  <div class='ocr_page' id='page_1' title='image "/cluster/home/n/w/nwhite01/storage/ocr_20150623/141/mdp.39015078384206/020.png"; bbox 0 0 4142 6286; ppageno 0'>
   <div class='ocr_carea' id='block_1_1' title="bbox 274 380 359 442">
    <p class='ocr_par' dir='ltr' id='par_1_1' title="bbox 274 380 359 442">
     <span class='ocr_line' id='line_1_1' title="bbox 274 380 359 442; baseline 0.035 -3"><span class='ocrx_word' id='word_1_1' title='bbox 274 380 359 442; x_wconf 69' lang='grc'><strong>25</strong></span> 
     </span>
    </p>
   </div>
   <div class='ocr_carea' id='block_1_2' title="bbox 1468 389 2464 459">
    <p class='ocr_par' dir='ltr' id='par_1_2' title="bbox 1468 389 2464 459">
     <span class='ocr_line' id='line_1_2' title="bbox 1468 389 2464 459; baseline -0.005 0"><span class='ocrx_word' id='word_1_2' title='bbox 1468 398 1565 459; x_wconf 85' lang='lat' dir='ltr'><strong>DE</strong></span> <span class='ocrx_word' id='word_1_3' title='bbox 1595 392 1700 459; x_wconf 76' lang='grc' dir='ltr'><strong>ΗΝ</strong></span> <span class='ocrx_word' id='word_1_4' title='bbox 1706 395 1835 459; x_wconf 86' lang='grc' dir='ltr'><strong>1οΝ</strong></span> <span class='ocrx_word' id='word_1_5' title='bbox 1842 395 1887 455; x_wconf 89' lang='lat' dir='ltr'><strong>E</strong></span> <span class='ocrx_word' id='word_1_6' title='bbox 1919 389 2464 458; x_wconf 80' lang='lat' dir='ltr'><strong>ECCLESIARUM.</strong></span> 
     </span>
    </p>
   </div>
   <div class='ocr_carea' id='block_1_3' title="bbox 3494 390 3676 453">
    <p class='ocr_par' dir='ltr' id='par_1_3' title="bbox 3494 390 3676 453">
     <span class='ocr_line' id='line_1_3' title="bbox 3494 390 3676 453; baseline 0 0"><span class='ocrx_word' id='word_1_7' title='bbox 3494 390 3676 453; x_wconf 71' lang='lat'><strong>&#39;26</strong></span> 
     </span>
    </p>
   </div>
   <div class='ocr_carea' id='block_1_4' title="bbox 287 523 1922 607">
    <p class='ocr_par' dir='ltr' id='par_1_4' title="bbox 287 523 1922 607">
     <span class='ocr_line' id='line_1_4' title="bbox 287 523 1922 607; baseline -0.002 -22"><span class='ocrx_word' id='word_1_8' title='bbox 287 525 387 589; x_wconf 70' lang='grc' dir='ltr'>τῆς</span> <span class='ocrx_word' id='word_1_9' title='bbox 444 523 698 592; x_wconf 72' lang='grc' dir='ltr'><strong>ἀληθείας</strong></span> <span class='ocrx_word' id='word_1_10' title='bbox 759 526 900 592; x_wconf 71' lang='grc' dir='ltr'>ἅπαξ</span> <span class='ocrx_word' id='word_1_11' title='bbox 957 527 1214 601; x_wconf 70' lang='grc' dir='ltr'>μύσαντες</span> <span class='ocrx_word' id='word_1_12' title='bbox 1268 531 1401 607; x_wconf 58' lang='grc' dir='ltr'><strong>ιςκῦςι</strong></span> <span class='ocrx_word' id='word_1_13' title='bbox 1454 532 1531 600; x_wconf 84' lang='grc' dir='ltr'>τῷ</span> <span class='ocrx_word' id='word_1_14' title='bbox 1585 531 1683 593; x_wconf 82' lang='grc' dir='ltr'><strong>τῆς</strong></span> <span class='ocrx_word' id='word_1_15' title='bbox 1750 527 1922 583; x_wconf 65' lang='grc' dir='ltr'>ἐαυτῶε</span> 
     </span>
    </p>
   </div>
   <div class='ocr_carea' id='block_1_5' title="bbox 2009 523 3675 607">
    <p class='ocr_par' dir='ltr' id='par_1_5' title="bbox 2031 523 3675 591">
     <span class='ocr_line' id='line_1_5' title="bbox 2031 523 3675 591; baseline 0.002 -7"><span class='ocrx_word' id='word_1_16' title='bbox 2031 523 2230 587; x_wconf 86' lang='lat' dir='ltr'><strong>bitatis</strong></span> <span class='ocrx_word' id='word_1_17' title='bbox 2254 527 2533 589; x_wconf 89' lang='lat' dir='ltr'><strong>tenebras</strong></span> <span class='ocrx_word' id='word_1_18' title='bbox 2563 535 3006 591; x_wconf 79' lang='lat' dir='ltr'><strong>consectantur.</strong></span> <span class='ocrx_word' id='word_1_19' title='bbox 3040 525 3159 591; x_wconf 85' lang='lat' dir='ltr'><strong>Sed</strong></span> <span class='ocrx_word' id='word_1_20' title='bbox 3210 545 3320 589; x_wconf 90' lang='lat' dir='ltr'><strong>nos</strong></span> <span class='ocrx_word' id='word_1_21' title='bbox 3370 545 3404 587; x_wconf 90' lang='lat' dir='ltr'><strong>a</strong></span> <span class='ocrx_word' id='word_1_22' title='bbox 3451 526 3675 588; x_wconf 80' lang='lat' dir='ltr'><strong>sanctis</strong></span> 
     </span>
    </p>
   </div>
   <div class='ocr_carea' id='block_1_6' title="bbox 285 612 1940 696">
    <p class='ocr_par' dir='ltr' id='par_1_6' title="bbox 285 612 1940 696">
     <span class='ocr_line' id='line_1_6' title="bbox 285 612 1940 696; baseline 0.002 -29"><span class='ocrx_word' id='word_1_23' title='bbox 285 613 470 676; x_wconf 79' lang='grc' dir='ltr'>κακίας</span> <span class='ocrx_word' id='word_1_24' title='bbox 514 612 877 696; x_wconf 77' lang='grc' dir='ltr'>ἐπορεύθησαν</span> <span class='ocrx_word' id='word_1_25' title='bbox 932 615 1132 676; x_wconf 80' lang='grc' dir='ltr'>σκότει.</span> <span class='ocrx_word' id='word_1_26' title='bbox 1181 613 1329 671; x_wconf 82' lang='grc' dir='ltr'>Ἀλλ’</span> <span class='ocrx_word' id='word_1_27' title='bbox 1370 617 1534 689; x_wconf 74' lang='grc' dir='ltr'>ἡμεῖς</span> <span class='ocrx_word' id='word_1_28' title='bbox 1579 615 1675 689; x_wconf 80' lang='grc' dir='ltr'>μὲν</span> <span class='ocrx_word' id='word_1_29' title='bbox 1708 616 1769 671; x_wconf 79' lang='grc' dir='ltr'>τὸ</span> <span class='ocrx_word' id='word_1_30' title='bbox 1798 615 1940 695; x_wconf 72' lang='grc' dir='ltr'>παρα</span> 
     </span>
    </p>
   </div>
   <div class='ocr_carea' id='block_1_7' title="bbox 286 702 1938 782">
    <p class='ocr_par' dir='ltr' id='par_1_7' title="bbox 286 702 1938 782">
     <span class='ocr_line' id='line_1_7' title="bbox 286 702 1938 782; baseline 0.002 -26"><span class='ocrx_word' id='word_1_31' title='bbox 286 706 393 756; x_wconf 79' lang='grc' dir='ltr'><strong>τῶν</strong></span> <span class='ocrx_word' id='word_1_32' title='bbox 435 702 600 779; x_wconf 77' lang='grc' dir='ltr'>ἁγίων</span> <span class='ocrx_word' id='word_1_33' title='bbox 650 703 899 781; x_wconf 75' lang='grc' dir='ltr'>Πατὲρων</span> <span class='ocrx_word' id='word_1_34' title='bbox 954 702 1243 781; x_wconf 71' lang='grc' dir='ltr'><strong>παραδοθὲν</strong></span> <span class='ocrx_word' id='word_1_35' title='bbox 1300 705 1436 778; x_wconf 73' lang='grc' dir='ltr'>ἡμῖν</span> <span class='ocrx_word' id='word_1_36' title='bbox 1491 703 1938 782; x_wconf 75' lang='grc' dir='ltr'>ἀναγινώσκοντες</span> 
     </span>
    </p>
   </div>
   <div class='ocr_carea' id='block_1_8' title="bbox 290 787 1941 870">
    <p class='ocr_par' dir='ltr' id='par_1_8' title="bbox 290 787 1941 870">
     <span class='ocr_line' id='line_1_8' title="bbox 290 787 1941 870; baseline 0.002 -27"><span class='ocrx_word' id='word_1_37' title='bbox 290 787 589 863; x_wconf 71' lang='grc' dir='ltr'>Σύμϐολον,</span> <span class='ocrx_word' id='word_1_38' title='bbox 650 792 788 848; x_wconf 73' lang='grc' dir='ltr'>οὕτω</span> <span class='ocrx_word' id='word_1_39' title='bbox 859 789 1140 870; x_wconf 71' lang='grc' dir='ltr'>διαρρήδην</span> <span class='ocrx_word' id='word_1_40' title='bbox 1191 793 1403 869; x_wconf 83' lang='grc' dir='ltr'>βοῶμεν</span> <span class='ocrx_word' id='word_1_41' title='bbox 1438 808 1452 822; x_wconf 81' lang='grc'><strong><em>⁸</em></strong></span> <span class='ocrx_word' id='word_1_42' title='bbox 1512 816 1540 847; x_wconf 72' lang='grc' dir='ltr'><strong>α</strong></span> <span class='ocrx_word' id='word_1_43' title='bbox 1607 793 1700 850; x_wconf 80' lang='grc' dir='ltr'>Καὶ</span> <span class='ocrx_word' id='word_1_44' title='bbox 1763 794 1836 857; x_wconf 82' lang='grc' dir='ltr'>εἷς</span> <span class='ocrx_word' id='word_1_45' title='bbox 1880 793 1941 847; x_wconf 79' lang='grc' dir='ltr'>τὸ</span> 
     </span>
    </p>
   </div>
   <div class='ocr_carea' id='block_1_9' title="bbox 292 879 1942 960">
    <p class='ocr_par' dir='ltr' id='par_1_9' title="bbox 292 879 1942 960">
     <span class='ocr_line' id='line_1_9' title="bbox 292 879 1942 960; baseline 0.001 -28"><span class='ocrx_word' id='word_1_46' title='bbox 292 881 505 952; x_wconf 74' lang='grc' dir='ltr'>Πνεῦμα</span> <span class='ocrx_word' id='word_1_47' title='bbox 534 882 598 936; x_wconf 79' lang='grc' dir='ltr'>τὸ</span> <span class='ocrx_word' id='word_1_48' title='bbox 628 880 803 960; x_wconf 77' lang='grc' dir='ltr'>ἅγιον,</span> <span class='ocrx_word' id='word_1_49' title='bbox 859 882 921 937; x_wconf 82' lang='grc' dir='ltr'>τὸ</span> <span class='ocrx_word' id='word_1_50' title='bbox 979 881 1185 957; x_wconf 71' lang='grc' dir='ltr'>Κύριον,</span> <span class='ocrx_word' id='word_1_51' title='bbox 1247 883 1309 937; x_wconf 76' lang='grc' dir='ltr'>τὸ</span> <span class='ocrx_word' id='word_1_52' title='bbox 1350 888 1629 953; x_wconf 85' lang='grc' dir='ltr'>ζωοποιον,</span> <span class='ocrx_word' id='word_1_53' title='bbox 1660 882 1720 936; x_wconf 69' lang='grc' dir='ltr'><strong>τὸ</strong></span> <span class='ocrx_word' id='word_1_54' title='bbox 1765 879 1823 936; x_wconf 79' lang='grc' dir='ltr'>ἐκ</span> <span class='ocrx_word' id='word_1_55' title='bbox 1850 881 1942 935; x_wconf 74' lang='grc' dir='ltr'>τοῦ</span> 
     </span>
    </p>
   </div>
   <div class='ocr_carea' id='block_1_10' title="bbox 290 968 1935 1048">
    <p class='ocr_par' dir='ltr' id='par_1_10' title="bbox 290 968 1935 1048">
     <span class='ocr_line' id='line_1_10' title="bbox 290 968 1935 1048; baseline 0.003 -28"><span class='ocrx_word' id='word_1_56' title='bbox 290 969 496 1038; x_wconf 79' lang='grc' dir='ltr'>Πατρὸς</span> <span class='ocrx_word' id='word_1_57' title='bbox 554 969 989 1048; x_wconf 74' lang='grc' dir='ltr'><strong>ἐκπορευόμενον.</strong></span> <span class='ocrx_word' id='word_1_58' title='bbox 1034 993 1061 1024; x_wconf 70' lang='grc' dir='ltr'><strong><em>ι</em></strong></span> <span class='ocrx_word' id='word_1_59' title='bbox 1126 970 1224 1027; x_wconf 80' lang='grc' dir='ltr'>Καὶ</span> <span class='ocrx_word' id='word_1_60' title='bbox 1275 968 1413 1026; x_wconf 68' lang='grc' dir='ltr'>οὕτω</span> <span class='ocrx_word' id='word_1_61' title='bbox 1469 976 1623 1026; x_wconf 75' lang='grc' dir='ltr'>τοῦτο</span> <span class='ocrx_word' id='word_1_62' title='bbox 1677 969 1935 1044; x_wconf 74' lang='grc' dir='ltr'>ἀναγινω-</span> 
     </span>
    </p>
   </div>
   <div class='ocr_carea' id='block_1_11' title="bbox 285 1056 1937 1138">
    <p class='ocr_par' dir='ltr' id='par_1_11' title="bbox 285 1056 1937 1138">
     <span class='ocr_line' id='line_1_11' title="bbox 285 1056 1937 1138; baseline 0.004 -30"><span class='ocrx_word' id='word_1_63' title='bbox 285 1075 508 1129; x_wconf 86' lang='grc' dir='ltr'>σκομεν,</span> <span class='ocrx_word' id='word_1_64' title='bbox 541 1059 631 1114; x_wconf 76' lang='grc' dir='ltr'>καὶ</span> <span class='ocrx_word' id='word_1_65' title='bbox 672 1057 809 1114; x_wconf 63' lang='grc' dir='ltr'>οὕτω</span> <span class='ocrx_word' id='word_1_66' title='bbox 862 1065 1018 1115; x_wconf 81' lang='grc' dir='ltr'>τοῦτο</span> <span class='ocrx_word' id='word_1_67' title='bbox 1067 1056 1481 1136; x_wconf 83' lang='grc' dir='ltr'>ἆναγνωσόμεθα</span> <span class='ocrx_word' id='word_1_68' title='bbox 1539 1058 1700 1138; x_wconf 79' lang='grc' dir='ltr'>μέχρι</span> <span class='ocrx_word' id='word_1_69' title='bbox 1750 1057 1937 1114; x_wconf 79' lang='grc' dir='ltr'>τελευ-</span> 
     </span>
    </p>
   </div>
   <div class='ocr_carea' id='block_1_12' title="bbox 281 1143 1935 1227">
    <p class='ocr_par' dir='ltr' id='par_1_12' title="bbox 281 1143 1935 1227">
     <span class='ocr_line' id='line_1_12' title="bbox 281 1143 1935 1227; baseline 0.002 -28"><span class='ocrx_word' id='word_1_70' title='bbox 281 1143 437 1208; x_wconf 83' lang='grc' dir='ltr'>ταίας</span> <span class='ocrx_word' id='word_1_71' title='bbox 492 1145 787 1226; x_wconf 75' lang='grc' dir='ltr'>ἀναπνοῆς,</span> <span class='ocrx_word' id='word_1_72' title='bbox 870 1151 960 1204; x_wconf 84' lang='grc' dir='ltr'><strong>καὶ</strong></span> <span class='ocrx_word' id='word_1_73' title='bbox 1031 1144 1167 1204; x_wconf 66' lang='grc' dir='ltr'>οὕτω</span> <span class='ocrx_word' id='word_1_74' title='bbox 1235 1156 1543 1227; x_wconf 73' lang='grc' dir='ltr'><strong>φρονοῦντες</strong></span> <span class='ocrx_word' id='word_1_75' title='bbox 1619 1152 1687 1222; x_wconf 75' lang='grc' dir='ltr'><strong>τῇ</strong></span> <span class='ocrx_word' id='word_1_76' title='bbox 1760 1144 1935 1224; x_wconf 84' lang='grc' dir='ltr'>Τριάδι</span> 
     </span>
    </p>
   </div>
   <div class='ocr_carea' id='block_1_13' title="bbox 279 1232 1930 1314">
    <p class='ocr_par' dir='ltr' id='par_1_13' title="bbox 279 1232 1930 1314">
     <span class='ocr_line' id='line_1_13' title="bbox 279 1232 1930 1314; baseline 0.002 -27"><span class='ocrx_word' id='word_1_77' title='bbox 279 1235 755 1310; x_wconf 79' lang='grc' dir='ltr'>παραστησόμεθα,</span> <span class='ocrx_word' id='word_1_78' title='bbox 837 1232 1029 1293; x_wconf 77' lang='grc' dir='ltr'>Ἰταλοὶ</span> <span class='ocrx_word' id='word_1_79' title='bbox 1097 1232 1151 1290; x_wconf 75' lang='grc' dir='ltr'>δὲ</span> <span class='ocrx_word' id='word_1_80' title='bbox 1214 1234 1577 1314; x_wconf 74' lang='grc' dir='ltr'><strong>προστιθέντες</strong></span> <span class='ocrx_word' id='word_1_81' title='bbox 1798 1237 1930 1291; x_wconf 78' lang='grc' dir='ltr'>ἄνα-</span> 
     </span>
    </p>
   </div>
   <div class='ocr_carea' id='block_1_14' title="bbox 2023 612 3671 696">
    <p class='ocr_par' dir='ltr' id='par_1_14' title="bbox 2023 612 3671 696">
     <span class='ocr_line' id='line_1_14' title="bbox 2023 612 3671 696; baseline 0.002 -23"><span class='ocrx_word' id='word_1_82' title='bbox 2023 612 2289 676; x_wconf 90' lang='lat' dir='ltr'><strong>Patribus</strong></span> <span class='ocrx_word' id='word_1_83' title='bbox 2323 616 2493 678; x_wconf 75' lang='lat' dir='ltr'><strong>nobis</strong></span> <span class='ocrx_word' id='word_1_84' title='bbox 2526 616 2804 680; x_wconf 89' lang='lat' dir='ltr'><strong>traditum</strong></span> <span class='ocrx_word' id='word_1_85' title='bbox 2840 616 3182 696; x_wconf 89' lang='lat' dir='ltr'><strong>Symbolum</strong></span> <span class='ocrx_word' id='word_1_86' title='bbox 3219 616 3560 689; x_wconf 84' lang='lat' dir='ltr'><strong>recitantes,</strong></span> <span class='ocrx_word' id='word_1_87' title='bbox 3588 614 3671 676; x_wconf 91' lang='lat' dir='ltr'><strong>sic</strong></span> 
     </span>
    </p>
   </div>
   <div class='ocr_carea' id='block_1_15' title="bbox 2026 702 3667 786">
    <p class='ocr_par' dir='ltr' id='par_1_15' title="bbox 2026 702 3667 786">
     <span class='ocr_line' id='line_1_15' title="bbox 2026 702 3667 786; baseline 0.002 -24"><span class='ocrx_word' id='word_1_88' title='bbox 2026 702 2214 782; x_wconf 83' lang='lat' dir='ltr'><strong>palam</strong></span> <span class='ocrx_word' id='word_1_89' title='bbox 2276 706 2659 767; x_wconf 88' lang='lat' dir='ltr'><strong>enuntiamus</strong></span> <span class='ocrx_word' id='word_1_90' title='bbox 2695 723 2709 767; x_wconf 89' lang='lat'>:</span> <span class='ocrx_word' id='word_1_91' title='bbox 2750 731 2774 759; x_wconf 81' lang='grc' dir='ltr'><strong>α</strong></span> <span class='ocrx_word' id='word_1_92' title='bbox 2804 705 2873 767; x_wconf 91' lang='lat' dir='ltr'><strong>Et</strong></span> <span class='ocrx_word' id='word_1_93' title='bbox 2919 705 2978 766; x_wconf 93' lang='lat' dir='ltr'><strong>in</strong></span> <span class='ocrx_word' id='word_1_94' title='bbox 3040 704 3322 786; x_wconf 84' lang='lat' dir='ltr'><strong>Spiritum</strong></span> <span class='ocrx_word' id='word_1_95' title='bbox 3377 713 3667 779; x_wconf 88' lang='lat' dir='ltr'><strong>sanctum,</strong></span> 
     </span>
    </p>
   </div>
   <div class='ocr_carea' id='block_1_16' title="bbox 2028 791 3664 874">
    <p class='ocr_par' dir='ltr' id='par_1_16' title="bbox 2028 791 3664 874">
     <span class='ocr_line' id='line_1_16' title="bbox 2028 791 3664 874; baseline 0.003 -23"><span class='ocrx_word' id='word_1_96' title='bbox 2028 791 2364 862; x_wconf 84' lang='lat' dir='ltr'><strong>Dominum,</strong></span> <span class='ocrx_word' id='word_1_97' title='bbox 2414 794 2829 868; x_wconf 90' lang='lat' dir='ltr'><strong>viviﬁcantem,</strong></span> <span class='ocrx_word' id='word_1_98' title='bbox 2890 794 2987 874; x_wconf 92' lang='lat' dir='ltr'><strong>qui</strong></span> <span class='ocrx_word' id='word_1_99' title='bbox 3023 814 3089 855; x_wconf 87' lang='lat' dir='ltr'><strong>ex</strong></span> <span class='ocrx_word' id='word_1_100' title='bbox 3127 798 3296 857; x_wconf 83' lang='lat' dir='ltr'><strong>Patre</strong></span> <span class='ocrx_word' id='word_1_101' title='bbox 3318 792 3605 874; x_wconf 92' lang='lat' dir='ltr'><strong>procedit.</strong></span> <span class='ocrx_word' id='word_1_102' title='bbox 3641 818 3664 847; x_wconf 83' lang='lat'><strong>»</strong></span> 
     </span>
    </p>
   </div>
   <div class='ocr_carea' id='block_1_17' title="bbox 2023 879 3668 962">
    <p class='ocr_par' dir='ltr' id='par_1_17' title="bbox 2023 879 3668 962">
     <span class='ocr_line' id='line_1_17' title="bbox 2023 879 3668 962; baseline 0.001 -22"><span class='ocrx_word' id='word_1_103' title='bbox 2023 879 2094 940; x_wconf 89' lang='lat' dir='ltr'><strong>Et</strong></span> <span class='ocrx_word' id='word_1_104' title='bbox 2126 884 2234 944; x_wconf 93' lang='lat' dir='ltr'><strong>hoc</strong></span> <span class='ocrx_word' id='word_1_105' title='bbox 2261 882 2435 943; x_wconf 88' lang='lat' dir='ltr'><strong>modo</strong></span> <span class='ocrx_word' id='word_1_106' title='bbox 2459 883 2600 943; x_wconf 88' lang='lat' dir='ltr'><strong>illud</strong></span> <span class='ocrx_word' id='word_1_107' title='bbox 2636 883 2905 962; x_wconf 76' lang='lat' dir='ltr'><strong>legimus,</strong></span> <span class='ocrx_word' id='word_1_108' title='bbox 2942 884 3200 960; x_wconf 80' lang='lat' dir='ltr'><strong>legemus</strong></span> <span class='ocrx_word' id='word_1_109' title='bbox 3231 882 3305 945; x_wconf 88' lang='lat' dir='ltr'><strong>ad</strong></span> <span class='ocrx_word' id='word_1_110' title='bbox 3340 889 3668 945; x_wconf 87' lang='lat' dir='ltr'><strong>extremum</strong></span> 
     </span>
    </p>
   </div>
   <div class='ocr_carea' id='block_1_18' title="bbox 2023 970 3665 1051">
    <p class='ocr_par' dir='ltr' id='par_1_18' title="bbox 2023 970 3665 1051">
     <span class='ocr_line' id='line_1_18' title="bbox 2023 970 3665 1051; baseline 0.002 -23"><span class='ocrx_word' id='word_1_111' title='bbox 2023 987 2213 1051; x_wconf 91' lang='lat' dir='ltr'><strong>usque</strong></span> <span class='ocrx_word' id='word_1_112' title='bbox 2241 970 2611 1050; x_wconf 85' lang='lat' dir='ltr'><strong>spiritum,et</strong></span> <span class='ocrx_word' id='word_1_113' title='bbox 2632 971 2712 1033; x_wconf 92' lang='lat' dir='ltr'><strong>ita</strong></span> <span class='ocrx_word' id='word_1_114' title='bbox 2740 972 3064 1033; x_wconf 85' lang='lat' dir='ltr'><strong>sentientes</strong></span> <span class='ocrx_word' id='word_1_115' title='bbox 3092 971 3293 1033; x_wconf 89' lang='lat' dir='ltr'><strong>Triadi</strong></span> <span class='ocrx_word' id='word_1_116' title='bbox 3324 970 3665 1033; x_wconf 88' lang='lat' dir='ltr'><strong>assisemus.</strong></span> 
     </span>
    </p>
   </div>
   <div class='ocr_carea' id='block_1_19' title="bbox 2022 1057 3669 1141">
    <p class='ocr_par' dir='ltr' id='par_1_19' title="bbox 2022 1057 3669 1141">
     <span class='ocr_line' id='line_1_19' title="bbox 2022 1057 3669 1141; baseline 0 -22"><span class='ocrx_word' id='word_1_117' title='bbox 2022 1057 2241 1120; x_wconf 88' lang='lat' dir='ltr'><strong>Verum</strong></span> <span class='ocrx_word' id='word_1_118' title='bbox 2274 1058 2402 1122; x_wconf 81' lang='lat' dir='ltr'><strong>Itali</strong></span> <span class='ocrx_word' id='word_1_119' title='bbox 2438 1060 2680 1122; x_wconf 89' lang='lat' dir='ltr'><strong>lectioni</strong></span> <span class='ocrx_word' id='word_1_120' title='bbox 2709 1060 3021 1141; x_wconf 82' lang='lat' dir='ltr'><strong>addentes,</strong></span> <span class='ocrx_word' id='word_1_121' title='bbox 3055 1069 3112 1122; x_wconf 90' lang='lat' dir='ltr'><strong>et</strong></span> <span class='ocrx_word' id='word_1_122' title='bbox 3143 1079 3212 1122; x_wconf 81' lang='lat' dir='ltr'><strong>ex</strong></span> <span class='ocrx_word' id='word_1_123' title='bbox 3268 1060 3419 1123; x_wconf 86' lang='lat' dir='ltr'><strong>Filio</strong></span> <span class='ocrx_word' id='word_1_124' title='bbox 3455 1077 3669 1140; x_wconf 89' lang='lat' dir='ltr'><strong>proce-</strong></span> 
     </span>
    </p>
   </div>
   <div class='ocr_carea' id='block_1_20' title="bbox 2020 1147 3667 1229">
    <p class='ocr_par' dir='ltr' id='par_1_20' title="bbox 2020 1147 3667 1229">
     <span class='ocr_line' id='line_1_20' title="bbox 2020 1147 3667 1229; baseline 0 -22"><span class='ocrx_word' id='word_1_125' title='bbox 2020 1147 2187 1221; x_wconf 89' lang='lat' dir='ltr'><strong>dere,</strong></span> <span class='ocrx_word' id='word_1_126' title='bbox 2223 1167 2336 1209; x_wconf 90' lang='lat' dir='ltr'><strong>non</strong></span> <span class='ocrx_word' id='word_1_127' title='bbox 2379 1149 2525 1210; x_wconf 84' lang='lat' dir='ltr'><strong>duas</strong></span> <span class='ocrx_word' id='word_1_128' title='bbox 2582 1149 2756 1210; x_wconf 90' lang='lat' dir='ltr'><strong>unius</strong></span> <span class='ocrx_word' id='word_1_129' title='bbox 2811 1149 3055 1229; x_wconf 89' lang='lat' dir='ltr'><strong>spiritus</strong></span> <span class='ocrx_word' id='word_1_130' title='bbox 3112 1167 3319 1211; x_wconf 88' lang='lat' dir='ltr'><strong>causas</strong></span> <span class='ocrx_word' id='word_1_131' title='bbox 3375 1154 3667 1222; x_wconf 87' lang='lat' dir='ltr'><strong>astruuut,</strong></span> 
     </span>
    </p>
   </div>
   <div class='ocr_carea' id='block_1_21' title="bbox 2018 1235 3670 1318">
    <p class='ocr_par' dir='ltr' id='par_1_21' title="bbox 2018 1235 3670 1318">
     <span class='ocr_line' id='line_1_21' title="bbox 2018 1235 3670 1318; baseline 0 -22"><span class='ocrx_word' id='word_1_132' title='bbox 2018 1235 2173 1316; x_wconf 91' lang='lat' dir='ltr'><strong>quod</strong></span> <span class='ocrx_word' id='word_1_133' title='bbox 2210 1236 2371 1298; x_wconf 92' lang='lat' dir='ltr'><strong>nullo</strong></span> <span class='ocrx_word' id='word_1_134' title='bbox 2406 1237 2580 1299; x_wconf 92' lang='lat' dir='ltr'><strong>modo</strong></span> <span class='ocrx_word' id='word_1_135' title='bbox 2613 1256 2683 1299; x_wconf 86' lang='lat' dir='ltr'><strong>ex</strong></span> <span class='ocrx_word' id='word_1_136' title='bbox 2715 1237 2943 1318; x_wconf 91' lang='lat' dir='ltr'><strong>duplici</strong></span> <span class='ocrx_word' id='word_1_137' title='bbox 2968 1237 3261 1318; x_wconf 90' lang='lat' dir='ltr'><strong>principio</strong></span> <span class='ocrx_word' id='word_1_138' title='bbox 3304 1255 3380 1299; x_wconf 77' lang='lat' dir='ltr'><strong>ex</strong></span> <span class='ocrx_word' id='word_1_139' title='bbox 3413 1239 3585 1298; x_wconf 86' lang='lat' dir='ltr'><strong>Patre</strong></span> <span class='ocrx_word' id='word_1_140' title='bbox 3612 1243 3670 1297; x_wconf 92' lang='lat' dir='ltr'><strong>et</strong></span> 
     </span>
    </p>
   </div>
   <div class='ocr_carea' id='block_1_22' title="bbox 275 1321 1922 1407">
    <p class='ocr_par' dir='ltr' id='par_1_22' title="bbox 275 1321 1922 1404">
     <span class='ocr_line' id='line_1_22' title="bbox 275 1321 1922 1404; baseline 0.002 -28"><span class='ocrx_word' id='word_1_141' title='bbox 275 1321 473 1396; x_wconf 79' lang='grc' dir='ltr'>γνώσει</span> <span class='ocrx_word' id='word_1_142' title='bbox 559 1324 621 1379; x_wconf 81' lang='grc' dir='ltr'>τὸ</span> <span class='ocrx_word' id='word_1_143' title='bbox 703 1324 763 1380; x_wconf 83' lang='grc' dir='ltr'>ἐκ</span> <span class='ocrx_word' id='word_1_144' title='bbox 828 1326 923 1381; x_wconf 86' lang='lat'><strong>106</strong></span> <span class='ocrx_word' id='word_1_145' title='bbox 1006 1325 1127 1381; x_wconf 59' lang='lat' dir='ltr'><strong>T206</strong></span> <span class='ocrx_word' id='word_1_146' title='bbox 1180 1323 1579 1404; x_wconf 75' lang='grc' dir='ltr'>ἒκπορεύεσθαι,</span> <span class='ocrx_word' id='word_1_147' title='bbox 1653 1326 1773 1404; x_wconf 71' lang='grc' dir='ltr'>οὖχὶ</span> <span class='ocrx_word' id='word_1_148' title='bbox 1845 1321 1922 1380; x_wconf 67' lang='grc' dir='ltr'><strong>δύο</strong></span> 
     </span>
    </p>
   </div>
   <div class='ocr_carea' id='block_1_23' title="bbox 2009 1321 3663 1407">
    <p class='ocr_par' dir='ltr' id='par_1_23' title="bbox 2015 1324 3663 1407">
     <span class='ocr_line' id='line_1_23' title="bbox 2015 1324 3663 1407; baseline -0.002 -20"><span class='ocrx_word' id='word_1_149' title='bbox 2015 1324 2162 1387; x_wconf 86' lang='lat' dir='ltr'><strong>Filio</strong></span> <span class='ocrx_word' id='word_1_150' title='bbox 2198 1325 2476 1406; x_wconf 89' lang='lat' dir='ltr'><strong>Spiritum</strong></span> <span class='ocrx_word' id='word_1_151' title='bbox 2508 1329 3096 1407; x_wconf 72' lang='lat' dir='ltr'><strong>asseruntNamquze</strong></span> <span class='ocrx_word' id='word_1_152' title='bbox 3116 1325 3343 1407; x_wconf 88' lang='lat' dir='ltr'><strong>antiqui</strong></span> <span class='ocrx_word' id='word_1_153' title='bbox 3374 1324 3663 1405; x_wconf 76' lang='lat' dir='ltr'><strong>haeretici,</strong></span> 
     </span>
    </p>
   </div>
   <div class='ocr_carea' id='block_1_24' title="bbox 276 1410 1922 1495">
    <p class='ocr_par' dir='ltr' id='par_1_24' title="bbox 276 1410 1922 1487">
     <span class='ocr_line' id='line_1_24' title="bbox 276 1410 1922 1487; baseline 0.002 -22"><span class='ocrx_word' id='word_1_154' title='bbox 276 1411 406 1486; x_wconf 65' lang='grc' dir='ltr'>φασὶ</span> <span class='ocrx_word' id='word_1_155' title='bbox 433 1412 529 1466; x_wconf 76' lang='lat'><strong>106</strong></span> <span class='ocrx_word' id='word_1_156' title='bbox 571 1413 686 1475; x_wconf 80' lang='grc' dir='ltr'>ἐνὸς</span> <span class='ocrx_word' id='word_1_157' title='bbox 746 1414 1047 1487; x_wconf 82' lang='grc' dir='ltr'>Πνεύματος</span> <span class='ocrx_word' id='word_1_158' title='bbox 1107 1413 1279 1484; x_wconf 81' lang='grc' dir='ltr'>αἴτια,</span> <span class='ocrx_word' id='word_1_159' title='bbox 1336 1410 1421 1468; x_wconf 79' lang='grc' dir='ltr'>διὰ</span> <span class='ocrx_word' id='word_1_160' title='bbox 1472 1415 1532 1468; x_wconf 84' lang='grc' dir='ltr'>τὸ</span> <span class='ocrx_word' id='word_1_161' title='bbox 1574 1410 1694 1469; x_wconf 86' lang='grc' dir='ltr'>κατ’</span> <span class='ocrx_word' id='word_1_162' title='bbox 1753 1411 1922 1471; x_wconf 64' lang='grc' dir='ltr'>οὐδένα</span> 
     </span>
    </p>
   </div>
   <div class='ocr_carea' id='block_1_25' title="bbox 2009 1410 3664 1495">
    <p class='ocr_par' dir='ltr' id='par_1_25' title="bbox 2013 1412 3664 1495">
     <span class='ocr_line' id='line_1_25' title="bbox 2013 1412 3664 1495; baseline -0.001 -20"><span class='ocrx_word' id='word_1_163' title='bbox 2013 1415 2306 1477; x_wconf 85' lang='lat' dir='ltr'><strong>Manetem</strong></span> <span class='ocrx_word' id='word_1_164' title='bbox 2333 1415 2564 1478; x_wconf 89' lang='lat' dir='ltr'><strong>scilicet</strong></span> <span class='ocrx_word' id='word_1_165' title='bbox 2595 1423 2655 1478; x_wconf 91' lang='lat' dir='ltr'><strong>et</strong></span> <span class='ocrx_word' id='word_1_166' title='bbox 2686 1417 3045 1477; x_wconf 81' lang='lat' dir='ltr'><strong>Marcionem</strong></span> <span class='ocrx_word' id='word_1_167' title='bbox 3078 1413 3418 1484; x_wconf 85' lang='lat' dir='ltr'><strong>secuti,duo</strong></span> <span class='ocrx_word' id='word_1_168' title='bbox 3443 1412 3664 1495; x_wconf 88' lang='lat' dir='ltr'><strong>princi-</strong></span> 
     </span>
    </p>
   </div>
   <div class='ocr_carea' id='block_1_26' title="bbox 275 1497 1922 1585">
    <p class='ocr_par' dir='ltr' id='par_1_26' title="bbox 275 1497 1922 1582">
     <span class='ocr_line' id='line_1_26' title="bbox 275 1497 1922 1582; baseline 0.003 -29"><span class='ocrx_word' id='word_1_169' title='bbox 275 1497 478 1574; x_wconf 81' lang='grc' dir='ltr'>τρόπον</span> <span class='ocrx_word' id='word_1_170' title='bbox 526 1500 625 1566; x_wconf 78' lang='grc' dir='ltr'>τῆς</span> <span class='ocrx_word' id='word_1_171' title='bbox 681 1499 931 1582; x_wconf 77' lang='grc' dir='ltr'>δυαρχίας</span> <span class='ocrx_word' id='word_1_172' title='bbox 989 1501 1049 1558; x_wconf 77' lang='grc' dir='ltr'>ἐκ</span> <span class='ocrx_word' id='word_1_173' title='bbox 1106 1502 1306 1578; x_wconf 76' lang='grc' dir='ltr'>Πατρὸς</span> <span class='ocrx_word' id='word_1_174' title='bbox 1349 1502 1435 1557; x_wconf 85' lang='grc' dir='ltr'><strong>καὶ</strong></span> <span class='ocrx_word' id='word_1_175' title='bbox 1482 1504 1602 1558; x_wconf 76' lang='grc' dir='ltr'><strong>1⁵ἱοῦ</strong></span> <span class='ocrx_word' id='word_1_176' title='bbox 1643 1500 1815 1580; x_wconf 80' lang='grc' dir='ltr'>λέγειν</span> <span class='ocrx_word' id='word_1_177' title='bbox 1867 1505 1922 1558; x_wconf 61' lang='lat' dir='ltr'><strong>1b</strong></span> 
     </span>
    </p>
   </div>
   <div class='ocr_carea' id='block_1_27' title="bbox 2009 1497 3663 1585">
    <p class='ocr_par' dir='ltr' id='par_1_27' title="bbox 2017 1500 3663 1585">
     <span class='ocr_line' id='line_1_27' title="bbox 2017 1500 3663 1585; baseline 0 -23"><span class='ocrx_word' id='word_1_178' title='bbox 2017 1500 2110 1582; x_wconf 90' lang='lat' dir='ltr'><strong>pia</strong></span> <span class='ocrx_word' id='word_1_179' title='bbox 2142 1511 2491 1581; x_wconf 86' lang='lat' dir='ltr'><strong>statuentes,</strong></span> <span class='ocrx_word' id='word_1_180' title='bbox 2524 1504 2881 1585; x_wconf 87' lang='lat' dir='ltr'><strong>principium</strong></span> <span class='ocrx_word' id='word_1_181' title='bbox 2913 1522 3095 1565; x_wconf 92' lang='lat' dir='ltr'><strong>unum</strong></span> <span class='ocrx_word' id='word_1_182' title='bbox 3150 1502 3316 1576; x_wconf 92' lang='lat' dir='ltr'><strong>boni,</strong></span> <span class='ocrx_word' id='word_1_183' title='bbox 3347 1510 3404 1564; x_wconf 90' lang='lat' dir='ltr'><strong>et</strong></span> <span class='ocrx_word' id='word_1_184' title='bbox 3437 1500 3663 1582; x_wconf 84' lang='lat' dir='ltr'><strong>princi-</strong></span> 
     </span>
    </p>
   </div>
   <div class='ocr_carea' id='block_1_28' title="bbox 279 1588 1922 1673">
    <p class='ocr_par' dir='ltr' id='par_1_28' title="bbox 279 1588 1922 1670">
     <span class='ocr_line' id='line_1_28' title="bbox 279 1588 1922 1670; baseline 0.004 -29"><span class='ocrx_word' id='word_1_185' title='bbox 279 1588 497 1663; x_wconf 70' lang='grc' dir='ltr'>Πνεύμα</span> <span class='ocrx_word' id='word_1_186' title='bbox 538 1592 598 1645; x_wconf 81' lang='grc' dir='ltr'>τὸ</span> <span class='ocrx_word' id='word_1_187' title='bbox 630 1590 801 1668; x_wconf 74' lang='grc' dir='ltr'>ἅγιον.</span> <span class='ocrx_word' id='word_1_188' title='bbox 858 1593 919 1647; x_wconf 74' lang='grc' dir='ltr'><strong>Οἱ</strong></span> <span class='ocrx_word' id='word_1_189' title='bbox 967 1592 1061 1665; x_wconf 74' lang='grc' dir='ltr'>μὲν</span> <span class='ocrx_word' id='word_1_190' title='bbox 1118 1592 1218 1669; x_wconf 69' lang='grc' dir='ltr'><strong>γὰρ</strong></span> <span class='ocrx_word' id='word_1_191' title='bbox 1274 1597 1380 1646; x_wconf 79' lang='grc' dir='ltr'>τῶν</span> <span class='ocrx_word' id='word_1_192' title='bbox 1431 1590 1670 1670; x_wconf 79' lang='grc' dir='ltr'>ἀρχαίων</span> <span class='ocrx_word' id='word_1_193' title='bbox 1729 1593 1922 1670; x_wconf 76' lang='grc' dir='ltr'>αἱρετι-</span> 
     </span>
    </p>
   </div>
   <div class='ocr_carea' id='block_1_29' title="bbox 2009 1588 3667 1673">
    <p class='ocr_par' dir='ltr' id='par_1_29' title="bbox 2018 1588 3667 1673">
     <span class='ocr_line' id='line_1_29' title="bbox 2018 1588 3667 1673; baseline 0 -23"><span class='ocrx_word' id='word_1_194' title='bbox 2018 1588 2176 1669; x_wconf 89' lang='lat' dir='ltr'><strong>pium</strong></span> <span class='ocrx_word' id='word_1_195' title='bbox 2210 1591 2345 1652; x_wconf 89' lang='lat' dir='ltr'><strong>mali</strong></span> <span class='ocrx_word' id='word_1_196' title='bbox 2377 1591 2628 1654; x_wconf 90' lang='lat' dir='ltr'><strong>alterum</strong></span> <span class='ocrx_word' id='word_1_197' title='bbox 2663 1600 2985 1655; x_wconf 91' lang='lat' dir='ltr'><strong>tenuerunt</strong></span> <span class='ocrx_word' id='word_1_198' title='bbox 3017 1609 3031 1654; x_wconf 91' lang='lat'><strong>:</strong></span> <span class='ocrx_word' id='word_1_199' title='bbox 3068 1591 3169 1673; x_wconf 87' lang='lat' dir='ltr'><strong>qui</strong></span> <span class='ocrx_word' id='word_1_200' title='bbox 3197 1609 3337 1652; x_wconf 88' lang='lat' dir='ltr'><strong>vero</strong></span> <span class='ocrx_word' id='word_1_201' title='bbox 3365 1589 3437 1651; x_wconf 91' lang='lat' dir='ltr'><strong>ab</strong></span> <span class='ocrx_word' id='word_1_202' title='bbox 3469 1588 3667 1651; x_wconf 84' lang='lat' dir='ltr'><strong>Euno-</strong></span> 
     </span>
    </p>
   </div>
   <div class='ocr_carea' id='block_1_30' title="bbox 275 1676 1922 1760">
    <p class='ocr_par' dir='ltr' id='par_1_30' title="bbox 275 1678 1922 1759">
     <span class='ocr_line' id='line_1_30' title="bbox 275 1678 1922 1759; baseline 0.004 -29"><span class='ocrx_word' id='word_1_203' title='bbox 275 1682 389 1731; x_wconf 81' lang='grc' dir='ltr'><strong>κῶν</strong></span> <span class='ocrx_word' id='word_1_204' title='bbox 439 1678 565 1741; x_wconf 79' lang='grc' dir='ltr'>τοὺς</span> <span class='ocrx_word' id='word_1_205' title='bbox 611 1680 727 1757; x_wconf 81' lang='grc' dir='ltr'>περὶ</span> <span class='ocrx_word' id='word_1_206' title='bbox 784 1680 1089 1759; x_wconf 71' lang='grc' dir='ltr'>Μανιχαϊόν</span> <span class='ocrx_word' id='word_1_207' title='bbox 1129 1702 1269 1757; x_wconf 78' lang='grc' dir='ltr'>φημι</span> <span class='ocrx_word' id='word_1_208' title='bbox 1311 1680 1400 1736; x_wconf 86' lang='grc' dir='ltr'><strong>καὶ</strong></span> <span class='ocrx_word' id='word_1_209' title='bbox 1459 1680 1762 1758; x_wconf 76' lang='grc' dir='ltr'>Μαρκίωνα,</span> <span class='ocrx_word' id='word_1_210' title='bbox 1833 1678 1922 1736; x_wconf 82' lang='grc' dir='ltr'>δυ-</span> 
     </span>
    </p>
   </div>
   <div class='ocr_carea' id='block_1_31' title="bbox 2009 1676 3663 1760">
    <p class='ocr_par' dir='ltr' id='par_1_31' title="bbox 2015 1676 3663 1760">
     <span class='ocr_line' id='line_1_31' title="bbox 2015 1676 3663 1760; baseline -0.001 -22"><span class='ocrx_word' id='word_1_211' title='bbox 2015 1679 2131 1739; x_wconf 92' lang='lat' dir='ltr'><strong>mio</strong></span> <span class='ocrx_word' id='word_1_212' title='bbox 2163 1686 2473 1752; x_wconf 90' lang='lat' dir='ltr'><strong>steterunt,</strong></span> <span class='ocrx_word' id='word_1_213' title='bbox 2510 1687 2568 1741; x_wconf 88' lang='lat' dir='ltr'><strong>et</strong></span> <span class='ocrx_word' id='word_1_214' title='bbox 2600 1689 2728 1760; x_wconf 91' lang='lat' dir='ltr'><strong>post</strong></span> <span class='ocrx_word' id='word_1_215' title='bbox 2759 1698 2861 1742; x_wconf 90' lang='lat' dir='ltr'><strong>eos</strong></span> <span class='ocrx_word' id='word_1_216' title='bbox 2892 1698 3122 1741; x_wconf 89' lang='lat' dir='ltr'><strong>omnes.</strong></span> <span class='ocrx_word' id='word_1_217' title='bbox 3159 1676 3663 1760; x_wconf 86' lang='lat' dir='ltr'><strong>quemadmodum</strong></span> 
     </span>
    </p>
   </div>
   <div class='ocr_carea' id='block_1_32' title="bbox 276 1764 1925 1847">
    <p class='ocr_par' dir='ltr' id='par_1_32' title="bbox 276 1764 1925 1847">
     <span class='ocr_line' id='line_1_32' title="bbox 276 1764 1925 1847; baseline 0.003 -28"><span class='ocrx_word' id='word_1_218' title='bbox 276 1766 480 1844; x_wconf 81' lang='grc' dir='ltr'>αρχίαν</span> <span class='ocrx_word' id='word_1_219' title='bbox 538 1764 944 1844; x_wconf 78' lang='grc' dir='ltr'>πρεσϐεύσαντες</span> <span class='ocrx_word' id='word_1_220' title='bbox 988 1768 1164 1846; x_wconf 75' lang='grc' dir='ltr'>ἀρχὴν</span> <span class='ocrx_word' id='word_1_221' title='bbox 1206 1767 1401 1846; x_wconf 75' lang='grc' dir='ltr'>ἀγαθοῦ</span> <span class='ocrx_word' id='word_1_222' title='bbox 1441 1770 1530 1824; x_wconf 75' lang='grc' dir='ltr'>καὶ</span> <span class='ocrx_word' id='word_1_223' title='bbox 1571 1767 1750 1847; x_wconf 76' lang='grc' dir='ltr'>ἀρχὴν</span> <span class='ocrx_word' id='word_1_224' title='bbox 1807 1767 1925 1824; x_wconf 77' lang='grc' dir='ltr'><strong>ἑτέ-</strong></span> 
     </span>
    </p>
   </div>
   <div class='ocr_carea' id='block_1_33' title="bbox 271 1852 1928 1935">
    <p class='ocr_par' dir='ltr' id='par_1_33' title="bbox 271 1852 1928 1935">
     <span class='ocr_line' id='line_1_33' title="bbox 271 1852 1928 1935; baseline 0.003 -27"><span class='ocrx_word' id='word_1_225' title='bbox 271 1874 373 1930; x_wconf 89' lang='grc' dir='ltr'><strong>ραν</strong></span> <span class='ocrx_word' id='word_1_226' title='bbox 445 1862 613 1911; x_wconf 85' lang='grc' dir='ltr'>κακοῦ</span> <span class='ocrx_word' id='word_1_227' title='bbox 688 1852 933 1920; x_wconf 78' lang='grc' dir='ltr'><strong>ἐδόξασαν</strong></span> <span class='ocrx_word' id='word_1_228' title='bbox 967 1872 981 1886; x_wconf 79' lang='grc'><strong><em>⁸</em></strong></span> <span class='ocrx_word' id='word_1_229' title='bbox 1059 1859 1105 1912; x_wconf 76' lang='grc' dir='ltr'><strong>οἱ</strong></span> <span class='ocrx_word' id='word_1_230' title='bbox 1167 1853 1223 1911; x_wconf 78' lang='grc' dir='ltr'>δὲ</span> <span class='ocrx_word' id='word_1_231' title='bbox 1287 1857 1405 1935; x_wconf 82' lang='grc' dir='ltr'>περὶ</span> <span class='ocrx_word' id='word_1_232' title='bbox 1485 1857 1741 1931; x_wconf 78' lang='grc' dir='ltr'>Εὖνόμιον</span> <span class='ocrx_word' id='word_1_233' title='bbox 1810 1856 1928 1932; x_wconf 87' lang='grc' dir='ltr'>μετ’</span> 
     </span>
    </p>
   </div>
   <div class='ocr_carea' id='block_1_34' title="bbox 270 1940 1924 2025">
    <p class='ocr_par' dir='ltr' id='par_1_34' title="bbox 270 1940 1924 2025">
     <span class='ocr_line' id='line_1_34' title="bbox 270 1940 1924 2025; baseline 0.004 -28"><span class='ocrx_word' id='word_1_234' title='bbox 270 1940 503 2004; x_wconf 76' lang='grc' dir='ltr'>ἐκείνως</span> <span class='ocrx_word' id='word_1_235' title='bbox 550 1943 802 2022; x_wconf 77' lang='grc' dir='ltr'>ἅπαντες,</span> <span class='ocrx_word' id='word_1_236' title='bbox 876 1944 1061 2023; x_wconf 78' lang='grc' dir='ltr'>ὥσπαρ</span> <span class='ocrx_word' id='word_1_237' title='bbox 1114 1944 1206 2000; x_wconf 76' lang='grc' dir='ltr'>τὸν</span> <span class='ocrx_word' id='word_1_238' title='bbox 1260 1947 1380 2002; x_wconf 76' lang='grc' dir='ltr'>Υἱὸν</span> <span class='ocrx_word' id='word_1_239' title='bbox 1444 1944 1503 2001; x_wconf 76' lang='grc' dir='ltr'>ἐκ</span> <span class='ocrx_word' id='word_1_240' title='bbox 1557 1954 1651 2004; x_wconf 82' lang='lat'><strong>106</strong></span> <span class='ocrx_word' id='word_1_241' title='bbox 1723 1946 1924 2025; x_wconf 80' lang='grc' dir='ltr'>Πατρὸς</span> 
     </span>
    </p>
   </div>
   <div class='ocr_carea' id='block_1_35' title="bbox 267 2029 1926 2111">
    <p class='ocr_par' dir='ltr' id='par_1_35' title="bbox 267 2029 1926 2111">
     <span class='ocr_line' id='line_1_35' title="bbox 267 2029 1926 2111; baseline 0.003 -25"><span class='ocrx_word' id='word_1_242' title='bbox 267 2030 456 2105; x_wconf 81' lang='grc' dir='ltr'>μόνου,</span> <span class='ocrx_word' id='word_1_243' title='bbox 512 2029 652 2088; x_wconf 61' lang='grc' dir='ltr'>οὕτω</span> <span class='ocrx_word' id='word_1_244' title='bbox 711 2034 802 2088; x_wconf 82' lang='grc' dir='ltr'><strong>καὶ</strong></span> <span class='ocrx_word' id='word_1_245' title='bbox 857 2034 916 2088; x_wconf 78' lang='grc' dir='ltr'>τὸ</span> <span class='ocrx_word' id='word_1_246' title='bbox 960 2040 1169 2108; x_wconf 74' lang='grc' dir='ltr'>Πνεῦμα</span> <span class='ocrx_word' id='word_1_247' title='bbox 1225 2035 1288 2090; x_wconf 80' lang='lat' dir='ltr'><strong>1b</strong></span> <span class='ocrx_word' id='word_1_248' title='bbox 1358 2032 1509 2111; x_wconf 74' lang='grc' dir='ltr'>ἅγιον</span> <span class='ocrx_word' id='word_1_249' title='bbox 1557 2033 1617 2089; x_wconf 79' lang='grc' dir='ltr'>ἐκ</span> <span class='ocrx_word' id='word_1_250' title='bbox 1669 2037 1761 2090; x_wconf 75' lang='grc' dir='ltr'>τοὺ</span> <span class='ocrx_word' id='word_1_251' title='bbox 1805 2035 1926 2091; x_wconf 73' lang='grc' dir='ltr'><strong>ι’ἱοῦ</strong></span> 
     </span>
    </p>
   </div>
   <div class='ocr_carea' id='block_1_36' title="bbox 266 2112 1920 2196">
    <p class='ocr_par' dir='ltr' id='par_1_36' title="bbox 266 2112 1920 2196">
     <span class='ocr_line' id='line_1_36' title="bbox 266 2112 1920 2196; baseline 0.003 -22"><span class='ocrx_word' id='word_1_252' title='bbox 266 2116 644 2196; x_wconf 63' lang='grc' dir='ltr'>ἒδογμάτισαν,</span> <span class='ocrx_word' id='word_1_253' title='bbox 701 2112 762 2178; x_wconf 79' lang='grc' dir='ltr'><strong><em>Ἦ</em></strong></span> <span class='ocrx_word' id='word_1_254' title='bbox 815 2119 871 2177; x_wconf 82' lang='grc' dir='ltr'>δὲ</span> <span class='ocrx_word' id='word_1_255' title='bbox 913 2124 1019 2178; x_wconf 81' lang='grc' dir='ltr'>τῶν</span> <span class='ocrx_word' id='word_1_256' title='bbox 1078 2113 1350 2196; x_wconf 75' lang='grc' dir='ltr'>Ῥωμαίων</span> <span class='ocrx_word' id='word_1_257' title='bbox 1409 2120 1720 2193; x_wconf 82' lang='grc' dir='ltr'>Ἐκκλησία,</span> <span class='ocrx_word' id='word_1_258' title='bbox 1782 2124 1920 2179; x_wconf 71' lang='grc' dir='ltr'>πέν-</span> 
     </span>
    </p>
   </div>
   <div class='ocr_carea' id='block_1_37' title="bbox 265 2208 1924 2290">
    <p class='ocr_par' dir='ltr' id='par_1_37' title="bbox 265 2208 1924 2290">
     <span class='ocr_line' id='line_1_37' title="bbox 265 2208 1924 2290; baseline 0.003 -26"><span class='ocrx_word' id='word_1_259' title='bbox 265 2229 377 2264; x_wconf 71' lang='grc' dir='ltr'><strong>των</strong></span> <span class='ocrx_word' id='word_1_260' title='bbox 427 2210 628 2265; x_wconf 79' lang='grc' dir='ltr'>τούτων</span> <span class='ocrx_word' id='word_1_261' title='bbox 668 2208 907 2277; x_wconf 79' lang='grc' dir='ltr'>καθάπαξ</span> <span class='ocrx_word' id='word_1_262' title='bbox 961 2210 1357 2290; x_wconf 71' lang='grc' dir='ltr'>ὁλιγωρήσασα,</span> <span class='ocrx_word' id='word_1_263' title='bbox 1403 2213 1474 2275; x_wconf 86' lang='grc' dir='ltr'><strong>ὡς</strong></span> <span class='ocrx_word' id='word_1_264' title='bbox 1533 2210 1766 2289; x_wconf 76' lang='grc' dir='ltr'>γέλωτος</span> <span class='ocrx_word' id='word_1_265' title='bbox 1836 2214 1924 2269; x_wconf 87' lang='grc' dir='ltr'><strong>καὶ</strong></span> 
     </span>
    </p>
   </div>
   <div class='ocr_carea' id='block_1_38' title="bbox 270 2295 1921 2378">
    <p class='ocr_par' dir='ltr' id='par_1_38' title="bbox 270 2295 1921 2378">
     <span class='ocr_line' id='line_1_38' title="bbox 270 2295 1921 2378; baseline 0.003 -26"><span class='ocrx_word' id='word_1_266' title='bbox 270 2295 479 2376; x_wconf 69' lang='grc' dir='ltr'>χλεύης</span> <span class='ocrx_word' id='word_1_267' title='bbox 530 2297 686 2364; x_wconf 79' lang='grc' dir='ltr'>ἀξίων</span> <span class='ocrx_word' id='word_1_268' title='bbox 742 2299 798 2355; x_wconf 80' lang='grc' dir='ltr'>ἐν</span> <span class='ocrx_word' id='word_1_269' title='bbox 858 2313 974 2364; x_wconf 71' lang='grc' dir='ltr'>τοῖς</span> <span class='ocrx_word' id='word_1_270' title='bbox 1020 2298 1161 2378; x_wconf 80' lang='grc' dir='ltr'>ὅροις</span> <span class='ocrx_word' id='word_1_271' title='bbox 1218 2305 1319 2366; x_wconf 78' lang='grc' dir='ltr'>τῆς</span> <span class='ocrx_word' id='word_1_272' title='bbox 1369 2297 1629 2364; x_wconf 72' lang='grc' dir='ltr'>εὖσεϐείας</span> <span class='ocrx_word' id='word_1_273' title='bbox 1688 2299 1921 2357; x_wconf 72' lang='grc' dir='ltr'>ἀσαλεύ-</span> 
     </span>
    </p>
   </div>
   <div class='ocr_carea' id='block_1_39' title="bbox 267 2386 1921 2469">
    <p class='ocr_par' dir='ltr' id='par_1_39' title="bbox 267 2386 1921 2469">
     <span class='ocr_line' id='line_1_39' title="bbox 267 2386 1921 2469; baseline 0.004 -30"><span class='ocrx_word' id='word_1_274' title='bbox 267 2406 378 2449; x_wconf 84' lang='grc' dir='ltr'><strong>τως</strong></span> <span class='ocrx_word' id='word_1_275' title='bbox 426 2387 514 2441; x_wconf 84' lang='grc' dir='ltr'>καὶ</span> <span class='ocrx_word' id='word_1_276' title='bbox 568 2386 962 2466; x_wconf 78' lang='grc' dir='ltr'>ἀπεριτρέπτως</span> <span class='ocrx_word' id='word_1_277' title='bbox 1022 2387 1343 2467; x_wconf 76' lang='grc' dir='ltr'>μεμένηκεν,</span> <span class='ocrx_word' id='word_1_278' title='bbox 1402 2389 1517 2445; x_wconf 77' lang='grc' dir='ltr'>οὔτε</span> <span class='ocrx_word' id='word_1_279' title='bbox 1560 2389 1738 2469; x_wconf 76' lang='grc' dir='ltr'>ἀρχὴν</span> <span class='ocrx_word' id='word_1_280' title='bbox 1779 2390 1921 2468; x_wconf 81' lang='grc' dir='ltr'>ἀγα-</span> 
     </span>
    </p>
   </div>
   <div class='ocr_carea' id='block_1_40' title="bbox 263 2474 1925 2556">
    <p class='ocr_par' dir='ltr' id='par_1_40' title="bbox 263 2474 1925 2556">
     <span class='ocr_line' id='line_1_40' title="bbox 263 2474 1925 2556; baseline 0.003 -26"><span class='ocrx_word' id='word_1_281' title='bbox 263 2475 363 2530; x_wconf 76' lang='grc' dir='ltr'>θοῦ</span> <span class='ocrx_word' id='word_1_282' title='bbox 430 2475 519 2530; x_wconf 83' lang='grc' dir='ltr'><strong>καὶ</strong></span> <span class='ocrx_word' id='word_1_283' title='bbox 582 2474 760 2555; x_wconf 73' lang='grc' dir='ltr'>ἀρχὴν</span> <span class='ocrx_word' id='word_1_284' title='bbox 818 2476 997 2556; x_wconf 73' lang='grc' dir='ltr'>ἑτέραν</span> <span class='ocrx_word' id='word_1_285' title='bbox 1053 2498 1217 2533; x_wconf 85' lang='grc' dir='ltr'>κακου</span> <span class='ocrx_word' id='word_1_286' title='bbox 1259 2475 1623 2555; x_wconf 83' lang='grc' dir='ltr'>δογματίσασα</span> <span class='ocrx_word' id='word_1_287' title='bbox 1680 2478 1925 2553; x_wconf 83' lang='grc' dir='ltr'>πώποτε,</span> 
     </span>
    </p>
   </div>
   <div class='ocr_carea' id='block_1_41' title="bbox 278 2560 1929 2645">
    <p class='ocr_par' dir='ltr' id='par_1_41' title="bbox 278 2560 1929 2645">
     <span class='ocr_line' id='line_1_41' title="bbox 278 2560 1929 2645; baseline 0.004 -27"><span class='ocrx_word' id='word_1_288' title='bbox 278 2560 401 2618; x_wconf 74' lang='grc' dir='ltr'>οὔτε</span> <span class='ocrx_word' id='word_1_289' title='bbox 444 2577 562 2627; x_wconf 72' lang='grc' dir='ltr'>τοῖς</span> <span class='ocrx_word' id='word_1_290' title='bbox 629 2566 748 2643; x_wconf 81' lang='grc' dir='ltr'>περὶ</span> <span class='ocrx_word' id='word_1_291' title='bbox 797 2566 892 2621; x_wconf 80' lang='grc' dir='ltr'>τὸν</span> <span class='ocrx_word' id='word_1_292' title='bbox 938 2565 1201 2641; x_wconf 67' lang='grc' dir='ltr'>,Εὐνόμιον</span> <span class='ocrx_word' id='word_1_293' title='bbox 1256 2567 1604 2645; x_wconf 69' lang='grc' dir='ltr'>προστεθεῖσα</span> <span class='ocrx_word' id='word_1_294' title='bbox 1660 2588 1809 2641; x_wconf 85' lang='grc' dir='ltr'>ποτε,</span> <span class='ocrx_word' id='word_1_295' title='bbox 1856 2570 1929 2631; x_wconf 86' lang='grc' dir='ltr'>ὡς</span> 
     </span>
    </p>
   </div>
   <div class='ocr_carea' id='block_1_42' title="bbox 2012 1765 3666 1848">
    <p class='ocr_par' dir='ltr' id='par_1_42' title="bbox 2012 1765 3666 1848">
     <span class='ocr_line' id='line_1_42' title="bbox 2012 1765 3666 1848; baseline 0 -21"><span class='ocrx_word' id='word_1_296' title='bbox 2012 1765 2224 1828; x_wconf 88' lang='lat' dir='ltr'><strong>Filium</strong></span> <span class='ocrx_word' id='word_1_297' title='bbox 2258 1786 2327 1830; x_wconf 81' lang='lat' dir='ltr'><strong>ex</strong></span> <span class='ocrx_word' id='word_1_298' title='bbox 2362 1770 2536 1831; x_wconf 88' lang='lat' dir='ltr'><strong>Patre</strong></span> <span class='ocrx_word' id='word_1_299' title='bbox 2568 1770 2718 1844; x_wconf 91' lang='lat' dir='ltr'><strong>solo,</strong></span> <span class='ocrx_word' id='word_1_300' title='bbox 2752 1771 2831 1832; x_wconf 85' lang='lat' dir='ltr'><strong>ita</strong></span> <span class='ocrx_word' id='word_1_301' title='bbox 2861 1779 2923 1831; x_wconf 89' lang='lat' dir='ltr'><strong>et</strong></span> <span class='ocrx_word' id='word_1_302' title='bbox 2963 1768 3247 1848; x_wconf 88' lang='lat' dir='ltr'><strong>Spiritum</strong></span> <span class='ocrx_word' id='word_1_303' title='bbox 3278 1773 3548 1829; x_wconf 89' lang='lat' dir='ltr'><strong>sanctum</strong></span> <span class='ocrx_word' id='word_1_304' title='bbox 3595 1784 3666 1828; x_wconf 83' lang='lat' dir='ltr'><strong>ex</strong></span> 
     </span>
    </p>
   </div>
   <div class='ocr_carea' id='block_1_43' title="bbox 2011 1854 3665 1920">
    <p class='ocr_par' dir='ltr' id='par_1_43' title="bbox 2011 1854 3665 1920">
     <span class='ocr_line' id='line_1_43' title="bbox 2011 1854 3665 1920; baseline 0 -5"><span class='ocrx_word' id='word_1_305' title='bbox 2011 1855 2136 1917; x_wconf 92' lang='lat' dir='ltr'><strong>solo</strong></span> <span class='ocrx_word' id='word_1_306' title='bbox 2168 1856 2317 1918; x_wconf 84' lang='lat' dir='ltr'><strong>Filio</strong></span> <span class='ocrx_word' id='word_1_307' title='bbox 2348 1857 2761 1920; x_wconf 89' lang='lat' dir='ltr'><strong>decreverunt.</strong></span> <span class='ocrx_word' id='word_1_308' title='bbox 2801 1856 3023 1920; x_wconf 87' lang='lat' dir='ltr'><strong>Verum</strong></span> <span class='ocrx_word' id='word_1_309' title='bbox 3080 1858 3347 1918; x_wconf 79' lang='lat' dir='ltr'><strong>Romana</strong></span> <span class='ocrx_word' id='word_1_310' title='bbox 3396 1854 3665 1916; x_wconf 87' lang='lat' dir='ltr'><strong>Ecclesia</strong></span> 
     </span>
    </p>
   </div>
   <div class='ocr_carea' id='block_1_44' title="bbox 2011 1941 3657 2026">
    <p class='ocr_par' dir='ltr' id='par_1_44' title="bbox 2011 1941 3657 2026">
     <span class='ocr_line' id='line_1_44' title="bbox 2011 1941 3657 2026; baseline -0.001 -23"><span class='ocrx_word' id='word_1_311' title='bbox 2011 1944 2296 2023; x_wconf 82' lang='lat' dir='ltr'><strong>neglectis</strong></span> <span class='ocrx_word' id='word_1_312' title='bbox 2324 1945 2486 2006; x_wconf 91' lang='lat' dir='ltr'><strong>hisce</strong></span> <span class='ocrx_word' id='word_1_313' title='bbox 2516 1946 2816 2019; x_wconf 90' lang='lat' dir='ltr'><strong>omnibus,</strong></span> <span class='ocrx_word' id='word_1_314' title='bbox 2855 1954 3130 2026; x_wconf 82' lang='lat' dir='ltr'><strong>tanquam</strong></span> <span class='ocrx_word' id='word_1_315' title='bbox 3161 1945 3283 2005; x_wconf 90' lang='lat' dir='ltr'><strong>risu</strong></span> <span class='ocrx_word' id='word_1_316' title='bbox 3314 1951 3373 2005; x_wconf 84' lang='lat' dir='ltr'><strong>et</strong></span> <span class='ocrx_word' id='word_1_317' title='bbox 3402 1941 3657 2003; x_wconf 83' lang='lat' dir='ltr'><strong>ludibrio</strong></span> 
     </span>
    </p>
   </div>
   <div class='ocr_carea' id='block_1_45' title="bbox 2009 2031 3660 2113">
    <p class='ocr_par' dir='ltr' id='par_1_45' title="bbox 2009 2031 3660 2113">
     <span class='ocr_line' id='line_1_45' title="bbox 2009 2031 3660 2113; baseline -0.001 -21"><span class='ocrx_word' id='word_1_318' title='bbox 2009 2031 2399 2113; x_wconf 82' lang='lat' dir='ltr'><strong>excipiemlis,</strong></span> <span class='ocrx_word' id='word_1_319' title='bbox 2436 2032 2587 2094; x_wconf 89' lang='lat' dir='ltr'><strong>intra</strong></span> <span class='ocrx_word' id='word_1_320' title='bbox 2617 2033 2850 2113; x_wconf 86' lang='lat' dir='ltr'><strong>pietatis</strong></span> <span class='ocrx_word' id='word_1_321' title='bbox 2882 2032 3166 2094; x_wconf 90' lang='lat' dir='ltr'><strong>terminos</strong></span> <span class='ocrx_word' id='word_1_322' title='bbox 3190 2031 3542 2092; x_wconf 85' lang='lat' dir='ltr'><strong>inconcussa</strong></span> <span class='ocrx_word' id='word_1_323' title='bbox 3564 2038 3660 2091; x_wconf 87' lang='lat' dir='ltr'><strong>at-</strong></span> 
     </span>
    </p>
   </div>
   <div class='ocr_carea' id='block_1_46' title="bbox 2008 2118 3658 2203">
    <p class='ocr_par' dir='ltr' id='par_1_46' title="bbox 2008 2118 3658 2203">
     <span class='ocr_line' id='line_1_46' title="bbox 2008 2118 3658 2203; baseline -0.002 -22"><span class='ocrx_word' id='word_1_324' title='bbox 2008 2138 2124 2201; x_wconf 85' lang='lat' dir='ltr'><strong>que</strong></span> <span class='ocrx_word' id='word_1_325' title='bbox 2142 2120 2536 2182; x_wconf 67' lang='lat' dir='ltr'><strong>immutabilis</strong></span> <span class='ocrx_word' id='word_1_326' title='bbox 2551 2120 3102 2203; x_wconf 85' lang='lat' dir='ltr'><strong>permansit,neque</strong></span> <span class='ocrx_word' id='word_1_327' title='bbox 3118 2119 3256 2181; x_wconf 89' lang='lat' dir='ltr'><strong>boni</strong></span> <span class='ocrx_word' id='word_1_328' title='bbox 3271 2118 3658 2201; x_wconf 88' lang='lat' dir='ltr'><strong>principium,</strong></span> 
     </span>
    </p>
   </div>
   <div class='ocr_carea' id='block_1_47' title="bbox 2007 2210 3656 2290">
    <p class='ocr_par' dir='ltr' id='par_1_47' title="bbox 2007 2210 3656 2290">
     <span class='ocr_line' id='line_1_47' title="bbox 2007 2210 3656 2290; baseline -0.001 -21"><span class='ocrx_word' id='word_1_329' title='bbox 2007 2227 2200 2289; x_wconf 85' lang='lat' dir='ltr'><strong>neque</strong></span> <span class='ocrx_word' id='word_1_330' title='bbox 2230 2210 2485 2271; x_wconf 87' lang='lat' dir='ltr'><strong>alterum</strong></span> <span class='ocrx_word' id='word_1_331' title='bbox 2547 2210 2686 2271; x_wconf 91' lang='lat' dir='ltr'><strong>mali</strong></span> <span class='ocrx_word' id='word_1_332' title='bbox 2737 2227 2992 2290; x_wconf 89' lang='lat' dir='ltr'><strong>unquam</strong></span> <span class='ocrx_word' id='word_1_333' title='bbox 3050 2225 3418 2289; x_wconf 79' lang='lat' dir='ltr'><strong>asseverans,</strong></span> <span class='ocrx_word' id='word_1_334' title='bbox 3462 2224 3656 2288; x_wconf 87' lang='lat' dir='ltr'><strong>neque</strong></span> 
     </span>
    </p>
   </div>
   <div class='ocr_carea' id='block_1_48' title="bbox 2004 2295 3649 2370">
    <p class='ocr_par' dir='ltr' id='par_1_48' title="bbox 2004 2295 3649 2370">
     <span class='ocr_line' id='line_1_48' title="bbox 2004 2295 3649 2370; baseline 0 -13"><span class='ocrx_word' id='word_1_335' title='bbox 2004 2295 2278 2358; x_wconf 91' lang='lat' dir='ltr'><strong>Eunomii</strong></span> <span class='ocrx_word' id='word_1_336' title='bbox 2310 2298 2554 2359; x_wconf 82' lang='lat' dir='ltr'><strong>asseclis</strong></span> <span class='ocrx_word' id='word_1_337' title='bbox 2583 2316 2716 2360; x_wconf 89' lang='lat' dir='ltr'><strong>sese</strong></span> <span class='ocrx_word' id='word_1_338' title='bbox 2739 2298 3394 2370; x_wconf 83' lang='lat' dir='ltr'><strong>associans,utauderet</strong></span> <span class='ocrx_word' id='word_1_339' title='bbox 3423 2295 3649 2368; x_wconf 83' lang='lat' dir='ltr'><strong>dicere,</strong></span> 
     </span>
    </p>
   </div>
   <div class='ocr_carea' id='block_1_49' title="bbox 2009 2384 3650 2467">
    <p class='ocr_par' dir='ltr' id='par_1_49' title="bbox 2009 2384 3650 2467">
     <span class='ocr_line' id='line_1_49' title="bbox 2009 2384 3650 2467; baseline -0.001 -21"><span class='ocrx_word' id='word_1_340' title='bbox 2009 2385 2245 2447; x_wconf 84' lang='lat' dir='ltr'><strong>Patrem</strong></span> <span class='ocrx_word' id='word_1_341' title='bbox 2305 2386 2547 2467; x_wconf 90' lang='lat' dir='ltr'><strong>quidem</strong></span> <span class='ocrx_word' id='word_1_342' title='bbox 2605 2387 2799 2447; x_wconf 90' lang='lat' dir='ltr'><strong>solum</strong></span> <span class='ocrx_word' id='word_1_343' title='bbox 2855 2386 2991 2450; x_wconf 89' lang='lat' dir='ltr'><strong>Filii</strong></span> <span class='ocrx_word' id='word_1_344' title='bbox 3023 2385 3401 2466; x_wconf 89' lang='lat' dir='ltr'><strong>principium,</strong></span> <span class='ocrx_word' id='word_1_345' title='bbox 3436 2384 3650 2447; x_wconf 89' lang='lat' dir='ltr'><strong>Filium</strong></span> 
     </span>
    </p>
   </div>
   <div class='ocr_carea' id='block_1_50' title="bbox 2011 2472 3650 2555">
    <p class='ocr_par' dir='ltr' id='par_1_50' title="bbox 2011 2472 3650 2555">
     <span class='ocr_line' id='line_1_50' title="bbox 2011 2472 3650 2555; baseline -0.001 -21"><span class='ocrx_word' id='word_1_346' title='bbox 2011 2492 2147 2535; x_wconf 88' lang='lat' dir='ltr'><strong>vero</strong></span> <span class='ocrx_word' id='word_1_347' title='bbox 2181 2474 2371 2535; x_wconf 91' lang='lat' dir='ltr'><strong>solum</strong></span> <span class='ocrx_word' id='word_1_348' title='bbox 2405 2475 2765 2555; x_wconf 90' lang='lat' dir='ltr'><strong>principium</strong></span> <span class='ocrx_word' id='word_1_349' title='bbox 2828 2473 2986 2535; x_wconf 87' lang='lat' dir='ltr'><strong>aliud</strong></span> <span class='ocrx_word' id='word_1_350' title='bbox 3033 2472 3287 2554; x_wconf 81' lang='lat' dir='ltr'><strong>Spiritus</strong></span> <span class='ocrx_word' id='word_1_351' title='bbox 3320 2472 3650 2554; x_wconf 87' lang='lat' dir='ltr'><strong>:indeque-</strong></span> 
     </span>
    </p>
   </div>
   <div class='ocr_carea' id='block_1_51' title="bbox 2013 2563 3273 2645">
    <p class='ocr_par' dir='ltr' id='par_1_51' title="bbox 2013 2563 3273 2645">
     <span class='ocr_line' id='line_1_51' title="bbox 2013 2563 3273 2645; baseline -0.003 -18"><span class='ocrx_word' id='word_1_352' title='bbox 2013 2563 2486 2644; x_wconf 87' lang='lat' dir='ltr'><strong>convinceretur,</strong></span> <span class='ocrx_word' id='word_1_353' title='bbox 2520 2565 2636 2625; x_wconf 91' lang='lat' dir='ltr'><strong>duo</strong></span> <span class='ocrx_word' id='word_1_354' title='bbox 2669 2564 2961 2645; x_wconf 87' lang='lat' dir='ltr'><strong>principia</strong></span> <span class='ocrx_word' id='word_1_355' title='bbox 2986 2581 3273 2625; x_wconf 88' lang='lat' dir='ltr'><strong>asserere.</strong></span> 
     </span>
    </p>
   </div>
   <div class='ocr_carea' id='block_1_52' title="bbox 280 2650 3651 2736">
    <p class='ocr_par' dir='ltr' id='par_1_52' title="bbox 280 2650 3651 2736">
     <span class='ocr_line' id='line_1_52' title="bbox 280 2650 3651 2736; baseline 0.003 -30"><span class='ocrx_word' id='word_1_356' title='bbox 280 2652 458 2709; x_wconf 77' lang='grc' dir='ltr'>εἰπεῖν</span> <span class='ocrx_word' id='word_1_357' title='bbox 487 2650 754 2728; x_wconf 77' lang='grc' dir='ltr'>τολμῆσαι</span> <span class='ocrx_word' id='word_1_358' title='bbox 784 2654 875 2710; x_wconf 83' lang='grc' dir='ltr'><strong>τόν</strong></span> <span class='ocrx_word' id='word_1_359' title='bbox 906 2654 1002 2729; x_wconf 72' lang='grc' dir='ltr'>μὲν</span> <span class='ocrx_word' id='word_1_360' title='bbox 1031 2655 1238 2733; x_wconf 76' lang='grc' dir='ltr'>Πατέρα</span> <span class='ocrx_word' id='word_1_361' title='bbox 1291 2655 1470 2736; x_wconf 79' lang='grc' dir='ltr'>ἀρχὴν</span> <span class='ocrx_word' id='word_1_362' title='bbox 1525 2663 1616 2713; x_wconf 90' lang='lat'><strong>106</strong></span> <span class='ocrx_word' id='word_1_363' title='bbox 1646 2659 1766 2713; x_wconf 77' lang='grc' dir='ltr'><strong>Υἳοῦ</strong></span> <span class='ocrx_word' id='word_1_364' title='bbox 1820 2657 2004 2733; x_wconf 83' lang='grc' dir='ltr'>μόνου,</span> <span class='ocrx_word' id='word_1_365' title='bbox 2061 2653 2153 2710; x_wconf 82' lang='grc' dir='ltr'><strong>τόν</strong></span> <span class='ocrx_word' id='word_1_366' title='bbox 2209 2653 2263 2710; x_wconf 70' lang='grc' dir='ltr'>δὲ</span> <span class='ocrx_word' id='word_1_367' title='bbox 2324 2654 2439 2711; x_wconf 76' lang='grc' dir='ltr'>Υἱόν</span> <span class='ocrx_word' id='word_1_368' title='bbox 2498 2656 2660 2730; x_wconf 82' lang='grc' dir='ltr'>μόνον</span> <span class='ocrx_word' id='word_1_369' title='bbox 2702 2655 2879 2735; x_wconf 78' lang='grc' dir='ltr'>ἀρχὴν</span> <span class='ocrx_word' id='word_1_370' title='bbox 2928 2654 3104 2734; x_wconf 70' lang='grc' dir='ltr'>ἑτέραν</span> <span class='ocrx_word' id='word_1_371' title='bbox 3178 2660 3269 2711; x_wconf 71' lang='grc' dir='ltr'>τοῦ</span> <span class='ocrx_word' id='word_1_372' title='bbox 3329 2652 3651 2728; x_wconf 78' lang='grc' dir='ltr'>Πνεύματος,</span> 
     </span>
    </p>
   </div>
   <div class='ocr_carea' id='block_1_53' title="bbox 280 2740 1514 2824">
    <p class='ocr_par' dir='ltr' id='par_1_53' title="bbox 280 2740 1514 2824">
     <span class='ocr_line' id='line_1_53' title="bbox 280 2740 1514 2824; baseline 0.004 -27"><span class='ocrx_word' id='word_1_373' title='bbox 280 2745 563 2824; x_wconf 71' lang='grc' dir='ltr'>καντεῦθεν</span> <span class='ocrx_word' id='word_1_374' title='bbox 590 2742 922 2821; x_wconf 66' lang='grc' dir='ltr'>ἀναφανῆναι</span> <span class='ocrx_word' id='word_1_375' title='bbox 951 2740 1035 2799; x_wconf 81' lang='grc' dir='ltr'><strong>δύο</strong></span> <span class='ocrx_word' id='word_1_376' title='bbox 1064 2740 1290 2815; x_wconf 76' lang='grc' dir='ltr'>δοξάζειν</span> <span class='ocrx_word' id='word_1_377' title='bbox 1318 2744 1514 2824; x_wconf 74' lang='grc' dir='ltr'>ἀρχὰς.</span> 
     </span>
    </p>
   </div>
   <div class='ocr_carea' id='block_1_54' title="bbox 353 2819 1925 2912">
    <p class='ocr_par' dir='ltr' id='par_1_54' title="bbox 353 2819 1925 2912">
     <span class='ocr_line' id='line_1_54' title="bbox 353 2819 1925 2912; baseline 0.004 -26"><span class='ocrx_word' id='word_1_378' title='bbox 353 2819 425 2891; x_wconf 78' lang='grc' dir='ltr'><strong>θ’.</strong></span> <span class='ocrx_word' id='word_1_379' title='bbox 484 2828 648 2887; x_wconf 76' lang='grc' dir='ltr'>Ἀλλὰ</span> <span class='ocrx_word' id='word_1_380' title='bbox 686 2819 806 2897; x_wconf 73' lang='grc' dir='ltr'>τοῖς</span> <span class='ocrx_word' id='word_1_381' title='bbox 846 2837 953 2887; x_wconf 79' lang='grc' dir='ltr'>τῶν</span> <span class='ocrx_word' id='word_1_382' title='bbox 1005 2830 1253 2909; x_wconf 83' lang='grc' dir='ltr'>μεγάλων</span> <span class='ocrx_word' id='word_1_383' title='bbox 1311 2819 1498 2912; x_wconf 56' lang='grc' dir='ltr'><strong>⁸Ᾱγίων</strong></span> <span class='ocrx_word' id='word_1_384' title='bbox 1526 2832 1781 2912; x_wconf 79' lang='grc' dir='ltr'>δόγμασιν</span> <span class='ocrx_word' id='word_1_385' title='bbox 1822 2834 1925 2891; x_wconf 80' lang='grc' dir='ltr'><strong>ἐπ-</strong></span> 
     </span>
    </p>
   </div>
   <div class='ocr_carea' id='block_1_55' title="bbox 274 2917 1921 2997">
    <p class='ocr_par' dir='ltr' id='par_1_55' title="bbox 274 2917 1921 2997">
     <span class='ocr_line' id='line_1_55' title="bbox 274 2917 1921 2997; baseline 0.003 -23"><span class='ocrx_word' id='word_1_386' title='bbox 274 2917 607 2997; x_wconf 77' lang='grc' dir='ltr'>ερειδομένη,</span> <span class='ocrx_word' id='word_1_387' title='bbox 666 2923 756 2977; x_wconf 83' lang='grc' dir='ltr'><strong>καὶ</strong></span> <span class='ocrx_word' id='word_1_388' title='bbox 814 2934 936 2984; x_wconf 76' lang='grc' dir='ltr'>ταῖς</span> <span class='ocrx_word' id='word_1_389' title='bbox 991 2921 1199 2978; x_wconf 83' lang='grc' dir='ltr'>ἐκείνων</span> <span class='ocrx_word' id='word_1_390' title='bbox 1258 2921 1613 2980; x_wconf 69' lang='grc' dir='ltr'>ἀκολουθοῦσα</span> <span class='ocrx_word' id='word_1_391' title='bbox 1679 2923 1921 2997; x_wconf 74' lang='grc' dir='ltr'>ἐννοίαις,</span> 
     </span>
    </p>
   </div>
   <div class='ocr_carea' id='block_1_56' title="bbox 271 3008 1926 3089">
    <p class='ocr_par' dir='ltr' id='par_1_56' title="bbox 271 3008 1926 3089">
     <span class='ocr_line' id='line_1_56' title="bbox 271 3008 1926 3089; baseline 0.003 -26"><span class='ocrx_word' id='word_1_392' title='bbox 271 3009 366 3064; x_wconf 82' lang='grc' dir='ltr'><strong>τὸν</strong></span> <span class='ocrx_word' id='word_1_393' title='bbox 395 3008 496 3080; x_wconf 80' lang='grc' dir='ltr'>μὲν</span> <span class='ocrx_word' id='word_1_394' title='bbox 539 3011 656 3064; x_wconf 73' lang='grc' dir='ltr'><strong>Υἱὸν</strong></span> <span class='ocrx_word' id='word_1_395' title='bbox 716 3008 777 3064; x_wconf 72' lang='grc' dir='ltr'>ἐκ</span> <span class='ocrx_word' id='word_1_396' title='bbox 816 3016 911 3066; x_wconf 88' lang='lat'><strong>106</strong></span> <span class='ocrx_word' id='word_1_397' title='bbox 968 3011 1171 3085; x_wconf 81' lang='grc' dir='ltr'>Πατρὸς</span> <span class='ocrx_word' id='word_1_398' title='bbox 1227 3008 1389 3084; x_wconf 82' lang='grc' dir='ltr'>μόνου</span> <span class='ocrx_word' id='word_1_399' title='bbox 1445 3012 1807 3089; x_wconf 72' lang='grc' dir='ltr'>ἀνακηρύττει,</span> <span class='ocrx_word' id='word_1_400' title='bbox 1866 3014 1926 3068; x_wconf 79' lang='grc' dir='ltr'>τὸ</span> 
     </span>
    </p>
   </div>
   <div class='ocr_carea' id='block_1_57' title="bbox 268 3093 1923 3178">
    <p class='ocr_par' dir='ltr' id='par_1_57' title="bbox 268 3093 1923 3178">
     <span class='ocr_line' id='line_1_57' title="bbox 268 3093 1923 3178; baseline 0.004 -27"><span class='ocrx_word' id='word_1_401' title='bbox 268 3093 325 3151; x_wconf 77' lang='grc' dir='ltr'>δὲ</span> <span class='ocrx_word' id='word_1_402' title='bbox 365 3099 583 3171; x_wconf 64' lang='grc' dir='ltr'>Πνεῦμα</span> <span class='ocrx_word' id='word_1_403' title='bbox 609 3099 671 3154; x_wconf 76' lang='grc' dir='ltr'><strong>τὸ</strong></span> <span class='ocrx_word' id='word_1_404' title='bbox 701 3097 853 3174; x_wconf 74' lang='grc' dir='ltr'>ἅγιον</span> <span class='ocrx_word' id='word_1_405' title='bbox 882 3098 969 3154; x_wconf 82' lang='grc' dir='ltr'>καὶ</span> <span class='ocrx_word' id='word_1_406' title='bbox 999 3099 1060 3154; x_wconf 85' lang='grc' dir='ltr'>ἐκ</span> <span class='ocrx_word' id='word_1_407' title='bbox 1086 3108 1179 3157; x_wconf 83' lang='lat'><strong>106</strong></span> <span class='ocrx_word' id='word_1_408' title='bbox 1234 3102 1354 3156; x_wconf 78' lang='grc' dir='ltr'><strong>Υἱοῦ</strong></span> <span class='ocrx_word' id='word_1_409' title='bbox 1411 3101 1551 3156; x_wconf 80' lang='grc' dir='ltr'>εἶναι</span> <span class='ocrx_word' id='word_1_410' title='bbox 1608 3099 1774 3178; x_wconf 76' lang='grc' dir='ltr'>λέγει.</span> <span class='ocrx_word' id='word_1_411' title='bbox 1827 3103 1923 3160; x_wconf 84' lang='grc' dir='ltr'>Καὶ</span> 
     </span>
    </p>
   </div>
   <div class='ocr_carea' id='block_1_58' title="bbox 271 3184 1920 3266">
    <p class='ocr_par' dir='ltr' id='par_1_58' title="bbox 271 3184 1920 3266">
     <span class='ocr_line' id='line_1_58' title="bbox 271 3184 1920 3266; baseline 0.002 -25"><span class='ocrx_word' id='word_1_412' title='bbox 271 3186 395 3259; x_wconf 82' lang='grc' dir='ltr'>μίαν</span> <span class='ocrx_word' id='word_1_413' title='bbox 450 3184 597 3260; x_wconf 84' lang='grc' dir='ltr'>ὅμως</span> <span class='ocrx_word' id='word_1_414' title='bbox 666 3187 846 3266; x_wconf 78' lang='grc' dir='ltr'>ἀρχὴν</span> <span class='ocrx_word' id='word_1_415' title='bbox 902 3184 987 3242; x_wconf 78' lang='grc' dir='ltr'><strong>ἐπὶ</strong></span> <span class='ocrx_word' id='word_1_416' title='bbox 1047 3192 1144 3253; x_wconf 78' lang='grc' dir='ltr'>τῆς</span> <span class='ocrx_word' id='word_1_417' title='bbox 1199 3188 1352 3265; x_wconf 83' lang='grc' dir='ltr'>ἁγίας</span> <span class='ocrx_word' id='word_1_418' title='bbox 1410 3187 1624 3266; x_wconf 67' lang='grc' dir='ltr'>Τριάδος</span> <span class='ocrx_word' id='word_1_419' title='bbox 1682 3192 1920 3266; x_wconf 69' lang='grc' dir='ltr'>καθαρτῦς</span> 
     </span>
    </p>
   </div>
   <div class='ocr_carea' id='block_1_59' title="bbox 271 3271 1920 3353">
    <p class='ocr_par' dir='ltr' id='par_1_59' title="bbox 271 3271 1920 3353">
     <span class='ocr_line' id='line_1_59' title="bbox 271 3271 1920 3353; baseline 0.004 -24"><span class='ocrx_word' id='word_1_420' title='bbox 271 3271 551 3353; x_wconf 73' lang='grc' dir='ltr'>πρεσϐεύει</span> <span class='ocrx_word' id='word_1_421' title='bbox 592 3297 651 3331; x_wconf 86' lang='grc' dir='ltr'><strong>τε</strong></span> <span class='ocrx_word' id='word_1_422' title='bbox 708 3276 795 3330; x_wconf 83' lang='grc' dir='ltr'><strong>καὶ</strong></span> <span class='ocrx_word' id='word_1_423' title='bbox 853 3273 1135 3353; x_wconf 74' lang='grc' dir='ltr'>ὁμολογεῖ,</span> <span class='ocrx_word' id='word_1_424' title='bbox 1192 3273 1276 3331; x_wconf 82' lang='grc' dir='ltr'>διὰ</span> <span class='ocrx_word' id='word_1_425' title='bbox 1317 3278 1378 3333; x_wconf 86' lang='grc' dir='ltr'>τὸ</span> <span class='ocrx_word' id='word_1_426' title='bbox 1436 3275 1620 3333; x_wconf 72' lang='grc' dir='ltr'>εἰδέναι</span> <span class='ocrx_word' id='word_1_427' title='bbox 1678 3279 1779 3335; x_wconf 74' lang='grc' dir='ltr'><strong>ὑπὸ</strong></span> <span class='ocrx_word' id='word_1_428' title='bbox 1825 3284 1920 3346; x_wconf 80' lang='grc' dir='ltr'>τῆς</span> 
     </span>
    </p>
   </div>
   <div class='ocr_carea' id='block_1_60' title="bbox 270 3361 1919 3442">
    <p class='ocr_par' dir='ltr' id='par_1_60' title="bbox 270 3361 1919 3442">
     <span class='ocr_line' id='line_1_60' title="bbox 270 3361 1919 3442; baseline 0.004 -24"><span class='ocrx_word' id='word_1_429' title='bbox 270 3370 380 3419; x_wconf 76' lang='grc' dir='ltr'>τῶν</span> <span class='ocrx_word' id='word_1_430' title='bbox 425 3362 675 3435; x_wconf 80' lang='grc' dir='ltr'>Πατέρων</span> <span class='ocrx_word' id='word_1_431' title='bbox 728 3361 1063 3427; x_wconf 75' lang='grc' dir='ltr'>διδασκαλίας</span> <span class='ocrx_word' id='word_1_432' title='bbox 1128 3365 1298 3420; x_wconf 73' lang='grc' dir='ltr'>πάντα</span> <span class='ocrx_word' id='word_1_433' title='bbox 1338 3365 1405 3421; x_wconf 77' lang='grc' dir='ltr'>τὰ</span> <span class='ocrx_word' id='word_1_434' title='bbox 1454 3365 1545 3420; x_wconf 88' lang='lat'><strong>106</strong></span> <span class='ocrx_word' id='word_1_435' title='bbox 1619 3369 1737 3422; x_wconf 77' lang='grc' dir='ltr'><strong>Υἱοῠ</strong></span> <span class='ocrx_word' id='word_1_436' title='bbox 1790 3369 1919 3442; x_wconf 80' lang='grc' dir='ltr'>πρὸς</span> 
     </span>
    </p>
   </div>
   <div class='ocr_carea' id='block_1_61' title="bbox 269 3451 1921 3536">
    <p class='ocr_par' dir='ltr' id='par_1_61' title="bbox 269 3451 1921 3536">
     <span class='ocr_line' id='line_1_61' title="bbox 269 3451 1921 3536; baseline 0.005 -32"><span class='ocrx_word' id='word_1_437' title='bbox 269 3453 363 3508; x_wconf 80' lang='grc' dir='ltr'>τὸν</span> <span class='ocrx_word' id='word_1_438' title='bbox 422 3453 632 3531; x_wconf 77' lang='grc' dir='ltr'>Πατέρα</span> <span class='ocrx_word' id='word_1_439' title='bbox 688 3452 791 3518; x_wconf 72' lang='grc' dir='ltr'>τὴν</span> <span class='ocrx_word' id='word_1_440' title='bbox 848 3451 1064 3520; x_wconf 79' lang='grc' dir='ltr'>πρώτην</span> <span class='ocrx_word' id='word_1_441' title='bbox 1120 3453 1286 3511; x_wconf 78' lang='grc' dir='ltr'>αἰτίαν</span> <span class='ocrx_word' id='word_1_442' title='bbox 1344 3452 1648 3531; x_wconf 79' lang='grc' dir='ltr'>ἀνάγεσθαι.</span> <span class='ocrx_word' id='word_1_443' title='bbox 1708 3457 1779 3513; x_wconf 84' lang='grc' dir='ltr'><strong>Τὸ</strong></span> <span class='ocrx_word' id='word_1_444' title='bbox 1823 3458 1921 3536; x_wconf 72' lang='grc' dir='ltr'><strong>γὰρ</strong></span> 
     </span>
    </p>
   </div>
   <div class='ocr_carea' id='block_1_62' title="bbox 277 3539 1920 3626">
    <p class='ocr_par' dir='ltr' id='par_1_62' title="bbox 277 3539 1920 3626">
     <span class='ocr_line' id='line_1_62' title="bbox 277 3539 1920 3626; baseline 0.003 -29"><span class='ocrx_word' id='word_1_445' title='bbox 277 3540 340 3597; x_wconf 75' lang='grc' dir='ltr'>ἐκ</span> <span class='ocrx_word' id='word_1_446' title='bbox 381 3540 477 3597; x_wconf 80' lang='lat'><strong>106</strong></span> <span class='ocrx_word' id='word_1_447' title='bbox 519 3541 727 3617; x_wconf 82' lang='grc' dir='ltr'>Πατρὸς</span> <span class='ocrx_word' id='word_1_448' title='bbox 776 3541 864 3596; x_wconf 87' lang='grc' dir='ltr'><strong>καὶ</strong></span> <span class='ocrx_word' id='word_1_449' title='bbox 918 3539 981 3597; x_wconf 81' lang='grc' dir='ltr'>ἐκ</span> <span class='ocrx_word' id='word_1_450' title='bbox 1034 3544 1126 3597; x_wconf 84' lang='lat'><strong>106</strong></span> <span class='ocrx_word' id='word_1_451' title='bbox 1166 3545 1288 3597; x_wconf 83' lang='grc' dir='ltr'>Υἱοῦ</span> <span class='ocrx_word' id='word_1_452' title='bbox 1343 3541 1514 3621; x_wconf 78' lang='grc' dir='ltr'>λέγειν</span> <span class='ocrx_word' id='word_1_453' title='bbox 1570 3546 1631 3600; x_wconf 79' lang='grc' dir='ltr'>τὸ</span> <span class='ocrx_word' id='word_1_454' title='bbox 1688 3552 1920 3626; x_wconf 75' lang='grc' dir='ltr'>Πνεῦμα,</span> 
     </span>
    </p>
   </div>
   <div class='ocr_carea' id='block_1_63' title="bbox 271 3628 1921 3705">
    <p class='ocr_par' dir='ltr' id='par_1_63' title="bbox 271 3628 1921 3705">
     <span class='ocr_line' id='line_1_63' title="bbox 271 3628 1921 3705; baseline 0.003 -19"><span class='ocrx_word' id='word_1_455' title='bbox 271 3630 367 3687; x_wconf 81' lang='grc' dir='ltr'><strong>καὶ</strong></span> <span class='ocrx_word' id='word_1_456' title='bbox 396 3632 478 3705; x_wconf 72' lang='grc' dir='ltr'>μὴ</span> <span class='ocrx_word' id='word_1_457' title='bbox 507 3628 595 3686; x_wconf 68' lang='lat'><strong>3-30</strong></span> <span class='ocrx_word' id='word_1_458' title='bbox 624 3628 777 3686; x_wconf 75' lang='grc' dir='ltr'>αἴτια</span> <span class='ocrx_word' id='word_1_459' title='bbox 832 3629 1059 3701; x_wconf 71' lang='grc' dir='ltr'>δοξάζειν</span> <span class='ocrx_word' id='word_1_460' title='bbox 1101 3631 1193 3686; x_wconf 84' lang='lat'><strong>106</strong></span> <span class='ocrx_word' id='word_1_461' title='bbox 1251 3632 1573 3705; x_wconf 80' lang='grc' dir='ltr'>Πνεύματος.</span> <span class='ocrx_word' id='word_1_462' title='bbox 1608 3635 1701 3690; x_wconf 75' lang='grc' dir='ltr'>οὒκ</span> <span class='ocrx_word' id='word_1_463' title='bbox 1754 3633 1921 3691; x_wconf 79' lang='grc' dir='ltr'>ἅλλο-</span> 
     </span>
    </p>
   </div>
   <div class='ocr_carea' id='block_1_64' title="bbox 260 3717 1916 3799">
    <p class='ocr_par' dir='ltr' id='par_1_64' title="bbox 260 3717 1916 3799">
     <span class='ocr_line' id='line_1_64' title="bbox 260 3717 1916 3799; baseline 0.004 -24"><span class='ocrx_word' id='word_1_464' title='bbox 260 3718 350 3775; x_wconf 77' lang='grc' dir='ltr'>θέν</span> <span class='ocrx_word' id='word_1_465' title='bbox 383 3719 496 3775; x_wconf 76' lang='grc' dir='ltr'>ἐστι</span> <span class='ocrx_word' id='word_1_466' title='bbox 527 3719 741 3781; x_wconf 72' lang='grc' dir='ltr'>πάντως</span> <span class='ocrx_word' id='word_1_467' title='bbox 773 3717 890 3775; x_wconf 78' lang='grc' dir='ltr'>ἀλλ’</span> <span class='ocrx_word' id='word_1_468' title='bbox 947 3720 983 3786; x_wconf 75' lang='grc' dir='ltr'>ἢ</span> <span class='ocrx_word' id='word_1_469' title='bbox 1037 3717 1096 3775; x_wconf 78' lang='grc' dir='ltr'>ἐκ</span> <span class='ocrx_word' id='word_1_470' title='bbox 1151 3723 1307 3777; x_wconf 59' lang='grc' dir='ltr'>αὺτοῦ</span> <span class='ocrx_word' id='word_1_471' title='bbox 1362 3720 1547 3776; x_wconf 80' lang='grc' dir='ltr'>τούτου</span> <span class='ocrx_word' id='word_1_472' title='bbox 1590 3725 1682 3778; x_wconf 83' lang='lat'><strong>106</strong></span> <span class='ocrx_word' id='word_1_473' title='bbox 1723 3722 1916 3799; x_wconf 80' lang='grc' dir='ltr'>πάντα,</span> 
     </span>
    </p>
   </div>
   <div class='ocr_carea' id='block_1_65' title="bbox 257 3808 1917 3891">
    <p class='ocr_par' dir='ltr' id='par_1_65' title="bbox 257 3808 1917 3891">
     <span class='ocr_line' id='line_1_65' title="bbox 257 3808 1917 3891; baseline 0.003 -28"><span class='ocrx_word' id='word_1_474' title='bbox 257 3810 336 3870; x_wconf 81' lang='grc' dir='ltr'><strong>ὡς</strong></span> <span class='ocrx_word' id='word_1_475' title='bbox 381 3808 622 3885; x_wconf 55' lang='grc' dir='ltr'>εἴρηται,</span> <span class='ocrx_word' id='word_1_476' title='bbox 680 3808 744 3862; x_wconf 82' lang='grc' dir='ltr'><strong>τὰ</strong></span> <span class='ocrx_word' id='word_1_477' title='bbox 786 3814 878 3864; x_wconf 88' lang='lat'><strong>106</strong></span> <span class='ocrx_word' id='word_1_478' title='bbox 911 3809 1030 3864; x_wconf 79' lang='grc' dir='ltr'><strong>1⁸ἱοῦ</strong></span> <span class='ocrx_word' id='word_1_479' title='bbox 1070 3808 1200 3887; x_wconf 81' lang='grc' dir='ltr'>πρὸς</span> <span class='ocrx_word' id='word_1_480' title='bbox 1254 3809 1347 3863; x_wconf 68' lang='grc' dir='ltr'><strong>τὸν</strong></span> <span class='ocrx_word' id='word_1_481' title='bbox 1392 3808 1595 3888; x_wconf 77' lang='grc' dir='ltr'>Πατέρα</span> <span class='ocrx_word' id='word_1_482' title='bbox 1626 3810 1724 3877; x_wconf 78' lang='grc' dir='ltr'><strong>τὴν</strong></span> <span class='ocrx_word' id='word_1_483' title='bbox 1767 3812 1917 3891; x_wconf 87' lang='grc' dir='ltr'>πρώ-</span> 
     </span>
    </p>
   </div>
   <div class='ocr_carea' id='block_1_66' title="bbox 256 3895 1925 3977">
    <p class='ocr_par' dir='ltr' id='par_1_66' title="bbox 256 3895 1925 3977">
     <span class='ocr_line' id='line_1_66' title="bbox 256 3895 1925 3977; baseline 0.003 -26"><span class='ocrx_word' id='word_1_484' title='bbox 256 3918 362 3962; x_wconf 80' lang='grc' dir='ltr'>την</span> <span class='ocrx_word' id='word_1_485' title='bbox 405 3897 574 3952; x_wconf 71' lang='grc' dir='ltr'>αἰτίαν</span> <span class='ocrx_word' id='word_1_486' title='bbox 649 3895 952 3974; x_wconf 62' lang='grc' dir='ltr'>ἀνάγεσθαι,</span> <span class='ocrx_word' id='word_1_487' title='bbox 1011 3897 1070 3953; x_wconf 81' lang='grc' dir='ltr'><strong>Εἰ</strong></span> <span class='ocrx_word' id='word_1_488' title='bbox 1138 3895 1193 3952; x_wconf 68' lang='grc' dir='ltr'>δὲ</span> <span class='ocrx_word' id='word_1_489' title='bbox 1247 3898 1336 3953; x_wconf 84' lang='grc' dir='ltr'><strong>καὶ</strong></span> <span class='ocrx_word' id='word_1_490' title='bbox 1379 3900 1657 3977; x_wconf 81' lang='grc' dir='ltr'>μαρτυρίας</span> <span class='ocrx_word' id='word_1_491' title='bbox 1707 3898 1789 3956; x_wconf 75' lang='grc' dir='ltr'><strong>δεῖ</strong></span> <span class='ocrx_word' id='word_1_492' title='bbox 1843 3901 1925 3959; x_wconf 91' lang='grc' dir='ltr'><strong>σοί</strong></span> 
     </span>
    </p>
   </div>
   <div class='ocr_carea' id='block_1_67' title="bbox 260 3982 1923 4066">
    <p class='ocr_par' dir='ltr' id='par_1_67' title="bbox 260 3982 1923 4066">
     <span class='ocr_line' id='line_1_67' title="bbox 260 3982 1923 4066; baseline 0.004 -26"><span class='ocrx_word' id='word_1_493' title='bbox 260 4006 409 4047; x_wconf 83' lang='grc' dir='ltr'>τινος</span> <span class='ocrx_word' id='word_1_494' title='bbox 466 3988 574 4040; x_wconf 81' lang='grc' dir='ltr'>τῶν</span> <span class='ocrx_word' id='word_1_495' title='bbox 616 3983 880 4062; x_wconf 82' lang='grc' dir='ltr'>θεολόγων</span> <span class='ocrx_word' id='word_1_496' title='bbox 922 3982 1142 4063; x_wconf 80' lang='grc' dir='ltr'>ἀνδρῶν,</span> <span class='ocrx_word' id='word_1_497' title='bbox 1174 3982 1251 4041; x_wconf 72' lang='grc' dir='ltr'><strong>’ἕν’</strong></span> <span class='ocrx_word' id='word_1_498' title='bbox 1296 3985 1526 4042; x_wconf 75' lang='grc' dir='ltr'>ἐντεῦθεν</span> <span class='ocrx_word' id='word_1_499' title='bbox 1558 3985 1697 4066; x_wconf 73' lang='grc' dir='ltr'><strong>ἔχης</strong></span> <span class='ocrx_word' id='word_1_500' title='bbox 1727 3990 1787 4045; x_wconf 85' lang='grc' dir='ltr'>τὸ</span> <span class='ocrx_word' id='word_1_501' title='bbox 1818 3996 1923 4048; x_wconf 84' lang='grc' dir='ltr'><strong>τῶν</strong></span> 
     </span>
    </p>
   </div>
   <div class='ocr_carea' id='block_1_68' title="bbox 263 4071 1923 4153">
    <p class='ocr_par' dir='ltr' id='par_1_68' title="bbox 263 4071 1923 4153">
     <span class='ocr_line' id='line_1_68' title="bbox 263 4071 1923 4153; baseline 0.002 -24"><span class='ocrx_word' id='word_1_502' title='bbox 263 4072 533 4149; x_wconf 80' lang='grc' dir='ltr'>ῥηθέντων</span> <span class='ocrx_word' id='word_1_503' title='bbox 590 4071 753 4151; x_wconf 79' lang='grc' dir='ltr'>λόγον</span> <span class='ocrx_word' id='word_1_504' title='bbox 801 4071 1083 4153; x_wconf 77' lang='grc' dir='ltr'>ἐχέγγυον,</span> <span class='ocrx_word' id='word_1_505' title='bbox 1133 4075 1204 4136; x_wconf 80' lang='grc' dir='ltr'>εἷς</span> <span class='ocrx_word' id='word_1_506' title='bbox 1237 4075 1296 4130; x_wconf 78' lang='grc' dir='ltr'>τὸ</span> <span class='ocrx_word' id='word_1_507' title='bbox 1345 4072 1530 4130; x_wconf 72' lang='grc' dir='ltr'>εἰδέναι</span> <span class='ocrx_word' id='word_1_508' title='bbox 1584 4085 1662 4151; x_wconf 82' lang='grc' dir='ltr'>μὴ</span> <span class='ocrx_word' id='word_1_509' title='bbox 1694 4076 1782 4135; x_wconf 82' lang='grc' dir='ltr'>δύο</span> <span class='ocrx_word' id='word_1_510' title='bbox 1825 4076 1923 4134; x_wconf 76' lang='grc' dir='ltr'><strong>αἴ-</strong></span> 
     </span>
    </p>
   </div>
   <div class='ocr_carea' id='block_1_69' title="bbox 264 4160 1923 4245">
    <p class='ocr_par' dir='ltr' id='par_1_69' title="bbox 264 4160 1923 4245">
     <span class='ocr_line' id='line_1_69' title="bbox 264 4160 1923 4245; baseline 0.004 -30"><span class='ocrx_word' id='word_1_511' title='bbox 264 4182 353 4216; x_wconf 77' lang='grc' dir='ltr'><strong>τια</strong></span> <span class='ocrx_word' id='word_1_512' title='bbox 382 4167 477 4217; x_wconf 86' lang='lat'><strong>106</strong></span> <span class='ocrx_word' id='word_1_513' title='bbox 538 4162 841 4236; x_wconf 80' lang='grc' dir='ltr'>Πνεύματος</span> <span class='ocrx_word' id='word_1_514' title='bbox 883 4164 920 4228; x_wconf 76' lang='grc' dir='ltr'><strong>ἢ</strong></span> <span class='ocrx_word' id='word_1_515' title='bbox 973 4163 1115 4217; x_wconf 70' lang='grc' dir='ltr'>εἶναι</span> <span class='ocrx_word' id='word_1_516' title='bbox 1182 4162 1219 4230; x_wconf 68' lang='grc' dir='ltr'><strong>ἢ</strong></span> <span class='ocrx_word' id='word_1_517' title='bbox 1258 4160 1522 4241; x_wconf 77' lang='grc' dir='ltr'>λέγεσθαι,</span> <span class='ocrx_word' id='word_1_518' title='bbox 1583 4165 1675 4220; x_wconf 83' lang='grc' dir='ltr'>τὸν</span> <span class='ocrx_word' id='word_1_519' title='bbox 1718 4166 1923 4245; x_wconf 77' lang='grc' dir='ltr'>Πατέρα</span> 
     </span>
    </p>
   </div>
   <div class='ocr_carea' id='block_1_70' title="bbox 264 4250 1924 4331">
    <p class='ocr_par' dir='ltr' id='par_1_70' title="bbox 264 4250 1924 4331">
     <span class='ocr_line' id='line_1_70' title="bbox 264 4250 1924 4331; baseline 0.004 -26"><span class='ocrx_word' id='word_1_520' title='bbox 264 4251 354 4305; x_wconf 80' lang='grc' dir='ltr'><strong>καὶ</strong></span> <span class='ocrx_word' id='word_1_521' title='bbox 397 4251 489 4306; x_wconf 77' lang='grc' dir='ltr'><strong>τὸν</strong></span> <span class='ocrx_word' id='word_1_522' title='bbox 519 4252 643 4307; x_wconf 79' lang='grc' dir='ltr'>Υίὸν</span> <span class='ocrx_word' id='word_1_523' title='bbox 685 4250 740 4307; x_wconf 81' lang='grc' dir='ltr'>ἐν</span> <span class='ocrx_word' id='word_1_524' title='bbox 794 4257 873 4307; x_wconf 80' lang='grc' dir='ltr'><strong>τῶ</strong></span> <span class='ocrx_word' id='word_1_525' title='bbox 914 4250 974 4306; x_wconf 82' lang='grc' dir='ltr'>ἐκ</span> <span class='ocrx_word' id='word_1_526' title='bbox 1027 4253 1119 4307; x_wconf 84' lang='lat'><strong>106</strong></span> <span class='ocrx_word' id='word_1_527' title='bbox 1179 4254 1382 4331; x_wconf 86' lang='grc' dir='ltr'>Πατρὸς</span> <span class='ocrx_word' id='word_1_528' title='bbox 1439 4254 1526 4308; x_wconf 82' lang='grc' dir='ltr'><strong>καὶ</strong></span> <span class='ocrx_word' id='word_1_529' title='bbox 1570 4253 1630 4309; x_wconf 85' lang='grc' dir='ltr'>ἐκ</span> <span class='ocrx_word' id='word_1_530' title='bbox 1682 4261 1772 4310; x_wconf 67' lang='lat'><strong>126</strong></span> <span class='ocrx_word' id='word_1_531' title='bbox 1804 4257 1924 4312; x_wconf 72' lang='lat' dir='ltr'><strong>l‘io6</strong></span> 
     </span>
    </p>
   </div>
   <div class='ocr_carea' id='block_1_71' title="bbox 265 4337 1919 4420">
    <p class='ocr_par' dir='ltr' id='par_1_71' title="bbox 265 4337 1919 4420">
     <span class='ocr_line' id='line_1_71' title="bbox 265 4337 1919 4420; baseline 0.004 -26"><span class='ocrx_word' id='word_1_532' title='bbox 265 4339 408 4394; x_wconf 80' lang='grc' dir='ltr'>εἶναι</span> <span class='ocrx_word' id='word_1_533' title='bbox 439 4340 504 4395; x_wconf 84' lang='grc' dir='ltr'><strong>τό</strong></span> <span class='ocrx_word' id='word_1_534' title='bbox 538 4339 773 4415; x_wconf 74' lang='grc' dir='ltr'>Πνεῦμα,</span> <span class='ocrx_word' id='word_1_535' title='bbox 804 4337 888 4395; x_wconf 83' lang='grc' dir='ltr'><strong>διὰ</strong></span> <span class='ocrx_word' id='word_1_536' title='bbox 914 4340 976 4395; x_wconf 81' lang='grc' dir='ltr'>τὸ</span> <span class='ocrx_word' id='word_1_537' title='bbox 1002 4341 1173 4396; x_wconf 75' lang='grc' dir='ltr'>πάντα</span> <span class='ocrx_word' id='word_1_538' title='bbox 1201 4341 1267 4396; x_wconf 70' lang='grc' dir='ltr'>τὰ</span> <span class='ocrx_word' id='word_1_539' title='bbox 1321 4347 1413 4396; x_wconf 90' lang='lat'><strong>106</strong></span> <span class='ocrx_word' id='word_1_540' title='bbox 1462 4344 1580 4397; x_wconf 74' lang='grc' dir='ltr'><strong>Υἱοῦ</strong></span> <span class='ocrx_word' id='word_1_541' title='bbox 1636 4345 1766 4420; x_wconf 77' lang='grc' dir='ltr'>πρὸς</span> <span class='ocrx_word' id='word_1_542' title='bbox 1831 4346 1919 4399; x_wconf 75' lang='grc' dir='ltr'><strong>τὸν</strong></span> 
     </span>
    </p>
   </div>
   <div class='ocr_carea' id='block_1_72' title="bbox 263 4425 1917 4509">
    <p class='ocr_par' dir='ltr' id='par_1_72' title="bbox 263 4425 1917 4509">
     <span class='ocr_line' id='line_1_72' title="bbox 263 4425 1917 4509; baseline 0.004 -28"><span class='ocrx_word' id='word_1_543' title='bbox 263 4425 470 4507; x_wconf 77' lang='grc' dir='ltr'>Πατέρα</span> <span class='ocrx_word' id='word_1_544' title='bbox 513 4430 616 4495; x_wconf 73' lang='grc' dir='ltr'>τὴν</span> <span class='ocrx_word' id='word_1_545' title='bbox 646 4427 863 4506; x_wconf 79' lang='grc' dir='ltr'>πρώτην</span> <span class='ocrx_word' id='word_1_546' title='bbox 915 4429 1085 4484; x_wconf 77' lang='grc' dir='ltr'>αἰτίαν</span> <span class='ocrx_word' id='word_1_547' title='bbox 1126 4428 1434 4505; x_wconf 77' lang='grc' dir='ltr'>ἀνάγεσθαι,</span> <span class='ocrx_word' id='word_1_548' title='bbox 1496 4431 1523 4486; x_wconf 87' lang='grc' dir='ltr'>ὁ</span> <span class='ocrx_word' id='word_1_549' title='bbox 1582 4429 1750 4509; x_wconf 64' lang='grc' dir='ltr'>μέ,ας</span> <span class='ocrx_word' id='word_1_550' title='bbox 1807 4441 1917 4488; x_wconf 89' lang='grc' dir='ltr'><strong>Βα-</strong></span> 
     </span>
    </p>
   </div>
   <div class='ocr_carea' id='block_1_73' title="bbox 2088 2828 3651 2909">
    <p class='ocr_par' dir='ltr' id='par_1_73' title="bbox 2088 2828 3651 2909">
     <span class='ocr_line' id='line_1_73' title="bbox 2088 2828 3651 2909; baseline -0.001 -14"><span class='ocrx_word' id='word_1_551' title='bbox 2088 2832 2143 2895; x_wconf 88' lang='grc'><strong>9.</strong></span> <span class='ocrx_word' id='word_1_552' title='bbox 2183 2830 2299 2895; x_wconf 90' lang='lat' dir='ltr'><strong>Sed</strong></span> <span class='ocrx_word' id='word_1_553' title='bbox 2350 2848 2696 2909; x_wconf 85' lang='lat' dir='ltr'><strong>magnorum</strong></span> <span class='ocrx_word' id='word_1_554' title='bbox 2744 2833 2945 2895; x_wconf 62' lang='lat' dir='ltr'><strong>Sanctt</strong></span> <span class='ocrx_word' id='word_1_555' title='bbox 2963 2849 3092 2892; x_wconf 91' lang='lat' dir='ltr'><strong>rum</strong></span> <span class='ocrx_word' id='word_1_556' title='bbox 3126 2829 3384 2892; x_wconf 87' lang='lat' dir='ltr'><strong>decretis</strong></span> <span class='ocrx_word' id='word_1_557' title='bbox 3428 2828 3651 2905; x_wconf 87' lang='lat' dir='ltr'><strong>innixa,</strong></span> 
     </span>
    </p>
   </div>
   <div class='ocr_carea' id='block_1_74' title="bbox 2009 2920 3655 3003">
    <p class='ocr_par' dir='ltr' id='par_1_74' title="bbox 2009 2920 3655 3003">
     <span class='ocr_line' id='line_1_74' title="bbox 2009 2920 3655 3003; baseline -0.001 -19"><span class='ocrx_word' id='word_1_558' title='bbox 2009 2940 2337 3003; x_wconf 88' lang='lat' dir='ltr'><strong>eorumque</strong></span> <span class='ocrx_word' id='word_1_559' title='bbox 2369 2922 2693 2983; x_wconf 86' lang='lat' dir='ltr'><strong>sententias</strong></span> <span class='ocrx_word' id='word_1_560' title='bbox 2722 2931 2966 2994; x_wconf 88' lang='lat' dir='ltr'><strong>sectata,</strong></span> <span class='ocrx_word' id='word_1_561' title='bbox 3006 2920 3215 2984; x_wconf 86' lang='lat' dir='ltr'><strong>Filium</strong></span> <span class='ocrx_word' id='word_1_562' title='bbox 3249 2939 3320 2983; x_wconf 82' lang='lat' dir='ltr'><strong>ex</strong></span> <span class='ocrx_word' id='word_1_563' title='bbox 3344 2922 3512 2982; x_wconf 86' lang='lat' dir='ltr'><strong>Patre</strong></span> <span class='ocrx_word' id='word_1_564' title='bbox 3528 2920 3655 2982; x_wconf 90' lang='lat' dir='ltr'><strong>solo</strong></span> 
     </span>
    </p>
   </div>
   <div class='ocr_carea' id='block_1_75' title="bbox 2007 3007 3653 3091">
    <p class='ocr_par' dir='ltr' id='par_1_75' title="bbox 2007 3007 3653 3091">
     <span class='ocr_line' id='line_1_75' title="bbox 2007 3007 3653 3091; baseline -0.001 -20"><span class='ocrx_word' id='word_1_565' title='bbox 2007 3010 2387 3091; x_wconf 63' lang='lat' dir='ltr'><strong>depraadicat,</strong></span> <span class='ocrx_word' id='word_1_566' title='bbox 2423 3009 2704 3091; x_wconf 88' lang='lat' dir='ltr'><strong>Spiritum</strong></span> <span class='ocrx_word' id='word_1_567' title='bbox 2738 3019 3006 3071; x_wconf 90' lang='lat' dir='ltr'><strong>sanctum</strong></span> <span class='ocrx_word' id='word_1_568' title='bbox 3030 3017 3088 3072; x_wconf 88' lang='lat' dir='ltr'><strong>et</strong></span> <span class='ocrx_word' id='word_1_569' title='bbox 3115 3028 3183 3070; x_wconf 87' lang='lat' dir='ltr'><strong>ex</strong></span> <span class='ocrx_word' id='word_1_570' title='bbox 3214 3007 3364 3071; x_wconf 90' lang='lat' dir='ltr'><strong>Filio</strong></span> <span class='ocrx_word' id='word_1_571' title='bbox 3395 3026 3526 3071; x_wconf 90' lang='lat' dir='ltr'><strong>esse</strong></span> <span class='ocrx_word' id='word_1_572' title='bbox 3555 3009 3653 3070; x_wconf 93' lang='lat' dir='ltr'><strong>di-</strong></span> 
     </span>
    </p>
   </div>
   <div class='ocr_carea' id='block_1_76' title="bbox 2009 3097 3656 3179">
    <p class='ocr_par' dir='ltr' id='par_1_76' title="bbox 2009 3097 3656 3179">
     <span class='ocr_line' id='line_1_76' title="bbox 2009 3097 3656 3179; baseline -0.001 -19"><span class='ocrx_word' id='word_1_573' title='bbox 2009 3099 2109 3174; x_wconf 88' lang='lat' dir='ltr'><strong>cit,</strong></span> <span class='ocrx_word' id='word_1_574' title='bbox 2145 3109 2202 3161; x_wconf 89' lang='lat' dir='ltr'><strong>et</strong></span> <span class='ocrx_word' id='word_1_575' title='bbox 2254 3118 2434 3160; x_wconf 93' lang='lat' dir='ltr'><strong>unum</strong></span> <span class='ocrx_word' id='word_1_576' title='bbox 2485 3098 2874 3161; x_wconf 89' lang='lat' dir='ltr'><strong>nihilominus</strong></span> <span class='ocrx_word' id='word_1_577' title='bbox 2924 3097 3277 3179; x_wconf 89' lang='lat' dir='ltr'><strong>principium</strong></span> <span class='ocrx_word' id='word_1_578' title='bbox 3333 3098 3392 3158; x_wconf 91' lang='lat' dir='ltr'><strong>in</strong></span> <span class='ocrx_word' id='word_1_579' title='bbox 3451 3106 3656 3161; x_wconf 90' lang='lat' dir='ltr'><strong>sancta</strong></span> 
     </span>
    </p>
   </div>
   <div class='ocr_carea' id='block_1_77' title="bbox 2003 3186 3653 3269">
    <p class='ocr_par' dir='ltr' id='par_1_77' title="bbox 2003 3186 3653 3269">
     <span class='ocr_line' id='line_1_77' title="bbox 2003 3186 3653 3269; baseline 0 -20"><span class='ocrx_word' id='word_1_580' title='bbox 2003 3186 2217 3249; x_wconf 90' lang='lat' dir='ltr'><strong>Triade</strong></span> <span class='ocrx_word' id='word_1_581' title='bbox 2249 3206 2398 3269; x_wconf 92' lang='lat' dir='ltr'><strong>pure</strong></span> <span class='ocrx_word' id='word_1_582' title='bbox 2426 3197 2749 3269; x_wconf 89' lang='lat' dir='ltr'><strong>aperteque</strong></span> <span class='ocrx_word' id='word_1_583' title='bbox 2798 3196 2963 3251; x_wconf 89' lang='lat' dir='ltr'><strong>tenet</strong></span> <span class='ocrx_word' id='word_1_584' title='bbox 2991 3195 3045 3249; x_wconf 86' lang='lat' dir='ltr'><strong>et</strong></span> <span class='ocrx_word' id='word_1_585' title='bbox 3078 3187 3398 3249; x_wconf 81' lang='lat' dir='ltr'><strong>conﬁtetur</strong></span> <span class='ocrx_word' id='word_1_586' title='bbox 3441 3205 3455 3246; x_wconf 91' lang='lat'><strong>:</strong></span> <span class='ocrx_word' id='word_1_587' title='bbox 3495 3188 3653 3267; x_wconf 81' lang='lat' dir='ltr'><strong>quod</strong></span> 
     </span>
    </p>
   </div>
   <div class='ocr_carea' id='block_1_78' title="bbox 2005 3274 3654 3348">
    <p class='ocr_par' dir='ltr' id='par_1_78' title="bbox 2005 3274 3654 3348">
     <span class='ocr_line' id='line_1_78' title="bbox 2005 3274 3654 3348; baseline -0.001 -10"><span class='ocrx_word' id='word_1_588' title='bbox 2005 3277 2151 3339; x_wconf 92' lang='lat' dir='ltr'><strong>sciat</strong></span> <span class='ocrx_word' id='word_1_589' title='bbox 2210 3279 2449 3340; x_wconf 83' lang='lat' dir='ltr'><strong>Patrum</strong></span> <span class='ocrx_word' id='word_1_590' title='bbox 2509 3276 2800 3337; x_wconf 85' lang='lat' dir='ltr'><strong>doctrinis</strong></span> <span class='ocrx_word' id='word_1_591' title='bbox 2830 3276 3134 3348; x_wconf 91' lang='lat' dir='ltr'><strong>instructa,</strong></span> <span class='ocrx_word' id='word_1_592' title='bbox 3165 3274 3366 3335; x_wconf 84' lang='lat' dir='ltr'><strong>omnia</strong></span> <span class='ocrx_word' id='word_1_593' title='bbox 3418 3275 3551 3337; x_wconf 85' lang='lat' dir='ltr'><strong>Filii</strong></span> <span class='ocrx_word' id='word_1_594' title='bbox 3581 3275 3654 3336; x_wconf 85' lang='lat' dir='ltr'><strong>ad</strong></span> 
     </span>
    </p>
   </div>
   <div class='ocr_carea' id='block_1_79' title="bbox 2004 3362 3655 3444">
    <p class='ocr_par' dir='ltr' id='par_1_79' title="bbox 2004 3362 3655 3444">
     <span class='ocr_line' id='line_1_79' title="bbox 2004 3362 3655 3444; baseline -0.001 -17"><span class='ocrx_word' id='word_1_595' title='bbox 2004 3365 2241 3428; x_wconf 88' lang='lat' dir='ltr'><strong>Patrem</strong></span> <span class='ocrx_word' id='word_1_596' title='bbox 2278 3367 2526 3444; x_wconf 87' lang='lat' dir='ltr'><strong>primam</strong></span> <span class='ocrx_word' id='word_1_597' title='bbox 2556 3382 2789 3426; x_wconf 85' lang='lat' dir='ltr'><strong>causam</strong></span> <span class='ocrx_word' id='word_1_598' title='bbox 2818 3363 3050 3426; x_wconf 85' lang='lat' dir='ltr'><strong>referri.</strong></span> <span class='ocrx_word' id='word_1_599' title='bbox 3096 3362 3363 3444; x_wconf 88' lang='lat' dir='ltr'><strong>Namque</strong></span> <span class='ocrx_word' id='word_1_600' title='bbox 3392 3382 3460 3424; x_wconf 87' lang='lat' dir='ltr'><strong>ex</strong></span> <span class='ocrx_word' id='word_1_601' title='bbox 3487 3365 3655 3425; x_wconf 85' lang='lat' dir='ltr'><strong>Patre</strong></span> 
     </span>
    </p>
   </div>
   <div class='ocr_carea' id='block_1_80' title="bbox 2006 3451 3656 3534">
    <p class='ocr_par' dir='ltr' id='par_1_80' title="bbox 2006 3451 3656 3534">
     <span class='ocr_line' id='line_1_80' title="bbox 2006 3451 3656 3534; baseline -0.001 -18"><span class='ocrx_word' id='word_1_602' title='bbox 2006 3462 2064 3516; x_wconf 90' lang='lat' dir='ltr'><strong>et</strong></span> <span class='ocrx_word' id='word_1_603' title='bbox 2090 3474 2159 3516; x_wconf 85' lang='lat' dir='ltr'><strong>ex</strong></span> <span class='ocrx_word' id='word_1_604' title='bbox 2190 3454 2338 3516; x_wconf 87' lang='lat' dir='ltr'><strong>Filio</strong></span> <span class='ocrx_word' id='word_1_605' title='bbox 2371 3454 2572 3515; x_wconf 89' lang='lat' dir='ltr'><strong>dicere</strong></span> <span class='ocrx_word' id='word_1_606' title='bbox 2603 3452 3141 3534; x_wconf 74' lang='lat' dir='ltr'><strong>Spiritztm,etduas</strong></span> <span class='ocrx_word' id='word_1_607' title='bbox 3170 3469 3378 3513; x_wconf 86' lang='lat' dir='ltr'><strong>causas</strong></span> <span class='ocrx_word' id='word_1_608' title='bbox 3400 3451 3656 3533; x_wconf 90' lang='lat' dir='ltr'><strong>Spiritus</strong></span> 
     </span>
    </p>
   </div>
   <div class='ocr_carea' id='block_1_81' title="bbox 2008 3540 3655 3623">
    <p class='ocr_par' dir='ltr' id='par_1_81' title="bbox 2008 3540 3655 3623">
     <span class='ocr_line' id='line_1_81' title="bbox 2008 3540 3655 3623; baseline 0 -21"><span class='ocrx_word' id='word_1_609' title='bbox 2008 3562 2124 3604; x_wconf 84' lang='lat' dir='ltr'><strong>non</strong></span> <span class='ocrx_word' id='word_1_610' title='bbox 2154 3542 2347 3623; x_wconf 87' lang='lat' dir='ltr'><strong>fateri,</strong></span> <span class='ocrx_word' id='word_1_611' title='bbox 2385 3561 2503 3603; x_wconf 92' lang='lat' dir='ltr'><strong>non</strong></span> <span class='ocrx_word' id='word_1_612' title='bbox 2540 3542 2784 3604; x_wconf 87' lang='lat' dir='ltr'><strong>aliunde</strong></span> <span class='ocrx_word' id='word_1_613' title='bbox 2815 3560 3056 3623; x_wconf 88' lang='lat' dir='ltr'><strong>prorsus</strong></span> <span class='ocrx_word' id='word_1_614' title='bbox 3087 3548 3197 3615; x_wconf 87' lang='lat' dir='ltr'><strong>est,</strong></span> <span class='ocrx_word' id='word_1_615' title='bbox 3232 3558 3406 3621; x_wconf 90' lang='lat' dir='ltr'><strong>quam</strong></span> <span class='ocrx_word' id='word_1_616' title='bbox 3441 3560 3509 3602; x_wconf 85' lang='lat' dir='ltr'><strong>ex</strong></span> <span class='ocrx_word' id='word_1_617' title='bbox 3543 3540 3655 3603; x_wconf 87' lang='lat' dir='ltr'><strong>hoc</strong></span> 
     </span>
    </p>
   </div>
   <div class='ocr_carea' id='block_1_82' title="bbox 2004 3629 3652 3712">
    <p class='ocr_par' dir='ltr' id='par_1_82' title="bbox 2004 3629 3652 3712">
     <span class='ocr_line' id='line_1_82' title="bbox 2004 3629 3652 3712; baseline 0.001 -21"><span class='ocrx_word' id='word_1_618' title='bbox 2004 3630 2158 3709; x_wconf 89' lang='lat' dir='ltr'><strong>ipso,</strong></span> <span class='ocrx_word' id='word_1_619' title='bbox 2191 3632 2345 3712; x_wconf 85' lang='lat' dir='ltr'><strong>quod</strong></span> <span class='ocrx_word' id='word_1_620' title='bbox 2407 3634 2625 3707; x_wconf 89' lang='lat' dir='ltr'><strong>omnia,</strong></span> <span class='ocrx_word' id='word_1_621' title='bbox 2661 3640 2724 3693; x_wconf 92' lang='lat' dir='ltr'><strong>ut</strong></span> <span class='ocrx_word' id='word_1_622' title='bbox 2770 3632 2894 3711; x_wconf 83' lang='lat' dir='ltr'><strong>jam</strong></span> <span class='ocrx_word' id='word_1_623' title='bbox 2952 3631 3172 3692; x_wconf 91' lang='lat' dir='ltr'><strong>dictum</strong></span> <span class='ocrx_word' id='word_1_624' title='bbox 3232 3638 3344 3704; x_wconf 88' lang='lat' dir='ltr'><strong>est,</strong></span> <span class='ocrx_word' id='word_1_625' title='bbox 3400 3629 3535 3692; x_wconf 89' lang='lat' dir='ltr'><strong>Filii</strong></span> <span class='ocrx_word' id='word_1_626' title='bbox 3579 3631 3652 3692; x_wconf 85' lang='lat' dir='ltr'><strong>ad</strong></span> 
     </span>
    </p>
   </div>
   <div class='ocr_carea' id='block_1_83' title="bbox 2004 3716 3658 3800">
    <p class='ocr_par' dir='ltr' id='par_1_83' title="bbox 2004 3716 3658 3800">
     <span class='ocr_line' id='line_1_83' title="bbox 2004 3716 3658 3800; baseline -0.002 -19"><span class='ocrx_word' id='word_1_627' title='bbox 2004 3722 2236 3781; x_wconf 80' lang='lat' dir='ltr'><strong>Patrem</strong></span> <span class='ocrx_word' id='word_1_628' title='bbox 2297 3720 2545 3800; x_wconf 87' lang='lat' dir='ltr'><strong>primam</strong></span> <span class='ocrx_word' id='word_1_629' title='bbox 2602 3739 2841 3782; x_wconf 78' lang='lat' dir='ltr'><strong>causam</strong></span> <span class='ocrx_word' id='word_1_630' title='bbox 2892 3719 3250 3781; x_wconf 78' lang='lat' dir='ltr'><strong>referantur.</strong></span> <span class='ocrx_word' id='word_1_631' title='bbox 3284 3716 3449 3791; x_wconf 86' lang='lat' dir='ltr'><strong>Quod</strong></span> <span class='ocrx_word' id='word_1_632' title='bbox 3497 3718 3547 3779; x_wconf 88' lang='lat' dir='ltr'><strong>si</strong></span> <span class='ocrx_word' id='word_1_633' title='bbox 3598 3726 3658 3779; x_wconf 89' lang='lat' dir='ltr'><strong>et</strong></span> 
     </span>
    </p>
   </div>
   <div class='ocr_carea' id='block_1_84' title="bbox 2003 3806 3654 3890">
    <p class='ocr_par' dir='ltr' id='par_1_84' title="bbox 2003 3806 3654 3890">
     <span class='ocr_line' id='line_1_84' title="bbox 2003 3806 3654 3890; baseline 0.001 -22"><span class='ocrx_word' id='word_1_634' title='bbox 2003 3808 2420 3890; x_wconf 81' lang='lat' dir='ltr'><strong>theologorum</strong></span> <span class='ocrx_word' id='word_1_635' title='bbox 2450 3809 2707 3870; x_wconf 87' lang='lat' dir='ltr'><strong>virorum</strong></span> <span class='ocrx_word' id='word_1_636' title='bbox 2742 3808 3077 3870; x_wconf 89' lang='lat' dir='ltr'><strong>testimonio</strong></span> <span class='ocrx_word' id='word_1_637' title='bbox 3107 3806 3358 3884; x_wconf 84' lang='lat' dir='ltr'><strong>indiges,</strong></span> <span class='ocrx_word' id='word_1_638' title='bbox 3407 3815 3471 3869; x_wconf 88' lang='lat' dir='ltr'><strong>ut</strong></span> <span class='ocrx_word' id='word_1_639' title='bbox 3512 3807 3654 3870; x_wconf 87' lang='lat' dir='ltr'><strong>inde</strong></span> 
     </span>
    </p>
   </div>
   <div class='ocr_carea' id='block_1_85' title="bbox 1999 3895 3651 3979">
    <p class='ocr_par' dir='ltr' id='par_1_85' title="bbox 1999 3895 3651 3979">
     <span class='ocr_line' id='line_1_85' title="bbox 1999 3895 3651 3979; baseline 0.001 -23"><span class='ocrx_word' id='word_1_640' title='bbox 1999 3896 2123 3975; x_wconf 89' lang='lat' dir='ltr'><strong>jam</strong></span> <span class='ocrx_word' id='word_1_641' title='bbox 2153 3897 2445 3959; x_wconf 88' lang='lat' dir='ltr'><strong>dictorum</strong></span> <span class='ocrx_word' id='word_1_642' title='bbox 2478 3898 2657 3960; x_wconf 90' lang='lat' dir='ltr'><strong>veluti</strong></span> <span class='ocrx_word' id='word_1_643' title='bbox 2690 3898 2899 3979; x_wconf 76' lang='lat' dir='ltr'><strong>pignus</strong></span> <span class='ocrx_word' id='word_1_644' title='bbox 2928 3897 3177 3972; x_wconf 91' lang='lat' dir='ltr'><strong>habens,</strong></span> <span class='ocrx_word' id='word_1_645' title='bbox 3210 3895 3287 3957; x_wconf 88' lang='lat' dir='ltr'><strong>ad</strong></span> <span class='ocrx_word' id='word_1_646' title='bbox 3318 3914 3651 3976; x_wconf 84' lang='lat' dir='ltr'><strong>agnoscen-</strong></span> 
     </span>
    </p>
   </div>
   <div class='ocr_carea' id='block_1_86' title="bbox 2009 3985 3657 4067">
    <p class='ocr_par' dir='ltr' id='par_1_86' title="bbox 2009 3985 3657 4067">
     <span class='ocr_line' id='line_1_86' title="bbox 2009 3985 3657 4067; baseline 0 -20"><span class='ocrx_word' id='word_1_647' title='bbox 2009 3986 2173 4067; x_wconf 91' lang='lat' dir='ltr'><strong>dum,</strong></span> <span class='ocrx_word' id='word_1_648' title='bbox 2210 4006 2326 4047; x_wconf 90' lang='lat' dir='ltr'><strong>non</strong></span> <span class='ocrx_word' id='word_1_649' title='bbox 2359 3987 2505 4049; x_wconf 88' lang='lat' dir='ltr'><strong>duas</strong></span> <span class='ocrx_word' id='word_1_650' title='bbox 2548 4006 2753 4049; x_wconf 88' lang='lat' dir='ltr'><strong>causas</strong></span> <span class='ocrx_word' id='word_1_651' title='bbox 2794 3985 3050 4066; x_wconf 88' lang='lat' dir='ltr'><strong>Spiritus</strong></span> <span class='ocrx_word' id='word_1_652' title='bbox 3095 3985 3186 4048; x_wconf 88' lang='lat' dir='ltr'><strong>vel</strong></span> <span class='ocrx_word' id='word_1_653' title='bbox 3234 4004 3387 4060; x_wconf 90' lang='lat' dir='ltr'><strong>esse,</strong></span> <span class='ocrx_word' id='word_1_654' title='bbox 3428 3986 3516 4048; x_wconf 88' lang='lat' dir='ltr'><strong>vel</strong></span> <span class='ocrx_word' id='word_1_655' title='bbox 3539 3985 3657 4048; x_wconf 87' lang='lat' dir='ltr'><strong>dici</strong></span> 
     </span>
    </p>
   </div>
   <div class='ocr_carea' id='block_1_87' title="bbox 2006 4073 3652 4156">
    <p class='ocr_par' dir='ltr' id='par_1_87' title="bbox 2006 4073 3652 4156">
     <span class='ocr_line' id='line_1_87' title="bbox 2006 4073 3652 4156; baseline 0.001 -21"><span class='ocrx_word' id='word_1_656' title='bbox 2006 4073 2242 4137; x_wconf 88' lang='lat' dir='ltr'><strong>Patrem</strong></span> <span class='ocrx_word' id='word_1_657' title='bbox 2297 4085 2353 4137; x_wconf 90' lang='lat' dir='ltr'><strong>et</strong></span> <span class='ocrx_word' id='word_1_658' title='bbox 2408 4076 2650 4156; x_wconf 89' lang='lat' dir='ltr'><strong>Filium,</strong></span> <span class='ocrx_word' id='word_1_659' title='bbox 2709 4095 2843 4137; x_wconf 91' lang='lat' dir='ltr'><strong>cum</strong></span> <span class='ocrx_word' id='word_1_660' title='bbox 2901 4074 3115 4137; x_wconf 89' lang='lat' dir='ltr'><strong>dicitur</strong></span> <span class='ocrx_word' id='word_1_661' title='bbox 3179 4092 3246 4135; x_wconf 85' lang='lat' dir='ltr'><strong>ex</strong></span> <span class='ocrx_word' id='word_1_662' title='bbox 3300 4077 3468 4136; x_wconf 90' lang='lat' dir='ltr'><strong>Patre</strong></span> <span class='ocrx_word' id='word_1_663' title='bbox 3498 4083 3553 4136; x_wconf 89' lang='lat' dir='ltr'><strong>et</strong></span> <span class='ocrx_word' id='word_1_664' title='bbox 3584 4093 3652 4136; x_wconf 86' lang='lat' dir='ltr'><strong>ex</strong></span> 
     </span>
    </p>
   </div>
   <div class='ocr_carea' id='block_1_88' title="bbox 2008 4162 3652 4246">
    <p class='ocr_par' dir='ltr' id='par_1_88' title="bbox 2008 4162 3652 4246">
     <span class='ocr_line' id='line_1_88' title="bbox 2008 4162 3652 4246; baseline -0.001 -21"><span class='ocrx_word' id='word_1_665' title='bbox 2008 4162 2158 4225; x_wconf 87' lang='lat' dir='ltr'><strong>Filio</strong></span> <span class='ocrx_word' id='word_1_666' title='bbox 2190 4183 2351 4225; x_wconf 89' lang='lat' dir='ltr'><strong>essse</strong></span> <span class='ocrx_word' id='word_1_667' title='bbox 2382 4164 2662 4246; x_wconf 88' lang='lat' dir='ltr'><strong>Spiritus,</strong></span> <span class='ocrx_word' id='word_1_668' title='bbox 2694 4164 2848 4245; x_wconf 90' lang='lat' dir='ltr'><strong>quod</strong></span> <span class='ocrx_word' id='word_1_669' title='bbox 2882 4163 3081 4225; x_wconf 89' lang='lat' dir='ltr'><strong>omnia</strong></span> <span class='ocrx_word' id='word_1_670' title='bbox 3111 4162 3243 4224; x_wconf 89' lang='lat' dir='ltr'><strong>Filii</strong></span> <span class='ocrx_word' id='word_1_671' title='bbox 3277 4163 3346 4224; x_wconf 86' lang='lat' dir='ltr'><strong>ad</strong></span> <span class='ocrx_word' id='word_1_672' title='bbox 3395 4165 3652 4244; x_wconf 88' lang='lat' dir='ltr'><strong>Patrem,</strong></span> 
     </span>
    </p>
   </div>
   <div class='ocr_carea' id='block_1_89' title="bbox 2008 4250 3655 4334">
    <p class='ocr_par' dir='ltr' id='par_1_89' title="bbox 2008 4250 3655 4334">
     <span class='ocr_line' id='line_1_89' title="bbox 2008 4250 3655 4334; baseline 0 -22"><span class='ocrx_word' id='word_1_673' title='bbox 2008 4252 2258 4332; x_wconf 88' lang='lat' dir='ltr'><strong>primam</strong></span> <span class='ocrx_word' id='word_1_674' title='bbox 2281 4272 2515 4315; x_wconf 88' lang='lat' dir='ltr'><strong>causam</strong></span> <span class='ocrx_word' id='word_1_675' title='bbox 2543 4254 2902 4334; x_wconf 77' lang='lat' dir='ltr'><strong>referantur,</strong></span> <span class='ocrx_word' id='word_1_676' title='bbox 2938 4270 3184 4326; x_wconf 75' lang='lat' dir='ltr'><strong>magnus</strong></span> <span class='ocrx_word' id='word_1_677' title='bbox 3213 4250 3464 4313; x_wconf 89' lang='lat' dir='ltr'><strong>Basilius</strong></span> <span class='ocrx_word' id='word_1_678' title='bbox 3490 4251 3655 4312; x_wconf 86' lang='lat' dir='ltr'><strong>testis</strong></span> 
     </span>
    </p>
   </div>
   <div class='ocr_carea' id='block_1_90' title="bbox 2006 4338 3652 4421">
    <p class='ocr_par' dir='ltr' id='par_1_90' title="bbox 2006 4338 3652 4421">
     <span class='ocr_line' id='line_1_90' title="bbox 2006 4338 3652 4421; baseline -0.001 -20"><span class='ocrx_word' id='word_1_679' title='bbox 2006 4340 2123 4402; x_wconf 89' lang='lat' dir='ltr'><strong>ﬁde</strong></span> <span class='ocrx_word' id='word_1_680' title='bbox 2154 4341 2365 4420; x_wconf 83' lang='lat' dir='ltr'><strong>dignus</strong></span> <span class='ocrx_word' id='word_1_681' title='bbox 2395 4342 2748 4404; x_wconf 84' lang='lat' dir='ltr'><strong>adducatur.</strong></span> <span class='ocrx_word' id='word_1_682' title='bbox 2782 4341 2891 4404; x_wconf 85' lang='lat' dir='ltr'><strong>Hic</strong></span> <span class='ocrx_word' id='word_1_683' title='bbox 2923 4340 3108 4420; x_wconf 90' lang='lat' dir='ltr'><strong>enim,</strong></span> <span class='ocrx_word' id='word_1_684' title='bbox 3140 4339 3241 4421; x_wconf 91' lang='lat' dir='ltr'><strong>qui</strong></span> <span class='ocrx_word' id='word_1_685' title='bbox 3269 4338 3341 4400; x_wconf 87' lang='lat' dir='ltr'><strong>ad</strong></span> <span class='ocrx_word' id='word_1_686' title='bbox 3372 4355 3469 4401; x_wconf 83' lang='lat' dir='ltr'><strong>res</strong></span> <span class='ocrx_word' id='word_1_687' title='bbox 3497 4338 3652 4400; x_wconf 87' lang='lat' dir='ltr'><strong>divi-</strong></span> 
     </span>
    </p>
   </div>
   <div class='ocr_carea' id='block_1_91' title="bbox 2005 4427 3652 4507">
    <p class='ocr_par' dir='ltr' id='par_1_91' title="bbox 2005 4427 3652 4507">
     <span class='ocr_line' id='line_1_91' title="bbox 2005 4427 3652 4507; baseline -0.001 -18"><span class='ocrx_word' id='word_1_688' title='bbox 2005 4447 2110 4489; x_wconf 80' lang='lat' dir='ltr'><strong>nas</strong></span> <span class='ocrx_word' id='word_1_689' title='bbox 2143 4430 2585 4506; x_wconf 80' lang='lat' dir='ltr'><strong>pertractandas</strong></span> <span class='ocrx_word' id='word_1_690' title='bbox 2634 4430 2879 4491; x_wconf 89' lang='lat' dir='ltr'><strong>multum</strong></span> <span class='ocrx_word' id='word_1_691' title='bbox 2921 4428 3122 4506; x_wconf 87' lang='lat' dir='ltr'><strong>valuit,</strong></span> <span class='ocrx_word' id='word_1_692' title='bbox 3175 4428 3345 4507; x_wconf 87' lang='lat' dir='ltr'><strong>cujus</strong></span> <span class='ocrx_word' id='word_1_693' title='bbox 3381 4434 3439 4488; x_wconf 91' lang='lat' dir='ltr'><strong>et</strong></span> <span class='ocrx_word' id='word_1_694' title='bbox 3467 4427 3652 4489; x_wconf 85' lang='lat' dir='ltr'><strong>oratio</strong></span> 
     </span>
    </p>
   </div>
   <div class='ocr_carea' id='block_1_92' title="bbox 263 4512 1922 4600">
    <p class='ocr_par' dir='ltr' id='par_1_92' title="bbox 263 4512 1915 4600">
     <span class='ocr_line' id='line_1_92' title="bbox 263 4512 1915 4600; baseline 0.005 -31"><span class='ocrx_word' id='word_1_695' title='bbox 263 4512 453 4581; x_wconf 63' lang='grc' dir='ltr'>σῦιειος</span> <span class='ocrx_word' id='word_1_696' title='bbox 511 4518 586 4579; x_wconf 76' lang='grc' dir='ltr'><strong>εἰς</strong></span> <span class='ocrx_word' id='word_1_697' title='bbox 661 4516 942 4594; x_wconf 80' lang='grc' dir='ltr'>μαρτυρίαν</span> <span class='ocrx_word' id='word_1_698' title='bbox 1008 4518 1146 4589; x_wconf 72' lang='grc' dir='ltr'>ἡμῖν</span> <span class='ocrx_word' id='word_1_699' title='bbox 1204 4515 1507 4587; x_wconf 75' lang='grc' dir='ltr'>ἀξιόπιστον</span> <span class='ocrx_word' id='word_1_700' title='bbox 1553 4523 1915 4600; x_wconf 27' lang='grc' dir='ltr'>ηπαραχθήσεο</span> 
     </span>
    </p>
   </div>
   <div class='ocr_carea' id='block_1_93' title="bbox 2009 4512 3649 4600">
    <p class='ocr_par' dir='ltr' id='par_1_93' title="bbox 2009 4514 3649 4599">
     <span class='ocr_line' id='line_1_93' title="bbox 2009 4514 3649 4599; baseline -0.002 -21"><span class='ocrx_word' id='word_1_701' title='bbox 2009 4517 2580 4599; x_wconf 79' lang='lat' dir='ltr'><strong>inexsuperabilis,et</strong></span> <span class='ocrx_word' id='word_1_702' title='bbox 2612 4537 2809 4580; x_wconf 73' lang='lat' dir='ltr'><strong>mores</strong></span> <span class='ocrx_word' id='word_1_703' title='bbox 2840 4514 3247 4596; x_wconf 87' lang='lat' dir='ltr'><strong>inimitabiles,</strong></span> <span class='ocrx_word' id='word_1_704' title='bbox 3276 4534 3409 4576; x_wconf 90' lang='lat' dir='ltr'><strong>cum</strong></span> <span class='ocrx_word' id='word_1_705' title='bbox 3442 4516 3649 4578; x_wconf 88' lang='lat' dir='ltr'><strong>Euno-</strong></span> 
     </span>
    </p>
   </div>
   <div class='ocr_carea' id='block_1_94' title="bbox 262 4604 1919 4688">
    <p class='ocr_par' dir='ltr' id='par_1_94' title="bbox 262 4604 1919 4688">
     <span class='ocr_line' id='line_1_94' title="bbox 262 4604 1919 4688; baseline 0.005 -31"><span class='ocrx_word' id='word_1_706' title='bbox 262 4622 369 4666; x_wconf 82' lang='grc' dir='ltr'>ται,</span> <span class='ocrx_word' id='word_1_707' title='bbox 394 4606 561 4669; x_wconf 82' lang='grc' dir='ltr'>Οὗτος</span> <span class='ocrx_word' id='word_1_708' title='bbox 590 4605 805 4683; x_wconf 76' lang='grc' dir='ltr'>καὶγὰρ</span> <span class='ocrx_word' id='word_1_709' title='bbox 853 4608 881 4660; x_wconf 84' lang='grc' dir='ltr'>ὂ</span> <span class='ocrx_word' id='word_1_710' title='bbox 932 4605 999 4661; x_wconf 83' lang='grc' dir='ltr'>τὰ</span> <span class='ocrx_word' id='word_1_711' title='bbox 1052 4608 1171 4661; x_wconf 71' lang='grc' dir='ltr'>θεῖα</span> <span class='ocrx_word' id='word_1_712' title='bbox 1230 4604 1415 4679; x_wconf 83' lang='grc' dir='ltr'>πολύς,</span> <span class='ocrx_word' id='word_1_713' title='bbox 1477 4610 1535 4662; x_wconf 76' lang='grc' dir='ltr'><strong>οὗ</strong></span> <span class='ocrx_word' id='word_1_714' title='bbox 1589 4609 1676 4665; x_wconf 86' lang='grc' dir='ltr'><strong>καὶ</strong></span> <span class='ocrx_word' id='word_1_715' title='bbox 1706 4611 1733 4664; x_wconf 84' lang='grc' dir='ltr'>ὁ</span> <span class='ocrx_word' id='word_1_716' title='bbox 1762 4608 1919 4688; x_wconf 79' lang='grc' dir='ltr'>λόγος</span> 
     </span>
    </p>
   </div>
   <div class='ocr_carea' id='block_1_95' title="bbox 262 4689 1918 4773">
    <p class='ocr_par' dir='ltr' id='par_1_95' title="bbox 262 4689 1918 4773">
     <span class='ocr_line' id='line_1_95' title="bbox 262 4689 1918 4773; baseline 0.004 -26"><span class='ocrx_word' id='word_1_717' title='bbox 262 4689 553 4772; x_wconf 74' lang='grc' dir='ltr'>ἀήττητος,</span> <span class='ocrx_word' id='word_1_718' title='bbox 596 4695 689 4750; x_wconf 83' lang='grc' dir='ltr'><strong>καὶ</strong></span> <span class='ocrx_word' id='word_1_719' title='bbox 731 4696 759 4750; x_wconf 84' lang='grc' dir='ltr'>ὁ</span> <span class='ocrx_word' id='word_1_720' title='bbox 800 4694 994 4772; x_wconf 82' lang='grc' dir='ltr'>τρόπος</span> <span class='ocrx_word' id='word_1_721' title='bbox 1026 4694 1315 4770; x_wconf 80' lang='grc' dir='ltr'>ἀμίμητος,</span> <span class='ocrx_word' id='word_1_722' title='bbox 1377 4694 1489 4751; x_wconf 81' lang='grc' dir='ltr'>ἐπεὶ</span> <span class='ocrx_word' id='word_1_723' title='bbox 1531 4698 1620 4752; x_wconf 79' lang='grc' dir='ltr'>τὸν</span> <span class='ocrx_word' id='word_1_724' title='bbox 1664 4698 1918 4773; x_wconf 66' lang='grc' dir='ltr'>Εὐνόμιον</span> 
     </span>
    </p>
   </div>
   <div class='ocr_carea' id='block_1_96' title="bbox 260 4782 1916 4860">
    <p class='ocr_par' dir='ltr' id='par_1_96' title="bbox 260 4782 1916 4860">
     <span class='ocr_line' id='line_1_96' title="bbox 260 4782 1916 4860; baseline 0.005 -25"><span class='ocrx_word' id='word_1_725' title='bbox 260 4782 511 4860; x_wconf 75' lang='grc' dir='ltr'>περὶτῆς</span> <span class='ocrx_word' id='word_1_726' title='bbox 556 4783 727 4846; x_wconf 79' lang='grc' dir='ltr'>αἰτίας</span> <span class='ocrx_word' id='word_1_727' title='bbox 772 4783 865 4838; x_wconf 78' lang='lat'><strong>106</strong></span> <span class='ocrx_word' id='word_1_728' title='bbox 910 4784 1214 4859; x_wconf 79' lang='grc' dir='ltr'>Πνεύματος</span> <span class='ocrx_word' id='word_1_729' title='bbox 1257 4782 1638 4860; x_wconf 81' lang='grc' dir='ltr'>δογματίζοντα</span> <span class='ocrx_word' id='word_1_730' title='bbox 1685 4784 1740 4840; x_wconf 80' lang='grc' dir='ltr'>ἐν</span> <span class='ocrx_word' id='word_1_731' title='bbox 1795 4788 1916 4852; x_wconf 82' lang='grc' dir='ltr'>τοῖς</span> 
     </span>
    </p>
   </div>
   <div class='ocr_carea' id='block_1_97' title="bbox 262 4868 1917 4949">
    <p class='ocr_par' dir='ltr' id='par_1_97' title="bbox 262 4868 1917 4949">
     <span class='ocr_line' id='line_1_97' title="bbox 262 4868 1917 4949; baseline 0.005 -25"><span class='ocrx_word' id='word_1_732' title='bbox 262 4869 420 4927; x_wconf 74' lang='grc' dir='ltr'><strong>αὖτοῦ</strong></span> <span class='ocrx_word' id='word_1_733' title='bbox 502 4871 913 4949; x_wconf 74' lang='grc' dir='ltr'>συγγράμμασιν</span> <span class='ocrx_word' id='word_1_734' title='bbox 1002 4870 1203 4948; x_wconf 66' lang='grc' dir='ltr'>εὕρισκε</span> <span class='ocrx_word' id='word_1_735' title='bbox 1283 4868 1530 4949; x_wconf 81' lang='grc' dir='ltr'>λέγοντα,</span> <span class='ocrx_word' id='word_1_736' title='bbox 1614 4872 1674 4928; x_wconf 82' lang='grc' dir='ltr'>ἐκ</span> <span class='ocrx_word' id='word_1_737' title='bbox 1757 4876 1917 4949; x_wconf 85' lang='grc' dir='ltr'>μόνου</span> 
     </span>
    </p>
   </div>
   <div class='ocr_carea' id='block_1_98' title="bbox 259 4956 1918 5038">
    <p class='ocr_par' dir='ltr' id='par_1_98' title="bbox 259 4956 1918 5038">
     <span class='ocr_line' id='line_1_98' title="bbox 259 4956 1918 5038; baseline 0.006 -25"><span class='ocrx_word' id='word_1_738' title='bbox 259 4960 354 5014; x_wconf 83' lang='lat'><strong>106</strong></span> <span class='ocrx_word' id='word_1_739' title='bbox 397 4961 520 5015; x_wconf 71' lang='grc' dir='ltr'><strong>ι’ῗοῦ</strong></span> <span class='ocrx_word' id='word_1_740' title='bbox 562 4960 704 5015; x_wconf 80' lang='grc' dir='ltr'>εἶναι</span> <span class='ocrx_word' id='word_1_741' title='bbox 760 4961 904 5033; x_wconf 71' lang='grc' dir='ltr'>αὒτὸ,</span> <span class='ocrx_word' id='word_1_742' title='bbox 951 4958 1005 5015; x_wconf 75' lang='grc' dir='ltr'>ἐν</span> <span class='ocrx_word' id='word_1_743' title='bbox 1046 4964 1125 5033; x_wconf 81' lang='grc' dir='ltr'>τῷ</span> <span class='ocrx_word' id='word_1_744' title='bbox 1176 4956 1351 5038; x_wconf 60' lang='grc' dir='ltr'>δεπεέρ</span> <span class='ocrx_word' id='word_1_745' title='bbox 1371 4984 1397 5031; x_wconf 78' lang='grc'><strong>;›</strong></span> <span class='ocrx_word' id='word_1_746' title='bbox 1438 4967 1545 5016; x_wconf 78' lang='grc' dir='ltr'>τῶν</span> <span class='ocrx_word' id='word_1_747' title='bbox 1599 4963 1718 5017; x_wconf 85' lang='grc' dir='ltr'>κατ’</span> <span class='ocrx_word' id='word_1_748' title='bbox 1763 4967 1918 5023; x_wconf 70' lang='grc' dir='ltr'>αὖτοιό</span> 
     </span>
    </p>
   </div>
   <div class='ocr_carea' id='block_1_99' title="bbox 262 5044 1915 5129">
    <p class='ocr_par' dir='ltr' id='par_1_99' title="bbox 262 5044 1915 5129">
     <span class='ocr_line' id='line_1_99' title="bbox 262 5044 1915 5129; baseline 0.005 -28"><span class='ocrx_word' id='word_1_749' title='bbox 262 5044 439 5124; x_wconf 85' lang='grc' dir='ltr'>λόγων</span> <span class='ocrx_word' id='word_1_750' title='bbox 481 5051 612 5126; x_wconf 79' lang='grc' dir='ltr'>πρὸς</span> <span class='ocrx_word' id='word_1_751' title='bbox 646 5055 723 5123; x_wconf 82' lang='grc' dir='ltr'>τῷ</span> <span class='ocrx_word' id='word_1_752' title='bbox 750 5048 889 5104; x_wconf 74' lang='grc' dir='ltr'>τέλει</span> <span class='ocrx_word' id='word_1_753' title='bbox 919 5048 1057 5106; x_wconf 52' lang='grc' dir='ltr'>οὕτω</span> <span class='ocrx_word' id='word_1_754' title='bbox 1086 5048 1248 5129; x_wconf 71' lang='grc' dir='ltr'>φησίν</span> <span class='ocrx_word' id='word_1_755' title='bbox 1280 5063 1294 5077; x_wconf 85' lang='grc'><strong>⁸</strong></span> <span class='ocrx_word' id='word_1_756' title='bbox 1364 5072 1392 5103; x_wconf 77' lang='grc' dir='ltr'><strong>α</strong></span> <span class='ocrx_word' id='word_1_757' title='bbox 1451 5049 1660 5106; x_wconf 72' lang='grc' dir='ltr'>Ἐκεῖνο</span> <span class='ocrx_word' id='word_1_758' title='bbox 1703 5049 1756 5107; x_wconf 76' lang='grc' dir='ltr'>δὲ</span> <span class='ocrx_word' id='word_1_759' title='bbox 1813 5075 1915 5109; x_wconf 68' lang='grc' dir='ltr'>τιδι</span> 
     </span>
    </p>
   </div>
   <div class='ocr_carea' id='block_1_100' title="bbox 260 5134 1915 5218">
    <p class='ocr_par' dir='ltr' id='par_1_100' title="bbox 260 5134 1915 5218">
     <span class='ocr_line' id='line_1_100' title="bbox 260 5134 1915 5218; baseline 0.004 -28"><span class='ocrx_word' id='word_1_760' title='bbox 260 5135 371 5191; x_wconf 78' lang='grc' dir='ltr'>τῶν</span> <span class='ocrx_word' id='word_1_761' title='bbox 413 5137 628 5194; x_wconf 80' lang='grc' dir='ltr'>πάντων</span> <span class='ocrx_word' id='word_1_762' title='bbox 684 5134 902 5218; x_wconf 74' lang='grc' dir='ltr'>ἄδηλον,</span> <span class='ocrx_word' id='word_1_763' title='bbox 947 5136 1029 5194; x_wconf 80' lang='grc' dir='ltr'><strong>ὅτι</strong></span> <span class='ocrx_word' id='word_1_764' title='bbox 1079 5135 1291 5212; x_wconf 71' lang='grc' dir='ltr'>οὐδεμία</span> <span class='ocrx_word' id='word_1_765' title='bbox 1343 5136 1578 5216; x_wconf 61' lang='grc' dir='ltr'>ἐνέργεια</span> <span class='ocrx_word' id='word_1_766' title='bbox 1633 5146 1726 5196; x_wconf 80' lang='grc' dir='ltr'><strong>τοῦ</strong></span> <span class='ocrx_word' id='word_1_767' title='bbox 1784 5144 1915 5197; x_wconf 85' lang='grc' dir='ltr'><strong>Θεοῦ</strong></span> 
     </span>
    </p>
   </div>
   <div class='ocr_carea' id='block_1_101' title="bbox 262 5223 1910 5303">
    <p class='ocr_par' dir='ltr' id='par_1_101' title="bbox 262 5223 1910 5303">
     <span class='ocr_line' id='line_1_101' title="bbox 262 5223 1910 5303; baseline 0.005 -26"><span class='ocrx_word' id='word_1_768' title='bbox 262 5223 680 5300; x_wconf 68' lang='grc' dir='ltr'>ἀποτετμημὲνη</span> <span class='ocrx_word' id='word_1_769' title='bbox 707 5226 816 5283; x_wconf 78' lang='grc' dir='ltr'>ἐστὶ</span> <span class='ocrx_word' id='word_1_770' title='bbox 847 5234 940 5283; x_wconf 80' lang='grc' dir='ltr'><strong>τοῦ</strong></span> <span class='ocrx_word' id='word_1_771' title='bbox 984 5227 1213 5303; x_wconf 79' lang='grc' dir='ltr'>Πατρὸς,</span> <span class='ocrx_word' id='word_1_772' title='bbox 1260 5223 1375 5282; x_wconf 75' lang='grc' dir='ltr'>οὐδὲ</span> <span class='ocrx_word' id='word_1_773' title='bbox 1431 5225 1540 5281; x_wconf 78' lang='grc' dir='ltr'>ἔστι</span> <span class='ocrx_word' id='word_1_774' title='bbox 1594 5248 1645 5282; x_wconf 87' lang='grc' dir='ltr'><strong>τι</strong></span> <span class='ocrx_word' id='word_1_775' title='bbox 1699 5230 1753 5284; x_wconf 73' lang='grc' dir='ltr'>ἒν</span> <span class='ocrx_word' id='word_1_776' title='bbox 1792 5241 1910 5295; x_wconf 76' lang='grc' dir='ltr'>τοῖς</span> 
     </span>
    </p>
   </div>
   <div class='ocr_carea' id='block_1_102' title="bbox 260 5300 1904 5398">
    <p class='ocr_par' dir='ltr' id='par_1_102' title="bbox 260 5300 1904 5398">
     <span class='ocr_line' id='line_1_102' title="bbox 260 5300 1904 5398; baseline 0.004 -32"><span class='ocrx_word' id='word_1_777' title='bbox 260 5311 374 5367; x_wconf 71' lang='grc' dir='ltr'>οὖσι</span> <span class='ocrx_word' id='word_1_778' title='bbox 403 5320 481 5388; x_wconf 80' lang='grc' dir='ltr'>τῷ</span> <span class='ocrx_word' id='word_1_779' title='bbox 537 5317 642 5388; x_wconf 53' lang='lat' dir='ltr'><strong>fit;</strong></span> <span class='ocrx_word' id='word_1_780' title='bbox 695 5316 961 5394; x_wconf 68' lang='grc' dir='ltr'>ὑπάρχον,</span> <span class='ocrx_word' id='word_1_781' title='bbox 1019 5300 1190 5370; x_wconf 51' lang='grc' dir='ltr'>θ’τοῦ</span> <span class='ocrx_word' id='word_1_782' title='bbox 1246 5315 1450 5392; x_wconf 79' lang='grc' dir='ltr'>[ἰατρὸς</span> <span class='ocrx_word' id='word_1_783' title='bbox 1503 5312 1904 5398; x_wconf 68' lang='grc' dir='ltr'>ἠλλοτρίωται,</span> 
     </span>
    </p>
   </div>
   <div class='ocr_carea' id='block_1_103' title="bbox 259 5400 1904 5483">
    <p class='ocr_par' dir='ltr' id='par_1_103' title="bbox 259 5400 1904 5483">
     <span class='ocr_line' id='line_1_103' title="bbox 259 5400 1904 5483; baseline 0.004 -29"><span class='ocrx_word' id='word_1_784' title='bbox 259 5400 437 5455; x_wconf 71' lang='grc' dir='ltr'>Πάντα</span> <span class='ocrx_word' id='word_1_785' title='bbox 490 5403 610 5480; x_wconf 74' lang='grc' dir='ltr'>γὰρ,</span> <span class='ocrx_word' id='word_1_786' title='bbox 659 5406 809 5483; x_wconf 74' lang='grc' dir='ltr'>φησί,</span> <span class='ocrx_word' id='word_1_787' title='bbox 859 5405 924 5459; x_wconf 78' lang='grc' dir='ltr'><strong>τὰ</strong></span> <span class='ocrx_word' id='word_1_788' title='bbox 966 5401 1070 5478; x_wconf 72' lang='grc' dir='ltr'>ἐμὰ</span> <span class='ocrx_word' id='word_1_789' title='bbox 1124 5402 1193 5458; x_wconf 74' lang='grc' dir='ltr'><strong>σα</strong></span> <span class='ocrx_word' id='word_1_790' title='bbox 1248 5401 1381 5475; x_wconf 78' lang='grc' dir='ltr'>ἐστι,</span> <span class='ocrx_word' id='word_1_791' title='bbox 1444 5403 1534 5458; x_wconf 86' lang='grc' dir='ltr'><strong>καί</strong></span> <span class='ocrx_word' id='word_1_792' title='bbox 1561 5404 1627 5459; x_wconf 82' lang='grc' dir='ltr'><strong>τὰ</strong></span> <span class='ocrx_word' id='word_1_793' title='bbox 1655 5425 1722 5460; x_wconf 88' lang='grc' dir='ltr'><strong>σα</strong></span> <span class='ocrx_word' id='word_1_794' title='bbox 1780 5404 1904 5480; x_wconf 70' lang='grc' dir='ltr'>ἐμά,</span> 
     </span>
    </p>
   </div>
   <div class='ocr_carea' id='block_1_104' title="bbox 260 5488 1911 5571">
    <p class='ocr_par' dir='ltr' id='par_1_104' title="bbox 260 5488 1911 5571">
     <span class='ocr_line' id='line_1_104' title="bbox 260 5488 1911 5571; baseline 0.005 -30"><span class='ocrx_word' id='word_1_795' title='bbox 260 5489 382 5549; x_wconf 78' lang='grc' dir='ltr'>Πῶς</span> <span class='ocrx_word' id='word_1_796' title='bbox 439 5488 529 5545; x_wconf 78' lang='grc' dir='ltr'>οὖν</span> <span class='ocrx_word' id='word_1_797' title='bbox 581 5490 678 5558; x_wconf 68' lang='grc' dir='ltr'><strong>τὴν</strong></span> <span class='ocrx_word' id='word_1_798' title='bbox 733 5494 826 5548; x_wconf 69' lang='grc' dir='ltr'>τοῦ</span> <span class='ocrx_word' id='word_1_799' title='bbox 886 5491 1192 5565; x_wconf 79' lang='grc' dir='ltr'>Πνεύματος</span> <span class='ocrx_word' id='word_1_800' title='bbox 1264 5491 1432 5547; x_wconf 78' lang='grc' dir='ltr'>αἰτίαν</span> <span class='ocrx_word' id='word_1_801' title='bbox 1492 5497 1568 5566; x_wconf 82' lang='grc' dir='ltr'>τῷ</span> <span class='ocrx_word' id='word_1_802' title='bbox 1620 5498 1911 5571; x_wconf 80' lang='grc' dir='ltr'>Μονογενεϊ</span> 
     </span>
    </p>
   </div>
   <div class='ocr_carea' id='block_1_105' title="bbox 252 5573 1922 5660">
    <p class='ocr_par' dir='ltr' id='par_1_105' title="bbox 252 5573 1922 5660">
     <span class='ocr_line' id='line_1_105' title="bbox 252 5573 1922 5660; baseline 0.006 -30"><span class='ocrx_word' id='word_1_803' title='bbox 252 5573 406 5650; x_wconf 76' lang='grc' dir='ltr'>μόνῳ</span> <span class='ocrx_word' id='word_1_804' title='bbox 458 5582 789 5660; x_wconf 73' lang='grc' dir='ltr'>προστίθησι,</span> <span class='ocrx_word' id='word_1_805' title='bbox 845 5583 939 5637; x_wconf 84' lang='grc' dir='ltr'><strong>καὶ</strong></span> <span class='ocrx_word' id='word_1_806' title='bbox 1007 5577 1367 5658; x_wconf 82' lang='grc' dir='ltr'>κατηγόρημα</span> <span class='ocrx_word' id='word_1_807' title='bbox 1424 5586 1522 5647; x_wconf 73' lang='grc' dir='ltr'>τῆς</span> <span class='ocrx_word' id='word_1_808' title='bbox 1569 5581 1774 5660; x_wconf 76' lang='grc' dir='ltr'>φύσεως</span> <span class='ocrx_word' id='word_1_809' title='bbox 1831 5586 1922 5641; x_wconf 72' lang='grc' dir='ltr'><strong>αὖ·</strong></span> 
     </span>
    </p>
   </div>
   <div class='ocr_carea' id='block_1_106' title="bbox 249 5665 1918 5752">
    <p class='ocr_par' dir='ltr' id='par_1_106' title="bbox 249 5665 1918 5752">
     <span class='ocr_line' id='line_1_106' title="bbox 249 5665 1918 5752; baseline 0.004 -31"><span class='ocrx_word' id='word_1_810' title='bbox 249 5673 349 5724; x_wconf 74' lang='grc' dir='ltr'>τοῦ</span> <span class='ocrx_word' id='word_1_811' title='bbox 384 5666 482 5734; x_wconf 81' lang='grc' dir='ltr'><strong>τὴν</strong></span> <span class='ocrx_word' id='word_1_812' title='bbox 524 5669 702 5726; x_wconf 77' lang='grc' dir='ltr'>τούτου</span> <span class='ocrx_word' id='word_1_813' title='bbox 744 5667 1010 5747; x_wconf 67' lang='grc' dir='ltr'>λαμϐάνει</span> <span class='ocrx_word' id='word_1_814' title='bbox 1068 5665 1467 5752; x_wconf 64' lang='grc' dir='ltr'>δημιουργίαν,</span> <span class='ocrx_word' id='word_1_815' title='bbox 1526 5670 1585 5728; x_wconf 85' lang='grc' dir='ltr'>Εἰ</span> <span class='ocrx_word' id='word_1_816' title='bbox 1647 5670 1755 5745; x_wconf 80' lang='grc' dir='ltr'>’μὲν</span> <span class='ocrx_word' id='word_1_817' title='bbox 1828 5671 1918 5745; x_wconf 79' lang='grc' dir='ltr'>οὖν</span> 
     </span>
    </p>
   </div>
   <div class='ocr_carea' id='block_1_107' title="bbox 2003 4605 3654 4689">
    <p class='ocr_par' dir='ltr' id='par_1_107' title="bbox 2003 4605 3654 4689">
     <span class='ocr_line' id='line_1_107' title="bbox 2003 4605 3654 4689; baseline 0.001 -22"><span class='ocrx_word' id='word_1_818' title='bbox 2003 4608 2187 4668; x_wconf 93' lang='lat' dir='ltr'><strong>minm</strong></span> <span class='ocrx_word' id='word_1_819' title='bbox 2221 4607 2297 4670; x_wconf 88' lang='lat' dir='ltr'><strong>de</strong></span> <span class='ocrx_word' id='word_1_820' title='bbox 2327 4627 2502 4670; x_wconf 79' lang='lat' dir='ltr'><strong>causa</strong></span> <span class='ocrx_word' id='word_1_821' title='bbox 2533 4607 2788 4689; x_wconf 89' lang='lat' dir='ltr'><strong>Spiritus</strong></span> <span class='ocrx_word' id='word_1_822' title='bbox 2833 4606 3259 4668; x_wconf 86' lang='lat' dir='ltr'><strong>decernentem</strong></span> <span class='ocrx_word' id='word_1_823' title='bbox 3304 4605 3363 4666; x_wconf 89' lang='lat' dir='ltr'><strong>in</strong></span> <span class='ocrx_word' id='word_1_824' title='bbox 3397 4605 3654 4685; x_wconf 90' lang='lat' dir='ltr'><strong>propriis</strong></span> 
     </span>
    </p>
   </div>
   <div class='ocr_carea' id='block_1_108' title="bbox 2004 4694 3650 4777">
    <p class='ocr_par' dir='ltr' id='par_1_108' title="bbox 2004 4694 3650 4777">
     <span class='ocr_line' id='line_1_108' title="bbox 2004 4694 3650 4777; baseline -0.002 -18"><span class='ocrx_word' id='word_1_825' title='bbox 2004 4697 2458 4759; x_wconf 88' lang='lat' dir='ltr'><strong>Commentariis</strong></span> <span class='ocrx_word' id='word_1_826' title='bbox 2486 4696 2779 4777; x_wconf 87' lang='lat' dir='ltr'><strong>reperiret</strong></span> <span class='ocrx_word' id='word_1_827' title='bbox 2805 4696 3127 4772; x_wconf 81' lang='lat' dir='ltr'><strong>dicentem,</strong></span> <span class='ocrx_word' id='word_1_828' title='bbox 3160 4717 3189 4754; x_wconf 76' lang='grc' dir='ltr'>ι</span> <span class='ocrx_word' id='word_1_829' title='bbox 3225 4712 3296 4757; x_wconf 84' lang='lat' dir='ltr'><strong>ex</strong></span> <span class='ocrx_word' id='word_1_830' title='bbox 3328 4695 3451 4756; x_wconf 91' lang='lat' dir='ltr'><strong>solo</strong></span> <span class='ocrx_word' id='word_1_831' title='bbox 3504 4694 3650 4757; x_wconf 82' lang='lat' dir='ltr'><strong>Filio</strong></span> 
     </span>
    </p>
   </div>
   <div class='ocr_carea' id='block_1_109' title="bbox 2001 4782 3654 4865">
    <p class='ocr_par' dir='ltr' id='par_1_109' title="bbox 2001 4782 3654 4865">
     <span class='ocr_line' id='line_1_109' title="bbox 2001 4782 3654 4865; baseline 0.001 -21"><span class='ocrx_word' id='word_1_832' title='bbox 2001 4782 2170 4845; x_wconf 93' lang='lat' dir='ltr'><strong>illum</strong></span> <span class='ocrx_word' id='word_1_833' title='bbox 2194 4804 2351 4865; x_wconf 68' lang='lat' dir='ltr'><strong>esse,</strong></span> <span class='ocrx_word' id='word_1_834' title='bbox 2383 4810 2407 4840; x_wconf 70' lang='grc' dir='ltr'>ι»</span> <span class='ocrx_word' id='word_1_835' title='bbox 2435 4784 2696 4846; x_wconf 83' lang='lat' dir='ltr'><strong>secunda</strong></span> <span class='ocrx_word' id='word_1_836' title='bbox 2720 4783 3032 4845; x_wconf 89' lang='lat' dir='ltr'><strong>adversum</strong></span> <span class='ocrx_word' id='word_1_837' title='bbox 3063 4782 3338 4844; x_wconf 80' lang='lat' dir='ltr'><strong>eumdem</strong></span> <span class='ocrx_word' id='word_1_838' title='bbox 3386 4782 3654 4845; x_wconf 85' lang='lat' dir='ltr'><strong>oratione</strong></span> 
     </span>
    </p>
   </div>
   <div class='ocr_carea' id='block_1_110' title="bbox 2002 4871 3649 4954">
    <p class='ocr_par' dir='ltr' id='par_1_110' title="bbox 2002 4871 3649 4954">
     <span class='ocr_line' id='line_1_110' title="bbox 2002 4871 3649 4954; baseline 0 -21"><span class='ocrx_word' id='word_1_839' title='bbox 2002 4891 2184 4954; x_wconf 90' lang='lat' dir='ltr'><strong>prope</strong></span> <span class='ocrx_word' id='word_1_840' title='bbox 2216 4874 2392 4935; x_wconf 90' lang='lat' dir='ltr'><strong>ﬁnem</strong></span> <span class='ocrx_word' id='word_1_841' title='bbox 2444 4873 2567 4935; x_wconf 68' lang='lat' dir='ltr'><strong>haec</strong></span> <span class='ocrx_word' id='word_1_842' title='bbox 2590 4872 2771 4935; x_wconf 82' lang='lat' dir='ltr'><strong>habet</strong></span> <span class='ocrx_word' id='word_1_843' title='bbox 2798 4889 2810 4934; x_wconf 86' lang='lat'>:</span> <span class='ocrx_word' id='word_1_844' title='bbox 2841 4896 2860 4928; x_wconf 74' lang='grc' dir='ltr'><strong>ι</strong></span> <span class='ocrx_word' id='word_1_845' title='bbox 2892 4871 3042 4933; x_wconf 84' lang='lat' dir='ltr'><strong>IlluJ</strong></span> <span class='ocrx_word' id='word_1_846' title='bbox 3075 4888 3214 4933; x_wconf 87' lang='lat' dir='ltr'><strong>vero</strong></span> <span class='ocrx_word' id='word_1_847' title='bbox 3258 4871 3353 4933; x_wconf 90' lang='lat' dir='ltr'><strong>cui</strong></span> <span class='ocrx_word' id='word_1_848' title='bbox 3402 4892 3520 4933; x_wconf 91' lang='lat' dir='ltr'><strong>non</strong></span> <span class='ocrx_word' id='word_1_849' title='bbox 3553 4872 3649 4933; x_wconf 85' lang='lat' dir='ltr'><strong>iu-</strong></span> 
     </span>
    </p>
   </div>
   <div class='ocr_carea' id='block_1_111' title="bbox 2001 4960 3653 5040">
    <p class='ocr_par' dir='ltr' id='par_1_111' title="bbox 2001 4960 3653 5040">
     <span class='ocr_line' id='line_1_111' title="bbox 2001 4960 3653 5040; baseline 0.002 -19"><span class='ocrx_word' id='word_1_850' title='bbox 2001 4964 2275 5036; x_wconf 87' lang='lat' dir='ltr'><strong>notescit,</strong></span> <span class='ocrx_word' id='word_1_851' title='bbox 2313 4963 2532 5025; x_wconf 89' lang='lat' dir='ltr'><strong>nullam</strong></span> <span class='ocrx_word' id='word_1_852' title='bbox 2560 4962 2697 5025; x_wconf 82' lang='lat' dir='ltr'><strong>Filii</strong></span> <span class='ocrx_word' id='word_1_853' title='bbox 2723 4961 3019 5023; x_wconf 88' lang='lat' dir='ltr'><strong>actionem</strong></span> <span class='ocrx_word' id='word_1_854' title='bbox 3047 4960 3405 5040; x_wconf 69' lang='lat' dir='ltr'><strong>disjunetam</strong></span> <span class='ocrx_word' id='word_1_855' title='bbox 3465 4980 3595 5024; x_wconf 90' lang='lat' dir='ltr'><strong>esse</strong></span> <span class='ocrx_word' id='word_1_856' title='bbox 3620 4982 3653 5025; x_wconf 89' lang='lat' dir='ltr'><strong>a</strong></span> 
     </span>
    </p>
   </div>
   <div class='ocr_carea' id='block_1_112' title="bbox 1999 5047 3654 5133">
    <p class='ocr_par' dir='ltr' id='par_1_112' title="bbox 1999 5047 3654 5133">
     <span class='ocr_line' id='line_1_112' title="bbox 1999 5047 3654 5133; baseline 0.002 -23"><span class='ocrx_word' id='word_1_857' title='bbox 1999 5049 2191 5123; x_wconf 88' lang='lat' dir='ltr'><strong>Patre,</strong></span> <span class='ocrx_word' id='word_1_858' title='bbox 2221 5070 2413 5133; x_wconf 89' lang='lat' dir='ltr'><strong>neque</strong></span> <span class='ocrx_word' id='word_1_859' title='bbox 2436 5069 2569 5114; x_wconf 89' lang='lat' dir='ltr'><strong>esse</strong></span> <span class='ocrx_word' id='word_1_860' title='bbox 2599 5051 2906 5133; x_wconf 75' lang='lat' dir='ltr'><strong>quidpiam</strong></span> <span class='ocrx_word' id='word_1_861' title='bbox 2938 5050 2999 5111; x_wconf 91' lang='lat' dir='ltr'><strong>in</strong></span> <span class='ocrx_word' id='word_1_862' title='bbox 3034 5047 3240 5131; x_wconf 72' lang='lat' dir='ltr'><strong>rebu~,</strong></span> <span class='ocrx_word' id='word_1_863' title='bbox 3297 5053 3455 5132; x_wconf 89' lang='lat' dir='ltr'><strong>quod</strong></span> <span class='ocrx_word' id='word_1_864' title='bbox 3512 5052 3654 5114; x_wconf 83' lang='lat' dir='ltr'><strong>insit</strong></span> 
     </span>
    </p>
   </div>
   <div class='ocr_carea' id='block_1_113' title="bbox 2001 5138 3644 5222">
    <p class='ocr_par' dir='ltr' id='par_1_113' title="bbox 2001 5138 3644 5222">
     <span class='ocr_line' id='line_1_113' title="bbox 2001 5138 3644 5222; baseline 0.001 -22"><span class='ocrx_word' id='word_1_865' title='bbox 2001 5138 2173 5221; x_wconf 89' lang='lat' dir='ltr'><strong>Filio,</strong></span> <span class='ocrx_word' id='word_1_866' title='bbox 2221 5148 2279 5201; x_wconf 86' lang='lat' dir='ltr'><strong>et</strong></span> <span class='ocrx_word' id='word_1_867' title='bbox 2324 5141 2584 5202; x_wconf 90' lang='lat' dir='ltr'><strong>alienum</strong></span> <span class='ocrx_word' id='word_1_868' title='bbox 2638 5140 2776 5201; x_wconf 90' lang='lat' dir='ltr'><strong>sita</strong></span> <span class='ocrx_word' id='word_1_869' title='bbox 2818 5139 2991 5202; x_wconf 89' lang='lat' dir='ltr'><strong>Patre</strong></span> <span class='ocrx_word' id='word_1_870' title='bbox 3014 5144 3042 5196; x_wconf 79' lang='lat' dir='ltr'><strong>‘I</strong></span> <span class='ocrx_word' id='word_1_871' title='bbox 3071 5139 3286 5202; x_wconf 84' lang='lat' dir='ltr'><strong>Omnia</strong></span> <span class='ocrx_word' id='word_1_872' title='bbox 3329 5142 3519 5222; x_wconf 81' lang='lat' dir='ltr'><strong>enim,</strong></span> <span class='ocrx_word' id='word_1_873' title='bbox 3547 5142 3644 5202; x_wconf 85' lang='lat' dir='ltr'><strong>in-</strong></span> 
     </span>
    </p>
   </div>
   <div class='ocr_carea' id='block_1_114' title="bbox 1997 5224 3651 5309">
    <p class='ocr_par' dir='ltr' id='par_1_114' title="bbox 1997 5224 3651 5309">
     <span class='ocr_line' id='line_1_114' title="bbox 1997 5224 3651 5309; baseline 0.001 -22"><span class='ocrx_word' id='word_1_874' title='bbox 1997 5227 2149 5308; x_wconf 90' lang='lat' dir='ltr'><strong>quit,</strong></span> <span class='ocrx_word' id='word_1_875' title='bbox 2183 5246 2314 5289; x_wconf 78' lang='lat' dir='ltr'><strong>mea</strong></span> <span class='ocrx_word' id='word_1_876' title='bbox 2340 5236 2439 5290; x_wconf 89' lang='lat' dir='ltr'><strong>tua</strong></span> <span class='ocrx_word' id='word_1_877' title='bbox 2472 5236 2628 5309; x_wconf 85' lang='lat' dir='ltr'><strong>sunt,</strong></span> <span class='ocrx_word' id='word_1_878' title='bbox 2664 5237 2721 5290; x_wconf 90' lang='lat' dir='ltr'><strong>et</strong></span> <span class='ocrx_word' id='word_1_879' title='bbox 2755 5237 2853 5289; x_wconf 85' lang='lat' dir='ltr'><strong>tua</strong></span> <span class='ocrx_word' id='word_1_880' title='bbox 2885 5224 3307 5299; x_wconf 85' lang='lat' dir='ltr'><strong>mea.Quanam</strong></span> <span class='ocrx_word' id='word_1_881' title='bbox 3335 5229 3532 5309; x_wconf 87' lang='lat' dir='ltr'><strong>itaque</strong></span> <span class='ocrx_word' id='word_1_882' title='bbox 3554 5246 3651 5290; x_wconf 88' lang='lat' dir='ltr'><strong>ra-</strong></span> 
     </span>
    </p>
   </div>
   <div class='ocr_carea' id='block_1_115' title="bbox 1995 5310 3656 5396">
    <p class='ocr_par' dir='ltr' id='par_1_115' title="bbox 1995 5310 3656 5396">
     <span class='ocr_line' id='line_1_115' title="bbox 1995 5310 3656 5396; baseline 0.002 -21"><span class='ocrx_word' id='word_1_883' title='bbox 1995 5316 2155 5377; x_wconf 81' lang='lat' dir='ltr'><strong>tione</strong></span> <span class='ocrx_word' id='word_1_884' title='bbox 2183 5317 2436 5396; x_wconf 91' lang='lat' dir='ltr'><strong>Spiritus</strong></span> <span class='ocrx_word' id='word_1_885' title='bbox 2482 5335 2716 5379; x_wconf 89' lang='lat' dir='ltr'><strong>causam</strong></span> <span class='ocrx_word' id='word_1_886' title='bbox 2759 5315 3073 5396; x_wconf 76' lang='lat' dir='ltr'><strong>Unigenito</strong></span> <span class='ocrx_word' id='word_1_887' title='bbox 3111 5317 3219 5377; x_wconf 78' lang='lat' dir='ltr'><strong>soli</strong></span> <span class='ocrx_word' id='word_1_888' title='bbox 3277 5310 3563 5391; x_wconf 85' lang='lat' dir='ltr'><strong>attribuit,</strong></span> <span class='ocrx_word' id='word_1_889' title='bbox 3595 5324 3656 5378; x_wconf 90' lang='lat' dir='ltr'><strong>et</strong></span> 
     </span>
    </p>
   </div>
   <div class='ocr_carea' id='block_1_116' title="bbox 1992 5404 3650 5485">
    <p class='ocr_par' dir='ltr' id='par_1_116' title="bbox 1992 5404 3650 5485">
     <span class='ocr_line' id='line_1_116' title="bbox 1992 5404 3650 5485; baseline 0.002 -20"><span class='ocrx_word' id='word_1_890' title='bbox 1992 5404 2303 5485; x_wconf 65' lang='lat' dir='ltr'><strong>praedicari</strong></span> <span class='ocrx_word' id='word_1_891' title='bbox 2337 5406 2412 5468; x_wconf 92' lang='lat' dir='ltr'><strong>de</strong></span> <span class='ocrx_word' id='word_1_892' title='bbox 2442 5405 2602 5468; x_wconf 92' lang='lat' dir='ltr'><strong>illius</strong></span> <span class='ocrx_word' id='word_1_893' title='bbox 2636 5413 2846 5467; x_wconf 87' lang='lat' dir='ltr'><strong>natura</strong></span> <span class='ocrx_word' id='word_1_894' title='bbox 2874 5405 3035 5466; x_wconf 89' lang='lat' dir='ltr'><strong>illius</strong></span> <span class='ocrx_word' id='word_1_895' title='bbox 3058 5405 3362 5485; x_wconf 88' lang='lat' dir='ltr'><strong>opiﬁcium</strong></span> <span class='ocrx_word' id='word_1_896' title='bbox 3392 5406 3513 5467; x_wconf 86' lang='lat' dir='ltr'><strong>vult</strong></span> <span class='ocrx_word' id='word_1_897' title='bbox 3540 5406 3650 5468; x_wconf 80' lang='lat' dir='ltr'><strong>?Si</strong></span> 
     </span>
    </p>
   </div>
   <div class='ocr_carea' id='block_1_117' title="bbox 2001 5493 3653 5579">
    <p class='ocr_par' dir='ltr' id='par_1_117' title="bbox 2001 5493 3653 5579">
     <span class='ocr_line' id='line_1_117' title="bbox 2001 5493 3653 5579; baseline 0.002 -23"><span class='ocrx_word' id='word_1_898' title='bbox 2001 5496 2205 5573; x_wconf 89' lang='lat' dir='ltr'><strong>Itaque</strong></span> <span class='ocrx_word' id='word_1_899' title='bbox 2238 5494 2355 5556; x_wconf 92' lang='lat' dir='ltr'><strong>duo</strong></span> <span class='ocrx_word' id='word_1_900' title='bbox 2388 5494 2680 5576; x_wconf 90' lang='lat' dir='ltr'><strong>principia</strong></span> <span class='ocrx_word' id='word_1_901' title='bbox 2710 5494 3009 5555; x_wconf 71' lang='lat' dir='ltr'><strong>contraria</strong></span> <span class='ocrx_word' id='word_1_902' title='bbox 3038 5493 3152 5554; x_wconf 81' lang='lat' dir='ltr'><strong>sibi</strong></span> <span class='ocrx_word' id='word_1_903' title='bbox 3177 5504 3474 5576; x_wconf 82' lang='lat' dir='ltr'><strong>astruens,</strong></span> <span class='ocrx_word' id='word_1_904' title='bbox 3526 5496 3653 5579; x_wconf 76' lang='lat' dir='ltr'><strong>haec</strong></span> 
     </span>
    </p>
   </div>
   <div class='ocr_carea' id='block_1_118' title="bbox 2002 5581 3646 5663">
    <p class='ocr_par' dir='ltr' id='par_1_118' title="bbox 2002 5581 3646 5663">
     <span class='ocr_line' id='line_1_118' title="bbox 2002 5581 3646 5663; baseline 0.002 -22"><span class='ocrx_word' id='word_1_905' title='bbox 2002 5582 2311 5656; x_wconf 86' lang='lat' dir='ltr'><strong>dicit,cum</strong></span> <span class='ocrx_word' id='word_1_906' title='bbox 2345 5582 2663 5645; x_wconf 74' lang='lat' dir='ltr'><strong>Manichaeo</strong></span> <span class='ocrx_word' id='word_1_907' title='bbox 2704 5591 2882 5663; x_wconf 88' lang='lat' dir='ltr'><strong>atque</strong></span> <span class='ocrx_word' id='word_1_908' title='bbox 2942 5581 3239 5646; x_wconf 87' lang='lat' dir='ltr'><strong>Marcione</strong></span> <span class='ocrx_word' id='word_1_909' title='bbox 3288 5592 3646 5645; x_wconf 85' lang='lat' dir='ltr'><strong>conteretur.</strong></span> 
     </span>
    </p>
   </div>
   <div class='ocr_carea' id='block_1_119' title="bbox 2011 5667 3654 5755">
    <p class='ocr_par' dir='ltr' id='par_1_119' title="bbox 2011 5667 3654 5755">
     <span class='ocr_line' id='line_1_119' title="bbox 2011 5667 3654 5755; baseline -0.002 -21"><span class='ocrx_word' id='word_1_910' title='bbox 2011 5671 2225 5734; x_wconf 88' lang='lat' dir='ltr'><strong>Sivero</strong></span> <span class='ocrx_word' id='word_1_911' title='bbox 2255 5671 2327 5733; x_wconf 92' lang='lat' dir='ltr'><strong>ad</strong></span> <span class='ocrx_word' id='word_1_912' title='bbox 2358 5691 2534 5736; x_wconf 90' lang='lat' dir='ltr'><strong>unam</strong></span> <span class='ocrx_word' id='word_1_913' title='bbox 2591 5689 2684 5747; x_wconf 89' lang='lat' dir='ltr'><strong>ea,</strong></span> <span class='ocrx_word' id='word_1_914' title='bbox 2737 5688 2868 5753; x_wconf 65' lang='lat' dir='ltr'><strong>quae</strong></span> <span class='ocrx_word' id='word_1_915' title='bbox 2917 5677 3073 5748; x_wconf 86' lang='lat' dir='ltr'><strong>sunt,</strong></span> <span class='ocrx_word' id='word_1_916' title='bbox 3130 5667 3387 5746; x_wconf 88' lang='lat' dir='ltr'><strong>reducit,</strong></span> <span class='ocrx_word' id='word_1_917' title='bbox 3430 5669 3585 5755; x_wconf 89' lang='lat' dir='ltr'><strong>quod</strong></span> <span class='ocrx_word' id='word_1_918' title='bbox 3619 5688 3654 5739; x_wconf 84' lang='lat' dir='ltr'><strong>a</strong></span> 
     </span>
    </p>
   </div>
  </div>
