4144 6290
397 362 471 424 ‘27

1477 360 1746 426 JOANN.
1783 359 1997 423 VECCI
2032 361 2145 421 ΟΡ.
2183 360 2714 422 ΡΑΤΗΙΑΗΩΗᾸΞ.

3711 361 3788 418 28

396 492 549 554 Filio
582 492 794 555 factum
816 492 1198 569 asseritur,ad
1225 493 1474 574 primam
1497 511 1732 555 causam
1764 492 2048 556 refertur.

2151 491 2224 550 Ξύο
2299 494 2468 574 ἀρχὰς
2541 494 2964 574 ἀντιπαρεξάγων
3035 495 3294 569 ἀλλήλαις
3388 494 3553 554 ταῦτά
3629 516 3783 576 φησι,

398 582 563 644 Adeo
591 589 676 657 ut,
709 583 819 644 etsi
861 581 1061 644 omnia
1106 601 1212 664 per
1264 582 1451 645 Deum
1473 581 1734 645 Verbum
1768 581 2052 664 producta

401 689 532 732 esse
563 669 887 747 credimus,
923 689 1124 733 verum
1159 671 1422 733 omnium
1455 689 1690 732 causam
1715 688 1847 733 esse
1864 670 2052 734 Deum

401 759 717 821 omniuma
740 759 909 822 nobis
942 779 1059 822 non
1089 760 1707 838 denegetur.oPraater
1735 761 1893 822 hunc
1925 760 2051 821 alti-

401 848 643 928 loquum
669 848 930 911 veritatis
965 867 1298 929 przeconem
1351 856 1410 910 et
1460 857 1691 924 testem,
1725 848 2056 910 adducatur

401 955 634 1018 quoque
663 938 1106 1017 Gregorius,cui
1137 959 1170 1001 e
1201 938 1547 1018 theologicis
1577 957 1906 1018 cognomen
1938 947 2049 1013 est,

403 1026 501 1105 qui
532 1045 643 1088 sua
686 1027 748 1088 in
807 1030 1198 1091 l’entecosten
1258 1029 1547 1108 oratione,
1583 1029 1752 1108 cujus
1785 1035 1875 1090 est
1905 1028 2052 1090 illud

406 1114 919 1194 principium,«De
936 1117 1031 1178 die
1056 1117 1202 1178 festo
1225 1116 1481 1178 breviter
1503 1116 2010 1197 philosophemur,
2025 1137 2052 1176 ι

404 1205 530 1266 Ι]ωο
561 1203 912 1286 ait,cNeque
943 1207 1101 1267 enim
1126 1204 1454 1267 addecebat
1481 1205 1741 1267 deﬁcere
1771 1224 2055 1286 unquam,

403 1299 504 1352 aut
535 1292 748 1353 Filium
782 1294 960 1365 Patri,
993 1303 1092 1354 aut
1122 1292 1406 1373 Spiritum
1440 1294 1588 1356 Filio
1625 1316 1638 1355 τ
1676 1321 1702 1351 ι)
1735 1303 1794 1356 et
1853 1295 2058 1375 paucis

406 1381 771 1460 interjectis:
806 1405 828 1436 α
860 1381 998 1443 Erat
1025 1383 1185 1444 enim
1240 1401 1479 1463 semper
1535 1401 1667 1445 sese
1713 1385 2049 1446 communi-

409 1488 570 1541 cans,
609 1489 723 1530 non
746 1471 1058 1552 particeps,
1089 1471 1421 1546 invisibilis,
1463 1472 1590 1534 sine
1624 1481 1888 1554 tempore
1921 1494 2054 1535 om-

413 1559 776 1638 nipotens.et
807 1559 856 1620 si
886 1559 957 1620 ad
986 1561 1234 1638 primam
1266 1578 1522 1633 causam,
1557 1561 2055 1640 quemadmodum

413 1645 715 1723 Unigeniti
748 1648 1061 1725 omnia,sic
1083 1657 1138 1710 et
1160 1666 1387 1729 ea.quw
1410 1649 1660 1730 Spiritus
1685 1659 1819 1712 sunt
1847 1651 2060 1713 remit-

2137 583 2273 658 μετά
2318 583 2614 664 Μανιχαίου
2683 585 2769 640 καὶ
2840 584 3146 662 Μαρκίωνος
3232 582 3628 666 συντριϐήσεται
3667 602 3680 615 ·
3741 584 3786 639 εί

2135 669 2188 726 δὲ
2233 677 2358 747 μιᾶς
2417 670 2628 737 ἐξάπτει
2669 673 2734 728 τά
2777 673 2901 728 ὁντα
2955 673 3012 728 τὸ
3056 675 3197 753 παρά
3239 682 3330 730 τοῦ
3375 676 3496 731 Υἱοῦ
3549 677 3780 751 γεγενῆ-

2136 763 2250 816 σθαι
2284 759 2599 841 λεγόμενον,
2658 762 2787 839 πρὸς
2845 760 2942 828 τὴν
2986 761 3202 841 πρώτην
3261 763 3427 820 αἰτίαν
3481 765 3580 830 τὴν
3649 762 3785 817 ἀνα-

2136 850 2298 928 φορὰν
2341 849 2482 929 ἔχει.
2532 839 2709 905 ιὨστε
2737 848 2833 906 κᾶν
2865 839 3037 907 πάντα
3078 853 3150 916 εἰς
3195 854 3255 908 τὸ
3309 852 3451 908 εἶναι
3506 852 3782 929 παρῆχθαι

2136 936 2220 993 διὰ
2279 949 2369 997 τοῦ
2427 939 2558 994 Θεοῦ
2601 939 2770 1015 Λόγου
2842 939 3198 1019 πιστεύωμεν,
3257 938 3394 996 ἀλλά
3447 940 3508 995 16
3574 945 3784 994 πάντων

2139 1025 2310 1082 αἶ’τιον
2340 1027 2481 1083 εἶναι
2524 1027 2616 1082 τόν
2647 1029 2776 1083 Θεὸν
2831 1033 2935 1082 τῶν
2995 1025 3133 1084 ὅλων
3191 1028 3285 1086 οὒκ
3339 1027 3716 1108 ἀφαιρούμεθα.
3752 1048 3778 1082 ι

2139 1112 2256 1172 Ἐπὶ
2311 1123 2386 1190 τῷ
2445 1117 2702 1195 ὑψηγόρῳ
2767 1116 2937 1188 τούτῳ
3004 1121 3103 1184 τῆς
3159 1116 3406 1184 ἀληθείας
3465 1115 3653 1195 κήρυκί
3721 1136 3780 1172 τε

2137 1205 2223 1259 καὶ
2282 1205 2500 1284 μάρτυρι
2569 1205 3057 1284 παρεισαχθήσεται
3107 1207 3194 1262 καὶ
3262 1206 3551 1285 Γρηγόριος
3603 1206 3630 1260 ὁ
3683 1208 3782 1271 τῆς

2138 1291 2408 1373 θεολογίας
2455 1293 2750 1369 ἐπώνυμος,
2811 1294 2868 1356 ὃς
2915 1295 2968 1350 ἐν
3010 1301 3087 1368 τῷ
3129 1296 3201 1359 εἰς
3258 1299 3356 1362 τὴν
3411 1293 3784 1360 Πεντηκοστὴν

2137 1378 2282 1458 λόγῳ
2313 1381 2488 1452 αὖτοῖῐ,
2537 1384 2596 1438 οὗ
2624 1383 2658 1450 ἡ
2710 1382 2878 1460 ἀρχὴ,
2939 1402 2969 1440 (
3003 1383 3123 1462 Περὶ
3178 1382 3273 1450 τῆς
3332 1383 3517 1460 ἑορτῆς
3576 1378 3783 1460 βραχέα

2138 1467 2604 1552 φιλοσοφήσωμεν,
2644 1494 2672 1525 n
2736 1470 2870 1527 οὕτω
2901 1472 3060 1551 φησίν
3094 1487 3106 1500 '
3173 1495 3198 1525 α
3236 1469 3365 1529 Οὒδὲ
3409 1471 3507 1548 γὰρ
3563 1467 3786 1548 ἔπρεπεν

2140 1556 2405 1615 ἐλλείπειν
2435 1559 2562 1616 ποτὲ
2604 1559 2639 1628 ἢ
2683 1561 2802 1616 Υἱὸν
2846 1562 3030 1639 Πατρὶ,
3085 1560 3121 1628 ἢ
3170 1566 3379 1634 Πνεῦμα
3436 1560 3563 1632 Υἶῷ.
3601 1581 3628 1612 ι
3690 1564 3789 1619 Καὶ

2144 1648 2260 1723 μετ’
2312 1651 2460 1728 ὀλίγα
2495 1669 2508 1682 ⁵
2579 1673 2602 1707 ε
2640 1639 2734 1708 Ἠν
2764 1652 2859 1728 μὲν
2904 1652 3018 1709 ἐκεῖ
3075 1651 3438 1728 μεταληπτὸν,
3500 1650 3558 1707 οὗ
3629 1670 3788 1711 μετα-

411 1743 632 1799 tantur.
669 1761 695 1792 »
728 1735 848 1798 Hac
877 1737 1106 1799 ratione
1138 1738 1335 1817 itaque
1365 1738 1472 1799 sub
1517 1737 1767 1801 testibus
1797 1739 1913 1800 fide
1960 1739 2059 1799 di-

2151 1739 2426 1815 ληπτικὸν,
2487 1740 2732 1819 ἀόρατον,
2807 1741 3061 1821 ἄχρονον,
3121 1739 3537 1815 παντοδύναμον,
3599 1740 3643 1794 εἰ
3697 1739 3792 1794 καὶ

411 1824 565 1903 gnis,
598 1825 826 1904 magnis
860 1827 1023 1888 hisce
1048 1825 1554 1908 Patribus,aperte
1569 1837 1828 1908 patente,
1857 1829 2057 1891 omnia

2151 1828 2267 1903 πρὸς
2338 1829 2434 1895 τὴν
2478 1829 2694 1907 πρώτην
2754 1831 2919 1886 αἰτίαν
2971 1830 3149 1908 ὥσπερ
3204 1831 3271 1887 τά
3325 1838 3417 1888 τοῦ
3458 1834 3788 1905 Μονογενοῦς

411 1911 545 1974 Filii
575 1913 647 1974 ad
681 1917 916 1976 Patrem
954 1917 1207 1995 primam
1241 1936 1479 1978 causam
1506 1918 1745 1987 referri,
1775 1937 1892 1979 non
1946 1919 2056 1979 ab-

2151 1915 2370 1997 πῖπαντα,
2419 1917 2554 1974 οὕτω
2597 1915 2651 1974 δὲ
2706 1920 2792 1974 καὶ
2846 1919 2912 1975 τὰ
2958 1929 3046 1978 τοῦ
3103 1919 3403 1992 Πνεύματος
3473 1915 3789 1991 ἀναπέμπεσ

414 2018 560 2062 sone
591 2019 696 2061 nos
743 2002 1022 2078 diximus,
1075 2006 1253 2065 Italos
1313 2024 1445 2065 cum
1504 2004 1744 2066 lectioni
1795 2004 2057 2085 Symboli

2151 2026 2247 2067 ται,
2285 2029 2312 2060 n
2373 2005 2521 2063 Οὕτω
2576 2008 2700 2084 γοῦν
2758 2008 2857 2063 ί)πὸ
2900 2007 3151 2087 μάρτυσιν
3209 2005 3503 2084 ἀξιολόγοις
3532 2018 3646 2068 τοῖς
3678 2025 3783 2079 με-

415 2089 657 2161 addunt,
694 2099 746 2152 et
771 2109 840 2152 ex
876 2091 1024 2154 Filio
1057 2091 1333 2172 Spiritum
1366 2103 1631 2156 sanctum
1666 2093 2049 2175 procedere,»

2151 2093 2325 2170 γάλοις
2381 2095 2584 2159 τούτοις
2661 2097 2922 2175 Πατράσιν
2991 2095 3401 2176 ἧναφαινομένου
3458 2101 3549 2151 τοῦ
3617 2094 3788 2150 πάντα

419 2196 537 2239 non
569 2177 715 2239 duas
745 2180 916 2240 unius
948 2179 1201 2261 Spiritus
1232 2201 1440 2244 causas
1469 2201 1764 2245 asserere.

2151 2183 2204 2238 εά
2267 2190 2358 2239 τοῦ
2414 2185 2532 2240 Υἱοῦ
2594 2187 2726 2264 πρὸς
2782 2188 2870 2241 τόν
2930 2185 3136 2264 Πατέρα
3182 2187 3278 2252 τὴν
3332 2185 3548 2263 πρώτην
3617 2182 3784 2240 αἰτίαν

416 2267 514 2335 τὴν
545 2268 806 2346 ἀναφορὰν
833 2269 1004 2349 ἔχειν,
1035 2271 1213 2336 καλῶς
1258 2276 1420 2345 ἦμες
1465 2273 1664 2352 ἔφημεν
1695 2277 1767 2336 ὡς
1799 2271 1989 2330 Ἰταλοὶ
2030 2272 2388 2347 προστιθέντες
2437 2279 2504 2349 τῇ
2545 2273 2837 2350 ἀναγνώσει
2892 2285 2984 2334 τοῦ
3014 2273 3288 2350 Συμϐόλου
3331 2275 3390 2331 τό
3441 2297 3462 2330 ι
3499 2275 3586 2330 καὶ
3612 2272 3673 2329 ἐκ
3701 2273 3792 2328 τοῦ

422 2358 541 2412 ἴ·ἱοῦ
570 2357 630 2412 τό
663 2363 870 2432 Πνεῦμα
914 2360 972 2414 τό
1003 2358 1148 2435 ἅγιον
1174 2359 1564 2438 ἐκπορεύεσθαι,
1605 2385 1627 2416 ι
1665 2362 1786 2440 οὐχὶ
1817 2361 1902 2418 δύο
1931 2369 2022 2418 τοῦ
2055 2361 2168 2424 ἑνός
2202 2381 2326 2439 φασι
2375 2363 2673 2436 Πνεύματος
2718 2361 2891 2425 αἴτια.

501 2442 597 2505 10.
629 2442 700 2505 Ει
744 2444 975 2525 quando
1027 2447 1138 2507 hoc
1195 2447 1446 2508 adducta
1503 2448 1838 2510 testimonia
1885 2447 2066 2511 veluti

424 2531 660 2612 stabile,
714 2542 771 2594 et
826 2552 1066 2613 prorsus
1122 2545 1345 2598 certum
1399 2545 1677 2610 statuant,
1711 2537 2067 2599 contentiosi

425 2621 698 2693 animi,et
722 2641 952 2685 vesana:
975 2627 1312 2703 pertinaciae
1342 2626 1581 2688 abortus
1613 2627 1731 2689 illis
1761 2629 2066 2709 relinqua-

422 2710 802 2788 mus,quibus
832 2711 1125 2774 cohtraria
1158 2732 1292 2793 erga
1319 2715 1496 2777 fidem
1529 2716 1789 2796 opinatio
1818 2725 2063 2778 senten-

416 2797 513 2860 tite
533 2799 714 2862 efficit
742 2801 1244 2882 aequilibritatem.
1289 2802 1431 2867 Cum
1466 2823 1604 2867 vero
1653 2824 1769 2868 una
1823 2805 1970 2868 fides
1994 2827 2065 2869 ex

423 2889 696 2952 Patribus
753 2892 824 2952 ad
876 2912 982 2953 nos
1042 2893 1330 2956 corrivala
1370 2895 1465 2976 sit,
1501 2913 1629 2957 sors
1659 2913 1692 2958 a
1723 2895 1845 2958 Deo
1877 2897 2064 2958 electa

423 2996 597 3058 quam
632 2981 937 3058 generales
967 2992 1024 3043 et
1055 2983 1272 3044 locales
1302 2983 1507 3063 synodi
1532 2986 1981 3065 confirmarunt,
2003 2996 2065 3047 et

2234 2471 2256 2504 α
2293 2439 2353 2506 ι’.
2391 2452 2485 2508 Καὶ
2540 2451 2652 2507 ἐπεὶ
2695 2459 2844 2508 τοῦτο
2901 2455 2952 2508 αἱ
3007 2453 3248 2531 ῥηθεῖσαι
3278 2453 3525 2533 γραφικαὶ
3581 2472 3784 2530 μαρτυ-

2147 2538 2248 2614 ρίαι
2297 2540 2432 2594 κατά
2474 2541 2532 2596 τό
2577 2541 2748 2601 πάντη
2808 2539 3019 2618 βέϐαιον
3074 2547 3375 2614 ωνιστῶσι,
3440 2542 3505 2596 τὰ
3551 2540 3647 2616 μὲν
3688 2545 3786 2606 τῆς

2147 2623 2438 2704 φιλονείκου
2511 2628 2727 2705 γνώμης
2797 2617 2885 2686 καὶ
2954 2617 3246 2704 πεισμονῆς
3304 2629 3498 2706 ἀλόγου
3579 2627 3792 2684 ἑκτόκια

2147 2713 2363 2777 ἐκείνοις
2411 2721 2685 2796 παρῶμεν,
2744 2721 2829 2781 οἷς
2887 2720 2946 2774 τὸ
2989 2720 3120 2797 πρὸς
3177 2718 3276 2786 τὴν
3320 2718 3493 2774 πίστιν
3531 2713 3790 2780 ἀντίδοξον

2146 2803 2234 2858 καὶ
2263 2804 2323 2858 τὸ
2354 2806 2480 2881 πρὸς
2531 2806 2629 2872 τὴν
2678 2805 2896 2882 γνώμην
2954 2820 3186 2864 ποιεῖται
3242 2805 3548 2885 ἀντίῤῥοπον
3581 2820 3594 2834 ⁹
3656 2806 3791 2879 ἡμῖν

2146 2888 2192 2946 δ’
2221 2894 2333 2947 επεὶ
2365 2893 2457 2968 μία
2499 2895 2670 2961 πίστις
2727 2897 2762 2964 ἡ
2819 2896 2878 2951 ἐκ
2937 2895 3181 2974 Πατέρων
3233 2897 3304 2959 εἰς
3346 2897 3488 2968 ἡμᾶς
3546 2889 3791 2949 διαϐιϐα-

2147 2984 2353 3052 σθεῖσα,
2435 2982 2631 3062 κλῆρος
2687 2983 2987 3064 θεόλεκτος,
3040 2985 3104 3051 ἣν
3191 2983 3544 3057 οἷκουμενικαί
3601 3003 3659 3038 τε
3705 2982 3792 3037 καὶ

422 3053 598 3146 quam
633 3053 701 3130 eo
734 3077 1000 3151 tempore
1029 3072 1100 3133 ad
1135 3072 1284 3132 hanc
1317 3053 1546 3136 {etatem
1576 3081 1805 3154 tempus
1836 3053 2063 3136 consta-

2154 3073 2360 3127 τοπικαὶ
2417 3071 2616 3129 σύνοδοι
2670 3074 3043 3154 ἐπεκράτυναν,
3123 3077 3210 3130 καὶ
3280 3074 3346 3140 ἦν
3403 3075 3431 3129 6
3487 3071 3539 3138 ἐξ
3593 3071 3790 3128 ἑκείνου

423 3154 630 3228 bilivit,
689 3161 1342 3224 conserveturanobis
1404 3162 1810 3244 immutabilis,
1874 3182 2067 3245 neque

2151 3161 2235 3214 καὶ
2279 3161 2352 3223 εἷς
2383 3162 2473 3217 τὸν
2507 3169 2592 3218 νῦν
2620 3160 2900 3219 ἐϐεϐαίωσε
2945 3163 3161 3242 χρόνος,
3213 3163 3466 3240 κρατείτω
3515 3161 3611 3236 μὲν
3665 3158 3789 3238 παρ’

421 3261 518 3305 res
551 3245 668 3307 ulla
707 3247 783 3308 sit
833 3249 1003 3312 nobis
1033 3249 1484 3331 impedimento,
1519 3270 1594 3312 ne
1624 3271 1757 3314 cum
1790 3253 2068 3315 fratribus

2151 3248 2285 3321 ἡμῖν
2315 3249 2706 3323 ἀμεταποίητος
2752 3251 2906 3325 αὕτη,
2939 3254 3027 3307 καὶ
3069 3249 3312 3327 ἐμποδὼν
3367 3249 3422 3306 δὲ
3453 3249 3616 3325 μηδὲν
3660 3251 3793 3320 ἡμῖν

422 3333 667 3413 nostris,
693 3336 918 3415 placide
949 3340 1273 3419 composita
1307 3358 1469 3420 pace,
1502 3339 1900 3420 quiescamus,
1952 3342 2067 3403 do-

2151 3334 2287 3392 ’έστω
2342 3340 2471 3415 πρὸς
2532 3341 2652 3404 τοὺς
2697 3339 2946 3420 ἀδελφοὺς
3004 3342 3159 3414 ἡμῶν
3215 3341 3520 3419 εἰρηνεύειν,
3571 3338 3672 3403 ἕως
3731 3337 3793 3394 ἂν

420 3439 530 3509 nec
561 3424 832 3486 eamdem
867 3425 1097 3505 pietatis
1127 3429 1477 3489 sententiam
1502 3428 1752 3490 innuant
1783 3429 2068 3493 dictiones

2151 3425 2281 3501 πρὸς
2319 3427 2417 3492 τὴν
2480 3428 2638 3494 αὖτὴν
2693 3435 2790 3496 τῆς
2849 3427 3112 3492 εὖσεϐείας
3170 3428 3395 3509 φέρωσιν
3451 3426 3673 3501 ἔννοιαν,
3747 3427 3798 3482 αἱ

420 3508 494 3570 ab
527 3509 642 3570 illis
675 3514 1092 3590 propositaeEt
1121 3517 1434 3578 consilium
1457 3516 1655 3596 fuerit,
1692 3537 1807 3577 non
1843 3536 1911 3579 ex
1939 3537 2068 3579 meo

2152 3509 2275 3588 παρ’
2321 3511 2529 3571 ἐκείνων
2589 3516 2988 3594 προστιθέμεναι
3049 3508 3236 3582 λέξεις.
3295 3518 3392 3574 Καὶ
3446 3517 3480 3583 ἡ
3524 3511 3794 3590 συμϐουλὴ

425 3599 639 3677 capite,
705 3602 806 3663 sed
860 3604 1054 3682 magni
1113 3605 1420 3666 Athanasii
1475 3605 1624 3680 zelo,
1660 3625 1833 3686 quem
1869 3607 1916 3666 si
1943 3607 2068 3687 quis

2157 3603 2216 3657 οὔ
2247 3603 2378 3658 κατά
2408 3604 2627 3680 γνώμην
2689 3605 2847 3680 ἐμὴν,
2912 3605 3050 3663 ἀλλὰ
3104 3607 3241 3662 κατά
3287 3604 3446 3676 ζῆλον
3491 3601 3796 3660 Ἀθανασίου

431 3687 662 3768 pietatis
697 3690 1145 3755 fundamentum
1183 3694 1684 3775 nuncupaverit,a
1713 3695 1930 3759 decoro
1961 3715 2068 3757 non

2157 3696 2249 3745 τοῦ
2307 3691 2464 3767 πάνυ,
2527 3693 2583 3751 ὃν
2636 3693 2872 3773 κρηπῖδα
2926 3700 3022 3762 τῆς
3081 3691 3339 3758 εὐσεϐείας
3410 3692 3660 3762 καλέσας,
3706 3691 3801 3746 οὒκ

427 3775 751 3865 aberrabit.
789 3782 930 3844 Cum
991 3784 1149 3844 enim
1205 3785 1408 3864 primae
1455 3788 1836 3846 mcumenicaa
1865 3779 2068 3865 synodi

2160 3776 2222 3833 ἂν
2281 3780 2488 3858 ἁμάρτῃ
2546 3785 2637 3838 τοῦ
2692 3781 2920 3846 δεόντος.
2978 3783 3126 3841 Ἐπεὶ
3178 3785 3276 3862 γαρ
3326 3788 3424 3850 τῆς
3469 3784 3683 3857 πρώτης
3714 3781 3798 3836 οὶ-

428 3863 526 3953 hic
555 3865 668 3928 dux
701 3887 768 3929 ac
795 3881 1096 3950 promoter
1126 3863 1420 3953 apparuit,
1457 3873 1830 3935 manifestum
1881 3863 1970 3935 est
2000 3874 2075 3936 il-

430 3952 1172 4040 lamipsam,etpostillam
1192 3952 1495 4022 universas
1521 3979 1702 4042 super
1730 3962 2078 4024 fundamen-

429 4051 485 4102 to
506 4043 634 4122 ejus
656 4051 1306 4130 sermonum,pietatem
1342 4049 1878 4122 exstruxisse.Quid
1903 4071 2080 4131 porro

430 4142 542 4202 est,
573 4135 627 4194 in
661 4153 775 4214 quo
804 4155 1077 4215 magnum
1115 4141 1223 4202 hoc
1256 4139 1537 4202 Ecclesia;
1568 4139 1770 4200 lumen
1807 4142 2079 4202 etabim-

2161 3876 2477 3944 κουμενικῆς
2549 3870 2760 3929 συνόδου
2817 3872 2964 3936 οὗτος
3024 3873 3267 3952 ἀρχηγὸς
3343 3873 3599 3953 ἀνεφάνη,
3651 3867 3800 3935 εὔδη-

2161 3955 2252 4012 λον
2279 3957 2359 4014 ὅτι
2399 3960 2530 4027 αὕτη
2560 3959 2757 4030 ἐκείνη,
2790 3963 2876 4016 καὶ
2932 3964 2983 4017 αἱ
3041 3960 3156 4036 μετ’
3201 3960 3406 4028 ἐκείνην
3462 3961 3660 4016 ἅπασαι
3718 3956 3803 4013 ἐπὶ

2163 4048 2388 4124 θεμελίῳ
2455 4056 2559 4105 τῶν
2616 4051 2811 4108 ἐκείνου
2872 4049 3047 4130 λόγων
3115 4052 3213 4117 τὴν
3270 4047 3533 4106 εὐσέϐειαν
3598 4045 3802 4122 ᾠκοδό-

3008 4147 3035 4157 4

2163 4161 2360 4220 μησαν.
2424 4140 2483 4198 Τί
2538 4138 2591 4196 δέ
2640 4141 2802 4214 ἐστιν,
2855 4140 2941 4220 ἐφ’
2999 4147 3045 4214 ᾦ
3113 4141 3202 4196 τὸν
3259 4139 3424 4217 μέγαν
3479 4144 3661 4194 τοῦτον
3707 4140 3805 4202 τῆς

433 4224 788 4288 mortalitate
821 4247 1033 4289 nomi-n
1058 4229 1173 4291 sibi
1234 4229 1611 4298 denu-ritum,
1663 4230 1925 4291 mmulari
1984 4250 2068 4292 vos

2169 4217 2482 4296 ἰἰκκλησίας
2555 4235 2832 4308 φωστῆρα,
2903 4217 3006 4285 ’τὸν
3075 4234 3174 4296 τῆς
3248 4228 3528 4292 ἀθανασίας
3599 4225 3806 4282 ἐπώνυ-

430 4310 917 4410 fratresmoneo?
946 4317 1053 4410 Ille
1082 4318 1210 4398 ipse
1242 4319 1418 4410 adsit,
1452 4327 1508 4380 et
1539 4337 1644 4410 sua
1675 4318 1871 4410 lingua
1889 4319 2068 4410 dicta-

2166 4340 2288 4396 μον,
2337 4316 2671 4394 παραζηλοῦν
2712 4320 2879 4390 ἡμᾶς,
2939 4315 3175 4396 ἀδελφοὶ,
3235 4314 3621 4391 συμϐουλεύως
3696 4317 3805 4410 A33-

434 4399 506 4461 tis
539 4403 780 4466 vocibus
810 4407 1119 4471 denuntiet
1148 4430 1161 4483 ;
1192 4408 1461 4488 quinimo
1496 4415 1554 4468 et
1588 4407 1898 4486 theologus
1930 4407 2068 4471 Grc-

2165 4407 2254 4468 τὸς
2311 4405 2517 4466 ἐκεῖνος
2574 4406 2797 4483 παρίτω,
2857 4407 2944 4462 καὶ
2975 4419 3096 4468 ταῖς
3122 4411 3190 4482 τῇ
3245 4406 3401 4462 αὐτοῦ
3457 4402 3676 4481 γλώσσῃ
3721 4401 3806 4458 ἐκ·

433 4491 912 4568 gorius,Basilius
941 4502 1272 4574 Magnus,et
1303 4496 2081 4575 decernendisdogmatibus

429 4580 808 4666 acutissimus
840 4586 1125 4649 Maximus
1146 4607 1280 4649 cum
1331 4606 1400 4649 eo
1431 4585 1800 4664 conspirent,
1838 4586 1898 4646 in
1943 4586 2079 4666 qui-

433 4664 542 4728 bus
573 4688 744 4749 quam
778 4675 998 4754 optime
1020 4683 1364 4754 suggerunt,
1403 4693 1534 4756 qua
1560 4693 1626 4736 ex
1659 4673 1902 4735 vocibus
1939 4664 2076 4736 nas-

431 4765 645 4845 cuntur
674 4761 1035 4826 differentias
1067 4765 1469 4845 negligendas,
1501 4763 1824 4825 dummodo
1857 4781 2076 4825 secun-

434 4843 574 4906 dum
606 4852 961 4913 sententiam
989 4874 1105 4915 uno
1139 4843 1433 4916 consensu
1457 4843 1680 4914 fratres
1704 4852 2082 4914 corcordant.

437 4930 495 4992 Pu
515 4945 658 4998 meat
677 4957 812 5000 vero
834 4941 980 5002 alios
1001 4942 1059 5003 in
1083 4942 1262 5004 rebus
1281 4940 1497 5004 divinis
1519 4939 1885 5021 exponendis
1907 4942 2088 5002 Atha-

437 5025 771 5089 nasius.Hic
795 5030 953 5092 enim
988 5040 1144 5092 tomo
1167 5032 1237 5091 ad
1261 5030 1687 5110 Antiochenos,
1723 5031 1887 5104 cujus
1919 5030 2086 5109 prin-

434 5114 1082 5195 cipiumzul’ersuasum
1105 5120 1394 5181 habemus
1427 5137 1689 5199 vos,cum
1724 5116 2081 5179 sitisminis-

439 5204 508 5264 tri
535 5202 640 5265 Dei
663 5223 731 5267 ac
753 5205 891 5267 boni
927 5208 1388 5286 dispensatores,
1427 5235 1444 5262 ι
1485 5208 1564 5270 ita
1607 5205 1814 5269 scribit
1848 5227 1861 5264 :
1905 5230 1931 5260 ιι
1961 5205 2083 5268 [llis

437 5293 619 5369 enim,
654 5295 752 5376 qui
811 5297 1124 5358 nonnullos
1169 5297 1539 5371 incusabant,
1574 5305 1640 5358 ut
1670 5295 1848 5357 trium
1890 5296 2080 5376 hypo-

437 5390 670 5444 staseon
693 5385 1106 5467 atlirmatores,
1127 5406 1259 5447 cum
1279 5386 1622 5466 hujusmodi
1643 5403 1820 5446 voces
1852 5385 1909 5446 in
1928 5385 2080 5448 Scri-

441 5470 628 5550 pturis
647 5492 763 5534 non
789 5474 1294 5554 reperirentur,ac
1325 5475 1572 5555 proinde
1593 5483 1884 5553 suSpectte
1897 5473 2078 5536 videri

441 5570 700 5638 possent,
734 5570 1006 5625 auctores
1029 5563 1268 5633 fuimus,
1302 5583 1374 5625 ne
1403 5563 1658 5643 amplius
1689 5561 1748 5623 in
1779 5563 2076 5626 Nicenam

437 5653 870 5718 confessionem
900 5655 1291 5738 inquirerent.
1327 5655 1440 5720 Sed
1471 5663 1668 5718 tamen
1707 5655 1782 5718 de
1837 5653 1967 5718 istis
1999 5654 2075 5717 ob

2164 4494 2511 4572 φωνηθείσαις
2561 4492 2758 4559 λέξεσιν
2806 4491 3188 4572 ἆπαγγελλέτω
3229 4494 3363 4568 ἡμῖν
3398 4511 3414 4527 ⁸
3479 4493 3537 4548 οὗ
3594 4493 3699 4566 μὴν
3753 4487 3808 4546 δὲ

2164 4581 2300 4638 ἀλλὰ
2327 4585 2416 4640 καὶ
2445 4585 2472 4639 ὁ
2515 4588 2612 4650 τῆς
2656 4580 2925 4660 θεολογίας
2981 4581 3278 4660 ἐπώνυμος,
3343 4579 3611 4642 Βασίλειός
3674 4599 3732 4634 τε
3777 4580 3805 4634 ὁ

2163 4671 2328 4750 μέγας
2376 4673 2463 4728 καὶ
2523 4675 2551 4729 ὁ
2613 4669 3077 4749 δογματικώτατος
3138 4669 3377 4744 Μάξιμος
3437 4664 3808 4747 συγκροτησά-

2162 4783 2334 4817 τωσαν
2392 4762 2581 4836 τούτῳ.
2644 4759 2725 4841 ἐφ’
2799 4765 2882 4822 οἷς
2961 4759 3145 4838 ἄριστα
3214 4758 3507 4815 ὑποτίθεται
3591 4757 3684 4819 τὰς
3752 4758 3809 4811 ἓν

2168 4848 2336 4915 λέξεσι
2376 4853 2698 4930 παρορᾶσθαι
2754 4846 3025 4926 διαφορὰς,
3093 4848 3321 4914 ὁπηνίκα
3378 4844 3470 4912 εἴη
3537 4845 3675 4901 κατά
3711 4845 3810 4910 τὴν

2167 4939 2252 4996 ἐπὶ
2321 4946 2386 5016 τῇ
2455 4943 2624 5012 ἒννοίᾳ
2677 4939 3040 5016 ὁμοφροσύνην
3092 4934 3392 5012 συμϐαίνειν
3447 4935 3566 4997 τοὺς
3650 4931 3810 4990 ἀδελ-

2167 5030 2316 5108 φούς.
2374 5029 2711 5106 Προηγείσθω
2754 5023 2809 5081 δὲ
2869 5025 2953 5082 ἐπὶ
3005 5026 3209 5088 τούτοις
3263 5030 3370 5080 τῶν
3425 5022 3599 5080 ἄλλων
3653 5022 3808 5085 αὐτὸς

2168 5121 2194 5174 6
2236 5119 2302 5173 τὰ
2343 5121 2462 5174 θεῖα
2505 5116 2668 5180 πολὺς
2729 5113 3057 5179 Ἀθανάσιος.
3091 5116 3250 5178 Οὗτος
3299 5114 3398 5190 γὰρ
3453 5113 3507 5169 ἐν
3561 5133 3638 5184 τῳ
3681 5113 3810 5189 πρὸς

2167 5207 2474 5286 Ἀντιοχεῖς
2504 5207 2672 5280 τόμοι),
2709 5206 2769 5260 οὗ
2811 5205 2844 5271 ἡ
2904 5203 3077 5283 ἀρχὴ,
3138 5231 3160 5254 ι
3229 5202 3556 5276 Πεπείσμεθα
3613 5199 3667 5257 δὲ
3725 5197 3807 5255 ὅτι

2165 5293 2457 5374 λειτουργοὶ
2499 5293 2672 5374 καλοὶ,
2721 5294 2808 5348 καὶ
2865 5291 3134 5367 οἰκονόμοι
3178 5297 3308 5348 Θεοῦ
3352 5291 3731 5370 τυγχάνοντες,
3780 5311 3809 5343 ι

2165 5385 2302 5444 οὕτω
2345 5386 2503 5466 φησίν
2545 5406 2555 5418 ·
2596 5408 2623 5438 α
2659 5385 2758 5450 Οὓς
2819 5383 2917 5460 γὰρ
2971 5379 3266 5460 ἐμέμφοντό
3323 5401 3484 5457 τινες,
3539 5381 3610 5441 ὡς
3665 5388 3811 5456 τρεῖς

2162 5475 2415 5554 λέγοντας
2461 5472 2772 5538 ὑποστάσεις
2831 5471 2914 5528 διὰ
2970 5473 3031 5527 τὸ
3087 5469 3350 5547 ἀγράφους
3406 5469 3493 5522 καὶ
3546 5466 3812 5529 ὑπόπτως

2161 5551 2391 5622 ἐντεῦθεν
2447 5562 2590 5619 εἶναι
2665 5564 2758 5625 τὰς
2838 5559 3031 5633 λέξεις,
3103 5556 3348 5631 ἠξιοῦμεν
3421 5552 3586 5630 μηδὲν
3653 5551 3816 5610 πλέον

2158 5654 2428 5724 ἕπιζητεϊν
2496 5651 2590 5720 τῆς
2646 5651 2781 5706 κατά
2841 5649 3059 5708 Νίκαιαν
3129 5642 3448 5723 ὁμολογίας,
3505 5643 3799 5722 ἀνακρίνειν
