4142 6286
298 356 380 420 29

1489 359 1587 421 DE
1620 356 1911 421 UNIONE
1942 355 2492 420 ECCLESIARUM.

3608 353 3686 417 3O

296 490 349 548 δὲ
376 492 524 568 ὅμως
566 496 785 559 τούτους
828 492 913 550 διὰ
966 493 1066 560 τὴν
1110 491 1451 573 φιλονεικίαν,
1517 490 1595 566 μὴ
1639 488 1737 568 ἄρα
1794 486 1866 548 ὡς
1897 486 1944 541 οἱ

2047 466 2416 547 ιεννῆειοὶεηι
2448 484 2679 549 rixandi
2710 486 2956 568 quaestio
2986 495 3074 549 est
3106 487 3328 570 habita,
3352 488 3683 566 interroga-

296 580 699 661 Ἀρειομανῖται
770 582 1011 662 λέγουσιν
1084 578 1617 659 ἆπηλλοτριωμὲνας,
1687 578 1773 633 καὶ
1841 574 1951 630 ἆπ-

300 669 653 752 εξενωμένας,
699 670 1118 752 ἆλλοτριουσίους
1158 691 1216 724 τε
1260 667 1534 741 ἀλλήλων,
1595 668 1683 724 καὶ
1727 665 1953 752 ἑκάστην

298 758 418 817 καθ’
475 751 672 828 ἑαυτὴν
714 760 1001 817 ὑπόστασιν
1045 756 1391 837 διῃρημένηη
1453 758 1526 820 ὡς
1586 755 1694 812 ἔστι
1766 751 1830 810 τά
1896 772 1953 807 τε

302 847 438 905 ἄλλα
487 852 775 926 κτίσματα,
848 851 936 907 καὶ
977 852 1021 906 οἱ
1080 846 1131 912 ἐξ
1173 846 1458 925 ἀνθρώπων
1527 845 1871 923 γεννώμενοι,

303 937 484 1020 ὥσπερ
538 938 815 1019 διαφόρους
858 938 1055 1010 οὐσίας,
1102 935 1281 1015 ὥσπερ
1323 935 1432 990 ἐστὶ
1486 935 1712 1014 χρυσὸς,
1757 930 1793 1000 ἢ
1853 929 1949 1007 ἄρ-

306 1050 488 1109 γυρος,
532 1028 570 1096 ἢ
626 1026 860 1108 χαλκὸς,
924 1024 1059 1083 οἶτω
1120 1025 1209 1081 καὶ
1263 1022 1405 1080 αὐτολ
1465 1021 1730 1101 λέγουσιν,
1789 1020 1823 1088 ἢ
1880 1021 1953 1080 ὡς

306 1107 480 1174 ἄλλοι
502 1107 752 1194 αἱρετικοὶ
798 1128 946 1195 τρεῖς
993 1114 1163 1194 ἀρχὰς
1204 1115 1293 1169 καὶ
1349 1113 1498 1190 τρεῖς
1557 1112 1715 1173 Θεοὺς
1772 1107 1957 1187 λέγου-

306 1229 415 1281 σιν,
444 1206 584 1263 οὕτω
634 1208 720 1262 καὶ
762 1207 903 1261 οὗτοι
952 1209 1257 1283 φρονοῦντες
1314 1215 1457 1279 τρεῖς
1498 1198 1813 1262 ὑποστάσεις
1871 1195 1958 1252 λέ-

303 1317 489 1373 γοιυσιν
523 1314 540 1373 ;
578 1297 675 1351 Καὶ
716 1290 1179 1370 διαϐεϐαιώσαντο,
1238 1291 1376 1366 μήτε
1419 1288 1617 1367 λέγειν,
1663 1289 1800 1363 μήτε
1851 1307 1955 1343 πε-

304 1383 625 1467 φρονηκέναι
683 1382 814 1439 ποτε
884 1379 1073 1443 οὕτως,
1132 1379 1485 1457 Ἐρωτώντων
1539 1376 1594 1433 δὲ
1648 1379 1804 1449 ἡμῶν
1854 1374 1952 1431 αὑ-

306 1463 455 1546 έοὺς,
503 1477 626 1536 Πῶς
692 1471 781 1527 οὖν
841 1479 1007 1528 ταῦτα
1062 1467 1268 1545 λὲγετε,
1326 1467 1363 1534 ἢ
1433 1465 1517 1522 διὰ
1588 1467 1638 1522 τί
1692 1463 1746 1521 δὶ
1816 1463 1955 1527 ὅλως

304 1562 578 1624 τοιαύταις
635 1562 839 1640 χρῆσθε
880 1556 1120 1631 Micam;
1170 1555 1568 1634 Ἀπεκρίναντο,
1629 1556 1725 1610 Διά
1780 1556 1842 1610 τὸ
1883 1555 1956 1616 εἰς

306 1651 460 1727 ἁγίαν
519 1647 715 1727 Τριέδα
770 1647 1051 1717 πιστεύειν,
1113 1649 1210 1705 οὑκ
1250 1643 1471 1720 ὀνόματι
1522 1645 1682 1720 μόνον
1742 1640 1955 1723 Τριάδα,

309 1738 432 1796 ἀλλ’
490 1738 705 1806 ἀληθῶς
785 1736 965 1808 οὖσαν,
1038 1735 1126 1791 καὶ
1193 1736 1521 1815 ὑφεστῶσαν,
1609 1732 1815 1812 Πατέρα
1897 1753 1957 1789 τε

304 1827 520 1895 άληθῶς
565 1826 689 1883 ὄντα
730 1826 816 1882 καὶ
856 1825 1153 1904 ὑφεστῶσα,
1213 1812 1301 1879 διαὶ
1359 1825 1479 1879 Υἱὸν
1533 1822 1744 1890 ἀληθῶς
1800 1821 1950 1877 ὲνού-
1977 1812 2015 1861 Β

307 1939 422 1975 σιον
448 1915 578 1973 ὄντα
619 1916 709 1971 καὶ
748 1915 1048 1995 ὑφεστῶσα,
1107 1915 1193 1969 καὶ
1250 1919 1460 1987 Πνεῦμα
1514 1912 1664 1990 ἅγιον
1717 1912 1953 1991 ὑφεστη-

306 2008 398 2072 αός
444 2008 534 2062 καὶ
564 2005 805 2085 ὑπάρχον
839 2020 856 2036 ⁸
916 2004 1052 2077 μήτε
1093 2000 1148 2058 δὲ
1178 2001 1441 2081 εἰρηκέναι
1484 2016 1628 2078 τρεῖς
1686 2001 1872 2073 θεοὺς,
1917 1998 1955 2067 ἢ

306 2095 482 2175 ἀρχάς
518 2095 714 2171 ’,μήτε
767 2091 904 2158 ὅλως
947 2091 1228 2171 ἀνέχεσθαι
1282 2097 1393 2147 τῶν
1422 2090 1576 2148 τοῧτο
1604 2088 1866 2168 λεγόντων
1921 2087 1957 2155 ἢ

306 2184 659 2261 φρονούντων,
745 2178 865 2238 ἀλλ’
933 2178 1118 2236 εἰδέναι
1197 2180 1350 2258 ἁγίαν
1407 2179 1502 2252 μὲν
1557 2176 1771 2259 Τριάδα,
1835 2177 1956 2252 μίαν

305 2271 363 2329 δὲ
392 2270 657 2346 Θεοεεητα,
689 2272 776 2328 καὶ
806 2271 928 2344 μίαν
957 2269 1134 2349 ἀρχήν
1169 2287 1183 2301 ·
1239 2269 1327 2324 καὶ
1383 2269 1501 2324 Υἱὸν
1557 2268 1654 2344 μὲν
1684 2267 1962 2342 δμοούσιον

307 2369 386 2436 τῷ
428 2364 616 2439 Πατρὶ,
663 2362 737 2425 ὡς
782 2360 939 2416 εἶπον
969 2360 1017 2413 oi
1050 2357 1276 2436 Πατὲρες
1312 2376 1327 2391 ο
1385 2358 1446 2413 τὸ
1485 2355 1539 2413 δὲ
1569 2356 1718 2435 ἅγιον
1752 2361 1963 2428 Πνεῦμα

308 2451 369 2508 οὐ
396 2451 617 2525 κτίσμα,
642 2447 765 2521 ,οὑδὲ
813 2447 977 2523 ξένον,
1030 2443 1150 2503 ἀλλ’
1213 2443 1347 2503 ἴδιον
1392 2448 1480 2502 καὶ
1521 2444 1811 2525 ἀδιαίρετον
1862 2448 1960 2509 τῆς

308 2540 489 2603 σἰσίας
530 2548 624 2597 τοῦ
668 2540 787 2595 rio?)
841 2537 930 2593 καὶ
964 2542 1085 2601 ,τοῦ
1142 2537 1366 2614 Πατρὸς,
1443 2533 1846 2611 Ἀποδεξάμενοι
1902 2530 1957 2587 δὲ

302 2629 507 2686 τούτων
550 2628 650 2694 τὴν
706 2626 988 2704 ἑρμηνείαν
1044 2630 1151 2681 τῶν
1193 2623 1407 2699 λέξεων,
1454 2627 1542 2681 καὶ
1594 2625 1692 2692 τὴν
1762 2622 1961 2682 ἀπολει-

306 2717 452 2795 γίαν,
535 2714 880 2793 ἀνεκρέναμεν
965 2714 1082 2778 τοὺς
1137 2713 1463 2777 αἰτιαθέντας
1519 2715 1665 2793 παρὰ
1733 2714 1955 2788 τούτων,

305 2809 381 2870 ὡς
423 2804 678 2883 λέγοντας
730 2803 856 2879 μίαν
910 2802 1216 2875 ὑπόστασιν,
1276 2803 1354 2870 μὴ
1399 2799 1498 2880 ἄρα
1540 2805 1613 2875 ὡς
1672 2800 1959 2867 Σαϐἐλλιος

309 2906 520 2974 φρονεῖ,
579 2892 718 2950 οὕτω
771 2894 861 2949 καὶ
914 2894 1056 2950 οὗτοι
1110 2891 1353 2970 λέγουσιν
1403 2892 1487 2949 ἐπὶ
1538 2891 1799 2972 ἀναιρέσει
1871 2897 1962 2947 τοῦ

308 2987 459 3058 ’π’ἱώ,
503 2983 593 3038 καὶ
633 2982 727 3038 τοῦ
783 2982 932 3058 ἁγίου
976 2985 1299 3056 Πνεύματος,
1358 2980 1395 3048 ἢ
1448 2983 1518 3047 ὡς
1573 2981 1810 3039 z’zvouat'ou
1880 2980 1964 3038 ὄν-

307 3094 403 3138 τος
457 3072 552 3128 τῶ
607 3073 752 3145 Υἶοῦ,
810 3071 847 3138 ἢ
892 3070 1250 3127 ἆνυποστάτου
1290 3081 1382 3129 τοῦ
1437 3070 1587 3149 ἁγίου
1631 3070 1959 3145 Πνεύματος.

306 3165 370 3220 Οἱ
413 3159 472 3217 δὲ
511 3162 602 3216 καὶ
657 3159 804 3216 αὑτοὶ
873 3155 1316 3216 διαϐεϐαιώσαντο
1387 3161 1523 3234 μήτε
1564 3166 1718 3216 τοῦτο
1762 3158 1959 3236 λέγειν,

308 3252 454 3326 μήτε
511 3249 650 3306 οὕτω
718 3246 1105 3328 πεφρονηκέναι
1170 3247 1408 3304 πώποτε.
1476 3244 1626 3304 Ἀλλ’
1680 3247 1962 3303 ὑπόστασιν

307 3341 437 3415 μίαν
480 3336 731 3415 λέγομεν,
789 3336 1074 3415 ἡγούμενοι
1130 3337 1318 3394 ταύτὸν
1390 3337 1529 3392 εἶναι
1600 3337 1771 3392 εἰπεῖν
1837 3334 1967 3391 ὑπό-

308 3448 497 3484 στασιν
537 3426 627 3481 καὶ
675 3424 853 3481 οὑσίαν
891 3444 904 3458 ·
969 3424 1089 3499 μίαν
1133 3420 1186 3478 δὲ
1231 3430 1547 3503 φρονοῦμεν,
1621 3420 1706 3479 διὰ
1774 3423 1835 3479 τὸ
1903 3425 1968 3479 ir.

308 3522 413 3583 τῆς
460 3514 642 3577 οὖσιας
695 3519 786 3569 τοῦ
830 3513 1033 3590 Πατρὸς
1076 3512 1216 3569 εἶναι
1270 3514 1362 3567 τὸν
1419 3514 1557 3585 Υἱὸν,
1602 3513 1689 3568 καὶ
1744 3510 1827 3568 διὰ
1867 3512 1966 3578 τὴν

309 3604 615 3669 ταυτότητι
664 3607 763 3669 τῆς
807 3602 1034 3681 φύσεως.
1088 3602 1221 3656 Μίαν
1276 3601 1375 3677 γὰρ
1433 3601 1681 3676 θεότητα,
1729 3602 1815 3657 καὶ
1845 3601 1970 3677 μίαν

313 3695 460 3751 εἶναι
528 3692 631 3758 τὴν
686 3691 885 3756 ταύτης
930 3691 1081 3769 φύσιν
1120 3690 1461 3768 πιστεύομεν,
1511 3691 1598 3745 καὶ
1654 3692 1746 3746 οὑκ
1801 3688 1970 3756 ἄλλην

310 3783 413 3859 μὲν
456 3782 557 3849 τὴν
613 3787 709 3836 τοῦ
765 3780 994 3858 Πατρὸς,
1054 3777 1206 3844 ξένην
1247 3775 1303 3833 δὲ
1359 3779 1542 3834 τούτου
1599 3777 1696 3846 τήν
1720 3784 1817 3835 ’τοῦ
1848 3779 1970 3834 Υἱοιὸ

311 3874 403 3929 καὶ
429 3872 531 3937 τὴν
578 3876 672 3925 τοῦ
728 3868 878 3945 ἁγίου
935 3867 1258 3943 Πνεύματος.
1307 3866 1522 3942 Ἀμέλει
1577 3867 1737 3924 κάκεῖ
1789 3869 1837 3924 οἱ
1892 3868 1967 3923 αἷ-

312 3960 609 4032 τιαθέντες,
653 3960 728 4021 ὡς
783 3958 1052 4035 εἰρηκότες
1095 3970 1239 4036 τρεῖς
1295 3956 1608 4021 ὑποστάσεις
1652 3957 1970 4013 συνετίθεντο

312 4051 554 4112 τούτοις,
633 4048 731 4104 Καὶ
774 4045 918 4102 αὑτοὶ
958 4043 1012 4101 δὲ
1057 4048 1104 4103 οἱ
1159 4044 1426 4123 εἰρηκότες
1488 4043 1610 4120 μίαν
1657 4044 1966 4116 ὑπόστισιν,

311 4140 384 4195 τὰ.
436 4137 654 4194 ἂείνων
722 4134 901 4211 ὥσπερ
968 4135 1303 4212 ἡρμήνευσαν
1386 4136 1474 4191 καὶ
1543 4134 1874 4213 ὡμολόγουν.
1938 4156 1962 4191 ι

317 4228 417 4285 Καὶ
474 4220 771 4304 προϐαίνων
830 4220 942 4297 μεθ’
1020 4221 1172 4299 ἕτερα
1204 4240 1218 4255 ·
1298 4222 1509 4279 Τούτων
1577 4223 1746 4279 τοίνυν
1803 4222 1969 4288 οὕτως

2038 573 2201 654 tique
2230 584 2389 643 sunt,
2426 594 2565 637 num
2599 595 2666 638 ex
2710 577 3067 643 Arianorum
3122 577 3416 639 sententia
3465 576 3692 638 alienas

2039 662 2605 745 peregrinasque,ac
2628 665 2878 728 diversae
2906 684 2940 728 a
2975 684 3039 727 se
3070 665 3320 728 invicem
3344 665 3690 729 substantiae

2040 770 2323 831 personas
2354 771 2486 815 esse
2507 754 2706 819 velint.
2745 764 2803 818 et
2833 774 3311 837 unamquamque
3330 753 3689 837 bypostasim

2038 859 2144 920 per
2168 860 2232 902 se
2253 860 2320 902 ac
2350 842 2599 904 seorsim
2631 842 2876 905 divisam
2904 862 3035 905 esse
3066 863 3170 925 pro
3192 842 3420 908 ratione
3441 850 3686 905 cetera-

2036 948 2167 991 rum
2218 939 2641 1008 creaturarum,
2699 951 3045 1016 eorumque,
3096 934 3196 1015 qui
3247 952 3319 997 ex
3344 931 3687 997 hominibus

2036 1029 2382 1095 nascuntur,
2413 1021 2753 1083 existiment
2799 1041 2812 1086 :
2848 1042 2919 1084 an
2944 1023 3041 1085 hic
3069 1023 3399 1101 intelligant
3426 1021 3689 1085 diversas

2036 1125 2156 1183 res,
2218 1109 2394 1187 quale
2451 1120 2539 1172 est
2582 1129 2814 1186 aurum,
2849 1121 3181 1192 argentum,
3215 1131 3298 1175 tes
3325 1133 3339 1191 ;
3367 1130 3463 1188 an,
3496 1118 3562 1173 ut
3588 1109 3687 1173 alii

2039 1196 2324 1280 haeretici,
2386 1198 2495 1260 sub
2539 1197 2668 1261 istis
2711 1200 2954 1263 vocibus
3005 1201 3116 1263 tria
3162 1200 3452 1282 principia
3480 1207 3540 1262 et
3568 1207 3687 1262 tres

2040 1285 2185 1347 deos
2212 1287 2592 1349 constituant.
2657 1290 2944 1353 Caeterum
3001 1289 3086 1352 illi
3116 1289 3489 1352 afﬁrmabant
3514 1307 3581 1351 se
3610 1291 3689 1349 ita

2041 1393 2152 1436 nec
2209 1375 2452 1451 dixisse,
2516 1396 2628 1439 nec
2694 1379 2975 1441 sensisse.
3035 1377 3528 1441 Percontantibus
3574 1395 3684 1439 au-

2043 1472 2157 1525 tem
2192 1466 2384 1539 nobis,
2419 1486 2535 1547 qua
2562 1469 2793 1531 ratione
2840 1468 3079 1531 tandem
3111 1470 3221 1532 ista
3249 1468 3538 1542 dicerent,
3590 1475 3689 1529 aut

2041 1572 2148 1615 cur
2177 1554 2420 1617 omnino
2439 1556 2766 1620 istiusmodi
2793 1558 3090 1620 vocabulis
3105 1566 3690 1637 uterentur,respon-

2040 1660 2170 1706 sum
2203 1643 2498 1707 dederunt
2524 1664 2657 1708 sese
2691 1647 2748 1711 in
2769 1646 3117 1710 Trinitatem
3138 1645 3536 1725 credere,non
3558 1662 3689 1727 quae

2040 1731 2282 1794 nomine
2305 1742 2476 1794 tenus
2493 1733 2773 1811 Trinitas,
2810 1736 2912 1798 sed
2945 1754 3227 1818 quaavere
3245 1732 3504 1797 Trinitas
3534 1740 3693 1795 esset

2040 1828 2097 1883 et
2125 1821 2523 1884 subsisteret:
2584 1832 2639 1884 et
2700 1828 2950 1899 Patrem,
3009 1833 3072 1887 ut
3121 1824 3222 1906 qui
3278 1839 3418 1886 vere
3448 1827 3690 1884 essetet

2038 1908 2389 1973 subsisteret
2421 1933 2436 1974 ;
2489 1921 2547 1973 et
2602 1912 2816 1974 Filium
2848 1922 2911 1974 ut
2939 1914 3379 1974 inexsistentem
3415 1921 3472 1973 et
3496 1909 3691 1972 subsi-

2040 2009 2317 2078 stentem,
2372 2010 2430 2064 et
2458 2001 2741 2084 Spiritum
2788 2017 3056 2066 sanctum
3091 2012 3150 2065 ut
3179 2001 3598 2064 subsistentem
3632 2008 3692 2063 et

2043 2091 2425 2153 exsistentem
2459 2111 2783 2171 agnoscere
2821 2116 2835 2154 ;
2870 2112 2986 2156 non
3020 2100 3215 2155 tamen
3247 2109 3311 2152 se
3334 2089 3553 2151 dixisse
3570 2096 3692 2150 tres

2044 2178 2190 2242 deos
2218 2190 2319 2242 aut
2348 2182 2458 2244 tria
2491 2182 2802 2264 principia,
2837 2182 2956 2244 imo
3004 2200 3115 2244 nec
3167 2181 3522 2243 toleraturos
3552 2177 3689 2258 qui-

2044 2269 2204 2344 dem,
2238 2270 2286 2330 si
2317 2270 2449 2351 quis
2480 2271 2595 2333 tale
2628 2271 2933 2353 quidpiam
2964 2279 3064 2333 aut
3093 2269 3269 2345 dicat,
3303 2274 3405 2331 aut
3434 2266 3687 2340 sentiat:

2045 2357 2147 2419 sed
2177 2359 2351 2435 scire,
2388 2377 2519 2422 esse
2550 2369 2811 2422 sanctam
2853 2360 3227 2439 Trinitatem,
3256 2366 3318 2419 ut
3349 2364 3545 2419 tamen
3574 2373 3692 2418 una

2046 2446 2122 2508 sit
2152 2446 2351 2508 Deitas
2380 2458 2437 2508 et
2468 2464 2652 2510 unum
2685 2449 3066 2530 principium.
3091 2458 3150 2510 et
3177 2447 3391 2510 Filium
3424 2463 3491 2507 se
3509 2462 3688 2523 agno-

2041 2553 2209 2596 scere
2262 2554 2392 2597 esse
2450 2538 2901 2601 coessentialem
2952 2556 3060 2600 suo
3102 2535 3283 2609 Patri,
3321 2541 3385 2596 ut
3412 2532 3690 2595 dixerunt

2041 2622 2280 2687 Patres:
2311 2632 2369 2685 et
2392 2623 2676 2706 Spiritum
2692 2636 2959 2690 sanctum
2984 2646 3099 2688 non
3133 2635 3690 2705 creaturam,neque

2042 2714 2327 2790 alienum,
2364 2714 2468 2777 sed
2501 2716 2803 2795 proprium
2835 2724 2892 2778 et
2915 2716 3374 2795 indisgregatum
3397 2711 3470 2775 ab
3484 2729 3688 2774 essen-

2046 2802 2125 2864 tia
2175 2806 2359 2865 Patris
2405 2812 2464 2865 et
2498 2804 2651 2866 Filii.
2688 2804 3023 2886 Approbata
3057 2804 3236 2883 igitur
3265 2798 3605 2864 istiusmodi
3633 2806 3691 2860 et

2044 2891 2532 2973 interpretatione
2562 2900 2621 2954 et
2652 2895 3055 2965 excusatione,
3082 2892 3340 2955 vicissim
3371 2892 3695 2972 quoque'et

2045 3000 2148 3044 eos
2178 2981 2663 3055 examinavimus,
2697 2984 2795 3064 qui
2846 2984 2919 3045 ab
2970 2982 3099 3044 istis
3156 2981 3216 3043 in
3248 2980 3478 3061 culpam
3510 2977 3690 3038 devo-

2047 3071 2358 3152 cabantur,
2393 3072 2560 3152 quasi
2591 3072 2690 3153 qui
2720 3072 3013 3146 dicerent,
3048 3089 3178 3134 esse
3210 3088 3385 3131 unam
3415 3067 3693 3146 hyposta-

2048 3161 2184 3234 sim,
2219 3160 2590 3222 sciscitantes
2632 3161 2704 3223 ab
2739 3161 2882 3233 illis,
2918 3179 3057 3222 num
3090 3177 3196 3240 pro
3226 3156 3560 3222 Sabelliano
3590 3153 3693 3215 do-

2049 3257 2242 3326 gmate
2271 3267 2341 3310 ea
2375 3256 2574 3310 mente
2598 3249 3078 3330 loquerentur,ut
3099 3246 3361 3309 sublatos
3385 3243 3692 3305 vellentes

2048 3338 2340 3400 Trinitate
2358 3337 2571 3399 Filium
2611 3347 2666 3399 et
2697 3337 2981 3418 Spiritum
3004 3344 3293 3410 sanctum,
3327 3333 3492 3416 quasi
3514 3331 3697 3394 Filius

2050 3427 2308 3489 essentia
2330 3436 2548 3500 careat,
2574 3435 2673 3488 aut
2706 3426 2963 3507 Spiritus
2992 3435 3232 3487 sanctus
3261 3443 3378 3486 non
3402 3421 3695 3484 subsiste-

2054 3516 2188 3577 ret?
2217 3515 2369 3588 Quin
2396 3529 2453 3578 et
2486 3516 2599 3597 ipsi
2620 3534 2856 3598 quoque
2884 3514 3270 3589 aﬂirmarunt,
3306 3530 3498 3594 neque
3523 3529 3589 3573 se
3618 3509 3697 3571 ita

2051 3606 2309 3667 sensisse
2360 3624 2642 3688 unquam,
2677 3605 2779 3667 sed
2821 3605 3178 3686 hypostasim
3208 3622 3312 3665 eos
3342 3601 3694 3681 intelligere,

2050 3696 2208 3758 idem
2242 3712 2372 3756 esse
2426 3714 2557 3757 cum
2612 3694 2871 3756 essentia
2904 3717 2918 3752 :
2953 3712 3127 3755 unam
3179 3701 3373 3754 autem
3407 3691 3542 3753 ideo
3567 3706 3701 3751 sese

2053 3783 2417 3863 hypostasim
2442 3782 3023 3864 intelligere,partim
3041 3782 3176 3863 quia
3201 3781 3378 3843 Filius
3401 3798 3469 3841 ex
3494 3795 3698 3840 essen-

2050 3872 2323 3935 ‘tiaPatris
2345 3872 2663 3953 sit,partim
2692 3876 2828 3953 quia
2846 3871 2906 3932 in
2930 3871 3118 3933 tribus
3140 3873 3212 3933 sit
3231 3869 3513 3932 identitas
3534 3873 3701 3928 natu-

2052 3980 2135 4023 rae
2160 3981 2176 4031 ;
2202 3979 2376 4022 unam
2392 3961 2550 4023 enim
2568 3960 2993 4023 seseDeitatem
3016 3970 3074 4022 et
3097 3979 3271 4022 unam
3294 3968 3561 4021 naturam
3577 3972 3705 4017 cre-

2054 4050 2219 4123 dere,
2245 4068 2443 4128 neque
2472 4049 2645 4111 aliam
2679 4049 2894 4122 Patris,
2927 4048 3100 4110 aliam
3131 4047 3287 4118 Filii,
3317 4056 3418 4110 aut
3449 4043 3702 4126 Spiritus

2054 4138 2243 4199 sancti
2292 4156 2422 4200 esse
2480 4138 2769 4200 naturam’.
2805 4138 3086 4213 Quinimo
3116 4146 3175 4200 et
3199 4138 3283 4200 illi
3341 4136 3441 4217 qui
3474 4153 3544 4196 eo
3574 4132 3696 4194 cri-

2028 4227 2215 4289 -mine
2243 4229 2516 4309 postulati
2576 4237 2762 4303 erant,
2809 4229 2963 4310 quod
2997 4238 3117 4290 tres
3148 4228 3492 4307 hypostases
3523 4220 3703 4283 indu-

315 4311 783 4390 ὁμολογηθέντων,
852 4310 1255 4389 παρακαλοῦμεν
1333 4311 1467 4385 ὑμᾶς
1524 4314 1646 4375 τοὺς
1707 4310 1803 4384 μὲν
1874 4310 1964 4368 0'3-

2056 4326 2282 4391 cerent,
2317 4337 2450 4379 cum
2484 4317 2613 4379 istis
2638 4317 2696 4379 in
2729 4317 2998 4379 eamdem
3032 4315 3381 4379 sententiain
3416 4326 3702 4373 convene'

315 4425 425 4466 τως
510 4399 925 4478 ὁμολογοῦντας,
986 4401 1073 4455 καὶ
1140 4397 1571 4477 διερμηνεύοντας
1654 4398 1795 4457 οἶτω
1874 4401 1967 4465 τὰς

316 4491 516 4569 λέξεις,
547 4490 608 4554 ἃς
659 4488 897 4567 λέγουσι,
958 4491 1034 4563 μὴ
1087 4487 1425 4566 κατακρίνετε
1496 4486 1633 4563 μηδέ
1689 4496 1968 4567 προπετῶς

320 4577 679 4651 ἂποϐίλλετε,
739 4575 875 4634 ἀλλὰ
916 4575 1118 4651 μᾶλλον
1188 4578 1549 4655 εἷρηνεύοντας
1607 4578 1695 4634 καὶ
1763 4576 1969 4635 ἀπολο-

318 4666 611 4746 γουμένους
662 4661 1150 4745 προσλαμϐάνεσθε,
1223 4665 1343 4731 τοὺς
1384 4663 1439 4720 δὲ
1483 4665 1561 4740 μὴ
1619 4663 1971 4741 βολλομένους

319 4756 492 4818 οῗτως
543 4752 857 4831 ὁμολογεῖν,
914 4754 1003 4809 καὶ
1045 4751 1402 4831 διερμηνεύειν
1446 4755 1539 4817 τὰς
1600 4751 1786 4832 λέξεις,
1843 4754 1972 4811 τού-

319 4866 444 4907 τους
501 4841 737 4900 κωλύετε
789 4842 878 4898 καὶ
923 4841 1221 4921 ἐντρέπετε,
1278 4843 1351 4907 ὡς
1406 4841 1674 4908 ὑπόπτους
1731 4850 1809 4917 τῷ
1850 4866 1975 4924 φροο

322 4935 548 5008 νήματι.
625 4932 837 4989 Τούτων
891 4928 946 4987 δὲ
1020 4932 1098 5005 μὴ
1168 4931 1509 5011 ἀνεχόμενοι,
1600 4929 1975 5007 συμϐουλεύετε

324 5024 415 5079 καὶ
483 5022 704 5084 salvat;
763 5034 879 5082 to“:
952 5021 1115 5098 ὀρθῶς
1187 5021 1531 5100 ἐρμηνεύουσί
1584 5042 1640 5077 τε
1697 5023 1784 5079 καὶ
1841 5045 1976 5103 φρο-

326 5121 500 5190 νοῦσι,
534 5106 700 5185 μηδὲν
730 5107 893 5165 πλέον
948 5107 1211 5179 ἀλλήλους
1262 5110 1552 5189 ἀνακρίνειν
1619 5108 1755 5186 μηδὲ
1810 5109 1976 5191 λογο-

327 5212 534 5279 μαχεῒν
604 5196 690 5255 ἐπ’
750 5195 897 5254 οὑδὲν
964 5198 1256 5277 χρήσιμον,
1320 5199 1458 5274 μήτε
1528 5212 1648 5262 ταῖς
1705 5200 1978 5264 τοιαύταις

327 5288 499 5354 λέξεσι
554 5284 941 5367 διαμάχεσθαι,
984 5284 1120 5342 ἀλλὰ
1188 5295 1264 5362 τῷ
1319 5288 1615 5367 φρονήματι
1672 5292 1770 5354 τῆς
1826 5289 1979 5345 εὗσε-

326 5375 471 5441 6είας
524 5387 858 5457 συμφωνεῖν.
939 5378 999 5432 Οἱ
1067 5377 1165 5454 γὰρ
1240 5377 1318 5452 μὴ
1377 5374 1543 5439 οἷτως
1596 5375 1976 5453 διανοούμενοι,

326 5465 464 5523 ἄλλᾶ
505 5470 665 5540 μόνον
696 5465 784 5521 ἐπὶ
834 5476 954 5526 τοτς
1001 5465 1257 5530 τοιούτοις
1300 5462 1575 5530 λεξειδίοις
1617 5463 1980 5545 φιλονεικοῦνο

326 5576 434 5628 τες,
506 5555 595 5610 καὶ
663 5553 811 5632 παρᾶ
865 5553 936 5607 τὰ
990 5549 1045 5607 ἓν
1120 5554 1306 5625 Νικαίᾳ
1361 5553 1622 5632 γραφέντα
1678 5561 1977 5638 ζητοῦντες,

324 5639 466 5700 οὒδέν
514 5642 691 5721 ἕτερον
751 5638 1032 5702 ποιοῦντές
1077 5638 1224 5716 ὶίσιν,
1286 5639 1323 5707 ἢ
1381 5640 1699 5715 ποτίζουσιν,
1755 5639 1980 5721 ἀνατρο-

2050 4414 2211 4486 runt,
2246 4406 2621 4488 vicissimque
2678 4407 2784 4482 illi,
2818 4407 2917 4488 qui
2949 4423 3124 4467 unam
3156 4400 3511 4484 hypostasim
3535 4416 3705 4460 asse-

2052 4504 2341 4570 verarant,
2378 4497 2620 4556 istorum
2672 4494 3143 4575 interpretationi
3194 4491 3639 4573 acquieverunt.
3668 4511 3692 4545 ι

2054 4586 2127 4647 Et
2160 4585 2329 4664 paulo
2361 4584 2512 4646 intra
2572 4605 2585 4646 ;
2629 4609 2649 4640 ι
2691 4584 2836 4645 Cum
2891 4584 3070 4661 igitur
3100 4580 3432 4644 istiusmodi
3463 4579 3697 4640 illorum

2055 4673 2233 4736 fuerit
2264 4673 2582 4747 confessio,
2631 4672 3015 4735 adhurtamur
3064 4689 3187 4747 vos,
3241 4690 3316 4733 ne
3341 4689 3467 4743 eos,
3496 4668 3596 4750 qui
3626 4667 3706 4729 ita

2056 4763 2433 4835 conﬁtentur,
2471 4761 2765 4842 talemque
2814 4760 3357 4841 interprgtatiouem
3403 4777 3526 4821 sua;
3553 4776 3702 4820 con-

2056 4854 2301 4918 fessioni
2324 4854 2902 4930 accommodant,vos
2932 4862 3158 4916 temere
3178 4854 3702 4922 condemnare,aut

2058 4944 2309 5025 rejicere
2330 4943 2653 5016 velitis,sed
2679 4944 2892 5024 potius,
2926 4942 3183 5004 admissa
3208 4942 3440 5004 illorum
3465 4958 3702 5004 excusa-

2062 5034 2243 5108 tione,
2303 5031 2680 5114 recipiendos
2713 5033 2925 5113 putetis
2956 5050 2969 5095 :
3005 5050 3106 5094 eos
3137 5041 3363 5106 eontra,
3397 5029 3498 5113 qui
3526 5030 3699 5091 talem

2060 5121 2500 5184 confessionem
2527 5141 2644 5183 non
2671 5123 3077 5202 edunt,noque
3097 5121 3194 5184 tali
3216 5119 3705 5203 interpretatione

2060 5211 2122 5272 in
2177 5209 2305 5272 istis
2363 5210 2559 5271 verbis
2617 5218 2879 5280 utuntur,
2933 5228 3138 5273 arcere
3191 5228 3292 5273 vos
3332 5211 3616 5273 vellemus
3648 5218 3708 5272 et

2062 5290 2382 5365 adversari,
2420 5299 2479 5351 ut
2511 5300 2801 5373 suspectae
2832 5291 3046 5352 mentis
3085 5291 3378 5352 homines.
3413 5290 3701 5354 Caeterum

2063 5399 2196 5442 cum
2230 5378 2365 5441 illos
2418 5380 2757 5442 tolerandos
2816 5399 2935 5441 non
2986 5380 3329 5455 censebilis,
3381 5379 3706 5443 consuletis

2064 5460 2311 5541 illis,qui
2339 5470 2499 5523 recte
2522 5460 3005 5540 interpretantur,
3039 5469 3095 5520 et
3125 5467 3286 5520 recte
3316 5459 3597 5526 sentiunt.
3632 5478 3708 5522 ne

2066 5549 2312 5610 ulterior
2330 5550 2445 5610 u!la
2462 5548 2620 5610 inter
2642 5568 2741 5609 vos
2761 5549 3116 5611 adhibeatur
3136 5547 3488 5627 disquisitio,
3513 5567 3708 5628 neque

2065 5637 2378 5699 verborum
2397 5636 2611 5719 pugu‘k
2656 5637 2946 5701 s‘udeatis
2972 5636 3045 5698 ad
3073 5635 3289 5698 nullam
3316 5653 3556 5717 prorsus
3584 5635 3705 5697 uti-
