4142 6286
385 328 451 395 31
1479 342 1689 425 JOAN.
1736 342 1953 407 VECCI
2002 338 2113 400 GP.
2168 342 2686 408 l’ATRIARGH/E

3677 345 3756 410 3?

382 466 632 562 litatem,
665 472 767 532 sed
800 490 1010 562 sensus
1057 474 1560 557 cogitationesque
1590 474 1823 555 pietatis
1848 470 2014 535 exhi-

2102 474 2210 542 πὴν
2252 474 2470 556 θολερὰδ
2513 484 2605 535 τοῦ
2635 476 2881 559 πλησίον,
2947 481 3019 544 ὡς
3075 481 3382 555 φθονοῦντες
3432 487 3501 558 τῇ
3543 482 3750 562 εἰρήνῃ,

383 554 550 625 bere.
582 558 725 621 Nam
760 561 858 642 qui
916 561 998 624 ita
1040 564 1230 626 aﬂ‘ecti
1284 582 1402 625 non
1432 554 1605 636 sunt,
1625 563 1728 625 sed
1764 570 2020 624 tantum-

385 646 558 708 modo
589 666 770 728 super
799 649 1133 714 istiusmodi
1164 651 1387 714 voculis
1428 650 1796 714 contentiosa
1821 650 2026 712 rixan-

382 741 500 797 tur.
534 743 589 799 et
619 737 776 801 aliud
836 740 1137 822 quidpiam
1191 749 1578 822 praeterquam
1627 738 1787 821 quod
1816 738 2027 802 Nicaeae

378 824 662 904 scriptum
725 837 829 903 est,
893 831 1229 912 requirunt,
1283 830 1344 892 hi
1403 828 1664 910 profecto
1690 827 1838 890 nihil
1866 826 2025 891 aliud

378 921 579 989 agunt,
612 934 784 995 quam
817 918 973 998 quod
1007 918 1287 999 proximis
1317 918 1438 979 suis
1457 917 1754 979 turbidam
1775 917 2025 979 subver-

375 998 604 1063 sionem
637 1005 955 1086 propinant
984 998 1045 1069 ut
1075 1006 1837 1082 inimici,etdiscordiarum
1859 1006 2024 1069 schi—

377 1098 753 1172 smatumque
773 1097 1203 1160 aemulatores.»
1229 1096 1379 1160 Item
1406 1115 1419 1160 :
1451 1095 1764 1177 «Impietas
1782 1095 2025 1176 quidem

379 1179 570 1240 modis
601 1184 877 1247 omnibus
901 1186 1237 1266 abrogatur,
1265 1186 1405 1247 licet
1436 1203 1565 1247 eam
1596 1184 1774 1246 variis
1801 1184 2019 1257 verbis,

377 1273 433 1327 et
492 1269 817 1347 probabilis
877 1274 1183 1352 argutiolis
1239 1273 1683 1338 circumvestire
1722 1273 1854 1354 quis
1884 1280 2021 1336 ten-

376 1361 478 1418 tet.
510 1357 791 1422 Pietatem
821 1372 1015 1425 autem
1045 1364 1242 1426 colere
1266 1365 1492 1444 justum
1512 1381 1721 1425 omnes
1737 1363 2021 1426 conﬁten-

377 1452 490 1519 tur,
549 1449 658 1509 etsi
715 1452 1048 1531 peregrinis
1098 1452 1450 1532 quibusdam
1482 1450 1721 1513 vocibus
1752 1457 2017 1527 utantur,

377 1532 701 1600 dummodo
719 1539 924 1602 dicens
949 1540 1100 1621 piam
1135 1541 1486 1603 sententiam
1519 1548 1736 1612 teneat,
1755 1540 2012 1621 illisque,

379 1625 537 1704 quod
571 1625 630 1687 in
677 1628 876 1690 animo
900 1629 1098 1706 habet,
1136 1631 1230 1711 pie
1260 1630 1549 1692 enuntiet.
1589 1654 1615 1685 ι»
1646 1629 2021 1710 Rursumque

2109 564 2195 619 καὶ
2237 563 2547 641 ἀγαπῶντες
2590 566 2665 646 τὰ
2715 566 3011 646 σχίσματα.
3049 586 3072 618 ι
3124 569 3222 626 Καὶ
3278 566 3354 625 "an
3392 583 3407 600 '
3457 590 3484 625 α
3529 575 3601 629 Τὸ
3659 570 3757 646 μὲν

2110 649 2321 710 ἀσεϐεῖν
2363 652 2637 719 παντελῶς
2701 655 3020 736 κεκώλυται,
3094 654 3190 713 κᾶν
3240 656 3500 723 ποικίλοις
3554 658 3754 736 ῥήμασι

2107 743 2197 799 καὶ
2261 745 2505 807 πιθανοῖς
2564 745 2847 823 σοφίσμασι
2893 742 3227 823 περιϐάλλειν
3297 747 3423 804 αὐτο
3499 770 3579 812 τις
3631 746 3757 804 ἐπι-

2108 838 2270 911 χειρῇ
2306 850 2322 867 ⁸
2395 834 2457 889 τὸ
2538 830 2593 890 δὲ
2650 831 2887 893 εὐσεϐεῖν
2930 834 3073 891 ὅσιον
3128 836 3270 915 παρὰ
3324 843 3482 894 πᾶσιν
3538 836 3754 914 ὡμολό-

2108 942 2293 1001 γηται,
2337 919 2437 977 κᾶν
2465 919 2779 993 ξενιζούσαις
2808 921 2978 989 λέξεσί
3006 945 3110 979 τισι
3140 926 3423 1004 χρήσεται,
3457 924 3559 991 ἕως
3591 924 3754 994 μόνον

2108 1010 2136 1064 ὁ
2161 1007 2329 1086 λέγων
2381 1007 2588 1074 εὐσεϐὲς
2631 1010 2748 1091 ἔχει
2803 1013 2865 1068 τό
2920 1012 3167 1092 φρόνημα
3219 1014 3306 1068 καὶ
3354 1010 3419 1069 δι’
3471 1013 3663 1086 αὐτῶν,
3724 1014 3753 1071 ὃ

2108 1097 2378 1177 νενόηκεν,
2424 1096 2644 1165 εὐσεϐῶς
2699 1098 2939 1176 βούλεται
3011 1100 3311 1176 σημαίνειν,
3360 1124 3383 1156 ι
3436 1104 3534 1159 Καὶ
3602 1102 3748 1168 αὖθις

2106 1183 2222 1263 μεθ’
2251 1186 2400 1266 ἕτερα
2433 1204 2448 1220 ⁸
2516 1210 2538 1240 ι
2572 1191 2767 1247 Οὐκοῦν
2812 1191 2856 1245 εἰ
2911 1189 2977 1245 τὰ
3026 1191 3239 1269 ρήματα
3293 1201 3456 1250 ταῦτα
3498 1193 3571 1256 ὡς
3629 1190 3749 1257 ξένα

2104 1276 2508 1355 προφασίζονται
2558 1278 2722 1349 οὗτοι,
2770 1276 3137 1357 φρονείτωσανᾼ
3175 1279 3275 1344 την
3326 1275 3585 1357 διάνοιαν,
3631 1277 3749 1335 καθ’

2102 1363 2169 1431 ἦν
2197 1365 2231 1431 ἡ
2276 1362 2486 1429 σύνοδος
2516 1364 2682 1431 οὕτως
2712 1355 2941 1445 ἔγραψεν
2973 1383 2988 1398 ·
3041 1385 3063 1416 ι
3103 1355 3256 1446 "Ott,
3289 1368 3332 1423 εί
3359 1367 3447 1423 καὶ
3481 1355 3749 1442 μὴοῦτως

2102 1453 2158 1508 ἓν
2184 1466 2305 1517 ταῖς
2335 1458 2569 1534 Γραφαῖς
2613 1455 2741 1510 εἰσιν
2785 1456 2835 1510 αἱ
2867 1451 3055 1533 Λέξεις,
3089 1452 3248 1528 ἀλλὰ,
3272 1454 3504 1534 καθάπερ
3530 1452 3746 1531 εἴρηται

2100 1540 2475 1620 πρότερον,τὴν
2503 1542 2565 1599 ἐκ
2591 1549 2696 1600 τῶν
2719 1544 2935 1621 Γραφῶν
2949 1540 3179 1599 διάνοιαν
3205 1542 3416 1623 ἔχουσι,
3438 1546 3523 1599 καὶ
3552 1544 3750 1612 ταύτην

2102 1630 2497 1710 ἐκφωνούμεναι
2526 1633 2839 1706 σημαίνουσι
2868 1644 2989 1696 ταῖς
3021 1631 3235 1711 ἔχουσιν
3264 1633 3337 1696 εἰς
3368 1629 3631 1689 εὐσέϐειαν
3651 1633 3749 1700 τὴν

378 1721 507 1791 post
528 1715 643 1777 alia
666 1735 680 1779 :
713 1720 1031 1799 «Itaque,si
1048 1720 1225 1781 verba
1246 1720 1343 1781 isti
1367 1721 1492 1782 haec
1507 1719 1689 1780 veluti
1709 1717 2014 1799 peregrina

2103 1719 2272 1786 ἀκοὴν
2301 1718 2595 1799 ὁλόκληρον
2606 1768 2619 1781 ,
2659 1738 2683 1771 ι

371 1804 735 1884 ιεῌυιιίεεηι,
770 1815 1009 1869 teneant
1040 1810 1419 1884 sententiam,
1452 1809 1781 1870 secundum
1814 1808 2072 1888 synodus
2102 1806 2180 1869 ita
2210 1807 2473 1888 scripsit,
2525 1808 2681 1888 quod
2714 1806 2853 1869 licet
2880 1824 3058 1871 voces
3081 1827 3199 1870 non
3221 1810 3299 1871 ita
3328 1808 3389 1870 in
3420 1810 3744 1889 scriptione

368 1894 769 1974 reperiantur,
806 1896 937 1971 sed,
970 1905 1031 1958 ut
1086 1905 1259 1959 antea
1288 1897 1510 1959 dictum
1565 1906 1674 1971 est,
1733 1915 1801 1959 ex
1858 1893 2181 1977 scriptione
2241 1896 2596 1959 sententiam
2662 1895 3009 1974 sortiantur,
3075 1916 3326 1979 eamque
3356 1897 3751 1980 pronuntiatis

373 1984 710 2062 significant
740 1986 895 2066 apud
921 2004 1044 2066 eos,
1077 1986 1179 2067 qui
1213 1985 1419 2067 pietati
1450 2003 1627 2047 aures
1646 1985 1906 2066 integras
1938 1994 2386 2048 conservarunt.
2425 2010 2453 2042 ιι

447 2073 590 2146 Quis
618 2074 796 2153 igitur
826 2076 992 2137 hisce
1019 2074 1136 2137 ﬁde
1156 2075 1487 2155 digniorem
1519 2074 1720 2153 aliam,
1774 2082 1871 2136 aut
1894 2074 2014 2136 cla-

2187 2078 2271 2141 Τίς
2300 2075 2468 2132 τοίνυν
2520 2082 2625 2132 τῶν
2671 2076 2923 2133 τοιούτων
2974 2074 3401 2154 ἀξιοπιστοτέραν
3456 2074 3624 2143 ἄλλην
3664 2079 3752 2133 καὶ

368 2161 586 2224 riorem
618 2163 946 2226 doctrinam
977 2174 1221 2245 quaeret,
1260 2182 1374 2225 non
1401 2181 1533 2225 esse
1566 2163 1814 2226 vocibus
1832 2172 2014 2225 atten-

2103 2164 2424 2243 σαφεστέραν
2454 2162 2704 2244 διδαχὴν,
2736 2163 3038 2244 ἐκζητήσει,
3082 2166 3155 2227 ὡς
3201 2167 3259 2221 οὐ
3305 2161 3388 2221 δεῖ
3429 2186 3539 2221 τισι
3582 2186 3749 2245 προσ-

366 2249 652 2324 dandum,
711 2251 1034 2313 dummodo
1083 2252 1359 2314 eamdem
1416 2251 1772 2315 sententiam
1814 2251 2014 2330 aspri-

2103 2252 2250 2331 έχειν
2326 2266 2554 2332 φωνα“ς,
2613 2252 2722 2309 ἔστ’
2792 2252 2856 2308 ἂν
2941 2253 3013 2317 εἰς
3069 2253 3161 2309 τὸν
3220 2253 3374 2309 αὐτὸν
3427 2249 3746 2328 συμϐαίνωσι

368 2345 554 2411 mant,
577 2339 715 2401 licet
736 2339 1032 2401 sermonis
1052 2339 1462 2402 articulatione
1487 2342 1731 2401 multum
1756 2340 2014 2403 varient?

2105 2351 2246 2420 νοῦν,
2294 2342 2337 2397 εἷ
2372 2342 2455 2397 καὶ
2482 2348 2550 2418 τῇ
2579 2349 2671 2398 τοῦ
2721 2341 2882 2419 λόγω
2933 2340 3236 2421 διαρθρώσει
3292 2340 3567 2421 παραπολὺ
3595 2340 3746 2402 διαλ-

368 2427 702 2508 Dijudicata
760 2428 1074 2490 amobrum
1138 2428 1528 2509 professione,
1585 2438 2017 2510 perspectoque

368 2516 636 2577 unanimi
671 2535 991 2593 consensu,
1049 2516 1342 2579 dictiones
1373 2518 1619 2598 recepit,
1658 2517 1803 2579 nihil
1834 2518 2014 2580 haesi-

368 2614 526 2685 tans,
547 2624 740 2687 neque
765 2605 1255 2680 reformidans,et
1286 2615 1478 2668 tamen
1515 2607 2016 2687 pronuntiationis

367 2712 512 2756 sono
541 2694 651 2755 sibi
687 2694 986 2757 adversari
1035 2695 1410 2768 videbantur,
1445 2696 1557 2757 nisi
1590 2698 1717 2776 ipse
1748 2704 1877 2758 cate
1912 2715 2012 2758 sa-

368 2783 714 2864 pienterque
762 2784 1123 2849 examinatas
1178 2785 1536 2847 admisisset.
1571 2784 1697 2847 Non
1742 2793 1854 2858 est,
1915 2788 2017 2872 ait,

365 2873 710 2936 certandum
742 2872 937 2936 verbis
990 2873 1051 2936 in
1098 2893 1163 2936 re
1196 2893 1311 2936 non
1369 2875 1651 2957 proﬁcua,
1687 2892 1879 2956 neque
1910 2895 2015 2939 vo-

366 2961 519 3024 culis
548 2963 1142 3037 contendendum,ne
1164 2964 1296 3044 quis
1327 2962 1561 3025 turbida
1590 2963 1895 3027 eversione
1918 2985 2016 3047 po-

366 3061 488 3113 tare
515 3053 843 3134 proximum
876 3052 1163 3126 videatur,
1197 3063 1254 3113 et
1300 3052 1431 3133 paci
1458 3052 1750 3134 invidere,
1781 3062 1839 3115 et
1863 3074 2011 3117 con-

363 3141 518 3202 sulto
543 3142 861 3203 schismata
898 3142 1204 3223 aucupari.
1238 3141 1309 3203 Et
1351 3141 1422 3203 ad
1455 3143 1567 3203 hoc
1596 3141 1837 3223 quidem
1873 3163 2012 3224 per-

364 3229 737 3293 suadendum
789 3230 1168 3293 laudabiliter
1216 3250 1334 3292 non
1370 3232 1595 3294 nemini
1628 3231 1770 3292 satis
1799 3250 2014 3314 super-

2103 2428 2391 2509 λάττοιενς
2476 2430 2781 2509 Ἀνακρίνας
2862 2430 3171 2511 ἀμφοτέρων
3251 2433 3356 2486 τῶν
3436 2430 3744 2510 ὁμολογίαν,

2099 2520 2187 2575 καὶ
2217 2520 2404 2586 συνιεὶς
2463 2521 2524 2576 τὸ
2568 2522 2821 2598 ὁμόφρον,
2868 2518 3180 2584 κατεδέξατο
3234 2520 3327 2582 τὰς
3385 2518 3572 2594 λέξεις,
3632 2542 3747 2595 μη-

2097 2606 2182 2663 δὲν
2225 2606 2517 2678 ἐνδοιάσας,
2565 2606 2700 2684 μηδὲ
2753 2607 3197 2682 ὑποστειλάμενος
3232 2626 3246 2639 '
3310 2606 3476 2663 καίτοι
3534 2630 3595 2686 γε
3625 2606 3746 2664 ὅσον

2094 2697 2230 2751 κατά
2285 2698 2376 2751 τὸν
2443 2702 2542 2764 τῆς
2624 2702 2888 2776 προφορᾶς
2947 2697 3087 2775 ἦχον
3145 2696 3231 2751 καὶ
3288 2694 3532 2760 ἐναντίως
3600 2694 3746 2776 ἔχειν

2103 2783 2313 2842 ἐδόκουν
2373 2784 2652 2860 ἀλλήλοις,
2713 2788 2757 2842 εἰ
2830 2787 2907 2861 μὴ
2992 2787 3166 2863 σοφῶς
3224 2785 3377 2848 αὐτὸς
3448 2782 3749 2856 διεξετάζων

2101 2875 2366 2952 προσίετο.
2431 2877 2504 2932 Οὐ
2557 2872 2640 2931 δεῖ
2697 2875 2819 2952 γὰρ,
2889 2875 3040 2953 φησὶ,
3086 2871 3421 2952 λογομαχεῖν
3476 2873 3562 2929 ἐπ’
3603 2870 3753 2929 οὐδὲν

2100 2965 2392 3043 χρήσιμον,
2440 2962 2553 3020 οὐδὲ
2609 2962 2932 3042 φιλονεικεῖν
3000 2975 3119 3026 τοῖς
3189 2959 3474 3034 λεξειδίοις,
3532 2958 3624 3017 ἵνα
3667 2960 3745 3036 μή

2096 3054 2183 3109 καὶ
2251 3052 2466 3125 θολερὰν
2526 3050 2656 3128 δοκῇ
2697 3074 2776 3117 τις
2820 3052 3120 3129 ἀνατροπὴν
3165 3050 3393 3121 ποτίζειν
3461 3049 3550 3105 τὸν
3594 3047 3743 3117 πλη-

2099 3142 2232 3221 σίον,
2290 3144 2378 3198 καὶ
2448 3140 2740 3220 διαφθονεῖν
2783 3147 2851 3217 τῇ
2908 3142 3111 3220 εἰρήνῃ,
3161 3141 3246 3196 καὶ
3286 3140 3641 3219 ἀνθαιρεῖσθαι
3684 3139 3751 3195 τὰ

2096 3234 2395 3311 σχίσματα,
2447 3221 2577 3289 υΟτι
2608 3228 2662 3286 δὲ
2692 3231 2780 3286 καὶ
2823 3228 2939 3286 λίαν
2997 3229 3283 3291 ἐπαινετῶς
3327 3227 3489 3307 ἑτέρῳ
3531 3228 3627 3302 μὲν
3689 3228 3751 3285 ἂν

365 3338 479 3401 que
507 3319 716 3382 fuisset
746 3321 857 3382 viri
891 3320 1034 3383 tanti
1095 3320 1183 3382 vel
1238 3320 1363 3382 sola
1413 3324 1768 3400 reverentia,
1817 3341 2013 3403 neque

2098 3319 2315 3398 ἤρκεσεν
2367 3322 2440 3383 εἰς
2491 3321 2657 3376 πειθὼ
2698 3320 2759 3374 τὸ
2820 3328 2910 3376 τοῦ
2959 3315 3142 3397 ἀνδρὸς
3200 3318 3289 3373 καὶ
3348 3318 3508 3392 μόνον
3560 3314 3748 3372 αἰδέσι-

365 3408 963 3489 tcstimonium,a|iud
994 3408 1144 3469 bene
1165 3409 1385 3470 dicenti
1410 3408 1857 3488 superadderet.
1893 3410 2010 3490 Ego

362 3515 501 3558 vero
533 3497 639 3558 tibi
690 3506 748 3559 et
803 3516 1079 3576 magnum
1130 3497 1286 3557 inter
1340 3497 1607 3575 thologos
1659 3496 2007 3573 Gregorium

362 3607 509 3669 opus
539 3588 652 3649 hoc
682 3585 1028 3648 mconomiae
1052 3586 1300 3648 summis
1323 3585 1598 3647 laudibus
1630 3587 2007 3648 extollentem

362 3676 423 3738 in
457 3675 717 3737 medium
754 3676 1068 3755 proferam.
1130 3677 1277 3735 Cum
1324 3674 1483 3736 enim
1515 3673 1628 3735 sibi
1669 3684 2013 3753 argumenta

364 3764 718 3826 laudationis
771 3763 1072 3825 instuisset
1102 3782 1278 3842 supra
1307 3764 1478 3836 alios,
1531 3764 1661 3825 vitae
1691 3783 1903 3843 genus,
1954 3775 2011 3828 et

363 3857 422 3916 in
447 3854 824 3916 sermonibus
853 3853 1113 3915 hominis
1142 3852 1317 3927 vires,
1356 3853 1468 3914 hoc
1506 3853 1662 3915 inter
1687 3852 1847 3915 illius
1877 3854 2009 3916 lau-

363 3945 469 4007 des
502 3942 875 4023 potissimum
907 3950 1338 4003 commemorat
1365 3962 1379 4015 ;
1412 3942 1592 4021 quod,
1626 3942 1868 4004 ut‘illius
1888 3962 2011 4005 ver-

364 4032 455 4095 bis
485 4042 637 4105 utar,
676 4031 975 4093 cambalus
1015 4030 1279 4111 partibus
1310 4031 1515 4092 accitis
1565 4033 1778 4095 leniter
1808 4040 1864 4094 et
1900 4031 2012 4094 bc-

362 4122 563 4202 nigne,
587 4121 1026 4200 verborumque
1066 4120 1362 4182 sententia
1393 4119 1712 4199 diligenter
1741 4130 1800 4182 et
1830 4139 2010 4183 accu-

359 4221 485 4274 rate
552 4228 869 4292 perpensa,
933 4216 1313 4290 posteaquam
1366 4208 1696 4272 concordes
1762 4210 2007 4289 reperit,

361 4319 495 4376 nec,
530 4309 813 4381 quantum
843 4298 914 4360 ad
966 4299 1320 4370 doctrinam,
1354 4299 1474 4360 ullo
1530 4298 1703 4360 modo
1748 4299 1906 4361 inter
1945 4318 2011 4361 se

360 4390 747 4463 dissidentes,
789 4388 870 4450 ita
915 4387 1216 4467 negotium
1251 4388 1556 4464 transegit,
1610 4395 1674 4449 ut
1699 4386 2007 4449 nominum

363 4498 535 4540 usum
580 4478 941 4555 concedens,
995 4478 1175 4540 rebus
1229 4496 1332 4540 eos
1380 4476 1830 4556 constringeret.
1858 4475 2006 4537 Nam

361 4587 493 4629 cum
525 4567 781 4630 essentia
811 4586 949 4643 una,
987 4567 1201 4647 inquit,
1225 4575 1283 4628 et
1307 4574 1429 4629 tres
1463 4566 1804 4646 liypostases
1834 4586 1867 4628 a
1898 4585 2006 4628 no-

2096 3430 2196 3485 μον
2253 3411 2339 3465 καὶ
2394 3410 2488 3465 οὐκ
2535 3407 2595 3463 ἂν
2653 3413 2889 3487 προσῆγε
2970 3405 3253 3485 μαρτυρίαν
3305 3405 3486 3484 ἑτέραν
3555 3405 3611 3460 εὖ
3665 3404 3748 3461 λέ-

2095 3520 2263 3577 γοντι,
2314 3496 2457 3573 Ἐγὼ
2483 3495 2537 3552 δέ
2568 3518 2647 3552 σοι
2676 3498 2763 3552 καὶ
2798 3498 2888 3552 τὸν
2944 3496 3114 3573 μέγαν
3170 3494 3223 3550 ἐν
3275 3493 3543 3572 θεολόγοις
3597 3500 3743 3572 Γρη-

2093 3587 2269 3665 γόριον
2320 3587 2407 3642 καὶ
2438 3584 2582 3662 μάλα
2623 3583 2952 3655 ἐκθειάζοντα
2995 3586 3055 3640 τὸ
3098 3583 3249 3662 ἔργον
3291 3586 3386 3651 τῆς
3443 3583 3743 3659 οἰκονομίας

2091 3675 2407 3755 παρίστημι.
2488 3674 2911 3749 Ἐνστησάμενος
3016 3674 3115 3751 γὰρ
3194 3673 3265 3734 εἰς
3333 3669 3575 3727 ὑπόθεσιν
3640 3673 3742 3727 τῶν

2092 3763 2367 3843 ἐγκωμίων
2412 3764 2553 3839 αὐτῴ
2595 3765 2655 3820 τό
2697 3785 2753 3819 τε
2794 3762 3165 3841 ὑπερκείμενον
3208 3770 3300 3819 τοῦ
3352 3760 3465 3837 βίω
3521 3760 3608 3815 καὶ
3649 3760 3743 3827 την

2092 3854 2146 3911 ἐν
2176 3855 2360 3932 Αόγοις
2392 3861 2485 3911 τοῦ
2527 3852 2709 3931 ἀνδρὸς
2769 3850 3009 3927 δύναμιν,
3068 3857 3222 3907 τοῦτο
3271 3848 3336 3917 δὴ
3378 3850 3439 3905 τὸ
3467 3850 3744 3927 κράτιστον

2092 3956 2324 4000 ποιεῖται
2379 3948 2485 3998 τῶν
2540 3941 2767 3998 ἐπαίνων
2823 3941 3003 4013 αὐτοῦ,
3065 3936 3147 3995 ὅτι
3195 3937 3315 3993 κατ’
3347 3938 3505 3996 αὐτὸν
3535 3935 3745 3993 ἐκεῖνον

2096 4033 2287 4103 εἰπεῖν,
2324 4053 2350 4085 α
2385 4028 2887 4109 Προσκαλεσάμενος
2918 4027 3192 4109 ἀμφότερα
3243 4026 3309 4083 τὰ
3364 4025 3503 4104 μέρη
3560 4025 3749 4082 οὑτωσὶ

2094 4121 2273 4199 πράως
2315 4121 2401 4176 καὶ
2448 4118 2851 4199 φιλανθρώπως,
2902 4119 2991 4173 καὶ
3045 4118 3136 4173 τὸν
3179 4122 3299 4173 νοῦν
3358 4121 3462 4171 τῶν
3520 4112 3745 4193 λεγομέ-

2095 4232 2196 4266 νων
2254 4207 2482 4289 ἆκριϐὦς
2540 4208 2810 4277 ἐξετάσας,
2870 4204 3051 4274 ἐπειδὴ
3121 4210 3545 4284 συμφρονοῦντας
3602 4205 3743 4283 εὗρε,

2095 4300 2181 4355 καὶ
2239 4296 2382 4357 οὐδὲν
2439 4296 2721 4360 διεστῶτας
2775 4296 2910 4352 κατά
2962 4296 3053 4350 τὸν
3137 4293 3322 4373 λόγον,
3390 4293 3457 4350 τὰ
3513 4290 3745 4370 ὀνόματα

2092 4388 2472 4466 συγχωρήσας,
2518 4383 2696 4442 συνδεῖ
2745 4398 2863 4447 τοῖς
2924 4382 3197 4463 πράγμασι
3280 4386 3390 4449 Τῆς
3433 4382 3533 4461 γὰρ
3589 4386 3739 4457 μιᾶς,

2090 4477 2269 4555 φησὶν,
2317 4476 2491 4537 οὐσίας
2522 4475 2610 4530 καὶ
2656 4479 2760 4529 τῶν
2808 4472 2963 4551 τριῶν
3019 4470 3382 4544 ὑποστάσεων,
3439 4466 3740 4545 λεγομένων

2090 4554 2188 4639 μὲν
2218 4561 2303 4645 ὑφ’
2337 4564 2491 4640 ἡμῶν
2521 4562 2748 4627 εὐσεῗῶς
2810 4559 2893 4641 (τὸ
2924 4560 3021 4636 μὲν
3081 4561 3180 4639 γὰρ
3224 4559 3319 4625 τὴν
3379 4557 3528 4645 φύσιν
3584 4554 3742 4623 δηλοῖ

359 4656 449 4718 bis
484 4656 579 4736 pie
610 4657 969 4719 docerentur
1002 4643 1179 4737 (quod
1207 4656 1457 4718 alterum
1478 4643 1807 4717 Divinitatis
1840 4669 1981 4718 nam

2098 4658 2187 4720 τῆς
2220 4643 2506 4726 Θεότητος,
2537 4653 2599 4708 τὸ
2654 4649 2709 4707 δὲ
2765 4651 2857 4713 τάς
2887 4655 2994 4705 τῶν
3022 4654 3180 4727 τριῶν
3232 4643 3530 4725 ἰδιότητας)
3580 4666 3742 4737 Δνοου-

358 4746 768 4819 ram,alterum
793 4746 965 4808 trium
990 4764 1375 4829 prsonarum
1404 4745 1795 4827 proprietates
1816 4744 2010 4807 decla-

359 4835 505 4909 ret),
536 4842 710 4915 atque
732 4834 941 4896 eodem
969 4834 1207 4917 quidem
1235 4834 1409 4895 modo
1433 4834 1588 4914 apud
1606 4833 1905 4897 Romanos
1925 4835 2011 4897 in-

362 4922 1087 4998 telligerentur,caalerum
1120 4926 1198 4986 ob
1227 4923 1445 5003 lingua;
1474 4923 1634 4985 illius
1655 4923 2006 5003 angustiam,

363 5027 421 5074 et
454 5011 769 5073 verborum
801 5011 1060 5091 inopiam
1111 5013 1468 5094 hypostasim
1513 5012 1587 5074 ab
1637 5011 1898 5075 essentia
1925 5013 2013 5073 di-

361 5100 664 5179 stinguere
688 5119 805 5162 non
827 5111 1087 5181 possent,
1116 5121 1305 5181 eoque
1332 5102 1543 5163 factum
1569 5108 1751 5171 est,ut
1783 5119 1888 5181 pro
1919 5119 2010 5181 ea,

363 5209 439 5251 ne
472 5198 589 5251 tros
615 5188 975 5251 substantias
1004 5190 1315 5252 admittere
1347 5191 1708 5263 viderentur,
1736 5208 2016 5271 persona-

360 5298 492 5340 rum
527 5277 875 5340 vocabulum
908 5278 1282 5353 mducerent,
1305 5279 1442 5360 quid
1466 5280 1702 5342 tandem
1723 5278 2015 5359 contigit?

361 5367 479 5435 Res
533 5369 793 5445 profecto
846 5368 1123 5442 ridicula,
1178 5369 1262 5430 vel
1300 5368 1489 5449 potius
1522 5368 1881 5431 miserenda.
1917 5366 2015 5429 Di-

360 5474 546 5517 versae
578 5455 713 5517 ﬁdei
746 5457 1006 5537 speciem
1052 5457 1304 5538 praebuit
1346 5457 1612 5520 levisilla
1633 5457 1909 5538 etjejuna
1938 5457 2016 5518 de

365 5564 574 5606 vocum
594 5565 740 5608 sono
786 5546 1122 5611 altercatio.
1148 5545 1259 5608 Hic
1291 5546 1507 5608 deinde
1537 5555 1591 5610 et
1625 5544 2013 5610 Sabellismus

364 5634 446 5701 ob
480 5644 597 5698 tres
618 5654 904 5719 personas
923 5638 1286 5718 excogitatas
1308 5645 1417 5714 est,
1446 5644 1505 5698 et
1533 5635 1907 5699 Arianismus
1936 5633 2016 5698 ob

2093 4742 2263 4818 μένων
2319 4739 2371 4797 δὲ
2428 4743 2516 4798 καὶ
2557 4741 2699 4820 παρὰ
2753 4751 2870 4804 τοῖς
2935 4735 3164 4803 Ἰταλοῖς
3221 4737 3437 4814 ὁμοίως,
3513 4731 3633 4789 ἀλλ’
3685 4734 3744 4790 οὐ

2092 4829 2389 4906 δυναμένων
2459 4827 2543 4886 διὰ
2599 4828 2888 4894 στενότητα
2943 4829 3041 4894 τῆς
3083 4823 3206 4904 παρ’
3270 4823 3454 4886 αὐτοῖς
3498 4820 3743 4899 γλώττης

2092 4922 2180 4977 καὶ
2235 4919 2508 4995 ὀνομάτων
2566 4918 2749 4975 πενίαν
2802 4913 2999 4971 διελεῖν
3055 4914 3161 4971 ἀπὸ
3229 4919 3329 4981 τῆς
3399 4912 3577 4974 οὐσίας
3644 4910 3744 4978 τὴν

2093 5010 2404 5089 ὑπόστασιν,
2469 5008 2558 5065 καὶ
2621 5004 2706 5063 διὰ
2763 5015 2917 5064 τοῦτο
2972 5003 3396 5082 ἀντεισαγόντων
3451 5002 3518 5058 τὰ
3570 5001 3741 5079 πρόσ-

2095 5120 2237 5171 ωπα,
2297 5097 2388 5154 ’ίνα
2432 5098 2510 5173 μὴ
2560 5107 2706 5172 τρεῖς
2777 5094 2951 5158 οὐσίας
3020 5090 3418 5173 παραδεχθιῖηι,
3475 5091 3525 5148 τί
3595 5090 3741 5169 γίνε-

2095 5207 2232 5268 ται,
2302 5178 2393 5249 ’ως
2446 5186 2562 5241 λίαν
2631 5182 2868 5264 γελοῖον,
2923 5181 2959 5250 ἢ
3014 5182 3265 5244 ἐλεεινόν,
3314 5182 3546 5244 Πίστεως
3601 5176 3742 5268 ἔδοξε

2096 5264 2313 5357 διαφορὰ
2339 5277 2374 5343 ἡ
2425 5276 2542 5354 περὶ
2591 5274 2681 5329 τὸν
2741 5273 2884 5352 ἦχον
2939 5269 3307 5351 σμικρολογία,
3366 5270 3489 5327 εἶτα
3532 5264 3741 5357 Σαϐελέ

2096 5356 2284 5441 λισμὸίς
2316 5364 2532 5421 ἐνταῦθα
2574 5362 2837 5431 ἐπενοήθη
2906 5371 3022 5424 τοῖς
3078 5361 3216 5438 τρισὶ
3269 5357 3596 5438 προσώποις,
3654 5356 3743 5411 καὶ

2097 5456 2463 5537 Ἀρειανισμὸς
2527 5466 2650 5516 ταῖς
2709 5454 2869 5531 τρισὶν
2922 5450 3267 5523 ὑποστάσεσι,
3328 5450 3393 5508 τὰ
3431 5448 3528 5537 τῆς
3584 5444 3743 5526 φιλο-

2098 5536 2294 5607 νεικίας
2350 5540 2758 5618 ἀναπλάσματα.
2820 5540 2957 5597 Εἶτα
3010 5538 3112 5618 τίς
3185 5536 3595 5619 Προστιθεμένου
3650 5557 3747 5611 μι-

2099 5640 2225 5713 κροῦ
2255 5653 2396 5696 τινος
2428 5631 2507 5689 ἀεὶ
2537 5637 2629 5691 τοῦ
2669 5628 2977 5707 λυποῦντος,
3028 5629 3057 5686 ὓ
3113 5627 3346 5708 λυπηρὸν
3375 5628 3410 5696 ἡ
3457 5624 3754 5708 φιλονεικία
