4142 6286
301 398 383 463 33

1492 405 1590 469 DE
1621 401 1915 471 UNIONE
1942 407 2491 471 ECCLESIARUM.

3606 402 3685 468 34

306 536 470 594 ἱποίει
558 536 843 596 κινδυνεύει
925 539 1384 621 συναποῤῥαγῆναι
1474 555 1596 605 ταῖς
1672 539 1961 605 συλλαϐαῖς

2050 546 2166 601 tres
2188 539 2548 620 hypostases,
2608 558 2858 620 quorum
2909 547 3224 620 utrumque
3253 538 3525 619 pertinax
3551 556 3686 601 con-

305 627 397 682 καὶ
475 627 542 684 τὰ
598 627 824 706 πέρατα.
881 638 1058 690 Ταῦτα
1142 638 1265 709 γοῦν
1335 631 1468 711 ὁρῶν
1515 633 1605 688 καὶ
1674 632 1877 688 ἀκούων
1935 632 1964 686 ὁ

306 715 567 794 μακάριος
628 716 855 794 ἰκεῖνος,
925 720 1014 776 καὶ
1094 721 1168 785 ὡς
1253 719 1464 788 ἀληθῶς
1534 720 1804 800 ἅνθρωπος
1873 728 1964 778 τοῦ

308 811 465 891 θεοῦ,
539 806 625 862 καὶ
680 806 849 885 μέγας
904 808 1012 865 τῶν
1080 813 1274 889 ψυχῶν
1330 809 1632 891 οἰκονόμος,
1678 814 1773 869 οὐκ
1814 810 1964 884 ᾠήθη

308 889 423 950 δεῖν
451 892 693 972 παριδεῖν
723 895 823 962 τὴν
866 893 1061 953 ἄτοπον
1108 897 1245 955 οὕτω
1297 899 1386 955 καὶ
1446 889 1641 976 ἄλογον
1688 908 1780 958 τοῦ
1807 896 1968 976 λόγου

310 984 623 1058 κατατομήν
657 1000 673 1015 ’
747 986 809 1041 τὸ
877 983 933 1041 δὲ
988 986 1128 1068 ⁸’παρ’
1182 988 1371 1044 ἑαυτοῦ
1436 988 1711 1068 φάρμακον
1780 987 1963 1064 ἐπάγει

307 1078 388 1144 τῷ
456 1070 857 1149 ἂρῤωστήματι.
891 1095 915 1126 ι
988 1064 1179 1133 ’Ἔνθεν
1233 1098 1314 1133 τοι
1371 1064 1461 1136 καί
1512 1064 1678 1133 ταῦτα
1721 1075 1967 1156 διαπερά-

307 1183 400 1224 νας
444 1159 788 1241 ἒπευφημίζει
831 1165 954 1228 τοῖς
1000 1164 1306 1243 ἐγκωμίοις,
1361 1196 1383 1225 ι
1415 1174 1578 1225 Τοῦτο
1636 1164 1723 1238 δὴ,
1769 1164 1959 1243 λέγων,

305 1255 416 1305 τῶν
500 1257 720 1330 μακρῶν
802 1253 979 1310 πόνων
1062 1257 1148 1311 καὶ
1229 1253 1404 1333 Λόγων
1487 1253 1911 1333 λυσιτελέστερον
1947 1274 1961 1287 ·

296 1344 456 1395 τοῦτο
499 1345 607 1397 τῶν
638 1338 893 1417 ἀοιδίμων
920 1342 1131 1423 ἐξοριῶν
1159 1344 1249 1400 καὶ
1279 1349 1458 1423 φυγῶν
1486 1349 1580 1401 τοῦ
1610 1341 1794 1422 ἀνδρὸς
1827 1342 1964 1402 ἑπά-

298 1424 413 1492 ξιον
447 1443 463 1459 ⁸
496 1435 654 1486 τοῦτο
682 1431 790 1488 τῶν
831 1430 1046 1489 πολλῶν
1070 1432 1365 1512 ἂγρυπνιῶν
1397 1454 1489 1509 και
1507 1439 1815 1511 χαμευνῶν
1836 1453 1965 1510 προ-

302 1517 586 1594 τιμότερον
621 1536 639 1553 ο
668 1521 744 1574 ὧν
772 1519 936 1601 μέχρι
995 1528 1100 1578 τῶν
1142 1521 1533 1601 κατορθούντων
1574 1522 1636 1577 τὸ
1679 1518 1883 1600 κέρδος.
1933 1543 1960 1575 ι

309 1607 383 1663 Τὸ
426 1603 483 1661 δὲ
526 1605 607 1663 ὅτι
651 1608 756 1689 οὐχ
785 1608 921 1666 οὕτω
952 1612 1159 1690 μικρὸν,
1208 1611 1367 1676 αὐτός
1411 1632 1473 1689 γε
1527 1611 1669 1676 αὖθις
1721 1609 1966 1689 ἀνωτέρω

308 1695 464 1773 φησί·
498 1716 521 1746 I
553 1696 759 1755 Γένοιτο
783 1700 883 1777 γὶρ
912 1697 1290 1776 ἆντιπαίδευμα
1317 1700 1408 1756 καί
1433 1712 1550 1780 τοῖς
1583 1705 1671 1757 νῦν
1699 1701 1734 1767 ἡ
1755 1699 1961 1778 πρᾶξις,

340 1782 367 1804 ν
534 1786 547 1805 ς
656 1788 670 1806 ι
743 1786 778 1818 ς.
1052 1788 1063 1807 ρ

311 1803 431 1861 ειγε
461 1805 550 1840 και
579 1808 712 1864 προς
740 1800 945 1845 εκεῖνον
971 1787 1282 1864 βλεποιμεν,
1332 1809 1357 1843 ι

2048 628 2335 691 tendendi
2382 630 2639 690 studium
2695 628 3024 692 efﬂuxerat.
3085 627 3233 701 Quid
3266 626 3687 710 postea?Cum

2049 717 2258 797 exigua
2295 735 2395 779 res
2449 717 2646 798 aliqua
2673 717 2939 800 quotidie
2969 717 3301 799 accederet,
3334 736 3464 798 qua;
3495 717 3686 782 mole-

2049 806 2222 869 stiam
2254 806 2773 882 alferret,moleste
2800 817 2995 868 autem
3026 819 3087 868 ut
3114 807 3693 884 videretur,conten-

2053 895 2132 955 lio
2163 894 2438 976 iaciebat,
2494 914 2564 958 eo
2596 894 2836 957 tandem
2879 913 2977 958 res
3021 895 3271 957 adducta
3301 905 3410 971 est,
3443 903 3506 958 ut
3535 897 3688 978 peri-

2049 983 2245 1045 culum
2280 992 2454 1046 esset.
2493 1002 2568 1045 ne
2599 983 2763 1045 orbis
2785 992 3074 1045 terrarum
3100 984 3249 1047 ﬁnes
3282 1002 3397 1047 una
3426 1004 3560 1047 cum
3579 986 3691 1067 syl-

2048 1072 2197 1134 labis
2225 1072 2745 1154 abrumperentur.
2781 1071 2923 1145 Quze
2971 1091 3102 1134 cum
3133 1073 3337 1136 beatus
3366 1075 3468 1137 ille
3488 1076 3601 1148 vir,
3634 1083 3693 1137 et

2046 1178 2183 1222 vere
2216 1161 2394 1222 homo
2421 1161 2923 1241 Dei,magnusque
2938 1159 3268 1223 animarum
3290 1161 3688 1243 diSpensator,

2048 1248 2236 1311 oculis
2287 1247 2656 1330 auribusque
2706 1257 3038 1330 usurparet,
3074 1257 3194 1310 tam
3227 1249 3541 1313 absurdam
3573 1262 3630 1314 et
3660 1271 3694 1316 ιι

2049 1337 2281 1400 ratione
2303 1337 2555 1399 alienam
2581 1335 2741 1399 verbi
2758 1337 3083 1400 sectionem
3107 1338 3602 1403 dissimulandum
3623 1359 3693 1404 ac

2046 1426 2461 1505 negligendum
2495 1424 2611 1487 sibi
2643 1444 2759 1487 non
2802 1426 3027 1505 putavit
3059 1444 3074 1486 :
3108 1445 3308 1489 verum
3335 1428 3690 1491 medncinam

2049 1514 2256 1576 morbo
2282 1533 2456 1597 quam
2508 1514 2763 1595 primum
2822 1514 3084 1577 adhibet.
3124 1536 3153 1575 )
3198 1514 3570 1597 Quapropter
3602 1518 3696 1580 his

2046 1603 2329 1666 absolutis
2351 1603 2757 1665 encomiorum
2781 1602 3040 1683 plaustra
3060 1606 3360 1683 congerit:
3394 1605 3570 1683 «Hoc,
3606 1607 3694 1669 in-

2047 1692 2276 1774 quiens,
2341 1692 2637 1754 diuturnis
2694 1691 2811 1753 illis
2881 1691 3182 1756 laboribus
3224 1705 3285 1756 et
3316 1695 3695 1757 sermonibus

2050 1785 2218 1861 longe
2247 1781 2449 1844 utilius
2472 1791 2580 1843 est.
2618 1780 2740 1844 Hoc
2769 1781 3120 1862 pervulgatis
3167 1792 3339 1864 atque
3356 1784 3516 1845 omni
3543 1784 3697 1845 fama

308 1869 631 1934 celebratis
661 1873 849 1954 ipsius
876 1876 1103 1940 exsiliis
1132 1884 1190 1939 et
1221 1876 1376 1957 fugis
1397 1876 1581 1939 nihilo
1611 1876 1859 1938 inferius
1910 1872 2366 1936 existimandum
2415 1880 2524 1934 est.
2562 1872 2687 1934 Hoc
2739 1870 2939 1933 multis
2966 1872 3183 1950 vigiliis
3235 1882 3295 1935 et
3324 1872 3695 1935 cbameuniis

312 1961 710 2040 praestantius,
746 1982 992 2045 quarum
1027 1965 1248 2029 utilitas
1277 1966 1340 2027 in
1370 1966 1485 2041 his,
1533 1965 1635 2047 qui
1665 1966 1779 2027 hoc
1809 1963 2093 2046 priestant
2128 1960 2425 2038 deﬁgitur,
2479 1979 2589 2021 nec
2621 1958 2795 2021 latius
2849 1972 3049 2021 manat
3107 1978 3159 2023 :n
3210 1980 3342 2042 quae
3398 1981 3513 2023 non
3544 1963 3693 2024 adeo

311 2049 529 2129 pusilla
559 2059 671 2132 est,
697 2062 764 2115 ut
791 2052 950 2116 idem
984 2056 1160 2131 paulo
1190 2063 1329 2118 ante
1354 2056 1611 2132 dixerat,
1650 2079 1673 2112 ι
1706 2053 1852 2116 Nam
1902 2051 1994 2115 his
2026 2069 2285 2130 quoque,
2322 2050 2421 2130 qui
2457 2067 2615 2111 nunc
2646 2049 2871 2123 vivunt,
2901 2049 3026 2110 haec
3081 2050 3233 2110 actio
3265 2051 3532 2113 doctrina
3564 2069 3696 2113 esse

310 2147 512 2220 queat,
548 2144 597 2202 si
630 2141 825 2222 ipsum
859 2143 1034 2207 nobis
1062 2145 1417 2208 imitandum
1449 2162 1877 2227 proponemus.
1919 2167 1940 2200 ι

394 2228 561 2287 Ἀλλὰ
600 2234 767 2288 ταῦτα
824 2234 920 2308 μὲν
974 2233 1054 2316 ἐφ’
1100 2239 1186 2299 οἷς
1232 2238 1259 2292 ὁ
1302 2241 1403 2303 τῆς
1458 2234 1728 2314 θεολογίας
1756 2234 1962 2291 ἐπώνυ-

2130 2228 2203 2291 Et
2226 2229 2318 2291 his
2349 2229 2613 2310 quidem,
2643 2227 2740 2290 cui
2793 2245 2828 2290 a
2881 2227 3180 2306 theologia
3227 2247 3552 2308 cognomen
3582 2240 3691 2303 est,

313 2340 413 2395 μος
444 2323 521 2393 τῷ
564 2320 786 2399 μεγάλῳ
834 2321 1128 2398 Ἀθανασίῳ
1173 2325 1272 2392 τὴν
1327 2325 1388 2382 ἐκ
1429 2330 1528 2391 τῆς
1586 2324 1784 2386 ἐννοίας
1823 2325 1961 2397 ὁμο-

310 2408 575 2495 φροετύνην
630 2409 725 2477 τῆς
785 2410 847 2468 ἐκ
897 2412 1005 2470 τῶν
1060 2410 1251 2479 λέξεων
1320 2413 1574 2495 διαφορᾶς
1639 2414 1964 2492 προτίθεσθαι

311 2494 724 2572 συμϐουλεύοντι
783 2515 1085 2581 συγκροτεῖ,
1156 2500 1299 2582 Ἐγὼ
1340 2501 1394 2558 δὲ
1432 2494 1538 2559 καὶ
1596 2501 1671 2559 En
1726 2503 1818 2558 τὸν
1868 2502 1963 2567 τῆς

310 2584 583 2665 θεολογίας
637 2587 916 2665 ἐπώνυμον
996 2599 1149 2651 τοῦτο
1206 2591 1260 2648 ἐν
1322 2592 1517 2671 ἑτέροις
1588 2590 1770 2665 πολλῷ
1842 2591 1962 2665 μεί-

306 2680 422 2744 ζοσι
478 2687 856 2755 συγχωροῦντα
914 2682 1240 2759 παραστήσω
1282 2703 1365 2737 σοι
1410 2681 1473 2736 τὸ
1527 2686 1631 2737 τῶν
1693 2682 1965 2755 ὀνομάτων

310 2759 581 2842 διάφορον.
643 2761 868 2835 Ἐπειδὴ
943 2769 1043 2847 γάρ
1120 2790 1266 2833 τινας
1351 2769 1486 2838 ἐώρα
1572 2767 1657 2826 ὕπ’
1740 2770 1963 2845 ἀμαθίας

310 2848 782 2928 διευλαϐουμένους
835 2857 935 2924 τὴν
1007 2860 1135 2921 Θεὸς
1194 2859 1376 2938 φωνὴν
1432 2859 1517 2915 ἐπὶ
1578 2866 1655 2934 τῷ
1719 2864 1967 2932 ζωοποιῷ

310 2940 400 2995 καὶ
459 2940 597 3017 ἁγίῳ
638 2944 929 3026 Πνεύματι,
988 2953 1093 3001 πᾶν
1148 2944 1203 3001 δὲ
1263 2945 1496 3011 διδόντας
1554 2947 1728 3027 ἕτερον
1772 2945 1960 3023 ὄνομα,

310 3027 462 3087 ὠδὲν
503 3030 666 3096 ἦττον
722 3033 819 3100 τὴν
886 3036 1048 3102 αὔτήν
1104 3026 1458 3111 διασημαῖνον
1524 3037 1612 3094 καὶ
1646 3026 1652 3027 ί
1681 3034 1961 3112 δυνάμενον

314 3116 539 3205 ἔννοιαν,
594 3141 622 3173 α
655 3122 888 3201 Αἰσχρὸν
917 3124 1038 3199 μὲν⁹
1088 3125 1267 3205 φησὶν,
1330 3126 1579 3204 αἰσχρὸν,
1636 3126 1724 3181 καὶ
1771 3125 1963 3188 ἱκανῶς

310 3202 507 3283 ἄλογον
552 3209 690 3264 κατα
738 3210 838 3276 τὴν
896 3202 1113 3291 ψυχὴν
1145 3202 1488 3291 ἐῤῥωμένους,
1535 3209 1964 3293 μικρολογεῖσθαι

310 3296 432 3381 περὶ
488 3296 583 3350 τὸν
637 3296 805 3376 ἦχον,
866 3301 955 3356 καὶ
1008 3300 1257 3377 κρύπτειν
1310 3302 1403 3358 τὸν
1449 3303 1729 3381 θησαυρὸν,
1789 3300 1966 3378 ὥσπερ

309 3379 494 3447 ἄλλοις
519 3385 926 3463 βασκαίνοντας,
986 3388 1209 3470 αἴσχιον
1250 3388 1305 3446 δὲ
1349 3391 1510 3471 ἡμῖν,
1563 3390 1591 3446 ὃ
1623 3379 1964 3469 ἐγκαλοῦμεν

304 3474 528 3552 παθεῖν,
588 3475 678 3531 καὶ
752 3475 1099 3556 μικρολογίαν
1172 3480 1691 3558 καταγινώσκοντας,
1775 3478 1962 3543 αὐτοὺς

2048 2336 2260 2398 magno
2292 2317 2640 2391 Athanasio,
2675 2336 2745 2380 ex
2775 2317 3072 2379 sententia
3118 2335 3495 2395 consensum,
3531 2318 3695 2380 diffe-

2047 2407 2413 2488 rentiaa,qu:e
2442 2427 2514 2469 ex
2546 2406 2791 2469 vocibus
2819 2407 3029 2486 oritur,
3057 2408 3537 2488 anteponendum
3562 2424 3693 2473 esse

2045 2496 2317 2559 suadenti
2330 2514 2632 2559 assensum
2649 2495 3012 2578 praebet-Ego
3024 2513 3160 2558 vero
3175 2504 3454 2577 praeterea
3466 2498 3693 2559 huncce

2047 2587 2385 2665 theologum
2433 2587 2488 2649 in
2536 2586 2713 2649 rebus
2742 2586 2916 2647 etiam
2950 2586 3084 2647 aliis
3135 2586 3381 2666 majoris
3411 2587 3692 2648 momenti

2048 2675 2351 2736 nominum
2370 2675 2769 2737 diversitatem
2794 2674 3222 2737 concedentem
3253 2673 3357 2736 tibi
3384 2674 3459 2735 ob
3489 2676 3694 2737 oculos

2047 2762 2522 2826 exhibebo.Cum
2555 2765 2874 2826 nonnullos
2906 2764 3260 2836 intueretur,
3294 2763 3371 2825 ob
3398 2764 3691 2825 inscitiam

2050 2852 2160 2916 Dei
2180 2871 2383 2914 vocem
2406 2853 2479 2915 de
2494 2854 2720 2915 viviﬁco
2736 2852 3282 2934 sanctoqueSpiritu
3302 2853 3689 2933 retugieutes,

2044 2941 2159 3003 alia
2202 2960 2338 3003 vero
2392 2942 2589 3023 aliqua
2638 2942 2988 3016 tribuentes,
3044 2961 3159 3003 non
3192 2943 3389 3003 minus
3418 2943 3688 3005 eamdem

2047 3032 2399 3093 sententiam
2433 3031 3000 3112 exprimuns,Turpe
3021 3040 3136 3112 est,
3153 3031 3362 3112 inquit,
3389 3040 3555 3113 turpe
3578 3043 3688 3109 est,

2049 3127 2107 3179 et
2133 3120 2585 3199 perabsurdum,
2620 3121 2758 3182 dum
2801 3120 3000 3182 animo
3023 3120 3308 3201 valemus,
3343 3121 3548 3200 longos
3567 3138 3694 3183 ser-

2051 3226 2255 3269 mones
2273 3217 2473 3269 texere
2490 3208 2647 3271 circa
2666 3208 2825 3270 vocis
2843 3216 3146 3282 sonum,et
3165 3207 3441 3270 occulere
3460 3208 3694 3272 thesau-

2048 3296 2379 3375 rum,quasi
2395 3295 2527 3357 aliis
2551 3314 2686 3358 eum
2706 3296 2766 3357 in
2779 3295 3063 3359 videntes.
3097 3294 3354 3375 Turpius
3373 3303 3570 3358 autem
3603 3305 3695 3359 est

2051 3384 2261 3446 eodem
2294 3384 2435 3445 vitio
2487 3384 2699 3461 teneri,
2734 3385 2890 3467 quod
2932 3383 3098 3446 vobis
3146 3382 3485 3464 objicimus,
3518 3394 3693 3467 atque

2047 3491 2180 3534 cum
2204 3474 2440 3534 anxiam
2474 3482 2722 3536 vestram
2782 3474 2856 3535 de
2887 3474 3134 3535 minutis
3157 3473 3338 3535 rebus
3365 3475 3694 3538 contentio-

304 3560 754 3641 μικρολογεῖσθαι
823 3568 942 3645 περὶ
1027 3567 1093 3623 τὰ
1160 3568 1469 3646 γράμματα.
1536 3585 1559 3616 ι
1651 3575 1959 3648 Τοιγαροῦν,

2050 3580 2181 3623 nem
2215 3562 2595 3634 damnemus,
2634 3564 2961 3625 litterarum
2995 3572 3189 3625 tamen
3212 3562 3491 3624 minutias
3520 3563 3693 3628 anxie

313 3669 346 3703 α
400 3648 574 3708 Ἀλλᾶ
632 3666 729 3710 ταῖ
796 3652 1089 3720 συλλαϐαῖς
1153 3654 1543 3737 δυσχεραίνετε,
1628 3659 1716 3714 καὶ
1794 3678 1963 3736 προσ-

2053 3670 2284 3730 urgere.
2328 3680 2349 3709 ι
2379 3651 2769 3734 Quapropter,
2801 3678 2828 3708 α
2862 3653 2937 3715 At
2967 3652 3216 3734 syllabas
3236 3653 3482 3714 moleste
3496 3653 3689 3736 fertis,

308 3739 527 3796 πταίετε
582 3739 650 3816 τῇ
720 3748 891 3822 φωνῇ,
950 3746 1039 3801 καὶ
1109 3743 1250 3809 λίθος
1333 3747 1747 3826 προσκόμματος
1829 3748 1963 3821 ἡμῖν

2050 3748 2225 3821 atque
2256 3741 2327 3803 ad
2360 3758 2562 3803 vocem
2595 3741 2942 3823 impingitis,
2977 3741 3243 3822 lapisque
3265 3742 3612 3804 oﬂ‘ensionis
3634 3752 3695 3806 et

310 3833 470 3885 τοῦτο
511 3829 709 3908 γίνεται
763 3834 854 3889 καὶ
912 3832 1075 3912 πὲνρα
1131 3831 1447 3910 σκανδάλου,
1517 3837 1631 3892 ἐπεὶ
1692 3837 1780 3892 καὶ
1835 3842 1961 3914 Χρι-

2050 3839 2214 3912 petra
2242 3830 2506 3892 scandali
2528 3832 2638 3892 hoc
2663 3828 2825 3892 vobis
2852 3829 3255 3893 etﬁcitur.Nec
3283 3831 3524 3905 mirum,
3555 3850 3690 3893 cum

311 3916 438 3982 στός
509 3940 644 3975 τισιν
680 3935 696 3950 ·
743 3919 1065 4000 ἀνθρώπινον
1133 3924 1194 3980 τὸ
1263 3924 1450 3987 πάθος.
1521 3922 1815 4001 Συμϐὦμεν
1867 3923 1963 3981 ἀλ-

2050 3919 2313 3983 Christus
2336 3938 2569 4001 quoque
2600 3920 2897 3981 nonnullis
2922 3919 3202 3981 seandalo
3245 3920 3441 3981 fuerit.
3474 3919 3692 3983 Huma-

305 4003 503 4095 λήλοις
532 4011 932 4085 πνευματικῶς,
963 4013 1240 4087 Γενώμεθα
1268 4010 1574 4093 φιλάδελφοι
1605 4012 1807 4090 μᾶλλον
1836 4014 1963 4095 ἢφὲ-

2050 4026 2162 4069 nus
2202 4007 2254 4069 is
2299 4008 2539 4089 quidem
2575 4009 2840 4071 affectus.
2881 4007 3099 4071 Verum
3131 4009 3521 4089 spirituallter
3540 4010 3695 4072 inter

304 4091 515 4158 λαυτοι.
552 4097 683 4155 Δότε
712 4099 813 4167 τὴν
861 4097 1080 4177 δύναμιν
1129 4105 1228 4168 τῆς
1280 4091 1554 4183 θεότητος,
1614 4104 1702 4160 καὶ
1731 4091 1965 4179 δώσομεν

298 4184 478 4258 ἡμεῖς
504 4190 604 4252 τῆς
630 4191 816 4267 φωνῆς
857 4189 959 4257 τὴν
984 4189 1350 4269 σύγχώρησιν.
1404 4181 1809 4271 Ὀμολογήσατε
1866 4193 1965 4259 τὴν

302 4272 462 4353 φύσιν
492 4273 548 4329 ἂν
576 4273 763 4341 ἄλλαις
793 4291 1022 4357 φωναῖς,
1074 4281 1185 4357 αἶς
1216 4276 1471 4335 αἰδεῖσθαι
1503 4278 1728 4354 μᾶλλον,
1774 4281 1863 4336 καὶ
1891 4282 1964 4344 ὡς

304 4362 552 4427 ἀσθενεῖς
594 4365 734 4441 ὑμᾶς
764 4356 1126 4444 ἰατρεύσομεν.
1178 4356 1370 4425 ’Ἔστιν
1428 4368 1461 4424 ἃ
1522 4370 1610 4425 καὶ
1662 4375 1767 4425 τῶν
1833 4372 1962 4448 πρὸς

304 4447 511 4519 ἡδονὴν
536 4452 999 4532 παρακλέψαντες.
1036 4485 1059 4517 ι

396 4722 460 4779 Τί
514 4720 619 4803 δὲς
680 4722 818 4804 Οὐχὶ
857 4724 947 4781 καὶ
1000 4729 1078 4799 τῷ
1132 4724 1369 4803 μεγίστῳ
1411 4723 1669 4801 Βασιλείῳ
1721 4723 1962 4793 διακενῆς

305 4809 671 4890 ἑπεγκαλοῦσί
720 4835 828 4870 τισι
884 4810 1256 4893 διαμέμφεται,
1312 4814 1401 4870 καὶ
1481 4827 1825 4893 προσεπαινεῖ
1904 4816 1965 4871 τὸ

2050 4115 2158 4157 nos
2213 4097 2363 4158 hanc
2414 4098 2875 4159 controversiam
2929 4099 3327 4177 transigamus
3371 4099 3693 4161 :fraternte

2051 4185 2244 4265 potius
2271 4186 2403 4247 char
2419 4186 2576 4247 ilatis
2595 4187 3065 4268 studium,quam
3086 4188 3552 4248 nostriatnorem
3571 4205 3693 4269 pra;

2049 4273 2222 4338 nobis
2254 4274 2535 4338 feramus.
2597 4275 2727 4337 Vim
2780 4276 3104 4338 divinitatis
3134 4295 3202 4337 ac
3234 4276 3553 4356 potentiam
3590 4295 3692 4337 no-

2049 4362 2140 4425 bis
2168 4363 2323 4440 date,
2358 4373 2416 4426 et
2446 4383 2555 4426 nos
2607 4364 2868 4426 vicissim
2926 4364 3247 4435 divinitatis
3295 4382 3498 4426 vocem
3526 4363 3692 4427 vobis

2048 4453 2468 4516 concedamus.
2504 4452 2783 4516 Naturam
2826 4453 2956 4516 aliis
2998 4452 3267 4524 vocibus,
3316 4451 3531 4533 quibus
3559 4453 3692 4533 plus

2050 4541 2306 4604 ll'ibUlliS
2349 4543 2755 4605 conﬁteamini
2791 4560 2805 4605 :
2856 4561 2925 4604 ac
2947 4561 3048 4603 vos
3078 4551 3141 4603 ut
3172 4540 3439 4602 inﬁrmos
3459 4540 3689 4604 curabi-

2047 4649 2202 4705 mus,
2238 4631 2523 4693 nonnulla
2547 4631 2711 4693 vobis
2728 4639 2894 4710 grata
2915 4640 2971 4692 et
2980 4630 3247 4710 jucunda
3269 4631 3685 4696 suﬂ'urantes.»

2127 4719 2276 4792 Quid
2339 4718 2667 4801 praeterea?
2725 4727 2938 4783 Annon
2975 4728 3027 4781 et
3090 4737 3362 4797 magnum
3406 4719 3690 4783 Basilium

2049 4808 2266 4870 frustra
2308 4807 2695 4871 criminantes
2750 4807 3002 4884 incusat,
3050 4807 3440 4888 laudibusque
3470 4810 3693 4873 extollit

303 4904 412 4965 τῆς
457 4901 762 4976 οἰκονομίας
817 4900 1138 4982 ἀποῤῥητον,
1195 4903 1281 4959 καὶ
1324 4908 1497 4959 πᾶσαν
1557 4916 1674 4967 τοῖς
1732 4903 1962 4982 κακούρ-

2050 4897 2555 4978 dispensationem
2589 4897 2769 4978 illius,
2796 4916 2927 4978 quae
2972 4898 3062 4959 vix
3085 4897 3362 4978 exprimit
3390 4907 3601 4980 potest,
3638 4907 3697 4962 et

301 5009 426 5066 γοις
502 4996 789 5069 περιαιρῶν
858 4988 1144 5071 πρόφασιν,
1216 4988 1332 5048 οὐδὲ
1400 4992 1522 5055 τοὺς
1593 4988 1964 5073 ἀφελεστέρους

303 5091 595 5157 συγχωρεῖ
644 5077 993 5155 βλάπτεσθαι,
1054 5079 1153 5146 τὴν
1208 5078 1376 5159 χείρω
1427 5080 1546 5159 περὶ
1602 5078 1760 5137 αὐτοῦ
1816 5077 1963 5145 δόξαν

305 5164 564 5245 ἔχοντας.
631 5185 655 5216 ι
686 5166 931 5230 Ἐκεῖνος
955 5168 1079 5246 γὰρ,
1122 5169 1281 5247 φησὶν
1325 5168 1354 5223 ὁ
1407 5169 1550 5231 θεῖος
1604 5165 1808 5236 δηλαδὴ
1881 5169 1968 5224 καὶ

310 5253 490 5332 μέγας
520 5254 819 5331 Βασίλειος,
856 5255 1012 5312 ἕνεκα
1040 5255 1136 5330 μὲν
1182 5256 1276 5311 τοῦ
1320 5255 1492 5329 ὀρθοῖ),
1552 5258 1640 5312 καὶ
1680 5256 1778 5324 τῆς
1833 5258 1969 5313 κατὰ

307 5345 422 5409 τὴν
488 5345 641 5422 ἁγίαν
698 5342 894 5425 Τριάδα
954 5345 1228 5424 συναφείας
1299 5345 1386 5400 καὶ
1442 5344 1696 5418 συνθείας,
1768 5345 1805 5414 ἢ
1877 5346 1970 5402 οὐκ

311 5429 434 5490 οἶδ’
462 5432 491 5489 ὅ
517 5456 567 5490 τι
596 5435 913 5513 κυριώτερον
966 5434 1137 5490 εἰπεῖν
1182 5433 1294 5513 χρὴ
1349 5433 1437 5489 καὶ
1493 5434 1830 5515 σαφέστερον,
1890 5435 1967 5511 μὴ

309 5521 406 5579 ὅτι
448 5524 640 5601 θρόνων
694 5522 970 5597 ἐκπεσεῖν,
1032 5526 1117 5586 οἷς
1167 5520 1288 5582 οὐδὲ
1330 5521 1426 5579 ἀπ’
1464 5522 1643 5604 ἀρχῆς
1687 5522 1967 5595 ἐπεπήδη-

301 5631 434 5686 cev,
461 5610 597 5670 ἀλλὰ
638 5613 725 5670 καὶ
782 5612 958 5692 φυγὴν
1013 5612 1102 5669 καὶ
1154 5611 1398 5693 θάνατον,
1453 5614 1542 5669 καὶ
1595 5613 1689 5679 τὰς
1729 5613 1833 5692 πρὸ
1870 5615 1964 5670 τοῦ

300 5699 536 5759 θανάὋδ
588 5699 841 5765 κολάσεις
912 5700 1190 5779 προθύμως
1247 5696 1450 5766 ἰδόξατο
1505 5699 1567 5757 ἂν
1613 5702 1687 5764 ὡς
1755 5698 1957 5783 κέρδος,

2046 5004 2285 5049 omnem
2311 4986 2599 5051 maleﬁcis
2612 4985 2935 5049 accusandi
2953 5005 3157 5049 ausam
3181 4988 3697 5070 praeripiens,sim-

2050 5074 2349 5156 pliciores,
2402 5075 2503 5157 qui
2553 5076 2629 5138 de
2679 5093 2750 5138 eo
2800 5094 2920 5137 non
2978 5084 3139 5139 recte
3168 5078 3527 5153 sentiebant,
3562 5076 3694 5139 laedi

2051 5163 2205 5225 haud
2239 5164 2574 5245 permittit?
2602 5189 2628 5219 α
2662 5164 2769 5227 llle
2815 5165 2998 5247 enim,
3039 5190 3061 5224 ν
3110 5166 3191 5228 ait
3219 5167 3450 5229 divinus
3479 5184 3697 5246 nempe

2051 5271 2414 5333 magnusque
2452 5252 2724 5328 Basilius,
2766 5275 2793 5312 ι
2821 5273 2926 5336 pro
2969 5264 3133 5318 recta
3156 5257 3427 5318 doctrina
3455 5261 3698 5315 sanctae-

2050 5359 2167 5423 que
2197 5339 2501 5403 Trinitatis
2553 5341 2998 5420 conjunctione,
3040 5355 3100 5407 et
3134 5344 3490 5416 condeitate,
3527 5351 3627 5404 aut
3647 5343 3699 5405 si

2049 5450 2165 5512 quo
2197 5430 2426 5509 magnis
2451 5429 2690 5511 proprio
2720 5438 2779 5493 et
2804 5437 3118 5514 perspicuo
3153 5433 3332 5495 verbo
3376 5448 3474 5493 res
3495 5448 3566 5492 ea
3594 5450 3701 5493 no-

2050 5519 2162 5582 tari
2193 5527 2406 5599 potest,
2443 5538 2562 5581 non
2595 5520 2770 5582 modo
2800 5522 2877 5585 de
2907 5524 3142 5597 throno,
3169 5521 3241 5583 ad
3276 5538 3453 5602 quem
3486 5538 3598 5581 nec
3627 5519 3699 5582 ab

2045 5609 2217 5672 initio
2240 5608 2485 5691 quidem
2527 5609 2744 5693 cupide
2766 5611 3042 5691 prosiliit,
3074 5607 3374 5673 exturbari
3403 5626 3471 5670 ac
3498 5607 3699 5691 dejici,

2045 5699 2151 5763 sed
2186 5698 2369 5762 etiam
2401 5699 2608 5763 exsilio
2641 5707 2699 5764 et
2734 5708 2947 5779 morte,
2981 5711 3157 5781 atque
3196 5705 3332 5762 ante
3360 5694 3537 5756 variis
3574 5713 3705 5756 cru-
