4144 6290
436 382 516 446 35

1491 378 1760 479 JOANN.
1799 378 2018 444 VECCI
2056 376 2170 440 GP.
2206 370 2743 439 PATRIARCHIE.

3738 369 3817 436 36

430 515 682 578 ciatibus
715 515 894 589 allici,
933 522 1204 596 prompto
1252 511 1558 593 alacrique
1591 511 1787 573 rnimo
1821 511 2070 574 tulisset.

2167 514 2220 570 οὗ
2260 510 2511 572 κίνδυνον.
2556 511 2728 580 Δηλοῖ
2769 510 2824 568 δὲ
2880 517 2966 575 οἷς
3009 509 3112 579 ἤδη
3156 512 3414 578 πεποίηκε
3469 512 3557 568 καὶ
3599 515 3683 575 οἷς
3716 509 3808 567 πέ-

432 623 501 667 ac
535 606 760 667 lucrum
793 605 986 685 potius
1033 620 1206 683 quam
1266 601 1531 682 perieulo
1558 601 1923 679 deputassd.
1957 600 2081 663 Hoc

432 712 570 756 vero
621 694 700 755 ita
727 713 879 771 esse,
914 693 1217 755 declarant
1247 710 1316 752 ea
1347 712 1401 771 qi
1428 710 1477 751 ω
1529 700 1585 751 et
1615 689 1752 750 fecit
1781 698 1843 749 et
1875 708 2079 768 passus

436 792 547 855 est,
583 791 646 843 ut
676 783 776 861 qui
809 782 983 843 etiam
1030 782 1104 842 ob
1137 781 1403 841 veritatis
1432 777 1840 840 defensionmu
1872 779 2078 840 exsilio

436 872 738 950 multatus,
773 872 920 933 nihil
945 870 1105 932 aliud
1136 867 1354 946 negotii
1380 868 1738 946 susceperit,
1770 885 1942 946 quam
1978 867 2076 927 uni

433 979 504 1022 ex
536 960 799 1040 asseclis,
820 970 881 1020 ttt
908 978 973 1020 se
996 959 1257 1037 acceptis
1292 955 1680 1037 pugillaribus
1702 964 2072 1040 sequeretur,

434 1036 794 1130 imperaret.
813 1050 1101 1112 Caeterum
1134 1036 1441 1107 sermones
1463 1063 1599 1105 cum
1624 1036 1852 1122 judicio
1881 1044 2079 1122 dispu-

434 1157 578 1200 nere
611 1138 685 1199 de
719 1138 952 1200 Davidis
976 1135 1225 1199 consilio
1270 1143 1328 1195 et
1351 1134 1645 1195 sententia
1678 1133 2077 1192 necessarium

436 1244 565 1290 esse
592 1226 924 1307 judicabat,
957 1245 1025 1287 ac
1069 1225 1209 1286 belli
1261 1232 1515 1294 tempus.
1577 1229 1634 1280 et
1664 1220 2074 1281 haereticorum

439 1316 832 1396 principatum
865 1314 1288 1396 aliquantisper
1321 1311 1593 1379 tolerare,
1629 1309 1816 1389 quoad
1839 1308 2079 1369 liberta—

437 1407 512 1465 tis
534 1414 765 1481 tempus
814 1403 1224 1469 successisset,
1269 1401 1597 1479 liugumque
1649 1398 1979 1458 Iibt'rtulem
2014 1417 2081 1458 ac

439 1492 737 1554 licentiam
780 1491 1102 1555 attulisset.
1156 1488 1244 1551 Illi
1273 1489 1431 1549 enim
1467 1486 1681 1547 nudam
1710 1495 1767 1546 et
1815 1500 2078 1565 apertam

439 1600 639 1643 vocem
675 1581 749 1642 de
781 1580 1001 1658 Spiritu
1033 1582 1419 1658 sancto,quo-t
1446 1576 1601 1637 Deus
1634 1572 2083 1653 esset,arripert-

439 1670 777 1743 studebant,
812 1670 964 1749 quod
999 1669 1261 1749 quidem,
1293 1666 1521 1732 tttnetsi
1555 1682 1756 1724 verum
1784 1672 1926 1724 erat.
1966 1664 2081 1722 im-

442 1759 602 1839 pium
635 1768 835 1820 tamen
885 1758 921 1818 il
952 1758 1022 1825 is,
1072 1765 1245 1837 atque
1279 1755 1359 1816 im
1410 1752 1464 1814 io
1496 1751 1815 1831 impietatis
1835 1751 2078 1814 antistiti

2167 1775 2259 1830 γου
2315 1752 2557 1831 γλώττης
2628 1754 3024 1832 ὑπερορῗσωσιν,
3108 1755 3252 1810 αὒτοὶ
3321 1751 3376 1808 δὲ

439 1848 772 1917 videbatur.
809 1860 869 1911 ut
919 1865 1052 1907 emn
1085 1844 1325 1926 quidem
1359 1861 1488 1903 cum
1530 1841 1855 1919 theologica
1888 1842 2085 1919 lingua

436 1937 669 2000 civitate
722 1937 1031 2017 pellerent,
1083 1934 1193 2014 ipsi
1246 1948 1443 1993 autem
1478 1929 1801 1992 Ecclesium
1835 1949 2083 2008 occupa-

437 2036 850 2105 rent,eamque
870 2023 1115 2085 sceleris
1132 2022 1220 2083 sui
1238 2019 1738 2102 propugnaculum
1753 2019 2078 2090 efﬁcerent,

438 2129 613 2196 atque
642 2115 780 2175 hinc:
809 2112 1049 2185 deinde,
1075 2112 1232 2173 velut
1262 2130 1329 2171 ex
1363 2128 1499 2170 arce
1523 2112 1801 2188 quadam,
1825 2108 1880 2167 id
1907 2126 2082 2168 omne

440 2203 596 2284 quod
631 2202 923 2282 reliquum
959 2209 1106 2274 erat,
1143 2198 1585 2280 popularentur.
1630 2199 1707 2258 At
1738 2198 1837 2258 ille
1873 2196 1927 2256 in
1953 2197 2083 2258 aliis

441 2292 678 2374 quidem
713 2291 952 2352 vocibus
985 2289 1343 2369 eScriptura
1381 2286 2082 2374 petitis,testimoniisque

443 2373 686 2442 minime
717 2378 913 2439 dubiis
935 2377 1206 2439 eamdem
1243 2376 1355 2436 vim
1387 2373 1762 2446 habentibus,
1802 2392 2079 2436 necessa-

442 2469 668 2549 riisque
700 2466 1085 2545 argumentis,
1124 2464 1496 2526 adversarios
1517 2465 1595 2522 ita
1624 2461 2077 2541 comprimebat,

443 2567 507 2619 ut
539 2559 660 2619 ullo
691 2555 864 2617 modo
912 2572 1246 2635 repugnare
1303 2570 1370 2615 ac
1413 2560 1617 2612 contra
1661 2551 1764 2611 niti
1798 2560 2076 2632 possent:

441 2646 573 2720 sed,
606 2664 737 2726 quae
763 2645 1015 2707 maxima
1036 2642 1327 2705 sermcnis
1353 2642 1532 2703 virtus
1554 2649 1612 2702 et
1632 2640 1942 2720 prudentia
1963 2651 2075 2715 est,

444 2734 699 2816 propriis
721 2733 959 2795 vocibus
981 2732 1563 2809 eonswinﬁerentur:
1586 2729 2083 2809 quemadmodum

449 2826 499 2886 is
556 2822 727 2895 liber,
782 2840 957 2902 quem
1006 2821 1117 2882 hoc
1142 2828 1488 2899 argumento
1532 2817 1738 2891 edidit,
1773 2820 2084 2900 perspicue

446 2911 743 2991 ostendet,
775 2911 833 2971 in
865 2928 982 2991 quo
1009 2910 1294 2972 calamum
1316 2909 1482 2990 qttasi
1513 2926 1579 2970 ex
1604 2907 1858 2987 Spiritus
1876 2909 2083 2988 pyxide

444 3008 660 3062 movet.
704 2997 819 3062 Sed
853 3007 1047 3060 tamen
1102 2998 1399 3079 propriam
1432 3015 1633 3059 vocem
1662 2996 1898 3058 interim
1925 3016 2084 3060 usur-

443 3107 585 3170 pare
614 3086 948 3162 differebat,
1009 3095 1130 3149 tum
1176 3085 1247 3148 ab
1298 3087 1550 3166 ipsemet
1597 3084 1843 3163 Spiritu,
1880 3093 1999 3146 tum
2051 3107 2083 3149 a

442 3176 690 3241 sinceris
714 3175 900 3257 ipsius
926 3174 1463 3257 prapngnatoribus
1509 3173 1567 3235 in
1590 3175 1791 3254 gratiae
1811 3175 1939 3236 loco
1972 3177 2081 3239 hoc

439 3274 668 3347 petens,
725 3283 799 3327 ne
850 3265 963 3326 hoc
1008 3283 1118 3326 suo
1165 3264 1430 3338 consilio;
1473 3262 1939 3340 olfenderentur,
1974 3285 2083 3328 nec

439 3354 900 3429 committerent,
954 3363 1017 3414 ut
1055 3352 1195 3414 dum
1249 3371 1422 3413 unam
1485 3352 1751 3414 Voculam
1788 3354 2084 3416 mordicus

438 3442 700 3505 retinere.
721 3450 1346 3522 conarentur,propter
1363 3440 1779 3521 inexplebilem
1801 3442 2084 3523 cupidita-

442 3541 558 3594 tem
578 3530 779 3593 omnia
792 3530 1421 3610 perderent,convulsa
1443 3529 1724 3591 nimirum
1744 3530 2081 3593 turbulento

444 3629 710 3701 tempore
731 3637 799 3681 ac
823 3619 1120 3681 destructa
1138 3619 1377 3700 pietate.
1406 3620 1569 3699 ipsos
1581 3617 1739 3680 enim
1762 3619 1906 3680 nihil
1926 3640 1994 3682 ex
2010 3639 2082 3683 eo

443 3707 805 3770 incommodi
828 3727 899 3770 ac
925 3707 1268 3771 detrimenti
1323 3715 1694 3787 accepturos,
1722 3708 1773 3770 si
1803 3709 2085 3771 vocabula

446 3797 682 3878 paulum
717 3796 1189 3872 immolarentur,
1252 3795 1428 3859 modo
1485 3796 1617 3857 aliis
1649 3797 1842 3860 verbis
1873 3799 2083 3861 eadem

443 3887 802 3965 docerentur
828 3904 841 3949 :
867 3904 1060 3966 neque
1078 3887 1236 3947 enim
1260 3885 1510 3948 salutem
1532 3894 1785 3976 nostram
1810 3889 1864 3947 in
1889 3886 2087 3950 verbis

2161 605 2368 674 πονθεν,
2404 603 2461 665 ὃς
2512 624 2574 681 γε
2615 603 2704 658 καὶ
2745 600 2939 679 ἐξορίαν
2989 600 3118 679 ὑπὲρ
3174 606 3275 668 τῆς
3331 600 3580 667 ἀληθείας
3636 621 3809 656 κατα-

2161 692 2374 769 κριθεὶς,
2436 697 2680 747 τοσοῦτον
2739 689 3205 768 ἐπραγματεύσατο
3281 687 3464 764 μόνον,
3540 687 3663 743 ὅσον
3731 688 3806 743 ὲνὶ

2160 786 2264 835 τῶν
2324 778 2620 835 ἀκολούθων
2665 780 2859 857 εἰπεῖν,
2919 777 3164 857 ἀραμένῳ
3204 779 3263 833 τὸ
3307 779 3520 834 πυκτίον
3581 774 3809 834 ἀκολους-

2159 871 2295 925 θεῖν.
2372 871 2681 942 Οἶκονομεϊν
2748 865 2803 922 δὲ
2878 868 3000 930 τοὺς
3075 866 3262 944 λόγους
3347 867 3402 923 ἐν
3470 868 3633 946 κρίσει
3706 870 3812 920 τῶν

2160 954 2373 1013 δικαίων
2439 956 2674 1030 ἐνόμιζε,
2731 962 2809 1030 τῷ
2864 956 2985 1030 θείῳ
3047 954 3206 1013 Δαϐὶδ
3274 957 3390 1035 περὶ
3435 956 3621 1011 τούτου
3672 975 3812 1027 συμ-

2158 1042 2331 1118 ϐούλῃ
2392 1046 2694 1125 χρώμενος,
2755 1046 2842 1101 καὶ
2885 1046 3071 1124 μικρὸν
3123 1043 3246 1102 ὅσον
3302 1047 3391 1100 τὸν
3447 1043 3538 1100 τοῦ
3567 1041 3807 1117 πολέμου

2159 1136 2341 1211 καιρὶν
2382 1132 2658 1213 διαφέρων,
2711 1134 2796 1189 καὶ
2846 1134 2943 1200 τὴν
2994 1138 3098 1190 τῶν
3155 1136 3425 1212 αἱρετικῶν
3485 1129 3806 1202 δνναστείαν,

2164 1221 2263 1285 ἕως
2295 1226 2322 1278 ὁ
2347 1228 2444 1289 τῆς
2502 1222 2792 1301 ὲλευθεριας
2851 1223 2939 1277 καὶ
2995 1224 3092 1289 τῆς
3136 1223 3331 1300 αἰθρίας
3390 1218 3617 1295 ἐπιλάϐῃ
3676 1241 3808 1275 και-

2165 1313 2276 1389 ρὸς,
2322 1313 2409 1367 καὶ
2542 1317 2607 1386 τῇ
2634 1311 2851 1388 γλώσσῃ
2911 1310 3007 1378 τὴν
3064 1308 3376 1388 παρρησίαν.
3441 1312 3501 1366 Oi
3555 1308 3651 1382 μὶν
3709 1308 3809 1385 γὰρ

2164 1400 2376 1470 ἐζήτουν
2448 1396 2691 1455 λαϐέτθκι
2747 1402 2953 1477 -ρμνῆς
3010 1399 3106 1466 τῆς
3186 1401 3303 1478 περὶ
3355 1405 3446 1454 τοῦ
3506 1398 3809 1471 Πνεύματος

2163 1488 2363 1567 φωνῆς,
2398 1491 2468 1553 ὡς
2500 1487 2591 1554 εἴη
2624 1488 2751 1550 Sed;
2786 1503 2800 1515 '
2848 1486 2998 1566 ὅπερ,
3058 1487 3118 1542 ’ὃν
3175 1486 3367 1554 ἀληθές
3425 1484 3631 1548 εόσεϐἒς
3665 1484 3808 1541 ὲκεί-

2167 1598 2272 1642 νοις
2326 1573 2745 1649 ὑηλαμϐάνετο,
2802 1577 2889 1631 καὶ
2962 1583 3038 1647 τῷ
3118 1583 3268 1651 κακῷ
3354 1575 3625 1655 προστάτῃ
3706 1576 3805 1640 τῆς

2166 1663 2448 1733 εὒσεϐείας,
2498 1665 2589 1722 ’ἵνα
2644 1666 2735 1720 τὸν
2786 1664 2884 1738 μὲν
2940 1665 3035 1732 τῆς
3067 1664 3273 1727 πόλεως
3303 1666 3436 1739 μετα
3476 1668 3575 1730 τῆς
3617 1660 3806 1718 θεολό-

3441 1750 3804 1830 κατασιόντες

2166 1842 2264 1908 τὴν
2308 1840 2646 1915 Ἐκκλησίαν,
2690 1842 2777 1898 καὶ
2826 1846 2924 1908 τῆς
2982 1844 3180 1899 ἑαυτῶν
3239 1842 3420 1904 κακίας
3481 1841 3804 1920 ὁρμητήριον

2167 1931 2541 2007 ποιησάμενοι,
2585 1932 2819 1988 ἐντεῦθεν
2886 1932 2948 1986 τὸ
3005 1930 3318 2005 λειπόμενον
3397 1929 3559 2001 ἅπαν,
3618 1930 3691 1991 ὡς
3750 1925 3810 1984 ἔκ

2164 2040 2304 2082 τινος
2379 2020 2716 2099 ἀκροπόλεως
2759 2018 3185 2099 καταδρὲμωσιν.
3252 2010 3309 2077 Ὀ
3379 2016 3434 2074 δὲ
3507 2016 3560 2073 ἐν
3621 2014 3807 2079 ἄλλαις

2166 2109 2261 2184 μὲν
2330 2122 2533 2187 φωναῖς
2604 2123 2887 2188 γραφικαῖς
2975 2110 3063 2171 καὶ
3139 2110 3439 2188 μαρτυρίαις
3510 2102 3807 2185 ἀναμφιλὲ-

2163 2221 2308 2261 κτοις
2350 2199 2539 2255 ταύτὸν
2589 2195 2920 2271 δυναμέναις,
2984 2200 3072 2254 καὶ
3126 2210 3247 2260 ταῖς
3294 2202 3398 2252 τῶν
3442 2193 3808 2271 συλλογισμῶν

2162 2287 2417 2365 ἀνάγκαις
2468 2285 2634 2346 οὕτως
2693 2285 2837 2365 ἦγχε
2906 2287 3025 2350 τοὺς
3085 2284 3477 2364 ἀντιλέγοντας,
3549 2285 3622 2347 ὡς
3679 2280 3807 2356 μηδ’

2164 2372 2474 2432 ἀντιϐαίνειν
2543 2373 2690 2455 ἔχειν
2758 2372 2876 2430 ἀλλ’
2935 2375 3145 2435 οἰκείαις
3191 2372 3489 2429 συνδεῒσθιι
3550 2382 3752 2450 φωναῖς
3791 2385 3805 2399 ⁹

2170 2461 2301 2540 ἥπερ
2358 2461 2423 2530 δὴ
2474 2464 2560 2518 καὶ
2619 2462 2844 2540 μεγίστη
2913 2460 3072 2541 λόγου
3148 2459 3361 2536 δύναμις
3433 2459 3521 2515 καὶ
3576 2457 3802 2518 σύνεσις,

2168 2550 2411 2619 Δηλώσει
2443 2549 2613 2608 δὲκαὶ
2668 2554 2695 2607 ὁ
2741 2549 2919 2629 λόγος,
2980 2551 3038 2605 ὃν
3092 2551 3210 2628 περὶ
3254 2549 3447 2605 τούτου
3488 2544 3803 2623 συνέγραψε,

2162 2644 2320 2698 κινῶν
2361 2642 2461 2710 τὴν
2517 2639 2738 2721 γραφίὸα
2798 2643 2871 2705 ὡς
2941 2639 3001 2696 ἐκ
3059 2638 3264 2705 πυξίδος
3320 2639 3413 2695 τοῦ
3480 2635 3804 2710 Πνεύματος,

2169 2733 2263 2799 τὴν
2319 2728 2375 2787 δὲ
2443 2732 2622 2808 κυρίαν
2682 2732 2864 2811 φωνὴν
2944 2728 3077 2794 τέως
3132 2729 3482 2808 ὑπερετίθετο,
3554 2723 3694 2795 παρά
3748 2743 3806 2777 τε

2166 2827 2260 2877 τοῦ
2333 2820 2633 2893 Πνεύματος
2708 2823 2863 2877 αὒτοῦ
2943 2819 3032 2874 καὶ
3111 2818 3218 2873 τῶν
3315 2816 3547 2894 γνησίων
3623 2811 3808 2867 τούτου

2166 2914 2566 2988 ωναγωνιστών
2616 2907 2775 2988 χάριν
2828 2909 2984 2963 αἰτῶν
3038 2913 3108 2984 τῇ
3151 2905 3420 2980 οἰκονομίᾳ
3474 2902 3551 2978 μὴ
3606 2898 3806 2979 δυσχε-

2166 2994 2676 3078 ραίνεινβμηδεμιᾶς
2724 2995 3110 3076 ἀντεχομένους
3157 2999 3337 3076 φωνῆς
3390 2995 3451 3048 τὸ
3504 2996 3607 3047 πᾶν
3664 2989 3808 3045 ἀπο-

2165 3085 2314 3144 λέσαι
2384 3083 2451 3141 δι’
2518 3083 2834 3165 ἀπληστίαν,
2893 3090 2972 3159 τῷ
3030 3090 3195 3160 καιρῷ
3249 3080 3634 3162 παρασυρείσης
3691 3078 3806 3142 οτῆς

2166 3173 2447 3239 ε-Βσεϐείας.
2529 3175 2716 3237 Αὖτοϊς
2769 3174 2867 3250 μὲν
2936 3173 3037 3252 γὰρ
3102 3170 3343 3247 οὒδεμίαν
3402 3170 3543 3226 εἶναι
3613 3170 3806 3241 ζημίαν

2163 3263 2638 3340 ὑπαλλαττομένων
2718 3264 2906 3343 μικρὸν
2976 3264 3082 3318 τῶν
3164 3259 3377 3339 λέξεων,
3450 3259 3538 3314 καὶ
3605 3268 3810 3336 φωναῖς

2165 3352 2350 3416 ἄλλαις
2399 3354 2460 3409 τὸ
2514 3350 2636 3409 ἴσον
2675 3349 3095 3428 διδασκομένοις,
3141 3347 3270 3408 Οὐδὲ
3328 3350 3427 3428 γὰρ
3471 3347 3525 3402 ἐν
3580 3345 3810 3424 ῥήμασιν

2165 3442 2304 3518 ἡμῖν
2331 3442 2474 3499 εἶναι
2517 3442 2613 3509 τὴν
2665 3441 2925 3519 σωτηρίαν
2970 3439 3172 3516 μᾶλλον
3230 3439 3266 3507 ἢ
3322 3438 3619 3518 πράγμασι,
3664 3432 3811 3501 Μηδὲ

2164 3532 2262 3610 γὰρ
2331 3532 2392 3587 τὸ
2448 3527 2707 3587 Ἰουδαίων
2758 3528 2902 3593 ἔθνος
2949 3525 3242 3586 ἀπολαϐεῖν
3297 3526 3382 3602 ἂν,
3440 3527 3508 3601 εἰ,
3563 3524 3663 3591 τὴν
3717 3528 3811 3579 τοῦ

2170 3609 2517 3696 Ἠλειμμένου
2585 3618 2765 3699 φωνὴν
2834 3617 2948 3675 ἀντὶ
3017 3622 3116 3685 τῆς
3167 3623 3391 3696 Χριστοῦ
3444 3615 3574 3694 πρὸς
3630 3610 3808 3691 ὀλίγον

2166 3707 2557 3786 ἐπιζητοῦντες,
2618 3706 2790 3774 ἠξίουν
2848 3705 2963 3783 μεθ’
3019 3709 3175 3782 ἡμῶν
3244 3706 3540 3763 τάττεσθαι.
3599 3709 3686 3777 Τῷ
3753 3699 3808 3757 δὲ

2165 3800 2328 3872 κοινῷ
2356 3798 2611 3875 μεγίστην
2666 3795 2729 3852 ἂν
2771 3795 2974 3873 βλάϐην
3028 3795 3267 3876 γενέσθαι
3323 3802 3422 3864 τῆς
3490 3791 3808 3859 Ἐκκλησίας

2166 3886 2583 3966 κατασχεθείσης
2596 3935 2609 3947 ,
2647 3915 2672 3947 ο

447 3975 644 4055 potius
675 3992 847 4054 quam
881 3976 941 4036 in
971 3973 1149 4037 rebus
1181 3975 1550 4037 consistere:
1582 3970 1797 4055 quippe
1820 3995 1956 4037 cum
1981 3995 2092 4036 nec
2123 3974 2311 4040 Judaei
2337 3970 2579 4056 quidem
2613 3974 2927 4055 rejiciendi
2958 3983 3114 4051 sunt,
3141 3974 3192 4037 si
3206 3973 3278 4037 ad
3308 3971 3548 4054 aliquod
3579 3978 3811 4050 tempus

447 4081 552 4143 pro
585 4062 816 4126 Christo
848 4080 1050 4125 vocem
1083 4065 1245 4126 uncti
1272 4064 1383 4126 sibi
1415 4064 1664 4126 concedi
1696 4068 2089 4145 postulantes,
2124 4064 2184 4126 in
2218 4071 2484 4125 nostrum
2509 4082 2822 4126 numerum
2858 4072 3033 4145 atque
3064 4064 3345 4129 ordinum
3371 4060 3584 4125 ascribi
3606 4058 3807 4121 velint.

445 4152 517 4213 At
545 4150 891 4232 reipublicae
920 4171 1036 4214 non
1071 4172 1247 4233 posse
1278 4153 1562 4232 majorem
1595 4152 1921 4233 perniciem
1966 4175 2033 4216 ξιτ
2066 4164 2288 4235 pestem
2321 4152 2542 4229 aﬂ'erri,
2600 4171 2775 4235 quam
2805 4153 2857 4215 si
2889 4153 3157 4216 Ecclesia
3185 4153 3257 4217 ab
3316 4150 3609 4216 haereticis
3638 4166 3809 4211 occuo

444 4249 700 4322 paretur.

526 4329 660 4392 Haec
737 4328 812 4391 de
877 4349 1088 4410 magno
1158 4330 1378 4394 Basilio
1458 4330 1781 4412 astipulans

442 4419 567 4481 rius
597 4427 989 4499 cognomento
1008 4419 1362 4500 Tbeologus,
1384 4437 1691 4482 assensum
1722 4437 1755 4481 a
1785 4438 1850 4482 se
1873 4439 2083 4500 magno

445 4507 765 4570 Athanasio
818 4508 1144 4571 exhibitum
1177 4509 1508 4572 conﬁrmat.
1544 4509 1829 4570 Maximus
1860 4517 2080 4585 autem,

444 4614 583 4659 vere
607 4596 915 4667 maximus,
950 4597 1021 4659 ad
1051 4599 1333 4678 Pyrrhum
1360 4596 1764 4679 pre~byternm
1791 4599 2080 4674 scribens,

447 4687 601 4748 inter
627 4686 742 4747 alia
772 4684 938 4761 dicit,
954 4683 1190 4767 «Neque
1214 4687 1375 4749 enim
1400 4704 1571 4750 VOCt‘S
1591 4686 2086 4768 nihilsigniﬁcan-

448 4780 538 4835 tes
562 4774 916 4854 simpliciter
934 4775 1372 4850 aﬂ‘erimns,sed
1403 4776 1694 4838 sententia
1713 4777 1952 4840 vocibus
1977 4795 2085 4839 ex-

447 4860 786 4949 primimus.
835 4861 1020 4935 Quam
1063 4862 1139 4926 ob
1193 4884 1429 4927 causam
1476 4883 1646 4949 voces
1675 4884 2084 4947 saepenumero

449 4948 761 5026 deiloquos
816 4953 1021 5013 Patres
1072 4956 1273 5034 reperi
1318 4953 1735 5029 concedentes,
1761 4957 2086 5017 sententias

447 5037 609 5100 nullo
641 5037 840 5111 modo,
875 5040 1028 5119 quod
1052 5041 1246 5104 nonin
1268 5041 1529 5124 syllabis,
1555 5043 1659 5105 sed
1688 5043 2002 5106 sententiis
2032 5054 2090 5105 et

442 5126 623 5189 rebus
653 5125 858 5188 salutis
882 5135 1098 5190 nostra
1148 5132 1491 5212 mysterium
1534 5132 1797 5194 exsistit:
1832 5131 1974 5193 illud
2007 5138 2090 5193 et-

448 5215 609 5278 enim
643 5214 961 5289 faciebant,
995 5218 1156 5296 pacis
1185 5238 1385 5282 curam
1413 5221 2091 5303 gerentes,hoc,animos

445 5304 659 5367 virtute
688 5305 1106 5367 conﬁrmantes
1141 5332 1167 5364 ι
1199 5306 1316 5372 Sed
1335 5310 1472 5373 vide
1500 5320 1786 5392 praeterea
1816 5318 2082 5373 sanctum

448 5412 845 5476 magnumque
866 5393 1436 5478 Basilium,quanam
1468 5400 1565 5463 illa
1586 5401 1813 5463 ratione
1828 5417 2086 5462 consona

445 5479 1083 5582 symmystis'Spiritus
1131 5485 1494 5582 presbyteris
1541 5487 2091 5582 scribens‘paciﬁce

444 5562 724 5643 suggerit.
758 5562 895 5625 Hac
943 5574 1080 5625 sunt
1121 5562 1147 5626 ε’
1186 5562 1426 5645 «Magna
1484 5578 1573 5630 est
1601 5562 1903 5632 inclinatio
1932 5577 2091 5631 tem-

446 5651 609 5736 poris
629 5652 702 5716 ad
719 5651 1120 5717 Ecclesiarurn
1143 5658 1536 5721 eversionem.
1558 5659 1746 5740 Atque
1764 5658 1821 5720 id
1840 5660 1963 5740 jam
1986 5656 2091 5720 diu

1867 4335 2058 4411 Grego
2110 4341 2151 4391 υ

2249 4339 2471 4391 Τοιαῦτα
2530 4340 2607 4408 τῷ
2660 4330 2881 4412 μεγάλῳ
2961 4333 3219 4408 Βασιλείῳ
3302 4333 3712 4411 προσμαρτυρῶν
3781 4330 3809 4384 ὁ

2166 4428 2263 4489 τῆς
2320 4421 2592 4501 θεολογίας
2641 4421 2939 4498 ἐπώνυμος,
2996 4423 3095 4490 τὴν
3152 4424 3276 4502 παρ’
3319 4426 3475 4481 αὒτοό
3520 4417 3811 4498 γενομένην

2167 4510 2515 4591 συγκρότησιν
2579 4518 2656 4587 τῷ
2713 4514 2874 4591 Πατρὶ
2927 4513 3081 4587 ἡμῶν
3139 4509 3432 4585 Ἀθανασίῳ
3487 4510 3808 4574 συνίστησιν.

2170 4590 2227 4656 Ὀ
2298 4597 2351 4656 δὲ
2425 4599 2673 4678 μέγιστος
2752 4599 2985 4677 Μάξιμος
3035 4602 3165 4679 πρὸς
3226 4598 3419 4679 Πύρῤον
3486 4592 3809 4654 ἐπιστέλλων

2166 4685 2532 4769 πρεσϐύτερον,
2604 4687 2745 4745 ’ἐστιν
2817 4691 2877 4745 οὗ
2932 4711 3061 4769 φησι
3110 4693 3208 4756 τῆς
3253 4686 3561 4760 ἐπιστολῆς,
3639 4708 3661 4739 ε
3696 4684 3811 4763 Οὐχ

2167 4773 2348 4841 ἁπλῶς
2404 4777 2504 4854 γὰρ
2586 4778 2762 4858 φωνὰς
2834 4776 3072 4853 ἀσήμους
3144 4775 3494 4856 προφέρομεν,
3558 4771 3674 4830 ἀλλ’
3721 4772 3812 4828 ὲν-

2168 4866 2309 4929 νοίας
2364 4878 2486 4929 ταῖς
2548 4879 2753 4945 φωναῖς
2837 4863 3276 4942 διασημαίνομεν.
3354 4863 3431 4921 Δι’
3519 4864 3584 4931 ἣν
3645 4860 3812 4917 αἰτίαν

2167 4954 2344 5034 φωνὰς
2420 4952 2516 5028 μὲν
2583 4952 2840 5020 πολλάκις
2923 4961 3375 5035 παραχωροῦντας
3458 4954 3606 5032 εὗρον
3686 4952 3809 5015 τοὺς

2166 5040 2450 5120 θεηγόρους
2503 5042 2760 5121 Πατέρας,
2817 5043 3018 5110 ξννοίας
3099 5040 3156 5099 δὲ
3237 5041 3480 5120 οὖδαμῶς
3511 5057 3526 5072 ⁶
3587 5040 3667 5098 ὅτι
3732 5041 3811 5117 μὴ

2169 5129 2221 5187 ἒν
2279 5126 2590 5205 συλλαϐατς,
2654 5130 2794 5189 ἀλλὰ
2858 5133 3087 5209 νοήμασί
3140 5153 3198 5190 τε
3252 5134 3340 5190 καὶ
3394 5132 3667 5213 πράγμασι
3749 5130 3811 5185 τὸ

2169 5222 2267 5285 τῆς
2337 5219 2597 5295 σωτηρίας
2666 5223 2823 5296 ἡμῶν
2890 5221 3119 5302 ὑπάρχει
3198 5222 3508 5299 μυστήριον.
3573 5220 3645 5278 Τὸ
3712 5218 3810 5294 μὲν

2172 5307 2271 5385 γὰρ
2318 5304 2524 5364 ἐποίουν
2580 5310 2792 5388 εἰρήνης
2850 5310 3232 5390 φροντίζοντες,
3285 5312 3346 5367 τὸ
3413 5307 3468 5366 δὲ
3522 5308 3701 5389 ψυχὰς
3743 5312 3812 5383 τῇ

2168 5392 2384 5468 ἀληθείᾳ
2453 5397 2803 5473 στηρίζοντες,
2842 5425 2866 5458 ι
2913 5397 3080 5457 Ἀλλὰ
3143 5402 3244 5481 γὰρ
3299 5399 3394 5479 ὅρα
3447 5396 3666 5466 καθεξῆς
3727 5398 3814 5453 καὶ

2170 5481 2328 5540 πάλιν
2377 5486 2467 5541 τὸν
2523 5489 2659 5566 ἱερὸν
2715 5490 2803 5557 καὶ
2856 5488 3022 5568 μέγαν
3074 5488 3366 5564 Βασίλειον,
3425 5486 3571 5552 ὅπως
3627 5489 3714 5545 καὶ
3757 5486 3810 5545 ἐν

2172 5571 2354 5637 ἄλλοις
2403 5575 2558 5640 αὐτὸς
2617 5577 2870 5659 σύμφωνα
2932 5591 3050 5643 τοῖς
3107 5583 3288 5645 αὐτοῖς
3344 5579 3667 5656 συμμύσταις
3722 5585 3813 5635 τοῦ

2175 5664 2475 5743 Πνειᾷματος
2606 5664 2968 5747 πρεσϐυτέροις
3094 5667 3414 5727 ἂπιστὲλλων
3539 5666 3812 5749 εἰρηνικῶς
