4142 6286
283 388 346 455 37
1407 390 1503 453 DE
1547 369 1841 452 UNIONE
1893 384 2448 452 ECCLESIARUM.

3568 391 3646 460 38

280 526 552 582 ὑποτίθεται
597 523 712 580 τᾶδε
745 541 760 554 ⁸
827 527 900 587 ὡς
953 548 974 578 σ
1036 516 1093 582 Ὀ
1152 525 1335 602 καιρὸς
1385 522 1590 592 πολλὴν
1649 523 1766 602 ἔχει
1811 523 1902 598 β)-

2004 519 2227 599 ιιιὶιίθῐη
2263 529 2349 581 est
2382 541 2512 582 cum
2566 522 2986 588 intelleximus.
3048 525 3384 588 Ediﬁcatio
3445 536 3640 590 autem

282 616 377 682 πὴν
442 617 566 691 πρὸς
626 613 998 692 καταστροφὴν
1057 619 1161 668 τῶν
1217 609 1570 685 Ἐκκλησιῶν,
1628 615 1712 668 καὶ
1757 611 1907 667 τοῦτο

2004 608 2304 685 Ecclesiae,
2332 619 2663 673 erratorum
2693 613 3009 689 correctio,
3038 634 3174 695 erga
3208 616 3442 691 fratres,
3469 619 3515 677 si
3551 617 3645 677 in-

283 702 430 759 πολὺν
473 701 665 782 ἔχομεν
738 700 845 768 ἤδη
901 700 1118 780 χρόνον,
1178 699 1230 764 ἐξ
1287 703 1347 756 0'5
1414 701 1902 776 καταμανθάνομεν.

286 789 528 866 Οἶκοδομὴ
583 789 635 845 δὲ
690 789 1041 860 Ἐκκλησίας,
1094 791 1181 845 καί
1229 788 1550 867 σφαλμάτων
1612 788 1902 868 διόρθωσις,

281 881 361 936 καὶ
412 879 692 954 συμπάθεια
751 880 851 953 μὲν
938 880 1066 956 πρὸς
1116 878 1235 940 τοὺς
1306 878 1668 941 ἀσθενοῦντας,
1745 879 1909 954 ὑπερ-

287 970 526 1041 ασπισμὸς
600 966 653 1022 δὲ
724 969 857 1046 πρὸς
941 969 1058 1029 τοὺς
1115 968 1440 1045 ὑγιαίνοντας
1497 974 1600 1022 τ·ἷ›ν
1675 964 1911 1044 ἀδελφῶν

285 1055 385 1113 0383:
434 1060 534 1129 εἷς,
605 1055 726 1111 ἀλλ’
786 1056 901 1113 οὔτε
953 1057 1224 1136 βοήθημα,
1298 1056 1333 1122 ἣ
1389 1057 1758 1134 θεραπευτικὸν
1813 1058 1912 1119 τῆς

282 1146 742 1224 προκατασχούσης
800 1147 956 1202 νόσου
1022 1146 1056 1213 ἢ
1113 1143 1536 1224 προφυλακτικόν
1597 1149 1694 1210 τῆς
1741 1163 1910 1221 προσ-

281 1231 563 1309 δοκωμένης
638 1233 809 1292 οὔδὲν.
884 1236 979 1292 Καὶ
1051 1233 1186 1297 ὅλως
1260 1233 1395 1288 ἔοικε
1455 1232 1640 1288 λοιπῗιν
1698 1234 1731 1300 ἡ
1813 1236 1912 1297 τῆς

280 1322 579 1388 Ἐκκλησίας
637 1325 980 1388 κατάστασις,
1053 1322 1145 1377 ’ίνα
1205 1321 1420 1401 ἐναργεϊ
1476 1323 1769 1400 χρήσωμαι
1840 1326 1915 1392 τῷ

280 1409 628 1489 ὑποδείγματι,
680 1411 778 1468 κᾶν
850 1411 1209 1488 εὖτελέστερον
1287 1411 1431 1466 εἶναι
1490 1408 1663 1488 δοκεῖ,
1725 1409 1918 1484 ἱματίῳ

280 1499 476 1573 παλαιῷ
527 1504 629 1557 ὑπὸ
701 1505 797 1568 τῆς
869 1501 1135 1580 τυχούσης
1194 1500 1507 1579 προφάσεως
1567 1495 1752 1575 ῥᾳδίως
1815 1519 1918 1552 κα-

279 1588 697 1667 τπέῥηγιυμένῳ,
732 1591 759 1645 ὃ
806 1591 934 1668 πρὸς
985 1592 1081 1657 τὴν
1142 1587 1193 1654 ἐξ
1236 1589 1414 1668 ἀρχῆς
1471 1588 1627 1666 ισχὺν
1688 1584 1915 1641 ἐπανελ-

278 1681 382 1734 θεῖν
430 1679 586 1734 πάλιν
643 1677 914 1741 ἀδυνατεέ,
991 1670 1081 1743 Ὠς
1151 1680 1238 1735 οὗν
1325 1677 1378 1731 ἐν
1457 1683 1624 1754 καιρῷ
1694 1675 1915 1748 τοιούτῳ

1993 697 2290 760 ﬁrmiores
2351 711 2506 773 sunt,
2569 720 2891 763 consensus
2973 703 3210 784 quidam
3270 706 3651 767 humanitatis

1994 786 2228 867 plenus,
2290 789 2337 848 si
2387 799 2545 850 recte
2596 791 2846 863 valeant,
2937 794 3324 872 propugnatio
3382 794 3646 875 ipsorum

1995 875 2226 956 salutis,
2287 878 2458 956 plane
2519 879 2703 958 nulla,
2764 899 2830 940 ac
2881 900 2954 940 ue
3009 883 3345 962 priesidium
3378 885 3642 965 quidem,

1996 966 2149 1044 quod
2187 977 2283 1026 aut
2339 976 2689 1044 prmsentem
2745 968 3014 1028 morbum
3077 990 3285 1034 curare
3317 981 3514 1052 queat,
3550 983 3650 1035 aut

1996 1055 2439 1134 impendentem
2473 1058 2840 1136 propulsare.
2889 1056 3261 1141 Omninoque
3291 1063 3500 1124 similis
3523 1065 3646 1144 jam

1997 1151 2083 1204 est
2131 1144 2413 1206 Ecclesim
2442 1155 2650 1216 status,
2689 1154 2745 1206 ut
2781 1147 3170 1210 similitudine
3205 1158 3351 1224 utar,
3387 1160 3650 1230 quamvis

1997 1233 2166 1293 vilior
2196 1253 2226 1291 ν
2261 1234 2386 1294 deri
2424 1235 2628 1313 possit.
2669 1235 2926 1296 evidenti
2983 1246 3203 1315 tamen,
3252 1242 3430 1302 veteri
3464 1243 3648 1302 ve~ti~

2000 1330 2222 1395 mento,
2257 1324 2412 1402 quod
2446 1324 2533 1382 vel
2573 1323 2682 1383 levi
2733 1324 2806 1384 de
2860 1343 3036 1386 causa
3064 1326 3234 1388 facile
3267 1329 3642 1411 discinditur,

2000 1410 2306 1490 pristinam
2343 1431 2478 1472 vero
2513 1412 2869 1472 soliditatem
2902 1431 3260 1495 recuperare
3295 1420 3455 1478 nullo
3480 1410 3648 1498 pacto

1999 1505 2209 1579 potest.
2247 1499 2428 1579 Igitur
2480 1501 2537 1560 in
2606 1501 2700 1560 tali
2764 1509 3051 1583 tempore,
3087 1523 3358 1583 magnum
3393 1509 3647 1569 studium

2001 1607 2327 1667 magnaque
2353 1589 2660 1668 diligentia
2690 1609 2838 1670 opus
2871 1600 2957 1652 est
2990 1593 3046 1651 in
3073 1595 3424 1674 quibusdam
3456 1597 3654 1658 Eccle-

1998 1675 2103 1736 siis
2144 1677 2422 1756 juve‘ndis
2480 1701 2491 1734 :
2548 1678 2907 1752 juvabuntur
2957 1689 3175 1755 autem,
3237 1684 3285 1743 si
3333 1704 3462 1764 quae
3495 1705 3650 1746 nunc
3742 1750 3744 1752 τ

280 1766 505 1844 μεγάλης
551 1769 710 1847 χρεία
765 1769 861 1836 τῆς
919 1766 1170 1841 σπουδῆς,
1229 1768 1316 1823 καὶ
1373 1765 1576 1833 πολλῆς
1652 1770 1748 1830 τῆς
1805 1763 1916 1819 ἑπι-

2004 1764 2225 1824 divulsa
2253 1772 2409 1838 sunt,
2447 1766 2917 1844 conjungantnr;
2951 1768 3329 1847 conjungentv
3354 1763 3410 1850 r,
3435 1771 3481 1832 si
3515 1773 3647 1851 qui-

280 1855 476 1928 μελείας
532 1857 944 1934 εδεργετηθῆναί
999 1857 1049 1913 τί
1122 1861 1220 1922 τῆς
1285 1853 1627 1921 Ἐκκλησίας.
1689 1853 1916 1931 Εὐεργεο-

281 1945 358 1999 σία
435 1943 486 2002 δέ
569 1947 714 2001 ἐστιν
803 1947 1056 2012 ἑνωθῆναι
1154 1946 1218 2000 τὰ
1314 1944 1444 2006 τέως
1541 1941 1912 2019 διεσπαρμένα,

283 2025 505 2098 "Eueni:
536 2032 582 2089 δ’
628 2033 693 2089 ἂν
726 2035 950 2111 γένοιτο,
1011 2036 1054 2089 εἷ
1109 2032 1516 2112 βουληθείημεν,
1563 2031 1615 2086 ἐν
1673 2035 1756 2094 οἷς
1803 2053 1916 2104 μη-

278 2120 354 2176 δὲν
407 2122 714 2197 βλάπτομεν
782 2124 876 2186 τὰς
934 2124 1112 2200 ψυχὰς
1199 2123 1715 2200 συμπεριενεχθῆναι
1798 2133 1917 2182 τοτς

280 2208 678 2288 ἀσθενεστέροις.
760 2209 907 2268 Ἐπεὶ
976 2211 1064 2266 οὖν
1146 2210 1320 2268 πολλὰ
1376 2210 1614 2284 στόματα
1671 2207 1918 2274 ἧνοικται

279 2301 402 2354 κατὰ
430 2301 516 2356 τοῦ
575 2301 888 2376 Πνεύματος
933 2308 1023 2357 τοῦ
1075 2301 1244 2381 ἁγίου,
1302 2301 1390 2356 καὶ
1446 2296 1637 2355 πολλαὶ
1684 2295 1920 2374 γλῶσσαι

275 2391 339 2455 εἰς
390 2391 485 2458 τὴν
538 2392 666 2447 κατ’
743 2394 900 2448 αὔτοῦ
975 2390 1336 2470 βλασφημίαν,
1423 2389 1666 2464 ἀξιοῦμεν
1749 2389 1916 2461 ἡμᾶς,

275 2478 388 2534 ὅσον
418 2479 552 2535 ἐστὶν
620 2477 702 2558 ἐφ’
756 2482 918 2555 ἡμῖν,
980 2481 1052 2544 εἰς
1109 2479 1290 2558 ὀλίγον
1345 2479 1562 2558 ἀριθμὸν
1606 2479 1918 2556 περιστῆναι

276 2569 385 2633 τοὺς
439 2569 912 2649 βλασφημοῦντας,
985 2569 1072 2624 καὶ
1121 2569 1241 2632 τοὺς
1286 2568 1374 2643 μὼ
1427 2565 1680 2644 λέγοντας
1725 2564 1920 2637 κτίσμα

274 2657 331 2711 τὸ
385 2663 598 2733 Πνεῦμα
669 2660 730 2712 τὸ
805 2657 958 2736 ἅγιον
1014 2655 1258 2736 δέχεσθαι
1319 2658 1390 2719 εἷς
1448 2657 1745 2728 κοινωνίαν,
1830 2650 1922 2706 ἵνα

277 2745 420 2820 μόνοι
493 2745 919 2826 καταλειφθιῖωιν
996 2749 1043 2801 οἱ
1116 2746 1446 2824 βλάσφημοι.
1511 2762 1533 2793 ι
1621 2745 1720 2800 Καὶ
1791 2740 1924 2815 μετά

275 2856 384 2890 τινα
416 2854 429 2867 ⁸
477 2853 509 2888 α
540 2832 725 2901 Μηδὲν
756 2835 928 2890 τοίνυν
968 2834 1130 2891 πλέον
1175 2833 1534 2908 ἐπιζητῶμεν,
1591 2830 1727 2886 ἀλλὰ
1783 2851 1920 2906 προ-

277 2922 552 2998 τεινώμεθα
595 2936 717 2988 τοῖς
788 2921 1126 2999 βουλομένοις
1171 2923 1310 2998 ἡμῖν
1356 2923 1702 2978 συνάπτεσθαι
1761 2916 1922 2974 ἀδελ-

277 3027 389 3090 οοῖς
429 3013 526 3078 τὴν
584 3010 644 3066 ἐν
701 3013 889 3082 Νικαίᾳ
932 3011 1105 3067 πίστιν
1142 3031 1154 3045 ·
1212 3009 1311 3066 κᾶν
1355 3011 1550 3066 ἐκεῖνοι
1608 3009 1917 3081 σύνθωνται,

278 3099 622 3179 ἐπερωτῶμεν
676 3102 764 3156 καὶ
833 3104 893 3157 τὸ
952 3102 1029 3177 μὴ
1097 3099 1210 3157 δεῖν
1281 3099 1522 3178 λέγεσθαι
1595 3099 1790 3172 κτίσμα
1861 3097 1922 3152 τὸ

277 3192 478 3265 Πνεῦμα
557 3191 628 3246 τὸ
705 3189 879 3268 ἅγιον,
955 3188 1090 3264 μηδὲ
1145 3191 1478 3252 κοινωνικοὺς
1550 3185 1719 3242 αὒτῶν
1780 3185 1920 3242 εἶναι

275 3279 387 3342 τοὺς
440 3277 726 3357 λέγοντας.
792 3278 932 3358 Πέρα
973 3276 1026 3333 δὲ
1068 3279 1270 3335 τούτων
1313 3275 1442 3342 ἆξιῶ
1499 3274 1664 3351 μηδὲν
1727 3276 1920 3344 ἒπιζη-

275 3371 469 3424 τεῖσθαι
525 3365 660 3444 παρ’
716 3368 894 3442 ἡμῶν,
942 3367 1237 3442 Πέπεισμαι
1289 3367 1389 3443 γὰρ
1431 3365 1511 3420 ὃτι
1567 3369 1636 3440 τῇ
1685 3384 1922 3442 χρονιω-

278 3455 392 3533 τέρᾳ
443 3455 810 3534 ωνδιαγωγῇ,
871 3457 958 3512 καὶ
1034 3463 1103 3532 τῇ
1169 3455 1483 3535 ἀφιλονείκῳ
1539 3452 1920 3530 συγγυμνασίᾳ,

277 3545 359 3600 καὶ
384 3543 436 3600 εἴ
477 3567 528 3600 τι
578 3541 688 3599 δέει
745 3542 906 3601 πλέον
949 3548 1296 3623 προστεθῆναι
1355 3544 1426 3604 εἰς
1469 3541 1749 3620 τράνωσιν,
1813 3536 1922 3594 δώ-

279 3653 351 3688 σει
403 3636 431 3689 ὁ
500 3635 692 3712 Κύριος
753 3635 782 3688 ὁ
863 3634 1036 3689 πάντα
1110 3638 1369 3712 συνεργῶν
1428 3633 1500 3694 εἰς
1556 3629 1748 3706 ἀγαθὸν
1803 3642 1922 3693 τοῖς

281 3719 546 3797 ἀγαπῶσιν
579 3721 766 3780 αὐτόν.
801 3741 823 3771 I
888 3719 1100 3796 Συνῳδὰ
1151 3722 1322 3794 τούτῳ
1377 3721 1464 3776 καὶ
1519 3721 1547 3774 ὁ
1589 3721 1731 3782 θεῖος
1781 3717 1921 3779 αὖθις

280 3811 600 3886 γνωματεύει
665 3811 974 3889 Γρηγόριος,
1029 3809 1080 3866 ἓν
1137 3829 1198 3888 γε
1249 3816 1327 3884 τῷ
1381 3809 1562 3887 πρότῳ
1601 3812 1706 3863 τῶν
1765 3806 1922 3862 αὐτοῦ

285 3899 586 3980 Εἷρηνικῶν,
679 3899 800 3956 ἔνθα
870 3899 922 3965 ἐξ
997 3903 1167 3958 αὐτῶν
1243 3897 1533 3977 προοιμίων
1605 3895 1743 3952 οὕτω
1811 3900 1924 3957 πῶς

283 3983 494 4064 ἄρχεται
528 4009 542 4021 ·
615 4007 638 4041 ι
675 3990 799 4045 Adet
844 4011 934 4064 μοι
977 3990 1075 4055 τὴν
1121 3986 1367 4066 γλῶσσαν
1424 3987 1457 4053 ἡ
1514 3985 1796 4064 προθυμία,
1840 3984 1928 4040 καὶ

569 1947 714 2001 ἐστιν
803 1947 1056 2012 ἑνωθῆναι

2005 1853 2111 1914 bus
2143 1853 2200 1912 in
2238 1853 2412 1913 rebus
2443 1854 2671 1913 nullum
2705 1854 3020 1914 animabus
3053 1857 3474 1920 detrimentum
3501 1863 3649 1922 alle-

2001 1940 2212 2022 rimus,
2231 1942 2589 2003 voluerimus
2616 1962 2720 2002 nos
2743 1943 3170 2006 inﬁrmioribus
3200 1949 3652 2012 accommodare

2003 2041 2059 2091 et
2112 2031 2380 2111 obsequi.
2443 2031 2730 2103 Quoniam
2785 2032 2967 2111 igi‘ur
3028 2035 3344 2096 multorum
3377 2057 3480 2098 ora
3516 2057 3651 2101 sese

2003 2121 2287 2182 adver-us
2348 2119 2630 2200 Spiritum
2689 2132 2956 2184 sanctum
3013 2135 3393 2205 apelueruut,
3430 2128 3649 2188 multo-

2003 2227 2255 2288 rumque.
2286 2209 2498 2288 linguae
2529 2209 2598 2269 ad
2658 2209 2996 2290 iaciendum
3037 2213 3094 2274 in
3146 2214 3310 2274 i’lum
3366 2215 3648 2296 blasphe-

2008 2299 2152 2358 mias
2183 2317 2248 2359 se
2276 2307 2587 2371 acuerunt,
2613 2299 2899 2379 optimum
2927 2301 3078 2363 factu
3103 2321 3235 2364 esse
3266 2304 3560 2377 ducinms,
3598 2317 3657 2366 ut

2006 2395 2287 2466 quantum
2346 2385 2406 2448 in
2459 2387 2625 2450 vobis
2675 2403 2789 2468 est,
2824 2389 3306 2470 blasphemorum
3339 2411 3650 2455 numerum

2003 2475 2302 2548 minuatis,
2357 2483 2414 2538 et
2443 2476 2514 2536 ad
2550 2495 2766 2556 paucos
2825 2478 3106 2558 redigatis
3140 2498 3153 2542 :
3190 2494 3366 2562 atque
3397 2500 3518 2562 eos,
3555 2485 3654 2563 qui

2001 2564 2285 2644 Spiritum
2314 2573 2579 2626 sanctum
2601 2575 2929 2627 creaturam
2963 2586 3094 2630 esse
3122 2579 3356 2648 negant,
3393 2571 3452 2631 in
3480 2591 3648 2632 com-

2005 2654 2348 2715 munionem
2403 2653 2726 2734 recipiatis,
2787 2665 2846 2716 ut
2907 2657 3016 2718 soli
3051 2658 3464 2739 relinquantur
3492 2660 3650 2722 blas-

2005 2744 2263 2823 phemi.»
2302 2742 2370 2804 Et
2401 2753 2527 2823 post
2554 2762 2769 2820 pani-a:
2823 2744 3006 2825 «Ergo
3060 2747 3204 2808 nihil
3236 2748 3388 2809 ultra
3417 2768 3652 2829 quaera-

2005 2851 2158 2912 mus,
2181 2832 2282 2894 sed
2306 2833 2607 2906 fratribus,
2644 2833 2745 2913 qui
2777 2833 3086 2896 nobiscum
3120 2837 3281 2899 coire
3313 2840 3652 2901 societatem

2005 2920 2231 2996 volunt,
2267 2921 2468 2997 fidem,
2531 2941 2664 3002 qua}
2709 2921 2920 2984 Nicaea;
2950 2924 3172 2985 sancita
3203 2939 3316 3007 est,
3353 2945 3650 3008 propona-

2006 3030 2162 3084 mus,
2195 3029 2261 3071 ac
2293 3011 2340 3071 si
2374 3011 2434 3071 in
2459 3029 2530 3072 ea
2565 3012 2938 3087 conveniant,
2985 3013 3128 3074 illud
3187 3034 3420 3095 quoque
3451 3017 3652 3096 exiga-

2006 3119 2162 3181 mus,
2213 3098 2497 3181 Spiritum
2553 3111 2823 3161 sanctum
2901 3119 3097 3181 neque
3154 3113 3487 3165 creaturam
3541 3107 3655 3168 dici

2007 3196 2504 3269 oportere,neque
2534 3206 2660 3259 eos,
2687 3187 2786 3268 qui
2817 3189 3046 3262 dicunt,
3080 3189 3138 3249 in
3172 3192 3650 3255 communionem

2004 3281 2152 3360 ipsis
2183 3299 2312 3342 esse
2342 3279 2720 3359 recipiendos
2750 3280 2905 3342 Nihil
2930 3281 3088 3344 aliud
3113 3284 3382 3364 est,quod
3421 3295 3651 3365 praeter-

2008 3389 2077 3432 ea
2111 3368 2280 3430 nobis
2340 3369 2760 3450 inquirendum
2822 3387 3121 3431 censeam.
3179 3371 3446 3433 Persuasi
3496 3374 3654 3436 enim

2009 3458 2178 3528 mihi,
2213 3457 2262 3519 si
2295 3459 2431 3537 quid
2467 3459 2646 3520 etiam
2681 3459 2990 3539 est,quoad
3033 3460 3381 3540 ampliorem
3405 3462 3652 3526 eviden-

2007 3548 2144 3608 tiam
2163 3547 2359 3609 addito
2394 3565 2539 3628 Opus
2572 3547 2666 3616 sit,
2701 3547 2761 3608 id
2792 3548 3087 3629 frequenti
3119 3549 3441 3620 collationi,
3473 3554 3652 3613 mini-

2008 3655 2236 3717 maeque
2267 3637 2657 3698 contentiosae
2708 3637 2861 3698 inter
2891 3656 2998 3699 nos
3031 3639 3430 3702 exercitationi
3477 3641 3654 3702 datu-

2005 3744 2137 3787 rum
2167 3743 2296 3788 esse
2327 3724 2670 3801 Dominum,
2706 3725 2802 3805 qui
2828 3725 3021 3806 ipsum
3050 3725 3435 3806 diligentibus
3457 3731 3656 3790 omnia

2007 3823 2364 3894 cooperatur
2394 3813 2454 3874 in
2514 3813 2756 3876 bonum.
2797 3839 2823 3868 ι
2860 3813 3010 3875 Huic
3050 3834 3311 3877 consona
3341 3825 3398 3878 et
3426 3817 3658 3880 divinus

2008 3903 2180 3984 plane
2206 3901 2521 3981 Gregorius
2540 3901 2862 3983 praescribit
2882 3903 3071 3982 prima
3097 3905 3363 3967 oratione
3385 3907 3460 3968 de
3485 3927 3650 3988 pace,

2010 3993 2071 4054 in
2102 4011 2216 4072 qua
2246 3991 2372 4072 ipso
2405 3991 2595 4052 statim
2627 3991 2913 4072 prooemio
2944 3993 3270 4070 exorditur,
3309 4020 3332 4050 α
3372 3995 3654 4074 Linguam

280 4086 567 4157 περιφρονῶ
642 4080 738 4138 τὶν
777 4078 1098 4156 ἀνθρώπινον
1153 4077 1312 4153 νόμον
1355 4074 1438 4132 διὰ
1491 4077 1581 4130 τὸν
1624 4073 1783 4148 νόμον
1838 4078 1919 4127 τοῐ

2013 4100 2203 4144 meam
2239 4080 2411 4141 solvit
2431 4081 3050 4163 alacritas,legemque
3075 4083 3390 4145 humanam
3418 4073 3656 4166 propter

281 4167 576 4240 Πνεύματος
616 4185 631 4199 ⁸
696 4167 813 4223 οὔτε
858 4166 1169 4245 νωθέστερον
1225 4165 1366 4221 εἶναι
1434 4163 1606 4242 λέγων
1660 4171 1754 4221 τοῦ
1819 4182 1923 4236 με-

279 4255 409 4330 τρίου
464 4254 634 4312 καλὸν
691 4253 809 4312 οὔτε
864 4253 1195 4335 θερμότερον,
1281 4256 1355 4319 ὡς
1426 4254 1462 4321 ἢ
1532 4249 1598 4308 δι’
1683 4248 1923 4308 εὐκολίαν

279 4349 401 4400 πᾶσι
432 4343 812 4424 συμφέρεσθαι,
847 4347 883 4413 ἢ
941 4343 1009 4400 δι’
1067 4343 1276 4409 ἀταξίαν
1335 4343 1546 4402 πάντων
1575 4343 1920 4400 ἇποστατεϊν.

2013 4171 2264 4253 Spiritus
2297 4171 2481 4250 legem
2505 4178 2962 4245 contemno,uec
2981 4172 3650 4253 segniorennjnquiens,

2005 4278 2361 4342 quemquam
2396 4277 2527 4321 esse
2556 4259 2797 4322 debere.
2832 4279 3006 4341 quam
3039 4280 3142 4340 par
3170 4265 3268 4332 sit,
3296 4281 3405 4323 nec
3430 4265 3655 4327 ferven-

2005 4349 2215 4412 tiorem
2246 4369 2259 4409 :
2286 4349 2365 4411 ita
2403 4356 2466 4409 ut
2487 4348 2578 4410 vel
2604 4347 2678 4409 ob
2703 4349 2998 4412 levitatem
3039 4349 3111 4411 ad
3131 4369 3338 4411 omnes
3358 4368 3424 4411 se
3444 4371 3652 4430 aggre-

287 4420 504 4506 Ὀμοίως
701 4420 804 4490 καὶ*
842 4427 903 4490 τὸ
957 4435 1115 4496 νωθὲς
1173 4432 1462 4510 ἄπρακτον,
1522 4432 1610 4487 καὶ
1650 4430 1712 4485 τὸ
1781 4427 1918 4486 εὐκί-

471 4522 486 4535 .
642 4523 655 4535 ,
1148 4525 1171 4535 -
1275 4523 1290 4535 ι
1392 4520 1416 4535 ..
1501 4518 1530 4535 ν
1664 4516 1768 4535 .-\\
1895 4519 1908 4535 ς

2005 4449 2120 4519 get,
2160 4439 2249 4499 vel
2279 4437 2354 4499 ob
2385 4437 2772 4499 temeritatem
2798 4447 2856 4500 et
2885 4438 3259 4535 insolentiam
3282 4420 3655 4535 a_b_omnibus

284 4542 434 4586 νητον
462 4522 846 4589 ἀκοινώνητον.
911 4520 1058 4579 Ἀλλ’
1117 4525 1175 4579 οὗ
1231 4523 1328 4598 μὲν
1387 4520 1447 4576 ἂν
1501 4518 1537 4596 ᾖ
1577 4516 1815 4600 πρόδηλα
1857 4519 1922 4572 τὰ

284 4614 375 4676 τῆς
420 4608 712 4687 ενῦσεϐείας,
775 4613 862 4669 καὶ
930 4614 1075 4690 πυρὶ,
1138 4613 1227 4668 καὶ
1283 4608 1504 4690 σιδήρῳ,
1549 4610 1636 4664 καὶ
1689 4619 1919 4686 καιροῖς,

285 4700 364 4755 καὶ
406 4698 708 4777 δυνάσταις,
768 4703 856 4758 καὶ
910 4708 1038 4758 πᾶσι
1107 4702 1357 4781 πρότερον
1413 4699 1575 4775 ὁμόσε
1645 4695 1923 4777 χωρητέον

285 4787 320 4854 ἢ
344 4790 442 4855 τῆς
497 4790 674 4866 ζύμης
716 4790 994 4866 μεθεκτέον
1050 4796 1150 4858 τῆς
1192 4795 1452 4868 πονηρᾶς,
1509 4788 1597 4843 καὶ
1653 4807 1922 4863 συγκατα-

285 4877 453 4934 θετέον
503 4892 624 4942 τοῖς
681 4886 859 4944 κακῶς
903 4878 1115 4961 ἔχουσιν
1151 4896 1166 4910 ⁸
1213 4881 1273 4936 οὒ
1313 4876 1368 4934 δὲ
1420 4879 1480 4932 τὸ
1536 4874 1731 4934 λυποῦν
1786 4874 1922 4930 ὑπό-

289 4989 401 5023 νοια
454 4970 546 5024 καὶ
588 4965 748 5049 φόϐος
805 4969 1166 5042 ἀνεξέταστος,
1228 4967 1435 5044 βέλτιον
1492 4971 1582 5021 τοῦ
1631 4963 1832 5049 τάχους
1889 4964 1924 5030 ἡ

292 5048 615 5135 μακροθυμία
690 5060 778 5115 καὶ
859 5062 956 5127 τῆς
1038 5056 1309 5120 αὐθαδείας
1389 5057 1426 5124 ἡ
1509 5048 1920 5132 ωγκατάὸασις.

292 5147 387 5202 Καὶ
455 5145 642 5223 πολλῷ
712 5148 958 5229 κρεῖττον
1015 5148 1104 5205 καὶ
1185 5143 1630 5221 λυσιτελέστερον,
1716 5140 1770 5195 ἂν
1851 5146 1928 5213 τῷ

294 5241 449 5309 κοινῷ
513 5238 721 5312 σώματι
779 5237 1056 5313 μένοντας,
1113 5235 1436 5316 καταρτίζειν
1479 5229 1766 5305 ἀλλήλους,
1854 5231 1928 5316 ὡς

295 5320 536 5393 ἆλλήλων
591 5325 731 5403 μέλη
792 5329 1203 5408 καταρτίζεσθαι,
1256 5315 1328 5393 iii
1405 5321 1762 5400 καταγνόντας
1846 5315 1930 5374 διὰ

295 5415 390 5478 τῆς
445 5413 811 5489 ἀποστάσεως,
880 5419 969 5473 καὶ
1026 5419 1088 5472 τὸ
1167 5413 1466 5481 ἀξιόπιστον
1517 5411 1596 5486 τῷ
1666 5414 1930 5488 χωρισμῷ

295 5496 564 5579 λύσαντας,
612 5504 798 5562 ἔπειτα
840 5504 892 5572 ἐξ
955 5505 1312 5584 ἐπιτάγματος
1377 5502 1561 5559 ὥσπεα
1627 5496 1925 5584 τυραννοὺς,

297 5586 409 5644 ἀλλ’
453 5596 544 5650 οὐκ
581 5593 835 5675 ἀδελφοὺς
905 5598 1205 5671 νομοθετεῖν
1257 5595 1356 5661 τὴν
1411 5590 1701 5666 διόρθωσιν.
1769 5607 1791 5640 ι
1849 5586 1929 5675 ΔὈ

2007 4546 2072 4589 se
2101 4535 2398 4589 removeat
2430 4547 2445 4602 ;
2478 4545 2646 4606 aeque
2675 4527 2858 4602 enim,
2896 4535 2952 4587 et
2975 4527 3135 4587 iners
3162 4525 3444 4604 segnities
3468 4536 3578 4602 est,
3599 4537 3658 4591 et

2009 4615 2303 4677 mobilitas
2335 4623 2511 4695 atque
2543 4615 2936 4675 inconstantia
2964 4632 2998 4674 a
3019 4613 3300 4675 societate
3319 4624 3658 4679 etcommu-

2005 4706 2184 4766 nione
2200 4703 2390 4765 aliena
2419 4722 2432 4762 :
2469 4719 2677 4762 verum
2712 4700 2811 4762 ubi
2835 4710 3037 4780 aperte
3058 4718 3123 4763 se
3143 4702 3335 4781 prodit
3354 4701 3655 4786 impietas,

2009 4801 2128 4855 tum
2164 4810 2304 4854 vero
2339 4790 2508 4852 nobis
2541 4789 2874 4852 faciendum
2900 4800 3125 4865 esse,ut
3152 4791 3436 4852 adversus
3461 4795 3654 4872 ignem

2007 4891 2066 4945 et
2096 4881 2407 4956 ferrum,et
2425 4886 2780 4959 tempora,et
2802 4879 3196 4958 principes,ac
3216 4880 3474 4961 denique
3497 4881 3658 4962 prius

2006 4971 2290 5033 adversus
2343 4970 2542 5031 omnia
2601 4969 2871 5030 cominus
2904 4969 3183 5050 feramur,
3219 4988 3394 5051 quam
3429 4979 3490 5032 ut
3517 4974 3659 5037 mali

2007 5059 2285 5121 fermenti
2322 5057 2640 5139 participes
2670 5057 3020 5132 afﬁciantur,
3044 5076 3116 5120 ac
3145 5059 3298 5122 male
3322 5061 3547 5122 aﬂ‘ectis
3571 5080 3660 5122 as-

2011 5148 2354 5228 sentiamur.
2385 5147 2460 5208 At
2487 5165 2620 5228 cum
2655 5145 3063 5228 suspiciosola
3089 5148 3354 5211 animum
3390 5159 3656 5211 nostrum

2013 5229 2168 5290 male
2227 5227 2425 5299 habet,
2485 5226 2781 5306 timorque
2836 5226 3015 5288 nullis
3065 5229 3244 5291 certis
3293 5231 3659 5309 argumentis

2011 5315 2269 5389 innixus,
2300 5324 2421 5376 tum
2446 5333 2585 5376 vero
2617 5314 2916 5378 lenitatem
2950 5318 3142 5397 potius
3171 5336 3346 5398 quam
3378 5319 3656 5382 celerita-

2011 5413 2155 5486 tem,
2217 5412 2275 5465 et
2322 5403 2725 5480 indulgentem
2775 5404 3201 5470 demissionem
3257 5408 3449 5486 potius
3479 5426 3657 5487 quam

2011 5493 2403 5572 arrogantiam
2436 5501 2492 5554 et
2523 5494 2955 5556 contumaciam
3012 5494 3300 5556 adhibere
3332 5497 3606 5559 convenit
3634 5519 3645 5554 :

2015 5584 2316 5663 multoque
2361 5582 2572 5646 melius
2607 5593 2666 5647 et
2696 5583 3131 5647 conducibilius
3162 5592 3272 5662 est,
3307 5582 3456 5643 utin
3489 5603 3660 5645 com-

300 5679 449 5743 αὐτὸς
498 5682 547 5737 ἰν
585 5669 833 5763 θεολογίᾳ
885 5669 1049 5764 μέγας
1092 5684 1374 5762 Γρηγόριος
1416 5682 1501 5738 καὶ
1545 5679 1599 5734 δν
1653 5683 1729 5750 τῷ
1776 5673 1919 5751 τρίτιι

2016 5671 2179 5731 muni
2211 5689 2460 5750 corpore
2491 5680 3032 5747 manentes,mutuo
3057 5688 3162 5731 nos
3186 5669 3347 5750 ipsos
3379 5679 3657 5750 tanquam
