4144 6290
458 348 547 414 39

1505 345 1751 409 JOANN
1773 394 1782 405 .
1832 339 2050 408 VECCI
2095 341 2207 403 ΟΡ.
2256 338 2797 408 PATRIARGHIE.

3766 349 3843 413 40

463 480 563 544 alii
592 478 842 543 aliorum
872 477 1162 553 membra,
1197 476 1587 557 corrigamus,
1620 483 1799 557 atque
1851 472 2103 553 corriga-

2205 474 2484 552 Είρηνικῷ,
2536 476 2597 534 οὗ
2638 479 2675 546 ἡ
2718 478 2891 560 ἀρχη,
2953 499 2977 535 α
3014 481 3211 559 Εἰρήνη
3255 480 3383 561 φίλη
3437 484 3499 539 τὸ
3542 480 3705 559 γλυκὺ
3762 486 3849 540 καὶ

465 588 620 641 mur,
653 587 829 651 quam
860 575 926 630 ut
956 566 1310 649 prmjudicio
1363 562 1471 647 per
1513 563 1911 626 secessionem
1944 561 2120 636 facto,

463 669 521 722 et
542 658 888 721 auctoritate
920 674 1028 738 per
1080 655 1511 736 separationem
1546 652 1789 724 amisSa,
1826 668 1898 713 ex
1928 651 2121 713 edicto

463 758 691 829 postea,
727 746 885 808 velut
918 744 1146 824 tyranni
1197 752 1255 805 et
1286 762 1403 805 non
1442 742 1656 804 fratres
1686 738 2118 829 correctionem

462 827 892 917 imperemus.»
930 833 1091 895 Idem
1127 832 1188 893 in
1214 831 1513 910 theol0gia
1529 845 1776 917 magnus
1798 827 2119 907 Gregorius

463 916 637 987 tertia
687 924 959 985 oratione
987 921 1059 981 de
1092 924 1263 989 Pace.
1299 919 1469 999 cujus
1515 916 1900 999 principium,
1941 939 1961 971 ι
2001 918 2116 976 Pax

460 1013 738 1086 amica,et
759 1030 876 1073 non
898 1027 964 1071 re
988 1009 1295 1082 duntaxat,
1327 1007 1432 1068 sed
1467 1006 1708 1068 nomine
1733 1020 1968 1086 quoque
1986 1004 2114 1085 ipso

462 1100 913 1182 iucunda,-haac
945 1100 1005 1160 in
1029 1115 1349 1179 progressu
1374 1094 1657 1158 orationis
1675 1093 1853 1182 habet
1882 1111 1896 1154 :
1931 1091 2113 1182 cQuid

464 1192 589 1252 haac
606 1179 1354 1254 committimus.fratres?et
1369 1184 1626 1266 quandiu
1640 1179 2117 1244 committemus‘.’

462 1278 707 1354 Quando
729 1276 802 1338 ab
826 1276 937 1338 hac
959 1275 1203 1356 crapula
1225 1291 1602 1353 emergamus
1625 1278 1653 1334 *ἶ
1675 1280 1773 1333 aut
1790 1271 1943 1331 hanc
1966 1288 2112 1331 ocu-

460 1370 651 1432 lorum
676 1366 871 1428 lemen
901 1365 1489 1443 detrahemus,atque
1521 1362 1590 1422 ad
1622 1360 1884 1420 veritatis
1915 1358 2113 1420 lumen

462 1453 901 1537 suspiciamus?
957 1452 1098 1525 Quae
1127 1452 1250 1513 haec
1281 1451 1468 1530 caligo
1518 1449 1654 1511 cst?
1684 1448 1828 1521 Quis
1853 1446 1957 1537 hic
1980 1465 2118 1537 noc-

464 1534 672 1607 turnus
704 1542 1016 1604 conﬂictus
1039 1547 1066 1603 ?
1096 1539 1237 1613 Quae
1271 1541 1393 1601 hac
1427 1536 2011 1617 tempeslas,amicos
2039 1534 2112 1597 ab

2204 568 2422 640 πρᾶγμα
2490 567 2576 622 καὶ
2631 565 2823 643 ὄνομα,
2866 590 2891 623 ιι
2981 568 3118 625 οὕτω
3186 570 3316 648 φησὶ
3384 570 3588 648 προϊών
3625 584 3639 600 ⁰
3710 598 3732 629 ι
3790 572 3851 629 Τί

2202 657 2367 709 ταῦτα
2407 653 2453 709 ὦ
2508 656 2673 729 οὗτοι,
2710 658 2800 712 καὶ
2854 655 3015 736 μέχρι
3058 656 3246 737 τίνοςς
3306 658 3440 714 Πότε
3497 655 3551 714 δὲ
3601 664 3700 727 τῆς
3743 658 3846 734 μὲ-

2200 742 2297 806 θης
2328 738 2651 823 ἐκνήψομεν,
2711 743 2747 812 ἢ
2803 750 2910 800 τῶν
2968 744 3253 826 ὀφθαλμῶν
3294 746 3393 813 τὴν
3448 744 3630 821 λήμην
3686 769 3845 827 περι-

2201 830 2509 908 αιρήσομεν,
2566 834 2655 889 κκὶ
2696 833 2826 910 πρὸς
2884 834 2945 889 τὸ
2999 839 3098 900 τῆς
3155 832 3402 900 ἀληθείας
3460 839 3572 914 φῶς
3608 832 3842 899 ἀναϐλέ-

2200 920 2418 997 ψομενς
2487 925 2624 977 Ποῖα
2696 920 3020 995 σκοτόμαινα
3108 928 3292 1002 ταῦτα,
3352 924 3430 985 τίς
3486 924 3839 1004 νυκτομαχία,

2197 1005 2272 1070 τίς
2314 1005 2448 1076 ζάλη
2504 1006 2667 1087 φίλων
2724 1010 2811 1065 καὶ
2853 1006 3123 1085 πολεμίων
3178 1010 3300 1085 ὄψιν
3351 1012 3410 1067 οὐ
3460 1008 3840 1093 διακρίνουσας

2203 1095 2359 1149 Διατί
2398 1095 2690 1174 γεγόναμεν
2753 1094 2950 1161 ὄνειδος
3010 1110 3128 1163 τοῖς
3203 1098 3429 1175 γείτοσιν
3499 1100 3675 1175 ἡμῶν,
3738 1124 3841 1175 μυ-

2198 1186 2489 1260 κτηρισμὸς
2543 1186 2629 1241 καὶ
2690 1183 2997 1265 χλευασμὸς
3041 1198 3159 1250 τοῖς
3203 1186 3381 1260 κύκλῳ
3438 1189 3592 1263 ἡμῶν
3627 1207 3643 1268 ;
3676 1189 3762 1253 Τίς
3806 1191 3842 1257 ἡ

2197 1268 2465 1350 φιλοτιμία
2523 1280 2615 1331 τοῦ
2656 1280 2872 1348 κακοῦ;
2920 1275 3082 1331 Πόθεν
3138 1275 3306 1340 οὕτως
3349 1276 3577 1332 ἀθάνατα
3633 1277 3841 1352 κάμνο-

2196 1378 2340 1440 μενς
2390 1360 2591 1435 μᾶλλον
2649 1360 2713 1449 δε.
2773 1360 2888 1420 οὖδὲ
2945 1363 3241 1439 καμνομεν,
3288 1362 3407 1419 ἀλλ’
3451 1363 3713 1442 ἐρῤώμεθα
3766 1370 3843 1441 τῷ

2195 1455 2394 1523 κακῷς
2453 1452 2816 1526 Μιαινομένων
2876 1453 2935 1507 τὸ
2997 1453 3183 1532 πάθος,
3254 1454 3341 1509 καὶ
3382 1450 3613 1529 ἡδόμεθα
3667 1454 3841 1512 δαπα-

2196 1536 2445 1612 νώμενοι.
2504 1541 2601 1597 Καὶ
2658 1538 2885 1616 οὒδαμοῡ
2941 1539 3122 1618 λόγος,
3185 1543 3245 1597 οὗ
3285 1540 3457 1620 φίλος,
3517 1546 3576 1601 οὗ
3625 1544 3841 1619 σύμμα-

458 1633 730 1695 hostibus
789 1649 905 1691 non
967 1627 1414 1691 intermovens?
1457 1630 1573 1688 Cur
1629 1626 1836 1687 vicinis
1894 1624 2103 1686 nostris

2195 1648 2320 1705 χος,
2392 1627 2487 1683 ούκ
2541 1629 2739 1702 ἰατρὸς,
2816 1628 2853 1696 ἢ
2908 1630 3256 1707 φαρμακεύων
3327 1629 3363 1698 ἢ
3435 1630 3698 1706 ἐκτέμνων
3780 1633 3840 1689 τὸ

459 1720 849 1802 opprobrium
911 1718 1047 1779 facti
1109 1737 1335 1790 sumus,
1390 1715 1769 1777 subsannalio
1801 1723 1859 1775 et
1889 1712 2103 1799 derisio

2192 1715 2377 1786 πάθος,
2411 1715 2470 1771 0'3
2496 1717 2837 1794 παραστάτης
2885 1716 3131 1794 ἅγγελος,
3188 1720 3247 1774 οὔ
3290 1718 3419 1781 Θεός
3452 1735 3466 1751 ⁶
3529 1718 3663 1775 ἀλλά
3706 1723 3837 1800 πρὸς

458 1809 680 1890 liis,qui
714 1808 773 1869 in
813 1809 1059 1869 circuitu
1095 1813 1296 1866 nostro
1324 1806 1505 1866 sunt?
1527 1803 1833 1876 Quodnam
1859 1802 1969 1863 hoc
1992 1810 2103 1862 tam

2191 1804 2312 1866 τοῖς
2370 1802 2556 1868 ἅλλοις
2611 1806 2699 1861 καὶ
2753 1806 2851 1872 τὴν
2906 1813 3006 1890 τος)¹
3059 1813 3190 1862 Θεοῦ
3255 1805 3641 1887 φιλανθρωπίαν
3701 1812 3838 1885 ἡμῖν

458 1883 738 1960 obniitum
793 1896 934 1957 mali
988 1894 1298 1955 studium?
1336 1892 1484 1966 Quid
1530 1903 1643 1952 tam
1680 1890 1999 1952 immortali
2031 1891 2103 1951 la-

2192 1893 2375 1955 αὒτοτς
2433 1891 2830 1968 ἐπεκλείσαμεν,
2899 1920 2921 1951 ιι
2969 1883 3095 1951 υινα
3155 1894 3229 1967 τί,
3271 1883 3477 1977 -Κύριέ,
3536 1883 3836 1977 ἀφέστηκας

459 1988 603 2050 bore
635 1981 987 2065 fatigamur?
1019 1982 1169 2056 Quid
1208 1998 1403 2045 autem
1432 1983 1564 2043 dico
1601 1981 1958 2059 fatigamur?
1988 1979 2103 2041 imo

2191 1984 2472 2059 μακρόθεν,
2518 1983 2605 2037 καὶ
2660 1988 2773 2046 πῶς
2804 1982 3107 2063 ἀποστρέφῃ
3139 1985 3212 2046 εἰς
3242 1982 3393 2047 τέλος
3429 2003 3445 2063 ;
3508 2008 3534 2039 ι
3570 1986 3665 2042 καί
3709 1986 3837 2043 πότε

456 2098 522 2137 ex
552 2076 679 2157 ipso
708 2075 957 2146 mal0,ut
985 2072 1189 2136 furiosi
1215 2073 1427 2133 solent.
1454 2071 1638 2132 robur
1665 2087 2107 2149 comparamus,

457 2176 676 2228 etcum
730 2163 1119 2237 absumimnr,
1173 2162 1520 2241 gaudemus,
1584 2177 1694 2220 nec
1725 2176 1969 2238 usquam
2021 2166 2111 2219 est

457 2254 629 2324 ratio,
683 2271 792 2313 nec
823 2251 1068 2327 amicus,
1107 2268 1216 2311 nec
1266 2248 1483 2321 socius,
1542 2267 1651 2309 nec
1685 2248 1970 2320 medicus,
2006 2245 2107 2326 qui

459 2342 728 2405 morbum
790 2340 876 2401 vel
936 2337 1386 2401 medicamentis
1431 2336 1632 2415 pellat,
1695 2335 1783 2397 vel
1815 2342 2099 2413 amputet,

457 2450 567 2493 nec
596 2429 914 2510 opituletur
962 2427 1227 2504 angelus,
1264 2445 1374 2488 nec
1430 2426 1624 2486 Deus:
1659 2441 1866 2485 verum
1895 2432 2107 2510 praeter

452 2519 588 2581 alia.
617 2509 725 2582 Dei
750 2536 985 2599 quoque
1012 2515 1436 2594 benignitatem
1470 2514 1639 2574 nobis
1671 2509 2100 2593 prmclusimus.

460 2607 569 2671 «Ut
597 2606 762 2688 quid,
815 2606 1085 2678 Domine,
1141 2603 1449 2666 recessisti
1485 2602 1658 2682 longe
1687 2602 1717 2651 9-
1742 2603 1767 2662 ‘!
1794 2601 2102 2676 Quomodo

453 2696 739 2759 averteris
778 2695 840 2757 in
888 2696 1064 2757 finem
1090 2693 1120 2753 ?
1167 2692 1414 2766 Quando
1446 2711 1554 2754 nos
1592 2690 1908 2755 visitabis?
1938 2693 2099 2768 Quo-

454 2803 586 2847 nam
619 2786 744 2846 haec
777 2783 1252 2864 progredientur.
1288 2790 1346 2843 et
1376 2779 1475 2841 ubi
1529 2779 1905 2844 consistent?
1928 2782 2105 2864 Equi-

451 2874 591 2936 dem
614 2891 926 2947 vereor,ne
947 2890 1207 2953 prmsens
1230 2889 1431 2931 rerum
1472 2879 1655 2930 status
1673 2869 1825 2949 ignis
1860 2872 2022 2934 illius
2042 2871 2104 2932 in

453 2962 897 3046 exspectatione
927 2962 1103 3042 positi
1137 2960 1331 3021 fumus
1352 2959 1591 3040 quidam
1630 2958 1744 3019 sit:
1772 2979 1847 3023 ne
1870 2961 1961 3022 his
1981 2961 2101 3022 An-

453 3052 757 3114 ticliristus
790 3050 1265 3131 superveniat,ac
1291 3058 1525 3110 nostros
1549 3048 1746 3128 lapsus
1778 3058 1835 3109 ct
1861 3050 2102 3110 morbos

450 3141 508 3202 in
542 3140 910 3222 principatus
939 3146 1026 3200 sui
1061 3138 1436 3200 occasionem
1456 3136 1705 3213 arripiat
1731 3158 1743 3199 :
1773 3157 1883 3199 nec
1911 3139 2096 3210 enim,

450 3229 686 3312 opinor,
737 3246 913 3290 sanos
956 3227 1285 3300 adoriatur,
1346 3244 1457 3287 nec
1510 3224 1793 3287 cbaritate
1814 3236 2016 3308 septos
2042 3236 2102 3288 et

453 3318 769 3381 munitos.»
833 3315 903 3377 Et
961 3316 1164 3396 paucis
1218 3315 1549 3394 interjectis
1585 3331 1597 3375 :
1640 3338 1666 3369 α
1714 3313 1993 3386 Quasnam
2025 3335 2099 3378 ne

450 3409 767 3490 quaerenda
787 3405 1026 3487 quidem
1046 3404 1290 3465 omnino
1313 3411 1749 3483 sunl,quaanam
1772 3404 2099 3466 mediocri—

449 3489 559 3571 ter,
594 3512 866 3576 quaenam
912 3492 1303 3554 contentiosis
1333 3489 1675 3551 hominibus
1706 3493 2097 3555 concedenda

449 3594 505 3648 et
529 3582 942 3664 relinquenda,
976 3597 1215 3662 quoquo
1247 3579 1421 3641 modo
1447 3578 1680 3640 tandem
1719 3597 1784 3639 se
1815 3580 2093 3657 habeant,

449 3682 654 3754 utpote
683 3673 909 3734 nullum
942 3670 1228 3732 doctrinm
1260 3677 1475 3730 nostra
1506 3667 1924 3729 detrimentum
1959 3670 2099 3733 affe-

445 3761 670 3825 rentia‘?
686 3761 963 3834 Quaanam
989 3760 1124 3821 fidei
1148 3758 1257 3820 soli
1280 3756 1588 3821 donanda?
1618 3754 1895 3828 Quaenam
1922 3758 2097 3819 etiam

445 3848 1022 3923 ratiocinationibus,
1077 3866 1183 3926 pro
1212 3845 1428 3927 quibus
1460 3845 1717 3927 denique
1746 3849 1866 3907 acri
1899 3846 2098 3908 animo

448 3939 831 4021 pugnandum
865 3935 1298 4011 sit,rationibus
1332 3945 1550 4008 tamen,
1584 3953 1702 3995 non
1735 3934 1890 3997 ferro
1922 3944 2099 4016 atque

444 4026 672 4091 armis?
729 4025 875 4089 Nam
941 4027 1223 4088 adversas
1290 4043 1526 4105 quoque
1555 4041 1768 4084 manus
1798 4024 2093 4100 attollere,

2192 2067 2489 2136 ἐπισκοπὴν
2536 2071 2690 2144 ἡμῶν
2734 2072 2936 2147 ποιήσῃ
2972 2091 2988 2151 ;
3044 2073 3141 2129 Καὶ
3189 2079 3289 2128 ποῦ
3332 2070 3651 2151 προϐήσεται
3708 2074 3839 2131 ταῦ-

2189 2178 2278 2225 τα,
2315 2160 2402 2215 καὶ
2447 2159 2746 2238 στήσεται,
2814 2158 3039 2216 Δέδοικα
3096 2161 3175 2235 μὴ
3231 2165 3429 2227 καπνὸς
3484 2163 3520 2231 ἧ
3548 2173 3638 2221 τοῦ
3667 2185 3835 2242 προσ-

2188 2244 2487 2321 δοκωμένου
2537 2249 2697 2325 πυρὸς
2754 2248 2818 2302 τά
2877 2249 3108 2327 παρόντα
3143 2265 3156 2278 ⁸
3212 2253 3287 2324 μὴ
3338 2254 3541 2315 τούτοις
3592 2255 3620 2307 ὁ
3668 2252 3839 2308 Ἀντί-

2187 2355 2402 2414 χριστος
2455 2335 2670 2415 ἐπιστῇ,
2740 2338 2829 2392 καὶ
2882 2341 3064 2416 καιρὸν
3126 2335 3264 2415 λάϐῃ
3317 2343 3416 2404 της
3469 2340 3625 2397 αὐτοῦ
3682 2338 3833 2398 δυναο

2186 2424 2359 2487 στείας
2418 2425 2483 2479 τά
2529 2424 2762 2502 ἡμέτερα
2819 2426 3123 2500 πταίσματα
3173 2448 3231 2482 τε
3290 2430 3377 2484 καὶ
3419 2426 3830 2507 ἀῤῥωστήματα.

2186 2515 2258 2571 Οὔ
2298 2514 2397 2592 γὰρ
2440 2514 2724 2591 ὑγιαίνουσι
2781 2512 3072 2593 προσλαὸεϊ
3135 2519 3326 2595 τυχὸν,
3372 2515 3486 2575 0633:
3540 2525 3608 2593 τῇ
3652 2519 3830 2596 ἀγάπῃ

2184 2602 2641 2677 πεπυκνωμένοις,
2680 2625 2700 2654 ι
2763 2605 2860 2659 Καὶ
2917 2605 3053 2679 μετά
3107 2604 3357 2685 βραχέασ
3426 2635 3448 2665 ι
3507 2610 3579 2665 0-3
3608 2605 3827 2685 διαῤῥή-

2185 2711 2346 2765 σομεν
2388 2693 2524 2766 ἡμῖν
2563 2694 2745 2756 αὐτοῖς
2800 2692 2916 2747 τίνα
2963 2692 3059 2766 μὲν
3106 2693 3166 2749 οὒ
3207 2693 3462 2764 ζητητέον
3503 2696 3831 2776 παντάπασι,

2185 2780 2298 2836 τίνα
2342 2778 2397 2836 δὲ
2425 2781 2554 2859 ὑπὲρ
2581 2783 2655 2837 ὧν
2699 2780 2947 2859 μετρίως,
3005 2782 3120 2837 τίνα
3175 2780 3230 2838 δὲ
3285 2785 3683 2863 συγχωρητέον,
3747 2788 3833 2843 καὶ

2185 2868 2540 2948 παραιτητέον
2591 2882 2711 2931 τοῖς
2782 2870 3063 2950 φιλέρισιν,
3108 2870 3252 2936 ὅπως
3290 2871 3352 2926 ἂν
3396 2871 3499 2952 ἔχῃ
3557 2874 3631 2937 ὡς
3688 2872 3832 2931 οὒδὲν

2184 2963 2274 3016 τὸν
2331 2960 2491 3038 λόγον
2533 2961 2689 3035 ἡμῶν
2760 2958 3255 3041 παραϐλάπτοντα,
3309 2965 3397 3019 καὶ
3451 2966 3565 3021 τίνα
3611 2966 3709 3040 μὲν
3765 2973 3833 3043 τῇ

2185 3050 2358 3106 πίστει
2401 3048 2576 3106 δοτέον
2619 3049 2781 3127 μόνῃ,
2845 3050 2955 3106 τίνα
3031 3050 3086 3107 δὲ
3168 3053 3257 3107 καὶ
3310 3064 3428 3116 τοῖς
3499 3051 3830 3135 λογισμοϊςς

2189 3130 2347 3216 ’Υπὲρ
2412 3135 2467 3193 δὲ
2539 3139 2691 3194 τίνων
2748 3139 2837 3195 καὶ
2879 3138 3211 3215 πολεμητέον
3268 3139 3529 3222 ἐκθύμως,
3579 3130 3827 3220 λογικῶς,

2182 3226 2304 3283 ἀλλ’
2347 3226 2453 3307 οὐχ
2495 3225 2837 3301 ὂπλιτικῶςς
2894 3230 2965 3284 Τὸ
3020 3229 3121 3307 γὰρ
3181 3229 3268 3285 καὶ
3327 3242 3522 3308 χεῖρας
3578 3231 3831 3310 ἀνταίρειν

2181 3313 2455 3378 παντελῶς
2502 3313 2599 3379 ἔξω
2641 3320 2739 3381 τῆς
2781 3315 3042 3392 ἡμετέρας
3102 3314 3292 3386 αὐλῆς,
3347 3318 3435 3373 καὶ
3477 3330 3595 3380 τοῖς
3639 3325 3827 3394 μισοῦ-

2183 3425 2266 3460 σιν
2322 3406 2464 3478 ἡμᾶς
2509 3401 2877 3481 ἀποῤῥιπτέον.
2925 3408 3033 3463 Ούκ
3090 3403 3185 3461 ’ἕνα
3241 3406 3336 3481 μὲν
3394 3404 3512 3483 ὅρον
3568 3405 3829 3473 εὐσεϐείας

2181 3493 2500 3571 ἡγησάμεθα
2583 3505 2895 3571 προσκυνεῖν
2946 3492 3177 3573 Πατέρα,
3249 3497 3337 3551 καὶ
3405 3498 3547 3576 Υἱὸν,
3622 3498 3710 3554 καὶ
3766 3499 3828 3554 τὸ

2180 3580 2391 3655 Πνεῦμα
2445 3582 2507 3636 τὸ
2563 3580 2735 3659 ἅγιον,
2786 3581 2883 3649 τὴν
2928 3583 3050 3655 μίαν
3081 3582 3136 3638 ὲν
3178 3597 3296 3649 τοῖς
3338 3585 3473 3663 τρισὶ
3514 3586 3741 3653 θεότητά
3769 3607 3825 3643 τε

2180 3670 2269 3725 καὶ
2351 3667 2568 3744 δύναμιν
2638 3666 2803 3744 μηδέν
2869 3668 3260 3749 ὑπερσέϐοντες,
3328 3670 3462 3748 μηδὲ
3532 3672 3822 3732 ὑποσέὸον-

2181 3779 2291 3837 τες,
2348 3757 2439 3814 ἴνα
2481 3758 2569 3814 καὶ
2616 3758 2769 3823 αὐτὸς
2827 3759 3013 3837 μικρόν
3066 3781 3116 3815 τι
3161 3762 3482 3836 μιμήσωμαι
3526 3764 3647 3827 τοὺς
3704 3765 3821 3844 περὶ

2181 3849 2345 3905 ταῦτα
2385 3847 2601 3927 σοφούς.
2664 3848 2735 3905 Τὸ
2778 3846 2875 3922 μὲν
2918 3848 3017 3927 γάρ
3059 3847 3330 3920 ἀδύνατον,
3395 3850 3455 3906 τδ
3512 3848 3566 3906 δὲ
3609 3850 3819 3924 ἀσεϐὲς,

2181 3933 2317 4012 μηδὲ
2375 3936 2594 4014 μέγεθος
2657 3934 2712 3991 ἐν
2781 3937 3053 4012 ὀνομάτων
3126 3939 3371 4007 κενότησι
3426 3938 3821 4005 διακόπτοντες.

2181 4022 2337 4083 Οὒδὲν
2394 4027 2494 4104 γὰρ
2551 4026 2738 4082 ἑαυτοῦ
2799 4032 2982 4101 μεῖζον
3037 4027 3073 4095 ἢ
3128 4026 3367 4101 ἔλαττον,
3441 4029 3634 4086 Τούτου
3697 4031 3822 4109 γοῦν

446 4135 686 4199 prorsus
708 4135 743 4177 a
766 4133 942 4177 causa
972 4124 1172 4176 nostra
1223 4112 1481 4175 alienum
1516 4122 1626 4184 est,
1660 4122 1834 4193 atque
1864 4112 1936 4174 ad
1969 4131 2092 4187 eos,

2186 4116 2494 4193 ὡρισμένου,
2554 4115 2641 4170 καὶ
2708 4114 2775 4170 τά
2845 4110 2982 4171 ἄλλα
3048 4117 3450 4193 ὁμονοήσωμεν,
3509 4117 3673 4196 ἤγουν
3727 4124 3823 4188 τῆς

445 4206 545 4287 qui
566 4204 735 4267 nobis
760 4203 975 4265 infensi
998 4199 1715 4282 sunt,abjicicndum.Non
1744 4220 1916 4262 unam
1944 4201 2096 4263 hanc

2186 4206 2341 4270 αὐτῆς
2398 4200 2613 4282 Τριάδος
2667 4205 2755 4259 καὶ
2809 4210 2899 4260 τοῦ
2955 4205 3110 4261 αὖτοῦ
3179 4204 3370 4285 σχεδὸν
3437 4205 3699 4286 δόγματός
3762 4230 3819 4265 τε

445 4294 678 4376 pietatis
708 4294 975 4373 regulam
1017 4291 1187 4354 nobis
1219 4290 1581 4370 propositam
1615 4307 1747 4351 esse
1782 4289 2092 4362 ducemus,

2186 4292 2264 4347 mi.
2307 4291 2576 4366 σώματος.
2611 4292 2712 4355 Γάς
2756 4288 2811 4347 δὲ
2854 4293 3097 4371 περιττὰς
3139 4297 3226 4351 καὶ
3282 4295 3585 4375 ἀχρήστους
3639 4320 3816 4377 παρα-

445 4393 507 4445 ut
528 4382 783 4456 Pa‘rem,
809 4382 1023 4446 Filium
1070 4389 1129 4442 et
1169 4379 1453 4460 Spiritum
1504 4387 1794 4451 sanctum,
1829 4397 2003 4441 unam
2031 4380 2092 4441 in

2186 4377 2369 4459 φυάδας
2413 4381 2502 4436 καὶ
2544 4378 2852 4460 παρεξόδους
2908 4387 3014 4436 τῶν
3081 4383 3169 4437 νῦν
3236 4387 3580 4462 ζητημάτων,
3640 4391 3819 4470 ὥσπερ

446 4471 636 4534 tribus
660 4470 930 4553 personis
961 4468 1280 4542 Deitatem,
1313 4477 1371 4529 et
1402 4466 1721 4548 potentiam
1744 4468 2087 4549 adoremus,

2186 4490 2223 4524 ει
2279 4469 2488 4545 νόσημα
2530 4470 2725 4547 κοινὸν
2755 4468 3055 4545 εκκόψομέν
3116 4492 3174 4528 τε
3227 4475 3316 4530 καὶ
3371 4474 3745 4555 ἀναιρήσομεν.

445 4561 592 4622 nihil
639 4561 1113 4642 supercolentes,
1146 4569 1245 4619 aut
1293 4557 1670 4620 subcolentes
1702 4576 1715 4617 :
1755 4555 1901 4618 libet
1927 4557 2089 4621 enim

444 4649 714 4712 nonnihil
748 4668 850 4711 eos
881 4648 1119 4712 imitari.
1148 4646 1249 4727 qui
1281 4647 1342 4707 in
1371 4645 1553 4708 rebus
1580 4645 1712 4707 sciti
1742 4665 1810 4708 ac
1840 4645 2090 4708 solertes

441 4747 579 4797 sunt
604 4738 896 4812 ;alterum
919 4737 1078 4799 enim
1114 4735 1244 4797 ﬁeri
1268 4755 1384 4797 non
1429 4735 1899 4816 potest,alterum
1918 4735 2086 4796 nefa-

442 4825 596 4885 rium
624 4825 947 4907 etimpium
972 4836 1099 4889 est:
1128 4843 1238 4886 nec
1273 4823 1734 4904 magnitudinem
1766 4842 1943 4885 unam
1980 4842 2089 4902 per

444 4912 752 4975 nominum
789 4916 1106 4977 novitatem
1138 4912 1544 4976 discindenles
1569 4930 1583 4975 :
1605 4931 1716 4974 nec
1736 4913 1892 4974 enim
1911 4912 2086 4993 quid-

440 5019 616 5082 quam
649 5000 844 5081 seipso
878 5004 1062 5084 majus
1088 5012 1186 5064 aut
1215 5001 1411 5063 minus
1443 5003 1693 5064 est.Hoc
1722 5001 1941 5081 quippe
1976 5021 2083 5081 po-

2174 4556 2323 4614 Ἀλλ’
2356 4561 2407 4614 αἱ
2450 4558 2546 4648 μὲν
2602 4559 2863 4648 ὑποθῆκαι
2917 4564 3023 4614 τῶν
3079 4565 3179 4628 τῆς
3226 4560 3544 4631 Ἐκκλησίας
3590 4572 3814 4648 (pain-4-

2173 4669 2300 4727 ρων,
2361 4647 2476 4704 καθ’
2518 4646 2584 4715 ἧς
2640 4646 3001 4723 ὑποτιθέμενοι
3042 4651 3307 4728 φαίνονται
3363 4655 3423 4709 τὸ
3477 4646 3815 4723 τώνήλέξεων

2169 4734 2414 4826 διάφορον
2441 4740 2698 4826 παρορᾷν,
2731 4735 2892 4792 ὁπότε
2949 4738 2983 4804 ἦ
3040 4738 3170 4816 πρὸς
3227 4738 3428 4797 ἔννοιαν
3482 4745 3816 4826 ὁμοφροσύνη

2171 4824 2331 4900 μέσον
2360 4830 2465 4880 τῶν
2507 4824 2612 4880 ἀπὸ
2654 4830 2877 4903 Χριστοῦ
2930 4832 3085 4903 κοινῇ
3128 4826 3469 4903 καλουμένων
3525 4824 3684 4890 ἔθνῶν
3729 4846 3816 4899 καὶ

2170 4912 2366 4993 ἀνδρῶν
2409 4912 2766 4992 ἀναφαίνοιτο,
2799 4911 2951 4970 τόσαι
2992 4935 3051 4971 τε
3091 4918 3178 4973 καὶ
3217 4916 3430 4995 τοιαίδε,
3462 4921 3496 4989 ἢ
3526 4922 3726 4997 μᾶλλον
3756 4926 3814 4983 ού

2169 5003 2342 5076 τόσαι,
2377 5001 2490 5058 ἐπεὶ
2532 5002 2619 5057 καὶ
2662 4998 2817 5058 ἄλλαι
2872 5000 3047 5061 ἄλλων
3100 5003 3316 5080 πολλαὶ,
3366 5010 3439 5063 ὧν
3468 5010 3566 5078 τὴν
3596 5010 3812 5071 ἐνταῦθα

438 5090 552 5152 sito
609 5099 667 5151 et
709 5090 1050 5171 constituto,
1108 5090 1338 5153 caeteris
1386 5090 1561 5153 etiam
1614 5089 1676 5149 in
1731 5087 1910 5151 rebus
1939 5109 2087 5152 con-

2186 5090 2371 5147 ἔκθεσιν
2399 5087 2712 5167 παρείδομεν
2740 5087 2824 5146 διὰ
2855 5093 2914 5147 τὸ
2941 5091 3287 5175 πολύστιχον,

439 5177 793 5255 sentiemus,
830 5170 1043 5239 saltem
1073 5179 1172 5260 qui
1195 5179 1464 5241 eamdem
1495 5178 1844 5241 Trinitatem
1876 5179 2149 5253 colimus,
2182 5188 2357 5260 atque
2388 5170 2655 5257 ejusdem
2690 5196 2844 5259 pene
2866 5170 3251 5260 dogmatis-vet
3280 5185 3545 5264 corporis
3575 5207 3781 5253 sumus

439 5285 511 5330 ac
542 5267 876 5348 superfluos
906 5276 963 5329 et
996 5239 1235 5329 inultiles
1264 5270 1658 5348 quaestionum
1693 5267 1940 5345 hujusce
1973 5239 2339 5353 tempestaiis
2381 5239 2646 5329 siolones
2680 5239 2751 5329 ac
2800 5239 3088 5344 delle'iius,
3126 5239 3807 5354 tanquamrco-mmuuiiem

438 5356 759 5457 quemdam
808 5355 1089 5457 morbum
1141 5356 1584 5457 exscindemus,
1645 5363 1702 5417 et
1759 5357 1833 5417 de
1893 5357 2089 5421 medio
2147 5359 2445 5422 tollemus.
2514 5379 2537 5415 ο
2601 5354 2718 5419 Sed
2777 5359 3134 5423 documenta
3179 5361 3460 5428 Ecclesia
3492 5366 3777 5431 luminum

440 5444 680 5526 quibus,
762 5452 825 5507 ut
889 5444 1204 5521 videntur,
1266 5445 1608 5521 admonent,
1683 5463 1887 5510 vocum
1969 5446 2336 5513 differentias
2410 5446 2795 5528 negligendas
2870 5419 3812 5527 essefEuIBQQHEIuiIiE'ifniié

514 5613 701 5678 ‘Psal
762 5630 825 5691 ι,
882 5616 1174 5693 i;xn,l.
