4142 6286
550 312 628 379 43

1593 315 1863 380 JOANN.
1909 309 2128 377 VEGGI
2171 310 2286 374 GP.
2332 312 2869 377 ΡΑἸἯΙΑΒΟΗΑΕ.

3839 315 3930 378 44

547 447 792 511 vocibus
821 449 989 514 hisce
997 445 1892 532 proccdcrc,progredi,etrundi
1899 491 1915 518 ,
1929 448 2162 524 (namqu

2246 447 2430 510 Lvoiz;
2495 445 2838 525 καταλλαγὴν
2890 455 2995 504 τῶν
3051 445 3385 516 Ἐκκλησιῶν
3438 449 3690 530 θεοφιλῶς
3746 449 3940 529 ἀπειρ-

546 552 664 596 una
693 554 903 600 omnes
930 536 1322 601 essentialiter
1350 554 1482 598 esse
1504 553 1573 597 ex
1603 536 1727 597 Deo
1755 533 2038 614 Spiritum
2073 550 2186 592 no-

545 630 688 699 tant)
700 625 974 704 juniores
991 625 1272 705 theologi.
1302 633 1382 701 et,
1415 631 1480 687 ut
1507 622 1621 684 sibi
1663 621 1956 699 videntur,
1995 619 2183 682 Patri-

543 709 655 774 bus
685 714 1049 794 dogmatiste
1077 714 1434 787 securiores,
1454 731 1524 774 ex
1553 730 1617 774 se
1644 711 1790 792 ipsis
1819 709 2186 772 diﬁ'erentias

543 801 922 882 conﬁngunt;
957 811 1018 866 et
1043 802 1198 866 ﬁctis
1222 802 1389 866 hisce
1413 801 1764 863 diﬂ‘erentiis
1787 818 1921 861 cum
1959 801 2182 862 Roma-

541 906 616 950 na
643 888 908 954 Ecclesia
933 892 1428 973 contendente,ex
1451 893 1619 952 Patre
1648 898 1707 952 et
1735 887 1883 950 Filio
1913 887 2033 950 dici
2052 885 2183 968 Spi-

537 979 742 1055 ritum,
766 981 922 1062 quod
954 981 1255 1062 opinatur,
1285 979 1511 1042 nullum
1545 978 1865 1041 discrimen
1895 975 2183 1051 esse,sive

535 1065 800 1150 dicas,ex
829 1067 1003 1132 Patre
1022 1077 1082 1132 et
1103 1069 1253 1132 Filio
1284 1068 1568 1150 Spiritum
1591 1075 1856 1129 sanctum
1881 1063 2177 1146 progredi,

531 1154 658 1219 sive
686 1174 758 1222 ex
786 1160 962 1221 Patre
991 1167 1050 1220 et
1075 1157 1224 1221 Filio
1249 1158 1498 1233 eﬁ'undi,
1529 1165 1587 1218 et
1618 1154 1929 1235 provenire
1959 1155 2082 1215 sive
2113 1172 2180 1214 ex

531 1241 706 1308 Patre
759 1253 820 1308 et
871 1245 1023 1309 Filio
1074 1246 1243 1308 illum
1298 1244 1645 1327 procedere,
1678 1261 1814 1305 cum
1861 1260 2036 1304 voces
2092 1243 2184 1303 hae

533 1333 844 1407 universas,
895 1335 1297 1397 essentialiter
1345 1353 1477 1396 esse
1533 1332 1822 1414 Spiritum
1872 1351 1943 1393 ex
1971 1331 2096 1392 Deo
2127 1340 2186 1392 et

529 1418 702 1483 Patre
762 1421 1119 1502 signiﬁcent,
1149 1422 1698 1486 reconciliationem
1758 1428 2066 1500 respuunt.
2118 1418 2188 1481 Et

527 1527 713 1571 unum
745 1510 858 1574 hoc
887 1511 1253 1592 potissimam
1286 1511 1519 1574 dissidii
1543 1527 1782 1575 causam
1831 1517 2179 1580 statuentes,

527 1597 678 1661 duas
704 1599 934 1664 scilicet
964 1619 1174 1664 causas
1205 1619 1338 1663 esse
1371 1602 1611 1664 Patrem
1635 1607 1692 1659 el.
1713 1598 1952 1678 Filium,
1987 1598 2182 1678 siquis

2275 534 2509 610 γάσατο.
2577 535 2829 591 Ἐνταῦθα
2881 533 2936 592 δὲ
3003 540 3091 593 καὶ
3148 537 3414 613 μηδεμιᾶς
3489 541 3730 617 ῥηθείσης
3784 537 3941 618 διοφο

2271 629 2362 699 ρᾶς
2392 626 2535 703 παρά
2589 647 2731 688 τινος
2799 632 2904 684 τῶν
2963 627 3209 707 Πατέρων
3268 631 3341 692 εἷς
3390 631 3490 684 τὶν
3552 629 3784 700 δήλωσιν
3841 628 3943 683 τοῦ

2267 719 2494 790 φυσικῶς
2523 715 2611 770 καὶ
2659 711 2924 780 οὖσιωδῶς
2968 716 3225 796 ὑπάρχειν
3271 719 3331 773 τὸ
3391 721 3608 794 Πνεῦμα
3669 718 3730 774 ἐκ
3774 724 3940 794 Θεοῦ,

2265 798 2350 856 ἐπὶ
2429 815 2552 864 ταῖς
2633 800 2803 868 λέξεσι
2885 805 3120 874 ταύταις,
3206 819 3328 869 ταῖς
3399 815 3488 862 τοὺ
3545 807 3925 886 ἐκπορεύεσθαι

2264 886 2492 962 δηλαδὴ,
2576 892 2662 947 καὶ
2743 891 3118 972 προέρχεσθαι,
3207 896 3293 951 καὶ
3375 899 3697 975 προχεῖσθαι
3774 898 3922 967 (κοι-

2265 984 2364 1042 νῶς
2435 980 2534 1058 γὰρ
2601 979 2826 1060 όίπασαι)
2899 982 2962 1038 τὸ
3041 981 3305 1047 οὑσιωδῶς
3378 985 3640 1064 ὑπάρχειν
3697 981 3932 1050 δηλοῦσι

2262 1066 2322 1122 τὸ
2377 1072 2587 1141 Πνεῦμα
2657 1067 2719 1124 ἐκ
2773 1076 2926 1142 Θεοῦ,
2974 1071 3021 1126 οἱ
3065 1070 3169 1127 νέοι
3221 1071 3490 1150 θεολόγοι,
3538 1074 3626 1128 καὶ
3685 1074 3822 1128 κατὰ
3867 1074 3937 1128 τὸ

2263 1151 2446 1210 δοκοῦν
2501 1158 2682 1219 αὑτοῖς
2761 1157 3138 1236 ἀσφαλέστεροι
3214 1167 3322 1215 τῶν
3403 1161 3654 1240 Πατέρων
3727 1159 3944 1238 δογμα-

2265 1245 2458 1323 τισταὶ,
2531 1242 2782 1325 διαφορὰς
2839 1247 2931 1326 ἀφ’
3005 1248 3204 1304 ἑαυτῶν
3270 1247 3694 1306 ἀναπλάττουσιν
3725 1267 3739 1280 ⁸
3801 1249 3940 1305 κάπὶ

2264 1344 2385 1395 ταῖς
2434 1333 2832 1409 πεπλασμέναις
2883 1335 3100 1400 ταύταις
3145 1334 3424 1416 διαφοραῖς
3471 1337 3569 1404 τὴν
3631 1342 3730 1403 τῆς
3790 1327 3938 1394 Ῥω-

2267 1421 2468 1492 μαϊκῆς
2555 1421 2872 1488 Ἐκκλησίας
2983 1423 3328 1502 καταλλαγὴν
3431 1428 3492 1484 ού
3596 1426 3931 1506 προσίενται,

2265 1507 2708 1589 διισχυριζόμενοι
2739 1511 2800 1568 ἐκ
2857 1515 3060 1591 Πατρὸς
3121 1513 3214 1568 καὶ
3273 1515 3390 1569 ι’ἱοῦ
3444 1512 3630 1591 λέγειν
3659 1517 3719 1570 τὸ
3749 1514 3931 1569 Πνεῦ-

2267 1619 2363 1671 μα,
2442 1596 2525 1654 διὰ
2594 1599 2655 1654 τὸ
2723 1601 2968 1677 ἡγεῖσθαι
3032 1598 3201 1674 μηδὲν
3269 1599 3528 1681 διαφέρειν
3614 1603 3783 1658 εἰπεῖν
3860 1600 3927 1657 ἐκ

526 1703 596 1748 ex
617 1685 788 1752 Patre
818 1697 878 1750 et
895 1687 1046 1751 Filio
1072 1689 1231 1751 dicat
1255 1689 1544 1769 Spiritum
1575 1695 1846 1750 sanctum
1880 1687 2162 1766 procede-

2261 1687 2464 1764 Πατρὸς
2525 1688 2612 1742 καὶ
2657 1690 2776 1742 rio-3
2824 1690 2884 1743 τὸ
2940 1687 3092 1765 ἅγιον
3156 1694 3370 1764 Πνεῦμα
3421 1689 3792 1769 προέρχεσθαι,
3860 1689 3926 1746 ἐκ

524 1791 614 1851 re,
651 1775 926 1838 omnibus
955 1776 1202 1858 reliquis
1249 1775 1608 1838 sententiam
1639 1777 1792 1836 hanc
1822 1793 2176 1855 Oppugnan-

525 1868 616 1925 tes
636 1882 812 1926 aures
835 1864 1275 1946 substringunt.
1296 1863 1428 1927 Itali
1460 1865 1510 1925 si
1542 1864 1784 1945 quidem
1810 1882 1925 1924 non
1957 1871 2179 1924 tantum

519 1950 704 2026 illius,
739 1955 1090 2034 procedere,
1117 1962 1176 2016 et
1198 1953 1496 2035 progredi,
1532 1952 1846 2033 provenire
1869 1962 1927 2014 et
1954 1952 2179 2013 eﬂ‘undi

521 2039 873 2104 indiﬁ‘erens
901 2051 1183 2124 quantum
1216 2045 1287 2106 ad
1313 2042 1695 2114 sententiam,
1720 2040 1793 2102 ad
1833 2039 2178 2120 signiﬁcan-

521 2127 684 2205 dum,
719 2131 1117 2195 essentialiter
1143 2149 1275 2193 esse
1306 2129 1593 2211 Spiritum
1639 2147 1708 2192 ex
1739 2129 1885 2202 Deo,
1919 2147 2174 2208 respon-

521 2216 732 2280 dentes
771 2234 1140 2299 proponunt,
1193 2237 1258 2280 se
1308 2237 1525 2298 nempe
1575 2237 1693 2278 non
1746 2218 1893 2278 duas
1922 2217 2177 2296 Spiritus

520 2323 731 2368 causas
757 2306 1215 2389 asserere,quod
1237 2307 1391 2387 apud
1415 2325 1522 2366 nos
1547 2311 1784 2368 braecos
1814 2304 1874 2365 in
1901 2304 2174 2366 confesso

518 2393 616 2470 sit,
651 2393 800 2458 duas
830 2413 964 2458 esse
985 2412 1199 2458 causas
1250 2394 1533 2476 Spiritus,
1587 2395 1728 2455 dum
1784 2393 2072 2455 asseritur
2100 2412 2170 2454 ex

523 2484 697 2546 Patre
742 2490 801 2545 et
853 2483 1004 2547 Filio
1049 2481 1334 2565 Spiritum
1383 2482 1664 2564 progredi
1723 2494 1784 2544 et
1833 2481 2166 2562 provenire.

518 2569 799 2644 Quinimo
828 2580 888 2635 et
913 2572 1112 2652 magni
1139 2571 1344 2635 Basilii
1391 2572 1784 2651 theologicam
1819 2570 1982 2632 illam
2023 2589 2168 2632 sen-

519 2660 853 2736 tentiam,in
887 2661 1064 2741 hujus
1095 2660 1382 2723 orationis
1413 2661 1658 2722 exordio
1687 2659 2170 2740 appositam,om—

514 2748 615 2810 nia
643 2748 1207 2831 insinuantem,qua2
1239 2750 1372 2812 Filii
1394 2749 1630 2824 sunt,ad
1659 2749 1907 2828 primam
1933 2767 2170 2810 causam

513 2839 750 2900 Patrem
802 2839 1034 2901 referri.
1103 2847 1377 2918 tanquam
1420 2837 1676 2900 validum
1733 2839 2165 2899 ﬁrmamentum

515 2925 780 3007 propriae
797 2927 1205 3009 responsionis
1225 2928 1732 3003 collocantes,non
1755 2928 1902 2988 duas
1923 2945 2168 3007 proces-

513 3015 701 3077 sionis
728 3034 935 3078 causas
967 3017 1170 3080 dicere
1184 3015 1735 3096 contendunt,quod
1759 3033 1970 3094 magno
1997 3017 2164 3078 Basi-

513 3103 593 3166 lio
647 3113 869 3180 actore,
924 3106 1211 3188 quidquid
1244 3125 1279 3167 a
1309 3105 1455 3167 Filio
1485 3105 1702 3166 dicitur
1732 3121 1885 3177 esse,
1946 3103 2006 3164 in
2039 3107 2164 3184 pri-

521 3211 682 3256 mam
710 3212 950 3257 causam
982 3194 1218 3258 Patrem
1243 3195 1569 3258 reducitur.
1595 3193 1787 3256 Latini
1817 3192 2014 3273 itaque
2044 3211 2164 3255 non

510 3281 735 3364 absque
785 3285 1040 3366 ratione,
1114 3284 1197 3345 ita
1250 3281 1738 3364 responsionibns
1787 3281 2158 3364 comparatis,

514 3371 981 3434 ecclesiasticam
1035 3390 1244 3454 pacem
1286 3372 1555 3434 ambiunt
1609 3391 1623 3431 :
1687 3369 1793 3431 sed
1841 3378 2162 3430 sectatores

513 3459 873 3536 schismatis,
904 3462 975 3524 ad
1005 3461 1234 3523 nullum
1269 3479 1342 3523 ex
1391 3460 1534 3536 illis,
1585 3476 1718 3536 quas
1765 3477 1898 3518 cum
1931 3459 2162 3520 ratione

510 3557 945 3626 proponuntur,
975 3549 1238 3612 animum
1261 3548 1574 3611 advertunt
1605 3547 1673 3608 Et
1702 3555 1898 3607 tamen
1919 3547 2158 3609 divinis-

506 3634 694 3698 simus
713 3636 1072 3700 Athanasius
1116 3641 1397 3700 Romanae
1438 3636 1720 3699 Ecclesia:
1773 3636 1945 3701 ﬁlios.
1980 3655 2155 3697 unam

509 3723 869 3807 bypostasim
909 3735 1318 3789 asseverantes
1374 3729 1606 3788 Patrem
1638 3733 1697 3786 et
1726 3724 1964 3798 Filium,
1997 3726 2154 3804 quod

511 3829 581 3874 ex
605 3814 864 3876 essentia
885 3814 1072 3878 Patris
1101 3815 1286 3878 Filius
1307 3823 1486 3890 esset,
1519 3824 1576 3876 et
1605 3823 1845 3894 propter
1870 3815 2152 3875 unitatem

508 3910 754 3972 natum,
791 3913 849 3965 et
871 3905 956 3966 uti
982 3904 1078 3984 pie
1099 3904 1426 3966 sentientes
1447 3903 1815 3982 complexus,
1850 3912 1908 3963 et
1933 3902 2016 3962 uti
2049 3921 2149 3962 or-

505 3989 792 4052 thodoxos
821 3997 1197 4055 exosculatus
1217 4001 1326 4054 est.
1362 3991 1504 4064 Quis
1532 3992 1820 4054 Jeremias
1848 3989 1960 4052 hoc
1992 4000 2148 4053 tem-

505 4077 666 4158 poris
695 4083 977 4163 ploraret,
1012 4091 1071 4142 et
1101 4081 1428 4162 plangeret,
1456 4098 1574 4141 non
1597 4088 1660 4139 ut
1693 4079 1791 4140 ille
1822 4097 2000 4158 super
2019 4088 2147 4140 tur-

499 4166 654 4228 rium
688 4177 748 4230 et
770 4189 1071 4234 murorum
1102 4170 1355 4249 disjectu
1384 4169 1640 4248 antiquae
1669 4169 2021 4234 Jerusalem.
2043 4168 2149 4230 sed

498 4271 680 4334 super
707 4258 970 4320 vastitate
999 4267 1174 4340 atque
1220 4258 1557 4336 direptione
1610 4255 1867 4316 ﬁliarum
1931 4264 2151 4317 nostra;

495 4342 850 4421 Jerusalem,
885 4348 1281 4410 Ecclesiarum
1315 4363 1530 4426 nempe
1561 4344 1968 4414 subversione,
2001 4362 2146 4424 quas

2246 4373 2332 4407 mw
2415 4352 2697 4429 ἀνέχονται
2778 4351 3198 4430 ἒπιστρέιρεσθαι.

493 4432 558 4495 in
575 4435 969 4514 perditionem
991 4435 1379 4518 rapinamqne
1401 4437 1614 4512 Agaris
1637 4451 1820 4512 nepos
1851 4435 2139 4512 exposuit,

498 4523 720 4586 nullam
751 4527 924 4589 aliam
957 4526 1032 4589 ob
1056 4544 1294 4589 causam
1327 4543 1500 4605 quam
1533 4523 1723 4585 solum
1755 4523 1830 4584 ob
1879 4525 1992 4585 hoc
2026 4525 2141 4586 Ec-

496 4614 811 4677 clesiarum
843 4617 1179 4678 dissidium.
1213 4614 1324 4677 Sed
1351 4615 1499 4675 heus
1530 4612 1721 4692 tu,qui
1745 4613 1932 4674 zelum
1958 4615 2140 4676 Atha-

495 4703 672 4784 nasii,
698 4705 854 4784 quod
885 4706 1109 4767 utinam
1143 4721 1446 4784 nunquam
1479 4701 1585 4762 tibi
1627 4719 1984 4780 arrogasses,
2037 4723 2140 4765 su-

495 4797 689 4869 peras!
723 4793 1080 4856 Athanasius
1107 4793 1433 4855 Romanam
1463 4788 1815 4866 Ecclesiam,
1839 4809 2014 4852 unam
2043 4792 2142 4872 hy-

491 4879 776 4959 postasim
832 4881 1155 4959 dicentem,
1209 4883 1443 4944 Patrem
1488 4885 1547 4940 et
1592 4878 1828 4956 Filium,
1861 4880 2016 4960 quod
2072 4900 2143 4942 ex

499 4969 762 5030 essentia
781 4971 968 5031 Patris
996 4970 1178 5033 Filius
1208 4973 1836 5048 est,etpropterunam
1867 4978 2141 5032 naturam

489 5057 552 5117 in
576 5058 1058 5122 communionem
1085 5059 1318 5140 recipit,
1354 5066 1412 5118 et
1441 5057 1502 5117 in
1524 5058 1678 5118 hanc
1721 5060 1988 5119 eamdem
2024 5061 2140 5120 Ec-

489 5143 732 5207 clesiam
752 5147 980 5226 rejicis,
1012 5167 1083 5210 ex
1112 5151 1284 5210 Patre
1315 5155 1374 5209 et
1403 5143 1550 5208 Filio
1580 5155 1945 5206 asserentem
1996 5145 2137 5226 Spi-

486 5233 666 5296 ritum
698 5237 1048 5318 procedere,
1081 5237 1238 5317 quod
1287 5242 1486 5297 teneat
1539 5234 1766 5295 nullum
1816 5235 2137 5298 discrimen

486 5340 643 5398 esse,
671 5325 798 5386 sive
825 5325 990 5388 dicas
1019 5345 1088 5387 ex
1121 5329 1294 5388 Patre
1324 5339 1384 5386 et
1415 5323 1566 5386 Filio
1600 5342 1734 5385 eum
1770 5327 2046 5404 progredi
2080 5337 2140 5388 et

484 5415 801 5492 provenire
821 5415 944 5478 sive
967 5433 1038 5477 ex
1062 5417 1234 5478 Patre
1251 5421 1310 5476 et
1337 5412 1486 5476 Filio
1511 5413 1859 5492 procedere,
1894 5433 1998 5495 pro
2007 5423 2138 5494 pter

485 5519 659 5565 voces
708 5523 891 5566 unum
944 5503 1226 5585 idemque
1254 5502 1678 5580 signiﬁcantes,
1713 5502 1814 5584 qui
1845 5504 2136 5567 universae

475 5593 546 5655 in
572 5594 665 5658 his
705 5597 1107 5662 communiter
1135 5597 1411 5670 innuunt,
1463 5595 1862 5658 essentialiter
1912 5617 1982 5658 ex
2011 5597 2133 5662 Deo

2267 1777 2468 1852 Πατρὸς
2511 1777 2598 1832 καὶ
2672 1779 2792 1832 Υἱοῦ
2844 1780 3187 1857 προχεῖσθαι,
3249 1780 3337 1834 καὶ
3395 1779 3660 1855 προϊέναι,
3711 1781 3797 1834 καὶ
3856 1781 3923 1836 ἐκ

2267 1867 2464 1941 Πατρὸς
2521 1866 2609 1920 καὶ
2684 1867 2804 1921 ι’ἱοῦ
2874 1866 2997 1921 αὐτὸ
3055 1865 3446 1946 ἐκπορεύεσθαι,
3503 1867 3594 1922 ἁτε
3660 1867 3766 1923 τῶν
3825 1867 3923 1924 λέ-

2263 1949 2390 2015 ξεων
2417 1953 2622 2010 τούτων
2661 1955 2879 2009 ἁπασῶν
2909 1951 3178 2020 δηλουσῶν
3234 1957 3295 2010 τὸ
3338 1953 3599 2021 οὑσιωὸῶς
3652 1957 3920 2036 ὑπάρχειν

2260 2043 2322 2096 τὸ
2366 2049 2577 2117 Πνεῦμα
2606 2041 2666 2098 ἐκ
2717 2046 2919 2120 Πατρὸς
2961 2044 3047 2099 καὶ
3106 2046 3248 2102 ι’ἱοῦ.
3297 2042 3444 2100 Ἀλλ’
3506 2045 3561 2098 ἓν
3615 2047 3766 2100 τοῦτο
3823 2047 3920 2101 αἰ-

2258 2129 2513 2186 τιώτατον
2541 2135 2638 2197 τῆς
2686 2128 3010 2194 διαστάσεως
3054 2129 3500 2212 προϐαλλόμενοι,
3556 2135 3618 2188 τὸ
3676 2131 3762 2189 δύο
3817 2135 3917 2189 τοῦ

2261 2219 2562 2293 Πνεύματος
2648 2220 2814 2282 αἰτίας
2899 2220 2961 2275 ἀν
3033 2222 3298 2299 φαίνεσθαι
3368 2223 3460 2277 τὸν
3537 2222 3741 2300 Πατέρα
3823 2225 3917 2279 καὶ

2255 2308 2348 2362 τὸν
2391 2309 2533 2382 Υἱὸν,
2567 2307 2656 2364 ἐάν
2686 2330 2767 2371 τις
2793 2309 2855 2364 ἐκ
2883 2311 3088 2388 Πατρὸς
3139 2311 3228 2365 καὶ
3278 2313 3397 2366 Υἱοῦ
3439 2309 3571 2388 λέγῃ
3614 2313 3675 2366 τὸ
3735 2317 3910 2370 Πνεῦ-

2256 2418 2331 2470 μα
2386 2399 2448 2453 το
2529 2397 2680 2476 ἅγιον
2758 2398 3150 2476 ἐκπορεύεσθαι,
3238 2401 3370 2476 πρὸς
3441 2405 3545 2455 πᾶν
3624 2397 3755 2456 ἄλλο
3839 2406 3912 2476 τῇ

2250 2485 2420 2557 ὶννοίᾳ
2485 2488 2650 2562 ταύτῃ
2709 2484 3098 2566 διαμαχόμενοι
3157 2488 3333 2563 βύουσι
3417 2489 3483 2544 τὰ
3539 2489 3651 2544 ὦτα
3710 2485 3912 2555 Ἰταλοὶ

2252 2575 2444 2653 γὰρ-οὒ
2485 2575 2644 2649 μόνον
2697 2577 2760 2631 τὸ
2802 2583 2894 2631 τοῦ
2949 2579 3315 2654 ἐκπορεύεσθαι
3371 2579 3500 2656 πρὸς
3558 2579 3618 2633 τὸ
3663 2591 3906 2658 προχεῖ-

2251 2666 2392 2738 σθαι,
2437 2663 2672 2742 προιέναι
2745 2685 2823 2743 τε,
2870 2665 2958 2721 καὶ
3001 2666 3352 2745 προέρχεσθαι
3409 2667 3712 2746 ἀδιάφορον,
3777 2665 3908 2722 ὅσον

2251 2749 2337 2808 ἐπὶ
2360 2758 2428 2829 τῇ
2484 2753 2724 2828 σημασίᾳ
2793 2762 2886 2812 τοῦ
2943 2752 3207 2819 οὑσιωδῶς
3249 2755 3508 2834 ὑπάρχειν
3569 2757 3630 2810 τὸ
3688 2761 3908 2831 Πνεῦμα

2252 2839 2313 2896 ἐκ
2365 2849 2520 2921 Θεοῦ,
2575 2843 2647 2905 εἰς
2703 2841 3000 2908 ἀπάντησιν
3054 2841 3443 2921 προϐαλλονται
3517 2851 3607 2899 τοῦ
3664 2843 3743 2919 μὴ
3815 2842 3908 2901 δύο

2251 2931 2343 2993 τὰς
2415 2931 2581 2993 αἰτίας
2665 2927 2892 3001 δοξάζειν
2968 2937 3060 2987 τοῦ
3134 2931 3459 3006 Πνεύματος,
3521 2931 3604 2987 διὰ
3672 2933 3734 2986 τὸ
3807 2935 3904 2989 καὶ

2252 3019 2391 3098 παρά
2472 3032 2588 3084 τοῖς
2663 3025 2910 3098 Γραικοϊς
2966 3018 3342 3098 ὁμολογεῖσθαι
3412 3023 3545 3095 ἡμῖν
3614 3017 3701 3076 δύο
3752 3021 3904 3077 εἶναι

2249 3109 2342 3172 τὰς
2414 3108 2577 3172 αἰτίας
2633 3114 2726 3164 τοὺ
2796 3109 3096 3181 Πνεύματος
3185 3108 3239 3164 ἐν
3295 3116 3372 3183 τῷ
3428 3108 3487 3165 ἐκ
3544 3110 3747 3188 Πατρὸς
3807 3111 3902 3166 καὶ

2249 3199 2369 3253 Υίοῦ
2425 3198 2486 3252 τὸ
2569 3199 2778 3273 Πνεῦμα
2861 3197 3103 3274 προϊέναι
3186 3220 3244 3255 τε
3323 3199 3412 3255 καὶ
3484 3200 3842 3279 προέρχεσθαι
3881 3216 3894 3228 ·

2246 3283 2382 3341 ἀλλὰ
2438 3287 2523 3341 καὶ
2583 3286 2683 3352 τὴν
2759 3292 2850 3342 τοῦ
2931 3285 3163 3364 μεγάλου
3235 3285 3510 3344 Βασιλείου
3574 3287 3895 3366 θεολογικὴν

2245 3373 2450 3441 ἐκείνην
2477 3371 2703 3444 ἔννοιαν,
2761 3373 2872 3441 ἥτις
2930 3374 2986 3431 έν
3028 3374 3227 3454 ἀρχαῖς
3283 3382 3374 3432 τοῦ
3415 3376 3670 3444 παρόντος
3726 3375 3894 3454 λόγου

2243 3462 2561 3536 διείληπται,
2629 3464 2728 3532 τὴν
2782 3464 2954 3520 πάντα
3019 3462 3280 3530 δηλοῦσαν
3328 3466 3393 3521 τὰ
3434 3465 3528 3522 τοῦ
3569 3467 3686 3521 Υἱοῦ
3752 3469 3893 3544 πρὸς

2241 3553 2339 3620 τὴν
2397 3561 2614 3631 πρώτην
2690 3554 2856 3610 αἰτίαν
2932 3553 3275 3632 ἀναφέρεσθαι
3359 3555 3452 3610 τὸν
3516 3553 3742 3634 Πατέρα,
3836 3555 3893 3611 ἐν

2239 3642 2445 3721 ἰσχυρῷ
2497 3641 2595 3708 τῆς
2628 3644 2798 3698 αὑτῶν
2872 3641 3158 3720 ἂπολογιας
3189 3642 3444 3718 τιθέασιν,
3511 3643 3588 3719 μὴ
3643 3641 3730 3699 δύο
3784 3643 3890 3712 τῆς

2241 3730 2598 3809 ἐκπορεύσεως
2685 3728 2836 3788 αἵτια
2916 3728 3089 3808 λέγειν
3168 3728 3569 3808 διενιστάμενοι,
3649 3730 3732 3787 διὰ
3821 3737 3890 3789 τὸ

2235 3821 2370 3874 κατά
2402 3821 2490 3876 τὸν
2520 3817 2688 3896 μέγαν
2746 3819 3043 3900 Βασίλειον,
3087 3826 3191 3876 πᾶν
3247 3819 3300 3876 εἴ
3357 3843 3406 3876 τι
3457 3823 3598 3899 παρὰ
3636 3820 3729 3877 τοῦ
3762 3823 3890 3878 ι’ἱοῦ

2233 3906 2441 3986 λέγεται
2513 3908 2678 3979 εἶναι,
2744 3910 2817 3971 εἰς
2875 3909 2974 3975 τὴν
3026 3909 3242 3988 πρώτην
3298 3910 3466 3966 αἰτίαν
3538 3909 3888 3989 ἀναφέρεσθαι

2231 3999 2321 4052 τὸν
2365 3995 2592 4074 Πατέρα.
2668 4002 2888 4053 Λατῖνοι
2963 3998 3061 4072 μὲν
3133 3997 3221 4054 οὖν
3277 3997 3508 4076 εὐλόγως
3563 3997 3701 4055 οὕτω
3782 4001 3883 4065 τὰς

2231 4086 2429 4142 ἑαυτῶν
2509 4082 2794 4164 ἀπολογίας
2880 4090 3165 4161 τιθέμενοι,
3241 4087 3337 4154 τὴν
3398 4085 3886 4156 Ἐκκλτ,σιαστικὴν

2232 4175 2443 4253 εἰρήνην
2488 4171 2894 4248 μεταδιώκουσιν
2928 4193 2943 4208 ο
2990 4175 3038 4230 οἱ
3091 4173 3146 4229 δὲ
3204 4176 3299 4232 τοῦ
3351 4178 3646 4255 σχίσματος
3703 4198 3883 4234 σπου-

2231 4259 2410 4319 δασταὶ
2458 4264 2588 4341 πρὸς
2661 4260 2805 4319 οὖδὲν
2847 4269 2952 4319 τῶν
3011 4263 3177 4328 οὕτως
3251 4263 3481 4344 εὐλόγως
3529 4256 3900 4344 προτεινομέέ

3311 4343 3369 4410 Ὀ
3466 4351 3520 4409 δὲ
3604 4355 3880 4418 θειότατος

2231 4439 2537 4501 ’Λθινάσιος
2601 4441 2750 4504 οὗτος
2807 4439 2902 4507 τῆς
2959 4432 3268 4516 Ῥωμαϊκῆς
3335 4431 3650 4510 Ἐκκλησίας
3733 4446 3880 4510 οἱοὺς

2229 4530 2352 4603 μίαν
2395 4528 2677 4584 ὑπόστασιν
2733 4527 2987 4608 λέγοντας
3055 4531 3144 4586 τὸν
3189 4529 3397 4608 Πατέρα
3437 4535 3523 4587 καὶ
3579 4533 3668 4587 τὸν
3727 4535 3876 4608 Υἷὸν,

2228 4617 2311 4673 διὰ
2342 4620 2400 4674 τὸ
2443 4618 2504 4675 ἐκ
2531 4618 2626 4686 τῆς
2655 4617 2830 4681 οὖσίας
2859 4625 2952 4675 τοῦ
2997 4619 3199 4698 Πατρὸς
3245 4619 3387 4675 εἶναι
3443 4622 3534 4676 τὸν
3582 4622 3725 4701 Υίὸν,
3783 4625 3879 4680 καὶ

2227 4704 2311 4762 διὰ
2365 4707 2463 4774 τὴν
2532 4707 2827 4772 ταυτότητα
2881 4712 2980 4773 τῆς
3036 4707 3262 4787 φύσεως,
3333 4709 3419 4764 καὶ
3489 4712 3562 4774 ὡς
3632 4709 3874 4787 εὐσεϐεῖς

2226 4796 2572 4878 ἠγκαλίσατο,
2642 4798 2730 4852 καὶ
2793 4799 2866 4858 ὡς
2937 4786 3233 4876 ὄρθοδόξους
3317 4798 3716 4876 περιεπτύξατο,
3816 4786 3871 4856 ἶ)

2224 4886 2302 4949 τίς
2357 4877 2607 4962 Ἱερεμίας
2661 4884 2805 4940 ἔσται
2874 4887 2962 4941 καὶ
3019 4891 3128 4959 νῦν,
3187 4888 3275 4942 καὶ
3315 4887 3569 4965 θρηνήσει
3629 4890 3714 4944 καὶ
3769 4893 3874 4949 κό-

2227 4981 2408 5050 ψεται,
2449 4976 2552 5054 οὑχ
2581 4977 2654 5039 ὼς
2685 4974 2888 5036 ἐκεῖνος
2916 4973 3001 5030 ἐπὶ
3055 4979 3123 5050 τῇ
3180 4973 3450 5051 καταϐολῇ
3490 4983 3594 5034 τῶν
3647 5000 3871 5059 πυργω-

2225 5065 2431 5140 μάτων,
2489 5065 2578 5119 καὶ
2632 5069 2738 5119 τῶν
2792 5063 2994 5142 βάρεων
3050 5067 3147 5132 τῆς
3203 5063 3434 5127 παλαιᾶς
3504 5057 3874 5145 Ἰερουσαλὴμ,

2223 5149 2339 5209 ἀλλ’
2399 5152 2483 5208 ἐπὶ
2537 5157 2780 5230 προνομῇ
2848 5172 2906 5207 τε
2960 5154 3047 5206 καὶ
3124 5152 3339 5230 ἁρπαγῇ
3421 5159 3527 5210 τῶν
3595 5161 3693 5223 τῆς
3757 5159 3878 5213 καθ’

2219 5244 2363 5317 ἡμᾶς
2478 5231 2824 5316 Ἰερουσαλὴμ
2933 5239 3256 5318 θυγατέρων,
3355 5248 3424 5318 τῇ
3532 5252 3866 5326 καταστοφῇ,

2221 5333 2380 5411 φημὶ,
2433 5333 2540 5386 τῶν
2584 5327 2941 5413 Ἐκκλησιῶν,
3001 5330 3062 5394 ἃς
3107 5331 3178 5394 εἰς
3247 5331 3437 5408 φθορὰν
3491 5334 3578 5390 καὶ
3634 5333 3860 5413 διαρπα-

2221 5408 2331 5499 γμα
2366 5408 2402 5476 Ῠὸ
2431 5416 2654 5496 ἀσεϐὴς,
2697 5422 2796 5484 τῆς
2844 5408 3026 5497 ’Ἅγαρ
3070 5417 3328 5497 ἀπόγονος
3375 5419 3518 5479 ἔθετο
3566 5421 3651 5480 ἐπ’
3695 5408 3858 5482 ὦδενὶ

2218 5509 2364 5584 ἄλλῳ
2416 5507 2588 5586 αἰτίῳ,
2633 5505 2755 5562 ἀλλ’
2811 5506 2848 5576 ἣ
2892 5507 2976 5595 ἐπὶ
3020 5507 3166 5583 μόνῳ
3219 5508 3387 5583 τούτῳ
3455 5519 3532 5588 τῷ
3601 5516 3856 5595 σχίσματι

2218 5607 2319 5657 τῶν
2374 5595 2762 5671 Ἐκκλησιῶνς
2816 5594 2994 5674 Ἀλλ’,
3052 5597 3098 5652 ὦ
3165 5598 3248 5670 σὺ,
3309 5600 3337 5653 ὃ
3405 5603 3498 5656 τὸν
3555 5594 3854 5660 Ἀθανασίον
