4144 6290
508 377 586 440 47

507 602 672 664 illam
696 619 1036 681 usurpasse,
1072 599 1239 682 quasi
1273 600 1503 662 diceret
1531 620 1543 664 :
1569 600 1760 662 Etiam
1804 601 1854 661 si
1886 610 2157 661 creatura

507 690 643 754 Filii
673 698 832 753 esset
857 689 1207 770 Spiritus,ut
1239 698 1298 752 tu
1330 690 1548 770 inquis,
1581 689 1858 759 Eunomi.
1894 709 2012 749 non
2046 688 2156 749 soli

509 779 828 860 Unigenito
843 797 1020 841 causa
1035 779 1191 840 illius
1218 778 1595 859 appingenda
1629 779 1974 858 esset,quod
1998 776 2158 838 uulla

509 869 774 950 operatio
806 868 940 930 Filii
968 875 1058 930 est
1079 885 1114 927 a
1137 865 1306 928 Patre
1353 867 1637 941 abscissa,
1671 876 1730 928 et
1762 866 1913 948 quod
1945 885 1978 927 a
2006 865 2155 927 Filio

508 957 639 1018 ﬁeri
670 955 995 1032 dicitur,ad
1030 955 1279 1036 primam
1298 974 1535 1017 causam
1567 956 1920 1018 relationem
1954 954 2151 1016 habet.

507 1045 578 1106 Et
611 1046 737 1108 haec
769 1043 1033 1126 quidem,
1067 1044 1225 1124 quod
1274 1044 1643 1124 amplissima
1691 1045 1767 1107 sit
1808 1043 2012 1107 Basilii
2046 1062 2155 1104 au-

504 1133 750 1196 ctoritas
775 1183 789 1196 .
822 1132 980 1195 hunc
1029 1132 1091 1193 in
1151 1132 1416 1213 modum,
1478 1152 1607 1214 qum
1635 1134 1707 1195 ad
1740 1151 1980 1194 causam
2017 1131 2156 1211 Spi-

500 1223 652 1285 ritur
736 1225 989 1287 attinent
1053 1223 1450 1303 explanantis,
1499 1223 1779 1284 alibunde
1837 1223 1995 1284 dicta
2025 1238 2155 1282 esse

502 1311 826 1386 videntur,
875 1312 948 1373 ad
1013 1310 1472 1388 stabiliendum,
1527 1331 1646 1373 non
1699 1310 1950 1387 intelligi
2010 1309 2155 1370 duas

504 1417 711 1463 causas
765 1404 995 1462 Patrem
1050 1412 1110 1462 et
1181 1399 1396 1461 Filium
1468 1401 1724 1482 Spiritus
1756 1450 1771 1476 ,
1831 1418 1966 1462 cum
2024 1399 2155 1478 quis

505 1509 577 1552 ex
635 1493 806 1552 Patre
849 1496 906 1550 et
962 1487 1113 1551 Filio
1179 1487 1463 1570 Spiritum
1521 1497 1790 1552 sanctum
1871 1506 2003 1549 esse
2061 1487 2152 1547 at-

503 1581 718 1641 ﬁrmat.

588 1759 679 1820 13.
706 1757 851 1821 Cum
881 1775 1018 1819 vero
1049 1775 1156 1838 pro
1205 1757 1602 1839 responsione
1646 1755 1924 1817 Italorum
1957 1757 2141 1817 oratio

503 1853 790 1940 proponat
821 1843 1101 1907 dictionis
1123 1847 1453 1926 procedere
1481 1861 1788 1924 compares
1819 1843 1976 1905 vires
2007 1862 2141 1905 cum
2169 1891 2209 1940 Β

500 1933 641 2008 illis,
671 1935 1002 2014 provenire
1031 1941 1088 1995 et
1113 1934 1416 2013 progredi,
1469 1933 1813 2010 digerantur
1861 1933 1957 1994 hic
1989 1951 2022 1992 a
2053 1951 2148 1993 me

501 2022 661 2086 dicta
709 2030 1078 2098 sanctorum,
1107 2021 1321 2102 quibus
1351 2021 1703 2097 innotescat,
1757 2041 1874 2083 non
1924 2029 2145 2082 tantum

503 2112 903 2194 processionis
934 2129 1172 2184 nomen,
1201 2111 1306 2173 sed
1359 2119 1417 2173 et
1445 2112 1588 2173 alias
1619 2111 1904 2192 quasdam
1934 2111 2146 2171 dictio—

500 2219 610 2262 nes
637 2201 1030 2281 apertissime,
1068 2209 1127 2261 et
1164 2199 1293 2262 sine
1325 2199 1443 2261 ullo
1497 2201 1785 2261 velamine
1815 2200 1887 2260 de
1917 2198 2044 2278 ipsa
2075 2217 2148 2259 ex

501 2292 672 2351 Patre
703 2288 1000 2352 essentiali
1027 2287 1286 2368 Spiritus
1315 2289 1658 2350 exsistentia
1689 2287 2146 2349 assumi.Statim

503 2379 664 2443 enim
689 2397 934 2457 magnus
949 2377 1201 2438 Basilius
1223 2377 1284 2437 in
1301 2379 1560 2439 secundo
1583 2378 1653 2438 ad
1669 2377 2146 2454 Amphilochium

503 2469 694 2549 capite
723 2467 886 2529 inter
933 2467 1076 2528 alias
1109 2466 1323 2528 multas
1356 2466 1672 2541 dictiones,
1707 2466 1923 2546 quibus
1953 2466 2148 2545 Spiri-

505 2565 598 2619 tus
621 2576 758 2619 cum
779 2556 950 2618 Patre
971 2563 1030 2617 et
1056 2555 1204 2616 Filio
1239 2557 1721 2617 communionem
1753 2554 2144 2635 exponit,hzec

502 2665 737 2727 quoque
756 2646 956 2707 addit:
985 2668 1008 2702 (ι
1043 2646 1253 2725 Neque
1283 2644 1420 2706 hinc
1443 2645 1632 2706 solum
1665 2644 1949 2705 naturalis
1978 2663 2143 2704 com-

503 2735 803 2797 munionis
833 2733 1260 2797 demonstratio
1287 2782 1302 2812 ,
1352 2733 1457 2795 sed
1504 2733 1679 2796 etiam
1735 2733 1890 2812 quod
1924 2751 1992 2792 ex
2025 2732 2144 2793 Deo

506 2844 642 2888 esse
669 2824 913 2899 dicitur,
963 2843 1081 2885 non
1109 2831 1171 2883 ut
1201 2824 1398 2884 omnia
1428 2841 1497 2884 ex
1533 2823 1671 2896 Deo,
1708 2821 1813 2882 sed
1845 2821 2024 2883 veluti
2076 2840 2143 2882 ex

501 2916 699 2988 Patre,
735 2931 1029 2992 egressus,
1058 2931 1174 2974 non
1206 2913 1442 2988 genitus
1473 2921 1537 2972 ut
1566 2910 1884 2990 Filius,sed
1919 2919 1980 2971 ut
2004 2908 2140 2990 Spi-

501 3002 649 3065 ritus
678 3002 799 3064 oris
831 3003 981 3082 ejus.
1014 3001 1192 3065 Hisce
1224 3001 1586 3063 familiaritas
1609 3008 1666 3062 et
1687 2999 1975 3061 connexio
2002 3018 2142 3080 ape-

503 3091 674 3168 ritur,
710 3091 817 3154 sed
848 3091 1059 3153 modus
1089 3091 1448 3153 exsistentiaa
1469 3089 1706 3151 silentio
1738 3088 2072 3149 involvitur.
2112 3113 2138 3143 ι)

1587 381 1855 444 JOANN.
1891 375 2111 442 VECCI
2138 379 2251 442 GP.
2286 379 2822 444 PATRIARCHfE.

510 512 692 575 nomii
713 509 1303 574 intentionisanctum
1317 511 2131 592 respondentem,dictionem
2160 525 2198 572 Α
2220 511 2341 571 ἀ)λ’

3814 381 3892 442 48

2427 510 2758 567 ἆκουέτωσαν
2830 513 2902 574 ὡς
2973 512 3103 590 πρὸς
3188 515 3286 580 τὴν
3360 513 3613 588 Εὖνομίου
3686 513 3894 569 ἔννοιαν

2240 603 2268 656 6
2311 601 2467 678 ἅγιος
2513 601 2782 679 ἀπαντῶν,
2841 601 2939 667 τὴν
3011 599 3148 666 λέξιν
3191 601 3378 681 εἴρηκε
3443 603 3661 677 ταύτην,
3735 602 3894 659 οἱονεὶ

2239 689 2410 768 λέγων
2462 689 2559 751 ὡς.
2610 691 2668 746 Εἰ
2710 691 2796 745 καὶ
2851 690 3054 764 ποίημα
3103 691 3168 758 ἦν
3211 699 3301 747 τοῦ
3359 694 3479 750 Υἱοῦ
3535 694 3596 748 τὸ
3653 694 3890 770 Πνεῦμα,

2241 778 2482 853 Εὗνόμιε,
2516 779 2653 834 κατὰ
2682 778 2762 852 σὲ,
2797 775 2916 834 ἀλλ’
2960 780 3081 859 οὐχὶ
3147 779 3294 855 μόνῳ
3347 787 3423 854 τῷ
3454 789 3742 859 Μονογενεϊ
3789 777 3892 835 ἔδει

2238 867 2568 945 προστιθέναι
2655 867 2754 934 τὴν
2833 867 2998 923 αἰτίαν
3082 867 3261 942 αὐτοῦ,
3334 867 3417 924 διὰ
3486 871 3548 926 16
3625 867 3892 945 μηδεμίαν

2240 954 2502 1033 ἐνέργειαν
2543 961 2634 1011 τοῦ
2678 957 2800 1013 Υἱοῦ
2852 955 3297 1031 ἆποτετμημένην
3351 965 3442 1014 τοῦ
3499 960 3700 1037 Πατρὸς
3745 957 3892 1014 εἶναι

2239 1041 2325 1097 καὶ
2369 1040 2452 1099 διὰ
2483 1044 2542 1098 τὸ
2569 1049 2695 1114 πᾶν,
2757 1045 2818 1100 τὸ
2873 1045 3015 1122 παρὰ
3057 1055 3150 1103 τοῦ
3193 1046 3312 1101 Υἰοῦ
3352 1048 3664 1124 γεγενῆσθαι
3722 1045 3892 1124 λεγό-

2241 1150 2420 1206 μενον,
2467 1133 2597 1211 πρὸς
2640 1133 2738 1199 τὴν
2780 1136 2998 1212 πρώτην
3050 1134 3216 1190 αἰτίαν
3274 1136 3372 1202 τὴν
3405 1135 3669 1214 ἀναφορὰν
3712 1134 3884 1214 ἔχειν.

2243 1220 2340 1276 Καὶ
2382 1219 2544 1276 ταῦτα
2595 1221 2689 1296 μὲν
2730 1219 2813 1276 διὰ
2866 1223 2928 1276 16
2978 1229 3070 1278 τοῦ
3127 1221 3359 1301 μεγάλου
3416 1223 3692 1282 Βασιλείου
3747 1222 3892 1289 ἀξιό-

2236 1329 2444 1380 πιστον,
2535 1308 2672 1365 οὕτω
2726 1310 2790 1364 τὰ
2873 1311 2989 1389 περὶ
3058 1316 3155 1378 τῆς
3213 1318 3304 1368 τοῦ
3361 1313 3663 1387 Πνεύματος
3717 1313 3888 1374 αἰτίας

2236 1392 2609 1472 ἐξηγουμένου,
2685 1397 2981 1474 ἀρκούντως
3042 1399 3139 1473 μὲν
3182 1397 3328 1456 δοκεῖ
3386 1398 3533 1479 ἔχειν
3590 1403 3662 1464 εἰς
3714 1402 3890 1480 παρά-

2237 1505 2420 1540 στασιν
2487 1494 2580 1543 τοῦ
2648 1485 2725 1560 μὴ
2783 1483 2871 1543 δύο
2914 1487 3080 1550 αἰτίας
3136 1491 3369 1544 νοεῖσθαι
3432 1489 3523 1544 τοῦ
3583 1489 3889 1565 Πνεύματος

2225 1573 2318 1629 τὸν
2356 1572 2563 1651 Πατέρα
2605 1575 2691 1630 καὶ
2720 1575 2809 1629 τὸν
2839 1577 2982 1654 Υἱὸν,
3018 1574 3141 1633 ὅταν
3169 1597 3249 1638 τις
3293 1575 3353 1632 ἐκ
3407 1584 3498 1633 τοῦ
3548 1578 3766 1658 ΙΙατρὸς
3796 1579 3885 1633 καὶ

2221 1667 2312 1716 τοῦ
2355 1665 2476 1744 Υἱοῦ
2517 1663 2656 1718 εἶναι
2701 1662 2834 1740 λέγῃ
2872 1666 2932 1719 16
2962 1665 3185 1740 Πνεῦμα
3209 1666 3270 1722 τὸ
3299 1665 3470 1744 ἅγιον,

2309 1740 2406 1828 ιγ’.
2443 1749 2588 1808 Ἐπεὶ
2643 1751 2695 1808 δὲ
2756 1755 2828 1818 εἷς
2889 1753 3174 1832 ἀπολογίαν
3230 1740 3358 1810 τῶν-
3385 1753 3601 1813 Ἰταλῶν
3648 1758 3676 1812 6
3717 1754 3882 1832 λόγος

2230 1837 2585 1918 προϐάλλεται
2655 1843 2716 1898 τό
2791 1847 2888 1909 τῆς
2959 1843 3324 1923 ἐκπορεύεσθαι
3393 1844 3580 1910 λέξεως
3637 1843 3887 1902 ἰσοδύνα-

2233 1951 2332 2002 μον
2393 1931 2524 2008 πρὸς
2595 1929 2654 1986 τὰ
2711 1930 2956 2010 προϊέναι
2997 1954 3053 1988 τε
3123 1935 3211 1988 καὶ
3271 1933 3648 2013 προέρχεσθαι,
3707 1955 3885 1989 κατα-

2229 2019 2515 2095 στρωθήτω
2575 2041 2667 2094 μοι
2726 2017 2827 2074 ὧδε
2883 2021 2970 2076 καὶ
3012 2021 3077 2077 τὰ
3117 2027 3222 2076 τῶν
3281 2022 3442 2099 ἁγίων
3485 2023 3642 2102 ῥητὰ,
3688 2020 3738 2087 ἐξ
3807 2025 3883 2076 ὧν

2229 2128 2321 2179 μοι
2380 2105 2744 2183 διαγινώσκειν
2800 2108 3059 2187 ἐγγίνεται
3117 2113 3190 2173 ὡς
3253 2113 3375 2189 οὐχὶ
3438 2111 3596 2187 μόνον
3648 2114 3709 2167 16
3780 2117 3884 2179 τῆς

2230 2194 2589 2274 ἐκπορεύσεως
2662 2197 2858 2273 ὄνομα,
2933 2197 3069 2256 ἀλλὰ
3136 2200 3221 2255 καὶ
3292 2199 3445 2256 ἄλλαι
3504 2201 3642 2265 τινὲς
3713 2198 3883 2266 λέξεις

2232 2282 2488 2362 λαμπρῶς
2546 2289 2634 2342 καὶ
2693 2288 3111 2352 ἀνεπισκιάστως
3168 2289 3252 2344 ἐπ’
3302 2293 3465 2356 αὐτῆς
3526 2295 3625 2357 τῆς
3675 2290 3734 2346 ἐκ
3791 2296 3886 2345 τοῦ

2233 2373 2446 2452 Πατρός
2503 2373 2778 2440 οῦσιώδους
2849 2383 2940 2434 τοῦ
2997 2377 3311 2452 ΙΙνεύματος
3362 2376 3626 2458 ῦπαρξεως
3683 2378 3886 2454 ἐκλαμο

2232 2459 2500 2524 ϐάνονται.
2573 2465 2766 2522 Αὐτίκα
2831 2467 2928 2543 γὰρ
3004 2469 3031 2521 6
3109 2467 3275 2543 μέγας
3349 2466 3621 2529 Βασίλειος
3680 2467 3732 2522 ἐν
3807 2475 3886 2542 τῷ

2238 2547 2444 2626 ἑϐδόμῳ
2475 2559 2578 2608 τῶν
2609 2553 2760 2631 ΙΙρὸς
2819 2553 3171 2635 Ἀμφιλόχιον
3203 2554 3523 2636 κεφαλαίων,
3559 2557 3692 2631 μετὰ
3733 2558 3797 2612 τὸ
3829 2556 3884 2611 ἐν

2231 2636 2416 2702 ἄλλαις
2471 2639 2698 2706 πολλαῖς
2759 2640 2926 2706 λέξεσι
2985 2645 3298 2722 παρατίθησι
3340 2645 3436 2710 τὴν
3493 2655 3584 2703 τοῦ
3640 2646 3896 2721 ΙΙνεύμα-

2228 2749 2315 2790 τος
2380 2731 2656 2786 κοινωνίαν
2711 2731 2840 2810 πρὸς
2910 2735 2999 2788 τὸν
3072 2729 3286 2812 Πατέρα
3327 2735 3414 2789 καὶ
3457 2733 3546 2789 τόν
3594 2735 3735 2812 Υἱὸν,
3795 2735 3884 2789 καὶ

2227 2817 2391 2872 ταῦτά
2447 2840 2605 2897 φησιν
2640 2834 2655 2849 ⁸
2717 2843 2744 2874 (ι
2796 2821 2891 2877 Καὶ
2956 2825 3048 2879 οὐκ
3117 2821 3346 2877 ἐντεῦθεν
3390 2821 3550 2894 μόνον
3593 2827 3690 2888 τῆς
3742 2823 3884 2878 κατὰ

2225 2903 2323 2970 τὴν
2353 2905 2505 2984 φύσιν
2547 2908 2818 2970 κοινωνίας
2843 2911 2878 2977 ἡ
2910 2907 3194 2990 ἀπόδειξις,
3241 2908 3360 2965 ἀλλ’
3411 2908 3494 2965 ὅτι
3530 2911 3617 2966 καὶ
3669 2909 3729 2966 ἐκ
3787 2916 3882 2967 τοῦ

2227 2993 2358 3049 Θεοῦ
2401 2995 2542 3051 εἶναι
2571 2995 2802 3074 λέγεται,
2835 2997 2936 3076 οὐχ
2993 2999 3063 3063 ὡς
3108 3000 3174 3053 τὰ
3221 2999 3392 3054 πάντα
3452 2998 3512 3055 ἐκ
3567 3009 3658 3057 τοῦ
3712 3002 3872 3072 Θεοῦ,

2226 3080 2344 3138 ἀλλ’
2389 3085 2462 3148 ὡς
2499 3090 2559 3140 ἐκ
2605 3095 2697 3144 τοῦ
2754 3093 2884 3145 Θεοῦ
2941 3086 3214 3167 προελθὸν,
3272 3086 3330 3143 οὗ
3386 3093 3651 3166 γεννητῶς
3711 3090 3788 3154 ὡς
3850 3091 3879 3144 6

501 3181 746 3262 Eritque
771 3199 846 3244 ne
874 3180 1211 3242 mortalium
1237 3180 1512 3260 cuiquam
1545 3177 1885 3250 obscurum,
1919 3177 1980 3237 in
2011 3177 2138 3238 bis-

2229 3171 2372 3250 Υἱὸς,
2417 3170 2538 3230 ἀλλ’
2595 3175 2669 3236 ὡς
2735 3173 2960 3250 Πνεῦμα
3019 3174 3282 3250 στόματος
3340 3175 3538 3231 αὐτοῦ·
3601 3181 3700 3244 τῆς
3776 3179 3876 3254 μὲν

503 3289 570 3333 ce
592 3269 938 3343 dictionem,
979 3295 1005 3326 ι(
1040 3269 1247 3350 egredi
1273 3267 1808 3350 Spiritumex-Deo
1842 3286 1958 3328 non
1981 3266 2146 3346 geni-

502 3366 626 3419 tum
656 3367 718 3420 ut
745 3358 1095 3435 Filium,sed
1121 3369 1185 3419 ut
1214 3357 1498 3439 Spiritum
1532 3357 1651 3418 oris
1683 3357 1828 3435 ejus,
1863 3380 1886 3413 υ
1928 3374 1996 3416 ex
2032 3358 2143 3415 Pa-

507 3455 599 3508 tre
620 3447 1020 3520 essentialem,
1046 3455 1105 3508 et
1131 3448 1459 3508 naturalem
1499 3445 1686 3526 ipsius
1736 3444 2141 3505 exsistentiam

503 3534 842 3596 connotari‘?
874 3537 1115 3614 Magnus
1146 3544 1203 3595 et
1224 3535 1706 3597 admirandorum
1742 3534 1987 3594 eﬂ'ector
2004 3531 2142 3595 Gre-

501 3623 700 3703 gorius
737 3622 1234 3685 Neocaesariensis
1284 3623 1598 3703 episcopus
1656 3622 1943 3701 oratione,
1973 3623 2146 3701 cujus

501 3711 886 3793 principium,
923 3735 949 3768 α
984 3711 1388 3774 Inimicissimi
1416 3721 1476 3773 et
1505 3710 1684 3772 alieni
1719 3711 1790 3771 ab
1823 3711 2145 3791 apostolica

500 3800 878 3862 confessione
931 3809 1089 3874 sunt,
1143 3801 1244 3882 qui
1295 3801 1505 3862 Filium
1561 3819 1628 3861 ex
1690 3799 1786 3866 iis.
1848 3819 1979 3880 quae
2026 3819 2142 3860 non

499 3889 1566 3970 exstant,assuerunt,inquit:Domini
1593 3891 1764 3950 Pater
1786 3889 2140 3968 principium

500 3985 613 4051 est,
641 3977 708 4039 sb
736 3985 957 4038 aeterno
983 3997 1115 4039 eum
1143 3996 1457 4056 generans,
1489 3986 1546 4039 et
1575 3977 1859 4038 Dominus
1891 3986 1978 4038 est
2000 3996 2141 4056 pro-

435 4091 445 4104 ε
495 4074 737 4148 rotypus
759 4065 1158 4147 Spiritus.»Et
1181 4075 1316 4146 post
1343 4074 1554 4146 paucat
1575 4065 1796 4126 ibidem
1824 4088 1837 4127 :
1867 4066 2138 4146 «Ingeni-

497 4162 592 4216 tus
614 4174 747 4217 cnm
780 4155 854 4217 sit
887 4159 1075 4230 Pater,
1109 4159 1342 4234 genitus
1371 4173 1509 4219 vero
1542 4174 1612 4216 ex
1645 4155 1816 4218 Patre
1845 4156 2049 4231 Filius,
2086 4163 2143 4238 et

505 4242 759 4325 Spiritus
791 4263 857 4306 ex
883 4244 1141 4306 essentia
1170 4245 1360 4308 Patris
1386 4264 1490 4324 per
1521 4245 1730 4306 Filium
1781 4245 2141 4324 sempiterue

496 4333 770 4396 emissus.
873 4333 1016 4406 Quis
1047 4335 1107 4395 in
1163 4334 1406 4395 dubium
1457 4335 1719 4406 verterit,
1751 4337 1998 4396 emissus
2028 4335 2141 4395 hoc

495 4422 734 4497 inloco,
770 4442 888 4485 non
921 4432 1092 4486 tantae
1139 4442 1270 4485 esse
1321 4423 1572 4498 virtutis,
1631 4423 1701 4483 ad
1765 4423 2138 4484 essentialem

495 4509 749 4592 Spiritus
781 4513 1184 4575 exsistentiam
1219 4511 1826 4585 commonstraudam,
1861 4521 2136 4591 quantam

495 4600 764 4676 haberet,
799 4602 847 4664 si
881 4603 1215 4684 oppositum
1244 4602 1470 4683 fuisset,
1492 4599 1846 4682 procedens?
1873 4600 2141 4662 Theodo-

495 4708 603 4768 gus
628 4690 944 4771 Gregorius
964 4692 1264 4754 nonnullis
1293 4709 1527 4752 suarum
1553 4689 1936 4770 scriptionum
1969 4691 2137 4764 locis,

499 4779 723 4840 «Audis
751 4782 1224 4859 generationem?
1253 4781 1491 4842 modum
1522 4799 1594 4842 ne
1619 4779 1912 4842 curiosius
1943 4780 2143 4841 inves-

498 4865 698 4945 tigato.
739 4869 927 4931 Audis
954 4869 1239 4950 Spiritum
1273 4888 1341 4931 ex
1374 4872 1547 4932 Patre
1581 4867 1906 4949 progredi?
1954 4870 2139 4931 ratio-

495 4973 632 5016 nem
665 4975 743 5018 ne
775 4958 948 5019 anxie
975 4958 1288 5039 inquirito.
1335 4958 1500 5030 Quod
1534 4958 1583 5018 si
1625 4957 1757 5019 Filii
1787 4959 2137 5036 generatio-

493 5051 552 5104 et
573 5041 831 5124 Spiritus
881 5065 1257 5125 progressum
1301 5047 1589 5108 sollicitus
1634 5047 1992 5123 exterebras,
2024 5044 2136 5126 ego

494 5151 730 5214 quoque
759 5152 792 5194 a
818 5141 875 5194 te
906 5135 1318 5214 pervestigabo
1342 5135 1555 5196 animae
1584 5143 1642 5196 et
1669 5135 1939 5214 corporis
1986 5137 2134 5197 mis-

491 5222 739 5284 tionem.
768 5247 796 5278 ι
821 5221 963 5294 Quis
1015 5223 1112 5284 hic
1159 5221 1431 5286 audiens.
1488 5221 1772 5303 Spiritum
1803 5225 2080 5303 progredi
2104 5244 2137 5286 a

493 5314 686 5386 Patre,
719 5311 881 5374 aliud
911 5310 1233 5373 dictionem
1284 5321 1490 5373 notare
1539 5313 1921 5388 existimabit,
1960 5333 2133 5395 quam

489 5398 638 5461 illud
660 5400 902 5478 idem,si
922 5403 1050 5462 loco
1083 5401 1241 5461 illius
1272 5401 1650 5464 substitutum
1675 5403 1904 5477 fuisset,
1924 5423 2132 5484 proce-

489 5487 650 5570 dere,
683 5489 870 5570 ipsam
905 5491 1132 5553 scilicet
1161 5509 1230 5552 ex
1266 5493 1438 5553 Patre
1463 5493 1836 5554 essentialem
1867 5505 1926 5556 et
1956 5503 2129 5555 natu-

489 5568 676 5630 ralem
709 5568 998 5652 Spiritus
1046 5570 1496 5634 exsistentiam‘?
1525 5571 1687 5634 Idem
1745 5576 2009 5636 oratione
2060 5574 2132 5637 ad

487 5655 785 5722 Heronem
828 5659 1247 5743 philosophum
1271 5661 1354 5722 ait
1387 5682 1399 5722 :
1441 5661 1629 5732 «Quin
1661 5662 1897 5743 pietatis
1917 5673 2133 5728 nostra;

2227 3260 2549 3327 οἰκειότητος
2580 3259 2911 3336 δηλουμένης
2970 3261 3208 3338 ἐνταῦθα,
3270 3271 3360 3319 τοῦ
3414 3261 3468 3319 δὲ
3531 3266 3725 3344 τρόπου
3776 3266 3877 3334 τῆς

2226 3346 2489 3426 ὑπάρξεως
2561 3348 2782 3428 ἆῤῥήτου
2852 3351 3270 3432 φυλασσομένου.
3345 3354 3452 3410 Τίνι
3509 3359 3614 3409 τῶν
3656 3355 3874 3412 πάντων

2227 3434 2420 3503 ἄδηλον
2478 3440 2550 3503 ὡς
2597 3439 2814 3496 ἐνταῦθα
2854 3444 2889 3508 ἡ
2949 3439 3086 3506 λέξις
3132 3443 3166 3509 ἡ
3229 3447 3323 3499 τοῦ
3387 3462 3411 3497 ιι
3461 3440 3738 3520 προελθεῖν
3813 3445 3876 3501 τὸ

2227 3526 2450 3602 Πνεῦμα
2507 3526 2568 3584 ἐκ
2621 3535 2711 3584 τοῦ
2757 3537 2885 3586 Θεοῦ
2929 3532 2988 3586 οὗ
3028 3536 3300 3608 γεννητῶς
3355 3532 3429 3594 ὡς
3473 3533 3500 3586 ὁ
3559 3533 3701 3606 Υἱὸς,
3752 3531 3880 3589 ἀλλ’

2230 3617 2303 3676 ὡς
2362 3617 2586 3692 Πνεῦμα
2629 3620 2890 3694 στόματος
2917 3621 3093 3692 αὐτοῦ,
3133 3642 3161 3674 n
3218 3619 3379 3686 αὐτὴν
3409 3619 3505 3686 τὴν
3537 3619 3597 3676 ἐκ
3658 3622 3875 3701 Πατρὸς

2230 3705 2457 3775 οὒσιώδη
2531 3711 2616 3765 καὶ
2699 3712 2922 3789 φυσικὴν
2991 3709 3153 3777 δηλοῖ
3224 3713 3380 3769 αὐτοῦ
3451 3710 3715 3792 ὕπαρξιν,
3819 3704 3875 3770 Ὀ

2230 3794 2396 3874 μέγας
2451 3799 2539 3853 καὶ
2589 3801 2989 3877 Θαυματουργὸς
3056 3798 3368 3877 Γρηγόριος,
3461 3802 3874 3880 Νεοκαισαρείας

2228 3886 2531 3966 ἐπίσκοπος,
2566 3889 2617 3946 ἐν
2652 3897 2727 3962 τῷ
2771 3889 2936 3968 λόγῳ,
2991 3892 3050 3946 οὗ
3093 3892 3127 3957 ἡ
3171 3891 3340 3970 ἀρχὴ,
3407 3911 3431 3946 ιι
3472 3879 3758 3970 ’Ἐχθιστοι
3793 3895 3882 3948 καὶ

2227 3976 2492 4057 ἀλλότριοι
2555 3985 2653 4047 τῆς
2712 3978 3070 4046 ἂποστολικῆς
3127 3979 3412 4059 ὁμολογίας
3485 3983 3531 4036 οἱ
3587 3981 3677 4036 τὸν
3753 3983 3874 4037 Υἱὸν

2224 4065 2275 4131 ἐξ
2305 4066 2400 4123 οὒκ
2453 4065 2617 4124 ὄντων
2674 4067 2942 4146 λέγοντες,
2987 4092 3008 4124 ι
3047 4070 3205 4147 φησὶν
3235 4067 3338 4143 ὅτι,
3379 4091 3407 4122 α
3464 4077 3566 4126 Τοῦ
3617 4070 3801 4147 Κυρίου
3847 4073 3874 4125 6

2225 4157 2418 4235 Πατὴρ
2460 4157 2628 4236 ἀρχὴ,
2663 4156 2846 4222 ἀϊδίως
2895 4159 3049 4217 αὐτὸν
3105 4159 3399 4237 γηννήσας,
3457 4159 3545 4213 καὶ
3586 4161 3870 4236 πρωτότυ-

2222 4267 2322 4310 πος
2353 4251 2444 4301 τοῦ
2475 4247 2787 4321 ΙΙνεύματος
2820 4249 2847 4302 ὁ
2881 4247 3088 4327 Κύριος.
3145 4269 3168 4302 ι
3230 4248 3325 4304 Καὶ
3355 4246 3488 4321 μετὰ
3531 4267 3648 4305 τινα
3709 4247 3762 4303 ἐν
3794 4255 3872 4324 τῷ

2223 4336 2363 4407 αύτῷ
2410 4350 2424 4364 ⁶
2478 4355 2502 4389 (ι
2536 4332 2851 4413 Ἀγεννήτου
2907 4337 3004 4411 μὲν
3062 4334 3210 4400 ὄντος
3253 4337 3346 4391 τοῦ
3399 4335 3616 4412 ῙΙατρὸς
3673 4357 3866 4413 γεννησ-

2221 4422 2398 4486 θέντος
2447 4423 2500 4478 δὲ
2555 4432 2646 4480 τοῦ
2692 4424 2812 4479 Υἷοῦ
2869 4422 2928 4480 ἐκ
2985 4425 3224 4503 Πατρὸς,
3289 4431 3380 4480 τοῦ
3437 4445 3495 4479 τε
3549 4425 3875 4501 ΙΙνεύματος

2224 4510 2284 4567 ἐκ
2311 4517 2410 4578 τῆς
2440 4513 2614 4578 οὐσίας
2665 4519 2755 4569 τοῦ
2815 4514 3030 4592 ΙΙατρὸς
3080 4511 3146 4592 δι⁶
3209 4515 3328 4570 Υἰοῦ
3381 4511 3565 4576 ἆῐδίως
3623 4513 3872 4596 ἐκπεμφ-

2221 4599 2418 4664 θέντος.
2459 4622 2483 4658 ι
2519 4601 2607 4664 Τίς
2639 4600 2932 4680 ἀμφικαλεϊ
2960 4599 3040 4658 ὅτι
3099 4604 3163 4657 αὸ
3207 4601 3594 4680 ἐκπεμφθέντος
3653 4601 3873 4663 ἐνταῦθα

2224 4689 2483 4756 τοσαύτην
2525 4690 2678 4769 ἰσχὺν
2723 4688 2844 4769 ἔχει
2889 4691 2961 4754 εἰς
3019 4691 3116 4755 τὴν
3212 4695 3311 4757 τῆς
3365 4688 3646 4754 οὗσιώδους
3705 4693 3876 4773 ὑπάρ-

2226 4775 2344 4850 ξεω,
2391 4788 2482 4834 του
2524 4779 2837 4854 ΙΙνεύματος
2896 4776 3148 4859 δήλωσιν,
3194 4776 3325 4846 ὅσην
3381 4776 3444 4834 ἄν
3503 4792 3658 4859 εῖχεν
3689 4782 3733 4837 εἰ
3776 4784 3867 4839 καὶ

2223 4867 2284 4922 τὸ
2337 4865 2738 4946 ἒχπορευθέντος
2823 4866 3023 4948 ἓκειτος
3109 4858 3164 4924 ιΟ
3237 4865 3499 4946 Θεολόγος
3564 4858 3866 4949 νΓρηγόριος

2224 4953 2275 5011 ἕν
2305 4977 2409 5011 τισι
2440 4957 2546 5012 τῶν
2589 4961 2747 5015 αὐτοῦ
2804 4955 2967 5021 οὕτως
3022 4955 3123 5037 ἔφη
3159 4953 3177 4988 ⁶
3241 4978 3270 5010 α
3305 4953 3539 5021 Ἀκούεις
3571 4957 3816 5034 γέννησιν
3847 4980 3864 5042 ς

2218 5047 2280 5100 16
2350 5051 2465 5108 πῶς
2523 5044 2601 5121 μή
2695 5044 3061 5124 περιεργάζου.
3136 5044 3373 5108 Ἀκούεις
3467 5043 3546 5100 ὅτι
3647 5047 3872 5124 Πνεῦμα

2216 5135 2403 5211 προϊόν
2463 5133 2521 5190 έκ
2567 5133 2658 5190 τοῦ
2699 5134 2964 5214 Ila-spec;
3014 5134 3074 5191 16
3131 5133 3276 5196 ὅπως
3351 5133 3429 5209 μὴ
3485 5132 3874 5214 πολυπραγμό-

2219 5244 2317 5280 νει.
2395 5225 2452 5279 Εἰ
2520 5220 2575 5278 δὲ
2636 5221 3103 5303 πολυπραγμονεῖς
3194 5223 3314 5280 Υἱοῦ
3407 5221 3678 5304 γέννησιν,
3778 5228 3869 5283 καὶ

2218 5311 2545 5387 ΙΙνεύματος
2619 5310 2866 5391 πρόοδον,
2951 5315 3102 5391 κάγὼ
3172 5334 3265 5368 σου
3318 5309 3745 5390 πολυπραγμονῶ
3813 5317 3874 5372 τὸ

2215 5408 2397 5478 κρᾶμα
2462 5407 2645 5482 ψυχῆς
2720 5405 2807 5460 καὶ
2879 5403 3150 5479 σώματος.
3239 5403 3326 5466 Τίς
3397 5401 3601 5457 ἀκούων
3659 5402 3874 5462 ἐνταῦθα

2216 5493 2408 5567 προϊὸν
2459 5493 2520 5547 τὸ
2579 5494 2804 5568 Πνεῦμα
2855 5492 2915 5549 ἐκ
2957 5501 3049 5550 τοῦ
3092 5489 3331 5571 Πατρὸς,
3390 5488 3520 5545 ἄλλο
3576 5511 3626 5545 τι
3683 5489 3873 5558 δῆλοῦν

2213 5580 2310 5647 τὴν
2342 5579 2479 5646 λέξιν
2534 5582 2795 5656 οἰήσεται,
2854 5582 2890 5648 ἢ
2933 5581 3108 5638 ἐκεῖνο
3162 5580 3290 5660 ὅπερ
3320 5577 3383 5635 ἂν
3437 5579 3481 5633 εἰ
3539 5579 3625 5634 καὶ
3666 5581 3728 5635 16
3777 5580 3872 5636 ἐκ·-

2213 5671 2565 5749 πορευόμενον
2638 5669 2834 5732 ἕκεϊτο.
2887 5671 3050 5738 αὐτὴν
3109 5667 3316 5737 δηλαδὴ
3384 5670 3480 5737 τὴν
3542 5665 3602 5723 ἐκ
3655 5669 3873 5752 Πατρὸς
