4142 6286
456 382 535 455 55
1531 392 1801 457 JOANN.
1838 393 2058 458 VECCI
2085 392 2127 453 C

2231 392 2765 454 PATRIARCHzE.
3774 372 3855 441 56

457 523 721 603 propria,
751 530 809 583 et
832 525 952 601 jam
991 522 1355 598 intelligatur
1413 524 1736 584 secundum
1771 541 1834 583 se
1883 522 2130 602 ipsum,.

2218 520 2346 602 Βικῇι
2401 525 2487 578 καὶ
2543 521 2607 590 δὴ
2652 536 2853 579 νοεῖται
2914 521 3030 578 καθ’
3088 523 3265 594 ἑαυτὸ,
3341 519 3456 577 καθ’
3557 518 3585 575 ὅ
3644 523 3858 591 Πνεῦμα

455 629 570 691 qua
600 610 855 690 Spiritus
881 620 992 684 est,
1027 618 1086 671 et
1119 630 1233 671 nnn
1291 612 1494 691 Filius,
1543 620 1947 672 verumtamen
1999 629 2118 671 non

2218 612 2286 666 ιαὶ
2342 613 2443 689 οὐχ
2490 612 2632 685 Υἱὸς,
2705 608 2824 667 ἀλλ’
2895 610 3037 666 ἐστιν
3137 612 3231 666 οὑκ
3328 607 3600 687 ἀλλότριον
3674 610 3855 665 αὑτοῦ.

458 707 547 760 cst
573 699 805 761 alienus
836 700 908 761 ab
936 719 1004 761 eo
1032 718 1046 771 ;
1085 699 1341 779 Spiritus
1364 701 1521 761 enim
1555 701 1814 761 veritatis
1848 701 2114 780 appella-

2218 701 2412 773 1νεῦμα
2456 700 2554 777 γὰρ
2623 698 2874 766 ἀληθείας
2917 700 3247 776 ὠνόμασται,
3310 699 3396 754 καὶ
3466 698 3576 754 ἔστι
3639 703 3862 767 Χριστὸς

457 796 548 850 tus
577 797 685 869 est,
715 797 771 850 et
792 797 877 852 est
907 789 1171 851 Christus
1190 790 1423 867 veritas,
1452 797 1510 849 et
1539 789 1867 850 effunditur
1893 789 1963 851 ab
1984 790 2114 868 ipso

2218 786 2505 859 ιάλήθεια,
2538 791 2624 846 καὶ
2654 803 2942 867 προχεῖται
3002 787 3127 865 παρ’
3189 790 3369 867 αὑτοῦ,
3431 787 3665 863 καθάπερ
3721 781 3856 856 ἀμὲ·

457 877 687 956 eadem,
726 896 842 957 qua
886 885 943 938 et
987 896 1021 937 a
1078 880 1251 938 Patre
1302 879 1555 938 ratione.
1600 904 1620 931 υ
1661 878 1811 949 Quid
1848 880 1944 938 hic
1976 878 2066 938 ais
2088 879 2117 934 ‘!

2218 884 2281 930 te:
2340 877 2427 931 καὶ
2456 876 2515 932 ἐκ
2556 879 2648 932 τοῦ
2693 877 2919 955 Πατρός.
2963 901 2986 930 ι)
3050 878 3110 934 Τί
3163 875 3267 954 φης
3331 876 3547 931 ἐνταῦθα
3590 874 3706 952 περὶ
3765 880 3863 930 τοῦ

456 965 783 1027 Videturne
831 966 960 1039 tibi,
1009 966 1083 1025 de
1126 967 1426 1027 essentiali
1479 972 1822 1028 exsisteutm
1868 967 2121 1048 Spiritus

2218 963 2466 1030 ιῦσιωδῶς
2510 966 2771 1045 ὑπάρχειν
2822 967 2882 1022 τὸ
2936 968 3145 1040 Πνεῦμα
3197 965 3249 1030 ἐξ
3308 967 3476 1043 Υἱοῦ,
3559 972 3722 1021 Δοκεῖ
3767 982 3855 1017 σοι

456 1072 523 1115 ex
583 1054 730 1116 Filio
784 1073 1120 1115 sermonem
1176 1054 1406 1128 haberi,
1469 1076 1601 1116 rum
1658 1067 1895 1119 sanctus
1951 1055 2115 1121 dicit.

2218 1056 2469 1109 ποιεῖσθαι
2512 1055 2602 1109 τὸν
2661 1053 2820 1131 λόγον
2865 1056 2893 1110 ὁ
2952 1052 3126 1132 ἅγιος,
3184 1056 3508 1132 προχεῖσθαι
3567 1051 3739 1129 λέγων
3798 1050 3863 1104 τὸ

456 1141 676 1204 effundi
709 1142 993 1224 Spiritum
1026 1162 1059 1203 a
1087 1143 1235 1205 Filio
1266 1162 1433 1223 aeque
1480 1154 1658 1224 atque
1696 1143 2018 1206 effunditur
2046 1142 2118 1204 ab

2218 1148 2413 1217 1νεῦμα
2441 1143 2583 1220 παρὰ
2637 1142 2731 1200 τοῦ
2803 1145 2921 1199 Υἱοῦ
3012 1142 3243 1221 καθάπερ
3302 1141 3485 1217 ἀμέλει
3514 1142 3602 1197 καὶ
3659 1138 3710 1204 ἐξ
3755 1140 3861 1224 αῦ-

455 1231 583 1311 ipso
616 1217 832 1294 Patre?
882 1250 956 1293 an
994 1250 1134 1293 vero
1184 1232 1260 1293 de
1295 1217 1585 1293 donorum
1618 1232 2120 1312 dispensatione?

2218 1232 2293 1286 τοῦ
2361 1233 2453 1286 τοῦ
2512 1217 2736 1309 Πατρὸς,
2783 1232 2817 1299 ἢ
2862 1236 2979 1310 περὶ
3024 1217 3371 1311 χαρισμάτων
3435 1229 3744 1307 Sinop-Bc;
3795 1217 3856 1284 ¢0

455 1319 619 1381 Idem
647 1319 803 1381 libro
834 1321 1095 1382 secundo
1122 1320 1586 1394 Thesaurorum,
1630 1340 1906 1384 sermone
1939 1322 2112 1400 cujus

2218 1320 2354 1382 ιῦτὸς
2399 1320 2451 1375 ἐν
2524 1328 2600 1393 τῷ
2659 1318 2882 1400 δευτέρῳ
2923 1327 3027 1377 τῶν
3108 1326 3420 1398 Θησαυρῶν,
3486 1318 3539 1375 ἐν
3579 1325 3656 1393 τῷ
3712 1314 3864 1394 λόγῳ

454 1409 557 1470 illa
603 1410 930 1489 epigraphe
978 1417 1087 1482 est,
1130 1431 1156 1469 ι
1189 1409 1273 1471 Ex
1322 1410 1582 1472 essentia
1640 1414 1830 1473 Patris
1883 1421 1941 1474 et
1972 1399 2111 1471 Filii

2218 1416 2254 1465 ιῦ
2306 1409 2340 1474 ἡ
2399 1409 2696 1487 ἐπιγραφὴ.
2766 1432 2792 1462 ιι
2831 1399 2961 1466 ΗΟτι
3018 1409 3079 1465 ἐκ
3119 1413 3218 1474 τῆς
3289 1408 3463 1471 οὐσίας
3509 1417 3602 1467 τοῦ
3651 1406 3860 1489 Πατρὸς

457 1485 742 1578 Spiritum
773 1485 1045 1560 sanctum
1078 1517 1230 1578 esse,
1267 1524 1292 1555 ο
1329 1499 1442 1561 ait:
1497 1524 1523 1555 (ι
1568 1502 1712 1562 Cum
1746 1500 1943 1581 itaque
1974 1498 2110 1579 Spi-

2218 1497 2280 1551 ιαὶ
2307 1504 2397 1552 τοῦ
2444 1499 2564 1556 Υἱοῦ
2604 1499 2665 1553 τὸ
2732 1505 2943 1574 Πνεῦμα
2989 1500 3050 1554 τὸ
3094 1498 3266 1575 ἅγιον,
3305 1520 3333 1553 »
3385 1498 3543 1578 φησίν
3579 1514 3592 1527 ⁸
3658 1518 3682 1552 ιι
3720 1485 3866 1552 “Ore

455 1586 606 1649 ritus
636 1595 874 1649 sanctus
896 1588 969 1648 ad
1001 1606 1110 1649 nos
1142 1588 1455 1661 accedens,
1482 1588 1820 1651 conformes
1848 1607 1955 1649 nos
1977 1588 2113 1649 efﬁ-

2218 1587 2374 1641 ιοίνυν
2411 1588 2473 1641 τὸ
2519 1592 2730 1661 Πνεῦμα
2785 1589 2845 1643 τὸ
2890 1588 3041 1664 ἅγιον
3094 1589 3151 1643 ἒν
3192 1587 3331 1661 ἡμῖν
3383 1586 3658 1663 γινόμενον
3718 1606 3863 1657 συμ-

458 1676 539 1737 cit
589 1678 730 1752 Deo,
792 1677 1167 1757 progreditur
1214 1695 1352 1738 vero
1411 1686 1468 1738 et
1526 1696 1594 1738 ex
1656 1676 1826 1738 Patre
1858 1686 1914 1738 et
1946 1677 2111 1752 Filio,

2218 1675 2425 1753 ιόρφους
2485 1678 2629 1750 ἡμᾶς
2685 1675 3010 1733 ἀποδεικνύει
3056 1683 3208 1749 Θεοῦ,
3283 1676 3488 1754 πρόεισι
3539 1672 3593 1730 δὲ
3654 1675 3741 1729 καὶ
3802 1671 3865 1728 ἐκ

460 1765 833 1826 manifestum
862 1774 952 1827 est
980 1765 1145 1826 illum
1178 1766 1393 1828 divinae
1424 1765 1697 1827 essentiae
1727 1785 1880 1829 esse.
1908 1784 2112 1827 essen-

2218 1767 2402 1843 Ιατρὸς
2433 1766 2522 1821 καὶ
2580 1768 2723 1835 Υἱοῦ,
2771 1764 3033 1844 πρόδηλον
3089 1765 3170 1821 ὅτι
3232 1764 3327 1832 τῆς
3383 1765 3522 1828 θείας
3580 1763 3716 1820 ἐστὶι
3768 1761 3867 1818 οῦ-

458 1853 683 1915 tialiter
711 1853 772 1914 in
803 1853 931 1934 ipsa
953 1862 1008 1916 et
1031 1874 1102 1916 ex
1130 1854 1257 1935 ipsa
1292 1854 1789 1935 progredientem,
1814 1855 2107 1935 quemad-

2218 1854 2346 1925 πίας,
2380 1851 2651 1916 οὺσιωδῶς
2681 1854 2734 1910 ἐν
2781 1857 2912 1930 αὐτῇ
2954 1856 3039 1911 καὶ
3085 1852 3136 1919 ἐξ
3194 1855 3355 1919 αὑτῆς
3411 1852 3601 1931 προίόν
3633 1869 3647 1883 ·
3684 1851 3869 1926 ὥσπερ

460 1942 702 2003 modum
736 1962 952 2022 nempe
1001 1962 1068 2005 ex
1116 1945 1373 2005 humano
1407 1962 1511 2004 ore
1540 1945 1710 2005 flatus
1763 1963 2106 2018 excurrens,

2218 1941 2281 1997 ‘Bv
2325 1942 2511 2016 ἀμέλει
2557 1944 2646 1999 καὶ
2706 1945 2765 1998 τὸ
2827 1943 2877 2008 ἐξ
2929 1942 3248 2021 ἀνθρωπείου
3307 1943 3569 2018 στόματος
3613 1940 3871 2019 ἐκτρέχον

457 2030 598 2092 licet
629 2012 932 2111 pusillum,
955 2050 1067 2093 nec
1100 2041 1274 2093 tantm
1314 2032 1615 2110 dignitatis
1647 2033 1980 2113 exemplum
2009 2012 2103 2093 sit:

2226 2031 2513 2110 μφύσημα,
2560 2033 2604 2087 εἰ
2664 2034 2753 2088 καὶ
2811 2034 2999 2111 μικρὸν
3054 2032 3144 2088 καὶ
3186 2034 3279 2089 οῦκ
3350 2029 3491 2096 ἄξιον
3540 2037 3631 2087 τοῦ
3703 2028 3871 2113 λόγου

461 2118 825 2200 Superenim
838 2120 1038 2182 omnia
1064 2123 1223 2183 Deus
1238 2130 1384 2183 est.»
1409 2121 1734 2184 Considera
1761 2122 1857 2182 hic
1878 2139 2113 2202 quoque
2192 2113 2222 2147 τ

2230 2108 2293 2174 ὀ.
2331 2108 2630 2197 ὑπόδειγμα
2666 2136 2680 2149 ⁵
2735 2108 2919 2176 πάντα
2957 2120 3058 2197 γὰρ
3130 2119 3381 2199 ὑπερέχει
3441 2121 3593 2184 Θεός.
3628 2139 3657 2177 ι
3723 2108 3875 2196 ’Ὁρα

461 2208 757 2288 quomodo
788 2208 1014 2272 Scribat
1057 2210 1467 2270 sanctissimus
1502 2209 1812 2289 Cyrillus,a
1856 2213 2109 2288 Progre-

462 2296 624 2357 ditur
669 2296 928 2373 Spiritus
976 2316 1045 2358 ex
1099 2297 1268 2358 Patre
1313 2305 1371 2358 et
1420 2297 1592 2369 Filio,
1633 2325 1653 2353 ιι
1708 2306 1765 2358 et
1809 2297 2112 2376 intelligis,

463 2385 859 2447 esscntialiter
889 2403 1025 2447 eum
1050 2385 1324 2466 progredi
1359 2393 1416 2447 et
1451 2404 1520 2445 ex
1557 2385 1728 2460 Filio,
1766 2405 1899 2447 cum
1933 2394 1991 2446 et
2021 2403 2120 2445 es—

466 2473 796 2536 scntialiter
827 2474 1073 2554 prodeat
1127 2474 1304 2535 etiam
1343 2493 1413 2535 ex
1462 2473 1655 2535 Patre.
1724 2474 1793 2535 Et
1847 2473 2125 2550 profundi

466 2562 730 2643 quidem,
761 2562 1131 2643 progredi,et
1159 2573 1657 2642 emanere,atque
1689 2564 1908 2624 similia
1928 2581 2128 2624 essen-

465 2651 664 2712 tialem
686 2650 943 2731 Spiritus
965 2670 1038 2714 ex
1063 2654 1233 2715 Patre
1251 2661 1309 2713 et
1337 2652 1485 2713 Filio
1519 2652 1923 2713 exsislentiam
1949 2656 2132 2713 deno-

468 2749 616 2814 tare,
648 2741 771 2820 jam
805 2741 1002 2816 dictis,
1055 2749 1119 2802 ut
1165 2751 1332 2822 puto,
1370 2740 1728 2803 testimoniis
1759 2742 1901 2804 satis
1932 2744 2124 2803 abun-

473 2829 669 2910 deque
699 2829 1164 2892 demonstratum
1190 2848 1297 2891 est.

558 2918 652 2982 l7.
686 2917 854 2990 Quod
886 2936 1023 2981 vero
1055 2919 1531 2982 consideratione
1566 2920 1806 2999 dignum
1852 2923 2029 2994 duco,
2068 2918 2123 2979 id

2194 2207 2458 2265 κάνταῦθα
2522 2214 2639 2272 πῶς
2711 2232 2874 2289 φησιν
2944 2211 2971 2265 ὁ
3033 2208 3204 2286 μέγας
3257 2209 3311 2264 ἐν
3369 2210 3536 2286 ἁγίοις
3581 2207 3868 2286 Κύριλλος,

2209 2317 2232 2352 ι
2267 2296 2478 2373 Πρόεισι
2507 2298 2570 2353 τὸ
2600 2304 2815 2372 Πνεῦμα
2858 2296 2920 2355 ἐκ
2971 2299 3179 2377 Πατρὸς
3229 2299 3317 2354 καὶ
3364 2300 3506 2369 Υἱοῦ,
3550 2321 3577 2352 ι
3639 2299 3727 2352 καὶ
3782 2297 3874 2352 σύ-

2204 2405 2287 2445 νες
2321 2382 2596 2448 οὑσιωδῶς
2655 2388 2782 2443 αὑτὸ
2838 2386 3085 2463 προϊέναι
3141 2388 3229 2442 καὶ
3284 2386 3345 2443 ἐκ
3393 2392 3483 2442 τοῦ
3533 2388 3655 2444 Υἱοῦ
3711 2386 3870 2442 ἐπει-

2206 2472 2371 2552 δήπερ
2433 2472 2704 2539 οὗσιωδῶς
2756 2497 2959 2551 προεισι
3016 2476 3105 2531 καὶ
3160 2474 3219 2531 ἐκ
3293 2476 3515 2554 Πατρός.
3570 2472 3723 2532 Ἀλλ’
3782 2474 3867 2531 ὅτι

2210 2563 2306 2638 μὲν
2348 2563 2410 2617 τὸ
2478 2567 2822 2643 προχεῖσθαι,
2880 2565 2968 2620 καὶ
3037 2562 3303 2644 προϊέναι,
3387 2565 3475 2620 καὶ
3526 2561 3866 2636 ἀναϐλύζειν,

2206 2652 2294 2707 καὶ
2364 2652 2430 2707 τὰ
2470 2662 2709 2722 τοιαῦτα,
2782 2655 2843 2709 τὸ
2906 2651 3171 2716 οὒσιωδῶς
3214 2650 3471 2732 ὑπάρχειν
3514 2654 3575 2709 τὸ
3635 2654 3869 2728 ΙΙνευμα

2205 2738 2452 2807 δηλοῦσιν
2483 2740 2543 2797 ἐκ
2571 2741 2789 2820 Πατρός
2837 2743 2923 2798 καὶ
2955 2744 3096 2815 Υἱοῦ,
3157 2740 3240 2797 διὰ
3281 2748 3384 2798 τῶν
3442 2743 3726 2821 ῥηθετσῶν,
3790 2745 3868 2806 ὡς

2206 2830 2364 2903 οἶμαι
2436 2836 2735 2908 μαρτυριῶν
2766 2832 2956 2896 ἱκανῶς
3001 2829 3384 2889 ἀποδέδεικται.

2292 2910 2380 2990 ιζ’.
2418 2911 2496 2978 u0
2541 2918 2596 2976 δέ
2644 2944 2734 2995 μοι
2793 2921 3008 2978 ἐνταῦθα
3065 2921 3370 2984 ἐπιστασίας
3410 2918 3649 2991 ἠξίωται,
3710 2931 3872 2980 τοῦτο

480 3026 642 3069 nunc
675 3007 898 3069 tradam
925 3008 1203 3073 orationi.
1238 3035 1258 3064 ι
1292 3010 1699 3087 Progreditur,
1751 3006 1897 3069 dixit
1951 3025 2125 3069 sanc—

2218 3007 2366 3064 Βώσω
2392 3016 2467 3083 τῷ
2497 3008 2663 3087 λόγῳ,
2719 3032 2743 3062 ιι
2793 3009 3046 3087 ΙΙρόεισιν
3073 3010 3228 3066 εἶπεν
3273 3012 3300 3065 ὁ
3330 3009 3477 3086 ἅγιος
3531 3011 3591 3064 τὸ
3635 3011 3871 3084 Πνεῦμα

479 3105 593 3171 tus,
651 3095 904 3177 Spiritus
959 3117 1029 3158 ex
1085 3097 1256 3160 Patre
1315 3107 1372 3159 et
1426 3098 1600 3169 Filio,
1668 3123 1690 3153 υ
1752 3103 1813 3160 et
1878 3096 2126 3157 duarum

476 3187 686 3249 harum
746 3187 1137 3267 hypostaseon
1201 3189 1389 3250 Patris
1460 3200 1519 3249 et
1575 3187 1711 3249 Filii
1768 3184 2130 3247 mentionem

478 3276 661 3351 fecit;
722 3282 842 3336 tum
894 3295 970 3337 ne
1022 3279 1153 3358 quis
1206 3296 1314 3357 per
1373 3279 1480 3339 has
1539 3277 1684 3338 duas
1744 3277 2128 3355 hypOstases,

477 3363 625 3426 duos
677 3363 929 3443 Spiritus
979 3385 1185 3427 causas
1235 3366 1441 3427 inferri
1473 3365 1896 3445 suspicaretur,
1932 3362 2127 3424 statim

476 3452 802 3531 subjuuxit,
845 3475 867 3508 ιι
903 3453 1070 3514 illum
1104 3455 1319 3516 divinae
1351 3474 1481 3516 esse
1514 3454 1811 3526 essentiae,
1849 3451 2130 3513 essentia-

475 3541 614 3603 liter
637 3540 699 3601 in
728 3539 882 3622 ipsa,
915 3551 974 3605 et
1005 3562 1073 3603 ex
1108 3542 1237 3623 ipsa
1269 3542 1739 3623 provenientem;
1782 3565 1804 3599 1)
1843 3540 1900 3600 in
1933 3540 2130 3617 singu-

473 3630 582 3693 lari
615 3648 862 3692 numero
894 3632 1174 3711 efferens,
1227 3632 1377 3693 nihil
1426 3632 1584 3693 aliud
1641 3648 1882 3710 prorsus
1922 3639 2127 3690 osten-

471 3720 581 3796 dit,
616 3737 963 3798 quam,cum
997 3738 1069 3781 ex
1094 3723 1267 3783 Patre
1300 3728 1359 3779 et
1383 3719 1534 3782 Filio
1558 3719 1790 3781 diceret
1819 3716 2126 3797 Spiritum,

473 3826 595 3870 non
652 3816 930 3888 tanquam
984 3828 1053 3870 ex
1107 3808 1341 3871 duabus
1393 3808 1588 3869 causis
1650 3826 1784 3869 eum
1833 3825 2126 3873 asserere,

472 3896 681 3958 Adhuc
738 3895 914 3957 etiam
983 3895 1354 3958 manifestius
1415 3914 1624 3957 rursus
1687 3893 2128 3968 demonstravit,

474 4004 599 4048 non
631 4003 763 4047 esse
797 3987 943 4048 duas
974 3983 1230 4066 Spiritus
1264 4003 1492 4060 causas,
1527 4004 1660 4046 cum
1716 3984 1819 4045 ille
1862 4003 1929 4044 ex
1963 3985 2134 4045 Patre

475 4082 534 4137 et
562 4073 712 4137 Filio
749 4074 1292 4155 progreditur,dum
1328 4074 1553 4148 subdit,
1580 4097 1603 4130 ιι
1637 4073 2136 4154 quemadmodum

473 4181 693 4245 nempe
722 4172 780 4226 et
810 4183 877 4226 ex
911 4165 1167 4225 humano
1200 4182 1302 4225 ore
1333 4165 1504 4225 flatus
1533 4180 1886 4225 excurrens.
1927 4186 1953 4216 »
1991 4160 2135 4225 Cum

476 4253 640 4315 enim
667 4261 841 4314 antea
869 4252 1132 4314 dixisset.
1173 4278 1198 4309 ιι
1233 4272 1303 4314 ει
1335 4252 1508 4314 Patre
1557 4261 1613 4314 et
1666 4251 1815 4313 Filio
1864 4250 2135 4330 progredi

474 4341 786 4423 Spiritum,
815 4362 843 4401 ι
884 4360 1000 4403 nou
1027 4341 1312 4404 adnexuit
1342 4340 1706 4412 inductioni,
1743 4339 2137 4421 quemadmo-

2209 3095 2270 3151 ἐκ
2313 3097 2527 3174 ΙΙατρὸς
2584 3098 2673 3152 καὶ
2726 3097 2869 3175 Υἱοῦ,
2912 3120 2932 3151 ι
2993 3099 3080 3153 καὶ
3135 3095 3222 3152 δύο
3265 3098 3461 3153 τούτων
3519 3097 3869 3153 ὑποστέσεων

2211 3185 2427 3261 Πατρὸς
2470 3188 2556 3241 καὶ
2594 3188 2714 3241 fio-3
2744 3185 3133 3260 ἐμνημόνευσεν
3180 3202 3193 3216 ’
3259 3183 3379 3241 εἶτα
3412 3185 3489 3259 μὴ
3533 3208 3611 3248 τις
3670 3184 3755 3243 διὰ
3804 3189 3869 3242 τὸ

2209 3271 2387 3328 ὃυϊκὸν
2444 3279 2547 3329 τῶν
2592 3274 2930 3330 ὑποστάσεων
2974 3276 3047 3337 ὡς
3100 3276 3164 3329 ἐκ
3231 3272 3317 3329 δύο
3369 3274 3546 3329 αἰτίων
3600 3274 3744 3329 εἶναι
3804 3277 3871 3330 τῦ

2212 3362 2435 3436 Πνεῦμα
2478 3363 2741 3435 οἱήσαιτο,
2802 3361 3042 3441 ἐπήγαγε
3086 3363 3340 3441 παρευθὺς
3400 3361 3479 3417 ὅτι
3557 3367 3656 3429 τῆς
3719 3364 3868 3426 θείας

2212 3450 2348 3507 ἐστὶν
2395 3450 2593 3524 οὐσίας,
2642 3449 2903 3515 οῦσιωδῶς
2945 3451 3000 3507 ἐν
3032 3454 3162 3527 αὑτῇ
3204 3453 3292 3508 καὶ
3350 3451 3400 3516 ἐξ
3449 3451 3612 3518 αὑτῆς
3643 3454 3865 3529 προϊὸν,

2214 3537 2396 3604 ἐνικιῦς
2454 3548 2608 3597 τοῦτο
2675 3541 2859 3612 εἰπὼν,
2917 3539 3061 3596 οῦδὲν
3146 3538 3277 3596 ἄλλο
3345 3540 3555 3604 πὰντως
3633 3538 3870 3599 ἐντεῦθεν

2214 3628 2501 3707 ἐμφαίνων,
2577 3628 2610 3696 ἢ
2682 3626 2762 3684 ὅτι
2817 3629 2878 3684 ἐκ
2936 3630 3150 3705 ΙΙατρὸς
3206 3630 3292 3685 καὶ
3363 3632 3482 3687 ι’ἱοῦ
3552 3626 3720 3707 λέγων
3804 3630 3870 3686 τοῦ

2213 3718 2459 3791 Πνεῦμα,
2507 3718 2609 3796 οὑχ
2652 3719 2725 3780 ὡς
2766 3719 2827 3772 'ex
2869 3715 2957 3773 δύο
3012 3719 3188 3774 αἰτίων
3234 3715 3376 3795 λέγει
3436 3718 3583 3776 αὑτό.
3632 3720 3732 3776 Καὶ
3788 3718 3867 3774 ἔτι

2213 3804 2268 3859 δὲ
2296 3803 2665 3884 ἀριδηλότερον
2737 3804 2896 3861 πάλιν
2968 3805 3183 3885 ἐνέφηνε
3254 3810 3332 3880 μη
3400 3804 3487 3861 δύο
3557 3806 3699 3862 εἶναι
3766 3809 3865 3869 τὰς

2215 3895 2379 3957 αἰτίας
2408 3900 2501 3950 τοῦ
2532 3895 2868 3969 ΙΙνεύματος,
2930 3896 3063 3952 κατὰ
3105 3896 3166 3949 τὸ
3219 3893 3279 3949 ἐκ
3337 3894 3554 3972 Ιγίατρὸς
3615 3896 3702 3950 καὶ
3741 3898 3871 3952 Υἱοῦ

2215 3983 2459 4058 προϊέται
2491 3983 2637 4053 αὐτὸ,
2671 3982 2727 4037 ἐτ
2781 3987 2858 4055 τῷ
2892 3981 3210 4060 ἐπαγαγεῖν,
3272 4005 3296 4036 ιι
3360 3971 3574 4061 ’Ὠσπερ
3605 3983 3693 4038 οὖν
3723 3982 3870 4058 ἀμέ-

2218 4073 2297 4131 λει
2349 4077 2435 4131 καὶ
2485 4076 2548 4131 τὸ
2590 4074 2640 4140 ἐξ
2698 4075 3017 4154 ἀνθρωπείου
3097 4075 3359 4150 στόματος
3448 4073 3701 4155 ἐκτρέχον
3761 4076 3871 4152 ἐμ-

2219 4165 2458 4244 φύσημα.
2524 4188 2551 4218 ι
2602 4165 2775 4221 Εἰπὼν
2832 4165 2932 4242 γὰρ
2987 4163 3236 4242 πρότερον
3289 4183 3318 4223 ε
3378 4166 3441 4220 Ex
3498 4164 3713 4242 ΙΙατρὸς
3773 4169 3870 4222 καὶ

2229 4255 2347 4309 Υἱοῦ
2389 4252 2629 4329 προϊέναι
2660 4254 2719 4308 τὸ
2763 4254 3006 4327 Πνεῦμα,
3063 4275 3084 4305 ι
3134 4250 3194 4307 οῦ
3246 4251 3540 4329 προσέθηκε
3597 4259 3667 4328 τῇ
3725 4252 3864 4309 ἐπα-

2219 4346 2394 4418 γωγῇ,
2456 4343 2633 4416 ὡσπερ
2675 4340 2764 4397 οῦν
2818 4342 2904 4396 καὶ
2960 4342 3021 4396 τὸ
3072 4339 3123 4405 ἐξ
3170 4340 3503 4418 ἀνθρωπείων
3562 4342 3871 4415 στομάτων,

474 4431 617 4493 dum
643 4450 714 4493 ex
748 4430 1023 4493 humanis
1060 4430 1288 4501 oribus,
1334 4454 1360 4485 α
1396 4431 1498 4490 sed
1529 4448 1599 4490 ex
1632 4432 1893 4490 humano
1941 4445 2066 4499 ore,
2107 4449 2129 4485 υ

2220 4428 2375 4503 ἀλλὰ,
2422 4452 2483 4505 το
2514 4428 2565 4494 ἐξ
2597 4430 2914 4507 ἀνθρωπείου
2946 4428 3206 4503 στόματος
3242 4451 3268 4482 ι)
3331 4429 3543 4492 ἑνικῶς.
3607 4430 3713 4496 Τὴν
3745 4451 3870 4485 τοι-

477 4539 725 4582 numero
744 4520 1119 4600 singulari,et
1138 4519 1405 4600 ejusdem
1431 4518 1668 4579 unionis
1699 4517 1957 4597 speciem
1975 4516 2130 4577 exhi-

2218 4518 2380 4583 αύτην
2422 4523 2521 4584 τῆς
2566 4518 2809 4583 ἑνότητος
2857 4517 3104 4595 ἔμφασιν,
3151 4516 3204 4573 ἐν
3262 4523 3339 4590 τῷ
3393 4516 3456 4572 ἐκ
3508 4518 3722 4596 ΙΙατρὸς
3780 4522 3874 4575 καὶ

476 4608 647 4682 bens,
675 4611 813 4672 dum
848 4628 919 4671 ex
953 4613 1121 4671 Patre
1153 4618 1210 4670 et
1240 4608 1390 4670 Filio
1424 4606 1679 4688 Spiritus
1734 4606 2130 4687 progreditur.

2228 4609 2346 4661 Υἱοῦ
2400 4605 2643 4684 προϊέναι
2686 4607 2747 4661 τὸ
2815 4607 3063 4680 Πνεῦμα,
3136 4607 3223 4663 καὶ
3293 4604 3442 4682 ἑτέρα
3498 4627 3578 4669 τις
3636 4608 3876 4686 γραφικὴ

478 4698 603 4762 Hoc
631 4698 792 4762 idem
821 4699 979 4762 aliud
1014 4698 1209 4778 magni
1242 4697 1444 4760 Basibi
1471 4697 1692 4758 dictum
1726 4694 2011 4776 scriptum
2032 4693 2130 4754 tibi

2218 4695 2365 4772 ῥῆσις
2414 4702 2508 4751 τοῦ
2549 4693 2782 4773 μεγάλου
2841 4693 3116 4750 Βασιλείου
3169 4691 3449 4769 βεϐαιώσει
3510 4717 3593 4752 σοι
3642 4714 3656 4729 ⁸
3718 4694 3876 4759 οὗτος

483 4788 884 4851 confirmabit.
917 4786 1027 4849 Hic
1061 4774 1318 4867 namque
1339 4787 1401 4847 in
1434 4804 1550 4846 uno
1581 4785 1796 4864 capite,
1831 4774 2130 4863 cujusins-

2218 4787 2304 4840 καὶ
2332 4785 2431 4863 γὰρ
2458 4783 2511 4838 ἐν
2541 4784 2613 4841 ἐνὶ
2642 4792 2746 4840 τῶν
2789 4781 3112 4863 κεφαλαίων,
3147 4783 3205 4839 οῦ
3248 4785 3281 4851 ἡ
3343 4781 3630 4862 ἐπιγραφὴ,
3675 4808 3701 4839 α
3739 4774 3877 4843 υοτι

478 4876 1030 4956 criptio,«Divinam
1055 4884 1320 4937 naturam
1346 4893 1477 4936 esse
1501 4872 1814 4953 Spiritum,
1856 4897 1882 4927 ι
1913 4871 2089 4932 tradit
2120 4891 2130 4931 :

2218 4873 2328 4944 θείᾳ
2359 4873 2504 4952 φύσις
2533 4874 2593 4928 τὸ
2629 4874 2914 4948 ΙΙνεῦμα,»
2952 4871 3081 4951 φησί
3118 4889 3130 4903 ⁸
3172 4897 3194 4924 ιι
3237 4873 3459 4947 Πνεῦμα
3492 4874 3590 4950 γὰρ
3619 4880 3693 4947 τῷ
3714 4880 3820 4943 ζῶν
3835 4898 3876 4929 ;ι

481 4963 737 5046 Spiritus
769 4966 927 5027 enim
959 4985 1093 5028 cum
1123 4965 1343 5026 viventi
1377 4961 1571 5025 Verbo
1602 4962 1661 5022 in
1687 4960 1900 5021 eodum
1935 4960 2144 5021 ordine

479 5053 889 5116 collocaturad
906 5052 1681 5127 creandum,vivavirtus,et
1696 5057 1905 5109 natura
1919 5048 2137 5124 divina,

479 5142 900 5215 ineffabilis,ex
913 5142 1198 5204 ineffabili
1212 5159 1314 5203 ore
1332 5139 1621 5201 exsistens
1638 5136 1920 5198 ineffabili
1936 5136 2135 5211 modo,

482 5242 541 5295 et
573 5250 681 5313 per
700 5231 970 5293 inflatum
1003 5232 1063 5292 in
1093 5230 1398 5291 hominem
1423 5227 1625 5298 missa,
1649 5244 1780 5305 quae
1810 5225 2137 5286 secundum

480 5340 836 5402 corporeum
868 5340 902 5382 a
932 5319 1166 5383 Christo
1202 5329 1425 5400 typum,
1461 5324 1796 5390 ostensum,
1830 5333 2038 5375 rursus
2066 5314 2139 5376 ab

482 5430 552 5473 eo
586 5429 694 5490 per
721 5410 993 5472 inﬂatum
1027 5409 1317 5470 restituta.
1345 5408 1718 5468 Concurrere
1772 5403 1932 5465 enim
1969 5402 2145 5464 debet

483 5518 618 5561 cum
650 5499 841 5580 prima
871 5499 1151 5577 novitate,
1186 5514 1257 5559 ea
1278 5511 1409 5575 quae
1445 5512 1601 5554 nunc
1638 5493 1702 5554 fit
1729 5491 2048 5553 innovatio.
2075 5491 2146 5552 Et

390 5640 397 5649 .
482 5581 2142 5669 concursumexpressitsufflans,idemilleexsistens,qui

480 5696 515 5739 a
545 5677 837 5759 principio
897 5676 1239 5757 insufflavit,
1272 5673 1573 5752 idemque,
1610 5689 1714 5751 per
1770 5689 1944 5752 quem
1981 5670 2141 5731 Deus

2227 4960 2382 5037 Λόγοι)
2450 4961 2879 5040 συντεταγμένων
2910 4962 2983 5022 εἷς
3038 4963 3097 5015 τὸ
3159 4958 3503 5038 δημιουργεῖν
3561 4968 3703 5033 ζῶσα
3776 4960 3873 5018 δύ-

2225 5071 2402 5128 ναμις,
2451 5052 2537 5106 καὶ
2578 5051 2689 5107 θεία
2739 5051 2912 5129 φύσις,
2974 5048 3196 5126 ἅρὁτος
3241 5048 3293 5115 ἐξ
3365 5048 3592 5126 ἀῤῥήτου
3665 5052 3876 5125 στόμα-

2222 5159 2310 5200 τος
2340 5152 2610 5217 πεφηνυῖα
2668 5138 2931 5217 ἆῤῥητως,
2993 5139 3076 5192 καὶ
3146 5138 3282 5193 κατά
3337 5137 3434 5201 την
3480 5137 3773 5216 ἐμφύσησιν
3804 5141 3876 5203 εἷς

2219 5228 2309 5283 τὸν
2367 5225 2636 5305 ἄνθρωπον
2702 5225 3102 5304 ἀπεσταλμένη,
3162 5227 3248 5282 καὶ
3289 5226 3424 5281 κατὰ
3485 5228 3575 5281 τὸν
3631 5248 3876 5303 σωματι-

2220 5321 2329 5377 κῶς
2372 5316 2472 5371 ὑπὸ
2500 5316 2594 5372 τοῦ
2653 5317 2840 5390 Κυρίου
2895 5312 3172 5392 δειχθέντα
3214 5314 3400 5387 τύπον,
3448 5313 3587 5377 οὖθις
3630 5313 3713 5370 ὑπ’
3779 5317 3877 5371 αὑ-

2224 5410 2315 5460 τοῦ
2399 5400 2465 5458 δι’
2555 5404 2903 5485 ἐμφυσήσεως
2983 5401 3448 5476 ἀποκαθισταμὲνη
3553 5403 3882 5482 (συντρέχειν

2226 5494 2325 5570 γὰρ
2352 5489 2438 5548 δεῖ
2498 5499 2566 5568 τῇ
2620 5493 2755 5548 κατά
2815 5491 2991 5571 ἀρχὴν
3051 5492 3325 5558 καινότητι
3368 5490 3465 5557 τήν
3533 5501 3608 5549 θῦν
3652 5491 3878 5548 ἀνακαί-

2226 5579 2387 5657 νισιν)
2466 5581 2553 5635 καὶ
2623 5580 2718 5646 τὴν
2790 5577 3082 5656 σινδρομὴν
3155 5577 3476 5643 ἐξετύπωσεν
3540 5580 3876 5658 ἐμφυσήσεις,

2227 5673 2330 5749 οὐχ
2354 5667 2528 5747 ἕτερος
2571 5672 2646 5725 ὧν
2675 5669 2817 5745 πλιρά
2846 5669 2936 5724 τὸν
2982 5665 3033 5733 ἐξ
3085 5667 3260 5747 ἀρχῆς
3314 5666 3712 5746 ἐμφυσήσαντα,
3760 5667 3883 5724 ἀλλ’
