4144 6290
531 371 609 436 59

1596 378 1862 444 JOANN.
1888 376 2107 443 VECCI
2136 381 2250 443 GP.
2281 376 2818 444 PATRIARCHIE.

3826 372 3936 438 60

532 506 1016 587 Amphilochium
1070 512 1278 592 capitis
1325 522 1561 578 sanctus
1610 513 1805 576 innuit
1833 513 1974 595 illis,
2009 538 2032 572 ι
2063 512 2172 575 Per

2258 512 2536 588 σημαίνειν
2593 510 2910 587 βουλόμενος
2951 511 3040 568 καὶ
3122 508 3175 567 ἐν
3226 514 3303 583 τῷ
3356 507 3494 567 τέλει
3549 519 3644 570 τοῦ
3711 508 3935 595 ὁγδόρυ

534 594 747 657 Filium
761 614 871 660 vox
892 598 1187 679 primariae
1197 601 1833 665 causaaconfessionem
1847 594 2130 666 continet.
2144 626 2168 659 ι

532 684 648 746 Sed
683 686 1091 749 auctoritatem
1148 689 1310 752 illam
1360 690 1570 753 iisdem
1603 690 1799 754 verbis
1839 710 2046 754 rursus
2077 690 2176 753 hic

534 790 857 837 recensere
885 794 1002 837 non
1059 779 1365 855 gravabor,
1398 780 1471 842 ad
1504 780 2001 862 conﬁrmandum,
2031 780 2175 842 satis

532 870 736 951 patere
761 864 1040 927 unionem
1064 866 1248 930 Patris
1269 877 1328 929 et
1358 868 1678 951 Filii,quod
1704 889 1773 933 ex
1797 872 1972 933 Patre
2003 870 2176 932 datur

533 968 641 1028 per
688 950 922 1026 Filium,
985 972 1163 1036 quam
1211 975 1460 1037 magnus
1510 950 1870 1021 Athanasius
1906 959 2174 1022 oratione

528 1050 735 1129 quarta
762 1042 1042 1106 adversus
1067 1047 1522 1127 Arianos,cujus
1545 1047 1925 1129 principium,
1962 1048 2172 1110 «Aria—

2255 587 2385 682 πρὸς
2425 604 2517 659 τὸν
2561 600 2915 683 Ἀμφιλόχιον
2953 595 3253 680 κεφαλαίων
3296 600 3324 657 6
3379 598 3530 678 ἅγιος
3586 597 3687 681 ἔφη
3719 614 3734 629 ’
3757 587 3799 655 ῆι
3846 587 3934 654 Ἣ

2256 687 2324 746 δι’
2378 693 2499 750 Υἱοῦ
2540 691 2689 770 φωνὴ
2759 694 2858 757 τῆς
2932 692 3388 767 προκαταρηικῆς
3470 687 3636 753 αἰτίας
3692 686 3933 765 ὁμολο-

2256 779 2374 859 γίαν
2431 778 2569 859 ἔχει.
2610 803 2636 835 ο
2696 777 2848 837 Ἰὶλλ⁹
2889 776 3006 836 οὐδὲ
3061 777 3159 845 τὴν
3228 776 3380 855 ῥῆσιν
3423 775 3625 844 ἐκείνην
3686 777 3933 848 ὀκνήσω

2257 866 2519 935 αὒτολεξεὶ
2588 870 2675 926 καὶ
2769 866 2929 926 πάλιν
2985 866 3215 925 ἐκθεῖναι
3272 866 3346 931 είς
3427 866 3752 946 παράστασιν
3809 866 3937 922 τοῦ

2256 954 2487 1028 δήλωσιν
2556 956 2802 1025 ἑνότητος
2883 956 3153 1036 ἐμφαίνειν
3206 956 3300 1012 τοῦ
3352 957 3553 1034 Πατρὸς
3605 957 3693 1012 καὶ
3747 956 3923 1029 ﬂor-3,

2257 1045 2324 1114 ἢν
2392 1048 2421 1102 6
2475 1046 2640 1125 μέγας
2686 1044 2991 1109 Ἀθανάσιος
3031 1047 3088 1102 εν
3142 1050 3219 1119 τῷ
3287 1044 3423 1100 κατὰ
3479 1040 3758 1122 Ἀρειαώ
3819 1064 3934 1100 τε-

531 1126 591 1188 ηἰ
638 1138 974 1219 statuentes
1022 1134 1355 1198 defectores
1411 1126 1559 1198 sese
1576 1126 2172 1219 przevaricatoresque

2257 1136 2431 1213 τάρτῳ
2488 1133 2655 1215 λόγῳ,
2720 1134 2781 1191 οὗ
2831 1136 2865 1203 ἡ
2937 1134 3112 1213 ἀρχὴ,
3166 1156 3187 1187 ε
3232 1134 3293 1191 Οἱ
3348 1130 3765 1210 ’Δρειομαντται,
3831 1134 3932 1196 ὣς

530 1217 790 1307 veritatis
845 1221 1149 1299 exhibere,
1190 1249 1214 1283 ι
1273 1226 1564 1307 expressit
1587 1227 1648 1288 in
1692 1227 1849 1289 hunc
1883 1217 2119 1289 modum
2158 1252 2170 1290 :

539 1305 913 1396 aElargiente
944 1313 1121 1375 Patre
1152 1305 1399 1392 gratiam
1430 1328 1491 1377 et
1520 1334 1888 1396 pacem.eam
1915 1326 1972 1378 et
1993 1316 2179 1380 Filius

531 1395 819 1486 elargitur
846 1420 858 1460 :
895 1419 1011 1461 una
1038 1402 1196 1463 enim
1227 1395 1558 1486 eademque
1573 1405 1759 1483 gratia
1778 1414 1863 1466 est
1917 1424 1984 1467 ex
2009 1409 2176 1468 Patre

533 1482 592 1544 in
616 1484 882 1560 Filio,uti
909 1498 997 1550 est
1027 1508 1210 1552 unum
1244 1491 1444 1554 lumen
1462 1482 1616 1555 solis
1645 1502 1702 1555 et
1743 1494 1914 1568 radii,
1952 1504 2009 1554 et
2032 1494 2171 1557 illu-

531 1575 775 1638 minatio
807 1578 950 1641 solis
981 1598 1086 1659 per
1111 1582 1339 1644 radium
1375 1593 1486 1647 est.
1520 1587 1838 1664 Propterea
1874 1595 1932 1646 et
1962 1585 2176 1647 Paulus

527 1664 601 1724 ad
628 1664 1191 1733 Thessalonicenses
1226 1672 1895 1753 scribens,—-Ipsel)eus
1917 1683 1972 1736 et
2006 1677 2177 1736 Pater

529 1761 751 1826 noster,
804 1766 863 1817 et
923 1759 1210 1822 Dominus
1256 1764 1427 1823 Jesus
1477 1762 1743 1824 Christus
1774 1763 1993 1842 ttiriga:
2021 1764 2170 1825 viam

2258 1223 2418 1303 ἔοικε,
2475 1224 2738 1303 κρίναντες
2793 1220 2930 1288 ἅπαξ
2997 1222 3288 1280 ἀποστάται
3329 1220 3594 1300 ξγενέσθαι
3662 1223 3751 1280 καὶ
3801 1244 3936 1279 πα-

2258 1312 2476 1393 ραϐάται
2518 1315 2615 1380 τῆς
2644 1314 2911 1385 ἀληθείας,
2960 1334 2988 1367 ι
3024 1309 3241 1390 εἴρηκεν
3269 1310 3435 1376 οὕτως
3479 1310 3641 1368 εἰπών
3668 1332 3683 1347 ο
3735 1336 3763 1367 α
3804 1322 3928 1368 Δι-

2258 1400 2437 1466 δόντος
2504 1401 2597 1459 τοῦ
2669 1403 2871 1480 Πατρὸς
2927 1400 3087 1479 χάριν
3157 1400 3244 1457 καὶ
3309 1400 3544 1479 εἰρήνην,
3594 1400 3759 1468 αὐτὴν
3816 1401 3929 1456 καὶ

2260 1493 2288 1547 6
2318 1493 2436 1554 Υἱὸς
2478 1488 2677 1547 δίδωσι.
2728 1491 2830 1545 Μία
2860 1490 2961 1567 γὰρ
3002 1489 3091 1544 καὶ
3118 1488 3154 1555 ἡ
3186 1488 3318 1555 αὐτὴ
3381 1488 3535 1568 χάρις
3595 1488 3703 1545 ἐστὶ
3758 1488 3930 1568 παρὰ

2256 1581 2460 1658 Πατρὸς
2491 1578 2544 1635 ἐν
2588 1581 2714 1653 ι’ἱῴ,
2745 1580 2842 1651 ὼς,
2873 1579 2946 1643 ὡς
2977 1575 3116 1633 ἔστιν
3147 1574 3200 1632 ’ἐν
3241 1579 3303 1633 1'0
3334 1582 3443 1657 φῶς
3489 1582 3583 1633 τοῦ
3636 1575 3783 1643 ἡλίου
3814 1579 3929 1634 καὶ

2256 1669 2347 1725 τοῦ
2418 1667 2851 1746 ἀπαυγάσματος,
2896 1667 2984 1723 καὶ
3039 1666 3101 1721 τὸ
3158 1666 3399 1745 φωτίζειν
3455 1672 3548 1722 τοῦ
3614 1664 3765 1734 ἡλίου
3821 1664 3928 1722 διὰ

2256 1765 2348 1814 τοῦ
2417 1757 2827 1835 ἀπαυγαὶσματος
2894 1755 3117 1832 γίνεται.
3191 1755 3290 1811 Διά
3335 1761 3493 1812 τοῦτο
3547 1757 3636 1811 καὶ
3693 1753 3922 1818 Παῦλος

529 1850 785 1905 nostram
808 1846 878 1906 ad
901 1864 1021 1920 vos,
1037 1850 1402 1910 --unitatem
1434 1851 1616 1911 Patris
1630 1859 1686 1912 ct
1707 1851 1837 1912 Filii
1861 1816 2169 1913 cgnserva-

2259 1849 2384 1925 πρὸς
2418 1816 2822 1907 Θεσσαὶιονικεῖς
2865 1816 3061 1922 λέγων,
3113 1875 3183 1887 -
3247 1845 3413 1902 A616:
3468 1842 3524 1900 δὲ
3581 1846 3611 1901 6
3654 1846 3783 1908 Θεὸς
3816 1846 3923 1901 καὶ

525 1928 607 2021 vit
651 1950 665 1990 :
713 1951 907 2015 neque
948 1937 1105 1998 enim
1151 1937 1321 2004 dixit.
1355 1938 1644 2019 Dirigant,
1680 1941 1846 2021 quasi
1879 1961 1910 2002 a
1941 1941 2172 2002 duobus

2259 1938 2440 2013 Πατὴρ
2481 1937 2658 2009 ἡμῶν,
2717 1936 2806 1989 καὶ
2861 1935 2891 1988 6
2950 1932 3137 2011 Κύριος
3182 1931 3386 1999 Ἰησοῦς
3432 1934 3652 2012 Χριστὸς
3705 1955 3919 1990 κατευ-

531 2017 588 2079 id
608 2024 1054 2098 concederetur,
1082 2027 1154 2088 ab
1186 2026 1297 2090 hoc
1324 2035 1382 2091 et
1422 2017 1508 2091 abi
1528 2017 1663 2101 hoc,
1698 2017 1798 2091 sed
1836 2030 2080 2111 Dirigat,
2112 2039 2172 2090 ut

2257 2026 2397 2082 θύναι
2420 2025 2517 2091 τὴν
2559 2020 2679 2080 ὁδὸν
2720 2023 2875 2097 ἡμῶν
2904 2021 3036 2098 πρὸς
3097 2022 3254 2094 ὂμᾶς,
3316 2052 3388 2064 -
3419 2022 3516 2089 την
3548 2022 3773 2090 ἑνότητα
3803 2029 3921 2078 τοῦ

528 2111 870 2174 ostenderet
887 2132 1015 2177 eam
1068 2135 1101 2177 a
1132 2115 1302 2178 Patre
1335 2136 1440 2198 per
1464 2117 1678 2180 Filium
1716 2120 1889 2183 tradi.
1924 2120 2044 2181 Hac
2074 2138 2175 2181 ra-

527 2198 688 2261 tione
721 2203 916 2282 itaque
944 2202 1122 2266 dictis
1176 2206 1388 2267 borum
1442 2208 1877 2287 praecipuorum
1910 2211 2171 2285 Patrum,

526 2289 837 2351 Athanasii
860 2300 917 2352 et
937 2293 1163 2373 Basilii,
1198 2294 1421 2355 unitate
1445 2295 1634 2374 palam
1654 2296 2038 2357 illucescente
2058 2297 2172 2358 Pa-

526 2376 632 2437 tris
664 2385 722 2439 et
739 2378 896 2453 Filii,
937 2388 1001 2441 ut
1030 2381 1555 2446 nulliconcedatur
1574 2402 1644 2446 ex
1676 2385 2043 2465 expositione
2064 2395 2177 2447 tra-

524 2465 647 2556 dita
694 2467 948 2547 opinari,
985 2487 1053 2530 ex
1088 2469 1318 2533 duabus
1371 2475 1565 2534 causis
1594 2490 1753 2547 esse,
1790 2474 2071 2556 quidquid
2107 2494 2173 2535 ex

526 2555 699 2645 Patre
731 2573 837 2635 per
856 2556 1100 2639 Filium,
1134 2558 1255 2621 sive
1290 2558 1367 2621 de
1409 2566 1712 2623 creatione
1748 2555 2044 2624 sermosit
2076 2582 2181 2645 per

524 2641 737 2733 Filium
764 2663 832 2706 ex
866 2649 1059 2715 Patre.
1090 2651 1216 2712 sive
1262 2648 1338 2712 de
1364 2666 1567 2712 rerum
1611 2661 1939 2714 creatarum
1974 2641 2183 2733 provi-

521 2730 723 2793 dentia
755 2752 861 2814 per
888 2734 1101 2797 Filium
1133 2756 1202 2799 ex
1235 2742 1425 2814 Patre,
1477 2740 1601 2801 sive
1629 2739 1702 2800 de
1734 2730 2023 2801 donorum
2053 2749 2168 2802 tra-

525 2820 752 2911 ditione
816 2842 921 2904 per
970 2825 1184 2888 Filium
1216 2846 1286 2889 ex
1317 2826 1511 2891 Patre.
1545 2828 1696 2902 Quid
1730 2838 1980 2911 reponet
2007 2831 2175 2910 quis-

529 2909 712 2997 piam,
747 2931 879 2973 cum
911 2912 1246 2978 innumeris
1280 2913 1719 2997 Scripturarum
1752 2909 1903 2979 locis
1930 2909 2172 2993 invenit,

526 2996 807 3079 Spiritum
843 3011 1109 3064 sanctum
1136 3022 1204 3065 ex
1232 3009 1400 3067 t'atre
1418 2996 1526 3085 per
1541 3006 1755 3070 Filium
1776 3006 1997 3068 habere
2018 3025 2174 3087 esse,

2259 2114 2461 2190 Πατρὸς
2534 2112 2621 2168 καὶ
2673 2117 2766 2166 τοῦ
2848 2108 2971 2166 Υἱοῦ
3063 2106 3335 2188 ἐφύλαξεν.
3423 2110 3496 2168 Ού
3580 2111 3680 2190 γὰρ
3749 2110 3912 2191 εἶπε,

2260 2204 2624 2260 Κατωθύνοιεν
2692 2200 2763 2263 ὡς
2820 2198 2963 2276 παρά
3013 2194 3100 2254 δύο
3158 2194 3435 2272 διδομένης
3504 2199 3646 2279 παρά
3700 2199 3918 2277 ξτούτου

2257 2291 2345 2346 καὶ
2371 2290 2576 2360 τούτου,
2610 2285 2747 2343 ἀλλά
2779 2285 3114 2360 Κατευθύναι,
3173 2284 3267 2341 ’ίνα
3316 2283 3461 2363 δείξῃ
3505 2285 3587 2343 ὅτι
3644 2289 3673 2345 6
3718 2289 3916 2367 Πατὴρ

2258 2377 2321 2435 δι’
2355 2380 2475 2434 Υἱοῦ
2521 2375 2693 2433 δίδωσι
2743 2375 2962 2442 ταύτην.
3009 2374 3157 2431 Οὕτω
3212 2383 3334 2451 γοῦν
3390 2374 3493 2431 ἀπὸ
3550 2382 3656 2433 τῶν
3696 2378 3914 2454 ῥήσεων

2258 2469 2365 2523 τῶν
2436 2466 2598 2543 ἁγίων
2681 2464 2901 2524 τούτων,
3014 2460 3320 2519 Ἀθανασίου
3417 2464 3504 2520 καὶ
3599 2463 3912 2546 Βασιλειου,

2260 2557 2421 2638 φημὶ,
2493 2560 2598 2612 τῶν
2669 2552 2941 2629 μεγάλων,
3003 2556 3101 2638 τῆς
3169 2550 3418 2617 ἐνύτητες
3473 2553 3909 2634 ἀναφαινομὲνης

2261 2637 2463 2724 Πατρὸς
2531 2644 2619 2700 καὶ
2663 2642 2807 2713 Υίοῦ,
2865 2642 2938 2706 ὡς
3003 2637 3188 2716 μηδενὶ
3264 2646 3371 2697 τῶν
3419 2641 3667 2701 ἀπάντων
3719 2666 3915 2723 παρα..

2260 2736 2556 2815 χωρετσθαι
2610 2731 2717 2787 ἀπὸ
2773 2732 2873 2796 τῆς
2927 2728 3230 2809 ἐξηγήσεως
3286 2731 3480 2799 ταύτης
3550 2733 3769 2808 ε’ἷεοθαι,
3831 2735 3916 2796 ὡς

2262 2825 2324 2880 ἐκ
2348 2821 2436 2879 δύο
2507 2820 2650 2877 εἶναι
2707 2821 2885 2876 αἰτίων
2943 2825 3046 2876 πᾶν
3107 2817 3252 2876 εἴτι
3308 2840 3407 2890 περ
3475 2821 3536 2879 ὲκ
3590 2824 3792 2903 Πατρὸς
3837 2820 3917 2877 δι’

2263 2914 2404 2991 Υἱου,
2438 2908 2491 2967 εἴ
2526 2930 2584 2965 τε
2626 2906 2965 2988 δημιουργίαν
3009 2908 3187 2972 εἴποις
3245 2906 3309 2964 δι’
3371 2910 3493 2967 Υἱού
3542 2910 3603 2967 ἐκ
3672 2913 3914 2991 Πατρὸς,

2261 3002 2371 3059 εἴτε
2401 2999 2649 3079 πρόνοιαν
2702 3004 2806 3054 τῶν
2862 2995 3362 3076 δημιουργηθέντων
3403 2996 3471 3054 δι’
3517 3002 3638 3058 Υίοὸ
3694 3000 3756 3058 ix.
3785 3008 3918 3059 Πα-

526 3095 581 3176 et
608 3104 677 3149 ex
710 3087 878 3153 Patre
930 3109 1036 3171 per
1062 3091 1275 3154 Filium
1332 3094 1641 3173 exsistere,
1676 3104 1734 3156 et
1764 3113 1833 3156 ex
1866 3094 2036 3157 Patre
2067 3114 2171 3176 per

2257 3094 2394 3172 τρὸς,
2456 3088 2568 3145 εἴτε
2623 3086 2766 3145 δόσιν
2825 3088 3175 3167 χαρισμάτων
3243 3089 3614 3176 πνεύματικῶν
3656 3089 3719 3148 δι’
3783 3095 3916 3153 Υἱοῦ

519 3173 733 3239 Filium
766 3180 1012 3256 effundi,
1045 3191 1104 3243 et
1128 3200 1199 3245 ex
1236 3185 1407 3244 Patre
1432 3202 1538 3264 per
1567 3184 1779 3247 Filium
1813 3173 2172 3265 procedere?

521 3265 593 3354 Et
622 3266 810 3329 dictas
830 3278 1172 3333 sanctorum
1205 3272 1584 3335 auctoritates
1632 3275 1691 3336 iu
1721 3292 1887 3354 voce,
1920 3291 2035 3354 per
2063 3274 2170 3336 Fi-

521 3352 696 3433 lium,
728 3356 965 3421 abunde
991 3363 1379 3423 conﬁrmasse
1410 3361 1693 3424 unitatem
1718 3352 1881 3423 illius
1901 3352 2034 3425 cum
2067 3362 2174 3423 Pa-

518 3453 635 3514 tre,
670 3463 802 3506 cum
862 3464 975 3509 vox
1032 3466 1102 3510 ea
1148 3450 1445 3530 primariae
1494 3468 1688 3511 causa;
1736 3450 2170 3511 confessionem

520 3532 847 3610 contineat,
874 3554 1074 3612 nemo,
1099 3547 1157 3598 ut
1178 3539 1413 3619 opinor,
1442 3537 1756 3612 dubitabit,
1782 3539 1893 3599 nisi
1917 3540 2018 3600 ille
2045 3540 2175 3600 talis

520 3620 599 3681 sit
627 3621 729 3701 qui
762 3640 1005 3702 prorsus
1045 3627 1206 3688 nullo
1229 3626 1440 3688 timore
1466 3628 1827 3706 percellitur,
1863 3637 1920 3689 et
1951 3627 2175 3708 pudore

522 3709 795 3790 deposito
849 3712 1251 3778 inverecunde
1294 3716 1683 3797 apertissimis
1714 3716 2038 3797 Scripturis
2065 3718 2173 3778 ad-

522 3808 810 3865 versatur.

2252 3180 2312 3237 ὲκ
2369 3180 2571 3257 Πατρός
2671 3177 2730 3236 Τί
2774 3176 2835 3233 ἅν
2890 3199 2972 3241 τις
3049 3178 3220 3232 εἰπεῖν
3263 3174 3393 3257 ἔχῃ,
3448 3177 3570 3237 ὅτον
3636 3190 3916 3261 μυριαγού

2252 3275 2350 3337 τῆς
2401 3272 2611 3347 Γραφῆς
2653 3266 2866 3343 εὑρίσκῃ
2911 3266 2972 3321 τὸ
3019 3272 3228 3341 Πνεῦμα
3276 3269 3339 3322 16
3380 3268 3532 3345 ἅγιον
3573 3267 3634 3326 ἐκ
3698 3273 3912 3349 Πατρὸς

2253 3357 2318 3416 δι’
2352 3360 2474 3416 Υἱοῦ
2503 3356 2632 3436 ἔχον
2666 3364 2727 3411 τὸ
2757 3357 2925 3434 εἶναι,
2957 3356 3044 3410 καὶ
3098 3354 3160 3411 ἐκ
3206 3356 3407 3434 Πατρὸ.·
3452 3354 3520 3413 δι’
3565 3359 3688 3416 ι’ἰοῦ
3726 3357 3911 3439 ὺπέρ-

2253 3471 2377 3531 χον,
2410 3449 2498 3503 καὶ
2530 3446 2590 3501 ἐκ
2622 3447 2823 3523 Πατρὸς
2866 3443 2933 3500 δι’
3009 3444 3129 3501 Υἱοῠ
3186 3446 3549 3524 προχεόμενον
3599 3447 3907 3525 ούσιωδῶς,

2253 3541 2341 3595 καὶ
2366 3539 2426 3594 ἐκ
2457 3538 2659 3615 Πατρὸς
2702 3534 2771 3591 δι’
2816 3537 2937 3592 ι’ἱοῦ
2993 3532 3445 3613 ἐκπορευόμενονς
3497 3535 3648 3594 Ἀλλ’
3691 3537 3771 3595 ὅτι
3802 3541 3910 3614 μὲν

2257 3629 2309 3684 αἱ
2340 3625 2579 3705 ῥηθεῖσαι
2610 3630 2716 3680 τῶν
2758 3624 2920 3702 ἁγίων
2987 3623 3212 3701 χρήσεις
3269 3624 3342 3688 εὶς
3384 3625 3484 3692 τὴν
3533 3622 3600 3681 δι’
3647 3629 3768 3686 1⁵ἱοῦ
3793 3650 3912 3706 φω-

2256 3718 2353 3783 νην
2421 3715 2613 3777 ἱκανῶς
2663 3712 3000 3789 παρέστησαν
3040 3712 3138 3779 τὴν
3195 3715 3324 3792 πρὸς
3367 3714 3458 3769 τὸν
3516 3714 3723 3794 Πατέρα
3772 3716 3908 3773 ἑνό-

2254 3824 2392 3871 τητα
2445 3803 2649 3882 τούτου,
2710 3799 2802 3858 ἅτε
2865 3800 2960 3868 τῆς
3004 3798 3219 3880 λέξεως,
3275 3803 3471 3870 ταύτης
3544 3803 3639 3871 τῆς
3691 3826 3909 3883 προκα-

520 3896 770 3966 ταρτικῆς
802 3894 969 3955 αἰτίας
1001 3893 1286 3971 ὁμολογίαν
1317 3895 1572 3975 ἐχούσης,
1607 3897 1634 3951 6
1665 3893 2031 3976 ἀμφιϐάλλων,
2065 3896 2251 3974 οἶμαι,
2280 3890 2469 3960 ούδεὶς,
2517 3892 2560 3946 εί
2591 3892 2666 3966 μή
2697 3911 2758 3969 γε
2801 3895 3036 3953 τοιοῦτος
3082 3889 3372 3969 ἀναφανείη
3401 3912 3508 3972 τις,
3540 3893 3600 3955 ὃς
3630 3892 3909 3969 μηδεμίαν

519 3980 581 4034 τὸ
612 3981 858 4058 παράπαν
914 3982 1128 4061 ἠγεῗται
1172 3981 1366 4040 δειλίαν
1408 3981 1821 4061 καταπροδήλως
1850 3985 2199 4065 ἀναίσχυντον
2243 3981 2636 4077 ταῖςιΓραφαϊς
2670 3976 3008 4036 ἀντιϐαίνειν.

601 4067 698 4130 ‘20.
739 4069 957 4129 Verum
990 4070 1148 4131 enim
1180 4089 1318 4132 vero
1347 4084 1401 4132 et
1425 4070 1612 4151 ipsam
1646 4090 2024 4134 communem
2053 4074 2172 4153 pie-

525 4155 661 4218 tatis
686 4165 904 4218 nostrm
934 4159 1233 4220 notionem
1295 4160 1405 4221 hoc
1439 4160 1593 4221 idem
1629 4160 1801 4222 nobis
1828 4180 2169 4241 suggerere,

2335 4059 2411 4126 κ’.
2444 4057 2581 4127 “01!.
2624 4066 2679 4124 δὲ
2721 4068 2809 4124 καὶ
2839 4066 2972 4132 αὐτὴ
3001 4066 3036 4134 ἡ
3092 4067 3247 4135 κοινὴ
3273 4072 3371 4136 τῆς
3428 4066 3689 4134 εὐσεϐείας
3745 4071 3909 4146 ἡμῶν

2253 4158 2429 4215 ἔννοια
2496 4164 2652 4214 τοῦτο
2701 4158 2847 4214 νοεῖν
2890 4153 3038 4238 ἦμᾷς
3093 4153 3321 4238 δίδωσιν,
3363 4157 3481 4218 οὐδὲ
3546 4166 3702 4218 τοῦτο
3775 4156 3909 4216 δυσ-

519 4263 637 4307 non
691 4246 804 4307 erit
833 4249 1273 4329 comprehensu
1331 4249 1595 4311 difﬁcile.
1629 4233 1981 4332 Ubicunque
2010 4233 2169 4313 enim

2257 4248 2413 4327 χερὲς
2457 4248 2529 4311 εἷς
2588 4246 2916 4317 κατάληψιν.
2966 4233 3147 4303 ’Ὅπου
3202 4233 3316 4325 γὰρ’
3349 4246 3671 4323 λαμϐάνεται
3728 4248 3791 4305 16
3833 4247 3909 4305 δι’

514 4352 631 4416 per
651 4334 889 4397 Filium
937 4318 1249 4418 accipitur,
1285 4337 1397 4399 nisi
1450 4357 1556 4419 pro
1589 4339 1840 4401 naturali
1872 4318 1930 4401 et
1959 4359 2170 4401 essen-

2260 4318 2406 4416 ἰλιὸῡ,
2441 4337 2485 4391 εἰ
2528 4334 2606 4410 μὴ
2666 4334 2750 4391 διὰ
2791 4340 2891 4402 την
2939 4336 3071 4413 πρὸς
3113 4318 3226 4403 τῆν’
3273 4318 3478 4417 Πατέρα
3533 4338 3758 4417 φυσικὴν
3812 4339 3911 4395 καὶ

517 4423 645 4487 tiali
673 4441 807 4486 cum
831 4426 1002 4488 Patre
1022 4425 1244 4488 unione
1275 4425 1407 4487 Filii
1427 4430 1759 4489 secundum
1784 4436 2169 4509 apparentem

522 4532 589 4573 ex
610 4512 724 4574 Per
748 4514 1170 4594 pi-zepositione
1182 4515 1614 4577 confessionem
1641 4515 1936 4597 primaria:
1953 4535 2168 4580 causae.

517 4600 847 4677 intelligere
877 4601 1009 4684 quis
1040 4603 1202 4678 velit,
1230 4604 1344 4665 erit
1374 4621 1614 4684 prorsus
1645 4606 2069 4676 necessarium,
2108 4605 2169 4667 in

521 4709 689 4752 usum
744 4691 1152 4756 ministerialis
1219 4694 1592 4773 cogitationis
1661 4711 1990 4757 assumere.
2050 4692 2168 4757 Sed

519 4779 756 4861 quando
779 4782 1112 4844 communis
1135 4792 1349 4845 nostrae
1373 4782 1607 4865 pietatis
1630 4784 1793 4845 notio
1826 4781 1885 4844 in
1910 4783 2167 4845 similem

517 4868 873 4931 sententiam
897 4870 1244 4951 accipiillud
1265 4870 1934 4952 perFiliumutimpium
1960 4870 2168 4952 prohi-

520 4960 642 5029 bet,
678 4975 747 5019 ac
804 4959 1143 5041 proscribit,
1206 4960 1429 5021 clarum
1462 4969 1754 5035 remanet,
1785 4960 2168 5023 essentialem

518 5047 804 5107 unitatem
828 5064 1031 5109 vocem
1055 5066 1164 5127 per
1184 5049 1409 5110 Filium
1439 5048 1723 5121 indicare,
1750 5067 1883 5110 cum
1915 5048 2170 5110 dicimus

521 5153 590 5197 ex
626 5133 797 5197 Patre
830 5154 939 5216 per
971 5137 1182 5199 Filium
1214 5136 1497 5218 Spiritum
1544 5154 1704 5212 esse,
1733 5146 1792 5199 et
1814 5139 2165 5219 procedere.

524 5224 586 5285 td
618 5222 718 5284 ubi
750 5222 808 5284 iu
842 5224 1129 5286 confessis
1171 5225 1368 5300 fuerit,
1430 5225 1696 5287 indicare
1727 5244 1943 5308 nempe
1964 5244 2167 5288 vocem

517 5330 630 5393 per
658 5312 888 5376 Filium
919 5315 1297 5376 essentialem
1350 5315 1660 5396 unitatem,
1691 5313 1972 5378 facillime
2003 5323 2168 5395 post-

521 5402 760 5463 modum
784 5401 1286 5483 deprehendetur,
1307 5404 1533 5465 nullum
1567 5404 1889 5465 discrimen
1921 5422 2078 5480 esse,
2099 5423 2167 5466 ex

2256 4421 2485 4491 οὖσιώδη
2528 4423 2753 4491 ἑνότητα
2807 4430 2898 4480 τοῦ
2955 4425 3076 4479 ι”ιοῦ
3133 4425 3269 4481 καεά
3310 4425 3409 4492 τὴν
3480 4425 3907 4506 ἀναφαινομένην

2253 4514 2315 4572 ἐκ
2382 4518 2481 4580 τῆς
2539 4511 2624 4568 διὰ
2688 4511 2974 4591 ὁμολογίαν
3028 4516 3128 4580 τῆς
3197 4515 3652 4594 προκαταρκτικῂ
3734 4514 3909 4579 αἰτίας

2250 4604 2405 4660 τοῦτο
2446 4613 2592 4658 νοεῖν
2645 4623 2726 4664 τις
2791 4600 2978 4674 ἐθέλει,
3042 4599 3187 4658 ’ἐσται
3243 4603 3381 4659 κατὰ
3434 4609 3610 4660 πᾶσαν
3665 4603 3910 4682 ἀνάγκην

2251 4694 2325 4755 εὶς
2370 4694 2569 4770 χρῆσιν
2640 4690 2964 4768 ὑπηρετικῆς
3037 4687 3237 4755 ἐννοίας
3294 4693 3419 4749 αὕτδ
3475 4689 3905 4768 λαμϐανόμενον,

2250 4778 2402 4839 Ἀλλ’
2460 4777 2575 4835 ἐπεὶ
2631 4780 2666 4846 ἡ
2725 4778 2882 4845 κοινὴ
2920 4784 3021 4846 τῆς
3079 4776 3340 4846 εύσεϐείας
3416 4780 3566 4858 ἡμῶν
3620 4778 3792 4838 ἔννοια
3842 4783 3911 4838 τὸ

2251 4871 2322 4933 εἷς
2391 4868 2491 4935 τὴν
2548 4867 2797 4934 τοιαύτην
2854 4864 3057 4924 ἔννοιαν
3114 4865 3473 4944 λαμϐάνεσθαι
3514 4868 3577 4925 τὸ
3658 4865 3727 4925 δι’
3784 4870 3911 4929 Υἱοῦ

2251 4957 2563 5037 ἀπαγορεύει
2605 4957 2680 5020 ὡς
2726 4954 2936 5029 ἀσεϐὲς,
2995 4954 3214 5023 εὔδηλον
3291 4958 3364 5020 ὡς
3443 4956 3724 5021 οὖσιώδους
3780 4957 3908 5015 ἑνό-

2250 5066 2435 5125 τητος,
2467 5041 2700 5114 δήλωσιν
2742 5045 2779 5111 ἢ
2821 5040 2889 5099 δι’
2924 5046 3046 5101 Υἱου
3089 5047 3243 5126 φωνὴ
3274 5044 3418 5127 ἔχει,
3478 5044 3534 5102 ἐν
3563 5050 3643 5119 τῷ
3699 5043 3761 5102 ἐκ
3789 5052 3906 5102 ll:-

2251 5135 2371 5213 τρὸς
2440 5131 2506 5190 δι’
2566 5135 2687 5189 ι’ἱοῦ
2742 5136 2804 5190 1‘0
2849 5139 3062 5207 Πνεῦμα
3119 5135 3289 5213 εἶναι,
3353 5137 3441 5193 καὶ
3497 5135 3904 5215 ἐκπορεύεσθαι.

2251 5224 2447 5282 Τούτου
2501 5221 2557 5280 δὲ
2612 5220 3059 5303 ὁμολογηθέντος,
3145 5232 3238 5283 τοῦ
3321 5225 3471 5307 ἔχειν
3550 5222 3757 5293 δηλαδὴ
3803 5223 3904 5293 τὴν

2251 5311 2318 5369 δι’
2369 5316 2491 5373 1⁸ίοῦ
2544 5313 2726 5393 φωνὴν
2784 5309 3018 5382 δήλωσιν
3080 5313 3362 5381 οὗσιώδους
3436 5313 3711 5395 ἐνότητος,
3781 5311 3906 5392 ῥᾷον

2252 5401 2397 5459 ἔσται
2452 5401 2640 5460 λοιπὸν
2683 5398 2910 5460 συνιδεῖν
2966 5400 3131 5478 μηδέν
3187 5425 3238 5461 τι
3290 5402 3554 5486 διαφέρειν
3609 5402 3755 5460 εἶναι
3812 5402 3907 5459 καὶ

518 5489 667 5559 ΡἪίο
701 5507 834 5553 esse
868 5491 1096 5567 dicere,
1157 5492 1312 5572 quod
1361 5511 1429 5553 ex
1476 5490 1647 5553 Patre
1680 5510 1788 5573 per
1812 5492 2025 5555 Filium
2055 5502 2165 5555 est.

2257 5492 2305 5558 ἐξ
2367 5495 2485 5549 rio":
2525 5491 2699 5570 λέγειν
2739 5494 2801 5549 τὸ
2857 5490 2916 5548 ἐκ
2961 5495 3164 5573 Πατρὸς
3222 5494 3466 5574 ὑπάρχον
3521 5489 3591 5549 δι’
3648 5493 3796 5554 Υἱοῦ.
3847 5491 3908 5548 El

521 5576 744 5649 Quodsi
766 5578 1119 5659 quibusdam
1172 5579 1467 5641 incertum
1489 5580 1725 5641 videtur
1756 5581 1865 5643 has
1889 5583 2172 5663 praeposi-

2264 5582 2320 5640 δέ
2375 5603 2510 5639 τισιν
2570 5580 2765 5662 ἔπορον
2821 5581 2963 5639 εῖναι
3021 5579 3171 5640 δοκεῖ
3244 5582 3503 5654 ἀλλήλαις
3544 5582 3638 5647 τὰς
3709 5579 3905 5660 προθέ-

532 5667 609 5730 tie
658 5686 722 5732 es
751 5669 1001 5732 alteram
1060 5668 1308 5733 alterius
1367 5668 1559 5731 locum
1588 5687 1903 5751 occupare,
1942 5689 2172 5753 magnus

2267 5694 2378 5736 σεις
2434 5672 2626 5735 ταύτας
2684 5672 2805 5730 ἅντε
2819 5671 3179 5751 πιχωριάζειν,
3252 5671 3367 5729 ἀλλ’
3430 5675 3459 5729 6
3515 5669 3682 5749 μέγας
3741 5670 3907 5727 Βασί-
