4142 6286
213 359 290 425 65

1370 363 1497 452 ,οε
1540 359 1835 427 UNIONE
1886 358 2440 428 ECCLESIARUM.

3553 358 3632 428 66

304 498 397 575 κβ.
429 487 569 557 "0m
601 497 660 556 δὲ
696 502 760 557 οὗ
783 500 967 575 μόναις
997 514 1119 565 ταῖς
1147 499 1522 578 θεολογούσαις
1566 501 1627 556 τὸ
1668 498 1892 574 Πνεῦμα

2055 496 2151 558 92.
2181 495 2383 577 Neque
2402 500 2717 579 solas,quze
2739 497 2816 560 de
2836 495 3058 578 Spiritu
3094 506 3626 577 pertractaverunt,

239 599 442 668 φωναῖς
512 589 551 656 ἢ
611 586 853 659 δήλωσις
912 587 1078 645 ἔνεστι
1135 596 1228 646 τοῦ
1297 587 1510 665 ἀμέσως
1569 589 1630 645 ἐκ
1686 588 1899 666 ΙΙατρὸς

242 677 383 734 εἶναι
422 679 485 733 τὸ
528 679 789 758 ῙΙνευμα,
862 676 998 734 ἀλλὰ
1052 677 1245 735 πολλαὶ
1298 679 1387 735 καὶ
1430 675 1583 735 ἄλλαι
1642 679 1899 757 γραφικαὶ

238 767 469 845 χρήσεις
509 781 629 832 τοῖς
662 771 738 833 εἷς
796 766 953 843 βάθος
1014 764 1399 844 διανοουμένοις
1456 770 1517 824 τὸ
1570 769 1696 827 αύτὸ
1725 766 1900 841 νόημα

236 861 591 934 παριστῶσιν,
654 853 886 923 δηλώσει
941 857 1007 914 τὰ
1075 856 1437 934 ῥηθησόμενα.
1527 857 1587 914 Τί
1658 856 1757 935 γάρ
1840 852 1901 909 ἄν

238 942 381 1000 ἄλλο
437 942 789 1015 διανοήσαιτό
845 968 949 1026 τις,
1005 949 1085 1020 τῷ
1167 952 1560 1025 Θαυματουργῴ
1643 943 1903 1024 Γρεγορίῳ

238 1030 462 1111 λέγοντι
514 1033 889 1115 ἆντυγχάνων,
963 1032 1067 1114 ὅτι,
1135 1057 1159 1091 ι
1224 1044 1328 1094 Τοῦ
1383 1034 1569 1102 Κυρίου
1626 1036 1655 1090 6
1709 1032 1904 1111 Πατὴρ

233 1121 415 1201 ἀρχὴ,
503 1120 691 1188 ἆῒδίως
780 1123 935 1180 αὐτὸν
1015 1125 1299 1201 γεννήσας,
1384 1123 1730 1202 πρωτότυπος
1814 1130 1905 1179 τοῦ

238 1209 555 1284 Πνεύματος
586 1213 615 1267 ὁ
669 1212 902 1291 Κύριος;
969 1235 995 1267 ι
1049 1218 1165 1276 Πῶς
1208 1215 1522 1283 νοηθήσεται
1574 1214 1637 1268 τὸ
1695 1216 1904 1285 Πνεῦμα

234 1304 338 1353 τοῦ
384 1298 575 1377 Κυρίου
628 1300 999 1380 πρωτότυπον,
1033 1302 1099 1393 ἠεἰ
1155 1303 1243 1357 καὶ
1296 1304 1356 1357 τὸ
1434 1302 1646 1376 Πνεῦμα
1693 1298 1904 1393 ἆμέσως

234 1387 372 1451 ὡςδ
426 1387 546 1453 Γίός
596 1390 661 1444 ἒκ
716 1390 965 1468 Πατρόςς
1035 1386 1089 1445 Ἠ
1161 1396 1277 1453 πῶς
1347 1391 1665 1460 νοηθήσεται
1724 1390 1751 1443 6
1806 1386 1903 1462 μὲν

236 1477 368 1539 Υἱὸς
432 1477 591 1558 εἰκῶν
630 1484 726 1533 τοῦ
799 1479 1023 1558 Πατρὸς,
1082 1480 1144 1535 τὸ
1199 1477 1251 1535 δὲ
1312 1486 1522 1556 Πνεῦμα
1602 1478 1756 1535 εἰκὼν
1810 1482 1900 1533 τοῦ

237 1566 423 1645 Υἱοῦς
484 1550 555 1622 ’,Β
613 1572 728 1630 πῶς
773 1550 1087 1636 νοηθῆσεται
1116 1569 1144 1623 6
1186 1567 1284 1643 μὲν
1336 1550 1518 1646 Πατῆρ
1546 1564 1896 1647 προεπινοού-

234 1675 409 1729 μενος
442 1660 538 1710 τοῦ
610 1656 732 1713 1⁸ἶοῦ
786 1661 863 1730 τῷ
906 1656 1070 1729 αἰτίῳ,
1107 1659 1135 1712 6
1193 1653 1247 1712 δὲ
1305 1658 1423 1720 Υἱὸς
1479 1658 1614 1713 κατὰ
1656 1657 1746 1711 τὸν
1800 1654 1899 1719 τῆς

231 1743 414 1802 αἰτίας
484 1741 647 1820 λόγον
681 1745 1187 1833 1’.προεπινοούμενος
1245 1744 1341 1812 τῆς
1411 1745 1503 1802 τοῦ
1600 1752 1661 1801 Π*
1679 1746 1902 1819 εύματος

1985 603 2157 645 voces
2178 596 2379 667 aperte
2408 595 2664 658 notasse,
2686 606 2800 647 non
2826 604 2957 647 esse
2982 585 3321 646 immediate
3344 584 3627 665 Spiritum

1985 692 2052 733 ex
2081 673 2271 741 Patre.
2298 675 2398 737 sed
2428 676 2610 737 multa
2639 676 2751 737 alia
2774 674 2992 755 scripto
3019 674 3232 736 tradita
3270 675 3628 749 testimonia,

1984 761 2125 833 illis,
2161 763 2262 844 qui
2320 766 2672 826 sententiam
2730 783 2934 826 eorum
2967 773 3236 825 accurate
3269 765 3627 845 percipiunt,

1985 851 2396 929 conﬁrmasse,
2432 853 2584 915 infra
2641 853 2895 914 dicenda
2916 856 3251 915 ostendent.
3287 851 3436 925 Quid
3469 853 3629 916 enim

1987 958 2018 998 a
2046 938 2141 998 iud
2164 949 2362 1003 mente
2382 942 2811 1022 apprehendat,
2848 942 2949 1019 qui
2965 940 3462 1021 Thaumaturgum
3479 944 3631 1007 Gre—

1989 1027 2217 1102 gorium
2241 1029 2604 1092 scribentem
2631 1031 2958 1111 percurrit:
2991 1029 3260 1091 cDomini
3281 1033 3455 1094 Pater
3475 1033 3634 1112 prin—

1987 1114 2229 1196 cipium,
2285 1116 2357 1178 ab
2411 1128 2631 1179 aeterno
2690 1119 2883 1198 ipsum
2913 1121 3227 1197 generan‘s.
3264 1128 3321 1180 et
3348 1118 3633 1182 Dominus

1988 1214 2327 1286 puototypus
2352 1205 2696 1288 Spiritus?»
2735 1207 2803 1268 Et
2832 1227 3084 1288 quanam
3120 1208 3352 1271 ratioue
3379 1208 3628 1290 intelligi

1988 1294 2203 1381 poterit
2236 1296 2468 1358 Domini
2495 1305 2836 1378 prototypon
2863 1316 2999 1376 erga
3022 1295 3322 1378 Spiritum,
3342 1297 3393 1359 si
3415 1299 3627 1381 etSpi-

1984 1380 2133 1473 ritus
2162 1382 2500 1473 immediate
2543 1386 2620 1446 uti
2652 1394 2710 1445 ιιι
2740 1386 2923 1448 Filius
2969 1405 3036 1446 ex
3091 1388 3260 1448 l’atrc
3281 1385 3311 1445 ?
3344 1388 3447 1449 Vel
3471 1380 3623 1473 quo-

1989 1471 2161 1557 modo
2191 1471 2555 1553 intelligetur
2602 1473 2785 1535 Filius
2814 1475 3007 1554 imago
3042 1473 3248 1549 Patris,
3284 1484 3343 1538 et
3374 1471 3630 1557 Spiritus

1980 1554 2182 1639 imago
2239 1562 2407 1624 Filii?
2461 1561 2564 1624 Vel
2605 1562 2902 1643 quomodo
2950 1562 3318 1641 intelligetur
3363 1554 3537 1628 Pater
3566 1578 3628 1631 ut

1984 1666 2158 1709 causzi
2205 1654 2390 1729 prius,
2452 1670 2625 1731 quam
2673 1651 2898 1731 Filius;
2956 1651 3316 1732 percipietur
3367 1663 3424 1715 et
3450 1655 3631 1719 Filius

1983 1736 2212 1798 ratione
2271 1758 2457 1800 causa:
2487 1749 2622 1800 ante
2687 1740 3045 1818 hypostasim
3098 1741 3283 1821 ipsam
3326 1741 3628 1823 Spiritus?

233 1832 640 1911 ὑποστάσεως;
685 1826 740 1889 Ἠ
789 1840 903 1896 πῶς
946 1835 1260 1903 νοηθήσεται
1317 1836 1344 1890 6
1387 1834 1482 1909 μὲν
1542 1834 1724 1913 Πατὴρ
1781 1833 1903 1924 μεέ-

1992 1826 2090 1886 Vcl
2135 1832 2432 1906 quomodo
2478 1828 2850 1924 intelligetur
2894 1827 3076 1924 Pater
3132 1831 3322 1910 major
3370 1833 3540 1908 Filio,
3571 1845 3629 1896 et

232 1927 353 1991 ζων
381 1921 479 1976 τοῦ
510 1923 654 1995 Υἱοῦ,
727 1922 756 1977 6
786 1919 840 1977 δὲ
899 1925 1015 1986 Υἱὸς
1076 1923 1265 1999 μείζων
1316 1926 1407 1980 τοῦ
1458 1923 1756 1998 Πνεύματος

235 2012 364 2073 πῶς
421 2011 741 2079 νοηθήσεται
810 2013 871 2068 τὸ
915 2018 1127 2087 Πνεῦμα
1183 2010 1268 2067 διὰ
1321 2011 1415 2069 τοῦ
1472 2013 1598 2068 Υἱσῦ
1641 2009 1903 2069 συναπτό-

236 2120 424 2180 μενον,
443 2105 524 2180 τῷ
565 2100 742 2179 Πατρί
786 2120 803 2180 ;

328 2177 442 2266 κγ’.
485 2177 650 2243 Ἀλλὰ
678 2177 863 2262 πάλιν,
910 2190 953 2245 εἰ
994 2190 1081 2245 καὶ
1131 2185 1418 2267 οὖσιωδῶς,
1467 2190 1641 2267 φασὶν,
1678 2188 1738 2244 ἐκ
1780 2189 1904 2250 ΙΙα-

237 2278 371 2355 ατρὸς
416 2274 485 2332 δι’
528 2277 651 2333 Υἱοῦ
691 2277 921 2357 ὑπάρχει
976 2278 1037 2333 τὸ
1094 2278 1349 2356 ῙῙνεῦμα,
1391 2277 1472 2340 τίς
1525 2279 1552 2333 6
1607 2275 1766 2355 λόγος
1819 2276 1907 2331 ἐν-

235 2378 375 2430 ταῖς
403 2365 536 2442 ὑπὲρ
583 2372 761 2422 πᾶσαν
802 2365 945 2431 τάξιν
998 2366 1385 2445 θεωρουμέναις
1441 2367 1758 2423 ὑποστάσεσι
1812 2369 1911 2434 τῆς

237 2451 501 2531 Τριᾶδος,
528 2454 628 2521 τὴν
696 2462 788 2511 τοῦ
844 2457 966 2512 1⁸ῖοῦ
1021 2457 1309 2513 ὑπόστασιν
1370 2460 1529 2530 μέσου
1578 2454 1793 2534 ΙΙατρὸς
1825 2456 1912 2510 καὶ

238 2543 572 2619 Πνεύματος
615 2541 815 2623 λέγειν,
883 2547 957 2608 ὡς
1016 2544 1537 2622 κατηναγκασμένης
1579 2543 1761 2600 ἐκεῖσε
1819 2541 1911 2600 οὔ·

237 2654 354 2699 σης
384 2634 488 2699 τῆς
514 2631 711 2697 τάξεως
769 2635 912 2713 Περὶ
971 2637 1068 2702 τῆς
1126 2633 1325 2699 τάξεως
1379 2633 1578 2701 ταύτης
1611 2631 1758 2692 οὐδὲν
1800 2631 1908 2710 ἐγὼ

240 2720 362 2800 ἐρῶ
416 2742 502 2776 σοι
544 2718 638 2776 ἀπ’
696 2720 922 2797 ἐμαυτοῦ
975 2722 1162 2785 αὐτοὺς
1216 2720 1260 2777 δ’
1332 2721 1558 2785 ἐκείνως
1614 2723 1734 2786 τοὺς
1790 2718 1907 2800 περὶ

238 2811 458 2876 ταύτης
536 2810 804 2888 εἰρηκότα.
868 2809 1115 2891 ΙΙατέρας
1170 2811 1505 2890 προθήσομαί
1558 2833 1641 2869 σοι
1685 2811 1771 2869 ἐπὶ
1818 2817 1912 2867 τοῦ

236 2898 441 2974 μέσου,
500 2900 574 2962 ὣς
653 2898 872 2966 ἕκαστος
928 2900 1013 2957 ἐπὶ
1080 2899 1271 2966 λέξεως
1329 2894 1572 2979 εἴρηκεν.
1637 2902 1830 2960 Αὐτίκα
1883 2902 1912 2956 6

1792 1940 1808 2001 ;
1849 1915 1901 1977 Ἠ
1928 1915 1961 1924 ”
1987 1915 2170 1976 Filius
2228 1917 2417 1996 major
2475 1915 2696 1997 Spiritu
2717 1916 2748 1976 ‘2
2803 1917 2907 1978 Vel
2938 1919 3237 1997 quomodo
3268 1921 3630 2002 intelligetur

1989 2003 2241 2084 Spiritus
2273 2024 2377 2084 per
2405 2006 2616 2065 Filium
2650 2004 2802 2067 Patri
2833 2006 3292 2068 adhaerescens?

2069 2181 2166 2243 23.
2194 2180 2310 2243 Sed
2339 2200 2566 2257 rursus,
2598 2183 2738 2244 licet
2784 2183 3204 2258 essentiditer,
3230 2184 3525 2268 inquiunt,
3561 2206 3631 2249 ex

1993 2272 2168 2333 Patre
2194 2289 2297 2350 prr
2316 2271 2527 2333 Filium
2575 2272 2698 2351 Spit
2720 2272 2835 2333 itus
2858 2281 2969 2352 est,
3003 2291 3130 2353 quae
3161 2274 3308 2335 ratio
3343 2275 3539 2350 fuerit,
3575 2277 3636 2337 in

1993 2358 2224 2421 Triadis
2250 2361 2658 2440 hypostasibus
2675 2380 2853 2441 supra
2882 2381 3118 2423 omnem
3147 2364 3415 2425 ordinem
3441 2366 3637 2427 consi-

1994 2448 2215 2509 deratis
2256 2448 2390 2509 Filii
2436 2450 2789 2531 hypostasim
2843 2450 3102 2512 mediam
3138 2450 3293 2513 inter
3312 2451 3547 2514 Patrem
3580 2464 3639 2518 et

1996 2535 2281 2615 Spiritum
2316 2538 2506 2613 fateri,
2567 2539 2734 2619 quasi
2794 2540 3130 2601 necessario
3164 2540 3244 2601 ibi
3276 2544 3423 2603 ordo
3456 2542 3636 2606 intro-

1991 2625 2297 2711 ducendus
2314 2628 2388 2689 sit
2409 2627 2432 2690 ?
2453 2632 2532 2690 lle
2563 2628 2673 2690 hoc
2699 2628 2909 2693 ordine
2942 2628 3086 2690 nihil
3120 2629 3246 2711 ipse
3269 2630 3342 2692 de
3374 2648 3509 2693 meo
3541 2632 3637 2694 af-

1993 2707 2197 2785 feram,
2230 2714 2333 2775 sed
2376 2717 2577 2778 Patres
2619 2717 2773 2794 illos,
2829 2718 2928 2797 qui
2960 2718 3033 2778 de
3066 2707 3505 2781 co'sermonem
3540 2721 3640 2782 ha-

1994 2802 2196 2875 buere,
2254 2811 2312 2865 in
2364 2806 2623 2867 medium
2687 2806 3007 2887 producam
3070 2807 3379 2885 verbatim,
3435 2816 3498 2870 ut
3551 2809 3639 2870 illi

1998 2893 2399 2958 enuntiarunt.
2457 2896 2686 2957 Primus
2712 2897 3009 2977 Nyssenus
3044 2895 3358 2975 Gregorius
3374 2897 3640 2960 oratione

242 2988 470 3053 Νύσσης
540 2988 825 3068 Γρηγόριος
867 2989 929 3046 ἐκ
995 2996 1071 3065 τῷ
1113 2991 1244 3068 πρὸς
1289 2986 1573 3047 Ἀϐλάϐιον
1614 2988 1787 3069 λόγῳ,
1856 2981 1906 3046 οἶ

1998 2982 2070 3041 ad
2116 2981 2447 3057 Ablabium,
2509 2984 2677 3064 cujus
2707 2984 2851 3045 illud
2888 2983 3239 3064 principium
3293 2994 3430 3046 est:
3473 3011 3498 3041 α
3534 2985 3638 3049 Jus

236 3077 279 3142 ἡ
313 3075 493 3157 ἀρχὴ,
586 3097 612 3133 ι
651 3071 817 3153 (ι’μᾰς
860 3080 956 3154 μὲν
1015 3077 1212 3136 δίκαιον
1265 3079 1385 3143 τοὺς
1455 3075 1785 3151 ἀκμάζοντας
1857 3078 1912 3135 ἐν

2002 3077 2121 3130 tnm
2147 3079 2235 3131 est
2283 3071 2558 3152 equidem
2583 3091 2707 3152 vos,
2742 3073 2841 3153 qui
2875 3071 3095 3133 viribus
3124 3072 3359 3153 polletis
3388 3073 3448 3134 in
3477 3075 3640 3135 omni

238 3167 405 3243 πάσῃ
450 3165 666 3244 δυνάμει
720 3166 1135 3247 διαγωνίζεσθαι,
1186 3194 1213 3225 ι
1253 3170 1384 3249 φησί
1418 3187 1432 3201 ⁸
1501 3190 1524 3225 (ι
1563 3170 1635 3227 T6
1662 3168 1906 3249 ἀπαράλ-

1992 3157 2207 3249 robore
2228 3159 2834 3237 decertaregscribit:
2851 3160 3639 3243 «Immutabilemetperom-

238 3253 452 3312 λακτον
493 3261 593 3322 τῆς
623 3260 828 3336 φύσεως
860 3256 1269 3337 ὁμολογοῦντες,
1326 3257 1425 3325 τὴν
1453 3258 1588 3315 κατᾶ
1630 3258 1692 3314 τό
1735 3256 1909 3315 αἴτιον

245 3345 346 3400 καὶ
404 3346 641 3402 αἱτιατὸν
682 3343 933 3426 διαφορὰν
977 3347 1071 3404 οὐκ
1139 3347 1451 3427 ἀρνούμεθα.
1511 3343 1601 3404 Ἐν
1667 3349 1713 3421 ᾧ
1764 3347 1912 3422 μόνῳ

243 3430 602 3512 διακρίνεσθαι
688 3436 750 3491 τὸ
826 3433 1001 3514 ἕτερον
1076 3443 1166 3493 τοῦ
1235 3435 1411 3515 ἑτέρου
1497 3433 1909 3511 καταλαμϐάνο-

246 3541 383 3596 μεν,
412 3528 495 3596 τῷ
521 3524 584 3578 τὸ
614 3523 713 3599 μὲν
742 3522 919 3582 αἴτιον
965 3524 1233 3581 πιστεύειν
1264 3525 1428 3599 εἶναι,
1475 3525 1538 3580 τὸ
1593 3522 1649 3580 δὲ
1704 3523 1764 3580 ἐκ
1818 3534 1911 3583 τοῦ

244 3611 420 3666 αἰτίου
464 3629 485 3647 ⁸
513 3613 601 3669 καὶ
642 3622 735 3671 τοῦ
775 3612 828 3679 ἐξ
869 3614 1035 3678 αἰτίας
1092 3612 1239 3677 ὄντος
1281 3612 1453 3681 ἄλλην
1510 3612 1668 3672 πάλιν
1723 3612 1907 3694 διαφο-

248 3704 349 3782 ρὰν
380 3702 685 3778 ἐννοοῦμεν.
731 3706 802 3763 Τὸ
858 3706 955 3778 μὲν
998 3707 1097 3786 γὰρ
1152 3711 1435 3785 προσεχὼς
1495 3704 1557 3761 ἐκ
1624 3711 1715 3762 τοῦ
1764 3706 1911 3786 πρώ-

250 3813 373 3872 του,
404 3793 467 3848 τὸ
510 3789 565 3848 δε
589 3790 679 3851 διὰ
705 3800 797 3850 τοῦ
844 3784 1124 3875 προσεχιῖκ
1181 3798 1242 3851 ὲκ
1294 3784 1387 3851 τοῦ
1446 3795 1681 3873 πρώτου.
1735 3784 1910 3851 "sict:

251 3882 347 3937 καί
396 3882 459 3937 τὸ
501 3883 785 3960 μονογενὲς
838 3881 1193 3964 ἀναμφίϐολον
1248 3883 1332 3940 ἐπὶ
1401 3890 1493 3940 τοῦ
1546 3885 1670 3952 ,ι’ἱού
1713 3884 1909 3957 μένειν,

252 3971 436 4027 καὶτὸ
482 3968 545 4026 ἐκ
593 3977 689 4028 τοῦ
733 3973 949 4052 ΙΙατρὸς
994 3972 1136 4030 εἶναι
1195 3974 1257 4030 τὸ
1328 3974 1551 4036 Πνεῦμα
1609 3973 1686 4048 μὴ
1744 3973 1912 4053 ἀμφί-

253 4056 501 4134 ϐίλλειν,
544 4064 646 4128 τῆς
702 4068 795 4118 τοῦ
853 4061 975 4119 Υἱοῦ
1014 4063 1277 4138 μεσιτείας
1333 4064 1422 4119 καὶ
1479 4063 1649 4137 ἐαυτῷ
1703 4064 1765 4118 τὸ
1819 4084 1914 4138 μο-

1993 3248 2090 3309 nia
2118 3248 2374 3309 similem
2410 3259 2679 3312 naturam
2710 3249 3421 3326 conﬁtentes,discrimen
3447 3269 3643 3314 causae

1994 3345 2052 3398 et
2082 3338 2326 3399 effectus
2358 3358 2475 3400 non
2515 3340 2867 3414 inficiamur,
2902 3339 2963 3400 in
3004 3358 3117 3420 quo
3158 3339 3347 3400 solum
3382 3339 3643 3420 disjungi

1991 3425 2239 3487 alterum
2264 3426 2338 3489 ab
2360 3428 2545 3489 altero
2576 3428 3117 3509 deprehendimus;
3159 3447 3295 3490 cum
3327 3429 3642 3493 credamus

1994 3515 2107 3577 hoc
2133 3516 2373 3597 quidem
2411 3536 2645 3579 causam
2698 3518 3007 3590 esse,illud
3032 3536 3336 3581 excausa:
3367 3528 3427 3583 et
3452 3519 3636 3598 illius,

1994 3604 2149 3683 quod
2173 3624 2242 3665 ex
2274 3624 2448 3667 causa
2480 3615 2589 3682 est,
2622 3607 2778 3668 aliud
2804 3626 3008 3669 rursus
3033 3607 3352 3670 discrimen
3371 3627 3639 3690 compre-

1995 3692 2335 3757 hendimus.
2368 3692 2633 3775 Namque
2664 3697 2776 3758 hoc
2826 3697 3067 3776 quidem
3121 3704 3211 3759 est
3239 3697 3580 3759 immediate
3609 3717 3644 3760 a

1995 3782 2208 3861 primo,
2247 3784 2359 3844 hoc
2389 3802 2525 3847 vero
2558 3803 2626 3846 ex
2676 3786 2952 3865 contiguo
2995 3804 3028 3847 a
3084 3786 3296 3866 primo,
3357 3787 3525 3849 Adeo
3578 3796 3643 3849 ut

1999 3869 2365 3948 unigenitum
2418 3871 2810 3934 indubitatum
2870 3883 3104 3938 maneat
3159 3876 3218 3937 iu
3278 3874 3450 3950 Filio,
3483 3890 3544 3938 et
3575 3896 3645 3938 ex

2000 3957 2172 4020 Patre
2203 3978 2335 4021 esse
2388 3959 2695 4041 Spiritum,
2746 3961 2883 4023 Filii
2942 3964 3323 4040 mediatione,
3384 3965 3495 4025 sibi
3533 3965 3648 4046 ipsi

1997 4048 2367 4127 unigenitum
2400 4050 2826 4127 conservantis,
2854 4051 3214 4134 etSpiritum
3237 4073 3270 4115 a
3292 4055 3542 4117 naturali
3570 4055 3645 4116 ad

252 4149 470 4227 νογενὲς
545 4148 938 4231 φυλαττούσης,
1000 4154 1089 4209 καὶ
1146 4154 1209 4208 τὸ
1252 4153 1479 4228 Πνεῦμα
1533 4153 1630 4217 τῆς
1689 4157 1906 4232 φυσικῆς

2001 4143 2229 4232 Patrem
2260 4138 2607 4202 habitudine
2668 4161 2787 4202 non
2838 4143 3157 4204 arcentis.»
3193 4142 3335 4216 Quis
3363 4163 3430 4206 ex
3464 4144 3645 4206 Patri-

251 4225 388 4317 προς
445 4225 810 4316 τὸνἸΙατὲρα
836 4264 839 4269 ν
864 4225 1102 4319 uiset-Eu);
1178 4241 1257 4318 μὴ
1332 4225 1713 4320 ἀπειργούσηςξ
1752 4264 1778 4295 ι
1827 4242 1906 4303 Τίς

1999 4225 2109 4320 bus
2129 4228 2410 4308 apertius,
2446 4231 2546 4311 qui
2569 4231 2630 4292 in
2662 4230 2879 4294 Triade
2910 4242 3022 4307 est,
3048 4233 3319 4294 ordinem
3356 4234 3642 4314 explana-

255 4314 366 4382 τῶν
444 4327 613 4406 ἁγίων
1124 4314 1470 4410 παραστήσει.
1504 4314 1515 4319 ⁷
1546 4329 1645 4396 τὴν
1739 4328 1792 4386 ἐν
1848 4336 1906 4405 “cf

1999 4314 2109 4389 bit,
2166 4325 2521 4410 e_t_hprorsus
2579 4320 2975 4383 necessariam
3004 4322 3077 4383 ad
3110 4321 3339 4383 Patrem
3371 4331 3427 4381 et
3451 4320 3646 4401 Spiri-

258 4413 440 4494 Τριῶι
471 4415 642 4488 τάξιν,
690 4398 779 4473 καὶ
820 4418 920 4484 τὴν
962 4398 1112 4475 ’κατὰ
1164 4398 1341 4474 πᾶσαν
1388 4417 1624 4496 ἀνάγκην
1666 4418 1797 4496 πρὸς
1824 4418 1906 4474 τὸν

2002 4416 2133 4496 tuin
2166 4406 2311 4479 Filii,
2334 4410 2757 4473 mediationem
2778 4411 2809 4472 ?
2839 4411 3003 4484 Quod
3036 4413 3086 4474 si
3128 4412 3201 4474 ad
3224 4398 3641 4474 stabiliendum

257 4504 482 4584 Πατέρα
542 4507 633 4562 καὶ
683 4506 747 4562 1:6
795 4503 1018 4584 Πνεῦμα
1061 4508 1327 4584 μεσιτείαν
1376 4505 1467 4563 τοῦ
1503 4494 1658 4563 ⁷1⁸ἱοῦ
1681 4494 1718 4585 ;⁷
1750 4507 1807 4564 Εἰ
1860 4504 1906 4562 δὲ

1998 4494 2058 4556 in
2091 4494 2305 4558 Triade
2336 4499 2609 4560 ordinem
2666 4498 2982 4580 Gregorius
3013 4504 3315 4581 Nysscnus
3348 4499 3489 4562 satis
3522 4519 3640 4561 non

258 4594 333 4656 είς
386 4593 721 4673 παράστασιν
765 4596 863 4662 τῆς
919 4595 975 4652 ἐν
1031 4602 1099 4673 τῇ
1150 4594 1330 4676 Τριιίδι
1370 4594 1566 4661 τάξεως
1611 4597 1640 4651 6
1704 4595 1906 4662 Νύσσης

1999 4594 2329 4659 est,testem
2351 4605 2417 4650 se
2446 4588 2695 4651 alterum
2729 4590 2802 4650 de
2850 4590 2961 4651 hoc
2985 4590 3194 4650 ordine
3218 4607 3464 4668 magnus
3484 4587 3645 4651 Basi-

255 4682 548 4762 Γρηγόριος
623 4688 718 4743 οὒκ
798 4683 975 4765 ἀρκεῖ,
1026 4685 1534 4765 συνεπιμαρτύρήσει
1605 4683 1749 4760 αὐτῷ
1844 4685 1911 4761 τὰ

255 4772 375 4851 περὶ
414 4776 518 4839 τῆς
566 4771 767 4838 τάξεως
823 4774 912 4830 καὶ
955 4776 983 4831 6
1042 4773 1210 4853 μέγας
1267 4771 1560 4837 Βασίλειος.
1619 4775 1781 4836 Οὗτος
1822 4774 1910 4829 καὶ

258 4858 438 4940 γὰρέν
464 4866 546 4936 τῷ
586 4861 784 4941 πρώτῳ
836 4866 945 4919 τῶν
1003 4865 1133 4940 πρὸς
1192 4862 1450 4940 Εὐνόμιον
1502 4861 1910 4941 Ἀντιῤῥητικῶν

260 4947 427 5029 λόγῳ,
461 4950 523 5008 οὗ
573 4952 610 5019 ἡ
657 4950 831 5032 ἀρχὴ,
882 4974 912 5007 α
957 4953 1017 5010 Εἰ
1058 4952 1157 5030 μὲν
1215 4948 1494 5009 ἐϐούλοντο
1551 4952 1766 5023 πάντες,
1826 4948 1909 5031 ἐφ’

263 5042 348 5103 οἷς
375 5041 438 5095 τὸ
508 5038 680 5117 ὄνομα
721 5048 816 5098 τοῦ
874 5043 1006 5099 Θεοῦ
1057 5043 1143 5103 καὶ
1208 5042 1458 5113 Σωτῆρος
1524 5042 1682 5118 ἡμῶν
1735 5037 1909 5108 Ἰησοῦ

1996 4673 2111 4735 lius
2139 4675 2447 4755 adjungot.
2481 4675 2564 4739 Ita
2579 4677 2736 4738 enim
2763 4677 2951 4757 primo
2973 4677 3259 4739 adversus
3279 4676 3635 4739 Eunomium

1991 4764 2399 4830 antirrhetico.
2436 4767 2604 4847 cujus
2635 4766 3019 4849 principium,
3058 4767 3401 4846 cSiquidem
3434 4785 3642 4830 omnes

1990 4853 2232 4928 vellent,
2265 4873 2446 4936 super
2466 4875 2614 4937 quos
2636 4875 2856 4918 nomen
2893 4855 3002 4918 Dei
3024 4863 3081 4919 et
3104 4854 3430 4920 Servatoris
3453 4856 3641 4918 nostri

1989 4943 2128 5005 Jesu
2160 4943 2376 5007 Christi
2403 4943 2736 5007 invocatum
2762 4953 2912 5020 est,»
2946 4945 3160 5022 tradit;
3194 4946 3298 5007 sed
3324 4946 3468 5008 ordo
3490 4945 3643 5009 alter

1990 5032 2278 5095 naturalis
2337 5043 2446 5105 est,
2508 5034 2656 5096 alter
2725 5034 3103 5098 artificiosus.
3161 5032 3477 5116 Naturalis,
3539 5035 3642 5116 qui

265 5135 488 5208 Χριστοῦ
513 5127 882 5206 ἐπικέκληται,
950 5152 980 5187 ι
1013 5130 1170 5211 φησίν
1204 5147 1219 5161 '
1284 5153 1313 5187 ε
1348 5127 1516 5187 Ἀλλὰ
1570 5127 1714 5195 τάξις
1745 5130 1780 5199 ἡ
1810 5128 1909 5205 μὲν

266 5224 456 5297 φυσικὴ
484 5220 564 5285 τίς
616 5219 785 5301 ἐστιν,
815 5221 855 5290 ἡ
913 5217 969 5276 δὲ
1025 5241 1125 5276 κατ
1173 5217 1505 5291 ἔπιτήδευσιν
1561 5218 1754 5301 φυσικὴ
1786 5218 1908 5298 μὲν,

264 5309 336 5371 ὣς
402 5309 440 5377 ἦ
496 5316 601 5367 τῶν
676 5310 992 5388 κτισμάτων
1074 5310 1213 5368 κατὰ
1292 5310 1412 5374 τοὺς
1507 5306 1906 5388 δημιουργικῶς

1995 5310 2133 5363 ante
2190 5302 2390 5364 omnia
2445 5323 2577 5365 cum
2638 5303 2781 5365 illud
2841 5303 2901 5365 in
2938 5305 3247 5367 confessis
3301 5303 3399 5377 sit,
3462 5303 3649 5384 ipsius

265 5395 448 5475 λόγους
466 5403 753 5481 ταχθεῖσα,
787 5400 881 5458 καὶ
909 5401 945 5468 ἡ
989 5399 1084 5456 τοῦ
1124 5398 1341 5479 ἀριθμοῦ
1385 5397 1546 5473 θέσις,
1591 5399 1679 5455 καὶ
1730 5400 1765 5467 ἡ
1808 5404 1906 5454 τῶν

1998 5400 2219 5453 natura
2248 5394 2437 5456 Deum
2472 5401 2529 5453 et
2559 5401 2888 5455 creatorem
2919 5402 2979 5457 et
3008 5395 3282 5476 opificem
3317 5392 3647 5455 esse.Arti-

272 5486 449 5545 αντίωιν
503 5492 629 5570 πρὸς
671 5492 741 5548 τὰ
800 5486 1026 5546 αἰτιατά
1066 5498 1274 5568 σχέσις,
1333 5486 1532 5545 ἐκείνου
1611 5484 1906 5567 προδιωμο-

2009 5481 2246 5541 [ἰοὲοευδ
2278 5497 2418 5542 vero
2452 5491 2510 5542 et
2564 5481 2855 5544 industria
2902 5484 3211 5545 hominum
3273 5481 3654 5570 excogitatus,

270 5568 550 5656 λοτημένοο
588 5583 685 5641 τοῦ
748 5578 849 5637 καὶ
906 5580 1008 5644 τῆς
1068 5576 1269 5657 φύσεως
1314 5579 1477 5642 «inﬁt:
1531 5577 1763 5645 ποιητὴν
1835 5578 1906 5635 ε’ῐ-

2011 5570 2113 5652 qui
2143 5570 2205 5631 in
2236 5570 2574 5648 structuris,
2604 5579 2663 5633 et
2690 5571 3046 5654 disciplinis,
3074 5581 3132 5634 et
3158 5568 3567 5657 dignitatibus,
3601 5576 3659 5629 et

264 5686 339 5724 ναι
379 5671 463 5729 καὶ
489 5669 834 5753 δημιουργὸν
864 5667 966 5725 τὸν
1026 5656 1158 5722 Θεόν
1192 5663 1207 5696 ‘
1266 5661 1708 5742 ἑπιτετηδευμένη
1750 5664 1805 5722 δὲ
1845 5689 1906 5723 κα

2016 5677 2289 5735 numero,
2324 5667 2385 5721 et
2414 5659 2732 5725 similibus.
2785 5660 3010 5724 Horum
3060 5661 3313 5743 primum
3357 5656 3661 5720 occultans

1990 5131 2391 5187 creaturarum
2439 5126 2605 5205 juxta
2624 5124 2867 5186 creandi
2896 5123 3154 5187 rationes
3177 5125 3499 5206 dispositus
3529 5132 3641 5200 est,

1993 5220 2052 5273 et
2080 5212 2291 5292 positio
2324 5215 2584 5287 numeri,
2613 5222 2670 5275 et
2712 5233 3020 5276 causarum
3039 5216 3111 5278 ad
3140 5216 3384 5277 eﬂ'ectus
3404 5213 3642 5286 relatio,
