4142 6286
515 409 587 476 67

1565 413 1834 480 JOANN.
1869 409 2091 479 VECCI
2126 407 2239 472 ΟΡ.
2274 409 2812 480 PATRIARCHE.

3819 398 3901 469 68

508 545 857 622 Eunomius,
916 545 1218 619 secundae,
1273 547 1490 626 specici
1535 547 1763 608 ordinis
1795 546 2138 608 mentionen

2223 553 2504 631 ιτεχνικὴ,
2552 555 2625 618 ὡς
2669 554 2702 619 ἦ
2762 552 2815 608 ἐν
2872 565 2990 616 τοῖς
3061 551 3524 627 κατασκευάσμασι
3577 551 3664 606 καὶ
3708 546 3906 623 μαθώ-

514 634 671 708 fecit,
706 635 927 716 aitque,
961 655 1079 698 non
1112 653 1244 697 esse
1291 654 1439 716 opus
1491 653 1758 696 asserere
1791 633 2062 696 ordinem
2099 636 2156 696 ln

513 726 654 795 Deo,
716 743 847 786 cum
905 725 1049 786 ordo
1101 725 1412 785 ordinante
1491 725 1786 802 posterior
1845 725 1925 787 sit
2011 723 2157 785 lllud

511 823 704 875 autem
733 813 818 878 vel
853 833 966 874 non
1026 813 1463 884 animadvertit,
1496 814 1590 874 vel
1628 813 1831 874 volens
1864 815 2159 892 prudens-

513 922 626 984 que
658 903 994 977 occultavit,
1055 921 1186 963 esse
1243 921 1434 982 genus
1479 902 1715 983 aliquod
1750 901 1998 964 ordinis.
2037 921 2154 963 non

511 1001 710 1053 nostra
743 991 1030 1053 industria
1081 992 1490 1064 constitutum,
1545 991 1648 1051 sed
1685 991 2012 1051 secundum
2049 1009 2156 1051 na-

513 1087 658 1141 turae
712 1080 929 1141 seriem
982 1079 1352 1159 contingens,
1416 1079 1593 1141 veluti
1626 1083 1782 1157 ignis
1810 1078 1880 1138 ad
1928 1079 2152 1152 lumen,

509 1170 664 1250 quod
725 1189 794 1231 ex
851 1188 920 1232 eo
982 1178 1093 1231 est.
1153 1168 1211 1230 [n
1273 1168 1366 1229 his
1416 1169 1634 1230 etenim
1699 1167 1863 1246 prius
1920 1185 2155 1228 causam

507 1257 782 1330 dicimus,
821 1258 1114 1338 posterius
1166 1256 1322 1336 quod
1371 1255 1534 1317 abeo
1557 1263 1668 1328 est,
1700 1274 1813 1315 non
1848 1255 2156 1317 intervallo

509 1364 578 1408 ea
608 1347 679 1407 ab
710 1345 960 1406 invicem
996 1344 1371 1423 dirimentes,
1407 1344 1510 1404 sed
1545 1353 1676 1404 ante
1721 1344 1993 1404 elici-tum
2014 1362 2156 1404 cau-

507 1453 632 1495 sam
665 1434 1084 1512 intelligentes.
1113 1431 1419 1504 Quomodo
1445 1432 1641 1510 itaque
1668 1431 1880 1492 rationi
1903 1450 2157 1492 consen-

508 1531 746 1585 taneum
803 1523 1001 1595 fuerit,
1065 1523 1335 1583 ordinem
1371 1521 1691 1599 denegaro,
1727 1522 1782 1582 in
1818 1520 2035 1601 quibus
2072 1529 2161 1582 est

507 1611 672 1691 prius
701 1621 759 1673 et
815 1610 1130 1692 posterius,
1184 1629 1298 1672 non
1358 1626 1556 1670 nostra
1602 1609 1915 1685 industria,
1949 1609 2050 1669 sed
2082 1629 2152 1671 ex

506 1700 753 1762 naturali
813 1701 872 1760 in
930 1700 1075 1778 ipsis
1131 1699 1452 1760 exsistenle
1501 1698 1970 1760 consecutione'.’
2025 1697 2152 1770 Qua

505 1809 645 1869 ergo
668 1793 742 1852 de
772 1808 947 1851 causa
974 1789 1246 1850 ordinem
1293 1807 1594 1849 assumere
1628 1787 1685 1848 in
1723 1790 1843 1850 Deo
1874 1786 2148 1865 reSpuit‘.’

2245 662 2399 720 μασι,
2445 643 2532 697 καὶ
2575 639 2865 717 ἀξιώμασι,
2897 641 2986 698 καὶ
3041 641 3268 720 ἀριθμῳ,
3313 642 3398 696 καὶ
3447 653 3565 702 τοῖς
3617 638 3902 699 τοιούτοις.

2250 730 2459 786 Τούτων
2529 730 2699 786 τοίνυν
2767 731 2828 786 τὸ
2897 729 3148 808 πρότερον
3231 729 3669 808 ἀπογρυψάμενος
3730 724 3902 784 Edwi-

2250 841 2399 897 μιος,
2465 827 2558 877 τοῦ
2613 817 2852 896 δευτέρου
2905 816 3077 883 εἴδους
3131 820 3229 884 τῆς
3285 816 3481 883 τάξεως
3558 816 3896 891 ἐπεμνήσθη,

2239 909 2330 967 καί
2413 931 2541 987 φησι
2573 909 2651 982 μῆ
2685 914 2882 986 χρῆναι
2951 905 3126 985 λέγειν
3154 907 3238 963 ἐπὶ
3270 913 3401 963 Θεοῦ
3455 904 3621 979 τάξιν,
3680 904 3898 980 ἐπείπερ

2238 1002 2272 1068 ἡ
2333 998 2475 1063 τάξις
2533 996 2743 1076 δευτέρα
2815 1007 2907 1056 τοῦ
2962 998 3262 1062 τάττοντος,
3335 995 3548 1055 Ἐκεῖνο
3605 994 3659 1051 δὲ
3721 995 3757 1063 ἢ
3831 993 3895 1050 0-3

2242 1085 2494 1164 σύνοιδεν,
2545 1086 2580 1153 ἢ
2652 1087 2787 1142 ἑκὼν
2859 1085 3216 1166 ἀπεκρύψατο,
3289 1085 3369 1142 ὅτι
3429 1085 3539 1142 ἔστι
3585 1108 3632 1142 τι
3689 1082 3891 1150 τάξεως

2241 1173 2408 1244 εἶδος,
2444 1175 2538 1232 οὒκ
2594 1175 2652 1230 ἐκ
2704 1179 2800 1242 τῆς
2856 1176 2981 1238 παρ’
3038 1177 3193 1250 ἡμῶν
3245 1174 3439 1238 θέσεως
3487 1177 3891 1249 συνιστάμενον,

2240 1263 2358 1321 ἀλλ’
2416 1263 2544 1340 οὔτῇ
2586 1269 2654 1339 τῇ
2711 1264 2847 1318 κατά
2889 1264 3039 1343 φύσιν
3123 1261 3400 1334 ἀκολουθίᾳ
3450 1260 3754 1338 συμϐαίνον,
3815 1262 3894 1322 ὡς

2241 1361 2316 1410 τῶ
2359 1354 2478 1432 πυρὶ
2511 1352 2640 1431 πρὸς
2684 1353 2744 1406 τὸ
2796 1358 2907 1431 φῶς
2957 1352 3065 1408 ἐστι
3109 1354 3170 1408 τὸ
3229 1352 3279 1418 ἐξ
3329 1357 3484 1410 αὖτοῦ
3511 1369 3524 1381 ⁸
3589 1352 3642 1407 ἐν
3685 1352 3894 1412 τούτοις

2242 1444 2340 1521 γὰρ
2370 1442 2620 1520 πρότερον
2677 1439 2738 1495 τὰ
2783 1441 2947 1496 αἱτιον
3003 1439 3228 1518 λέγομεν
3259 1485 3272 1500 .
3320 1438 3554 1520 δεύτερον
3599 1438 3653 1496 δὲ
3706 1443 3767 1496 τὸ
3797 1440 3894 1494 ἀπ’

2243 1533 2420 1609 αὑτοῦ,
2457 1533 2516 1588 οὗ
2573 1527 2892 1604 διαστήματι
2950 1537 3268 1608 χωριζοντες
3323 1529 3415 1584 ἀπ’
3460 1527 3694 1598 ἀλλήλον
3748 1537 3889 1586 ταῦ-

2242 1641 2330 1690 τα,
2391 1617 2527 1674 ἀλλὰ
2570 1624 2646 1691 τῷ
2714 1615 2956 1695 λογισμῷ
3012 1624 3103 1674 τοῦ
3169 1619 3404 1674 αἶιτατοῦ
3454 1623 3894 1695 προεπινοοῦντες

2230 1710 2290 1764 τὸ
2352 1706 2549 1766 αἴτιον.
2613 1707 2745 1769 Ilii);
2803 1706 2891 1762 οὖν
2957 1703 3171 1784 εὔλογον
3223 1707 3492 1786 ἀρνεῖσθαι
3549 1707 3647 1772 τὴν
3712 1705 3884 1778 τάξιν,

2229 1794 2312 1875 ἐφ’
2341 1799 2414 1850 ὠν
2463 1795 2572 1851 ἐττι
2628 1801 2832 1874 πρῶτον
2883 1797 2971 1851 καὶ
3013 1793 3247 1873 δευτέρον
3307 1797 3366 1852 οὺ
3420 1797 3556 1851 κατά
3609 1795 3708 1862 τὴν
3737 1796 3889 1868 ἠμε-

503 1877 813 1960 Opinatur,
848 1879 896 1938 si
929 1877 1253 1940 ostenderit
1305 1896 1674 1958 nequaquam
1699 1877 1876 1938 aliter
1896 1875 2058 1957 prius
2087 1876 2138 1936 in

2232 1887 2384 1960 τέραν
2427 1884 2590 1956 θέσιν,
2625 1881 2744 1938 ἀλλ’
2771 1884 2830 1939 ἐκ
2863 1885 2962 1949 τῆς
3021 1885 3157 1938 κατά
3209 1885 3358 1963 φίσιν
3412 1884 3594 1948 αὖτοϊς
3652 1883 3882 1961 ἐνυπαρο

503 1970 622 2028 Deo
683 1965 956 2046 intelligi,
1012 1966 1308 2046 reliquum
1369 1985 1433 2027 se
1492 1965 1854 2040 habiturum,
1909 1966 1968 2024 in
2026 1966 2152 2044 ipsa

500 2057 729 2119 scilicet
785 2056 1115 2118 substantia
1171 2055 1553 2116 eminentiam
1583 2053 2002 2116 demonstrari.
2037 2052 2153 2114 Nos

499 2165 636 2208 vero
667 2146 996 2208 secnudum
1031 2163 1345 2207 causarum
1371 2144 1445 2205 ad
1469 2163 1560 2217 ea,
1585 2162 1716 2224 qua
1740 2162 1805 2205 ex
1825 2143 1971 2223 ipsis
1990 2152 2150 2217 sunt,

498 2236 876 2315 relationem,
915 2233 1342 2316 prazponiFilio
1365 2233 1596 2294 Patrem
1614 2233 1890 2311 fatemur,
1925 2240 2148 2294 naturae

495 2344 635 2388 vero
696 2324 1044 2386 diversitate
1101 2323 1263 2384 nullo
1316 2323 1514 2396 modo,
1568 2341 1761 2401 neque
1815 2321 2142 2382 secundum

499 2413 1002 2495 exsuperantiam.
1065 2413 1162 2476 Sic
1213 2412 1368 2472 enim
1424 2421 1482 2472 et
1530 2413 1760 2472 Patrem
1795 2429 1928 2473 esse
1959 2411 2141 2472 Deum

495 2503 1047 2582 rejiceremus,cum
1081 2499 1415 2561 essentialis
1459 2499 1774 2560 diversita~
1817 2500 2140 2560 naturalem

497 2591 978 2671 conjunctionem
1039 2597 1302 2668 reSpuat.
1359 2609 1384 2649 ι
1442 2587 1603 2650 Idem
1664 2589 1735 2650 ad
1793 2587 2140 2665 Gregorium

493 2679 737 2742 fratrem
800 2677 1074 2760 epistola,
1135 2678 1307 2758 cujus
1369 2677 1752 2756 principium,
1815 2703 1833 2732 ι
1895 2676 2141 2748 Quando

495 2769 767 2851 plerique
798 2785 1115 2829 commune
1145 2767 1417 2828 essentia!
1436 2767 1493 2826 iu
1519 2765 1750 2827 arcanis
1770 2765 2144 2845 dogmatibus

494 2877 613 2919 non
648 2856 1030 2937 dignosrunt,
1057 2881 1078 2912 ι
1112 2853 1318 2916 scribit
1352 2875 1365 2916 :
1407 2853 1549 2926 iQui
1576 2853 1854 2935 Spiritum
1887 2858 2140 2935 attraxit,

495 2964 745 3028 pereum
763 2953 819 3007 et
836 2945 1044 3005 Filium
1062 2951 1122 3005 et
1141 2942 1372 3004 Patrem
1387 2942 1562 3004 simul
1583 2943 1901 3024 attraxit,et
1923 2943 2139 3006 Filium

489 3053 629 3099 vere
652 3035 753 3116 qui
771 3032 1257 3114 apprehenderit,
1282 3031 1518 3093 habebit
1539 3032 1814 3096 eumdem
1839 3033 2135 3114 utrinque,

490 3124 630 3187 hinc
662 3123 820 3186 illius
851 3125 1108 3202 Patrem,
1145 3120 1282 3182 hinc
1308 3119 1593 3202 Spiritum
1630 3132 1896 3183 sanctum
1923 3123 2142 3183 condu-

490 3215 886 3294 ctum.Ncque
911 3211 1068 3273 enim
1090 3211 1179 3272 vel
1198 3209 1460 3273 scissura
1479 3210 1675 3291 aliqua
1697 3210 1815 3271 ullo
1842 3220 2032 3291 pacto,
2048 3221 2138 3280 vel

486 3303 695 3365 divisio
752 3299 1139 3381 excogitanda
1188 3309 1298 3375 est,
1378 3308 1460 3376 ut,
1523 3309 1622 3362 aut
1681 3300 1865 3363 Filius
1912 3301 2137 3381 absque

488 3395 658 3456 Patre
682 3390 1073 3470 intelligatur,
1108 3397 1207 3450 aut
1236 3388 1490 3470 Spiritus
1518 3408 1552 3450 a
1580 3388 1730 3451 Filio
1761 3400 2129 3471 separetur.»

486 3479 612 3543 Hac
643 3479 895 3552 ratione,
964 3495 1014 3539 et
1072 3497 1106 3539 a
1161 3478 1459 3539 similibus
1517 3478 1768 3540 testibus
1817 3479 2028 3541 ordine
2073 3479 2136 3540 in

483 3568 699 3630 Triade
729 3567 1135 3647 comprobato,
1167 3567 1464 3646 quomodo
1495 3565 1718 3645 absque
1751 3566 2015 3647 periculo
2047 3566 2136 3628 in-

482 3657 751 3735 telligere
781 3653 1332 3735 deprchendemur,
1386 3653 1487 3734 qui
1518 3655 1724 3716 dicunt
1757 3677 1770 3714 :
1807 3654 1947 3727 Quae
1978 3654 2132 3716 ratio

485 3755 593 3816 est,
646 3747 801 3807 inter
855 3762 1038 3824 super
1091 3762 1329 3805 omnem
1401 3743 1673 3805 ordinem
1731 3745 2134 3810 consideratas

481 3837 716 3899 Triadis
741 3837 1112 3917 hypostases,
1136 3833 1272 3897 Filii
1301 3836 1659 3916 bypostasim
1694 3837 1947 3899 mediam
1981 3837 2137 3899 inter

483 3927 718 3989 Patrem
768 3934 827 3987 et
856 3924 1142 4005 Spiritum
1165 3924 1488 3998 affirmare,
1523 3925 1692 4006 quasi
1743 3925 1824 3987 ibi
1858 3927 2002 3987 ordo
2029 3944 2136 4006 per

477 4015 591 4077 vim
625 4012 1149 4076 introduceretur?
1181 4010 1294 4075 Sed
1350 4012 1516 4088 illud,
1569 4033 1678 4094 per
1728 4015 1978 4082 Filium,
2014 4033 2131 4076 non

477 4103 701 4165 inferre
730 4101 1106 4182 relationem,
1133 4111 1196 4163 ut
1225 4101 1492 4163 nonnulli
1527 4101 1884 4176 existimant,
1913 4122 2131 4165 conse-

479 4193 680 4273 quitur
709 4210 778 4252 θα
835 4189 1158 4272 Scripturis
1217 4189 1529 4268 redargui;
1567 4200 1623 4253 et
1651 4191 1888 4254 abunde
1919 4191 2128 4254 redar-

477 4283 700 4362 guihac
732 4279 996 4342 dictione
1028 4298 1154 4356 eos,
1181 4277 1279 4360 qui
1311 4278 1655 4341 immediate
1686 4281 2023 4362 opinantur,
2059 4301 2129 4344 ex

2235 1973 2444 2053 χούσης
2518 1971 2870 2045 ἀκολουθίας;
2942 1973 3091 2035 Τίνος
3156 1974 3244 2028 οὖν
3302 1972 3475 2029 ἕνεκεν
3545 1973 3721 2029 ἀθετεῖ
3780 1973 3884 2039 τὴν

2235 2051 2379 2126 τάξιν
2427 2059 2781 2136 λαμϐάνεσθαι
2825 2059 2909 2116 ἐπὶ
2967 2068 3142 2140 Θεοῦ,
3196 2051 3459 2140 Ἠγεϊται,
3513 2063 3555 2117 εἰ
3611 2058 3884 2126 ἐπιδείξειε

2237 2147 2497 2225 μηδαμῶς
2529 2148 2704 2212 ἄλλως
2736 2151 2794 2204 τὸ
2838 2149 3087 2228 πρότερον
3122 2150 3211 2206 ἐπὶ
3239 2157 3368 2206 Θεοῦ
3397 2153 3653 2226 νοεῖσθαι,
3687 2147 3884 2206 λειπό-

2235 2259 2395 2313 μενον
2447 2235 2576 2303 ’έξειν
2631 2241 2748 2294 κατ’
2805 2242 2967 2304 ain-qv
3022 2240 3195 2296 οὖσίαν
3252 2239 3351 2306 τῆν
3402 2239 3673 2318 ὑπεροχὴν
3708 2261 3724 2315 ι
3755 2237 3883 2295 ἐπι-

2227 2325 2534 2382 δείκνυσθαι.
2573 2317 2763 2402 Ἠμεῖς
2807 2325 2861 2382 δὲ
2911 2328 3046 2383 κατά
3076 2329 3174 2402 μὲν
3215 2328 3314 2394 τὴν
3371 2333 3476 2383 τῶν
3535 2330 3715 2384 αἰτιων
3745 2330 3882 2406 πρὸς

2225 2418 2292 2472 τὰ
2322 2415 2371 2481 ἐξ
2405 2418 2572 2472 αὐτῶν
2629 2416 2838 2495 σχέσιν,
2872 2418 3226 2496 προτετάχθαι
3283 2417 3373 2473 τοῦ
3435 2417 3556 2474 Υἱοῦ
3596 2419 3688 2472 τὸν
3747 2419 3882 2479 Πα-

2224 2506 2348 2580 τέρα
2415 2526 2611 2585 φαμεν,
2671 2507 2806 2562 κατά
2891 2503 2945 2561 δὲ
3014 2507 3113 2573 τὴν
3170 2511 3267 2572 τῆς
3341 2505 3543 2585 φύσεως
3623 2502 3878 2584 διαφορὰν

2227 2593 2422 2671 οὐκέτι,
2469 2593 2585 2653 οὔδε
2615 2595 2750 2651 κατά
2781 2595 2880 2662 την
2920 2601 3013 2651 τοῦ
3060 2595 3258 2675 χρόνον
3298 2595 3570 2674 ὑπερογῆν
3610 2615 3622 2626 ³
3668 2594 3704 2662 ἢ
3736 2595 3880 2652 οὕτω

2227 2705 2286 2760 γε
2358 2684 2445 2739 καὶ
2516 2683 2642 2739 αὗτὸ
2687 2682 2900 2762 Πατέρα
2975 2685 3117 2740 εἶναι
3181 2686 3271 2741 τὸν
3332 2684 3458 2739 Θεόν
3517 2684 3875 2758 ἀθετήσομεν,

2225 2777 2324 2839 τῆς
2393 2772 2528 2828 κατά
2581 2772 2680 2838 τῆν
2749 2771 2955 2852 υύσίανῗ
2996 2771 3405 2852 ἀλλοτριότητος
3490 2773 3589 2839 τὴν
3645 2772 3878 2850 φυσικὴν

2225 2859 2496 2940 συνέφειαν
2528 2860 2836 2929 ἀθετοὼης,
2875 2881 2899 2919 ι
2944 2851 3002 2918 ι0
3032 2863 3185 2926 αὐτὸς
3228 2865 3282 2918 ἓν
3323 2868 3392 2938 τῇ
3423 2864 3553 2940 πρὸς
3597 2860 3687 2917 τὸν
3718 2867 3873 2939 Γρη-

2224 2951 2401 3029 γόριον
2444 2952 2535 3005 τὸν
2578 2947 2801 3028 ἀδελφὸν
2830 2949 3103 3027 ἐπιστολῃ.
3159 2952 3226 3018 ἧς
3256 2953 3289 3018 ἡ
3345 2951 3514 3030 ἀρχὴ,
3585 2973 3612 3004 α
3645 2947 3874 3016 Ἐπειδὴ

2223 3037 2411 3096 πολλοὶ
2453 3060 2514 3094 το
2557 3041 2732 3096 κοινὸν
2800 3044 2898 3106 τῆς
2956 3041 3131 3102 οὒσίας
3186 3039 3271 3095 ἐπὶ
3325 3045 3431 3095 τῶν
3483 3039 3722 3114 μυσικιῦν
3751 3034 3881 3114 δογ-

2225 3128 2405 3204 μάτων
2435 3129 2514 3202 μὴ
2557 3125 2929 3203 διακρίνοντες,
3002 3129 3182 3208 φησὶν,
3232 3120 3289 3186 ιΟ
3347 3129 3407 3184 τὸ
3466 3129 3689 3201 Πνεῦμα
3721 3124 3878 3182 ἐλκύ-

2224 3239 2317 3281 σας
2359 3213 2426 3272 δι’
2485 3220 2641 3276 αὐτοῦ
2681 3219 2768 3273 καὶ
2831 3219 2919 3273 τὸν
2980 3220 3099 3273 Υἶὸν
3143 3219 3230 3273 καὶ
3284 3218 3372 3273 τὸν
3444 3215 3661 3292 Πατέρα
3739 3236 3874 3271 συν-

2221 3304 2542 3384 ενρελκύσατο
2589 3323 2603 3335 ·
2677 3307 2762 3362 καί
2804 3327 2893 3362 τον
2939 3308 3057 3362 Υἶὸν
3112 3305 3321 3373 ἀληθῶς
3379 3303 3523 3367 ὅστις
3553 3301 3714 3380 λάϐῃ,
3767 3303 3872 3370 ἕξει

2220 3395 2378 3451 αότὸν
2435 3393 2776 3474 ἐκατέρωθεν,
2821 3400 2898 3462 πῆ
2957 3394 3054 3470 μὲν
3112 3397 3200 3451 τὸν
3245 3395 3431 3452 ἑαυτοῦ
3485 3392 3728 3470 Πατέρα,
3787 3399 3872 3470 πῇ

2220 3483 2273 3541 δὲ
2345 3487 2405 3541 τὸ
2475 3483 2609 3543 ἴδιον
2679 3487 2906 3561 Πνεῦμα
2978 3488 3425 3564 συνεπαγόμενον,
3465 3488 3537 3543 Ού
3567 3486 3665 3564 γὰρ
3720 3483 3869 3540 ἔστιν

2219 3574 2492 3640 ἐπινοῆσαι
2525 3575 2692 3649 τομὴν
2750 3575 2786 3643 ἢ
2842 3573 3124 3655 διαίρησιν,
3181 3577 3253 3638 ὼς
3282 3575 3318 3641 ῆ
3367 3577 3485 3630 rtem
3538 3574 3702 3653 χωρὶς
3735 3571 3866 3634 Πα-

2216 3664 2336 3741 τρὸς
2367 3666 2641 3738 νοηθῆναι,
2674 3663 2711 3731 ἢ
2752 3665 2814 3720 τὸ
2847 3661 3071 3741 Πνεῦμα
3101 3664 3193 3721 τοῦ
3225 3666 3344 3720 Υἱοῦ
3391 3661 3786 3742 διαζευχθῆναι,
3829 3685 3858 3716 ι

2217 3749 2365 3808 Οὕτω
2417 3752 2505 3807 καὶ
2558 3753 2701 3830 παρὰ
2763 3754 3014 3809 τοιούτων
3098 3753 3373 3832 μαρτύρων
3467 3757 3566 3817 τῆς
3621 3751 3705 3806 ἐπὶ
3787 3757 3862 3826 τῇ

2217 3839 2392 3918 Τριάδι
2459 3839 2654 3906 τάξεως
2713 3841 3119 3917 συνισταμένης,
3201 3847 3313 3906 πῶς
3390 3844 3482 3898 οὐκ
3553 3837 3863 3918 ἐπισφαλὼς

2217 3943 2358 3986 νοεῖν
2389 3928 2802 4008 ἐλεγχθήσονται
2834 3931 2880 3986 οἱ
2933 3929 3200 4009 λέγοντες,
3247 3930 3336 3992 Τίς
3379 3932 3408 3985 ὁ
3456 3929 3612 4007 λόγος
3643 3928 3695 3984 ἐν
3739 3941 3863 3992 τοῖς

2217 4019 2344 4097 ὑπὲρ
2416 4025 2588 4076 πᾶσαν
2670 4019 2816 4084 τάξιν
2911 4020 3292 4095 θεωρουμέναις
3379 4019 3690 4075 ὅποστάσεσι
3760 4021 3865 4084 τῆς

2217 4105 2455 4188 Τρίάδος,
2514 4107 2613 4173 τὴν
2669 4118 2764 4167 τοῦ
2822 4110 2942 4164 Υἱοῦ
2982 4108 3270 4165 ὑπόστασιν
3319 4107 3481 4183 μέσον
3526 4107 3743 4184 ΙΙατρὸς
3774 4107 3868 4162 καὶ

2214 4197 2528 4272 ΙΙνεύματος
2623 4195 2820 4274 λέγειν,
2906 4200 2979 4261 ὡς
3076 4195 3590 4275 κατηναγκασμένης
3680 4194 3863 4251 ἐκεῖσε

2211 4284 2373 4351 οῧσης
2443 4289 2539 4351 τῆς
2581 4283 2828 4366 τάξεως;
2885 4283 3035 4342 Ἀλλ’
3090 4285 3173 4342 ὅτι
3247 4285 3343 4362 μὲν
3387 4286 3446 4340 τὸ
3489 4281 3555 4340 δι’
3615 4285 3733 4338 Υἱοῦ
3767 4282 3862 4339 οὖν

473 4369 644 4431 Patre
696 4386 830 4430 esse
878 4367 1207 4449 Spiritum:
1265 4386 1376 4428 nec
1430 4387 1546 4428 non
1601 4369 1896 4446 ordinem,
1932 4369 2124 4449 quiin

2223 4375 2292 4430 nti.
2319 4375 2556 4448 σημασίᾳ
2624 4373 2886 4453 σχέσεως,
2962 4375 3034 4440 ὥς
3079 4397 3217 4438 τινες
3275 4375 3503 4446 οἴονται,
3562 4371 3856 4452 παραλαμ-

475 4457 689 4520 Triade
743 4468 856 4532 est,
921 4458 1032 4519 bac
1082 4475 1224 4519 voce
1274 4457 1675 4538 comprobari,
1733 4462 1874 4521 satis
1905 4477 1972 4521 ex
1997 4459 2121 4539 jam

473 4548 662 4611 allatis
692 4547 1160 4609 demonstratum
1194 4555 1301 4608 est.

3825 4465 3839 4483 ο

2205 4461 2416 4520 ϐάνεται
2472 4475 2594 4526 ταῖς
2642 4470 2904 4543 Γραφατς,
2985 4465 3071 4520 καὶ
3137 4463 3217 4521 ὅτι
3262 4462 3490 4542 ἔλεγχον
3549 4464 3730 4518 ἱκανὸν
3815 4465 3854 4531 ἡ

2205 4551 2422 4618 τοιαύτη
2452 4549 2666 4608 δύναται
2710 4551 2848 4618 λέξις
2901 4559 3006 4610 τῶν
3062 4552 3276 4628 ἀμέσως
3334 4551 3591 4627 οἰομένων
3630 4550 3683 4606 ἐέ
3712 4551 3849 4613 ΙΙα-

471 4640 591 4716 τρὸς
623 4639 764 4694 εἶναι
813 4639 875 4692 τὸ
925 4638 1167 4717 Πνεῦμα,
1201 4638 1287 4693 καὶ
1319 4637 1397 4693 ὅτι
1428 4639 1714 4708 συστατική
1748 4637 1855 4694 ἐστι
1884 4639 1985 4704 τῆς
2016 4637 2069 4694 ἐν
2099 4645 2167 4717 τῇ
2196 4638 2371 4720 Τριάδι
2402 4641 2598 4706 τάξεως
2627 4643 2662 4708 ἡ
2694 4641 2844 4721 φωνὴ
2872 4641 3028 4716 αὕτη,
3062 4642 3356 4722 ἀρκούντως
3391 4653 3510 4704 τοῖς
3545 4639 3853 4718 εἰρημένοις

472 4724 574 4794 ἤδη
607 4724 1045 4784 ἑναποδέόεικται.

552 4814 654 4876 24.
685 4817 870 4875 Porro
902 4813 962 4874 in
1008 4812 1226 4894 quibus
1265 4812 1386 4876 Pcr
1414 4815 1790 4879 essentialem
1823 4814 2118 4877 exsisten-

471 4903 612 4964 tiam
661 4912 844 4976 notat,
899 4903 981 4963 ita
1028 4921 1157 4965 eam
1204 4904 1422 4984 accipi,
1457 4913 1521 4966 ut
1552 4906 1654 4968 Ea:
1684 4903 2120 4986 praepositionis

471 4993 627 5054 vires
657 4999 939 5072 exaequet.
964 4991 1138 5053 etiam
1169 5009 1236 5054 ex
1267 4993 1410 5076 illis,
1441 5015 1572 5075 quae
1605 4992 1950 5055 naturaliter
1972 4993 2122 5054 ﬁunt

470 5092 955 5162 comparentque,
1018 5093 1428 5161 cognoscetur.
1465 5083 1544 5145 Ex
1593 5083 1793 5144 radice
1823 5081 2118 5162 siquidem

469 5189 578 5254 per
600 5188 831 5232 ramum
862 5179 1194 5233 astruentes
1215 5171 1494 5254 fructum,
1526 5173 1663 5254 quid
1685 5171 1842 5232 aliud
1867 5170 2118 5249 agimus,

472 5280 646 5344 quam
678 5278 812 5322 cum
847 5277 918 5320 ex
952 5275 1115 5320 ramo
1146 5263 1574 5327 enuntiamus?
1607 5265 1678 5324 Et
1714 5281 1783 5322 ex
1811 5261 1982 5322 oculo
2016 5278 2122 5340 per

468 5351 687 5413 fontem
741 5349 982 5411 ﬂuvium
1040 5349 1331 5426 dicentes,
1394 5353 1534 5434 quid
1595 5353 1752 5414 aliud
1819 5368 1994 5430 quam
2049 5368 2118 5410 ex

468 5440 631 5502 fonte
661 5436 1032 5501 asserimus‘!
1061 5435 1177 5499 Sed
1211 5449 1346 5501 sunt
1381 5452 1663 5520 praeterea
1695 5437 1934 5518 alii,qui
1967 5457 2116 5500 con-

464 5527 741 5604 tendunt,
798 5545 930 5588 esse
965 5524 1249 5607 Spiritum
1284 5549 1352 5592 ex
1375 5531 1550 5593 Patre
1581 5541 1638 5593 et
1668 5530 1840 5608 Filio,
1878 5547 1994 5590 non
2024 5527 2115 5588 af-

462 5617 692 5680 ﬁrmari
721 5635 789 5679 ex
824 5616 1118 5694 Patribus,
1176 5620 1331 5699 quod
1386 5621 1783 5683 essentialiter
1813 5620 1970 5681 inter
1999 5615 2112 5679 Pa-

464 5715 614 5769 trem
675 5714 733 5768 et
789 5703 1078 5786 Spiritum
1141 5707 1363 5772 mediet
1411 5710 1615 5789 Filius,
1673 5711 1778 5772 sed
1826 5706 1983 5789 quod
2040 5706 2115 5766 sit

2286 4809 2389 4881 κδ’.

2201 4906 2469 4987 ὑπάρξεως
2524 4907 2665 4988 ἔχει,
2753 4911 2824 4973 εἷς
2908 4912 2968 4966 τὸ
3047 4915 3147 4978 τῆς

2201 4995 2531 5072 ἰσοδύναμον⁷
2591 4999 2677 5053 καὶ
2726 4999 2830 5055 ἀπὸ
2899 5006 3003 5056 τῶν
3089 5007 3321 5081 φυσικῶς
3401 4998 3692 5078 γινομένων
3763 5001 3855 5056 καὶ

2203 5085 2533 5166 φαινομένων
2564 5088 2947 5164 γνωσθῆσεται.
3007 5087 3103 5147 Ἐκ
3143 5089 3238 5157 τῆς
3268 5089 3411 5166 ῥίζης
3467 5090 3566 5168 γὰρ
3621 5085 3706 5143 διὰ
3755 5090 3855 5144 τοῦ

2203 5172 2391 5230 κλάδου
2433 5172 2676 5253 λέγοντες
2708 5178 2800 5233 τὸν
2851 5179 3072 5258 καρπὸν,
3134 5176 3191 5235 τί
3222 5175 3352 5234 ἄλλο
3409 5178 3446 5244 ἣ
3503 5175 3584 5233 ὅτι
3640 5175 3699 5232 ἐκ
3752 5183 3848 5232 τοῦ

2201 5259 2388 5319 κλάδον
2444 5263 2598 5319 αὺτὸν
2663 5262 2936 5348 λέγομενς
3004 5270 3102 5326 Καὶ
3144 5267 3204 5324 ἐκ
3271 5275 3364 5326 τοῦ
3420 5263 3688 5347 ὀφθαλμοῦ
3758 5262 3844 5320 διὰ

2200 5355 2298 5418 τῆς
2341 5356 2523 5429 πηγῆς
2571 5354 2662 5408 τὸν
2705 5357 2944 5432 ποταμὸν
2998 5355 3266 5436 λέγοντες,
3295 5357 3347 5411 τί
3403 5353 3534 5412 ἄλλο
3574 5354 3612 5421 ἢ
3660 5352 3740 5410 ὅτι
3785 5352 3841 5408 ἐν

2198 5446 2297 5508 τῆς
2344 5443 2530 5518 πηγῆς
2593 5443 2748 5500 αὐτὸν
2805 5443 3073 5527 λέγομεν,
3112 5444 3260 5502 Ἀλλ’
3316 5445 3413 5501 εἰσί
3465 5464 3604 5506 τινες
3647 5441 3840 5520 ἕτεροι,

2199 5529 2251 5586 οῗ
2283 5527 2490 5607 λέγουσι
2533 5533 2593 5589 τὸ
2624 5532 2766 5589 εῖναι
2795 5535 2856 5590 τὸ
2888 5535 3110 5612 Πνεῦμα
3153 5534 3213 5592 ἐκ
3238 5534 3454 5613 Πατρός
3485 5531 3552 5588 δι’
3598 5535 3717 5590 Υἱοῦ
3760 5533 3840 5608 μὴ

2197 5616 2435 5696 λέγεσθαι
2505 5621 2646 5699 παρά
2715 5621 2823 5679 τῶν
2881 5625 3046 5702 ἁγίων
3101 5622 3184 5682 διὰ
3239 5624 3301 5679 τὸ
3361 5620 3625 5685 οὖσιωδῶς
3683 5643 3844 5698 μεσιο

2196 5707 2361 5763 τεύειν
2420 5709 2592 5786 [Ιατρὶ
2647 5712 2734 5766 καὶ
2791 5711 3067 5788 ῙΙνεύματι
3109 5713 3198 5769 τὸν
3255 5711 3396 5786 Υἶὸν,
3458 5707 3592 5766 ἀλλὰ
3644 5707 3725 5766 διὰ
3784 5712 3848 5766 τὸ

2470 4808 2601 4876 UO11.
2661 4819 2742 4901 ἐφ’
2807 4820 2894 4884 οἷς
2975 4824 3010 4890 ἡ
3081 4820 3166 4877 διὰ
3260 4817 3491 4890 δήλωσιν
3570 4817 3856 4884 οὗσιώὂους

3245 4909 3305 4965 ἐκ
3382 4905 3854 4988 παραλαμϐάνεται
