4142 6286
510 328 576 397 71
1595 336 1806 402 JOAN.
1854 336 2072 402 VECCI
2113 338 2153 398 c

2272 331 2786 401 ΡΑΤΒΙΑΗΟΗιΕ

3818 336 3902 399 72

508 469 673 539 ritus,
724 478 783 531 et
828 470 997 533 Pater
1056 472 1371 535 duntaxat.
1417 499 1438 527 ιι
1478 471 1547 534 Ει
1581 472 1797 532 iterum
1829 468 1889 531 in
1931 470 2159 531 decimo

2246 472 2470 546 Πνεῦμα
2526 476 2603 544 τῷ
2655 475 2761 547 Υἱῷ
2832 473 3171 530 συντέτακται
3229 476 3258 530 ὁ
3341 473 3397 530 δὲ
3484 476 3602 539 Υἱὸς
3644 481 3721 548 τῷ
3765 475 3905 535 ΙΙα-

509 566 712 619 octavo
766 560 959 640 capite
1009 560 1079 621 ad
1142 563 1418 622 eumdem
1484 579 1497 623 ε
1563 586 1588 616 ι
1626 559 1786 623 Unus
1839 567 1895 619 et
1925 569 2163 619 sanctus

510 644 789 725 Spiritus,
828 667 932 727 per
953 668 1133 709 unum
1169 650 1382 711 Filium
1419 649 1520 710 nni
1553 649 1708 711 Patri
1741 648 2160 726 conjunctusn

512 732 570 797 Si
606 754 747 814 ergo
799 745 981 797 tesies
1032 740 1149 798 fide
1212 738 1376 817 digni
1433 746 1570 798 sunt
1623 757 1727 818 per
1786 737 1993 798 Filium
2028 756 2160 798 cum

512 822 689 885 Patre
712 844 799 886 c0'
822 825 1148 905 junctionis
1166 828 1427 907 Spiritus
1450 825 1808 889 Athanasius
1827 836 1883 887 et
1916 826 2168 887 Basilius

515 912 735 991 magni,
772 914 1007 993 planum
1042 925 1152 981 est,
1208 915 1706 995 quemadmodum
1744 914 2165 975 mediationem

510 998 647 1061 Filii
685 1003 799 1062 Per
832 1000 1166 1081 praapositio
1224 1003 1283 1064 in
1313 1004 1495 1064 simili
1521 1003 1944 1082 conjunctione
1975 1004 2168 1065 deno-

510 1096 615 1159 tat,
651 1089 728 1149 ita
753 1099 812 1149 et
842 1090 902 1149 in
935 1088 1194 1171 Spiritus
1223 1110 1291 1152 ex
1324 1091 1495 1153 Patre
1522 1111 1627 1171 per
1667 1091 1880 1153 Filium
1920 1110 2166 1171 proces-

511 1176 703 1255 sione,
732 1177 805 1238 ab
860 1180 1064 1239 eadem
1120 1180 1237 1242 Per
1283 1179 1660 1241 essentialem
1722 1179 2164 1242 meditationem

512 1266 867 1344 significari:
896 1278 953 1327 et
973 1268 1190 1328 insulso
1220 1269 1460 1349 quidem
1488 1270 1587 1349 qui
1610 1269 1792 1330 simul
1822 1290 1913 1331 vo:
1933 1290 2024 1330 cm
2053 1289 2168 1350 per

512 1354 740 1417 Filium
804 1366 1010 1416 notare
1061 1358 1386 1433 affirmant,
1440 1358 1582 1417 illud
1634 1359 1939 1438 accepisse
1972 1359 2161 1440 exiis,

507 1462 639 1524 quze
665 1444 951 1520 diximus,
988 1454 1050 1507 ut
1080 1464 1242 1523 reor,
1275 1447 1516 1509 abunde
1549 1456 1854 1508 ostensum
1906 1466 1991 1509 es.

587 1710 685 1771 25.
720 1708 828 1782 Qui
865 1729 1002 1772 vero
1033 1713 1539 1774 contradictiones
1586 1714 2003 1794 intempestive
2031 1730 2125 1773 am
2192 1765 2199 1791 ί

2246 560 2345 636 τρὶ,
2410 562 2499 616 καὶ
2566 562 2628 617 τὸ
2688 563 2911 637 Πνεῦμα
2969 570 3044 637 τῷ
3116 564 3293 642 ΙΙατρὶ
3379 561 3648 630 δηλονότι.
3706 560 3800 620 Ἐν
3848 561 3906 617 δὲ

2244 656 2357 733 τῷ--
2390 647 2593 724 δεκάτῳ
2651 650 2827 730 ἆγδόῳ
2904 652 3063 709 πάλιν
3152 657 3258 708 τῶν
3326 655 3495 710 αὐτῶν
3563 652 3903 733 κεφαλαίων-

2258 760 2281 793 α
2320 727 2426 795 ’Ἑν
2468 736 2523 794 δὲ
2551 741 2637 797 καὶ
2689 743 2751 796 τὸ
2792 741 2947 818 ἅγιον
3004 744 3227 817 Πνεῦμα
3279 739 3345 797 δι’
3396 743 3511 805 ἐνὸς
3570 745 3798 815 1⁸ίοῦτῷ
3827 740 3908 796 ἐνὶ

2250 824 2421 906 Πατρὶ
2463 830 2710 904 συναπτόί
2742 851 2879 891 ενον.
2917 854 2944 885 ιι
3016 832 3074 888 Ei
3128 837 3252 908 γοῦν
3309 829 3600 896 ἀξιόπιστοι
3643 829 3903 910 μάρτυρές

2254 917 2351 972 είσι
2423 922 2521 984 τῆς
2565 915 2649 976 διὰ
2696 925 2790 974 τοῦ
2849 922 2969 976 Υἱοῦ
3013 921 3156 999 Πρὸς
3200 920 3290 976 τὸν
3349 919 3567 998 Πατέρα
3620 919 3905 998 συναφείας

2252 1012 2344 1061 106
2389 1006 2705 1081 ΙΙνεύματος
2750 1007 3081 1082 Ἀθανάσιος,
3127 1010 3215 1064 καὶ
3283 1007 3553 1073 Βασίλειος
3622 1011 3669 1065 οἱ
3718 1007 3902 1085 μεγά-

2250 1090 2354 1165 λοι,
2417 1091 2637 1160 εῧδηλον
2695 1095 2775 1152 ὅτι
2830 1096 3008 1176 ὥσπερ
3070 1097 3335 1173 μεσιτείαν
3403 1104 3495 1153 τοῦ
3538 1100 3659 1153 Υἱοῦ
3713 1098 3747 1164 ἡ
3810 1094 3902 1152 διὰ

2249 1181 2490 1259 πρόθεσις
2560 1183 2614 1239 ἐν
2668 1190 2738 1260 τῇ
2794 1186 3012 1263 τοιαύτῃ
3057 1185 3302 1265 συναφείᾳ
3367 1183 3545 1253 δηλοῖ,
3610 1183 3749 1242 οὕτω
3806 1185 3903 1239 καὶ

2248 1267 2303 1323 EA
2332 1274 2399 1345 τῇ
2442 1269 2501 1326 ἐκ
2531 1271 2747 1350 Πατρὸς
2777 1271 2844 1328 δι’
2906 1277 3026 1331 Υἱοῦ
3085 1275 3386 1352 ὲκπορεύσει
3441 1285 3534 1333 τοῦ
3578 1275 3898 1349 ΙΙνεύματος

2245 1359 2280 1425 ἡ
2325 1359 2459 1426 αὐτὴ
2503 1357 2588 1415 διὰ
2631 1359 2856 1429 οὐσιώδη
2903 1365 3168 1438 μεσιτείαν
3220 1362 3400 1431 δηλοῖ.
3460 1364 3556 1421 Καὶ
3587 1360 3667 1417 ὅτι
3716 1362 3818 1436 μὲν
3850 1364 3900 1418 οἱ

2243 1447 2306 1502 τὸ
2334 1445 2444 1522 ἃμα
2473 1448 2751 1520 σημαίνειν
2778 1451 2879 1518 τὴν
2906 1449 2974 1507 δι’
3007 1453 3129 1509 Υἱοῦ
3185 1454 3366 1532 φωνὴν
3408 1450 3677 1531 εἰρηκότες
3706 1456 3893 1512 κακῶς

2240 1535 2367 1591 αὐτὸ
2449 1533 2777 1618 ἐξελάϐοντο,
2847 1542 2910 1596 ὲκ
2977 1546 3083 1596 τῶν
3164 1540 3477 1619 εἰρημένων,
3551 1540 3624 1603 ὡς
3702 1538 3896 1616 οἶμαι,

2236 1624 2433 1689 ίκακῶς
2465 1623 2861 1687 ἀποδέδεικται.

2323 1707 2428 1780 κε’,
2478 1721 2536 1774 ".i
2586 1716 2640 1774 δὲ
2682 1731 2805 1782 ταῖς
2862 1715 3180 1796 ἀντιλογίαις
3232 1717 3458 1796 ἀκαίρως
3517 1714 3904 1797 φιλοτιμούμε-

511 1800 1016 1879 biuntetjactant,
1051 1820 1257 1863 rursus
1294 1802 1603 1883 inquiunt:
1629 1802 1855 1883 thnid
1881 1802 2012 1863 novi
2046 1810 2155 1873 est,

2243 1829 2321 1863 νοι
2349 1807 2436 1862 καὶ
2461 1805 2618 1863 πάλιν
2661 1807 2836 1887 φασί·
2884 1808 2981 1864 Καὶ
3034 1806 3085 1863 τί
3113 1808 3291 1863 καινὸν
3320 1808 3364 1862 εἰ
3406 1808 3434 1862 ὁ
3491 1796 3701 1871 Νύσσης
3750 1811 3898 1884 Γρηο

505 1887 555 1949 si
603 1887 900 1968 Nyssenus
955 1888 1277 1969 Gregorius
1328 1892 1388 1951 in
1450 1891 1700 1971 quadam
1749 1910 1853 1951 sua
1887 1891 2159 1952 oratione

506 1977 690 2038 dixit:
724 1999 749 2034 α
786 1976 1163 2058 Prmintelligi
1196 1980 1438 2059 quidem
1477 1980 1624 2042 Filio
1663 1983 1894 2041 Patrem
1929 1979 2157 2042 ratione

511 2086 720 2141 causai,
759 2068 1129 2148 prazintelligi
1160 2089 1301 2132 vero
1333 2069 1546 2132 Filium
1578 2069 1799 2149 Spiritu
1828 2070 2155 2131 secundum

504 2175 696 2218 causa:
750 2156 1039 2218 rationem
1093 2157 1118 2220 ’ἶ
1183 2185 1203 2214 ο
1242 2158 1383 2230 Quae
1415 2158 1574 2220 enim
1609 2159 1670 2219 in
1697 2158 2014 2218 universali
2045 2177 2156 2219 au-

502 2246 727 2306 dientia
753 2246 961 2325 synodi
1017 2266 1050 2307 a
1111 2248 1346 2309 dicente
1376 2267 1490 2308 non
1517 2259 1650 2311 sunt
1686 2249 2014 2320 enuntiata,
2051 2246 2156 2308 sed

508 2334 567 2395 in
591 2335 909 2412 angulis,et
930 2338 1372 2397 commentariis
1397 2336 1667 2416 priva'im
1712 2336 1977 2413 digestis,
2012 2334 2161 2395 nihil

509 2422 640 2483 novi
666 2424 858 2483 fuerit.
891 2423 939 2483 si
973 2441 1041 2484 ea
1072 2442 1179 2484 nos
1211 2423 1667 2503 neglexut‘imus.
1710 2423 1860 2495 Quid
1887 2423 2159 2503 inquitis,

508 2513 721 2574 fratres
743 2517 770 2574 ?
789 2510 943 2572 Nihil
971 2516 1101 2573 novi
1129 2514 1327 2587 fuerit,
1354 2514 1571 2593 scripta
1605 2512 1853 2593 Nysseni
1887 2512 2163 2591 negligi?

507 2600 754 2681 Nysseni
777 2599 806 2659 ‘?
837 2600 1018 2673 illius,
1054 2603 1225 2681 cujus
1256 2622 1361 2680 ego
1384 2603 1600 2664 nullam
1636 2601 2159 2677 compellationem

508 2708 710 2771 parem
744 2688 980 2764 habeo;
1038 2692 1193 2771 quod
1246 2692 1645 2753 laudationem
1705 2700 1869 2752 extra
1900 2699 2155 2771 tempus,

508 2791 740 2859 tempus
797 2777 969 2840 nobis
1030 2800 1145 2842 non
1206 2789 1503 2863 suppetat.
1557 2799 1751 2861 neque
1806 2780 1865 2840 in
1917 2780 1971 2839 id
2029 2789 2152 2841 stu-

509 2868 671 2929 dium
723 2867 1074 2930 incumbere
1156 2887 1418 2950 prassens
1498 2877 1910 2948 argumentum
1988 2868 2153 2943 sinit,

508 2965 566 3017 ut
630 2956 940 3019 excellenti
966 2976 1040 3018 :m
1093 2958 1225 3033 viri,
1278 2958 1329 3019 si
1378 2959 1549 3019 modo
1606 2958 1694 3019 vir
1779 2958 1878 3019 ille
1935 2975 2152 3018 vocan-

2239 1895 2415 1974 γόριος
2447 1892 2501 1949 ἔν
2529 1917 2632 1950 τινι
2682 1898 2785 1952 τῶν
2844 1898 3001 1953 αὗτοὺ
3057 1893 3230 1973 λόγων
3285 1892 3411 1973 ἔφη,
3468 1916 3497 1948 α
3553 1893 3901 1972 ΙΙροθεωρετ-

2240 1986 2355 2039 σθαι
2401 1983 2496 2058 μὲν
2539 1993 2633 2042 τοῦ
2663 1987 2783 2043 Υἱοῦ
2822 1985 2912 2039 τὸν
2956 1983 3174 2061 Πατέρα
3212 1988 3290 2056 τῷ
3344 1988 3443 2050 τῆς
3488 1981 3654 2044 αἰτίας
3712 1979 3892 2059 λόγῳ,

2243 2074 2650 2150 προθεωρεῖσθαι
2715 2071 2770 2128 δὲ
2851 2079 2942 2129 τοῦ
3014 2069 3327 2147 Πνεύματος
3400 2073 3492 2127 τὸν
3577 2071 3696 2127 Υἱὸν
3750 2071 3895 2126 κατᾶ

2241 2162 2330 2218 τὸν
2360 2162 2459 2227 τῆς
2494 2161 2662 2226 αἰτίας
2693 2160 2849 2240 λόγον
2883 2181 2899 2241 ς
2950 2184 2977 2217 n
3020 2151 3096 2218 NA
3140 2162 3240 2240 γὰρ
3269 2162 3364 2217 οὒκ
3393 2161 3466 2224 είς
3498 2160 3668 2217 κοινὸν
3695 2158 3899 2234 ἀκροα-

2242 2250 2423 2328 τήριον
2480 2249 2693 2308 συνόδου
2752 2251 2890 2325 παρὰ
2957 2250 3050 2306 106
3120 2249 3356 2311 εἰπόντος
3415 2247 3617 2327 ἐῤῥέθη,
3678 2246 3804 2302 ἀλλ’
3843 2247 3898 2303 ἐν

2243 2339 2407 2415 γωνίᾳ
2475 2339 2562 2394 καὶ
2627 2340 3031 2417 συγγράμμασιν
3103 2337 3278 2403 ίδικῶς
3333 2337 3642 2416 ἐκτεθεῖσιν,
3745 2333 3898 2391 οὐδέν

2242 2448 2293 2482 τι
2321 2429 2522 2506 καινὸν,
2572 2429 2616 2483 εί
2658 2427 2930 2507 παροπτὲα
2989 2430 3149 2483 ταῦτα
3206 2429 3363 2502 ἡμῖν,
3423 2426 3484 2483 Τί
3524 2445 3678 2505 φατε,
3745 2422 3900 2480 ἀδελ-

2248 2516 2383 2595 φοίς
2471 2514 2630 2573 Οὐδὲν
2684 2516 2736 2571 τί
2789 2518 2971 2572 καινὸν
3046 2517 3112 2572 τὰ
3197 2523 3288 2571 106
3349 2516 3558 2582 Νύσσης
3616 2512 3898 2593 παροπτὲα

2242 2603 2520 2685 γενέσθαις
2592 2614 2685 2664 τοῦ
2743 2606 3003 2686 Νύσσηςς
3073 2611 3188 2683 τοῦ,
3275 2603 3333 2660 ὅν
3391 2609 3507 2666 πῶς
3563 2600 3625 2657 ἂν
3678 2600 3900 2658 καλέσω

2242 2694 2335 2749 οὐκ
2416 2691 2534 2773 ἔχω
2568 2712 2584 2729 ⁸
2631 2692 2712 2749 ὅτι
2757 2692 2893 2769 μηδὲ
2953 2690 3215 2773 παροδίων
3283 2694 3461 2770 καιρὸς
3515 2693 3650 2766 ἡμῖν
3707 2690 3899 2769 ἐγκω-

2242 2782 2398 2856 μίων.
2431 2779 2547 2839 οὐδὲ
2617 2780 2819 2850 σπουδὴ
2862 2785 3016 2857 ἡμῶν
3074 2783 3135 2837 τὸ
3193 2781 3537 2856 προκειμένον
3593 2781 3655 2835 τὸ
3709 2801 3898 2857 μεγα-

2243 2868 2388 2927 λεῖον
2420 2878 2510 2926 106
2565 2869 2747 2951 ἀνδρὸς
2790 2869 3079 2943 ἆποδειξαι,
3126 2869 3242 2948 εἴγε
3287 2867 3444 2948 ἄνδρα
3502 2869 3657 2927 αὐτὸν
3698 2866 3898 2924 καλεῖν

2238 2960 2348 3038 χρή
2397 2960 2484 3015 καὶ
2523 2960 2619 3016 οὐκ
2662 2958 2913 3040 ἄγγελον,
2955 2957 3123 3017 Ἀλλὰ
3192 2960 3352 3035 μόνον
3394 2958 3475 3014 ὅτι
3546 2960 3703 3022 αὐτὸς
3761 2956 3891 3037 ἔφη,

509 3046 622 3108 dus
650 3054 759 3113 est.
794 3054 849 3107 et
891 3064 1009 3107 non
1063 3048 1328 3126 angelus,
1376 3048 1778 3109 ostendamus.
1811 3045 1926 3108 Sed
1959 3047 2151 3107 solum

2243 3049 2324 3103 καὶ
2378 3048 2651 3125 παροπτέα
2692 3051 2759 3105 τὰ
2828 3050 3062 3129 ρήματα,
3086 3127 3093 3129 _
3119 3047 3200 3105 ὅτι
3244 3049 3421 3107 αὐτοῦ.
3474 3048 3536 3106 Τί
3592 3047 3694 3125 γὰρ
3752 3047 3895 3121 ἡμῖν

508 3136 646 3216 quia
699 3135 827 3215 ipse
885 3135 1052 3213 dixit,
1118 3155 1311 3217 neque
1363 3136 1694 3216 rejicienda
1741 3135 1939 3214 verba,
1995 3135 2152 3215 quod

507 3224 670 3286 illius
691 3232 849 3286 sunt.
885 3222 1040 3295 Quid
1089 3225 1249 3286 enim
1307 3244 1341 3287 a
1375 3226 1544 3286 nobis
1572 3226 1878 3307 despectui
1911 3224 2152 3302 dignum

497 3313 850 3394 judicatur?
905 3312 1070 3385 Quod
1134 3333 1286 3376 unus
1343 3324 1456 3394 est,
1500 3314 1692 3389 'aiuut,
1755 3313 1998 3394 etquod
2032 3330 2152 3374 non

511 3404 684 3482 plena
710 3400 932 3481 synodo
991 3402 1092 3465 illa
1139 3403 1399 3465 dictavit.
1454 3402 1764 3483 Sedenim,
1800 3420 1995 3483 neque
2023 3410 2158 3462 tan-

506 3510 681 3572 quam
713 3509 895 3551 unum
931 3509 997 3551 ex
1021 3492 1219 3554 multis
1236 3493 1627 3573 reputandum
1668 3510 1801 3552 esse
1830 3490 2155 3571 Nyssenum

505 3581 565 3641 in
581 3577 763 3641 rebus
778 3578 1126 3657 theologicis
1139 3578 2155 3660 pertractandisexcellentissimum,

507 3687 608 3728 vos
631 3670 793 3747 ipsos
815 3666 1146 3746 dijudicare
1180 3670 1434 3748 postulo,
1465 3678 1522 3731 et
1549 3670 1802 3731 aliorum
1830 3668 2023 3729 abnuo
2047 3670 2159 3728 cal-

506 3758 729 3821 culum.
763 3754 1205 3819 Verumtamem
1234 3778 1350 3819 non
1372 3759 1688 3830 unum,sed
1713 3767 1876 3819 tresa
1895 3760 2159 3837 Nysseno

507 3849 664 3910 dicta
696 3844 1130 3920 tradidisse,illi
1162 3847 1306 3908 mihi
1339 3847 1748 3909 testimonium
1784 3845 2152 3929 prazbebunt,

509 3937 607 4018 qui
640 3933 914 3995 eamdem
940 3953 1143 3996 eorum
1168 3937 1424 3998 virorum
1449 3944 1681 3997 aetatem
1708 3934 2158 4017 tenent,ipsius-
2198 3964 2201 3967 -

510 4032 630 4085 met
657 4021 905 4103 Nysseni
935 4024 1199 4104 inquam,
1252 4026 1491 4086 maximi
1536 4025 1832 4105 Gregorii,
1865 4034 1923 4087 et
1956 4020 2158 4086 Basilii

508 4110 1036 4194 prmelarissimi,et
1065 4114 1167 4194 qui
1198 4115 1542 4176 eorumdvm
1575 4114 1756 4175 rebus
1788 4114 1848 4175 in
1881 4111 2159 4174 omnibus

511 4221 688 4264 unam
721 4210 980 4262 mentem
1008 4211 1066 4263 et
1113 4203 1440 4265 concordes
1463 4204 1698 4264 animos
1722 4222 1836 4264 non
1858 4203 2148 4281 ignorant.

2982 3156 2998 3218 ς
3059 3127 3187 3196 ιὈτι
3245 3136 3351 3212 εἴς,
3398 3137 3522 3217 φασὶ
3563 3138 3651 3192 καὶ
3713 3133 3799 3191 ὅτι
3833 3136 3896 3192 o6

2237 3222 2521 3290 συνοδικῶς
2576 3224 2762 3306 εἴρηκε
2806 3233 2992 3301 ταῦτα,
3025 3224 3174 3283 Ἀλλ’
3231 3225 3313 3282 ὅτι
3368 3227 3467 3302 μὲν
3509 3229 3603 3284 οὒκ
3658 3226 3737 3289 ὠς
3798 3223 3895 3281 ἕνα

2238 3320 2344 3369 τῶν
2392 3313 2608 3372 πολλῶν
2683 3313 2786 3372 ἔδει
2829 3317 2916 3373 καὶ
2998 3318 3087 3373 τὸν
3169 3314 3614 3394 θεολογικώαατον
3672 3314 3891 3379 Νύσσης

2239 3400 2330 3458 ἕνα
2396 3401 2594 3481 λέγειν,
2652 3405 2788 3479 ὑμᾶς
2844 3405 3032 3468 αὐτοὺς
3087 3403 3351 3483 διακρῖναι
3405 3405 3573 3477 ζητῶ,
3634 3404 3727 3458 καὶ
3794 3402 3891 3471 τὴν

2241 3489 2365 3570 παρ’
2420 3489 2596 3548 ἄλλων
2652 3494 2747 3550 οὔκ
2789 3492 3080 3574 ἐκδέχομαι
3136 3498 3318 3573 ψῆφον
3354 3514 3367 3528 ο
3402 3491 3484 3549 ὅτι
3526 3490 3581 3548 δὲ
3652 3491 3760 3571 οὐχ
3819 3493 3893 3554 είς

2241 3581 2329 3654 ἧν,
2362 3579 2499 3637 ἀλλὰ
2527 3592 2673 3661 τρεῖς
2725 3583 2779 3638 οἳ
2844 3582 3102 3663 εἰπόντες,
3163 3581 3297 3662 ὁίπερ
3368 3583 3509 3638 εἶπεν
3561 3583 3591 3637 ὁ
3648 3581 3890 3661 Νύσσης,

2241 3668 2437 3726 ἐκεῖνοί
2492 3692 2584 3746 μοι
2656 3678 2732 3747 τῷ
2786 3669 2932 3750 λόγῳ
3015 3672 3564 3750 συμμαρτυρησουσιν,
3651 3670 3770 3726 ὃσοι
3830 3671 3893 3725 τὸ

2242 3759 2532 3838 σύγχρονον
2582 3758 2756 3817 οἴδασι
2807 3765 2911 3817 τῶν
2981 3758 3204 3839 ἀνδρῶν,
3273 3762 3429 3817 αότοῦ
3482 3780 3539 3814 τε
3594 3764 3687 3813 106
3741 3758 3891 3816 Νύσ-

2241 3870 2366 3926 σης,
2403 3849 2562 3928 φημὶ,
2620 3850 2708 3905 καὶ
2750 3856 2841 3905 τοῦ
2899 3850 3146 3927 μεγίστου
3201 3846 3531 3927 Γρηγορίου,
3570 3847 3658 3904 καὶ
3719 3853 3892 3901 Βασι-

2239 3935 2380 3993 λείου
2439 3946 2531 3995 106
2585 3938 2741 4018 πάνυ,
2804 3936 2919 3995 ὅσοι
2990 3940 3082 3995 οὐκ
3146 3938 3392 4015 ἀγνοοῦσι
3488 3937 3551 3992 τὸ
3616 3934 3705 3991 ἐπὶ
3774 3941 3890 3991 πᾶ-

2244 4046 2326 4080 σιν
2354 4024 2617 4099 ὁμόπνουν
2662 4029 2830 4085 αὐτῶν
2852 4048 2940 4102 καὶ
2980 4026 3283 4106 ὁμόλυχον.
3333 4025 3393 4083 Τί
3436 4025 3535 4103 γὰρ
3594 4020 3657 4078 ἄν
3687 4043 3768 4088 τις
3800 4025 3892 4079 καὶ

2241 4113 2426 4193 εἴρηκε
2495 4121 2600 4172 τῶν
2657 4120 2838 4194 τριῶν,
2898 4114 3028 4194 ὅπερ
3092 4118 3171 4191 μὴ
3243 4114 3567 4172 ἐκοινώσατο
3616 4114 3709 4170 καὶ
3767 4125 3888 4177 τοῖς

2237 4201 2416 4269 ἄλλοις
2462 4223 2478 4284 ς
2535 4205 2579 4260 εἰ
2628 4201 2683 4261 δέ
2734 4227 2837 4260 τινι
2909 4203 3058 4262 δοκεῖ
3113 4205 3253 4261 ε’ίναί
3308 4226 3423 4261 τινα
3482 4202 3616 4265 ἴσως
3660 4200 3891 4279 ῥηθέντα

2238 3137 2325 3193 καὶ
2356 3138 2690 3216 παροράσεως
2721 3139 2947 3210 κρίνεται
2982 3156 2995 3216 ;

509 4292 657 4364 Quid
683 4310 751 4352 ex
798 4290 1126 4352 illustribus
1162 4292 1453 4373 quispiam
1481 4292 1644 4360 dixit,
1679 4293 1833 4373 quod
1856 4311 1987 4352 cum
2019 4288 2149 4351 aliis

2243 4294 2373 4372 παρὰ
2452 4303 2546 4352 106
2596 4293 2868 4374 ἐσύστερον
2938 4301 3016 4369 τῷ
3078 4295 3176 4371 βίῳ
3262 4293 3731 4367 ὲναπομείναντος,
3805 4286 3889 4370 ἐφ’

510 4401 626 4442 non
650 4380 1154 4442 communicavit?
1212 4380 1375 4453 Quod
1410 4380 1460 4442 si
1485 4381 1718 4444 videtur
1749 4400 1867 4441 non
1902 4378 2148 4458 nemini,

2243 4385 2318 4443 οἷς
2362 4383 2390 4438 ὃ
2419 4383 2580 4439 εἰπὼν
2631 4381 2951 4459 σκεμμάτων
3006 4388 3085 4456 τῷ
3136 4382 3507 4462 προοιχοκένῳ
3565 4379 3662 4435 οὐκ
3733 4379 3888 4435 ἐκοι-

508 4468 774 4548 quzedam
807 4467 1055 4530 fortasse
1110 4486 1239 4529 esse.
1286 4469 1503 4530 dictata
1533 4487 1565 4529 a
1596 4466 1932 4548 posteriori,
1966 4464 2066 4546 qui
2092 4464 2152 4526 in

2243 4471 2466 4537 νώνησεν
2501 4488 2516 4502 ·
2551 4469 2667 4528 ἀλλ’
2698 4472 2811 4529 ἐπεὶ
2838 4472 2927 4529 καὶ
2972 4478 3163 4542 ζῶντες
3205 4479 3284 4546 τῷ
3327 4470 3469 4544 αὒτῷ
3523 4467 3885 4544 ἐμπνεόμενοι

505 4556 623 4617 vita
671 4574 1036 4618 remansera:
1100 4564 1157 4617 et
1207 4555 1747 4618 considerationum
1808 4554 2151 4616 defunctum

2243 4560 2505 4638 [Ινεύματι
2556 4564 2622 4623 τὰ
2676 4564 2807 4644 ὑπὲρ
2849 4570 2941 4620 106
2997 4563 3312 4640 ΙῙνεύματος
3364 4560 3733 4639 ὲδογμάτιζον.
3797 4562 3889 4617 καὶ

508 4655 677 4707 antea
697 4644 1042 4727 participem
1069 4664 1184 4707 non
1203 4645 1441 4720 fecisse,
1466 4655 1523 4706 at
1543 4664 1678 4706 cum
1712 4653 1770 4706 et
1796 4644 1990 4706 adhuc
2019 4660 2153 4704 cum

2243 4653 2373 4726 μετὰ
2400 4657 2498 4718 τήν
2540 4649 2737 4709 ἐνθένδε
2806 4651 2953 4720 λῆξιν
3008 4660 3087 4728 τῷ
3136 4652 3278 4728 αὐτῷ
3319 4649 3641 4707 συνδέδενται
3700 4651 3890 4713 ΙΙνεύ-

508 4735 799 4816 viverent,
829 4733 904 4797 ab
938 4734 1148 4796 eodem
1181 4733 1402 4815 Spiritu
1453 4733 1670 4814 inﬂati,
1703 4733 1778 4795 de
1809 4731 1989 4794 rebus
2017 4729 2156 4821 Spi-

2243 4762 2390 4817 ματι,
2422 4740 2481 4797 06
2534 4739 2760 4820 δέχομαι
2806 4740 2974 4821 ἔγωγε
3031 4740 3417 4818 ἐμπνευσθῆναί
3453 4761 3501 4795 τι
3559 4745 3636 4813 τῷ
3693 4738 3770 4795 ἐνὶ
3798 4740 3892 4795 καὶ

515 4823 664 4885 ritus
695 4824 1110 4895 decernerent,
1145 4832 1202 4884 et
1232 4825 1349 4885 fine
1378 4822 1509 4885 vitae
1531 4821 1963 4904 posito,eodem
1987 4819 2159 4882 colli-

510 4920 790 4991 garentur
820 4910 1067 4993 Spiritu,
1101 4930 1218 4973 non
1276 4912 1573 4975 admisero
1598 4930 1854 4992 unquam
1886 4929 2017 4989 ego,
2051 4909 2157 4970 uni

512 5000 735 5080 aliquid
766 5000 1113 5081 inspiratnm
1172 5003 1349 5064 etiam
1402 5000 1651 5082 reliquis
1682 5000 1798 5061 vita
1826 5000 2150 5074 defunctis,

512 5090 666 5170 quod
703 5108 736 5148 a
766 5097 962 5150 mente
987 5108 1218 5166 eorum,
1245 5092 1342 5172 qui
1374 5101 1547 5153 antea
1574 5098 1823 5152 mortem
1858 5088 2151 5165 obierant,

513 5196 629 5237 non
662 5175 860 5239 fuerit.
894 5175 956 5238 Si
1006 5187 1199 5240 autem
1260 5180 1415 5261 quod
1452 5180 1625 5261 plena
1654 5178 1875 5259 synodo
1910 5178 2158 5258 hujusce

510 5266 602 5327 vel
631 5266 879 5345 hujusce
920 5266 1063 5329 dicti
1085 5268 1448 5331 audientiam
1474 5289 1591 5332 non
1623 5269 1789 5348 fecit,
1821 5268 1979 5330 dicta
2007 5287 2154 5330 con-

507 5354 891 5436 demnamur,
940 5374 1047 5433 ego
1106 5357 1499 5420 universalem
1553 5376 1760 5420 eorum
1792 5358 2154 5420 audientiam

512 5443 695 5505 fuisse
717 5444 1038 5507 contendo.
1075 5448 1142 5508 Et
1166 5464 1414 5524 quanam
1442 5447 1671 5509 ratione
1700 5447 2011 5526 despectui
2044 5450 2152 5509 ha-

504 5533 704 5595 benda
729 5546 889 5614 sunt,
950 5552 1081 5615 quae
1126 5534 1566 5598 universalibus
1616 5536 1933 5597 audientiis
1979 5538 2154 5615 digna

506 5622 674 5685 fuere
700 5620 731 5682 ?
760 5640 831 5684 ex
861 5640 934 5685 eo
962 5621 1257 5705 siquidem
1311 5631 1580 5705 tempore
1610 5624 1683 5687 ad
1717 5626 1869 5688 hanc
1892 5635 2151 5689 nostram

2241 4829 2375 4906 μετὰ
2429 4829 2648 4887 θάνατον
2713 4832 2820 4887 τῶν
2861 4828 3085 4912 λοιπῶν,
3145 4829 3274 4909 ὅπερ
3328 4831 3451 4909 οὒχὶ
3505 4830 3596 4885 καὶ
3635 4828 3736 4896 τῆς
3778 4834 3889 4884 τῶν

2236 4919 2639 4999 προοιχομὲνων
2678 4919 2901 4999 γιώμης
2948 4919 3223 5000 ἑξήρτητο.
3259 4920 3317 4977 Ei
3364 4917 3419 4974 δὲ
3462 4917 3545 4974 ὅτι
3599 4918 3680 4994 μὴ
3725 4939 3887 4975 συνο-

2238 5007 2380 5065 δικὸν
2460 5006 2663 5066 ἐκάθισε
2731 5007 2878 5069 τοῦδε
2933 5008 2971 5078 ἢ
3052 5007 3202 5067 τοῦδε
3272 5007 3364 5065 106
3420 5007 3585 5086 ῥητοῦ
3677 5006 3888 5084 ἀκροα-

2237 5100 2441 5176 τήριον,
2512 5098 2579 5155 τὰ
2657 5098 2793 5176 ῥητὰ
2873 5108 3037 5158 ταῦτα
3089 5101 3154 5155 τὸ
3208 5100 3574 5178 παρεωρᾶσθαι
3649 5093 3884 5153 καταδι-

2237 5185 2472 5263 κάζεται,
2530 5185 2649 5244 ἀλλ’
2716 5187 2825 5267 ἐγὼ
2906 5189 3265 5265 οἱκουμενικδν
3331 5188 3474 5269 φημὶ
3533 5186 3596 5241 τὸ
3678 5185 3885 5246 τούτων

2237 5276 2607 5356 ἀκροατήριον.
2706 5279 2806 5336 Καὶ
2871 5284 2987 5339 πῶς
3082 5276 3356 5357 παροπτέα
3427 5275 3495 5332 τὰ
3574 5273 3879 5348 οἱκουμενι-

2235 5371 2345 5421 κῶν
2447 5363 2728 5430 ἀξιωθέντα
2819 5366 3180 5447 ἀκροατηρίων
3239 5386 3256 5447 ς
3339 5364 3391 5431 ἐξ
3469 5364 3667 5421 ἐκείνου
3778 5362 3880 5440 γὰρ

2234 5455 2323 5511 καὶ
2351 5455 2422 5519 εἰς
2478 5451 2625 5533 δεῦρο
2685 5453 2803 5512 ὅσαι
2867 5454 2953 5512 διὰ
3010 5455 3174 5531 μέσου
3224 5456 3313 5511 καὶ
3371 5451 3729 5528 οἷκουμενικαὶ
3787 5450 3878 5506 καὶ

2234 5544 2445 5599 τοπικαὶ
2487 5544 2734 5623 γεγόνασι
2778 5542 3003 5620 σύνοδοι,
3062 5544 3141 5608 τίς
3195 5540 3488 5624 ἀμφιϐαλετ
3514 5543 3589 5605 ὡς
3641 5537 3880 5604 ἐδέξαντο

2235 5631 2389 5706 αὐτὰ,
2451 5634 2537 5689 καὶ
2614 5633 2943 5709 ἠσπάσαντο,
3029 5632 3118 5690 καὶ
3173 5630 3353 5712 ὥσπερ
3427 5649 3547 5686 κινα
3613 5627 3881 5709 θησαυρὸν
