4142 6286
523 322 600 387 75

1566 326 1837 393 JOANN.
1883 325 2101 391 VECCI
2143 326 2256 389 GP.
2302 328 2839 394 PATRIABCHJE.

3815 307 3888 375 '76

521 472 644 557 non
671 454 745 518 ad
774 456 1161 559 insinuan‘das
1195 456 1341 520 duas
1366 475 1575 520 causas
1601 458 1663 520 id
1694 459 2058 539 enuntiasse,
2095 476 2166 519 ex

2262 466 2453 559 Παξρός
2483 466 2512 520 ὃ
2563 464 2681 528 Υἱός
2708 466 2811 559 *διαὶ
2842 462 3029 559 Δπάλιν
3086 465 3178 559 τὸν
3221 467 3495 559 Μονογενῆ
3568 462 3886 559 προθεωρεξ-

521 543 617 618 iis,
652 562 786 625 quae
835 545 977 608 alibi
1029 546 1206 620 dixit.
1255 546 1760 623 comprobabitur,
1822 548 1938 610 hoc
1971 554 2162 627 pacto.

521 632 790 716 Namque
819 635 1014 716 prima
1038 635 1325 699 adversus
1352 635 1711 697 Eunomium
1740 636 2166 715 Antirrhetica,

522 723 699 803 cujus
728 723 1111 805 principium,
1147 744 1176 785 ‹
1210 723 1392 798 Fieri,
1422 733 1490 787 ut
1511 724 1765 799 videtur,
1799 743 1917 787 non
1954 732 2168 804 potest,

522 822 592 888 ut
617 811 751 893 quis
780 811 856 875 de
884 811 1161 876 omnibus
1193 811 1350 876 bene
1382 812 1664 889 mereri,»
1697 814 1825 876 haec
1865 814 1980 876 ait:
2029 838 2048 868 ι
2086 813 2169 875 Ex

522 897 787 980 ingenito
817 901 944 963 sole
962 901 1142 963 alium
1173 901 1359 963 solem
1391 901 1605 964 Filium
1632 901 2038 981 intelligimus,
2067 902 2170 980 qui

523 986 704 1050 simul
736 1006 869 1050 cum
931 988 1122 1069 primo
1174 989 1536 1069 cogitatione
1590 1009 1698 1071 per
1727 990 2169 1068 generationem

521 1075 814 1155 illuxerit,
843 1085 901 1139 et
919 1077 981 1139 in
1002 1076 1281 1140 omnibus
1297 1078 1541 1159 adzeque
1570 1098 1635 1142 se
1654 1080 1882 1142 habens
1911 1099 1925 1144 :
1948 1089 2007 1141 et
2034 1096 2171 1140 rur-

2252 550 2366 613 σθαὶ
2422 560 2518 620 τῆς
2562 561 2651 611 τοῦ
2708 554 3025 629 ΙΙνεύματος
3080 555 3418 617 ὑποστάσεως
3489 552 3625 609 κατὰ
3678 550 3768 605 τὸν
3797 550 3888 612 τῆς

2254 645 2414 709 αἰτίας
2442 642 2623 723 λόγον,
2655 641 2736 699 ὅτι
2785 642 2869 699 διὰ
2909 646 3001 700 τοῦ
3064 644 3187 702 Υἱοῦ
3226 643 3289 700 τὸ
3333 640 3581 717 Πνεῦμα,
3636 638 3759 716 οὐχὶ
3811 632 3890 690 δύο

2251 734 2343 798 τὰς
2374 733 2539 797 αἰτίας
2597 739 2689 789 τοῦ
2731 733 3048 807 ΙΙνεύματος
3108 730 3320 810 εἴρηκε.
3381 731 3480 789 Καὶ
3547 727 3628 784 ὅτι
3673 726 3768 783 οὑκ
3822 725 3890 785 εἰς

2252 820 2340 878 δύο
2409 822 2586 878 αἰτίων
2624 819 2826 879 ἔννοιαν
2872 821 3088 901 εἴρηκεν
3118 822 3146 877 ὀ
3194 821 3344 899 ἅγιος
3394 818 3549 875 τοῦτο
3601 819 3665 873 ὲκ
3691 816 3800 872 τῶν
3840 813 3889 869 ἐν

2254 909 2433 974 ἄλλοις
2463 910 2751 990 εἰρημένων
2807 914 2950 985 αὒτῷ
2986 911 3235 979 συστήσει
3291 912 3319 965 6
3366 906 3545 986 λόγος.
3595 907 3756 969 Οὗτος
3809 902 3890 960 καὶ

2254 1000 2353 1080 γὰρ
2379 998 2433 1055 ἐν
2475 1006 2552 1074 τῷ
2584 1000 2777 1078 πρώτῳ
2807 1005 2910 1054 τῶν
2961 999 3091 1077 πρὸς
3144 996 3401 1073 Εὐνόμιον
3462 993 3888 1073 Ἀντιῤῥητικῶν,

2255 1088 2314 1145 οὗ
2353 1091 2388 1157 ἡ
2433 1088 2577 1169 ἀρχή
2612 1107 2627 1123 ·
2668 1107 2695 1142 σ
2728 1086 2835 1145 Οὑκ
2876 1088 2964 1161 ἦν,
3017 1089 3090 1150 ὡς
3148 1086 3307 1166 ἔοικε,
3355 1087 3414 1142 τὸ
3469 1086 3670 1146 πάντας
3700 1080 3891 1139 ἐθέλειν

525 1184 626 1228 sus
679 1167 842 1230 aliud
889 1167 1085 1231 simile
1140 1169 1344 1231 lumen
1395 1169 1469 1230 ad
1516 1170 1865 1250 praedictum
1902 1169 2170 1257 modum,

2262 1167 2575 1257 εὑεργετεῒν,
2637 1199 2666 1232 n
2715 1174 2852 1231 οὕτω
2894 1196 3053 1255 φησιν
3084 1193 3102 1214 ο
3162 1196 3189 1233 α
3228 1174 3314 1241 Ἐξ
3390 1174 3679 1252 ἆγεννήτου
3749 1169 3893 1237 ἥλίου

524 1257 688 1319 nullo
721 1257 1036 1339 temporali
1064 1258 1379 1320 intervallo
1409 1258 1692 1320 alumine
1722 1259 1919 1338 genito
1950 1256 2174 1319 abscis-

2262 1266 2430 1323 Ξέλλων
2459 1264 2610 1334 ἥλιον
2652 1266 2741 1321 τὸν
2800 1265 2919 1320 Υἱὸν
2977 1273 3193 1341 νοοῦμεν
3250 1266 3382 1339 ὁμοῦ
3434 1269 3503 1339 τῇ
3554 1269 3646 1318 τοῦ
3688 1260 3895 1337 πρώτου

526 1347 793 1421 sum,sed
826 1365 929 1428 per
954 1346 1150 1428 ipsum
1181 1347 1455 1429 equidem
1476 1348 1787 1427 effugiens,
1813 1346 2173 1428 principium

2262 1357 2461 1428 ἐπινοίᾳ
2514 1359 2779 1432 γεννητῶς
2857 1353 3000 1427 αὑτῷ
3080 1352 3533 1428 συνεκλάμποντα,
3607 1352 3694 1407 καὶ
3764 1348 3894 1405 κατὰ

524 1455 666 1500 vero
682 1455 806 1523 suae
825 1437 1215 1516 hypostaseos
1229 1447 1447 1517 aproto
1458 1443 1590 1517 typo
1613 1437 1840 1498 lumine
1851 1436 2171 1523 accipiens,

2262 1447 2425 1501 πάντα
2454 1443 2704 1505 ὡσαύτως
2743 1442 2940 1521 έχοντα
2976 1456 2990 1471 ⁸
3026 1464 3054 1497 ι
3089 1443 3176 1497 καί
3220 1441 3378 1501 πάλιν
3410 1459 3425 1474 ⁶
3457 1465 3484 1496 α
3521 1430 3751 1518 εἘτερον
3780 1459 3894 1494 τοι-

526 1526 730 1589 lumen
755 1522 993 1607 quidem
1020 1533 1076 1585 et
1101 1525 1296 1613 ipsum
1320 1525 1398 1587 ad
1419 1524 1872 1587 similitudinem
1897 1522 2176 1613 praecepti

2262 1542 2409 1591 οῦτον
2449 1539 2561 1613 φῶς
2603 1534 2665 1589 τὸ
2731 1532 2952 1606 Πνεῦμα
3008 1532 3144 1587 κατὰ
3185 1533 3275 1587 τὸν
3334 1533 3488 1590 αὐτὸν
3556 1528 3777 1606 τρόπον,
3841 1528 3896 1582 06

525 1613 775 1678 luminis
801 1614 1010 1676 lucens
1039 1620 1097 1674 et
1115 1612 1521 1697 illuminans.»
1550 1611 2177 1694 Considera,quisquis

2262 1630 2492 1703 χρονικῶ
2534 1644 2635 1677 τινι
2680 1620 2994 1694 διαστήματι
3052 1622 3143 1676 τοῦ
3172 1626 3427 1698 γεννητοῦ
3480 1620 3652 1699 φωτὸς
3695 1618 3894 1672 ἀποτε-

526 1722 614 1777 es,
655 1704 706 1766 si
738 1702 902 1778 libet,
934 1703 998 1764 in
1029 1702 1319 1791 profundo
1352 1703 1662 1765 sententiae
1684 1702 2036 1782 theologiam
2067 1700 2168 1791 ab-

2262 1700 2538 1791 μνόμενονι
2567 1709 2705 1767 ἀλλὰ
2732 1707 2798 1765 δι’
2831 1713 2984 1767 αὐτοῦ
3027 1709 3125 1783 μὲν
3182 1707 3478 1784 ἐκλάμπον,
3537 1707 3633 1773 τὴν
3685 1703 3740 1760 δὲ
3803 1709 3896 1771 τῆς

528 1792 735 1865 ditam,
768 1798 827 1854 et
856 1777 1047 1872 quam'
1085 1789 1476 1855 libentissime
1532 1798 1800 1853 sanctum
1855 1777 2167 1852 eioscula-

2262 1801 2586 1863 ἱνποστάσεως
2633 1800 2797 1856 αἰτίαν
2867 1796 3012 1878 ’έχων
3055 1798 3117 1853 ἐκ
3170 1799 3261 1853 τοῦ
3315 1797 3657 1873 πρωτοτύπου
3695 1795 3890 1873 φωτὸς,

525 1879 707 1970 beris.
740 1879 884 1954 Quae
911 1880 1071 1943 enim
1121 1879 1206 1941 ibi
1258 1879 1623 1943 dictionibus
1671 1880 1802 1941 aliis
1824 1878 2120 1957 expressit
2152 1900 2165 1935 :

2262 1894 2362 1970 ρτῦς
2408 1889 2586 1965 μέντοι
2626 1890 2713 1945 καὶ
2755 1889 2882 1945 αὐτὸ
2911 1886 3023 1943 καθ’
3085 1884 3377 1962 ὁμοιότητα
3431 1890 3523 1942 τοῦ
3565 1905 3896 1962 προεπινοη-

533 1993 560 2026 α
592 1969 851 2045 Patrem,
887 1993 916 2025 »
950 1976 1249 2045 astruens,
1285 1994 1314 2026 α
1345 1969 1494 2032 Filio
1556 1968 1932 2049 praeintelligi
1962 1985 2166 2042 causa,

2262 1968 2427 2041 θέντος
2469 1976 2680 2053 λάμπον
2738 1976 2826 2031 καὶ
2882 1975 3128 2055 φωτίζον.
3196 1998 3217 2030 ι
3267 1974 3464 2030 Σκόπει
3508 1975 3536 2028 6
3577 1969 3896 2048 βουλόμενος

524 2059 740 2123 Filium
770 2077 909 2124 vero
940 2059 1313 2140 pmintelligi
1373 2057 1597 2140 Spiritu
1626 2058 1955 2121 secundum
1979 2074 2173 2119 causa;

2262 2069 2469 2125 ἐνταῦθα
2523 2066 2621 2133 τὴν
2667 2071 2745 2140 τῷ
2800 2064 2945 2141 βάθει
3000 2063 3093 2120 τοῦ
3140 2063 3300 2141 ῥητοῦ
3357 2062 3668 2140 ἐγκειμένην
3723 2058 3900 2117 θεολοο

525 2149 880 2230 ιέιίοηεω,ι
919 2147 1054 2210 aliis
1079 2155 1259 2228 atque
1285 2145 1418 2209 aliis
1452 2147 1549 2209 hic
1589 2147 1963 2228 explanavit:
2002 2164 2169 2207 nam-

530 2257 646 2319 que
665 2256 802 2301 cum
836 2236 1104 2312 dixisset,
1144 2261 1172 2293 α
1200 2255 1271 2299 ex
1302 2236 1567 2315 ingenito
1599 2237 1748 2311 sole,
1781 2236 1967 2297 solem
1991 2235 2171 2297 alium

527 2327 742 2389 Filium
759 2325 1493 2405 intelligimus.rursusque
1509 2324 1669 2386 aliud
1693 2324 1890 2386 simile
1912 2324 2168 2391 lumen,»

530 2416 814 2498 Spiritus,
845 2414 1091 2476 minime
1122 2413 1426 2489 adnexuit,
1460 2413 1622 2477 nullo
1669 2415 1951 2493 temporis
1982 2412 2172 2473 inter-

529 2506 682 2568 vallo
711 2503 1039 2567 abscissum
1072 2502 1268 2584 ipsum
1317 2501 1392 2564 ab
1439 2502 1701 2582 ingenito
1734 2502 1982 2572 lumine,
2017 2499 2173 2582 quod

530 2593 1100 2668 innuicontendunt,
1132 2592 1235 2672 qui
1271 2591 1679 2654 immediatum
1709 2591 1877 2653 illum
1909 2611 1978 2653 ex
2004 2595 2175 2651 Patre

526 2683 811 2764 fatenfur,
845 2681 950 2745 sed
989 2681 1274 2759 subdidit,
1314 2706 1336 2738 ι
1366 2681 1530 2744 nullo
1562 2680 1842 2761 temporis
1867 2678 2173 2743 intervallo

533 2792 568 2835 a
585 2773 784 2851 genito
810 2771 1036 2835 lumine
1055 2770 1384 2834 abscissum
1409 2791 1425 2846 ;
1442 2770 1547 2832 sed
1572 2789 1676 2851 per
1697 2770 1891 2852 ipsum
1909 2770 2172 2836 elucens.

535 2869 595 2925 et
617 2861 998 2942 bypostaseos
1050 2877 1287 2922 causam
1345 2858 1648 2939 accipiens
1676 2877 1710 2920 a
1740 2867 2046 2939 prototypo
2076 2857 2175 2918 lu-

534 2950 720 3014 mine.
759 2972 783 3008 »
820 2949 1005 3013 Deum
1038 2948 1197 3012 enim
1227 2948 1374 3011 dicit
1421 2967 1492 3011 ex
1540 2947 1804 3027 ingenito
1834 2948 1960 3009 sole
1989 2946 2176 3008 solem

2252 2157 2393 2236 γίαν,
2439 2156 2528 2212 καὶ
2577 2151 2774 2233 σφόδρα
2826 2154 2917 2209 τὸν
2987 2151 3137 2231 ἂγιοθ
3194 2150 3442 2228 ἀποδέξῃ.
3476 2143 3555 2207 εἈ
3624 2153 3724 2229 γὰρ
3784 2149 3896 2205 ἐκεῖ

2252 2248 2307 2302 ἒν
2340 2242 2524 2306 ἄλλαις
2554 2241 2750 2308 λέξεσιν
2781 2255 2929 2317 εἶπε,
2967 2263 2989 2296 ι
3050 2242 3151 2299 Τὸν
3195 2242 3292 2315 μὲν
3342 2238 3559 2320 Πατέρα
3622 2264 3645 2297 ν
3708 2237 3895 2295 θεολο-

2255 2356 2363 2412 γων
2413 2354 2442 2388 α
2499 2334 2925 2412 προεπινοεϊσθαι
2982 2338 3075 2386 τοῦ
3140 2332 3259 2387 Υἰοῦ
3316 2335 3394 2403 τῷ
3468 2331 3637 2403 αἰτίῳ,
3696 2330 3792 2385 τὸν
3847 2325 3899 2382 δὲ

2268 2423 2388 2480 Υἱόν
2474 2423 2888 2500 προθεωρεϊσθαι
2956 2428 3051 2479 τοῦ
3124 2420 3436 2494 ΙΙνεύματος
3477 2419 3612 2475 κατὰ
3669 2420 3761 2474 τὸν
3802 2422 3899 2483 τῆς

2256 2513 2422 2575 αἰτίας
2465 2511 2649 2589 λόγον,
2682 2528 2711 2568 )
2787 2508 2840 2565 ἐν
2900 2507 3086 2571 ἄλλαις
3135 2506 3351 2564 ἐνταῦθα
3407 2506 3678 2588 ἐνέφηνεν.
3725 2506 3902 2564 Εἰπὼν

2258 2601 2356 2679 γὰρ
2389 2620 2417 2660 ι
2451 2598 2502 2665 ἐξ
2530 2599 2818 2677 ἆγεννήτου
2845 2597 2997 2665 ἡλίου
3052 2595 3211 2654 ἄλλον
3270 2595 3420 2663 ἥλιον
3447 2598 3536 2653 τὸν
3591 2598 3712 2653 Υἰὸν
3741 2606 3900 2654 νοοῦ-

2259 2711 2380 2766 μεν,
2411 2690 2500 2746 καὶ
2553 2686 2712 2744 πάλιν
2760 2686 2936 2766 ἕτερον
2992 2689 3223 2744 τοιοῦτον
3279 2686 3391 2765 φῶς
3431 2708 3454 2742 ι
3527 2687 3589 2742 τὸ
3647 2685 3899 2761 Πνεῦμα,

2260 2784 2353 2838 οὐκ
2381 2779 2671 2857 ἐπήγαγεν,
2744 2776 2803 2832 οὗ
2872 2783 3108 2855 χρονικῷ
3174 2797 3276 2831 τινι
3332 2772 3647 2850 διαστήματι
3683 2776 3905 2831 ’ἀποτε-

2260 2869 2522 2943 μνόμενον
2564 2868 2689 2922 αὐτὸ
2719 2871 2811 2921 τοῦ
2833 2866 3140 2942 ’ἀγεννήτου
3169 2865 3368 2943 φωτὸς,
3400 2862 3529 2941 ὅπερ
3572 2876 3715 2920 νοεῖν
3777 2864 3906 2940 βού-

2262 2956 2443 3014 λονται
2474 2956 2521 3013 οἱ
2590 2953 2800 3030 ἁμέσως
2854 2954 2980 3012 αὐτὸ
3045 2952 3287 3031 λέγοντες
3346 2952 3406 3008 ἐκ
3468 2953 3707 3032 ΙΙατρὺς,
3787 2950 3901 3008 ἀλλ’

533 3038 742 3120 alium,
777 3037 988 3100 Filium
1018 3036 1407 3117 intelligimus
1427 3036 1604 3098 simul
1637 3055 1768 3098 cum
1803 3035 1976 3117 primi
1998 3034 2177 3097 medi-

2265 3046 2444 3125 εἶπεν,
2510 3067 2537 3099 α
2571 3044 2631 3100 οὑ
2684 3049 2945 3123 χρονικῷ.
2974 3063 3074 3098 τινι
3129 3039 3448 3117 διαστήματι
3502 3051 3596 3100 τοῦ
3645 3047 3908 3120 γεννητοῦ

535 3127 759 3190 tatione
776 3145 881 3208 per
899 3125 1344 3206 generationem
1375 3143 1495 3187 una
1514 3125 2035 3200 collucescentem,
2060 3124 2174 3187 im-

540 3218 854 3281 mediatam
914 3215 1102 3278 Patris
1156 3224 1216 3277 et
1262 3215 1399 3278 Filii
1446 3215 1770 3278 naturalem
1804 3224 1863 3276 et
1888 3215 2175 3277 essentia-

538 3305 656 3368 lem
683 3304 1129 3386 repraesentavit
1147 3304 1433 3368 unitatem
1460 3323 1474 3368 :
1500 3324 1636 3366 cum
1668 3321 1804 3365 vero
1836 3303 1979 3365 dicit
1998 3302 2182 3385 Spiri-

540 3403 666 3457 tum
694 3394 854 3457 aliud
885 3414 920 3456 a
948 3396 1147 3475 genito
1177 3394 1402 3456 lumine
1444 3393 1645 3456 lumen
1677 3412 1795 3454 non
1825 3393 2177 3468 abscissum,

543 3482 798 3565 Spiritus
834 3501 1041 3546 rursus
1089 3483 1164 3545 ad
1202 3483 1416 3548 Filium
1446 3483 1771 3544 naturalem
1806 3491 1863 3543 et
1891 3483 2180 3545 essentia-

540 3573 660 3635 lem
711 3573 995 3635 unitatem
1054 3572 1368 3653 expressit.
1420 3570 1800 3634 Postmodum
1859 3591 1993 3633 cum
2025 3572 2185 3633 hisce

2262 3136 2434 3216 φωτὸς
2503 3132 2952 3208 ἀποτεμνόμενον,
3006 3129 3141 3187 ἀλλὰ
3217 3128 3264 3187 δι
3315 3132 3468 3188 αὑτοῦ
3539 3131 3634 3206 μὲν
3696 3129 3906 3206 ἐκλάμ-

2262 3246 2383 3300 πον,
2469 3222 2569 3290 την
2639 3220 2692 3277 δὲ
2741 3227 2839 3289 τῆς
2887 3220 3225 3282 ὑποστάσεως
3282 3220 3447 3276 αἰτίαν
3516 3218 3642 3300 ἕχον
3699 3219 3763 3277 ἐκ
3822 3230 3911 3278 τοῦ

2263 3313 2608 3391 πρωτοτύπου
2656 3311 2848 3391 φωτός.
2889 3331 2917 3369 ι
2994 3312 3080 3367 Ἐν
3160 3319 3284 3388 γοῦν
3353 3316 3430 3383 τῷ
3513 3312 3709 3385 εἰπεῖν,
3820 3306 3905 3373 ἘΞ

2264 3403 2549 3482 ἂγεννήτου
2590 3399 2739 3469 ἡλίου
2796 3398 2956 3456 ἄλλον
3020 3396 3169 3467 ἥλιον
3230 3399 3291 3455 τὸ
3331 3400 3448 3455 Υἰόν
3478 3404 3724 3473 νοοῦμεν,
3778 3402 3913 3473 ὁμοῦ

2265 3498 2332 3569 τῇ
2400 3498 2491 3548 τοῦ
2564 3491 2772 3570 πρώτου
2826 3487 3029 3545 ὲπινοία
3083 3493 3351 3567 γεννητῶς
3417 3488 3559 3563 αὒτῷ
3600 3485 3910 3562 συνεκλάμ-

2266 3604 2452 3655 ποντα,
2529 3581 2627 3647 τὴν
2699 3577 2892 3654 ἅμεσον
2948 3576 3041 3634 τοῦ
3097 3576 3311 3656 Πατρός
3366 3578 3454 3633 καὶ
3524 3575 3639 3633 ι’ἱοῦ
3681 3577 3913 3657 φυσικὴν

542 3660 900 3724 dictionibus
958 3661 1239 3742 Spiritum
1322 3660 1609 3723 univisset
1684 3679 1819 3722 cum
1877 3661 2047 3733 Filio,
2110 3670 2169 3721 ct

2262 3672 2339 3730 nati
2388 3666 2614 3735 οὒσιώδη
2657 3666 2986 3746 παρέστησεν
3026 3664 3211 3721 ἕνωσιν
3239 3680 3254 3694 ’
3303 3663 3355 3719 ἐν
3405 3663 3459 3720 δέ
3502 3669 3579 3737 τῷ
3622 3665 3803 3721 εἰπεῖν
3847 3667 3909 3720 τὸ

535 3749 750 3813 Filium
783 3770 915 3813 cum
951 3750 1147 3838 Patre,
1207 3768 1285 3812 ne
1332 3750 1622 3831 quispiam
1657 3748 1909 3831 Spiritus
1938 3769 1971 3812 a
1998 3750 2174 3814 Patre

2262 3764 2481 3835 [[νεῦμα
2508 3756 2706 3837 ἕτερον,
2764 3761 2873 3836 φῶς
2927 3763 3020 3814 τοῦ
3087 3760 3340 3833 γεννητοῦ
3395 3754 3566 3833 φωτός
3610 3753 3690 3828 μὴ
3764 3754 3909 3810 ἀπο-

537 3841 793 3920 aliquam
814 3842 1211 3903 secretionem
1231 3839 1354 3901 sive
1376 3839 1734 3919 diremptum
1753 3838 2175 3911 imaginaretur

2262 3849 2581 3925 τεμνόμενον
2674 3848 2773 3912 τὴν
2856 3843 2948 3901 τοῦ
2996 3844 3308 3919 ΙΙνεύματος
3375 3841 3532 3899 πάλιν
3598 3846 3731 3922 πρός
3821 3845 3916 3899 τὸν

538 3929 893 3992 admirando
916 3931 1172 4009 quodam
1194 3928 1460 3997 modo,et
1478 3946 1549 3989 ex
1580 3927 1950 4007 penitissima
1967 3947 2177 4010 specu-

2270 3939 2389 3995 Υἱόν
2419 3934 2644 4016 φυσικὴν
2698 3935 2788 3990 γαὶ
2837 3930 3064 3998 οὖσιώδη
3107 3931 3437 4011 παρέστησεν
3488 3929 3698 3993 ἕνωσιν.
3776 3941 3917 3989 Εῒτα

538 4018 757 4082 latione
788 4019 1039 4100 petitum
1065 4018 1262 4080 statim
1289 4016 1615 4098 subjunxit,
1656 4041 1682 4073 α
1715 4018 1819 4078 sed
1851 4036 1957 4098 per
1983 4018 2175 4097 ipsum

2262 4027 2375 4084 ἐπεὶ
2416 4038 2538 4090 ταῖς
2591 4021 2762 4089 λέξεσι
2811 4023 3026 4085 ταύταις
3081 4021 3143 4076 τὸ
3200 4019 3296 4095 μὲν
3349 4021 3575 4095 Πνεῦμα
3628 4018 3809 4087 ἤνωσε
3841 4024 3920 4095 τῷ

539 4108 807 4183 elucens,
866 4108 1252 4189 bypostaseos
1308 4124 1450 4168 vero
1509 4123 1742 4167 causam
1790 4106 2061 4170 referens
2110 4125 2177 4169 ex

2276 4118 2408 4190 Υἰῷ,
2452 4115 2543 4171 τὸν
2585 4110 2641 4168 δὲ
2706 4112 2825 4168 Υἱόν
2880 4117 2957 4185 τῷ
3015 4110 3213 4188 ΙΙατρὶ,
3256 4108 3349 4165 ’ίνα
3406 4110 3482 4184 μή
3539 4129 3619 4174 τις
3662 4111 3915 4179 οἰήσαιτο

537 4203 845 4280 prototypo
864 4197 1152 4259 lumine.»
1178 4194 1359 4258 Vides
1378 4213 1495 4257 non
1511 4194 1657 4279 duas
1679 4213 1884 4256 causas
1904 4204 2177 4258 astruen-

2262 4201 2525 4258 διάστασὶν
2577 4222 2693 4256 τινα
2743 4208 2834 4257 τοῦ
2923 4198 3235 4272 Πνεύματος
3299 4196 3404 4253 ἀπό
3482 4207 3576 4256 τοῦ
3663 4198 3915 4276 ῙΙατρὸς,

538 4295 658 4349 tem
744 4293 1012 4349 sanctum
1070 4284 1311 4362 dixisse,

537 4379 773 4441 Patrem
799 4374 947 4438 Filio
973 4392 1185 4441 causa;
1223 4371 1596 4454 przeintelligi
1624 4390 1763 4433 vero
1798 4372 2009 4433 Filium
2039 4373 2178 4453 Spi-

535 4464 686 4527 ritus
714 4460 1369 4545 bypostasi‘secundum
1401 4478 1595 4523 causa;
1636 4461 1975 4524 rationem?
2008 4487 2034 4518 τι
2072 4461 2181 4524 At-

540 4556 719 4620 tende
768 4565 826 4619 et
883 4553 1329 4636 comprehende
1387 4572 1505 4615 non
1563 4552 1736 4615 aliam
1770 4551 1843 4614 ob
1879 4572 2118 4615 causam
2152 4571 2186 4615 a

539 4653 743 4708 sancto
774 4645 876 4708 illa
922 4644 1146 4726 scripta
1172 4662 1330 4720 esse,
1366 4641 1484 4704 nisi
1513 4650 1579 4704 ut
1626 4641 1814 4703 oratio
1845 4642 2001 4704 illius
2033 4642 2180 4704 edo-

539 4734 1057 4815 ceret,naturalem
1092 4742 1151 4796 et
1180 4731 1558 4796 essentialem
1590 4730 1847 4811 Spiritus
1872 4733 2179 4812 unionem,

538 4842 659 4886 non
688 4822 1036 4905 immediate
1083 4841 1217 4886 esse
1245 4822 1318 4884 ad
1349 4820 1608 4895 Patrem,
1662 4819 1768 4881 sed
1801 4839 1909 4900 per
1936 4820 2180 4883 Filium.

542 4910 835 4994 Siitaque
890 4931 958 4975 ex
1007 4910 1180 4974 Patre
1228 4928 1334 4992 per
1388 4908 1610 4971 Filium
1643 4906 1928 4990 Spiritum
1959 4909 2181 4971 essein

538 5000 697 5065 hanc
754 5001 1110 5063 sententiam
1162 5000 1409 5080 accipis,
1461 4998 1801 5078 quicunque
1847 4996 2052 5073 fueris,
2082 4996 2184 5077 qui

541 5106 749 5166 eorum
807 5092 909 5170 qui
952 5109 1053 5153 res
1104 5088 1466 5167 tbeologicas
1519 5094 1970 5166 pertractarunt.
2003 5088 2184 5148 verba

540 5196 714 5259 aequo
744 5181 943 5240 animo
985 5179 1179 5255 audis,
1243 5196 1363 5241 non
1393 5176 1547 5241 ultra
1568 5173 1681 5259 tibi
1711 5175 1951 5238 difﬁcile
1980 5176 2186 5240 existi-

542 5266 804 5349 mabitur.
830 5284 965 5331 cum
1025 5267 1292 5347 Ecclesia
1334 5268 1605 5345 Romana
1651 5265 1832 5334 uniri.
1865 5264 1995 5328 Non
2026 5265 2185 5327 enim

540 5354 646 5437 qui
702 5355 1212 5418 dicuntRomani
1265 5355 1550 5437 Spiritum
1615 5374 1686 5418 ex
1738 5354 1907 5417 Patre
1953 5362 2010 5419 et
2039 5353 2188 5417 Filio

544 5445 1096 5529 procedere,statim
1131 5455 1189 5511 et
1210 5446 1356 5509 duas
1384 5443 1643 5526 Spiritus
1671 5463 1878 5508 causas
1905 5445 2184 5508 fatentur.

547 5533 818 5616 quinimo
848 5532 1018 5603 diris
1049 5542 1327 5619 tanquam
1360 5532 2099 5619 infensissimidevovent,
2131 5541 2193 5595 et

546 5624 927 5697 anathemate
957 5618 1290 5705 subjiciunt
1333 5618 1498 5697 eum,
1530 5622 1632 5704 qui
1660 5622 1857 5686 simile
1886 5622 2189 5705 quidpiam

1404 4309 1431 4340 α
1490 4283 1864 4362 praeintelligi
1936 4284 2175 4366 quidem

2262 4290 2562 4365 θαυμασίως
2632 4286 2828 4368 σφόδρα
2881 4288 2971 4344 καὶ
3025 4285 3469 4362 θεωρητικώτατα
3526 4287 3671 4351 εὖθὺς
3736 4309 3922 4365 προσ-

2267 4381 2559 4457 επήγαγεν,
2598 4400 2626 4434 σ
2686 4376 2824 4433 ἀλλὰ
2880 4374 2927 4432 δι
2984 4378 3142 4435 αὑτοῦ
3210 4375 3308 4450 μὲν
3362 4373 3655 4454 ἐκλάμπον,
3717 4376 3823 4443 τὴν
3870 4374 3924 4432 δὲ

2266 4472 2364 4536 τῆς
2433 4467 2770 4531 ὑποστάσεως
2828 4466 2993 4521 αἰτίαν
3075 4462 3220 4544 ἔχων
3296 4461 3357 4519 ἐκ
3417 4465 3510 4520 τοῦ
3564 4466 3924 4543 πρωτοτύπου

2267 4553 2461 4636 φωτός.
2513 4576 2537 4611 ι
2577 4546 2729 4634 Ὁρᾷς
2786 4551 2930 4616 ὅπως
2999 4553 3093 4609 οὑκ
3147 4553 3219 4615 εἰς
3276 4549 3366 4608 δύο
3407 4551 3584 4608 αἰτίων
3643 4550 3853 4610 ἔννοιαν
3897 4556 3926 4609 6

2268 4643 2417 4720 ἅγιος
2471 4641 2657 4721 εἴρηκε
2706 4643 2768 4697 τὸ
2809 4642 3218 4720 προθεωρετσθαι
3274 4638 3370 4715 μὲν
3422 4641 3515 4696 τὸν
3572 4640 3798 4717 Πατέρα
3831 4652 3929 4701 τοῦ

2278 4733 2398 4790 Υἱοῦ
2468 4738 2545 4806 τῷ
2599 4731 2768 4803 αἰτίῳ,
2821 4732 3230 4807 προθεωρετσθαι
3283 4727 3338 4784 δὲ
3379 4729 3471 4785 τὸν
3517 4731 3636 4786 Υἰόν
3677 4730 3779 4796 τῆς
3830 4733 3929 4789 τοῦ

2265 4821 2583 4901 ῌνεύματος
2645 4819 2988 4883 ὑποστάσεως
3030 4819 3169 4876 κατὰ
3215 4819 3306 4874 τὸν
3346 4822 3443 4885 τῆς
3476 4818 3642 4883 αἰτίας
3698 4816 3871 4898 λόγον
3907 4840 3925 4901 ;

2269 4898 2413 4989 υΟρα
2440 4910 2530 4967 καὶ
2559 4909 2708 4972 σύνες
2738 4905 2803 4963 δι’
2860 4904 3006 4963 οωὲν
3069 4906 3245 4986 ἕτερον
3292 4909 3371 4982 τῷ
3425 4906 3571 4986 ἁγίῳ·
3600 4907 3764 4964 ταῦτα
3814 4898 3927 4988 ῥηᾲ

2263 5001 2443 5070 θῆναι,
2474 4997 2591 5054 ἀλλ’
2640 4996 2734 5054 ἵνα
2781 4993 3000 5072 δηλώσῃ
3042 4996 3070 5053 ὁ
3124 4995 3284 5075 λόγος
3327 4996 3484 5054 αὑτοῦ
3537 4997 3637 5064 τὴν
3687 5001 3928 5079 φυσικὴν

2267 5088 2355 5143 καὶ
2427 5084 2653 5153 οὑσιώδη
2710 5094 2802 5144 τοῦ
2897 5084 2952 5147 II
2965 5084 3223 5160 νεύματος
3301 5083 3490 5142 ἕνωσιν
3559 5086 3637 5161 μὴ
3697 5085 3927 5162 ἂμέσως

2269 5174 2413 5231 εἶναι
2473 5175 2599 5254 πρός
2651 5176 2744 5231 τὸν
2783 5172 3028 5251 Πατέρα,
3089 5170 3246 5252 ἀλλὰ,
3307 5170 3374 5227 δι’
3442 5174 3586 5233 Υἱοῦ.
3629 5173 3806 5253 Εἴπερ
3836 5176 3931 5233 οὖν

2268 5266 2330 5320 τὸ
2360 5263 2420 5319 ὲκ
2449 5262 2661 5343 Πατρός
2687 5262 2755 5320 δι’
2794 5264 2915 5321 Υῑοῦ
2943 5262 3085 5319 εἶναι
3139 5261 3201 5318 τὸ
3244 5262 3467 5337 Πνεῦμα
3524 5264 3597 5328 εἰς
3637 5264 3737 5331 τὴν
3801 5287 3928 5323 τοι-

2272 5355 2436 5420 αὐτην
2479 5353 2681 5410 ἔννοιαν
2724 5350 2885 5433 δέχῃ,
2911 5350 3053 5414 ὅστις
3084 5350 3151 5419 ἢν
3179 5351 3268 5407 καὶ
3297 5350 3419 5417 εἴης
3449 5352 3478 5408 6
3506 5355 3611 5408 τῶν
3650 5352 3933 5434 Θεολογη-

2273 5442 2477 5500 σάντων
2533 5444 2599 5503 τὰ
2671 5440 2921 5521 εἰρημένα
3005 5443 3225 5517 εὖρενῶς
3323 5438 3680 5517 ἆκρόῶμενος,
3739 5444 3933 5502 οὐκέτι

2273 5531 2336 5591 ἅν
2380 5556 2461 5591 σοι
2517 5531 2770 5612 δυσχερὲς
2824 5527 2970 5588 οὐδὲν
3029 5527 3172 5594 ὅλοις
3243 5529 3428 5608 φανείη
3484 5535 3554 5606 τῇ
3624 5527 3937 5605 Ἐκκλησία

2273 5621 2371 5689 τῆς
2405 5612 2615 5698 Ῥώμης
2647 5620 2903 5681 ἐνοῦσθαι.
2938 5618 3011 5676 Οὐ
3041 5619 3140 5698 γὰρ
3202 5616 3282 5673 ὅτι
3341 5616 3400 5672 ἐκ
3448 5619 3540 5674 τοῦ
3580 5619 3808 5699 Πατρός
3842 5624 3935 5680 καὶ
