  <div class='ocr_page' id='page_1' title='image "/cluster/home/n/w/nwhite01/storage/ocr_20150623/141/mdp.39015078384206/046.png"; bbox 0 0 4142 6286; ppageno 0'>
   <div class='ocr_carea' id='block_1_1' title="bbox 203 377 272 441">
    <p class='ocr_par' dir='ltr' id='par_1_1' title="bbox 203 377 272 441">
     <span class='ocr_line' id='line_1_1' title="bbox 203 377 272 441; baseline 0.014 -1"><span class='ocrx_word' id='word_1_1' title='bbox 203 377 272 441; x_wconf 81' lang='grc' dir='ltr'>’Π</span> 
     </span>
    </p>
   </div>
   <div class='ocr_carea' id='block_1_2' title="bbox 1390 383 2394 471">
    <p class='ocr_par' dir='ltr' id='par_1_2' title="bbox 1390 383 2394 471">
     <span class='ocr_line' id='line_1_2' title="bbox 1390 383 2394 471; baseline -0.004 -24"><span class='ocrx_word' id='word_1_2' title='bbox 1390 385 1491 447; x_wconf 90' lang='lat' dir='ltr'><strong>DE</strong></span> <span class='ocrx_word' id='word_1_3' title='bbox 1522 384 1815 448; x_wconf 88' lang='lat' dir='ltr'><strong>UNIONE</strong></span> <span class='ocrx_word' id='word_1_4' title='bbox 1846 383 2394 471; x_wconf 75' lang='lat' dir='ltr'><strong>ECGLESIARUM.</strong></span> 
     </span>
    </p>
   </div>
   <div class='ocr_carea' id='block_1_3' title="bbox 3505 377 3582 441">
    <p class='ocr_par' dir='ltr' id='par_1_3' title="bbox 3505 377 3582 441">
     <span class='ocr_line' id='line_1_3' title="bbox 3505 377 3582 441; baseline 0 0"><span class='ocrx_word' id='word_1_5' title='bbox 3505 377 3582 441; x_wconf 85' lang='lat'><strong>78</strong></span> 
     </span>
    </p>
   </div>
   <div class='ocr_carea' id='block_1_4' title="bbox 202 505 1872 597">
    <p class='ocr_par' dir='ltr' id='par_1_4' title="bbox 202 505 1856 597">
     <span class='ocr_line' id='line_1_4' title="bbox 202 505 1856 597; baseline -0.001 -27"><span class='ocrx_word' id='word_1_6' title='bbox 202 521 286 571; x_wconf 78' lang='grc' dir='ltr'><strong>τοῦ</strong></span> <span class='ocrx_word' id='word_1_7' title='bbox 340 518 462 575; x_wconf 73' lang='grc' dir='ltr'><strong>Υἱοῦ</strong></span> <span class='ocrx_word' id='word_1_8' title='bbox 560 516 940 597; x_wconf 66' lang='grc' dir='ltr'><strong>ἐκπορεύεσθαι</strong></span> <span class='ocrx_word' id='word_1_9' title='bbox 1023 516 1266 596; x_wconf 83' lang='grc' dir='ltr'>λέγουσιν</span> <span class='ocrx_word' id='word_1_10' title='bbox 1336 519 1384 573; x_wconf 74' lang='grc' dir='ltr'>οἱ</span> <span class='ocrx_word' id='word_1_11' title='bbox 1458 505 1715 592; x_wconf 83' lang='grc' dir='ltr'>Ῥωματοί</span> <span class='ocrx_word' id='word_1_12' title='bbox 1796 515 1856 568; x_wconf 83' lang='grc' dir='ltr'><strong>τὸ</strong></span> 
     </span>
    </p>
   </div>
   <div class='ocr_carea' id='block_1_5' title="bbox 1956 505 3588 597">
    <p class='ocr_par' dir='ltr' id='par_1_5' title="bbox 1956 509 3588 591">
     <span class='ocr_line' id='line_1_5' title="bbox 1956 509 3588 591; baseline 0 -20"><span class='ocrx_word' id='word_1_13' title='bbox 1956 511 2031 573; x_wconf 73' lang='lat' dir='ltr'><strong>vel</strong></span> <span class='ocrx_word' id='word_1_14' title='bbox 2061 511 2309 585; x_wconf 89' lang='lat' dir='ltr'><strong>sentire,</strong></span> <span class='ocrx_word' id='word_1_15' title='bbox 2328 510 2417 571; x_wconf 85' lang='lat' dir='ltr'><strong>vel</strong></span> <span class='ocrx_word' id='word_1_16' title='bbox 2443 510 2648 573; x_wconf 88' lang='lat' dir='ltr'><strong>dicere</strong></span> <span class='ocrx_word' id='word_1_17' title='bbox 2666 509 2925 591; x_wconf 78' lang='lat' dir='ltr'><strong>auserit;</strong></span> <span class='ocrx_word' id='word_1_18' title='bbox 2952 509 3052 572; x_wconf 91' lang='lat' dir='ltr'><strong>sed</strong></span> <span class='ocrx_word' id='word_1_19' title='bbox 3080 511 3237 590; x_wconf 90' lang='lat' dir='ltr'><strong>quod</strong></span> <span class='ocrx_word' id='word_1_20' title='bbox 3263 509 3588 590; x_wconf 79' lang='lat' dir='ltr'><strong>procedere</strong></span> 
     </span>
    </p>
   </div>
   <div class='ocr_carea' id='block_1_6' title="bbox 208 603 1860 685">
    <p class='ocr_par' dir='ltr' id='par_1_6' title="bbox 208 603 1860 685">
     <span class='ocr_line' id='line_1_6' title="bbox 208 603 1860 685; baseline -0.001 -25"><span class='ocrx_word' id='word_1_21' title='bbox 208 609 441 679; x_wconf 78' lang='grc' dir='ltr'>Πνεῦμα,</span> <span class='ocrx_word' id='word_1_22' title='bbox 489 603 594 672; x_wconf 75' lang='grc' dir='ltr'><strong>ἤδη</strong></span> <span class='ocrx_word' id='word_1_23' title='bbox 654 607 744 662; x_wconf 79' lang='grc' dir='ltr'><strong>καὶ</strong></span> <span class='ocrx_word' id='word_1_24' title='bbox 802 603 891 662; x_wconf 83' lang='grc' dir='ltr'>δύο</span> <span class='ocrx_word' id='word_1_25' title='bbox 943 605 1115 685; x_wconf 80' lang='grc' dir='ltr'>ἀρχὰς</span> <span class='ocrx_word' id='word_1_26' title='bbox 1167 612 1262 662; x_wconf 82' lang='grc' dir='ltr'><strong>τοῦ</strong></span> <span class='ocrx_word' id='word_1_27' title='bbox 1306 605 1474 680; x_wconf 79' lang='grc' dir='ltr'>Πνεύμ</span> <span class='ocrx_word' id='word_1_28' title='bbox 1486 626 1608 668; x_wconf 90' lang='grc' dir='ltr'>ατος</span> <span class='ocrx_word' id='word_1_29' title='bbox 1665 603 1860 682; x_wconf 81' lang='grc' dir='ltr'>λέγου-</span> 
     </span>
    </p>
   </div>
   <div class='ocr_carea' id='block_1_7' title="bbox 209 690 1861 770">
    <p class='ocr_par' dir='ltr' id='par_1_7' title="bbox 209 690 1861 770">
     <span class='ocr_line' id='line_1_7' title="bbox 209 690 1861 770; baseline -0.002 -21"><span class='ocrx_word' id='word_1_30' title='bbox 209 714 284 749; x_wconf 88' lang='grc' dir='ltr'><strong>σιν</strong></span> <span class='ocrx_word' id='word_1_31' title='bbox 325 709 343 728; x_wconf 82' lang='grc'><em>’</em></span> <span class='ocrx_word' id='word_1_32' title='bbox 419 692 627 769; x_wconf 78' lang='grc' dir='ltr'>μᾶλλον</span> <span class='ocrx_word' id='word_1_33' title='bbox 673 695 774 770; x_wconf 77' lang='grc' dir='ltr'>μὲν</span> <span class='ocrx_word' id='word_1_34' title='bbox 836 694 926 751; x_wconf 63' lang='grc' dir='ltr'><strong>οὖν</strong></span> <span class='ocrx_word' id='word_1_35' title='bbox 986 696 1074 751; x_wconf 83' lang='grc' dir='ltr'>καὶ</span> <span class='ocrx_word' id='word_1_36' title='bbox 1155 691 1645 770; x_wconf 87' lang='grc' dir='ltr'>παλαμναιοτάταις</span> <span class='ocrx_word' id='word_1_37' title='bbox 1706 690 1861 770; x_wconf 78' lang='grc' dir='ltr'>ἆραϊς</span> 
     </span>
    </p>
   </div>
   <div class='ocr_carea' id='block_1_8' title="bbox 209 779 1860 860">
    <p class='ocr_par' dir='ltr' id='par_1_8' title="bbox 209 779 1860 860">
     <span class='ocr_line' id='line_1_8' title="bbox 209 779 1860 860; baseline -0.002 -23"><span class='ocrx_word' id='word_1_38' title='bbox 209 783 293 836; x_wconf 82' lang='grc' dir='ltr'><strong>καὶ</strong></span> <span class='ocrx_word' id='word_1_39' title='bbox 366 780 613 860; x_wconf 73' lang='grc' dir='ltr'>φρικώδει</span> <span class='ocrx_word' id='word_1_40' title='bbox 668 780 1154 841; x_wconf 64' lang='grc' dir='ltr'>καθοποϐάλλουσιν</span> <span class='ocrx_word' id='word_1_41' title='bbox 1209 779 1494 857; x_wconf 85' lang='grc' dir='ltr'>ἀναθέματι</span> <span class='ocrx_word' id='word_1_42' title='bbox 1550 782 1641 837; x_wconf 83' lang='grc' dir='ltr'>τὸν</span> <span class='ocrx_word' id='word_1_43' title='bbox 1682 785 1860 835; x_wconf 84' lang='grc' dir='ltr'>τοιοῦ-</span> 
     </span>
    </p>
   </div>
   <div class='ocr_carea' id='block_1_9' title="bbox 209 867 1860 948">
    <p class='ocr_par' dir='ltr' id='par_1_9' title="bbox 209 867 1860 948">
     <span class='ocr_line' id='line_1_9' title="bbox 209 867 1860 948; baseline 0 -25"><span class='ocrx_word' id='word_1_44' title='bbox 209 867 294 923; x_wconf 85' lang='grc' dir='ltr'>τόν</span> <span class='ocrx_word' id='word_1_45' title='bbox 323 892 376 926; x_wconf 86' lang='grc' dir='ltr'><strong>τι</strong></span> <span class='ocrx_word' id='word_1_46' title='bbox 418 883 561 927; x_wconf 78' lang='grc' dir='ltr'>νοεῖν</span> <span class='ocrx_word' id='word_1_47' title='bbox 604 871 640 937; x_wconf 72' lang='grc' dir='ltr'>ἢ</span> <span class='ocrx_word' id='word_1_48' title='bbox 690 869 868 948; x_wconf 80' lang='grc' dir='ltr'>λέγειν</span> <span class='ocrx_word' id='word_1_49' title='bbox 910 869 1192 947; x_wconf 72' lang='grc' dir='ltr'>τολμῶντα</span> <span class='ocrx_word' id='word_1_50' title='bbox 1238 887 1253 902; x_wconf 84' lang='grc'><strong>⁸</strong></span> <span class='ocrx_word' id='word_1_51' title='bbox 1283 867 1401 925; x_wconf 79' lang='grc' dir='ltr'>ἀλλ’</span> <span class='ocrx_word' id='word_1_52' title='bbox 1445 867 1525 926; x_wconf 80' lang='grc' dir='ltr'>ὅτι</span> <span class='ocrx_word' id='word_1_53' title='bbox 1577 870 1639 925; x_wconf 82' lang='grc' dir='ltr'>τὸ</span> <span class='ocrx_word' id='word_1_54' title='bbox 1693 867 1860 923; x_wconf 81' lang='grc' dir='ltr'>ἐκπο-</span> 
     </span>
    </p>
   </div>
   <div class='ocr_carea' id='block_1_10' title="bbox 210 956 1864 1039">
    <p class='ocr_par' dir='ltr' id='par_1_10' title="bbox 210 956 1864 1039">
     <span class='ocr_line' id='line_1_10' title="bbox 210 956 1864 1039; baseline 0.002 -26"><span class='ocrx_word' id='word_1_55' title='bbox 210 958 446 1035; x_wconf 79' lang='grc' dir='ltr'>ρεύεσθαι</span> <span class='ocrx_word' id='word_1_56' title='bbox 489 957 721 1029; x_wconf 73' lang='grc' dir='ltr'>δήλωσιν</span> <span class='ocrx_word' id='word_1_57' title='bbox 781 958 987 1016; x_wconf 76' lang='grc' dir='ltr'>οἴδασιν</span> <span class='ocrx_word' id='word_1_58' title='bbox 1045 958 1195 1039; x_wconf 77' lang='grc' dir='ltr'>ἔχειν</span> <span class='ocrx_word' id='word_1_59' title='bbox 1235 965 1325 1016; x_wconf 80' lang='grc' dir='ltr'><strong>τοῦ</strong></span> <span class='ocrx_word' id='word_1_60' title='bbox 1380 958 1441 1015; x_wconf 79' lang='grc' dir='ltr'><strong>ἐκ</strong></span> <span class='ocrx_word' id='word_1_61' title='bbox 1509 963 1602 1015; x_wconf 84' lang='grc' dir='ltr'><strong>τοῦ</strong></span> <span class='ocrx_word' id='word_1_62' title='bbox 1658 956 1864 1034; x_wconf 82' lang='grc' dir='ltr'>Πατρὸς</span> 
     </span>
    </p>
   </div>
   <div class='ocr_carea' id='block_1_11' title="bbox 209 1042 1865 1127">
    <p class='ocr_par' dir='ltr' id='par_1_11' title="bbox 209 1042 1865 1127">
     <span class='ocr_line' id='line_1_11' title="bbox 209 1042 1865 1127; baseline -0.002 -25"><span class='ocrx_word' id='word_1_63' title='bbox 209 1052 441 1123; x_wconf 52' lang='lat' dir='ltr'><strong>ipsum};</strong></span> <span class='ocrx_word' id='word_1_64' title='bbox 487 1047 605 1127; x_wconf 59' lang='grc' dir='ltr'>καὶι</span> <span class='ocrx_word' id='word_1_65' title='bbox 636 1046 903 1111; x_wconf 75' lang='grc' dir='ltr'>οὖσιωδῶς</span> <span class='ocrx_word' id='word_1_66' title='bbox 946 1051 1009 1104; x_wconf 79' lang='grc' dir='ltr'>τὸ</span> <span class='ocrx_word' id='word_1_67' title='bbox 1066 1055 1275 1123; x_wconf 75' lang='grc' dir='ltr'>Πνεῦμα</span> <span class='ocrx_word' id='word_1_68' title='bbox 1322 1044 1579 1125; x_wconf 70' lang='grc' dir='ltr'>ὑπάρχειν</span> <span class='ocrx_word' id='word_1_69' title='bbox 1613 1062 1628 1077; x_wconf 83' lang='grc'><strong><em>⁸</em></strong></span> <span class='ocrx_word' id='word_1_70' title='bbox 1689 1042 1865 1099; x_wconf 79' lang='grc' dir='ltr'>οἴδασι</span> 
     </span>
    </p>
   </div>
   <div class='ocr_carea' id='block_1_12' title="bbox 211 1131 1867 1216">
    <p class='ocr_par' dir='ltr' id='par_1_12' title="bbox 211 1131 1867 1216">
     <span class='ocr_line' id='line_1_12' title="bbox 211 1131 1867 1216; baseline -0.001 -27"><span class='ocrx_word' id='word_1_71' title='bbox 211 1132 262 1189; x_wconf 81' lang='grc' dir='ltr'><strong>δὲ</strong></span> <span class='ocrx_word' id='word_1_72' title='bbox 292 1136 416 1199; x_wconf 75' lang='grc' dir='ltr'>τοὺς</span> <span class='ocrx_word' id='word_1_73' title='bbox 492 1135 546 1191; x_wconf 80' lang='grc' dir='ltr'><strong>ἐν</strong></span> <span class='ocrx_word' id='word_1_74' title='bbox 616 1150 736 1199; x_wconf 74' lang='grc' dir='ltr'>τοῖς</span> <span class='ocrx_word' id='word_1_75' title='bbox 797 1137 1057 1216; x_wconf 85' lang='grc' dir='ltr'>Πατράσιν</span> <span class='ocrx_word' id='word_1_76' title='bbox 1111 1138 1265 1211; x_wconf 79' lang='grc' dir='ltr'>ἡμῶν</span> <span class='ocrx_word' id='word_1_77' title='bbox 1316 1134 1614 1214; x_wconf 70' lang='grc' dir='ltr'><strong>θεολόγοις,</strong></span> <span class='ocrx_word' id='word_1_78' title='bbox 1671 1135 1759 1189; x_wconf 89' lang='grc' dir='ltr'><strong>καί</strong></span> <span class='ocrx_word' id='word_1_79' title='bbox 1816 1131 1867 1197; x_wconf 75' lang='grc' dir='ltr'>ἐξ</span> 
     </span>
    </p>
   </div>
   <div class='ocr_carea' id='block_1_13' title="bbox 214 1221 1863 1304">
    <p class='ocr_par' dir='ltr' id='par_1_13' title="bbox 214 1221 1863 1304">
     <span class='ocr_line' id='line_1_13' title="bbox 214 1221 1863 1304; baseline 0 -27"><span class='ocrx_word' id='word_1_80' title='bbox 214 1223 335 1279; x_wconf 82' lang='grc' dir='ltr'>ι’ἷοῦ</span> <span class='ocrx_word' id='word_1_81' title='bbox 377 1225 439 1279; x_wconf 84' lang='grc' dir='ltr'>τὸ</span> <span class='ocrx_word' id='word_1_82' title='bbox 500 1230 717 1300; x_wconf 81' lang='grc' dir='ltr'>Πνεῦμα</span> <span class='ocrx_word' id='word_1_83' title='bbox 792 1223 1058 1290; x_wconf 70' lang='grc' dir='ltr'>οὗσιωδῶς</span> <span class='ocrx_word' id='word_1_84' title='bbox 1127 1223 1387 1304; x_wconf 68' lang='grc' dir='ltr'>ὕπάρχειν</span> <span class='ocrx_word' id='word_1_85' title='bbox 1462 1221 1863 1300; x_wconf 80' lang='grc' dir='ltr'>θεολογοῦντας,</span> 
     </span>
    </p>
   </div>
   <div class='ocr_carea' id='block_1_14' title="bbox 212 1309 1859 1390">
    <p class='ocr_par' dir='ltr' id='par_1_14' title="bbox 212 1309 1859 1390">
     <span class='ocr_line' id='line_1_14' title="bbox 212 1309 1859 1390; baseline 0.003 -25"><span class='ocrx_word' id='word_1_86' title='bbox 212 1309 269 1365; x_wconf 79' lang='grc' dir='ltr'><strong>ἐκ</strong></span> <span class='ocrx_word' id='word_1_87' title='bbox 324 1314 533 1390; x_wconf 79' lang='grc' dir='ltr'>[ἰατρὸς</span> <span class='ocrx_word' id='word_1_88' title='bbox 588 1315 678 1370; x_wconf 82' lang='grc' dir='ltr'><strong>καὶ</strong></span> <span class='ocrx_word' id='word_1_89' title='bbox 721 1317 841 1370; x_wconf 80' lang='grc' dir='ltr'><strong>ι’ἱοῠ</strong></span> <span class='ocrx_word' id='word_1_90' title='bbox 925 1313 1289 1390; x_wconf 80' lang='grc' dir='ltr'>ἐκπορεύεσθαι</span> <span class='ocrx_word' id='word_1_91' title='bbox 1388 1313 1515 1369; x_wconf 72' lang='grc' dir='ltr'>αὐτὸ</span> <span class='ocrx_word' id='word_1_92' title='bbox 1626 1310 1859 1390; x_wconf 79' lang='grc' dir='ltr'>λέγουσι.</span> 
     </span>
    </p>
   </div>
   <div class='ocr_carea' id='block_1_15' title="bbox 211 1399 1859 1482">
    <p class='ocr_par' dir='ltr' id='par_1_15' title="bbox 211 1399 1859 1482">
     <span class='ocr_line' id='line_1_15' title="bbox 211 1399 1859 1482; baseline -0.007 -15"><span class='ocrx_word' id='word_1_93' title='bbox 211 1400 270 1455; x_wconf 68' lang='grc' dir='ltr'><strong>τδ</strong></span> <span class='ocrx_word' id='word_1_94' title='bbox 297 1399 353 1466; x_wconf 74' lang='grc' dir='ltr'><strong>ἒξ</strong></span> <span class='ocrx_word' id='word_1_95' title='bbox 410 1401 616 1482; x_wconf 75' lang='grc' dir='ltr'>ἀμφοῖν</span> <span class='ocrx_word' id='word_1_96' title='bbox 660 1401 922 1467; x_wconf 75' lang='grc' dir='ltr'>οὑσιωόῶς</span> <span class='ocrx_word' id='word_1_97' title='bbox 976 1404 1232 1481; x_wconf 83' lang='grc' dir='ltr'>ὑπάρχειν</span> <span class='ocrx_word' id='word_1_98' title='bbox 1287 1404 1414 1459; x_wconf 69' lang='grc' dir='ltr'>αὐτὸ</span> <span class='ocrx_word' id='word_1_99' title='bbox 1467 1406 1698 1461; x_wconf 68' lang='grc' dir='ltr'>ἐντεῦθεν</span> <span class='ocrx_word' id='word_1_100' title='bbox 1758 1399 1859 1466; x_wconf 86' lang='grc' dir='ltr'><strong>δη-</strong></span> 
     </span>
    </p>
   </div>
   <div class='ocr_carea' id='block_1_16' title="bbox 210 1488 1857 1572">
    <p class='ocr_par' dir='ltr' id='par_1_16' title="bbox 210 1488 1857 1572">
     <span class='ocr_line' id='line_1_16' title="bbox 210 1488 1857 1572; baseline 0 -27"><span class='ocrx_word' id='word_1_101' title='bbox 210 1488 449 1563; x_wconf 78' lang='grc' dir='ltr'>λοῦντες,</span> <span class='ocrx_word' id='word_1_102' title='bbox 528 1498 695 1571; x_wconf 76' lang='grc' dir='ltr'>τρανῇ</span> <span class='ocrx_word' id='word_1_103' title='bbox 919 1491 1132 1572; x_wconf 82' lang='grc' dir='ltr'>γλώττῇ</span> <span class='ocrx_word' id='word_1_104' title='bbox 1213 1493 1684 1572; x_wconf 83' lang='grc' dir='ltr'>ἀνακηρύττοντες,</span> <span class='ocrx_word' id='word_1_105' title='bbox 1769 1490 1857 1545; x_wconf 87' lang='grc' dir='ltr'><strong>καὶ</strong></span> 
     </span>
    </p>
   </div>
   <div class='ocr_carea' id='block_1_17' title="bbox 1943 597 3593 681">
    <p class='ocr_par' dir='ltr' id='par_1_17' title="bbox 1943 597 3593 681">
     <span class='ocr_line' id='line_1_17' title="bbox 1943 597 3593 681; baseline -0.001 -21"><span class='ocrx_word' id='word_1_106' title='bbox 1943 607 2008 661; x_wconf 92' lang='lat' dir='ltr'><strong>ut</strong></span> <span class='ocrx_word' id='word_1_107' title='bbox 2029 600 2148 680; x_wconf 86' lang='lat' dir='ltr'><strong>ipsi</strong></span> <span class='ocrx_word' id='word_1_108' title='bbox 2199 609 2327 662; x_wconf 87' lang='lat' dir='ltr'><strong>cate</strong></span> <span class='ocrx_word' id='word_1_109' title='bbox 2357 600 2578 681; x_wconf 90' lang='lat' dir='ltr'><strong>sciunt,</strong></span> <span class='ocrx_word' id='word_1_110' title='bbox 2609 600 2906 679; x_wconf 85' lang='lat' dir='ltr'><strong>exprimat</strong></span> <span class='ocrx_word' id='word_1_111' title='bbox 2936 618 3008 661; x_wconf 83' lang='lat' dir='ltr'><strong>ex</strong></span> <span class='ocrx_word' id='word_1_112' title='bbox 3038 597 3211 661; x_wconf 89' lang='lat' dir='ltr'><strong>Patre</strong></span> <span class='ocrx_word' id='word_1_113' title='bbox 3241 599 3593 661; x_wconf 76' lang='lat' dir='ltr'><strong>naturaliter</strong></span> 
     </span>
    </p>
   </div>
   <div class='ocr_carea' id='block_1_18' title="bbox 1946 687 3590 769">
    <p class='ocr_par' dir='ltr' id='par_1_18' title="bbox 1946 687 3590 769">
     <span class='ocr_line' id='line_1_18' title="bbox 1946 687 3590 769; baseline -0.001 -18"><span class='ocrx_word' id='word_1_114' title='bbox 1946 697 2002 751; x_wconf 88' lang='lat' dir='ltr'><strong>et</strong></span> <span class='ocrx_word' id='word_1_115' title='bbox 2041 689 2440 752; x_wconf 90' lang='lat' dir='ltr'><strong>essentialiter</strong></span> <span class='ocrx_word' id='word_1_116' title='bbox 2498 687 2784 769; x_wconf 83' lang='lat' dir='ltr'><strong>Spiritum</strong></span> <span class='ocrx_word' id='word_1_117' title='bbox 2832 705 2987 763; x_wconf 87' lang='lat' dir='ltr'><strong>esse,</strong></span> <span class='ocrx_word' id='word_1_118' title='bbox 3021 695 3079 749; x_wconf 90' lang='lat' dir='ltr'><strong>et</strong></span> <span class='ocrx_word' id='word_1_119' title='bbox 3109 687 3263 768; x_wconf 83' lang='lat' dir='ltr'><strong>quod</strong></span> <span class='ocrx_word' id='word_1_120' title='bbox 3299 696 3590 769; x_wconf 72' lang='lat' dir='ltr'><strong>praeterea</strong></span> 
     </span>
    </p>
   </div>
   <div class='ocr_carea' id='block_1_19' title="bbox 1946 775 3594 858">
    <p class='ocr_par' dir='ltr' id='par_1_19' title="bbox 1946 775 3594 858">
     <span class='ocr_line' id='line_1_19' title="bbox 1946 775 3594 858; baseline 0 -21"><span class='ocrx_word' id='word_1_121' title='bbox 1946 777 2144 839; x_wconf 89' lang='lat' dir='ltr'><strong>sciunt</strong></span> <span class='ocrx_word' id='word_1_122' title='bbox 2173 780 2373 839; x_wconf 85' lang='lat' dir='ltr'><strong>Patres</strong></span> <span class='ocrx_word' id='word_1_123' title='bbox 2430 787 2690 846; x_wconf 87' lang='lat' dir='ltr'><strong>nostros.</strong></span> <span class='ocrx_word' id='word_1_124' title='bbox 2753 776 2853 858; x_wconf 85' lang='lat' dir='ltr'><strong>qui</strong></span> <span class='ocrx_word' id='word_1_125' title='bbox 2885 776 3043 837; x_wconf 90' lang='lat' dir='ltr'><strong>inter</strong></span> <span class='ocrx_word' id='word_1_126' title='bbox 3075 775 3378 857; x_wconf 79' lang='lat' dir='ltr'><strong>theologos</strong></span> <span class='ocrx_word' id='word_1_127' title='bbox 3408 775 3594 838; x_wconf 90' lang='lat' dir='ltr'><strong>collo-</strong></span> 
     </span>
    </p>
   </div>
   <div class='ocr_carea' id='block_1_20' title="bbox 1946 863 3594 947">
    <p class='ocr_par' dir='ltr' id='par_1_20' title="bbox 1946 863 3594 947">
     <span class='ocr_line' id='line_1_20' title="bbox 1946 863 3594 947; baseline -0.001 -20"><span class='ocrx_word' id='word_1_128' title='bbox 1946 874 2179 939; x_wconf 82' lang='lat' dir='ltr'><strong>cantur,</strong></span> <span class='ocrx_word' id='word_1_129' title='bbox 2215 874 2273 928; x_wconf 92' lang='lat' dir='ltr'><strong>et</strong></span> <span class='ocrx_word' id='word_1_130' title='bbox 2305 886 2372 928; x_wconf 85' lang='lat' dir='ltr'><strong>ex</strong></span> <span class='ocrx_word' id='word_1_131' title='bbox 2405 867 2550 928; x_wconf 83' lang='lat' dir='ltr'><strong>Filio</strong></span> <span class='ocrx_word' id='word_1_132' title='bbox 2579 865 2861 947; x_wconf 86' lang='lat' dir='ltr'><strong>Spiritum</strong></span> <span class='ocrx_word' id='word_1_133' title='bbox 2895 882 3027 926; x_wconf 91' lang='lat' dir='ltr'><strong>esse</strong></span> <span class='ocrx_word' id='word_1_134' title='bbox 3049 863 3287 941; x_wconf 83' lang='lat' dir='ltr'><strong>docent,</strong></span> <span class='ocrx_word' id='word_1_135' title='bbox 3322 884 3391 927; x_wconf 80' lang='lat' dir='ltr'><strong>ex</strong></span> <span class='ocrx_word' id='word_1_136' title='bbox 3426 869 3594 927; x_wconf 87' lang='lat' dir='ltr'><strong>Patre</strong></span> 
     </span>
    </p>
   </div>
   <div class='ocr_carea' id='block_1_21' title="bbox 1947 951 3593 1036">
    <p class='ocr_par' dir='ltr' id='par_1_21' title="bbox 1947 951 3593 1036">
     <span class='ocr_line' id='line_1_21' title="bbox 1947 951 3593 1036; baseline -0.001 -21"><span class='ocrx_word' id='word_1_137' title='bbox 1947 964 2004 1015; x_wconf 92' lang='lat' dir='ltr'><strong>et</strong></span> <span class='ocrx_word' id='word_1_138' title='bbox 2028 954 2176 1016; x_wconf 89' lang='lat' dir='ltr'><strong>Filio</strong></span> <span class='ocrx_word' id='word_1_139' title='bbox 2199 955 2392 1036; x_wconf 89' lang='lat' dir='ltr'><strong>ipsum</strong></span> <span class='ocrx_word' id='word_1_140' title='bbox 2423 956 2751 1036; x_wconf 89' lang='lat' dir='ltr'><strong>procedere</strong></span> <span class='ocrx_word' id='word_1_141' title='bbox 2772 952 3083 1034; x_wconf 87' lang='lat' dir='ltr'><strong>conﬁteri;</strong></span> <span class='ocrx_word' id='word_1_142' title='bbox 3112 960 3171 1013; x_wconf 93' lang='lat' dir='ltr'><strong>et</strong></span> <span class='ocrx_word' id='word_1_143' title='bbox 3202 969 3271 1013; x_wconf 83' lang='lat' dir='ltr'><strong>ex</strong></span> <span class='ocrx_word' id='word_1_144' title='bbox 3302 951 3593 1013; x_wconf 84' lang='lat' dir='ltr'><strong>ambobus</strong></span> 
     </span>
    </p>
   </div>
   <div class='ocr_carea' id='block_1_22' title="bbox 1947 1042 3595 1121">
    <p class='ocr_par' dir='ltr' id='par_1_22' title="bbox 1947 1042 3595 1121">
     <span class='ocr_line' id='line_1_22' title="bbox 1947 1042 3595 1121; baseline 0.001 -18"><span class='ocrx_word' id='word_1_145' title='bbox 1947 1042 2115 1104; x_wconf 90' lang='lat' dir='ltr'><strong>illum</strong></span> <span class='ocrx_word' id='word_1_146' title='bbox 2142 1042 2542 1105; x_wconf 88' lang='lat' dir='ltr'><strong>essentialiter</strong></span> <span class='ocrx_word' id='word_1_147' title='bbox 2561 1061 2693 1104; x_wconf 91' lang='lat' dir='ltr'><strong>esse</strong></span> <span class='ocrx_word' id='word_1_148' title='bbox 2718 1048 3300 1119; x_wconf 90' lang='lat' dir='ltr'><strong>astruentes,sonora</strong></span> <span class='ocrx_word' id='word_1_149' title='bbox 3318 1042 3595 1121; x_wconf 82' lang='lat' dir='ltr'><strong>claraque</strong></span> 
     </span>
    </p>
   </div>
   <div class='ocr_carea' id='block_1_23' title="bbox 1947 1131 3589 1213">
    <p class='ocr_par' dir='ltr' id='par_1_23' title="bbox 1947 1131 3589 1213">
     <span class='ocr_line' id='line_1_23' title="bbox 1947 1131 3589 1213; baseline 0.001 -21"><span class='ocrx_word' id='word_1_150' title='bbox 1947 1150 2089 1193; x_wconf 68' lang='lat' dir='ltr'><strong>voce</strong></span> <span class='ocrx_word' id='word_1_151' title='bbox 2118 1133 2492 1213; x_wconf 84' lang='lat' dir='ltr'><strong>denuntiant,</strong></span> <span class='ocrx_word' id='word_1_152' title='bbox 2529 1142 2587 1193; x_wconf 91' lang='lat' dir='ltr'><strong>et</strong></span> <span class='ocrx_word' id='word_1_153' title='bbox 2633 1131 2741 1194; x_wconf 89' lang='lat' dir='ltr'><strong>Dei</strong></span> <span class='ocrx_word' id='word_1_154' title='bbox 2774 1131 2950 1192; x_wconf 85' lang='lat' dir='ltr'><strong>ﬁdem</strong></span> <span class='ocrx_word' id='word_1_155' title='bbox 2982 1131 3390 1212; x_wconf 79' lang='lat' dir='ltr'><strong>implorantes,</strong></span> <span class='ocrx_word' id='word_1_156' title='bbox 3424 1148 3589 1193; x_wconf 88' lang='lat' dir='ltr'><strong>asse-</strong></span> 
     </span>
    </p>
   </div>
   <div class='ocr_carea' id='block_1_24' title="bbox 1947 1220 3594 1302">
    <p class='ocr_par' dir='ltr' id='par_1_24' title="bbox 1947 1220 3594 1302">
     <span class='ocr_line' id='line_1_24' title="bbox 1947 1220 3594 1302; baseline -0.002 -19"><span class='ocrx_word' id='word_1_157' title='bbox 1947 1229 2083 1283; x_wconf 90' lang='lat' dir='ltr'><strong>runt</strong></span> <span class='ocrx_word' id='word_1_158' title='bbox 2121 1230 2397 1302; x_wconf 88' lang='lat' dir='ltr'><strong>parentes</strong></span> <span class='ocrx_word' id='word_1_159' title='bbox 2428 1240 2569 1282; x_wconf 83' lang='lat' dir='ltr'><strong>suos</strong></span> <span class='ocrx_word' id='word_1_160' title='bbox 2599 1220 2969 1299; x_wconf 82' lang='lat' dir='ltr'><strong>thologorum</strong></span> <span class='ocrx_word' id='word_1_161' title='bbox 2988 1222 3232 1283; x_wconf 90' lang='lat' dir='ltr'><strong>Patrum</strong></span> <span class='ocrx_word' id='word_1_162' title='bbox 3258 1228 3594 1282; x_wconf 88' lang='lat' dir='ltr'><strong>nostrorum</strong></span> 
     </span>
    </p>
   </div>
   <div class='ocr_carea' id='block_1_25' title="bbox 1947 1307 3590 1389">
    <p class='ocr_par' dir='ltr' id='par_1_25' title="bbox 1947 1307 3590 1389">
     <span class='ocr_line' id='line_1_25' title="bbox 1947 1307 3590 1389; baseline -0.003 -15"><span class='ocrx_word' id='word_1_163' title='bbox 1947 1312 2288 1374; x_wconf 85' lang='lat' dir='ltr'><strong>Graecorum</strong></span> <span class='ocrx_word' id='word_1_164' title='bbox 2315 1310 2561 1389; x_wconf 82' lang='lat' dir='ltr'><strong>vestigia</strong></span> <span class='ocrx_word' id='word_1_165' title='bbox 2590 1319 2827 1372; x_wconf 90' lang='lat' dir='ltr'><strong>secutos</strong></span> <span class='ocrx_word' id='word_1_166' title='bbox 2852 1310 2910 1371; x_wconf 89' lang='lat' dir='ltr'><strong>id</strong></span> <span class='ocrx_word' id='word_1_167' title='bbox 2945 1310 3315 1373; x_wconf 88' lang='lat' dir='ltr'><strong>enuntiasse.</strong></span> <span class='ocrx_word' id='word_1_168' title='bbox 3339 1307 3590 1381; x_wconf 86' lang='lat' dir='ltr'><strong>Quinam</strong></span> 
     </span>
    </p>
   </div>
   <div class='ocr_carea' id='block_1_26' title="bbox 1941 1398 3592 1479">
    <p class='ocr_par' dir='ltr' id='par_1_26' title="bbox 1941 1398 3592 1479">
     <span class='ocr_line' id='line_1_26' title="bbox 1941 1398 3592 1479; baseline 0 -20"><span class='ocrx_word' id='word_1_169' title='bbox 1941 1418 2078 1461; x_wconf 83' lang='lat' dir='ltr'><strong>vero</strong></span> <span class='ocrx_word' id='word_1_170' title='bbox 2100 1400 2159 1461; x_wconf 88' lang='lat' dir='ltr'><strong>hi</strong></span> <span class='ocrx_word' id='word_1_171' title='bbox 2186 1398 2365 1461; x_wconf 79' lang='lat' dir='ltr'><strong>sunt?</strong></span> <span class='ocrx_word' id='word_1_172' title='bbox 2386 1399 2886 1462; x_wconf 69' lang='lat' dir='ltr'><strong>Praaclarissimus</strong></span> <span class='ocrx_word' id='word_1_173' title='bbox 2917 1417 3280 1479; x_wconf 81' lang='lat' dir='ltr'><strong>magnusque</strong></span> <span class='ocrx_word' id='word_1_174' title='bbox 3315 1398 3592 1471; x_wconf 86' lang='lat' dir='ltr'><strong>Basilius,</strong></span> 
     </span>
    </p>
   </div>
   <div class='ocr_carea' id='block_1_27' title="bbox 1942 1486 3596 1569">
    <p class='ocr_par' dir='ltr' id='par_1_27' title="bbox 1942 1486 3596 1569">
     <span class='ocr_line' id='line_1_27' title="bbox 1942 1486 3596 1569; baseline -0.001 -19"><span class='ocrx_word' id='word_1_175' title='bbox 1942 1490 2222 1551; x_wconf 81' lang='lat' dir='ltr'><strong>excelsus</strong></span> <span class='ocrx_word' id='word_1_176' title='bbox 2239 1489 2870 1563; x_wconf 83' lang='lat' dir='ltr'><strong>Athanasius,divinus</strong></span> <span class='ocrx_word' id='word_1_177' title='bbox 2896 1489 3370 1569; x_wconf 69' lang='lat' dir='ltr'><strong>Chrysostomus,</strong></span> <span class='ocrx_word' id='word_1_178' title='bbox 3408 1486 3596 1549; x_wconf 77' lang='lat' dir='ltr'><strong>maxi-</strong></span> 
     </span>
    </p>
   </div>
   <div class='ocr_carea' id='block_1_28' title="bbox 213 1576 1872 1661">
    <p class='ocr_par' dir='ltr' id='par_1_28' title="bbox 213 1576 1854 1661">
     <span class='ocr_line' id='line_1_28' title="bbox 213 1576 1854 1661; baseline 0.001 -28"><span class='ocrx_word' id='word_1_179' title='bbox 213 1579 339 1635; x_wconf 84' lang='grc' dir='ltr'><strong>Θεόν</strong></span> <span class='ocrx_word' id='word_1_180' title='bbox 397 1576 895 1661; x_wconf 76' lang='grc' dir='ltr'>διαμαρτυράμενοι,</span> <span class='ocrx_word' id='word_1_181' title='bbox 952 1585 1027 1645; x_wconf 84' lang='grc' dir='ltr'>ὡς</span> <span class='ocrx_word' id='word_1_182' title='bbox 1096 1583 1143 1638; x_wconf 80' lang='grc' dir='ltr'>οἱ</span> <span class='ocrx_word' id='word_1_183' title='bbox 1202 1580 1428 1659; x_wconf 88' lang='grc' dir='ltr'>Πατέρες</span> <span class='ocrx_word' id='word_1_184' title='bbox 1485 1584 1656 1638; x_wconf 71' lang='grc' dir='ltr'>αὐτῶν</span> <span class='ocrx_word' id='word_1_185' title='bbox 1738 1591 1854 1643; x_wconf 72' lang='grc' dir='ltr'>τοῖς</span> 
     </span>
    </p>
   </div>
   <div class='ocr_carea' id='block_1_29' title="bbox 1956 1576 3596 1661">
    <p class='ocr_par' dir='ltr' id='par_1_29' title="bbox 1956 1576 3596 1660">
     <span class='ocr_line' id='line_1_29' title="bbox 1956 1576 3596 1660; baseline 0 -22"><span class='ocrx_word' id='word_1_186' title='bbox 1956 1596 2073 1638; x_wconf 88' lang='lat' dir='ltr'><strong>.nus</strong></span> <span class='ocrx_word' id='word_1_187' title='bbox 2096 1578 2369 1659; x_wconf 67' lang='lat' dir='ltr'><strong>Cyrilms,</strong></span> <span class='ocrx_word' id='word_1_188' title='bbox 2403 1588 2461 1641; x_wconf 94' lang='lat' dir='ltr'><strong>et</strong></span> <span class='ocrx_word' id='word_1_189' title='bbox 2496 1578 2597 1660; x_wconf 89' lang='lat' dir='ltr'><strong>qui</strong></span> <span class='ocrx_word' id='word_1_190' title='bbox 2628 1578 2944 1659; x_wconf 91' lang='lat' dir='ltr'><strong>plerasque</strong></span> <span class='ocrx_word' id='word_1_191' title='bbox 2974 1586 3034 1639; x_wconf 88' lang='lat' dir='ltr'><strong>et</strong></span> <span class='ocrx_word' id='word_1_192' title='bbox 3067 1576 3497 1659; x_wconf 89' lang='lat' dir='ltr'><strong>pulcherrimas</strong></span> <span class='ocrx_word' id='word_1_193' title='bbox 3520 1577 3596 1639; x_wconf 90' lang='lat' dir='ltr'><strong>de</strong></span> 
     </span>
    </p>
   </div>
   <div class='ocr_carea' id='block_1_30' title="bbox 210 1666 1872 1749">
    <p class='ocr_par' dir='ltr' id='par_1_30' title="bbox 210 1668 1858 1749">
     <span class='ocr_line' id='line_1_30' title="bbox 210 1668 1858 1749; baseline -0.001 -24"><span class='ocrx_word' id='word_1_194' title='bbox 210 1668 482 1745; x_wconf 71' lang='grc' dir='ltr'>θεολόγοις</span> <span class='ocrx_word' id='word_1_195' title='bbox 566 1671 832 1749; x_wconf 76' lang='grc' dir='ltr'>Πατρᾶσιν</span> <span class='ocrx_word' id='word_1_196' title='bbox 888 1672 1043 1746; x_wconf 77' lang='grc' dir='ltr'>ἡμῶν</span> <span class='ocrx_word' id='word_1_197' title='bbox 1124 1678 1231 1727; x_wconf 88' lang='grc' dir='ltr'><strong>τῶν</strong></span> <span class='ocrx_word' id='word_1_198' title='bbox 1327 1677 1565 1748; x_wconf 78' lang='grc' dir='ltr'>Γραικῶν</span> <span class='ocrx_word' id='word_1_199' title='bbox 1645 1669 1858 1731; x_wconf 75' lang='grc' dir='ltr'>τούτους</span> 
     </span>
    </p>
   </div>
   <div class='ocr_carea' id='block_1_31' title="bbox 1956 1666 3597 1749">
    <p class='ocr_par' dir='ltr' id='par_1_31' title="bbox 1956 1666 3597 1749">
     <span class='ocr_line' id='line_1_31' title="bbox 1956 1666 3597 1749; baseline -0.001 -20"><span class='ocrx_word' id='word_1_200' title='bbox 1956 1667 2186 1748; x_wconf 79' lang='lat' dir='ltr'><strong>Spiritu,</strong></span> <span class='ocrx_word' id='word_1_201' title='bbox 2244 1667 2534 1741; x_wconf 89' lang='lat' dir='ltr'><strong>oratione,</strong></span> <span class='ocrx_word' id='word_1_202' title='bbox 2597 1667 2891 1749; x_wconf 82' lang='lat' dir='ltr'><strong>Ancyroto</strong></span> <span class='ocrx_word' id='word_1_203' title='bbox 2946 1666 3126 1742; x_wconf 90' lang='lat' dir='ltr'><strong>dicta,</strong></span> <span class='ocrx_word' id='word_1_204' title='bbox 3158 1666 3597 1748; x_wconf 87' lang='lat' dir='ltr'><strong>speculationes</strong></span> 
     </span>
    </p>
   </div>
   <div class='ocr_carea' id='block_1_32' title="bbox 210 1754 1872 1838">
    <p class='ocr_par' dir='ltr' id='par_1_32' title="bbox 210 1757 1860 1838">
     <span class='ocr_line' id='line_1_32' title="bbox 210 1757 1860 1838; baseline -0.001 -24"><span class='ocrx_word' id='word_1_205' title='bbox 210 1759 764 1829; x_wconf 71' lang='grc' dir='ltr'>καθικολουθήσαντες</span> <span class='ocrx_word' id='word_1_206' title='bbox 823 1761 1060 1838; x_wconf 76' lang='grc' dir='ltr'>εἰρήκασι</span> <span class='ocrx_word' id='word_1_207' title='bbox 1140 1766 1314 1815; x_wconf 82' lang='grc' dir='ltr'>τοῦτο.</span> <span class='ocrx_word' id='word_1_208' title='bbox 1409 1760 1562 1823; x_wconf 85' lang='grc' dir='ltr'>Τίνας</span> <span class='ocrx_word' id='word_1_209' title='bbox 1619 1757 1860 1837; x_wconf 86' lang='grc' dir='ltr'>λέγοντες</span> 
     </span>
    </p>
   </div>
   <div class='ocr_carea' id='block_1_33' title="bbox 1956 1754 3591 1838">
    <p class='ocr_par' dir='ltr' id='par_1_33' title="bbox 1956 1754 3591 1838">
     <span class='ocr_line' id='line_1_33' title="bbox 1956 1754 3591 1838; baseline -0.002 -21"><span class='ocrx_word' id='word_1_210' title='bbox 1956 1755 2208 1830; x_wconf 73' lang='lat' dir='ltr'><strong>tradidit,</strong></span> <span class='ocrx_word' id='word_1_211' title='bbox 2270 1756 2777 1838; x_wconf 86' lang='lat' dir='ltr'><strong>speculationibus</strong></span> <span class='ocrx_word' id='word_1_212' title='bbox 2829 1756 3173 1837; x_wconf 86' lang='lat' dir='ltr'><strong>aptissimus</strong></span> <span class='ocrx_word' id='word_1_213' title='bbox 3202 1754 3591 1836; x_wconf 86' lang='lat' dir='ltr'><strong>Epiphanius.</strong></span> 
     </span>
    </p>
   </div>
   <div class='ocr_carea' id='block_1_34' title="bbox 212 1844 3588 1928">
    <p class='ocr_par' dir='ltr' id='par_1_34' title="bbox 212 1844 3588 1928">
     <span class='ocr_line' id='line_1_34' title="bbox 212 1844 3588 1928; baseline -0.001 -25"><span class='ocrx_word' id='word_1_214' title='bbox 212 1847 429 1910; x_wconf 75' lang='grc' dir='ltr'>τούτους</span> <span class='ocrx_word' id='word_1_215' title='bbox 465 1866 482 1920; x_wconf 87' lang='lat'><strong>;</strong></span> <span class='ocrx_word' id='word_1_216' title='bbox 508 1850 611 1905; x_wconf 79' lang='grc' dir='ltr'><strong>Τὸν</strong></span> <span class='ocrx_word' id='word_1_217' title='bbox 640 1847 806 1905; x_wconf 79' lang='grc' dir='ltr'>πολὺν</span> <span class='ocrx_word' id='word_1_218' title='bbox 835 1851 922 1906; x_wconf 87' lang='grc' dir='ltr'><strong>καὶ</strong></span> <span class='ocrx_word' id='word_1_219' title='bbox 952 1849 1118 1928; x_wconf 83' lang='grc' dir='ltr'>μέγαν</span> <span class='ocrx_word' id='word_1_220' title='bbox 1149 1847 1445 1922; x_wconf 75' lang='grc' dir='ltr'>Βασίλειον,</span> <span class='ocrx_word' id='word_1_221' title='bbox 1477 1853 1569 1906; x_wconf 77' lang='grc' dir='ltr'>τὸν</span> <span class='ocrx_word' id='word_1_222' title='bbox 1598 1846 1805 1923; x_wconf 75' lang='grc' dir='ltr'>ὑψηλὸν</span> <span class='ocrx_word' id='word_1_223' title='bbox 1834 1844 2163 1926; x_wconf 80' lang='grc' dir='ltr'>Ἀθανάσιον,</span> <span class='ocrx_word' id='word_1_224' title='bbox 2196 1849 2287 1903; x_wconf 75' lang='grc' dir='ltr'><strong>τὸν</strong></span> <span class='ocrx_word' id='word_1_225' title='bbox 2314 1852 2458 1904; x_wconf 79' lang='grc' dir='ltr'>θεῖον</span> <span class='ocrx_word' id='word_1_226' title='bbox 2488 1847 2879 1927; x_wconf 68' lang='grc' dir='ltr'>Χρυσόστομον,</span> <span class='ocrx_word' id='word_1_227' title='bbox 2912 1849 3003 1902; x_wconf 71' lang='grc' dir='ltr'>τὸν</span> <span class='ocrx_word' id='word_1_228' title='bbox 3033 1846 3279 1923; x_wconf 79' lang='grc' dir='ltr'>μέγιστον</span> <span class='ocrx_word' id='word_1_229' title='bbox 3317 1844 3588 1924; x_wconf 79' lang='grc' dir='ltr'>Κύριλλον,</span> 
     </span>
    </p>
   </div>
   <div class='ocr_carea' id='block_1_35' title="bbox 214 1933 3597 2017">
    <p class='ocr_par' dir='ltr' id='par_1_35' title="bbox 214 1933 3597 2017">
     <span class='ocr_line' id='line_1_35' title="bbox 214 1933 3597 2017; baseline -0.001 -26"><span class='ocrx_word' id='word_1_230' title='bbox 214 1936 299 1991; x_wconf 83' lang='grc' dir='ltr'><strong>καὶ</strong></span> <span class='ocrx_word' id='word_1_231' title='bbox 342 1936 440 1992; x_wconf 82' lang='grc' dir='ltr'><strong>τὸν</strong></span> <span class='ocrx_word' id='word_1_232' title='bbox 503 1935 680 1993; x_wconf 82' lang='grc' dir='ltr'>πολλὰ</span> <span class='ocrx_word' id='word_1_233' title='bbox 746 1940 834 1995; x_wconf 84' lang='grc' dir='ltr'><strong>καὶ</strong></span> <span class='ocrx_word' id='word_1_234' title='bbox 888 1938 1148 1996; x_wconf 75' lang='grc' dir='ltr'>κάλλιστα</span> <span class='ocrx_word' id='word_1_235' title='bbox 1189 1937 1584 2017; x_wconf 80' lang='grc' dir='ltr'>θεολογήσαντα</span> <span class='ocrx_word' id='word_1_236' title='bbox 1638 1938 1756 2016; x_wconf 87' lang='grc' dir='ltr'>περὶ</span> <span class='ocrx_word' id='word_1_237' title='bbox 1798 1938 1889 1993; x_wconf 81' lang='grc' dir='ltr'>τοῦ</span> <span class='ocrx_word' id='word_1_238' title='bbox 1946 1937 2250 2012; x_wconf 80' lang='grc' dir='ltr'>Πνεύματος</span> <span class='ocrx_word' id='word_1_239' title='bbox 2308 1937 2362 1991; x_wconf 81' lang='grc' dir='ltr'><strong>ἐν</strong></span> <span class='ocrx_word' id='word_1_240' title='bbox 2403 1936 2479 2011; x_wconf 76' lang='grc' dir='ltr'>τῷ</span> <span class='ocrx_word' id='word_1_241' title='bbox 2536 1934 2680 2013; x_wconf 84' lang='grc' dir='ltr'>λόγῳ</span> <span class='ocrx_word' id='word_1_242' title='bbox 2746 1942 2824 2009; x_wconf 84' lang='grc' dir='ltr'>τῷ</span> <span class='ocrx_word' id='word_1_243' title='bbox 2898 1933 3206 2008; x_wconf 61' lang='grc' dir='ltr'>καλουμένῳ</span> <span class='ocrx_word' id='word_1_244' title='bbox 3274 1934 3597 2013; x_wconf 80' lang='grc' dir='ltr'>Ἀγκυρωτῷ</span> 
     </span>
    </p>
   </div>
   <div class='ocr_carea' id='block_1_36' title="bbox 211 2025 1062 2108">
    <p class='ocr_par' dir='ltr' id='par_1_36' title="bbox 211 2025 1062 2108">
     <span class='ocr_line' id='line_1_36' title="bbox 211 2025 1062 2108; baseline 0.002 -28"><span class='ocrx_word' id='word_1_245' title='bbox 211 2025 685 2108; x_wconf 81' lang='grc' dir='ltr'>θεωρητικώτατον</span> <span class='ocrx_word' id='word_1_246' title='bbox 730 2025 1062 2108; x_wconf 71' lang='grc' dir='ltr'>Ἐπιιρᾶνιον,</span> 
     </span>
    </p>
   </div>
   <div class='ocr_carea' id='block_1_37' title="bbox 289 2103 1872 2195">
    <p class='ocr_par' dir='ltr' id='par_1_37' title="bbox 289 2103 1856 2195">
     <span class='ocr_line' id='line_1_37' title="bbox 289 2103 1856 2195; baseline -0.001 -23"><span class='ocrx_word' id='word_1_247' title='bbox 289 2103 397 2184; x_wconf 68' lang='grc' dir='ltr'><strong>κζ’.</strong></span> <span class='ocrx_word' id='word_1_248' title='bbox 448 2115 606 2193; x_wconf 79' lang='grc' dir='ltr'><strong>Τάχα</strong></span> <span class='ocrx_word' id='word_1_249' title='bbox 649 2112 704 2170; x_wconf 75' lang='grc' dir='ltr'><strong>δὲ</strong></span> <span class='ocrx_word' id='word_1_250' title='bbox 775 2103 881 2172; x_wconf 66' lang='grc' dir='ltr'><strong>οὐκ</strong></span> <span class='ocrx_word' id='word_1_251' title='bbox 930 2115 1127 2189; x_wconf 77' lang='grc' dir='ltr'>ἀπᾷδον</span> <span class='ocrx_word' id='word_1_252' title='bbox 1181 2125 1258 2193; x_wconf 84' lang='grc' dir='ltr'>τῷ</span> <span class='ocrx_word' id='word_1_253' title='bbox 1315 2120 1408 2174; x_wconf 72' lang='grc' dir='ltr'>τοῦ</span> <span class='ocrx_word' id='word_1_254' title='bbox 1461 2116 1621 2195; x_wconf 77' lang='grc' dir='ltr'>λόγου</span> <span class='ocrx_word' id='word_1_255' title='bbox 1650 2121 1856 2194; x_wconf 83' lang='grc' dir='ltr'>σκοπῷ,</span> 
     </span>
    </p>
   </div>
   <div class='ocr_carea' id='block_1_38' title="bbox 1956 2103 3593 2195">
    <p class='ocr_par' dir='ltr' id='par_1_38' title="bbox 2023 2109 3593 2191">
     <span class='ocr_line' id='line_1_38' title="bbox 2023 2109 3593 2191; baseline 0 -20"><span class='ocrx_word' id='word_1_256' title='bbox 2023 2112 2308 2177; x_wconf 70' lang='lat' dir='ltr'><strong>27.Forte</strong></span> <span class='ocrx_word' id='word_1_257' title='bbox 2321 2130 2459 2174; x_wconf 82' lang='lat' dir='ltr'><strong>vero</strong></span> <span class='ocrx_word' id='word_1_258' title='bbox 2476 2131 2594 2173; x_wconf 89' lang='lat' dir='ltr'><strong>non</strong></span> <span class='ocrx_word' id='word_1_259' title='bbox 2617 2114 2693 2174; x_wconf 91' lang='lat' dir='ltr'><strong>ab</strong></span> <span class='ocrx_word' id='word_1_260' title='bbox 2718 2110 3002 2174; x_wconf 88' lang='lat' dir='ltr'><strong>orationis</strong></span> <span class='ocrx_word' id='word_1_261' title='bbox 3026 2128 3204 2191; x_wconf 92' lang='lat' dir='ltr'><strong>scopo</strong></span> <span class='ocrx_word' id='word_1_262' title='bbox 3217 2109 3593 2184; x_wconf 86' lang='lat' dir='ltr'><strong>aberravero,</strong></span> 
     </span>
    </p>
   </div>
   <div class='ocr_carea' id='block_1_39' title="bbox 214 2198 1872 2286">
    <p class='ocr_par' dir='ltr' id='par_1_39' title="bbox 214 2203 1867 2286">
     <span class='ocr_line' id='line_1_39' title="bbox 214 2203 1867 2286; baseline 0.002 -28"><span class='ocrx_word' id='word_1_263' title='bbox 214 2204 296 2258; x_wconf 76' lang='grc' dir='ltr'><strong>καὶ</strong></span> <span class='ocrx_word' id='word_1_264' title='bbox 339 2205 526 2282; x_wconf 66' lang='grc' dir='ltr'>ῥήσεις</span> <span class='ocrx_word' id='word_1_265' title='bbox 560 2203 731 2260; x_wconf 71' lang='grc' dir='ltr'>αὒτῶν</span> <span class='ocrx_word' id='word_1_266' title='bbox 789 2207 885 2270; x_wconf 77' lang='grc' dir='ltr'><strong>τὰς</strong></span> <span class='ocrx_word' id='word_1_267' title='bbox 940 2204 1202 2284; x_wconf 79' lang='grc' dir='ltr'>ἀριδήλως</span> <span class='ocrx_word' id='word_1_268' title='bbox 1271 2205 1639 2286; x_wconf 81' lang='grc' dir='ltr'>διατρανούσας</span> <span class='ocrx_word' id='word_1_269' title='bbox 1695 2205 1867 2282; x_wconf 75' lang='grc' dir='ltr'>ὑπάρ-</span> 
     </span>
    </p>
   </div>
   <div class='ocr_carea' id='block_1_40' title="bbox 1956 2198 3593 2286">
    <p class='ocr_par' dir='ltr' id='par_1_40' title="bbox 1956 2198 3593 2281">
     <span class='ocr_line' id='line_1_40' title="bbox 1956 2198 3593 2281; baseline -0.002 -19"><span class='ocrx_word' id='word_1_270' title='bbox 1956 2200 1999 2262; x_wconf 89' lang='lat' dir='ltr'><strong>si</strong></span> <span class='ocrx_word' id='word_1_271' title='bbox 2033 2201 2381 2264; x_wconf 80' lang='lat' dir='ltr'><strong>earumdem</strong></span> <span class='ocrx_word' id='word_1_272' title='bbox 2414 2202 2573 2263; x_wconf 87' lang='lat' dir='ltr'><strong>dicta</strong></span> <span class='ocrx_word' id='word_1_273' title='bbox 2606 2201 2797 2280; x_wconf 77' lang='lat' dir='ltr'><strong>palam</strong></span> <span class='ocrx_word' id='word_1_274' title='bbox 2830 2199 3293 2271; x_wconf 90' lang='lat' dir='ltr'><strong>edicentia,esse</strong></span> <span class='ocrx_word' id='word_1_275' title='bbox 3308 2198 3593 2281; x_wconf 89' lang='lat' dir='ltr'><strong>Spiritum</strong></span> 
     </span>
    </p>
   </div>
   <div class='ocr_carea' id='block_1_41' title="bbox 215 2287 1872 2376">
    <p class='ocr_par' dir='ltr' id='par_1_41' title="bbox 215 2291 1868 2376">
     <span class='ocr_line' id='line_1_41' title="bbox 215 2291 1868 2376; baseline 0.002 -30"><span class='ocrx_word' id='word_1_276' title='bbox 215 2314 339 2371; x_wconf 81' lang='grc' dir='ltr'>χειν</span> <span class='ocrx_word' id='word_1_277' title='bbox 382 2295 447 2348; x_wconf 84' lang='grc' dir='ltr'>τὸ</span> <span class='ocrx_word' id='word_1_278' title='bbox 496 2299 711 2368; x_wconf 79' lang='grc' dir='ltr'>Πνεῦμα</span> <span class='ocrx_word' id='word_1_279' title='bbox 739 2296 827 2350; x_wconf 82' lang='grc' dir='ltr'><strong>καὶ</strong></span> <span class='ocrx_word' id='word_1_280' title='bbox 883 2294 945 2354; x_wconf 82' lang='grc' dir='ltr'><strong>ἐκ</strong></span> <span class='ocrx_word' id='word_1_281' title='bbox 983 2306 1076 2354; x_wconf 79' lang='grc' dir='ltr'><strong>τοῦ</strong></span> <span class='ocrx_word' id='word_1_282' title='bbox 1104 2298 1223 2352; x_wconf 72' lang='lat' dir='ltr'><strong>rio-3</strong></span> <span class='ocrx_word' id='word_1_283' title='bbox 1279 2296 1707 2376; x_wconf 74' lang='grc' dir='ltr'>ἐγκαταστρῶσαι</span> <span class='ocrx_word' id='word_1_284' title='bbox 1734 2291 1868 2369; x_wconf 81' lang='grc' dir='ltr'>τῷδε</span> 
     </span>
    </p>
   </div>
   <div class='ocr_carea' id='block_1_42' title="bbox 1956 2287 3593 2376">
    <p class='ocr_par' dir='ltr' id='par_1_42' title="bbox 1956 2287 3593 2369">
     <span class='ocr_line' id='line_1_42' title="bbox 1956 2287 3593 2369; baseline -0.002 -18"><span class='ocrx_word' id='word_1_285' title='bbox 1956 2299 2005 2352; x_wconf 84' lang='lat' dir='ltr'><strong>et</strong></span> <span class='ocrx_word' id='word_1_286' title='bbox 2035 2310 2105 2353; x_wconf 85' lang='lat' dir='ltr'><strong>ex</strong></span> <span class='ocrx_word' id='word_1_287' title='bbox 2130 2291 2303 2366; x_wconf 88' lang='lat' dir='ltr'><strong>Filio,</strong></span> <span class='ocrx_word' id='word_1_288' title='bbox 2340 2291 2401 2352; x_wconf 89' lang='lat' dir='ltr'><strong>in</strong></span> <span class='ocrx_word' id='word_1_289' title='bbox 2434 2294 2543 2351; x_wconf 86' lang='lat' dir='ltr'><strong>hoc</strong></span> <span class='ocrx_word' id='word_1_290' title='bbox 2574 2289 3015 2353; x_wconf 85' lang='lat' dir='ltr'><strong>Commentario</strong></span> <span class='ocrx_word' id='word_1_291' title='bbox 3046 2287 3364 2369; x_wconf 91' lang='lat' dir='ltr'><strong>ipsissimis</strong></span> <span class='ocrx_word' id='word_1_292' title='bbox 3387 2306 3593 2350; x_wconf 87' lang='lat' dir='ltr'><strong>eorum</strong></span> 
     </span>
    </p>
   </div>
   <div class='ocr_carea' id='block_1_43' title="bbox 214 2377 1872 2464">
    <p class='ocr_par' dir='ltr' id='par_1_43' title="bbox 214 2380 1869 2464">
     <span class='ocr_line' id='line_1_43' title="bbox 214 2380 1869 2464; baseline 0 -25"><span class='ocrx_word' id='word_1_293' title='bbox 214 2390 288 2456; x_wconf 81' lang='grc' dir='ltr'>τῷ</span> <span class='ocrx_word' id='word_1_294' title='bbox 318 2380 492 2459; x_wconf 82' lang='grc' dir='ltr'>λόγῳ,</span> <span class='ocrx_word' id='word_1_295' title='bbox 523 2385 597 2447; x_wconf 85' lang='grc' dir='ltr'>ὡς</span> <span class='ocrx_word' id='word_1_296' title='bbox 626 2384 714 2439; x_wconf 69' lang='grc' dir='ltr'><strong>ἐπὶ</strong></span> <span class='ocrx_word' id='word_1_297' title='bbox 743 2382 933 2449; x_wconf 80' lang='grc' dir='ltr'>λέξεων</span> <span class='ocrx_word' id='word_1_298' title='bbox 978 2384 1214 2464; x_wconf 84' lang='grc' dir='ltr'>ἔχουσιν,</span> <span class='ocrx_word' id='word_1_299' title='bbox 1276 2389 1304 2442; x_wconf 97' lang='lat'><strong>6</strong></span> <span class='ocrx_word' id='word_1_300' title='bbox 1347 2383 1411 2453; x_wconf 77' lang='grc' dir='ltr'>δὴ</span> <span class='ocrx_word' id='word_1_301' title='bbox 1469 2408 1559 2460; x_wconf 90' lang='grc' dir='ltr'><strong>μοι</strong></span> <span class='ocrx_word' id='word_1_302' title='bbox 1616 2386 1704 2441; x_wconf 85' lang='grc' dir='ltr'><strong>καὶ</strong></span> <span class='ocrx_word' id='word_1_303' title='bbox 1733 2383 1869 2460; x_wconf 90' lang='grc' dir='ltr'>γίνε-</span> 
     </span>
    </p>
   </div>
   <div class='ocr_carea' id='block_1_44' title="bbox 1956 2377 3597 2464">
    <p class='ocr_par' dir='ltr' id='par_1_44' title="bbox 1956 2377 3597 2462">
     <span class='ocr_line' id='line_1_44' title="bbox 1956 2377 3597 2462; baseline -0.003 -21"><span class='ocrx_word' id='word_1_304' title='bbox 1956 2380 2146 2443; x_wconf 83' lang='lat' dir='ltr'><strong>verbis</strong></span> <span class='ocrx_word' id='word_1_305' title='bbox 2176 2399 2495 2462; x_wconf 88' lang='lat' dir='ltr'><strong>apponam,</strong></span> <span class='ocrx_word' id='word_1_306' title='bbox 2531 2379 2688 2461; x_wconf 89' lang='lat' dir='ltr'><strong>quod</strong></span> <span class='ocrx_word' id='word_1_307' title='bbox 2719 2388 2983 2440; x_wconf 90' lang='lat' dir='ltr'><strong>actutum</strong></span> <span class='ocrx_word' id='word_1_308' title='bbox 3014 2395 3326 2459; x_wconf 87' lang='lat' dir='ltr'><strong>exsequor.</strong></span> <span class='ocrx_word' id='word_1_309' title='bbox 3363 2377 3597 2439; x_wconf 83' lang='lat' dir='ltr'><strong>Primus</strong></span> 
     </span>
    </p>
   </div>
   <div class='ocr_carea' id='block_1_45' title="bbox 215 2467 1872 2551">
    <p class='ocr_par' dir='ltr' id='par_1_45' title="bbox 215 2470 1868 2551">
     <span class='ocr_line' id='line_1_45' title="bbox 215 2470 1868 2551; baseline 0.002 -26"><span class='ocrx_word' id='word_1_310' title='bbox 215 2492 321 2532; x_wconf 87' lang='grc' dir='ltr'>ται,</span> <span class='ocrx_word' id='word_1_311' title='bbox 386 2470 586 2528; x_wconf 52' lang='lat' dir='ltr'><strong>mea:</strong></span> <span class='ocrx_word' id='word_1_312' title='bbox 629 2472 657 2526; x_wconf 85' lang='lat'><strong>6</strong></span> <span class='ocrx_word' id='word_1_313' title='bbox 701 2470 872 2550; x_wconf 82' lang='grc' dir='ltr'>μέγας</span> <span class='ocrx_word' id='word_1_314' title='bbox 943 2472 1211 2538; x_wconf 86' lang='grc' dir='ltr'>Βασίλειος</span> <span class='ocrx_word' id='word_1_315' title='bbox 1268 2474 1320 2531; x_wconf 85' lang='grc' dir='ltr'>έν</span> <span class='ocrx_word' id='word_1_316' title='bbox 1398 2478 1474 2546; x_wconf 83' lang='grc' dir='ltr'>τῷ</span> <span class='ocrx_word' id='word_1_317' title='bbox 1546 2494 1707 2551; x_wconf 87' lang='grc' dir='ltr'>τριτῳ</span> <span class='ocrx_word' id='word_1_318' title='bbox 1762 2478 1868 2529; x_wconf 90' lang='grc' dir='ltr'><strong>τῶν</strong></span> 
     </span>
    </p>
   </div>
   <div class='ocr_carea' id='block_1_46' title="bbox 1956 2467 3596 2551">
    <p class='ocr_par' dir='ltr' id='par_1_46' title="bbox 1956 2467 3596 2537">
     <span class='ocr_line' id='line_1_46' title="bbox 1956 2467 3596 2537; baseline -0.005 -4"><span class='ocrx_word' id='word_1_319' title='bbox 1956 2481 2190 2533; x_wconf 89' lang='lat' dir='ltr'><strong>sanctus</strong></span> <span class='ocrx_word' id='word_1_320' title='bbox 2221 2470 2475 2531; x_wconf 89' lang='lat' dir='ltr'><strong>Basilius</strong></span> <span class='ocrx_word' id='word_1_321' title='bbox 2526 2468 2797 2530; x_wconf 90' lang='lat' dir='ltr'><strong>oratione</strong></span> <span class='ocrx_word' id='word_1_322' title='bbox 2840 2467 3039 2537; x_wconf 86' lang='lat' dir='ltr'><strong>tertia,</strong></span> <span class='ocrx_word' id='word_1_323' title='bbox 3074 2467 3358 2528; x_wconf 84' lang='lat' dir='ltr'><strong>adversus</strong></span> <span class='ocrx_word' id='word_1_324' title='bbox 3388 2467 3596 2529; x_wconf 89' lang='lat' dir='ltr'><strong>Euno-</strong></span> 
     </span>
    </p>
   </div>
   <div class='ocr_carea' id='block_1_47' title="bbox 213 2554 1872 2641">
    <p class='ocr_par' dir='ltr' id='par_1_47' title="bbox 213 2558 1868 2641">
     <span class='ocr_line' id='line_1_47' title="bbox 213 2558 1868 2641; baseline 0.004 -27"><span class='ocrx_word' id='word_1_325' title='bbox 213 2560 344 2637; x_wconf 78' lang='grc' dir='ltr'>πρὸς</span> <span class='ocrx_word' id='word_1_326' title='bbox 404 2558 668 2633; x_wconf 75' lang='grc' dir='ltr'>Εὖνόμιον</span> <span class='ocrx_word' id='word_1_327' title='bbox 725 2559 1156 2641; x_wconf 66' lang='grc' dir='ltr'>Ἀντιρῤητικῶν,</span> <span class='ocrx_word' id='word_1_328' title='bbox 1188 2565 1248 2619; x_wconf 81' lang='grc' dir='ltr'>οὗ</span> <span class='ocrx_word' id='word_1_329' title='bbox 1276 2564 1310 2630; x_wconf 74' lang='grc' dir='ltr'><strong>ἡ</strong></span> <span class='ocrx_word' id='word_1_330' title='bbox 1381 2561 1551 2641; x_wconf 73' lang='grc' dir='ltr'>ἀρχὴ,</span> <span class='ocrx_word' id='word_1_331' title='bbox 1621 2583 1642 2617; x_wconf 76' lang='grc' dir='ltr'><strong>ε</strong></span> <span class='ocrx_word' id='word_1_332' title='bbox 1702 2558 1868 2621; x_wconf 77' lang='grc' dir='ltr'>Μόλις</span> 
     </span>
    </p>
   </div>
   <div class='ocr_carea' id='block_1_48' title="bbox 1956 2554 3596 2641">
    <p class='ocr_par' dir='ltr' id='par_1_48' title="bbox 1956 2554 3596 2638">
     <span class='ocr_line' id='line_1_48' title="bbox 1956 2554 3596 2638; baseline -0.003 -18"><span class='ocrx_word' id='word_1_333' title='bbox 1956 2560 2136 2620; x_wconf 91' lang='lat' dir='ltr'><strong>mium</strong></span> <span class='ocrx_word' id='word_1_334' title='bbox 2169 2558 2594 2633; x_wconf 87' lang='lat' dir='ltr'><strong>Antirrhetica,</strong></span> <span class='ocrx_word' id='word_1_335' title='bbox 2630 2557 2800 2636; x_wconf 82' lang='lat' dir='ltr'><strong>cujus</strong></span> <span class='ocrx_word' id='word_1_336' title='bbox 2834 2556 3217 2638; x_wconf 86' lang='lat' dir='ltr'><strong>principium,</strong></span> <span class='ocrx_word' id='word_1_337' title='bbox 3259 2579 3284 2611; x_wconf 78' lang='grc' dir='ltr'><strong>α</strong></span> <span class='ocrx_word' id='word_1_338' title='bbox 3320 2554 3428 2617; x_wconf 84' lang='lat' dir='ltr'><strong>Vix</strong></span> <span class='ocrx_word' id='word_1_339' title='bbox 3462 2563 3596 2616; x_wconf 89' lang='lat' dir='ltr'><strong>tan-</strong></span> 
     </span>
    </p>
   </div>
   <div class='ocr_carea' id='block_1_49' title="bbox 212 2643 1872 2731">
    <p class='ocr_par' dir='ltr' id='par_1_49' title="bbox 212 2648 1863 2731">
     <span class='ocr_line' id='line_1_49' title="bbox 212 2648 1863 2731; baseline 0.002 -27"><span class='ocrx_word' id='word_1_340' title='bbox 212 2648 343 2704; x_wconf 71' lang='grc' dir='ltr'>ποτὲ</span> <span class='ocrx_word' id='word_1_341' title='bbox 373 2649 639 2725; x_wconf 81' lang='grc' dir='ltr'>κορεσθεὶς</span> <span class='ocrx_word' id='word_1_342' title='bbox 676 2649 774 2705; x_wconf 81' lang='grc' dir='ltr'><strong>τῶν</strong></span> <span class='ocrx_word' id='word_1_343' title='bbox 831 2651 905 2713; x_wconf 85' lang='grc' dir='ltr'><strong>εὶς</strong></span> <span class='ocrx_word' id='word_1_344' title='bbox 947 2652 1038 2707; x_wconf 83' lang='grc' dir='ltr'>τὸν</span> <span class='ocrx_word' id='word_1_345' title='bbox 1094 2657 1367 2729; x_wconf 72' lang='grc' dir='ltr'>Μονογενῆ</span> <span class='ocrx_word' id='word_1_346' title='bbox 1419 2650 1801 2731; x_wconf 71' lang='grc' dir='ltr'>βλασφημιῶν,</span> <span class='ocrx_word' id='word_1_347' title='bbox 1833 2667 1863 2708; x_wconf 81' lang='lat'><strong>)</strong></span> 
     </span>
    </p>
   </div>
   <div class='ocr_carea' id='block_1_50' title="bbox 1956 2643 3599 2731">
    <p class='ocr_par' dir='ltr' id='par_1_50' title="bbox 1956 2643 3599 2729">
     <span class='ocr_line' id='line_1_50' title="bbox 1956 2643 3599 2729; baseline -0.003 -20"><span class='ocrx_word' id='word_1_348' title='bbox 1956 2648 2086 2711; x_wconf 92' lang='lat' dir='ltr'><strong>dem</strong></span> <span class='ocrx_word' id='word_1_349' title='bbox 2120 2648 2437 2729; x_wconf 87' lang='lat' dir='ltr'><strong>aliquando</strong></span> <span class='ocrx_word' id='word_1_350' title='bbox 2473 2654 2842 2709; x_wconf 86' lang='lat' dir='ltr'><strong>exsaturatus</strong></span> <span class='ocrx_word' id='word_1_351' title='bbox 2883 2645 2941 2708; x_wconf 88' lang='lat' dir='ltr'><strong>in</strong></span> <span class='ocrx_word' id='word_1_352' title='bbox 2974 2644 3358 2722; x_wconf 81' lang='lat' dir='ltr'><strong>Unigenitum</strong></span> <span class='ocrx_word' id='word_1_353' title='bbox 3396 2643 3599 2706; x_wconf 79' lang='lat' dir='ltr'><strong>eﬂ‘usis</strong></span> 
     </span>
    </p>
   </div>
   <div class='ocr_carea' id='block_1_51' title="bbox 213 2734 1872 2819">
    <p class='ocr_par' dir='ltr' id='par_1_51' title="bbox 213 2738 1868 2819">
     <span class='ocr_line' id='line_1_51' title="bbox 213 2738 1868 2819; baseline 0.001 -27"><span class='ocrx_word' id='word_1_354' title='bbox 213 2738 344 2815; x_wconf 66' lang='grc' dir='ltr'><strong>φησί</strong></span> <span class='ocrx_word' id='word_1_355' title='bbox 376 2753 391 2766; x_wconf 87' lang='grc'><em>’</em></span> <span class='ocrx_word' id='word_1_356' title='bbox 468 2760 497 2792; x_wconf 80' lang='grc' dir='ltr'>ι</span> <span class='ocrx_word' id='word_1_357' title='bbox 557 2738 646 2800; x_wconf 81' lang='grc' dir='ltr'><strong>Τίς</strong></span> <span class='ocrx_word' id='word_1_358' title='bbox 705 2738 804 2817; x_wconf 83' lang='grc' dir='ltr'>γὰρ</span> <span class='ocrx_word' id='word_1_359' title='bbox 847 2739 1079 2819; x_wconf 77' lang='grc' dir='ltr'>ἀνάγκη,</span> <span class='ocrx_word' id='word_1_360' title='bbox 1125 2743 1168 2796; x_wconf 78' lang='grc' dir='ltr'>εἰ</span> <span class='ocrx_word' id='word_1_361' title='bbox 1210 2748 1286 2815; x_wconf 83' lang='grc' dir='ltr'>τῷ</span> <span class='ocrx_word' id='word_1_362' title='bbox 1328 2738 1585 2816; x_wconf 77' lang='grc' dir='ltr'>ἀξιώματι</span> <span class='ocrx_word' id='word_1_363' title='bbox 1643 2741 1730 2795; x_wconf 83' lang='grc' dir='ltr'><strong>καὶ</strong></span> <span class='ocrx_word' id='word_1_364' title='bbox 1799 2745 1868 2815; x_wconf 76' lang='grc' dir='ltr'>τῇ</span> 
     </span>
    </p>
   </div>
   <div class='ocr_carea' id='block_1_52' title="bbox 1956 2734 3595 2819">
    <p class='ocr_par' dir='ltr' id='par_1_52' title="bbox 1956 2734 3595 2818">
     <span class='ocr_line' id='line_1_52' title="bbox 1956 2734 3595 2818; baseline -0.002 -20"><span class='ocrx_word' id='word_1_365' title='bbox 1956 2735 2367 2818; x_wconf 87' lang='lat' dir='ltr'><strong>blasphemiis,</strong></span> <span class='ocrx_word' id='word_1_366' title='bbox 2404 2762 2431 2793; x_wconf 78' lang='grc'><strong>»</strong></span> <span class='ocrx_word' id='word_1_367' title='bbox 2468 2735 2613 2798; x_wconf 91' lang='lat' dir='ltr'><strong>dicit</strong></span> <span class='ocrx_word' id='word_1_368' title='bbox 2646 2756 2659 2797; x_wconf 90' lang='lat'><strong>:</strong></span> <span class='ocrx_word' id='word_1_369' title='bbox 2707 2760 2730 2793; x_wconf 76' lang='grc' dir='ltr'>α</span> <span class='ocrx_word' id='word_1_370' title='bbox 2767 2734 2908 2807; x_wconf 73' lang='lat' dir='ltr'><strong>Quae</strong></span> <span class='ocrx_word' id='word_1_371' title='bbox 2939 2735 3098 2797; x_wconf 90' lang='lat' dir='ltr'><strong>enim</strong></span> <span class='ocrx_word' id='word_1_372' title='bbox 3125 2735 3452 2798; x_wconf 89' lang='lat' dir='ltr'><strong>necessitas</strong></span> <span class='ocrx_word' id='word_1_373' title='bbox 3483 2743 3595 2809; x_wconf 90' lang='lat' dir='ltr'><strong>est,</strong></span> 
     </span>
    </p>
   </div>
   <div class='ocr_carea' id='block_1_53' title="bbox 214 2821 1872 2909">
    <p class='ocr_par' dir='ltr' id='par_1_53' title="bbox 214 2824 1868 2909">
     <span class='ocr_line' id='line_1_53' title="bbox 214 2824 1868 2909; baseline -0.001 -25"><span class='ocrx_word' id='word_1_374' title='bbox 214 2824 359 2889; x_wconf 75' lang='grc' dir='ltr'>τάξει</span> <span class='ocrx_word' id='word_1_375' title='bbox 410 2828 594 2903; x_wconf 85' lang='grc' dir='ltr'>τρίτον</span> <span class='ocrx_word' id='word_1_376' title='bbox 639 2827 869 2906; x_wconf 71' lang='grc' dir='ltr'>ὑπάρχει</span> <span class='ocrx_word' id='word_1_377' title='bbox 928 2829 989 2883; x_wconf 79' lang='grc' dir='ltr'>τὸ</span> <span class='ocrx_word' id='word_1_378' title='bbox 1030 2831 1264 2905; x_wconf 75' lang='grc' dir='ltr'>Πνεῦμα,</span> <span class='ocrx_word' id='word_1_379' title='bbox 1310 2829 1483 2909; x_wconf 87' lang='grc' dir='ltr'>τρίτον</span> <span class='ocrx_word' id='word_1_380' title='bbox 1542 2828 1683 2884; x_wconf 73' lang='grc' dir='ltr'>εἶναι</span> <span class='ocrx_word' id='word_1_381' title='bbox 1743 2828 1868 2883; x_wconf 66' lang='grc' dir='ltr'>αὐτὸ</span> 
     </span>
    </p>
   </div>
   <div class='ocr_carea' id='block_1_54' title="bbox 1956 2821 3595 2909">
    <p class='ocr_par' dir='ltr' id='par_1_54' title="bbox 1956 2821 3595 2905">
     <span class='ocr_line' id='line_1_54' title="bbox 1956 2821 3595 2905; baseline -0.002 -20"><span class='ocrx_word' id='word_1_382' title='bbox 1956 2824 2001 2885; x_wconf 87' lang='lat' dir='ltr'><strong>si</strong></span> <span class='ocrx_word' id='word_1_383' title='bbox 2033 2825 2317 2905; x_wconf 68' lang='lat' dir='ltr'><strong>dignitate</strong></span> <span class='ocrx_word' id='word_1_384' title='bbox 2348 2831 2407 2885; x_wconf 90' lang='lat' dir='ltr'><strong>et</strong></span> <span class='ocrx_word' id='word_1_385' title='bbox 2443 2824 2657 2886; x_wconf 85' lang='lat' dir='ltr'><strong>ordine</strong></span> <span class='ocrx_word' id='word_1_386' title='bbox 2687 2823 2897 2887; x_wconf 89' lang='lat' dir='ltr'><strong>tertius</strong></span> <span class='ocrx_word' id='word_1_387' title='bbox 2928 2828 3014 2885; x_wconf 92' lang='lat' dir='ltr'><strong>est</strong></span> <span class='ocrx_word' id='word_1_388' title='bbox 3048 2821 3322 2903; x_wconf 88' lang='lat' dir='ltr'><strong>Spiritus,</strong></span> <span class='ocrx_word' id='word_1_389' title='bbox 3358 2822 3595 2885; x_wconf 88' lang='lat' dir='ltr'><strong>tertium</strong></span> 
     </span>
    </p>
   </div>
   <div class='ocr_carea' id='block_1_55' title="bbox 214 2911 1872 2997">
    <p class='ocr_par' dir='ltr' id='par_1_55' title="bbox 214 2913 1871 2997">
     <span class='ocr_line' id='line_1_55' title="bbox 214 2913 1871 2997; baseline 0.002 -27"><span class='ocrx_word' id='word_1_390' title='bbox 214 2914 304 2970; x_wconf 80' lang='grc' dir='ltr'><strong>καὶ</strong></span> <span class='ocrx_word' id='word_1_391' title='bbox 351 2920 422 2990; x_wconf 72' lang='grc' dir='ltr'>τῇ</span> <span class='ocrx_word' id='word_1_392' title='bbox 476 2915 676 2993; x_wconf 71' lang='grc' dir='ltr'>φύσει;</span> <span class='ocrx_word' id='word_1_393' title='bbox 722 2913 1011 2991; x_wconf 81' lang='grc' dir='ltr'>Ἀξιώματι</span> <span class='ocrx_word' id='word_1_394' title='bbox 1079 2918 1176 2992; x_wconf 83' lang='grc' dir='ltr'><strong>μὲν</strong></span> <span class='ocrx_word' id='word_1_395' title='bbox 1260 2918 1361 2997; x_wconf 78' lang='grc' dir='ltr'>γὰρ</span> <span class='ocrx_word' id='word_1_396' title='bbox 1420 2915 1730 2995; x_wconf 83' lang='grc' dir='ltr'>δευτερεύειν</span> <span class='ocrx_word' id='word_1_397' title='bbox 1777 2925 1871 2974; x_wconf 76' lang='grc' dir='ltr'><strong>τοῦ</strong></span> 
     </span>
    </p>
   </div>
   <div class='ocr_carea' id='block_1_56' title="bbox 1956 2911 3601 2997">
    <p class='ocr_par' dir='ltr' id='par_1_56' title="bbox 1956 2911 3601 2994">
     <span class='ocr_line' id='line_1_56' title="bbox 1956 2911 3601 2994; baseline -0.002 -20"><span class='ocrx_word' id='word_1_398' title='bbox 1956 2932 2185 2994; x_wconf 89' lang='lat' dir='ltr'><strong>quoque</strong></span> <span class='ocrx_word' id='word_1_399' title='bbox 2203 2932 2339 2974; x_wconf 91' lang='lat' dir='ltr'><strong>esse</strong></span> <span class='ocrx_word' id='word_1_400' title='bbox 2353 2912 2627 2975; x_wconf 90' lang='lat' dir='ltr'><strong>eumdem</strong></span> <span class='ocrx_word' id='word_1_401' title='bbox 2645 2920 2852 2973; x_wconf 89' lang='lat' dir='ltr'><strong>natura</strong></span> <span class='ocrx_word' id='word_1_402' title='bbox 2865 2911 3196 2992; x_wconf 80' lang='lat' dir='ltr'><strong>?Dignitate</strong></span> <span class='ocrx_word' id='word_1_403' title='bbox 3210 2911 3370 2972; x_wconf 89' lang='lat' dir='ltr'><strong>enim</strong></span> <span class='ocrx_word' id='word_1_404' title='bbox 3389 2929 3601 2973; x_wconf 89' lang='lat' dir='ltr'><strong>secun-</strong></span> 
     </span>
    </p>
   </div>
   <div class='ocr_carea' id='block_1_57' title="bbox 222 2998 1872 3086">
    <p class='ocr_par' dir='ltr' id='par_1_57' title="bbox 222 3003 1869 3086">
     <span class='ocr_line' id='line_1_57' title="bbox 222 3003 1869 3086; baseline 0.001 -28"><span class='ocrx_word' id='word_1_405' title='bbox 222 3004 364 3074; x_wconf 75' lang='grc' dir='ltr'>ι’ὶοὺ,</span> <span class='ocrx_word' id='word_1_406' title='bbox 411 3003 540 3082; x_wconf 86' lang='grc' dir='ltr'>παρ’</span> <span class='ocrx_word' id='word_1_407' title='bbox 571 3004 729 3061; x_wconf 73' lang='grc' dir='ltr'>αὖτοὗ</span> <span class='ocrx_word' id='word_1_408' title='bbox 757 3005 818 3060; x_wconf 77' lang='grc' dir='ltr'>τὸ</span> <span class='ocrx_word' id='word_1_409' title='bbox 849 3004 990 3061; x_wconf 81' lang='grc' dir='ltr'>εῖναι</span> <span class='ocrx_word' id='word_1_410' title='bbox 1035 3004 1186 3086; x_wconf 79' lang='grc' dir='ltr'>ἔχον,</span> <span class='ocrx_word' id='word_1_411' title='bbox 1232 3007 1319 3062; x_wconf 86' lang='grc' dir='ltr'><strong>καὶ</strong></span> <span class='ocrx_word' id='word_1_412' title='bbox 1364 3005 1487 3085; x_wconf 87' lang='grc' dir='ltr'>παρ’</span> <span class='ocrx_word' id='word_1_413' title='bbox 1537 3010 1694 3064; x_wconf 71' lang='grc' dir='ltr'>αὐτοῦ</span> <span class='ocrx_word' id='word_1_414' title='bbox 1722 3004 1869 3080; x_wconf 87' lang='grc' dir='ltr'>λαμ-</span> 
     </span>
    </p>
   </div>
   <div class='ocr_carea' id='block_1_58' title="bbox 1956 2998 3598 3086">
    <p class='ocr_par' dir='ltr' id='par_1_58' title="bbox 1956 2998 3598 3081">
     <span class='ocr_line' id='line_1_58' title="bbox 1956 2998 3598 3081; baseline -0.002 -18"><span class='ocrx_word' id='word_1_415' title='bbox 1956 3004 2092 3063; x_wconf 90' lang='lat' dir='ltr'><strong>dum</strong></span> <span class='ocrx_word' id='word_1_416' title='bbox 2128 3021 2257 3064; x_wconf 91' lang='lat' dir='ltr'><strong>esse</strong></span> <span class='ocrx_word' id='word_1_417' title='bbox 2286 3020 2319 3062; x_wconf 90' lang='lat' dir='ltr'><strong>a</strong></span> <span class='ocrx_word' id='word_1_418' title='bbox 2347 3000 2521 3076; x_wconf 90' lang='lat' dir='ltr'><strong>Filio,</strong></span> <span class='ocrx_word' id='word_1_419' title='bbox 2555 3002 2628 3063; x_wconf 90' lang='lat' dir='ltr'><strong>ab</strong></span> <span class='ocrx_word' id='word_1_420' title='bbox 2659 3001 2788 3081; x_wconf 90' lang='lat' dir='ltr'><strong>ipsa</strong></span> <span class='ocrx_word' id='word_1_421' title='bbox 2822 3019 2953 3062; x_wconf 90' lang='lat' dir='ltr'><strong>esse</strong></span> <span class='ocrx_word' id='word_1_422' title='bbox 2985 2999 3411 3079; x_wconf 87' lang='lat' dir='ltr'><strong>possidentem,</strong></span> <span class='ocrx_word' id='word_1_423' title='bbox 3446 3006 3502 3060; x_wconf 93' lang='lat' dir='ltr'><strong>et</strong></span> <span class='ocrx_word' id='word_1_424' title='bbox 3525 2998 3598 3059; x_wconf 89' lang='lat' dir='ltr'><strong>ab</strong></span> 
     </span>
    </p>
   </div>
   <div class='ocr_carea' id='block_1_59' title="bbox 217 3088 1872 3172">
    <p class='ocr_par' dir='ltr' id='par_1_59' title="bbox 217 3089 1870 3172">
     <span class='ocr_line' id='line_1_59' title="bbox 217 3089 1870 3172; baseline 0 -23"><span class='ocrx_word' id='word_1_425' title='bbox 217 3089 377 3149; x_wconf 68' lang='grc' dir='ltr'>δάνον</span> <span class='ocrx_word' id='word_1_426' title='bbox 423 3094 513 3149; x_wconf 81' lang='grc' dir='ltr'>καὶ</span> <span class='ocrx_word' id='word_1_427' title='bbox 585 3091 909 3172; x_wconf 67' lang='grc' dir='ltr'>ἆναγγέλλον</span> <span class='ocrx_word' id='word_1_428' title='bbox 963 3096 1119 3169; x_wconf 77' lang='grc' dir='ltr'>ἡμῖν,</span> <span class='ocrx_word' id='word_1_429' title='bbox 1173 3096 1262 3151; x_wconf 84' lang='grc' dir='ltr'><strong>καὶ</strong></span> <span class='ocrx_word' id='word_1_430' title='bbox 1318 3093 1454 3159; x_wconf 78' lang='grc' dir='ltr'>ὅλως</span> <span class='ocrx_word' id='word_1_431' title='bbox 1516 3093 1720 3161; x_wconf 77' lang='grc' dir='ltr'>ἐκείνης</span> <span class='ocrx_word' id='word_1_432' title='bbox 1774 3094 1870 3162; x_wconf 77' lang='grc' dir='ltr'>τῆς</span> 
     </span>
    </p>
   </div>
   <div class='ocr_carea' id='block_1_60' title="bbox 1956 3088 3601 3172">
    <p class='ocr_par' dir='ltr' id='par_1_60' title="bbox 1956 3088 3601 3171">
     <span class='ocr_line' id='line_1_60' title="bbox 1956 3088 3601 3171; baseline -0.002 -20"><span class='ocrx_word' id='word_1_433' title='bbox 1956 3089 2081 3171; x_wconf 94' lang='lat' dir='ltr'><strong>ipso</strong></span> <span class='ocrx_word' id='word_1_434' title='bbox 2138 3089 2551 3168; x_wconf 86' lang='lat' dir='ltr'><strong>accipientem,</strong></span> <span class='ocrx_word' id='word_1_435' title='bbox 2607 3099 2666 3152; x_wconf 91' lang='lat' dir='ltr'><strong>et</strong></span> <span class='ocrx_word' id='word_1_436' title='bbox 2726 3089 2899 3150; x_wconf 92' lang='lat' dir='ltr'><strong>nobis</strong></span> <span class='ocrx_word' id='word_1_437' title='bbox 2949 3088 3420 3161; x_wconf 88' lang='lat' dir='ltr'><strong>denuntiantem,</strong></span> <span class='ocrx_word' id='word_1_438' title='bbox 3456 3095 3514 3148; x_wconf 92' lang='lat' dir='ltr'><strong>et</strong></span> <span class='ocrx_word' id='word_1_439' title='bbox 3539 3105 3601 3147; x_wconf 81' lang='grc' dir='ltr'><strong>ιη</strong></span> 
     </span>
    </p>
   </div>
   <div class='ocr_carea' id='block_1_61' title="bbox 216 3175 1872 3261">
    <p class='ocr_par' dir='ltr' id='par_1_61' title="bbox 216 3179 1871 3261">
     <span class='ocr_line' id='line_1_61' title="bbox 216 3179 1871 3261; baseline 0.001 -24"><span class='ocrx_word' id='word_1_440' title='bbox 216 3181 388 3246; x_wconf 75' lang='grc' dir='ltr'>αἰτίας</span> <span class='ocrx_word' id='word_1_441' title='bbox 433 3179 756 3257; x_wconf 78' lang='grc' dir='ltr'>ἕξημμένον,</span> <span class='ocrx_word' id='word_1_442' title='bbox 818 3180 1165 3261; x_wconf 82' lang='grc' dir='ltr'>παραδίδωσιν</span> <span class='ocrx_word' id='word_1_443' title='bbox 1225 3186 1252 3239; x_wconf 92' lang='lat'><strong>6</strong></span> <span class='ocrx_word' id='word_1_444' title='bbox 1309 3188 1408 3250; x_wconf 77' lang='grc' dir='ltr'>τῆς</span> <span class='ocrx_word' id='word_1_445' title='bbox 1468 3180 1727 3245; x_wconf 70' lang='grc' dir='ltr'>εὐσεϐείας</span> <span class='ocrx_word' id='word_1_446' title='bbox 1773 3180 1871 3238; x_wconf 87' lang='grc' dir='ltr'><strong>λό-</strong></span> 
     </span>
    </p>
   </div>
   <div class='ocr_carea' id='block_1_62' title="bbox 1956 3175 3604 3261">
    <p class='ocr_par' dir='ltr' id='par_1_62' title="bbox 1956 3175 3604 3259">
     <span class='ocr_line' id='line_1_62' title="bbox 1956 3175 3604 3259; baseline -0.002 -19"><span class='ocrx_word' id='word_1_447' title='bbox 1956 3197 2188 3240; x_wconf 89' lang='lat' dir='ltr'><strong>summa</strong></span> <span class='ocrx_word' id='word_1_448' title='bbox 2219 3179 2288 3240; x_wconf 89' lang='lat' dir='ltr'><strong>ab</strong></span> <span class='ocrx_word' id='word_1_449' title='bbox 2319 3198 2388 3241; x_wconf 90' lang='lat' dir='ltr'><strong>ea</strong></span> <span class='ocrx_word' id='word_1_450' title='bbox 2416 3197 2597 3240; x_wconf 86' lang='lat' dir='ltr'><strong>causa</strong></span> <span class='ocrx_word' id='word_1_451' title='bbox 2639 3178 3101 3259; x_wconf 85' lang='lat' dir='ltr'><strong>dependentem,</strong></span> <span class='ocrx_word' id='word_1_452' title='bbox 3168 3176 3341 3238; x_wconf 87' lang='lat' dir='ltr'><strong>tradit</strong></span> <span class='ocrx_word' id='word_1_453' title='bbox 3371 3175 3604 3256; x_wconf 89' lang='lat' dir='ltr'><strong>pietatis</strong></span> 
     </span>
    </p>
   </div>
   <div class='ocr_carea' id='block_1_63' title="bbox 217 3263 1872 3351">
    <p class='ocr_par' dir='ltr' id='par_1_63' title="bbox 217 3268 1871 3351">
     <span class='ocr_line' id='line_1_63' title="bbox 217 3268 1871 3351; baseline -0.001 -24"><span class='ocrx_word' id='word_1_454' title='bbox 217 3291 314 3347; x_wconf 85' lang='grc' dir='ltr'><strong>γος</strong></span> <span class='ocrx_word' id='word_1_455' title='bbox 351 3285 364 3299; x_wconf 87' lang='grc'><strong>⁸</strong></span> <span class='ocrx_word' id='word_1_456' title='bbox 398 3270 551 3350; x_wconf 58' lang='grc' dir='ltr'>ῳύσει</span> <span class='ocrx_word' id='word_1_457' title='bbox 609 3268 663 3327; x_wconf 78' lang='grc' dir='ltr'><strong>δὲ</strong></span> <span class='ocrx_word' id='word_1_458' title='bbox 719 3271 868 3349; x_wconf 79' lang='grc' dir='ltr'>τρίτῃ</span> <span class='ocrx_word' id='word_1_459' title='bbox 924 3275 1151 3351; x_wconf 80' lang='grc' dir='ltr'>χρῆσθαι</span> <span class='ocrx_word' id='word_1_460' title='bbox 1184 3272 1300 3329; x_wconf 74' lang='grc' dir='ltr'>οὔτε</span> <span class='ocrx_word' id='word_1_461' title='bbox 1349 3273 1490 3350; x_wconf 76' lang='grc' dir='ltr'>παρὰ</span> <span class='ocrx_word' id='word_1_462' title='bbox 1545 3279 1650 3329; x_wconf 89' lang='grc' dir='ltr'><strong>τῶν</strong></span> <span class='ocrx_word' id='word_1_463' title='bbox 1708 3273 1871 3350; x_wconf 87' lang='grc' dir='ltr'>ἁγίων</span> 
     </span>
    </p>
   </div>
   <div class='ocr_carea' id='block_1_64' title="bbox 1956 3263 3600 3351">
    <p class='ocr_par' dir='ltr' id='par_1_64' title="bbox 1956 3263 3600 3348">
     <span class='ocr_line' id='line_1_64' title="bbox 1956 3263 3600 3348; baseline -0.002 -19"><span class='ocrx_word' id='word_1_464' title='bbox 1956 3267 2105 3329; x_wconf 87' lang='lat' dir='ltr'><strong>ratio</strong></span> <span class='ocrx_word' id='word_1_465' title='bbox 2132 3288 2145 3328; x_wconf 90' lang='lat'><strong>:</strong></span> <span class='ocrx_word' id='word_1_466' title='bbox 2178 3270 2283 3329; x_wconf 88' lang='lat' dir='ltr'><strong>sed</strong></span> <span class='ocrx_word' id='word_1_467' title='bbox 2307 3276 2516 3329; x_wconf 89' lang='lat' dir='ltr'><strong>natura</strong></span> <span class='ocrx_word' id='word_1_468' title='bbox 2540 3266 2712 3328; x_wconf 89' lang='lat' dir='ltr'><strong>tertia</strong></span> <span class='ocrx_word' id='word_1_469' title='bbox 2733 3266 2841 3347; x_wconf 86' lang='lat' dir='ltr'><strong>uti,</strong></span> <span class='ocrx_word' id='word_1_470' title='bbox 2876 3284 3068 3348; x_wconf 88' lang='lat' dir='ltr'><strong>neque</strong></span> <span class='ocrx_word' id='word_1_471' title='bbox 3098 3283 3131 3325; x_wconf 92' lang='lat' dir='ltr'><strong>a</strong></span> <span class='ocrx_word' id='word_1_472' title='bbox 3161 3263 3381 3326; x_wconf 90' lang='lat' dir='ltr'><strong>sanctis</strong></span> <span class='ocrx_word' id='word_1_473' title='bbox 3412 3263 3600 3326; x_wconf 84' lang='lat' dir='ltr'><strong>Litte-</strong></span> 
     </span>
    </p>
   </div>
   <div class='ocr_carea' id='block_1_65' title="bbox 216 3354 1872 3453">
    <p class='ocr_par' dir='ltr' id='par_1_65' title="bbox 216 3358 1872 3441">
     <span class='ocr_line' id='line_1_65' title="bbox 221 3358 1859 3391; baseline 0.001 -13"><span class='ocrx_word' id='word_1_474' title='bbox 221 3359 245 3378; x_wconf 67' lang='grc' dir='ltr'>ιι</span> <span class='ocrx_word' id='word_1_475' title='bbox 278 3358 305 3379; x_wconf 59' lang='grc' dir='ltr'><strong><em>κ</em></strong></span> <span class='ocrx_word' id='word_1_476' title='bbox 332 3358 386 3379; x_wconf 64' lang='grc' dir='ltr'><strong>ιιι</strong></span> <span class='ocrx_word' id='word_1_477' title='bbox 784 3361 813 3372; x_wconf 81' lang='lat'><strong><em>~</em></strong></span> <span class='ocrx_word' id='word_1_478' title='bbox 962 3362 975 3377; x_wconf 76' lang='grc' dir='ltr'><em>σ</em></span> <span class='ocrx_word' id='word_1_479' title='bbox 1100 3364 1111 3385; x_wconf 65' lang='grc' dir='ltr'><strong>ν</strong></span> <span class='ocrx_word' id='word_1_480' title='bbox 1130 3386 1137 3391; x_wconf 83' lang='lat'><em>_</em></span> <span class='ocrx_word' id='word_1_481' title='bbox 1258 3369 1281 3378; x_wconf 64' lang='grc' dir='ltr'><strong>η.</strong></span> <span class='ocrx_word' id='word_1_482' title='bbox 1417 3364 1430 3383; x_wconf 70' lang='grc' dir='ltr'>ν</span> <span class='ocrx_word' id='word_1_483' title='bbox 1562 3361 1573 3379; x_wconf 71' lang='grc' dir='ltr'><strong><em>ρ</em></strong></span> <span class='ocrx_word' id='word_1_484' title='bbox 1845 3361 1859 3379; x_wconf 79' lang='lat'><strong><em>\</em></strong></span> 
     </span>
     <span class='ocr_line' id='line_1_66' title="bbox 216 3364 1872 3441; baseline 0.001 -25"><span class='ocrx_word' id='word_1_485' title='bbox 216 3364 562 3438; x_wconf 76' lang='grc' dir='ltr'>οεοιοαγμεθα</span> <span class='ocrx_word' id='word_1_486' title='bbox 628 3366 873 3440; x_wconf 71' lang='grc' dir='ltr'>Γρατρων,</span> <span class='ocrx_word' id='word_1_487' title='bbox 928 3383 1044 3417; x_wconf 79' lang='grc' dir='ltr'>ουτε</span> <span class='ocrx_word' id='word_1_488' title='bbox 1102 3383 1160 3417; x_wconf 71' lang='grc' dir='ltr'><strong>εκ</strong></span> <span class='ocrx_word' id='word_1_489' title='bbox 1215 3385 1319 3418; x_wconf 87' lang='grc' dir='ltr'><strong>των</strong></span> <span class='ocrx_word' id='word_1_490' title='bbox 1390 3382 1681 3441; x_wconf 84' lang='grc' dir='ltr'>ειρημενων</span> <span class='ocrx_word' id='word_1_491' title='bbox 1736 3383 1872 3418; x_wconf 86' lang='grc' dir='ltr'>κατα</span> 
     </span>
    </p>
   </div>
   <div class='ocr_carea' id='block_1_66' title="bbox 1956 3354 3604 3453">
    <p class='ocr_par' dir='ltr' id='par_1_66' title="bbox 1956 3354 3604 3436">
     <span class='ocr_line' id='line_1_67' title="bbox 1956 3354 3604 3436; baseline -0.002 -19"><span class='ocrx_word' id='word_1_492' title='bbox 1956 3355 2038 3417; x_wconf 90' lang='lat' dir='ltr'><strong>ris</strong></span> <span class='ocrx_word' id='word_1_493' title='bbox 2067 3357 2414 3431; x_wconf 87' lang='lat' dir='ltr'><strong>edocemur,</strong></span> <span class='ocrx_word' id='word_1_494' title='bbox 2447 3374 2637 3436; x_wconf 89' lang='lat' dir='ltr'><strong>neque</strong></span> <span class='ocrx_word' id='word_1_495' title='bbox 2670 3375 2737 3417; x_wconf 82' lang='lat' dir='ltr'><strong>ex</strong></span> <span class='ocrx_word' id='word_1_496' title='bbox 2770 3356 2883 3435; x_wconf 82' lang='lat' dir='ltr'><strong>his,</strong></span> <span class='ocrx_word' id='word_1_497' title='bbox 2921 3372 3054 3433; x_wconf 64' lang='lat' dir='ltr'><strong>qua;</strong></span> <span class='ocrx_word' id='word_1_498' title='bbox 3070 3354 3226 3414; x_wconf 90' lang='lat' dir='ltr'><strong>dicta</strong></span> <span class='ocrx_word' id='word_1_499' title='bbox 3256 3360 3414 3425; x_wconf 87' lang='lat' dir='ltr'><strong>sunt,</strong></span> <span class='ocrx_word' id='word_1_500' title='bbox 3442 3360 3604 3415; x_wconf 88' lang='lat' dir='ltr'><strong>recta</strong></span> 
     </span>
    </p>
   </div>
   <div class='ocr_carea' id='block_1_67' title="bbox 217 3442 1872 3530">
    <p class='ocr_par' dir='ltr' id='par_1_67' title="bbox 217 3442 1871 3530">
     <span class='ocr_line' id='line_1_68' title="bbox 217 3442 1871 3530; baseline 0 -25"><span class='ocrx_word' id='word_1_501' title='bbox 217 3452 278 3506; x_wconf 80' lang='grc' dir='ltr'>τὸ</span> <span class='ocrx_word' id='word_1_502' title='bbox 308 3448 600 3506; x_wconf 74' lang='grc' dir='ltr'>ἀκόλουθον</span> <span class='ocrx_word' id='word_1_503' title='bbox 642 3446 859 3506; x_wconf 73' lang='grc' dir='ltr'>δυνατὸν</span> <span class='ocrx_word' id='word_1_504' title='bbox 904 3448 1317 3527; x_wconf 75' lang='grc' dir='ltr'>συλλογίζεσθαι,</span> <span class='ocrx_word' id='word_1_505' title='bbox 1384 3442 1474 3515; x_wconf 68' lang='grc' dir='ltr'>Ὠς</span> <span class='ocrx_word' id='word_1_506' title='bbox 1517 3451 1615 3530; x_wconf 81' lang='grc' dir='ltr'>γὰρ</span> <span class='ocrx_word' id='word_1_507' title='bbox 1658 3453 1687 3507; x_wconf 89' lang='lat'><strong>6</strong></span> <span class='ocrx_word' id='word_1_508' title='bbox 1753 3451 1871 3514; x_wconf 77' lang='grc' dir='ltr'><strong>Υἱὸς</strong></span> 
     </span>
    </p>
   </div>
   <div class='ocr_carea' id='block_1_68' title="bbox 1956 3442 3601 3530">
    <p class='ocr_par' dir='ltr' id='par_1_68' title="bbox 1957 3442 3601 3526">
     <span class='ocr_line' id='line_1_69' title="bbox 1957 3442 3601 3526; baseline -0.002 -19"><span class='ocrx_word' id='word_1_509' title='bbox 1957 3446 2128 3507; x_wconf 85' lang='lat' dir='ltr'><strong>ducta</strong></span> <span class='ocrx_word' id='word_1_510' title='bbox 2160 3447 2403 3526; x_wconf 90' lang='lat' dir='ltr'><strong>sequela</strong></span> <span class='ocrx_word' id='word_1_511' title='bbox 2423 3463 2735 3526; x_wconf 89' lang='lat' dir='ltr'><strong>possumus</strong></span> <span class='ocrx_word' id='word_1_512' title='bbox 2761 3442 3601 3515; x_wconf 88' lang='lat' dir='ltr'><strong>demonstrare.Quemadmo-</strong></span> 
     </span>
    </p>
   </div>
   <div class='ocr_carea' id='block_1_69' title="bbox 217 3531 1872 3618">
    <p class='ocr_par' dir='ltr' id='par_1_69' title="bbox 217 3535 1871 3618">
     <span class='ocr_line' id='line_1_70' title="bbox 217 3535 1871 3618; baseline 0.001 -24"><span class='ocrx_word' id='word_1_513' title='bbox 217 3537 366 3604; x_wconf 68' lang='grc' dir='ltr'>τέξει</span> <span class='ocrx_word' id='word_1_514' title='bbox 438 3538 540 3612; x_wconf 76' lang='grc' dir='ltr'>μὲν</span> <span class='ocrx_word' id='word_1_515' title='bbox 597 3535 838 3617; x_wconf 77' lang='grc' dir='ltr'>δεύτερος</span> <span class='ocrx_word' id='word_1_516' title='bbox 881 3540 973 3593; x_wconf 68' lang='grc' dir='ltr'>τοῦ</span> <span class='ocrx_word' id='word_1_517' title='bbox 1055 3541 1280 3618; x_wconf 80' lang='grc' dir='ltr'>Πατρὸς,</span> <span class='ocrx_word' id='word_1_518' title='bbox 1363 3538 1444 3596; x_wconf 83' lang='grc' dir='ltr'>ὅτι</span> <span class='ocrx_word' id='word_1_519' title='bbox 1487 3537 1579 3597; x_wconf 86' lang='grc' dir='ltr'><strong>ἀπ’</strong></span> <span class='ocrx_word' id='word_1_520' title='bbox 1651 3539 1871 3614; x_wconf 82' lang='grc' dir='ltr'>ἐκείνου,</span> 
     </span>
    </p>
   </div>
   <div class='ocr_carea' id='block_1_70' title="bbox 1956 3531 3605 3618">
    <p class='ocr_par' dir='ltr' id='par_1_70' title="bbox 1957 3531 3605 3612">
     <span class='ocr_line' id='line_1_71' title="bbox 1957 3531 3605 3612; baseline -0.001 -19"><span class='ocrx_word' id='word_1_521' title='bbox 1957 3532 2098 3593; x_wconf 91' lang='lat' dir='ltr'><strong>dum</strong></span> <span class='ocrx_word' id='word_1_522' title='bbox 2130 3533 2291 3593; x_wconf 90' lang='lat' dir='ltr'><strong>enim</strong></span> <span class='ocrx_word' id='word_1_523' title='bbox 2348 3533 2535 3595; x_wconf 91' lang='lat' dir='ltr'><strong>Filius</strong></span> <span class='ocrx_word' id='word_1_524' title='bbox 2596 3532 2806 3594; x_wconf 91' lang='lat' dir='ltr'><strong>ordine</strong></span> <span class='ocrx_word' id='word_1_525' title='bbox 2851 3531 3091 3612; x_wconf 90' lang='lat' dir='ltr'><strong>quidem</strong></span> <span class='ocrx_word' id='word_1_526' title='bbox 3125 3532 3421 3592; x_wconf 91' lang='lat' dir='ltr'><strong>secundus</strong></span> <span class='ocrx_word' id='word_1_527' title='bbox 3453 3540 3544 3593; x_wconf 91' lang='lat' dir='ltr'><strong>est</strong></span> <span class='ocrx_word' id='word_1_528' title='bbox 3570 3550 3605 3592; x_wconf 91' lang='lat' dir='ltr'><strong>a</strong></span> 
     </span>
    </p>
   </div>
   <div class='ocr_carea' id='block_1_71' title="bbox 216 3618 1872 3708">
    <p class='ocr_par' dir='ltr' id='par_1_71' title="bbox 216 3625 1872 3708">
     <span class='ocr_line' id='line_1_72' title="bbox 216 3625 1872 3708; baseline 0.001 -25"><span class='ocrx_word' id='word_1_529' title='bbox 216 3629 306 3684; x_wconf 81' lang='grc' dir='ltr'><strong>καὶ</strong></span> <span class='ocrx_word' id='word_1_530' title='bbox 353 3625 636 3701; x_wconf 77' lang='grc' dir='ltr'>ἆξίωματι,</span> <span class='ocrx_word' id='word_1_531' title='bbox 692 3628 773 3683; x_wconf 85' lang='grc' dir='ltr'>ὃτι</span> <span class='ocrx_word' id='word_1_532' title='bbox 827 3626 972 3706; x_wconf 75' lang='grc' dir='ltr'>ἀρχὴ</span> <span class='ocrx_word' id='word_1_533' title='bbox 1026 3629 1113 3684; x_wconf 85' lang='grc' dir='ltr'><strong>καὶ</strong></span> <span class='ocrx_word' id='word_1_534' title='bbox 1166 3629 1304 3685; x_wconf 79' lang='grc' dir='ltr'>αἰτία</span> <span class='ocrx_word' id='word_1_535' title='bbox 1354 3630 1431 3704; x_wconf 78' lang='grc' dir='ltr'>τῷ</span> <span class='ocrx_word' id='word_1_536' title='bbox 1473 3642 1611 3686; x_wconf 82' lang='grc' dir='ltr'>εῖναι</span> <span class='ocrx_word' id='word_1_537' title='bbox 1670 3628 1872 3708; x_wconf 86' lang='grc' dir='ltr'>Πατέρα</span> 
     </span>
    </p>
   </div>
   <div class='ocr_carea' id='block_1_72' title="bbox 1956 3618 3603 3708">
    <p class='ocr_par' dir='ltr' id='par_1_72' title="bbox 1958 3618 3603 3703">
     <span class='ocr_line' id='line_1_73' title="bbox 1958 3618 3603 3703; baseline -0.001 -19"><span class='ocrx_word' id='word_1_538' title='bbox 1958 3623 2157 3684; x_wconf 88' lang='lat' dir='ltr'><strong>Patre.</strong></span> <span class='ocrx_word' id='word_1_539' title='bbox 2193 3625 2474 3703; x_wconf 89' lang='lat' dir='ltr'><strong>quoniam</strong></span> <span class='ocrx_word' id='word_1_540' title='bbox 2507 3641 2576 3684; x_wconf 82' lang='lat' dir='ltr'><strong>ex</strong></span> <span class='ocrx_word' id='word_1_541' title='bbox 2608 3622 2733 3703; x_wconf 91' lang='lat' dir='ltr'><strong>illo,</strong></span> <span class='ocrx_word' id='word_1_542' title='bbox 2769 3629 2828 3683; x_wconf 93' lang='lat' dir='ltr'><strong>et</strong></span> <span class='ocrx_word' id='word_1_543' title='bbox 2856 3620 3163 3699; x_wconf 79' lang='lat' dir='ltr'><strong>dignitate,</strong></span> <span class='ocrx_word' id='word_1_544' title='bbox 3197 3621 3353 3701; x_wconf 91' lang='lat' dir='ltr'><strong>quod</strong></span> <span class='ocrx_word' id='word_1_545' title='bbox 3387 3618 3603 3701; x_wconf 89' lang='lat' dir='ltr'><strong>princi-</strong></span> 
     </span>
    </p>
   </div>
   <div class='ocr_carea' id='block_1_73' title="bbox 220 3709 1872 3798">
    <p class='ocr_par' dir='ltr' id='par_1_73' title="bbox 220 3714 1872 3798">
     <span class='ocr_line' id='line_1_74' title="bbox 220 3714 1872 3798; baseline 0.002 -26"><span class='ocrx_word' id='word_1_546' title='bbox 220 3717 400 3793; x_wconf 71' lang='grc' dir='ltr'>αὖτοῦ,</span> <span class='ocrx_word' id='word_1_547' title='bbox 431 3718 522 3773; x_wconf 87' lang='grc' dir='ltr'><strong>καὶ</strong></span> <span class='ocrx_word' id='word_1_548' title='bbox 575 3716 658 3773; x_wconf 75' lang='grc' dir='ltr'>Βτι</span> <span class='ocrx_word' id='word_1_549' title='bbox 701 3714 769 3772; x_wconf 87' lang='grc' dir='ltr'><strong>δι’</strong></span> <span class='ocrx_word' id='word_1_550' title='bbox 824 3716 982 3773; x_wconf 71' lang='grc' dir='ltr'>αὒτοῦ</span> <span class='ocrx_word' id='word_1_551' title='bbox 1020 3719 1055 3785; x_wconf 80' lang='grc' dir='ltr'><strong>ἡ</strong></span> <span class='ocrx_word' id='word_1_552' title='bbox 1099 3715 1352 3796; x_wconf 76' lang='grc' dir='ltr'>πρόσοδος</span> <span class='ocrx_word' id='word_1_553' title='bbox 1403 3720 1491 3776; x_wconf 86' lang='grc' dir='ltr'><strong>καὶ</strong></span> <span class='ocrx_word' id='word_1_554' title='bbox 1517 3782 1523 3793; x_wconf 22' lang='grc' dir='ltr'><strong>γ</strong></span> <span class='ocrx_word' id='word_1_555' title='bbox 1548 3718 1872 3798; x_wconf 80' lang='grc' dir='ltr'>προσὰγωγὴ</span> 
     </span>
    </p>
   </div>
   <div class='ocr_carea' id='block_1_74' title="bbox 1956 3709 3602 3798">
    <p class='ocr_par' dir='ltr' id='par_1_74' title="bbox 1960 3709 3602 3790">
     <span class='ocr_line' id='line_1_75' title="bbox 1960 3709 3602 3790; baseline -0.001 -19"><span class='ocrx_word' id='word_1_556' title='bbox 1960 3711 2121 3789; x_wconf 92' lang='lat' dir='ltr'><strong>pium</strong></span> <span class='ocrx_word' id='word_1_557' title='bbox 2153 3722 2214 3775; x_wconf 88' lang='lat' dir='ltr'><strong>et</strong></span> <span class='ocrx_word' id='word_1_558' title='bbox 2238 3730 2439 3786; x_wconf 88' lang='lat' dir='ltr'><strong>causa,</strong></span> <span class='ocrx_word' id='word_1_559' title='bbox 2471 3714 2642 3773; x_wconf 85' lang='lat' dir='ltr'><strong>Pater</strong></span> <span class='ocrx_word' id='word_1_560' title='bbox 2671 3711 2834 3773; x_wconf 90' lang='lat' dir='ltr'><strong>illius</strong></span> <span class='ocrx_word' id='word_1_561' title='bbox 2861 3720 2969 3786; x_wconf 91' lang='lat' dir='ltr'><strong>est,</strong></span> <span class='ocrx_word' id='word_1_562' title='bbox 3004 3718 3062 3772; x_wconf 90' lang='lat' dir='ltr'><strong>et</strong></span> <span class='ocrx_word' id='word_1_563' title='bbox 3092 3709 3250 3790; x_wconf 89' lang='lat' dir='ltr'><strong>quod</strong></span> <span class='ocrx_word' id='word_1_564' title='bbox 3276 3726 3382 3790; x_wconf 89' lang='lat' dir='ltr'><strong>per</strong></span> <span class='ocrx_word' id='word_1_565' title='bbox 3407 3710 3602 3789; x_wconf 92' lang='lat' dir='ltr'><strong>ipsum</strong></span> 
     </span>
    </p>
   </div>
   <div class='ocr_carea' id='block_1_75' title="bbox 218 3798 1872 3888">
    <p class='ocr_par' dir='ltr' id='par_1_75' title="bbox 218 3804 1872 3888">
     <span class='ocr_line' id='line_1_76' title="bbox 218 3804 1872 3888; baseline 0.001 -26"><span class='ocrx_word' id='word_1_566' title='bbox 218 3807 350 3884; x_wconf 77' lang='grc' dir='ltr'>πρὸς</span> <span class='ocrx_word' id='word_1_567' title='bbox 377 3808 471 3863; x_wconf 85' lang='grc' dir='ltr'>τὸν</span> <span class='ocrx_word' id='word_1_568' title='bbox 504 3808 636 3863; x_wconf 74' lang='grc' dir='ltr'>Θεὸν</span> <span class='ocrx_word' id='word_1_569' title='bbox 683 3808 770 3862; x_wconf 82' lang='grc' dir='ltr'><strong>καὶ</strong></span> <span class='ocrx_word' id='word_1_570' title='bbox 828 3804 1060 3886; x_wconf 88' lang='grc' dir='ltr'>Πατέρα,</span> <span class='ocrx_word' id='word_1_571' title='bbox 1104 3807 1252 3885; x_wconf 77' lang='grc' dir='ltr'>φύσει</span> <span class='ocrx_word' id='word_1_572' title='bbox 1296 3806 1352 3863; x_wconf 81' lang='grc' dir='ltr'>δὲ</span> <span class='ocrx_word' id='word_1_573' title='bbox 1410 3807 1582 3865; x_wconf 73' lang='grc' dir='ltr'>οὒκέτι</span> <span class='ocrx_word' id='word_1_574' title='bbox 1638 3806 1872 3888; x_wconf 79' lang='grc' dir='ltr'>δεύτερος</span> 
     </span>
    </p>
   </div>
   <div class='ocr_carea' id='block_1_76' title="bbox 1956 3798 3607 3888">
    <p class='ocr_par' dir='ltr' id='par_1_76' title="bbox 1958 3798 3607 3876">
     <span class='ocr_line' id='line_1_77' title="bbox 1958 3798 3607 3876; baseline -0.001 -15"><span class='ocrx_word' id='word_1_575' title='bbox 1958 3817 2233 3861; x_wconf 86' lang='lat' dir='ltr'><strong>accessus</strong></span> <span class='ocrx_word' id='word_1_576' title='bbox 2264 3808 2322 3861; x_wconf 94' lang='lat' dir='ltr'><strong>et</strong></span> <span class='ocrx_word' id='word_1_577' title='bbox 2370 3800 2646 3863; x_wconf 89' lang='lat' dir='ltr'><strong>adductio</strong></span> <span class='ocrx_word' id='word_1_578' title='bbox 2697 3800 2771 3862; x_wconf 91' lang='lat' dir='ltr'><strong>ad</strong></span> <span class='ocrx_word' id='word_1_579' title='bbox 2800 3798 2986 3861; x_wconf 92' lang='lat' dir='ltr'><strong>Deum</strong></span> <span class='ocrx_word' id='word_1_580' title='bbox 3019 3808 3077 3861; x_wconf 89' lang='lat' dir='ltr'><strong>et</strong></span> <span class='ocrx_word' id='word_1_581' title='bbox 3104 3801 3365 3876; x_wconf 86' lang='lat' dir='ltr'><strong>Patrem,</strong></span> <span class='ocrx_word' id='word_1_582' title='bbox 3398 3805 3607 3859; x_wconf 91' lang='lat' dir='ltr'><strong>natura</strong></span> 
     </span>
    </p>
   </div>
   <div class='ocr_carea' id='block_1_77' title="bbox 220 3888 1872 3973">
    <p class='ocr_par' dir='ltr' id='par_1_77' title="bbox 220 3893 1872 3973">
     <span class='ocr_line' id='line_1_78' title="bbox 220 3893 1872 3973; baseline 0.001 -23"><span class='ocrx_word' id='word_1_583' title='bbox 220 3894 353 3952; x_wconf 79' lang='grc' dir='ltr'>διότι</span> <span class='ocrx_word' id='word_1_584' title='bbox 391 3898 427 3964; x_wconf 78' lang='grc' dir='ltr'>ἡ</span> <span class='ocrx_word' id='word_1_585' title='bbox 474 3896 664 3962; x_wconf 83' lang='grc' dir='ltr'>θεότης</span> <span class='ocrx_word' id='word_1_586' title='bbox 723 3893 777 3949; x_wconf 83' lang='grc' dir='ltr'><strong>ἐν</strong></span> <span class='ocrx_word' id='word_1_587' title='bbox 826 3894 1059 3973; x_wconf 75' lang='grc' dir='ltr'>ἑκατέρῳ</span> <span class='ocrx_word' id='word_1_588' title='bbox 1086 3896 1181 3970; x_wconf 88' lang='grc' dir='ltr'><strong>μία</strong></span> <span class='ocrx_word' id='word_1_589' title='bbox 1216 3915 1228 3926; x_wconf 92' lang='grc'><strong>·</strong></span> <span class='ocrx_word' id='word_1_590' title='bbox 1293 3898 1431 3954; x_wconf 74' lang='grc' dir='ltr'>οὓτω</span> <span class='ocrx_word' id='word_1_591' title='bbox 1486 3894 1732 3963; x_wconf 83' lang='grc' dir='ltr'>δηλονότι</span> <span class='ocrx_word' id='word_1_592' title='bbox 1789 3905 1872 3960; x_wconf 70' lang='grc' dir='ltr'><strong>καὶ</strong></span> 
     </span>
    </p>
   </div>
   <div class='ocr_carea' id='block_1_78' title="bbox 1956 3888 3605 3973">
    <p class='ocr_par' dir='ltr' id='par_1_78' title="bbox 1957 3888 3605 3969">
     <span class='ocr_line' id='line_1_79' title="bbox 1957 3888 3605 3969; baseline -0.001 -20"><span class='ocrx_word' id='word_1_593' title='bbox 1957 3907 2097 3951; x_wconf 87' lang='lat' dir='ltr'><strong>vero</strong></span> <span class='ocrx_word' id='word_1_594' title='bbox 2130 3890 2469 3969; x_wconf 85' lang='lat' dir='ltr'><strong>neutiquam</strong></span> <span class='ocrx_word' id='word_1_595' title='bbox 2503 3890 2823 3960; x_wconf 79' lang='lat' dir='ltr'><strong>secundus,</strong></span> <span class='ocrx_word' id='word_1_596' title='bbox 2864 3888 3018 3969; x_wconf 88' lang='lat' dir='ltr'><strong>quod</strong></span> <span class='ocrx_word' id='word_1_597' title='bbox 3043 3888 3243 3950; x_wconf 86' lang='lat' dir='ltr'><strong>Deitas</strong></span> <span class='ocrx_word' id='word_1_598' title='bbox 3272 3888 3332 3951; x_wconf 91' lang='lat' dir='ltr'><strong>in</strong></span> <span class='ocrx_word' id='word_1_599' title='bbox 3355 3896 3605 3968; x_wconf 88' lang='lat' dir='ltr'><strong>utroque</strong></span> 
     </span>
    </p>
   </div>
   <div class='ocr_carea' id='block_1_79' title="bbox 222 3976 1872 4062">
    <p class='ocr_par' dir='ltr' id='par_1_79' title="bbox 222 3981 1872 4062">
     <span class='ocr_line' id='line_1_80' title="bbox 222 3981 1872 4062; baseline 0.001 -24"><span class='ocrx_word' id='word_1_600' title='bbox 222 3987 280 4041; x_wconf 73' lang='grc' dir='ltr'>τὸ</span> <span class='ocrx_word' id='word_1_601' title='bbox 312 3990 530 4059; x_wconf 80' lang='grc' dir='ltr'>Πνεῦμα</span> <span class='ocrx_word' id='word_1_602' title='bbox 558 3985 623 4040; x_wconf 83' lang='grc' dir='ltr'>τὸ</span> <span class='ocrx_word' id='word_1_603' title='bbox 676 3984 863 4062; x_wconf 55' lang='grc' dir='ltr'>ἅγιον,</span> <span class='ocrx_word' id='word_1_604' title='bbox 912 3984 955 4039; x_wconf 78' lang='grc' dir='ltr'>εἰ</span> <span class='ocrx_word' id='word_1_605' title='bbox 984 3984 1071 4039; x_wconf 86' lang='grc' dir='ltr'><strong>καὶ</strong></span> <span class='ocrx_word' id='word_1_606' title='bbox 1124 3981 1420 4052; x_wconf 81' lang='grc' dir='ltr'>ὑποϐέϐηκε</span> <span class='ocrx_word' id='word_1_607' title='bbox 1478 3987 1569 4041; x_wconf 85' lang='grc' dir='ltr'>τὸν</span> <span class='ocrx_word' id='word_1_608' title='bbox 1634 3985 1754 4041; x_wconf 78' lang='grc' dir='ltr'><strong>Υἶόν</strong></span> <span class='ocrx_word' id='word_1_609' title='bbox 1809 3992 1872 4062; x_wconf 77' lang='grc' dir='ltr'>τῇ</span> 
     </span>
    </p>
   </div>
   <div class='ocr_carea' id='block_1_80' title="bbox 1956 3976 3605 4062">
    <p class='ocr_par' dir='ltr' id='par_1_80' title="bbox 1960 3976 3605 4060">
     <span class='ocr_line' id='line_1_81' title="bbox 1960 3976 3605 4060; baseline -0.002 -21"><span class='ocrx_word' id='word_1_610' title='bbox 1960 3994 2101 4051; x_wconf 89' lang='lat' dir='ltr'><strong>una,</strong></span> <span class='ocrx_word' id='word_1_611' title='bbox 2135 3978 2215 4039; x_wconf 91' lang='lat' dir='ltr'><strong>ita</strong></span> <span class='ocrx_word' id='word_1_612' title='bbox 2244 3979 2521 4044; x_wconf 81' lang='lat' dir='ltr'><strong>videlicet</strong></span> <span class='ocrx_word' id='word_1_613' title='bbox 2579 3987 2635 4040; x_wconf 91' lang='lat' dir='ltr'><strong>et</strong></span> <span class='ocrx_word' id='word_1_614' title='bbox 2676 3978 2935 4060; x_wconf 90' lang='lat' dir='ltr'><strong>Spiritus</strong></span> <span class='ocrx_word' id='word_1_615' title='bbox 2964 3984 3200 4039; x_wconf 89' lang='lat' dir='ltr'><strong>sanctus</strong></span> <span class='ocrx_word' id='word_1_616' title='bbox 3231 3985 3287 4038; x_wconf 90' lang='lat' dir='ltr'><strong>et</strong></span> <span class='ocrx_word' id='word_1_617' title='bbox 3315 3976 3364 4038; x_wconf 91' lang='lat' dir='ltr'><strong>si</strong></span> <span class='ocrx_word' id='word_1_618' title='bbox 3395 3977 3605 4037; x_wconf 87' lang='lat' dir='ltr'><strong>ordine</strong></span> 
     </span>
    </p>
   </div>
   <div class='ocr_carea' id='block_1_81' title="bbox 224 4065 1872 4152">
    <p class='ocr_par' dir='ltr' id='par_1_81' title="bbox 224 4070 1872 4152">
     <span class='ocr_line' id='line_1_82' title="bbox 224 4070 1872 4152; baseline 0.001 -24"><span class='ocrx_word' id='word_1_619' title='bbox 224 4071 365 4139; x_wconf 73' lang='grc' dir='ltr'>τάξει</span> <span class='ocrx_word' id='word_1_620' title='bbox 392 4074 485 4129; x_wconf 82' lang='grc' dir='ltr'><strong>καὶ</strong></span> <span class='ocrx_word' id='word_1_621' title='bbox 539 4079 618 4147; x_wconf 80' lang='grc' dir='ltr'>τῷ</span> <span class='ocrx_word' id='word_1_622' title='bbox 659 4070 944 4152; x_wconf 80' lang='grc' dir='ltr'>ἀξιώματι,</span> <span class='ocrx_word' id='word_1_623' title='bbox 1003 4073 1172 4130; x_wconf 62' lang='grc' dir='ltr'>οδιέτι</span> <span class='ocrx_word' id='word_1_624' title='bbox 1229 4072 1291 4129; x_wconf 77' lang='grc' dir='ltr'>ἂν</span> <span class='ocrx_word' id='word_1_625' title='bbox 1340 4074 1554 4140; x_wconf 73' lang='grc' dir='ltr'>εἰκότως</span> <span class='ocrx_word' id='word_1_626' title='bbox 1602 4076 1676 4138; x_wconf 79' lang='grc' dir='ltr'>ὡς</span> <span class='ocrx_word' id='word_1_627' title='bbox 1720 4073 1872 4152; x_wconf 81' lang='grc' dir='ltr'>ἀλλο-</span> 
     </span>
    </p>
   </div>
   <div class='ocr_carea' id='block_1_82' title="bbox 1956 4065 3607 4152">
    <p class='ocr_par' dir='ltr' id='par_1_82' title="bbox 1959 4065 3607 4149">
     <span class='ocr_line' id='line_1_83' title="bbox 1959 4065 3607 4149; baseline 0 -22"><span class='ocrx_word' id='word_1_628' title='bbox 1959 4065 2108 4128; x_wconf 91' lang='lat' dir='ltr'><strong>Filio</strong></span> <span class='ocrx_word' id='word_1_629' title='bbox 2130 4067 2379 4129; x_wconf 77' lang='lat' dir='ltr'><strong>inferior</strong></span> <span class='ocrx_word' id='word_1_630' title='bbox 2396 4068 2913 4148; x_wconf 59' lang='lat' dir='ltr'><strong>cst,ﬁetdignitate,</strong></span> <span class='ocrx_word' id='word_1_631' title='bbox 2941 4085 3243 4149; x_wconf 89' lang='lat' dir='ltr'><strong>nunquam</strong></span> <span class='ocrx_word' id='word_1_632' title='bbox 3269 4078 3463 4128; x_wconf 88' lang='lat' dir='ltr'><strong>tamen</strong></span> <span class='ocrx_word' id='word_1_633' title='bbox 3493 4066 3607 4127; x_wconf 86' lang='lat' dir='ltr'><strong>rite</strong></span> 
     </span>
    </p>
   </div>
   <div class='ocr_carea' id='block_1_83' title="bbox 225 4151 1872 4241">
    <p class='ocr_par' dir='ltr' id='par_1_83' title="bbox 225 4151 1872 4241">
     <span class='ocr_line' id='line_1_84' title="bbox 225 4151 1872 4241; baseline 0.002 -26"><span class='ocrx_word' id='word_1_634' title='bbox 225 4162 374 4238; x_wconf 74' lang='grc' dir='ltr'>τρίας</span> <span class='ocrx_word' id='word_1_635' title='bbox 429 4160 677 4239; x_wconf 73' lang='grc' dir='ltr'>ὑπάρχον</span> <span class='ocrx_word' id='word_1_636' title='bbox 734 4151 938 4239; x_wconf 72' lang='grc' dir='ltr'>φύσεως</span> <span class='ocrx_word' id='word_1_637' title='bbox 980 4159 1286 4220; x_wconf 69' lang='grc' dir='ltr'>ἀκολουθεῖν</span> <span class='ocrx_word' id='word_1_638' title='bbox 1330 4160 1598 4237; x_wconf 78' lang='grc' dir='ltr'>εἴποιμεν,</span> <span class='ocrx_word' id='word_1_639' title='bbox 1649 4185 1677 4217; x_wconf 71' lang='grc' dir='ltr'><strong>ιι</strong></span> <span class='ocrx_word' id='word_1_640' title='bbox 1734 4151 1872 4241; x_wconf 62' lang='grc' dir='ltr'><strong>ιὈρα</strong></span> 
     </span>
    </p>
   </div>
   <div class='ocr_carea' id='block_1_84' title="bbox 1956 4151 3610 4241">
    <p class='ocr_par' dir='ltr' id='par_1_84' title="bbox 1961 4154 3610 4237">
     <span class='ocr_line' id='line_1_85' title="bbox 1961 4154 3610 4237; baseline -0.001 -21"><span class='ocrx_word' id='word_1_641' title='bbox 1961 4155 2231 4217; x_wconf 89' lang='lat' dir='ltr'><strong>dicemus</strong></span> <span class='ocrx_word' id='word_1_642' title='bbox 2261 4155 2427 4237; x_wconf 90' lang='lat' dir='ltr'><strong>sequi</strong></span> <span class='ocrx_word' id='word_1_643' title='bbox 2462 4175 2594 4218; x_wconf 92' lang='lat' dir='ltr'><strong>eum</strong></span> <span class='ocrx_word' id='word_1_644' title='bbox 2632 4157 2880 4219; x_wconf 84' lang='lat' dir='ltr'><strong>alterius</strong></span> <span class='ocrx_word' id='word_1_645' title='bbox 2912 4174 3043 4218; x_wconf 88' lang='lat' dir='ltr'><strong>esse</strong></span> <span class='ocrx_word' id='word_1_646' title='bbox 3063 4154 3610 4234; x_wconf 66' lang='lat' dir='ltr'><strong>naturae.Conspice</strong></span> 
     </span>
    </p>
   </div>
   <div class='ocr_carea' id='block_1_85' title="bbox 224 4243 1872 4330">
    <p class='ocr_par' dir='ltr' id='par_1_85' title="bbox 224 4248 1872 4330">
     <span class='ocr_line' id='line_1_86' title="bbox 224 4248 1872 4330; baseline 0.002 -26"><span class='ocrx_word' id='word_1_647' title='bbox 224 4249 469 4322; x_wconf 78' lang='grc' dir='ltr'>ἐνταῦθα,</span> <span class='ocrx_word' id='word_1_648' title='bbox 502 4248 648 4312; x_wconf 81' lang='grc' dir='ltr'>ὅπως</span> <span class='ocrx_word' id='word_1_649' title='bbox 696 4250 725 4304; x_wconf 83' lang='grc' dir='ltr'>ὁ</span> <span class='ocrx_word' id='word_1_650' title='bbox 778 4249 930 4327; x_wconf 77' lang='grc' dir='ltr'>ἅγιος</span> <span class='ocrx_word' id='word_1_651' title='bbox 984 4250 1158 4317; x_wconf 80' lang='grc' dir='ltr'>πάντη</span> <span class='ocrx_word' id='word_1_652' title='bbox 1216 4248 1496 4330; x_wconf 73' lang='grc' dir='ltr'>διαρρήδην</span> <span class='ocrx_word' id='word_1_653' title='bbox 1555 4249 1872 4308; x_wconf 73' lang='grc' dir='ltr'>διαταάνωσε</span> 
     </span>
    </p>
   </div>
   <div class='ocr_carea' id='block_1_86' title="bbox 1956 4243 3611 4330">
    <p class='ocr_par' dir='ltr' id='par_1_86' title="bbox 1960 4243 3611 4330">
     <span class='ocr_line' id='line_1_87' title="bbox 1960 4243 3611 4330; baseline -0.002 -24"><span class='ocrx_word' id='word_1_654' title='bbox 1960 4243 2022 4305; x_wconf 89' lang='lat' dir='ltr'><strong>in</strong></span> <span class='ocrx_word' id='word_1_655' title='bbox 2052 4245 2145 4307; x_wconf 89' lang='lat' dir='ltr'><strong>bis</strong></span> <span class='ocrx_word' id='word_1_656' title='bbox 2203 4265 2452 4327; x_wconf 89' lang='lat' dir='ltr'><strong>quanam</strong></span> <span class='ocrx_word' id='word_1_657' title='bbox 2516 4246 2746 4309; x_wconf 90' lang='lat' dir='ltr'><strong>ratione</strong></span> <span class='ocrx_word' id='word_1_658' title='bbox 2793 4255 3031 4308; x_wconf 88' lang='lat' dir='ltr'><strong>sanctus</strong></span> <span class='ocrx_word' id='word_1_659' title='bbox 3065 4244 3380 4306; x_wconf 89' lang='lat' dir='ltr'><strong>manifeste</strong></span> <span class='ocrx_word' id='word_1_660' title='bbox 3405 4243 3611 4330; x_wconf 86' lang='lat' dir='ltr'><strong>admo-</strong></span> 
     </span>
    </p>
   </div>
   <div class='ocr_carea' id='block_1_87' title="bbox 222 4329 1872 4421">
    <p class='ocr_par' dir='ltr' id='par_1_87' title="bbox 222 4329 1872 4421">
     <span class='ocr_line' id='line_1_88' title="bbox 222 4329 1872 4421; baseline 0.002 -28"><span class='ocrx_word' id='word_1_661' title='bbox 222 4340 285 4393; x_wconf 74' lang='grc' dir='ltr'>τὸ</span> <span class='ocrx_word' id='word_1_662' title='bbox 336 4339 555 4413; x_wconf 80' lang='grc' dir='ltr'>Πνεῦμα</span> <span class='ocrx_word' id='word_1_663' title='bbox 596 4339 741 4417; x_wconf 74' lang='grc' dir='ltr'>παρὰ</span> <span class='ocrx_word' id='word_1_664' title='bbox 779 4340 846 4394; x_wconf 78' lang='grc' dir='ltr'><strong>τὰ</strong></span> <span class='ocrx_word' id='word_1_665' title='bbox 925 4341 1043 4396; x_wconf 67' lang='grc' dir='ltr'><strong>1⁸ἱοῦ</strong></span> <span class='ocrx_word' id='word_1_666' title='bbox 1110 4342 1172 4396; x_wconf 84' lang='grc' dir='ltr'>τὸ</span> <span class='ocrx_word' id='word_1_667' title='bbox 1230 4329 1371 4398; x_wconf 79' lang='grc' dir='ltr'>εἶναι</span> <span class='ocrx_word' id='word_1_668' title='bbox 1416 4339 1569 4421; x_wconf 79' lang='grc' dir='ltr'>ἕχον.</span> <span class='ocrx_word' id='word_1_669' title='bbox 1625 4339 1872 4399; x_wconf 71' lang='grc' dir='ltr'>Ἐνταῦθα</span> 
     </span>
    </p>
   </div>
   <div class='ocr_carea' id='block_1_88' title="bbox 1956 4329 3607 4421">
    <p class='ocr_par' dir='ltr' id='par_1_88' title="bbox 1962 4329 3607 4421">
     <span class='ocr_line' id='line_1_89' title="bbox 1962 4329 3607 4421; baseline -0.003 -27"><span class='ocrx_word' id='word_1_670' title='bbox 1962 4332 2101 4396; x_wconf 85' lang='lat' dir='ltr'><strong>dum</strong></span> <span class='ocrx_word' id='word_1_671' title='bbox 2124 4334 2754 4416; x_wconf 89' lang='lat' dir='ltr'><strong>declaravit,Spiritum</strong></span> <span class='ocrx_word' id='word_1_672' title='bbox 2779 4353 2848 4396; x_wconf 87' lang='lat' dir='ltr'><strong>ex</strong></span> <span class='ocrx_word' id='word_1_673' title='bbox 2868 4333 3016 4396; x_wconf 89' lang='lat' dir='ltr'><strong>Filio</strong></span> <span class='ocrx_word' id='word_1_674' title='bbox 3038 4333 3279 4421; x_wconf 86' lang='lat' dir='ltr'><strong>habere,</strong></span> <span class='ocrx_word' id='word_1_675' title='bbox 3320 4332 3476 4411; x_wconf 92' lang='lat' dir='ltr'><strong>quod</strong></span> <span class='ocrx_word' id='word_1_676' title='bbox 3509 4329 3607 4391; x_wconf 92' lang='lat' dir='ltr'><strong>sit.</strong></span> 
     </span>
    </p>
   </div>
   <div class='ocr_carea' id='block_1_89' title="bbox 222 4420 1872 4508">
    <p class='ocr_par' dir='ltr' id='par_1_89' title="bbox 222 4424 1872 4508">
     <span class='ocr_line' id='line_1_90' title="bbox 222 4424 1872 4508; baseline 0.003 -26"><span class='ocrx_word' id='word_1_677' title='bbox 222 4424 279 4482; x_wconf 73' lang='grc' dir='ltr'><strong>δὲ</strong></span> <span class='ocrx_word' id='word_1_678' title='bbox 332 4425 644 4505; x_wconf 85' lang='grc' dir='ltr'>γενομένοις</span> <span class='ocrx_word' id='word_1_679' title='bbox 693 4428 828 4502; x_wconf 68' lang='grc' dir='ltr'>ἡμῖν</span> <span class='ocrx_word' id='word_1_680' title='bbox 883 4436 976 4486; x_wconf 78' lang='grc' dir='ltr'>τοῦ</span> <span class='ocrx_word' id='word_1_681' title='bbox 1015 4428 1195 4507; x_wconf 81' lang='grc' dir='ltr'>λόγου,</span> <span class='ocrx_word' id='word_1_682' title='bbox 1259 4429 1354 4487; x_wconf 70' lang='grc' dir='ltr'><strong>οὒκ</strong></span> <span class='ocrx_word' id='word_1_683' title='bbox 1422 4430 1638 4508; x_wconf 78' lang='grc' dir='ltr'>ἄκαιρον</span> <span class='ocrx_word' id='word_1_684' title='bbox 1698 4429 1872 4487; x_wconf 77' lang='grc' dir='ltr'>ἐκεῖνα</span> 
     </span>
    </p>
   </div>
   <div class='ocr_carea' id='block_1_90' title="bbox 1956 4420 3608 4508">
    <p class='ocr_par' dir='ltr' id='par_1_90' title="bbox 1961 4420 3608 4499">
     <span class='ocr_line' id='line_1_91' title="bbox 1961 4420 3608 4499; baseline -0.002 -13"><span class='ocrx_word' id='word_1_685' title='bbox 1961 4421 2383 4486; x_wconf 90' lang='lat' dir='ltr'><strong>Verumtamen</strong></span> <span class='ocrx_word' id='word_1_686' title='bbox 2413 4443 2548 4486; x_wconf 91' lang='lat' dir='ltr'><strong>cum</strong></span> <span class='ocrx_word' id='word_1_687' title='bbox 2584 4425 2655 4486; x_wconf 85' lang='lat' dir='ltr'><strong>ad</strong></span> <span class='ocrx_word' id='word_1_688' title='bbox 2679 4424 2837 4485; x_wconf 91' lang='lat' dir='ltr'><strong>hunc</strong></span> <span class='ocrx_word' id='word_1_689' title='bbox 2869 4424 3059 4485; x_wconf 92' lang='lat' dir='ltr'><strong>locum</strong></span> <span class='ocrx_word' id='word_1_690' title='bbox 3093 4420 3368 4484; x_wconf 87' lang='lat' dir='ltr'><strong>oratione</strong></span> <span class='ocrx_word' id='word_1_691' title='bbox 3397 4437 3608 4499; x_wconf 85' lang='lat' dir='ltr'><strong>perve-</strong></span> 
     </span>
    </p>
   </div>
   <div class='ocr_carea' id='block_1_91' title="bbox 224 4510 1872 4598">
    <p class='ocr_par' dir='ltr' id='par_1_91' title="bbox 224 4513 1872 4598">
     <span class='ocr_line' id='line_1_92' title="bbox 224 4513 1872 4598; baseline 0.001 -25"><span class='ocrx_word' id='word_1_692' title='bbox 224 4520 424 4596; x_wconf 72' lang='grc' dir='ltr'>εἰπεῖν,</span> <span class='ocrx_word' id='word_1_693' title='bbox 486 4513 523 4571; x_wconf 81' lang='grc' dir='ltr'>ἃ</span> <span class='ocrx_word' id='word_1_694' title='bbox 574 4521 912 4595; x_wconf 77' lang='grc' dir='ltr'>παραστῆσαι</span> <span class='ocrx_word' id='word_1_695' title='bbox 962 4515 1175 4598; x_wconf 79' lang='grc' dir='ltr'>ἔχουσιν</span> <span class='ocrx_word' id='word_1_696' title='bbox 1230 4517 1457 4597; x_wconf 75' lang='grc' dir='ltr'>ἀκριϐῶς</span> <span class='ocrx_word' id='word_1_697' title='bbox 1501 4522 1575 4584; x_wconf 85' lang='grc' dir='ltr'>ὡς</span> <span class='ocrx_word' id='word_1_698' title='bbox 1656 4520 1718 4575; x_wconf 79' lang='grc' dir='ltr'>τὸ</span> <span class='ocrx_word' id='word_1_699' title='bbox 1773 4524 1872 4576; x_wconf 85' lang='grc' dir='ltr'><strong>τῶν</strong></span> 
     </span>
    </p>
   </div>
   <div class='ocr_carea' id='block_1_92' title="bbox 1956 4510 3613 4598">
    <p class='ocr_par' dir='ltr' id='par_1_92' title="bbox 1963 4510 3613 4593">
     <span class='ocr_line' id='line_1_93' title="bbox 1963 4510 3613 4593; baseline -0.003 -19"><span class='ocrx_word' id='word_1_700' title='bbox 1963 4512 2179 4593; x_wconf 90' lang='lat' dir='ltr'><strong>nerim,</strong></span> <span class='ocrx_word' id='word_1_701' title='bbox 2213 4532 2330 4575; x_wconf 92' lang='lat' dir='ltr'><strong>non</strong></span> <span class='ocrx_word' id='word_1_702' title='bbox 2385 4513 2865 4593; x_wconf 87' lang='lat' dir='ltr'><strong>intempestivum</strong></span> <span class='ocrx_word' id='word_1_703' title='bbox 2919 4510 3099 4572; x_wconf 70' lang='lat' dir='ltr'><strong>fuerit</strong></span> <span class='ocrx_word' id='word_1_704' title='bbox 3128 4527 3449 4591; x_wconf 84' lang='lat' dir='ltr'><strong>exponere,</strong></span> <span class='ocrx_word' id='word_1_705' title='bbox 3478 4526 3613 4589; x_wconf 67' lang='lat' dir='ltr'><strong>qua:</strong></span> 
     </span>
    </p>
   </div>
   <div class='ocr_carea' id='block_1_93' title="bbox 226 4598 1872 4686">
    <p class='ocr_par' dir='ltr' id='par_1_93' title="bbox 226 4600 1872 4686">
     <span class='ocr_line' id='line_1_94' title="bbox 226 4600 1872 4686; baseline -0.002 -23"><span class='ocrx_word' id='word_1_706' title='bbox 226 4600 569 4672; x_wconf 74' lang='grc' dir='ltr'>Ἐκκλησιιῖιν</span> <span class='ocrx_word' id='word_1_707' title='bbox 642 4602 929 4661; x_wconf 73' lang='grc' dir='ltr'>σκάνδαλον</span> <span class='ocrx_word' id='word_1_708' title='bbox 984 4604 1037 4671; x_wconf 78' lang='grc' dir='ltr'>ἐξ</span> <span class='ocrx_word' id='word_1_709' title='bbox 1079 4606 1297 4686; x_wconf 82' lang='grc' dir='ltr'>ἐριθείας</span> <span class='ocrx_word' id='word_1_710' title='bbox 1340 4608 1405 4676; x_wconf 73' lang='grc' dir='ltr'><strong>ἦν</strong></span> <span class='ocrx_word' id='word_1_711' title='bbox 1459 4609 1526 4665; x_wconf 79' lang='grc' dir='ltr'>τὰ</span> <span class='ocrx_word' id='word_1_712' title='bbox 1568 4606 1741 4665; x_wconf 83' lang='grc' dir='ltr'>πολλὰ</span> <span class='ocrx_word' id='word_1_713' title='bbox 1793 4606 1872 4663; x_wconf 78' lang='grc' dir='ltr'><strong>καῖ</strong></span> 
     </span>
    </p>
   </div>
   <div class='ocr_carea' id='block_1_94' title="bbox 1956 4598 3608 4686">
    <p class='ocr_par' dir='ltr' id='par_1_94' title="bbox 1963 4598 3608 4682">
     <span class='ocr_line' id='line_1_95' title="bbox 1963 4598 3608 4682; baseline -0.002 -21"><span class='ocrx_word' id='word_1_714' title='bbox 1963 4609 2237 4663; x_wconf 80' lang='lat' dir='ltr'><strong>accurate</strong></span> <span class='ocrx_word' id='word_1_715' title='bbox 2298 4600 2792 4682; x_wconf 90' lang='lat' dir='ltr'><strong>comprobabunt,</strong></span> <span class='ocrx_word' id='word_1_716' title='bbox 2829 4598 3228 4662; x_wconf 86' lang='lat' dir='ltr'><strong>Ecclesiarum</strong></span> <span class='ocrx_word' id='word_1_717' title='bbox 3259 4598 3608 4660; x_wconf 87' lang='lat' dir='ltr'><strong>scandalum</strong></span> 
     </span>
    </p>
   </div>
   <div class='ocr_carea' id='block_1_95' title="bbox 222 4686 1872 4777">
    <p class='ocr_par' dir='ltr' id='par_1_95' title="bbox 222 4694 1872 4777">
     <span class='ocr_line' id='line_1_96' title="bbox 222 4694 1872 4777; baseline -0.001 -24"><span class='ocrx_word' id='word_1_718' title='bbox 222 4695 516 4773; x_wconf 77' lang='grc' dir='ltr'>ἀλογίστου</span> <span class='ocrx_word' id='word_1_719' title='bbox 571 4699 736 4773; x_wconf 75' lang='grc' dir='ltr'>φορᾶς</span> <span class='ocrx_word' id='word_1_720' title='bbox 791 4700 897 4750; x_wconf 90' lang='grc' dir='ltr'><strong>τῶν</strong></span> <span class='ocrx_word' id='word_1_721' title='bbox 942 4694 1155 4752; x_wconf 83' lang='grc' dir='ltr'>πολλῶν</span> <span class='ocrx_word' id='word_1_722' title='bbox 1190 4711 1203 4725; x_wconf 91' lang='grc'><strong>·</strong></span> <span class='ocrx_word' id='word_1_723' title='bbox 1278 4697 1522 4775; x_wconf 70' lang='grc' dir='ltr'>εὕρηνται</span> <span class='ocrx_word' id='word_1_724' title='bbox 1573 4697 1671 4777; x_wconf 77' lang='grc' dir='ltr'><strong>γὰρ</strong></span> <span class='ocrx_word' id='word_1_725' title='bbox 1740 4717 1872 4761; x_wconf 84' lang='grc' dir='ltr'>τινες</span> 
     </span>
    </p>
   </div>
   <div class='ocr_carea' id='block_1_96' title="bbox 1956 4686 3614 4777">
    <p class='ocr_par' dir='ltr' id='par_1_96' title="bbox 1963 4686 3614 4771">
     <span class='ocr_line' id='line_1_97' title="bbox 1963 4686 3614 4771; baseline -0.004 -18"><span class='ocrx_word' id='word_1_726' title='bbox 1963 4698 2027 4753; x_wconf 81' lang='grc' dir='ltr'><strong>ιιι</strong></span> <span class='ocrx_word' id='word_1_727' title='bbox 2082 4691 2402 4771; x_wconf 87' lang='lat' dir='ltr'><strong>plurimum</strong></span> <span class='ocrx_word' id='word_1_728' title='bbox 2486 4710 2556 4754; x_wconf 81' lang='lat' dir='ltr'><strong>ex</strong></span> <span class='ocrx_word' id='word_1_729' title='bbox 2633 4688 3058 4763; x_wconf 89' lang='lat' dir='ltr'><strong>contentione,</strong></span> <span class='ocrx_word' id='word_1_730' title='bbox 3138 4699 3197 4748; x_wconf 91' lang='lat' dir='ltr'><strong>et</strong></span> <span class='ocrx_word' id='word_1_731' title='bbox 3279 4686 3614 4749; x_wconf 84' lang='lat' dir='ltr'><strong>irrationali</strong></span> 
     </span>
    </p>
   </div>
   <div class='ocr_carea' id='block_1_97' title="bbox 219 4779 1879 4864">
    <p class='ocr_par' dir='ltr' id='par_1_97' title="bbox 219 4779 1879 4864">
     <span class='ocr_line' id='line_1_98' title="bbox 219 4779 1879 4864; baseline 0 -23"><span class='ocrx_word' id='word_1_732' title='bbox 219 4783 418 4861; x_wconf 76' lang='grc' dir='ltr'>βίϐλοι,</span> <span class='ocrx_word' id='word_1_733' title='bbox 466 4781 522 4847; x_wconf 76' lang='grc' dir='ltr'><strong>ἐξ</strong></span> <span class='ocrx_word' id='word_1_734' title='bbox 557 4785 633 4838; x_wconf 82' lang='grc' dir='ltr'>ὧν</span> <span class='ocrx_word' id='word_1_735' title='bbox 676 4779 1049 4861; x_wconf 82' lang='grc' dir='ltr'>διαγέγραπται</span> <span class='ocrx_word' id='word_1_736' title='bbox 1104 4785 1167 4842; x_wconf 79' lang='grc' dir='ltr'>τὸ</span> <span class='ocrx_word' id='word_1_737' title='bbox 1226 4807 1254 4840; x_wconf 76' lang='grc' dir='ltr'><strong>α</strong></span> <span class='ocrx_word' id='word_1_738' title='bbox 1285 4783 1411 4864; x_wconf 80' lang='grc' dir='ltr'>παρ’</span> <span class='ocrx_word' id='word_1_739' title='bbox 1464 4787 1620 4845; x_wconf 75' lang='grc' dir='ltr'><strong>αὒτοῦ</strong></span> <span class='ocrx_word' id='word_1_740' title='bbox 1645 4786 1706 4841; x_wconf 79' lang='grc' dir='ltr'>τὸ</span> <span class='ocrx_word' id='word_1_741' title='bbox 1736 4785 1879 4842; x_wconf 78' lang='grc' dir='ltr'>εἶναι</span> 
     </span>
    </p>
   </div>
   <div class='ocr_carea' id='block_1_98' title="bbox 218 4867 1876 4955">
    <p class='ocr_par' dir='ltr' id='par_1_98' title="bbox 218 4867 1876 4955">
     <span class='ocr_line' id='line_1_99' title="bbox 218 4867 1876 4955; baseline -0.001 -24"><span class='ocrx_word' id='word_1_742' title='bbox 218 4875 383 4955; x_wconf 75' lang='grc' dir='ltr'>ἕχον,</span> <span class='ocrx_word' id='word_1_743' title='bbox 425 4873 520 4928; x_wconf 82' lang='grc' dir='ltr'><strong>καὶ</strong></span> <span class='ocrx_word' id='word_1_744' title='bbox 547 4867 674 4949; x_wconf 81' lang='grc' dir='ltr'>παρ’</span> <span class='ocrx_word' id='word_1_745' title='bbox 703 4871 862 4927; x_wconf 70' lang='grc' dir='ltr'>αὖτοῦ</span> <span class='ocrx_word' id='word_1_746' title='bbox 916 4869 1182 4947; x_wconf 75' lang='grc' dir='ltr'>λαμϐάνον</span> <span class='ocrx_word' id='word_1_747' title='bbox 1224 4875 1314 4932; x_wconf 81' lang='grc' dir='ltr'><strong>καὶ</strong></span> <span class='ocrx_word' id='word_1_748' title='bbox 1363 4873 1690 4954; x_wconf 81' lang='grc' dir='ltr'>ἀναγγέλλον</span> <span class='ocrx_word' id='word_1_749' title='bbox 1718 4875 1876 4951; x_wconf 75' lang='grc' dir='ltr'>ἡμῖν,</span> 
     </span>
    </p>
   </div>
   <div class='ocr_carea' id='block_1_99' title="bbox 217 4960 1880 5041">
    <p class='ocr_par' dir='ltr' id='par_1_99' title="bbox 217 4960 1880 5041">
     <span class='ocr_line' id='line_1_100' title="bbox 217 4960 1880 5041; baseline -0.002 -21"><span class='ocrx_word' id='word_1_750' title='bbox 217 4966 308 5020; x_wconf 73' lang='grc' dir='ltr'><strong>καὶ</strong></span> <span class='ocrx_word' id='word_1_751' title='bbox 332 4960 479 5025; x_wconf 79' lang='grc' dir='ltr'>ὅλως</span> <span class='ocrx_word' id='word_1_752' title='bbox 509 4965 610 5027; x_wconf 81' lang='grc' dir='ltr'>τῆς</span> <span class='ocrx_word' id='word_1_753' title='bbox 669 4960 834 5025; x_wconf 77' lang='grc' dir='ltr'>αἰτίας</span> <span class='ocrx_word' id='word_1_754' title='bbox 904 4960 1107 5029; x_wconf 78' lang='grc' dir='ltr'>ἐκείνης</span> <span class='ocrx_word' id='word_1_755' title='bbox 1166 4961 1489 5039; x_wconf 75' lang='grc' dir='ltr'>ἐξημμένον,</span> <span class='ocrx_word' id='word_1_756' title='bbox 1526 4981 1559 5017; x_wconf 81' lang='grc'><strong>)›</strong></span> <span class='ocrx_word' id='word_1_757' title='bbox 1627 4964 1700 5019; x_wconf 83' lang='grc' dir='ltr'><strong>Σὺ</strong></span> <span class='ocrx_word' id='word_1_758' title='bbox 1756 4972 1880 5041; x_wconf 79' lang='grc' dir='ltr'>γοῦν</span> 
     </span>
    </p>
   </div>
   <div class='ocr_carea' id='block_1_100' title="bbox 222 5046 1880 5132">
    <p class='ocr_par' dir='ltr' id='par_1_100' title="bbox 222 5046 1880 5132">
     <span class='ocr_line' id='line_1_101' title="bbox 222 5046 1880 5132; baseline 0.001 -25"><span class='ocrx_word' id='word_1_759' title='bbox 222 5050 468 5131; x_wconf 74' lang='grc' dir='ltr'>ἆρρεπῶς</span> <span class='ocrx_word' id='word_1_760' title='bbox 542 5047 763 5108; x_wconf 79' lang='grc' dir='ltr'>ἐνταῦθα</span> <span class='ocrx_word' id='word_1_761' title='bbox 856 5046 1078 5121; x_wconf 77' lang='grc' dir='ltr'>δικαζων</span> <span class='ocrx_word' id='word_1_762' title='bbox 1142 5052 1255 5109; x_wconf 78' lang='grc' dir='ltr'>εἰπὲ</span> <span class='ocrx_word' id='word_1_763' title='bbox 1309 5054 1438 5132; x_wconf 86' lang='grc' dir='ltr'>πρός</span> <span class='ocrx_word' id='word_1_764' title='bbox 1534 5056 1699 5119; x_wconf 78' lang='grc' dir='ltr'>αὐτῆς</span> <span class='ocrx_word' id='word_1_765' title='bbox 1780 5056 1880 5119; x_wconf 78' lang='grc' dir='ltr'>τῆς</span> 
     </span>
    </p>
   </div>
   <div class='ocr_carea' id='block_1_101' title="bbox 225 5136 1881 5220">
    <p class='ocr_par' dir='ltr' id='par_1_101' title="bbox 225 5136 1881 5220">
     <span class='ocr_line' id='line_1_102' title="bbox 225 5136 1881 5220; baseline 0.001 -26"><span class='ocrx_word' id='word_1_766' title='bbox 225 5137 468 5220; x_wconf 75' lang='grc' dir='ltr'>τριάδος,</span> <span class='ocrx_word' id='word_1_767' title='bbox 515 5140 546 5194; x_wconf 85' lang='lat'><strong>6</strong></span> <span class='ocrx_word' id='word_1_768' title='bbox 592 5139 723 5217; x_wconf 87' lang='grc' dir='ltr'>πρός</span> <span class='ocrx_word' id='word_1_769' title='bbox 794 5136 926 5197; x_wconf 67' lang='grc' dir='ltr'><strong>αὒτᾶ</strong></span> <span class='ocrx_word' id='word_1_770' title='bbox 992 5141 1059 5196; x_wconf 80' lang='grc' dir='ltr'>τὰ</span> <span class='ocrx_word' id='word_1_771' title='bbox 1111 5147 1218 5197; x_wconf 90' lang='grc' dir='ltr'><strong>τῶν</strong></span> <span class='ocrx_word' id='word_1_772' title='bbox 1285 5141 1449 5219; x_wconf 80' lang='grc' dir='ltr'>ἁγίων</span> <span class='ocrx_word' id='word_1_773' title='bbox 1508 5142 1881 5218; x_wconf 85' lang='grc' dir='ltr'>κακουργωσας</span> 
     </span>
    </p>
   </div>
   <div class='ocr_carea' id='block_1_102' title="bbox 224 5224 1882 5309">
    <p class='ocr_par' dir='ltr' id='par_1_102' title="bbox 224 5224 1882 5309">
     <span class='ocr_line' id='line_1_103' title="bbox 224 5224 1882 5309; baseline -0.002 -21"><span class='ocrx_word' id='word_1_774' title='bbox 224 5230 364 5307; x_wconf 70' lang='grc' dir='ltr'>ῥητὰ</span> <span class='ocrx_word' id='word_1_775' title='bbox 393 5229 482 5285; x_wconf 86' lang='grc' dir='ltr'><strong>καὶ</strong></span> <span class='ocrx_word' id='word_1_776' title='bbox 526 5224 820 5305; x_wconf 79' lang='grc' dir='ltr'>διαγράψας</span> <span class='ocrx_word' id='word_1_777' title='bbox 864 5234 958 5284; x_wconf 80' lang='grc' dir='ltr'>τοῦ</span> <span class='ocrx_word' id='word_1_778' title='bbox 1013 5235 1271 5308; x_wconf 74' lang='grc' dir='ltr'>γραφικοῦ</span> <span class='ocrx_word' id='word_1_779' title='bbox 1326 5230 1528 5309; x_wconf 81' lang='grc' dir='ltr'>χωρίου</span> <span class='ocrx_word' id='word_1_780' title='bbox 1584 5228 1683 5297; x_wconf 76' lang='grc' dir='ltr'><strong>τὴν</strong></span> <span class='ocrx_word' id='word_1_781' title='bbox 1726 5249 1882 5308; x_wconf 87' lang='grc' dir='ltr'>περι-</span> 
     </span>
    </p>
   </div>
   <div class='ocr_carea' id='block_1_103' title="bbox 226 5313 1882 5398">
    <p class='ocr_par' dir='ltr' id='par_1_103' title="bbox 226 5313 1882 5398">
     <span class='ocr_line' id='line_1_104' title="bbox 226 5313 1882 5398; baseline 0.001 -25"><span class='ocrx_word' id='word_1_782' title='bbox 226 5319 431 5398; x_wconf 74' lang='grc' dir='ltr'>κοπὴν,</span> <span class='ocrx_word' id='word_1_783' title='bbox 477 5317 548 5385; x_wconf 77' lang='grc' dir='ltr'><strong>ἢν</strong></span> <span class='ocrx_word' id='word_1_784' title='bbox 588 5313 924 5396; x_wconf 79' lang='grc' dir='ltr'>διεγίνωσκεν</span> <span class='ocrx_word' id='word_1_785' title='bbox 970 5315 1101 5384; x_wconf 73' lang='grc' dir='ltr'>ὕλην</span> <span class='ocrx_word' id='word_1_786' title='bbox 1156 5324 1226 5395; x_wconf 80' lang='grc' dir='ltr'>τῇ</span> <span class='ocrx_word' id='word_1_787' title='bbox 1298 5318 1714 5395; x_wconf 82' lang='grc' dir='ltr'>ἐκκλησιαστικῇ</span> <span class='ocrx_word' id='word_1_788' title='bbox 1741 5340 1882 5397; x_wconf 88' lang='grc' dir='ltr'>παρ-</span> 
     </span>
    </p>
   </div>
   <div class='ocr_carea' id='block_1_104' title="bbox 229 5405 1887 5488">
    <p class='ocr_par' dir='ltr' id='par_1_104' title="bbox 229 5405 1887 5488">
     <span class='ocr_line' id='line_1_105' title="bbox 229 5405 1887 5488; baseline -0.001 -23"><span class='ocrx_word' id='word_1_789' title='bbox 229 5407 506 5488; x_wconf 74' lang='grc' dir='ltr'>εχομένην</span> <span class='ocrx_word' id='word_1_790' title='bbox 569 5407 780 5488; x_wconf 71' lang='grc' dir='ltr'>εἰρήνῃ,</span> <span class='ocrx_word' id='word_1_791' title='bbox 845 5412 961 5469; x_wconf 88' lang='grc' dir='ltr'><strong>πῶς</strong></span> <span class='ocrx_word' id='word_1_792' title='bbox 1032 5408 1125 5463; x_wconf 71' lang='grc' dir='ltr'>οὒκ</span> <span class='ocrx_word' id='word_1_793' title='bbox 1166 5405 1228 5463; x_wconf 81' lang='grc' dir='ltr'><strong>ἐκ</strong></span> <span class='ocrx_word' id='word_1_794' title='bbox 1284 5407 1501 5488; x_wconf 85' lang='grc' dir='ltr'>ἐριθείας</span> <span class='ocrx_word' id='word_1_795' title='bbox 1577 5409 1726 5471; x_wconf 77' lang='grc' dir='ltr'>οὗτος</span> <span class='ocrx_word' id='word_1_796' title='bbox 1796 5408 1887 5464; x_wconf 81' lang='grc' dir='ltr'><strong>καὶ</strong></span> 
     </span>
    </p>
   </div>
   <div class='ocr_carea' id='block_1_105' title="bbox 228 5493 1887 5578">
    <p class='ocr_par' dir='ltr' id='par_1_105' title="bbox 228 5493 1887 5578">
     <span class='ocr_line' id='line_1_106' title="bbox 228 5493 1887 5578; baseline 0 -26"><span class='ocrx_word' id='word_1_797' title='bbox 228 5496 514 5576; x_wconf 71' lang='grc' dir='ltr'>ἀλογίστου</span> <span class='ocrx_word' id='word_1_798' title='bbox 565 5497 790 5576; x_wconf 82' lang='grc' dir='ltr'>γνώμης</span> <span class='ocrx_word' id='word_1_799' title='bbox 848 5493 1201 5578; x_wconf 70' lang='grc' dir='ltr'>δια-γνωσθείη</span> <span class='ocrx_word' id='word_1_800' title='bbox 1217 5575 1225 5578; x_wconf 26' lang='grc' dir='ltr'><strong>Α</strong></span> <span class='ocrx_word' id='word_1_801' title='bbox 1245 5498 1375 5578; x_wconf 85' lang='grc' dir='ltr'>πρός</span> <span class='ocrx_word' id='word_1_802' title='bbox 1429 5498 1527 5565; x_wconf 74' lang='grc' dir='ltr'>τὴν</span> <span class='ocrx_word' id='word_1_803' title='bbox 1584 5502 1684 5565; x_wconf 79' lang='grc' dir='ltr'>τῆς</span> <span class='ocrx_word' id='word_1_804' title='bbox 1737 5498 1887 5577; x_wconf 78' lang='grc' dir='ltr'>εἰρή-</span> 
     </span>
    </p>
   </div>
   <div class='ocr_carea' id='block_1_106' title="bbox 230 5575 1887 5665">
    <p class='ocr_par' dir='ltr' id='par_1_106' title="bbox 230 5575 1887 5665">
     <span class='ocr_line' id='line_1_107' title="bbox 230 5575 1887 5665; baseline -0.014 -13"><span class='ocrx_word' id='word_1_805' title='bbox 230 5575 680 5665; x_wconf 11' lang='grc' dir='ltr'><strong>ντιντγἆττοτιπκνιτὴν</strong></span> <span class='ocrx_word' id='word_1_806' title='bbox 738 5583 1127 5661; x_wconf 74' lang='grc' dir='ltr'>διακείμενοςς</span> <span class='ocrx_word' id='word_1_807' title='bbox 1190 5575 1384 5663; x_wconf 68' lang='grc' dir='ltr'>’Ὅμως</span> <span class='ocrx_word' id='word_1_808' title='bbox 1433 5589 1476 5643; x_wconf 76' lang='grc' dir='ltr'><strong>εἰ</strong></span> <span class='ocrx_word' id='word_1_809' title='bbox 1532 5587 1621 5643; x_wconf 70' lang='grc' dir='ltr'><strong>καὶ</strong></span> <span class='ocrx_word' id='word_1_810' title='bbox 1690 5586 1726 5653; x_wconf 68' lang='grc' dir='ltr'>ἡ</span> <span class='ocrx_word' id='word_1_811' title='bbox 1784 5575 1887 5663; x_wconf 68' lang='grc' dir='ltr'><strong>ῥη-</strong></span> 
     </span>
    </p>
   </div>
   <div class='ocr_carea' id='block_1_107' title="bbox 231 5672 1888 5756">
    <p class='ocr_par' dir='ltr' id='par_1_107' title="bbox 231 5672 1888 5756">
     <span class='ocr_line' id='line_1_108' title="bbox 231 5672 1888 5756; baseline 0.001 -24"><span class='ocrx_word' id='word_1_812' title='bbox 231 5677 391 5732; x_wconf 74' lang='grc' dir='ltr'>θιϊσα</span> <span class='ocrx_word' id='word_1_813' title='bbox 457 5677 712 5756; x_wconf 74' lang='grc' dir='ltr'>περικοπή</span> <span class='ocrx_word' id='word_1_814' title='bbox 802 5682 905 5731; x_wconf 73' lang='grc' dir='ltr'>τοῦ</span> <span class='ocrx_word' id='word_1_815' title='bbox 989 5681 1250 5752; x_wconf 76' lang='grc' dir='ltr'>γραφικοῦ</span> <span class='ocrx_word' id='word_1_816' title='bbox 1311 5678 1509 5756; x_wconf 83' lang='grc' dir='ltr'>χωρίου</span> <span class='ocrx_word' id='word_1_817' title='bbox 1608 5672 1888 5755; x_wconf 82' lang='grc' dir='ltr'>διεγράφη,</span> 
     </span>
    </p>
   </div>
   <div class='ocr_carea' id='block_1_108' title="bbox 1964 4775 3616 4861">
    <p class='ocr_par' dir='ltr' id='par_1_108' title="bbox 1964 4775 3616 4861">
     <span class='ocr_line' id='line_1_109' title="bbox 1964 4775 3616 4861; baseline -0.002 -20"><span class='ocrx_word' id='word_1_818' title='bbox 1964 4780 2287 4842; x_wconf 88' lang='lat' dir='ltr'><strong>multorum</strong></span> <span class='ocrx_word' id='word_1_819' title='bbox 2349 4780 2573 4861; x_wconf 90' lang='lat' dir='ltr'><strong>impetu</strong></span> <span class='ocrx_word' id='word_1_820' title='bbox 2615 4786 2886 4840; x_wconf 84' lang='lat' dir='ltr'><strong>exortum</strong></span> <span class='ocrx_word' id='word_1_821' title='bbox 2942 4776 3147 4840; x_wconf 81' lang='lat' dir='ltr'><strong>fuisse.</strong></span> <span class='ocrx_word' id='word_1_822' title='bbox 3198 4775 3464 4857; x_wconf 84' lang='lat' dir='ltr'><strong>Namque</strong></span> <span class='ocrx_word' id='word_1_823' title='bbox 3522 4794 3616 4838; x_wconf 90' lang='lat' dir='ltr'><strong>re—</strong></span> 
     </span>
    </p>
   </div>
   <div class='ocr_carea' id='block_1_109' title="bbox 1964 4863 3611 4949">
    <p class='ocr_par' dir='ltr' id='par_1_109' title="bbox 1964 4863 3611 4949">
     <span class='ocr_line' id='line_1_110' title="bbox 1964 4863 3611 4949; baseline -0.001 -20"><span class='ocrx_word' id='word_1_824' title='bbox 1964 4869 2276 4949; x_wconf 90' lang='lat' dir='ltr'><strong>periuntur</strong></span> <span class='ocrx_word' id='word_1_825' title='bbox 2306 4867 2580 4931; x_wconf 86' lang='lat' dir='ltr'><strong>nonnulli</strong></span> <span class='ocrx_word' id='word_1_826' title='bbox 2615 4866 2876 4941; x_wconf 90' lang='lat' dir='ltr'><strong>codices,</strong></span> <span class='ocrx_word' id='word_1_827' title='bbox 2912 4883 2980 4926; x_wconf 84' lang='lat' dir='ltr'><strong>ex</strong></span> <span class='ocrx_word' id='word_1_828' title='bbox 3013 4863 3227 4945; x_wconf 86' lang='lat' dir='ltr'><strong>quibus</strong></span> <span class='ocrx_word' id='word_1_829' title='bbox 3256 4863 3401 4926; x_wconf 84' lang='lat' dir='ltr'><strong>illud</strong></span> <span class='ocrx_word' id='word_1_830' title='bbox 3433 4863 3611 4927; x_wconf 90' lang='lat' dir='ltr'><strong>abra-</strong></span> 
     </span>
    </p>
   </div>
   <div class='ocr_carea' id='block_1_110' title="bbox 1964 4953 3610 5038">
    <p class='ocr_par' dir='ltr' id='par_1_110' title="bbox 1964 4953 3610 5038">
     <span class='ocr_line' id='line_1_111' title="bbox 1964 4953 3610 5038; baseline -0.001 -19"><span class='ocrx_word' id='word_1_831' title='bbox 1964 4975 2095 5019; x_wconf 90' lang='lat' dir='ltr'><strong>sum</strong></span> <span class='ocrx_word' id='word_1_832' title='bbox 2149 4967 2261 5034; x_wconf 91' lang='lat' dir='ltr'><strong>est,</strong></span> <span class='ocrx_word' id='word_1_833' title='bbox 2325 4983 2348 5013; x_wconf 79' lang='grc' dir='ltr'>α</span> <span class='ocrx_word' id='word_1_834' title='bbox 2384 4956 2457 5018; x_wconf 89' lang='lat' dir='ltr'><strong>ab</strong></span> <span class='ocrx_word' id='word_1_835' title='bbox 2506 4957 2637 5038; x_wconf 90' lang='lat' dir='ltr'><strong>ipso</strong></span> <span class='ocrx_word' id='word_1_836' title='bbox 2684 4974 2815 5018; x_wconf 91' lang='lat' dir='ltr'><strong>esse</strong></span> <span class='ocrx_word' id='word_1_837' title='bbox 2860 4953 3205 5029; x_wconf 90' lang='lat' dir='ltr'><strong>habentem,</strong></span> <span class='ocrx_word' id='word_1_838' title='bbox 3240 4962 3297 5016; x_wconf 92' lang='lat' dir='ltr'><strong>et</strong></span> <span class='ocrx_word' id='word_1_839' title='bbox 3350 4953 3423 5015; x_wconf 92' lang='lat' dir='ltr'><strong>ab</strong></span> <span class='ocrx_word' id='word_1_840' title='bbox 3479 4955 3610 5037; x_wconf 89' lang='lat' dir='ltr'><strong>ipso</strong></span> 
     </span>
    </p>
   </div>
   <div class='ocr_carea' id='block_1_111' title="bbox 1966 5042 3612 5125">
    <p class='ocr_par' dir='ltr' id='par_1_111' title="bbox 1966 5042 3612 5125">
     <span class='ocr_line' id='line_1_112' title="bbox 1966 5042 3612 5125; baseline -0.002 -17"><span class='ocrx_word' id='word_1_841' title='bbox 1966 5045 2391 5125; x_wconf 89' lang='lat' dir='ltr'><strong>accipientem,</strong></span> <span class='ocrx_word' id='word_1_842' title='bbox 2453 5054 2512 5109; x_wconf 88' lang='lat' dir='ltr'><strong>et</strong></span> <span class='ocrx_word' id='word_1_843' title='bbox 2568 5044 2741 5108; x_wconf 90' lang='lat' dir='ltr'><strong>nobis</strong></span> <span class='ocrx_word' id='word_1_844' title='bbox 2794 5042 3271 5119; x_wconf 90' lang='lat' dir='ltr'><strong>annuntiantem,</strong></span> <span class='ocrx_word' id='word_1_845' title='bbox 3331 5052 3390 5105; x_wconf 92' lang='lat' dir='ltr'><strong>et</strong></span> <span class='ocrx_word' id='word_1_846' title='bbox 3421 5044 3612 5106; x_wconf 90' lang='lat' dir='ltr'><strong>modis</strong></span> 
     </span>
    </p>
   </div>
   <div class='ocr_carea' id='block_1_112' title="bbox 1966 5128 3606 5214">
    <p class='ocr_par' dir='ltr' id='par_1_112' title="bbox 1966 5128 3606 5214">
     <span class='ocr_line' id='line_1_113' title="bbox 1966 5128 3606 5214; baseline -0.001 -19"><span class='ocrx_word' id='word_1_847' title='bbox 1966 5133 2245 5196; x_wconf 86' lang='lat' dir='ltr'><strong>omnibus</strong></span> <span class='ocrx_word' id='word_1_848' title='bbox 2257 5133 2329 5196; x_wconf 78' lang='lat' dir='ltr'><strong>ab</strong></span> <span class='ocrx_word' id='word_1_849' title='bbox 2342 5152 2411 5197; x_wconf 89' lang='lat' dir='ltr'><strong>ea</strong></span> <span class='ocrx_word' id='word_1_850' title='bbox 2431 5153 2608 5196; x_wconf 89' lang='lat' dir='ltr'><strong>causa</strong></span> <span class='ocrx_word' id='word_1_851' title='bbox 2630 5131 3089 5214; x_wconf 85' lang='lat' dir='ltr'><strong>dependentem.</strong></span> <span class='ocrx_word' id='word_1_852' title='bbox 3103 5128 3226 5192; x_wconf 65' lang='lat' dir='ltr'><strong>«Tu</strong></span> <span class='ocrx_word' id='word_1_853' title='bbox 3245 5130 3606 5213; x_wconf 54' lang='lat' dir='ltr'><strong>itaqueneue</strong></span> 
     </span>
    </p>
   </div>
   <div class='ocr_carea' id='block_1_113' title="bbox 1967 5220 3610 5304">
    <p class='ocr_par' dir='ltr' id='par_1_113' title="bbox 1967 5220 3610 5304">
     <span class='ocr_line' id='line_1_114' title="bbox 1967 5220 3610 5304; baseline -0.002 -18"><span class='ocrx_word' id='word_1_854' title='bbox 1967 5230 2116 5286; x_wconf 88' lang='lat' dir='ltr'><strong>tram</strong></span> <span class='ocrx_word' id='word_1_855' title='bbox 2144 5222 2203 5284; x_wconf 93' lang='lat' dir='ltr'><strong>in</strong></span> <span class='ocrx_word' id='word_1_856' title='bbox 2235 5232 2465 5304; x_wconf 91' lang='lat' dir='ltr'><strong>partem</strong></span> <span class='ocrx_word' id='word_1_857' title='bbox 2494 5240 2827 5304; x_wconf 79' lang='lat' dir='ltr'><strong>propensus</strong></span> <span class='ocrx_word' id='word_1_858' title='bbox 2851 5220 3146 5300; x_wconf 87' lang='lat' dir='ltr'><strong>judicinm</strong></span> <span class='ocrx_word' id='word_1_859' title='bbox 3175 5220 3397 5297; x_wconf 79' lang='lat' dir='ltr'><strong>ferens,</strong></span> <span class='ocrx_word' id='word_1_860' title='bbox 3429 5220 3610 5283; x_wconf 88' lang='lat' dir='ltr'><strong>dicito</strong></span> 
     </span>
    </p>
   </div>
   <div class='ocr_carea' id='block_1_114' title="bbox 1967 5310 3614 5395">
    <p class='ocr_par' dir='ltr' id='par_1_114' title="bbox 1967 5310 3614 5395">
     <span class='ocr_line' id='line_1_115' title="bbox 1967 5310 3614 5395; baseline -0.002 -20"><span class='ocrx_word' id='word_1_861' title='bbox 1967 5331 2075 5395; x_wconf 89' lang='lat' dir='ltr'><strong>per</strong></span> <span class='ocrx_word' id='word_1_862' title='bbox 2098 5311 2401 5385; x_wconf 79' lang='lat' dir='ltr'><strong>Triadem,</strong></span> <span class='ocrx_word' id='word_1_863' title='bbox 2426 5312 2529 5390; x_wconf 87' lang='lat' dir='ltr'><strong>qui</strong></span> <span class='ocrx_word' id='word_1_864' title='bbox 2561 5312 2719 5374; x_wconf 88' lang='lat' dir='ltr'><strong>dicta</strong></span> <span class='ocrx_word' id='word_1_865' title='bbox 2746 5317 3084 5373; x_wconf 88' lang='lat' dir='ltr'><strong>sanctorum</strong></span> <span class='ocrx_word' id='word_1_866' title='bbox 3117 5312 3353 5371; x_wconf 90' lang='lat' dir='ltr'><strong>Patrum</strong></span> <span class='ocrx_word' id='word_1_867' title='bbox 3382 5310 3614 5391; x_wconf 88' lang='lat' dir='ltr'><strong>perdite</strong></span> 
     </span>
    </p>
   </div>
   <div class='ocr_carea' id='block_1_115' title="bbox 1969 5397 3618 5484">
    <p class='ocr_par' dir='ltr' id='par_1_115' title="bbox 1969 5397 3618 5484">
     <span class='ocr_line' id='line_1_116' title="bbox 1969 5397 3618 5484; baseline -0.002 -20"><span class='ocrx_word' id='word_1_868' title='bbox 1969 5400 2312 5484; x_wconf 81' lang='lat' dir='ltr'><strong>depravavit</strong></span> <span class='ocrx_word' id='word_1_869' title='bbox 2358 5409 2417 5464; x_wconf 90' lang='lat' dir='ltr'><strong>et</strong></span> <span class='ocrx_word' id='word_1_870' title='bbox 2472 5399 2653 5463; x_wconf 87' lang='lat' dir='ltr'><strong>verba</strong></span> <span class='ocrx_word' id='word_1_871' title='bbox 2706 5398 2807 5461; x_wconf 89' lang='lat' dir='ltr'><strong>illa</strong></span> <span class='ocrx_word' id='word_1_872' title='bbox 2865 5417 2935 5461; x_wconf 83' lang='lat' dir='ltr'><strong>ex</strong></span> <span class='ocrx_word' id='word_1_873' title='bbox 2965 5397 3187 5481; x_wconf 88' lang='lat' dir='ltr'><strong>scripto</strong></span> <span class='ocrx_word' id='word_1_874' title='bbox 3216 5398 3457 5475; x_wconf 87' lang='lat' dir='ltr'><strong>abrasit,</strong></span> <span class='ocrx_word' id='word_1_875' title='bbox 3485 5416 3618 5479; x_wconf 81' lang='lat' dir='ltr'><strong>quae</strong></span> 
     </span>
    </p>
   </div>
   <div class='ocr_carea' id='block_1_116' title="bbox 1970 5487 3615 5571">
    <p class='ocr_par' dir='ltr' id='par_1_116' title="bbox 1970 5487 3615 5571">
     <span class='ocr_line' id='line_1_117' title="bbox 1970 5487 3615 5571; baseline -0.002 -20"><span class='ocrx_word' id='word_1_876' title='bbox 1970 5489 2328 5571; x_wconf 84' lang='lat' dir='ltr'><strong>agnoscebat</strong></span> <span class='ocrx_word' id='word_1_877' title='bbox 2353 5490 2656 5552; x_wconf 77' lang='lat' dir='ltr'><strong>materiam</strong></span> <span class='ocrx_word' id='word_1_878' title='bbox 2676 5488 2838 5571; x_wconf 89' lang='lat' dir='ltr'><strong>pacis</strong></span> <span class='ocrx_word' id='word_1_879' title='bbox 2857 5488 3275 5551; x_wconf 71' lang='lat' dir='ltr'><strong>ecclesiasticas</strong></span> <span class='ocrx_word' id='word_1_880' title='bbox 3306 5487 3615 5561; x_wconf 81' lang='lat' dir='ltr'><strong>exhibere,</strong></span> 
     </span>
    </p>
   </div>
   <div class='ocr_carea' id='block_1_117' title="bbox 1973 5575 3613 5662">
    <p class='ocr_par' dir='ltr' id='par_1_117' title="bbox 1973 5575 3613 5662">
     <span class='ocr_line' id='line_1_118' title="bbox 1973 5575 3613 5662; baseline -0.004 -20"><span class='ocrx_word' id='word_1_881' title='bbox 1973 5579 2271 5662; x_wconf 91' lang='lat' dir='ltr'><strong>quomodo</strong></span> <span class='ocrx_word' id='word_1_882' title='bbox 2303 5579 2708 5657; x_wconf 88' lang='lat' dir='ltr'><strong>contentione,</strong></span> <span class='ocrx_word' id='word_1_883' title='bbox 2761 5585 2820 5640; x_wconf 87' lang='lat' dir='ltr'><strong>et</strong></span> <span class='ocrx_word' id='word_1_884' title='bbox 2876 5576 3101 5639; x_wconf 90' lang='lat' dir='ltr'><strong>insulso</strong></span> <span class='ocrx_word' id='word_1_885' title='bbox 3132 5576 3385 5639; x_wconf 82' lang='lat' dir='ltr'><strong>consilio</strong></span> <span class='ocrx_word' id='word_1_886' title='bbox 3410 5575 3484 5662; x_wconf 83' lang='lat' dir='ltr'><strong>ad</strong></span> <span class='ocrx_word' id='word_1_887' title='bbox 3506 5591 3613 5662; x_wconf 66' lang='lat' dir='ltr'><strong>pa-</strong></span> 
     </span>
    </p>
   </div>
   <div class='ocr_carea' id='block_1_118' title="bbox 1974 5658 3614 5745">
    <p class='ocr_par' dir='ltr' id='par_1_118' title="bbox 1974 5658 3614 5745">
     <span class='ocr_line' id='line_1_119' title="bbox 1974 5658 3614 5745; baseline -0.009 -14"><span class='ocrx_word' id='word_1_888' title='bbox 1974 5658 2104 5732; x_wconf 77' lang='lat' dir='ltr'><strong>cem</strong></span> <span class='ocrx_word' id='word_1_889' title='bbox 2135 5668 2584 5733; x_wconf 84' lang='lat' dir='ltr'><strong>convellendam</strong></span> <span class='ocrx_word' id='word_1_890' title='bbox 2615 5667 2860 5732; x_wconf 81' lang='lat' dir='ltr'><strong>aﬁ‘ectus</strong></span> <span class='ocrx_word' id='word_1_891' title='bbox 2889 5684 3010 5729; x_wconf 89' lang='lat' dir='ltr'><strong>non</strong></span> <span class='ocrx_word' id='word_1_892' title='bbox 3040 5660 3481 5745; x_wconf 77' lang='lat' dir='ltr'><strong>cognoscatur?</strong></span> <span class='ocrx_word' id='word_1_893' title='bbox 3506 5658 3614 5720; x_wconf 90' lang='lat' dir='ltr'><strong>Ni-</strong></span> 
     </span>
    </p>
   </div>
  </div>
