4142 6286
603 430 683 496 79

1669 436 1936 501 JOANN.
1962 430 2183 500 VECCI
2212 434 2327 497 ΟΡ.
2356 433 2897 502 ΡΑΤΒΙΑΒΟΗιΕ.

3901 442 3985 507 80

601 567 925 636 hilominus
953 573 1092 640 licet
1119 575 1328 640 allatus
1347 584 1539 639 textus
1553 591 1621 636 ex
1639 571 1858 654 scripto
1875 569 2082 634 codice
2097 585 2234 631 era-

2319 565 2453 654 ᾇλλὰ
2522 571 2581 627 οὒ
2611 573 2697 627 καὶ
2725 572 2829 629 ἀπὸ
2883 581 2986 629 τῶν
3021 573 3306 632 ἐπιλοίπων
3350 579 3643 652 σημείωσαι
3713 580 3786 642 ὡς
3842 578 3986 636 πολε

603 674 705 719 sus
735 667 850 733 est,
885 669 947 724 ιιι
976 682 1047 726 εχ
1079 665 1221 739 illis,
1284 683 1416 746 qua;
1473 662 1703 743 reliqua
1743 668 1901 740 sunt,
1935 659 2234 746 adnatato.

603 748 838 827 quantis
872 758 931 812 et
956 751 1086 833 ipsa
1111 744 1372 834 polleant
1399 752 1472 815 ad
1506 749 1802 832 pacandos
1829 747 2084 820 animos,
2106 744 2242 808 viri-

603 834 736 898 bus.
768 837 923 902 Dicit
978 859 1234 924 namque
1285 841 1383 904 hic
1435 848 1673 902 sanctus
1703 841 1762 900 in
1795 836 2187 918 sequentibus
2225 855 2237 892 :

606 923 1151 999 «Quemadmodum
1196 932 1357 996 enim
1389 930 1580 994 Filius
1609 929 1820 992 ordine
1845 928 2002 990 Patri
2033 944 2246 989 secun-

596 1013 892 1098 dus,quod
924 1018 997 1080 ab
1027 1020 1153 1094 illo,
1179 1029 1238 1084 et
1264 1019 1568 1101 dignitate,
1604 1017 1760 1100 quod
1793 1015 2151 1098 principium
2188 1020 2246 1077 et

596 1120 775 1167 causa
817 1105 977 1169 illius
1029 1111 1207 1173 Pater
1247 1120 1365 1186 est,
1413 1118 1622 1170 natura
1652 1124 1792 1168 vero
1823 1124 1942 1167 non
1970 1103 2113 1166 item
2142 1120 2241 1164 se-

595 1193 848 1272 cundus,
881 1196 1036 1277 quod
1089 1198 1291 1260 Deitas
1321 1198 1383 1260 in
1413 1195 1702 1259 ambobus
1745 1212 1885 1269 una,
1918 1218 1945 1248 ιν
1982 1192 2108 1274 pari
2140 1209 2238 1253 ra-

596 1281 759 1345 tione
787 1283 1017 1346 scilicet
1047 1294 1106 1349 et
1135 1285 1390 1368 Spiritus
1417 1292 1662 1347 sanctus
1689 1283 1738 1346 si
1770 1282 1921 1346 Filio
1951 1281 2163 1343 ordine
2185 1287 2243 1342 et

595 1368 876 1449 dignitate
907 1373 1156 1436 inferior
1197 1383 1306 1451 est,
1359 1391 1660 1455 nunquam
1691 1380 1889 1434 tamen
1919 1370 2035 1432 rite
2065 1369 2236 1431 dice-

593 1477 727 1520 mus
753 1461 1092 1542 sequi,eum
1142 1462 1387 1527 alterius
1409 1481 1541 1525 esse
1563 1470 1808 1523 natura}.
1836 1459 1989 1532 Quid
2023 1457 2130 1521 tibi
2164 1457 2240 1519 de

593 1546 686 1608 his
715 1548 992 1614 videtur?
1022 1553 1272 1615 Prorsus
1323 1551 1469 1613 nihil
1525 1549 1683 1613 aliud
1743 1547 1884 1611 inde
1916 1547 2233 1627 colligitur.

599 1635 826 1710 nisi,uti
851 1647 942 1701 est
966 1640 1152 1703 Filius
1197 1641 1408 1704 ordine
1439 1647 1498 1703 et
1528 1639 1814 1719 dignitate
1846 1636 2004 1701 Patri
2027 1654 2234 1698 secun-

590 1724 724 1808 dus,
757 1727 839 1789 ita
869 1736 928 1790 et
958 1728 1220 1808 Spiritus
1249 1738 1489 1793 sanctus
1519 1727 1729 1790 ordine
1751 1734 1810 1789 et
1836 1725 2128 1808 dignitate
2144 1744 2236 1787 se-

2324 653 2424 746 λῂν
2453 655 2639 738 ἔχουσι
2681 663 2770 718 καὶ
2824 662 2987 719 ταῦτα
3035 666 3164 742 πρὸς
3222 665 3560 744 καταλλαγὴν
3603 666 3701 746 τὴν
3755 668 3915 746 ἰσχύν
3969 679 3982 691 '

2325 743 2468 823 λέγει
2512 749 2611 826 γὰρ
2654 751 2683 806 6
2711 750 2862 829 ἅγιος
2893 754 3040 818 οὗτος
3083 753 3136 810 έν
3180 767 3299 817 τοῖς
3329 753 3448 823 ἐξῆς
3476 743 3508 788 ⁷·
3593 778 3614 810 ι
3656 744 3748 820 Ὠς
3802 743 3908 835 γᾶρ
3954 759 3982 812 6

2338 836 2457 899 Υἱὸς
2505 836 2644 903 τάξει
2693 841 2790 914 μὲν
2848 839 3084 922 δεύτερος
3138 850 3229 900 τοῦ
3287 845 3514 924 Πατρὸς,
3577 844 3657 901 ὅτι
3717 843 3809 901 ἀπ’
3831 845 3980 901 ἑκεί-

2330 945 2444 1000 νου,
2515 927 2602 982 καὶ
2659 927 2938 1006 ἀξιώματι,
3013 929 3094 986 ὅτι
3151 931 3297 1012 ἁρχὴ
3339 934 3427 990 καὶ
3469 934 3607 990 αἰτία
3680 937 3757 1007 τῷ
3823 935 3978 990 εἶναι

2330 1013 2536 1094 Πατέρα
2603 1018 2782 1093 αὐτοῦ,
2825 1019 2973 1079 φύσει
3044 1017 3099 1076 δὲ
3167 1022 3340 1078 οὐκέτι
3399 1019 3655 1102 δεύτερος,
3729 1021 3866 1079 διότι
3939 1025 3974 1090 ἡ

2328 1100 2513 1169 Θεότης
2558 1103 2614 1160 ἐν
2680 1105 2910 1188 ἐκατέρῳ
2981 1108 3074 1185 μία
3111 1125 3124 1139 ⁸
3177 1133 3204 1164 n
3268 1110 3403 1167 οὕτω
3459 1100 3701 1180 δηλονότι
3757 1113 3846 1168 καὶ
3917 1116 3980 1168 τὸ

2326 1190 2549 1277 Πνεῦμα
2576 1195 2638 1250 τὸ
2665 1194 2840 1274 ἅγιον,
2873 1199 3032 1255 εἶκαὶ
3089 1195 3388 1266 ὑποϐεϐηκε
3430 1201 3520 1256 τὸν
3587 1201 3706 1257 Υἱόν
3762 1207 3832 1277 τῇ
3876 1202 3978 1257 τά·

2325 1275 2397 1342 ξει
2454 1283 2542 1337 καὶ
2591 1289 2667 1357 τῷ
2710 1283 2991 1362 ἀξιώματι,
3053 1287 3225 1345 οὐκέτι
3283 1287 3343 1344 ἄν
3400 1289 3618 1354 εἱκότως
3674 1291 3746 1352 ὠς
3805 1275 3980 1347 ἂλλο-

2321 1368 2465 1445 τρίας
2523 1371 2760 1452 ὑπάρχον
2830 1376 3033 1454 φύσεως
3105 1374 3412 1433 ἀκολουθεῖν
3470 1376 3738 1453 εἴποιμεν,
3775 1379 3839 1436 Τί
3897 1401 3980 1436 σοι

2321 1455 2383 1512 ἐκ
2408 1458 2606 1515 τούτων
2635 1459 2782 1520 δοκεῖ
2816 1486 2832 1536 ;
2895 1466 3125 1530 Πάντως
3158 1464 3302 1522 οὐδὲν
3357 1465 3488 1523 ἄλλο
3557 1469 3695 1523 ἐστὶν
3740 1467 3979 1525 ἐντευθεν

2320 1545 2380 1633 τὸ
2410 1548 2785 1626 συναγόμενον,
2819 1552 2855 1620 ἦ
2899 1551 3004 1633 ὅτι,
3047 1554 3225 1632 ὥσπερ
3267 1556 3402 1611 εστὶν
3456 1557 3483 1611 6
3551 1556 3668 1620 Υἱός
3699 1555 3841 1621 τάξει
3889 1559 3974 1612 καὶ

2319 1632 2577 1711 ἀξιώματι
2607 1637 2840 1720 δεύτερος
2868 1650 2960 1699 τοῦ
2991 1632 3257 1723 νΙΙατρὸς,
3321 1643 3457 1702 οὕτω
3510 1646 3596 1700 καὶ
3639 1647 3700 1701 τὸ
3745 1643 3972 1717 Πνεῦμα

2316 1722 2456 1814 τᾴξει
2521 1729 2610 1784 καὶ
2665 1728 2922 1806 ἀξιώματι
2965 1722 3200 1811 δεύτερόν
3243 1722 3351 1788 ἔστι
3409 1733 3500 1788 τοῦ
3555 1735 3696 1797 Υἱοῦ.
3755 1737 3812 1792 Εἰ
3871 1737 3974 1814 γὰρ

590 1816 820 1910 cundus
849 1825 938 1880 est
966 1819 1139 1910 Filio.
1200 1820 1439 1884 Etenim
1493 1817 1544 1880 si
1572 1815 1854 1910 resuFilii
1884 1811 2230 1910 adPatrem

2319 1812 2380 1868 τὰ
2411 1815 2508 1888 μὲν
2535 1823 2624 1872 τοῦ
2665 1820 2784 1877 Υἱοῡ
2823 1823 2952 1899 πρὸς
3003 1822 3094 1877 τὸν
3152 1821 3368 1900 Πατέρα
3425 1819 3634 1900 δεύτερα
3706 1825 3860 1880 εἴποι

587 1905 880 1968 secundas
929 1907 1063 1988 quis
1108 1911 1532 1972 asseveraverit
1577 1905 1788 1968 ordine
1831 1911 1888 1966 et
1916 1903 2225 1984 dignitate,

2319 1907 2379 1976 τῇ
2433 1901 2572 1970 τάξει
2629 1908 2716 1964 καὶ
2768 1911 2846 1982 τῷ
2917 1907 3197 1989 ἀξιώματι,
3254 1912 3320 1967 τὰ
3389 1909 3443 1966 δὲ
3499 1919 3594 1968 τοῦ
3649 1913 3971 1988 Πνεῦματος

588 1991 843 2074 Spiritus
874 2005 1068 2059 autem
1109 1997 1181 2060 ad
1215 1996 1426 2060 Filium
1460 1994 1622 2059 nullo
1655 1993 1852 2067 modo,
1886 1992 2064 2054 simul
2095 2013 2228 2054 cum

579 2081 712 2144 aliis
744 2091 803 2146 et
832 2102 1110 2166 magnum
1134 2086 1523 2149 Athanasium
1555 2081 2228 2162 criminabitur,hisiis-

581 2169 720 2232 dem
739 2172 937 2235 verbis
957 2177 1258 2238 dicentem
1285 2194 1298 2238 :
1331 2174 1745 2253 «Quaecunque
1765 2170 1950 2234 Filius
1967 2188 2109 2248 erga
2126 2173 2231 2232 Pa-

581 2266 825 2338 trem,et
844 2259 1106 2342 Spiritus
1139 2281 1280 2343 erga
1304 2262 1580 2326 Filium.»
1612 2259 1671 2323 Si
1699 2278 1838 2322 vero
1869 2257 2127 2340 Spiritus
2153 2258 2230 2320 ad

581 2347 796 2411 Filium
827 2352 1109 2414 secundae
1156 2360 1351 2433 partes
1399 2349 1783 2432 proportione
1837 2347 2226 2428 respondent,

581 2438 862 2500 secundis
925 2440 1191 2520 partibus
1236 2441 1373 2504 Filii
1401 2441 1474 2502 ad
1498 2442 1756 2513 Patrem,
1791 2439 1920 2519 ipse
1943 2437 2101 2517 quod
2132 2455 2231 2499 se-

581 2526 802 2607 quitur,
860 2529 1332 2592 ratiocinationis
1391 2526 1838 2609 consequentia,
1900 2525 2076 2588 etiam
2134 2544 2229 2588 me

583 2617 1303 2698 tacente,deprehendere
1332 2617 1574 2700 poteris.
1601 2614 1768 2689 Quod
1800 2616 1849 2676 si
1880 2614 2094 2676 durum
2120 2609 2232 2675 tibi

575 2703 806 2766 videtur
847 2723 1110 2788 rursum,
1162 2715 1221 2769 et
1269 2714 1554 2789 perceptu
1601 2704 1871 2776 difﬁcile,
1935 2701 2224 2784 Spiritum

574 2810 710 2855 esse
738 2794 888 2856 Filio
921 2795 1252 2858 secundum
1283 2803 1344 2860 et
1374 2796 1584 2859 ordine
1609 2802 1669 2856 et
1691 2793 2226 2874 dignitate,secun-

2311 1989 2442 2079 πρός
2485 1993 2574 2049 τὸν
2641 1994 2760 2052 Υἱόν
2820 1995 3085 2079 οὐδαμῶς,
3143 2001 3280 2074 μετὰ
3332 2005 3438 2055 τῶν
3495 1998 3672 2056 ἄλλων
3729 2002 3819 2057 καὶ
3877 2003 3970 2057 τὸν

2313 2078 2480 2167 μέγαν
2530 2079 2834 2142 Ἀθανάσιον
2891 2078 3154 2160 διαϐαλεῖ,
3215 2089 3403 2152 αὐταῖς
3460 2086 3628 2153 λέξεσι
3686 2088 3916 2167 λέγοντα

2321 2194 2342 2223 ι
2378 2159 2522 2226 ’Ὅσα
2551 2172 2578 2226 6
2633 2173 2750 2236 Υἱὸς
2781 2175 2911 2253 πρὸς
2941 2177 3031 2231 τὸν
3061 2175 3300 2255 Πατέρα,
3361 2178 3446 2232 καὶ
3476 2178 3536 2232 τὸ
3580 2159 3807 2252 Πνεῦμα
3838 2179 3969 2256 πρός

2311 2259 2402 2313 τὸν
2444 2258 2586 2318 Υἱόν.
2623 2283 2649 2314 ι
2689 2263 2744 2317 Εἰ
2787 2259 2840 2318 δὲ
2896 2264 2958 2319 τὸ
3015 2267 3108 2321 τοῦ
3164 2266 3482 2340 ΙΙνεύματος
3526 2266 3656 2342 πρός
3712 2267 3805 2322 τὸν
3851 2269 3968 2322 Υξὸν

2313 2343 2605 2427 δευτερεῖον
2661 2351 2920 2431 ἄναλογόν
2976 2353 3087 2410 ἐστί
3126 2355 3202 2410 τῶ
3245 2355 3374 2432 πρὸς
3413 2356 3507 2410 τὸν
3557 2355 3774 2433 Πατέρα
3836 2354 3960 2411 δευ-

2312 2440 2493 2516 τερείῳ
2520 2450 2614 2499 τοῦ
2655 2445 2792 2522 Υἱοῦ,
2853 2444 3007 2508 αὐτός
3049 2447 3110 2502 τὸ
3167 2444 3449 2503 ἆκολουθον
3506 2454 3572 2519 τᾷ
3639 2446 3730 2503 τοῦ
3799 2445 3964 2525 λόγου

2317 2526 2545 2606 ἀνάγκῃ,
2589 2529 2682 2586 καὶ
2735 2531 2866 2608 ἐμοῦ
2913 2540 3244 2608 σιωπῶντος,
3291 2547 3433 2592 νοεῖν
3468 2533 3639 2614 ἔχεις,
3688 2534 3841 2592 ’Λ)λ’
3875 2536 3963 2591 εἴ·

2315 2635 2414 2693 περ
2469 2621 2641 2698 τραχύ
2709 2643 2758 2676 τι
2816 2622 2904 2677 καὶ
2961 2625 3104 2685 αὖθις
3161 2621 3308 2679 δοκεῖ
3349 2645 3430 2680 σοι
3500 2625 3589 2680 καὶ
3643 2621 3964 2704 δυσπαράδε-

2312 2723 2435 2762 κτον
2465 2726 2524 2760 το
2568 2708 2710 2764 εἶναι
2753 2711 2814 2766 τὸ
2871 2711 3094 2786 Πνεῦμα
3137 2709 3374 2791 δευτέρον
3400 2719 3492 2768 τοῦ
3559 2715 3679 2772 Υἷοῦ
3732 2713 3878 2778 τάξει
3907 2736 3963 2770 τε

2308 2793 2397 2848 καὶ
2469 2793 2730 2869 ἀξιώματι
2796 2800 2933 2855 κατὰ
2993 2801 3093 2866 τὴν
3161 2798 3444 2879 ἀναλογίαν
3531 2809 3626 2858 τοῦ
3675 2801 3812 2879 πρός
3871 2805 3960 2858 τὸν

575 2880 716 2944 dum
779 2885 1223 2965 proportionem
1280 2885 1681 2950 secundarum
1741 2883 2022 2964 partium,
2075 2899 2224 2966 quas

2319 2880 2529 2960 Πατέρα
2584 2883 2865 2966 δευτερείου
2934 2895 3027 2946 τοῦ
3096 2890 3215 2944 Υἱοῦ
3271 2887 3355 2945 ἐπὶ
3410 2895 3478 2966 τῇ
3535 2887 3674 2953 τάξει
3740 2891 3834 2944 καί
3887 2897 3961 2964 τῷ

573 2963 1000 3035 δεδοιτὶῐὶυε
1049 2973 1126 3036 ad
1155 2973 1393 3037 Patrem
1443 2973 1653 3035 ordine
1702 2963 1760 3033 et
1813 2969 2119 3051 dignitate.
2169 2963 2224 3030 si

2319 2968 2591 3053 Ξξιώματι,
2650 2963 2740 3031 ἐὲν
2784 2981 2892 3031 τῶν
2962 2976 3054 3033 τοῦ
3111 2977 3320 3044 Νύσσης
3376 2963 3628 3054 ῥημάτων
3691 2963 3954 3052 μνησθῇςξ

570 3060 831 3142 Nysseni
855 3061 1040 3126 verba
1069 3063 1132 3125 in
1160 3061 1514 3126 memoriam
1553 3060 1947 3135 revocaveris,
2001 3058 2217 3142 quibus

2319 3060 2356 3112 ἓν
2385 3063 2470 3124 οῖς
2521 3060 2670 3141 ἔλεγε
2733 3086 2754 3120 ε
2790 3066 2881 3122 τὸν
2952 3066 3171 3144 Πατέρα
3227 3066 3323 3142 μὲν
3379 3067 3809 3144 προεπινοεῐσθαι
3866 3074 3954 3122 τοῦ

574 3149 874 3214 indicabat
899 3169 914 3214 :
955 3155 1229 3216 «Patrem
1261 3151 1409 3215 Filio
1428 3149 1808 3233 praeintelligi
1823 3149 2050 3211 ratione
2068 3166 2208 3210 cau-
2233 3178 2234 3191 ι

2319 3149 2430 3206 Γὶοῦ
2469 3157 2546 3226 τῷ
2602 3157 2696 3230 τῇς
2739 3153 2903 3218 αἰτίας
2960 3153 3126 3233 λόγῳ,
3172 3157 3263 3211 τὸν
3327 3153 3381 3210 δὲ
3448 3155 3567 3211 Υἱόν
3612 3157 3945 3234 προθεωρεϊα

568 3255 674 3316 saa,
723 3239 938 3303 Filium
987 3261 1127 3305 vero
1185 3241 1559 3324 praaintelligi
1617 3239 1871 3322 Spiritus
1916 3236 2214 3319 hypostasi

2319 3239 2411 3294 νθαι
2455 3243 2554 3308 τῆς
2607 3244 2701 3298 τοῦ
2755 3239 3066 3318 Πνεύματος
3111 3244 3448 3306 ὑποστάσεως
3490 3246 3625 3300 κατὰ
3698 3247 3794 3300 τὸν
3837 3249 3941 3306 τῶς

566 3329 898 3392 secundum
929 3348 1120 3393 causa
1146 3331 1461 3407 rationem,
1502 3355 1529 3386 ι
1565 3327 1760 3392 omnis
1787 3326 1898 3389 tibi
1924 3325 2212 3407 asperitas

2319 3326 2460 3392 ιῑτίας
2530 3329 2713 3409 λόγον,
2751 3353 2776 3389 ι
2853 3330 3194 3401 λεανθήσεταί
3276 3352 3356 3388 σοι
3439 3339 3582 3388 πᾶσα
3638 3335 3940 3413 τραχύτης,

563 3416 847 3494 lenietur,
880 3427 938 3480 et
965 3420 1122 3500 quod
1153 3421 1213 3481 in
1244 3419 1444 3482 verbis
1467 3417 1664 3498 magni
1690 3415 1894 3480 Basilii
1924 3423 2210 3496 perceptu

2319 3418 2379 3472 Lai
2406 3419 2467 3473 τὸ
2497 3417 2550 3475 ἐν
2580 3433 2698 3484 τοῖς
2754 3418 2935 3500 λόγοις
2991 3417 3094 3480 τοῦ
3128 3420 3362 3500 μεγάλου
3432 3420 3702 3479 Βασιλείου
3732 3419 3943 3480 δυσπα-

563 3506 807 3569 difﬁcile
836 3508 1252 3584 est,similibus
1275 3509 1527 3590 Nysseni
1556 3505 1751 3570 verbis
1775 3503 2054 3568 facillime
2077 3521 2202 3584 per-

2319 3502 2539 3564 κάδεκτον
2599 3505 2682 3565 διὰ
2734 3514 2840 3566 τῶν
2891 3509 3085 3586 ὁμοίων
3139 3510 3231 3568 τοῦ
3288 3511 3495 3577 Νύσσης
3552 3508 3940 3589 εὐπαράδεχτόν

565 3595 845 3674 cipietur,
880 3605 941 3658 et
969 3597 1182 3660 Filium
1244 3597 1486 3679 quidem
1517 3597 1896 3660 continenter
1937 3611 2006 3655 ex
2036 3591 2208 3654 Patre

2319 3615 2372 3650 ’οι
2415 3597 2719 3674 γενήσεται,
2769 3599 2857 3654 καὶ
2925 3600 3014 3656 τὸν
3059 3600 3157 3675 μὲν
3224 3601 3342 3656 Γὶὸν
3403 3605 3684 3680 προσεχῶς
3740 3599 3808 3656 ἐκ
3850 3609 3942 3658 τοῦ

561 3685 889 3766 concipies,
925 3683 1206 3767 Spiritum
1236 3704 1376 3748 vero
1405 3704 1474 3750 ex
1500 3687 1697 3766 eo,qui
1723 3682 2098 3746 continenter
2119 3689 2210 3744 est

2323 3683 2506 3762 Ῑατρὸς
2539 3688 2769 3760 νοήσεις,
2818 3689 2878 3745 τὸ
2907 3686 2960 3744 δὲ
3008 3685 3226 3762 Πνεῦμα
3280 3685 3364 3745 διὰ
3417 3695 3510 3745 τοῦ
3540 3694 3827 3768 προσεχῶς
3883 3688 3941 3744 ἐκ

565 3792 700 3836 cum
733 3773 926 3837 Patre.
951 3774 1100 3847 Quid
1125 3775 1284 3838 enim
1309 3775 1469 3838 aliud
1499 3777 1710 3837 horum
1727 3772 2041 3835 verborum
2060 3790 2204 3833 sen-

2321 3777 2382 3828 οῦ
2426 3774 2660 3855 Πατρός,
2708 3777 2797 3838 Εἷς
2826 3778 2875 3832 τί
2930 3778 3028 3856 γὰρ
3074 3773 3202 3833 ἄλλο
3258 3780 3344 3832 καὶ
3401 3777 3569 3857 ἀφορᾷ
3621 3775 3658 3843 ἡ
3699 3778 3811 3833 τῶν
3841 3776 3938 3833 λό-

560 3863 744 3925 tentia
775 3864 970 3945 tinuit,
999 3883 1176 3946 quam
1235 3867 1467 3939 Patrem
1514 3861 1891 3947 praaintelligi
1927 3860 2072 3922 Filio
2105 3879 2206 3922 ra-

2319 3883 2397 3918 'wv
2439 3865 2640 3920 τούτων
2669 3861 2900 3938 διάνοια,
2945 3865 2982 3931 ἦ
3011 3864 3091 3921 ὅτι
3133 3879 3526 3944 προεπινοεϊται
3592 3866 3690 3941 μὲν
3749 3866 3779 3922 ὁ
3813 3867 3939 3928 II:—

559 3953 721 4016 tione
749 3973 967 4030 causa},
1030 3955 1187 4038 quod
1250 3975 1320 4019 ex
1371 3958 1541 4018 Patre
1588 3954 1794 4028 Filius,
1828 3950 2206 4034 praeintelligi

2319 3951 2388 4030 ἦρ
2429 3958 2520 4008 τοῦ
2558 3954 2680 4012 Υἶοῠ
2705 3959 2783 4028 τῷ
2834 3953 3004 4034 αἰτίῳ,
3063 3953 3142 4009 ὅτι
3202 3954 3263 4009 ἐκ.
3310 3954 3404 4011 τοῦ
3459 3953 3673 4033 Πατρός
3705 3957 3733 4010 6
3790 3954 3934 4032 Υἱός,

553 4060 693 4105 vero
725 4055 786 4106 et
817 4043 1102 4125 Spiritum
1132 4044 1283 4108 Filio
1314 4043 1644 4108 secundum
1669 4043 1960 4104 rationem
1985 4057 2201 4130 causae,

2319 4041 2687 4114 εροεπινοεῖται
2715 4041 2768 4098 δὲ
2799 4045 2828 4099 6
2869 4044 2986 4106 Υἱὸς
3015 4049 3114 4130 τοῦ¹
3156 4044 3470 4119 ΙΙνεύματος
3528 4044 3664 4099 κατὰ
3716 4045 3807 4099 τὸν
3839 4049 3935 4110 τῆς

555 4132 713 4213 quod
767 4151 836 4194 ex
884 4133 1034 4196 Filio
1063 4134 1342 4216 Spiritus.
1375 4135 1461 4197 Tu
1501 4133 1698 4213 itaque
1726 4133 1975 4193 audiens
2009 4126 2202 4210 Spiri-

2319 4130 2453 4195 ;ἷτίας
2523 4128 2707 4210 λόγον,
2765 4131 2845 4188 ὅτι
2889 4129 2973 4190 διὰ
3023 4126 3115 4188 τοῦ
3171 4134 3308 4192 Υἱοῦ.
3357 4132 3431 4187 Σὺ
3486 4135 3652 4191 τοίνυν
3726 4131 3933 4188 ἀκούωι

559 4229 682 4282 tum
711 4240 781 4283 ex
817 4227 988 4284 Patre
1018 4241 1125 4305 per
1171 4223 1388 4286 Filium
1445 4220 1794 4304 procedere,
1842 4227 2000 4296 et,ex
2028 4219 2201 4280 Patre

2319 4220 2344 4274 δ
2414 4217 2638 4297 Πνεῦμα
2705 4220 2766 4278 Ea
2809 4221 3022 4295 Πατρός
3065 4219 3133 4277 δι’
3200 4222 3319 4277 Υἱοῦ
3363 4220 3803 4301 ἐκπορευόμενον,
3851 4231 3935 4284 καὶ

558 4310 868 4386 exsistere,
901 4319 962 4373 et
987 4330 1022 4374 a
1053 4313 1224 4386 Filio,
1259 4312 1418 4394 quod
1449 4311 1547 4385 sit,
1570 4309 1813 4384 habere,
1841 4315 1900 4369 et
1929 4325 2000 4369 ex
2028 4305 2202 4368 Patre

2319 4327 2345 4362 ιι
2397 4307 2606 4388 Πατρός
2675 4309 2938 4389 ὑπάρχον,
2986 4311 3074 4366 καὶ
3126 4310 3268 4389 παρὰ
3325 4317 3419 4367 τοῦ
3491 4313 3604 4368 ι’ἱοῦ
3669 4311 3731 4366 τὸ
3790 4310 3932 4366 εἶναι

557 4399 952 4462 essentialiter
1000 4401 1246 4477 eﬂ‘undi,
1281 4408 1338 4463 et
1377 4399 1654 4462 similiter
1683 4417 1751 4459 ex
1805 4394 1953 4459 Filio
1985 4413 2197 4458 essen-

2319 4419 2438 4475 χον,
2472 4398 2556 4454 καὶ
2613 4396 2673 4454 ἐκ
2723 4399 2936 4477 Πατρός
2994 4396 3262 4463 οὗσιωδῶς
3306 4399 3692 4478 προχεόμενον,
3743 4399 3834 4456 καὶ
3884 4397 3933 4462 ἐξ

559 4488 774 4551 tialiter
799 4490 1051 4572 eﬂ‘undi,
1081 4491 1131 4552 si
1160 4491 1234 4554 ad
1269 4488 1622 4552 sententiam
1659 4487 1853 4566 magni
1875 4485 2076 4546 Basilii
2105 4485 2234 4572 di-_

2319 4487 2414 4541 ’ἱοῦ
2461 4487 2712 4550 ὡσαύτως
2771 4485 3041 4551 αὺσιωδῶς
3110 4488 3498 4568 προχεόμενον,
3569 4490 3612 4543 εἰ
3656 4490 3789 4565 πρὸς
3836 4488 3932 4554 τὴν

553 4577 782 4640 ctiones
809 4562 1234 4660 interpretatus
1290 4579 1496 4653 fueris,
1529 4562 1884 4658 semperque
1916 4562 2234 4637 memoria]

2319 4576 2536 4640 τιθεῖσαν
2595 4574 2796 4632 ἔννοιαν
2853 4583 2929 4650 τῷ
2983 4562 3518 4654 μεγάλῳ-’βασιλείίγ
3573 4562 3929 4654 διερμηνεύεις

553 4665 881 4728 recolueris
910 4667 1134 4731 dictum
1166 4667 1311 4730 illud
1349 4687 1363 4727 :
1397 4663 1726 4746 oQuidquid
1761 4663 2202 4726 dicituraFilio

2319 4664 2378 4725 ὰς
2412 4661 2599 4738 λέξεις,
2641 4667 2730 4721 καὶ
2778 4663 2975 4720 ἐκείνου
3032 4662 3086 4720 δὲ
3155 4666 3503 4741 μνημονεύεις
3574 4665 3652 4720 ἀεὶ
3696 4674 3790 4721 τοῦ
3820 4666 3922 4743 ῥη-

553 4769 709 4830 esse,
742 4754 804 4816 in
835 4757 1072 4820 Patrem
1131 4758 1385 4837 primam
1415 4773 1656 4818 causam
1713 4753 2060 4816 relationem
2095 4755 2203 4816 ha-

2319 4759 2377 4809 οῦ
2412 4760 2502 4810 τοῦ
2530 4751 2800 4833 λέγοντος,
2849 4773 2872 4807 ε
2909 4753 2974 4810 Εἴ
3017 4775 3065 4808 τι
3116 4751 3326 4832 λέγεται
3373 4755 3512 4830 παρὰ
3555 4760 3646 4808 τοῦ
3690 4754 3812 4809 Υἱοῦ
3841 4753 3931 4809 εἶ·

553 4839 674 4922 bet,
716 4864 746 4903 ›
794 4863 930 4906 cum
979 4845 1249 4909 Romana
1306 4845 1574 4908 Ecclesia
1622 4841 2100 4906 conciliationem
2133 4861 2202 4904 ex

2319 4863 2394 4914 αι,
2425 4842 2498 4907 εἰς
2528 4843 2619 4898 τὸν
2673 4841 2892 4920 Πατέρα
2933 4842 3032 4909 τὴν
3087 4842 3305 4921 πρώτην
3357 4843 3525 4898 αἰτίαν
3580 4841 3681 4908 τὴν
3725 4842 3928 4921 ἀναφο-

552 4930 731 4991 corde
761 4933 1162 5013 amplecteris,
1197 4941 1254 4995 et
1283 4951 1356 4996 ex
1386 4933 1532 4995 Filio
1564 4937 1893 5007 asserente,
1915 4928 2199 5009 Spiritum

2319 4929 2549 5012 ὰνῖἒχει,
2604 4955 2631 4985 ι»
2692 4931 2790 4999 τὴν
2846 4935 2942 4998 τῆς
2991 4922 3299 5005 Ῥωμαϊκῆς
3359 4929 3688 4997 Ἐκκλησίας
3731 4929 3931 4986 καταλ-

553 5033 708 5104 esse,
742 5019 1223 5104 decernenteque
1262 5024 1334 5085 ad
1366 5021 1600 5086 Patrem
1633 5019 1908 5083 universa
1936 5017 2070 5080 Filii
2099 5039 2200 5082 re-

2319 5022 2452 5098 αγὴν
2496 5020 2794 5099 ἐνστερνίσῃ
2825 5020 2930 5076 ἀπὸ
2972 5017 3207 5098 καρδίας,
3263 5022 3352 5077 καὶ
3409 5020 3469 5076 ἐκ
3528 5029 3620 5078 τοῦ
3687 5021 3810 5078 Υἱοῦ
3840 5018 3935 5075 λε-

553 5103 878 5170 ferri.lllud
909 5127 1085 5190 porro
1119 5103 1324 5173 rursus
1355 5108 1651 5191 quomodo
1684 5107 1858 5169 a’iter
1894 5109 2199 5188 percipere

2320 5109 2480 5176 οόσης
2536 5123 2674 5166 εἶναι
2738 5111 2800 5165 τὸ
2878 5105 3099 5183 Πνεῦμα
3181 5110 3269 5164 καὶ
3324 5131 3458 5187 πρας
3542 5110 3634 5163 τὸν
3714 5107 3931 5186 Πατέρα

552 5195 901 5281 poterimus,
929 5199 1085 5280 quod
1120 5217 1371 5281 magnus
1408 5196 1763 5262 Athanasius
1789 5195 1957 5273 dixit,
1983 5193 2196 5258 Filium

2319 5195 2451 5255 πάντα
2504 5204 2597 5254 τοῦ
2665 5200 2783 5254 Υἱοῦ
2853 5195 3268 5275 δογματιζούσης
3354 5197 3658 5275 ἀνάγεσθαι.
3721 5195 3928 5254 Ἐκεῖνο

551 5279 770 5364 Spiritu
799 5279 1082 5367 majorem
1104 5279 1479 5368 apertissime
1516 5284 1855 5349 enuntians.
1889 5281 2000 5346 Hic
2035 5286 2195 5348 enim

2399 5287 2558 5344 πάλιν
2603 5290 2717 5351 πῶς
2748 5285 2921 5352 ἄλλως
2992 5291 3178 5353 νοῆσαι
3229 5289 3452 5366 ἔχομεν,
3514 5284 3641 5366 ὅπερ
3673 5289 3700 5342 ὁ
3757 5287 3924 5364 μέγας

548 5371 815 5434 oratione
847 5375 1038 5456 prima
1061 5384 1270 5438 contra
1297 5373 1752 5454 Arianos.cujus
1783 5371 2138 5455 principium
2177 5395 2190 5440 :

2319 5375 2496 5456 ἴρηκεν
2525 5374 2856 5450 Ἀθανάσιος,
2908 5377 2999 5433 τὸν
3058 5377 3174 5432 Υἱόν
3245 5378 3456 5451 μείζονα
3512 5382 3602 5432 τοῦ
3671 5372 3920 5450 Πνεῦμα·

551 5481 576 5516 ι
609 5461 882 5524 Βᾶθι-οδες
903 5483 1270 5547 quaecunque
1299 5465 1604 5527 veritatem
1635 5462 2190 5543 apprehenderunt,

2319 5489 2366 5531 ος
2399 5463 2658 5544 ὄριδήλως
2689 5465 2850 5522 εἰπὼν
2884 5485 2900 5542 ;
2934 5467 3096 5529 Οὗτος
3149 5465 3248 5543 γὰρ
3306 5464 3358 5521 ἐν
3414 5470 3492 5538 τῷ
3548 5465 3683 5520 κατὰ
3712 5462 3918 5542 Ἀρεια·

545 5548 838 5613 insaniam
871 5553 1047 5622 sibi.»
1079 5554 1324 5617 scribit:
1357 5578 1383 5609 α
1402 5551 1658 5634 Spiritus
1678 5551 1864 5624 dator,
1893 5551 1952 5614 in
1973 5553 2194 5636 Spiritu

2319 5563 2382 5612 Iw
2451 5555 2645 5635 πρώτῳ
2711 5552 2878 5633 λόγῳ,
2940 5553 3000 5611 οὖ
3040 5553 3077 5620 ἡ
3135 5553 3309 5633 ἀρχὴ,
3375 5577 3397 5609 ι
3433 5555 3493 5610 Αἱ
3551 5552 3656 5627 μάν
3698 5552 3921 5630 αἱρέσεις

543 5637 690 5699 dicit
721 5658 883 5704 nunc
941 5642 1165 5724 ejicere
1209 5642 1526 5716 daemonia,
1560 5642 1675 5703 hoc
1705 5657 1844 5702 vero
1875 5661 1993 5705 non
2023 5644 2197 5707 aliter

2319 5668 2395 5702 rat
2453 5652 2552 5714 τῆς
2623 5643 2870 5713 ἀληθείας
2928 5643 3274 5724 ἐπινοήσασαι
3333 5642 3519 5718 μανίαν
3577 5641 3792 5704 ἑαυταῖς
3837 5661 3930 5720 φα-

543 5725 765 5788 dictum
793 5737 903 5807 est,
953 5722 1128 5814 quam
1161 5739 1411 5813 propter
1440 5747 1706 5792 carnem.
1738 5724 1884 5790 Nam
1915 5750 2050 5794 cum
2083 5753 2194 5797 na-

2319 5737 2420 5815 εραὶ
2462 5735 2806 5816 τυγχάνουσι,
2855 5751 2882 5787 ι
2929 5731 3086 5810 φησίν
3119 5749 3133 5764 ·
3185 5752 3209 5788 ι
3248 5722 3305 5789 Ὀ
3348 5729 3441 5788 τοῦ
3485 5728 3803 5805 ΙΙνεύματος
3838 5726 3926 5783 δο-
