4142 6286
249 301 306 365 8l
1378 307 1475 370 DE
1507 302 1797 370 UNIONE
1851 298 2394 366 ECCLESIARUM.

3527 296 3603 362 82

243 439 327 516 τήρ
381 438 435 493 ἐκ
489 439 760 514 ῙΙνεύματι
821 439 969 519 λέγει
1018 448 1102 496 νῦν
1159 435 1433 496 ἐκϐάλλειν
1474 439 1540 495 τὰ
1570 435 1813 513 δαιμόνια
1846 455 1858 471 ⁸

1955 443 2083 498 tura
2111 435 2369 498 humana
2395 436 2546 517 potis
2579 453 2698 498 non
2744 436 2843 511 sit,
2877 454 2948 499 ex
2978 453 3044 498 se
3071 435 3202 516 ipsa
3225 435 3447 516 ejicere
3469 432 3597 496 daa-

245 535 377 583 ὀῦτο
418 525 464 582 ’δἓ
512 529 600 584 οὖν
644 527 788 585 ἔτι-ιν
822 528 968 585 ἀλλω
1053 531 1067 552 ’
1199 527 1208 546 ’
1354 533 1365 547 ‘
1424 524 1448 546 “
1475 527 1489 546 “
1569 529 1582 545 ’
1853 542 1866 556 ⁸

253 569 266 583 .
447 571 467 582 -
593 574 604 583 .
715 569 731 584 .
973 551 997 593 ς
1027 549 1304 608 ειρημενον
1333 530 1370 595 ἢ
1419 547 1504 585 om
1529 549 1626 595 την
1657 527 1823 606 σάρκα

244 618 306 678 ὡς
359 617 451 696 γὰρ
520 622 616 682 τῆς
687 617 978 698 ἂνθρώπων
1063 619 1266 699 φύσεως
1311 620 1404 675 οὒκ
1474 615 1632 682 οὖσης
1686 617 1870 684 ἱκανῆς

243 704 320 785 ἆρ’
384 706 568 772 ἑαυτῆς
613 704 890 764 ἐκϐάλλειν
958 708 1078 770 τοὺς
1133 704 1405 782 δαίμονας,
1453 707 1496 761 εἰ
1562 705 1638 780 μὴ
1710 703 1870 761 δυνά-

243 816 318 868 μει
359 802 441 850 τοῦ
473 796 799 876 Πνεύματος,
851 795 936 852 διὰ
990 806 1142 855 τοῦτο
1180 798 1254 858 ὡς
1313 793 1581 873 ἄνθρωπος
1639 792 1819 871 ἔλεγεν
1851 813 1866 827 ⁸

248 911 265 931 ι
296 884 348 940 Εἰ
366 880 416 937 δὲ
445 882 554 961 ἐγὼ
576 884 629 940 ἐν
661 887 922 960 [Ινεύματι
947 886 1078 942 Θεοῦ
1104 883 1374 962 ζέκϐάλλω
1443 884 1510 940 τὰ
1561 881 1864 958 δαιμόνια.»

243 976 446 1030 Τοιαῦτα
488 975 587 1049 μὲν
633 975 721 1030 οῦν
778 990 896 1040 τοῖς
942 974 1206 1039 Ἰουδαίοις
1263 977 1336 1038 ὡς
1393 973 1661 1052 ἄνθρωπος
1706 972 1864 1051 εἴρη-

239 1083 318 1117 κεν
347 1065 372 1118 ὁ
403 1062 584 1141 Κύριος
618 1083 629 1096 ⁸
661 1078 780 1129 τοῖς
839 1063 893 1121 δὲ
939 1068 1200 1140 μαθηταῖς
1244 1065 1340 1131 τὴν
1369 1064 1593 1129 θεότητα
1637 1063 1724 1118 καὶ
1765 1082 1864 1136 με·

239 1150 542 1227 γαλειότητα
571 1150 773 1218 δεικνὺς
834 1155 1039 1226 ἑαυτοῦ,
1100 1152 1273 1212 οὐκέτι
1331 1150 1616 1208 ἐλάττοντα
1683 1151 1866 1210 ἑαυτὸν

237 1247 318 1295 10-3
365 1240 688 1321 Πνεῦματος,
736 1240 874 1299 ἀλλὰ
922 1243 1129 1318 μείζονα
1171 1243 1258 1298 καὶ
1312 1239 1433 1298 ἴσον
1483 1239 1609 1297 ὄντα
1661 1241 1865 1314 σημαί-

237 1351 347 1403 νων,
390 1327 553 1384 ἐδίδου
573 1331 669 1404 μὲν
701 1331 761 1386 τὸ
809 1329 1051 1405 Πνεῦμα,
1113 1333 1198 1386 καὶ
1240 1329 1442 1409 ἔλεγεν,
1508 1353 1534 1384 α
1571 1326 1716 1406 Ἐγὼ
1744 1328 1871 1384 αῦτὸ

237 1415 552 1491 ἀποστέλλω,
600 1419 848 1484 κάκεῖνος
917 1419 1010 1495 ἐμὲ
1066 1417 1290 1500 δοξάσει,
1337 1420 1425 1476 καὶ
1479 1416 1578 1474 ὅσα
1634 1415 1869 1490 ἀκούσει,

237 1503 461 1575 λαλήσει.
502 1526 530 1559 ι
567 1509 766 1564 Σκόπει
809 1510 870 1564 τὸ
898 1510 1056 1585 ῥητὸν
1087 1515 1260 1582 τοῦτο,
1322 1509 1410 1564 καὶ
1464 1508 1593 1586 πρὸς
1646 1506 1714 1561 τὰ
1742 1506 1871 1561 ἂνα-

240 1596 565 1674 γεγραμμένα
636 1595 939 1673 συμϐίϐαζε,
1034 1599 1121 1654 ’ἔνο
1225 1610 1370 1677 τρεῖς
1428 1596 1568 1654 οῦτοι
1670 1594 1872 1677 ἀπαρά-

238 1705 437 1760 γραπτοι
506 1685 866 1760 λαμϐάνοιντο
947 1687 1227 1766 μάρτυρες,
1320 1692 1661 1748 συνιστῶντες
1736 1671 1874 1740 Ῥωο

240 1773 406 1846 μαίοος
475 1776 556 1850 μὴ
603 1773 694 1830 δύο
744 1775 918 1854 λέγειν
967 1776 1033 1834 τά
1089 1775 1181 1832 τοῦ
1235 1775 1554 1850 ΙΙνεύματος
1617 1769 1790 1846 αἴτια,
1826 1771 1869 1826 εἰ
1893 1813 1928 1861 Β

1668 1862 1712 1917 εἰ
1769 1861 1869 1939 γὰρ

241 1863 318 1917 καὶ
382 1863 438 1918 ἐκ
509 1865 735 1943 Ila-.90;
804 1867 891 1920 καὶ
956 1867 1074 1921 Γίοῦ
1115 1872 1270 1921 τοῦτο
1325 1863 1554 1942 λέγουιιν
1588 1877 1604 1892 ⁸

1953 542 2181 596 mones,
2239 525 2354 587 nisi
2383 525 2595 587 virtute
2654 524 2934 606 Spiritus,
2987 531 3305 606 propterea
3331 530 3395 584 ut
3423 524 3601 585 homo

1953 611 2190 675 dicebat
2225 633 2238 677 :
2273 615 2335 676 Si
2390 633 2527 676 vero
2586 632 2694 692 ego
2745 613 2804 674 in
2857 612 3080 696 Spiritu
3135 611 3242 676 Dei
3271 612 3447 694 ejicio
3477 611 3604 674 dae-

1957 703 2152 763 monia
2181 705 2233 765 5.
2268 703 2404 766 Haec
2469 704 2665 785 itaque
2725 703 2946 766 Judaais
2999 710 3063 764 ut
3107 702 3282 763 homo
3317 699 3605 763 Dominus

1952 791 2220 853 elocutus
2251 801 2342 856 est
2376 810 2390 853 :
2424 792 2734 873 discipulis
2771 811 2911 855 vero
2963 790 3248 854 deitatem
3281 798 3340 852 et
3370 789 3602 870 magni-

1951 879 2221 947 tudinem
2244 899 2408 943 suam
2433 887 2886 955 ostentans,non
2900 882 3192 942 minorem
3211 879 3603 958 semetipsum

1951 966 2201 1050 Spiritu,
2235 970 2338 1032 sed
2368 971 2656 1051 majorem
2695 978 2754 1032 et
2781 969 3069 1052 aequalem
3099 968 3411 1043 denotans,
3445 969 3604 1030 elar-

1948 1056 2220 1134 giebatur
2242 1056 2551 1138 Spiritum,
2577 1057 2914 1141 aiebatque,
2936 1056 3062 1138 Ego
3083 1056 3252 1118 illum
3274 1057 3529 1136 mittam,
3549 1065 3608 1118 et

1947 1143 2050 1206 ille
2065 1164 2161 1208 me
2182 1144 3598 1228 glorificabit,etquaecunqueaudietloqueturﬁa

1950 1233 2274 1297 Considera
2289 1235 2512 1298 dictum
2530 1237 2732 1314 hoc,et
2749 1255 2888 1298 cum
2911 1253 3090 1317 supra
3115 1235 3355 1315 scriptis
3371 1235 3598 1311 confer,

1955 1332 2017 1385 ut
2035 1330 2155 1385 tres
2173 1324 2266 1385 isti
2287 1328 2416 1386 sine
2436 1325 2790 1406 exceptione
2812 1325 3070 1404 majores
3093 1331 3270 1385 testes
3291 1341 3605 1386 assuman-

1955 1420 2075 1488 tur,
2107 1415 2548 1489 confirmantes,
2580 1417 2880 1480 Romanos
2912 1432 3031 1476 non
3061 1411 3264 1476 dicere
3293 1412 3439 1475 duas
3469 1431 3606 1474 cau-

1955 1519 2050 1564 sas
2079 1501 2353 1582 Spiritus,
2383 1504 2520 1566 licet
2551 1505 2718 1568 illum
2749 1523 2820 1568 ex
2849 1505 3039 1570 Patre,
3075 1511 3134 1565 et
3163 1521 3234 1565 ex
3263 1502 3416 1566 Filio
3437 1493 3608 1565 ιιεῆ-

1955 1591 2352 1654 rant.Etenim
2369 1595 2417 1656 si
2442 1612 2635 1675 neque
2656 1609 2904 1674 magnus
2923 1592 3175 1657 Basilius
3186 1591 3335 1654 duas
3357 1591 3612 1674 Spiritus

1957 1697 2163 1743 causas
2194 1682 2532 1745 constabilit
2556 1683 2784 1758 dicens,
2841 1705 2864 1739 α
2903 1680 3188 1764 Spiritum
3221 1699 3291 1744 ex
3322 1681 3469 1743 Filio
3501 1681 3608 1743 ha-

1957 1768 2100 1832 bere
2127 1789 2305 1847 esse;
2339 1790 2534 1852 neque
2581 1771 2908 1854 Nyssenus,
2951 1794 2974 1826 ι
3006 1771 3224 1834 Filium
3273 1770 3610 1833 decernens

1954 1858 2330 1940 prmintelligi
2349 1859 2570 1941 Spiritu
2597 1861 2924 1924 secundum
2941 1859 3228 1921 rationem
3243 1876 3460 1935 causas;
3473 1877 3611 1922 «ne-

241 1952 360 2023 μήτε
406 1954 433 2008 ὁ
487 1952 664 2031 μέγας
730 1952 998 2017 Βασίλειος
1051 1953 1137 2011 δύο
1193 1953 1358 2018 αἰτίας
1418 1959 1510 2010 τοῦ
1553 1950 1868 2026 ΙΙνεύματος

1955 1967 2067 2028 que
2099 1967 2349 2027 magnus
2379 1950 2740 2012 Athanasius
2771 1947 3040 2011 scribens
3076 1968 3089 2009 :
3121 1972 3149 2004 α
3173 1947 3390 2010 Filium
3414 1949 3607 2029 majo-

236 2039 423 2120 εἴρηκε,
482 2040 668 2120 λέγων
709 2044 794 2124 τὸ,
847 2063 870 2098 I
905 2045 1132 2119 Πνεῦμα
1197 2044 1338 2123 παρὰ
1393 2048 1485 2098 τοῦ
1551 2039 1670 2097 Υἱοῦ
1724 2038 1870 2118 ἔχων

1955 2055 2081 2097 rem
2113 2036 2399 2118 Spiritu,»
2437 2056 2632 2120 neque
2660 2037 2912 2099 Romani
2942 2036 3089 2098 duas
3117 2035 3372 2118 Spiritus
3394 2052 3605 2124 causas

236 2129 285 2183 τὸ
324 2130 478 2186 εἶναι.
517 2154 546 2185 »
630 2132 767 2206 μήτε
836 2135 864 2188 ὁ
936 2133 1142 2199 Νύσσης
1213 2133 1303 2188 τὸν
1372 2133 1490 2189 nov
1544 2127 1870 2208 δογματίζων

1955 2125 2516 2200 inferunt,dicentes
2543 2127 2708 2188 illum
2735 2143 2808 2188 ex
2831 2124 3004 2188 Patre
3017 2125 3232 2187 etFilio
3252 2123 3606 2207 procedere.

234 2219 695 2295 προεπινοούμενον
737 2228 831 2278 τοῦ
855 2222 1155 2297 Πνεῦματος
1182 2222 1318 2279 κατὰ
1365 2222 1454 2276 τὸν
1485 2224 1584 2286 τῆς
1644 2216 1811 2280 αἰτίας
1868 2214 2049 2294 λόγον,
2091 2239 2119 2271 0
2181 2218 2318 2290 μήτε
2363 2219 2391 2272 ὁ
2445 2217 2612 2294 μέγας
2683 2214 3015 2288 Ἀθανάσιος,
3074 2215 3247 2295 λέγων
3287 2234 3311 2269 α
3351 2216 3443 2270 τὸν
3488 2217 3609 2271 Υἱὸν

239 2308 428 2377 puto»:
469 2316 564 2365 τοῦ
611 2309 940 2385 ΙΙνεύματος,
982 2334 1006 2368 0
1043 2308 1158 2367 οῦδὲ
1189 2313 1236 2366 οἱ
1264 2301 1520 2386 Ῥωμαῖοι
1579 2305 1669 2364 δύο
1697 2304 1865 2371 αἰτίας
1921 2306 2017 2360 τοῦ
2075 2305 2377 2379 Πνεύματος
2432 2303 2700 2384 λέγουσιν,
2761 2303 2821 2360 ὲκ
2879 2305 3082 2382 Πατρὸς
3142 2305 3231 2360 καὶ
3297 2306 3419 2360 Υἱοῦ
3479 2306 3609 2363 αὐτὸ

241 2392 463 2476 λέγοντες
505 2397 905 2476 ἐκπορεύεσθαι,

381 2475 392 2493 ⁸
471 2483 486 2506 9
611 2475 653 2510 ,⁷
685 2486 698 2506 9
749 2488 764 2506 κ
932 2488 946 2505 ς
1080 2487 1092 2507 ι
1344 2487 1356 2508 ρ
1569 2483 1617 2506 κν
1850 2485 1864 2504 \

303 2507 370 2550 κη
399 2534 412 2547 .
493 2484 607 2542 Αλλ
681 2507 768 2543 επι
817 2509 951 2557 τρισι
1005 2509 1206 2551 τουτοις
1287 2509 1508 2565 μαρτυσι
1565 2501 1727 2566 οεχου
1783 2504 1868 2539 και

239 2573 324 2638 τάς
378 2575 749 2652 ῥηθησομὲνας
804 2575 970 2639 ἄλλας
1027 2577 1307 2656 μαρτυρίας
1367 2578 1438 2641 εἰς
1507 2575 1613 2656 σὴν
1649 2571 1870 2631 ἀπόδει-

234 2661 300 2727 Ξιν
326 2674 414 2722 τοῦ
455 2665 601 2721 εἶναι
648 2666 710 2721 τὸ
758 2666 980 2740 Πνεῦμα
1009 2667 1095 2721 καὶ
1139 2655 1205 2721 ἐκ
1237 2667 1330 2721 τοῦ
1402 2666 1538 2723 ι’ἰοῦ.
1601 2655 1658 2722 Ὀ
1718 2663 1868 2741 ἆίγιος

233 2750 470 2829 Κύριλλος
501 2753 556 2810 ἐν
601 2760 674 2830 τῇ
704 2753 956 2833 ἑρμηνείᾳ
1012 2761 1078 2830 τῇ
1109 2757 1181 2819 εἰς
1229 2756 1319 2810 τὸν
1373 2755 1652 2834 προφήτην
1681 2749 1862 2825 Ἰωὴλ,

229 2839 334 2896 ἔνθα
361 2843 443 2916 τὸ,
484 2864 507 2894 α
533 2845 729 2921 ἔκχεῶ
757 2843 862 2898 ἀπὸ
913 2849 1002 2899 τοῦ
1032 2843 1344 2920 ΙΙνεύματός
1376 2864 1477 2917 μου
1505 2865 1533 2898 0
1568 2841 1864 2921 ἐξηγεῖται,

235 2930 379 3008 φησίν
424 2946 438 2960 ⁸
480 2955 500 2983 ι
533 2915 602 2987 "EI
653 2931 750 3005 μὲν
792 2934 891 3010 γάρ
923 2931 1032 2987 ἐστι
1061 2933 1216 3002 Θεὸς,
1273 2933 1360 2988 καὶ
1420 2931 1479 2987 ἐκ
1547 2936 1677 2988 Οιοῦ
1733 2931 1869 2986 κατὰ

228 3019 416 3096 φύσινὸ
455 3020 574 3084 Υἱός
611 3039 628 3054 ⁸
684 3020 996 3098 γεγέννηται
1048 3021 1148 3101 γὰρ
1208 3021 1267 3075 ὲκ
1311 3026 1440 3076 Θεοῦ
1468 3020 1557 3076 καὶ
1601 3016 1814 3098 Πατρός
1848 3035 1861 3049 ⁸

2032 2479 2132 2541 28.
2167 2481 2283 2544 Sed
2319 2501 2438 2562 prae
2460 2482 2552 2544 his
2587 2480 2776 2544 tribus
2797 2479 3050 2543 testibus
3070 2478 3289 2542 habeto
3315 2479 3423 2542 tibi
3451 2479 3606 2542 infra

1955 2570 2231 2652 ponenda
2285 2571 2401 2632 alia
2457 2571 2822 2652 testimonia,
2865 2569 3082 2651 quibus
3135 2569 3603 2644 demonstratur,

1953 2659 2236 2740 Spiritum
2295 2678 2428 2722 esse
2487 2668 2544 2722 et
2602 2679 2671 2722 ex
2731 2659 2906 2723 Filio.
2958 2657 3210 2722 Sanctus
3256 2657 3515 2740 Cyrillus
3546 2660 3605 2722 in

1952 2749 2322 2830 expositioue
2370 2748 2556 2812 Joelis
2612 2749 2938 2831 prophetae,
2992 2766 3062 2810 eo
3112 2748 3364 2829 inloco,
3397 2749 3458 2809 in
3488 2767 3605 2829 quo

1950 2838 2098 2900 illud
2134 2859 2146 2900 :
2188 2837 2530 2900 «Effundam
2565 2837 2837 2919 eSpiritu
2861 2855 2993 2899 meo
3018 2839 3109 2913 7,0
3133 2837 3598 2918 interpretatur:

1958 2927 2244 2991 «Ratione
2267 2927 2531 3008 quidem,
2566 2946 2679 3009 qua
2700 2935 2791 2990 est
2819 2926 3001 3002 Deus,
3035 2933 3095 2989 et
3125 2945 3194 2990 ex
3225 2929 3349 2990 Deo
3381 2945 3601 2989 secun-

1952 3016 2090 3079 dum
2147 3024 2414 3078 naturam
2471 3015 2695 3078 Filius:
2731 3033 2988 3097 namque
3033 3033 3107 3078 ex
3135 3015 3258 3078 Deo
3317 3021 3376 3076 et
3429 3016 3606 3078 Patre

228 3105 349 3163 ἴδιον
377 3113 531 3166 αὐτοῦ
573 3130 634 3165 τε
666 3110 755 3165 καὶ
797 3107 851 3164 ἐν
900 3111 1040 3178 αῦτῷ
1083 3111 1168 3166 καὶ
1226 3107 1278 3175 ἐξ
1310 3111 1467 3167 αὒτοῦ
1525 3109 1585 3165 τὸ
1643 3109 1873 3184 Πνεῦμά

1960 3113 2274 3184 generatus
2335 3113 2459 3181 est;
2519 3104 2796 3187 proprius
2852 3105 3062 3185 ipsius,
3126 3113 3185 3167 et
3238 3103 3300 3165 in
3345 3103 3497 3184 ipso,
3551 3112 3610 3167 et

228 3195 349 3270 ἐστι,
421 3199 660 3278 καθάπερ
714 3198 899 3274 ἀμέλει
957 3196 1041 3256 ἐπ’
1095 3202 1253 3257 αῦτοῦ
1309 3211 1508 3256 νοεῖται
1589 3205 1683 3255 τοῦ
1739 3197 1872 3256 Θεοῦ

227 3290 306 3343 καὶ
358 3290 590 3367 Πατρός,
633 3315 664 3345 0
716 3284 773 3350 Ὀ
818 3292 973 3355 αῦτὸς
1032 3291 1085 3348 ἐν
1113 3299 1190 3367 τῷ
1269 3294 1398 3371 πρὸς
1457 3289 1678 3366 βασιλέα
1734 3299 1868 3348 Θεο-

226 3376 390 3434 δόσιον
419 3379 588 3461 λόγῳ,
637 3381 701 3436 οῦ
732 3382 768 3448 ⁵η
833 3381 1000 3461 ἀρχὴ,
1068 3401 1098 3440 (
1169 3382 1275 3450 Τῆς
1319 3381 1417 3457 μὲν
1474 3379 1526 3436 ἕν
1583 3380 1871 3459 ἀνθρώποις

225 3467 443 3532 εὖκλείας
470 3472 532 3526 τὸ
564 3471 852 3545 ἀνωτάτω,
903 3490 924 3520 ι
963 3471 1094 3551 φησί
1127 3488 1141 3502 ⁸
1181 3492 1204 3525 ι
1269 3470 1591 3541 Βαπτίζοντα
1649 3468 1750 3549 ἔφη
1785 3471 1870 3526 τὸν

226 3552 414 3622 Ἰησοῦν
442 3558 524 3636 λέν
556 3562 706 3640 πυρὶ,
743 3559 800 3616 οὗ
858 3561 918 3616 τὸ
973 3558 1250 3638 ἀλλοτριον
1304 3572 1422 3624 τοῖς
1465 3558 1867 3636 βαπτιζομένοις

227 3645 409 3701 ἑνιὲντα
463 3649 699 3725 Πνεῦμα
769 3647 1139 3728 δουλοτρεπῶς
1191 3649 1280 3705 καὶ
1328 3648 1685 3726 ὑπηρετικῶς,
1744 3645 1864 3703 ἀλλ’

226 3735 290 3797 ὡς
343 3737 466 3792 Θεὸν
538 3734 670 3812 μετ’
724 3736 955 3804 ἐξουσίας
1013 3742 1110 3804 τῆς
1161 3737 1440 3810 ἀνωτάτω,
1499 3739 1560 3793 τὸ
1603 3735 1653 3802 ἐξ
1709 3735 1867 3792 αὐτοῦ

224 3824 299 3877 καὶ
327 3821 454 3880 ἴδιον
506 3829 692 3886 αῦτοῦ.
731 3850 758 3880 0
801 3818 857 3883 ’0
917 3825 1082 3905 μέγας
1142 3824 1450 3889 Ἀθαναίσιος
1510 3824 1564 3880 ’ἐν
1620 3832 1696 3900 τῷ
1749 3827 1865 3902 περὶ

226 3914 311 3978 τῆς
361 3911 611 3992 ἒνσάρκου
673 3916 980 3996 ἐπιφανείας
1048 3917 1140 3971 τοῦ
1235 3922 1366 3973 Θεοῦ
1433 3912 1614 3992 λόγου,
1716 3916 1777 3970 06
1828 3918 1863 3985 ἡ

232 4001 378 4080 ἀρχὴ.
421 4024 443 4058 0
479 4007 539 4061 Οἱ
568 4004 920 4084 κακοτέχνως
951 4005 1045 4068 τὰς
1087 4005 1225 4068 θείας
1287 4004 1493 4083 Γραφᾰς
1552 4002 1865 4080 βουλόμενοι

783 4117 808 4146 α
845 4093 1008 4157 Αὐτὸς
1059 4095 1160 4172 γὰρ
1203 4093 1328 4151 αὐτὸ
1385 4091 1579 4149 ἄνωθεν
1632 4091 1868 4166 ἔπεμπεν

233 4180 295 4239 ὡς
362 4182 508 4252 Θεὸς,
583 4183 677 4238 καὶ
738 4181 892 4245 αὐτὸς
971 4181 1096 4237 αῦτὸ
1160 4181 1392 4238 κάτωθεν
1438 4179 1726 4262 ὑπεδέχετο
1795 4183 1866 4246 ὡς

231 4112 252 4140 ν
264 4103 375 4161 λῖν,
411 4114 435 4144 0
495 4095 661 4172 φησίν

234 4265 505 4346 ἄνθρωπος.
555 4270 646 4336 ἘΞ
709 4272 866 4326 αὐτοῦ
910 4271 998 4327 οῦν
1058 4272 1129 4334 εἰς
1183 4270 1338 4326 αῦθὸν
1408 4271 1593 4346 κατῄει
1654 4270 1714 4326 ἐκ
1767 4272 1880 4338 τῆς

1954 3215 2023 3258 ex
2082 3195 2211 3276 ipso
2270 3203 2361 3257 est
2437 3194 2715 3275 Spiritus
2780 3199 3041 3268 sanctus,
3099 3191 3604 3274 quemadmodum

1955 3284 2185 3348 scilicet
2212 3283 2286 3346 de
2317 3284 2447 3364 ipso
2496 3281 2848 3361 intelligitur
2893 3283 3017 3345 Deo
3063 3289 3121 3344 et
3153 3283 3346 3344 Patre.
3383 3304 3405 3338 ι
3441 3280 3606 3344 Idem

1955 3375 2285 3436 orationem
2340 3372 2414 3434 ad
2471 3373 2892 3452 imperatorem
2939 3369 3369 3452 Theodosium,
3429 3371 3602 3452 cujus

1954 3461 2316 3544 principium
2383 3481 2396 3521 :
2453 3486 2479 3517 α
2543 3459 2768 3537 Gloria,
2825 3478 2956 3540 qua;
3021 3459 3082 3521 in
3112 3459 3458 3522 hominibus
3487 3469 3597 3533 est,

1952 3569 2322 3632 supremum,
2363 3575 2386 3606 υ
2447 3549 2527 3611 ait
2561 3571 2574 3608 :
2617 3569 2646 3609 ι
2697 3549 3097 3630 Baptizantem
3131 3548 3278 3611 dixit
3304 3549 3509 3613 Jesum
3539 3549 3601 3610 in

1951 3638 2110 3720 igne,
2147 3659 2265 3701 non
2315 3639 2576 3701 alienum
2628 3637 2725 3713 iis,
2758 3637 2860 3719 qui
2891 3637 3285 3720 baptizantur,
3319 3639 3600 3720 injicien-

1951 3737 2069 3790 tem
2102 3728 2414 3810 Spiritum,
2476 3729 2632 3791 servi
2688 3729 2876 3789 instar
2923 3735 2982 3789 et
3009 3726 3369 3803 administri,
3404 3727 3514 3791 sed
3542 3735 3610 3790 ut

1947 3818 2137 3881 Deum
2170 3837 2304 3880 cum
2337 3837 2620 3900 suprema
2679 3817 2978 3899 facultate,
3013 3816 3116 3898 qui
3145 3836 3216 3879 ex
3243 3817 3373 3898 ipso
3399 3825 3512 3893 est,
3548 3825 3607 3880 et

1952 3925 2095 3969 suus
2124 3906 2461 3988 proprius.»
2473 3909 2725 3970 Sanctus
2747 3906 3106 3968 Athanasius
3131 3905 3488 3968 orationeile
3515 3905 3606 3968 in-

1953 4004 2198 4058 carnata
2230 3995 2606 4076 apparitione
2641 3995 2746 4057 Dei
2777 3993 2982 4071 Verbi,
3016 3995 3188 4075 cujus
3220 3994 3604 4076 principium.

1958 4109 1978 4140 ι
1992 4083 2104 4156 Qui
2121 4085 2412 4146 malitiose
2426 4083 2997 4166 divinasScripturas
3009 4083 3565 4164 voluntintelligere.
3579 4108 3601 4143 ι

1954 4173 2160 4235 tradit:
2189 4203 2211 4229 «
2241 4176 2372 4255 Ipse
2395 4173 2554 4235 enim
2573 4173 2742 4245 illum
2768 4174 3023 4256 desuper
3040 4172 3304 4235 mittebat
3325 4183 3388 4235 ut
3404 4173 3603 4250 Deus;

1954 4275 2012 4323 et
2041 4263 2167 4343 ipse
2197 4263 2365 4324 illum
2393 4263 2452 4324 in
2495 4263 2616 4324 imo
2647 4261 3002 4345 accipiebat,
3038 4270 3100 4324 ut
3129 4263 3328 4324 homo.
3362 4261 3445 4324 Ex
3475 4263 3604 4343 ipso

233 4356 458 4427 θεότητος
531 4361 699 4416 αὐτοῦ
759 4361 830 4423 εἰς
878 4360 978 4427 τὴν
1042 4359 1422 4438 ἀνθρωπότητα
1489 4361 1665 4419 αὖτοῦ.
1705 4382 1730 4416 0
1810 4350 1866 4417 Ὀ

1955 4352 2146 4433 itaque
2177 4352 2237 4413 in
2272 4352 2466 4433 ipsum
2491 4352 2995 4429 descendi-bime:
3015 4351 3318 4413 divinitate
3341 4350 3603 4432 ipsiusin

236 4447 586 4523 Χρυσόστομος
634 4449 693 4504 ἐν
751 4455 829 4522 τῷ
897 4447 1042 4526 λόγῳ
1082 4455 1160 4522 τῷ
1242 4449 1314 4512 εἰς
1367 4447 1465 4516 τὴν
1531 4447 1867 4527 ἀνθρώπησιν

1955 4441 2379 4503 humanitatem
2437 4441 2644 4521 ipsius.
2681 4466 2706 4496 η
2745 4442 3198 4521 Chrysostomus
3243 4440 3508 4501 oratione
3537 4441 3598 4501 in

234 4535 316 4587 τοῦ
355 4537 533 4614 Κυρίου
562 4536 728 4611 ἡμῶν
780 4535 956 4604 Ἰησοῦ
1016 4535 1257 4615 Χριστοῦ,
1313 4537 1399 4592 καὶ
1459 4538 1530 4600 εἰς
1574 4539 1657 4616 τὸ,
1704 4535 1867 4597 Ἐκά-

1955 4533 2427 4595 incarnationem
2477 4531 2716 4594 Domini
2771 4531 2960 4593 nostri
2991 4533 3130 4594 Jesu
3175 4531 3419 4613 Christi,
3453 4541 3512 4593 et
3539 4533 3602 4594 in

236 4641 331 4693 στρ
350 4622 558 4699 κλίματι
607 4625 980 4705 ἐφεστήκεσαν
1006 4624 1240 4704 ἄγγελοι,
1290 4625 1348 4682 οὗ
1394 4623 1424 4691 ἦ
1469 4625 1637 4705 ἀρχή,
1670 4643 1693 4676 ι
1731 4616 1871 4683 ⁸Ὀν-

1955 4623 2129 4697 illud,
2192 4625 2255 4684 ln
2312 4640 2662 4703 quacunque
2715 4621 2960 4701 regione
3007 4620 3364 4684 assistebant
3388 4621 3603 4700 angeli,

235 4732 326 4774 τως
352 4711 580 4793 ἐπεφάνη
613 4703 757 4790 ημῖν
789 4718 824 4786 ἦ
861 4724 950 4774 τοῦ
979 4703 1107 4771 Θεοῦ
1147 4715 1332 4794 χάρις,
1363 4721 1390 4784 ᾗ
1420 4703 1574 4794 φησίν
1610 4729 1624 4744 ⁶
1678 4736 1701 4770 α
1732 4703 1868 4772 Ἠλ-

1956 4711 2126 4791 cujus
2185 4709 2569 4791 principium,
2624 4734 2647 4766 «ι
2684 4708 2838 4772 Vere
2888 4710 3163 4792 apparuit
3210 4709 3382 4772 nobis
3411 4709 3608 4773 divina

237 4801 311 4852 θεν
343 4803 370 4855 ὁ
394 4805 614 4879 Χριστὸς
647 4805 785 4873 πρὸς
842 4803 982 4878 ημᾶς
1017 4819 1030 4832 ⁸
1093 4801 1283 4860 ἔδωκεν
1342 4805 1474 4878 ἡμῖν
1531 4804 1591 4858 τὸ
1636 4802 1686 4868 ἔξ
1716 4803 1872 4860 αὒτοῦ

1955 4800 2162 4879 gratia,
2204 4825 2224 4858 η
2262 4799 2442 4862 refert
2476 4820 2488 4856 :
2529 4823 2554 4853 α
2592 4796 2768 4860 Venit
2801 4799 3070 4861 Christus
3098 4798 3167 4860 ad
3201 4816 3332 4879 nos,
3364 4799 3608 4861 tradidit

241 4887 463 4965 Πνεῦμα,
523 4893 615 4949 καί
677 4890 965 4952 ἁνελάϐετο
1021 4894 1081 4949 τὸ
1165 4891 1421 4970 ⁵ημέτερον
1479 4897 1658 4962 σῶμα.
1719 4914 1741 4948 0
1810 4891 1871 4950 Ὀ

1963 4888 2155 4964 nobis,
2213 4889 2312 4969 qui
2365 4908 2433 4951 ex
2485 4888 2614 4970 ipso
2672 4895 2786 4965 est,
2819 4887 3128 4967 Spiritum,
3185 4896 3243 4951 et
3281 4890 3606 4972 assumpsit

242 4977 376 5041 αὖτὸς
403 4977 454 5035 ἐν
483 4989 561 5054 τῷ
590 4979 767 5059 λόγμ,
804 4989 882 5054 τῷ
939 4983 1009 5044 εἷς
1067 4983 1127 5036 τὸ
1183 4980 1469 5058 μυστηρίον
1522 4988 1614 5036 τοῦ
1672 4981 1873 5056 βαπτί-

1963 4984 2228 5039 nostrum
2290 4996 2525 5058 corpus.
2567 5002 2590 5034 ιο
2646 4975 2809 5038 Idem
2853 4977 3122 5040 oratione
3167 4977 3226 5039 in
3258 4977 3604 5059 mysterium

243 5083 419 5137 σματος
481 5069 541 5126 οῦ
584 5069 622 5136 ἡ
671 5070 846 5149 ἁρχὴ,
904 5091 927 5124 ι
963 5068 1136 5132 Πάλιν
1187 5069 1322 5144 ἡμῖν
1381 5071 1414 5137 ἡ
1475 5069 1567 5125 τοῦ
1622 5071 1873 5146 μακαρίου

1965 5067 2530 5148 baptismatis,cujus
2560 5066 2942 5148 principium,
2968 5068 3232 5131 (Rursus
3253 5067 3424 5129 nobis
3445 5076 3613 5130 sanet

247 5153 392 5209 Δαυὶδ
444 5160 786 5232 πνευματικὴ
859 5158 1064 5236 κιθάρα,
1106 5180 1130 5212 0
1202 5159 1330 5237 φησί
1358 5173 1372 5189 ⁸
1442 5179 1469 5211 ι
1533 5157 1631 5212 Διὰ
1659 5168 1814 5217 τοῦτο
1843 5161 1871 5216 ὁ

1965 5156 2198 5218 Davidis
2211 5157 2491 5238 spiritalis
2504 5157 2752 5219 cithara.
2777 5154 3100 5237 Propterea
3112 5155 3604 5219 Servatorosten-

245 5243 410 5321 Σωτὴρ
449 5243 709 5302 δείκνυσιν
744 5247 928 5305 ἑαυτὸν
968 5249 1166 5328 *πηγὴν
1221 5251 1388 5326 ζωῆς,
1449 5247 1535 5301 καὶ
1592 5242 1726 5324 ὒδωρ
1768 5249 1872 5318 ζῶν

1957 5247 2043 5307 ιΙίι
2087 5245 2474 5328 semetipsum
2519 5245 2741 5306 fontem
2781 5245 2937 5320 vitae,
2971 5251 3034 5309 et
3063 5264 3277 5328 aquam
3308 5245 3601 5308 viventem

243 5330 294 5382 τὸ
321 5332 532 5407 Πνεῦμα
575 5337 639 5390 τὸ
671 5335 852 5412 ἇίγιον,
906 5357 926 5389 0
967 5324 1024 5391 Ὀ
1077 5336 1230 5398 αὐτὸς
1287 5334 1340 5391 ἐν
1397 5341 1474 5408 τῷ
1504 5334 1620 5412 περὶ
1646 5341 1752 5391 τῶν
1783 5335 1871 5394 δύο

1959 5333 2243 5416 Spiritum
2303 5324 2596 5397 sanctum.
2635 5360 2661 5390 ι
2700 5335 2860 5398 ldem
2918 5324 3186 5398 oratione
3245 5335 3320 5397 de
3373 5335 3604 5397 duobus

247 5421 495 5486 Διαθηχῶν
539 5422 716 5504 λόγῳ,
777 5423 838 5480 οῦ
881 5425 915 5490 ἡ
973 5421 1138 5502 ἀρχὴ,
1181 5447 1204 5478 α
1243 5425 1371 5479 Θεὸν
1423 5421 1476 5479 δὲ
1505 5422 1598 5478 ἕνα
1643 5425 1731 5480 καὶ
1785 5427 1873 5482 τὸν

1960 5423 2379 5506 Testamentis,
2415 5425 2583 5506 cujus
2599 5424 2988 5507 principium,
3026 5425 3243 5488 «Deum
3264 5441 3402 5487 vero
3421 5443 3604 5486 unum

314 5589 343 5638 5
368 5589 570 5654 Matth.
608 5607 721 5670 xu,
759 5591 862 5656 28.
889 5589 922 5642 ϐ
945 5587 1117 5655 Joan.
1150 5606 1274 5672 1m,
1309 5592 1408 5666 l3,
1441 5591 1542 5657 H.
1573 5590 1603 5642 7
1634 5589 1788 5654 ποθι.
1823 5608 1889 5670 ιι,
1921 5593 2028 5657 28.
