  <div class='ocr_page' id='page_1' title='image "/cluster/home/n/w/nwhite01/storage/ocr_20150623/141/mdp.39015078384206/049.png"; bbox 0 0 4144 6290; ppageno 0'>
   <div class='ocr_carea' id='block_1_1' title="bbox 534 353 3933 426">
    <p class='ocr_par' dir='ltr' id='par_1_1' title="bbox 534 353 3933 426">
     <span class='ocr_line' id='line_1_1' title="bbox 534 353 3933 426; baseline 0.001 -6"><span class='ocrx_word' id='word_1_1' title='bbox 534 354 612 420; x_wconf 89' lang='grc'><strong>83</strong></span> <span class='ocrx_word' id='word_1_2' title='bbox 1612 357 1823 421; x_wconf 82' lang='lat' dir='ltr'><strong>JOAN.</strong></span> <span class='ocrx_word' id='word_1_3' title='bbox 1869 354 2091 419; x_wconf 85' lang='lat' dir='ltr'><strong>VECGI</strong></span> <span class='ocrx_word' id='word_1_4' title='bbox 2132 355 2242 416; x_wconf 88' lang='lat' dir='ltr'><strong>GP.</strong></span> <span class='ocrx_word' id='word_1_5' title='bbox 2291 353 2805 422; x_wconf 66' lang='lat' dir='ltr'><strong>PATRIARCHIE</strong></span> <span class='ocrx_word' id='word_1_6' title='bbox 3844 358 3933 426; x_wconf 84' lang='grc'>84</span> 
     </span>
    </p>
   </div>
   <div class='ocr_carea' id='block_1_2' title="bbox 537 488 2171 578">
    <p class='ocr_par' dir='ltr' id='par_1_2' title="bbox 537 488 2171 578">
     <span class='ocr_line' id='line_1_2' title="bbox 537 488 2171 578; baseline -0.002 -26"><span class='ocrx_word' id='word_1_7' title='bbox 537 489 935 578; x_wconf 70' lang='lat' dir='ltr'><strong>eamdemque</strong></span> <span class='ocrx_word' id='word_1_8' title='bbox 962 508 996 552; x_wconf 88' lang='lat' dir='ltr'><strong>a</strong></span> <span class='ocrx_word' id='word_1_9' title='bbox 1027 489 1319 578; x_wconf 85' lang='lat' dir='ltr'><strong>principio</strong></span> <span class='ocrx_word' id='word_1_10' title='bbox 1343 488 1914 578; x_wconf 71' lang='lat' dir='ltr'><strong>manifestaruntJex</strong></span> <span class='ocrx_word' id='word_1_11' title='bbox 1944 497 2171 578; x_wconf 77' lang='lat' dir='ltr'><strong>etpro-</strong></span> 
     </span>
    </p>
   </div>
   <div class='ocr_carea' id='block_1_3' title="bbox 2255 488 3927 578">
    <p class='ocr_par' dir='ltr' id='par_1_3' title="bbox 2262 488 3927 578">
     <span class='ocr_line' id='line_1_3' title="bbox 2262 488 3927 578; baseline 0.006 -34"><span class='ocrx_word' id='word_1_12' title='bbox 2262 488 2417 545; x_wconf 76' lang='grc' dir='ltr'>αὖτὸν</span> <span class='ocrx_word' id='word_1_13' title='bbox 2460 488 2818 558; x_wconf 83' lang='grc' dir='ltr'>δεδηλώκασιν</span> <span class='ocrx_word' id='word_1_14' title='bbox 2862 494 2922 551; x_wconf 79' lang='grc' dir='ltr'>ἐκ</span> <span class='ocrx_word' id='word_1_15' title='bbox 2950 496 3128 576; x_wconf 79' lang='grc' dir='ltr'>ἀρχῆς</span> <span class='ocrx_word' id='word_1_16' title='bbox 3180 495 3363 578; x_wconf 71' lang='grc' dir='ltr'>νόμος,</span> <span class='ocrx_word' id='word_1_17' title='bbox 3423 500 3510 554; x_wconf 87' lang='grc' dir='ltr'><strong>καὶ</strong></span> <span class='ocrx_word' id='word_1_18' title='bbox 3551 504 3853 578; x_wconf 75' lang='grc' dir='ltr'><strong>προφῆται,</strong></span> <span class='ocrx_word' id='word_1_19' title='bbox 3899 519 3927 554; x_wconf 73' lang='grc' dir='ltr'>ι</span> 
     </span>
    </p>
   </div>
   <div class='ocr_carea' id='block_1_4' title="bbox 536 576 2171 663">
    <p class='ocr_par' dir='ltr' id='par_1_4' title="bbox 536 576 2171 660">
     <span class='ocr_line' id='line_1_4' title="bbox 536 576 2171 660; baseline -0.001 -20"><span class='ocrx_word' id='word_1_20' title='bbox 536 577 745 659; x_wconf 75' lang='lat' dir='ltr'><strong>phetae.</strong></span> <span class='ocrx_word' id='word_1_21' title='bbox 808 581 1133 660; x_wconf 84' lang='lat' dir='ltr'><strong>Propterea</strong></span> <span class='ocrx_word' id='word_1_22' title='bbox 1181 576 1341 640; x_wconf 91' lang='lat' dir='ltr'><strong>enim</strong></span> <span class='ocrx_word' id='word_1_23' title='bbox 1398 579 1555 659; x_wconf 92' lang='lat' dir='ltr'><strong>quod</strong></span> <span class='ocrx_word' id='word_1_24' title='bbox 1599 577 1817 640; x_wconf 90' lang='lat' dir='ltr'><strong>factum</strong></span> <span class='ocrx_word' id='word_1_25' title='bbox 1850 586 1941 639; x_wconf 92' lang='lat' dir='ltr'><strong>est</strong></span> <span class='ocrx_word' id='word_1_26' title='bbox 1970 576 2171 639; x_wconf 77' lang='lat' dir='ltr'><strong>divina</strong></span> 
     </span>
    </p>
   </div>
   <div class='ocr_carea' id='block_1_5' title="bbox 2255 576 3934 663">
    <p class='ocr_par' dir='ltr' id='par_1_5' title="bbox 2263 576 3934 663">
     <span class='ocr_line' id='line_1_5' title="bbox 2263 576 3934 663; baseline 0.008 -31"><span class='ocrx_word' id='word_1_27' title='bbox 2263 580 2392 655; x_wconf 78' lang='grc' dir='ltr'>φησί</span> <span class='ocrx_word' id='word_1_28' title='bbox 2428 596 2440 609; x_wconf 85' lang='lat'><strong><em>°</em></strong></span> <span class='ocrx_word' id='word_1_29' title='bbox 2475 604 2499 635; x_wconf 79' lang='grc' dir='ltr'>α</span> <span class='ocrx_word' id='word_1_30' title='bbox 2539 581 2635 636; x_wconf 79' lang='grc' dir='ltr'>Διὰ</span> <span class='ocrx_word' id='word_1_31' title='bbox 2664 583 2727 638; x_wconf 86' lang='grc' dir='ltr'>τὸ</span> <span class='ocrx_word' id='word_1_32' title='bbox 2755 583 2855 663; x_wconf 78' lang='grc' dir='ltr'><strong>γὰρ</strong></span> <span class='ocrx_word' id='word_1_33' title='bbox 2903 584 3140 663; x_wconf 82' lang='grc' dir='ltr'>γενέσθαι</span> <span class='ocrx_word' id='word_1_34' title='bbox 3170 587 3291 643; x_wconf 85' lang='grc' dir='ltr'>ναὸν</span> <span class='ocrx_word' id='word_1_35' title='bbox 3342 576 3440 653; x_wconf 79' lang='grc' dir='ltr'><strong>τῆς</strong></span> <span class='ocrx_word' id='word_1_36' title='bbox 3469 576 3607 651; x_wconf 69' lang='grc' dir='ltr'>θείας</span> <span class='ocrx_word' id='word_1_37' title='bbox 3641 576 3934 661; x_wconf 58' lang='grc' dir='ltr'><strong>δυνάμεως</strong></span> 
     </span>
    </p>
   </div>
   <div class='ocr_carea' id='block_1_6' title="bbox 532 666 2171 755">
    <p class='ocr_par' dir='ltr' id='par_1_6' title="bbox 532 666 2171 755">
     <span class='ocr_line' id='line_1_6' title="bbox 532 666 2171 755; baseline -0.002 -27"><span class='ocrx_word' id='word_1_38' title='bbox 532 666 764 729; x_wconf 85' lang='lat' dir='ltr'><strong>virtutis</strong></span> <span class='ocrx_word' id='word_1_39' title='bbox 794 667 1079 747; x_wconf 82' lang='lat' dir='ltr'><strong>templum</strong></span> <span class='ocrx_word' id='word_1_40' title='bbox 1132 686 1349 749; x_wconf 91' lang='lat' dir='ltr'><strong>corpus</strong></span> <span class='ocrx_word' id='word_1_41' title='bbox 1408 667 1646 731; x_wconf 89' lang='lat' dir='ltr'><strong>Domini</strong></span> <span class='ocrx_word' id='word_1_42' title='bbox 1678 667 1995 748; x_wconf 86' lang='lat' dir='ltr'><strong>deiferum,</strong></span> <span class='ocrx_word' id='word_1_43' title='bbox 2028 667 2099 728; x_wconf 87' lang='lat' dir='ltr'><strong>ﬁs</strong></span> <span class='ocrx_word' id='word_1_44' title='bbox 2128 676 2171 755; x_wconf 82' lang='lat' dir='ltr'><strong>el</strong></span> 
     </span>
    </p>
   </div>
   <div class='ocr_carea' id='block_1_7' title="bbox 2255 666 3936 755">
    <p class='ocr_par' dir='ltr' id='par_1_7' title="bbox 2263 667 3936 755">
     <span class='ocr_line' id='line_1_7' title="bbox 2263 667 3936 755; baseline 0.01 -34"><span class='ocrx_word' id='word_1_45' title='bbox 2263 667 2324 721; x_wconf 77' lang='grc' dir='ltr'>τὸ</span> <span class='ocrx_word' id='word_1_46' title='bbox 2351 673 2506 743; x_wconf 85' lang='grc' dir='ltr'>σῶμα</span> <span class='ocrx_word' id='word_1_47' title='bbox 2533 678 2626 728; x_wconf 87' lang='grc' dir='ltr'>τοῦ</span> <span class='ocrx_word' id='word_1_48' title='bbox 2675 673 2861 750; x_wconf 78' lang='grc' dir='ltr'><strong>Κυρίου</strong></span> <span class='ocrx_word' id='word_1_49' title='bbox 2912 674 2973 730; x_wconf 85' lang='grc' dir='ltr'><strong>τὸ</strong></span> <span class='ocrx_word' id='word_1_50' title='bbox 3023 675 3292 755; x_wconf 77' lang='grc' dir='ltr'>θεοφόρον,</span> <span class='ocrx_word' id='word_1_51' title='bbox 3343 699 3491 754; x_wconf 79' lang='grc' dir='ltr'>γινῃ,</span> <span class='ocrx_word' id='word_1_52' title='bbox 3552 677 3640 733; x_wconf 83' lang='grc' dir='ltr'>καὶ</span> <span class='ocrx_word' id='word_1_53' title='bbox 3694 677 3756 731; x_wconf 83' lang='grc' dir='ltr'>σὺ</span> <span class='ocrx_word' id='word_1_54' title='bbox 3792 671 3936 738; x_wconf 76' lang='grc' dir='ltr'>ναός</span> 
     </span>
    </p>
   </div>
   <div class='ocr_carea' id='block_1_8' title="bbox 538 754 2171 843">
    <p class='ocr_par' dir='ltr' id='par_1_8' title="bbox 538 754 2171 843">
     <span class='ocr_line' id='line_1_8' title="bbox 538 754 2171 843; baseline -0.002 -24"><span class='ocrx_word' id='word_1_55' title='bbox 538 765 601 819; x_wconf 93' lang='lat' dir='ltr'><strong>tu</strong></span> <span class='ocrx_word' id='word_1_56' title='bbox 624 756 915 837; x_wconf 76' lang='lat' dir='ltr'><strong>templum</strong></span> <span class='ocrx_word' id='word_1_57' title='bbox 940 756 1266 819; x_wconf 89' lang='lat' dir='ltr'><strong>secundum</strong></span> <span class='ocrx_word' id='word_1_58' title='bbox 1289 756 1450 843; x_wconf 85' lang='lat' dir='ltr'><strong>illius</strong></span> <span class='ocrx_word' id='word_1_59' title='bbox 1470 754 2171 834; x_wconf 75' lang='lat' dir='ltr'><strong>similitudinem.Accipi:</strong></span> 
     </span>
    </p>
   </div>
   <div class='ocr_carea' id='block_1_9' title="bbox 2255 754 3935 843">
    <p class='ocr_par' dir='ltr' id='par_1_9' title="bbox 2264 756 3935 843">
     <span class='ocr_line' id='line_1_9' title="bbox 2264 756 3935 843; baseline 0.005 -32"><span class='ocrx_word' id='word_1_60' title='bbox 2264 756 2380 812; x_wconf 81' lang='grc' dir='ltr'><strong>καθ’</strong></span> <span class='ocrx_word' id='word_1_61' title='bbox 2409 757 2659 832; x_wconf 82' lang='grc' dir='ltr'>ὁμοίωσιν</span> <span class='ocrx_word' id='word_1_62' title='bbox 2730 764 2886 843; x_wconf 71' lang='grc' dir='ltr'>αὐτοῦ</span> <span class='ocrx_word' id='word_1_63' title='bbox 2918 782 2934 799; x_wconf 89' lang='grc'><strong>·</strong></span> <span class='ocrx_word' id='word_1_64' title='bbox 2995 761 3132 843; x_wconf 76' lang='grc' dir='ltr'>δέχῃ</span> <span class='ocrx_word' id='word_1_65' title='bbox 3185 764 3285 843; x_wconf 80' lang='grc' dir='ltr'>γὰρ</span> <span class='ocrx_word' id='word_1_66' title='bbox 3338 764 3738 841; x_wconf 78' lang='grc' dir='ltr'><strong>ἐκπεμπόμενον</strong></span> <span class='ocrx_word' id='word_1_67' title='bbox 3789 762 3935 841; x_wconf 86' lang='grc' dir='ltr'>παρ’</span> 
     </span>
    </p>
   </div>
   <div class='ocr_carea' id='block_1_10' title="bbox 538 839 2171 932">
    <p class='ocr_par' dir='ltr' id='par_1_10' title="bbox 538 842 2171 925">
     <span class='ocr_line' id='line_1_10' title="bbox 538 842 2171 925; baseline -0.002 -18"><span class='ocrx_word' id='word_1_68' title='bbox 538 843 698 907; x_wconf 89' lang='lat' dir='ltr'><strong>enim</strong></span> <span class='ocrx_word' id='word_1_69' title='bbox 734 843 808 908; x_wconf 87' lang='lat' dir='ltr'><strong>ab</strong></span> <span class='ocrx_word' id='word_1_70' title='bbox 839 843 968 925; x_wconf 91' lang='lat' dir='ltr'><strong>ipso</strong></span> <span class='ocrx_word' id='word_1_71' title='bbox 1029 844 1273 906; x_wconf 92' lang='lat' dir='ltr'><strong>missum</strong></span> <span class='ocrx_word' id='word_1_72' title='bbox 1327 842 1637 925; x_wconf 83' lang='lat' dir='ltr'><strong>Spiritum.</strong></span> <span class='ocrx_word' id='word_1_73' title='bbox 1667 843 2171 917; x_wconf 85' lang='lat' dir='ltr'><strong>Quemadmodum</strong></span> 
     </span>
    </p>
   </div>
   <div class='ocr_carea' id='block_1_11' title="bbox 2255 839 3930 932">
    <p class='ocr_par' dir='ltr' id='par_1_11' title="bbox 2266 839 3930 932">
     <span class='ocr_line' id='line_1_11' title="bbox 2266 839 3930 932; baseline 0.005 -33"><span class='ocrx_word' id='word_1_74' title='bbox 2266 845 2421 901; x_wconf 74' lang='grc' dir='ltr'>αὐτοῦ</span> <span class='ocrx_word' id='word_1_75' title='bbox 2446 848 2509 902; x_wconf 85' lang='grc' dir='ltr'>τὸ</span> <span class='ocrx_word' id='word_1_76' title='bbox 2538 854 2771 923; x_wconf 86' lang='grc' dir='ltr'><strong>Πνεῦμα.</strong></span> <span class='ocrx_word' id='word_1_77' title='bbox 2820 839 3038 932; x_wconf 74' lang='grc' dir='ltr'><strong>υΩσπερ</strong></span> <span class='ocrx_word' id='word_1_78' title='bbox 3067 851 3155 909; x_wconf 81' lang='grc' dir='ltr'>οὖν</span> <span class='ocrx_word' id='word_1_79' title='bbox 3212 856 3435 931; x_wconf 83' lang='grc' dir='ltr'>Χριστὸν</span> <span class='ocrx_word' id='word_1_80' title='bbox 3490 854 3755 932; x_wconf 78' lang='grc' dir='ltr'>ἐπιγνοὺς,</span> <span class='ocrx_word' id='word_1_81' title='bbox 3811 852 3930 909; x_wconf 82' lang='grc' dir='ltr'><strong>ἐπ-</strong></span> 
     </span>
    </p>
   </div>
   <div class='ocr_carea' id='block_1_12' title="bbox 539 932 2171 1020">
    <p class='ocr_par' dir='ltr' id='par_1_12' title="bbox 539 932 2171 1013">
     <span class='ocr_line' id='line_1_12' title="bbox 539 932 2171 1013; baseline -0.001 -19"><span class='ocrx_word' id='word_1_82' title='bbox 539 951 678 1010; x_wconf 84' lang='lat' dir='ltr'><strong>ergo</strong></span> <span class='ocrx_word' id='word_1_83' title='bbox 708 932 1011 997; x_wconf 83' lang='lat' dir='ltr'><strong>Christum</strong></span> <span class='ocrx_word' id='word_1_84' title='bbox 1066 951 1396 1013; x_wconf 81' lang='lat' dir='ltr'><strong>agnoscens</strong></span> <span class='ocrx_word' id='word_1_85' title='bbox 1427 932 1613 995; x_wconf 90' lang='lat' dir='ltr'><strong>Deum</strong></span> <span class='ocrx_word' id='word_1_86' title='bbox 1645 932 1955 1013; x_wconf 79' lang='lat' dir='ltr'><strong>agnovisti,</strong></span> <span class='ocrx_word' id='word_1_87' title='bbox 2012 932 2095 994; x_wconf 88' lang='lat' dir='ltr'><strong>ita</strong></span> <span class='ocrx_word' id='word_1_88' title='bbox 2124 940 2171 994; x_wconf 86' lang='lat' dir='ltr'><strong>el</strong></span> 
     </span>
    </p>
   </div>
   <div class='ocr_carea' id='block_1_13' title="bbox 2255 932 3930 1020">
    <p class='ocr_par' dir='ltr' id='par_1_13' title="bbox 2265 932 3930 1020">
     <span class='ocr_line' id='line_1_13' title="bbox 2265 932 3930 1020; baseline 0.005 -32"><span class='ocrx_word' id='word_1_89' title='bbox 2265 932 2427 1020; x_wconf 69' lang='grc' dir='ltr'>ἐγνῳς</span> <span class='ocrx_word' id='word_1_90' title='bbox 2476 937 2627 1020; x_wconf 82' lang='grc' dir='ltr'>Θεὸν,</span> <span class='ocrx_word' id='word_1_91' title='bbox 2660 935 2796 994; x_wconf 78' lang='grc' dir='ltr'>οὕτω</span> <span class='ocrx_word' id='word_1_92' title='bbox 2837 941 3061 1016; x_wconf 85' lang='grc' dir='ltr'>Πνεῦμα</span> <span class='ocrx_word' id='word_1_93' title='bbox 3117 949 3338 1020; x_wconf 80' lang='grc' dir='ltr'><strong>Χριστοῦ</strong></span> <span class='ocrx_word' id='word_1_94' title='bbox 3393 941 3692 1020; x_wconf 75' lang='grc' dir='ltr'><strong>δεξάμενος,</strong></span> <span class='ocrx_word' id='word_1_95' title='bbox 3751 939 3930 1007; x_wconf 78' lang='grc' dir='ltr'>ἐδέξω</span> 
     </span>
    </p>
   </div>
   <div class='ocr_carea' id='block_1_14' title="bbox 539 1014 2171 1112">
    <p class='ocr_par' dir='ltr' id='par_1_14' title="bbox 539 1020 2171 1112">
     <span class='ocr_line' id='line_1_14' title="bbox 539 1020 2171 1112; baseline 0 -30"><span class='ocrx_word' id='word_1_96' title='bbox 539 1020 824 1112; x_wconf 74' lang='lat' dir='ltr'><strong>Spiritum</strong></span> <span class='ocrx_word' id='word_1_97' title='bbox 840 1020 1056 1112; x_wconf 83' lang='lat' dir='ltr'><strong>Christi</strong></span> <span class='ocrx_word' id='word_1_98' title='bbox 1073 1021 1405 1112; x_wconf 68' lang='lat' dir='ltr'><strong>accipiens,</strong></span> <span class='ocrx_word' id='word_1_99' title='bbox 1426 1020 1615 1112; x_wconf 86' lang='lat' dir='ltr'><strong>Deum</strong></span> <span class='ocrx_word' id='word_1_100' title='bbox 1638 1020 1991 1112; x_wconf 39' lang='lat' dir='ltr'><strong>accepisti.)</strong></span> <span class='ocrx_word' id='word_1_101' title='bbox 2016 1020 2171 1112; x_wconf 87' lang='lat' dir='ltr'><strong>Idem</strong></span> 
     </span>
    </p>
   </div>
   <div class='ocr_carea' id='block_1_15' title="bbox 2255 1014 3931 1112">
    <p class='ocr_par' dir='ltr' id='par_1_15' title="bbox 2266 1014 3931 1112">
     <span class='ocr_line' id='line_1_15' title="bbox 2266 1014 3931 1112; baseline 0.001 -30"><span class='ocrx_word' id='word_1_102' title='bbox 2266 1018 2456 1112; x_wconf 37' lang='grc' dir='ltr'><strong>βεᾷνη</strong></span> <span class='ocrx_word' id='word_1_103' title='bbox 2496 1014 2552 1081; x_wconf 63' lang='grc' dir='ltr'>Ὀ</span> <span class='ocrx_word' id='word_1_104' title='bbox 2614 1026 2775 1112; x_wconf 64' lang='grc' dir='ltr'>ριύτὲς</span> <span class='ocrx_word' id='word_1_105' title='bbox 2832 1026 2885 1085; x_wconf 76' lang='grc' dir='ltr'><strong>ἐν</strong></span> <span class='ocrx_word' id='word_1_106' title='bbox 2959 1014 3035 1104; x_wconf 61' lang='lat' dir='ltr'><strong>rip</strong></span> <span class='ocrx_word' id='word_1_107' title='bbox 3076 1014 3270 1108; x_wconf 72' lang='grc' dir='ltr'><strong>πρῶτῳ</strong></span> <span class='ocrx_word' id='word_1_108' title='bbox 3357 1014 3793 1112; x_wconf 72' lang='grc' dir='ltr'>Προφυλακτικῷ,</span> <span class='ocrx_word' id='word_1_109' title='bbox 3863 1028 3931 1084; x_wconf 80' lang='grc' dir='ltr'>οὗ</span> 
     </span>
    </p>
   </div>
   <div class='ocr_carea' id='block_1_16' title="bbox 537 1102 2171 1199">
    <p class='ocr_par' dir='ltr' id='par_1_16' title="bbox 537 1108 2171 1199">
     <span class='ocr_line' id='line_1_16' title="bbox 537 1108 2171 1199; baseline -0.001 -27"><span class='ocrx_word' id='word_1_110' title='bbox 537 1110 599 1197; x_wconf 82' lang='lat' dir='ltr'><strong>in</strong></span> <span class='ocrx_word' id='word_1_111' title='bbox 622 1110 814 1199; x_wconf 88' lang='lat' dir='ltr'><strong>prima</strong></span> <span class='ocrx_word' id='word_1_112' title='bbox 839 1110 1482 1192; x_wconf 79' lang='lat' dir='ltr'><strong>Prophylactica,cujus</strong></span> <span class='ocrx_word' id='word_1_113' title='bbox 1507 1109 1884 1190; x_wconf 82' lang='lat' dir='ltr'><strong>principium,</strong></span> <span class='ocrx_word' id='word_1_114' title='bbox 1901 1108 2171 1182; x_wconf 73' lang='lat' dir='ltr'><strong>«Quando</strong></span> 
     </span>
    </p>
   </div>
   <div class='ocr_carea' id='block_1_17' title="bbox 2255 1102 3929 1199">
    <p class='ocr_par' dir='ltr' id='par_1_17' title="bbox 2264 1102 3929 1199">
     <span class='ocr_line' id='line_1_17' title="bbox 2264 1102 3929 1199; baseline -0.002 -23"><span class='ocrx_word' id='word_1_115' title='bbox 2264 1108 2301 1176; x_wconf 74' lang='grc' dir='ltr'>ἦ</span> <span class='ocrx_word' id='word_1_116' title='bbox 2328 1109 2499 1199; x_wconf 61' lang='grc' dir='ltr'>ἀρχὴ,</span> <span class='ocrx_word' id='word_1_117' title='bbox 2552 1136 2575 1166; x_wconf 75' lang='grc' dir='ltr'>ι</span> <span class='ocrx_word' id='word_1_118' title='bbox 2614 1102 2827 1182; x_wconf 78' lang='grc' dir='ltr'>Ἐπειδὴ</span> <span class='ocrx_word' id='word_1_119' title='bbox 2875 1123 2952 1192; x_wconf 83' lang='grc' dir='ltr'>τῷ</span> <span class='ocrx_word' id='word_1_120' title='bbox 2998 1102 3187 1197; x_wconf 50' lang='grc' dir='ltr'>Ἐγειὸῷ</span> <span class='ocrx_word' id='word_1_121' title='bbox 3228 1102 3653 1199; x_wconf 77' lang='grc' dir='ltr'>προσερχόμεθα,</span> <span class='ocrx_word' id='word_1_122' title='bbox 3701 1102 3929 1198; x_wconf 70' lang='grc' dir='ltr'>φυλάσ-</span> 
     </span>
    </p>
   </div>
   <div class='ocr_carea' id='block_1_18' title="bbox 538 1197 2171 1286">
    <p class='ocr_par' dir='ltr' id='par_1_18' title="bbox 538 1198 2171 1280">
     <span class='ocr_line' id='line_1_18' title="bbox 538 1198 2171 1280; baseline -0.001 -18"><span class='ocrx_word' id='word_1_123' title='bbox 538 1200 610 1262; x_wconf 91' lang='lat' dir='ltr'><strong>ad</strong></span> <span class='ocrx_word' id='word_1_124' title='bbox 635 1198 855 1262; x_wconf 90' lang='lat' dir='ltr'><strong>bonum</strong></span> <span class='ocrx_word' id='word_1_125' title='bbox 879 1200 1239 1280; x_wconf 89' lang='lat' dir='ltr'><strong>accedimus,</strong></span> <span class='ocrx_word' id='word_1_126' title='bbox 1268 1216 1600 1278; x_wconf 75' lang='lat' dir='ltr'><strong>praecavere</strong></span> <span class='ocrx_word' id='word_1_127' title='bbox 1620 1206 1871 1280; x_wconf 88' lang='lat' dir='ltr'><strong>oportet,</strong></span> <span class='ocrx_word' id='word_1_128' title='bbox 1898 1199 1999 1279; x_wconf 91' lang='lat' dir='ltr'><strong>qui</strong></span> <span class='ocrx_word' id='word_1_129' title='bbox 2026 1199 2171 1260; x_wconf 82' lang='lat' dir='ltr'><strong>bono</strong></span> 
     </span>
    </p>
   </div>
   <div class='ocr_carea' id='block_1_19' title="bbox 2255 1197 3922 1286">
    <p class='ocr_par' dir='ltr' id='par_1_19' title="bbox 2266 1197 3922 1286">
     <span class='ocr_line' id='line_1_19' title="bbox 2266 1197 3922 1286; baseline 0.007 -34"><span class='ocrx_word' id='word_1_130' title='bbox 2266 1201 2442 1254; x_wconf 84' lang='grc' dir='ltr'>σεσθαι</span> <span class='ocrx_word' id='word_1_131' title='bbox 2472 1197 2555 1257; x_wconf 78' lang='grc' dir='ltr'><strong>δεῖ</strong></span> <span class='ocrx_word' id='word_1_132' title='bbox 2583 1202 2672 1258; x_wconf 82' lang='grc' dir='ltr'>τὸν</span> <span class='ocrx_word' id='word_1_133' title='bbox 2720 1203 3133 1284; x_wconf 77' lang='grc' dir='ltr'><strong>ἀντιπράσσοντα</strong></span> <span class='ocrx_word' id='word_1_134' title='bbox 3194 1197 3279 1281; x_wconf 15' lang='grc' dir='ltr'>τῷί</span> <span class='ocrx_word' id='word_1_135' title='bbox 3324 1197 3504 1286; x_wconf 61' lang='grc' dir='ltr'>ἇγαδῷ</span> <span class='ocrx_word' id='word_1_136' title='bbox 3562 1197 3831 1280; x_wconf 73' lang='grc' dir='ltr'>δίάϐολον,</span> <span class='ocrx_word' id='word_1_137' title='bbox 3891 1226 3922 1264; x_wconf 72' lang='grc' dir='ltr'><strong><em>ι</em></strong></span> 
     </span>
    </p>
   </div>
   <div class='ocr_carea' id='block_1_20' title="bbox 540 1287 2171 1374">
    <p class='ocr_par' dir='ltr' id='par_1_20' title="bbox 540 1287 2171 1369">
     <span class='ocr_line' id='line_1_20' title="bbox 540 1287 2171 1369; baseline -0.002 -19"><span class='ocrx_word' id='word_1_138' title='bbox 540 1299 746 1352; x_wconf 90' lang='lat' dir='ltr'><strong>contra</strong></span> <span class='ocrx_word' id='word_1_139' title='bbox 775 1287 1408 1369; x_wconf 84' lang='lat' dir='ltr'><strong>operatur,diaholum.</strong></span> <span class='ocrx_word' id='word_1_140' title='bbox 1442 1290 1514 1351; x_wconf 90' lang='lat' dir='ltr'><strong>Et</strong></span> <span class='ocrx_word' id='word_1_141' title='bbox 1537 1287 1907 1349; x_wconf 46' lang='lat' dir='ltr'><strong>hac‘ratione</strong></span> <span class='ocrx_word' id='word_1_142' title='bbox 1928 1287 2171 1349; x_wconf 71' lang='lat' dir='ltr'><strong>servabit</strong></span> 
     </span>
    </p>
   </div>
   <div class='ocr_carea' id='block_1_21' title="bbox 2255 1287 3929 1374">
    <p class='ocr_par' dir='ltr' id='par_1_21' title="bbox 2264 1288 3929 1374">
     <span class='ocr_line' id='line_1_21' title="bbox 2264 1288 3929 1374; baseline -0.002 -21"><span class='ocrx_word' id='word_1_143' title='bbox 2264 1288 2394 1367; x_wconf 76' lang='grc' dir='ltr'>φησί</span> <span class='ocrx_word' id='word_1_144' title='bbox 2427 1304 2441 1317; x_wconf 88' lang='grc'><strong>⁹</strong></span> <span class='ocrx_word' id='word_1_145' title='bbox 2517 1310 2549 1347; x_wconf 73' lang='grc' dir='ltr'><strong>α</strong></span> <span class='ocrx_word' id='word_1_146' title='bbox 2597 1292 2694 1348; x_wconf 79' lang='grc' dir='ltr'><strong>Καὶ</strong></span> <span class='ocrx_word' id='word_1_147' title='bbox 2754 1291 2919 1359; x_wconf 78' lang='grc' dir='ltr'>οὕτως</span> <span class='ocrx_word' id='word_1_148' title='bbox 2961 1294 3104 1370; x_wconf 56' lang='grc' dir='ltr'>ἠμᾶς</span> <span class='ocrx_word' id='word_1_149' title='bbox 3158 1293 3371 1374; x_wconf 77' lang='grc' dir='ltr'>φυλάξοι</span> <span class='ocrx_word' id='word_1_150' title='bbox 3426 1297 3487 1352; x_wconf 81' lang='grc' dir='ltr'>τὸ</span> <span class='ocrx_word' id='word_1_151' title='bbox 3516 1297 3655 1374; x_wconf 78' lang='grc' dir='ltr'>παρά</span> <span class='ocrx_word' id='word_1_152' title='bbox 3686 1301 3929 1374; x_wconf 82' lang='grc' dir='ltr'>Χριστοῦ</span> 
     </span>
    </p>
   </div>
   <div class='ocr_carea' id='block_1_22' title="bbox 539 1375 2185 1458">
    <p class='ocr_par' dir='ltr' id='par_1_22' title="bbox 539 1375 2185 1458">
     <span class='ocr_line' id='line_1_22' title="bbox 539 1375 2185 1458; baseline -0.001 -19"><span class='ocrx_word' id='word_1_153' title='bbox 539 1395 649 1439; x_wconf 91' lang='lat' dir='ltr'><strong>nos</strong></span> <span class='ocrx_word' id='word_1_154' title='bbox 679 1375 957 1458; x_wconf 84' lang='lat' dir='ltr'><strong>Spiritus,</strong></span> <span class='ocrx_word' id='word_1_155' title='bbox 993 1378 1091 1458; x_wconf 90' lang='lat' dir='ltr'><strong>qui</strong></span> <span class='ocrx_word' id='word_1_156' title='bbox 1127 1396 1195 1438; x_wconf 85' lang='lat' dir='ltr'><strong>ex</strong></span> <span class='ocrx_word' id='word_1_157' title='bbox 1246 1375 1482 1439; x_wconf 89' lang='lat' dir='ltr'><strong>Christo</strong></span> <span class='ocrx_word' id='word_1_158' title='bbox 1533 1384 1640 1452; x_wconf 82' lang='lat' dir='ltr'><strong>est,</strong></span> <span class='ocrx_word' id='word_1_159' title='bbox 1674 1376 1734 1437; x_wconf 90' lang='lat' dir='ltr'><strong>in</strong></span> <span class='ocrx_word' id='word_1_160' title='bbox 1767 1376 1924 1437; x_wconf 88' lang='lat' dir='ltr'><strong>diem</strong></span> <span class='ocrx_word' id='word_1_161' title='bbox 1974 1376 2185 1439; x_wconf 60' lang='lat' dir='ltr'><strong>futura</strong></span> 
     </span>
    </p>
   </div>
   <div class='ocr_carea' id='block_1_23' title="bbox 540 1465 2186 1547">
    <p class='ocr_par' dir='ltr' id='par_1_23' title="bbox 540 1465 2186 1547">
     <span class='ocr_line' id='line_1_23' title="bbox 540 1465 2186 1547; baseline -0.001 -19"><span class='ocrx_word' id='word_1_162' title='bbox 540 1465 995 1547; x_wconf 90' lang='lat' dir='ltr'><strong>redemptionis.</strong></span> <span class='ocrx_word' id='word_1_163' title='bbox 1040 1491 1062 1523; x_wconf 71' lang='grc' dir='ltr'><strong>ι</strong></span> <span class='ocrx_word' id='word_1_164' title='bbox 1100 1468 1351 1528; x_wconf 89' lang='lat' dir='ltr'><strong>Sanctus</strong></span> <span class='ocrx_word' id='word_1_165' title='bbox 1390 1466 1593 1527; x_wconf 88' lang='lat' dir='ltr'><strong>itidem</strong></span> <span class='ocrx_word' id='word_1_166' title='bbox 1627 1465 1874 1545; x_wconf 83' lang='lat' dir='ltr'><strong>Cyrillus</strong></span> <span class='ocrx_word' id='word_1_167' title='bbox 1904 1466 1963 1527; x_wconf 90' lang='lat' dir='ltr'><strong>in</strong></span> <span class='ocrx_word' id='word_1_168' title='bbox 1995 1466 2186 1547; x_wconf 86' lang='lat' dir='ltr'><strong>capite</strong></span> 
     </span>
    </p>
   </div>
   <div class='ocr_carea' id='block_1_24' title="bbox 541 1554 2187 1637">
    <p class='ocr_par' dir='ltr' id='par_1_24' title="bbox 541 1554 2187 1637">
     <span class='ocr_line' id='line_1_24' title="bbox 541 1554 2187 1637; baseline 0 -20"><span class='ocrx_word' id='word_1_169' title='bbox 541 1555 795 1637; x_wconf 88' lang='lat' dir='ltr'><strong>quodam</strong></span> <span class='ocrx_word' id='word_1_170' title='bbox 856 1554 990 1617; x_wconf 89' lang='lat' dir='ltr'><strong>libri</strong></span> <span class='ocrx_word' id='word_1_171' title='bbox 1036 1554 1287 1618; x_wconf 89' lang='lat' dir='ltr'><strong>secundi</strong></span> <span class='ocrx_word' id='word_1_172' title='bbox 1339 1554 1804 1628; x_wconf 90' lang='lat' dir='ltr'><strong>Thesaurorum,</strong></span> <span class='ocrx_word' id='word_1_173' title='bbox 1844 1580 1870 1611; x_wconf 80' lang='grc' dir='ltr'><strong>α</strong></span> <span class='ocrx_word' id='word_1_174' title='bbox 1906 1555 2187 1636; x_wconf 88' lang='lat' dir='ltr'><strong>Proprius</strong></span> 
     </span>
    </p>
   </div>
   <div class='ocr_carea' id='block_1_25' title="bbox 540 1642 2185 1725">
    <p class='ocr_par' dir='ltr' id='par_1_25' title="bbox 540 1642 2185 1725">
     <span class='ocr_line' id='line_1_25' title="bbox 540 1642 2185 1725; baseline 0 -19"><span class='ocrx_word' id='word_1_175' title='bbox 540 1663 680 1706; x_wconf 93' lang='lat' dir='ltr'><strong>vero</strong></span> <span class='ocrx_word' id='word_1_176' title='bbox 705 1643 949 1706; x_wconf 89' lang='lat' dir='ltr'><strong>omnino</strong></span> <span class='ocrx_word' id='word_1_177' title='bbox 976 1652 1064 1706; x_wconf 89' lang='lat' dir='ltr'><strong>est</strong></span> <span class='ocrx_word' id='word_1_178' title='bbox 1095 1642 1351 1725; x_wconf 88' lang='lat' dir='ltr'><strong>Spiritus</strong></span> <span class='ocrx_word' id='word_1_179' title='bbox 1395 1646 1675 1706; x_wconf 71' lang='lat' dir='ltr'><strong>essentia:</strong></span> <span class='ocrx_word' id='word_1_180' title='bbox 1703 1643 1861 1717; x_wconf 87' lang='lat' dir='ltr'><strong>Filii,</strong></span> <span class='ocrx_word' id='word_1_181' title='bbox 1894 1663 2087 1724; x_wconf 90' lang='lat' dir='ltr'><strong>neque</strong></span> <span class='ocrx_word' id='word_1_182' title='bbox 2117 1664 2185 1707; x_wconf 83' lang='lat' dir='ltr'><strong>ex</strong></span> 
     </span>
    </p>
   </div>
   <div class='ocr_carea' id='block_1_26' title="bbox 542 1731 2177 1814">
    <p class='ocr_par' dir='ltr' id='par_1_26' title="bbox 542 1731 2177 1814">
     <span class='ocr_line' id='line_1_26' title="bbox 542 1731 2177 1814; baseline 0.001 -19"><span class='ocrx_word' id='word_1_183' title='bbox 542 1741 785 1795; x_wconf 82' lang='lat' dir='ltr'><strong>externo</strong></span> <span class='ocrx_word' id='word_1_184' title='bbox 815 1732 1010 1813; x_wconf 89' lang='lat' dir='ltr'><strong>aliquo</strong></span> <span class='ocrx_word' id='word_1_185' title='bbox 1062 1734 1415 1814; x_wconf 84' lang='lat' dir='ltr'><strong>bypostasim</strong></span> <span class='ocrx_word' id='word_1_186' title='bbox 1441 1733 1676 1795; x_wconf 75' lang='lat' dir='ltr'><strong>habet.»</strong></span> <span class='ocrx_word' id='word_1_187' title='bbox 1712 1731 1779 1794; x_wconf 91' lang='lat' dir='ltr'><strong>In</strong></span> <span class='ocrx_word' id='word_1_188' title='bbox 1811 1733 1924 1795; x_wconf 89' lang='lat' dir='ltr'><strong>alio</strong></span> <span class='ocrx_word' id='word_1_189' title='bbox 1947 1752 2177 1808; x_wconf 78' lang='lat' dir='ltr'><strong>rursus,</strong></span> 
     </span>
    </p>
   </div>
   <div class='ocr_carea' id='block_1_27' title="bbox 2268 1380 3924 1463">
    <p class='ocr_par' dir='ltr' id='par_1_27' title="bbox 2268 1380 3924 1463">
     <span class='ocr_line' id='line_1_27' title="bbox 2268 1380 3924 1463; baseline 0.006 -34"><span class='ocrx_word' id='word_1_190' title='bbox 2268 1381 2479 1452; x_wconf 79' lang='grc' dir='ltr'><strong>Πνεῦμα</strong></span> <span class='ocrx_word' id='word_1_191' title='bbox 2536 1380 2610 1463; x_wconf 77' lang='grc' dir='ltr'>εἷς</span> <span class='ocrx_word' id='word_1_192' title='bbox 2665 1381 2765 1448; x_wconf 75' lang='grc' dir='ltr'>τὴν</span> <span class='ocrx_word' id='word_1_193' title='bbox 2813 1382 3015 1463; x_wconf 82' lang='grc' dir='ltr'>ἡμέραν</span> <span class='ocrx_word' id='word_1_194' title='bbox 3073 1387 3171 1453; x_wconf 80' lang='grc' dir='ltr'>τῆς</span> <span class='ocrx_word' id='word_1_195' title='bbox 3240 1383 3539 1460; x_wconf 78' lang='grc' dir='ltr'><strong>μελλούσης</strong></span> <span class='ocrx_word' id='word_1_196' title='bbox 3592 1384 3924 1463; x_wconf 79' lang='grc' dir='ltr'>ἀπολυτρώ-</span> 
     </span>
    </p>
   </div>
   <div class='ocr_carea' id='block_1_28' title="bbox 2268 1458 3922 1552">
    <p class='ocr_par' dir='ltr' id='par_1_28' title="bbox 2268 1458 3922 1552">
     <span class='ocr_line' id='line_1_28' title="bbox 2268 1458 3922 1552; baseline 0.005 -33"><span class='ocrx_word' id='word_1_197' title='bbox 2268 1485 2428 1552; x_wconf 83' lang='grc' dir='ltr'><strong>σεως.</strong></span> <span class='ocrx_word' id='word_1_198' title='bbox 2485 1487 2508 1523; x_wconf 77' lang='grc' dir='ltr'><strong>ι</strong></span> <span class='ocrx_word' id='word_1_199' title='bbox 2548 1458 2604 1525; x_wconf 66' lang='grc' dir='ltr'><strong>Ὀ</strong></span> <span class='ocrx_word' id='word_1_200' title='bbox 2633 1468 2785 1547; x_wconf 76' lang='grc' dir='ltr'>ἅγιος</span> <span class='ocrx_word' id='word_1_201' title='bbox 2841 1458 3000 1527; x_wconf 80' lang='grc' dir='ltr'>πάλιν</span> <span class='ocrx_word' id='word_1_202' title='bbox 3048 1458 3300 1552; x_wconf 81' lang='grc' dir='ltr'>Κόριλλος</span> <span class='ocrx_word' id='word_1_203' title='bbox 3354 1473 3408 1529; x_wconf 76' lang='grc' dir='ltr'>ἐν</span> <span class='ocrx_word' id='word_1_204' title='bbox 3466 1473 3539 1530; x_wconf 80' lang='grc' dir='ltr'><strong>ἐνὶ</strong></span> <span class='ocrx_word' id='word_1_205' title='bbox 3596 1479 3700 1529; x_wconf 82' lang='grc' dir='ltr'>τῶν</span> <span class='ocrx_word' id='word_1_206' title='bbox 3732 1458 3922 1552; x_wconf 48' lang='lat'><strong>25:91-</strong></span> 
     </span>
    </p>
   </div>
   <div class='ocr_carea' id='block_1_29' title="bbox 2266 1551 3924 1642">
    <p class='ocr_par' dir='ltr' id='par_1_29' title="bbox 2266 1551 3924 1642">
     <span class='ocr_line' id='line_1_29' title="bbox 2266 1551 3924 1642; baseline 0.004 -35"><span class='ocrx_word' id='word_1_207' title='bbox 2266 1551 2427 1610; x_wconf 84' lang='grc' dir='ltr'>λαίων</span> <span class='ocrx_word' id='word_1_208' title='bbox 2474 1565 2568 1614; x_wconf 84' lang='grc' dir='ltr'>τοῦ</span> <span class='ocrx_word' id='word_1_209' title='bbox 2623 1555 2859 1637; x_wconf 64' lang='grc' dir='ltr'>δευτέρου</span> <span class='ocrx_word' id='word_1_210' title='bbox 2898 1565 3004 1618; x_wconf 80' lang='grc' dir='ltr'>τῶν</span> <span class='ocrx_word' id='word_1_211' title='bbox 3062 1551 3349 1641; x_wconf 79' lang='grc' dir='ltr'>Θησαυρῶν</span> <span class='ocrx_word' id='word_1_212' title='bbox 3404 1584 3563 1642; x_wconf 76' lang='grc' dir='ltr'>φησιν</span> <span class='ocrx_word' id='word_1_213' title='bbox 3593 1578 3608 1593; x_wconf 87' lang='grc'><em>’</em></span> <span class='ocrx_word' id='word_1_214' title='bbox 3675 1585 3702 1616; x_wconf 77' lang='grc' dir='ltr'><strong>α</strong></span> <span class='ocrx_word' id='word_1_215' title='bbox 3742 1551 3924 1619; x_wconf 75' lang='grc' dir='ltr'>’Ἰδιον</span> 
     </span>
    </p>
   </div>
   <div class='ocr_carea' id='block_1_30' title="bbox 2267 1637 3926 1724">
    <p class='ocr_par' dir='ltr' id='par_1_30' title="bbox 2267 1637 3926 1724">
     <span class='ocr_line' id='line_1_30' title="bbox 2267 1637 3926 1724; baseline 0.004 -29"><span class='ocrx_word' id='word_1_216' title='bbox 2267 1637 2322 1695; x_wconf 81' lang='grc' dir='ltr'><strong>δὲ</strong></span> <span class='ocrx_word' id='word_1_217' title='bbox 2351 1642 2562 1708; x_wconf 87' lang='grc' dir='ltr'>πάντως</span> <span class='ocrx_word' id='word_1_218' title='bbox 2620 1643 2678 1701; x_wconf 83' lang='grc' dir='ltr'><strong>δὸ</strong></span> <span class='ocrx_word' id='word_1_219' title='bbox 2720 1653 2935 1723; x_wconf 80' lang='grc' dir='ltr'>Πνεῦμα</span> <span class='ocrx_word' id='word_1_220' title='bbox 2976 1652 3073 1718; x_wconf 80' lang='grc' dir='ltr'>τῆς</span> <span class='ocrx_word' id='word_1_221' title='bbox 3123 1637 3296 1715; x_wconf 75' lang='grc' dir='ltr'>οὐσίας</span> <span class='ocrx_word' id='word_1_222' title='bbox 3336 1637 3430 1706; x_wconf 66' lang='grc' dir='ltr'>τοῦ</span> <span class='ocrx_word' id='word_1_223' title='bbox 3502 1652 3643 1724; x_wconf 78' lang='grc' dir='ltr'>Υἱοῦ,</span> <span class='ocrx_word' id='word_1_224' title='bbox 3698 1650 3788 1705; x_wconf 82' lang='grc' dir='ltr'>καὶ</span> <span class='ocrx_word' id='word_1_225' title='bbox 3821 1650 3926 1703; x_wconf 67' lang='grc' dir='ltr'>οὔκ</span> 
     </span>
    </p>
   </div>
   <div class='ocr_carea' id='block_1_31' title="bbox 2268 1726 3921 1813">
    <p class='ocr_par' dir='ltr' id='par_1_31' title="bbox 2268 1726 3921 1813">
     <span class='ocr_line' id='line_1_31' title="bbox 2268 1726 3921 1813; baseline 0.003 -28"><span class='ocrx_word' id='word_1_226' title='bbox 2268 1726 2451 1794; x_wconf 73' lang='grc' dir='ltr'><strong>ἔξωθεν</strong></span> <span class='ocrx_word' id='word_1_227' title='bbox 2479 1733 2790 1795; x_wconf 81' lang='grc' dir='ltr'>ὑποστατόν.</span> <span class='ocrx_word' id='word_1_228' title='bbox 2832 1756 2860 1795; x_wconf 81' lang='grc'><strong>)</strong></span> <span class='ocrx_word' id='word_1_229' title='bbox 2905 1734 2995 1794; x_wconf 89' lang='grc' dir='ltr'>Ἐν</span> <span class='ocrx_word' id='word_1_230' title='bbox 3037 1735 3185 1813; x_wconf 73' lang='grc' dir='ltr'>ἄλλῳ</span> <span class='ocrx_word' id='word_1_231' title='bbox 3225 1735 3385 1794; x_wconf 67' lang='grc' dir='ltr'>πάλιν</span> <span class='ocrx_word' id='word_1_232' title='bbox 3418 1757 3432 1770; x_wconf 88' lang='grc'><strong>·</strong></span> <span class='ocrx_word' id='word_1_233' title='bbox 3473 1760 3502 1793; x_wconf 70' lang='grc' dir='ltr'><em>ι</em></span> <span class='ocrx_word' id='word_1_234' title='bbox 3543 1739 3921 1813; x_wconf 81' lang='grc' dir='ltr'>Νομοθετοῦν-</span> 
     </span>
    </p>
   </div>
   <div class='ocr_carea' id='block_1_32' title="bbox 544 1808 2171 1904">
    <p class='ocr_par' dir='ltr' id='par_1_32' title="bbox 544 1808 2171 1904">
     <span class='ocr_line' id='line_1_32' title="bbox 544 1808 2171 1904; baseline 0.001 -22"><span class='ocrx_word' id='word_1_235' title='bbox 544 1826 799 1901; x_wconf 73' lang='lat' dir='ltr'><strong>(Legem</strong></span> <span class='ocrx_word' id='word_1_236' title='bbox 850 1808 1078 1884; x_wconf 73' lang='lat' dir='ltr'><strong>ferente</strong></span> <span class='ocrx_word' id='word_1_237' title='bbox 1104 1808 1329 1902; x_wconf 36' lang='lat' dir='ltr'><strong>vitaque</strong></span> <span class='ocrx_word' id='word_1_238' title='bbox 1362 1820 1619 1902; x_wconf 77' lang='lat' dir='ltr'><strong>Christo,</strong></span> <span class='ocrx_word' id='word_1_239' title='bbox 1650 1830 1928 1903; x_wconf 90' lang='lat' dir='ltr'><strong>tanquam</strong></span> <span class='ocrx_word' id='word_1_240' title='bbox 1960 1822 2022 1883; x_wconf 92' lang='lat' dir='ltr'><strong>in</strong></span> <span class='ocrx_word' id='word_1_241' title='bbox 2053 1822 2171 1904; x_wconf 83' lang='lat' dir='ltr'><strong>ipso</strong></span> 
     </span>
    </p>
   </div>
   <div class='ocr_carea' id='block_1_33' title="bbox 2255 1808 3924 1904">
    <p class='ocr_par' dir='ltr' id='par_1_33' title="bbox 2264 1822 3924 1902">
     <span class='ocr_line' id='line_1_33' title="bbox 2264 1822 3924 1902; baseline 0.005 -29"><span class='ocrx_word' id='word_1_242' title='bbox 2264 1840 2351 1881; x_wconf 89' lang='grc' dir='ltr'><strong>τος</strong></span> <span class='ocrx_word' id='word_1_243' title='bbox 2431 1822 2704 1900; x_wconf 76' lang='grc' dir='ltr'>τοιγαροῦν</span> <span class='ocrx_word' id='word_1_244' title='bbox 2759 1831 2851 1880; x_wconf 90' lang='grc' dir='ltr'><strong>τοῦ</strong></span> <span class='ocrx_word' id='word_1_245' title='bbox 2913 1832 3156 1902; x_wconf 78' lang='grc' dir='ltr'><strong>Χριστοῦ,</strong></span> <span class='ocrx_word' id='word_1_246' title='bbox 3233 1830 3305 1891; x_wconf 84' lang='grc' dir='ltr'>ὡς</span> <span class='ocrx_word' id='word_1_247' title='bbox 3389 1827 3444 1882; x_wconf 78' lang='grc' dir='ltr'>ὲν</span> <span class='ocrx_word' id='word_1_248' title='bbox 3500 1825 3643 1901; x_wconf 73' lang='grc' dir='ltr'><strong>αὒτῴ</strong></span> <span class='ocrx_word' id='word_1_249' title='bbox 3714 1828 3806 1881; x_wconf 77' lang='grc' dir='ltr'>καὶ</span> <span class='ocrx_word' id='word_1_250' title='bbox 3868 1825 3924 1890; x_wconf 80' lang='grc' dir='ltr'>ἐξ</span> 
     </span>
    </p>
   </div>
   <div class='ocr_carea' id='block_1_34' title="bbox 542 1909 2171 1994">
    <p class='ocr_par' dir='ltr' id='par_1_34' title="bbox 542 1909 2171 1992">
     <span class='ocr_line' id='line_1_34' title="bbox 542 1909 2171 1992; baseline -0.002 -19"><span class='ocrx_word' id='word_1_251' title='bbox 542 1919 601 1973; x_wconf 89' lang='lat' dir='ltr'><strong>et</strong></span> <span class='ocrx_word' id='word_1_252' title='bbox 630 1929 698 1972; x_wconf 63' lang='lat' dir='ltr'><strong>es</strong></span> <span class='ocrx_word' id='word_1_253' title='bbox 730 1910 863 1992; x_wconf 88' lang='lat' dir='ltr'><strong>ipso</strong></span> <span class='ocrx_word' id='word_1_254' title='bbox 921 1909 1144 1992; x_wconf 91' lang='lat' dir='ltr'><strong>Spiritu</strong></span> <span class='ocrx_word' id='word_1_255' title='bbox 1179 1911 1336 1973; x_wconf 90' lang='lat' dir='ltr'><strong>illius</strong></span> <span class='ocrx_word' id='word_1_256' title='bbox 1365 1910 1708 1992; x_wconf 86' lang='lat' dir='ltr'><strong>exsistente,</strong></span> <span class='ocrx_word' id='word_1_257' title='bbox 1762 1911 1949 1991; x_wconf 86' lang='lat' dir='ltr'><strong>legem</strong></span> <span class='ocrx_word' id='word_1_258' title='bbox 1981 1912 2112 1974; x_wconf 83' lang='lat' dir='ltr'><strong>fert.</strong></span> <span class='ocrx_word' id='word_1_259' title='bbox 2151 1937 2171 1969; x_wconf 79' lang='grc' dir='ltr'><strong>ι</strong></span> 
     </span>
    </p>
   </div>
   <div class='ocr_carea' id='block_1_35' title="bbox 2255 1909 3928 1994">
    <p class='ocr_par' dir='ltr' id='par_1_35' title="bbox 2266 1909 3928 1994">
     <span class='ocr_line' id='line_1_35' title="bbox 2266 1909 3928 1994; baseline 0.004 -31"><span class='ocrx_word' id='word_1_260' title='bbox 2266 1909 2421 1964; x_wconf 73' lang='grc' dir='ltr'>αὐτοῦ</span> <span class='ocrx_word' id='word_1_261' title='bbox 2482 1917 2712 1991; x_wconf 76' lang='grc' dir='ltr'>φυσικῶς</span> <span class='ocrx_word' id='word_1_262' title='bbox 2772 1914 3015 1994; x_wconf 81' lang='grc' dir='ltr'>ὑπάρχον</span> <span class='ocrx_word' id='word_1_263' title='bbox 3070 1917 3131 1971; x_wconf 81' lang='grc' dir='ltr'>τὸ</span> <span class='ocrx_word' id='word_1_264' title='bbox 3196 1922 3408 1991; x_wconf 89' lang='grc' dir='ltr'>Πνεῦμα</span> <span class='ocrx_word' id='word_1_265' title='bbox 3475 1915 3631 1972; x_wconf 69' lang='grc' dir='ltr'>αὐτοῦ</span> <span class='ocrx_word' id='word_1_266' title='bbox 3685 1917 3928 1990; x_wconf 77' lang='grc' dir='ltr'><strong>μομοθε-</strong></span> 
     </span>
    </p>
   </div>
   <div class='ocr_carea' id='block_1_36' title="bbox 539 1996 2171 2083">
    <p class='ocr_par' dir='ltr' id='par_1_36' title="bbox 539 1996 2171 2078">
     <span class='ocr_line' id='line_1_36' title="bbox 539 1996 2171 2078; baseline 0.002 -20"><span class='ocrx_word' id='word_1_267' title='bbox 539 1996 610 2059; x_wconf 82' lang='grc' dir='ltr'>Ει</span> <span class='ocrx_word' id='word_1_268' title='bbox 629 2016 836 2059; x_wconf 89' lang='lat' dir='ltr'><strong>rursus</strong></span> <span class='ocrx_word' id='word_1_269' title='bbox 867 1997 926 2059; x_wconf 91' lang='lat' dir='ltr'><strong>in</strong></span> <span class='ocrx_word' id='word_1_270' title='bbox 949 1997 1065 2059; x_wconf 88' lang='lat' dir='ltr'><strong>alio</strong></span> <span class='ocrx_word' id='word_1_271' title='bbox 1094 2018 1107 2058; x_wconf 90' lang='lat'><strong>:</strong></span> <span class='ocrx_word' id='word_1_272' title='bbox 1134 2022 1159 2053; x_wconf 73' lang='grc' dir='ltr'><strong>ι</strong></span> <span class='ocrx_word' id='word_1_273' title='bbox 1195 1997 1453 2059; x_wconf 90' lang='lat' dir='ltr'><strong>Necesse</strong></span> <span class='ocrx_word' id='word_1_274' title='bbox 1483 2006 1573 2060; x_wconf 92' lang='lat' dir='ltr'><strong>est</strong></span> <span class='ocrx_word' id='word_1_275' title='bbox 1601 1997 1794 2078; x_wconf 89' lang='lat' dir='ltr'><strong>itaque</strong></span> <span class='ocrx_word' id='word_1_276' title='bbox 1821 2017 1889 2061; x_wconf 84' lang='lat' dir='ltr'><strong>ex</strong></span> <span class='ocrx_word' id='word_1_277' title='bbox 1925 1999 2171 2062; x_wconf 76' lang='lat' dir='ltr'><strong>essentia</strong></span> 
     </span>
    </p>
   </div>
   <div class='ocr_carea' id='block_1_37' title="bbox 2255 1996 3921 2083">
    <p class='ocr_par' dir='ltr' id='par_1_37' title="bbox 2264 2000 3921 2083">
     <span class='ocr_line' id='line_1_37' title="bbox 2264 2000 3921 2083; baseline 0.005 -32"><span class='ocrx_word' id='word_1_278' title='bbox 2264 2009 2351 2053; x_wconf 82' lang='grc' dir='ltr'><strong>τετ</strong></span> <span class='ocrx_word' id='word_1_279' title='bbox 2385 2015 2398 2028; x_wconf 88' lang='lat'><strong>&#39;</strong></span> <span class='ocrx_word' id='word_1_280' title='bbox 2438 2021 2465 2053; x_wconf 69' lang='grc' dir='ltr'><strong><em>ι</em></strong></span> <span class='ocrx_word' id='word_1_281' title='bbox 2516 2002 2614 2058; x_wconf 83' lang='grc' dir='ltr'><strong>Καὶ</strong></span> <span class='ocrx_word' id='word_1_282' title='bbox 2635 2000 2793 2057; x_wconf 80' lang='grc' dir='ltr'>πάλιν</span> <span class='ocrx_word' id='word_1_283' title='bbox 2829 2003 2884 2058; x_wconf 75' lang='grc' dir='ltr'><strong>ἐν</strong></span> <span class='ocrx_word' id='word_1_284' title='bbox 2912 2003 3058 2078; x_wconf 76' lang='grc' dir='ltr'>ἄλλῳ</span> <span class='ocrx_word' id='word_1_285' title='bbox 3092 2022 3106 2036; x_wconf 79' lang='grc'><strong>⁸</strong></span> <span class='ocrx_word' id='word_1_286' title='bbox 3149 2027 3169 2058; x_wconf 75' lang='grc' dir='ltr'><strong>ι</strong></span> <span class='ocrx_word' id='word_1_287' title='bbox 3210 2006 3444 2083; x_wconf 76' lang='grc' dir='ltr'>Ἀνάγκη</span> <span class='ocrx_word' id='word_1_288' title='bbox 3503 2004 3690 2062; x_wconf 77' lang='grc' dir='ltr'>λοιπὸν</span> <span class='ocrx_word' id='word_1_289' title='bbox 3721 2005 3782 2059; x_wconf 79' lang='grc' dir='ltr'><strong>ἐκ</strong></span> <span class='ocrx_word' id='word_1_290' title='bbox 3813 2010 3921 2071; x_wconf 77' lang='grc' dir='ltr'>τῆς</span> 
     </span>
    </p>
   </div>
   <div class='ocr_carea' id='block_1_38' title="bbox 546 2086 2171 2171">
    <p class='ocr_par' dir='ltr' id='par_1_38' title="bbox 546 2086 2171 2168">
     <span class='ocr_line' id='line_1_38' title="bbox 546 2086 2171 2168; baseline 0.001 -20"><span class='ocrx_word' id='word_1_291' title='bbox 546 2088 831 2149; x_wconf 80' lang='lat' dir='ltr'><strong>exsistere</strong></span> <span class='ocrx_word' id='word_1_292' title='bbox 853 2086 1129 2151; x_wconf 82' lang='lat' dir='ltr'><strong>conﬁteri</strong></span> <span class='ocrx_word' id='word_1_293' title='bbox 1152 2086 1343 2168; x_wconf 92' lang='lat' dir='ltr'><strong>ipsum</strong></span> <span class='ocrx_word' id='word_1_294' title='bbox 1368 2086 1527 2167; x_wconf 88' lang='lat' dir='ltr'><strong>Filii,</strong></span> <span class='ocrx_word' id='word_1_295' title='bbox 1556 2094 1614 2147; x_wconf 90' lang='lat' dir='ltr'><strong>et</strong></span> <span class='ocrx_word' id='word_1_296' title='bbox 1634 2086 2008 2163; x_wconf 87' lang='lat' dir='ltr'><strong>Dei,omnem</strong></span> <span class='ocrx_word' id='word_1_297' title='bbox 2027 2088 2171 2149; x_wconf 73' lang='lat' dir='ltr'><strong>illius</strong></span> 
     </span>
    </p>
   </div>
   <div class='ocr_carea' id='block_1_39' title="bbox 2255 2086 3922 2171">
    <p class='ocr_par' dir='ltr' id='par_1_39' title="bbox 2267 2087 3922 2171">
     <span class='ocr_line' id='line_1_39' title="bbox 2267 2087 3922 2171; baseline 0.005 -30"><span class='ocrx_word' id='word_1_298' title='bbox 2267 2087 2442 2152; x_wconf 73' lang='grc' dir='ltr'>οὖσίας</span> <span class='ocrx_word' id='word_1_299' title='bbox 2502 2088 2761 2170; x_wconf 77' lang='grc' dir='ltr'>ὒποὶρχειν</span> <span class='ocrx_word' id='word_1_300' title='bbox 2804 2091 3089 2171; x_wconf 83' lang='grc' dir='ltr'>ὁμολογεῖν</span> <span class='ocrx_word' id='word_1_301' title='bbox 3127 2095 3253 2151; x_wconf 72' lang='grc' dir='ltr'>αὐτὸ</span> <span class='ocrx_word' id='word_1_302' title='bbox 3313 2094 3404 2162; x_wconf 57' lang='lat' dir='ltr'><strong>ti;</strong></span> <span class='ocrx_word' id='word_1_303' title='bbox 3487 2100 3579 2150; x_wconf 81' lang='grc' dir='ltr'><strong>τοῦ</strong></span> <span class='ocrx_word' id='word_1_304' title='bbox 3642 2096 3766 2150; x_wconf 64' lang='lat' dir='ltr'><strong>rio-3</strong></span> <span class='ocrx_word' id='word_1_305' title='bbox 3826 2094 3922 2149; x_wconf 82' lang='grc' dir='ltr'>καὶ</span> 
     </span>
    </p>
   </div>
   <div class='ocr_carea' id='block_1_40' title="bbox 539 2174 2171 2260">
    <p class='ocr_par' dir='ltr' id='par_1_40' title="bbox 539 2174 2171 2256">
     <span class='ocr_line' id='line_1_40' title="bbox 539 2174 2171 2256; baseline 0.001 -18"><span class='ocrx_word' id='word_1_306' title='bbox 539 2176 874 2238; x_wconf 85' lang='lat' dir='ltr'><strong>facultatem</strong></span> <span class='ocrx_word' id='word_1_307' title='bbox 898 2184 957 2238; x_wconf 93' lang='lat' dir='ltr'><strong>et</strong></span> <span class='ocrx_word' id='word_1_308' title='bbox 978 2175 1383 2256; x_wconf 88' lang='lat' dir='ltr'><strong>operationem</strong></span> <span class='ocrx_word' id='word_1_309' title='bbox 1407 2174 1941 2239; x_wconf 58' lang='lat' dir='ltr'><strong>habentemmltem</strong></span> <span class='ocrx_word' id='word_1_310' title='bbox 1957 2177 2015 2237; x_wconf 90' lang='lat' dir='ltr'><strong>in</strong></span> <span class='ocrx_word' id='word_1_311' title='bbox 2029 2177 2145 2239; x_wconf 89' lang='lat' dir='ltr'><strong>alio</strong></span> <span class='ocrx_word' id='word_1_312' title='bbox 2166 2197 2171 2240; x_wconf 90' lang='lat'><em>:</em></span> 
     </span>
    </p>
   </div>
   <div class='ocr_carea' id='block_1_41' title="bbox 2255 2174 3918 2260">
    <p class='ocr_par' dir='ltr' id='par_1_41' title="bbox 2267 2180 3918 2260">
     <span class='ocr_line' id='line_1_41' title="bbox 2267 2180 3918 2260; baseline 0.004 -29"><span class='ocrx_word' id='word_1_313' title='bbox 2267 2183 2419 2249; x_wconf 87' lang='grc' dir='ltr'>Θεοῦ,</span> <span class='ocrx_word' id='word_1_314' title='bbox 2465 2184 2639 2234; x_wconf 80' lang='grc' dir='ltr'>πᾶσαν</span> <span class='ocrx_word' id='word_1_315' title='bbox 2691 2184 2849 2238; x_wconf 66' lang='grc' dir='ltr'>αὺτοῦ</span> <span class='ocrx_word' id='word_1_316' title='bbox 2892 2183 2989 2252; x_wconf 82' lang='grc' dir='ltr'>τήν</span> <span class='ocrx_word' id='word_1_317' title='bbox 3030 2204 3088 2239; x_wconf 91' lang='grc' dir='ltr'><strong>τε</strong></span> <span class='ocrx_word' id='word_1_318' title='bbox 3137 2180 3349 2258; x_wconf 79' lang='grc' dir='ltr'>δῦναμιν</span> <span class='ocrx_word' id='word_1_319' title='bbox 3392 2183 3479 2240; x_wconf 85' lang='grc' dir='ltr'>καὶ</span> <span class='ocrx_word' id='word_1_320' title='bbox 3505 2184 3601 2250; x_wconf 79' lang='grc' dir='ltr'><strong>τὴν</strong></span> <span class='ocrx_word' id='word_1_321' title='bbox 3646 2182 3918 2260; x_wconf 78' lang='grc' dir='ltr'>ἐνέργειαν</span> 
     </span>
    </p>
   </div>
   <div class='ocr_carea' id='block_1_42' title="bbox 546 2262 2171 2352">
    <p class='ocr_par' dir='ltr' id='par_1_42' title="bbox 546 2264 2171 2345">
     <span class='ocr_line' id='line_1_42' title="bbox 546 2264 2171 2345; baseline 0.002 -22"><span class='ocrx_word' id='word_1_322' title='bbox 546 2265 816 2328; x_wconf 62' lang='lat' dir='ltr'><strong>«Nullam</strong></span> <span class='ocrx_word' id='word_1_323' title='bbox 852 2265 1050 2345; x_wconf 88' lang='lat' dir='ltr'><strong>itaque</strong></span> <span class='ocrx_word' id='word_1_324' title='bbox 1082 2273 1306 2327; x_wconf 75' lang='lat' dir='ltr'><strong>naturae</strong></span> <span class='ocrx_word' id='word_1_325' title='bbox 1335 2264 1731 2327; x_wconf 71' lang='lat' dir='ltr'><strong>differentiam</strong></span> <span class='ocrx_word' id='word_1_326' title='bbox 1763 2267 1923 2327; x_wconf 90' lang='lat' dir='ltr'><strong>novit</strong></span> <span class='ocrx_word' id='word_1_327' title='bbox 1969 2265 2171 2327; x_wconf 77' lang='lat' dir='ltr'><strong>Paulus</strong></span> 
     </span>
    </p>
   </div>
   <div class='ocr_carea' id='block_1_43' title="bbox 2255 2262 3917 2352">
    <p class='ocr_par' dir='ltr' id='par_1_43' title="bbox 2266 2262 3917 2352">
     <span class='ocr_line' id='line_1_43' title="bbox 2266 2262 3917 2352; baseline 0.011 -34"><span class='ocrx_word' id='word_1_328' title='bbox 2266 2262 2420 2343; x_wconf 79' lang='grc' dir='ltr'>ἔχον,</span> <span class='ocrx_word' id='word_1_329' title='bbox 2460 2288 2485 2320; x_wconf 78' lang='grc' dir='ltr'><strong>ιι</strong></span> <span class='ocrx_word' id='word_1_330' title='bbox 2518 2268 2615 2324; x_wconf 82' lang='grc' dir='ltr'><strong>Καὶ</strong></span> <span class='ocrx_word' id='word_1_331' title='bbox 2646 2266 2799 2325; x_wconf 79' lang='grc' dir='ltr'>πάλιν</span> <span class='ocrx_word' id='word_1_332' title='bbox 2842 2273 2898 2325; x_wconf 71' lang='grc' dir='ltr'>ἓν</span> <span class='ocrx_word' id='word_1_333' title='bbox 2926 2269 3073 2343; x_wconf 65' lang='grc' dir='ltr'>ἄλλῳ</span> <span class='ocrx_word' id='word_1_334' title='bbox 3104 2287 3118 2301; x_wconf 89' lang='grc'><strong>·</strong></span> <span class='ocrx_word' id='word_1_335' title='bbox 3190 2293 3211 2324; x_wconf 77' lang='grc' dir='ltr'>ο</span> <span class='ocrx_word' id='word_1_336' title='bbox 3247 2270 3501 2347; x_wconf 78' lang='grc' dir='ltr'>Οῦδεμίαν</span> <span class='ocrx_word' id='word_1_337' title='bbox 3544 2272 3644 2352; x_wconf 73' lang='grc' dir='ltr'><strong>ἄρα</strong></span> <span class='ocrx_word' id='word_1_338' title='bbox 3700 2273 3917 2352; x_wconf 72' lang='grc' dir='ltr'>φύσεως</span> 
     </span>
    </p>
   </div>
   <div class='ocr_carea' id='block_1_44' title="bbox 538 2352 2171 2440">
    <p class='ocr_par' dir='ltr' id='par_1_44' title="bbox 538 2353 2171 2434">
     <span class='ocr_line' id='line_1_44' title="bbox 538 2353 2171 2434; baseline -0.001 -17"><span class='ocrx_word' id='word_1_339' title='bbox 538 2354 697 2428; x_wconf 89' lang='lat' dir='ltr'><strong>Filii,</strong></span> <span class='ocrx_word' id='word_1_340' title='bbox 733 2362 792 2417; x_wconf 91' lang='lat' dir='ltr'><strong>et</strong></span> <span class='ocrx_word' id='word_1_341' title='bbox 813 2354 1068 2434; x_wconf 83' lang='lat' dir='ltr'><strong>Spiritus</strong></span> <span class='ocrx_word' id='word_1_342' title='bbox 1104 2354 1293 2416; x_wconf 88' lang='lat' dir='ltr'><strong>sancti</strong></span> <span class='ocrx_word' id='word_1_343' title='bbox 1314 2372 1328 2417; x_wconf 91' lang='lat'>:</span> <span class='ocrx_word' id='word_1_344' title='bbox 1349 2354 1454 2414; x_wconf 89' lang='lat' dir='ltr'><strong>sed</strong></span> <span class='ocrx_word' id='word_1_345' title='bbox 1485 2362 1760 2433; x_wconf 88' lang='lat' dir='ltr'><strong>tanquam</strong></span> <span class='ocrx_word' id='word_1_346' title='bbox 1786 2353 1844 2414; x_wconf 91' lang='lat' dir='ltr'><strong>in</strong></span> <span class='ocrx_word' id='word_1_347' title='bbox 1868 2354 1995 2433; x_wconf 90' lang='lat' dir='ltr'><strong>ipso</strong></span> <span class='ocrx_word' id='word_1_348' title='bbox 2025 2363 2083 2415; x_wconf 86' lang='lat' dir='ltr'><strong>et</strong></span> <span class='ocrx_word' id='word_1_349' title='bbox 2114 2373 2171 2415; x_wconf 70' lang='lat' dir='ltr'><strong>ei</strong></span> 
     </span>
    </p>
   </div>
   <div class='ocr_carea' id='block_1_45' title="bbox 2255 2352 3916 2440">
    <p class='ocr_par' dir='ltr' id='par_1_45' title="bbox 2265 2352 3916 2440">
     <span class='ocr_line' id='line_1_45' title="bbox 2265 2352 3916 2440; baseline 0.004 -31"><span class='ocrx_word' id='word_1_350' title='bbox 2265 2352 2409 2410; x_wconf 79' lang='grc' dir='ltr'>οἶδεν</span> <span class='ocrx_word' id='word_1_351' title='bbox 2463 2357 2491 2411; x_wconf 98' lang='lat'><strong>6</strong></span> <span class='ocrx_word' id='word_1_352' title='bbox 2549 2355 2751 2422; x_wconf 69' lang='grc' dir='ltr'>Παῦλος</span> <span class='ocrx_word' id='word_1_353' title='bbox 2809 2356 3058 2440; x_wconf 74' lang='grc' dir='ltr'>διαφορὰν</span> <span class='ocrx_word' id='word_1_354' title='bbox 3100 2366 3199 2428; x_wconf 82' lang='grc' dir='ltr'>τῆς</span> <span class='ocrx_word' id='word_1_355' title='bbox 3254 2368 3346 2417; x_wconf 74' lang='grc' dir='ltr'><strong>τοῦ</strong></span> <span class='ocrx_word' id='word_1_356' title='bbox 3426 2364 3546 2420; x_wconf 79' lang='grc' dir='ltr'>Υἱοῦ</span> <span class='ocrx_word' id='word_1_357' title='bbox 3627 2363 3714 2417; x_wconf 89' lang='grc' dir='ltr'>καὶ</span> <span class='ocrx_word' id='word_1_358' title='bbox 3756 2361 3916 2438; x_wconf 75' lang='grc' dir='ltr'>ἁγίου</span> 
     </span>
    </p>
   </div>
   <div class='ocr_carea' id='block_1_46' title="bbox 537 2443 2171 2529">
    <p class='ocr_par' dir='ltr' id='par_1_46' title="bbox 537 2443 2171 2525">
     <span class='ocr_line' id='line_1_46' title="bbox 537 2443 2171 2525; baseline 0 -19"><span class='ocrx_word' id='word_1_359' title='bbox 537 2445 669 2525; x_wconf 90' lang='lat' dir='ltr'><strong>ipso</strong></span> <span class='ocrx_word' id='word_1_360' title='bbox 699 2444 1047 2505; x_wconf 86' lang='lat' dir='ltr'><strong>naturaliter</strong></span> <span class='ocrx_word' id='word_1_361' title='bbox 1069 2444 1473 2517; x_wconf 84' lang='lat' dir='ltr'><strong>exsistentem,</strong></span> <span class='ocrx_word' id='word_1_362' title='bbox 1498 2443 1919 2504; x_wconf 83' lang='lat' dir='ltr'><strong>dominationis</strong></span> <span class='ocrx_word' id='word_1_363' title='bbox 1942 2444 2171 2506; x_wconf 78' lang='lat' dir='ltr'><strong>nomine</strong></span> 
     </span>
    </p>
   </div>
   <div class='ocr_carea' id='block_1_47' title="bbox 2255 2443 3916 2529">
    <p class='ocr_par' dir='ltr' id='par_1_47' title="bbox 2265 2444 3916 2529">
     <span class='ocr_line' id='line_1_47' title="bbox 2265 2444 3916 2529; baseline 0.004 -31"><span class='ocrx_word' id='word_1_364' title='bbox 2265 2444 2567 2519; x_wconf 85' lang='grc' dir='ltr'>Πνεύματος</span> <span class='ocrx_word' id='word_1_365' title='bbox 2601 2448 2617 2477; x_wconf 92' lang='lat'>‘</span> <span class='ocrx_word' id='word_1_366' title='bbox 2648 2445 2768 2503; x_wconf 64' lang='grc' dir='ltr'><strong><em>ὰλῦ</em></strong></span> <span class='ocrx_word' id='word_1_367' title='bbox 2800 2449 2873 2511; x_wconf 88' lang='grc' dir='ltr'>ὡς</span> <span class='ocrx_word' id='word_1_368' title='bbox 2928 2448 2980 2514; x_wconf 78' lang='grc' dir='ltr'>ἐξ</span> <span class='ocrx_word' id='word_1_369' title='bbox 3036 2449 3193 2509; x_wconf 72' lang='grc' dir='ltr'>αὐτοῦ</span> <span class='ocrx_word' id='word_1_370' title='bbox 3223 2451 3309 2506; x_wconf 88' lang='grc' dir='ltr'>καὶ</span> <span class='ocrx_word' id='word_1_371' title='bbox 3365 2449 3425 2506; x_wconf 78' lang='grc' dir='ltr'>ἐκ</span> <span class='ocrx_word' id='word_1_372' title='bbox 3504 2452 3644 2524; x_wconf 67' lang='grc' dir='ltr'>αὐτῷ</span> <span class='ocrx_word' id='word_1_373' title='bbox 3672 2457 3916 2529; x_wconf 56' lang='lat' dir='ltr'><strong>opus:ch</strong></span> 
     </span>
    </p>
   </div>
   <div class='ocr_carea' id='block_1_48' title="bbox 540 2531 2171 2615">
    <p class='ocr_par' dir='ltr' id='par_1_48' title="bbox 540 2531 2171 2614">
     <span class='ocr_line' id='line_1_48' title="bbox 540 2531 2171 2614; baseline 0 -19"><span class='ocrx_word' id='word_1_374' title='bbox 540 2540 862 2614; x_wconf 81' lang='lat' dir='ltr'><strong>nuncupat.</strong></span> <span class='ocrx_word' id='word_1_375' title='bbox 900 2559 926 2589; x_wconf 69' lang='grc' dir='ltr'>ι)</span> <span class='ocrx_word' id='word_1_376' title='bbox 961 2532 1183 2596; x_wconf 90' lang='lat' dir='ltr'><strong>Iterum</strong></span> <span class='ocrx_word' id='word_1_377' title='bbox 1216 2532 1275 2593; x_wconf 92' lang='lat' dir='ltr'><strong>in</strong></span> <span class='ocrx_word' id='word_1_378' title='bbox 1329 2532 1441 2593; x_wconf 88' lang='lat' dir='ltr'><strong>alio</strong></span> <span class='ocrx_word' id='word_1_379' title='bbox 1472 2551 1485 2594; x_wconf 86' lang='lat'><strong>:</strong></span> <span class='ocrx_word' id='word_1_380' title='bbox 1530 2553 1554 2588; x_wconf 76' lang='grc' dir='ltr'>α</span> <span class='ocrx_word' id='word_1_381' title='bbox 1588 2531 1769 2612; x_wconf 82' lang='lat' dir='ltr'><strong>Igitur</strong></span> <span class='ocrx_word' id='word_1_382' title='bbox 1800 2551 1869 2593; x_wconf 84' lang='lat' dir='ltr'><strong>ex</strong></span> <span class='ocrx_word' id='word_1_383' title='bbox 1923 2534 2171 2595; x_wconf 79' lang='lat' dir='ltr'><strong>essentia</strong></span> 
     </span>
    </p>
   </div>
   <div class='ocr_carea' id='block_1_49' title="bbox 2255 2531 3915 2615">
    <p class='ocr_par' dir='ltr' id='par_1_49' title="bbox 2263 2534 3915 2615">
     <span class='ocr_line' id='line_1_49' title="bbox 2263 2534 3915 2615; baseline 0.004 -27"><span class='ocrx_word' id='word_1_384' title='bbox 2263 2534 2502 2613; x_wconf 78' lang='grc' dir='ltr'>ὑπάρχον</span> <span class='ocrx_word' id='word_1_385' title='bbox 2558 2540 2635 2608; x_wconf 83' lang='grc' dir='ltr'>τῷ</span> <span class='ocrx_word' id='word_1_386' title='bbox 2700 2542 2800 2603; x_wconf 77' lang='grc' dir='ltr'><strong>τῆς</strong></span> <span class='ocrx_word' id='word_1_387' title='bbox 2875 2538 3182 2615; x_wconf 83' lang='grc' dir='ltr'>κυριότητος</span> <span class='ocrx_word' id='word_1_388' title='bbox 3240 2538 3454 2615; x_wconf 76' lang='grc' dir='ltr'>ὀνόμὸτι</span> <span class='ocrx_word' id='word_1_389' title='bbox 3498 2538 3678 2601; x_wconf 79' lang='grc' dir='ltr'>καλεῖ,</span> <span class='ocrx_word' id='word_1_390' title='bbox 3720 2566 3743 2597; x_wconf 78' lang='grc' dir='ltr'><strong>ι</strong></span> <span class='ocrx_word' id='word_1_391' title='bbox 3814 2542 3915 2597; x_wconf 76' lang='grc' dir='ltr'><strong>Καὶ</strong></span> 
     </span>
    </p>
   </div>
   <div class='ocr_carea' id='block_1_50' title="bbox 539 2620 2171 2703">
    <p class='ocr_par' dir='ltr' id='par_1_50' title="bbox 539 2620 2171 2703">
     <span class='ocr_line' id='line_1_50' title="bbox 539 2620 2171 2703; baseline 0.001 -20"><span class='ocrx_word' id='word_1_392' title='bbox 539 2622 674 2684; x_wconf 89' lang='lat' dir='ltr'><strong>Filii</strong></span> <span class='ocrx_word' id='word_1_393' title='bbox 705 2632 796 2683; x_wconf 89' lang='lat' dir='ltr'><strong>est</strong></span> <span class='ocrx_word' id='word_1_394' title='bbox 839 2622 1095 2703; x_wconf 87' lang='lat' dir='ltr'><strong>Spiritus</strong></span> <span class='ocrx_word' id='word_1_395' title='bbox 1147 2629 1406 2683; x_wconf 90' lang='lat' dir='ltr'><strong>sanctus.</strong></span> <span class='ocrx_word' id='word_1_396' title='bbox 1462 2641 1492 2681; x_wconf 63' lang='grc' dir='ltr'><strong>ι</strong></span> <span class='ocrx_word' id='word_1_397' title='bbox 1524 2620 1688 2683; x_wconf 88' lang='lat' dir='ltr'><strong>Idem</strong></span> <span class='ocrx_word' id='word_1_398' title='bbox 1722 2620 1782 2681; x_wconf 90' lang='lat' dir='ltr'><strong>in</strong></span> <span class='ocrx_word' id='word_1_399' title='bbox 1814 2621 2171 2702; x_wconf 81' lang='lat' dir='ltr'><strong>expositione</strong></span> 
     </span>
    </p>
   </div>
   <div class='ocr_carea' id='block_1_51' title="bbox 2255 2620 3916 2703">
    <p class='ocr_par' dir='ltr' id='par_1_51' title="bbox 2261 2620 3916 2698">
     <span class='ocr_line' id='line_1_51' title="bbox 2261 2620 3916 2698; baseline 0.004 -21"><span class='ocrx_word' id='word_1_400' title='bbox 2261 2620 2420 2677; x_wconf 86' lang='grc' dir='ltr'>πάλιν</span> <span class='ocrx_word' id='word_1_401' title='bbox 2464 2622 2517 2678; x_wconf 83' lang='grc' dir='ltr'>ἐν</span> <span class='ocrx_word' id='word_1_402' title='bbox 2548 2620 2696 2698; x_wconf 75' lang='grc' dir='ltr'>ἄλλῳ</span> <span class='ocrx_word' id='word_1_403' title='bbox 2731 2641 2746 2655; x_wconf 87' lang='grc'>⁶</span> <span class='ocrx_word' id='word_1_404' title='bbox 2798 2652 2820 2681; x_wconf 72' lang='grc' dir='ltr'>ε</span> <span class='ocrx_word' id='word_1_405' title='bbox 2853 2630 3048 2684; x_wconf 75' lang='grc' dir='ltr'>Οὐκοῦν</span> <span class='ocrx_word' id='word_1_406' title='bbox 3096 2627 3156 2684; x_wconf 80' lang='grc' dir='ltr'>ἐκ</span> <span class='ocrx_word' id='word_1_407' title='bbox 3209 2627 3305 2695; x_wconf 75' lang='grc' dir='ltr'><strong>τῆς</strong></span> <span class='ocrx_word' id='word_1_408' title='bbox 3346 2627 3523 2690; x_wconf 65' lang='grc' dir='ltr'>οὐσίας</span> <span class='ocrx_word' id='word_1_409' title='bbox 3551 2635 3644 2684; x_wconf 85' lang='grc' dir='ltr'>τοῦ</span> <span class='ocrx_word' id='word_1_410' title='bbox 3694 2630 3823 2684; x_wconf 83' lang='grc' dir='ltr'>Υἱοῦ</span> <span class='ocrx_word' id='word_1_411' title='bbox 3855 2629 3916 2683; x_wconf 73' lang='grc' dir='ltr'>τὸ</span> 
     </span>
    </p>
   </div>
   <div class='ocr_carea' id='block_1_52' title="bbox 538 2703 2171 2794">
    <p class='ocr_par' dir='ltr' id='par_1_52' title="bbox 538 2708 2171 2791">
     <span class='ocr_line' id='line_1_52' title="bbox 538 2708 2171 2791; baseline -0.001 -19"><span class='ocrx_word' id='word_1_412' title='bbox 538 2710 842 2791; x_wconf 82' lang='lat' dir='ltr'><strong>Evangelii</strong></span> <span class='ocrx_word' id='word_1_413' title='bbox 870 2710 1197 2772; x_wconf 90' lang='lat' dir='ltr'><strong>secundum</strong></span> <span class='ocrx_word' id='word_1_414' title='bbox 1228 2713 1516 2771; x_wconf 82' lang='lat' dir='ltr'><strong>Joannem</strong></span> <span class='ocrx_word' id='word_1_415' title='bbox 1549 2710 1629 2771; x_wconf 90' lang='lat' dir='ltr'><strong>ait</strong></span> <span class='ocrx_word' id='word_1_416' title='bbox 1662 2731 1674 2765; x_wconf 88' lang='lat'><strong>:</strong></span> <span class='ocrx_word' id='word_1_417' title='bbox 1720 2736 1737 2764; x_wconf 78' lang='grc' dir='ltr'><strong>ι</strong></span> <span class='ocrx_word' id='word_1_418' title='bbox 1777 2708 2044 2790; x_wconf 87' lang='lat' dir='ltr'><strong>Namque</strong></span> <span class='ocrx_word' id='word_1_419' title='bbox 2073 2710 2171 2773; x_wconf 85' lang='lat' dir='ltr'><strong>Dei</strong></span> 
     </span>
    </p>
   </div>
   <div class='ocr_carea' id='block_1_53' title="bbox 2255 2703 3915 2794">
    <p class='ocr_par' dir='ltr' id='par_1_53' title="bbox 2264 2703 3915 2794">
     <span class='ocr_line' id='line_1_53' title="bbox 2264 2703 3915 2794; baseline 0.002 -28"><span class='ocrx_word' id='word_1_420' title='bbox 2264 2712 2509 2786; x_wconf 74' lang='grc' dir='ltr'>Πνεῦμα.</span> <span class='ocrx_word' id='word_1_421' title='bbox 2548 2734 2575 2766; x_wconf 75' lang='grc' dir='ltr'><strong><em>ι</em></strong></span> <span class='ocrx_word' id='word_1_422' title='bbox 2614 2703 2670 2769; x_wconf 66' lang='grc' dir='ltr'>Ὀ</span> <span class='ocrx_word' id='word_1_423' title='bbox 2716 2714 2869 2779; x_wconf 72' lang='grc' dir='ltr'>αὐτός</span> <span class='ocrx_word' id='word_1_424' title='bbox 2913 2714 2968 2771; x_wconf 82' lang='grc' dir='ltr'>ἐν</span> <span class='ocrx_word' id='word_1_425' title='bbox 3024 2721 3091 2792; x_wconf 78' lang='grc' dir='ltr'><strong>τῇ</strong></span> <span class='ocrx_word' id='word_1_426' title='bbox 3127 2715 3377 2794; x_wconf 79' lang='grc' dir='ltr'>ἑρμηνείᾳ</span> <span class='ocrx_word' id='word_1_427' title='bbox 3405 2725 3498 2774; x_wconf 88' lang='grc' dir='ltr'>τοῦ</span> <span class='ocrx_word' id='word_1_428' title='bbox 3552 2717 3687 2772; x_wconf 74' lang='grc' dir='ltr'>κατὰ</span> <span class='ocrx_word' id='word_1_429' title='bbox 3717 2714 3915 2773; x_wconf 66' lang='grc' dir='ltr'>ἰωέν-</span> 
     </span>
    </p>
   </div>
   <div class='ocr_carea' id='block_1_54' title="bbox 538 2798 2171 2884">
    <p class='ocr_par' dir='ltr' id='par_1_54' title="bbox 538 2798 2171 2863">
     <span class='ocr_line' id='line_1_54' title="bbox 538 2798 2171 2863; baseline -0.001 -1"><span class='ocrx_word' id='word_1_430' title='bbox 538 2808 599 2862; x_wconf 91' lang='lat' dir='ltr'><strong>et</strong></span> <span class='ocrx_word' id='word_1_431' title='bbox 647 2800 842 2863; x_wconf 89' lang='lat' dir='ltr'><strong>Patris</strong></span> <span class='ocrx_word' id='word_1_432' title='bbox 866 2799 1222 2862; x_wconf 86' lang='lat' dir='ltr'><strong>naturalium</strong></span> <span class='ocrx_word' id='word_1_433' title='bbox 1269 2799 1557 2861; x_wconf 90' lang='lat' dir='ltr'><strong>honorum</strong></span> <span class='ocrx_word' id='word_1_434' title='bbox 1592 2798 1987 2860; x_wconf 87' lang='lat' dir='ltr'><strong>essentialiter</strong></span> <span class='ocrx_word' id='word_1_435' title='bbox 2019 2800 2171 2861; x_wconf 89' lang='lat' dir='ltr'><strong>exsi-</strong></span> 
     </span>
    </p>
   </div>
   <div class='ocr_carea' id='block_1_55' title="bbox 2255 2798 3915 2884">
    <p class='ocr_par' dir='ltr' id='par_1_55' title="bbox 2262 2799 3915 2884">
     <span class='ocr_line' id='line_1_55' title="bbox 2262 2799 3915 2884; baseline 0.003 -31"><span class='ocrx_word' id='word_1_436' title='bbox 2262 2820 2357 2866; x_wconf 86' lang='grc' dir='ltr'><strong>νην</strong></span> <span class='ocrx_word' id='word_1_437' title='bbox 2378 2799 2506 2880; x_wconf 76' lang='grc' dir='ltr'>φησί</span> <span class='ocrx_word' id='word_1_438' title='bbox 2541 2817 2553 2832; x_wconf 79' lang='grc'><strong><em>⁸</em></strong></span> <span class='ocrx_word' id='word_1_439' title='bbox 2595 2821 2619 2857; x_wconf 71' lang='grc' dir='ltr'>ε</span> <span class='ocrx_word' id='word_1_440' title='bbox 2669 2803 2784 2858; x_wconf 82' lang='grc' dir='ltr'><strong>Τῶν</strong></span> <span class='ocrx_word' id='word_1_441' title='bbox 2814 2804 2913 2882; x_wconf 79' lang='grc' dir='ltr'>γὰρ</span> <span class='ocrx_word' id='word_1_442' title='bbox 2953 2811 3045 2860; x_wconf 86' lang='grc' dir='ltr'><strong>τοῦ</strong></span> <span class='ocrx_word' id='word_1_443' title='bbox 3100 2811 3231 2860; x_wconf 87' lang='grc' dir='ltr'>Θεοῦ</span> <span class='ocrx_word' id='word_1_444' title='bbox 3287 2806 3371 2859; x_wconf 85' lang='grc' dir='ltr'>καὶ</span> <span class='ocrx_word' id='word_1_445' title='bbox 3429 2804 3642 2883; x_wconf 83' lang='grc' dir='ltr'>Πατρός</span> <span class='ocrx_word' id='word_1_446' title='bbox 3672 2811 3915 2884; x_wconf 70' lang='grc' dir='ltr'>φυσικῶν</span> 
     </span>
    </p>
   </div>
   <div class='ocr_carea' id='block_1_56' title="bbox 538 2885 2171 2974">
    <p class='ocr_par' dir='ltr' id='par_1_56' title="bbox 538 2885 2171 2974">
     <span class='ocr_line' id='line_1_56' title="bbox 538 2885 2171 2974; baseline -0.001 -24"><span class='ocrx_word' id='word_1_447' title='bbox 538 2897 702 2950; x_wconf 91' lang='lat' dir='ltr'><strong>stens</strong></span> <span class='ocrx_word' id='word_1_448' title='bbox 733 2887 1051 2970; x_wconf 86' lang='lat' dir='ltr'><strong>particeps,</strong></span> <span class='ocrx_word' id='word_1_449' title='bbox 1071 2886 1254 2950; x_wconf 86' lang='lat' dir='ltr'><strong>habet</strong></span> <span class='ocrx_word' id='word_1_450' title='bbox 1278 2894 1336 2949; x_wconf 91' lang='lat' dir='ltr'><strong>et</strong></span> <span class='ocrx_word' id='word_1_451' title='bbox 1357 2885 2067 2974; x_wconf 82' lang='lat' dir='ltr'><strong>Spiritum,quemadmod</strong></span> <span class='ocrx_word' id='word_1_452' title='bbox 2079 2906 2171 2948; x_wconf 91' lang='lat' dir='ltr'><strong>um</strong></span> 
     </span>
    </p>
   </div>
   <div class='ocr_carea' id='block_1_57' title="bbox 2255 2885 3915 2974">
    <p class='ocr_par' dir='ltr' id='par_1_57' title="bbox 2260 2887 3915 2974">
     <span class='ocr_line' id='line_1_57' title="bbox 2260 2887 3915 2974; baseline 0.004 -31"><span class='ocrx_word' id='word_1_453' title='bbox 2260 2887 2471 2967; x_wconf 73' lang='grc' dir='ltr'>ἀγαθῶν</span> <span class='ocrx_word' id='word_1_454' title='bbox 2500 2888 2763 2954; x_wconf 74' lang='grc' dir='ltr'>οὗσιωδῶς</span> <span class='ocrx_word' id='word_1_455' title='bbox 2791 2892 3046 2972; x_wconf 72' lang='grc' dir='ltr'><strong>ὑπάρχων</strong></span> <span class='ocrx_word' id='word_1_456' title='bbox 3108 2895 3136 2949; x_wconf 88' lang='lat'><strong>6</strong></span> <span class='ocrx_word' id='word_1_457' title='bbox 3201 2891 3319 2956; x_wconf 81' lang='grc' dir='ltr'>Υἱός</span> <span class='ocrx_word' id='word_1_458' title='bbox 3375 2894 3626 2956; x_wconf 86' lang='grc' dir='ltr'>κοινωνός</span> <span class='ocrx_word' id='word_1_459' title='bbox 3655 2893 3773 2974; x_wconf 79' lang='grc' dir='ltr'>ἔχει</span> <span class='ocrx_word' id='word_1_460' title='bbox 3824 2897 3915 2949; x_wconf 82' lang='grc' dir='ltr'>καὶ</span> 
     </span>
    </p>
   </div>
   <div class='ocr_carea' id='block_1_58' title="bbox 537 2973 2171 3060">
    <p class='ocr_par' dir='ltr' id='par_1_58' title="bbox 537 2973 2171 3059">
     <span class='ocr_line' id='line_1_58' title="bbox 537 2973 2171 3059; baseline -0.002 -18"><span class='ocrx_word' id='word_1_461' title='bbox 537 2976 948 3059; x_wconf 86' lang='lat' dir='ltr'><strong>unusquisque</strong></span> <span class='ocrx_word' id='word_1_462' title='bbox 961 2984 1227 3040; x_wconf 89' lang='lat' dir='ltr'><strong>nostrum</strong></span> <span class='ocrx_word' id='word_1_463' title='bbox 1244 2974 1548 3057; x_wconf 90' lang='lat' dir='ltr'><strong>proprium</strong></span> <span class='ocrx_word' id='word_1_464' title='bbox 1576 2974 1634 3035; x_wconf 92' lang='lat' dir='ltr'><strong>in</strong></span> <span class='ocrx_word' id='word_1_465' title='bbox 1658 2993 1721 3035; x_wconf 93' lang='lat' dir='ltr'><strong>se</strong></span> <span class='ocrx_word' id='word_1_466' title='bbox 1741 2975 1869 3049; x_wconf 88' lang='lat' dir='ltr'><strong>ipso</strong></span> <span class='ocrx_word' id='word_1_467' title='bbox 1889 2973 2171 3055; x_wconf 89' lang='lat' dir='ltr'><strong>Spiritum</strong></span> 
     </span>
    </p>
   </div>
   <div class='ocr_carea' id='block_1_59' title="bbox 2255 2973 3915 3060">
    <p class='ocr_par' dir='ltr' id='par_1_59' title="bbox 2259 2973 3915 3060">
     <span class='ocr_line' id='line_1_59' title="bbox 2259 2973 3915 3060; baseline 0.003 -26"><span class='ocrx_word' id='word_1_468' title='bbox 2259 2979 2321 3034; x_wconf 83' lang='grc' dir='ltr'>τὸ</span> <span class='ocrx_word' id='word_1_469' title='bbox 2351 2979 2600 3054; x_wconf 79' lang='grc' dir='ltr'>Πνεῦμα,</span> <span class='ocrx_word' id='word_1_470' title='bbox 2634 2978 2812 3060; x_wconf 82' lang='grc' dir='ltr'>ὥσπερ</span> <span class='ocrx_word' id='word_1_471' title='bbox 2841 2983 2994 3056; x_wconf 76' lang='grc' dir='ltr'><strong>ἡμῶν</strong></span> <span class='ocrx_word' id='word_1_472' title='bbox 3051 2980 3269 3045; x_wconf 76' lang='grc' dir='ltr'>ἕκαστος</span> <span class='ocrx_word' id='word_1_473' title='bbox 3327 2983 3387 3037; x_wconf 84' lang='grc' dir='ltr'>τὸ</span> <span class='ocrx_word' id='word_1_474' title='bbox 3447 2980 3580 3038; x_wconf 74' lang='grc' dir='ltr'>ἴδιον</span> <span class='ocrx_word' id='word_1_475' title='bbox 3635 2973 3915 3057; x_wconf 16' lang='grc' dir='ltr'>ἐννὲαυτῴ</span> 
     </span>
    </p>
   </div>
   <div class='ocr_carea' id='block_1_60' title="bbox 535 3062 2171 3149">
    <p class='ocr_par' dir='ltr' id='par_1_60' title="bbox 535 3062 2171 3148">
     <span class='ocr_line' id='line_1_60' title="bbox 535 3062 2171 3148; baseline -0.003 -19"><span class='ocrx_word' id='word_1_476' title='bbox 535 3066 885 3148; x_wconf 86' lang='lat' dir='ltr'><strong>continet,ei</strong></span> <span class='ocrx_word' id='word_1_477' title='bbox 903 3086 971 3129; x_wconf 83' lang='lat' dir='ltr'><strong>ex</strong></span> <span class='ocrx_word' id='word_1_478' title='bbox 990 3065 1216 3128; x_wconf 90' lang='lat' dir='ltr'><strong>intimis</strong></span> <span class='ocrx_word' id='word_1_479' title='bbox 1236 3063 1566 3126; x_wconf 81' lang='lat' dir='ltr'><strong>visceribus</strong></span> <span class='ocrx_word' id='word_1_480' title='bbox 1582 3064 1653 3123; x_wconf 91' lang='lat' dir='ltr'><strong>ad</strong></span> <span class='ocrx_word' id='word_1_481' title='bbox 1670 3062 1969 3125; x_wconf 79' lang='lat' dir='ltr'><strong>exteriora</strong></span> <span class='ocrx_word' id='word_1_482' title='bbox 1982 3063 2171 3143; x_wconf 88' lang='lat' dir='ltr'><strong>ipsum</strong></span> 
     </span>
    </p>
   </div>
   <div class='ocr_carea' id='block_1_61' title="bbox 2255 3062 3912 3149">
    <p class='ocr_par' dir='ltr' id='par_1_61' title="bbox 2261 3067 3912 3149">
     <span class='ocr_line' id='line_1_61' title="bbox 2261 3067 3912 3149; baseline 0.004 -28"><span class='ocrx_word' id='word_1_483' title='bbox 2261 3075 2465 3142; x_wconf 88' lang='grc' dir='ltr'>πνεῦμα</span> <span class='ocrx_word' id='word_1_484' title='bbox 2493 3067 2705 3149; x_wconf 87' lang='grc' dir='ltr'>συνέχει</span> <span class='ocrx_word' id='word_1_485' title='bbox 2734 3090 2748 3105; x_wconf 88' lang='grc'><strong>·</strong></span> <span class='ocrx_word' id='word_1_486' title='bbox 2795 3067 2874 3125; x_wconf 81' lang='grc' dir='ltr'>διὸ</span> <span class='ocrx_word' id='word_1_487' title='bbox 2933 3070 3020 3126; x_wconf 86' lang='grc' dir='ltr'>καὶ</span> <span class='ocrx_word' id='word_1_488' title='bbox 3063 3070 3379 3145; x_wconf 80' lang='grc' dir='ltr'>σωματικῶς</span> <span class='ocrx_word' id='word_1_489' title='bbox 3423 3073 3549 3129; x_wconf 70' lang='grc' dir='ltr'>αὐτὸ</span> <span class='ocrx_word' id='word_1_490' title='bbox 3579 3084 3697 3135; x_wconf 74' lang='grc' dir='ltr'>τοῖς</span> <span class='ocrx_word' id='word_1_491' title='bbox 3727 3075 3912 3146; x_wconf 82' lang='grc' dir='ltr'>μαθη-</span> 
     </span>
    </p>
   </div>
   <div class='ocr_carea' id='block_1_62' title="bbox 535 3126 2171 3239">
    <p class='ocr_par' dir='ltr' id='par_1_62' title="bbox 535 3126 2171 3237">
     <span class='ocr_line' id='line_1_62' title="bbox 535 3126 2171 3237; baseline -0.002 -19"><span class='ocrx_word' id='word_1_492' title='bbox 805 3126 1202 3237; x_wconf 57' lang='lat' dir='ltr'><strong>iquapropter</strong></span> <span class='ocrx_word' id='word_1_493' title='bbox 1222 3161 1281 3217; x_wconf 89' lang='lat' dir='ltr'><strong>et</strong></span> <span class='ocrx_word' id='word_1_494' title='bbox 1296 3171 1545 3233; x_wconf 88' lang='lat' dir='ltr'><strong>corpore</strong></span> <span class='ocrx_word' id='word_1_495' title='bbox 1566 3151 1735 3214; x_wconf 91' lang='lat' dir='ltr'><strong>illum</strong></span> <span class='ocrx_word' id='word_1_496' title='bbox 1759 3126 2065 3232; x_wconf 76' lang='lat' dir='ltr'><strong>discipulis</strong></span> <span class='ocrx_word' id='word_1_497' title='bbox 2088 3153 2171 3214; x_wconf 91' lang='lat' dir='ltr'><strong>in-</strong></span> 
     </span>
    </p>
   </div>
   <div class='ocr_carea' id='block_1_63' title="bbox 2255 3126 3909 3239">
    <p class='ocr_par' dir='ltr' id='par_1_63' title="bbox 2258 3126 3909 3239">
     <span class='ocr_line' id='line_1_63' title="bbox 2258 3126 3909 3239; baseline 0.002 -29"><span class='ocrx_word' id='word_1_498' title='bbox 2258 3126 2798 3237; x_wconf 45' lang='grc' dir='ltr'><strong>ταῖςιέμπεφύζηκεν,</strong></span> <span class='ocrx_word' id='word_1_499' title='bbox 2835 3179 2858 3216; x_wconf 68' lang='grc' dir='ltr'><strong>ι</strong></span> <span class='ocrx_word' id='word_1_500' title='bbox 2935 3150 2990 3216; x_wconf 65' lang='grc' dir='ltr'>Ὀ</span> <span class='ocrx_word' id='word_1_501' title='bbox 3035 3126 3187 3224; x_wconf 67' lang='grc' dir='ltr'>αὐτός</span> <span class='ocrx_word' id='word_1_502' title='bbox 3214 3161 3268 3215; x_wconf 71' lang='grc' dir='ltr'>εν</span> <span class='ocrx_word' id='word_1_503' title='bbox 3312 3158 3387 3215; x_wconf 84' lang='grc' dir='ltr'>ἐνὶ</span> <span class='ocrx_word' id='word_1_504' title='bbox 3439 3164 3546 3215; x_wconf 86' lang='grc' dir='ltr'><strong>τῶν</strong></span> <span class='ocrx_word' id='word_1_505' title='bbox 3602 3126 3909 3239; x_wconf 55' lang='grc' dir='ltr'>κεφαλαίων</span> 
     </span>
    </p>
   </div>
   <div class='ocr_carea' id='block_1_64' title="bbox 533 3240 2171 3330">
    <p class='ocr_par' dir='ltr' id='par_1_64' title="bbox 533 3240 2171 3330">
     <span class='ocr_line' id='line_1_64' title="bbox 533 3240 2171 3330; baseline -0.004 -21"><span class='ocrx_word' id='word_1_506' title='bbox 533 3247 861 3311; x_wconf 50' lang='lat' dir='ltr'><strong>suﬁlavitw</strong></span> <span class='ocrx_word' id='word_1_507' title='bbox 874 3246 1037 3310; x_wconf 90' lang='lat' dir='ltr'><strong>Idem</strong></span> <span class='ocrx_word' id='word_1_508' title='bbox 1059 3245 1121 3306; x_wconf 92' lang='lat' dir='ltr'><strong>in</strong></span> <span class='ocrx_word' id='word_1_509' title='bbox 1144 3262 1262 3307; x_wconf 89' lang='lat' dir='ltr'><strong>uno</strong></span> <span class='ocrx_word' id='word_1_510' title='bbox 1284 3243 1476 3325; x_wconf 90' lang='lat' dir='ltr'><strong>capite</strong></span> <span class='ocrx_word' id='word_1_511' title='bbox 1496 3240 1745 3305; x_wconf 91' lang='lat' dir='ltr'><strong>secundi</strong></span> <span class='ocrx_word' id='word_1_512' title='bbox 1762 3240 1897 3330; x_wconf 90' lang='lat' dir='ltr'><strong>libri</strong></span> <span class='ocrx_word' id='word_1_513' title='bbox 1915 3240 2171 3303; x_wconf 85' lang='lat' dir='ltr'><strong>Thesau-</strong></span> 
     </span>
    </p>
   </div>
   <div class='ocr_carea' id='block_1_65' title="bbox 2255 3240 3910 3330">
    <p class='ocr_par' dir='ltr' id='par_1_65' title="bbox 2257 3242 3910 3330">
     <span class='ocr_line' id='line_1_65' title="bbox 2257 3242 3910 3330; baseline 0.004 -31"><span class='ocrx_word' id='word_1_514' title='bbox 2257 3251 2348 3300; x_wconf 88' lang='grc' dir='ltr'><strong>τοῦ</strong></span> <span class='ocrx_word' id='word_1_515' title='bbox 2376 3242 2611 3325; x_wconf 82' lang='grc' dir='ltr'>δευτέρου</span> <span class='ocrx_word' id='word_1_516' title='bbox 2640 3253 2743 3303; x_wconf 85' lang='grc' dir='ltr'><strong>τῶν</strong></span> <span class='ocrx_word' id='word_1_517' title='bbox 2772 3252 3046 3320; x_wconf 81' lang='grc' dir='ltr'>Θεσαυρῶν</span> <span class='ocrx_word' id='word_1_518' title='bbox 3075 3270 3205 3327; x_wconf 76' lang='grc' dir='ltr'>φησι</span> <span class='ocrx_word' id='word_1_519' title='bbox 3253 3267 3265 3281; x_wconf 92' lang='grc'><strong>·</strong></span> <span class='ocrx_word' id='word_1_520' title='bbox 3336 3269 3360 3304; x_wconf 77' lang='grc' dir='ltr'>ι</span> <span class='ocrx_word' id='word_1_521' title='bbox 3426 3248 3695 3305; x_wconf 81' lang='grc' dir='ltr'>Δείκνυται</span> <span class='ocrx_word' id='word_1_522' title='bbox 3724 3256 3910 3330; x_wconf 68' lang='grc' dir='ltr'>σαφῶς</span> 
     </span>
    </p>
   </div>
   <div class='ocr_carea' id='block_1_66' title="bbox 530 3329 2171 3415">
    <p class='ocr_par' dir='ltr' id='par_1_66' title="bbox 530 3329 2171 3413">
     <span class='ocr_line' id='line_1_66' title="bbox 530 3329 2171 3413; baseline -0.004 -16"><span class='ocrx_word' id='word_1_523' title='bbox 530 3354 753 3398; x_wconf 89' lang='lat' dir='ltr'><strong>rorum.</strong></span> <span class='ocrx_word' id='word_1_524' title='bbox 796 3359 819 3393; x_wconf 82' lang='grc' dir='ltr'><strong>ιι</strong></span> <span class='ocrx_word' id='word_1_525' title='bbox 854 3333 1197 3398; x_wconf 82' lang='lat' dir='ltr'><strong>Ostenditur</strong></span> <span class='ocrx_word' id='word_1_526' title='bbox 1230 3334 1420 3413; x_wconf 89' lang='lat' dir='ltr'><strong>palam</strong></span> <span class='ocrx_word' id='word_1_527' title='bbox 1446 3351 1562 3393; x_wconf 91' lang='lat' dir='ltr'><strong>non</strong></span> <span class='ocrx_word' id='word_1_528' title='bbox 1593 3349 1727 3393; x_wconf 88' lang='lat' dir='ltr'><strong>esse</strong></span> <span class='ocrx_word' id='word_1_529' title='bbox 1751 3329 2009 3397; x_wconf 89' lang='lat' dir='ltr'><strong>alienum</strong></span> <span class='ocrx_word' id='word_1_530' title='bbox 2045 3330 2171 3393; x_wconf 91' lang='lat' dir='ltr'><strong>Filii</strong></span> 
     </span>
    </p>
   </div>
   <div class='ocr_carea' id='block_1_67' title="bbox 2255 3329 3910 3415">
    <p class='ocr_par' dir='ltr' id='par_1_67' title="bbox 2258 3329 3910 3415">
     <span class='ocr_line' id='line_1_67' title="bbox 2258 3329 3910 3415; baseline 0.003 -26"><span class='ocrx_word' id='word_1_531' title='bbox 2258 3334 2352 3389; x_wconf 76' lang='grc' dir='ltr'>οῦκ</span> <span class='ocrx_word' id='word_1_532' title='bbox 2392 3332 2669 3413; x_wconf 80' lang='grc' dir='ltr'>ἀλλότριον</span> <span class='ocrx_word' id='word_1_533' title='bbox 2709 3343 2803 3393; x_wconf 87' lang='grc' dir='ltr'><strong>τοῦ</strong></span> <span class='ocrx_word' id='word_1_534' title='bbox 2837 3337 2958 3393; x_wconf 83' lang='grc' dir='ltr'><strong>Υἱοῦ</strong></span> <span class='ocrx_word' id='word_1_535' title='bbox 3013 3338 3073 3393; x_wconf 82' lang='grc' dir='ltr'>τὸ</span> <span class='ocrx_word' id='word_1_536' title='bbox 3126 3338 3349 3412; x_wconf 83' lang='grc' dir='ltr'>Πνεῦμα</span> <span class='ocrx_word' id='word_1_537' title='bbox 3389 3338 3450 3392; x_wconf 81' lang='grc' dir='ltr'>τὸ</span> <span class='ocrx_word' id='word_1_538' title='bbox 3487 3336 3661 3415; x_wconf 70' lang='grc' dir='ltr'><strong>ἅγιον³</strong></span> <span class='ocrx_word' id='word_1_539' title='bbox 3695 3329 3821 3394; x_wconf 57' lang='grc' dir='ltr'>ἀλλί</span> <span class='ocrx_word' id='word_1_540' title='bbox 3856 3339 3910 3394; x_wconf 85' lang='grc' dir='ltr'>ἐν</span> 
     </span>
    </p>
   </div>
   <div class='ocr_carea' id='block_1_68' title="bbox 532 3418 2171 3508">
    <p class='ocr_par' dir='ltr' id='par_1_68' title="bbox 532 3418 2171 3506">
     <span class='ocr_line' id='line_1_68' title="bbox 532 3418 2171 3506; baseline -0.004 -20"><span class='ocrx_word' id='word_1_541' title='bbox 532 3425 816 3506; x_wconf 87' lang='lat' dir='ltr'><strong>Spiritum</strong></span> <span class='ocrx_word' id='word_1_542' title='bbox 845 3422 1250 3491; x_wconf 82' lang='lat' dir='ltr'><strong>sanctum.sed</strong></span> <span class='ocrx_word' id='word_1_543' title='bbox 1282 3421 1343 3483; x_wconf 92' lang='lat' dir='ltr'><strong>in</strong></span> <span class='ocrx_word' id='word_1_544' title='bbox 1372 3420 1502 3501; x_wconf 92' lang='lat' dir='ltr'><strong>ipso</strong></span> <span class='ocrx_word' id='word_1_545' title='bbox 1533 3428 1591 3482; x_wconf 88' lang='lat' dir='ltr'><strong>et</strong></span> <span class='ocrx_word' id='word_1_546' title='bbox 1618 3438 1689 3481; x_wconf 85' lang='lat' dir='ltr'><strong>ex</strong></span> <span class='ocrx_word' id='word_1_547' title='bbox 1714 3418 2171 3499; x_wconf 84' lang='lat' dir='ltr'><strong>ipso,quemad-</strong></span> 
     </span>
    </p>
   </div>
   <div class='ocr_carea' id='block_1_69' title="bbox 2255 3418 3894 3508">
    <p class='ocr_par' dir='ltr' id='par_1_69' title="bbox 2258 3422 3894 3508">
     <span class='ocr_line' id='line_1_69' title="bbox 2258 3422 3894 3508; baseline 0.006 -32"><span class='ocrx_word' id='word_1_548' title='bbox 2258 3422 2399 3496; x_wconf 75' lang='grc' dir='ltr'>αὒτῴ</span> <span class='ocrx_word' id='word_1_549' title='bbox 2440 3424 2527 3479; x_wconf 87' lang='grc' dir='ltr'>καὶ</span> <span class='ocrx_word' id='word_1_550' title='bbox 2556 3423 2607 3489; x_wconf 80' lang='grc' dir='ltr'><strong>ἐξ</strong></span> <span class='ocrx_word' id='word_1_551' title='bbox 2637 3425 2811 3500; x_wconf 67' lang='grc' dir='ltr'>αὐτοῦ,</span> <span class='ocrx_word' id='word_1_552' title='bbox 2873 3427 2960 3482; x_wconf 84' lang='grc' dir='ltr'>καὶ</span> <span class='ocrx_word' id='word_1_553' title='bbox 3001 3425 3178 3505; x_wconf 83' lang='grc' dir='ltr'>ὥσπερ</span> <span class='ocrx_word' id='word_1_554' title='bbox 3234 3425 3479 3505; x_wconf 79' lang='grc' dir='ltr'>ἐνέργειά</span> <span class='ocrx_word' id='word_1_555' title='bbox 3536 3448 3616 3490; x_wconf 88' lang='grc' dir='ltr'><strong>τις</strong></span> <span class='ocrx_word' id='word_1_556' title='bbox 3671 3429 3894 3508; x_wconf 73' lang='grc' dir='ltr'>φυσικὴ,</span> 
     </span>
    </p>
   </div>
   <div class='ocr_carea' id='block_1_70' title="bbox 535 3508 2171 3595">
    <p class='ocr_par' dir='ltr' id='par_1_70' title="bbox 535 3508 2171 3594">
     <span class='ocr_line' id='line_1_70' title="bbox 535 3508 2171 3594; baseline -0.002 -19"><span class='ocrx_word' id='word_1_557' title='bbox 535 3515 776 3577; x_wconf 91' lang='lat' dir='ltr'><strong>modum</strong></span> <span class='ocrx_word' id='word_1_558' title='bbox 798 3516 948 3576; x_wconf 89' lang='lat' dir='ltr'><strong>actio</strong></span> <span class='ocrx_word' id='word_1_559' title='bbox 965 3511 1231 3594; x_wconf 62' lang='lat' dir='ltr'><strong>quaedam</strong></span> <span class='ocrx_word' id='word_1_560' title='bbox 1255 3508 1540 3573; x_wconf 73' lang='lat' dir='ltr'><strong>natural’s</strong></span> <span class='ocrx_word' id='word_1_561' title='bbox 1559 3508 1761 3569; x_wconf 90' lang='lat' dir='ltr'><strong>omnia</strong></span> <span class='ocrx_word' id='word_1_562' title='bbox 1783 3515 2171 3588; x_wconf 74' lang='lat' dir='ltr'><strong>potens,quze-</strong></span> 
     </span>
    </p>
   </div>
   <div class='ocr_carea' id='block_1_71' title="bbox 2255 3508 3909 3595">
    <p class='ocr_par' dir='ltr' id='par_1_71' title="bbox 2261 3510 3909 3595">
     <span class='ocr_line' id='line_1_71' title="bbox 2261 3510 3909 3595; baseline 0.004 -29"><span class='ocrx_word' id='word_1_563' title='bbox 2261 3511 2430 3567; x_wconf 70' lang='grc' dir='ltr'>πάντα</span> <span class='ocrx_word' id='word_1_564' title='bbox 2490 3510 2751 3588; x_wconf 71' lang='grc' dir='ltr'>δυναμένη</span> <span class='ocrx_word' id='word_1_565' title='bbox 2826 3514 3086 3595; x_wconf 83' lang='grc' dir='ltr'><strong>πληροῦν,</strong></span> <span class='ocrx_word' id='word_1_566' title='bbox 3145 3517 3243 3572; x_wconf 89' lang='grc' dir='ltr'><strong>ὃσα</strong></span> <span class='ocrx_word' id='word_1_567' title='bbox 3299 3518 3387 3572; x_wconf 85' lang='grc' dir='ltr'>καὶ</span> <span class='ocrx_word' id='word_1_568' title='bbox 3453 3514 3716 3593; x_wconf 80' lang='grc' dir='ltr'>βούλεται,</span> <span class='ocrx_word' id='word_1_569' title='bbox 3756 3535 3783 3567; x_wconf 73' lang='grc' dir='ltr'><strong><em>ι</em></strong></span> <span class='ocrx_word' id='word_1_570' title='bbox 3849 3514 3909 3575; x_wconf 89' lang='grc' dir='ltr'><strong>Ὀ</strong></span> 
     </span>
    </p>
   </div>
   <div class='ocr_carea' id='block_1_72' title="bbox 528 3595 2171 3685">
    <p class='ocr_par' dir='ltr' id='par_1_72' title="bbox 528 3595 2171 3685">
     <span class='ocr_line' id='line_1_72' title="bbox 528 3595 2171 3685; baseline -0.004 -19"><span class='ocrx_word' id='word_1_571' title='bbox 528 3622 761 3685; x_wconf 91' lang='lat' dir='ltr'><strong>cunque</strong></span> <span class='ocrx_word' id='word_1_572' title='bbox 789 3602 930 3679; x_wconf 87' lang='lat' dir='ltr'><strong>vult,</strong></span> <span class='ocrx_word' id='word_1_573' title='bbox 949 3601 1247 3683; x_wconf 66' lang='lat' dir='ltr'><strong>replere.»</strong></span> <span class='ocrx_word' id='word_1_574' title='bbox 1275 3598 1523 3663; x_wconf 87' lang='lat' dir='ltr'><strong>Sanctus</strong></span> <span class='ocrx_word' id='word_1_575' title='bbox 1544 3595 1911 3678; x_wconf 87' lang='lat' dir='ltr'><strong>Epiphanius</strong></span> <span class='ocrx_word' id='word_1_576' title='bbox 1932 3596 2171 3678; x_wconf 80' lang='lat' dir='ltr'><strong>Cyprius</strong></span> 
     </span>
    </p>
   </div>
   <div class='ocr_carea' id='block_1_73' title="bbox 2255 3595 3909 3685">
    <p class='ocr_par' dir='ltr' id='par_1_73' title="bbox 2257 3599 3909 3685">
     <span class='ocr_line' id='line_1_73' title="bbox 2257 3599 3909 3685; baseline 0.004 -29"><span class='ocrx_word' id='word_1_577' title='bbox 2257 3599 2416 3685; x_wconf 74' lang='grc' dir='ltr'>ᾆίγιος</span> <span class='ocrx_word' id='word_1_578' title='bbox 2468 3600 2777 3682; x_wconf 74' lang='grc' dir='ltr'>Ἐπιφάνιος</span> <span class='ocrx_word' id='word_1_579' title='bbox 2867 3605 3069 3683; x_wconf 77' lang='grc' dir='ltr'>Κύπρου</span> <span class='ocrx_word' id='word_1_580' title='bbox 3137 3608 3192 3662; x_wconf 74' lang='grc' dir='ltr'><strong>ὲν</strong></span> <span class='ocrx_word' id='word_1_581' title='bbox 3250 3606 3326 3680; x_wconf 78' lang='grc' dir='ltr'><strong>τῷ</strong></span> <span class='ocrx_word' id='word_1_582' title='bbox 3381 3607 3503 3685; x_wconf 82' lang='grc' dir='ltr'>περὶ</span> <span class='ocrx_word' id='word_1_583' title='bbox 3555 3603 3772 3684; x_wconf 80' lang='grc' dir='ltr'>Τριάδος</span> <span class='ocrx_word' id='word_1_584' title='bbox 3820 3608 3909 3663; x_wconf 86' lang='grc' dir='ltr'>καὶ</span> 
     </span>
    </p>
   </div>
   <div class='ocr_carea' id='block_1_74' title="bbox 527 3684 2171 3774">
    <p class='ocr_par' dir='ltr' id='par_1_74' title="bbox 527 3684 2171 3765">
     <span class='ocr_line' id='line_1_74' title="bbox 527 3684 2171 3765; baseline -0.004 -10"><span class='ocrx_word' id='word_1_585' title='bbox 527 3684 796 3755; x_wconf 83' lang='lat' dir='ltr'><strong>oratione</strong></span> <span class='ocrx_word' id='word_1_586' title='bbox 826 3692 900 3754; x_wconf 92' lang='lat' dir='ltr'><strong>de</strong></span> <span class='ocrx_word' id='word_1_587' title='bbox 937 3689 1152 3753; x_wconf 89' lang='lat' dir='ltr'><strong>Triade</strong></span> <span class='ocrx_word' id='word_1_588' title='bbox 1180 3696 1242 3751; x_wconf 91' lang='lat' dir='ltr'><strong>et</strong></span> <span class='ocrx_word' id='word_1_589' title='bbox 1282 3686 1762 3758; x_wconf 81' lang='lat' dir='ltr'><strong>Resurrectione,</strong></span> <span class='ocrx_word' id='word_1_590' title='bbox 1800 3685 1971 3765; x_wconf 89' lang='lat' dir='ltr'><strong>cujus</strong></span> <span class='ocrx_word' id='word_1_591' title='bbox 2003 3686 2171 3765; x_wconf 86' lang='lat' dir='ltr'><strong>prin-</strong></span> 
     </span>
    </p>
   </div>
   <div class='ocr_carea' id='block_1_75' title="bbox 2255 3684 3907 3774">
    <p class='ocr_par' dir='ltr' id='par_1_75' title="bbox 2258 3684 3907 3774">
     <span class='ocr_line' id='line_1_75' title="bbox 2258 3684 3907 3774; baseline 0.005 -31"><span class='ocrx_word' id='word_1_592' title='bbox 2258 3684 2620 3754; x_wconf 77' lang='grc' dir='ltr'>Ἀναστάσεως</span> <span class='ocrx_word' id='word_1_593' title='bbox 2650 3690 2818 3771; x_wconf 73' lang='grc' dir='ltr'>λόγῳ,</span> <span class='ocrx_word' id='word_1_594' title='bbox 2851 3692 2910 3749; x_wconf 81' lang='grc' dir='ltr'>οὗ</span> <span class='ocrx_word' id='word_1_595' title='bbox 2941 3693 2991 3769; x_wconf 36' lang='grc' dir='ltr'><strong>εὴ</strong></span> <span class='ocrx_word' id='word_1_596' title='bbox 3024 3692 3194 3774; x_wconf 66' lang='grc' dir='ltr'><strong>ἀρχὴ²</strong></span> <span class='ocrx_word' id='word_1_597' title='bbox 3234 3714 3257 3747; x_wconf 71' lang='grc' dir='ltr'>α</span> <span class='ocrx_word' id='word_1_598' title='bbox 3322 3684 3485 3751; x_wconf 73' lang='grc' dir='ltr'>Ἀλλὰ</span> <span class='ocrx_word' id='word_1_599' title='bbox 3540 3695 3657 3773; x_wconf 85' lang='grc' dir='ltr'>περὶ</span> <span class='ocrx_word' id='word_1_600' title='bbox 3683 3693 3907 3773; x_wconf 74' lang='grc' dir='ltr'>Τριάδος</span> 
     </span>
    </p>
   </div>
   <div class='ocr_carea' id='block_1_76' title="bbox 526 3774 2171 3863">
    <p class='ocr_par' dir='ltr' id='par_1_76' title="bbox 526 3774 2171 3861">
     <span class='ocr_line' id='line_1_76' title="bbox 526 3774 2171 3861; baseline -0.004 -17"><span class='ocrx_word' id='word_1_601' title='bbox 526 3781 775 3861; x_wconf 92' lang='lat' dir='ltr'><strong>cipium,</strong></span> <span class='ocrx_word' id='word_1_602' title='bbox 806 3805 832 3836; x_wconf 77' lang='grc' dir='ltr'><strong>ι</strong></span> <span class='ocrx_word' id='word_1_603' title='bbox 869 3778 985 3842; x_wconf 90' lang='lat' dir='ltr'><strong>Sed</strong></span> <span class='ocrx_word' id='word_1_604' title='bbox 1018 3778 1093 3840; x_wconf 89' lang='lat' dir='ltr'><strong>de</strong></span> <span class='ocrx_word' id='word_1_605' title='bbox 1116 3776 1331 3839; x_wconf 91' lang='lat' dir='ltr'><strong>Triade</strong></span> <span class='ocrx_word' id='word_1_606' title='bbox 1361 3775 1467 3838; x_wconf 88' lang='lat' dir='ltr'><strong>Dei</strong></span> <span class='ocrx_word' id='word_1_607' title='bbox 1497 3786 1556 3836; x_wconf 84' lang='lat' dir='ltr'><strong>et</strong></span> <span class='ocrx_word' id='word_1_608' title='bbox 1586 3774 1802 3851; x_wconf 90' lang='lat' dir='ltr'><strong>Patris,</strong></span> <span class='ocrx_word' id='word_1_609' title='bbox 1840 3783 1897 3835; x_wconf 91' lang='lat' dir='ltr'><strong>et</strong></span> <span class='ocrx_word' id='word_1_610' title='bbox 1930 3775 2084 3847; x_wconf 90' lang='lat' dir='ltr'><strong>Filii,</strong></span> <span class='ocrx_word' id='word_1_611' title='bbox 2118 3786 2171 3838; x_wconf 90' lang='lat' dir='ltr'><strong>et</strong></span> 
     </span>
    </p>
   </div>
   <div class='ocr_carea' id='block_1_77' title="bbox 2255 3774 3900 3863">
    <p class='ocr_par' dir='ltr' id='par_1_77' title="bbox 2257 3780 3900 3863">
     <span class='ocr_line' id='line_1_77' title="bbox 2257 3780 3900 3863; baseline 0.004 -31"><span class='ocrx_word' id='word_1_612' title='bbox 2257 3783 2387 3833; x_wconf 86' lang='grc' dir='ltr'>Θεοῦ</span> <span class='ocrx_word' id='word_1_613' title='bbox 2416 3781 2501 3835; x_wconf 85' lang='grc' dir='ltr'>καὶ</span> <span class='ocrx_word' id='word_1_614' title='bbox 2529 3780 2745 3850; x_wconf 87' lang='grc' dir='ltr'>Πατρός</span> <span class='ocrx_word' id='word_1_615' title='bbox 2796 3785 2883 3838; x_wconf 85' lang='grc' dir='ltr'>καὶ</span> <span class='ocrx_word' id='word_1_616' title='bbox 2945 3786 3086 3863; x_wconf 84' lang='grc' dir='ltr'><strong>Υἱοῦ³</strong></span> <span class='ocrx_word' id='word_1_617' title='bbox 3126 3784 3214 3839; x_wconf 86' lang='grc' dir='ltr'>καὶ</span> <span class='ocrx_word' id='word_1_618' title='bbox 3274 3784 3422 3861; x_wconf 75' lang='grc' dir='ltr'>ἁγίου</span> <span class='ocrx_word' id='word_1_619' title='bbox 3472 3783 3815 3858; x_wconf 78' lang='grc' dir='ltr'><strong>ΙΙνεόματος,</strong></span> <span class='ocrx_word' id='word_1_620' title='bbox 3854 3788 3900 3839; x_wconf 68' lang='grc' dir='ltr'><strong>οἷ</strong></span> 
     </span>
    </p>
   </div>
   <div class='ocr_carea' id='block_1_78' title="bbox 524 3863 2171 3951">
    <p class='ocr_par' dir='ltr' id='par_1_78' title="bbox 524 3863 2170 3951">
     <span class='ocr_line' id='line_1_78' title="bbox 524 3863 2170 3951; baseline -0.004 -20"><span class='ocrx_word' id='word_1_621' title='bbox 524 3870 784 3951; x_wconf 75' lang='lat' dir='ltr'><strong>Spiritus</strong></span> <span class='ocrx_word' id='word_1_622' title='bbox 839 3868 1055 3943; x_wconf 89' lang='lat' dir='ltr'><strong>sancti,</strong></span> <span class='ocrx_word' id='word_1_623' title='bbox 1117 3884 1224 3928; x_wconf 91' lang='lat' dir='ltr'><strong>nos</strong></span> <span class='ocrx_word' id='word_1_624' title='bbox 1276 3864 1504 3929; x_wconf 92' lang='lat' dir='ltr'><strong>debiles</strong></span> <span class='ocrx_word' id='word_1_625' title='bbox 1562 3870 1620 3924; x_wconf 92' lang='lat' dir='ltr'><strong>et</strong></span> <span class='ocrx_word' id='word_1_626' title='bbox 1668 3863 1869 3925; x_wconf 87' lang='lat' dir='ltr'><strong>rudes.</strong></span> <span class='ocrx_word' id='word_1_627' title='bbox 1918 3863 2066 3924; x_wconf 90' lang='lat' dir='ltr'><strong>nihil</strong></span> <span class='ocrx_word' id='word_1_628' title='bbox 2102 3883 2170 3925; x_wconf 84' lang='lat' dir='ltr'><strong>ex</strong></span> 
     </span>
    </p>
   </div>
   <div class='ocr_carea' id='block_1_79' title="bbox 2255 3863 3903 3951">
    <p class='ocr_par' dir='ltr' id='par_1_79' title="bbox 2255 3863 3903 3950">
     <span class='ocr_line' id='line_1_79' title="bbox 2255 3863 3903 3950; baseline 0.011 -31"><span class='ocrx_word' id='word_1_629' title='bbox 2255 3863 2492 3932; x_wconf 68' lang='grc' dir='ltr'><strong>ἀσθενεῖς</strong></span> <span class='ocrx_word' id='word_1_630' title='bbox 2534 3868 2719 3942; x_wconf 52' lang='lat' dir='ltr'><strong>inuam,</strong></span> <span class='ocrx_word' id='word_1_631' title='bbox 2754 3872 2801 3926; x_wconf 79' lang='grc' dir='ltr'><strong>οἱ</strong></span> <span class='ocrx_word' id='word_1_632' title='bbox 2828 3869 3051 3949; x_wconf 69' lang='grc' dir='ltr'>ἰδιῶται,</span> <span class='ocrx_word' id='word_1_633' title='bbox 3086 3870 3247 3947; x_wconf 84' lang='grc' dir='ltr'>μηδὲν</span> <span class='ocrx_word' id='word_1_634' title='bbox 3279 3872 3633 3950; x_wconf 77' lang='grc' dir='ltr'>σοφιζόμενοι,</span> <span class='ocrx_word' id='word_1_635' title='bbox 3663 3871 3801 3946; x_wconf 77' lang='grc' dir='ltr'>μηδέ</span> <span class='ocrx_word' id='word_1_636' title='bbox 3837 3881 3903 3949; x_wconf 73' lang='grc' dir='ltr'>τῇ</span> 
     </span>
    </p>
   </div>
   <div class='ocr_carea' id='block_1_80' title="bbox 524 3951 2171 4037">
    <p class='ocr_par' dir='ltr' id='par_1_80' title="bbox 524 3951 2167 4037">
     <span class='ocr_line' id='line_1_80' title="bbox 524 3951 2167 4037; baseline -0.005 -16"><span class='ocrx_word' id='word_1_637' title='bbox 524 3967 723 4021; x_wconf 89' lang='lat' dir='ltr'><strong>nostra</strong></span> <span class='ocrx_word' id='word_1_638' title='bbox 747 3956 1000 4021; x_wconf 87' lang='lat' dir='ltr'><strong>scientia</strong></span> <span class='ocrx_word' id='word_1_639' title='bbox 1031 3954 1425 4037; x_wconf 86' lang='lat' dir='ltr'><strong>proferentes,</strong></span> <span class='ocrx_word' id='word_1_640' title='bbox 1454 3970 1649 4033; x_wconf 90' lang='lat' dir='ltr'><strong>neque</strong></span> <span class='ocrx_word' id='word_1_641' title='bbox 1678 3951 1824 4013; x_wconf 64' lang='lat' dir='ltr'><strong>aleae</strong></span> <span class='ocrx_word' id='word_1_642' title='bbox 1855 3952 2167 4013; x_wconf 85' lang='lat' dir='ltr'><strong>hominum</strong></span> 
     </span>
    </p>
   </div>
   <div class='ocr_carea' id='block_1_81' title="bbox 2255 3951 3907 4037">
    <p class='ocr_par' dir='ltr' id='par_1_81' title="bbox 2255 3957 3907 4034">
     <span class='ocr_line' id='line_1_81' title="bbox 2255 3957 3907 4034; baseline 0.003 -23"><span class='ocrx_word' id='word_1_643' title='bbox 2255 3961 2357 4012; x_wconf 84' lang='grc' dir='ltr'>τῶν</span> <span class='ocrx_word' id='word_1_644' title='bbox 2416 3958 2699 4034; x_wconf 76' lang='grc' dir='ltr'><strong>ἀνθρώπων</strong></span> <span class='ocrx_word' id='word_1_645' title='bbox 2770 3957 2945 4033; x_wconf 76' lang='grc' dir='ltr'>κυϐείᾳ</span> <span class='ocrx_word' id='word_1_646' title='bbox 3002 3961 3215 4025; x_wconf 79' lang='grc' dir='ltr'>ἑαυτοὺς</span> <span class='ocrx_word' id='word_1_647' title='bbox 3258 3960 3583 4026; x_wconf 76' lang='grc' dir='ltr'>ἀνατιθέντες</span> <span class='ocrx_word' id='word_1_648' title='bbox 3640 3964 3702 4017; x_wconf 70' lang='grc' dir='ltr'>ὲκ</span> <span class='ocrx_word' id='word_1_649' title='bbox 3751 3964 3907 4018; x_wconf 70' lang='grc' dir='ltr'>θείων</span> 
     </span>
    </p>
   </div>
   <div class='ocr_carea' id='block_1_82' title="bbox 524 4041 2171 4130">
    <p class='ocr_par' dir='ltr' id='par_1_82' title="bbox 524 4041 2171 4128">
     <span class='ocr_line' id='line_1_82' title="bbox 524 4041 2171 4128; baseline -0.005 -17"><span class='ocrx_word' id='word_1_650' title='bbox 524 4048 926 4128; x_wconf 89' lang='lat' dir='ltr'><strong>nosmetipsos</strong></span> <span class='ocrx_word' id='word_1_651' title='bbox 954 4044 1325 4119; x_wconf 88' lang='lat' dir='ltr'><strong>addicentes,</strong></span> <span class='ocrx_word' id='word_1_652' title='bbox 1358 4061 1428 4103; x_wconf 84' lang='lat' dir='ltr'><strong>ex</strong></span> <span class='ocrx_word' id='word_1_653' title='bbox 1450 4041 1665 4103; x_wconf 87' lang='lat' dir='ltr'><strong>divinis</strong></span> <span class='ocrx_word' id='word_1_654' title='bbox 1684 4041 2010 4121; x_wconf 88' lang='lat' dir='ltr'><strong>Scripturis</strong></span> <span class='ocrx_word' id='word_1_655' title='bbox 2027 4060 2171 4122; x_wconf 70' lang='lat' dir='ltr'><strong>prae-</strong></span> 
     </span>
    </p>
   </div>
   <div class='ocr_carea' id='block_1_83' title="bbox 2255 4041 3901 4130">
    <p class='ocr_par' dir='ltr' id='par_1_83' title="bbox 2255 4046 3901 4130">
     <span class='ocr_line' id='line_1_83' title="bbox 2255 4046 3901 4130; baseline 0.006 -30"><span class='ocrx_word' id='word_1_656' title='bbox 2255 4050 2471 4125; x_wconf 76' lang='grc' dir='ltr'>Γραφῶν</span> <span class='ocrx_word' id='word_1_657' title='bbox 2529 4046 2674 4123; x_wconf 85' lang='grc' dir='ltr'>μάλα</span> <span class='ocrx_word' id='word_1_658' title='bbox 2758 4050 2852 4113; x_wconf 80' lang='grc' dir='ltr'><strong>τὰς</strong></span> <span class='ocrx_word' id='word_1_659' title='bbox 2965 4051 3251 4130; x_wconf 83' lang='grc' dir='ltr'>μαρτυρίας</span> <span class='ocrx_word' id='word_1_660' title='bbox 3339 4051 3719 4129; x_wconf 84' lang='grc' dir='ltr'>συναγαγόντες</span> <span class='ocrx_word' id='word_1_661' title='bbox 3806 4056 3901 4111; x_wconf 62' lang='grc' dir='ltr'><strong>τὰς</strong></span> 
     </span>
    </p>
   </div>
   <div class='ocr_carea' id='block_1_84' title="bbox 521 4130 2171 4220">
    <p class='ocr_par' dir='ltr' id='par_1_84' title="bbox 521 4130 2165 4220">
     <span class='ocr_line' id='line_1_84' title="bbox 521 4130 2165 4220; baseline -0.005 -20"><span class='ocrx_word' id='word_1_662' title='bbox 521 4138 695 4220; x_wconf 89' lang='lat' dir='ltr'><strong>cipue</strong></span> <span class='ocrx_word' id='word_1_663' title='bbox 721 4134 1059 4199; x_wconf 89' lang='lat' dir='ltr'><strong>testimonia</strong></span> <span class='ocrx_word' id='word_1_664' title='bbox 1088 4130 1354 4220; x_wconf 86' lang='lat' dir='ltr'><strong>apposita</strong></span> <span class='ocrx_word' id='word_1_665' title='bbox 1383 4130 1751 4210; x_wconf 80' lang='lat' dir='ltr'><strong>colligentes,</strong></span> <span class='ocrx_word' id='word_1_666' title='bbox 1786 4130 1858 4191; x_wconf 88' lang='lat' dir='ltr'><strong>ad</strong></span> <span class='ocrx_word' id='word_1_667' title='bbox 1892 4131 2165 4220; x_wconf 82' lang='lat' dir='ltr'><strong>consola-</strong></span> 
     </span>
    </p>
   </div>
   <div class='ocr_carea' id='block_1_85' title="bbox 2255 4130 3903 4220">
    <p class='ocr_par' dir='ltr' id='par_1_85' title="bbox 2255 4134 3903 4219">
     <span class='ocr_line' id='line_1_85' title="bbox 2255 4134 3903 4219; baseline 0.001 -29"><span class='ocrx_word' id='word_1_668' title='bbox 2255 4134 2662 4213; x_wconf 78' lang='grc' dir='ltr'>παρακειμένας,</span> <span class='ocrx_word' id='word_1_669' title='bbox 2725 4139 2798 4204; x_wconf 80' lang='grc' dir='ltr'>εἰς</span> <span class='ocrx_word' id='word_1_670' title='bbox 2855 4141 3133 4218; x_wconf 73' lang='grc' dir='ltr'>εὖφρασίαν</span> <span class='ocrx_word' id='word_1_671' title='bbox 3218 4141 3421 4195; x_wconf 78' lang='grc' dir='ltr'>πιστῶν</span> <span class='ocrx_word' id='word_1_672' title='bbox 3477 4140 3564 4195; x_wconf 84' lang='grc' dir='ltr'>καὶ</span> <span class='ocrx_word' id='word_1_673' title='bbox 3646 4139 3903 4219; x_wconf 64' lang='grc' dir='ltr'><strong>ἀντίῤῥη-</strong></span> 
     </span>
    </p>
   </div>
   <div class='ocr_carea' id='block_1_86' title="bbox 521 4217 2171 4308">
    <p class='ocr_par' dir='ltr' id='par_1_86' title="bbox 521 4217 2166 4308">
     <span class='ocr_line' id='line_1_86' title="bbox 521 4217 2166 4308; baseline -0.005 -19"><span class='ocrx_word' id='word_1_674' title='bbox 521 4217 744 4289; x_wconf 84' lang='lat' dir='ltr'><strong>tionem</strong></span> <span class='ocrx_word' id='word_1_675' title='bbox 775 4224 1063 4298; x_wconf 87' lang='lat' dir='ltr'><strong>ﬁdelium,</strong></span> <span class='ocrx_word' id='word_1_676' title='bbox 1100 4230 1158 4284; x_wconf 90' lang='lat' dir='ltr'><strong>et</strong></span> <span class='ocrx_word' id='word_1_677' title='bbox 1188 4219 1645 4308; x_wconf 89' lang='lat' dir='ltr'><strong>malenovaque</strong></span> <span class='ocrx_word' id='word_1_678' title='bbox 1667 4217 2032 4308; x_wconf 73' lang='lat' dir='ltr'><strong>sementium</strong></span> <span class='ocrx_word' id='word_1_679' title='bbox 2065 4238 2166 4281; x_wconf 89' lang='lat' dir='ltr'><strong>re-</strong></span> 
     </span>
    </p>
   </div>
   <div class='ocr_carea' id='block_1_87' title="bbox 2255 4217 3902 4308">
    <p class='ocr_par' dir='ltr' id='par_1_87' title="bbox 2255 4217 3902 4308">
     <span class='ocr_line' id='line_1_87' title="bbox 2255 4217 3902 4308; baseline 0.005 -32"><span class='ocrx_word' id='word_1_680' title='bbox 2255 4243 2334 4279; x_wconf 86' lang='grc' dir='ltr'>σιν</span> <span class='ocrx_word' id='word_1_681' title='bbox 2396 4225 2731 4283; x_wconf 83' lang='grc' dir='ltr'>κακοπίστων</span> <span class='ocrx_word' id='word_1_682' title='bbox 2788 4227 2876 4283; x_wconf 86' lang='grc' dir='ltr'>καὶ</span> <span class='ocrx_word' id='word_1_683' title='bbox 2947 4217 3255 4301; x_wconf 81' lang='grc' dir='ltr'><strong>κενοδόξων,</strong></span> <span class='ocrx_word' id='word_1_684' title='bbox 3295 4250 3319 4285; x_wconf 69' lang='grc' dir='ltr'><strong>ι</strong></span> <span class='ocrx_word' id='word_1_685' title='bbox 3397 4226 3533 4283; x_wconf 77' lang='grc' dir='ltr'>οὕτω</span> <span class='ocrx_word' id='word_1_686' title='bbox 3579 4230 3707 4308; x_wconf 69' lang='grc' dir='ltr'>φησὶ</span> <span class='ocrx_word' id='word_1_687' title='bbox 3764 4217 3902 4303; x_wconf 67' lang='grc' dir='ltr'>μετὰ</span> 
     </span>
    </p>
   </div>
   <div class='ocr_carea' id='block_1_88' title="bbox 520 4306 2171 4396">
    <p class='ocr_par' dir='ltr' id='par_1_88' title="bbox 520 4306 2171 4396">
     <span class='ocr_line' id='line_1_88' title="bbox 520 4306 2171 4396; baseline -0.005 -17"><span class='ocrx_word' id='word_1_688' title='bbox 520 4315 956 4396; x_wconf 84' lang='lat' dir='ltr'><strong>dargutionem.</strong></span> <span class='ocrx_word' id='word_1_689' title='bbox 999 4336 1020 4369; x_wconf 74' lang='grc' dir='ltr'><strong>ι</strong></span> <span class='ocrx_word' id='word_1_690' title='bbox 1055 4314 1199 4375; x_wconf 89' lang='lat' dir='ltr'><strong>Post</strong></span> <span class='ocrx_word' id='word_1_691' title='bbox 1248 4307 1434 4371; x_wconf 91' lang='lat' dir='ltr'><strong>multa</strong></span> <span class='ocrx_word' id='word_1_692' title='bbox 1491 4308 1616 4369; x_wconf 85' lang='lat' dir='ltr'><strong>haec</strong></span> <span class='ocrx_word' id='word_1_693' title='bbox 1664 4306 1891 4396; x_wconf 86' lang='lat' dir='ltr'><strong>habet:</strong></span> <span class='ocrx_word' id='word_1_694' title='bbox 1934 4331 1959 4361; x_wconf 76' lang='grc' dir='ltr'><strong>α</strong></span> <span class='ocrx_word' id='word_1_695' title='bbox 1996 4309 2171 4371; x_wconf 88' lang='lat' dir='ltr'><strong>Pater</strong></span> 
     </span>
    </p>
   </div>
   <div class='ocr_carea' id='block_1_89' title="bbox 2255 4306 3897 4396">
    <p class='ocr_par' dir='ltr' id='par_1_89' title="bbox 2255 4306 3897 4394">
     <span class='ocr_line' id='line_1_89' title="bbox 2255 4306 3897 4394; baseline 0.004 -28"><span class='ocrx_word' id='word_1_696' title='bbox 2255 4308 2425 4367; x_wconf 88' lang='grc' dir='ltr'>πολλά</span> <span class='ocrx_word' id='word_1_697' title='bbox 2463 4330 2475 4344; x_wconf 79' lang='grc'><strong><em>⁸</em></strong></span> <span class='ocrx_word' id='word_1_698' title='bbox 2529 4332 2553 4368; x_wconf 73' lang='grc' dir='ltr'>ι</span> <span class='ocrx_word' id='word_1_699' title='bbox 2588 4315 2784 4394; x_wconf 79' lang='grc' dir='ltr'>Πατὴρ</span> <span class='ocrx_word' id='word_1_700' title='bbox 2829 4316 2949 4391; x_wconf 72' lang='grc' dir='ltr'>μὲν,</span> <span class='ocrx_word' id='word_1_701' title='bbox 2982 4318 3054 4383; x_wconf 84' lang='grc' dir='ltr'><strong>ὡς</strong></span> <span class='ocrx_word' id='word_1_702' title='bbox 3083 4318 3275 4390; x_wconf 77' lang='grc' dir='ltr'>εἰπεῖν,</span> <span class='ocrx_word' id='word_1_703' title='bbox 3321 4318 3382 4373; x_wconf 83' lang='grc' dir='ltr'>τὸ</span> <span class='ocrx_word' id='word_1_704' title='bbox 3411 4314 3557 4379; x_wconf 80' lang='grc' dir='ltr'>εἶδος</span> <span class='ocrx_word' id='word_1_705' title='bbox 3590 4306 3606 4348; x_wconf 56' lang='grc' dir='ltr'><em>λ</em></span> <span class='ocrx_word' id='word_1_706' title='bbox 3651 4318 3770 4380; x_wconf 77' lang='grc' dir='ltr'>Υἱός</span> <span class='ocrx_word' id='word_1_707' title='bbox 3818 4318 3897 4392; x_wconf 70' lang='grc' dir='ltr'><strong>δῖ,</strong></span> 
     </span>
    </p>
   </div>
   <div class='ocr_carea' id='block_1_90' title="bbox 517 4394 2171 4488">
    <p class='ocr_par' dir='ltr' id='par_1_90' title="bbox 517 4394 2167 4488">
     <span class='ocr_line' id='line_1_90' title="bbox 517 4394 2167 4488; baseline -0.006 -19"><span class='ocrx_word' id='word_1_708' title='bbox 517 4394 894 4488; x_wconf 82' lang='lat' dir='ltr'><strong>equidem,ut</strong></span> <span class='ocrx_word' id='word_1_709' title='bbox 920 4403 1001 4465; x_wconf 89' lang='lat' dir='ltr'><strong>ita</strong></span> <span class='ocrx_word' id='word_1_710' title='bbox 1030 4401 1222 4464; x_wconf 88' lang='lat' dir='ltr'><strong>dicam</strong></span> <span class='ocrx_word' id='word_1_711' title='bbox 1256 4396 1713 4488; x_wconf 23' lang='lat' dir='ltr'><strong>species,Filius‘</strong></span> <span class='ocrx_word' id='word_1_712' title='bbox 1737 4405 1797 4457; x_wconf 91' lang='lat' dir='ltr'><strong>ut</strong></span> <span class='ocrx_word' id='word_1_713' title='bbox 1828 4394 1889 4457; x_wconf 92' lang='lat' dir='ltr'><strong>in</strong></span> <span class='ocrx_word' id='word_1_714' title='bbox 1921 4396 2167 4488; x_wconf 78' lang='lat' dir='ltr'><strong>homine</strong></span> 
     </span>
    </p>
   </div>
   <div class='ocr_carea' id='block_1_91' title="bbox 2255 4394 3904 4488">
    <p class='ocr_par' dir='ltr' id='par_1_91' title="bbox 2255 4398 3904 4488">
     <span class='ocr_line' id='line_1_91' title="bbox 2255 4398 3904 4488; baseline 0.007 -34"><span class='ocrx_word' id='word_1_715' title='bbox 2255 4400 2323 4488; x_wconf 69' lang='grc' dir='ltr'>ᾡς</span> <span class='ocrx_word' id='word_1_716' title='bbox 2352 4398 2407 4455; x_wconf 79' lang='grc' dir='ltr'><strong>ἐν</strong></span> <span class='ocrx_word' id='word_1_717' title='bbox 2435 4406 2511 4475; x_wconf 81' lang='grc' dir='ltr'>τῷ</span> <span class='ocrx_word' id='word_1_718' title='bbox 2540 4400 2795 4481; x_wconf 83' lang='grc' dir='ltr'><strong>ἀνθρωπῳ</strong></span> <span class='ocrx_word' id='word_1_719' title='bbox 2820 4406 2879 4482; x_wconf 58' lang='grc' dir='ltr'><strong>εἰ,</strong></span> <span class='ocrx_word' id='word_1_720' title='bbox 2925 4407 3078 4485; x_wconf 71' lang='grc' dir='ltr'>ψυχή</span> <span class='ocrx_word' id='word_1_721' title='bbox 3116 4422 3129 4435; x_wconf 81' lang='grc'><strong><em>⁵</em></strong></span> <span class='ocrx_word' id='word_1_722' title='bbox 3190 4407 3413 4481; x_wconf 86' lang='grc' dir='ltr'>Πνεῦμα</span> <span class='ocrx_word' id='word_1_723' title='bbox 3455 4403 3530 4486; x_wconf 70' lang='grc' dir='ltr'><strong>δὲ,</strong></span> <span class='ocrx_word' id='word_1_724' title='bbox 3591 4408 3662 4467; x_wconf 82' lang='grc' dir='ltr'>ὡς</span> <span class='ocrx_word' id='word_1_725' title='bbox 3696 4404 3779 4461; x_wconf 77' lang='grc' dir='ltr'>διὰ</span> <span class='ocrx_word' id='word_1_726' title='bbox 3810 4420 3904 4466; x_wconf 58' lang='lat' dir='ltr'><strong>tuo</strong></span> 
     </span>
    </p>
   </div>
   <div class='ocr_carea' id='block_1_92' title="bbox 515 4484 2171 4574">
    <p class='ocr_par' dir='ltr' id='par_1_92' title="bbox 515 4484 2165 4574">
     <span class='ocr_line' id='line_1_92' title="bbox 515 4484 2165 4574; baseline -0.008 -16"><span class='ocrx_word' id='word_1_727' title='bbox 515 4484 735 4568; x_wconf 78' lang='lat' dir='ltr'><strong>anima,</strong></span> <span class='ocrx_word' id='word_1_728' title='bbox 769 4491 1025 4574; x_wconf 91' lang='lat' dir='ltr'><strong>Spiritus</strong></span> <span class='ocrx_word' id='word_1_729' title='bbox 1046 4497 1113 4553; x_wconf 89' lang='lat' dir='ltr'><strong>ut</strong></span> <span class='ocrx_word' id='word_1_730' title='bbox 1155 4506 1263 4571; x_wconf 88' lang='lat' dir='ltr'><strong>per</strong></span> <span class='ocrx_word' id='word_1_731' title='bbox 1289 4486 1592 4551; x_wconf 87' lang='lat' dir='ltr'><strong>hominem</strong></span> <span class='ocrx_word' id='word_1_732' title='bbox 1626 4484 2165 4574; x_wconf 32' lang='lat' dir='ltr'><strong>spiransiQuidam</strong></span> 
     </span>
    </p>
   </div>
   <div class='ocr_carea' id='block_1_93' title="bbox 2255 4484 3899 4574">
    <p class='ocr_par' dir='ltr' id='par_1_93' title="bbox 2255 4484 3899 4572">
     <span class='ocr_line' id='line_1_93' title="bbox 2255 4484 3899 4572; baseline 0.005 -29"><span class='ocrx_word' id='word_1_733' title='bbox 2255 4486 2521 4565; x_wconf 74' lang='grc' dir='ltr'>ἂνθρωπου</span> <span class='ocrx_word' id='word_1_734' title='bbox 2579 4490 2828 4565; x_wconf 78' lang='grc' dir='ltr'><strong>ἐμπνέον.</strong></span> <span class='ocrx_word' id='word_1_735' title='bbox 2874 4484 3035 4558; x_wconf 75' lang='grc' dir='ltr'>Τινὲς</span> <span class='ocrx_word' id='word_1_736' title='bbox 3092 4496 3189 4572; x_wconf 74' lang='grc' dir='ltr'><strong>γὰρ</strong></span> <span class='ocrx_word' id='word_1_737' title='bbox 3233 4484 3555 4551; x_wconf 79' lang='grc' dir='ltr'>δολιεύονται</span> <span class='ocrx_word' id='word_1_738' title='bbox 3616 4496 3701 4551; x_wconf 81' lang='grc' dir='ltr'>καὶ</span> <span class='ocrx_word' id='word_1_739' title='bbox 3758 4496 3899 4552; x_wconf 66' lang='grc' dir='ltr'><strong>οῧςω</strong></span> 
     </span>
    </p>
   </div>
   <div class='ocr_carea' id='block_1_94' title="bbox 515 4573 2171 4662">
    <p class='ocr_par' dir='ltr' id='par_1_94' title="bbox 515 4573 2167 4655">
     <span class='ocr_line' id='line_1_94' title="bbox 515 4573 2167 4655; baseline -0.008 -5"><span class='ocrx_word' id='word_1_740' title='bbox 515 4584 674 4650; x_wconf 88' lang='lat' dir='ltr'><strong>enim</strong></span> <span class='ocrx_word' id='word_1_741' title='bbox 693 4573 929 4646; x_wconf 82' lang='lat' dir='ltr'><strong>fraudes</strong></span> <span class='ocrx_word' id='word_1_742' title='bbox 945 4587 1144 4655; x_wconf 90' lang='lat' dir='ltr'><strong>suunt,</strong></span> <span class='ocrx_word' id='word_1_743' title='bbox 1169 4596 1280 4641; x_wconf 91' lang='lat' dir='ltr'><strong>nec</strong></span> <span class='ocrx_word' id='word_1_744' title='bbox 1293 4575 1582 4640; x_wconf 89' lang='lat' dir='ltr'><strong>Deitatem</strong></span> <span class='ocrx_word' id='word_1_745' title='bbox 1625 4581 1847 4637; x_wconf 90' lang='lat' dir='ltr'><strong>tenent.</strong></span> <span class='ocrx_word' id='word_1_746' title='bbox 1880 4573 2000 4635; x_wconf 88' lang='lat' dir='ltr'><strong>Nos</strong></span> <span class='ocrx_word' id='word_1_747' title='bbox 2030 4593 2167 4637; x_wconf 91' lang='lat' dir='ltr'><strong>vero</strong></span> 
     </span>
    </p>
   </div>
   <div class='ocr_carea' id='block_1_95' title="bbox 2255 4573 3895 4662">
    <p class='ocr_par' dir='ltr' id='par_1_95' title="bbox 2255 4574 3895 4662">
     <span class='ocr_line' id='line_1_95' title="bbox 2255 4574 3895 4662; baseline 0.007 -32"><span class='ocrx_word' id='word_1_748' title='bbox 2255 4574 2514 4652; x_wconf 77' lang='grc' dir='ltr'>νομίζουσι</span> <span class='ocrx_word' id='word_1_749' title='bbox 2564 4580 2662 4647; x_wconf 75' lang='grc' dir='ltr'>τὴν</span> <span class='ocrx_word' id='word_1_750' title='bbox 2709 4581 2956 4649; x_wconf 83' lang='grc' dir='ltr'>θεότητα,</span> <span class='ocrx_word' id='word_1_751' title='bbox 3019 4574 3208 4658; x_wconf 76' lang='grc' dir='ltr'>Ἡμεῖς</span> <span class='ocrx_word' id='word_1_752' title='bbox 3281 4582 3335 4638; x_wconf 77' lang='grc' dir='ltr'><em>δὲ</em></span> <span class='ocrx_word' id='word_1_753' title='bbox 3392 4584 3494 4662; x_wconf 78' lang='grc' dir='ltr'><strong>οὐχ</strong></span> <span class='ocrx_word' id='word_1_754' title='bbox 3545 4582 3711 4647; x_wconf 65' lang='grc' dir='ltr'>οὕτως</span> <span class='ocrx_word' id='word_1_755' title='bbox 3755 4584 3895 4659; x_wconf 66' lang='grc' dir='ltr'><strong>ἐμα-</strong></span> 
     </span>
    </p>
   </div>
   <div class='ocr_carea' id='block_1_96' title="bbox 515 4663 2171 4751">
    <p class='ocr_par' dir='ltr' id='par_1_96' title="bbox 515 4663 2164 4745">
     <span class='ocr_line' id='line_1_96' title="bbox 515 4663 2164 4745; baseline -0.008 -6"><span class='ocrx_word' id='word_1_756' title='bbox 515 4694 632 4739; x_wconf 92' lang='lat' dir='ltr'><strong>non</strong></span> <span class='ocrx_word' id='word_1_757' title='bbox 661 4674 775 4737; x_wconf 83' lang='lat' dir='ltr'><strong>ista</strong></span> <span class='ocrx_word' id='word_1_758' title='bbox 801 4672 1141 4735; x_wconf 88' lang='lat' dir='ltr'><strong>didicimus.</strong></span> <span class='ocrx_word' id='word_1_759' title='bbox 1176 4667 1295 4732; x_wconf 90' lang='lat' dir='ltr'><strong>Sed</strong></span> <span class='ocrx_word' id='word_1_760' title='bbox 1326 4686 1400 4730; x_wconf 92' lang='lat' dir='ltr'><strong>en</strong></span> <span class='ocrx_word' id='word_1_761' title='bbox 1433 4669 1609 4731; x_wconf 90' lang='lat' dir='ltr'><strong>Pater</strong></span> <span class='ocrx_word' id='word_1_762' title='bbox 1639 4665 1701 4727; x_wconf 93' lang='lat' dir='ltr'><strong>in</strong></span> <span class='ocrx_word' id='word_1_763' title='bbox 1734 4664 1995 4732; x_wconf 72' lang='lat' dir='ltr'><strong>coelo.en</strong></span> <span class='ocrx_word' id='word_1_764' title='bbox 2022 4663 2164 4745; x_wconf 89' lang='lat' dir='ltr'><strong>Spi-</strong></span> 
     </span>
    </p>
   </div>
   <div class='ocr_carea' id='block_1_97' title="bbox 2255 4663 3902 4751">
    <p class='ocr_par' dir='ltr' id='par_1_97' title="bbox 2255 4664 3902 4751">
     <span class='ocr_line' id='line_1_97' title="bbox 2255 4664 3902 4751; baseline 0.006 -31"><span class='ocrx_word' id='word_1_765' title='bbox 2255 4666 2431 4739; x_wconf 74' lang='grc' dir='ltr'><strong>Βομεν.</strong></span> <span class='ocrx_word' id='word_1_766' title='bbox 2492 4664 2641 4723; x_wconf 81' lang='grc' dir='ltr'>Ἀλλ’</span> <span class='ocrx_word' id='word_1_767' title='bbox 2698 4667 2804 4726; x_wconf 74' lang='grc' dir='ltr'>ἰδοὺ</span> <span class='ocrx_word' id='word_1_768' title='bbox 2863 4673 2890 4727; x_wconf 84' lang='lat'><strong>6</strong></span> <span class='ocrx_word' id='word_1_769' title='bbox 2960 4670 3155 4751; x_wconf 71' lang='grc' dir='ltr'>Πατὴρ</span> <span class='ocrx_word' id='word_1_770' title='bbox 3221 4674 3278 4728; x_wconf 71' lang='grc' dir='ltr'>ὲν</span> <span class='ocrx_word' id='word_1_771' title='bbox 3364 4672 3587 4750; x_wconf 48' lang='grc' dir='ltr'><strong>οῷανῷ,</strong></span> <span class='ocrx_word' id='word_1_772' title='bbox 3676 4671 3784 4730; x_wconf 77' lang='grc' dir='ltr'>ἰδοὺ</span> <span class='ocrx_word' id='word_1_773' title='bbox 3845 4677 3902 4730; x_wconf 60' lang='grc' dir='ltr'><strong>τὸ</strong></span> 
     </span>
    </p>
   </div>
   <div class='ocr_carea' id='block_1_98' title="bbox 511 4754 2171 4841">
    <p class='ocr_par' dir='ltr' id='par_1_98' title="bbox 511 4754 2158 4833">
     <span class='ocr_line' id='line_1_98' title="bbox 511 4754 2158 4833; baseline -0.007 -4"><span class='ocrx_word' id='word_1_774' title='bbox 511 4767 662 4829; x_wconf 88' lang='lat' dir='ltr'><strong>ritus</strong></span> <span class='ocrx_word' id='word_1_775' title='bbox 682 4772 920 4829; x_wconf 90' lang='lat' dir='ltr'><strong>sanctus</strong></span> <span class='ocrx_word' id='word_1_776' title='bbox 950 4763 1200 4824; x_wconf 89' lang='lat' dir='ltr'><strong>formam</strong></span> <span class='ocrx_word' id='word_1_777' title='bbox 1231 4758 1542 4833; x_wconf 70' lang='lat' dir='ltr'><strong>columbae,</strong></span> <span class='ocrx_word' id='word_1_778' title='bbox 1580 4775 1715 4819; x_wconf 92' lang='lat' dir='ltr'><strong>cum</strong></span> <span class='ocrx_word' id='word_1_779' title='bbox 1740 4754 2158 4828; x_wconf 89' lang='lat' dir='ltr'><strong>descenderet,</strong></span> 
     </span>
    </p>
   </div>
   <div class='ocr_carea' id='block_1_99' title="bbox 2255 4754 3899 4841">
    <p class='ocr_par' dir='ltr' id='par_1_99' title="bbox 2255 4754 3899 4841">
     <span class='ocr_line' id='line_1_99' title="bbox 2255 4754 3899 4841; baseline 0.007 -33"><span class='ocrx_word' id='word_1_780' title='bbox 2255 4754 2474 4830; x_wconf 85' lang='grc' dir='ltr'>Πνεῦμα</span> <span class='ocrx_word' id='word_1_781' title='bbox 2516 4757 2577 4812; x_wconf 85' lang='grc' dir='ltr'><strong>τὸ</strong></span> <span class='ocrx_word' id='word_1_782' title='bbox 2639 4757 2790 4837; x_wconf 74' lang='grc' dir='ltr'>ἅγιον</span> <span class='ocrx_word' id='word_1_783' title='bbox 2845 4759 2899 4815; x_wconf 77' lang='grc' dir='ltr'><strong>ἐν</strong></span> <span class='ocrx_word' id='word_1_784' title='bbox 2956 4758 3089 4817; x_wconf 74' lang='grc' dir='ltr'>εῖδει</span> <span class='ocrx_word' id='word_1_785' title='bbox 3146 4768 3453 4840; x_wconf 84' lang='grc' dir='ltr'>περιστερᾶς</span> <span class='ocrx_word' id='word_1_786' title='bbox 3505 4760 3899 4841; x_wconf 75' lang='grc' dir='ltr'>ἐσχηματίζεεο</span> 
     </span>
    </p>
   </div>
   <div class='ocr_carea' id='block_1_100' title="bbox 512 4844 2159 4935">
    <p class='ocr_par' dir='ltr' id='par_1_100' title="bbox 512 4844 2159 4935">
     <span class='ocr_line' id='line_1_100' title="bbox 512 4844 2159 4935; baseline -0.007 -17"><span class='ocrx_word' id='word_1_787' title='bbox 512 4856 627 4919; x_wconf 88' lang='lat' dir='ltr'><strong>sibi</strong></span> <span class='ocrx_word' id='word_1_788' title='bbox 655 4852 998 4935; x_wconf 87' lang='lat' dir='ltr'><strong>assumpsit,</strong></span> <span class='ocrx_word' id='word_1_789' title='bbox 1015 4851 1153 4914; x_wconf 90' lang='lat' dir='ltr'><strong>licet</strong></span> <span class='ocrx_word' id='word_1_790' title='bbox 1181 4867 1298 4910; x_wconf 92' lang='lat' dir='ltr'><strong>non</strong></span> <span class='ocrx_word' id='word_1_791' title='bbox 1321 4865 1539 4929; x_wconf 92' lang='lat' dir='ltr'><strong>corpus</strong></span> <span class='ocrx_word' id='word_1_792' title='bbox 1568 4845 1855 4909; x_wconf 64' lang='lat' dir='ltr'><strong>columba:</strong></span> <span class='ocrx_word' id='word_1_793' title='bbox 1876 4844 2159 4935; x_wconf 86' lang='lat' dir='ltr'><strong>induerit,</strong></span> 
     </span>
    </p>
   </div>
   <div class='ocr_carea' id='block_1_101' title="bbox 510 4933 2162 5022">
    <p class='ocr_par' dir='ltr' id='par_1_101' title="bbox 510 4933 2162 5022">
     <span class='ocr_line' id='line_1_101' title="bbox 510 4933 2162 5022; baseline -0.007 -16"><span class='ocrx_word' id='word_1_794' title='bbox 510 4944 618 5006; x_wconf 88' lang='lat' dir='ltr'><strong>sed</strong></span> <span class='ocrx_word' id='word_1_795' title='bbox 651 4933 894 5022; x_wconf 78' lang='lat' dir='ltr'><strong>ﬁguram</strong></span> <span class='ocrx_word' id='word_1_796' title='bbox 953 4948 1177 5004; x_wconf 84' lang='lat' dir='ltr'><strong>tantum</strong></span> <span class='ocrx_word' id='word_1_797' title='bbox 1228 4936 1556 5001; x_wconf 87' lang='lat' dir='ltr'><strong>secundum</strong></span> <span class='ocrx_word' id='word_1_798' title='bbox 1610 4934 1871 5015; x_wconf 89' lang='lat' dir='ltr'><strong>seipsum</strong></span> <span class='ocrx_word' id='word_1_799' title='bbox 1906 4933 2162 4995; x_wconf 89' lang='lat' dir='ltr'><strong>descen-</strong></span> 
     </span>
    </p>
   </div>
   <div class='ocr_carea' id='block_1_102' title="bbox 511 5022 2165 5112">
    <p class='ocr_par' dir='ltr' id='par_1_102' title="bbox 511 5022 2165 5112">
     <span class='ocr_line' id='line_1_102' title="bbox 511 5022 2165 5112; baseline -0.007 -17"><span class='ocrx_word' id='word_1_800' title='bbox 511 5033 661 5095; x_wconf 88' lang='lat' dir='ltr'><strong>dens</strong></span> <span class='ocrx_word' id='word_1_801' title='bbox 718 5030 970 5112; x_wconf 89' lang='lat' dir='ltr'><strong>accepit,</strong></span> <span class='ocrx_word' id='word_1_802' title='bbox 1037 5047 1156 5091; x_wconf 91' lang='lat' dir='ltr'><strong>non</strong></span> <span class='ocrx_word' id='word_1_803' title='bbox 1189 5026 1448 5090; x_wconf 90' lang='lat' dir='ltr'><strong>alienam</strong></span> <span class='ocrx_word' id='word_1_804' title='bbox 1478 5026 1555 5087; x_wconf 90' lang='lat' dir='ltr'><strong>ah</strong></span> <span class='ocrx_word' id='word_1_805' title='bbox 1588 5024 1847 5085; x_wconf 89' lang='lat' dir='ltr'><strong>essentia</strong></span> <span class='ocrx_word' id='word_1_806' title='bbox 1879 5022 2072 5112; x_wconf 88' lang='lat' dir='ltr'><strong>Patris</strong></span> <span class='ocrx_word' id='word_1_807' title='bbox 2091 5030 2165 5112; x_wconf 82' lang='lat' dir='ltr'><strong>et</strong></span> 
     </span>
    </p>
   </div>
   <div class='ocr_carea' id='block_1_103' title="bbox 507 5110 2163 5198">
    <p class='ocr_par' dir='ltr' id='par_1_103' title="bbox 507 5110 2163 5198">
     <span class='ocr_line' id='line_1_103' title="bbox 507 5110 2163 5198; baseline -0.007 -14"><span class='ocrx_word' id='word_1_808' title='bbox 507 5120 781 5198; x_wconf 84' lang='lat' dir='ltr'><strong>Filii,sed</strong></span> <span class='ocrx_word' id='word_1_809' title='bbox 812 5110 1111 5192; x_wconf 82' lang='lat' dir='ltr'><strong>eamdem,</strong></span> <span class='ocrx_word' id='word_1_810' title='bbox 1142 5116 1474 5198; x_wconf 73' lang='lat' dir='ltr'><strong>hypostasis</strong></span> <span class='ocrx_word' id='word_1_811' title='bbox 1507 5131 1577 5176; x_wconf 84' lang='lat' dir='ltr'><strong>ex</strong></span> <span class='ocrx_word' id='word_1_812' title='bbox 1621 5111 1916 5194; x_wconf 78' lang='lat' dir='ltr'><strong>hypostasi</strong></span> <span class='ocrx_word' id='word_1_813' title='bbox 1950 5110 2163 5192; x_wconf 86' lang='lat' dir='ltr'><strong>Patris,</strong></span> 
     </span>
    </p>
   </div>
   <div class='ocr_carea' id='block_1_104' title="bbox 509 5198 2165 5291">
    <p class='ocr_par' dir='ltr' id='par_1_104' title="bbox 509 5198 2165 5291">
     <span class='ocr_line' id='line_1_104' title="bbox 509 5198 2165 5291; baseline -0.01 -15"><span class='ocrx_word' id='word_1_814' title='bbox 509 5220 574 5276; x_wconf 88' lang='lat' dir='ltr'><strong>et</strong></span> <span class='ocrx_word' id='word_1_815' title='bbox 590 5209 723 5274; x_wconf 89' lang='lat' dir='ltr'><strong>Filii</strong></span> <span class='ocrx_word' id='word_1_816' title='bbox 742 5208 997 5291; x_wconf 89' lang='lat' dir='ltr'><strong>Spiritus</strong></span> <span class='ocrx_word' id='word_1_817' title='bbox 1013 5214 1272 5270; x_wconf 85' lang='lat' dir='ltr'><strong>sanctus.</strong></span> <span class='ocrx_word' id='word_1_818' title='bbox 1287 5229 1309 5263; x_wconf 79' lang='grc' dir='ltr'><strong>ι</strong></span> <span class='ocrx_word' id='word_1_819' title='bbox 1333 5202 1800 5284; x_wconf 84' lang='lat' dir='ltr'><strong>Idem,oratione</strong></span> <span class='ocrx_word' id='word_1_820' title='bbox 1825 5198 1923 5262; x_wconf 89' lang='lat' dir='ltr'><strong>cui</strong></span> <span class='ocrx_word' id='word_1_821' title='bbox 1945 5216 2165 5291; x_wconf 80' lang='lat' dir='ltr'><strong>nomen</strong></span> 
     </span>
    </p>
   </div>
   <div class='ocr_carea' id='block_1_105' title="bbox 513 5286 2163 5379">
    <p class='ocr_par' dir='ltr' id='par_1_105' title="bbox 513 5286 2163 5379">
     <span class='ocr_line' id='line_1_105' title="bbox 513 5286 2163 5379; baseline -0.01 -15"><span class='ocrx_word' id='word_1_822' title='bbox 513 5301 657 5365; x_wconf 83' lang='lat' dir='ltr'><strong>fecit</strong></span> <span class='ocrx_word' id='word_1_823' title='bbox 672 5286 964 5379; x_wconf 73' lang='lat' dir='ltr'><strong>Ancyroto</strong></span> <span class='ocrx_word' id='word_1_824' title='bbox 993 5315 1008 5359; x_wconf 91' lang='lat'>:</span> <span class='ocrx_word' id='word_1_825' title='bbox 1040 5321 1064 5352; x_wconf 81' lang='grc' dir='ltr'><strong>ιι</strong></span> <span class='ocrx_word' id='word_1_826' title='bbox 1095 5294 1313 5357; x_wconf 89' lang='lat' dir='ltr'><strong>Emitte</strong></span> <span class='ocrx_word' id='word_1_827' title='bbox 1335 5294 1537 5355; x_wconf 91' lang='lat' dir='ltr'><strong>lumen</strong></span> <span class='ocrx_word' id='word_1_828' title='bbox 1567 5300 1739 5355; x_wconf 91' lang='lat' dir='ltr'><strong>tuum</strong></span> <span class='ocrx_word' id='word_1_829' title='bbox 1767 5301 1827 5352; x_wconf 89' lang='lat' dir='ltr'><strong>et</strong></span> <span class='ocrx_word' id='word_1_830' title='bbox 1855 5286 2163 5379; x_wconf 81' lang='lat' dir='ltr'><strong>veritatem</strong></span> 
     </span>
    </p>
   </div>
   <div class='ocr_carea' id='block_1_106' title="bbox 511 5375 2160 5470">
    <p class='ocr_par' dir='ltr' id='par_1_106' title="bbox 511 5375 2160 5470">
     <span class='ocr_line' id='line_1_106' title="bbox 511 5375 2160 5470; baseline -0.01 -17"><span class='ocrx_word' id='word_1_831' title='bbox 511 5400 697 5470; x_wconf 89' lang='lat' dir='ltr'><strong>tuam,</strong></span> <span class='ocrx_word' id='word_1_832' title='bbox 726 5375 909 5451; x_wconf 74' lang='lat' dir='ltr'><strong>David</strong></span> <span class='ocrx_word' id='word_1_833' title='bbox 938 5385 1148 5466; x_wconf 88' lang='lat' dir='ltr'><strong>inquit.</strong></span> <span class='ocrx_word' id='word_1_834' title='bbox 1181 5385 1315 5465; x_wconf 90' lang='lat' dir='ltr'><strong>Ipse</strong></span> <span class='ocrx_word' id='word_1_835' title='bbox 1357 5390 1447 5443; x_wconf 88' lang='lat' dir='ltr'><strong>est</strong></span> <span class='ocrx_word' id='word_1_836' title='bbox 1475 5380 1780 5470; x_wconf 86' lang='lat' dir='ltr'><strong>Dominus.</strong></span> <span class='ocrx_word' id='word_1_837' title='bbox 1824 5378 1937 5470; x_wconf 24' lang='lat' dir='ltr'><strong>Aqui</strong></span> <span class='ocrx_word' id='word_1_838' title='bbox 1969 5375 2160 5470; x_wconf 76' lang='lat' dir='ltr'><strong>dixit:</strong></span> 
     </span>
    </p>
   </div>
   <div class='ocr_carea' id='block_1_107' title="bbox 522 5463 2169 5548">
    <p class='ocr_par' dir='ltr' id='par_1_107' title="bbox 522 5463 2169 5548">
     <span class='ocr_line' id='line_1_107' title="bbox 522 5463 2169 5548; baseline -0.011 -4"><span class='ocrx_word' id='word_1_839' title='bbox 522 5519 591 5528; x_wconf 86' lang='lat'><strong>-</strong></span> <span class='ocrx_word' id='word_1_840' title='bbox 622 5463 945 5543; x_wconf 83' lang='lat' dir='ltr'><strong>Postremis</strong></span> <span class='ocrx_word' id='word_1_841' title='bbox 976 5463 1190 5537; x_wconf 82' lang='lat' dir='ltr'><strong>diebus</strong></span> <span class='ocrx_word' id='word_1_842' title='bbox 1215 5463 1224 5465; x_wconf 49' lang='grc'><strong>⁷</strong></span> <span class='ocrx_word' id='word_1_843' title='bbox 1246 5471 1544 5534; x_wconf 76' lang='lat' dir='ltr'><strong>effundam</strong></span> <span class='ocrx_word' id='word_1_844' title='bbox 1575 5489 1647 5531; x_wconf 84' lang='lat' dir='ltr'><strong>ex</strong></span> <span class='ocrx_word' id='word_1_845' title='bbox 1681 5467 1904 5548; x_wconf 90' lang='lat' dir='ltr'><strong>Spiritu</strong></span> <span class='ocrx_word' id='word_1_846' title='bbox 1937 5484 2071 5527; x_wconf 90' lang='lat' dir='ltr'><strong>meo</strong></span> <span class='ocrx_word' id='word_1_847' title='bbox 2105 5463 2169 5526; x_wconf 91' lang='lat' dir='ltr'><strong>in</strong></span> 
     </span>
    </p>
   </div>
   <div class='ocr_carea' id='block_1_108' title="bbox 507 5556 2170 5643">
    <p class='ocr_par' dir='ltr' id='par_1_108' title="bbox 507 5556 2170 5643">
     <span class='ocr_line' id='line_1_108' title="bbox 507 5556 2170 5643; baseline -0.012 -9"><span class='ocrx_word' id='word_1_848' title='bbox 507 5570 852 5634; x_wconf 76' lang='lat' dir='ltr'><strong>universam</strong></span> <span class='ocrx_word' id='word_1_849' title='bbox 885 5580 1152 5643; x_wconf 85' lang='lat' dir='ltr'><strong>carnem,</strong></span> <span class='ocrx_word' id='word_1_850' title='bbox 1202 5568 1262 5624; x_wconf 92' lang='lat' dir='ltr'><strong>et</strong></span> <span class='ocrx_word' id='word_1_851' title='bbox 1318 5559 1795 5622; x_wconf 88' lang='lat' dir='ltr'><strong>vaticinahuntur</strong></span> <span class='ocrx_word' id='word_1_852' title='bbox 1822 5556 1929 5619; x_wconf 86' lang='lat' dir='ltr'><strong>ﬁlii</strong></span> <span class='ocrx_word' id='word_1_853' title='bbox 1961 5571 2170 5617; x_wconf 92' lang='lat' dir='ltr'><strong>eorum</strong></span> 
     </span>
    </p>
   </div>
   <div class='ocr_carea' id='block_1_109' title="bbox 504 5643 2172 5735">
    <p class='ocr_par' dir='ltr' id='par_1_109' title="bbox 504 5643 2172 5735">
     <span class='ocr_line' id='line_1_109' title="bbox 504 5643 2172 5735; baseline -0.013 -10"><span class='ocrx_word' id='word_1_854' title='bbox 504 5673 567 5725; x_wconf 84' lang='lat' dir='ltr'><strong>et</strong></span> <span class='ocrx_word' id='word_1_855' title='bbox 600 5658 761 5735; x_wconf 70' lang='lat' dir='ltr'><strong>ﬁlim,</strong></span> <span class='ocrx_word' id='word_1_856' title='bbox 814 5662 876 5719; x_wconf 92' lang='lat' dir='ltr'><strong>et</strong></span> <span class='ocrx_word' id='word_1_857' title='bbox 931 5649 1364 5717; x_wconf 88' lang='lat' dir='ltr'><strong>adolescentuli</strong></span> <span class='ocrx_word' id='word_1_858' title='bbox 1413 5650 1679 5729; x_wconf 59' lang='grc' dir='ltr'><strong>θοι-απιρξ</strong></span> <span class='ocrx_word' id='word_1_859' title='bbox 1700 5647 1957 5709; x_wconf 85' lang='lat' dir='ltr'><strong>visiones</strong></span> <span class='ocrx_word' id='word_1_860' title='bbox 1981 5643 2172 5723; x_wconf 61' lang='lat' dir='ltr'><strong>gvide-</strong></span> 
     </span>
    </p>
   </div>
   <div class='ocr_carea' id='block_1_110' title="bbox 2249 4843 3892 4929">
    <p class='ocr_par' dir='ltr' id='par_1_110' title="bbox 2249 4843 3892 4929">
     <span class='ocr_line' id='line_1_110' title="bbox 2249 4843 3892 4929; baseline 0.006 -32"><span class='ocrx_word' id='word_1_861' title='bbox 2249 4843 2666 4929; x_wconf 82' lang='grc' dir='ltr'>κατερχόμενον,</span> <span class='ocrx_word' id='word_1_862' title='bbox 2709 4848 2881 4905; x_wconf 86' lang='grc' dir='ltr'>καίτοι</span> <span class='ocrx_word' id='word_1_863' title='bbox 2929 4870 2989 4927; x_wconf 88' lang='grc' dir='ltr'>γε</span> <span class='ocrx_word' id='word_1_864' title='bbox 3046 4849 3105 4907; x_wconf 76' lang='grc' dir='ltr'><strong>οὗ</strong></span> <span class='ocrx_word' id='word_1_865' title='bbox 3148 4856 3304 4924; x_wconf 86' lang='grc' dir='ltr'>σῶμα</span> <span class='ocrx_word' id='word_1_866' title='bbox 3374 4857 3674 4929; x_wconf 85' lang='grc' dir='ltr'>περιντερᾶς</span> <span class='ocrx_word' id='word_1_867' title='bbox 3742 4849 3892 4926; x_wconf 78' lang='grc' dir='ltr'>λαμ-</span> 
     </span>
    </p>
   </div>
   <div class='ocr_carea' id='block_1_111' title="bbox 2247 4927 3894 5019">
    <p class='ocr_par' dir='ltr' id='par_1_111' title="bbox 2247 4927 3894 5019">
     <span class='ocr_line' id='line_1_111' title="bbox 2247 4927 3894 5019; baseline 0.006 -33"><span class='ocrx_word' id='word_1_868' title='bbox 2247 4927 2405 4988; x_wconf 78' lang='grc' dir='ltr'>ϐάνον</span> <span class='ocrx_word' id='word_1_869' title='bbox 2436 4933 2595 5019; x_wconf 82' lang='grc' dir='ltr'>τύπῳ</span> <span class='ocrx_word' id='word_1_870' title='bbox 2650 4934 3038 5015; x_wconf 75' lang='grc' dir='ltr'><strong>ἐσχηματίζετο</strong></span> <span class='ocrx_word' id='word_1_871' title='bbox 3106 4939 3501 5019; x_wconf 84' lang='grc' dir='ltr'>κατερχόμενον</span> <span class='ocrx_word' id='word_1_872' title='bbox 3556 4927 3672 4995; x_wconf 80' lang='grc' dir='ltr'>καθ’</span> <span class='ocrx_word' id='word_1_873' title='bbox 3716 4940 3894 5019; x_wconf 73' lang='grc' dir='ltr'>ἑαυτὸ,</span> 
     </span>
    </p>
   </div>
   <div class='ocr_carea' id='block_1_112' title="bbox 2248 5018 3899 5107">
    <p class='ocr_par' dir='ltr' id='par_1_112' title="bbox 2248 5018 3899 5107">
     <span class='ocr_line' id='line_1_112' title="bbox 2248 5018 3899 5107; baseline 0.006 -33"><span class='ocrx_word' id='word_1_874' title='bbox 2248 5021 2342 5075; x_wconf 79' lang='grc' dir='ltr'>οῦκ</span> <span class='ocrx_word' id='word_1_875' title='bbox 2365 5018 2579 5085; x_wconf 75' lang='grc' dir='ltr'>ἀλλοὶας</span> <span class='ocrx_word' id='word_1_876' title='bbox 2621 5027 2763 5103; x_wconf 81' lang='grc' dir='ltr'>παρὰ</span> <span class='ocrx_word' id='word_1_877' title='bbox 2830 5027 2927 5095; x_wconf 74' lang='grc' dir='ltr'>τὴν</span> <span class='ocrx_word' id='word_1_878' title='bbox 2987 5027 3079 5084; x_wconf 77' lang='grc' dir='ltr'><strong>τοῦ</strong></span> <span class='ocrx_word' id='word_1_879' title='bbox 3136 5018 3351 5107; x_wconf 74' lang='grc' dir='ltr'>Πατρὸς</span> <span class='ocrx_word' id='word_1_880' title='bbox 3407 5029 3495 5084; x_wconf 88' lang='grc' dir='ltr'>καὶ</span> <span class='ocrx_word' id='word_1_881' title='bbox 3562 5030 3703 5103; x_wconf 78' lang='grc' dir='ltr'>Υἱοῦ,</span> <span class='ocrx_word' id='word_1_882' title='bbox 3762 5018 3899 5084; x_wconf 75' lang='grc' dir='ltr'>ἄλλα</span> 
     </span>
    </p>
   </div>
   <div class='ocr_carea' id='block_1_113' title="bbox 2247 5109 3895 5186">
    <p class='ocr_par' dir='ltr' id='par_1_113' title="bbox 2247 5109 3895 5186">
     <span class='ocr_line' id='line_1_113' title="bbox 2247 5109 3895 5186; baseline 0.007 -24"><span class='ocrx_word' id='word_1_883' title='bbox 2247 5112 2345 5175; x_wconf 82' lang='grc' dir='ltr'>τῆς</span> <span class='ocrx_word' id='word_1_884' title='bbox 2398 5109 2561 5178; x_wconf 74' lang='grc' dir='ltr'>αὐτῆς</span> <span class='ocrx_word' id='word_1_885' title='bbox 2627 5112 2803 5178; x_wconf 72' lang='grc' dir='ltr'>οὖσίας</span> <span class='ocrx_word' id='word_1_886' title='bbox 2903 5115 3188 5181; x_wconf 83' lang='grc' dir='ltr'>ὑπόστασις</span> <span class='ocrx_word' id='word_1_887' title='bbox 3251 5114 3302 5182; x_wconf 79' lang='grc' dir='ltr'><strong>ἐξ</strong></span> <span class='ocrx_word' id='word_1_888' title='bbox 3387 5117 3723 5181; x_wconf 79' lang='grc' dir='ltr'>ὑποστάσεως</span> <span class='ocrx_word' id='word_1_889' title='bbox 3795 5125 3895 5186; x_wconf 72' lang='grc' dir='ltr'>τῆς</span> 
     </span>
    </p>
   </div>
   <div class='ocr_carea' id='block_1_114' title="bbox 2248 5193 3897 5284">
    <p class='ocr_par' dir='ltr' id='par_1_114' title="bbox 2248 5193 3897 5284">
     <span class='ocr_line' id='line_1_114' title="bbox 2248 5193 3897 5284; baseline 0.006 -32"><span class='ocrx_word' id='word_1_890' title='bbox 2248 5193 2460 5284; x_wconf 84' lang='grc' dir='ltr'>Πατρός</span> <span class='ocrx_word' id='word_1_891' title='bbox 2496 5201 2585 5258; x_wconf 84' lang='grc' dir='ltr'>καὶ</span> <span class='ocrx_word' id='word_1_892' title='bbox 2624 5201 2744 5258; x_wconf 73' lang='grc' dir='ltr'><strong>Υἱοῦ</strong></span> <span class='ocrx_word' id='word_1_893' title='bbox 2785 5204 2847 5260; x_wconf 88' lang='grc' dir='ltr'><strong>τό</strong></span> <span class='ocrx_word' id='word_1_894' title='bbox 2888 5204 3038 5284; x_wconf 74' lang='grc' dir='ltr'>ἅγιον</span> <span class='ocrx_word' id='word_1_895' title='bbox 3089 5207 3335 5281; x_wconf 84' lang='grc' dir='ltr'><strong>Πνεῦμα,</strong></span> <span class='ocrx_word' id='word_1_896' title='bbox 3367 5229 3394 5259; x_wconf 66' lang='grc' dir='ltr'><strong>ι</strong></span> <span class='ocrx_word' id='word_1_897' title='bbox 3459 5196 3516 5263; x_wconf 69' lang='grc' dir='ltr'><strong>ιΟ</strong></span> <span class='ocrx_word' id='word_1_898' title='bbox 3547 5205 3705 5267; x_wconf 79' lang='grc' dir='ltr'>αὖκός</span> <span class='ocrx_word' id='word_1_899' title='bbox 3736 5206 3791 5262; x_wconf 81' lang='grc' dir='ltr'>ἐν</span> <span class='ocrx_word' id='word_1_900' title='bbox 3822 5212 3897 5279; x_wconf 82' lang='grc' dir='ltr'>τῷ</span> 
     </span>
    </p>
   </div>
   <div class='ocr_carea' id='block_1_115' title="bbox 2247 5283 3893 5375">
    <p class='ocr_par' dir='ltr' id='par_1_115' title="bbox 2247 5283 3893 5375">
     <span class='ocr_line' id='line_1_115' title="bbox 2247 5283 3893 5375; baseline 0.006 -34"><span class='ocrx_word' id='word_1_901' title='bbox 2247 5283 2392 5375; x_wconf 74' lang='grc' dir='ltr'>λόγῳ</span> <span class='ocrx_word' id='word_1_902' title='bbox 2416 5289 2494 5363; x_wconf 85' lang='grc' dir='ltr'>τῴ</span> <span class='ocrx_word' id='word_1_903' title='bbox 2521 5288 2833 5367; x_wconf 83' lang='grc' dir='ltr'>καλουμένῳ</span> <span class='ocrx_word' id='word_1_904' title='bbox 2878 5292 3195 5374; x_wconf 85' lang='grc' dir='ltr'><strong>Ἀγκυρωτῷ</strong></span> <span class='ocrx_word' id='word_1_905' title='bbox 3224 5316 3384 5375; x_wconf 80' lang='grc' dir='ltr'>φησιν</span> <span class='ocrx_word' id='word_1_906' title='bbox 3417 5311 3431 5326; x_wconf 90' lang='grc'>⁶</span> <span class='ocrx_word' id='word_1_907' title='bbox 3487 5314 3511 5349; x_wconf 78' lang='grc' dir='ltr'><strong>ιι</strong></span> <span class='ocrx_word' id='word_1_908' title='bbox 3552 5293 3893 5360; x_wconf 81' lang='grc' dir='ltr'>Ἐξαπόστει-</span> 
     </span>
    </p>
   </div>
   <div class='ocr_carea' id='block_1_116' title="bbox 2248 5371 3892 5463">
    <p class='ocr_par' dir='ltr' id='par_1_116' title="bbox 2248 5371 3892 5463">
     <span class='ocr_line' id='line_1_116' title="bbox 2248 5371 3892 5463; baseline 0.008 -34"><span class='ocrx_word' id='word_1_909' title='bbox 2248 5371 2340 5430; x_wconf 90' lang='grc' dir='ltr'>λον</span> <span class='ocrx_word' id='word_1_910' title='bbox 2369 5377 2428 5430; x_wconf 84' lang='grc' dir='ltr'>τὸ</span> <span class='ocrx_word' id='word_1_911' title='bbox 2456 5382 2566 5456; x_wconf 73' lang='grc' dir='ltr'>φῶς</span> <span class='ocrx_word' id='word_1_912' title='bbox 2598 5401 2690 5435; x_wconf 87' lang='grc' dir='ltr'>σου</span> <span class='ocrx_word' id='word_1_913' title='bbox 2730 5382 2819 5437; x_wconf 88' lang='grc' dir='ltr'>καὶ</span> <span class='ocrx_word' id='word_1_914' title='bbox 2847 5371 3221 5453; x_wconf 14' lang='grc' dir='ltr'><strong>τὴνγᾶληθειείν</strong></span> <span class='ocrx_word' id='word_1_915' title='bbox 3239 5371 3367 5455; x_wconf 76' lang='grc' dir='ltr'>σου,</span> <span class='ocrx_word' id='word_1_916' title='bbox 3413 5386 3441 5439; x_wconf 88' lang='lat'><strong>6</strong></span> <span class='ocrx_word' id='word_1_917' title='bbox 3514 5382 3683 5439; x_wconf 79' lang='grc' dir='ltr'><strong>Δαυῖδ</strong></span> <span class='ocrx_word' id='word_1_918' title='bbox 3710 5386 3892 5463; x_wconf 70' lang='grc' dir='ltr'>φήσιν.</span> 
     </span>
    </p>
   </div>
   <div class='ocr_carea' id='block_1_117' title="bbox 2250 5464 3893 5553">
    <p class='ocr_par' dir='ltr' id='par_1_117' title="bbox 2250 5464 3893 5553">
     <span class='ocr_line' id='line_1_117' title="bbox 2250 5464 3893 5553; baseline 0.007 -34"><span class='ocrx_word' id='word_1_919' title='bbox 2250 5464 2413 5553; x_wconf 62' lang='grc' dir='ltr'>ᾼῦτός</span> <span class='ocrx_word' id='word_1_920' title='bbox 2444 5467 2584 5524; x_wconf 62' lang='grc' dir='ltr'>ἔστιν</span> <span class='ocrx_word' id='word_1_921' title='bbox 2616 5471 2644 5524; x_wconf 84' lang='grc' dir='ltr'>ὸ</span> <span class='ocrx_word' id='word_1_922' title='bbox 2689 5470 2898 5551; x_wconf 70' lang='grc' dir='ltr'>Κύριος,</span> <span class='ocrx_word' id='word_1_923' title='bbox 2932 5474 2959 5528; x_wconf 87' lang='grc' dir='ltr'>ὁ</span> <span class='ocrx_word' id='word_1_924' title='bbox 3002 5472 3163 5528; x_wconf 77' lang='grc' dir='ltr'>εἰπών</span> <span class='ocrx_word' id='word_1_925' title='bbox 3192 5491 3205 5504; x_wconf 90' lang='grc'><strong>·</strong></span> <span class='ocrx_word' id='word_1_926' title='bbox 3240 5505 3317 5517; x_wconf 90' lang='lat'><strong><em>—</em></strong></span> <span class='ocrx_word' id='word_1_927' title='bbox 3352 5470 3437 5529; x_wconf 88' lang='grc' dir='ltr'>Ἐν</span> <span class='ocrx_word' id='word_1_928' title='bbox 3465 5485 3587 5534; x_wconf 75' lang='grc' dir='ltr'>ταῖς</span> <span class='ocrx_word' id='word_1_929' title='bbox 3639 5471 3893 5553; x_wconf 78' lang='grc' dir='ltr'>ἐσχάταις</span> 
     </span>
    </p>
   </div>
   <div class='ocr_carea' id='block_1_118' title="bbox 2252 5551 3893 5637">
    <p class='ocr_par' dir='ltr' id='par_1_118' title="bbox 2252 5551 3893 5637">
     <span class='ocr_line' id='line_1_118' title="bbox 2252 5551 3893 5637; baseline 0.004 -28"><span class='ocrx_word' id='word_1_930' title='bbox 2252 5551 2478 5633; x_wconf 70' lang='grc' dir='ltr'>ἡμέραις</span> <span class='ocrx_word' id='word_1_931' title='bbox 2527 5556 2707 5637; x_wconf 78' lang='grc' dir='ltr'>ἐκχεῶ</span> <span class='ocrx_word' id='word_1_932' title='bbox 2764 5558 2868 5616; x_wconf 78' lang='grc' dir='ltr'><strong>ἀπὸ</strong></span> <span class='ocrx_word' id='word_1_933' title='bbox 2924 5561 3017 5617; x_wconf 82' lang='grc' dir='ltr'><strong>τοῦ</strong></span> <span class='ocrx_word' id='word_1_934' title='bbox 3073 5561 3386 5637; x_wconf 84' lang='grc' dir='ltr'>Ιῐνεύμάτος</span> <span class='ocrx_word' id='word_1_935' title='bbox 3442 5583 3544 5636; x_wconf 86' lang='grc' dir='ltr'>μου</span> <span class='ocrx_word' id='word_1_936' title='bbox 3595 5559 3680 5617; x_wconf 75' lang='grc' dir='ltr'><strong>ἐπὶ</strong></span> <span class='ocrx_word' id='word_1_937' title='bbox 3708 5551 3893 5619; x_wconf 79' lang='grc' dir='ltr'>πᾶσαν</span> 
     </span>
    </p>
   </div>
   <div class='ocr_carea' id='block_1_119' title="bbox 2257 5646 3895 5728">
    <p class='ocr_par' dir='ltr' id='par_1_119' title="bbox 2257 5646 3895 5728">
     <span class='ocr_line' id='line_1_119' title="bbox 2257 5646 3895 5728; baseline 0.007 -31"><span class='ocrx_word' id='word_1_938' title='bbox 2257 5663 2423 5721; x_wconf 88' lang='grc' dir='ltr'>σκρκα</span> <span class='ocrx_word' id='word_1_939' title='bbox 2473 5646 2562 5701; x_wconf 84' lang='grc' dir='ltr'>καὶ</span> <span class='ocrx_word' id='word_1_940' title='bbox 2617 5649 3061 5728; x_wconf 75' lang='grc' dir='ltr'>προφητεύσουσιν</span> <span class='ocrx_word' id='word_1_941' title='bbox 3098 5654 3145 5707; x_wconf 82' lang='grc' dir='ltr'>οἱ</span> <span class='ocrx_word' id='word_1_942' title='bbox 3187 5651 3285 5708; x_wconf 80' lang='grc' dir='ltr'>υἱοὶ</span> <span class='ocrx_word' id='word_1_943' title='bbox 3327 5650 3498 5708; x_wconf 79' lang='grc' dir='ltr'>αὐτῶν</span> <span class='ocrx_word' id='word_1_944' title='bbox 3568 5652 3656 5708; x_wconf 83' lang='grc' dir='ltr'><strong>καὶ</strong></span> <span class='ocrx_word' id='word_1_945' title='bbox 3704 5654 3756 5708; x_wconf 76' lang='grc' dir='ltr'>αἱ</span> <span class='ocrx_word' id='word_1_946' title='bbox 3814 5654 3895 5709; x_wconf 80' lang='grc' dir='ltr'>θυ-</span> 
     </span>
    </p>
   </div>
  </div>
