4144 6290
491 359 555 425 91
1554 365 1824 435 JOANN,
1858 357 2073 433 VECCI
2106 355 2216 417 GP.
2252 354 2765 419 PATRIARCHE

3804 351 3923 419 92

492 493 941 573 provenientem
955 512 1018 555 ex
1030 495 1179 558 Filio
1192 499 1536 561 naturaliter
1559 507 1617 561 et
1642 500 2047 563 essentialiter
2061 513 2131 557 ex

2227 487 2318 554 Ξὼς
2377 492 2639 570 ὑπαρχειν
2694 493 2849 549 αὑτὸν
2895 492 2956 548 ἐκ
3014 496 3241 573 Πατρὸς,
3312 494 3574 575 πρόδηλον
3641 492 3722 550 ὅτι
3784 490 3918 548 καὶ

494 602 564 643 eo
596 600 747 646 esse.
768 581 973 665 Neque
1003 586 1161 647 enim
1189 592 1317 647 sine
1351 589 1643 668 hypostasi
1667 608 1738 650 ex
1767 590 1915 651 Filio
1942 589 2136 671 Spiri-

2227 580 2280 635 τὸ
2338 585 2545 647 Πνεῦμα
2604 578 2903 661 ἒκλάμπον,
2962 583 3051 638 καὶ
3092 584 3481 663 προχεόμενον,
3526 586 3612 640 καὶ
3664 602 3912 671 προεξῖ

494 679 586 731 tus
617 671 1100 750 eil‘usio,emissio
1127 683 1185 737 et
1207 677 1436 737 eil'ulsio
1462 677 2137 759 intelligetur,quem.td-

495 758 732 820 modum
770 779 959 842 neque
987 762 1120 823 Filii
1153 783 1222 825 ex
1259 765 1523 826 l‘atre.Et
1555 774 1774 827 attento
1807 758 2007 829 animo
2040 788 2139 829 es—

495 856 573 908 to.
611 847 859 910 Sanctus
889 850 1135 929 Cyrillus
1166 852 1225 912 in
1259 873 1373 913 uno
1406 872 1475 917 ex
1528 855 1840 932 capitibus,
1876 876 2007 936 qua:
2039 858 2140 919 ille

496 938 570 997 de
600 938 925 999 aeternitate
962 938 1093 999 Filii
1124 942 1525 1019 concinnavit,
1553 953 1610 1005 et
1643 944 1849 1025 incipit
1880 966 1892 1004 :
1935 972 1959 1000 «
1986 946 2140 1008 Fons

452 1036 453 1039 ‘
496 1025 798 1105 sapientiae
828 1034 886 1088 et
915 1027 1043 1089 vita:
1073 1038 1311 1091 vocatur
1332 1031 1575 1107 Deus,et
1609 1042 1717 1111 est,
1763 1060 1782 1089 ο
1810 1034 1887 1094 ait
1915 1055 1928 1094 :
1970 1035 2141 1098 «Erat

499 1114 674 1191 igitur
702 1113 964 1178 Genitori
1012 1127 1340 1181 coazternus
1380 1120 1585 1195 Filius,
1617 1121 1797 1183 veluti
1820 1144 1850 1181 ξι
1885 1124 2136 1204 quodam

496 1204 655 1263 fonte
688 1213 928 1283 paterna
959 1207 1219 1269 essentia
1236 1210 1738 1271 emanacs.»Vide
1775 1211 1891 1288 hic,
1917 1212 2140 1275 velutia

493 1292 751 1371 quodam
769 1292 930 1355 fonte
964 1303 1207 1374 paterna
1228 1298 1491 1358 essentia
1508 1298 1715 1360 Filium
1738 1309 2136 1381 emanantem,

493 1391 553 1442 et
582 1382 891 1443 sententiae
921 1384 1182 1444 animum
1209 1386 1472 1457 adverte;
1509 1406 1787 1449 emanare
1820 1387 2033 1450 Filium
2071 1409 2139 1451 ex

498 1478 741 1549 paterna
791 1472 1069 1545 essentia,
1134 1476 1529 1537 essentialiter
1580 1485 1635 1538 et
1676 1497 1805 1539 cum
1844 1479 2141 1559 hypostasi

496 1578 630 1620 eum
663 1559 803 1621 inde
824 1579 955 1623 esse
986 1572 1174 1638 notat,
1211 1565 1366 1643 quod
1401 1565 1703 1645 aptissime
1732 1569 2141 1628 accommoda-

497 1647 675 1724 bitur,
730 1669 861 1710 cum
913 1659 972 1711 et
1022 1651 1279 1733 Spiritus
1311 1672 1379 1715 ex
1410 1656 1669 1716 essentia
1701 1655 1830 1717 Filii
1865 1675 2141 1719 emanare

2221 668 2453 747 χόμενον
2520 670 2583 725 ὲκ
2635 671 2729 725 106
2784 670 2927 749 T106,
3013 692 3243 751 φυσικως
3313 674 3400 729 καὶ
3459 670 3721 737 οὑσιωδῶς
3830 666 3907 733 ἐξ

2223 760 2377 815 αὕτιῦ
2443 755 2607 818 ἐστιν,
2672 762 2744 816 O6
2786 758 2885 837 γὰρ
2938 759 3297 826 ἀνυποστάτος
3354 763 3388 830 ἡ
3469 759 3521 826 ἒξ
3579 764 3700 819 T106
3773 764 3909 815 τοῦ

2225 846 2525 919 Πνεύματος
2593 846 2873 927 πρόχυσις,
2959 848 3047 904 καὶ
3132 850 3364 927 πρόεσις,
3453 850 3540 905 καὶ
3596 847 3901 924 ἕκλαμψις

2223 934 2559 1012 νοηθήσεται,
2617 933 2795 1012 ὥσπερ
2866 933 2981 992 οὑδὲ
3042 937 3072 1004 ἡ
3146 936 3206 993 ἐκ
3290 938 3492 1016 Πατρὸς
3548 943 3639 993 τοῦ
3716 938 3897 995 Υὶου.

2222 1021 2418 1077 Σκόπει
2463 1022 2552 1078 οὖν
2586 1038 2599 1051 ⁸
2662 1022 2845 1079 αὐτίκα
2904 1026 2931 1079 6
2984 1022 3133 1102 ἅγιος
3180 1024 3432 1103 Κύριλλος
3492 1026 3547 1081 ἐν
3599 1025 3672 1081 ἑνὶ
3754 1028 3902 1079 τῶν

2221 1109 2519 1191 κεφαλαίων
2551 1118 2656 1167 τῶν
2710 1113 2826 1191 περὶ
2885 1117 2982 1181 τῆς
3041 1111 3345 1182 αἴδιότητος
3415 1122 3507 1172 τοῦ
3538 1116 3679 1190 T106,
3725 1115 3790 1172 οὗ
3852 1115 3902 1181 ἡ

2222 1198 2391 1279 ὁιρχὴ²
2459 1222 2485 1254 α
2524 1200 2680 1278 Πηγὴ
2726 1201 2906 1279 σοφίας
2964 1203 3051 1258 καὶ
3093 1208 3236 1273 ζωῆς
3293 1201 3543 1260 καλεῖται
3583 1206 3671 1261 καὶ
3726 1204 3906 1260 ἔστιν

2222 1291 2249 1344 6
2281 1290 2431 1360 Θεὸς,
2471 1312 2498 1342 ι»
2533 1291 2693 1369 φησίν
2724 1306 2738 1321 ’
2780 1312 2803 1347 ο
2889 1296 2964 1347 Ην
2994 1289 3092 1370 ἄρα
3123 1298 3196 1366 τῷ
3240 1294 3549 1370 γεννήσαντι
3599 1293 3903 1357 συναῖδιος

2223 1379 2250 1433 6
2280 1379 2421 1452 Υἱὸς,
2481 1377 2660 1457 ὥσπερ
2714 1379 2819 1462 ἀπό
2887 1401 3029 1443 τινος
3086 1383 3270 1460 πηγῆς
3314 1386 3409 1449 τῆς
3440 1384 3686 1462 πατρῴας
3730 1384 3899 1439 ἀνα-

2222 1463 2421 1538 ὄλύζων
2451 1456 2648 1532 οὖσίαςζ
2690 1489 2713 1525 ο
2767 1456 2911 1546 ”Ορα
2960 1456 3192 1526 ἐνταῦθα*
3227 1472 3299 1535 ὡς
3340 1470 3445 1527 ἀπό
3500 1456 3640 1535 τινος
3681 1477 3900 1549 πηγῆς

2222 1561 2319 1623 τῆς
2403 1557 2650 1633 πατρῴας
2719 1557 2894 1620 οὐσίας
2975 1555 3326 1630 ἆναϐλύζοντα
3379 1562 3472 1616 τὸν
3553 1561 3671 1617 Υίόν
3704 1580 3717 1594 ⁸
3782 1563 3899 1617 καὶ

2224 1645 2407 1725 ἐφίστα
2465 1653 2542 1720 τῷ
2624 1645 2771 1724 λόγῳ
2841 1644 2921 1703 ὅτι
2980 1648 3041 1702 τὸ
3111 1646 3416 1719 ἆναὸλύζειν
3472 1650 3561 1706 τὸν
3634 1650 3750 1706 Υἱόν
3813 1649 3899 1706 ἐκ

493 1737 748 1799 dicetur.
784 1738 1001 1801 Iterum
1030 1742 1184 1804 idem
1217 1762 1463 1832 magnus
1496 1744 1744 1824 (Iyrillus
1777 1745 1836 1806 in
1875 1746 1987 1808 alio
2036 1766 2136 1808 ra-

2227 1735 2317 1802 τῆς
2388 1736 2634 1813 πατρῴας
2705 1735 2882 1799 οὐσίας
2941 1737 3001 1791 τὸ
3060 1737 3324 1800 οὑσιωδῶς
3394 1739 3482 1795 καὶ
3573 1737 3894 1796 ἐνυποστᾶ-

497 1825 617 1904 pite
649 1828 820 1906 primi
852 1830 1293 1893 Thesaurornm
1329 1828 1483 1907 libri,
1512 1848 1567 1894 et
1604 1852 1810 1895 rursus
1837 1835 1892 1895 in
1918 1836 2053 1908 alio,
2084 1843 2144 1898 et

502 1916 716 1995 saapius
746 1917 805 1976 in
857 1918 971 1978 alio
1003 1919 1210 1983 scribit
1243 1942 1255 1978 :
1299 1947 1324 1976 α
1358 1921 1446 1994 Qu
1472 1923 1523 1982 id
1564 1941 1631 1983 ex
1669 1923 1854 1985 Patris
1886 1925 2143 1985 essentia

502 2008 769 2083 provenit
829 2008 1107 2071 Verbum.
1151 2037 1175 2067 ιι
1230 2010 1379 2084 Quid
1439 2013 1595 2075 aliud
1646 2015 1844 2089 fuerit,
1882 2017 2038 2095 quod
2072 2035 2141 2077 ex

500 2095 689 2157 Patris
713 2098 967 2159 essentia
1001 2102 1266 2179 provenit
1297 2102 1580 2175 Verbum,
1615 2123 1791 2184 quam
1844 2125 1913 2167 ex
1952 2105 2142 2166 Putris

501 2186 757 2246 essentia
788 2188 1186 2251 essentialiter
1210 2190 1471 2252 Verbum
1503 2192 1868 2254 subsistens?
1902 2194 1960 2254 [d
1994 2194 2042 2255 si
2066 2195 2143 2255 ita

499 2281 606 2341 est,
653 2277 893 2337 omnino
953 2278 1351 2339 essentialiter
1399 2280 1771 2359 conripietur
1800 2290 1856 2343 et
1887 2282 2142 2361 Spiritus

502 2363 991 2439 proveniens,aut
1019 2367 1406 2444 progrediens
1438 2389 1504 2429 ex
1536 2370 1709 2431 Filio.
1746 2370 1905 2431 Idem
1940 2370 1999 2431 in
2023 2370 2139 2433 alio

497 2452 844 2513 eorumdem
868 2453 1148 2533 capitum,
1200 2455 1337 2516 item
1387 2457 1445 2518 in
1476 2459 1615 2529 alio,
1650 2466 1706 2519 et
1732 2478 2140 2537 smpenumero

500 2539 559 2600 in
592 2540 705 2601 alio
743 2560 755 2603 :
792 2566 813 2597 (ι
847 2544 1017 2603 Pater
1048 2544 1395 2608 eluminavit
1423 2566 1498 2607 ex
1538 2566 1603 2608 se
1637 2548 1764 2628 ipso
1798 2546 2009 2607 Filium
2044 2549 2140 2609 in-

500 2628 685 2691 divise
708 2644 761 2690 et
780 2631 1757 2718 inseparabiliter-nProptereaque
1783 2638 2148 2714 nosSpit‘itus

505 2718 990 2781 eluminationem
1023 2741 1091 2782 ex
1127 2723 1274 2783 Filio
1325 2725 1703 2786 essentialem
1763 2726 2147 2804 intelligimus

503 2818 558 2868 et
584 2826 717 2868 cum
772 2808 1088 2889 hypostasi,
1123 2813 1621 2892 quemadmodum
1650 2823 1739 2877 est
1781 2824 1837 2875 et
1868 2836 1935 2876 ex
1979 2815 2146 2875 Patre

502 2896 630 2957 Ft'ii
664 2898 1032 2980 eluminatio,
1090 2919 1219 2980 qua;
1262 2901 1512 2963 indivisa
1556 2914 1612 2965 et
1647 2903 2059 2983 inseparabilis
2090 2912 2148 2964 et

502 2995 611 3059 est,
649 2996 705 3048 et
734 2987 969 3052 dicitur.

502 3085 656 3134 τοῦτο
698 3079 860 3150 ἡμεῖς
887 3080 986 3146 τὴν
1015 3090 1105 3139 τ’θῦ
1135 3083 1435 3158 Πνεύματος
1458 3082 1722 3158 ἔκλαμψιν

2224 1846 2328 1889 τως
2400 1824 2555 1880 αὑτὸν
2625 1824 2827 1881 ἕκετθει
2911 1825 3052 1880 εἶναι
3126 1822 3305 1896 δῆλοῐ,
3399 1824 3527 1906 ὅπερ
3608 1825 3893 1907 ἁρμοδίως

2223 1915 2537 1984 νοηθῆσεται
2590 1916 2676 1970 καὶ
2736 1912 2860 1970 ὅταν
2904 1912 3206 1985 ἆναϐλύζειν
3288 1917 3349 1971 τὸ
3394 1919 3602 1990 Πνεῦμα
3658 1917 3718 1973 ἐκ
3770 1922 3895 1984 τῆς

2225 2002 2401 2066 οὑσίας
2458 2001 2669 2081 λέγεται
2751 2008 2842 2058 106
2902 2006 3041 2062 T106.
3148 2001 3311 2059 Πάλιν
3380 2006 3409 2060 6
3486 2006 3638 2068 αὑτὸς
3701 2004 3894 2081 μέγας

2228 2091 2478 2170 Κύριλλος
2550 2094 2605 2148 ἐν
2662 2091 2809 2166 ἄλλῳ
2849 2090 3118 2171 κεφαλαίῳ
3158 2098 3250 2149 τοῦ
3317 2092 3528 2171 πρώτου
3582 2099 3686 2149 τῶν
3752 2103 3888 2160 Θη-

2227 2186 2453 2260 σαυρῶν,
2487 2183 2575 2238 καὶ
2610 2179 2776 2261 πάλιν
2821 2181 2877 2237 ἐι
2920 2178 3089 2254 ἄλλῳ,
3133 2182 3219 2237 καὶ
3278 2179 3562 2261 πολλαχοῦ
3617 2181 3670 2238 ἐν
3724 2181 3892 2256 ἄλλῳ

2224 2269 2381 2347 φησίν
2415 2283 2428 2297 ⁸
2514 2292 2541 2323 α
2604 2260 2660 2327 Ὀ
2705 2270 2767 2325 ἐκ
2807 2275 2906 2337 τῆς
2977 2278 3067 2328 τοῦ
3113 2270 3312 2347 Πατρὸς
3369 2260 3545 2333 οὐσίας
3606 2270 3892 2350 προελθὼν

2225 2366 2416 2443 Λόγος,
2461 2390 2480 2421 ι
2517 2367 2578 2425 Τί
2605 2367 2745 2423 ἐστιν
2776 2365 2908 2424 ἄλλο
2937 2368 2996 2425 τὸ
3056 2366 3116 2423 ἐκ
3167 2368 3265 2435 τῆς
3295 2377 3387 2427 1:06
3443 2370 3647 2446 [ἰατρὸς
3695 2370 3887 2433 οὐσίας

2224 2453 2488 2531 προελθὼν
2533 2455 2701 2533 Λόγος
2732 2454 2767 2523 ἢ
2804 2456 2899 2513 ’ὃτι
2948 2458 2975 2512 6
3019 2455 3080 2511 ἐκ
3134 2460 3234 2521 τῆς
3278 2463 3368 2512 τοῦ
3427 2457 3642 2535 ΙΙατρὸς
3698 2459 3887 2522 οὐσίας

2224 2542 2487 2607 οὖσιωδῶς
2531 2545 2765 2622 ὑφεστὼς
2823 2547 3042 2623 Αόγοςς
3091 2544 3150 2600 Εἰ
3206 2541 3259 2599 δὲ
3302 2552 3479 2618 τοῦτο,
3540 2546 3750 2609 πάντως
3786 2548 3888 2603 οὑ-

2232 2630 2433 2696 σιωδὼς
2490 2634 2802 2702 νοηθήσεται
2872 2634 2959 2691 καὶ
3023 2634 3084 2688 τὸ
3157 2634 3380 2708 Πνεῦμα
3448 2634 3881 2714 προερχόμενον,

2229 2722 2263 2789 ἢ
2308 2724 2395 2777 καὶ
2428 2722 2613 2801 προϊὸν
2659 2720 2710 2787 ἐξ
2741 2724 2880 2780 T106.
2918 2713 2975 2779 Ὀ
3024 2723 3178 2785 αὑτὸς
3240 2722 3294 2777 ἐν
3341 2720 3487 2795 ἄλλῳ
3542 2713 3650 2779 τῶν
3704 2728 3884 2782 αὐτῶν

2228 2809 2549 2888 κεφαλαίων,
2623 2812 2709 2866 καὶ
2764 2809 2923 2888 παλιν
2979 2809 3033 2865 ἐν
3118 2809 3287 2883 ἄλλῳ,
3371 2812 3459 2867 καὶ
3501 2810 3759 2876 πολλάκις
3823 2813 3885 2869 ἐν

2230 2884 2375 2974 alio
2456 2907 2612 2979 φησιν
2650 2922 2663 2935 ·
2734 2918 2763 2957 ι
2818 2884 2879 2957 "0
2953 2900 3147 2976 Πατὴρ
3215 2899 3507 2976 ἐξέλαμψεν
3565 2898 3617 2967 ἐξ
3687 2902 3883 2958 ἑαυτοῦ

2229 2990 2316 3045 τὸν
2388 2990 2505 3044 Υἱὸν
2558 2988 2849 3067 ἀμερίστως
2936 2990 3020 3044 καὶ
3102 2986 3446 3053 ἀδιαστάτως.
3519 3014 3540 3045 ι
3636 2993 3732 3048 Καὶ
3789 2989 3881 3048 διὰ

1753 3084 1801 3150 ἐξ
1838 3085 1954 3142 Tia-3
1984 3079 2209 3146 οὑσιώδη
2240 3084 2462 3152 νοοῦμεν
2519 3079 2606 3133 καὶ
2664 3077 3035 3152 ἐνυπόστατον,
3094 3077 3274 3157 ὥσπερ
3317 3080 3403 3135 καὶ
3458 3080 3491 3147 ἡ
3552 3079 3612 3136 ἐκ
3668 3081 3878 3159 Πατρός

500 3166 640 3222 ἐστιν
688 3165 949 3243 ἔκλλμψις
993 3181 1085 3229 τοῦ
1117 3173 1254 3239 T106,
1295 3170 1571 3250 ἀμέριστος
1603 3176 1688 3230 καὶ
1715 3172 2026 3235 eadm-.9,-
2070 3194 2156 3228 και
2190 3168 2317 3226 οὖσα
2349 3168 2438 3250 καὶ
2480 3165 2767 3245 λεγομένη,

582 3253 680 3317 33.
711 3257 977 3319 Praesens
1023 3260 1198 3320 etiam
1253 3246 1675 3340 speculationis
1703 3282 1834 3342 pars
1865 3282 1931 3323 ex
1978 3262 2142 3323 Patre

2304 3246 2415 3334 λγ’.
2454 3258 2550 3315 Καὶ
2590 3258 2651 3312 τὸ
2683 3258 2848 3336 παρὸν
2892 3255 2947 3312 δὲ
2975 3261 3070 3322 τῆς
3122 3258 3339 3335 θεωρίας
3390 3264 3481 3314 τοῦ
3524 3255 3683 3337 λόγου
3715 3256 3880 3336 μέρος

503 3351 557 3403 et
589 3344 736 3405 Filio
764 3344 823 3405 in
856 3355 1057 3408 sancto
1082 3347 1302 3430 Spiritu
1334 3350 1687 3412 absolvatur.
1723 3351 1831 3423 Qui
1862 3351 2142 3412 adminis-

500 3440 654 3491 trant
685 3451 891 3495 omnes
915 3435 1177 3515 spiritus,
1204 3447 1340 3499 sunt
1368 3440 1583 3517 angeli,
1606 3440 2145 3521 archangeli,prin-

498 3519 750 3597 cipatus,
786 3531 840 3583 et
873 3533 1212 3602 potestates,
1271 3528 1488 3596 throni,
1555 3536 1613 3589 et
1661 3519 2140 3593 dominationes:

500 3617 587 3669 est
610 3627 746 3671 vero
780 3620 835 3672 ct
866 3612 992 3691 ipse
1020 3612 1272 3693 Spiritus
1303 3625 1560 3691 sanctus,
1616 3628 1676 3676 ut
1735 3618 1992 3695 theologi
2031 3621 2143 3679 Pa-

504 3707 621 3758 tres
655 3699 1343 3781 nostridecreverunt,ex
1366 3708 1536 3767 Patre
1564 3715 1622 3767 et
1651 3706 1929 3781 Filio;sett
1952 3706 2145 3768 admi-

503 3786 824 3849 nistratorii
857 3808 1065 3851 omnes
1093 3791 1338 3871 Spiritus
1367 3801 1503 3854 sunt
1532 3813 1599 3855 ex
1635 3797 1804 3855 Patre
1829 3804 1884 3855 et
1910 3815 1976 3856 ex
2004 3796 2147 3857 Filio

498 3885 770 3956 tanquam
806 3878 1113 3952 factore,et
1138 3881 1349 3960 opiﬁre
1371 3892 1653 3945 creaturae
1683 3884 2143 3965 c-topiﬁviagspi-

498 3965 644 4025 ritus
674 3975 868 4027 autem
893 3977 1127 4030 sanctus
1150 3981 1240 4034 est
1260 3991 1327 4032 ex
1352 3975 1589 4033 Patreet
1613 3973 2149 4046 Filio,velntiTria-

499 4054 589 4114 dis
605 4074 749 4114 unus
762 4066 841 4135 ,et
857 4056 1798 4139 Triadiscomplemcntum.Quod
1836 4063 2035 4143 itaque
2050 4063 2149 4123 ad-

501 4144 909 4206 ministratorii
940 4147 1184 4225 spiritus
1207 4168 1271 4209 ex
1303 4149 1469 4210 Patre
1493 4159 1782 4211 suntelex
1798 4150 1943 4212 Filio
1970 4149 2145 4212 veluti

501 4242 789 4296 creatura:
815 4245 871 4296 et
893 4237 1491 4317 opiiicia,etSpiritus
1524 4249 1761 4299 sanctus
1777 4259 1844 4301 ex
1881 4244 2044 4301 Patre
2060 4248 2148 4302 est

499 4332 552 4384 et
586 4344 650 4385 ex
688 4325 853 4397 Filio,
889 4327 1065 4387 veluti
1098 4347 1248 4388 unus
1278 4327 1861 4403 Tii:idi~',etTriadis
1885 4331 2144 4410 comple-

2228 3344 2451 3424 γινέσθω
2480 3348 2540 3402 ἒκ
2567 3353 2658 3403 τοῦ
2696 3347 2910 3424 ΙΙατρὸς
2954 3347 3041 3401 καὶ
3089 3345 3150 3401 ἐκ
3204 3348 3295 3402 106
3351 3349 3470 3403 T106
3526 3345 3580 3401 ἐν
3636 3349 3714 3421 τῷ
3744 3347 3883 3422 ἁγίῳ

2230 3434 2528 3508 ΙΙνεύματι.
2578 3437 2654 3493 Τὰ
2694 3434 3025 3514 λειτουργικὰ
3110 3434 3280 3491 πάντα
3362 3436 3656 3515 ὑπάρχουσι
3721 3436 3884 3491 πνεύ-

2228 3544 2393 3602 ματα,
2449 3520 2688 3603 ἄγγελοι,
2744 3523 3098 3604 ἁρχάγγελοι,
3152 3524 3315 3604 ἀρχαί
3370 3545 3427 3580 τε
3482 3526 3570 3581 καὶ
3627 3523 3877 3599 ἐξουσίαι,

2228 3612 2400 3690 θρόνοι
2472 3614 2560 3667 καί
2616 3613 2921 3689 κυριότητες
2957 3629 2969 3642 “
3029 3614 3258 3693 ὑπάρχει
3348 3611 3403 3668 δὲ
3472 3614 3559 3669 καὶ
3631 3613 3757 3669 αὑτὸ
3817 3614 3881 3670 τὸ

2230 3707 2454 3780 Πνεῦμα
2515 3703 2575 3758 τὸ
2646 3700 2795 3779 ἅγιον
2852 3704 2986 3758 κατὰ
3031 3704 3152 3765 τοὺς
3222 3700 3360 3757 οὕτω
3445 3700 3757 3780 θεολογήσα·
3775 3723 3876 3764 τας

2231 3794 2477 3872 Πατέρας
2535 3792 2688 3866 ἡμῶν
2734 3790 2794 3847 ἐκ
2843 3798 2935 3848 106
2992 3792 3207 3869 ΙΙατρὸς
3247 3792 3335 3847 καὶ
3375 3800 3465 3849 106
3521 3792 3661 3851 T106.
3709 3788 3882 3846 Ἀλλὰ

2229 3884 2295 3939 τὰ
2338 3884 2436 3957 μὲν
2497 3880 2826 3959 λειτουργικὰ
2868 3880 3039 3940 πάντα
3082 3880 3354 3954 πνεύματα
3411 3879 3471 3936 ἐκ
3523 3879 3614 3935 106
3657 3880 3878 3958 ΙΙατρὸς

2228 3968 2457 4053 ὑπάρχει
2487 3972 2574 4027 καὶ
2631 3970 2694 4025 ἐκ
2733 3979 2825 4028 τοῦ
2881 3971 3021 4042 T106,
3067 3969 3140 4032 ὡς
3197 3974 3423 4036 ποιητοῦ
3477 3970 3564 4025 καὶ
3619 3966 3873 4046 δημιουρ-

2232 4068 2327 4136 γοῦ
2384 4061 2658 4134 ποιήματα
2735 4059 2824 4115 καὶ
2893 4055 3334 4136 δημιουργήματα
3383 4076 3397 4092 ⁸
3471 4058 3532 4113 16
3589 4054 3645 4113 δὲ
3723 4056 3878 4134 ἅγιον

2229 4150 2455 4224 Πνεῦμα
2499 4148 2559 4204 ἐκ
2625 4157 2716 4206 τοῦ
2759 4147 2973 4226 ΙΙατρὸς
3026 4146 3255 4225 ὑπάρχει
3302 4148 3388 4202 καὶ
3443 4151 3537 4203 τοῦ
3597 4147 3739 4224 Υἶοῦ,
3799 4148 3877 4208 ὠς

2230 4238 2282 4293 ἔν
2353 4243 2451 4305 τῆς
2512 4234 2728 4315 Τριάδος
2808 4236 2895 4292 καὶ
2957 4233 3400 4313 συμπληρωτικὸν
3467 4234 3563 4301 τῆς
3634 4232 3871 4313 Τριάόος.

2235 4316 2362 4383 ’Ὁτι
2420 4333 2545 4404 γοῦν
2595 4327 2661 4381 τὰ
2729 4324 2826 4400 μὲν
2900 4323 3232 4401 λειτουργικὰ
3314 4345 3585 4398 πνευματα
3666 4325 3728 4379 ὲκ
3784 4333 3880 4382 τοῦ
3929 4375 3948 4393 ,

500 4423 785 4487 mentum,
843 4434 1085 4495 prorsus
1129 4420 1510 4497 quaerendum
1557 4430 1706 4491 (rat,
1757 4429 2143 4500 accurateque

2228 4415 2696 4493 ΙΙατρὸςὺπαρχει
2751 4415 2838 4469 καὶ
2898 4422 2988 4472 τοῦ
3046 4412 3167 4468 Υἱοῦ
3222 4414 3295 4477 ὡς
3337 4414 3612 4487 ποιήματα
3654 4413 3740 4467 καὶ
3770 4410 3875 4478 δη-

499 4503 1045 4585 dijudicandnm,ab
1081 4509 1286 4568 harum
1319 4527 1514 4570 rerum
1542 4508 1928 4571 exactissimis
1949 4516 2147 4589 cogni-

500 4593 726 4654 toribus
752 4594 1044 4670 l’atribus,
1081 4604 1137 4657 et
1169 4598 1483 4677 theologis,
1517 4598 1868 4679 quibusnam
1903 4600 2148 4663 vocibus

501 4682 785 4744 similium
819 4684 1291 4746 exsistentiarum
1325 4686 1634 4749 diversitas
1676 4688 2143 4768 dignosceretur,

506 4772 721 4851 quibus
753 4774 911 4834 nulla
941 4775 1153 4835 melior
1180 4776 1240 4835 in
1274 4777 1514 4837 vocibus
1557 4778 1834 4839 omnibus
1892 4779 2147 4860 relinqui

508 4860 817 4936 debuerat,
875 4863 1243 4925 discriminis
1314 4865 1765 4944 signiticantior.
1826 4866 1898 4929 Ut
1976 4869 2151 4948 igitur

503 4950 671 5021 mihi,
707 4959 765 5013 et
798 4954 1025 5014 veritati
1060 4954 1313 5033 videtur,
1345 4955 1503 5017 nulla
1532 4956 1646 5017 alia
1677 4956 1933 5017 dictione
1956 4958 2148 5036 aptius

500 5038 841 5118 exprimere
873 5052 1189 5121 potuerunt
1211 5044 1606 5106 differentiam
1632 5065 1698 5105 ex
1720 5047 1891 5108 Patre
1915 5055 1968 5106 et
1994 5046 2145 5109 Filio

504 5129 858 5190 cxsistentim
876 5130 1215 5211 Spiritus,et
1245 5151 1310 5193 ex
1336 5135 1505 5195 Patre
1529 5142 1585 5196 et
1614 5134 1761 5195 Filio
1793 5134 2151 5198 exsistentiae

499 5217 1135 5280 administratoriorum
1209 5221 1566 5301 spirituum,
1645 5222 1758 5283 nisi
1816 5224 1925 5285 hac
1995 5224 2142 5300 sola,

507 5306 685 5368 veluti
769 5308 1012 5388 reliquis
1095 5310 1224 5370 aliis
1310 5311 1497 5391 magis
1542 5312 1800 5392 propria,
1849 5332 1979 5392 qua:
2027 5313 2149 5375 tin-

501 5395 677 5467 nirel,
728 5404 783 5457 et
828 5416 894 5457 ex
942 5398 1200 5458 essentia
1249 5401 1439 5460 Patris
1495 5409 1553 5462 et
1601 5400 1709 5462 Fili
1764 5419 1896 5462 esse
1952 5402 2149 5482 Spiri-

504 5496 626 5545 tum
658 5493 948 5546 sanctum.
987 5484 1219 5547 Etenim
1242 5486 1288 5547 si
1323 5507 1389 5549 ex
1427 5490 1686 5551 essentia
1719 5489 1907 5553 Patris
1937 5500 1994 5551 et
2018 5490 2149 5554 Filii

497 5574 781 5655 Spiritum
816 5593 947 5637 esse
998 5577 1201 5637 Patres
1235 5595 1349 5638 non
1381 5578 1807 5648 decrevissent.
1849 5581 2148 5660 quomodo

495 5663 693 5747 aptius
734 5663 891 5726 illius
933 5662 1335 5726 differentiam
1392 5674 1450 5728 et
1506 5665 2147 5734 administratoriorum

2230 4504 2623 4582 μιουργῆματα,
2699 4502 2759 4558 τό
2814 4500 2868 4556 δὲ
2937 4500 3087 4578 ἅγιον
3133 4500 3351 4576 ΙΙνεὺμα
3393 4500 3453 4557 ἐκ
3505 4510 3597 4559 1:06
3658 4501 3877 4579 ΙΙατρὸς

2228 4594 2453 4672 ὑπάρχει
2516 4593 2602 4649 καὶ
2657 4591 2750 4648 106
2820 4593 2961 4663 T106,
3035 4592 3108 4653 ὼς
3181 4588 3235 4645 ἔν
3317 4589 3413 4656 τῆς
3486 4587 3727 4668 Τριάδος,
3790 4593 3877 4646 ταὶ

2232 4680 2673 4760 συμπληρωτικὸν
2743 4685 2841 4747 τῆς
2911 4678 3147 4751 Τριάδος,
3223 4682 3316 4737 οὒκ
3371 4676 3472 4734 ἔδει
3530 4679 3737 4741 πάντως
3797 4679 3875 4752 μὰ

2231 4773 2458 4842 ζητῆσαι
2521 4770 2608 4826 καὶ
2693 4768 3075 4848 ἂκριϐώσασθαι
3173 4769 3293 4832 τοὺς
3367 4765 3725 4832 ἐξεταστικοὺς
3767 4774 3877 4823 τῶν

2232 4860 2490 4938 ΙΙατέρων
2548 4860 2637 4915 καὶ
2689 4856 2953 4936 θεολόγων
2994 4855 3089 4913 διὰ
3143 4856 3391 4923 τοιαύτης
3449 4854 3637 4921 λέξεως
3694 4877 3875 4934 παρα-

2231 4947 2451 5015 ἴστῆσαι
2503 4949 2564 5003 τὸ
2620 4955 2725 5004 τῶν
2804 4948 3055 5021 τοιούτων
3112 4945 3378 5025 ὑπάρξεων
3457 4943 3721 5025 διαφορὸν,
3807 4945 3874 5011 ἧς

2229 5036 2440 5112 οὒδεμία
2494 5059 2575 5101 τις
2665 5036 2814 5114 ἑτέρα
2882 5034 3017 5100 Λέξις
3089 5034 3143 5090 ἐν
3212 5035 3407 5097 πάσαις
3464 5032 3662 5098 λέξεσιν
3730 5033 3874 5089 ἀπο-

2231 5126 2508 5207 λειφθῆναι
2591 5123 2779 5201 ἕμελλε
2866 5130 2965 5192 τῆς
3062 5121 3309 5203 διαφορᾶς
3414 5120 3872 5201 ἐμφαντικωτέρα.

2235 5204 2341 5279 ’32;-
2376 5215 2502 5293 γοῦν
2560 5214 2677 5291 ἐμοὶ
2724 5217 2811 5271 καὶ
2881 5220 2949 5291 τῇ
3019 5211 3237 5284 ἀληθείᾳ
3315 5208 3479 5283 δοκεῖ,
3534 5212 3590 5267 ἐν
3660 5209 3878 5285 οὐδεμιᾷ

2230 5327 2336 5361 τινι
2418 5302 2556 5381 ἄλλῃ
2642 5302 2777 5369 λέξει
2841 5302 3188 5383 διατρανῶσαι
3266 5299 3630 5379 καθαρώτερον
3708 5298 3876 5378 ἔσχον

2229 5396 2292 5450 16
2347 5390 2615 5474 6tziqopov,
2660 5396 2721 5449 16
2778 5393 2838 5450 ἐκ
2893 5391 3121 5474 ΙΙατρὸς·
3164 5388 3252 5444 καὶ
3300 5389 3419 5443 T106
3496 5388 3755 5468 ὑπάρχειν
3809 5388 3876 5442 τὰ

2230 5465 2564 5561 λειτουργικὰ
2600 5465 2928 5558 ’πνεύματσθ
2997 5465 3121 5535 ἀλλ’
3170 5474 3251 5559 εὲν
3310 5475 3449 5553 μόνῃ
3533 5477 3723 5553 ταύτῃ,
3797 5478 3873 5542 ὡς

2228 5578 2414 5629 πασῶν
2484 5574 2591 5629 τῶν
2657 5568 2833 5629 ἄλλων
2888 5565 3196 5649 κυριωτέρᾳ,
3254 5570 3322 5641 τῇ
3377 5563 3604 5644 λεγούοῃ
3661 5564 3723 5622 ἐκ
3774 5570 3876 5633 τῆς

2230 5661 2405 5728 οὐσίας
2446 5659 2538 5719 τοῖ’)
2579 5662 2795 5742 Πατρὸς
2837 5660 2925 5719 καὶ
2973 5662 3066 5716 106
3108 5654 3228 5713 Υἱοῦ
3269 5653 3535 5734 ὑπάρχειν
3560 5655 3623 5713 τὸ
3653 5654 3880 5731 Πνεῦμα
