4142 6286
284 351 360 418 93

1493 362 1591 425 DE
1623 357 1918 425 UNIONE
1939 359 2494 426 ECCLESIARUM.

3596 360 3683 426 94

292 488 352 542 τὸ
398 484 572 564 ἅγιον.
631 489 693 545 Εἰ
744 489 826 565 μὴ
901 491 1002 570 γὰρ
1059 491 1119 549 ἐκ
1185 497 1284 559 τῆς
1361 493 1536 555 οὐσίας
1597 499 1689 550 τοῦ
1745 493 1944 571 Πατρὸς

2033 491 2346 572 spirituum
2405 504 2952 576 repraesentassent,
3006 515 3138 559 cum
3198 505 3256 560 et
3303 496 3415 578 ipsi
3468 495 3587 558 sint
3615 513 3686 558 ex

289 575 377 630 καὶ
420 581 512 632 τοῦ
595 579 718 636 Υἱοῦ
770 579 836 634 τὸ
911 582 1122 656 Πνεῦμα
1189 581 1450 660 ὑπάρχειν
1505 579 1860 660 ἐθεολόγησαν
1905 583 1950 638 οἱ

291 663 548 744 Πατέρες,
607 666 722 731 πῶς
795 666 859 723 ἄν
947 667 1122 734 ἄλλως
1217 669 1549 750 κυριωτέρως
1613 673 1952 748 παραστῆσαι

290 751 456 832 ἔσχον
539 753 640 822 τὴν
709 757 871 812 αῦτοῦ
952 755 1202 839 διαφορὰν
1270 761 1402 838 πρὸς
1479 759 1546 814 τὰ
1619 757 1953 839 λειτουργικὰ

292 841 594 918 πνεύματα,
653 843 744 900 ἅτε
815 846 906 902 καὶ
969 846 1140 903 αὐτῶν
1195 848 1256 904 ἐκ
1296 855 1392 905 τοῦ
1458 849 1664 928 Πατρὸς
1719 851 1807 905 καὶ
1862 858 1953 906 τοῦ

292 932 417 986 Υἱοῦ
457 931 854 1012 ὑπαρχόντωνς
905 937 964 992 Οἱ
1011 941 1134 1013 γοῦν
1179 935 1425 1015 λέγοντες
1480 939 1542 994 τὸ
1597 937 1858 1016 ὑπάρχειν
1892 939 1950 993 τὸ

293 1025 511 1096 Πνεῦμα
557 1020 620 1078 ἐκ
659 1022 756 1090 τῆς
812 1024 989 1087 οὖσίας
1023 1032 1117 1082 τοῦ
1173 1027 1380 1105 Πατρὸς
1435 1027 1523 1082 καὶ
1565 1033 1656 1082 τοῦ
1700 1029 1820 1082 rio-3
1873 1027 1951 1101 μὴ

291 1106 488 1176 δηλοῦν
530 1109 659 1166 αὖτὸ
701 1112 764 1167 τὸ
810 1115 904 1170 τοῦ
962 1113 1262 1190 Πνεύματος
1329 1112 1573 1178 οὐσιῶδες
1616 1117 1702 1171 καὶ
1759 1114 1952 1171 ἐνυπό-

296 1219 517 1277 στατον,
576 1201 824 1259 τοσοῦτόν
887 1224 978 1278 μοι
1032 1200 1237 1261 δοκοῦσι
1292 1209 1392 1271 τῆς
1447 1201 1694 1272 ἀληθείας
1749 1203 1950 1283 ἐσφάλ-

292 1289 407 1366 θαι,
449 1291 528 1352 ὡς
596 1294 696 1356 τῆς
757 1291 1006 1358 θεότητος
1051 1297 1214 1360 αὐτῆς
1285 1295 1344 1350 τὸ
1417 1300 1630 1370 Πνεῦμα
1684 1295 1744 1350 τὸ
1799 1291 1948 1372 ἅγιον

295 1374 634 1456 ἀλλοτριοῦν.
698 1381 846 1437 Κατὰ
913 1382 966 1438 τί
1028 1383 1127 1462 γὰρ
1197 1381 1258 1438 ἄν
1324 1381 1458 1440 ἄλλο
1516 1383 1605 1440 καὶ
1650 1381 1947 1450 πιστευθεέη

294 1467 430 1528 θεὸς
473 1466 617 1523 εἶναι
672 1469 735 1524 τὸ
788 1469 1022 1549 Πνεῦμα,
1079 1473 1124 1528 εἰ
1185 1474 1264 1546 μή
1319 1494 1398 1537 τις
1457 1472 1544 1528 καὶ
1613 1469 1794 1551 καρδὶᾳ
1851 1494 1946 1528 πι-

295 1555 564 1612 στεύσειεν
631 1555 862 1637 ἀκριϐῶς
935 1561 1020 1616 καὶ
1088 1559 1324 1641 χείλεσιν
1381 1557 1708 1639 ὁμολογήσει
1777 1564 1948 1617 καθι-

294 1650 398 1722 ρῶς
443 1644 506 1700 ὲκ
553 1651 654 1712 τῆς
708 1647 848 1711 θείκς
893 1651 1064 1712 οὗσίας
1121 1649 1214 1707 τοῦ
1271 1652 1472 1729 Πατρὸς
1529 1650 1617 1706 καὶ
1689 1651 1952 1745 τοῦυὶΐοῦ

2036 582 2209 644 Patre
2231 593 2288 645 et
2306 602 2375 645 ex
2397 583 2586 646 Filio?
2603 585 2714 658 Qui
2739 586 2936 667 itaque
2959 585 3254 657 dictitant,
3281 585 3684 647 exsistentiam

2035 668 2291 750 Spiritus
2323 691 2390 734 ex
2425 675 2682 735 essentia
2716 675 2905 736 Patris
2929 685 2985 737 et
3019 675 3151 738 Filii
3181 694 3298 736 non
3333 675 3558 735 inferre
3591 671 3682 754 ip-

2036 758 2160 820 sius
2189 760 2444 839 Spiritus
2475 762 2795 824 essentiam
2830 772 2888 826 et
2918 763 3298 844 hypostasim,
3320 761 3683 824 tantumdem

2037 848 2182 909 mihi
2213 849 2486 912 videntur
2513 870 2546 912 a
2577 853 2821 914 veritate
2874 853 3158 914 aberrare
3216 861 3496 932 quantum
3531 859 3620 912 est
3648 870 3679 909 a

2039 938 2270 1000 Deitate
2299 938 2584 1018 Spiritum
2617 949 2881 1002 sanctum
2906 941 3188 1021 dejicere.
3221 941 3346 1013 Quo
3378 939 3535 1002 enim
3567 938 3682 1000 alio

2036 1026 2311 1088 credetur
2360 1027 2516 1090 Deus
2565 1028 2840 1110 Spiritus,
2876 1031 2988 1090 nisi
3020 1031 3152 1111 quis
3184 1039 3240 1092 et
3270 1049 3336 1092 ex
3369 1029 3549 1090 corde
3579 1046 3678 1088 ac-

2035 1123 2236 1176 cnrate
2291 1117 2636 1191 crediderit,
2690 1127 2747 1180 et
2779 1118 2950 1180 labiis
2983 1137 3127 1198 pure
3153 1119 3454 1180 confessus
3484 1114 3681 1190 fuerit,

2035 1221 2104 1265 ex
2129 1203 2324 1266 divina
2361 1206 2623 1270 essentia
2652 1207 2839 1268 Patris
2870 1217 2927 1269 et
2959 1208 3091 1270 Filii
3111 1205 3526 1280 essentialiter,
3543 1211 3601 1264 et
3622 1202 3682 1264 in

2032 1295 2330 1374 hypostasi
2387 1313 2520 1356 eum
2575 1296 2938 1376 provenire?
2981 1296 3183 1358 Patres
3232 1293 3550 1374 siquidem,
3585 1291 3682 1372 qui

2031 1383 2314 1444 adversus
2343 1383 2602 1464 Spiritus
2627 1386 2828 1446 hostes
2851 1392 3154 1446 certamen
3187 1383 3440 1465 propriis
3463 1391 3686 1462 tempo-

2029 1471 2195 1534 ribus
2228 1473 2438 1538 iniere.
2500 1476 2720 1536 nullam
2781 1475 2954 1538 aliam
3010 1494 3129 1536 sua:
3159 1471 3681 1536 demonstrationis

2034 1562 2335 1624 materiam
2368 1573 2836 1644 assumpserunt,
2864 1564 3148 1645 Spiritum
3177 1581 3307 1625 esse
3341 1559 3682 1636 Deum,nisi

2032 1652 2176 1714 illud
2201 1653 2604 1715 tantummodo
2638 1674 2670 1714 e
2703 1655 2921 1716 divinis
2943 1653 3177 1716 Litteris
3194 1649 3678 1729 demonstrando,

295 1731 567 1797 οῦσιωόῶς
637 1737 726 1793 καὶ
809 1739 1170 1803 ἓνυποστάτως
1241 1738 1484 1818 προϊέναι
1554 1737 1724 1819 αὐτός
1785 1728 1944 1796 "050:

2033 1760 2102 1804 ex
2135 1741 2330 1804 divina
2379 1743 2638 1804 essentia
2694 1745 2886 1805 Patris
2943 1752 3000 1804 et
3049 1742 3181 1805 Filii
3235 1760 3366 1803 esse
3396 1728 3679 1820 Spiritum

294 1821 396 1900 γὰρ
452 1824 562 1880 τῶν
617 1825 864 1900 Πατὲρων
936 1827 1026 1883 τὸν
1095 1828 1232 1884 κατᾶ
1301 1833 1407 1884 τῶν
1480 1826 1949 1906 Πνευματομαίχων

294 1911 480 1989 ἀγῶνα
565 1913 620 1970 ἐν
693 1911 842 1978 ἰδίοις
899 1931 1106 1994 καιροῖς
1196 1918 1617 1996 συνηστήσαντο,
1711 1913 1952 1990 οωεμίαν

293 1997 468 2066 ἄλλην
543 1999 858 2067 ἀποδείξεως
930 2003 1247 2075 ἐποιήσαντο
1335 2003 1467 2072 ὕλην
1540 2011 1634 2062 τοῦ
1710 2017 1847 2061 εῖναι
1889 2006 1950 2060 τὸ

291 2093 512 2146 Πνεῦμα
557 2092 688 2146 Θεὸν
731 2089 853 2148 ἀλλ’
883 2093 919 2160 ἢ
947 2093 1104 2168 μόνον
1148 2095 1277 2151 αῦτὸ
1333 2096 1396 2150 1‘0
1451 2094 1557 2150 ἀπὸ
1612 2095 1766 2150 θείων
1807 2093 1948 2151 ἀπο-

293 2174 593 2256 δεδωκέναι
625 2184 842 2258 Γραφῶν
914 2181 975 2238 ἐκ
1015 2187 1114 2250 τῆς
1173 2183 1314 2248 θείας
1370 2183 1545 2246 οὐσίας
1604 2189 1698 2238 τοῦ
1745 2183 1948 2260 Πατρὸς

292 2267 381 2322 καὶ
424 2277 520 2326 τοῦ
576 2271 698 2326 rio-3
760 2270 904 2327 εἶναι
973 2273 1035 2328 τὸ
1092 2278 1304 2348 Πνεῦμα
1359 2273 1420 2328 τὸ
1474 2271 1648 2349 ἅγιον.
1695 2273 1755 2328 Oi
1824 2279 1950 2348 γοῦν

294 2373 421 2422 ταῖς
537 2357 785 2436 ἀμέτροις
877 2359 972 2417 καὶ
1070 2365 1267 2427 παντὸς
1350 2360 1512 2436 ὕψους
1594 2361 1682 2416 καὶ
1761 2361 1948 2437 βάθους

292 2447 818 2525 ὗπερεκτεινομέναις
912 2449 1201 2517 λεπτότησι
1302 2456 1408 2506 τῶν
1507 2458 1593 2508 νῦν
1664 2447 1948 2526 θεολογιῶν

291 2533 674 2611 ἐμϐαθύνοντες
773 2545 1157 2614 σκοπείτωσαν,
1258 2539 1465 2614 μήποτε
1547 2539 1609 2594 τὸ
1673 2543 1780 2593 τῶν
1849 2536 1944 2592 λε-

294 2623 600 2704 πτολογιῶν
672 2626 900 2706 ἄμετρον
954 2629 1225 2708 παρασύρῆ
1282 2629 1466 2690 αὖτοὺς
1521 2631 1621 2694 τῆς
1665 2623 1784 2682 ὀδοῦ
1840 2631 1946 2681 τῶν

295 2713 574 2794 Πατέρων,
649 2713 845 2780 οἵτινες
897 2718 1222 2797 ἀπεριέργως
1291 2715 1452 2789 οὕτω,
1529 2717 1619 2773 καὶ
1701 2717 1773 2778 ὡς
1847 2717 1942 2772 αὖ·

293 2817 414 2867 τοῖς
457 2801 607 2861 δοκεῖ
653 2803 912 2885 παχυλῶς
955 2804 1016 2862 ἐκ
1069 2811 1166 2873 τῆς
1223 2806 1394 2868 οὖσίας
1451 2811 1543 2862 τοῦ
1603 2805 1802 2882 Πατρὸς
1860 2806 1944 2859 καὶ

292 2901 390 2950 τοῦ
447 2893 568 2950 Υἱοῦ
621 2897 763 2951 εἶναι
817 2897 881 2952 τὸ
925 2899 1135 2972 Πνεῦμα
1181 2915 1194 2928 '
1257 2897 1344 2952 καὶ
1400 2897 1504 2952 τῶν
1551 2885 1822 2970 Ῥωμαίων
1866 2893 1944 2968 μὴ

295 2983 761 3061 κατηγορεὲτωσιν
815 2983 1015 3058 μάτην,
1059 2982 1116 3041 οἵ
1168 2984 1228 3041 ἐκ
1282 2987 1375 3040 τοῦ
1419 2984 1622 3062 [ἰατρὸς
1664 2989 1758 3040 τοῦ
1828 2984 1946 3039 Υἱοῦ

2034 1842 2330 1894 sanctum.
2363 1831 2425 1893 In
2457 1832 2809 1894 immodicas
2840 1831 3016 1910 igitur
3030 1840 3085 1892 et
3108 1849 3286 1911 super
3305 1827 3678 1890 altitudinem

2036 1938 2274 1982 omnem
2307 1929 2363 1982 et
2398 1920 2860 2001 profunditatem
2895 1931 3166 1982 extensas
3195 1918 3548 1980 subtilitates
3579 1917 3679 1977 hu-

2028 2009 2200 2088 jusce
2232 2009 2516 2090 temporis
2568 2009 3029 2090 theologicarum
3082 2008 3516 2077 tractationum,
3549 2022 3682 2066 sese

2035 2096 2484 2178 immergentes,
2512 2106 2776 2173 caveant,
2815 2117 2889 2160 ne
2919 2097 3234 2179 aliquando
3266 2092 3592 2156 innumeris
3607 2094 3682 2154 de

2034 2185 2297 2248 minimis
2343 2195 2400 2250 et
2463 2187 2683 2249 frivolis
2743 2185 3239 2268 disputationibus
3267 2205 3300 2244 a
3330 2183 3420 2244 via
3447 2181 3676 2243 Patrum

2031 2274 2423 2356 abripiantur,
2457 2277 2555 2356 qui
2591 2295 2708 2337 non
2735 2277 3056 2338 admodum
3089 2274 3344 2353 curiose,
3379 2279 3536 2352 et,ut
3563 2269 3682 2332 illis

2031 2364 2448 2443 complacitum
2503 2365 2716 2446 fuerat,
2770 2383 2986 2445 crasse,
3023 2383 3089 2425 ex
3123 2361 3375 2424 essentia
3405 2359 3592 2422 Patris
3622 2367 3681 2421 et

2030 2454 2166 2516 Filii
2224 2453 2508 2534 Spiritum
2571 2472 2702 2515 esse
2758 2460 3134 2514 asserueruut
3164 2475 3179 2525 ;
3231 2468 3426 2532 neque
3458 2457 3680 2510 temere

2030 2541 2421 2604 criminentur
2450 2541 2880 2623 Romanos,qui
2913 2562 2979 2602 ex
3017 2544 3189 2604 Patre
3220 2547 3278 2601 et
3303 2538 3454 2602 Filio
3483 2536 3674 2617 Spiri-

2031 2641 2149 2693 tum
2174 2632 2441 2692 dicentes
2472 2631 2884 2711 procedere,et
2917 2629 3194 2692 dictionis
3222 2627 3676 2710 expositionem,

2028 2720 2167 2780 dum
2201 2719 2552 2800 semetipsos
2583 2719 2930 2796 defendunt,
2964 2729 3350 2798 apponentes,
3387 2717 3676 2777 essentia-

2029 2809 2164 2870 liter
2194 2818 2250 2870 et
2281 2809 2338 2869 in
2373 2809 2673 2890 hypostasi
2729 2827 2803 2870 ex
2861 2809 3033 2870 Patre
3085 2817 3141 2869 et
3195 2806 3346 2870 Filio
3394 2803 3674 2883 Spiritum

2028 2916 2181 2972 esse,
2217 2897 2511 2975 integrum
2544 2897 2781 2959 Patrum
2851 2897 2908 2958 in
2940 2896 3121 2958 rebus
3167 2894 3510 2973 theologicis
3541 2911 3678 2973 per-

2030 2987 2356 3048 tractandis
2387 2987 2820 3068 prazcipuorum
2873 2987 3120 3047 chorqu
3154 3002 3274 3046 suae
3305 2981 3679 3062 responsioni

292 3072 357 3125 τὸ
430 3077 642 3145 Πνεῦμα
695 3069 942 3150 λέγοντες
999 3072 1383 3153 ἐκπορεύεσθαι,
1458 3073 1545 3128 καὶ
1603 3072 1673 3136 εἰς
1744 3068 1944 3148 ἐξήγητ

2031 3075 2365 3156 praeferunt.
2405 3074 2517 3147 Qui
2552 3093 2689 3136 vero
2749 3075 3138 3147 contendunt,
3195 3090 3303 3133 nec
3333 3074 3672 3150 essentiam,

296 3181 380 3214 σιν
423 3163 522 3228 τῆς
571 3157 764 3224 λέξεως
813 3160 867 3217 ἐν
909 3169 986 3235 τῷ
1041 3163 1239 3218 ἑαυτῶν
1295 3158 1804 3240 ὑπεραπολογεῖσθαι
1861 3181 1941 3215 τι·

2031 3182 2141 3224 nec
2168 3163 2522 3244 hypostasim
2558 3161 2816 3243 Spiritus
2856 3161 3069 3242 notari,
3123 3179 3256 3222 cum
3307 3179 3374 3220 ex
3423 3157 3679 3219 essentia

293 3249 533 3324 θέμενοι,
605 3249 669 3304 τὸ
724 3247 988 3316 οσόσιιώῶς
1046 3252 1132 3307 καὶ
1205 3249 1567 3312 ἐνυποστάτως
1630 3249 1690 3305 ἐκ
1743 3248 1944 3327 Πατρὸς

2029 3251 2220 3314 Patris
2248 3270 2300 3313 et
2341 3253 2475 3314 Filii
2496 3252 2597 3313 ille
2629 3249 2984 3333 provoniens
3015 3247 3550 3328 asseritur,absque
3571 3247 3648 3308 du

295 3338 385 3394 καὶ
457 3339 578 3394 1·ἱοί
648 3339 710 3394 τὸ
779 3345 990 3414 Πνεῦμα
1046 3339 1327 3419 ὑπάρχειν,
1380 3337 1505 3396 ὅλον
1547 3339 1715 3418 χορὸν
1771 3337 1943 3393 Πατέ-

2029 3339 2125 3402 bio
2176 3340 2538 3422 potissimam
2600 3340 2834 3421 pietatis
2913 3349 3168 3420 partem,
3216 3347 3511 3417 utcunque
3565 3335 3674 3396 de-

293 3452 402 3510 ρων
443 3428 857 3506 διαλαμψάντων
911 3431 996 3488 ἐπὶ
1041 3431 1286 3510 θεολογίᾳ
1327 3437 1424 3499 τῆς
1483 3432 1682 3488 ἑαυτῶν
1739 3429 1940 3487 ἀπολοο

2029 3437 2338 3510 truncant;
2369 3439 2644 3510 tanquam
2677 3429 2778 3510 qui
2821 3427 3098 3490 dictionis
3131 3427 3428 3488 notionem
3454 3426 3673 3486 distor-

291 3521 411 3597 γίας
483 3526 830 3598 προϊστῶσιν.
887 3518 1034 3577 Ἀλλ’
1085 3523 1132 3578 οἱ
1175 3521 1274 3596 μὲν
1327 3519 1570 3599 λέγοντες
1630 3519 1708 3595 μὴ
1757 3521 1818 3576 τὸ
1849 3523 1942 3577 οὖ-

2029 3525 2267 3598 queant,
2301 3519 2470 3597 cujus
2508 3519 2560 3578 vi
2593 3517 2796 3579 Patres
2831 3516 3017 3578 nostri
3048 3515 3304 3594 theologi
3329 3514 3514 3577 Deum
3546 3533 3679 3577 esse

292 3607 482 3671 σιῶδες
562 3610 650 3664 καὶ
732 3608 1085 3667 ἐνυπόστατον
1152 3607 1434 3676 δηλοῦσθαι
1479 3619 1570 3667 τοῦ
1614 3609 1938 3683 Πνεύματος,

291 3698 346 3754 ἐν
375 3703 457 3772 τῷ
486 3697 552 3754 ἐκ
590 3702 691 3764 τῆς
742 3698 916 3764 οὗσίας
967 3706 1057 3756 τοῦ
1114 3699 1315 3778 Πατρός
1378 3699 1464 3754 καὶ
1518 3698 1608 3754 τοῦ
1666 3701 1784 3754 Υἱοῦ
1824 3701 1944 3755 θεο-

291 3785 574 3866 λογεϊσθαι
623 3787 750 3844 αὐτὸ
791 3788 1206 3867 προερχόμενον,
1269 3785 1407 3844 οὕτω
1448 3787 1508 3843 τὸ
1567 3786 1815 3866 μέγιστον
1848 3792 1942 3852 τῆς

289 3873 586 3949 εὐσεϐείας,
629 3877 703 3940 ὡς
753 3875 977 3957 ἔφημεν,
1041 3875 1378 3939 κολοϐοῦντες
1435 3875 1792 3948 λανθάνουσιν,
1852 3875 1944 3932 ἅτε

286 3967 390 4032 τὴν
427 3964 530 4032 τῆς
597 3963 790 4029 λέξεως
837 3964 1292 4043 παρασαλεύοντες
1351 3963 1591 4043 δύναμιν,
1651 3961 1702 4030 ἐξ
1773 3964 1838 4033 ἧς
1896 3967 1943 4021 0':

287 4053 534 4131 θεολόγοι
567 4053 796 4132 Πατέρες
844 4049 1018 4129 ἡμῶν
1043 4055 1172 4110 Θεὸν
1228 4053 1372 4110 εἶναι
1425 4054 1486 4108 τὸ
1522 4054 1944 4132 Πνεῦμαμκατὶ

287 4141 500 4210 πολλὴν
560 4142 864 4220 περιουσίαν
915 4142 1010 4210 τῆς
1057 4140 1304 4209 ἀληθείας
1387 4139 1684 4208 ἀπέδειξαν,
1765 4129 1840 4197 ”Α
1887 4139 1942 4196 δὲ

284 4234 378 4290 τὸν
407 4233 540 4311 ὖπέρ
583 4233 740 4308 ἡμῶν
783 4230 1050 4309 ἀπόλογον
1079 4245 1379 4310 συγκροτεῖ,
1415 4229 1589 4287 τοιάδε
1644 4232 1733 4287 καὶ
1786 4234 1938 4301 τόσα,

287 4323 483 4384 ἱκανῶς
517 4343 610 4396 μοι
653 4317 802 4400 ἔχειν
858 4318 1110 4379 δοκοῦντα
1151 4321 1281 4399 πρὸς
1341 4320 1586 4376 σύστασιν
1617 4320 1707 4376 τοῦ
1761 4319 1939 4384 xtl-ii;

290 4411 430 4485 ἡμᾶς
497 4409 677 4467 ἐλθεῖν
761 4409 847 4466 ἐπὶ
914 4411 1007 4474 τὰς
1063 4414 1163 4477 τῆς
1237 4401 1544 4485 Ῥωμαϊκῆς
1621 4407 1940 4476 Ἐκκλησὲας

287 4497 656 4576 καταλλαγὶς.

289 4585 575 4654 ἑξηπλώθη
633 4588 792 4666 ῥητὰ,
851 4585 998 4650 ὅπως
1067 4587 1131 4644 ἄν
1186 4589 1316 4664 πρός
1383 4607 1442 4642 τε
1497 4587 1618 4650 τοὺς
1691 4596 1777 4642 νύν
1834 4589 1940 4642 τιον

288 4678 579 4757 ἀνθρώπιον
638 4680 772 4754 πρός
840 4698 900 4734 τε
952 4681 1072 4741 τοὺς
1145 4676 1260 4752 μεθ’
1327 4677 1473 4752 ἡμᾶς
1565 4678 1936 4753 παραστήσαι-

287 4791 408 4844 μεν,
441 4771 515 4833 tio;
571 4767 625 4832 ἐξ
675 4766 921 4845 ἐπηρείας
983 4765 1293 4838 σατανικῆς,
1353 4765 1441 4822 καὶ
1493 4763 1545 4830 ἐξ
1600 4763 1803 4828 οὐδενὸς
1857 4764 1941 4820 εὖ-

287 4857 448 4937 λόγου
549 4857 712 4914 αἰτίου
799 4859 850 4912 αἱ
943 4854 1254 4924 Ἐκκλησίαι
1335 4853 1596 4924 ἀλλήλαις
1691 4862 1939 4910 τοσοῦτον

287 4948 482 5028 χρόνον
540 4945 1034 5022 ἒκπεπολὲμωνται.
1096 4946 1195 5004 Καὶ
1253 4945 1298 5000 εἰ
1355 4944 1452 5018 μὲν
1511 4945 1558 5000 οἱ
1627 4955 1742 5008 τοῖς
1795 4965 1937 5019 παρ-

288 5044 432 5094 οῦσιν
498 5036 916 5116 ἐντυγχάνοντες
984 5033 1162 5114 λόγοις
1235 5035 1506 5112 εὖστόχως
1591 5033 1732 5107 ἡμᾶς
1788 5033 1933 5108 ἡγή-

269 5147 466 5192 ,σαιντο
564 5126 662 5194 τῆς
758 5127 868 5182 τῶν
947 5121 1406 5204 καταστριθέντων
1488 5118 1589 5178 ὧδε
1667 5128 1936 5201 γραφικῶν

289 5215 460 5291 ῥητῶν
527 5213 758 5277 διανοίας
814 5213 1344 5293 καταστοχάσασθαι,
1387 5217 1466 5286 τῷ
1552 5216 1668 5284 Θεῷ
1721 5209 1876 5290 χάριξ
1915 5229 1930 5245 ·

291 5304 332 5358 εἰ
373 5301 429 5359 δέ
491 5325 628 5360 τισιν
681 5301 865 5367 ἄλλως
938 5299 1008 5380 ἕχ
1010 5321 1086 5356 ειν
1144 5297 1294 5358 δοκεῖ
1349 5301 1416 5356 τὰ
1465 5298 1584 5378 περὶ
1637 5298 1830 5372 αὐτῶν,
1875 5299 1938 5354 τὸ

2027 3607 2310 3687 Spiritum
2363 3625 2496 3668 cum
2555 3607 2738 3668 multo
2793 3606 3050 3668 veritatis
3100 3605 3516 3667 azmolumento
3568 3603 3674 3666 de-

2029 3705 2454 3760 monstrarunt.
2483 3695 2618 3758 ch
2641 3715 2812 3776 porro
2837 3705 3098 3758 nostram
3117 3713 3349 3756 causam
3385 3693 3675 3755 sustinent

2026 3801 2094 3844 ac
2124 3791 2381 3858 tuentur,
2417 3785 2678 3866 satisque
2726 3803 2856 3845 esse
2892 3783 3033 3844 mihi
3065 3782 3336 3844 videntur
3365 3781 3435 3842 ad
3469 3799 3675 3842 corro-

2027 3873 2356 3933 borandum
2395 3871 2836 3952 probeanobls
2892 3891 3021 3933 cum
3088 3875 3350 3932 Romana
3415 3869 3680 3932 Ecclesia

2028 3979 2232 4041 pacem
2260 3961 2460 4022 initam
2487 3961 2962 4042 fuisseNamquc
2986 3960 3184 4022 omnia
3215 3960 3432 4039 scripto
3465 3959 3677 4022 tradita

2026 4049 2182 4110 dicta
2210 4051 2438 4129 digesta
2461 4059 2618 4124 sunt,
2655 4060 2715 4112 ut
2750 4061 2868 4112 tum
2921 4050 3330 4131 praesentibus,
3367 4061 3487 4112 tum
3514 4050 3672 4111 futu-

2024 4139 2108 4199 ris
2144 4139 2484 4200 bominibus
2507 4139 3060 4220 comprobaremus,
3095 4137 3362 4201 Satanica
3396 4138 3678 4218 improbi-

2025 4225 2180 4302 bate,
2217 4236 2274 4289 et
2329 4228 2488 4290 nulla
2529 4229 2798 4290 rationali
2857 4228 2931 4290 de
2987 4246 3163 4288 causa
3196 4228 3496 4290 Ecclesiae
3525 4227 3682 4288 inter

2024 4334 2156 4377 sese
2211 4335 2315 4397 per
2376 4327 2600 4379 tantum
2654 4329 2890 4398 tempus
2939 4315 3283 4377 inimicitias
3311 4318 3674 4378 exercuisse.

2023 4403 2143 4466 Etsi
2175 4405 2273 4486 qui
2301 4407 2789 4470 commentarium
2817 4406 2926 4466 hoc
2951 4413 3215 4466 nostrum
3245 4405 3673 4484 percurrerint,

742 4500 819 4556 Τὰ
894 4501 1124 4576 γραφικὰ
1203 4500 1302 4578 γὰρ
1357 4498 1530 4554 πάντα
1611 4500 1716 4554 τῶν
1777 4499 1938 4576 ἁγίων

2029 4493 2464 4570 existimabunt,
2503 4514 2608 4556 nos
2663 4495 2734 4554 ad
2767 4493 3058 4553 dictorum
3102 4493 3195 4554 hic
3247 4494 3676 4574 exscriptorum

2025 4584 2379 4644 sententiam
2428 4591 2630 4644 exacte
2687 4582 3046 4659 collimasse,
3093 4580 3214 4642 Deo
3245 4589 3495 4662 gratia}:
3538 4585 3595 4646 id
3627 4586 3679 4647 si

2023 4671 2199 4732 aliter
2225 4672 2526 4734 nonnullis
2548 4671 2704 4733 circa
2737 4671 2836 4732 illa
2863 4671 3046 4730 visum
3075 4671 3259 4731 fuisse
3290 4691 3494 4732 eorum
3527 4672 3676 4735 libe-

2022 4777 2152 4819 rum
2184 4759 2494 4821 arbitrium
2527 4760 2658 4841 quis
2689 4767 3010 4839 coget,rcni
3037 4759 3282 4840 regiam,
3321 4760 3460 4841 iprls
3490 4781 3522 4821 a
3553 4761 3675 4824 Deo

2023 4848 2271 4912 datum?
2323 4849 2488 4923 Quod
2523 4869 2659 4911 vero
2693 4850 2896 4910 subest
2951 4847 3093 4909 milii
3127 4850 3385 4911 fraterne
3428 4870 3528 4930 pro
3555 4849 3674 4912 illis

2020 4937 2310 5000 indolenti
2355 4940 2580 5013 dicere,
2613 4939 3018 5018 considerent,
3084 4958 3158 4999 ne
3191 4938 3301 5018 ipsi
3334 4939 3390 5000 in
3426 4959 3488 5001 se
3513 4941 3675 5021 ipsos

2022 5027 2339 5101 insaniant,
2402 5029 2452 5090 si
2508 5030 2648 5092 satis
2693 5030 2987 5108 copiosam
3021 5028 3268 5090 insania:
3298 5029 3672 5091 demonstra-

2023 5117 2244 5179 tionem
2279 5118 2672 5200 liabent,quot
2702 5118 2878 5190 mala,
2902 5125 3030 5198 post
3056 5117 3165 5178 hoc
3199 5119 3668 5182 ecclesiasticum

2021 5205 2332 5269 dissidium
2383 5219 2674 5290 exortum,
2757 5219 3016 5269 nostrain
3080 5207 3376 5269 nationem
3429 5209 3668 5270 dive‘xa-

2021 5303 2178 5359 runt.

297 5391 618 5458 αἰπεξούσιον
661 5394 741 5458 τίς
827 5379 1034 5448 τούτωυ
1102 5390 1193 5446 καὶ
1247 5389 1622 5468 ἀφαιρήσεται,
1681 5387 1870 5467 χρῆμα
1946 5385 2210 5464 βασίλειον
2253 5384 2398 5443 δοθὲν
2453 5391 2635 5449 αὖτο⁴ς
2691 5389 2832 5465 παρᾶ
2875 5395 2966 5445 τοῦ
3026 5396 3206 5464 Θεοῦ;
3261 5379 3336 5448 H0
3406 5387 3456 5444 δὲ
3503 5391 3674 5446 εἰπεῖν

293 5502 374 5553 μοι
402 5479 596 5548 ἔξεστιν
627 5479 934 5562 ἇδελφικῶς
963 5481 1342 5558 ὑπερπονοῦντι
1370 5481 1565 5550 αὐτῶν,
1597 5477 1986 5550 σκοπείτωσαν,
2022 5477 2099 5552 μή
2147 5498 2276 5533 ποτε
2333 5475 2478 5533 αὒτοὶ
2507 5474 2623 5533 καθ’
2655 5477 2852 5533 ἔλυε-ον
2908 5479 3206 5558 μαζνοντλι,
3266 5478 3380 5557 εἶχε
3415 5479 3671 5555 ἀρκοῦσαν

266 5564 403 5649 οἴχει
453 5573 639 5648 μανίας
683 5568 988 5646 ἀπόδειξιν,
1047 5567 1144 5624 ὅσα
1189 5570 1218 5626 ὁ
1274 5568 1467 5650 χρόνος
1522 5565 1662 5623 κακὰ
1707 5566 1849 5646 παρᾶ
1905 5567 2004 5634 τὴν
2065 5564 2510 5634 ἔκκλισιαστικὴν
2577 5567 2776 5632 ταύτην
2846 5567 3036 5651 μάχην
3107 5573 3181 5642 τῷ
3243 5567 3487 5644 ἡμετέρῳ
3529 5565 3667 5650 γένει

294 5655 551 5728 ἀνέδειξεν,
