  <div class='ocr_page' id='page_1' title='image "/cluster/home/n/w/nwhite01/storage/ocr_20150623/141/mdp.39015078384206/055.png"; bbox 0 0 4144 6290; ppageno 0'>
   <div class='ocr_carea' id='block_1_1' title="bbox 490 314 564 378">
    <p class='ocr_par' dir='ltr' id='par_1_1' title="bbox 490 314 564 378">
     <span class='ocr_line' id='line_1_1' title="bbox 490 314 564 378; baseline -0.014 0"><span class='ocrx_word' id='word_1_1' title='bbox 490 314 564 378; x_wconf 86' lang='grc'><strong>95</strong></span> 
     </span>
    </p>
   </div>
   <div class='ocr_carea' id='block_1_2' title="bbox 488 545 2134 627">
    <p class='ocr_par' dir='ltr' id='par_1_2' title="bbox 488 545 2134 627">
     <span class='ocr_line' id='line_1_2' title="bbox 488 545 2134 627; baseline 0.007 -28"><span class='ocrx_word' id='word_1_2' title='bbox 488 549 624 602; x_wconf 91' lang='lat' dir='ltr'><strong>ante</strong></span> <span class='ocrx_word' id='word_1_3' title='bbox 680 545 970 606; x_wconf 87' lang='lat' dir='ltr'><strong>dictorum</strong></span> <span class='ocrx_word' id='word_1_4' title='bbox 1030 545 1456 626; x_wconf 78' lang='lat' dir='ltr'><strong>expositionem</strong></span> <span class='ocrx_word' id='word_1_5' title='bbox 1512 548 1800 627; x_wconf 91' lang='lat' dir='ltr'><strong>promisit.</strong></span> <span class='ocrx_word' id='word_1_6' title='bbox 1864 560 2134 611; x_wconf 81' lang='lat' dir='ltr'><strong>auctores</strong></span> 
     </span>
    </p>
   </div>
   <div class='ocr_carea' id='block_1_3' title="bbox 488 631 2131 714">
    <p class='ocr_par' dir='ltr' id='par_1_3' title="bbox 488 631 2131 714">
     <span class='ocr_line' id='line_1_3' title="bbox 488 631 2131 714; baseline 0.007 -26"><span class='ocrx_word' id='word_1_7' title='bbox 488 631 660 691; x_wconf 88' lang='lat' dir='ltr'><strong>etiam</strong></span> <span class='ocrx_word' id='word_1_8' title='bbox 696 635 1134 710; x_wconf 85' lang='lat' dir='ltr'><strong>schismatis,et</strong></span> <span class='ocrx_word' id='word_1_9' title='bbox 1165 636 1322 709; x_wconf 90' lang='lat' dir='ltr'><strong>illos,</strong></span> <span class='ocrx_word' id='word_1_10' title='bbox 1361 636 1456 712; x_wconf 82' lang='lat' dir='ltr'><strong>qui</strong></span> <span class='ocrx_word' id='word_1_11' title='bbox 1487 656 1588 697; x_wconf 81' lang='lat' dir='ltr'><strong>eus</strong></span> <span class='ocrx_word' id='word_1_12' title='bbox 1619 639 1809 700; x_wconf 89' lang='lat' dir='ltr'><strong>secuti</strong></span> <span class='ocrx_word' id='word_1_13' title='bbox 1845 649 2004 714; x_wconf 61' lang='lat' dir='ltr'><strong>sunt,</strong></span> <span class='ocrx_word' id='word_1_14' title='bbox 2033 658 2131 700; x_wconf 90' lang='lat' dir='ltr'><strong>re-</strong></span> 
     </span>
    </p>
   </div>
   <div class='ocr_carea' id='block_1_4' title="bbox 487 719 2136 808">
    <p class='ocr_par' dir='ltr' id='par_1_4' title="bbox 487 719 2136 808">
     <span class='ocr_line' id='line_1_4' title="bbox 487 719 2136 808; baseline 0.006 -30"><span class='ocrx_word' id='word_1_15' title='bbox 487 719 801 798; x_wconf 83' lang='lat' dir='ltr'><strong>darguere,</strong></span> <span class='ocrx_word' id='word_1_16' title='bbox 836 724 1015 785; x_wconf 92' lang='lat' dir='ltr'><strong>veluti</strong></span> <span class='ocrx_word' id='word_1_17' title='bbox 1049 743 1150 784; x_wconf 91' lang='lat' dir='ltr'><strong>eos</strong></span> <span class='ocrx_word' id='word_1_18' title='bbox 1176 724 1276 804; x_wconf 88' lang='lat' dir='ltr'><strong>qui</strong></span> <span class='ocrx_word' id='word_1_19' title='bbox 1305 724 1451 785; x_wconf 86' lang='lat' dir='ltr'><strong>nihil</strong></span> <span class='ocrx_word' id='word_1_20' title='bbox 1485 745 1676 806; x_wconf 86' lang='lat' dir='ltr'><strong>neque</strong></span> <span class='ocrx_word' id='word_1_21' title='bbox 1701 746 2136 808; x_wconf 85' lang='lat' dir='ltr'><strong>sanum,neqne</strong></span> 
     </span>
    </p>
   </div>
   <div class='ocr_carea' id='block_1_5' title="bbox 489 809 2138 896">
    <p class='ocr_par' dir='ltr' id='par_1_5' title="bbox 489 809 2138 896">
     <span class='ocr_line' id='line_1_5' title="bbox 489 809 2138 896; baseline 0.008 -29"><span class='ocrx_word' id='word_1_22' title='bbox 489 809 642 887; x_wconf 91' lang='lat' dir='ltr'><strong>quod</strong></span> <span class='ocrx_word' id='word_1_23' title='bbox 677 812 944 887; x_wconf 82' lang='lat' dir='ltr'><strong>proxime</strong></span> <span class='ocrx_word' id='word_1_24' title='bbox 975 813 1047 874; x_wconf 90' lang='lat' dir='ltr'><strong>ad</strong></span> <span class='ocrx_word' id='word_1_25' title='bbox 1080 831 1284 874; x_wconf 90' lang='lat' dir='ltr'><strong>verum</strong></span> <span class='ocrx_word' id='word_1_26' title='bbox 1325 813 1660 896; x_wconf 86' lang='lat' dir='ltr'><strong>accederet,</strong></span> <span class='ocrx_word' id='word_1_27' title='bbox 1693 815 1753 878; x_wconf 91' lang='lat' dir='ltr'><strong>in</strong></span> <span class='ocrx_word' id='word_1_28' title='bbox 1778 827 2138 880; x_wconf 88' lang='lat' dir='ltr'><strong>commenta-</strong></span> 
     </span>
    </p>
   </div>
   <div class='ocr_carea' id='block_1_6' title="bbox 486 896 2136 986">
    <p class='ocr_par' dir='ltr' id='par_1_6' title="bbox 486 896 2136 986">
     <span class='ocr_line' id='line_1_6' title="bbox 486 896 2136 986; baseline 0.008 -31"><span class='ocrx_word' id='word_1_29' title='bbox 486 896 591 958; x_wconf 90' lang='lat' dir='ltr'><strong>riis</strong></span> <span class='ocrx_word' id='word_1_30' title='bbox 631 899 913 962; x_wconf 88' lang='lat' dir='ltr'><strong>adversus</strong></span> <span class='ocrx_word' id='word_1_31' title='bbox 942 901 1266 963; x_wconf 84' lang='lat' dir='ltr'><strong>Romanam</strong></span> <span class='ocrx_word' id='word_1_32' title='bbox 1300 903 1626 966; x_wconf 82' lang='lat' dir='ltr'><strong>Ecclesiam</strong></span> <span class='ocrx_word' id='word_1_33' title='bbox 1660 911 1910 986; x_wconf 82' lang='lat' dir='ltr'><strong>posteris</strong></span> <span class='ocrx_word' id='word_1_34' title='bbox 1939 907 2136 969; x_wconf 87' lang='lat' dir='ltr'><strong>consi-</strong></span> 
     </span>
    </p>
   </div>
   <div class='ocr_carea' id='block_1_7' title="bbox 484 987 2134 1076">
    <p class='ocr_par' dir='ltr' id='par_1_7' title="bbox 484 987 2134 1076">
     <span class='ocr_line' id='line_1_7' title="bbox 484 987 2134 1076; baseline 0.008 -32"><span class='ocrx_word' id='word_1_35' title='bbox 484 987 1118 1065; x_wconf 87' lang='lat' dir='ltr'><strong>gnatis,enuntiarunt,</strong></span> <span class='ocrx_word' id='word_1_36' title='bbox 1152 992 1392 1071; x_wconf 86' lang='lat' dir='ltr'><strong>agejam</strong></span> <span class='ocrx_word' id='word_1_37' title='bbox 1420 992 1664 1054; x_wconf 77' lang='lat' dir='ltr'><strong>alteram</strong></span> <span class='ocrx_word' id='word_1_38' title='bbox 1693 994 1875 1056; x_wconf 80' lang='lat' dir='ltr'><strong>debiti</strong></span> <span class='ocrx_word' id='word_1_39' title='bbox 1909 1004 2134 1076; x_wconf 90' lang='lat' dir='ltr'><strong>partem</strong></span> 
     </span>
    </p>
   </div>
   <div class='ocr_carea' id='block_1_8' title="bbox 487 1075 2133 1160">
    <p class='ocr_par' dir='ltr' id='par_1_8' title="bbox 487 1075 2133 1160">
     <span class='ocr_line' id='line_1_8' title="bbox 487 1075 2133 1160; baseline 0.007 -26"><span class='ocrx_word' id='word_1_40' title='bbox 487 1075 879 1142; x_wconf 83' lang='lat' dir='ltr'><strong>exsolvamus.</strong></span> <span class='ocrx_word' id='word_1_41' title='bbox 914 1078 984 1140; x_wconf 91' lang='lat' dir='ltr'><strong>Et</strong></span> <span class='ocrx_word' id='word_1_42' title='bbox 1013 1079 1249 1146; x_wconf 83' lang='lat' dir='ltr'><strong>licet.ut</strong></span> <span class='ocrx_word' id='word_1_43' title='bbox 1281 1099 1577 1143; x_wconf 91' lang='lat' dir='ltr'><strong>nonnemo</strong></span> <span class='ocrx_word' id='word_1_44' title='bbox 1613 1075 1994 1160; x_wconf 78' lang='lat' dir='ltr'><strong>existimabit,</strong></span> <span class='ocrx_word' id='word_1_45' title='bbox 2023 1085 2133 1146; x_wconf 91' lang='lat' dir='ltr'><strong>ad-</strong></span> 
     </span>
    </p>
   </div>
   <div class='ocr_carea' id='block_1_9' title="bbox 486 1163 2130 1245">
    <p class='ocr_par' dir='ltr' id='par_1_9' title="bbox 486 1163 2130 1245">
     <span class='ocr_line' id='line_1_9' title="bbox 486 1163 2130 1245; baseline 0.009 -23"><span class='ocrx_word' id='word_1_46' title='bbox 486 1163 704 1244; x_wconf 84' lang='lat' dir='ltr'><strong>scripta</strong></span> <span class='ocrx_word' id='word_1_47' title='bbox 737 1167 1077 1229; x_wconf 87' lang='lat' dir='ltr'><strong>testimonia</strong></span> <span class='ocrx_word' id='word_1_48' title='bbox 1104 1169 1414 1232; x_wconf 88' lang='lat' dir='ltr'><strong>videantur</strong></span> <span class='ocrx_word' id='word_1_49' title='bbox 1467 1171 1682 1233; x_wconf 90' lang='lat' dir='ltr'><strong>rationi</strong></span> <span class='ocrx_word' id='word_1_50' title='bbox 1712 1183 2130 1245; x_wconf 68' lang='lat' dir='ltr'><strong>consentanea,</strong></span> 
     </span>
    </p>
   </div>
   <div class='ocr_carea' id='block_1_10' title="bbox 486 1255 2128 1326">
    <p class='ocr_par' dir='ltr' id='par_1_10' title="bbox 486 1255 2128 1326">
     <span class='ocr_line' id='line_1_10' title="bbox 486 1255 2128 1326; baseline 0.01 -16"><span class='ocrx_word' id='word_1_51' title='bbox 486 1261 620 1314; x_wconf 91' lang='lat' dir='ltr'><strong>sunt</strong></span> <span class='ocrx_word' id='word_1_52' title='bbox 655 1255 1044 1318; x_wconf 89' lang='lat' dir='ltr'><strong>nihilominus</strong></span> <span class='ocrx_word' id='word_1_53' title='bbox 1069 1257 1128 1318; x_wconf 91' lang='lat' dir='ltr'><strong>in</strong></span> <span class='ocrx_word' id='word_1_54' title='bbox 1147 1259 1515 1321; x_wconf 90' lang='lat' dir='ltr'><strong>concinnatis</strong></span> <span class='ocrx_word' id='word_1_55' title='bbox 1531 1260 1624 1321; x_wconf 53' lang='lat' dir='ltr'><strong>adi</strong></span> <span class='ocrx_word' id='word_1_56' title='bbox 1645 1279 1812 1324; x_wconf 89' lang='lat' dir='ltr'><strong>ersus</strong></span> <span class='ocrx_word' id='word_1_57' title='bbox 1832 1265 2128 1326; x_wconf 80' lang='lat' dir='ltr'><strong>Romanos</strong></span> 
     </span>
    </p>
   </div>
   <div class='ocr_carea' id='block_1_11' title="bbox 484 1349 2122 1438">
    <p class='ocr_par' dir='ltr' id='par_1_11' title="bbox 484 1349 2122 1438">
     <span class='ocr_line' id='line_1_11' title="bbox 484 1349 2122 1438; baseline 0.008 -33"><span class='ocrx_word' id='word_1_58' title='bbox 484 1349 928 1410; x_wconf 89' lang='lat' dir='ltr'><strong>commentariis</strong></span> <span class='ocrx_word' id='word_1_59' title='bbox 949 1350 1198 1412; x_wconf 87' lang='lat' dir='ltr'><strong>divorsis</strong></span> <span class='ocrx_word' id='word_1_60' title='bbox 1218 1351 1583 1432; x_wconf 90' lang='lat' dir='ltr'><strong>temporibus</strong></span> <span class='ocrx_word' id='word_1_61' title='bbox 1613 1363 1811 1434; x_wconf 85' lang='lat' dir='ltr'><strong>partes</strong></span> <span class='ocrx_word' id='word_1_62' title='bbox 1832 1357 2122 1438; x_wconf 63' lang='lat' dir='ltr'><strong>quaedam,</strong></span> 
     </span>
    </p>
   </div>
   <div class='ocr_carea' id='block_1_12' title="bbox 484 1441 2124 1521">
    <p class='ocr_par' dir='ltr' id='par_1_12' title="bbox 484 1441 2124 1521">
     <span class='ocr_line' id='line_1_12' title="bbox 484 1441 2124 1521; baseline 0.008 -27"><span class='ocrx_word' id='word_1_63' title='bbox 484 1453 630 1514; x_wconf 86' lang='lat' dir='ltr'><strong>quas</strong></span> <span class='ocrx_word' id='word_1_64' title='bbox 687 1454 866 1517; x_wconf 89' lang='lat' dir='ltr'><strong>supra</strong></span> <span class='ocrx_word' id='word_1_65' title='bbox 915 1441 1238 1518; x_wconf 88' lang='lat' dir='ltr'><strong>posuimus,</strong></span> <span class='ocrx_word' id='word_1_66' title='bbox 1288 1441 1552 1502; x_wconf 86' lang='lat' dir='ltr'><strong>veritatis</strong></span> <span class='ocrx_word' id='word_1_67' title='bbox 1611 1443 1726 1503; x_wconf 89' lang='lat' dir='ltr'><strong>vim</strong></span> <span class='ocrx_word' id='word_1_68' title='bbox 1760 1445 2124 1521; x_wconf 89' lang='lat' dir='ltr'><strong>occulentes,</strong></span> 
     </span>
    </p>
   </div>
   <div class='ocr_carea' id='block_1_13' title="bbox 486 1521 2132 1610">
    <p class='ocr_par' dir='ltr' id='par_1_13' title="bbox 486 1521 2132 1610">
     <span class='ocr_line' id='line_1_13' title="bbox 486 1521 2132 1610; baseline 0.01 -29"><span class='ocrx_word' id='word_1_69' title='bbox 486 1521 617 1602; x_wconf 90' lang='lat' dir='ltr'><strong>ipsa</strong></span> <span class='ocrx_word' id='word_1_70' title='bbox 645 1523 850 1586; x_wconf 90' lang='lat' dir='ltr'><strong>eadem</strong></span> <span class='ocrx_word' id='word_1_71' title='bbox 884 1529 1266 1608; x_wconf 70' lang='lat' dir='ltr'><strong>scripta,quae</strong></span> <span class='ocrx_word' id='word_1_72' title='bbox 1295 1531 1623 1610; x_wconf 89' lang='lat' dir='ltr'><strong>usquedum</strong></span> <span class='ocrx_word' id='word_1_73' title='bbox 1652 1532 1722 1594; x_wconf 89' lang='lat' dir='ltr'><strong>ad</strong></span> <span class='ocrx_word' id='word_1_74' title='bbox 1755 1541 1984 1596; x_wconf 88' lang='lat' dir='ltr'><strong>nostras</strong></span> <span class='ocrx_word' id='word_1_75' title='bbox 2009 1553 2132 1597; x_wconf 88' lang='lat' dir='ltr'><strong>ma-</strong></span> 
     </span>
    </p>
   </div>
   <div class='ocr_carea' id='block_1_14' title="bbox 489 1615 2129 1696">
    <p class='ocr_par' dir='ltr' id='par_1_14' title="bbox 489 1615 2129 1696">
     <span class='ocr_line' id='line_1_14' title="bbox 489 1615 2129 1696; baseline 0.008 -24"><span class='ocrx_word' id='word_1_76' title='bbox 489 1629 601 1674; x_wconf 90' lang='lat' dir='ltr'><strong>nus</strong></span> <span class='ocrx_word' id='word_1_77' title='bbox 633 1615 1050 1692; x_wconf 86' lang='lat' dir='ltr'><strong>pervenere,in</strong></span> <span class='ocrx_word' id='word_1_78' title='bbox 1083 1617 1343 1680; x_wconf 89' lang='lat' dir='ltr'><strong>medium</strong></span> <span class='ocrx_word' id='word_1_79' title='bbox 1374 1619 1671 1681; x_wconf 77' lang='lat' dir='ltr'><strong>alferenda</strong></span> <span class='ocrx_word' id='word_1_80' title='bbox 1702 1629 1859 1696; x_wconf 88' lang='lat' dir='ltr'><strong>sunt,</strong></span> <span class='ocrx_word' id='word_1_81' title='bbox 1913 1632 1969 1683; x_wconf 90' lang='lat' dir='ltr'><strong>et</strong></span> <span class='ocrx_word' id='word_1_82' title='bbox 1999 1623 2129 1685; x_wconf 89' lang='lat' dir='ltr'><strong>sin-</strong></span> 
     </span>
    </p>
   </div>
   <div class='ocr_carea' id='block_1_15' title="bbox 484 1699 2131 1786">
    <p class='ocr_par' dir='ltr' id='par_1_15' title="bbox 484 1699 2131 1786">
     <span class='ocr_line' id='line_1_15' title="bbox 484 1699 2131 1786; baseline 0.009 -26"><span class='ocrx_word' id='word_1_83' title='bbox 484 1699 635 1776; x_wconf 69' lang='lat' dir='ltr'><strong>gulae</strong></span> <span class='ocrx_word' id='word_1_84' title='bbox 695 1711 890 1782; x_wconf 87' lang='lat' dir='ltr'><strong>partes</strong></span> <span class='ocrx_word' id='word_1_85' title='bbox 941 1722 1048 1764; x_wconf 90' lang='lat' dir='ltr'><strong>suo</strong></span> <span class='ocrx_word' id='word_1_86' title='bbox 1101 1705 1313 1767; x_wconf 87' lang='lat' dir='ltr'><strong>ordine</strong></span> <span class='ocrx_word' id='word_1_87' title='bbox 1367 1707 1615 1768; x_wconf 89' lang='lat' dir='ltr'><strong>orationi</strong></span> <span class='ocrx_word' id='word_1_88' title='bbox 1666 1709 2018 1786; x_wconf 64' lang='lat' dir='ltr'><strong>inserendas,</strong></span> <span class='ocrx_word' id='word_1_89' title='bbox 2072 1721 2131 1775; x_wconf 89' lang='lat' dir='ltr'><strong>et</strong></span> 
     </span>
    </p>
   </div>
   <div class='ocr_carea' id='block_1_16' title="bbox 1567 324 2808 393">
    <p class='ocr_par' dir='ltr' id='par_1_16' title="bbox 1567 324 2808 393">
     <span class='ocr_line' id='line_1_16' title="bbox 1567 324 2808 393; baseline 0.003 -7"><span class='ocrx_word' id='word_1_90' title='bbox 1567 326 1835 389; x_wconf 83' lang='lat' dir='ltr'><strong>JOANN.</strong></span> <span class='ocrx_word' id='word_1_91' title='bbox 1874 324 2091 390; x_wconf 83' lang='lat' dir='ltr'><strong>VECCI</strong></span> <span class='ocrx_word' id='word_1_92' title='bbox 2120 329 2237 390; x_wconf 78' lang='grc' dir='ltr'><strong>ΟΡ.</strong></span> <span class='ocrx_word' id='word_1_93' title='bbox 2273 329 2808 393; x_wconf 68' lang='grc' dir='ltr'><strong>ΡΑἸἪΙΑΗΕΗΑΞ.</strong></span> 
     </span>
    </p>
   </div>
   <div class='ocr_carea' id='block_1_17' title="bbox 569 452 2184 539">
    <p class='ocr_par' dir='ltr' id='par_1_17' title="bbox 569 452 2184 539">
     <span class='ocr_line' id='line_1_17' title="bbox 569 452 2184 539; baseline 0.004 -23"><span class='ocrx_word' id='word_1_94' title='bbox 569 452 664 516; x_wconf 75' lang='grc'><strong>34.</strong></span> <span class='ocrx_word' id='word_1_95' title='bbox 700 455 946 528; x_wconf 86' lang='lat' dir='ltr'><strong>Quando</strong></span> <span class='ocrx_word' id='word_1_96' title='bbox 975 475 1113 518; x_wconf 87' lang='lat' dir='ltr'><strong>vero</strong></span> <span class='ocrx_word' id='word_1_97' title='bbox 1143 457 1203 518; x_wconf 91' lang='lat' dir='ltr'><strong>in</strong></span> <span class='ocrx_word' id='word_1_98' title='bbox 1237 457 1532 539; x_wconf 90' lang='lat' dir='ltr'><strong>principio</strong></span> <span class='ocrx_word' id='word_1_99' title='bbox 1553 460 1676 521; x_wconf 66' lang='lat' dir='ltr'><strong>haec</strong></span> <span class='ocrx_word' id='word_1_100' title='bbox 1695 462 1893 523; x_wconf 84' lang='lat' dir='ltr'><strong>nostra</strong></span> <span class='ocrx_word' id='word_1_101' title='bbox 1910 462 2120 531; x_wconf 86' lang='lat' dir='ltr'><strong>oratio,</strong></span> <span class='ocrx_word' id='word_1_102' title='bbox 2147 469 2184 517; x_wconf 82' lang='grc' dir='ltr'><strong>Α</strong></span> 
     </span>
    </p>
   </div>
   <div class='ocr_carea' id='block_1_18' title="bbox 3779 326 3878 391">
    <p class='ocr_par' dir='ltr' id='par_1_18' title="bbox 3779 326 3878 391">
     <span class='ocr_line' id='line_1_18' title="bbox 3779 326 3878 391; baseline 0.01 -1"><span class='ocrx_word' id='word_1_103' title='bbox 3779 326 3878 391; x_wconf 86' lang='grc'>96</span> 
     </span>
    </p>
   </div>
   <div class='ocr_carea' id='block_1_19' title="bbox 2289 453 3878 544">
    <p class='ocr_par' dir='ltr' id='par_1_19' title="bbox 2289 453 3878 544">
     <span class='ocr_line' id='line_1_19' title="bbox 2289 453 3878 544; baseline 0.004 -28"><span class='ocrx_word' id='word_1_104' title='bbox 2289 453 2391 524; x_wconf 79' lang='grc' dir='ltr'>λδ’,</span> <span class='ocrx_word' id='word_1_105' title='bbox 2428 460 2575 520; x_wconf 82' lang='grc' dir='ltr'>Ἐπεὶ</span> <span class='ocrx_word' id='word_1_106' title='bbox 2618 462 2662 519; x_wconf 82' lang='grc' dir='ltr'><strong>δ’</strong></span> <span class='ocrx_word' id='word_1_107' title='bbox 2709 465 2762 520; x_wconf 81' lang='grc' dir='ltr'><strong>ἐν</strong></span> <span class='ocrx_word' id='word_1_108' title='bbox 2808 465 3008 544; x_wconf 77' lang='grc' dir='ltr'>ἀρχαῖς</span> <span class='ocrx_word' id='word_1_109' title='bbox 3081 467 3108 520; x_wconf 92' lang='lat'><strong>6</strong></span> <span class='ocrx_word' id='word_1_110' title='bbox 3156 467 3335 542; x_wconf 86' lang='grc' dir='ltr'>παρὼν</span> <span class='ocrx_word' id='word_1_111' title='bbox 3393 468 3542 530; x_wconf 85' lang='grc' dir='ltr'>οὗτος</span> <span class='ocrx_word' id='word_1_112' title='bbox 3600 464 3878 543; x_wconf 76' lang='grc' dir='ltr'>ἡμετέρος</span> 
     </span>
    </p>
   </div>
   <div class='ocr_carea' id='block_1_20' title="bbox 2214 549 3874 632">
    <p class='ocr_par' dir='ltr' id='par_1_20' title="bbox 2214 549 3874 632">
     <span class='ocr_line' id='line_1_20' title="bbox 2214 549 3874 632; baseline -0.001 -26"><span class='ocrx_word' id='word_1_113' title='bbox 2214 549 2368 629; x_wconf 78' lang='grc' dir='ltr'>λόγος</span> <span class='ocrx_word' id='word_1_114' title='bbox 2437 555 2565 632; x_wconf 80' lang='grc' dir='ltr'>πρὸς</span> <span class='ocrx_word' id='word_1_115' title='bbox 2633 561 2700 628; x_wconf 71' lang='grc' dir='ltr'>τῇ</span> <span class='ocrx_word' id='word_1_116' title='bbox 2760 553 2953 610; x_wconf 84' lang='grc' dir='ltr'>ἐκθέσει</span> <span class='ocrx_word' id='word_1_117' title='bbox 3012 557 3115 609; x_wconf 80' lang='grc' dir='ltr'>τῶν</span> <span class='ocrx_word' id='word_1_118' title='bbox 3193 555 3397 631; x_wconf 64' lang='grc' dir='ltr'>ῥήσεων</span> <span class='ocrx_word' id='word_1_119' title='bbox 3478 551 3874 630; x_wconf 68' lang='grc' dir='ltr'><strong>ἐπηγγείλατο,</strong></span> 
     </span>
    </p>
   </div>
   <div class='ocr_carea' id='block_1_21' title="bbox 2215 641 3878 722">
    <p class='ocr_par' dir='ltr' id='par_1_21' title="bbox 2215 641 3878 722">
     <span class='ocr_line' id='line_1_21' title="bbox 2215 641 3878 722; baseline -0.001 -26"><span class='ocrx_word' id='word_1_120' title='bbox 2215 643 2449 706; x_wconf 79' lang='grc' dir='ltr'>καὶτοὺς</span> <span class='ocrx_word' id='word_1_121' title='bbox 2505 649 2597 698; x_wconf 75' lang='grc' dir='ltr'>τοῦ</span> <span class='ocrx_word' id='word_1_122' title='bbox 2651 645 2946 721; x_wconf 52' lang='grc' dir='ltr'>σχῖσματος</span> <span class='ocrx_word' id='word_1_123' title='bbox 2997 642 3292 722; x_wconf 62' lang='grc' dir='ltr'>ἀρχηγοὺς,</span> <span class='ocrx_word' id='word_1_124' title='bbox 3353 644 3441 698; x_wconf 85' lang='grc' dir='ltr'><strong>καὶ</strong></span> <span class='ocrx_word' id='word_1_125' title='bbox 3496 641 3608 698; x_wconf 80' lang='grc' dir='ltr'>ὅσοι</span> <span class='ocrx_word' id='word_1_126' title='bbox 3653 642 3878 702; x_wconf 78' lang='grc' dir='ltr'><strong>τούτοις</strong></span> 
     </span>
    </p>
   </div>
   <div class='ocr_carea' id='block_1_22' title="bbox 2218 728 3880 809">
    <p class='ocr_par' dir='ltr' id='par_1_22' title="bbox 2218 728 3880 809">
     <span class='ocr_line' id='line_1_22' title="bbox 2218 728 3880 809; baseline -0.002 -25"><span class='ocrx_word' id='word_1_127' title='bbox 2218 728 2671 809; x_wconf 78' lang='grc' dir='ltr'>ἐπηκολούθησαν,</span> <span class='ocrx_word' id='word_1_128' title='bbox 2744 729 3025 808; x_wconf 80' lang='grc' dir='ltr'>ἁπελέγξαι</span> <span class='ocrx_word' id='word_1_129' title='bbox 3097 734 3170 792; x_wconf 78' lang='grc' dir='ltr'><strong>ως</strong></span> <span class='ocrx_word' id='word_1_130' title='bbox 3229 729 3370 786; x_wconf 64' lang='grc' dir='ltr'>οὐδὲν</span> <span class='ocrx_word' id='word_1_131' title='bbox 3428 730 3570 808; x_wconf 76' lang='grc' dir='ltr'>ὑγιὲς</span> <span class='ocrx_word' id='word_1_132' title='bbox 3613 732 3699 785; x_wconf 79' lang='grc' dir='ltr'><strong>καὶ</strong></span> <span class='ocrx_word' id='word_1_133' title='bbox 3757 734 3880 793; x_wconf 74' lang='grc' dir='ltr'><strong>τῆς</strong></span> 
     </span>
    </p>
   </div>
   <div class='ocr_carea' id='block_1_23' title="bbox 2219 816 3878 900">
    <p class='ocr_par' dir='ltr' id='par_1_23' title="bbox 2219 816 3878 900">
     <span class='ocr_line' id='line_1_23' title="bbox 2219 816 3878 900; baseline -0.002 -26"><span class='ocrx_word' id='word_1_134' title='bbox 2219 816 2464 900; x_wconf 76' lang='grc' dir='ltr'>ἅληθείας</span> <span class='ocrx_word' id='word_1_135' title='bbox 2508 819 2768 898; x_wconf 80' lang='grc' dir='ltr'>ἐχόμενον</span> <span class='ocrx_word' id='word_1_136' title='bbox 2815 832 2992 893; x_wconf 87' lang='grc' dir='ltr'>ετπον,</span> <span class='ocrx_word' id='word_1_137' title='bbox 3037 819 3120 900; x_wconf 70' lang='grc' dir='ltr'><strong>ἐφ’</strong></span> <span class='ocrx_word' id='word_1_138' title='bbox 3177 823 3261 882; x_wconf 86' lang='grc' dir='ltr'><strong>οἷς</strong></span> <span class='ocrx_word' id='word_1_139' title='bbox 3319 820 3690 898; x_wconf 77' lang='grc' dir='ltr'><strong>συγγράμμασι</strong></span> <span class='ocrx_word' id='word_1_140' title='bbox 3723 818 3878 875; x_wconf 79' lang='grc' dir='ltr'><strong>κατᾶ</strong></span> 
     </span>
    </p>
   </div>
   <div class='ocr_carea' id='block_1_24' title="bbox 2217 897 3877 987">
    <p class='ocr_par' dir='ltr' id='par_1_24' title="bbox 2217 897 3877 987">
     <span class='ocr_line' id='line_1_24' title="bbox 2217 897 3877 987; baseline 0.002 -25"><span class='ocrx_word' id='word_1_141' title='bbox 2217 913 2316 974; x_wconf 80' lang='grc' dir='ltr'>τῆς</span> <span class='ocrx_word' id='word_1_142' title='bbox 2403 897 2707 982; x_wconf 75' lang='grc' dir='ltr'>Ῥωμαϊκῆς</span> <span class='ocrx_word' id='word_1_143' title='bbox 2794 897 3112 975; x_wconf 27' lang='grc' dir='ltr'>Ἐκκλησία-ς</span> <span class='ocrx_word' id='word_1_144' title='bbox 3194 910 3324 987; x_wconf 82' lang='grc' dir='ltr'>πρὸς</span> <span class='ocrx_word' id='word_1_145' title='bbox 3396 897 3516 972; x_wconf 66' lang='grc' dir='ltr'>τοὺς</span> <span class='ocrx_word' id='word_1_146' title='bbox 3576 907 3877 986; x_wconf 67' lang='grc' dir='ltr'><strong>ὀψιγόνους⁹</strong></span> 
     </span>
    </p>
   </div>
   <div class='ocr_carea' id='block_1_25' title="bbox 2218 994 3878 1078">
    <p class='ocr_par' dir='ltr' id='par_1_25' title="bbox 2218 994 3878 1078">
     <span class='ocr_line' id='line_1_25' title="bbox 2218 994 3878 1078; baseline -0.001 -27"><span class='ocrx_word' id='word_1_147' title='bbox 2218 994 2627 1052; x_wconf 79' lang='grc' dir='ltr'>καταλελοίπασι</span> <span class='ocrx_word' id='word_1_148' title='bbox 2662 1017 2676 1032; x_wconf 87' lang='grc'>⁶</span> <span class='ocrx_word' id='word_1_149' title='bbox 2732 998 2854 1078; x_wconf 76' lang='grc' dir='ltr'>φέρε</span> <span class='ocrx_word' id='word_1_150' title='bbox 2885 995 2950 1065; x_wconf 79' lang='grc' dir='ltr'><strong>δὴ</strong></span> <span class='ocrx_word' id='word_1_151' title='bbox 3007 1000 3093 1053; x_wconf 78' lang='grc' dir='ltr'>καὶ</span> <span class='ocrx_word' id='word_1_152' title='bbox 3148 1000 3210 1054; x_wconf 67' lang='grc' dir='ltr'>τὸ</span> <span class='ocrx_word' id='word_1_153' title='bbox 3269 996 3506 1076; x_wconf 71' lang='grc' dir='ltr'>δεύτερον</span> <span class='ocrx_word' id='word_1_154' title='bbox 3535 1003 3626 1054; x_wconf 77' lang='grc' dir='ltr'>τοῦ</span> <span class='ocrx_word' id='word_1_155' title='bbox 3665 996 3878 1077; x_wconf 78' lang='grc' dir='ltr'>χρέους</span> 
     </span>
    </p>
   </div>
   <div class='ocr_carea' id='block_1_26' title="bbox 2217 1075 3879 1165">
    <p class='ocr_par' dir='ltr' id='par_1_26' title="bbox 2217 1075 3879 1165">
     <span class='ocr_line' id='line_1_26' title="bbox 2217 1075 3879 1165; baseline 0 -26"><span class='ocrx_word' id='word_1_156' title='bbox 2217 1085 2562 1164; x_wconf 71' lang='grc' dir='ltr'>ἀφοσιωτέον,</span> <span class='ocrx_word' id='word_1_157' title='bbox 2599 1075 2721 1144; x_wconf 74' lang='lat' dir='ltr'><strong>Ulvz</strong></span> <span class='ocrx_word' id='word_1_158' title='bbox 2765 1088 2866 1165; x_wconf 72' lang='grc' dir='ltr'><strong>γὰρ</strong></span> <span class='ocrx_word' id='word_1_159' title='bbox 2896 1087 2972 1160; x_wconf 81' lang='grc' dir='ltr'>μή</span> <span class='ocrx_word' id='word_1_160' title='bbox 3003 1107 3084 1149; x_wconf 82' lang='grc' dir='ltr'><strong>τις</strong></span> <span class='ocrx_word' id='word_1_161' title='bbox 3139 1087 3402 1159; x_wconf 77' lang='grc' dir='ltr'>οἷήσαιτο,</span> <span class='ocrx_word' id='word_1_162' title='bbox 3467 1088 3564 1158; x_wconf 86' lang='grc' dir='ltr'><strong>ὡς,</strong></span> <span class='ocrx_word' id='word_1_163' title='bbox 3605 1087 3648 1140; x_wconf 73' lang='grc' dir='ltr'>εἰ</span> <span class='ocrx_word' id='word_1_164' title='bbox 3679 1086 3765 1140; x_wconf 83' lang='grc' dir='ltr'><strong>καὶ</strong></span> <span class='ocrx_word' id='word_1_165' title='bbox 3797 1084 3879 1141; x_wconf 80' lang='grc' dir='ltr'>τὰ</span> 
     </span>
    </p>
   </div>
   <div class='ocr_carea' id='block_1_27' title="bbox 2216 1171 3874 1254">
    <p class='ocr_par' dir='ltr' id='par_1_27' title="bbox 2216 1171 3874 1254">
     <span class='ocr_line' id='line_1_27' title="bbox 2216 1171 3874 1254; baseline 0 -26"><span class='ocrx_word' id='word_1_166' title='bbox 2216 1173 2554 1252; x_wconf 73' lang='grc' dir='ltr'>ἀναγεγραμμ</span> <span class='ocrx_word' id='word_1_167' title='bbox 2567 1174 2655 1230; x_wconf 72' lang='grc' dir='ltr'><strong>ένα</strong></span> <span class='ocrx_word' id='word_1_168' title='bbox 2683 1174 2818 1252; x_wconf 80' lang='grc' dir='ltr'><strong>ῥητὰ</strong></span> <span class='ocrx_word' id='word_1_169' title='bbox 2846 1177 2965 1254; x_wconf 67' lang='grc' dir='ltr'>ἔχει</span> <span class='ocrx_word' id='word_1_170' title='bbox 2996 1177 3055 1231; x_wconf 85' lang='grc' dir='ltr'>τὸ</span> <span class='ocrx_word' id='word_1_171' title='bbox 3109 1173 3479 1254; x_wconf 70' lang='grc' dir='ltr'>εὖλογοφανὲς.</span> <span class='ocrx_word' id='word_1_172' title='bbox 3531 1172 3669 1229; x_wconf 80' lang='grc' dir='ltr'>ἔστιν</span> <span class='ocrx_word' id='word_1_173' title='bbox 3711 1171 3874 1247; x_wconf 82' lang='grc' dir='ltr'>ὅμως</span> 
     </span>
    </p>
   </div>
   <div class='ocr_carea' id='block_1_28' title="bbox 2213 1261 3876 1343">
    <p class='ocr_par' dir='ltr' id='par_1_28' title="bbox 2213 1261 3876 1343">
     <span class='ocr_line' id='line_1_28' title="bbox 2213 1261 3876 1343; baseline -0.001 -27"><span class='ocrx_word' id='word_1_174' title='bbox 2213 1263 2267 1316; x_wconf 75' lang='grc' dir='ltr'>ἒν</span> <span class='ocrx_word' id='word_1_175' title='bbox 2295 1275 2413 1326; x_wconf 76' lang='grc' dir='ltr'>τοῖς</span> <span class='ocrx_word' id='word_1_176' title='bbox 2465 1265 2600 1320; x_wconf 78' lang='grc' dir='ltr'>κατὰ</span> <span class='ocrx_word' id='word_1_177' title='bbox 2661 1261 2936 1342; x_wconf 78' lang='grc' dir='ltr'>διαφόρους</span> <span class='ocrx_word' id='word_1_178' title='bbox 2994 1265 3212 1343; x_wconf 76' lang='grc' dir='ltr'>καιροὺς</span> <span class='ocrx_word' id='word_1_179' title='bbox 3256 1263 3512 1319; x_wconf 80' lang='grc' dir='ltr'>ἐκτεθεϊσι</span> <span class='ocrx_word' id='word_1_180' title='bbox 3571 1263 3708 1318; x_wconf 72' lang='grc' dir='ltr'>κατὰ</span> <span class='ocrx_word' id='word_1_181' title='bbox 3752 1267 3876 1318; x_wconf 81' lang='grc' dir='ltr'><strong>τῶν</strong></span> 
     </span>
    </p>
   </div>
   <div class='ocr_carea' id='block_1_29' title="bbox 2214 1339 3871 1429">
    <p class='ocr_par' dir='ltr' id='par_1_29' title="bbox 2214 1339 3871 1429">
     <span class='ocr_line' id='line_1_29' title="bbox 2214 1339 3871 1429; baseline -0.001 -23"><span class='ocrx_word' id='word_1_182' title='bbox 2214 1339 2483 1423; x_wconf 75' lang='grc' dir='ltr'>Ῥωμαίων</span> <span class='ocrx_word' id='word_1_183' title='bbox 2548 1339 2919 1428; x_wconf 78' lang='grc' dir='ltr'>συγγράμμασι</span> <span class='ocrx_word' id='word_1_184' title='bbox 3006 1339 3149 1416; x_wconf 60' lang='grc' dir='ltr'>τινας</span> <span class='ocrx_word' id='word_1_185' title='bbox 3259 1355 3528 1429; x_wconf 72' lang='grc' dir='ltr'>εὑρεθῆναι</span> <span class='ocrx_word' id='word_1_186' title='bbox 3635 1371 3871 1428; x_wconf 84' lang='grc' dir='ltr'>περικο-</span> 
     </span>
    </p>
   </div>
   <div class='ocr_carea' id='block_1_30' title="bbox 2209 1437 3873 1520">
    <p class='ocr_par' dir='ltr' id='par_1_30' title="bbox 2209 1437 3873 1520">
     <span class='ocr_line' id='line_1_30' title="bbox 2209 1437 3873 1520; baseline 0 -28"><span class='ocrx_word' id='word_1_187' title='bbox 2209 1439 2312 1501; x_wconf 80' lang='grc' dir='ltr'><strong>πὰς</strong></span> <span class='ocrx_word' id='word_1_188' title='bbox 2393 1439 2452 1494; x_wconf 82' lang='grc' dir='ltr'>τὸ</span> <span class='ocrx_word' id='word_1_189' title='bbox 2566 1438 2914 1520; x_wconf 67' lang='grc' dir='ltr'>εὔλογοφανές</span> <span class='ocrx_word' id='word_1_190' title='bbox 3013 1447 3118 1496; x_wconf 81' lang='grc' dir='ltr'>τῶν</span> <span class='ocrx_word' id='word_1_191' title='bbox 3201 1437 3706 1519; x_wconf 83' lang='grc' dir='ltr'>προανατεταμένων</span> <span class='ocrx_word' id='word_1_192' title='bbox 3785 1442 3873 1511; x_wconf 83' lang='grc' dir='ltr'>τῷ</span> 
     </span>
    </p>
   </div>
   <div class='ocr_carea' id='block_1_31' title="bbox 2210 1524 3870 1608">
    <p class='ocr_par' dir='ltr' id='par_1_31' title="bbox 2210 1524 3870 1608">
     <span class='ocr_line' id='line_1_31' title="bbox 2210 1524 3870 1608; baseline -0.001 -26"><span class='ocrx_word' id='word_1_193' title='bbox 2210 1527 2447 1605; x_wconf 82' lang='grc' dir='ltr'>περιόντι</span> <span class='ocrx_word' id='word_1_194' title='bbox 2513 1533 2610 1595; x_wconf 80' lang='grc' dir='ltr'><strong>τῆς</strong></span> <span class='ocrx_word' id='word_1_195' title='bbox 2695 1528 2940 1596; x_wconf 84' lang='grc' dir='ltr'>ἀληθείας</span> <span class='ocrx_word' id='word_1_196' title='bbox 3026 1528 3204 1608; x_wconf 82' lang='grc' dir='ltr'>ὥσπερ</span> <span class='ocrx_word' id='word_1_197' title='bbox 3274 1527 3715 1607; x_wconf 71' lang='grc' dir='ltr'>ἐπικρυπτούσας,</span> <span class='ocrx_word' id='word_1_198' title='bbox 3775 1524 3870 1582; x_wconf 75' lang='grc' dir='ltr'><strong>δεῖ</strong></span> 
     </span>
    </p>
   </div>
   <div class='ocr_carea' id='block_1_32' title="bbox 2210 1614 3866 1696">
    <p class='ocr_par' dir='ltr' id='par_1_32' title="bbox 2210 1614 3866 1696">
     <span class='ocr_line' id='line_1_32' title="bbox 2210 1614 3866 1696; baseline 0 -26"><span class='ocrx_word' id='word_1_199' title='bbox 2210 1617 2298 1671; x_wconf 82' lang='grc' dir='ltr'>καὶ</span> <span class='ocrx_word' id='word_1_200' title='bbox 2373 1617 2530 1680; x_wconf 74' lang='grc' dir='ltr'>αὐτὰς</span> <span class='ocrx_word' id='word_1_201' title='bbox 2588 1618 2777 1682; x_wconf 79' lang='grc' dir='ltr'>ταύτας</span> <span class='ocrx_word' id='word_1_202' title='bbox 2849 1618 2944 1680; x_wconf 77' lang='grc' dir='ltr'>τὰς</span> <span class='ocrx_word' id='word_1_203' title='bbox 3015 1619 3241 1696; x_wconf 70' lang='grc' dir='ltr'>γραφὰς,</span> <span class='ocrx_word' id='word_1_204' title='bbox 3315 1616 3462 1680; x_wconf 80' lang='grc' dir='ltr'>ὅσαις</span> <span class='ocrx_word' id='word_1_205' title='bbox 3534 1614 3668 1678; x_wconf 85' lang='grc' dir='ltr'>τέως</span> <span class='ocrx_word' id='word_1_206' title='bbox 3722 1617 3866 1690; x_wconf 78' lang='grc' dir='ltr'>ἡμῖν</span> 
     </span>
    </p>
   </div>
   <div class='ocr_carea' id='block_1_33' title="bbox 2213 1701 3867 1786">
    <p class='ocr_par' dir='ltr' id='par_1_33' title="bbox 2213 1701 3867 1786">
     <span class='ocr_line' id='line_1_33' title="bbox 2213 1701 3867 1786; baseline 0.03 -30"><span class='ocrx_word' id='word_1_207' title='bbox 2213 1701 2473 1782; x_wconf 71' lang='grc' dir='ltr'>ἐξεγένετο</span> <span class='ocrx_word' id='word_1_208' title='bbox 2530 1705 2797 1786; x_wconf 69' lang='grc' dir='ltr'>ἐνωχεῖν,</span> <span class='ocrx_word' id='word_1_209' title='bbox 2871 1706 2955 1762; x_wconf 74' lang='grc' dir='ltr'><strong>ἐπὶ</strong></span> <span class='ocrx_word' id='word_1_210' title='bbox 3024 1713 3114 1762; x_wconf 75' lang='grc' dir='ltr'><strong>τοῦ</strong></span> <span class='ocrx_word' id='word_1_211' title='bbox 3171 1706 3330 1781; x_wconf 58' lang='grc' dir='ltr'>μέσου</span> <span class='ocrx_word' id='word_1_212' title='bbox 3414 1708 3707 1782; x_wconf 66' lang='grc' dir='ltr'>προθεῖναι·</span> <span class='ocrx_word' id='word_1_213' title='bbox 3769 1706 3867 1760; x_wconf 64' lang='grc' dir='ltr'><strong>καί</strong></span> 
     </span>
    </p>
   </div>
   <div class='ocr_carea' id='block_1_34' title="bbox 485 1791 2128 1881">
    <p class='ocr_par' dir='ltr' id='par_1_34' title="bbox 485 1793 2127 1881">
     <span class='ocr_line' id='line_1_34' title="bbox 485 1793 2127 1881; baseline 0.008 -32"><span class='ocrx_word' id='word_1_214' title='bbox 485 1798 700 1881; x_wconf 74' lang='lat' dir='ltr'><strong>contra</strong></span> <span class='ocrx_word' id='word_1_215' title='bbox 721 1793 1165 1881; x_wconf 86' lang='lat' dir='ltr'><strong>opponendum,</strong></span> <span class='ocrx_word' id='word_1_216' title='bbox 1215 1795 1497 1876; x_wconf 83' lang='lat' dir='ltr'><strong>quidquid</strong></span> <span class='ocrx_word' id='word_1_217' title='bbox 1529 1797 1700 1858; x_wconf 83' lang='lat' dir='ltr'><strong>nobis</strong></span> <span class='ocrx_word' id='word_1_218' title='bbox 1730 1818 1800 1860; x_wconf 81' lang='lat' dir='ltr'><strong>ex</strong></span> <span class='ocrx_word' id='word_1_219' title='bbox 1832 1799 1951 1861; x_wconf 93' lang='lat' dir='ltr'><strong>Deo</strong></span> <span class='ocrx_word' id='word_1_220' title='bbox 1982 1821 2127 1881; x_wconf 92' lang='lat' dir='ltr'><strong>sup-</strong></span> 
     </span>
    </p>
   </div>
   <div class='ocr_carea' id='block_1_35' title="bbox 2217 1791 3862 1881">
    <p class='ocr_par' dir='ltr' id='par_1_35' title="bbox 2217 1791 3862 1874">
     <span class='ocr_line' id='line_1_35' title="bbox 2217 1791 3862 1874; baseline 0.001 -27"><span class='ocrx_word' id='word_1_221' title='bbox 2217 1791 2440 1860; x_wconf 76' lang='grc' dir='ltr'>ἐκᾶστην</span> <span class='ocrx_word' id='word_1_222' title='bbox 2534 1793 2946 1872; x_wconf 80' lang='grc' dir='ltr'>ἀναλεγομένους</span> <span class='ocrx_word' id='word_1_223' title='bbox 3032 1803 3348 1874; x_wconf 74' lang='grc' dir='ltr'>περικοπὴν,</span> <span class='ocrx_word' id='word_1_224' title='bbox 3423 1792 3679 1874; x_wconf 80' lang='grc' dir='ltr'>στιχηδὸν</span> <span class='ocrx_word' id='word_1_225' title='bbox 3757 1793 3862 1871; x_wconf 81' lang='grc' dir='ltr'>ἐγ-</span> 
     </span>
    </p>
   </div>
   <div class='ocr_carea' id='block_1_36' title="bbox 485 1877 2124 2028">
    <p class='ocr_par' dir='ltr' id='par_1_36' title="bbox 485 1877 2124 2028">
     <span class='ocr_line' id='line_1_36' title="bbox 485 1877 2124 2028; baseline 0.009 -91"><span class='ocrx_word' id='word_1_226' title='bbox 485 1877 868 2028; x_wconf 56' lang='grc' dir='ltr'>ρθόέίεώὶίυν,</span> <span class='ocrx_word' id='word_1_227' title='bbox 903 1889 958 1942; x_wconf 91' lang='lat' dir='ltr'><strong>et</strong></span> <span class='ocrx_word' id='word_1_228' title='bbox 982 1882 1054 1943; x_wconf 88' lang='lat' dir='ltr'><strong>ad</strong></span> <span class='ocrx_word' id='word_1_229' title='bbox 1086 1883 1372 1964; x_wconf 80' lang='lat' dir='ltr'><strong>cujusque</strong></span> <span class='ocrx_word' id='word_1_230' title='bbox 1422 1886 1729 1948; x_wconf 65' lang='lat' dir='ltr'><strong>sententiae</strong></span> <span class='ocrx_word' id='word_1_231' title='bbox 1757 1877 2124 1952; x_wconf 70' lang='lat' dir='ltr'><strong>eversionem</strong></span> 
     </span>
     <span class='ocr_line' id='line_1_37' title="bbox 485 1977 800 2028; baseline 0 0"><span class='ocrx_word' id='word_1_232' title='bbox 485 1983 592 2028; x_wconf 89' lang='lat' dir='ltr'><strong>con</strong></span> <span class='ocrx_word' id='word_1_233' title='bbox 645 1977 800 2028; x_wconf 91' lang='lat' dir='ltr'><strong>ucet.</strong></span> 
     </span>
    </p>
   </div>
   <div class='ocr_carea' id='block_1_37' title="bbox 485 1977 800 2029">
    <p class='ocr_par' dir='ltr' id='par_1_37' title="bbox 485 1977 800 2029">
     <span class='ocr_line' id='line_1_38' title="bbox 485 1977 800 2029; baseline 0.003 -1"><span class='ocrx_word' id='word_1_234' title='bbox 485 1977 800 2029; x_wconf 77' lang='lat' dir='ltr'><strong>conduceL</strong></span> 
     </span>
    </p>
   </div>
   <div class='ocr_carea' id='block_1_38' title="bbox 559 2143 2125 2232">
    <p class='ocr_par' dir='ltr' id='par_1_38' title="bbox 559 2143 2125 2232">
     <span class='ocr_line' id='line_1_39' title="bbox 559 2143 2125 2232; baseline 0.007 -25"><span class='ocrx_word' id='word_1_235' title='bbox 559 2143 658 2207; x_wconf 79' lang='grc'><strong>35.</strong></span> <span class='ocrx_word' id='word_1_236' title='bbox 692 2144 875 2224; x_wconf 84' lang='lat' dir='ltr'><strong>Igitur</strong></span> <span class='ocrx_word' id='word_1_237' title='bbox 899 2166 1032 2208; x_wconf 83' lang='lat' dir='ltr'><strong>cum</strong></span> <span class='ocrx_word' id='word_1_238' title='bbox 1060 2148 1323 2210; x_wconf 91' lang='lat' dir='ltr'><strong>omnium</strong></span> <span class='ocrx_word' id='word_1_239' title='bbox 1356 2150 1828 2232; x_wconf 80' lang='lat' dir='ltr'><strong>antiquissimum</strong></span> <span class='ocrx_word' id='word_1_240' title='bbox 1861 2155 2125 2218; x_wconf 83' lang='lat' dir='ltr'><strong>schisma</strong></span> 
     </span>
    </p>
   </div>
   <div class='ocr_carea' id='block_1_39' title="bbox 480 2233 2127 2323">
    <p class='ocr_par' dir='ltr' id='par_1_39' title="bbox 480 2233 2127 2323">
     <span class='ocr_line' id='line_1_40' title="bbox 480 2233 2127 2323; baseline 0.005 -28"><span class='ocrx_word' id='word_1_241' title='bbox 480 2233 724 2296; x_wconf 75' lang='lat' dir='ltr'><strong>l’hotius</strong></span> <span class='ocrx_word' id='word_1_242' title='bbox 783 2235 1174 2311; x_wconf 88' lang='lat' dir='ltr'><strong>suscitaverit,</strong></span> <span class='ocrx_word' id='word_1_243' title='bbox 1248 2238 1305 2299; x_wconf 93' lang='lat' dir='ltr'><strong>id</strong></span> <span class='ocrx_word' id='word_1_244' title='bbox 1364 2241 1649 2320; x_wconf 90' lang='lat' dir='ltr'><strong>temporis</strong></span> <span class='ocrx_word' id='word_1_245' title='bbox 1717 2243 2127 2323; x_wconf 72' lang='lat' dir='ltr'><strong>patria&#39;chalis</strong></span> 
     </span>
    </p>
   </div>
   <div class='ocr_carea' id='block_1_40' title="bbox 479 2323 2124 2411">
    <p class='ocr_par' dir='ltr' id='par_1_40' title="bbox 479 2323 2124 2411">
     <span class='ocr_line' id='line_1_41' title="bbox 479 2323 2124 2411; baseline 0.007 -27"><span class='ocrx_word' id='word_1_246' title='bbox 479 2323 780 2402; x_wconf 91' lang='lat' dir='ltr'><strong>Byzantini</strong></span> <span class='ocrx_word' id='word_1_247' title='bbox 829 2325 1024 2386; x_wconf 91' lang='lat' dir='ltr'><strong>throni</strong></span> <span class='ocrx_word' id='word_1_248' title='bbox 1052 2327 1319 2400; x_wconf 89' lang='lat' dir='ltr'><strong>antistes,</strong></span> <span class='ocrx_word' id='word_1_249' title='bbox 1371 2327 1643 2392; x_wconf 88' lang='lat' dir='ltr'><strong>inventor</strong></span> <span class='ocrx_word' id='word_1_250' title='bbox 1673 2331 1900 2411; x_wconf 91' lang='lat' dir='ltr'><strong>primus</strong></span> <span class='ocrx_word' id='word_1_251' title='bbox 1930 2343 1986 2394; x_wconf 92' lang='lat' dir='ltr'><strong>et</strong></span> <span class='ocrx_word' id='word_1_252' title='bbox 2019 2351 2124 2410; x_wconf 87' lang='lat' dir='ltr'><strong>pa-</strong></span> 
     </span>
    </p>
   </div>
   <div class='ocr_carea' id='block_1_41' title="bbox 475 2412 2128 2494">
    <p class='ocr_par' dir='ltr' id='par_1_41' title="bbox 475 2412 2128 2494">
     <span class='ocr_line' id='line_1_42' title="bbox 475 2412 2128 2494; baseline 0.007 -23"><span class='ocrx_word' id='word_1_253' title='bbox 475 2428 616 2472; x_wconf 91' lang='lat' dir='ltr'><strong>rens</strong></span> <span class='ocrx_word' id='word_1_254' title='bbox 643 2412 1136 2492; x_wconf 89' lang='lat' dir='ltr'><strong>propositionum,</strong></span> <span class='ocrx_word' id='word_1_255' title='bbox 1171 2433 1301 2494; x_wconf 62' lang='lat' dir='ltr'><strong>qua?</strong></span> <span class='ocrx_word' id='word_1_256' title='bbox 1349 2417 1630 2478; x_wconf 85' lang='lat' dir='ltr'><strong>adversus</strong></span> <span class='ocrx_word' id='word_1_257' title='bbox 1661 2421 1988 2482; x_wconf 76' lang='lat' dir='ltr'><strong>Romanam</strong></span> <span class='ocrx_word' id='word_1_258' title='bbox 2021 2421 2128 2483; x_wconf 90' lang='lat' dir='ltr'><strong>Ec-</strong></span> 
     </span>
    </p>
   </div>
   <div class='ocr_carea' id='block_1_42' title="bbox 478 2498 2129 2589">
    <p class='ocr_par' dir='ltr' id='par_1_42' title="bbox 478 2498 2129 2589">
     <span class='ocr_line' id='line_1_43' title="bbox 478 2498 2129 2589; baseline 0.007 -31"><span class='ocrx_word' id='word_1_259' title='bbox 478 2498 720 2560; x_wconf 90' lang='lat' dir='ltr'><strong>clesiam</strong></span> <span class='ocrx_word' id='word_1_260' title='bbox 770 2500 914 2562; x_wconf 82' lang='lat' dir='ltr'><strong>falso</strong></span> <span class='ocrx_word' id='word_1_261' title='bbox 946 2501 1313 2563; x_wconf 62' lang='lat' dir='ltr'><strong>concinnata;</strong></span> <span class='ocrx_word' id='word_1_262' title='bbox 1358 2514 1515 2574; x_wconf 87' lang='lat' dir='ltr'><strong>sunt,</strong></span> <span class='ocrx_word' id='word_1_263' title='bbox 1550 2504 1622 2567; x_wconf 92' lang='lat' dir='ltr'><strong>ab</strong></span> <span class='ocrx_word' id='word_1_264' title='bbox 1657 2506 1816 2568; x_wconf 90' lang='lat' dir='ltr'><strong>illius</strong></span> <span class='ocrx_word' id='word_1_265' title='bbox 1848 2509 2129 2589; x_wconf 81' lang='lat' dir='ltr'><strong>expositis</strong></span> 
     </span>
    </p>
   </div>
   <div class='ocr_carea' id='block_1_43' title="bbox 476 2587 2129 2676">
    <p class='ocr_par' dir='ltr' id='par_1_43' title="bbox 476 2587 2129 2676">
     <span class='ocr_line' id='line_1_44' title="bbox 476 2587 2129 2676; baseline 0.007 -28"><span class='ocrx_word' id='word_1_266' title='bbox 476 2587 550 2648; x_wconf 90' lang='lat' dir='ltr'><strong>ad</strong></span> <span class='ocrx_word' id='word_1_267' title='bbox 581 2587 958 2651; x_wconf 88' lang='lat' dir='ltr'><strong>excitandum</strong></span> <span class='ocrx_word' id='word_1_268' title='bbox 983 2589 1292 2652; x_wconf 83' lang='lat' dir='ltr'><strong>conﬂictus</strong></span> <span class='ocrx_word' id='word_1_269' title='bbox 1313 2593 1607 2655; x_wconf 78' lang='lat' dir='ltr'><strong>flammam</strong></span> <span class='ocrx_word' id='word_1_270' title='bbox 1625 2587 1978 2676; x_wconf 82' lang='lat' dir='ltr'><strong>syllogismis</strong></span> <span class='ocrx_word' id='word_1_271' title='bbox 2001 2617 2129 2660; x_wconf 89' lang='lat' dir='ltr'><strong>ora-</strong></span> 
     </span>
    </p>
   </div>
   <div class='ocr_carea' id='block_1_44' title="bbox 481 2673 2128 2748">
    <p class='ocr_par' dir='ltr' id='par_1_44' title="bbox 481 2673 2128 2748">
     <span class='ocr_line' id='line_1_45' title="bbox 481 2673 2128 2748; baseline 0.007 -12"><span class='ocrx_word' id='word_1_272' title='bbox 481 2673 702 2736; x_wconf 92' lang='lat' dir='ltr'><strong>tionem</strong></span> <span class='ocrx_word' id='word_1_273' title='bbox 739 2687 1000 2739; x_wconf 89' lang='lat' dir='ltr'><strong>nostram</strong></span> <span class='ocrx_word' id='word_1_274' title='bbox 1035 2679 1432 2742; x_wconf 86' lang='lat' dir='ltr'><strong>exordiamur.</strong></span> <span class='ocrx_word' id='word_1_275' title='bbox 1475 2673 1672 2745; x_wconf 82' lang='lat' dir='ltr'><strong>Prima</strong></span> <span class='ocrx_word' id='word_1_276' title='bbox 1703 2673 1859 2746; x_wconf 81' lang='lat' dir='ltr'><strong>illius</strong></span> <span class='ocrx_word' id='word_1_277' title='bbox 1885 2687 2128 2748; x_wconf 88' lang='lat' dir='ltr'><strong>ratioci-</strong></span> 
     </span>
    </p>
   </div>
   <div class='ocr_carea' id='block_1_45' title="bbox 480 2762 2125 2853">
    <p class='ocr_par' dir='ltr' id='par_1_45' title="bbox 480 2762 2125 2853">
     <span class='ocr_line' id='line_1_46' title="bbox 480 2762 2125 2853; baseline 0.009 -29"><span class='ocrx_word' id='word_1_278' title='bbox 480 2762 638 2824; x_wconf 90' lang='lat' dir='ltr'><strong>natio</strong></span> <span class='ocrx_word' id='word_1_279' title='bbox 673 2767 968 2844; x_wconf 89' lang='lat' dir='ltr'><strong>reperitur</strong></span> <span class='ocrx_word' id='word_1_280' title='bbox 997 2767 1156 2829; x_wconf 90' lang='lat' dir='ltr'><strong>hunc</strong></span> <span class='ocrx_word' id='word_1_281' title='bbox 1183 2767 1242 2827; x_wconf 92' lang='lat' dir='ltr'><strong>in</strong></span> <span class='ocrx_word' id='word_1_282' title='bbox 1277 2769 1515 2832; x_wconf 85' lang='lat' dir='ltr'><strong>modum</strong></span> <span class='ocrx_word' id='word_1_283' title='bbox 1541 2772 1687 2853; x_wconf 90' lang='lat' dir='ltr'><strong>ipsis</strong></span> <span class='ocrx_word' id='word_1_284' title='bbox 1720 2774 1984 2853; x_wconf 85' lang='lat' dir='ltr'><strong>ejusdem</strong></span> <span class='ocrx_word' id='word_1_285' title='bbox 2006 2793 2125 2838; x_wconf 86' lang='lat' dir='ltr'><strong>ver-</strong></span> 
     </span>
    </p>
   </div>
   <div class='ocr_carea' id='block_1_46' title="bbox 477 2850 896 2934">
    <p class='ocr_par' dir='ltr' id='par_1_46' title="bbox 477 2850 896 2934">
     <span class='ocr_line' id='line_1_47' title="bbox 477 2850 896 2934; baseline 0.012 -23"><span class='ocrx_word' id='word_1_286' title='bbox 477 2850 569 2913; x_wconf 90' lang='lat' dir='ltr'><strong>bis</strong></span> <span class='ocrx_word' id='word_1_287' title='bbox 591 2871 896 2934; x_wconf 84' lang='lat' dir='ltr'><strong>expressa.</strong></span> 
     </span>
    </p>
   </div>
   <div class='ocr_carea' id='block_1_47' title="bbox 1132 2977 1470 3044">
    <p class='ocr_par' dir='ltr' id='par_1_47' title="bbox 1132 2977 1470 3044">
     <span class='ocr_line' id='line_1_48' title="bbox 1132 2977 1470 3044; baseline 0.003 -6"><span class='ocrx_word' id='word_1_288' title='bbox 1132 2977 1470 3044; x_wconf 89' lang='lat' dir='ltr'><strong>PHOTIUS.</strong></span> 
     </span>
    </p>
   </div>
   <div class='ocr_carea' id='block_1_48' title="bbox 564 3095 2128 3182">
    <p class='ocr_par' dir='ltr' id='par_1_48' title="bbox 564 3095 2128 3182">
     <span class='ocr_line' id='line_1_49' title="bbox 564 3095 2128 3182; baseline 0.01 -28"><span class='ocrx_word' id='word_1_289' title='bbox 564 3117 586 3151; x_wconf 73' lang='grc' dir='ltr'>α</span> <span class='ocrx_word' id='word_1_290' title='bbox 613 3095 675 3156; x_wconf 90' lang='lat' dir='ltr'><strong>Si</strong></span> <span class='ocrx_word' id='word_1_291' title='bbox 707 3096 956 3178; x_wconf 83' lang='lat' dir='ltr'><strong>simplex</strong></span> <span class='ocrx_word' id='word_1_292' title='bbox 990 3105 1078 3160; x_wconf 83' lang='lat' dir='ltr'><strong>est</strong></span> <span class='ocrx_word' id='word_1_293' title='bbox 1109 3099 1671 3182; x_wconf 82' lang='lat' dir='ltr'><strong>Spiritus,procedit</strong></span> <span class='ocrx_word' id='word_1_294' title='bbox 1693 3123 1830 3167; x_wconf 88' lang='lat' dir='ltr'><strong>vero</strong></span> <span class='ocrx_word' id='word_1_295' title='bbox 1855 3125 1921 3169; x_wconf 82' lang='lat' dir='ltr'><strong>ex</strong></span> <span class='ocrx_word' id='word_1_296' title='bbox 1958 3109 2128 3170; x_wconf 87' lang='lat' dir='ltr'><strong>Patre</strong></span> 
     </span>
    </p>
   </div>
   <div class='ocr_carea' id='block_1_49' title="bbox 480 3183 2121 3275">
    <p class='ocr_par' dir='ltr' id='par_1_49' title="bbox 480 3183 2121 3275">
     <span class='ocr_line' id='line_1_50' title="bbox 480 3183 2121 3275; baseline 0.008 -31"><span class='ocrx_word' id='word_1_297' title='bbox 480 3191 535 3244; x_wconf 91' lang='lat' dir='ltr'><strong>et</strong></span> <span class='ocrx_word' id='word_1_298' title='bbox 566 3183 737 3260; x_wconf 88' lang='lat' dir='ltr'><strong>Filio,</strong></span> <span class='ocrx_word' id='word_1_299' title='bbox 797 3186 988 3247; x_wconf 87' lang='lat' dir='ltr'><strong>modis</strong></span> <span class='ocrx_word' id='word_1_300' title='bbox 1035 3187 1310 3250; x_wconf 91' lang='lat' dir='ltr'><strong>omnibus</strong></span> <span class='ocrx_word' id='word_1_301' title='bbox 1358 3189 1418 3250; x_wconf 91' lang='lat' dir='ltr'><strong>hi</strong></span> <span class='ocrx_word' id='word_1_302' title='bbox 1450 3209 1566 3251; x_wconf 89' lang='lat' dir='ltr'><strong>una</strong></span> <span class='ocrx_word' id='word_1_303' title='bbox 1599 3211 1852 3270; x_wconf 84' lang='lat' dir='ltr'><strong>persona</strong></span> <span class='ocrx_word' id='word_1_304' title='bbox 1881 3203 2121 3275; x_wconf 54' lang='lat' dir='ltr'><strong>reputa-</strong></span> 
     </span>
    </p>
   </div>
   <div class='ocr_carea' id='block_1_50' title="bbox 477 3271 2122 3360">
    <p class='ocr_par' dir='ltr' id='par_1_50' title="bbox 477 3271 2122 3360">
     <span class='ocr_line' id='line_1_51' title="bbox 477 3271 2122 3360; baseline 0.008 -27"><span class='ocrx_word' id='word_1_305' title='bbox 477 3271 715 3336; x_wconf 91' lang='lat' dir='ltr'><strong>buntur.</strong></span> <span class='ocrx_word' id='word_1_306' title='bbox 770 3271 922 3336; x_wconf 86' lang='lat' dir='ltr'><strong>Hinc</strong></span> <span class='ocrx_word' id='word_1_307' title='bbox 980 3275 1390 3341; x_wconf 84' lang='lat' dir='ltr'><strong>introducetur</strong></span> <span class='ocrx_word' id='word_1_308' title='bbox 1414 3277 1745 3344; x_wconf 88' lang='lat' dir='ltr'><strong>Sabelliana</strong></span> <span class='ocrx_word' id='word_1_309' title='bbox 1778 3271 2122 3360; x_wconf 78' lang='lat' dir='ltr'><strong>contractio,</strong></span> 
     </span>
    </p>
   </div>
   <div class='ocr_carea' id='block_1_51' title="bbox 473 3361 1394 3442">
    <p class='ocr_par' dir='ltr' id='par_1_51' title="bbox 473 3361 1394 3442">
     <span class='ocr_line' id='line_1_52' title="bbox 473 3361 1394 3442; baseline 0.005 -21"><span class='ocrx_word' id='word_1_310' title='bbox 473 3379 577 3422; x_wconf 91' lang='lat' dir='ltr'><strong>seu</strong></span> <span class='ocrx_word' id='word_1_311' title='bbox 612 3361 803 3442; x_wconf 92' lang='lat' dir='ltr'><strong>potius</strong></span> <span class='ocrx_word' id='word_1_312' title='bbox 834 3363 1332 3430; x_wconf 85' lang='lat' dir='ltr'><strong>semisabelliana.</strong></span> <span class='ocrx_word' id='word_1_313' title='bbox 1372 3392 1394 3426; x_wconf 76' lang='grc' dir='ltr'><strong>ι</strong></span> 
     </span>
    </p>
   </div>
   <div class='ocr_carea' id='block_1_52' title="bbox 557 3537 2124 3628">
    <p class='ocr_par' dir='ltr' id='par_1_52' title="bbox 557 3537 2124 3628">
     <span class='ocr_line' id='line_1_53' title="bbox 557 3537 2124 3628; baseline 0.01 -31"><span class='ocrx_word' id='word_1_314' title='bbox 557 3537 627 3598; x_wconf 87' lang='lat' dir='ltr'><strong>Et</strong></span> <span class='ocrx_word' id='word_1_315' title='bbox 655 3538 754 3628; x_wconf 88' lang='lat' dir='ltr'><strong>hic</strong></span> <span class='ocrx_word' id='word_1_316' title='bbox 785 3549 878 3601; x_wconf 87' lang='lat' dir='ltr'><strong>est</strong></span> <span class='ocrx_word' id='word_1_317' title='bbox 909 3541 1134 3620; x_wconf 91' lang='lat' dir='ltr'><strong>primus</strong></span> <span class='ocrx_word' id='word_1_318' title='bbox 1177 3543 1369 3605; x_wconf 87' lang='lat' dir='ltr'><strong>Photii</strong></span> <span class='ocrx_word' id='word_1_319' title='bbox 1402 3546 1798 3626; x_wconf 83' lang='lat' dir='ltr'><strong>syllogismus.</strong></span> <span class='ocrx_word' id='word_1_320' title='bbox 1829 3548 1947 3628; x_wconf 90' lang='lat' dir='ltr'><strong>Ego</strong></span> <span class='ocrx_word' id='word_1_321' title='bbox 1989 3570 2124 3612; x_wconf 94' lang='lat' dir='ltr'><strong>vero</strong></span> 
     </span>
    </p>
   </div>
   <div class='ocr_carea' id='block_1_53' title="bbox 473 3625 2126 3720">
    <p class='ocr_par' dir='ltr' id='par_1_53' title="bbox 473 3625 2126 3720">
     <span class='ocr_line' id='line_1_54' title="bbox 473 3625 2126 3720; baseline 0.01 -35"><span class='ocrx_word' id='word_1_322' title='bbox 473 3625 595 3705; x_wconf 90' lang='lat' dir='ltr'><strong>jam</strong></span> <span class='ocrx_word' id='word_1_323' title='bbox 630 3627 700 3686; x_wconf 91' lang='lat' dir='ltr'><strong>ad</strong></span> <span class='ocrx_word' id='word_1_324' title='bbox 735 3627 892 3688; x_wconf 92' lang='lat' dir='ltr'><strong>illius</strong></span> <span class='ocrx_word' id='word_1_325' title='bbox 917 3641 1264 3708; x_wconf 89' lang='lat' dir='ltr'><strong>argumenta</strong></span> <span class='ocrx_word' id='word_1_326' title='bbox 1287 3625 1613 3696; x_wconf 83' lang='lat' dir='ltr'><strong>refellenda</strong></span> <span class='ocrx_word' id='word_1_327' title='bbox 1635 3625 2126 3720; x_wconf 76' lang='lat' dir='ltr'><strong>dissolvendaque</strong></span> 
     </span>
    </p>
   </div>
   <div class='ocr_carea' id='block_1_54' title="bbox 477 3715 2126 3808">
    <p class='ocr_par' dir='ltr' id='par_1_54' title="bbox 477 3715 2126 3808">
     <span class='ocr_line' id='line_1_55' title="bbox 477 3715 2126 3808; baseline 0.008 -32"><span class='ocrx_word' id='word_1_328' title='bbox 477 3734 575 3776; x_wconf 92' lang='lat' dir='ltr'><strong>me</strong></span> <span class='ocrx_word' id='word_1_329' title='bbox 599 3715 939 3796; x_wconf 79' lang='lat' dir='ltr'><strong>accingeris,</strong></span> <span class='ocrx_word' id='word_1_330' title='bbox 976 3719 1092 3779; x_wconf 92' lang='lat' dir='ltr'><strong>mei</strong></span> <span class='ocrx_word' id='word_1_331' title='bbox 1125 3729 1260 3782; x_wconf 92' lang='lat' dir='ltr'><strong>ante</strong></span> <span class='ocrx_word' id='word_1_332' title='bbox 1311 3723 1509 3784; x_wconf 88' lang='lat' dir='ltr'><strong>omnia</strong></span> <span class='ocrx_word' id='word_1_333' title='bbox 1539 3723 1946 3787; x_wconf 82' lang='lat' dir='ltr'><strong>defensionem</strong></span> <span class='ocrx_word' id='word_1_334' title='bbox 1983 3715 2126 3808; x_wconf 61' lang='lat' dir='ltr'><strong>pra;-</strong></span> 
     </span>
    </p>
   </div>
   <div class='ocr_carea' id='block_1_55' title="bbox 478 3806 2126 3892">
    <p class='ocr_par' dir='ltr' id='par_1_55' title="bbox 478 3806 2126 3892">
     <span class='ocr_line' id='line_1_56' title="bbox 478 3806 2126 3892; baseline 0.008 -27"><span class='ocrx_word' id='word_1_335' title='bbox 478 3824 701 3887; x_wconf 90' lang='lat' dir='ltr'><strong>ponere</strong></span> <span class='ocrx_word' id='word_1_336' title='bbox 723 3806 956 3886; x_wconf 82' lang='lat' dir='ltr'><strong>judico,</strong></span> <span class='ocrx_word' id='word_1_337' title='bbox 994 3827 1066 3870; x_wconf 92' lang='lat' dir='ltr'><strong>ne</strong></span> <span class='ocrx_word' id='word_1_338' title='bbox 1097 3809 1228 3889; x_wconf 92' lang='lat' dir='ltr'><strong>quis</strong></span> <span class='ocrx_word' id='word_1_339' title='bbox 1259 3829 1327 3871; x_wconf 86' lang='lat' dir='ltr'><strong>ex</strong></span> <span class='ocrx_word' id='word_1_340' title='bbox 1359 3811 1499 3885; x_wconf 91' lang='lat' dir='ltr'><strong>illis,</strong></span> <span class='ocrx_word' id='word_1_341' title='bbox 1533 3813 1632 3892; x_wconf 92' lang='lat' dir='ltr'><strong>qui</strong></span> <span class='ocrx_word' id='word_1_342' title='bbox 1667 3823 1934 3876; x_wconf 89' lang='lat' dir='ltr'><strong>nostrum</strong></span> <span class='ocrx_word' id='word_1_343' title='bbox 1971 3806 2126 3879; x_wconf 89' lang='lat' dir='ltr'><strong>hunc</strong></span> 
     </span>
    </p>
   </div>
   <div class='ocr_carea' id='block_1_56' title="bbox 477 3893 2128 3986">
    <p class='ocr_par' dir='ltr' id='par_1_56' title="bbox 477 3893 2128 3986">
     <span class='ocr_line' id='line_1_57' title="bbox 477 3893 2128 3986; baseline 0.007 -31"><span class='ocrx_word' id='word_1_344' title='bbox 477 3893 969 3956; x_wconf 86' lang='lat' dir='ltr'><strong>commentarium</strong></span> <span class='ocrx_word' id='word_1_345' title='bbox 998 3896 1218 3975; x_wconf 89' lang='lat' dir='ltr'><strong>legent,</strong></span> <span class='ocrx_word' id='word_1_346' title='bbox 1271 3899 1989 3986; x_wconf 68' lang='lat' dir='ltr'><strong>superbiaejactantiteque</strong></span> <span class='ocrx_word' id='word_1_347' title='bbox 2020 3925 2128 3968; x_wconf 90' lang='lat' dir='ltr'><strong>nos</strong></span> 
     </span>
    </p>
   </div>
   <div class='ocr_carea' id='block_1_57' title="bbox 473 3985 2129 4064">
    <p class='ocr_par' dir='ltr' id='par_1_57' title="bbox 473 3985 2129 4064">
     <span class='ocr_line' id='line_1_58' title="bbox 473 3985 2129 4064; baseline 0.008 -21"><span class='ocrx_word' id='word_1_348' title='bbox 473 3991 736 4055; x_wconf 90' lang='lat' dir='ltr'><strong>accuset,</strong></span> <span class='ocrx_word' id='word_1_349' title='bbox 792 3985 957 4064; x_wconf 92' lang='lat' dir='ltr'><strong>quasi</strong></span> <span class='ocrx_word' id='word_1_350' title='bbox 1006 3997 1306 4048; x_wconf 88' lang='lat' dir='ltr'><strong>certamen</strong></span> <span class='ocrx_word' id='word_1_351' title='bbox 1359 3989 1469 4050; x_wconf 93' lang='lat' dir='ltr'><strong>hoc</strong></span> <span class='ocrx_word' id='word_1_352' title='bbox 1499 3992 1983 4055; x_wconf 84' lang='lat' dir='ltr'><strong>contradictionis</strong></span> <span class='ocrx_word' id='word_1_353' title='bbox 2015 3995 2129 4056; x_wconf 89' lang='lat' dir='ltr'><strong>ini-</strong></span> 
     </span>
    </p>
   </div>
   <div class='ocr_carea' id='block_1_58' title="bbox 474 4071 2124 4170">
    <p class='ocr_par' dir='ltr' id='par_1_58' title="bbox 474 4071 2124 4170">
     <span class='ocr_line' id='line_1_59' title="bbox 474 4071 2124 4170; baseline 0.007 -38"><span class='ocrx_word' id='word_1_354' title='bbox 474 4075 698 4132; x_wconf 89' lang='lat' dir='ltr'><strong>erimus</strong></span> <span class='ocrx_word' id='word_1_355' title='bbox 727 4071 802 4133; x_wconf 94' lang='lat' dir='ltr'><strong>ob</strong></span> <span class='ocrx_word' id='word_1_356' title='bbox 833 4072 1068 4136; x_wconf 89' lang='lat' dir='ltr'><strong>inanem</strong></span> <span class='ocrx_word' id='word_1_357' title='bbox 1102 4082 1418 4156; x_wconf 89' lang='lat' dir='ltr'><strong>tumorem,</strong></span> <span class='ocrx_word' id='word_1_358' title='bbox 1449 4079 1750 4160; x_wconf 91' lang='lat' dir='ltr'><strong>animique</strong></span> <span class='ocrx_word' id='word_1_359' title='bbox 1782 4083 2124 4170; x_wconf 58' lang='lat' dir='ltr'><strong>elationem,</strong></span> 
     </span>
    </p>
   </div>
   <div class='ocr_carea' id='block_1_59' title="bbox 474 4161 2126 4242">
    <p class='ocr_par' dir='ltr' id='par_1_59' title="bbox 474 4161 2126 4242">
     <span class='ocr_line' id='line_1_60' title="bbox 474 4161 2126 4242; baseline 0.008 -22"><span class='ocrx_word' id='word_1_360' title='bbox 474 4161 563 4222; x_wconf 89' lang='lat' dir='ltr'><strong>vel</strong></span> <span class='ocrx_word' id='word_1_361' title='bbox 613 4169 674 4222; x_wconf 91' lang='lat' dir='ltr'><strong>ut</strong></span> <span class='ocrx_word' id='word_1_362' title='bbox 728 4163 1030 4224; x_wconf 89' lang='lat' dir='ltr'><strong>nonnullis</strong></span> <span class='ocrx_word' id='word_1_363' title='bbox 1075 4163 1249 4226; x_wconf 90' lang='lat' dir='ltr'><strong>etiam</strong></span> <span class='ocrx_word' id='word_1_364' title='bbox 1298 4166 1658 4242; x_wconf 87' lang='lat' dir='ltr'><strong>videremur,</strong></span> <span class='ocrx_word' id='word_1_365' title='bbox 1713 4171 1854 4231; x_wconf 90' lang='lat' dir='ltr'><strong>satis</strong></span> <span class='ocrx_word' id='word_1_366' title='bbox 1912 4161 2126 4233; x_wconf 83' lang='lat' dir='ltr'><strong>virium</strong></span> 
     </span>
    </p>
   </div>
   <div class='ocr_carea' id='block_1_60' title="bbox 473 4249 2332 4340">
    <p class='ocr_par' dir='ltr' id='par_1_60' title="bbox 473 4249 2332 4340">
     <span class='ocr_line' id='line_1_61' title="bbox 473 4249 2332 4340; baseline 0.009 -30"><span class='ocrx_word' id='word_1_367' title='bbox 473 4249 715 4324; x_wconf 86' lang='lat' dir='ltr'><strong>habere,</strong></span> <span class='ocrx_word' id='word_1_368' title='bbox 752 4269 980 4314; x_wconf 89' lang='lat' dir='ltr'><strong>eorum.</strong></span> <span class='ocrx_word' id='word_1_369' title='bbox 1003 4272 1154 4334; x_wconf 88' lang='lat' dir='ltr'><strong>quos</strong></span> <span class='ocrx_word' id='word_1_370' title='bbox 1185 4272 1743 4331; x_wconf 83' lang='lat' dir='ltr'><strong>commemoramus,</strong></span> <span class='ocrx_word' id='word_1_371' title='bbox 1775 4261 2122 4340; x_wconf 86' lang='lat' dir='ltr'><strong>sapientiam</strong></span> <span class='ocrx_word' id='word_1_372' title='bbox 2149 4277 2193 4328; x_wconf 89' lang='lat' dir='ltr'><strong>D</strong></span> <span class='ocrx_word' id='word_1_373' title='bbox 2216 4265 2332 4326; x_wconf 81' lang='grc' dir='ltr'>τοὺς</span> 
     </span>
    </p>
   </div>
   <div class='ocr_carea' id='block_1_61' title="bbox 475 4337 2122 4430">
    <p class='ocr_par' dir='ltr' id='par_1_61' title="bbox 475 4337 2122 4430">
     <span class='ocr_line' id='line_1_62' title="bbox 475 4337 2122 4430; baseline 0.007 -31"><span class='ocrx_word' id='word_1_374' title='bbox 475 4337 712 4430; x_wconf 84' lang='lat' dir='ltr'><strong>dicendi</strong></span> <span class='ocrx_word' id='word_1_375' title='bbox 744 4340 914 4421; x_wconf 91' lang='lat' dir='ltr'><strong>copia</strong></span> <span class='ocrx_word' id='word_1_376' title='bbox 946 4350 1004 4402; x_wconf 93' lang='lat' dir='ltr'><strong>et</strong></span> <span class='ocrx_word' id='word_1_377' title='bbox 1035 4342 1388 4423; x_wconf 68' lang='lat' dir='ltr'><strong>eloquentia:</strong></span> <span class='ocrx_word' id='word_1_378' title='bbox 1426 4345 1788 4408; x_wconf 79' lang='lat' dir='ltr'><strong>abundantia</strong></span> <span class='ocrx_word' id='word_1_379' title='bbox 1815 4337 2122 4430; x_wconf 80' lang='lat' dir='ltr'><strong>superare.</strong></span> 
     </span>
    </p>
   </div>
   <div class='ocr_carea' id='block_1_62' title="bbox 473 4428 2127 4510">
    <p class='ocr_par' dir='ltr' id='par_1_62' title="bbox 473 4428 2127 4510">
     <span class='ocr_line' id='line_1_63' title="bbox 473 4428 2127 4510; baseline 0.006 -19"><span class='ocrx_word' id='word_1_380' title='bbox 473 4428 664 4502; x_wconf 86' lang='lat' dir='ltr'><strong>Absit,</strong></span> <span class='ocrx_word' id='word_1_381' title='bbox 700 4437 763 4490; x_wconf 92' lang='lat' dir='ltr'><strong>ut</strong></span> <span class='ocrx_word' id='word_1_382' title='bbox 793 4430 873 4492; x_wconf 93' lang='lat' dir='ltr'><strong>ita</strong></span> <span class='ocrx_word' id='word_1_383' title='bbox 900 4430 1255 4493; x_wconf 87' lang='lat' dir='ltr'><strong>insaniendo</strong></span> <span class='ocrx_word' id='word_1_384' title='bbox 1307 4433 1650 4510; x_wconf 82' lang='lat' dir='ltr'><strong>(leliremus,</strong></span> <span class='ocrx_word' id='word_1_385' title='bbox 1702 4446 1759 4497; x_wconf 86' lang='lat' dir='ltr'><strong>et</strong></span> <span class='ocrx_word' id='word_1_386' title='bbox 1790 4428 2007 4500; x_wconf 78' lang='lat' dir='ltr'><strong>similia</strong></span> <span class='ocrx_word' id='word_1_387' title='bbox 2053 4439 2127 4500; x_wconf 91' lang='lat' dir='ltr'><strong>de</strong></span> 
     </span>
    </p>
   </div>
   <div class='ocr_carea' id='block_1_63' title="bbox 475 4516 2129 4610">
    <p class='ocr_par' dir='ltr' id='par_1_63' title="bbox 475 4516 2129 4610">
     <span class='ocr_line' id='line_1_64' title="bbox 475 4516 2129 4610; baseline 0.008 -33"><span class='ocrx_word' id='word_1_388' title='bbox 475 4516 648 4578; x_wconf 89' lang='lat' dir='ltr'><strong>nobis</strong></span> <span class='ocrx_word' id='word_1_389' title='bbox 682 4518 1100 4599; x_wconf 89' lang='lat' dir='ltr'><strong>imaginemur,</strong></span> <span class='ocrx_word' id='word_1_390' title='bbox 1132 4529 1189 4582; x_wconf 88' lang='lat' dir='ltr'><strong>et</strong></span> <span class='ocrx_word' id='word_1_391' title='bbox 1223 4521 1560 4610; x_wconf 19' lang='lat' dir='ltr'><strong>bieatitatem</strong></span> <span class='ocrx_word' id='word_1_392' title='bbox 1601 4526 1962 4605; x_wconf 86' lang='lat' dir='ltr'><strong>rejiciamus,</strong></span> <span class='ocrx_word' id='word_1_393' title='bbox 1998 4548 2129 4610; x_wconf 71' lang='lat' dir='ltr'><strong>quae</strong></span> 
     </span>
    </p>
   </div>
   <div class='ocr_carea' id='block_1_64' title="bbox 477 4605 2125 4694">
    <p class='ocr_par' dir='ltr' id='par_1_64' title="bbox 477 4605 2125 4694">
     <span class='ocr_line' id='line_1_65' title="bbox 477 4605 2125 4694; baseline 0.008 -31"><span class='ocrx_word' id='word_1_394' title='bbox 477 4605 838 4686; x_wconf 88' lang='lat' dir='ltr'><strong>pauperibus</strong></span> <span class='ocrx_word' id='word_1_395' title='bbox 895 4608 1104 4688; x_wconf 84' lang='lat' dir='ltr'><strong>spiritu</strong></span> <span class='ocrx_word' id='word_1_396' title='bbox 1158 4609 1217 4670; x_wconf 90' lang='lat' dir='ltr'><strong>in</strong></span> <span class='ocrx_word' id='word_1_397' title='bbox 1250 4609 1565 4691; x_wconf 82' lang='lat' dir='ltr'><strong>Evangelia</strong></span> <span class='ocrx_word' id='word_1_398' title='bbox 1599 4615 1977 4694; x_wconf 84' lang='lat' dir='ltr'><strong>promittitur.</strong></span> <span class='ocrx_word' id='word_1_399' title='bbox 2010 4605 2125 4678; x_wconf 88' lang='lat' dir='ltr'><strong>Sed</strong></span> 
     </span>
    </p>
   </div>
   <div class='ocr_carea' id='block_1_65' title="bbox 486 4696 2129 4766">
    <p class='ocr_par' dir='ltr' id='par_1_65' title="bbox 486 4696 2129 4766">
     <span class='ocr_line' id='line_1_66' title="bbox 486 4696 2129 4766; baseline 0.006 -10"><span class='ocrx_word' id='word_1_400' title='bbox 486 4696 975 4758; x_wconf 77' lang='lat' dir='ltr'><strong>contradictionis</strong></span> <span class='ocrx_word' id='word_1_401' title='bbox 1008 4697 1346 4761; x_wconf 75' lang='lat' dir='ltr'><strong>universum</strong></span> <span class='ocrx_word' id='word_1_402' title='bbox 1376 4715 1674 4764; x_wconf 84' lang='lat' dir='ltr'><strong>certamen</strong></span> <span class='ocrx_word' id='word_1_403' title='bbox 1707 4704 1818 4766; x_wconf 81' lang='lat' dir='ltr'><strong>erit</strong></span> <span class='ocrx_word' id='word_1_404' title='bbox 1844 4704 2015 4766; x_wconf 90' lang='lat' dir='ltr'><strong>nobis</strong></span> <span class='ocrx_word' id='word_1_405' title='bbox 2035 4724 2129 4766; x_wconf 89' lang='lat' dir='ltr'><strong>ve-</strong></span> 
     </span>
    </p>
   </div>
   <div class='ocr_carea' id='block_1_66' title="bbox 476 4783 2126 4870">
    <p class='ocr_par' dir='ltr' id='par_1_66' title="bbox 476 4783 2126 4870">
     <span class='ocr_line' id='line_1_67' title="bbox 476 4783 2126 4870; baseline 0.008 -27"><span class='ocrx_word' id='word_1_406' title='bbox 476 4784 582 4844; x_wconf 89' lang='lat' dir='ltr'><strong>luti</strong></span> <span class='ocrx_word' id='word_1_407' title='bbox 627 4783 1027 4847; x_wconf 86' lang='lat' dir='ltr'><strong>Ecclesiarum</strong></span> <span class='ocrx_word' id='word_1_408' title='bbox 1082 4787 1201 4848; x_wconf 88' lang='lat' dir='ltr'><strong>Deo</strong></span> <span class='ocrx_word' id='word_1_409' title='bbox 1251 4791 1614 4870; x_wconf 66' lang='lat' dir='ltr'><strong>complacita;</strong></span> <span class='ocrx_word' id='word_1_410' title='bbox 1647 4793 1883 4854; x_wconf 91' lang='lat' dir='ltr'><strong>uniouis</strong></span> <span class='ocrx_word' id='word_1_411' title='bbox 1933 4795 2126 4856; x_wconf 91' lang='lat' dir='ltr'><strong>studio</strong></span> 
     </span>
    </p>
   </div>
   <div class='ocr_carea' id='block_1_67' title="bbox 476 4873 2124 4957">
    <p class='ocr_par' dir='ltr' id='par_1_67' title="bbox 476 4873 2124 4957">
     <span class='ocr_line' id='line_1_68' title="bbox 476 4873 2124 4957; baseline 0.009 -26"><span class='ocrx_word' id='word_1_412' title='bbox 476 4873 875 4949; x_wconf 82' lang='lat' dir='ltr'><strong>inﬂammatis,</strong></span> <span class='ocrx_word' id='word_1_413' title='bbox 939 4874 1012 4936; x_wconf 91' lang='lat' dir='ltr'><strong>ob</strong></span> <span class='ocrx_word' id='word_1_414' title='bbox 1064 4876 1222 4957; x_wconf 90' lang='lat' dir='ltr'><strong>quod</strong></span> <span class='ocrx_word' id='word_1_415' title='bbox 1273 4878 1359 4938; x_wconf 84' lang='lat' dir='ltr'><strong>ad</strong></span> <span class='ocrx_word' id='word_1_416' title='bbox 1397 4881 1545 4940; x_wconf 89' lang='lat' dir='ltr'><strong>hanc</strong></span> <span class='ocrx_word' id='word_1_417' title='bbox 1590 4883 2124 4945; x_wconf 87' lang='lat' dir='ltr'><strong>contradictionem</strong></span> 
     </span>
    </p>
   </div>
   <div class='ocr_carea' id='block_1_68' title="bbox 471 4960 2124 5050">
    <p class='ocr_par' dir='ltr' id='par_1_68' title="bbox 471 4960 2124 5050">
     <span class='ocr_line' id='line_1_69' title="bbox 471 4960 2124 5050; baseline 0.009 -31"><span class='ocrx_word' id='word_1_418' title='bbox 471 4960 892 5024; x_wconf 82' lang='lat' dir='ltr'><strong>descendimus</strong></span> <span class='ocrx_word' id='word_1_419' title='bbox 921 4964 1189 5039; x_wconf 88' lang='lat' dir='ltr'><strong>veritate,</strong></span> <span class='ocrx_word' id='word_1_420' title='bbox 1245 4967 1621 5031; x_wconf 90' lang='lat' dir='ltr'><strong>mendacium</strong></span> <span class='ocrx_word' id='word_1_421' title='bbox 1677 4972 1974 5050; x_wconf 83' lang='lat' dir='ltr'><strong>subigere,</strong></span> <span class='ocrx_word' id='word_1_422' title='bbox 2009 4991 2124 5034; x_wconf 91' lang='lat' dir='ltr'><strong>non</strong></span> 
     </span>
    </p>
   </div>
   <div class='ocr_carea' id='block_1_69' title="bbox 475 5049 2125 5142">
    <p class='ocr_par' dir='ltr' id='par_1_69' title="bbox 475 5049 2125 5142">
     <span class='ocr_line' id='line_1_70' title="bbox 475 5049 2125 5142; baseline 0.008 -34"><span class='ocrx_word' id='word_1_423' title='bbox 475 5049 645 5112; x_wconf 86' lang='lat' dir='ltr'><strong>nobis</strong></span> <span class='ocrx_word' id='word_1_424' title='bbox 678 5051 737 5110; x_wconf 93' lang='lat' dir='ltr'><strong>in</strong></span> <span class='ocrx_word' id='word_1_425' title='bbox 770 5051 1066 5130; x_wconf 85' lang='lat' dir='ltr'><strong>sapientia</strong></span> <span class='ocrx_word' id='word_1_426' title='bbox 1109 5061 1640 5136; x_wconf 85' lang='lat' dir='ltr'><strong>supreminentium</strong></span> <span class='ocrx_word' id='word_1_427' title='bbox 1692 5049 1936 5139; x_wconf 86' lang='lat' dir='ltr'><strong>gloriam</strong></span> <span class='ocrx_word' id='word_1_428' title='bbox 1969 5061 2125 5142; x_wconf 92' lang='lat' dir='ltr'><strong>apud</strong></span> 
     </span>
    </p>
   </div>
   <div class='ocr_carea' id='block_1_70' title="bbox 474 5138 2122 5230">
    <p class='ocr_par' dir='ltr' id='par_1_70' title="bbox 474 5138 2122 5230">
     <span class='ocr_line' id='line_1_71' title="bbox 474 5138 2122 5230; baseline 0.009 -33"><span class='ocrx_word' id='word_1_429' title='bbox 474 5138 791 5199; x_wconf 87' lang='lat' dir='ltr'><strong>nonnullos</strong></span> <span class='ocrx_word' id='word_1_430' title='bbox 821 5140 1292 5222; x_wconf 81' lang='lat' dir='ltr'><strong>alios,vindicare</strong></span> <span class='ocrx_word' id='word_1_431' title='bbox 1325 5156 1628 5208; x_wconf 88' lang='lat' dir='ltr'><strong>conantes.</strong></span> <span class='ocrx_word' id='word_1_432' title='bbox 1661 5138 1924 5230; x_wconf 88' lang='lat' dir='ltr'><strong>Namque</strong></span> <span class='ocrx_word' id='word_1_433' title='bbox 1953 5138 2122 5211; x_wconf 81' lang='lat' dir='ltr'><strong>ante-</strong></span> 
     </span>
    </p>
   </div>
   <div class='ocr_carea' id='block_1_71' title="bbox 473 5227 2126 5320">
    <p class='ocr_par' dir='ltr' id='par_1_71' title="bbox 473 5227 2126 5320">
     <span class='ocr_line' id='line_1_72' title="bbox 473 5227 2126 5320; baseline 0.008 -35"><span class='ocrx_word' id='word_1_434' title='bbox 473 5245 648 5306; x_wconf 92' lang='lat' dir='ltr'><strong>quam</strong></span> <span class='ocrx_word' id='word_1_435' title='bbox 681 5227 974 5320; x_wconf 84' lang='lat' dir='ltr'><strong>quispiam</strong></span> <span class='ocrx_word' id='word_1_436' title='bbox 1010 5231 1162 5292; x_wconf 87' lang='lat' dir='ltr'><strong>alius</strong></span> <span class='ocrx_word' id='word_1_437' title='bbox 1194 5233 1415 5313; x_wconf 89' lang='lat' dir='ltr'><strong>aliquid</strong></span> <span class='ocrx_word' id='word_1_438' title='bbox 1467 5237 1662 5298; x_wconf 87' lang='lat' dir='ltr'><strong>simile</strong></span> <span class='ocrx_word' id='word_1_439' title='bbox 1694 5237 1768 5300; x_wconf 91' lang='lat' dir='ltr'><strong>de</strong></span> <span class='ocrx_word' id='word_1_440' title='bbox 1795 5227 1964 5301; x_wconf 79' lang='lat' dir='ltr'><strong>nobis</strong></span> <span class='ocrx_word' id='word_1_441' title='bbox 1990 5239 2126 5320; x_wconf 91' lang='lat' dir='ltr'><strong>opi-</strong></span> 
     </span>
    </p>
   </div>
   <div class='ocr_carea' id='block_1_72' title="bbox 473 5317 2127 5408">
    <p class='ocr_par' dir='ltr' id='par_1_72' title="bbox 473 5317 2127 5408">
     <span class='ocr_line' id='line_1_73' title="bbox 473 5317 2127 5408; baseline 0.008 -32"><span class='ocrx_word' id='word_1_442' title='bbox 473 5317 798 5397; x_wconf 89' lang='lat' dir='ltr'><strong>netur.jam</strong></span> <span class='ocrx_word' id='word_1_443' title='bbox 836 5318 1008 5398; x_wconf 89' lang='lat' dir='ltr'><strong>plane</strong></span> <span class='ocrx_word' id='word_1_444' title='bbox 1039 5322 1412 5398; x_wconf 78' lang='lat' dir='ltr'><strong>conﬁtemur,</strong></span> <span class='ocrx_word' id='word_1_445' title='bbox 1447 5317 2127 5408; x_wconf 82' lang='lat' dir='ltr'><strong>omnibus,quibuscum</strong></span> 
     </span>
    </p>
   </div>
   <div class='ocr_carea' id='block_1_73' title="bbox 470 5404 2127 5498">
    <p class='ocr_par' dir='ltr' id='par_1_73' title="bbox 470 5404 2127 5498">
     <span class='ocr_line' id='line_1_74' title="bbox 470 5404 2127 5498; baseline 0.009 -32"><span class='ocrx_word' id='word_1_446' title='bbox 470 5404 532 5466; x_wconf 88' lang='lat' dir='ltr'><strong>in</strong></span> <span class='ocrx_word' id='word_1_447' title='bbox 583 5407 1118 5471; x_wconf 86' lang='lat' dir='ltr'><strong>contradictionem</strong></span> <span class='ocrx_word' id='word_1_448' title='bbox 1173 5413 1470 5487; x_wconf 75' lang='lat' dir='ltr'><strong>\eniinus,</strong></span> <span class='ocrx_word' id='word_1_449' title='bbox 1508 5423 1566 5476; x_wconf 92' lang='lat' dir='ltr'><strong>et</strong></span> <span class='ocrx_word' id='word_1_450' title='bbox 1596 5404 1886 5498; x_wconf 78' lang='lat' dir='ltr'><strong>sapientia</strong></span> <span class='ocrx_word' id='word_1_451' title='bbox 1919 5425 1978 5479; x_wconf 92' lang='lat' dir='ltr'><strong>et</strong></span> <span class='ocrx_word' id='word_1_452' title='bbox 2007 5419 2127 5480; x_wconf 91' lang='lat' dir='ltr'><strong>elo-</strong></span> 
     </span>
    </p>
   </div>
   <div class='ocr_carea' id='block_1_74' title="bbox 475 5496 2128 5588">
    <p class='ocr_par' dir='ltr' id='par_1_74' title="bbox 475 5496 2128 5588">
     <span class='ocr_line' id='line_1_75' title="bbox 475 5496 2128 5588; baseline 0.008 -33"><span class='ocrx_word' id='word_1_453' title='bbox 475 5496 722 5588; x_wconf 10' lang='lat' dir='ltr'><strong>quentia,</strong></span> <span class='ocrx_word' id='word_1_454' title='bbox 747 5496 1069 5588; x_wconf 88' lang='lat' dir='ltr'><strong>plurimum</strong></span> <span class='ocrx_word' id='word_1_455' title='bbox 1127 5518 1257 5562; x_wconf 90' lang='lat' dir='ltr'><strong>esse</strong></span> <span class='ocrx_word' id='word_1_456' title='bbox 1315 5496 1784 5582; x_wconf 29' lang='lat' dir='ltr'><strong>inferiorespet,</strong></span> <span class='ocrx_word' id='word_1_457' title='bbox 1848 5506 2007 5588; x_wconf 91' lang='lat' dir='ltr'><strong>quod</strong></span> <span class='ocrx_word' id='word_1_458' title='bbox 2053 5505 2128 5568; x_wconf 86' lang='lat' dir='ltr'><strong>ad</strong></span> 
     </span>
    </p>
   </div>
   <div class='ocr_carea' id='block_1_75' title="bbox 474 5585 2128 5686">
    <p class='ocr_par' dir='ltr' id='par_1_75' title="bbox 474 5585 2128 5686">
     <span class='ocr_line' id='line_1_76' title="bbox 474 5585 2128 5686; baseline 0.007 -38"><span class='ocrx_word' id='word_1_459' title='bbox 474 5585 778 5686; x_wconf 68' lang='lat' dir='ltr'><strong>sapientia:</strong></span> <span class='ocrx_word' id='word_1_460' title='bbox 825 5587 979 5662; x_wconf 87' lang='lat' dir='ltr'><strong>vires</strong></span> <span class='ocrx_word' id='word_1_461' title='bbox 1036 5597 1288 5681; x_wconf 82' lang='lat' dir='ltr'><strong>spectat,</strong></span> <span class='ocrx_word' id='word_1_462' title='bbox 1327 5610 1437 5653; x_wconf 91' lang='lat' dir='ltr'><strong>nec</strong></span> <span class='ocrx_word' id='word_1_463' title='bbox 1497 5595 1762 5665; x_wconf 71' lang='lat' dir='ltr'><strong>adversis</strong></span> <span class='ocrx_word' id='word_1_464' title='bbox 1807 5585 1992 5666; x_wconf 71' lang='lat' dir='ltr'><strong>oculis</strong></span> <span class='ocrx_word' id='word_1_465' title='bbox 2025 5614 2128 5659; x_wconf 90' lang='lat' dir='ltr'><strong>co-</strong></span> 
     </span>
    </p>
   </div>
   <div class='ocr_carea' id='block_1_76' title="bbox 2210 1881 3863 1963">
    <p class='ocr_par' dir='ltr' id='par_1_76' title="bbox 2210 1881 3863 1963">
     <span class='ocr_line' id='line_1_77' title="bbox 2210 1881 3863 1963; baseline 0 -26"><span class='ocrx_word' id='word_1_466' title='bbox 2210 1881 2494 1948; x_wconf 74' lang='grc' dir='ltr'>κατατάξαι</span> <span class='ocrx_word' id='word_1_467' title='bbox 2577 1891 2653 1958; x_wconf 87' lang='grc' dir='ltr'>τῷ</span> <span class='ocrx_word' id='word_1_468' title='bbox 2723 1883 2889 1963; x_wconf 70' lang='grc' dir='ltr'>λόγῳ,</span> <span class='ocrx_word' id='word_1_469' title='bbox 2953 1886 3039 1940; x_wconf 84' lang='grc' dir='ltr'><strong>καὶ</strong></span> <span class='ocrx_word' id='word_1_470' title='bbox 3112 1884 3500 1963; x_wconf 81' lang='grc' dir='ltr'>ἀντιπροθεϊναι</span> <span class='ocrx_word' id='word_1_471' title='bbox 3555 1889 3681 1956; x_wconf 81' lang='grc' dir='ltr'>πᾶν,</span> <span class='ocrx_word' id='word_1_472' title='bbox 3727 1882 3863 1961; x_wconf 81' lang='grc' dir='ltr'>ὅπερ</span> 
     </span>
    </p>
   </div>
   <div class='ocr_carea' id='block_1_77' title="bbox 2210 1971 3860 2048">
    <p class='ocr_par' dir='ltr' id='par_1_77' title="bbox 2210 1971 3860 2048">
     <span class='ocr_line' id='line_1_78' title="bbox 2210 1971 3860 2048; baseline 0.001 -21"><span class='ocrx_word' id='word_1_473' title='bbox 2210 1973 2345 2046; x_wconf 75' lang='grc' dir='ltr'>ἡμῖν</span> <span class='ocrx_word' id='word_1_474' title='bbox 2375 1973 2467 2028; x_wconf 87' lang='grc' dir='ltr'><strong>σὺν</strong></span> <span class='ocrx_word' id='word_1_475' title='bbox 2498 1980 2612 2048; x_wconf 85' lang='grc' dir='ltr'><strong>Θεῷ</strong></span> <span class='ocrx_word' id='word_1_476' title='bbox 2641 1971 2831 2038; x_wconf 79' lang='grc' dir='ltr'>δόξειεν</span> <span class='ocrx_word' id='word_1_477' title='bbox 2887 1975 2959 2037; x_wconf 81' lang='grc' dir='ltr'>εἷς</span> <span class='ocrx_word' id='word_1_478' title='bbox 3005 1973 3103 2040; x_wconf 73' lang='grc' dir='ltr'><strong>τὴν</strong></span> <span class='ocrx_word' id='word_1_479' title='bbox 3159 1973 3378 2030; x_wconf 68' lang='grc' dir='ltr'>ἑκάστου</span> <span class='ocrx_word' id='word_1_480' title='bbox 3431 1975 3696 2044; x_wconf 77' lang='grc' dir='ltr'>νοήματος</span> <span class='ocrx_word' id='word_1_481' title='bbox 3727 1995 3860 2029; x_wconf 91' lang='grc' dir='ltr'>συν-</span> 
     </span>
    </p>
   </div>
   <div class='ocr_carea' id='block_1_78' title="bbox 2209 2061 2745 2141">
    <p class='ocr_par' dir='ltr' id='par_1_78' title="bbox 2209 2061 2745 2141">
     <span class='ocr_line' id='line_1_79' title="bbox 2209 2061 2745 2141; baseline 0.011 -25"><span class='ocrx_word' id='word_1_482' title='bbox 2209 2074 2384 2141; x_wconf 83' lang='grc' dir='ltr'>τεῖνον</span> <span class='ocrx_word' id='word_1_483' title='bbox 2415 2061 2717 2141; x_wconf 79' lang='grc' dir='ltr'>ἆνατροπήν</span> <span class='ocrx_word' id='word_1_484' title='bbox 2730 2109 2745 2124; x_wconf 93' lang='grc'><strong>.</strong></span> 
     </span>
    </p>
   </div>
   <div class='ocr_carea' id='block_1_79' title="bbox 2290 2140 3858 2232">
    <p class='ocr_par' dir='ltr' id='par_1_79' title="bbox 2290 2140 3858 2232">
     <span class='ocr_line' id='line_1_80' title="bbox 2290 2140 3858 2232; baseline 0.001 -27"><span class='ocrx_word' id='word_1_485' title='bbox 2290 2140 2390 2209; x_wconf 83' lang='grc' dir='ltr'>λε’.</span> <span class='ocrx_word' id='word_1_486' title='bbox 2453 2140 2655 2225; x_wconf 84' lang='grc' dir='ltr'>Τοίνυν,</span> <span class='ocrx_word' id='word_1_487' title='bbox 2709 2151 2820 2208; x_wconf 71' lang='grc' dir='ltr'>ἐπεὶ</span> <span class='ocrx_word' id='word_1_488' title='bbox 2849 2159 2940 2208; x_wconf 81' lang='grc' dir='ltr'>τοῦ</span> <span class='ocrx_word' id='word_1_489' title='bbox 2970 2152 3268 2232; x_wconf 85' lang='grc' dir='ltr'>σχίσματος</span> <span class='ocrx_word' id='word_1_490' title='bbox 3307 2152 3661 2232; x_wconf 77' lang='grc' dir='ltr'>ἀρχαιότατον</span> <span class='ocrx_word' id='word_1_491' title='bbox 3723 2151 3858 2207; x_wconf 83' lang='grc' dir='ltr'><strong>Φώ-</strong></span> 
     </span>
    </p>
   </div>
   <div class='ocr_carea' id='block_1_80' title="bbox 2210 2240 3857 2321">
    <p class='ocr_par' dir='ltr' id='par_1_80' title="bbox 2210 2240 3857 2321">
     <span class='ocr_line' id='line_1_81' title="bbox 2210 2240 3857 2321; baseline 0.001 -27"><span class='ocrx_word' id='word_1_492' title='bbox 2210 2261 2318 2304; x_wconf 88' lang='grc' dir='ltr'>τιος</span> <span class='ocrx_word' id='word_1_493' title='bbox 2349 2240 2412 2306; x_wconf 83' lang='grc' dir='ltr'>ἧν</span> <span class='ocrx_word' id='word_1_494' title='bbox 2443 2242 2470 2296; x_wconf 85' lang='lat'><strong>6</strong></span> <span class='ocrx_word' id='word_1_495' title='bbox 2512 2241 2630 2296; x_wconf 76' lang='grc' dir='ltr'>τότε</span> <span class='ocrx_word' id='word_1_496' title='bbox 2672 2249 2763 2298; x_wconf 72' lang='grc' dir='ltr'>τοῦ</span> <span class='ocrx_word' id='word_1_497' title='bbox 2793 2248 3184 2321; x_wconf 76' lang='grc' dir='ltr'>πατριαρχικοῦ</span> <span class='ocrx_word' id='word_1_498' title='bbox 3213 2246 3312 2308; x_wconf 79' lang='grc' dir='ltr'>τῆς</span> <span class='ocrx_word' id='word_1_499' title='bbox 3346 2240 3857 2299; x_wconf 75' lang='grc' dir='ltr'>Κωνσταντινουπό-</span> 
     </span>
    </p>
   </div>
   <div class='ocr_carea' id='block_1_81' title="bbox 2208 2326 3860 2409">
    <p class='ocr_par' dir='ltr' id='par_1_81' title="bbox 2208 2326 3860 2409">
     <span class='ocr_line' id='line_1_82' title="bbox 2208 2326 3860 2409; baseline 0.001 -26"><span class='ocrx_word' id='word_1_500' title='bbox 2208 2327 2341 2390; x_wconf 87' lang='grc' dir='ltr'>λεως</span> <span class='ocrx_word' id='word_1_501' title='bbox 2365 2326 2611 2408; x_wconf 79' lang='grc' dir='ltr'>πρόεδρος</span> <span class='ocrx_word' id='word_1_502' title='bbox 2643 2330 2845 2409; x_wconf 81' lang='grc' dir='ltr'>θρόνου,</span> <span class='ocrx_word' id='word_1_503' title='bbox 2891 2331 2978 2385; x_wconf 85' lang='grc' dir='ltr'><strong>καὶ</strong></span> <span class='ocrx_word' id='word_1_504' title='bbox 3033 2332 3187 2393; x_wconf 72' lang='grc' dir='ltr'>αὐτὸς</span> <span class='ocrx_word' id='word_1_505' title='bbox 3243 2330 3308 2396; x_wconf 79' lang='grc' dir='ltr'>ἧν</span> <span class='ocrx_word' id='word_1_506' title='bbox 3366 2333 3394 2386; x_wconf 91' lang='lat'><strong>6</strong></span> <span class='ocrx_word' id='word_1_507' title='bbox 3451 2336 3658 2408; x_wconf 81' lang='grc' dir='ltr'>πρῶτος</span> <span class='ocrx_word' id='word_1_508' title='bbox 3701 2331 3860 2408; x_wconf 77' lang='grc' dir='ltr'>εὗρε-</span> 
     </span>
    </p>
   </div>
   <div class='ocr_carea' id='block_1_82' title="bbox 2208 2412 3859 2497">
    <p class='ocr_par' dir='ltr' id='par_1_82' title="bbox 2208 2412 3859 2497">
     <span class='ocr_line' id='line_1_83' title="bbox 2208 2412 3859 2497; baseline 0.001 -25"><span class='ocrx_word' id='word_1_509' title='bbox 2208 2419 2304 2484; x_wconf 75' lang='grc' dir='ltr'>τὴς</span> <span class='ocrx_word' id='word_1_510' title='bbox 2341 2418 2428 2472; x_wconf 83' lang='grc' dir='ltr'><strong>καὶ</strong></span> <span class='ocrx_word' id='word_1_511' title='bbox 2460 2419 2728 2497; x_wconf 68' lang='grc' dir='ltr'>γεννήτωρ</span> <span class='ocrx_word' id='word_1_512' title='bbox 2756 2425 2860 2474; x_wconf 84' lang='grc' dir='ltr'>τῶν</span> <span class='ocrx_word' id='word_1_513' title='bbox 2905 2419 3040 2474; x_wconf 79' lang='grc' dir='ltr'>κατὰ</span> <span class='ocrx_word' id='word_1_514' title='bbox 3097 2423 3196 2486; x_wconf 80' lang='grc' dir='ltr'>τῆς</span> <span class='ocrx_word' id='word_1_515' title='bbox 3253 2412 3562 2495; x_wconf 70' lang='grc' dir='ltr'>Ῥωμαῒκης</span> <span class='ocrx_word' id='word_1_516' title='bbox 3615 2415 3859 2484; x_wconf 73' lang='grc' dir='ltr'>Ἐοικλη-</span> 
     </span>
    </p>
   </div>
   <div class='ocr_carea' id='block_1_83' title="bbox 2210 2507 3856 2586">
    <p class='ocr_par' dir='ltr' id='par_1_83' title="bbox 2210 2507 3856 2586">
     <span class='ocr_line' id='line_1_84' title="bbox 2210 2507 3856 2586; baseline 0 -24"><span class='ocrx_word' id='word_1_517' title='bbox 2210 2507 2322 2570; x_wconf 90' lang='grc' dir='ltr'>σίας</span> <span class='ocrx_word' id='word_1_518' title='bbox 2409 2507 2776 2586; x_wconf 68' lang='grc' dir='ltr'>ἐφευρημὲνων</span> <span class='ocrx_word' id='word_1_519' title='bbox 2857 2507 3184 2586; x_wconf 71' lang='grc' dir='ltr'>προτάσεων,</span> <span class='ocrx_word' id='word_1_520' title='bbox 3297 2511 3418 2573; x_wconf 81' lang='grc' dir='ltr'>τοὺς</span> <span class='ocrx_word' id='word_1_521' title='bbox 3497 2507 3623 2586; x_wconf 89' lang='grc' dir='ltr'>παρ’</span> <span class='ocrx_word' id='word_1_522' title='bbox 3694 2512 3856 2565; x_wconf 71' lang='grc' dir='ltr'>αὐτοῦ</span> 
     </span>
    </p>
   </div>
   <div class='ocr_carea' id='block_1_84' title="bbox 2211 2595 3858 2676">
    <p class='ocr_par' dir='ltr' id='par_1_84' title="bbox 2211 2595 3858 2676">
     <span class='ocr_line' id='line_1_85' title="bbox 2211 2595 3858 2676; baseline 0.012 -26"><span class='ocrx_word' id='word_1_523' title='bbox 2211 2595 2514 2659; x_wconf 83' lang='grc' dir='ltr'>ἐκτεθέντας</span> <span class='ocrx_word' id='word_1_524' title='bbox 2574 2595 2955 2674; x_wconf 71' lang='grc' dir='ltr'>συλλογισμοὺς</span> <span class='ocrx_word' id='word_1_525' title='bbox 3000 2598 3072 2660; x_wconf 76' lang='grc' dir='ltr'>εἰς</span> <span class='ocrx_word' id='word_1_526' title='bbox 3119 2596 3310 2672; x_wconf 72' lang='grc' dir='ltr'>ἄναψιν</span> <span class='ocrx_word' id='word_1_527' title='bbox 3364 2607 3455 2656; x_wconf 77' lang='grc' dir='ltr'><strong>τοῦ</strong></span> <span class='ocrx_word' id='word_1_528' title='bbox 3508 2601 3605 2665; x_wconf 68' lang='grc' dir='ltr'><strong>τῆς</strong></span> <span class='ocrx_word' id='word_1_529' title='bbox 3664 2597 3858 2676; x_wconf 77' lang='grc' dir='ltr'>μάχης</span> 
     </span>
    </p>
   </div>
   <div class='ocr_carea' id='block_1_85' title="bbox 2210 2684 3856 2765">
    <p class='ocr_par' dir='ltr' id='par_1_85' title="bbox 2210 2684 3856 2765">
     <span class='ocr_line' id='line_1_86' title="bbox 2210 2684 3856 2765; baseline -0.001 -25"><span class='ocrx_word' id='word_1_530' title='bbox 2210 2693 2408 2764; x_wconf 87' lang='grc' dir='ltr'>πυρσοῦ</span> <span class='ocrx_word' id='word_1_531' title='bbox 2451 2686 2628 2765; x_wconf 74' lang='grc' dir='ltr'>ἀρχὴν</span> <span class='ocrx_word' id='word_1_532' title='bbox 2657 2686 2909 2752; x_wconf 78' lang='grc' dir='ltr'>ποιητέον</span> <span class='ocrx_word' id='word_1_533' title='bbox 2957 2692 3064 2742; x_wconf 82' lang='grc' dir='ltr'><strong>τῶν</strong></span> <span class='ocrx_word' id='word_1_534' title='bbox 3120 2684 3315 2764; x_wconf 88' lang='grc' dir='ltr'>λόγων.</span> <span class='ocrx_word' id='word_1_535' title='bbox 3370 2688 3562 2743; x_wconf 71' lang='grc' dir='ltr'>Αὖτὶκα</span> <span class='ocrx_word' id='word_1_536' title='bbox 3614 2688 3641 2741; x_wconf 98' lang='lat'><strong>6</strong></span> <span class='ocrx_word' id='word_1_537' title='bbox 3699 2687 3856 2763; x_wconf 77' lang='grc' dir='ltr'><strong>πρῶ-</strong></span> 
     </span>
    </p>
   </div>
   <div class='ocr_carea' id='block_1_86' title="bbox 2209 2772 3858 2854">
    <p class='ocr_par' dir='ltr' id='par_1_86' title="bbox 2209 2772 3858 2854">
     <span class='ocr_line' id='line_1_87' title="bbox 2209 2772 3858 2854; baseline -0.002 -24"><span class='ocrx_word' id='word_1_538' title='bbox 2209 2796 2298 2839; x_wconf 88' lang='grc' dir='ltr'><strong>τος</strong></span> <span class='ocrx_word' id='word_1_539' title='bbox 2327 2775 2433 2830; x_wconf 76' lang='grc' dir='ltr'>τῶν</span> <span class='ocrx_word' id='word_1_540' title='bbox 2477 2776 2659 2834; x_wconf 84' lang='grc' dir='ltr'>τούτου</span> <span class='ocrx_word' id='word_1_541' title='bbox 2688 2773 3054 2852; x_wconf 84' lang='grc' dir='ltr'>συλλογισμῶν</span> <span class='ocrx_word' id='word_1_542' title='bbox 3097 2773 3308 2854; x_wconf 69' lang='grc' dir='ltr'>εὕρηται</span> <span class='ocrx_word' id='word_1_543' title='bbox 3354 2775 3518 2840; x_wconf 77' lang='grc' dir='ltr'>οὕτως</span> <span class='ocrx_word' id='word_1_544' title='bbox 3546 2775 3634 2831; x_wconf 67' lang='grc' dir='ltr'><strong>ἐπὶ</strong></span> <span class='ocrx_word' id='word_1_545' title='bbox 3663 2772 3858 2838; x_wconf 80' lang='grc' dir='ltr'>λέξεων</span> 
     </span>
    </p>
   </div>
   <div class='ocr_carea' id='block_1_87' title="bbox 2211 2861 2378 2942">
    <p class='ocr_par' dir='ltr' id='par_1_87' title="bbox 2211 2861 2378 2942">
     <span class='ocr_line' id='line_1_88' title="bbox 2211 2861 2378 2942; baseline 0.006 -25"><span class='ocrx_word' id='word_1_546' title='bbox 2211 2861 2356 2942; x_wconf 76' lang='grc' dir='ltr'>ἔχων</span> <span class='ocrx_word' id='word_1_547' title='bbox 2365 2907 2378 2923; x_wconf 94' lang='grc'><strong>.</strong></span> 
     </span>
    </p>
   </div>
   <div class='ocr_carea' id='block_1_88' title="bbox 2899 2991 3174 3043">
    <p class='ocr_par' dir='ltr' id='par_1_88' title="bbox 2899 2991 3174 3043">
     <span class='ocr_line' id='line_1_89' title="bbox 2899 2991 3174 3043; baseline 0.018 -5"><span class='ocrx_word' id='word_1_548' title='bbox 2899 2991 3174 3043; x_wconf 76' lang='grc' dir='ltr'><strong>ΦΩΤΙΟΣ.</strong></span> 
     </span>
    </p>
   </div>
   <div class='ocr_carea' id='block_1_89' title="bbox 2297 3100 3857 3183">
    <p class='ocr_par' dir='ltr' id='par_1_89' title="bbox 2297 3100 3857 3183">
     <span class='ocr_line' id='line_1_90' title="bbox 2297 3100 3857 3183; baseline -0.001 -24"><span class='ocrx_word' id='word_1_549' title='bbox 2297 3129 2322 3159; x_wconf 73' lang='grc' dir='ltr'><strong>α</strong></span> <span class='ocrx_word' id='word_1_550' title='bbox 2372 3107 2430 3163; x_wconf 82' lang='grc' dir='ltr'><strong>Εἰ</strong></span> <span class='ocrx_word' id='word_1_551' title='bbox 2472 3103 2670 3162; x_wconf 68' lang='grc' dir='ltr'>ἁπλοῦν</span> <span class='ocrx_word' id='word_1_552' title='bbox 2725 3106 2822 3180; x_wconf 68' lang='grc' dir='ltr'>μὲν</span> <span class='ocrx_word' id='word_1_553' title='bbox 2864 3106 2924 3160; x_wconf 77' lang='grc' dir='ltr'>τὸ</span> <span class='ocrx_word' id='word_1_554' title='bbox 2968 3111 3200 3183; x_wconf 80' lang='grc' dir='ltr'>Πνεῦμα,</span> <span class='ocrx_word' id='word_1_555' title='bbox 3268 3102 3324 3159; x_wconf 84' lang='grc' dir='ltr'>ἐκ</span> <span class='ocrx_word' id='word_1_556' title='bbox 3381 3109 3470 3159; x_wconf 81' lang='grc' dir='ltr'>τοῦ</span> <span class='ocrx_word' id='word_1_557' title='bbox 3541 3105 3742 3182; x_wconf 80' lang='grc' dir='ltr'>[ἰατρὸς</span> <span class='ocrx_word' id='word_1_558' title='bbox 3798 3100 3857 3158; x_wconf 77' lang='grc' dir='ltr'><em>δὲ</em></span> 
     </span>
    </p>
   </div>
   <div class='ocr_carea' id='block_1_90' title="bbox 2211 3191 3856 3272">
    <p class='ocr_par' dir='ltr' id='par_1_90' title="bbox 2211 3191 3856 3272">
     <span class='ocr_line' id='line_1_91' title="bbox 2211 3191 3856 3272; baseline -0.002 -22"><span class='ocrx_word' id='word_1_559' title='bbox 2211 3197 2296 3251; x_wconf 82' lang='grc' dir='ltr'>καὶ</span> <span class='ocrx_word' id='word_1_560' title='bbox 2353 3194 2412 3250; x_wconf 79' lang='grc' dir='ltr'><strong>ἐκ</strong></span> <span class='ocrx_word' id='word_1_561' title='bbox 2467 3201 2557 3250; x_wconf 82' lang='grc' dir='ltr'><strong>τοῦ</strong></span> <span class='ocrx_word' id='word_1_562' title='bbox 2606 3197 2722 3251; x_wconf 79' lang='grc' dir='ltr'><strong>Υἱοῦ</strong></span> <span class='ocrx_word' id='word_1_563' title='bbox 2787 3195 3146 3272; x_wconf 75' lang='grc' dir='ltr'>ἐκπορεύεται,</span> <span class='ocrx_word' id='word_1_564' title='bbox 3191 3192 3402 3256; x_wconf 81' lang='grc' dir='ltr'>πάντως</span> <span class='ocrx_word' id='word_1_565' title='bbox 3459 3191 3511 3247; x_wconf 78' lang='grc' dir='ltr'>ἓν</span> <span class='ocrx_word' id='word_1_566' title='bbox 3579 3192 3640 3247; x_wconf 79' lang='grc' dir='ltr'>ἄν</span> <span class='ocrx_word' id='word_1_567' title='bbox 3710 3193 3856 3248; x_wconf 79' lang='grc' dir='ltr'>οὗτοι</span> 
     </span>
    </p>
   </div>
   <div class='ocr_carea' id='block_1_91' title="bbox 2210 3282 3854 3361">
    <p class='ocr_par' dir='ltr' id='par_1_91' title="bbox 2210 3282 3854 3361">
     <span class='ocr_line' id='line_1_92' title="bbox 2210 3282 3854 3361; baseline -0.002 -23"><span class='ocrx_word' id='word_1_568' title='bbox 2210 3286 2508 3358; x_wconf 76' lang='grc' dir='ltr'>νομισθετεν</span> <span class='ocrx_word' id='word_1_569' title='bbox 2567 3283 2870 3361; x_wconf 86' lang='grc' dir='ltr'>πρόσωπον,</span> <span class='ocrx_word' id='word_1_570' title='bbox 2943 3283 3216 3338; x_wconf 68' lang='grc' dir='ltr'>κάντεῦθεν</span> <span class='ocrx_word' id='word_1_571' title='bbox 3284 3282 3657 3360; x_wconf 79' lang='grc' dir='ltr'>εἰσαχθήσεται</span> <span class='ocrx_word' id='word_1_572' title='bbox 3722 3302 3854 3335; x_wconf 86' lang='grc' dir='ltr'>συν-</span> 
     </span>
    </p>
   </div>
   <div class='ocr_carea' id='block_1_92' title="bbox 2209 3367 3853 3452">
    <p class='ocr_par' dir='ltr' id='par_1_92' title="bbox 2209 3367 3853 3452">
     <span class='ocr_line' id='line_1_93' title="bbox 2209 3367 3853 3452; baseline -0.002 -24"><span class='ocrx_word' id='word_1_573' title='bbox 2209 3371 2404 3452; x_wconf 76' lang='grc' dir='ltr'>αλοιφὴ</span> <span class='ocrx_word' id='word_1_574' title='bbox 2478 3370 2815 3446; x_wconf 76' lang='grc' dir='ltr'>Σαϐέλλειος,</span> <span class='ocrx_word' id='word_1_575' title='bbox 2890 3371 2924 3440; x_wconf 69' lang='grc' dir='ltr'><strong>ἢ</strong></span> <span class='ocrx_word' id='word_1_576' title='bbox 2981 3369 3182 3446; x_wconf 83' lang='grc' dir='ltr'>μᾶλλον</span> <span class='ocrx_word' id='word_1_577' title='bbox 3267 3371 3457 3444; x_wconf 77' lang='grc' dir='ltr'>εἰπεῖν,</span> <span class='ocrx_word' id='word_1_578' title='bbox 3549 3367 3853 3446; x_wconf 76' lang='grc' dir='ltr'>ἦμισαϐέλ-</span> 
     </span>
    </p>
   </div>
   <div class='ocr_carea' id='block_1_93' title="bbox 2207 3460 2436 3524">
    <p class='ocr_par' dir='ltr' id='par_1_93' title="bbox 2207 3460 2436 3524">
     <span class='ocr_line' id='line_1_94' title="bbox 2207 3460 2436 3524; baseline 0.004 -7"><span class='ocrx_word' id='word_1_579' title='bbox 2207 3460 2370 3524; x_wconf 83' lang='grc' dir='ltr'>λειος,</span> <span class='ocrx_word' id='word_1_580' title='bbox 2415 3485 2436 3518; x_wconf 71' lang='grc' dir='ltr'><strong>ι</strong></span> 
     </span>
    </p>
   </div>
   <div class='ocr_carea' id='block_1_94' title="bbox 2290 3547 3848 3629">
    <p class='ocr_par' dir='ltr' id='par_1_94' title="bbox 2290 3547 3848 3629">
     <span class='ocr_line' id='line_1_95' title="bbox 2290 3547 3848 3629; baseline -0.003 -22"><span class='ocrx_word' id='word_1_581' title='bbox 2290 3553 2386 3607; x_wconf 86' lang='grc' dir='ltr'>Καὶ</span> <span class='ocrx_word' id='word_1_582' title='bbox 2442 3559 2605 3607; x_wconf 75' lang='grc' dir='ltr'>ταῦτα</span> <span class='ocrx_word' id='word_1_583' title='bbox 2674 3552 2770 3624; x_wconf 75' lang='grc' dir='ltr'>μὲν</span> <span class='ocrx_word' id='word_1_584' title='bbox 2828 3554 2856 3606; x_wconf 92' lang='lat'><strong>6</strong></span> <span class='ocrx_word' id='word_1_585' title='bbox 2924 3557 3016 3606; x_wconf 74' lang='grc' dir='ltr'><strong>τοῦ</strong></span> <span class='ocrx_word' id='word_1_586' title='bbox 3071 3553 3278 3609; x_wconf 80' lang='grc' dir='ltr'>Φωτίου</span> <span class='ocrx_word' id='word_1_587' title='bbox 3336 3556 3540 3629; x_wconf 81' lang='grc' dir='ltr'>πρῶτος</span> <span class='ocrx_word' id='word_1_588' title='bbox 3592 3547 3848 3626; x_wconf 86' lang='grc' dir='ltr'>συλλογι-</span> 
     </span>
    </p>
   </div>
   <div class='ocr_carea' id='block_1_95' title="bbox 2208 3638 3849 3718">
    <p class='ocr_par' dir='ltr' id='par_1_95' title="bbox 2208 3638 3849 3718">
     <span class='ocr_line' id='line_1_96' title="bbox 2208 3638 3849 3718; baseline -0.001 -24"><span class='ocrx_word' id='word_1_589' title='bbox 2208 3638 2364 3715; x_wconf 86' lang='grc' dir='ltr'>σμός.</span> <span class='ocrx_word' id='word_1_590' title='bbox 2425 3639 2566 3718; x_wconf 85' lang='grc' dir='ltr'><strong>Ἐγὼ</strong></span> <span class='ocrx_word' id='word_1_591' title='bbox 2599 3639 2652 3696; x_wconf 76' lang='grc' dir='ltr'><strong>δὲ</strong></span> <span class='ocrx_word' id='word_1_592' title='bbox 2706 3642 2831 3708; x_wconf 71' lang='grc' dir='ltr'>ἤδη</span> <span class='ocrx_word' id='word_1_593' title='bbox 2882 3642 3012 3718; x_wconf 82' lang='grc' dir='ltr'>πρὸς</span> <span class='ocrx_word' id='word_1_594' title='bbox 3072 3640 3194 3701; x_wconf 82' lang='grc' dir='ltr'>τοὺς</span> <span class='ocrx_word' id='word_1_595' title='bbox 3247 3638 3505 3718; x_wconf 80' lang='grc' dir='ltr'>ἐλέγχους</span> <span class='ocrx_word' id='word_1_596' title='bbox 3557 3639 3661 3693; x_wconf 83' lang='grc' dir='ltr'>τῶν</span> <span class='ocrx_word' id='word_1_597' title='bbox 3719 3639 3849 3717; x_wconf 89' lang='grc' dir='ltr'>παρ’</span> 
     </span>
    </p>
   </div>
   <div class='ocr_carea' id='block_1_96' title="bbox 2210 3725 3854 3808">
    <p class='ocr_par' dir='ltr' id='par_1_96' title="bbox 2210 3725 3854 3808">
     <span class='ocr_line' id='line_1_97' title="bbox 2210 3725 3854 3808; baseline -0.001 -24"><span class='ocrx_word' id='word_1_598' title='bbox 2210 3733 2365 3787; x_wconf 70' lang='grc' dir='ltr'>αὐτοῦ</span> <span class='ocrx_word' id='word_1_599' title='bbox 2436 3728 2520 3785; x_wconf 85' lang='grc' dir='ltr'><strong>ἐπι</strong></span> <span class='ocrx_word' id='word_1_600' title='bbox 2575 3731 2876 3808; x_wconf 83' lang='grc' dir='ltr'>ειρημάτων</span> <span class='ocrx_word' id='word_1_601' title='bbox 2932 3726 3102 3791; x_wconf 80' lang='grc' dir='ltr'>διδους</span> <span class='ocrx_word' id='word_1_602' title='bbox 3158 3729 3361 3801; x_wconf 77' lang='grc' dir='ltr'>ἑαυτὸν,</span> <span class='ocrx_word' id='word_1_603' title='bbox 3434 3728 3662 3802; x_wconf 80' lang='grc' dir='ltr'>ἐμαυτοῦ</span> <span class='ocrx_word' id='word_1_604' title='bbox 3717 3725 3854 3791; x_wconf 86' lang='grc' dir='ltr'>τέως</span> 
     </span>
    </p>
   </div>
   <div class='ocr_carea' id='block_1_97' title="bbox 2207 3813 3855 3896">
    <p class='ocr_par' dir='ltr' id='par_1_97' title="bbox 2207 3813 3855 3896">
     <span class='ocr_line' id='line_1_98' title="bbox 2207 3813 3855 3896; baseline -0.001 -24"><span class='ocrx_word' id='word_1_605' title='bbox 2207 3815 2768 3896; x_wconf 79' lang='grc' dir='ltr'>ὑπεραπολογήσασθαι</span> <span class='ocrx_word' id='word_1_606' title='bbox 2839 3819 3047 3896; x_wconf 84' lang='grc' dir='ltr'>κρίνων,</span> <span class='ocrx_word' id='word_1_607' title='bbox 3108 3818 3185 3892; x_wconf 73' lang='grc' dir='ltr'>μή</span> <span class='ocrx_word' id='word_1_608' title='bbox 3242 3817 3344 3873; x_wconf 85' lang='grc' dir='ltr'><strong>πού</strong></span> <span class='ocrx_word' id='word_1_609' title='bbox 3385 3839 3464 3881; x_wconf 89' lang='grc' dir='ltr'><strong>τις</strong></span> <span class='ocrx_word' id='word_1_610' title='bbox 3522 3819 3626 3872; x_wconf 79' lang='grc' dir='ltr'><strong>των</strong></span> <span class='ocrx_word' id='word_1_611' title='bbox 3670 3813 3855 3871; x_wconf 85' lang='grc' dir='ltr'>ἐντευ-</span> 
     </span>
    </p>
   </div>
   <div class='ocr_carea' id='block_1_98' title="bbox 2211 3905 3854 3986">
    <p class='ocr_par' dir='ltr' id='par_1_98' title="bbox 2211 3905 3854 3986">
     <span class='ocr_line' id='line_1_99' title="bbox 2211 3905 3854 3986; baseline -0.001 -24"><span class='ocrx_word' id='word_1_612' title='bbox 2211 3905 2442 3980; x_wconf 83' lang='grc' dir='ltr'>ξομένων</span> <span class='ocrx_word' id='word_1_613' title='bbox 2497 3914 2602 3963; x_wconf 82' lang='grc' dir='ltr'><strong>τῶν</strong></span> <span class='ocrx_word' id='word_1_614' title='bbox 2658 3917 2875 3986; x_wconf 84' lang='grc' dir='ltr'>παρόντι</span> <span class='ocrx_word' id='word_1_615' title='bbox 2951 3907 3120 3978; x_wconf 78' lang='grc' dir='ltr'>τούτῳ</span> <span class='ocrx_word' id='word_1_616' title='bbox 3189 3905 3430 3982; x_wconf 75' lang='grc' dir='ltr'>ἡμετέρῳ</span> <span class='ocrx_word' id='word_1_617' title='bbox 3479 3905 3854 3983; x_wconf 82' lang='grc' dir='ltr'>συγγράμματι</span> 
     </span>
    </p>
   </div>
   <div class='ocr_carea' id='block_1_99' title="bbox 2211 3992 3855 4074">
    <p class='ocr_par' dir='ltr' id='par_1_99' title="bbox 2211 3992 3855 4074">
     <span class='ocr_line' id='line_1_100' title="bbox 2211 3992 3855 4074; baseline -0.002 -22"><span class='ocrx_word' id='word_1_618' title='bbox 2211 3997 2434 4066; x_wconf 78' lang='grc' dir='ltr'>οἰήσεως</span> <span class='ocrx_word' id='word_1_619' title='bbox 2491 3997 2632 4070; x_wconf 73' lang='grc' dir='ltr'>ἡμᾶς</span> <span class='ocrx_word' id='word_1_620' title='bbox 2691 3997 2985 4074; x_wconf 78' lang='grc' dir='ltr'>γράψηται,</span> <span class='ocrx_word' id='word_1_621' title='bbox 3052 3996 3125 4058; x_wconf 84' lang='grc' dir='ltr'>ὡς</span> <span class='ocrx_word' id='word_1_622' title='bbox 3180 3996 3256 4057; x_wconf 72' lang='grc' dir='ltr'>εἷς</span> <span class='ocrx_word' id='word_1_623' title='bbox 3306 3997 3398 4050; x_wconf 86' lang='grc' dir='ltr'><strong>τὸν</strong></span> <span class='ocrx_word' id='word_1_624' title='bbox 3451 3993 3547 4061; x_wconf 74' lang='grc' dir='ltr'><strong>τῆς</strong></span> <span class='ocrx_word' id='word_1_625' title='bbox 3599 3992 3855 4072; x_wconf 72' lang='grc' dir='ltr'>ἀντιρρή-</span> 
     </span>
    </p>
   </div>
   <div class='ocr_carea' id='block_1_100' title="bbox 2213 4081 3853 4162">
    <p class='ocr_par' dir='ltr' id='par_1_100' title="bbox 2213 4081 3853 4162">
     <span class='ocr_line' id='line_1_101' title="bbox 2213 4081 3853 4162; baseline -0.002 -21"><span class='ocrx_word' id='word_1_626' title='bbox 2213 4107 2346 4150; x_wconf 85' lang='grc' dir='ltr'>σεως</span> <span class='ocrx_word' id='word_1_627' title='bbox 2413 4085 2837 4162; x_wconf 75' lang='grc' dir='ltr'>ἆποδυσαμένους</span> <span class='ocrx_word' id='word_1_628' title='bbox 2910 4084 3089 4160; x_wconf 78' lang='grc' dir='ltr'>ἀγῶνα</span> <span class='ocrx_word' id='word_1_629' title='bbox 3174 4081 3256 4138; x_wconf 76' lang='grc' dir='ltr'><strong>διὰ</strong></span> <span class='ocrx_word' id='word_1_630' title='bbox 3335 4083 3488 4140; x_wconf 81' lang='grc' dir='ltr'>κενὸν</span> <span class='ocrx_word' id='word_1_631' title='bbox 3571 4084 3853 4160; x_wconf 70' lang='grc' dir='ltr'>φρονήμα-</span> 
     </span>
    </p>
   </div>
   <div class='ocr_carea' id='block_1_101' title="bbox 2212 4169 3855 4252">
    <p class='ocr_par' dir='ltr' id='par_1_101' title="bbox 2212 4169 3855 4252">
     <span class='ocr_line' id='line_1_102' title="bbox 2212 4169 3855 4252; baseline 0.006 -26"><span class='ocrx_word' id='word_1_632' title='bbox 2212 4196 2302 4238; x_wconf 86' lang='grc' dir='ltr'><strong>τος</strong></span> <span class='ocrx_word' id='word_1_633' title='bbox 2334 4173 2518 4252; x_wconf 77' lang='grc' dir='ltr'>ὄγκον,</span> <span class='ocrx_word' id='word_1_634' title='bbox 2551 4173 2699 4239; x_wconf 79' lang='grc' dir='ltr'>ὅωως</span> <span class='ocrx_word' id='word_1_635' title='bbox 2757 4173 2812 4230; x_wconf 82' lang='grc' dir='ltr'>ἓυ</span> <span class='ocrx_word' id='word_1_636' title='bbox 2868 4195 2972 4228; x_wconf 87' lang='grc' dir='ltr'>τισι</span> <span class='ocrx_word' id='word_1_637' title='bbox 3031 4173 3118 4228; x_wconf 77' lang='grc' dir='ltr'>καὶ</span> <span class='ocrx_word' id='word_1_638' title='bbox 3161 4170 3403 4245; x_wconf 79' lang='grc' dir='ltr'>δόξαιμεν</span> <span class='ocrx_word' id='word_1_639' title='bbox 3457 4172 3648 4233; x_wconf 82' lang='grc' dir='ltr'>ἱκανῶς</span> <span class='ocrx_word' id='word_1_640' title='bbox 3705 4169 3855 4249; x_wconf 70' lang='grc' dir='ltr'>ἒχειν</span> 
     </span>
    </p>
   </div>
   <div class='ocr_carea' id='block_1_102' title="bbox 2431 4258 3853 4340">
    <p class='ocr_par' dir='ltr' id='par_1_102' title="bbox 2431 4258 3853 4340">
     <span class='ocr_line' id='line_1_103' title="bbox 2431 4258 3853 4340; baseline -0.004 -22"><span class='ocrx_word' id='word_1_641' title='bbox 2431 4264 2532 4340; x_wconf 87' lang='grc' dir='ltr'>πρὸ</span> <span class='ocrx_word' id='word_1_642' title='bbox 2612 4263 2766 4330; x_wconf 76' lang='grc' dir='ltr'>ἡμῶν</span> <span class='ocrx_word' id='word_1_643' title='bbox 2871 4260 3239 4336; x_wconf 85' lang='grc' dir='ltr'>ὀνομαίθέντας</span> <span class='ocrx_word' id='word_1_644' title='bbox 3351 4258 3435 4314; x_wconf 84' lang='grc' dir='ltr'><strong>ἐπὶ</strong></span> <span class='ocrx_word' id='word_1_645' title='bbox 3531 4258 3683 4337; x_wconf 73' lang='grc' dir='ltr'>σοφίᾳ</span> <span class='ocrx_word' id='word_1_646' title='bbox 3768 4281 3853 4313; x_wconf 92' lang='grc' dir='ltr'>νι-</span> 
     </span>
    </p>
   </div>
   <div class='ocr_carea' id='block_1_103' title="bbox 2209 4347 3856 4428">
    <p class='ocr_par' dir='ltr' id='par_1_103' title="bbox 2209 4347 3856 4428">
     <span class='ocr_line' id='line_1_104' title="bbox 2209 4347 3856 4428; baseline -0.004 -21"><span class='ocrx_word' id='word_1_647' title='bbox 2209 4358 2306 4423; x_wconf 84' lang='grc' dir='ltr'><strong>κᾷν</strong></span> <span class='ocrx_word' id='word_1_648' title='bbox 2359 4352 2491 4408; x_wconf 74' lang='grc' dir='ltr'>κατὰ</span> <span class='ocrx_word' id='word_1_649' title='bbox 2532 4351 2629 4418; x_wconf 73' lang='grc' dir='ltr'>τὴν</span> <span class='ocrx_word' id='word_1_650' title='bbox 2684 4349 2736 4405; x_wconf 80' lang='grc' dir='ltr'><strong>ἐν</strong></span> <span class='ocrx_word' id='word_1_651' title='bbox 2778 4348 2954 4428; x_wconf 80' lang='grc' dir='ltr'>λόγοις</span> <span class='ocrx_word' id='word_1_652' title='bbox 3012 4348 3329 4426; x_wconf 84' lang='grc' dir='ltr'>περιουσίαν.</span> <span class='ocrx_word' id='word_1_653' title='bbox 3420 4347 3508 4414; x_wconf 79' lang='grc' dir='ltr'><strong>Μὴ</strong></span> <span class='ocrx_word' id='word_1_654' title='bbox 3564 4349 3663 4424; x_wconf 79' lang='grc' dir='ltr'><strong>γὰρ</strong></span> <span class='ocrx_word' id='word_1_655' title='bbox 3719 4348 3856 4402; x_wconf 74' lang='grc' dir='ltr'>οὕτω</span> 
     </span>
    </p>
   </div>
   <div class='ocr_carea' id='block_1_104' title="bbox 2212 4437 3853 4516">
    <p class='ocr_par' dir='ltr' id='par_1_104' title="bbox 2212 4437 3853 4516">
     <span class='ocr_line' id='line_1_105' title="bbox 2212 4437 3853 4516; baseline -0.004 -20"><span class='ocrx_word' id='word_1_656' title='bbox 2212 4441 2523 4516; x_wconf 84' lang='grc' dir='ltr'>μανείημεν,</span> <span class='ocrx_word' id='word_1_657' title='bbox 2603 4443 2676 4505; x_wconf 82' lang='grc' dir='ltr'>ὡς</span> <span class='ocrx_word' id='word_1_658' title='bbox 2762 4446 2977 4496; x_wconf 83' lang='grc' dir='ltr'>τοιαῦτα</span> <span class='ocrx_word' id='word_1_659' title='bbox 3057 4439 3173 4516; x_wconf 82' lang='grc' dir='ltr'>περὶ</span> <span class='ocrx_word' id='word_1_660' title='bbox 3241 4438 3396 4512; x_wconf 79' lang='grc' dir='ltr'>ἡμῶν</span> <span class='ocrx_word' id='word_1_661' title='bbox 3479 4437 3853 4515; x_wconf 75' lang='grc' dir='ltr'>φαντάζεσθαι,</span> 
     </span>
    </p>
   </div>
   <div class='ocr_carea' id='block_1_105' title="bbox 2210 4528 3856 4608">
    <p class='ocr_par' dir='ltr' id='par_1_105' title="bbox 2210 4528 3856 4608">
     <span class='ocr_line' id='line_1_106' title="bbox 2210 4528 3856 4608; baseline -0.003 -24"><span class='ocrx_word' id='word_1_662' title='bbox 2210 4531 2296 4586; x_wconf 75' lang='grc' dir='ltr'><strong>καὶ</strong></span> <span class='ocrx_word' id='word_1_663' title='bbox 2328 4532 2418 4586; x_wconf 83' lang='grc' dir='ltr'><strong>σὸν</strong></span> <span class='ocrx_word' id='word_1_664' title='bbox 2485 4531 2827 4608; x_wconf 79' lang='grc' dir='ltr'>μακαρισμὸν</span> <span class='ocrx_word' id='word_1_665' title='bbox 2888 4528 3236 4601; x_wconf 74' lang='grc' dir='ltr'>ἀπωθεῖσθαι,</span> <span class='ocrx_word' id='word_1_666' title='bbox 3296 4528 3385 4581; x_wconf 87' lang='grc' dir='ltr'>τὸν</span> <span class='ocrx_word' id='word_1_667' title='bbox 3427 4538 3547 4588; x_wconf 75' lang='grc' dir='ltr'>τοῖς</span> <span class='ocrx_word' id='word_1_668' title='bbox 3605 4537 3856 4602; x_wconf 70' lang='grc' dir='ltr'>πτωχοῖς</span> 
     </span>
    </p>
   </div>
   <div class='ocr_carea' id='block_1_106' title="bbox 2210 4611 3852 4695">
    <p class='ocr_par' dir='ltr' id='par_1_106' title="bbox 2210 4611 3852 4695">
     <span class='ocr_line' id='line_1_107' title="bbox 2210 4611 3852 4695; baseline -0.002 -21"><span class='ocrx_word' id='word_1_669' title='bbox 2210 4625 2286 4694; x_wconf 83' lang='grc' dir='ltr'>τῷ</span> <span class='ocrx_word' id='word_1_670' title='bbox 2344 4612 2598 4695; x_wconf 71' lang='grc' dir='ltr'>πνεῦματι</span> <span class='ocrx_word' id='word_1_671' title='bbox 2671 4616 2724 4674; x_wconf 83' lang='grc' dir='ltr'><strong>ἐν</strong></span> <span class='ocrx_word' id='word_1_672' title='bbox 2812 4629 2924 4680; x_wconf 77' lang='grc' dir='ltr'>τοῖς</span> <span class='ocrx_word' id='word_1_673' title='bbox 3011 4612 3348 4692; x_wconf 75' lang='grc' dir='ltr'>Εὐαγγελίοις</span> <span class='ocrx_word' id='word_1_674' title='bbox 3431 4611 3852 4691; x_wconf 69' lang='grc' dir='ltr'>ἐπηγγελμένον.</span> 
     </span>
    </p>
   </div>
   <div class='ocr_carea' id='block_1_107' title="bbox 2211 4701 3849 4782">
    <p class='ocr_par' dir='ltr' id='par_1_107' title="bbox 2211 4701 3849 4782">
     <span class='ocr_line' id='line_1_108' title="bbox 2211 4701 3849 4782; baseline -0.005 -18"><span class='ocrx_word' id='word_1_675' title='bbox 2211 4705 2359 4764; x_wconf 81' lang='grc' dir='ltr'>Ἀλλ’</span> <span class='ocrx_word' id='word_1_676' title='bbox 2420 4711 2447 4764; x_wconf 93' lang='lat'><strong>6</strong></span> <span class='ocrx_word' id='word_1_677' title='bbox 2507 4713 2609 4772; x_wconf 82' lang='grc' dir='ltr'><strong>πᾶς</strong></span> <span class='ocrx_word' id='word_1_678' title='bbox 2675 4711 2772 4773; x_wconf 77' lang='grc' dir='ltr'><strong>τῆς</strong></span> <span class='ocrx_word' id='word_1_679' title='bbox 2860 4703 3210 4782; x_wconf 75' lang='grc' dir='ltr'>ἁντιῤῥήσεως</span> <span class='ocrx_word' id='word_1_680' title='bbox 3297 4702 3441 4779; x_wconf 81' lang='grc' dir='ltr'>ἀγὼν</span> <span class='ocrx_word' id='word_1_681' title='bbox 3517 4703 3653 4777; x_wconf 74' lang='grc' dir='ltr'>ἡμῖν</span> <span class='ocrx_word' id='word_1_682' title='bbox 3707 4701 3849 4757; x_wconf 82' lang='grc' dir='ltr'>ἐστιν</span> 
     </span>
    </p>
   </div>
   <div class='ocr_carea' id='block_1_108' title="bbox 2211 4788 3857 4872">
    <p class='ocr_par' dir='ltr' id='par_1_108' title="bbox 2211 4788 3857 4872">
     <span class='ocr_line' id='line_1_109' title="bbox 2211 4788 3857 4872; baseline -0.005 -19"><span class='ocrx_word' id='word_1_683' title='bbox 2211 4800 2282 4860; x_wconf 84' lang='grc' dir='ltr'>ὡς</span> <span class='ocrx_word' id='word_1_684' title='bbox 2354 4795 2736 4872; x_wconf 81' lang='grc' dir='ltr'>ἀναπτομὲνοις</span> <span class='ocrx_word' id='word_1_685' title='bbox 2793 4801 2869 4869; x_wconf 82' lang='grc' dir='ltr'>τῷ</span> <span class='ocrx_word' id='word_1_686' title='bbox 2926 4792 3072 4866; x_wconf 77' lang='grc' dir='ltr'>ζήλῳ</span> <span class='ocrx_word' id='word_1_687' title='bbox 3152 4797 3250 4858; x_wconf 79' lang='grc' dir='ltr'>τῆς</span> <span class='ocrx_word' id='word_1_688' title='bbox 3335 4791 3441 4848; x_wconf 78' lang='grc' dir='ltr'><strong>τῶν</strong></span> <span class='ocrx_word' id='word_1_689' title='bbox 3520 4788 3857 4856; x_wconf 77' lang='grc' dir='ltr'>Ἐκκλησιῶν</span> 
     </span>
    </p>
   </div>
   <div class='ocr_carea' id='block_1_109' title="bbox 2207 4873 3858 4966">
    <p class='ocr_par' dir='ltr' id='par_1_109' title="bbox 2207 4873 3858 4966">
     <span class='ocr_line' id='line_1_110' title="bbox 2207 4873 3858 4966; baseline -0.008 -24"><span class='ocrx_word' id='word_1_690' title='bbox 2207 4887 2483 4966; x_wconf 83' lang='grc' dir='ltr'>θεαρέστου</span> <span class='ocrx_word' id='word_1_691' title='bbox 2554 4885 2813 4962; x_wconf 83' lang='grc' dir='ltr'>ἐνώσεως,</span> <span class='ocrx_word' id='word_1_692' title='bbox 2916 4880 2982 4938; x_wconf 79' lang='grc' dir='ltr'><strong>δι’</strong></span> <span class='ocrx_word' id='word_1_693' title='bbox 3056 4882 3114 4936; x_wconf 82' lang='grc' dir='ltr'>ὂν</span> <span class='ocrx_word' id='word_1_694' title='bbox 3211 4878 3371 4950; x_wconf 73' lang='grc' dir='ltr'>ζῆλον</span> <span class='ocrx_word' id='word_1_695' title='bbox 3451 4878 3688 4944; x_wconf 80' lang='grc' dir='ltr'>ἒνώσεως</span> <span class='ocrx_word' id='word_1_696' title='bbox 3770 4873 3858 4934; x_wconf 80' lang='grc' dir='ltr'>καὶ</span> 
     </span>
    </p>
   </div>
   <div class='ocr_carea' id='block_1_110' title="bbox 2211 4966 3858 5052">
    <p class='ocr_par' dir='ltr' id='par_1_110' title="bbox 2211 4966 3858 5052">
     <span class='ocr_line' id='line_1_111' title="bbox 2211 4966 3858 5052; baseline -0.005 -22"><span class='ocrx_word' id='word_1_697' title='bbox 2211 4976 2294 5032; x_wconf 82' lang='grc' dir='ltr'><strong>ἐπὶ</strong></span> <span class='ocrx_word' id='word_1_698' title='bbox 2377 4977 2475 5041; x_wconf 67' lang='grc' dir='ltr'><strong>τὴν</strong></span> <span class='ocrx_word' id='word_1_699' title='bbox 2573 4973 2866 5052; x_wconf 77' lang='grc' dir='ltr'>ἁντίῤῥησιν</span> <span class='ocrx_word' id='word_1_700' title='bbox 2971 4971 3238 5051; x_wconf 83' lang='grc' dir='ltr'>ἐρχόμεθα</span> <span class='ocrx_word' id='word_1_701' title='bbox 3333 4969 3548 5039; x_wconf 74' lang='grc' dir='ltr'>ταύτην,</span> <span class='ocrx_word' id='word_1_702' title='bbox 3640 4966 3858 5040; x_wconf 76' lang='grc' dir='ltr'>ἀληθείᾳ</span> 
     </span>
    </p>
   </div>
   <div class='ocr_carea' id='block_1_111' title="bbox 2209 5055 3857 5142">
    <p class='ocr_par' dir='ltr' id='par_1_111' title="bbox 2209 5055 3857 5142">
     <span class='ocr_line' id='line_1_112' title="bbox 2209 5055 3857 5142; baseline -0.005 -22"><span class='ocrx_word' id='word_1_703' title='bbox 2209 5066 2270 5120; x_wconf 80' lang='lat'><strong>16</strong></span> <span class='ocrx_word' id='word_1_704' title='bbox 2312 5063 2498 5139; x_wconf 73' lang='grc' dir='ltr'>ψεῦδος</span> <span class='ocrx_word' id='word_1_705' title='bbox 2555 5065 3006 5142; x_wconf 81' lang='grc' dir='ltr'>καταγωνίσασθαι</span> <span class='ocrx_word' id='word_1_706' title='bbox 3074 5057 3334 5127; x_wconf 82' lang='grc' dir='ltr'>θέλοντες,</span> <span class='ocrx_word' id='word_1_707' title='bbox 3392 5060 3478 5113; x_wconf 84' lang='grc' dir='ltr'><strong>καὶ</strong></span> <span class='ocrx_word' id='word_1_708' title='bbox 3533 5058 3653 5136; x_wconf 74' lang='grc' dir='ltr'>οὐχὶ</span> <span class='ocrx_word' id='word_1_709' title='bbox 3708 5055 3857 5121; x_wconf 81' lang='grc' dir='ltr'>δόξαν</span> 
     </span>
    </p>
   </div>
   <div class='ocr_carea' id='block_1_112' title="bbox 2211 5142 3849 5231">
    <p class='ocr_par' dir='ltr' id='par_1_112' title="bbox 2211 5142 3849 5231">
     <span class='ocr_line' id='line_1_113' title="bbox 2211 5142 3849 5231; baseline -0.005 -23"><span class='ocrx_word' id='word_1_710' title='bbox 2211 5153 2592 5231; x_wconf 80' lang='grc' dir='ltr'>ἀπενέγκασθαι</span> <span class='ocrx_word' id='word_1_711' title='bbox 2644 5160 2750 5209; x_wconf 84' lang='grc' dir='ltr'><strong>τῶν</strong></span> <span class='ocrx_word' id='word_1_712' title='bbox 2840 5151 2925 5208; x_wconf 82' lang='grc' dir='ltr'><strong>ἐπὶ</strong></span> <span class='ocrx_word' id='word_1_713' title='bbox 2981 5149 3135 5230; x_wconf 68' lang='grc' dir='ltr'>σοφίᾳ</span> <span class='ocrx_word' id='word_1_714' title='bbox 3214 5147 3345 5225; x_wconf 85' lang='grc' dir='ltr'>πρός</span> <span class='ocrx_word' id='word_1_715' title='bbox 3431 5167 3577 5208; x_wconf 87' lang='grc' dir='ltr'>τινας</span> <span class='ocrx_word' id='word_1_716' title='bbox 3657 5142 3849 5208; x_wconf 80' lang='grc' dir='ltr'>ἄλλους</span> 
     </span>
    </p>
   </div>
   <div class='ocr_carea' id='block_1_113' title="bbox 2211 5233 3858 5320">
    <p class='ocr_par' dir='ltr' id='par_1_113' title="bbox 2211 5233 3858 5320">
     <span class='ocr_line' id='line_1_114' title="bbox 2211 5233 3858 5320; baseline -0.006 -22"><span class='ocrx_word' id='word_1_717' title='bbox 2211 5241 2519 5320; x_wconf 85' lang='grc' dir='ltr'>πρεσϐείων.</span> <span class='ocrx_word' id='word_1_718' title='bbox 2554 5243 2740 5299; x_wconf 79' lang='grc' dir='ltr'>Φθάνω</span> <span class='ocrx_word' id='word_1_719' title='bbox 2764 5243 2862 5320; x_wconf 78' lang='grc' dir='ltr'><strong>γὰρ</strong></span> <span class='ocrx_word' id='word_1_720' title='bbox 2892 5241 3000 5318; x_wconf 86' lang='grc' dir='ltr'>ἐγὼ</span> <span class='ocrx_word' id='word_1_721' title='bbox 3027 5240 3146 5318; x_wconf 88' lang='grc' dir='ltr'>πρὶν</span> <span class='ocrx_word' id='word_1_722' title='bbox 3203 5233 3263 5291; x_wconf 75' lang='grc' dir='ltr'>ἄν</span> <span class='ocrx_word' id='word_1_723' title='bbox 3312 5258 3430 5292; x_wconf 88' lang='grc' dir='ltr'>τινα</span> <span class='ocrx_word' id='word_1_724' title='bbox 3478 5236 3566 5292; x_wconf 80' lang='grc' dir='ltr'>καὶ</span> <span class='ocrx_word' id='word_1_725' title='bbox 3614 5234 3858 5301; x_wconf 75' lang='grc' dir='ltr'>οἶηθῆναί</span> 
     </span>
    </p>
   </div>
   <div class='ocr_carea' id='block_1_114' title="bbox 2211 5324 3856 5411">
    <p class='ocr_par' dir='ltr' id='par_1_114' title="bbox 2211 5324 3856 5411">
     <span class='ocr_line' id='line_1_115' title="bbox 2211 5324 3856 5411; baseline -0.006 -24"><span class='ocrx_word' id='word_1_726' title='bbox 2211 5353 2260 5387; x_wconf 86' lang='grc' dir='ltr'><strong>τι</strong></span> <span class='ocrx_word' id='word_1_727' title='bbox 2289 5339 2524 5389; x_wconf 79' lang='grc' dir='ltr'>τοιοῦτον</span> <span class='ocrx_word' id='word_1_728' title='bbox 2553 5333 2670 5411; x_wconf 88' lang='grc' dir='ltr'>περὶ</span> <span class='ocrx_word' id='word_1_729' title='bbox 2725 5333 2881 5407; x_wconf 80' lang='grc' dir='ltr'>ἡμῶν</span> <span class='ocrx_word' id='word_1_730' title='bbox 2925 5327 3204 5406; x_wconf 78' lang='grc' dir='ltr'>ὁμολογῶν</span> <span class='ocrx_word' id='word_1_731' title='bbox 3260 5325 3472 5384; x_wconf 74' lang='grc' dir='ltr'>πάντων</span> <span class='ocrx_word' id='word_1_732' title='bbox 3527 5324 3746 5404; x_wconf 84' lang='grc' dir='ltr'>τούτων,</span> <span class='ocrx_word' id='word_1_733' title='bbox 3781 5324 3856 5379; x_wconf 86' lang='grc' dir='ltr'>ὧν</span> 
     </span>
    </p>
   </div>
   <div class='ocr_carea' id='block_1_115' title="bbox 2210 5413 3854 5500">
    <p class='ocr_par' dir='ltr' id='par_1_115' title="bbox 2210 5413 3854 5500">
     <span class='ocr_line' id='line_1_116' title="bbox 2210 5413 3854 5500; baseline -0.007 -22"><span class='ocrx_word' id='word_1_734' title='bbox 2210 5423 2342 5500; x_wconf 80' lang='grc' dir='ltr'>πρὸς</span> <span class='ocrx_word' id='word_1_735' title='bbox 2385 5423 2506 5485; x_wconf 79' lang='grc' dir='ltr'>τοὺς</span> <span class='ocrx_word' id='word_1_736' title='bbox 2549 5420 2738 5500; x_wconf 88' lang='grc' dir='ltr'>λόγους</span> <span class='ocrx_word' id='word_1_737' title='bbox 2799 5419 3026 5500; x_wconf 73' lang='grc' dir='ltr'>ἔρχομαι</span> <span class='ocrx_word' id='word_1_738' title='bbox 3058 5417 3155 5484; x_wconf 76' lang='grc' dir='ltr'>τὴν</span> <span class='ocrx_word' id='word_1_739' title='bbox 3211 5413 3508 5494; x_wconf 74' lang='grc' dir='ltr'>ἀντίρρησιν</span> <span class='ocrx_word' id='word_1_740' title='bbox 3537 5414 3854 5488; x_wconf 82' lang='grc' dir='ltr'>ποιησόμε-</span> 
     </span>
    </p>
   </div>
   <div class='ocr_carea' id='block_1_116' title="bbox 2212 5501 3854 5592">
    <p class='ocr_par' dir='ltr' id='par_1_116' title="bbox 2212 5501 3854 5592">
     <span class='ocr_line' id='line_1_117' title="bbox 2212 5501 3854 5592; baseline -0.005 -25"><span class='ocrx_word' id='word_1_741' title='bbox 2212 5533 2324 5586; x_wconf 91' lang='grc' dir='ltr'>νος,</span> <span class='ocrx_word' id='word_1_742' title='bbox 2389 5511 2473 5568; x_wconf 83' lang='grc' dir='ltr'><strong>ἐπὶ</strong></span> <span class='ocrx_word' id='word_1_743' title='bbox 2525 5517 2594 5588; x_wconf 78' lang='grc' dir='ltr'>τῇ</span> <span class='ocrx_word' id='word_1_744' title='bbox 2662 5511 2818 5592; x_wconf 78' lang='grc' dir='ltr'>σοφίᾳ</span> <span class='ocrx_word' id='word_1_745' title='bbox 2867 5510 3121 5577; x_wconf 76' lang='grc' dir='ltr'>ἡττᾶσθαι</span> <span class='ocrx_word' id='word_1_746' title='bbox 3179 5502 3452 5592; x_wconf 81' lang='grc' dir='ltr'>καταπολὺ</span> <span class='ocrx_word' id='word_1_747' title='bbox 3485 5521 3504 5540; x_wconf 84' lang='grc'><strong>·</strong></span> <span class='ocrx_word' id='word_1_748' title='bbox 3562 5505 3651 5592; x_wconf 62' lang='grc' dir='ltr'>διαὶ</span> <span class='ocrx_word' id='word_1_749' title='bbox 3731 5501 3854 5560; x_wconf 84' lang='grc' dir='ltr'>ὅσον</span> 
     </span>
    </p>
   </div>
   <div class='ocr_carea' id='block_1_117' title="bbox 2211 5590 3854 5678">
    <p class='ocr_par' dir='ltr' id='par_1_117' title="bbox 2211 5590 3854 5678">
     <span class='ocr_line' id='line_1_118' title="bbox 2211 5590 3854 5678; baseline -0.006 -20"><span class='ocrx_word' id='word_1_750' title='bbox 2211 5601 2350 5660; x_wconf 79' lang='grc' dir='ltr'>κατὰ</span> <span class='ocrx_word' id='word_1_751' title='bbox 2393 5600 2492 5670; x_wconf 74' lang='grc' dir='ltr'><strong>τὴν</strong></span> <span class='ocrx_word' id='word_1_752' title='bbox 2535 5599 2621 5659; x_wconf 76' lang='grc' dir='ltr'><strong>ἐπὶ</strong></span> <span class='ocrx_word' id='word_1_753' title='bbox 2675 5590 2750 5678; x_wconf 31' lang='grc' dir='ltr'><strong>τῇ-</strong></span> <span class='ocrx_word' id='word_1_754' title='bbox 2797 5598 2953 5678; x_wconf 73' lang='grc' dir='ltr'>σοφίᾳ</span> <span class='ocrx_word' id='word_1_755' title='bbox 3007 5594 3222 5672; x_wconf 80' lang='grc' dir='ltr'>δύναμιν</span> <span class='ocrx_word' id='word_1_756' title='bbox 3275 5590 3381 5652; x_wconf 73' lang='grc' dir='ltr'><strong>οὐδ’</strong></span> <span class='ocrx_word' id='word_1_757' title='bbox 3441 5591 3750 5670; x_wconf 81' lang='grc' dir='ltr'>ἀντιϐλέψαι</span> <span class='ocrx_word' id='word_1_758' title='bbox 3793 5592 3854 5648; x_wconf 75' lang='grc' dir='ltr'>ἂν</span> 
     </span>
    </p>
   </div>
  </div>
