  <div class='ocr_page' id='page_1' title='image "/cluster/home/n/w/nwhite01/storage/ocr_20150623/141/mdp.39015078384206/057.png"; bbox 0 0 4144 6290; ppageno 0'>
   <div class='ocr_carea' id='block_1_1' title="bbox 430 339 510 405">
    <p class='ocr_par' dir='ltr' id='par_1_1' title="bbox 430 339 510 405">
     <span class='ocr_line' id='line_1_1' title="bbox 430 339 510 405; baseline 0.013 -1"><span class='ocrx_word' id='word_1_1' title='bbox 430 339 510 405; x_wconf 87' lang='lat'>99</span> 
     </span>
    </p>
   </div>
   <div class='ocr_carea' id='block_1_2' title="bbox 442 552 2093 643">
    <p class='ocr_par' dir='ltr' id='par_1_2' title="bbox 442 552 2093 643">
     <span class='ocr_line' id='line_1_2' title="bbox 442 552 2093 643; baseline -0.006 -20"><span class='ocrx_word' id='word_1_2' title='bbox 442 552 643 626; x_wconf 79' lang='lat' dir='ltr'><strong>ientiis</strong></span> <span class='ocrx_word' id='word_1_3' title='bbox 702 562 1082 643; x_wconf 84' lang='lat' dir='ltr'><strong>impudenter</strong></span> <span class='ocrx_word' id='word_1_4' title='bbox 1140 556 1549 620; x_wconf 77' lang='lat' dir='ltr'><strong>contradicere</strong></span> <span class='ocrx_word' id='word_1_5' title='bbox 1599 554 1744 615; x_wconf 83' lang='lat' dir='ltr'><strong>velis</strong></span> <span class='ocrx_word' id='word_1_6' title='bbox 1800 557 1891 616; x_wconf 87' lang='lat' dir='ltr'><strong>vel</strong></span> <span class='ocrx_word' id='word_1_7' title='bbox 1955 554 2002 615; x_wconf 91' lang='lat' dir='ltr'><strong>si</strong></span> <span class='ocrx_word' id='word_1_8' title='bbox 2032 552 2093 614; x_wconf 90' lang='lat' dir='ltr'><strong>id</strong></span> 
     </span>
    </p>
   </div>
   <div class='ocr_carea' id='block_1_3' title="bbox 440 642 2093 731">
    <p class='ocr_par' dir='ltr' id='par_1_3' title="bbox 440 642 2093 731">
     <span class='ocr_line' id='line_1_3' title="bbox 440 642 2093 731; baseline -0.007 -18"><span class='ocrx_word' id='word_1_9' title='bbox 440 671 556 713; x_wconf 88' lang='lat' dir='ltr'><strong>non</strong></span> <span class='ocrx_word' id='word_1_10' title='bbox 587 652 785 724; x_wconf 88' lang='lat' dir='ltr'><strong>fuerit,</strong></span> <span class='ocrx_word' id='word_1_11' title='bbox 838 668 1031 731; x_wconf 89' lang='lat' dir='ltr'><strong>neque</strong></span> <span class='ocrx_word' id='word_1_12' title='bbox 1080 667 1214 709; x_wconf 89' lang='lat' dir='ltr'><strong>cum</strong></span> <span class='ocrx_word' id='word_1_13' title='bbox 1246 645 1499 709; x_wconf 81' lang='lat' dir='ltr'><strong>Romani</strong></span> <span class='ocrx_word' id='word_1_14' title='bbox 1532 663 1601 704; x_wconf 86' lang='lat' dir='ltr'><strong>ex</strong></span> <span class='ocrx_word' id='word_1_15' title='bbox 1634 643 1803 704; x_wconf 90' lang='lat' dir='ltr'><strong>Patre</strong></span> <span class='ocrx_word' id='word_1_16' title='bbox 1851 652 1909 704; x_wconf 90' lang='lat' dir='ltr'><strong>et</strong></span> <span class='ocrx_word' id='word_1_17' title='bbox 1942 642 2093 704; x_wconf 91' lang='lat' dir='ltr'><strong>Filio</strong></span> 
     </span>
    </p>
   </div>
   <div class='ocr_carea' id='block_1_4' title="bbox 437 731 2093 819">
    <p class='ocr_par' dir='ltr' id='par_1_4' title="bbox 437 731 2093 819">
     <span class='ocr_line' id='line_1_4' title="bbox 437 731 2093 819; baseline -0.007 -17"><span class='ocrx_word' id='word_1_18' title='bbox 437 741 603 802; x_wconf 90' lang='lat' dir='ltr'><strong>illum</strong></span> <span class='ocrx_word' id='word_1_19' title='bbox 636 742 839 803; x_wconf 72' lang='lat' dir='ltr'><strong>dicunt</strong></span> <span class='ocrx_word' id='word_1_20' title='bbox 872 737 1215 819; x_wconf 77' lang='lat' dir='ltr'><strong>procedere,</strong></span> <span class='ocrx_word' id='word_1_21' title='bbox 1274 732 1595 795; x_wconf 75' lang='lat' dir='ltr'><strong>contractio</strong></span> <span class='ocrx_word' id='word_1_22' title='bbox 1618 731 1961 793; x_wconf 87' lang='lat' dir='ltr'><strong>eorumdem</strong></span> <span class='ocrx_word' id='word_1_23' title='bbox 1997 732 2093 791; x_wconf 85' lang='lat' dir='ltr'><strong>in-</strong></span> 
     </span>
    </p>
   </div>
   <div class='ocr_carea' id='block_1_5' title="bbox 443 820 2093 900">
    <p class='ocr_par' dir='ltr' id='par_1_5' title="bbox 443 820 2093 900">
     <span class='ocr_line' id='line_1_5' title="bbox 443 820 2093 900; baseline -0.007 -10"><span class='ocrx_word' id='word_1_24' title='bbox 443 830 807 892; x_wconf 88' lang='lat' dir='ltr'><strong>troducetur.</strong></span> <span class='ocrx_word' id='word_1_25' title='bbox 842 830 928 890; x_wconf 94' lang='lat' dir='ltr'><strong>Tu</strong></span> <span class='ocrx_word' id='word_1_26' title='bbox 956 845 1092 887; x_wconf 88' lang='lat' dir='ltr'><strong>vero</strong></span> <span class='ocrx_word' id='word_1_27' title='bbox 1118 822 1523 895; x_wconf 77' lang='lat' dir='ltr'><strong>nihilominus,</strong></span> <span class='ocrx_word' id='word_1_28' title='bbox 1544 833 1598 881; x_wconf 73' lang='lat' dir='ltr'><strong>et</strong></span> <span class='ocrx_word' id='word_1_29' title='bbox 1631 824 1880 881; x_wconf 89' lang='lat' dir='ltr'><strong>alterum</strong></span> <span class='ocrx_word' id='word_1_30' title='bbox 1914 820 2093 900; x_wconf 79' lang='lat' dir='ltr'><strong>syllo-</strong></span> 
     </span>
    </p>
   </div>
   <div class='ocr_carea' id='block_1_6' title="bbox 445 918 1044 996">
    <p class='ocr_par' dir='ltr' id='par_1_6' title="bbox 445 918 1044 996">
     <span class='ocr_line' id='line_1_6' title="bbox 445 918 1044 996; baseline -0.01 -14"><span class='ocrx_word' id='word_1_31' title='bbox 445 920 700 996; x_wconf 86' lang='lat' dir='ltr'><strong>gismum</strong></span> <span class='ocrx_word' id='word_1_32' title='bbox 734 918 999 980; x_wconf 87' lang='lat' dir='ltr'><strong>annectis</strong></span> <span class='ocrx_word' id='word_1_33' title='bbox 1031 937 1044 975; x_wconf 89' lang='lat'><strong>:</strong></span> 
     </span>
    </p>
   </div>
   <div class='ocr_carea' id='block_1_7' title="bbox 530 1176 2095 1259">
    <p class='ocr_par' dir='ltr' id='par_1_7' title="bbox 530 1176 2095 1259">
     <span class='ocr_line' id='line_1_7' title="bbox 530 1176 2095 1259; baseline -0.009 -11"><span class='ocrx_word' id='word_1_34' title='bbox 530 1188 629 1248; x_wconf 83' lang='lat'><strong>37.</strong></span> <span class='ocrx_word' id='word_1_35' title='bbox 671 1210 694 1240; x_wconf 83' lang='lat'><strong>«</strong></span> <span class='ocrx_word' id='word_1_36' title='bbox 726 1184 784 1246; x_wconf 91' lang='lat' dir='ltr'><strong>Si</strong></span> <span class='ocrx_word' id='word_1_37' title='bbox 811 1204 878 1246; x_wconf 86' lang='lat' dir='ltr'><strong>ex</strong></span> <span class='ocrx_word' id='word_1_38' title='bbox 914 1187 1079 1245; x_wconf 77' lang='lat' dir='ltr'><strong>Patrc</strong></span> <span class='ocrx_word' id='word_1_39' title='bbox 1113 1196 1169 1244; x_wconf 84' lang='lat' dir='ltr'><strong>et</strong></span> <span class='ocrx_word' id='word_1_40' title='bbox 1203 1181 1350 1245; x_wconf 71' lang='lat' dir='ltr'><strong>Filio</strong></span> <span class='ocrx_word' id='word_1_41' title='bbox 1384 1176 1927 1259; x_wconf 71' lang='lat' dir='ltr'><strong>procrditSpiiitus</strong></span> <span class='ocrx_word' id='word_1_42' title='bbox 1958 1194 2095 1235; x_wconf 81' lang='lat' dir='ltr'><strong>san-</strong></span> 
     </span>
    </p>
   </div>
   <div class='ocr_carea' id='block_1_8' title="bbox 446 1268 1841 1358">
    <p class='ocr_par' dir='ltr' id='par_1_8' title="bbox 446 1268 1841 1358">
     <span class='ocr_line' id='line_1_8' title="bbox 446 1268 1841 1358; baseline -0.012 -18"><span class='ocrx_word' id='word_1_43' title='bbox 446 1286 599 1358; x_wconf 87' lang='lat' dir='ltr'><strong>ctus,</strong></span> <span class='ocrx_word' id='word_1_44' title='bbox 633 1276 843 1353; x_wconf 78' lang='lat' dir='ltr'><strong>dup&#39;ex</strong></span> <span class='ocrx_word' id='word_1_45' title='bbox 873 1274 1114 1334; x_wconf 66' lang='lat' dir='ltr'><strong>omnino</strong></span> <span class='ocrx_word' id='word_1_46' title='bbox 1142 1272 1277 1351; x_wconf 85' lang='lat' dir='ltr'><strong>erit,</strong></span> <span class='ocrx_word' id='word_1_47' title='bbox 1304 1278 1362 1331; x_wconf 77' lang='lat' dir='ltr'><strong>et</strong></span> <span class='ocrx_word' id='word_1_48' title='bbox 1391 1268 1774 1353; x_wconf 79' lang='lat' dir='ltr'><strong>compositus.</strong></span> <span class='ocrx_word' id='word_1_49' title='bbox 1821 1291 1841 1323; x_wconf 69' lang='grc' dir='ltr'><strong>ο</strong></span> 
     </span>
    </p>
   </div>
   <div class='ocr_carea' id='block_1_9' title="bbox 529 1443 2101 1532">
    <p class='ocr_par' dir='ltr' id='par_1_9' title="bbox 529 1443 2101 1532">
     <span class='ocr_line' id='line_1_9' title="bbox 529 1443 2101 1532; baseline -0.005 -19"><span class='ocrx_word' id='word_1_50' title='bbox 529 1452 679 1525; x_wconf 85' lang='lat' dir='ltr'><strong>Quid</strong></span> <span class='ocrx_word' id='word_1_51' title='bbox 711 1451 809 1513; x_wconf 89' lang='lat' dir='ltr'><strong>hic</strong></span> <span class='ocrx_word' id='word_1_52' title='bbox 840 1452 946 1532; x_wconf 85' lang='lat' dir='ltr'><strong>ais,</strong></span> <span class='ocrx_word' id='word_1_53' title='bbox 996 1450 1075 1510; x_wconf 90' lang='lat' dir='ltr'><strong>mi</strong></span> <span class='ocrx_word' id='word_1_54' title='bbox 1107 1447 1327 1511; x_wconf 82' lang='lat' dir='ltr'><strong>homo?</strong></span> <span class='ocrx_word' id='word_1_55' title='bbox 1369 1448 1697 1526; x_wconf 71' lang='lat' dir='ltr'><strong>Propterea</strong></span> <span class='ocrx_word' id='word_1_56' title='bbox 1726 1444 1938 1523; x_wconf 83' lang='lat' dir='ltr'><strong>duplex</strong></span> <span class='ocrx_word' id='word_1_57' title='bbox 1967 1443 2101 1532; x_wconf 67' lang='lat' dir='ltr'><strong>erit,</strong></span> 
     </span>
    </p>
   </div>
   <div class='ocr_carea' id='block_1_10' title="bbox 454 1531 2102 1621">
    <p class='ocr_par' dir='ltr' id='par_1_10' title="bbox 454 1531 2102 1621">
     <span class='ocr_line' id='line_1_10' title="bbox 454 1531 2102 1621; baseline -0.009 -15"><span class='ocrx_word' id='word_1_58' title='bbox 454 1554 511 1606; x_wconf 91' lang='lat' dir='ltr'><strong>et</strong></span> <span class='ocrx_word' id='word_1_59' title='bbox 539 1531 939 1621; x_wconf 79' lang='lat' dir='ltr'><strong>compositus,</strong></span> <span class='ocrx_word' id='word_1_60' title='bbox 984 1538 1138 1618; x_wconf 91' lang='lat' dir='ltr'><strong>quod</strong></span> <span class='ocrx_word' id='word_1_61' title='bbox 1203 1557 1271 1599; x_wconf 82' lang='lat' dir='ltr'><strong>ex</strong></span> <span class='ocrx_word' id='word_1_62' title='bbox 1304 1536 1473 1597; x_wconf 85' lang='lat' dir='ltr'><strong>Patre</strong></span> <span class='ocrx_word' id='word_1_63' title='bbox 1501 1542 1559 1595; x_wconf 89' lang='lat' dir='ltr'><strong>et</strong></span> <span class='ocrx_word' id='word_1_64' title='bbox 1590 1533 1737 1596; x_wconf 85' lang='lat' dir='ltr'><strong>Filio</strong></span> <span class='ocrx_word' id='word_1_65' title='bbox 1769 1531 2102 1594; x_wconf 83' lang='lat' dir='ltr'><strong>secundum</strong></span> 
     </span>
    </p>
   </div>
   <div class='ocr_carea' id='block_1_11' title="bbox 449 1622 2099 1710">
    <p class='ocr_par' dir='ltr' id='par_1_11' title="bbox 449 1622 2099 1710">
     <span class='ocr_line' id='line_1_11' title="bbox 449 1622 2099 1710; baseline -0.008 -16"><span class='ocrx_word' id='word_1_66' title='bbox 449 1632 626 1694; x_wconf 88' lang='lat' dir='ltr'><strong>Italos</strong></span> <span class='ocrx_word' id='word_1_67' title='bbox 651 1627 950 1710; x_wconf 80' lang='lat' dir='ltr'><strong>procedit?</strong></span> <span class='ocrx_word' id='word_1_68' title='bbox 970 1622 1729 1706; x_wconf 77' lang='lat' dir='ltr'><strong>Concedepriusduplirem</strong></span> <span class='ocrx_word' id='word_1_69' title='bbox 1758 1623 1920 1682; x_wconf 89' lang='lat' dir='ltr'><strong>illum</strong></span> <span class='ocrx_word' id='word_1_70' title='bbox 1946 1638 2099 1681; x_wconf 77' lang='lat' dir='ltr'><strong>esse.</strong></span> 
     </span>
    </p>
   </div>
   <div class='ocr_carea' id='block_1_12' title="bbox 1483 320 2733 399">
    <p class='ocr_par' dir='ltr' id='par_1_12' title="bbox 1483 320 2733 399">
     <span class='ocr_line' id='line_1_12' title="bbox 1483 320 2733 399; baseline -0.006 -1"><span class='ocrx_word' id='word_1_71' title='bbox 1483 326 1752 399; x_wconf 78' lang='lat' dir='ltr'><strong>JOANN.</strong></span> <span class='ocrx_word' id='word_1_72' title='bbox 1787 331 2009 397; x_wconf 84' lang='lat' dir='ltr'><strong>VECGI</strong></span> <span class='ocrx_word' id='word_1_73' title='bbox 2045 323 2159 392; x_wconf 78' lang='grc' dir='ltr'><strong>ΟΡ.</strong></span> <span class='ocrx_word' id='word_1_74' title='bbox 2195 320 2733 392; x_wconf 72' lang='grc' dir='ltr'><strong>ΡΑΤΒΙΑΒΟΗΔΕ.</strong></span> 
     </span>
    </p>
   </div>
   <div class='ocr_carea' id='block_1_13' title="bbox 440 437 2115 554">
    <p class='ocr_par' dir='ltr' id='par_1_13' title="bbox 440 463 2115 554">
     <span class='ocr_line' id='line_1_13' title="bbox 440 463 2115 554; baseline -0.007 -20"><span class='ocrx_word' id='word_1_75' title='bbox 440 491 755 554; x_wconf 86' lang='lat' dir='ltr'><strong>personam</strong></span> <span class='ocrx_word' id='word_1_76' title='bbox 783 472 1049 536; x_wconf 86' lang='lat' dir='ltr'><strong>contrahi</strong></span> <span class='ocrx_word' id='word_1_77' title='bbox 1079 468 1402 535; x_wconf 79' lang='lat' dir='ltr'><strong>asseres,ni</strong></span> <span class='ocrx_word' id='word_1_78' title='bbox 1434 475 1491 528; x_wconf 90' lang='lat' dir='ltr'><strong>et</strong></span> <span class='ocrx_word' id='word_1_79' title='bbox 1511 463 1928 528; x_wconf 81' lang='lat' dir='ltr'><strong>communibus</strong></span> <span class='ocrx_word' id='word_1_80' title='bbox 1960 483 2064 526; x_wconf 89' lang='lat' dir='ltr'><strong>sen</strong></span> <span class='ocrx_word' id='word_1_81' title='bbox 2112 515 2115 522; x_wconf 44' lang='lat'><strong>,</strong></span> 
     </span>
    </p>
   </div>
   <div class='ocr_carea' id='block_1_14' title="bbox 2206 437 3808 554">
    <p class='ocr_par' dir='ltr' id='par_1_14' title="bbox 2212 437 3808 545">
     <span class='ocr_line' id='line_1_14' title="bbox 2212 437 3808 545; baseline -0.004 -24"><span class='ocrx_word' id='word_1_82' title='bbox 2212 465 2399 543; x_wconf 76' lang='grc' dir='ltr'>ἐγωσιν</span> <span class='ocrx_word' id='word_1_83' title='bbox 2481 464 2869 545; x_wconf 80' lang='grc' dir='ltr'>ἐκπορεύεσθαι.</span> <span class='ocrx_word' id='word_1_84' title='bbox 2963 437 3021 519; x_wconf 56' lang='grc' dir='ltr'>’Π</span> <span class='ocrx_word' id='word_1_85' title='bbox 3103 462 3203 539; x_wconf 72' lang='grc' dir='ltr'><strong>γὰρ</strong></span> <span class='ocrx_word' id='word_1_86' title='bbox 3298 461 3386 516; x_wconf 81' lang='grc' dir='ltr'>καὶ</span> <span class='ocrx_word' id='word_1_87' title='bbox 3480 458 3621 532; x_wconf 84' lang='grc' dir='ltr'>τότε,</span> <span class='ocrx_word' id='word_1_88' title='bbox 3729 457 3808 514; x_wconf 70' lang='grc' dir='ltr'><strong>ἔτ</strong></span> 
     </span>
    </p>
   </div>
   <div class='ocr_carea' id='block_1_15' title="bbox 3687 308 3828 381">
    <p class='ocr_par' dir='ltr' id='par_1_15' title="bbox 3687 308 3828 381">
     <span class='ocr_line' id='line_1_15' title="bbox 3687 308 3828 381; baseline -0.05 0"><span class='ocrx_word' id='word_1_89' title='bbox 3687 308 3828 381; x_wconf 77' lang='grc' dir='ltr'><strong>1οΟ</strong></span> 
     </span>
    </p>
   </div>
   <div class='ocr_carea' id='block_1_16' title="bbox 2175 548 3832 633">
    <p class='ocr_par' dir='ltr' id='par_1_16' title="bbox 2175 548 3832 633">
     <span class='ocr_line' id='line_1_16' title="bbox 2175 548 3832 633; baseline -0.005 -22"><span class='ocrx_word' id='word_1_90' title='bbox 2175 555 2400 633; x_wconf 78' lang='grc' dir='ltr'>πρόεισι,</span> <span class='ocrx_word' id='word_1_91' title='bbox 2462 555 2549 610; x_wconf 80' lang='grc' dir='ltr'><strong>καὶ</strong></span> <span class='ocrx_word' id='word_1_92' title='bbox 2617 565 2911 633; x_wconf 79' lang='grc' dir='ltr'>προχεῖται</span> <span class='ocrx_word' id='word_1_93' title='bbox 2981 552 3041 606; x_wconf 77' lang='grc' dir='ltr'>τὸ</span> <span class='ocrx_word' id='word_1_94' title='bbox 3098 548 3296 608; x_wconf 88' lang='grc' dir='ltr'>ἀπλοῦν</span> <span class='ocrx_word' id='word_1_95' title='bbox 3328 555 3539 623; x_wconf 89' lang='grc' dir='ltr'>Πνεῦμα</span> <span class='ocrx_word' id='word_1_96' title='bbox 3596 549 3656 605; x_wconf 85' lang='grc' dir='ltr'>ἐκ</span> <span class='ocrx_word' id='word_1_97' title='bbox 3706 555 3832 604; x_wconf 86' lang='grc' dir='ltr'>Πα-</span> 
     </span>
    </p>
   </div>
   <div class='ocr_carea' id='block_1_17' title="bbox 2176 636 3843 723">
    <p class='ocr_par' dir='ltr' id='par_1_17' title="bbox 2176 636 3843 723">
     <span class='ocr_line' id='line_1_17' title="bbox 2176 636 3843 723; baseline -0.005 -23"><span class='ocrx_word' id='word_1_98' title='bbox 2176 646 2292 723; x_wconf 66' lang='grc' dir='ltr'>τρὲλς</span> <span class='ocrx_word' id='word_1_99' title='bbox 2351 645 2439 702; x_wconf 80' lang='grc' dir='ltr'><strong>καὶ</strong></span> <span class='ocrx_word' id='word_1_100' title='bbox 2509 646 2631 701; x_wconf 76' lang='grc' dir='ltr'>Υἱοῦ</span> <span class='ocrx_word' id='word_1_101' title='bbox 2686 644 2758 705; x_wconf 81' lang='grc' dir='ltr'><strong>εἰς</strong></span> <span class='ocrx_word' id='word_1_102' title='bbox 2821 639 2876 696; x_wconf 78' lang='grc' dir='ltr'>ἕν</span> <span class='ocrx_word' id='word_1_103' title='bbox 2933 643 3116 703; x_wconf 66' lang='grc' dir='ltr'>αὐτοὺς</span> <span class='ocrx_word' id='word_1_104' title='bbox 3169 637 3346 702; x_wconf 74' lang='grc' dir='ltr'>εἴποις</span> <span class='ocrx_word' id='word_1_105' title='bbox 3426 636 3843 718; x_wconf 75' lang='grc' dir='ltr'>συναλοίφεσθαι</span> 
     </span>
    </p>
   </div>
   <div class='ocr_carea' id='block_1_18' title="bbox 2176 726 3845 813">
    <p class='ocr_par' dir='ltr' id='par_1_18' title="bbox 2176 726 3845 813">
     <span class='ocr_line' id='line_1_18' title="bbox 2176 726 3845 813; baseline -0.005 -23"><span class='ocrx_word' id='word_1_106' title='bbox 2176 734 2482 813; x_wconf 69' lang='grc' dir='ltr'>πρόσωπον,</span> <span class='ocrx_word' id='word_1_107' title='bbox 2526 733 2619 789; x_wconf 63' lang='lat' dir='ltr'><strong>in</strong></span> <span class='ocrx_word' id='word_1_108' title='bbox 2647 734 2737 789; x_wconf 89' lang='lat' dir='ltr'><strong>xui</strong></span> <span class='ocrx_word' id='word_1_109' title='bbox 2793 744 2914 794; x_wconf 75' lang='grc' dir='ltr'>ταῖς</span> <span class='ocrx_word' id='word_1_110' title='bbox 2973 741 3189 795; x_wconf 68' lang='grc' dir='ltr'>κοιναῖς</span> <span class='ocrx_word' id='word_1_111' title='bbox 3245 726 3537 806; x_wconf 82' lang='grc' dir='ltr'>ἀντιλέγειν</span> <span class='ocrx_word' id='word_1_112' title='bbox 3592 728 3845 783; x_wconf 84' lang='grc' dir='ltr'>ἀπαναι-</span> 
     </span>
    </p>
   </div>
   <div class='ocr_carea' id='block_1_19' title="bbox 2178 806 3840 900">
    <p class='ocr_par' dir='ltr' id='par_1_19' title="bbox 2178 806 3840 900">
     <span class='ocr_line' id='line_1_19' title="bbox 2178 806 3840 900; baseline -0.005 -23"><span class='ocrx_word' id='word_1_113' title='bbox 2178 821 2333 900; x_wconf 68' lang='grc' dir='ltr'>δεόσῃ</span> <span class='ocrx_word' id='word_1_114' title='bbox 2380 822 2575 885; x_wconf 80' lang='grc' dir='ltr'>ἐννοίας</span> <span class='ocrx_word' id='word_1_115' title='bbox 2615 840 2629 856; x_wconf 90' lang='grc'><strong>·</strong></span> <span class='ocrx_word' id='word_1_116' title='bbox 2663 820 2699 889; x_wconf 78' lang='grc' dir='ltr'>ἢ</span> <span class='ocrx_word' id='word_1_117' title='bbox 2743 822 2787 876; x_wconf 77' lang='grc' dir='ltr'><strong>εἰ</strong></span> <span class='ocrx_word' id='word_1_118' title='bbox 2818 823 2895 894; x_wconf 76' lang='grc' dir='ltr'>μὴ</span> <span class='ocrx_word' id='word_1_119' title='bbox 2936 825 3114 891; x_wconf 83' lang='grc' dir='ltr'>τοῦτο,</span> <span class='ocrx_word' id='word_1_120' title='bbox 3168 815 3276 876; x_wconf 69' lang='grc' dir='ltr'>οὔδ’</span> <span class='ocrx_word' id='word_1_121' title='bbox 3306 819 3532 884; x_wconf 76' lang='grc' dir='ltr'><strong>ὁπηνίκα</strong></span> <span class='ocrx_word' id='word_1_122' title='bbox 3563 806 3840 892; x_wconf 65' lang='grc' dir='ltr'>Ῥωμαῖοι</span> 
     </span>
    </p>
   </div>
   <div class='ocr_carea' id='block_1_20' title="bbox 2182 908 3832 993">
    <p class='ocr_par' dir='ltr' id='par_1_20' title="bbox 2182 908 3832 993">
     <span class='ocr_line' id='line_1_20' title="bbox 2182 908 3832 993; baseline -0.005 -21"><span class='ocrx_word' id='word_1_123' title='bbox 2182 916 2241 972; x_wconf 66' lang='grc' dir='ltr'><strong>ἐι</strong></span> <span class='ocrx_word' id='word_1_124' title='bbox 2294 917 2496 993; x_wconf 77' lang='grc' dir='ltr'>Πατρὸς</span> <span class='ocrx_word' id='word_1_125' title='bbox 2553 915 2641 971; x_wconf 86' lang='lat' dir='ltr'><strong>xui</strong></span> <span class='ocrx_word' id='word_1_126' title='bbox 2723 915 2845 969; x_wconf 79' lang='grc' dir='ltr'>Υἱοῦ</span> <span class='ocrx_word' id='word_1_127' title='bbox 2929 911 3055 968; x_wconf 75' lang='grc' dir='ltr'>αὐτὸ</span> <span class='ocrx_word' id='word_1_128' title='bbox 3146 908 3386 988; x_wconf 78' lang='grc' dir='ltr'>λέγουσιν</span> <span class='ocrx_word' id='word_1_129' title='bbox 3429 909 3832 989; x_wconf 68' lang='grc' dir='ltr'>ἐκπορεύεσθαι,</span> 
     </span>
    </p>
   </div>
   <div class='ocr_carea' id='block_1_21' title="bbox 2181 996 3837 1083">
    <p class='ocr_par' dir='ltr' id='par_1_21' title="bbox 2181 996 3837 1083">
     <span class='ocr_line' id='line_1_21' title="bbox 2181 996 3837 1083; baseline -0.004 -24"><span class='ocrx_word' id='word_1_130' title='bbox 2181 1003 2468 1083; x_wconf 70' lang='grc' dir='ltr'>συναλοιφή</span> <span class='ocrx_word' id='word_1_131' title='bbox 2500 1007 2668 1061; x_wconf 67' lang='grc' dir='ltr'>αὐτῶν</span> <span class='ocrx_word' id='word_1_132' title='bbox 2713 1001 3112 1081; x_wconf 82' lang='grc' dir='ltr'>εἰσαχθήσεται.</span> <span class='ocrx_word' id='word_1_133' title='bbox 3168 999 3240 1055; x_wconf 85' lang='grc' dir='ltr'>Σὺ</span> <span class='ocrx_word' id='word_1_134' title='bbox 3271 996 3325 1054; x_wconf 80' lang='grc' dir='ltr'><strong>δὲ</strong></span> <span class='ocrx_word' id='word_1_135' title='bbox 3392 997 3528 1055; x_wconf 81' lang='grc' dir='ltr'><strong>ἀλλά</strong></span> <span class='ocrx_word' id='word_1_136' title='bbox 3571 998 3663 1055; x_wconf 80' lang='grc' dir='ltr'><strong>καὶ</strong></span> <span class='ocrx_word' id='word_1_137' title='bbox 3704 996 3837 1054; x_wconf 82' lang='grc' dir='ltr'>δεύ-</span> 
     </span>
    </p>
   </div>
   <div class='ocr_carea' id='block_1_22' title="bbox 2178 1086 3552 1171">
    <p class='ocr_par' dir='ltr' id='par_1_22' title="bbox 2178 1086 3552 1171">
     <span class='ocr_line' id='line_1_22' title="bbox 2178 1086 3552 1171; baseline -0.004 -22"><span class='ocrx_word' id='word_1_138' title='bbox 2178 1115 2326 1171; x_wconf 72' lang='grc' dir='ltr'>τερον</span> <span class='ocrx_word' id='word_1_139' title='bbox 2354 1090 2499 1148; x_wconf 82' lang='grc' dir='ltr'>τόνδε</span> <span class='ocrx_word' id='word_1_140' title='bbox 2530 1089 2931 1170; x_wconf 80' lang='grc' dir='ltr'>προσεπιφέρεις</span> <span class='ocrx_word' id='word_1_141' title='bbox 2976 1087 3327 1167; x_wconf 80' lang='grc' dir='ltr'>συλλογισμὸν</span> <span class='ocrx_word' id='word_1_142' title='bbox 3358 1086 3552 1165; x_wconf 84' lang='grc' dir='ltr'>λέγων,</span> 
     </span>
    </p>
   </div>
   <div class='ocr_carea' id='block_1_23' title="bbox 2260 1171 3835 1259">
    <p class='ocr_par' dir='ltr' id='par_1_23' title="bbox 2260 1171 3835 1259">
     <span class='ocr_line' id='line_1_23' title="bbox 2260 1171 3835 1259; baseline -0.002 -23"><span class='ocrx_word' id='word_1_143' title='bbox 2260 1171 2362 1252; x_wconf 78' lang='grc' dir='ltr'><strong>λζ’.</strong></span> <span class='ocrx_word' id='word_1_144' title='bbox 2401 1205 2424 1235; x_wconf 75' lang='grc' dir='ltr'>(ι</span> <span class='ocrx_word' id='word_1_145' title='bbox 2464 1180 2630 1259; x_wconf 76' lang='grc' dir='ltr'>Εἴπερ</span> <span class='ocrx_word' id='word_1_146' title='bbox 2655 1183 2718 1236; x_wconf 72' lang='grc' dir='ltr'>εκ</span> <span class='ocrx_word' id='word_1_147' title='bbox 2743 1179 2836 1235; x_wconf 78' lang='grc' dir='ltr'>τοῦ</span> <span class='ocrx_word' id='word_1_148' title='bbox 2868 1179 3069 1257; x_wconf 77' lang='grc' dir='ltr'>Πατρὸς</span> <span class='ocrx_word' id='word_1_149' title='bbox 3117 1179 3203 1234; x_wconf 81' lang='grc' dir='ltr'>καὶ</span> <span class='ocrx_word' id='word_1_150' title='bbox 3257 1177 3315 1233; x_wconf 79' lang='grc' dir='ltr'>ἐκ</span> <span class='ocrx_word' id='word_1_151' title='bbox 3370 1187 3463 1236; x_wconf 89' lang='grc' dir='ltr'><strong>τοῦ</strong></span> <span class='ocrx_word' id='word_1_152' title='bbox 3496 1180 3615 1233; x_wconf 67' lang='lat' dir='ltr'><strong>rio-3</strong></span> <span class='ocrx_word' id='word_1_153' title='bbox 3657 1177 3835 1233; x_wconf 77' lang='grc' dir='ltr'>ἐκπο-</span> 
     </span>
    </p>
   </div>
   <div class='ocr_carea' id='block_1_24' title="bbox 2184 1264 3836 1349">
    <p class='ocr_par' dir='ltr' id='par_1_24' title="bbox 2184 1264 3836 1349">
     <span class='ocr_line' id='line_1_24' title="bbox 2184 1264 3836 1349; baseline -0.002 -24"><span class='ocrx_word' id='word_1_154' title='bbox 2184 1274 2384 1349; x_wconf 78' lang='grc' dir='ltr'>ρεύεται</span> <span class='ocrx_word' id='word_1_155' title='bbox 2454 1271 2515 1324; x_wconf 79' lang='lat'><strong>16</strong></span> <span class='ocrx_word' id='word_1_156' title='bbox 2575 1270 2779 1344; x_wconf 73' lang='grc' dir='ltr'>Πνεῦμα</span> <span class='ocrx_word' id='word_1_157' title='bbox 2827 1268 2887 1324; x_wconf 85' lang='grc' dir='ltr'>τὸ</span> <span class='ocrx_word' id='word_1_158' title='bbox 2953 1267 3125 1344; x_wconf 76' lang='grc' dir='ltr'>ἅγιον,</span> <span class='ocrx_word' id='word_1_159' title='bbox 3184 1264 3398 1323; x_wconf 76' lang='grc' dir='ltr'>διπλοῦν</span> <span class='ocrx_word' id='word_1_160' title='bbox 3457 1265 3518 1324; x_wconf 71' lang='grc' dir='ltr'>ἄν</span> <span class='ocrx_word' id='word_1_161' title='bbox 3574 1265 3665 1334; x_wconf 78' lang='grc' dir='ltr'>εἴη</span> <span class='ocrx_word' id='word_1_162' title='bbox 3738 1267 3836 1324; x_wconf 81' lang='grc' dir='ltr'><strong>καὶ</strong></span> 
     </span>
    </p>
   </div>
   <div class='ocr_carea' id='block_1_25' title="bbox 2189 1361 2517 1418">
    <p class='ocr_par' dir='ltr' id='par_1_25' title="bbox 2189 1361 2517 1418">
     <span class='ocr_line' id='line_1_25' title="bbox 2189 1361 2517 1418; baseline -0.006 -1"><span class='ocrx_word' id='word_1_163' title='bbox 2189 1361 2450 1418; x_wconf 82' lang='grc' dir='ltr'>σύνθετον.</span> <span class='ocrx_word' id='word_1_164' title='bbox 2494 1380 2517 1415; x_wconf 73' lang='grc' dir='ltr'><strong>ο</strong></span> 
     </span>
    </p>
   </div>
   <div class='ocr_carea' id='block_1_26' title="bbox 2268 1441 3840 1526">
    <p class='ocr_par' dir='ltr' id='par_1_26' title="bbox 2268 1441 3840 1526">
     <span class='ocr_line' id='line_1_26' title="bbox 2268 1441 3840 1526; baseline -0.002 -22"><span class='ocrx_word' id='word_1_165' title='bbox 2268 1447 2328 1505; x_wconf 85' lang='grc' dir='ltr'>Τί</span> <span class='ocrx_word' id='word_1_166' title='bbox 2377 1447 2505 1526; x_wconf 69' lang='grc' dir='ltr'>φῂς,</span> <span class='ocrx_word' id='word_1_167' title='bbox 2566 1444 2847 1524; x_wconf 74' lang='grc' dir='ltr'>ἄνθρωπες</span> <span class='ocrx_word' id='word_1_168' title='bbox 2912 1445 3008 1500; x_wconf 84' lang='grc' dir='ltr'>Διά</span> <span class='ocrx_word' id='word_1_169' title='bbox 3062 1450 3217 1501; x_wconf 87' lang='grc' dir='ltr'>τοῦτο</span> <span class='ocrx_word' id='word_1_170' title='bbox 3273 1441 3486 1501; x_wconf 75' lang='grc' dir='ltr'>διπλοῦν</span> <span class='ocrx_word' id='word_1_171' title='bbox 3542 1443 3687 1501; x_wconf 78' lang='grc' dir='ltr'>ἔσται</span> <span class='ocrx_word' id='word_1_172' title='bbox 3742 1446 3840 1501; x_wconf 82' lang='grc' dir='ltr'>καὶ</span> 
     </span>
    </p>
   </div>
   <div class='ocr_carea' id='block_1_27' title="bbox 2188 1531 3835 1612">
    <p class='ocr_par' dir='ltr' id='par_1_27' title="bbox 2188 1531 3835 1612">
     <span class='ocr_line' id='line_1_27' title="bbox 2188 1531 3835 1612; baseline -0.002 -20"><span class='ocrx_word' id='word_1_173' title='bbox 2188 1538 2449 1610; x_wconf 68' lang='grc' dir='ltr'>σύνθετον,</span> <span class='ocrx_word' id='word_1_174' title='bbox 2506 1536 2584 1591; x_wconf 88' lang='grc' dir='ltr'>ὃτι</span> <span class='ocrx_word' id='word_1_175' title='bbox 2644 1534 2704 1590; x_wconf 80' lang='grc' dir='ltr'><strong>ἐκ</strong></span> <span class='ocrx_word' id='word_1_176' title='bbox 2761 1535 2961 1612; x_wconf 82' lang='grc' dir='ltr'>Πατρὸς</span> <span class='ocrx_word' id='word_1_177' title='bbox 3006 1534 3094 1589; x_wconf 83' lang='grc' dir='ltr'>καὶ</span> <span class='ocrx_word' id='word_1_178' title='bbox 3158 1536 3278 1591; x_wconf 82' lang='grc' dir='ltr'>Υίοῦ</span> <span class='ocrx_word' id='word_1_179' title='bbox 3318 1534 3454 1589; x_wconf 82' lang='grc' dir='ltr'>κατά</span> <span class='ocrx_word' id='word_1_180' title='bbox 3510 1534 3629 1597; x_wconf 87' lang='grc' dir='ltr'>τοὺς</span> <span class='ocrx_word' id='word_1_181' title='bbox 3684 1531 3835 1591; x_wconf 81' lang='grc' dir='ltr'>Ἰτα-</span> 
     </span>
    </p>
   </div>
   <div class='ocr_carea' id='block_1_28' title="bbox 2189 1619 3839 1705">
    <p class='ocr_par' dir='ltr' id='par_1_28' title="bbox 2189 1619 3839 1705">
     <span class='ocr_line' id='line_1_28' title="bbox 2189 1619 3839 1705; baseline -0.002 -23"><span class='ocrx_word' id='word_1_182' title='bbox 2189 1626 2310 1687; x_wconf 74' lang='grc' dir='ltr'>λοὺς</span> <span class='ocrx_word' id='word_1_183' title='bbox 2375 1624 2757 1705; x_wconf 76' lang='grc' dir='ltr'>ἐκπορεύεται;</span> <span class='ocrx_word' id='word_1_184' title='bbox 2808 1623 2906 1687; x_wconf 73' lang='grc' dir='ltr'>Δὸς</span> <span class='ocrx_word' id='word_1_185' title='bbox 2963 1621 3214 1701; x_wconf 72' lang='grc' dir='ltr'>προτερον</span> <span class='ocrx_word' id='word_1_186' title='bbox 3255 1619 3467 1682; x_wconf 76' lang='grc' dir='ltr'>διπλοῦν</span> <span class='ocrx_word' id='word_1_187' title='bbox 3522 1625 3647 1682; x_wconf 75' lang='grc' dir='ltr'>αὐτὸ</span> <span class='ocrx_word' id='word_1_188' title='bbox 3689 1624 3839 1680; x_wconf 87' lang='grc' dir='ltr'>εἶναι</span> 
     </span>
    </p>
   </div>
   <div class='ocr_carea' id='block_1_29' title="bbox 451 1700 2115 1800">
    <p class='ocr_par' dir='ltr' id='par_1_29' title="bbox 451 1700 2100 1800">
     <span class='ocr_line' id='line_1_29' title="bbox 451 1700 2100 1800; baseline -0.009 -18"><span class='ocrx_word' id='word_1_189' title='bbox 451 1730 510 1783; x_wconf 91' lang='lat' dir='ltr'><strong>et</strong></span> <span class='ocrx_word' id='word_1_190' title='bbox 539 1700 957 1800; x_wconf 80' lang='lat' dir='ltr'><strong>compositum,</strong></span> <span class='ocrx_word' id='word_1_191' title='bbox 993 1716 1145 1795; x_wconf 90' lang='lat' dir='ltr'><strong>quod</strong></span> <span class='ocrx_word' id='word_1_192' title='bbox 1174 1734 1241 1776; x_wconf 83' lang='lat' dir='ltr'><strong>ex</strong></span> <span class='ocrx_word' id='word_1_193' title='bbox 1259 1700 1451 1775; x_wconf 44' lang='lat' dir='ltr'><strong>&#39;Patre</strong></span> <span class='ocrx_word' id='word_1_194' title='bbox 1485 1700 1540 1773; x_wconf 83' lang='lat' dir='ltr'><strong>et</strong></span> <span class='ocrx_word' id='word_1_195' title='bbox 1577 1711 1723 1774; x_wconf 84' lang='lat' dir='ltr'><strong>Filio</strong></span> <span class='ocrx_word' id='word_1_196' title='bbox 1757 1710 2100 1771; x_wconf 75' lang='lat' dir='ltr'><strong>exsistitse-</strong></span> 
     </span>
    </p>
   </div>
   <div class='ocr_carea' id='block_1_30' title="bbox 2206 1700 3842 1800">
    <p class='ocr_par' dir='ltr' id='par_1_30' title="bbox 2206 1700 3842 1792">
     <span class='ocr_line' id='line_1_30' title="bbox 2206 1700 3842 1792; baseline -0.001 -23"><span class='ocrx_word' id='word_1_197' title='bbox 2206 1716 2273 1771; x_wconf 87' lang='grc' dir='ltr'>ιαὶ</span> <span class='ocrx_word' id='word_1_198' title='bbox 2317 1714 2583 1792; x_wconf 70' lang='grc' dir='ltr'>σύντεθον,</span> <span class='ocrx_word' id='word_1_199' title='bbox 2642 1700 2837 1768; x_wconf 36' lang='grc' dir='ltr'>ὅτι-ἐκ</span> <span class='ocrx_word' id='word_1_200' title='bbox 2879 1700 3080 1789; x_wconf 82' lang='grc' dir='ltr'>Πατρὸς</span> <span class='ocrx_word' id='word_1_201' title='bbox 3130 1700 3216 1766; x_wconf 85' lang='lat' dir='ltr'><strong>xui</strong></span> <span class='ocrx_word' id='word_1_202' title='bbox 3264 1714 3384 1770; x_wconf 78' lang='grc' dir='ltr'>Υίοῦ</span> <span class='ocrx_word' id='word_1_203' title='bbox 3437 1711 3665 1791; x_wconf 80' lang='grc' dir='ltr'>ὑπάρχει</span> <span class='ocrx_word' id='word_1_204' title='bbox 3700 1713 3842 1768; x_wconf 70' lang='grc' dir='ltr'>κατὰ</span> 
     </span>
    </p>
   </div>
   <div class='ocr_carea' id='block_1_31' title="bbox 458 1802 2100 1884">
    <p class='ocr_par' dir='ltr' id='par_1_31' title="bbox 458 1802 2100 1884">
     <span class='ocr_line' id='line_1_31' title="bbox 458 1802 2100 1884; baseline -0.009 -12"><span class='ocrx_word' id='word_1_205' title='bbox 458 1810 720 1872; x_wconf 90' lang='lat' dir='ltr'><strong>cundum</strong></span> <span class='ocrx_word' id='word_1_206' title='bbox 746 1815 975 1867; x_wconf 90' lang='lat' dir='ltr'><strong>nostras</strong></span> <span class='ocrx_word' id='word_1_207' title='bbox 1005 1802 1341 1884; x_wconf 89' lang='lat' dir='ltr'><strong>Scripturas</strong></span> <span class='ocrx_word' id='word_1_208' title='bbox 1361 1820 1557 1863; x_wconf 86' lang='lat' dir='ltr'><strong>sacras</strong></span> <span class='ocrx_word' id='word_1_209' title='bbox 1592 1823 1604 1859; x_wconf 92' lang='lat'>:</span> <span class='ocrx_word' id='word_1_210' title='bbox 1642 1808 1698 1860; x_wconf 87' lang='lat' dir='ltr'><strong>et</strong></span> <span class='ocrx_word' id='word_1_211' title='bbox 1728 1810 1847 1861; x_wconf 85' lang='lat' dir='ltr'><strong>tum</strong></span> <span class='ocrx_word' id='word_1_212' title='bbox 1880 1816 2100 1859; x_wconf 90' lang='lat' dir='ltr'><strong>conce-</strong></span> 
     </span>
    </p>
   </div>
   <div class='ocr_carea' id='block_1_32' title="bbox 451 1887 2105 1974">
    <p class='ocr_par' dir='ltr' id='par_1_32' title="bbox 451 1887 2105 1974">
     <span class='ocr_line' id='line_1_32' title="bbox 451 1887 2105 1974; baseline -0.009 -14"><span class='ocrx_word' id='word_1_213' title='bbox 451 1900 646 1972; x_wconf 86' lang='lat' dir='ltr'><strong>detur,</strong></span> <span class='ocrx_word' id='word_1_214' title='bbox 682 1895 979 1974; x_wconf 82' lang='lat' dir='ltr'><strong>duplicem</strong></span> <span class='ocrx_word' id='word_1_215' title='bbox 1014 1893 1178 1954; x_wconf 88' lang='lat' dir='ltr'><strong>illum</strong></span> <span class='ocrx_word' id='word_1_216' title='bbox 1216 1910 1368 1971; x_wconf 77' lang='lat' dir='ltr'><strong>esse,</strong></span> <span class='ocrx_word' id='word_1_217' title='bbox 1402 1899 1457 1951; x_wconf 91' lang='lat' dir='ltr'><strong>et</strong></span> <span class='ocrx_word' id='word_1_218' title='bbox 1490 1888 1907 1968; x_wconf 88' lang='lat' dir='ltr'><strong>compositum,</strong></span> <span class='ocrx_word' id='word_1_219' title='bbox 2033 1905 2105 1947; x_wconf 83' lang='lat' dir='ltr'><strong>ex</strong></span> 
     </span>
    </p>
   </div>
   <div class='ocr_carea' id='block_1_33' title="bbox 455 1973 2106 2062">
    <p class='ocr_par' dir='ltr' id='par_1_33' title="bbox 455 1973 2106 2062">
     <span class='ocr_line' id='line_1_33' title="bbox 455 1973 2106 2062; baseline -0.009 -13"><span class='ocrx_word' id='word_1_220' title='bbox 455 1988 631 2049; x_wconf 83' lang='lat' dir='ltr'><strong>Patre</strong></span> <span class='ocrx_word' id='word_1_221' title='bbox 655 1995 710 2046; x_wconf 86' lang='lat' dir='ltr'><strong>et</strong></span> <span class='ocrx_word' id='word_1_222' title='bbox 740 1984 889 2047; x_wconf 89' lang='lat' dir='ltr'><strong>Filio</strong></span> <span class='ocrx_word' id='word_1_223' title='bbox 920 1981 1211 2062; x_wconf 84' lang='lat' dir='ltr'><strong>procedit.</strong></span> <span class='ocrx_word' id='word_1_224' title='bbox 1256 1979 1679 2041; x_wconf 85' lang='lat' dir='ltr'><strong>Verumtamen</strong></span> <span class='ocrx_word' id='word_1_225' title='bbox 1713 1976 1912 2051; x_wconf 81' lang='lat' dir='ltr'><strong>etiam,</strong></span> <span class='ocrx_word' id='word_1_226' title='bbox 1939 1973 2106 2035; x_wconf 89' lang='lat' dir='ltr'><strong>siille</strong></span> 
     </span>
    </p>
   </div>
   <div class='ocr_carea' id='block_1_34' title="bbox 455 2063 2103 2140">
    <p class='ocr_par' dir='ltr' id='par_1_34' title="bbox 455 2063 2103 2140">
     <span class='ocr_line' id='line_1_34' title="bbox 455 2063 2103 2140; baseline -0.007 -2"><span class='ocrx_word' id='word_1_227' title='bbox 455 2095 523 2138; x_wconf 83' lang='lat' dir='ltr'><strong>ex</strong></span> <span class='ocrx_word' id='word_1_228' title='bbox 558 2075 729 2136; x_wconf 86' lang='lat' dir='ltr'><strong>Patre</strong></span> <span class='ocrx_word' id='word_1_229' title='bbox 760 2082 815 2133; x_wconf 90' lang='lat' dir='ltr'><strong>et</strong></span> <span class='ocrx_word' id='word_1_230' title='bbox 853 2071 1002 2133; x_wconf 88' lang='lat' dir='ltr'><strong>Filio</strong></span> <span class='ocrx_word' id='word_1_231' title='bbox 1053 2069 1291 2131; x_wconf 80' lang='lat' dir='ltr'><strong>exsistat</strong></span> <span class='ocrx_word' id='word_1_232' title='bbox 1323 2066 1691 2140; x_wconf 79' lang='lat' dir='ltr'><strong>naturaliter,</strong></span> <span class='ocrx_word' id='word_1_233' title='bbox 1729 2073 1785 2125; x_wconf 90' lang='lat' dir='ltr'><strong>et</strong></span> <span class='ocrx_word' id='word_1_234' title='bbox 1814 2063 2103 2126; x_wconf 81' lang='lat' dir='ltr'><strong>essentia-</strong></span> 
     </span>
    </p>
   </div>
   <div class='ocr_carea' id='block_1_35' title="bbox 459 2152 2105 2242">
    <p class='ocr_par' dir='ltr' id='par_1_35' title="bbox 459 2152 2105 2242">
     <span class='ocr_line' id='line_1_35' title="bbox 459 2152 2105 2242; baseline -0.009 -16"><span class='ocrx_word' id='word_1_235' title='bbox 459 2165 680 2236; x_wconf 91' lang='lat' dir='ltr'><strong>liter,et</strong></span> <span class='ocrx_word' id='word_1_236' title='bbox 702 2157 1415 2242; x_wconf 76' lang='lat' dir='ltr'><strong>in-liypostasi,propriam</strong></span> <span class='ocrx_word' id='word_1_237' title='bbox 1453 2166 1644 2217; x_wconf 83' lang='lat' dir='ltr'><strong>tamen</strong></span> <span class='ocrx_word' id='word_1_238' title='bbox 1671 2152 2105 2242; x_wconf 74' lang='lat' dir='ltr'><strong>simplicitatem</strong></span> 
     </span>
    </p>
   </div>
   <div class='ocr_carea' id='block_1_36' title="bbox 451 2241 2105 2325">
    <p class='ocr_par' dir='ltr' id='par_1_36' title="bbox 451 2241 2105 2325">
     <span class='ocr_line' id='line_1_36' title="bbox 451 2241 2105 2325; baseline -0.009 -13"><span class='ocrx_word' id='word_1_239' title='bbox 451 2271 569 2313; x_wconf 91' lang='lat' dir='ltr'><strong>non</strong></span> <span class='ocrx_word' id='word_1_240' title='bbox 615 2241 869 2322; x_wconf 82' lang='lat' dir='ltr'><strong>amittit;</strong></span> <span class='ocrx_word' id='word_1_241' title='bbox 905 2247 1127 2308; x_wconf 87' lang='lat' dir='ltr'><strong>clarum</strong></span> <span class='ocrx_word' id='word_1_242' title='bbox 1160 2253 1271 2325; x_wconf 83' lang='lat' dir='ltr'><strong>est,</strong></span> <span class='ocrx_word' id='word_1_243' title='bbox 1324 2262 1517 2323; x_wconf 83' lang='lat' dir='ltr'><strong>neque</strong></span> <span class='ocrx_word' id='word_1_244' title='bbox 1547 2241 1874 2321; x_wconf 85' lang='lat' dir='ltr'><strong>duplicem,</strong></span> <span class='ocrx_word' id='word_1_245' title='bbox 1912 2258 2105 2319; x_wconf 82' lang='lat' dir='ltr'><strong>neque</strong></span> 
     </span>
    </p>
   </div>
   <div class='ocr_carea' id='block_1_37' title="bbox 451 2327 2099 2419">
    <p class='ocr_par' dir='ltr' id='par_1_37' title="bbox 451 2327 2099 2419">
     <span class='ocr_line' id='line_1_37' title="bbox 451 2327 2099 2419; baseline -0.008 -20"><span class='ocrx_word' id='word_1_246' title='bbox 451 2338 841 2419; x_wconf 90' lang='lat' dir='ltr'><strong>compositum</strong></span> <span class='ocrx_word' id='word_1_247' title='bbox 878 2354 1031 2407; x_wconf 86' lang='lat' dir='ltr'><strong>esse,</strong></span> <span class='ocrx_word' id='word_1_248' title='bbox 1092 2335 1139 2394; x_wconf 92' lang='lat' dir='ltr'><strong>si</strong></span> <span class='ocrx_word' id='word_1_249' title='bbox 1195 2352 1263 2392; x_wconf 75' lang='lat' dir='ltr'><strong>ex</strong></span> <span class='ocrx_word' id='word_1_250' title='bbox 1294 2332 1465 2393; x_wconf 85' lang='lat' dir='ltr'><strong>Patre</strong></span> <span class='ocrx_word' id='word_1_251' title='bbox 1497 2340 1554 2391; x_wconf 91' lang='lat' dir='ltr'><strong>et</strong></span> <span class='ocrx_word' id='word_1_252' title='bbox 1582 2329 1731 2389; x_wconf 87' lang='lat' dir='ltr'><strong>Filio</strong></span> <span class='ocrx_word' id='word_1_253' title='bbox 1770 2327 2099 2389; x_wconf 79' lang='lat' dir='ltr'><strong>secundum</strong></span> 
     </span>
    </p>
   </div>
   <div class='ocr_carea' id='block_1_38' title="bbox 451 2424 1429 2503">
    <p class='ocr_par' dir='ltr' id='par_1_38' title="bbox 451 2424 1429 2503">
     <span class='ocr_line' id='line_1_38' title="bbox 451 2424 1429 2503; baseline -0.015 -10"><span class='ocrx_word' id='word_1_254' title='bbox 451 2432 753 2493; x_wconf 75' lang='lat' dir='ltr'><strong>Romanos</strong></span> <span class='ocrx_word' id='word_1_255' title='bbox 789 2424 1078 2503; x_wconf 85' lang='lat' dir='ltr'><strong>procedit.</strong></span> <span class='ocrx_word' id='word_1_256' title='bbox 1112 2425 1429 2485; x_wconf 78' lang='lat' dir='ltr'><strong>Praeterea.</strong></span> 
     </span>
    </p>
   </div>
   <div class='ocr_carea' id='block_1_39' title="bbox 533 2503 2105 2591">
    <p class='ocr_par' dir='ltr' id='par_1_39' title="bbox 533 2503 2105 2591">
     <span class='ocr_line' id='line_1_39' title="bbox 533 2503 2105 2591; baseline -0.01 -13"><span class='ocrx_word' id='word_1_257' title='bbox 533 2516 631 2579; x_wconf 85' lang='lat'><strong>38.</strong></span> <span class='ocrx_word' id='word_1_258' title='bbox 674 2539 699 2569; x_wconf 79' lang='grc' dir='ltr'><strong>α</strong></span> <span class='ocrx_word' id='word_1_259' title='bbox 764 2512 823 2575; x_wconf 87' lang='lat' dir='ltr'><strong>Si</strong></span> <span class='ocrx_word' id='word_1_260' title='bbox 892 2512 962 2575; x_wconf 84' lang='lat' dir='ltr'><strong>ad</strong></span> <span class='ocrx_word' id='word_1_261' title='bbox 1020 2512 1136 2572; x_wconf 91' lang='lat' dir='ltr'><strong>duo</strong></span> <span class='ocrx_word' id='word_1_262' title='bbox 1197 2509 1492 2591; x_wconf 85' lang='lat' dir='ltr'><strong>principia</strong></span> <span class='ocrx_word' id='word_1_263' title='bbox 1556 2506 1809 2569; x_wconf 80' lang='lat' dir='ltr'><strong>refertur</strong></span> <span class='ocrx_word' id='word_1_264' title='bbox 1856 2503 2105 2586; x_wconf 85' lang='lat' dir='ltr'><strong>Spiritus</strong></span> 
     </span>
    </p>
   </div>
   <div class='ocr_carea' id='block_1_40' title="bbox 453 2593 2108 2676">
    <p class='ocr_par' dir='ltr' id='par_1_40' title="bbox 453 2593 2108 2676">
     <span class='ocr_line' id='line_1_40' title="bbox 453 2593 2108 2676; baseline -0.01 -8"><span class='ocrx_word' id='word_1_265' title='bbox 453 2613 711 2676; x_wconf 86' lang='lat' dir='ltr'><strong>sanctus,</strong></span> <span class='ocrx_word' id='word_1_266' title='bbox 765 2600 866 2662; x_wconf 91' lang='lat' dir='ltr'><strong>ubi</strong></span> <span class='ocrx_word' id='word_1_267' title='bbox 935 2601 1048 2663; x_wconf 88' lang='lat' dir='ltr'><strong>erit</strong></span> <span class='ocrx_word' id='word_1_268' title='bbox 1118 2598 1482 2661; x_wconf 89' lang='lat' dir='ltr'><strong>tantumdem</strong></span> <span class='ocrx_word' id='word_1_269' title='bbox 1543 2596 1885 2657; x_wconf 85' lang='lat' dir='ltr'><strong>decantatus</strong></span> <span class='ocrx_word' id='word_1_270' title='bbox 1932 2593 2108 2655; x_wconf 92' lang='lat' dir='ltr'><strong>unius</strong></span> 
     </span>
    </p>
   </div>
   <div class='ocr_carea' id='block_1_41' title="bbox 455 2693 924 2779">
    <p class='ocr_par' dir='ltr' id='par_1_41' title="bbox 455 2693 924 2779">
     <span class='ocr_line' id='line_1_41' title="bbox 455 2693 924 2779; baseline -0.021 -22"><span class='ocrx_word' id='word_1_271' title='bbox 455 2693 867 2779; x_wconf 82' lang='lat' dir='ltr'><strong>prim-ipatus?</strong></span> <span class='ocrx_word' id='word_1_272' title='bbox 905 2717 924 2747; x_wconf 77' lang='grc' dir='ltr'><strong>υ</strong></span> 
     </span>
    </p>
   </div>
   <div class='ocr_carea' id='block_1_42' title="bbox 534 2774 2107 2864">
    <p class='ocr_par' dir='ltr' id='par_1_42' title="bbox 534 2774 2107 2864">
     <span class='ocr_line' id='line_1_42' title="bbox 534 2774 2107 2864; baseline -0.008 -18"><span class='ocrx_word' id='word_1_273' title='bbox 534 2781 825 2864; x_wconf 88' lang='lat' dir='ltr'><strong>Tolli,ais,</strong></span> <span class='ocrx_word' id='word_1_274' title='bbox 855 2780 1028 2842; x_wconf 90' lang='lat' dir='ltr'><strong>unius</strong></span> <span class='ocrx_word' id='word_1_275' title='bbox 1057 2780 1374 2841; x_wconf 87' lang='lat' dir='ltr'><strong>admodum</strong></span> <span class='ocrx_word' id='word_1_276' title='bbox 1408 2779 1779 2839; x_wconf 84' lang='lat' dir='ltr'><strong>decantatum</strong></span> <span class='ocrx_word' id='word_1_277' title='bbox 1804 2774 2107 2855; x_wconf 79' lang='lat' dir='ltr'><strong>principa—</strong></span> 
     </span>
    </p>
   </div>
   <div class='ocr_carea' id='block_1_43' title="bbox 452 2861 2112 2948">
    <p class='ocr_par' dir='ltr' id='par_1_43' title="bbox 452 2861 2112 2948">
     <span class='ocr_line' id='line_1_43' title="bbox 452 2861 2112 2948; baseline -0.005 -12"><span class='ocrx_word' id='word_1_278' title='bbox 452 2885 603 2946; x_wconf 90' lang='lat' dir='ltr'><strong>tum,</strong></span> <span class='ocrx_word' id='word_1_279' title='bbox 664 2861 714 2932; x_wconf 92' lang='lat' dir='ltr'><strong>si</strong></span> <span class='ocrx_word' id='word_1_280' title='bbox 766 2868 839 2931; x_wconf 88' lang='lat' dir='ltr'><strong>ad</strong></span> <span class='ocrx_word' id='word_1_281' title='bbox 901 2870 1017 2930; x_wconf 88' lang='lat' dir='ltr'><strong>duo</strong></span> <span class='ocrx_word' id='word_1_282' title='bbox 1076 2866 1372 2948; x_wconf 86' lang='lat' dir='ltr'><strong>principia</strong></span> <span class='ocrx_word' id='word_1_283' title='bbox 1401 2865 1659 2947; x_wconf 88' lang='lat' dir='ltr'><strong>Spiritus</strong></span> <span class='ocrx_word' id='word_1_284' title='bbox 1692 2865 2002 2926; x_wconf 79' lang='lat' dir='ltr'><strong>referatur.</strong></span> <span class='ocrx_word' id='word_1_285' title='bbox 2043 2861 2112 2928; x_wconf 89' lang='lat' dir='ltr'><strong>Et</strong></span> 
     </span>
    </p>
   </div>
   <div class='ocr_carea' id='block_1_44' title="bbox 455 2951 2110 3040">
    <p class='ocr_par' dir='ltr' id='par_1_44' title="bbox 455 2951 2110 3040">
     <span class='ocr_line' id='line_1_44' title="bbox 455 2951 2110 3040; baseline -0.007 -16"><span class='ocrx_word' id='word_1_286' title='bbox 455 2963 630 3024; x_wconf 84' lang='lat' dir='ltr'><strong>unius</strong></span> <span class='ocrx_word' id='word_1_287' title='bbox 664 2958 1059 3040; x_wconf 87' lang='lat' dir='ltr'><strong>principatum</strong></span> <span class='ocrx_word' id='word_1_288' title='bbox 1092 2956 1412 3018; x_wconf 88' lang='lat' dir='ltr'><strong>admodum</strong></span> <span class='ocrx_word' id='word_1_289' title='bbox 1468 2956 1842 3016; x_wconf 86' lang='lat' dir='ltr'><strong>decantatum</strong></span> <span class='ocrx_word' id='word_1_290' title='bbox 1878 2951 2025 3025; x_wconf 90' lang='lat' dir='ltr'><strong>tolli,</strong></span> <span class='ocrx_word' id='word_1_291' title='bbox 2061 2954 2110 3013; x_wconf 86' lang='lat' dir='ltr'><strong>si</strong></span> 
     </span>
    </p>
   </div>
   <div class='ocr_carea' id='block_1_45' title="bbox 454 3043 2168 3139">
    <p class='ocr_par' dir='ltr' id='par_1_45' title="bbox 454 3043 2168 3139">
     <span class='ocr_line' id='line_1_45' title="bbox 454 3043 2168 3139; baseline -0.011 -27"><span class='ocrx_word' id='word_1_292' title='bbox 454 3050 530 3112; x_wconf 88' lang='lat' dir='ltr'><strong>ad</strong></span> <span class='ocrx_word' id='word_1_293' title='bbox 562 3045 1026 3139; x_wconf 84' lang='lat' dir='ltr'><strong>duo_principia</strong></span> <span class='ocrx_word' id='word_1_294' title='bbox 1073 3044 1328 3139; x_wconf 83' lang='lat' dir='ltr'><strong>Spiritus</strong></span> <span class='ocrx_word' id='word_1_295' title='bbox 1358 3043 1670 3139; x_wconf 77' lang='lat' dir='ltr'><strong>referatur,</strong></span> <span class='ocrx_word' id='word_1_296' title='bbox 1699 3060 1875 3103; x_wconf 90' lang='lat' dir='ltr'><strong>nemo</strong></span> <span class='ocrx_word' id='word_1_297' title='bbox 1907 3049 2111 3102; x_wconf 80' lang='lat' dir='ltr'><strong>contra</strong></span> <span class='ocrx_word' id='word_1_298' title='bbox 2128 3090 2168 3139; x_wconf 61' lang='grc' dir='ltr'>Ω</span> 
     </span>
    </p>
   </div>
   <div class='ocr_carea' id='block_1_46' title="bbox 458 3131 2105 3215">
    <p class='ocr_par' dir='ltr' id='par_1_46' title="bbox 458 3131 2105 3215">
     <span class='ocr_line' id='line_1_46' title="bbox 458 3131 2105 3215; baseline -0.007 -14"><span class='ocrx_word' id='word_1_299' title='bbox 458 3138 651 3201; x_wconf 90' lang='lat' dir='ltr'><strong>iverit.</strong></span> <span class='ocrx_word' id='word_1_300' title='bbox 686 3136 775 3198; x_wconf 90' lang='lat' dir='ltr'><strong>Tu</strong></span> <span class='ocrx_word' id='word_1_301' title='bbox 807 3152 942 3197; x_wconf 89' lang='lat' dir='ltr'><strong>vero</strong></span> <span class='ocrx_word' id='word_1_302' title='bbox 977 3152 1093 3215; x_wconf 87' lang='lat' dir='ltr'><strong>qua</strong></span> <span class='ocrx_word' id='word_1_303' title='bbox 1120 3134 1194 3194; x_wconf 89' lang='lat' dir='ltr'><strong>de</strong></span> <span class='ocrx_word' id='word_1_304' title='bbox 1229 3151 1404 3195; x_wconf 88' lang='lat' dir='ltr'><strong>causa</strong></span> <span class='ocrx_word' id='word_1_305' title='bbox 1434 3131 1735 3193; x_wconf 88' lang='lat' dir='ltr'><strong>veritatem</strong></span> <span class='ocrx_word' id='word_1_306' title='bbox 1768 3149 1886 3191; x_wconf 88' lang='lat' dir='ltr'><strong>non</strong></span> <span class='ocrx_word' id='word_1_307' title='bbox 1913 3148 1977 3191; x_wconf 90' lang='lat' dir='ltr'><strong>es</strong></span> <span class='ocrx_word' id='word_1_308' title='bbox 2004 3148 2105 3191; x_wconf 92' lang='lat' dir='ltr'><strong>re-</strong></span> 
     </span>
    </p>
   </div>
   <div class='ocr_carea' id='block_1_47' title="bbox 461 3218 2103 3305">
    <p class='ocr_par' dir='ltr' id='par_1_47' title="bbox 461 3218 2103 3305">
     <span class='ocr_line' id='line_1_47' title="bbox 461 3218 2103 3305; baseline -0.005 -17"><span class='ocrx_word' id='word_1_309' title='bbox 461 3227 705 3302; x_wconf 84' lang='lat' dir='ltr'><strong>veritus,</strong></span> <span class='ocrx_word' id='word_1_310' title='bbox 742 3234 1016 3305; x_wconf 89' lang='lat' dir='ltr'><strong>tanquam</strong></span> <span class='ocrx_word' id='word_1_311' title='bbox 1052 3223 1386 3285; x_wconf 90' lang='lat' dir='ltr'><strong>confessum</strong></span> <span class='ocrx_word' id='word_1_312' title='bbox 1413 3220 1890 3302; x_wconf 89' lang='lat' dir='ltr'><strong>arripiens,quod</strong></span> <span class='ocrx_word' id='word_1_313' title='bbox 1917 3218 1989 3281; x_wconf 91' lang='lat' dir='ltr'><strong>ab</strong></span> <span class='ocrx_word' id='word_1_314' title='bbox 2011 3238 2103 3292; x_wconf 84' lang='lat' dir='ltr'><strong>eo,</strong></span> 
     </span>
    </p>
   </div>
   <div class='ocr_carea' id='block_1_48' title="bbox 460 3307 2108 3399">
    <p class='ocr_par' dir='ltr' id='par_1_48' title="bbox 460 3307 2108 3399">
     <span class='ocr_line' id='line_1_48' title="bbox 460 3307 2108 3399; baseline -0.007 -20"><span class='ocrx_word' id='word_1_315' title='bbox 460 3316 560 3399; x_wconf 89' lang='lat' dir='ltr'><strong>qui</strong></span> <span class='ocrx_word' id='word_1_316' title='bbox 592 3335 708 3377; x_wconf 90' lang='lat' dir='ltr'><strong>una</strong></span> <span class='ocrx_word' id='word_1_317' title='bbox 738 3323 928 3376; x_wconf 90' lang='lat' dir='ltr'><strong>tecum</strong></span> <span class='ocrx_word' id='word_1_318' title='bbox 964 3312 1223 3391; x_wconf 85' lang='lat' dir='ltr'><strong>disserit,</strong></span> <span class='ocrx_word' id='word_1_319' title='bbox 1251 3330 1367 3372; x_wconf 90' lang='lat' dir='ltr'><strong>non</strong></span> <span class='ocrx_word' id='word_1_320' title='bbox 1391 3309 1759 3383; x_wconf 89' lang='lat' dir='ltr'><strong>conceditur,</strong></span> <span class='ocrx_word' id='word_1_321' title='bbox 1783 3307 2108 3388; x_wconf 59' lang='lat' dir='ltr'><strong>et§ccnclu-</strong></span> 
     </span>
    </p>
   </div>
   <div class='ocr_carea' id='block_1_49' title="bbox 459 3396 2114 3484">
    <p class='ocr_par' dir='ltr' id='par_1_49' title="bbox 459 3396 2114 3484">
     <span class='ocr_line' id='line_1_49' title="bbox 459 3396 2114 3484; baseline -0.007 -16"><span class='ocrx_word' id='word_1_322' title='bbox 459 3396 630 3477; x_wconf 82' lang='lat' dir='ltr'><strong>dens,</strong></span> <span class='ocrx_word' id='word_1_323' title='bbox 656 3404 809 3484; x_wconf 82' lang='lat' dir='ltr'><strong>quod</strong></span> <span class='ocrx_word' id='word_1_324' title='bbox 847 3401 986 3463; x_wconf 91' lang='lat' dir='ltr'><strong>inde</strong></span> <span class='ocrx_word' id='word_1_325' title='bbox 1009 3408 1250 3482; x_wconf 87' lang='lat' dir='ltr'><strong>apparet</strong></span> <span class='ocrx_word' id='word_1_326' title='bbox 1278 3399 1599 3461; x_wconf 89' lang='lat' dir='ltr'><strong>absurdum</strong></span> <span class='ocrx_word' id='word_1_327' title='bbox 1628 3399 1652 3458; x_wconf 68' lang='grc' dir='ltr'><strong>Υ</strong></span> <span class='ocrx_word' id='word_1_328' title='bbox 1681 3396 1792 3461; x_wconf 92' lang='lat' dir='ltr'><strong>Ubi</strong></span> <span class='ocrx_word' id='word_1_329' title='bbox 1825 3397 1983 3459; x_wconf 91' lang='lat' dir='ltr'><strong>enim</strong></span> <span class='ocrx_word' id='word_1_330' title='bbox 2010 3414 2114 3476; x_wconf 91' lang='lat' dir='ltr'><strong>per</strong></span> 
     </span>
    </p>
   </div>
   <div class='ocr_carea' id='block_1_50' title="bbox 456 3484 2115 3570">
    <p class='ocr_par' dir='ltr' id='par_1_50' title="bbox 456 3484 2115 3570">
     <span class='ocr_line' id='line_1_50' title="bbox 456 3484 2115 3570; baseline -0.006 -15"><span class='ocrx_word' id='word_1_331' title='bbox 456 3501 517 3555; x_wconf 86' lang='lat' dir='ltr'><strong>te</strong></span> <span class='ocrx_word' id='word_1_332' title='bbox 566 3492 743 3554; x_wconf 87' lang='lat' dir='ltr'><strong>Italus</strong></span> <span class='ocrx_word' id='word_1_333' title='bbox 798 3488 1288 3570; x_wconf 87' lang='lat' dir='ltr'><strong>daprehenditur,</strong></span> <span class='ocrx_word' id='word_1_334' title='bbox 1346 3487 1461 3549; x_wconf 84' lang='lat' dir='ltr'><strong>duo</strong></span> <span class='ocrx_word' id='word_1_335' title='bbox 1512 3505 1786 3548; x_wconf 88' lang='lat' dir='ltr'><strong>asserens</strong></span> <span class='ocrx_word' id='word_1_336' title='bbox 1828 3486 1888 3547; x_wconf 89' lang='lat' dir='ltr'><strong>in</strong></span> <span class='ocrx_word' id='word_1_337' title='bbox 1945 3484 2115 3546; x_wconf 88' lang='lat' dir='ltr'><strong>beata</strong></span> 
     </span>
    </p>
   </div>
   <div class='ocr_carea' id='block_1_51' title="bbox 463 3573 2119 3660">
    <p class='ocr_par' dir='ltr' id='par_1_51' title="bbox 463 3573 2119 3660">
     <span class='ocr_line' id='line_1_51' title="bbox 463 3573 2119 3660; baseline -0.006 -17"><span class='ocrx_word' id='word_1_338' title='bbox 463 3580 679 3643; x_wconf 89' lang='lat' dir='ltr'><strong>Triade</strong></span> <span class='ocrx_word' id='word_1_339' title='bbox 712 3577 1045 3660; x_wconf 87' lang='lat' dir='ltr'><strong>principia?</strong></span> <span class='ocrx_word' id='word_1_340' title='bbox 1092 3580 1206 3638; x_wconf 89' lang='lat' dir='ltr'><strong>Aut</strong></span> <span class='ocrx_word' id='word_1_341' title='bbox 1234 3578 1483 3637; x_wconf 87' lang='lat' dir='ltr'><strong>ostende</strong></span> <span class='ocrx_word' id='word_1_342' title='bbox 1514 3594 1647 3637; x_wconf 91' lang='lat' dir='ltr'><strong>eum</strong></span> <span class='ocrx_word' id='word_1_343' title='bbox 1680 3575 1795 3636; x_wconf 90' lang='lat' dir='ltr'><strong>duo</strong></span> <span class='ocrx_word' id='word_1_344' title='bbox 1829 3573 2119 3655; x_wconf 85' lang='lat' dir='ltr'><strong>principia</strong></span> 
     </span>
    </p>
   </div>
   <div class='ocr_carea' id='block_1_52' title="bbox 461 3663 2120 3749">
    <p class='ocr_par' dir='ltr' id='par_1_52' title="bbox 461 3663 2120 3749">
     <span class='ocr_line' id='line_1_52' title="bbox 461 3663 2120 3749; baseline -0.005 -17"><span class='ocrx_word' id='word_1_345' title='bbox 461 3677 854 3749; x_wconf 87' lang='lat' dir='ltr'><strong>asserentem,</strong></span> <span class='ocrx_word' id='word_1_346' title='bbox 888 3675 946 3729; x_wconf 89' lang='lat' dir='ltr'><strong>et</strong></span> <span class='ocrx_word' id='word_1_347' title='bbox 997 3674 1055 3727; x_wconf 90' lang='lat' dir='ltr'><strong>tu</strong></span> <span class='ocrx_word' id='word_1_348' title='bbox 1113 3666 1466 3748; x_wconf 89' lang='lat' dir='ltr'><strong>ostenderis,</strong></span> <span class='ocrx_word' id='word_1_349' title='bbox 1516 3675 1643 3727; x_wconf 87' lang='lat' dir='ltr'><strong>cale</strong></span> <span class='ocrx_word' id='word_1_350' title='bbox 1676 3665 1958 3738; x_wconf 85' lang='lat' dir='ltr'><strong>inferens,</strong></span> <span class='ocrx_word' id='word_1_351' title='bbox 1993 3663 2120 3724; x_wconf 90' lang='lat' dir='ltr'><strong>tolli</strong></span> 
     </span>
    </p>
   </div>
   <div class='ocr_carea' id='block_1_53' title="bbox 461 3750 2117 3834">
    <p class='ocr_par' dir='ltr' id='par_1_53' title="bbox 461 3750 2117 3834">
     <span class='ocr_line' id='line_1_53' title="bbox 461 3750 2117 3834; baseline -0.005 -14"><span class='ocrx_word' id='word_1_352' title='bbox 461 3758 638 3819; x_wconf 89' lang='lat' dir='ltr'><strong>unius</strong></span> <span class='ocrx_word' id='word_1_353' title='bbox 694 3755 1011 3816; x_wconf 88' lang='lat' dir='ltr'><strong>admodum</strong></span> <span class='ocrx_word' id='word_1_354' title='bbox 1072 3754 1445 3816; x_wconf 87' lang='lat' dir='ltr'><strong>decantatum</strong></span> <span class='ocrx_word' id='word_1_355' title='bbox 1498 3754 1912 3834; x_wconf 89' lang='lat' dir='ltr'><strong>principatum,</strong></span> <span class='ocrx_word' id='word_1_356' title='bbox 1967 3751 2015 3812; x_wconf 91' lang='lat' dir='ltr'><strong>si</strong></span> <span class='ocrx_word' id='word_1_357' title='bbox 2046 3750 2117 3811; x_wconf 91' lang='lat' dir='ltr'><strong>ad</strong></span> 
     </span>
    </p>
   </div>
   <div class='ocr_carea' id='block_1_54' title="bbox 462 3842 2120 3926">
    <p class='ocr_par' dir='ltr' id='par_1_54' title="bbox 462 3842 2120 3926">
     <span class='ocr_line' id='line_1_54' title="bbox 462 3842 2120 3926; baseline -0.005 -17"><span class='ocrx_word' id='word_1_358' title='bbox 462 3847 582 3909; x_wconf 89' lang='lat' dir='ltr'><strong>duo</strong></span> <span class='ocrx_word' id='word_1_359' title='bbox 617 3843 904 3926; x_wconf 90' lang='lat' dir='ltr'><strong>principia</strong></span> <span class='ocrx_word' id='word_1_360' title='bbox 944 3842 1202 3923; x_wconf 74' lang='lat' dir='ltr'><strong>Spiritus</strong></span> <span class='ocrx_word' id='word_1_361' title='bbox 1231 3845 1508 3918; x_wconf 84' lang='lat' dir='ltr'><strong>refertur,</strong></span> <span class='ocrx_word' id='word_1_362' title='bbox 1543 3851 1638 3904; x_wconf 89' lang='lat' dir='ltr'><strong>aut</strong></span> <span class='ocrx_word' id='word_1_363' title='bbox 1672 3842 1728 3903; x_wconf 90' lang='lat' dir='ltr'><strong>id</strong></span> <span class='ocrx_word' id='word_1_364' title='bbox 1763 3860 1880 3902; x_wconf 87' lang='lat' dir='ltr'><strong>non</strong></span> <span class='ocrx_word' id='word_1_365' title='bbox 1912 3848 2120 3905; x_wconf 91' lang='lat' dir='ltr'><strong>osten-</strong></span> 
     </span>
    </p>
   </div>
   <div class='ocr_carea' id='block_1_55' title="bbox 470 3928 2123 4014">
    <p class='ocr_par' dir='ltr' id='par_1_55' title="bbox 470 3928 2123 4014">
     <span class='ocr_line' id='line_1_55' title="bbox 470 3928 2123 4014; baseline -0.003 -18"><span class='ocrx_word' id='word_1_366' title='bbox 470 3935 643 4010; x_wconf 88' lang='lat' dir='ltr'><strong>dens,</strong></span> <span class='ocrx_word' id='word_1_367' title='bbox 680 3934 868 4014; x_wconf 89' lang='lat' dir='ltr'><strong>palam</strong></span> <span class='ocrx_word' id='word_1_368' title='bbox 900 3931 1226 3994; x_wconf 91' lang='lat' dir='ltr'><strong>innotescis</strong></span> <span class='ocrx_word' id='word_1_369' title='bbox 1255 3931 1417 4008; x_wconf 89' lang='lat' dir='ltr'><strong>odio,</strong></span> <span class='ocrx_word' id='word_1_370' title='bbox 1469 3940 1528 3992; x_wconf 91' lang='lat' dir='ltr'><strong>et</strong></span> <span class='ocrx_word' id='word_1_371' title='bbox 1575 3949 1692 3993; x_wconf 89' lang='lat' dir='ltr'><strong>non</strong></span> <span class='ocrx_word' id='word_1_372' title='bbox 1722 3928 1987 4005; x_wconf 88' lang='lat' dir='ltr'><strong>veritate,</strong></span> <span class='ocrx_word' id='word_1_373' title='bbox 2026 3938 2123 3991; x_wconf 89' lang='lat' dir='ltr'><strong>tua</strong></span> 
     </span>
    </p>
   </div>
   <div class='ocr_carea' id='block_1_56' title="bbox 466 4019 2006 4100">
    <p class='ocr_par' dir='ltr' id='par_1_56' title="bbox 466 4019 2006 4100">
     <span class='ocr_line' id='line_1_56' title="bbox 466 4019 2006 4100; baseline -0.005 -14"><span class='ocrx_word' id='word_1_374' title='bbox 466 4032 525 4087; x_wconf 91' lang='lat' dir='ltr'><strong>et</strong></span> <span class='ocrx_word' id='word_1_375' title='bbox 561 4022 948 4096; x_wconf 86' lang='lat' dir='ltr'><strong>ratiocinans,</strong></span> <span class='ocrx_word' id='word_1_376' title='bbox 982 4029 1039 4083; x_wconf 91' lang='lat' dir='ltr'><strong>et</strong></span> <span class='ocrx_word' id='word_1_377' title='bbox 1069 4020 1456 4082; x_wconf 85' lang='lat' dir='ltr'><strong>concludens.</strong></span> <span class='ocrx_word' id='word_1_378' title='bbox 1488 4019 1645 4083; x_wconf 88' lang='lat' dir='ltr'><strong>Dicis</strong></span> <span class='ocrx_word' id='word_1_379' title='bbox 1675 4026 1959 4100; x_wconf 68' lang='lat' dir='ltr'><strong>praeterea</strong></span> <span class='ocrx_word' id='word_1_380' title='bbox 1993 4036 2006 4079; x_wconf 92' lang='lat'>:</span> 
     </span>
    </p>
   </div>
   <div class='ocr_carea' id='block_1_57' title="bbox 548 4106 2119 4191">
    <p class='ocr_par' dir='ltr' id='par_1_57' title="bbox 548 4106 2119 4191">
     <span class='ocr_line' id='line_1_57' title="bbox 548 4106 2119 4191; baseline -0.004 -16"><span class='ocrx_word' id='word_1_381' title='bbox 548 4113 646 4175; x_wconf 87' lang='lat'><strong>39.</strong></span> <span class='ocrx_word' id='word_1_382' title='bbox 685 4136 711 4166; x_wconf 75' lang='grc' dir='ltr'><strong>α</strong></span> <span class='ocrx_word' id='word_1_383' title='bbox 745 4110 810 4172; x_wconf 91' lang='lat' dir='ltr'><strong>Si</strong></span> <span class='ocrx_word' id='word_1_384' title='bbox 845 4109 1116 4191; x_wconf 87' lang='lat' dir='ltr'><strong>producit</strong></span> <span class='ocrx_word' id='word_1_385' title='bbox 1146 4108 1426 4189; x_wconf 89' lang='lat' dir='ltr'><strong>Spiritum</strong></span> <span class='ocrx_word' id='word_1_386' title='bbox 1464 4112 1651 4181; x_wconf 80' lang='lat' dir='ltr'><strong>Pater,</strong></span> <span class='ocrx_word' id='word_1_387' title='bbox 1685 4106 1954 4187; x_wconf 91' lang='lat' dir='ltr'><strong>producit</strong></span> <span class='ocrx_word' id='word_1_388' title='bbox 1984 4125 2119 4168; x_wconf 81' lang='lat' dir='ltr'><strong>vero</strong></span> 
     </span>
    </p>
   </div>
   <div class='ocr_carea' id='block_1_58' title="bbox 466 4197 2125 4276">
    <p class='ocr_par' dir='ltr' id='par_1_58' title="bbox 466 4197 2125 4276">
     <span class='ocr_line' id='line_1_58' title="bbox 466 4197 2125 4276; baseline -0.004 -15"><span class='ocrx_word' id='word_1_389' title='bbox 466 4200 632 4263; x_wconf 93' lang='lat' dir='ltr'><strong>illum</strong></span> <span class='ocrx_word' id='word_1_390' title='bbox 658 4207 715 4261; x_wconf 87' lang='lat' dir='ltr'><strong>et</strong></span> <span class='ocrx_word' id='word_1_391' title='bbox 739 4198 945 4272; x_wconf 89' lang='lat' dir='ltr'><strong>Filius,</strong></span> <span class='ocrx_word' id='word_1_392' title='bbox 999 4198 1111 4259; x_wconf 89' lang='lat' dir='ltr'><strong>erit</strong></span> <span class='ocrx_word' id='word_1_393' title='bbox 1141 4200 1315 4260; x_wconf 88' lang='lat' dir='ltr'><strong>Pater</strong></span> <span class='ocrx_word' id='word_1_394' title='bbox 1346 4206 1403 4259; x_wconf 91' lang='lat' dir='ltr'><strong>et</strong></span> <span class='ocrx_word' id='word_1_395' title='bbox 1459 4197 1772 4276; x_wconf 86' lang='lat' dir='ltr'><strong>contiguus</strong></span> <span class='ocrx_word' id='word_1_396' title='bbox 1803 4198 2125 4275; x_wconf 89' lang='lat' dir='ltr'><strong>productor</strong></span> 
     </span>
    </p>
   </div>
   <div class='ocr_carea' id='block_1_59' title="bbox 469 4283 2123 4370">
    <p class='ocr_par' dir='ltr' id='par_1_59' title="bbox 469 4283 2123 4370">
     <span class='ocr_line' id='line_1_59' title="bbox 469 4283 2123 4370; baseline -0.006 -18"><span class='ocrx_word' id='word_1_397' title='bbox 469 4288 747 4370; x_wconf 87' lang='lat' dir='ltr'><strong>Spiritus,</strong></span> <span class='ocrx_word' id='word_1_398' title='bbox 776 4296 833 4349; x_wconf 92' lang='lat' dir='ltr'><strong>et</strong></span> <span class='ocrx_word' id='word_1_399' title='bbox 865 4286 1223 4368; x_wconf 84' lang='lat' dir='ltr'><strong>longinquus</strong></span> <span class='ocrx_word' id='word_1_400' title='bbox 1254 4294 1497 4368; x_wconf 88' lang='lat' dir='ltr'><strong>propter</strong></span> <span class='ocrx_word' id='word_1_401' title='bbox 1525 4285 1683 4346; x_wconf 90' lang='lat' dir='ltr'><strong>illius</strong></span> <span class='ocrx_word' id='word_1_402' title='bbox 1712 4303 1782 4346; x_wconf 85' lang='lat' dir='ltr'><strong>ex</strong></span> <span class='ocrx_word' id='word_1_403' title='bbox 1799 4283 1947 4347; x_wconf 90' lang='lat' dir='ltr'><strong>Filio</strong></span> <span class='ocrx_word' id='word_1_404' title='bbox 1982 4301 2123 4363; x_wconf 87' lang='lat' dir='ltr'><strong>pro-</strong></span> 
     </span>
    </p>
   </div>
   <div class='ocr_carea' id='block_1_60' title="bbox 471 4377 895 4441">
    <p class='ocr_par' dir='ltr' id='par_1_60' title="bbox 471 4377 895 4441">
     <span class='ocr_line' id='line_1_60' title="bbox 471 4377 895 4441; baseline -0.019 -1"><span class='ocrx_word' id='word_1_405' title='bbox 471 4377 836 4441; x_wconf 88' lang='lat' dir='ltr'><strong>ductionem.</strong></span> <span class='ocrx_word' id='word_1_406' title='bbox 872 4401 895 4431; x_wconf 73' lang='grc' dir='ltr'>ι)</span> 
     </span>
    </p>
   </div>
   <div class='ocr_carea' id='block_1_61' title="bbox 554 4462 2123 4545">
    <p class='ocr_par' dir='ltr' id='par_1_61' title="bbox 554 4462 2123 4545">
     <span class='ocr_line' id='line_1_61' title="bbox 554 4462 2123 4545; baseline -0.003 -16"><span class='ocrx_word' id='word_1_407' title='bbox 554 4466 782 4529; x_wconf 87' lang='lat' dir='ltr'><strong>Habeto</strong></span> <span class='ocrx_word' id='word_1_408' title='bbox 816 4464 919 4527; x_wconf 85' lang='lat' dir='ltr'><strong>tibi</strong></span> <span class='ocrx_word' id='word_1_409' title='bbox 951 4474 1010 4528; x_wconf 90' lang='lat' dir='ltr'><strong>et</strong></span> <span class='ocrx_word' id='word_1_410' title='bbox 1038 4465 1197 4528; x_wconf 89' lang='lat' dir='ltr'><strong>circa</strong></span> <span class='ocrx_word' id='word_1_411' title='bbox 1239 4465 1363 4526; x_wconf 85' lang='lat' dir='ltr'><strong>haec</strong></span> <span class='ocrx_word' id='word_1_412' title='bbox 1395 4463 1849 4545; x_wconf 89' lang='lat' dir='ltr'><strong>oppositionem.</strong></span> <span class='ocrx_word' id='word_1_413' title='bbox 1882 4462 1945 4524; x_wconf 89' lang='lat' dir='ltr'><strong>In</strong></span> <span class='ocrx_word' id='word_1_414' title='bbox 1981 4480 2123 4543; x_wconf 89' lang='lat' dir='ltr'><strong>pro-</strong></span> 
     </span>
    </p>
   </div>
   <div class='ocr_carea' id='block_1_62' title="bbox 470 4552 2126 4635">
    <p class='ocr_par' dir='ltr' id='par_1_62' title="bbox 470 4552 2126 4635">
     <span class='ocr_line' id='line_1_62' title="bbox 470 4552 2126 4635; baseline -0.003 -18"><span class='ocrx_word' id='word_1_415' title='bbox 470 4555 749 4617; x_wconf 90' lang='lat' dir='ltr'><strong>ductione</strong></span> <span class='ocrx_word' id='word_1_416' title='bbox 800 4555 925 4617; x_wconf 90' lang='lat' dir='ltr'><strong>sola</strong></span> <span class='ocrx_word' id='word_1_417' title='bbox 979 4554 1231 4635; x_wconf 84' lang='lat' dir='ltr'><strong>Spiritus</strong></span> <span class='ocrx_word' id='word_1_418' title='bbox 1284 4554 1622 4632; x_wconf 85' lang='lat' dir='ltr'><strong>contiguum</strong></span> <span class='ocrx_word' id='word_1_419' title='bbox 1656 4561 1713 4615; x_wconf 90' lang='lat' dir='ltr'><strong>et</strong></span> <span class='ocrx_word' id='word_1_420' title='bbox 1744 4552 2126 4632; x_wconf 85' lang='lat' dir='ltr'><strong>longinquum</strong></span> 
     </span>
    </p>
   </div>
   <div class='ocr_carea' id='block_1_63' title="bbox 470 4642 2127 4725">
    <p class='ocr_par' dir='ltr' id='par_1_63' title="bbox 470 4642 2127 4725">
     <span class='ocr_line' id='line_1_63' title="bbox 470 4642 2127 4725; baseline -0.003 -19"><span class='ocrx_word' id='word_1_421' title='bbox 470 4644 773 4725; x_wconf 82' lang='lat' dir='ltr'><strong>intelligis,</strong></span> <span class='ocrx_word' id='word_1_422' title='bbox 833 4645 987 4725; x_wconf 88' lang='lat' dir='ltr'><strong>quod</strong></span> <span class='ocrx_word' id='word_1_423' title='bbox 1042 4662 1176 4706; x_wconf 90' lang='lat' dir='ltr'><strong>cum</strong></span> <span class='ocrx_word' id='word_1_424' title='bbox 1208 4660 1241 4705; x_wconf 90' lang='lat' dir='ltr'><strong>a</strong></span> <span class='ocrx_word' id='word_1_425' title='bbox 1273 4643 1481 4705; x_wconf 90' lang='lat' dir='ltr'><strong>Latino</strong></span> <span class='ocrx_word' id='word_1_426' title='bbox 1513 4662 1626 4703; x_wconf 90' lang='lat' dir='ltr'><strong>non</strong></span> <span class='ocrx_word' id='word_1_427' title='bbox 1656 4642 1907 4717; x_wconf 88' lang='lat' dir='ltr'><strong>dicatur,</strong></span> <span class='ocrx_word' id='word_1_428' title='bbox 1944 4649 2003 4701; x_wconf 93' lang='lat' dir='ltr'><strong>tu</strong></span> <span class='ocrx_word' id='word_1_429' title='bbox 2035 4648 2127 4702; x_wconf 92' lang='lat' dir='ltr'><strong>ta-</strong></span> 
     </span>
    </p>
   </div>
   <div class='ocr_carea' id='block_1_64' title="bbox 471 4729 2130 4813">
    <p class='ocr_par' dir='ltr' id='par_1_64' title="bbox 471 4729 2130 4813">
     <span class='ocr_line' id='line_1_64' title="bbox 471 4729 2130 4813; baseline -0.002 -19"><span class='ocrx_word' id='word_1_430' title='bbox 471 4752 609 4795; x_wconf 88' lang='lat' dir='ltr'><strong>men</strong></span> <span class='ocrx_word' id='word_1_431' title='bbox 640 4733 806 4813; x_wconf 89' lang='lat' dir='ltr'><strong>quasi</strong></span> <span class='ocrx_word' id='word_1_432' title='bbox 861 4731 934 4794; x_wconf 90' lang='lat' dir='ltr'><strong>ab</strong></span> <span class='ocrx_word' id='word_1_433' title='bbox 958 4732 1060 4794; x_wconf 76' lang='lat' dir='ltr'><strong>itlo</strong></span> <span class='ocrx_word' id='word_1_434' title='bbox 1082 4732 1406 4807; x_wconf 89' lang='lat' dir='ltr'><strong>diceretur,</strong></span> <span class='ocrx_word' id='word_1_435' title='bbox 1442 4730 1718 4793; x_wconf 90' lang='lat' dir='ltr'><strong>obtendis</strong></span> <span class='ocrx_word' id='word_1_436' title='bbox 1751 4749 1765 4794; x_wconf 91' lang='lat'>:</span> <span class='ocrx_word' id='word_1_437' title='bbox 1798 4750 1872 4792; x_wconf 90' lang='lat' dir='ltr'><strong>an</strong></span> <span class='ocrx_word' id='word_1_438' title='bbox 1906 4729 1967 4791; x_wconf 89' lang='lat' dir='ltr'><strong>in</strong></span> <span class='ocrx_word' id='word_1_439' title='bbox 1998 4729 2130 4791; x_wconf 91' lang='lat' dir='ltr'><strong>aliis</strong></span> 
     </span>
    </p>
   </div>
   <div class='ocr_carea' id='block_1_65' title="bbox 474 4820 2129 4904">
    <p class='ocr_par' dir='ltr' id='par_1_65' title="bbox 474 4820 2129 4904">
     <span class='ocr_line' id='line_1_65' title="bbox 474 4820 2129 4904; baseline -0.002 -21"><span class='ocrx_word' id='word_1_440' title='bbox 474 4841 709 4903; x_wconf 90' lang='lat' dir='ltr'><strong>quoque</strong></span> <span class='ocrx_word' id='word_1_441' title='bbox 740 4840 870 4904; x_wconf 71' lang='lat' dir='ltr'><strong>quae</strong></span> <span class='ocrx_word' id='word_1_442' title='bbox 901 4828 1002 4883; x_wconf 88' lang='lat' dir='ltr'><strong>tua</strong></span> <span class='ocrx_word' id='word_1_443' title='bbox 1031 4820 1302 4885; x_wconf 88' lang='lat' dir='ltr'><strong>Ecclesia</strong></span> <span class='ocrx_word' id='word_1_444' title='bbox 1345 4820 1541 4901; x_wconf 87' lang='lat' dir='ltr'><strong>palam</strong></span> <span class='ocrx_word' id='word_1_445' title='bbox 1574 4827 1949 4882; x_wconf 80' lang='lat' dir='ltr'><strong>asseverante</strong></span> <span class='ocrx_word' id='word_1_446' title='bbox 1979 4838 2129 4882; x_wconf 90' lang='lat' dir='ltr'><strong>con-</strong></span> 
     </span>
    </p>
   </div>
   <div class='ocr_carea' id='block_1_66' title="bbox 477 4908 2130 4990">
    <p class='ocr_par' dir='ltr' id='par_1_66' title="bbox 477 4908 2130 4990">
     <span class='ocr_line' id='line_1_66' title="bbox 477 4908 2130 4990; baseline -0.001 -20"><span class='ocrx_word' id='word_1_447' title='bbox 477 4911 699 4972; x_wconf 85' lang='lat' dir='ltr'><strong>ﬁtetur.</strong></span> <span class='ocrx_word' id='word_1_448' title='bbox 748 4913 894 4970; x_wconf 79' lang='lat' dir='ltr'><strong>Nam</strong></span> <span class='ocrx_word' id='word_1_449' title='bbox 945 4909 996 4971; x_wconf 91' lang='lat' dir='ltr'><strong>si</strong></span> <span class='ocrx_word' id='word_1_450' title='bbox 1055 4909 1358 4990; x_wconf 86' lang='lat' dir='ltr'><strong>contiguas</strong></span> <span class='ocrx_word' id='word_1_451' title='bbox 1400 4918 1459 4971; x_wconf 90' lang='lat' dir='ltr'><strong>et</strong></span> <span class='ocrx_word' id='word_1_452' title='bbox 1488 4908 1847 4990; x_wconf 79' lang='lat' dir='ltr'><strong>longinquas</strong></span> <span class='ocrx_word' id='word_1_453' title='bbox 1904 4908 2130 4988; x_wconf 84' lang='lat' dir='ltr'><strong>produ-</strong></span> 
     </span>
    </p>
   </div>
   <div class='ocr_carea' id='block_1_67' title="bbox 477 4995 2133 5080">
    <p class='ocr_par' dir='ltr' id='par_1_67' title="bbox 477 4995 2133 5080">
     <span class='ocr_line' id='line_1_67' title="bbox 477 4995 2133 5080; baseline -0.001 -21"><span class='ocrx_word' id='word_1_454' title='bbox 477 4998 706 5059; x_wconf 88' lang='lat' dir='ltr'><strong>ctiones</strong></span> <span class='ocrx_word' id='word_1_455' title='bbox 735 4997 1048 5077; x_wconf 81' lang='lat' dir='ltr'><strong>contingis,</strong></span> <span class='ocrx_word' id='word_1_456' title='bbox 1081 4999 1237 5080; x_wconf 88' lang='lat' dir='ltr'><strong>quod</strong></span> <span class='ocrx_word' id='word_1_457' title='bbox 1266 4998 1506 5061; x_wconf 91' lang='lat' dir='ltr'><strong>Latinus</strong></span> <span class='ocrx_word' id='word_1_458' title='bbox 1535 4998 1713 5071; x_wconf 88' lang='lat' dir='ltr'><strong>dicat,</strong></span> <span class='ocrx_word' id='word_1_459' title='bbox 1744 4995 2030 5078; x_wconf 86' lang='lat' dir='ltr'><strong>Spiritum</strong></span> <span class='ocrx_word' id='word_1_460' title='bbox 2063 5014 2133 5058; x_wconf 84' lang='lat' dir='ltr'><strong>ex</strong></span> 
     </span>
    </p>
   </div>
   <div class='ocr_carea' id='block_1_68' title="bbox 477 5084 2131 5168">
    <p class='ocr_par' dir='ltr' id='par_1_68' title="bbox 477 5084 2131 5168">
     <span class='ocr_line' id='line_1_68' title="bbox 477 5084 2131 5168; baseline -0.001 -20"><span class='ocrx_word' id='word_1_461' title='bbox 477 5086 650 5148; x_wconf 90' lang='lat' dir='ltr'><strong>Patre</strong></span> <span class='ocrx_word' id='word_1_462' title='bbox 687 5094 745 5147; x_wconf 89' lang='lat' dir='ltr'><strong>et</strong></span> <span class='ocrx_word' id='word_1_463' title='bbox 772 5086 923 5151; x_wconf 87' lang='lat' dir='ltr'><strong>Filio</strong></span> <span class='ocrx_word' id='word_1_464' title='bbox 956 5087 1352 5168; x_wconf 81' lang='lat' dir='ltr'><strong>produci.jam</strong></span> <span class='ocrx_word' id='word_1_465' title='bbox 1379 5087 1486 5150; x_wconf 88' lang='lat' dir='ltr'><strong>tibi</strong></span> <span class='ocrx_word' id='word_1_466' title='bbox 1518 5086 1893 5150; x_wconf 91' lang='lat' dir='ltr'><strong>commodum</strong></span> <span class='ocrx_word' id='word_1_467' title='bbox 1928 5084 2131 5161; x_wconf 89' lang='lat' dir='ltr'><strong>fuerit,</strong></span> 
     </span>
    </p>
   </div>
   <div class='ocr_carea' id='block_1_69' title="bbox 479 5173 2137 5258">
    <p class='ocr_par' dir='ltr' id='par_1_69' title="bbox 479 5173 2137 5258">
     <span class='ocr_line' id='line_1_69' title="bbox 479 5173 2137 5258; baseline -0.001 -21"><span class='ocrx_word' id='word_1_468' title='bbox 479 5183 537 5237; x_wconf 90' lang='lat' dir='ltr'><strong>et</strong></span> <span class='ocrx_word' id='word_1_469' title='bbox 565 5174 871 5252; x_wconf 79' lang='lat' dir='ltr'><strong>contiguas</strong></span> <span class='ocrx_word' id='word_1_470' title='bbox 902 5186 962 5236; x_wconf 87' lang='lat' dir='ltr'><strong>et</strong></span> <span class='ocrx_word' id='word_1_471' title='bbox 992 5176 1340 5258; x_wconf 83' lang='lat' dir='ltr'><strong>longinquas</strong></span> <span class='ocrx_word' id='word_1_472' title='bbox 1365 5174 1760 5258; x_wconf 80' lang='lat' dir='ltr'><strong>profusiones,</strong></span> <span class='ocrx_word' id='word_1_473' title='bbox 1786 5173 2137 5235; x_wconf 87' lang='lat' dir='ltr'><strong>emissiones</strong></span> 
     </span>
    </p>
   </div>
   <div class='ocr_carea' id='block_1_70' title="bbox 479 5262 2132 5346">
    <p class='ocr_par' dir='ltr' id='par_1_70' title="bbox 479 5262 2132 5346">
     <span class='ocr_line' id='line_1_70' title="bbox 479 5262 2132 5346; baseline -0.002 -20"><span class='ocrx_word' id='word_1_474' title='bbox 479 5270 538 5326; x_wconf 88' lang='lat' dir='ltr'><strong>et</strong></span> <span class='ocrx_word' id='word_1_475' title='bbox 566 5262 1072 5343; x_wconf 83' lang='lat' dir='ltr'><strong>suppeditationes</strong></span> <span class='ocrx_word' id='word_1_476' title='bbox 1102 5264 1663 5346; x_wconf 90' lang='lat' dir='ltr'><strong>comminisci,quod</strong></span> <span class='ocrx_word' id='word_1_477' title='bbox 1692 5263 1799 5324; x_wconf 86' lang='lat' dir='ltr'><strong>ista</strong></span> <span class='ocrx_word' id='word_1_478' title='bbox 1831 5262 2031 5324; x_wconf 89' lang='lat' dir='ltr'><strong>omnia</strong></span> <span class='ocrx_word' id='word_1_479' title='bbox 2063 5281 2132 5324; x_wconf 81' lang='lat' dir='ltr'><strong>ex</strong></span> 
     </span>
    </p>
   </div>
   <div class='ocr_carea' id='block_1_71' title="bbox 479 5350 2129 5427">
    <p class='ocr_par' dir='ltr' id='par_1_71' title="bbox 479 5350 2129 5427">
     <span class='ocr_line' id='line_1_71' title="bbox 479 5350 2129 5427; baseline -0.001 -13"><span class='ocrx_word' id='word_1_480' title='bbox 479 5356 657 5415; x_wconf 85' lang='lat' dir='ltr'><strong>Patre</strong></span> <span class='ocrx_word' id='word_1_481' title='bbox 687 5360 747 5413; x_wconf 91' lang='lat' dir='ltr'><strong>et</strong></span> <span class='ocrx_word' id='word_1_482' title='bbox 774 5350 924 5414; x_wconf 92' lang='lat' dir='ltr'><strong>Filio</strong></span> <span class='ocrx_word' id='word_1_483' title='bbox 977 5363 1347 5419; x_wconf 88' lang='lat' dir='ltr'><strong>asseruntur.</strong></span> <span class='ocrx_word' id='word_1_484' title='bbox 1397 5354 1564 5427; x_wconf 89' lang='lat' dir='ltr'><strong>Quod</strong></span> <span class='ocrx_word' id='word_1_485' title='bbox 1599 5353 1650 5414; x_wconf 91' lang='lat' dir='ltr'><strong>si</strong></span> <span class='ocrx_word' id='word_1_486' title='bbox 1684 5353 1807 5414; x_wconf 69' lang='lat' dir='ltr'><strong>hazc</strong></span> <span class='ocrx_word' id='word_1_487' title='bbox 1830 5353 2030 5413; x_wconf 86' lang='lat' dir='ltr'><strong>omnia</strong></span> <span class='ocrx_word' id='word_1_488' title='bbox 2058 5370 2129 5413; x_wconf 79' lang='lat' dir='ltr'><strong>ex</strong></span> 
     </span>
    </p>
   </div>
   <div class='ocr_carea' id='block_1_72' title="bbox 482 5439 2134 5522">
    <p class='ocr_par' dir='ltr' id='par_1_72' title="bbox 482 5439 2134 5522">
     <span class='ocr_line' id='line_1_72' title="bbox 482 5439 2134 5522; baseline -0.003 -17"><span class='ocrx_word' id='word_1_489' title='bbox 482 5444 655 5505; x_wconf 87' lang='lat' dir='ltr'><strong>Patre</strong></span> <span class='ocrx_word' id='word_1_490' title='bbox 687 5448 745 5503; x_wconf 94' lang='lat' dir='ltr'><strong>et</strong></span> <span class='ocrx_word' id='word_1_491' title='bbox 772 5440 923 5504; x_wconf 88' lang='lat' dir='ltr'><strong>Filio</strong></span> <span class='ocrx_word' id='word_1_492' title='bbox 945 5450 1308 5515; x_wconf 90' lang='lat' dir='ltr'><strong>asserantur,</strong></span> <span class='ocrx_word' id='word_1_493' title='bbox 1352 5451 1411 5503; x_wconf 91' lang='lat' dir='ltr'><strong>et</strong></span> <span class='ocrx_word' id='word_1_494' title='bbox 1439 5442 1497 5503; x_wconf 92' lang='lat' dir='ltr'><strong>in</strong></span> <span class='ocrx_word' id='word_1_495' title='bbox 1533 5441 1651 5504; x_wconf 89' lang='lat' dir='ltr'><strong>illis</strong></span> <span class='ocrx_word' id='word_1_496' title='bbox 1679 5439 1832 5522; x_wconf 89' lang='lat' dir='ltr'><strong>apud</strong></span> <span class='ocrx_word' id='word_1_497' title='bbox 1861 5439 2134 5501; x_wconf 86' lang='lat' dir='ltr'><strong>homines</strong></span> 
     </span>
    </p>
   </div>
   <div class='ocr_carea' id='block_1_73' title="bbox 480 5528 2132 5613">
    <p class='ocr_par' dir='ltr' id='par_1_73' title="bbox 480 5528 2132 5613">
     <span class='ocr_line' id='line_1_73' title="bbox 480 5528 2132 5613; baseline -0.002 -21"><span class='ocrx_word' id='word_1_498' title='bbox 480 5528 713 5613; x_wconf 89' lang='lat' dir='ltr'><strong>pietatis</strong></span> <span class='ocrx_word' id='word_1_499' title='bbox 744 5532 1002 5592; x_wconf 89' lang='lat' dir='ltr'><strong>cultores</strong></span> <span class='ocrx_word' id='word_1_500' title='bbox 1032 5539 1090 5590; x_wconf 88' lang='lat' dir='ltr'><strong>et</strong></span> <span class='ocrx_word' id='word_1_501' title='bbox 1118 5530 1417 5592; x_wconf 82' lang='lat' dir='ltr'><strong>studiosos</strong></span> <span class='ocrx_word' id='word_1_502' title='bbox 1446 5530 1831 5611; x_wconf 85' lang='lat' dir='ltr'><strong>longinquum</strong></span> <span class='ocrx_word' id='word_1_503' title='bbox 1863 5536 1922 5590; x_wconf 92' lang='lat' dir='ltr'><strong>et</strong></span> <span class='ocrx_word' id='word_1_504' title='bbox 1950 5529 2132 5591; x_wconf 88' lang='lat' dir='ltr'><strong>conti-</strong></span> 
     </span>
    </p>
   </div>
   <div class='ocr_carea' id='block_1_74' title="bbox 480 5617 2136 5701">
    <p class='ocr_par' dir='ltr' id='par_1_74' title="bbox 480 5617 2136 5701">
     <span class='ocr_line' id='line_1_74' title="bbox 480 5617 2136 5701; baseline -0.001 -17"><span class='ocrx_word' id='word_1_505' title='bbox 480 5636 664 5684; x_wconf 89' lang='lat' dir='ltr'><strong>nuum</strong></span> <span class='ocrx_word' id='word_1_506' title='bbox 697 5618 891 5681; x_wconf 92' lang='lat' dir='ltr'><strong>locum</strong></span> <span class='ocrx_word' id='word_1_507' title='bbox 927 5636 1045 5681; x_wconf 88' lang='lat' dir='ltr'><strong>non</strong></span> <span class='ocrx_word' id='word_1_508' title='bbox 1078 5617 1661 5701; x_wconf 84' lang='lat' dir='ltr'><strong>babent,considera,</strong></span> <span class='ocrx_word' id='word_1_509' title='bbox 1684 5620 1857 5700; x_wconf 87' lang='lat' dir='ltr'><strong>quale</strong></span> <span class='ocrx_word' id='word_1_510' title='bbox 1886 5617 1995 5679; x_wconf 90' lang='lat' dir='ltr'><strong>tibi</strong></span> <span class='ocrx_word' id='word_1_511' title='bbox 2024 5621 2136 5682; x_wconf 89' lang='lat' dir='ltr'><strong>im-</strong></span> 
     </span>
    </p>
   </div>
   <div class='ocr_carea' id='block_1_75' title="bbox 2185 1798 3839 1881">
    <p class='ocr_par' dir='ltr' id='par_1_75' title="bbox 2185 1798 3839 1881">
     <span class='ocr_line' id='line_1_75' title="bbox 2185 1798 3839 1881; baseline -0.002 -22"><span class='ocrx_word' id='word_1_512' title='bbox 2185 1804 2278 1869; x_wconf 76' lang='grc' dir='ltr'><strong>τάς</strong></span> <span class='ocrx_word' id='word_1_513' title='bbox 2350 1800 2473 1881; x_wconf 84' lang='grc' dir='ltr'>παρ’</span> <span class='ocrx_word' id='word_1_514' title='bbox 2539 1804 2674 1875; x_wconf 76' lang='grc' dir='ltr'>ἡμῖν</span> <span class='ocrx_word' id='word_1_515' title='bbox 2744 1801 2884 1865; x_wconf 84' lang='grc' dir='ltr'>θείας</span> <span class='ocrx_word' id='word_1_516' title='bbox 2934 1801 3166 1880; x_wconf 75' lang='grc' dir='ltr'>Γραφὰς,</span> <span class='ocrx_word' id='word_1_517' title='bbox 3247 1802 3335 1856; x_wconf 87' lang='grc' dir='ltr'><strong>καὶ</strong></span> <span class='ocrx_word' id='word_1_518' title='bbox 3375 1801 3494 1857; x_wconf 90' lang='grc' dir='ltr'>τότε</span> <span class='ocrx_word' id='word_1_519' title='bbox 3559 1798 3839 1870; x_wconf 79' lang='grc' dir='ltr'>δοθήσεται</span> 
     </span>
    </p>
   </div>
   <div class='ocr_carea' id='block_1_76' title="bbox 2187 1889 3841 1969">
    <p class='ocr_par' dir='ltr' id='par_1_76' title="bbox 2187 1889 3841 1969">
     <span class='ocr_line' id='line_1_76' title="bbox 2187 1889 3841 1969; baseline -0.002 -20"><span class='ocrx_word' id='word_1_520' title='bbox 2187 1891 2398 1951; x_wconf 78' lang='grc' dir='ltr'>διπλοῦν</span> <span class='ocrx_word' id='word_1_521' title='bbox 2430 1893 2555 1950; x_wconf 71' lang='grc' dir='ltr'>αὐτὸ</span> <span class='ocrx_word' id='word_1_522' title='bbox 2586 1891 2726 1947; x_wconf 83' lang='grc' dir='ltr'>εἶναι</span> <span class='ocrx_word' id='word_1_523' title='bbox 2775 1891 2863 1948; x_wconf 80' lang='grc' dir='ltr'><strong>καὶ</strong></span> <span class='ocrx_word' id='word_1_524' title='bbox 2930 1891 3193 1965; x_wconf 80' lang='grc' dir='ltr'>σύνθετον,</span> <span class='ocrx_word' id='word_1_525' title='bbox 3254 1889 3343 1949; x_wconf 78' lang='grc' dir='ltr'>ἐὰν</span> <span class='ocrx_word' id='word_1_526' title='bbox 3385 1889 3445 1946; x_wconf 81' lang='grc' dir='ltr'>ἐκ</span> <span class='ocrx_word' id='word_1_527' title='bbox 3492 1892 3688 1969; x_wconf 85' lang='grc' dir='ltr'>Πατρὸς</span> <span class='ocrx_word' id='word_1_528' title='bbox 3746 1893 3841 1946; x_wconf 82' lang='grc' dir='ltr'>καὶ</span> 
     </span>
    </p>
   </div>
   <div class='ocr_carea' id='block_1_77' title="bbox 2189 1977 3837 2059">
    <p class='ocr_par' dir='ltr' id='par_1_77' title="bbox 2189 1977 3837 2059">
     <span class='ocr_line' id='line_1_77' title="bbox 2189 1977 3837 2059; baseline 0.001 -21"><span class='ocrx_word' id='word_1_529' title='bbox 2189 1985 2308 2038; x_wconf 71' lang='grc' dir='ltr'><strong>ι’ἶοῦ</strong></span> <span class='ocrx_word' id='word_1_530' title='bbox 2336 1981 2704 2059; x_wconf 72' lang='grc' dir='ltr'>ἐκπορεύηται.</span> <span class='ocrx_word' id='word_1_531' title='bbox 2768 1981 2825 2036; x_wconf 84' lang='lat' dir='ltr'><strong>Ei</strong></span> <span class='ocrx_word' id='word_1_532' title='bbox 2881 1977 2936 2034; x_wconf 78' lang='grc' dir='ltr'><strong>δὲ</strong></span> <span class='ocrx_word' id='word_1_533' title='bbox 2979 1979 3039 2035; x_wconf 76' lang='grc' dir='ltr'><strong>ἐκ</strong></span> <span class='ocrx_word' id='word_1_534' title='bbox 3101 1980 3304 2058; x_wconf 80' lang='grc' dir='ltr'>Πατρὸς</span> <span class='ocrx_word' id='word_1_535' title='bbox 3362 1981 3449 2035; x_wconf 84' lang='grc' dir='ltr'>καὶ</span> <span class='ocrx_word' id='word_1_536' title='bbox 3506 1982 3628 2037; x_wconf 74' lang='grc' dir='ltr'>Υἱοῦ</span> <span class='ocrx_word' id='word_1_537' title='bbox 3656 1980 3837 2058; x_wconf 72' lang='grc' dir='ltr'>ὑπάρ-</span> 
     </span>
    </p>
   </div>
   <div class='ocr_carea' id='block_1_78' title="bbox 2186 2065 3831 2151">
    <p class='ocr_par' dir='ltr' id='par_1_78' title="bbox 2186 2065 3831 2151">
     <span class='ocr_line' id='line_1_78' title="bbox 2186 2065 3831 2151; baseline -0.001 -24"><span class='ocrx_word' id='word_1_538' title='bbox 2186 2093 2288 2150; x_wconf 85' lang='grc' dir='ltr'><strong>χον</strong></span> <span class='ocrx_word' id='word_1_539' title='bbox 2360 2073 2590 2151; x_wconf 71' lang='grc' dir='ltr'>φυσικιῦς</span> <span class='ocrx_word' id='word_1_540' title='bbox 2649 2071 2734 2125; x_wconf 81' lang='grc' dir='ltr'>καὶ</span> <span class='ocrx_word' id='word_1_541' title='bbox 2804 2065 3067 2129; x_wconf 75' lang='grc' dir='ltr'>οὖσιωδῶς</span> <span class='ocrx_word' id='word_1_542' title='bbox 3123 2069 3212 2125; x_wconf 81' lang='grc' dir='ltr'><strong>καὶ</strong></span> <span class='ocrx_word' id='word_1_543' title='bbox 3253 2068 3641 2143; x_wconf 79' lang='grc' dir='ltr'>ἐνυποστάτως,</span> <span class='ocrx_word' id='word_1_544' title='bbox 3727 2075 3831 2135; x_wconf 77' lang='grc' dir='ltr'>τῆς</span> 
     </span>
    </p>
   </div>
   <div class='ocr_carea' id='block_1_79' title="bbox 2186 2154 3831 2226">
    <p class='ocr_par' dir='ltr' id='par_1_79' title="bbox 2186 2154 3831 2226">
     <span class='ocr_line' id='line_1_79' title="bbox 2186 2154 3831 2226; baseline -0.001 -12"><span class='ocrx_word' id='word_1_545' title='bbox 2186 2159 2378 2222; x_wconf 73' lang='grc' dir='ltr'>οἰκείας</span> <span class='ocrx_word' id='word_1_546' title='bbox 2430 2157 2730 2225; x_wconf 76' lang='grc' dir='ltr'>ἁπλότητος</span> <span class='ocrx_word' id='word_1_547' title='bbox 2789 2157 2882 2213; x_wconf 75' lang='lat' dir='ltr'><strong>06x</strong></span> <span class='ocrx_word' id='word_1_548' title='bbox 2937 2154 3211 2226; x_wconf 79' lang='grc' dir='ltr'>ἐξίστεται,</span> <span class='ocrx_word' id='word_1_549' title='bbox 3272 2155 3490 2223; x_wconf 75' lang='grc' dir='ltr'>εὔδηλον</span> <span class='ocrx_word' id='word_1_550' title='bbox 3543 2159 3614 2221; x_wconf 77' lang='grc' dir='ltr'>ὡς</span> <span class='ocrx_word' id='word_1_551' title='bbox 3709 2156 3831 2215; x_wconf 62' lang='lat' dir='ltr'><strong>063‘s</strong></span> 
     </span>
    </p>
   </div>
   <div class='ocr_carea' id='block_1_80' title="bbox 2186 2243 3834 2324">
    <p class='ocr_par' dir='ltr' id='par_1_80' title="bbox 2186 2243 3834 2324">
     <span class='ocr_line' id='line_1_80' title="bbox 2186 2243 3834 2324; baseline 0 -22"><span class='ocrx_word' id='word_1_552' title='bbox 2186 2246 2397 2303; x_wconf 71' lang='grc' dir='ltr'>διπλοῦν</span> <span class='ocrx_word' id='word_1_553' title='bbox 2426 2247 2513 2302; x_wconf 84' lang='grc' dir='ltr'>καὶ</span> <span class='ocrx_word' id='word_1_554' title='bbox 2555 2247 2796 2302; x_wconf 81' lang='grc' dir='ltr'>σύνθετον</span> <span class='ocrx_word' id='word_1_555' title='bbox 2840 2243 3009 2317; x_wconf 76' lang='grc' dir='ltr'>ἔσται,</span> <span class='ocrx_word' id='word_1_556' title='bbox 3038 2244 3098 2302; x_wconf 80' lang='grc' dir='ltr'><strong>ἐκ</strong></span> <span class='ocrx_word' id='word_1_557' title='bbox 3149 2247 3353 2324; x_wconf 80' lang='grc' dir='ltr'>Πατρὸς</span> <span class='ocrx_word' id='word_1_558' title='bbox 3401 2248 3488 2302; x_wconf 85' lang='lat' dir='ltr'><strong>xui</strong></span> <span class='ocrx_word' id='word_1_559' title='bbox 3520 2248 3641 2303; x_wconf 76' lang='grc' dir='ltr'><strong>Υἱοῦ</strong></span> <span class='ocrx_word' id='word_1_560' title='bbox 3693 2248 3834 2302; x_wconf 83' lang='grc' dir='ltr'>κατά</span> 
     </span>
    </p>
   </div>
   <div class='ocr_carea' id='block_1_81' title="bbox 2182 2333 3289 2413">
    <p class='ocr_par' dir='ltr' id='par_1_81' title="bbox 2182 2333 3289 2413">
     <span class='ocr_line' id='line_1_81' title="bbox 2182 2333 3289 2413; baseline -0.001 -21"><span class='ocrx_word' id='word_1_561' title='bbox 2182 2336 2302 2399; x_wconf 83' lang='grc' dir='ltr'>τοὺς</span> <span class='ocrx_word' id='word_1_562' title='bbox 2345 2334 2633 2410; x_wconf 78' lang='grc' dir='ltr'>Ῥωμαίους</span> <span class='ocrx_word' id='word_1_563' title='bbox 2664 2333 3097 2413; x_wconf 84' lang='grc' dir='ltr'>ἐκπορευόμενον.</span> <span class='ocrx_word' id='word_1_564' title='bbox 3134 2334 3289 2397; x_wconf 74' lang='grc' dir='ltr'>Εἶτα,</span> 
     </span>
    </p>
   </div>
   <div class='ocr_carea' id='block_1_82' title="bbox 2267 2502 3834 2596">
    <p class='ocr_par' dir='ltr' id='par_1_82' title="bbox 2267 2502 3834 2596">
     <span class='ocr_line' id='line_1_82' title="bbox 2267 2502 3834 2596; baseline 0.002 -27"><span class='ocrx_word' id='word_1_565' title='bbox 2267 2502 2381 2580; x_wconf 79' lang='grc' dir='ltr'><strong>λη’,</strong></span> <span class='ocrx_word' id='word_1_566' title='bbox 2422 2536 2449 2567; x_wconf 75' lang='grc' dir='ltr'><strong>α</strong></span> <span class='ocrx_word' id='word_1_567' title='bbox 2501 2511 2559 2568; x_wconf 96' lang='lat' dir='ltr'><strong>Ei</strong></span> <span class='ocrx_word' id='word_1_568' title='bbox 2610 2513 2741 2591; x_wconf 74' lang='grc' dir='ltr'>πρὸς</span> <span class='ocrx_word' id='word_1_569' title='bbox 2785 2510 2873 2567; x_wconf 79' lang='grc' dir='ltr'><strong>δύο</strong></span> <span class='ocrx_word' id='word_1_570' title='bbox 2929 2511 3101 2592; x_wconf 77' lang='grc' dir='ltr'>ἀρχὰς</span> <span class='ocrx_word' id='word_1_571' title='bbox 3176 2512 3559 2593; x_wconf 71' lang='grc' dir='ltr'>ἀναχθήσεται,</span> <span class='ocrx_word' id='word_1_572' title='bbox 3606 2516 3734 2596; x_wconf 67' lang='grc' dir='ltr'>φῂς,</span> <span class='ocrx_word' id='word_1_573' title='bbox 3767 2518 3834 2572; x_wconf 79' lang='grc' dir='ltr'>τὸ</span> 
     </span>
    </p>
   </div>
   <div class='ocr_carea' id='block_1_83' title="bbox 2190 2599 3832 2682">
    <p class='ocr_par' dir='ltr' id='par_1_83' title="bbox 2190 2599 3832 2682">
     <span class='ocr_line' id='line_1_83' title="bbox 2190 2599 3832 2682; baseline 0.002 -23"><span class='ocrx_word' id='word_1_574' title='bbox 2190 2609 2399 2678; x_wconf 79' lang='grc' dir='ltr'>Πνεῦμα</span> <span class='ocrx_word' id='word_1_575' title='bbox 2458 2602 2518 2658; x_wconf 83' lang='grc' dir='ltr'>τὸ</span> <span class='ocrx_word' id='word_1_576' title='bbox 2573 2602 2745 2682; x_wconf 72' lang='grc' dir='ltr'>ἅγιον,</span> <span class='ocrx_word' id='word_1_577' title='bbox 2792 2608 2893 2658; x_wconf 84' lang='grc' dir='ltr'><strong>ποῦ</strong></span> <span class='ocrx_word' id='word_1_578' title='bbox 2932 2602 2992 2656; x_wconf 86' lang='grc' dir='ltr'>τὸ</span> <span class='ocrx_word' id='word_1_579' title='bbox 3048 2599 3432 2677; x_wconf 76' lang='grc' dir='ltr'>,πολυύμνητον</span> <span class='ocrx_word' id='word_1_580' title='bbox 3518 2602 3661 2661; x_wconf 72' lang='grc' dir='ltr'>ἔσται</span> <span class='ocrx_word' id='word_1_581' title='bbox 3730 2611 3832 2673; x_wconf 80' lang='grc' dir='ltr'><strong>τῆς</strong></span> 
     </span>
    </p>
   </div>
   <div class='ocr_carea' id='block_1_84' title="bbox 2190 2693 2602 2770">
    <p class='ocr_par' dir='ltr' id='par_1_84' title="bbox 2190 2693 2602 2770">
     <span class='ocr_line' id='line_1_84' title="bbox 2190 2693 2602 2770; baseline -0.005 -22"><span class='ocrx_word' id='word_1_582' title='bbox 2190 2693 2486 2770; x_wconf 69' lang='grc' dir='ltr'>μοναρχίας</span> <span class='ocrx_word' id='word_1_583' title='bbox 2519 2711 2539 2763; x_wconf 86' lang='lat'><strong>;</strong></span> <span class='ocrx_word' id='word_1_584' title='bbox 2579 2713 2602 2746; x_wconf 72' lang='grc' dir='ltr'>ι</span> 
     </span>
    </p>
   </div>
   <div class='ocr_carea' id='block_1_85' title="bbox 2274 2778 3831 2860">
    <p class='ocr_par' dir='ltr' id='par_1_85' title="bbox 2274 2778 3831 2860">
     <span class='ocr_line' id='line_1_85' title="bbox 2274 2778 3831 2860; baseline 0.001 -24"><span class='ocrx_word' id='word_1_585' title='bbox 2274 2778 2629 2857; x_wconf 78' lang='grc' dir='ltr'>Ἀναιρεῖσθαι</span> <span class='ocrx_word' id='word_1_586' title='bbox 2694 2780 2756 2835; x_wconf 82' lang='lat'><strong>16</strong></span> <span class='ocrx_word' id='word_1_587' title='bbox 2804 2782 2904 2847; x_wconf 81' lang='grc' dir='ltr'>τῆς</span> <span class='ocrx_word' id='word_1_588' title='bbox 2956 2779 3251 2859; x_wconf 79' lang='grc' dir='ltr'>μοναρχίας</span> <span class='ocrx_word' id='word_1_589' title='bbox 3280 2780 3383 2860; x_wconf 78' lang='grc' dir='ltr'><strong>φὴς</strong></span> <span class='ocrx_word' id='word_1_590' title='bbox 3439 2780 3831 2858; x_wconf 77' lang='grc' dir='ltr'>πολυύμνητον,</span> 
     </span>
    </p>
   </div>
   <div class='ocr_carea' id='block_1_86' title="bbox 2194 2865 3840 2949">
    <p class='ocr_par' dir='ltr' id='par_1_86' title="bbox 2194 2865 3840 2949">
     <span class='ocr_line' id='line_1_86' title="bbox 2194 2865 3840 2949; baseline 0.002 -24"><span class='ocrx_word' id='word_1_591' title='bbox 2194 2869 2246 2926; x_wconf 73' lang='grc' dir='ltr'><strong>εἷ’</strong></span> <span class='ocrx_word' id='word_1_592' title='bbox 2289 2869 2419 2947; x_wconf 82' lang='grc' dir='ltr'>πρὸς</span> <span class='ocrx_word' id='word_1_593' title='bbox 2462 2865 2550 2924; x_wconf 76' lang='grc' dir='ltr'>δύο</span> <span class='ocrx_word' id='word_1_594' title='bbox 2580 2867 2752 2947; x_wconf 75' lang='grc' dir='ltr'>ἀρχὰς</span> <span class='ocrx_word' id='word_1_595' title='bbox 2782 2869 2843 2924; x_wconf 82' lang='grc' dir='ltr'>τὸ</span> <span class='ocrx_word' id='word_1_596' title='bbox 2873 2873 3082 2942; x_wconf 83' lang='grc' dir='ltr'>Πνεῦμα</span> <span class='ocrx_word' id='word_1_597' title='bbox 3152 2868 3420 2947; x_wconf 76' lang='grc' dir='ltr'>ἀνάγεται.</span> <span class='ocrx_word' id='word_1_598' title='bbox 3484 2873 3580 2928; x_wconf 76' lang='grc' dir='ltr'>Καὶ</span> <span class='ocrx_word' id='word_1_599' title='bbox 3627 2871 3708 2929; x_wconf 83' lang='grc' dir='ltr'><strong>ὅτι</strong></span> <span class='ocrx_word' id='word_1_600' title='bbox 3738 2875 3840 2949; x_wconf 76' lang='grc' dir='ltr'>μὲν</span> 
     </span>
    </p>
   </div>
   <div class='ocr_carea' id='block_1_87' title="bbox 2194 2955 3841 3035">
    <p class='ocr_par' dir='ltr' id='par_1_87' title="bbox 2194 2955 3841 3035">
     <span class='ocr_line' id='line_1_87' title="bbox 2194 2955 3841 3035; baseline 0.005 -25"><span class='ocrx_word' id='word_1_601' title='bbox 2194 2980 2253 3014; x_wconf 85' lang='grc' dir='ltr'><strong>το</strong></span> <span class='ocrx_word' id='word_1_602' title='bbox 2327 2962 2423 3023; x_wconf 79' lang='grc' dir='ltr'><strong>τῆς</strong></span> <span class='ocrx_word' id='word_1_603' title='bbox 2495 2957 2791 3035; x_wconf 84' lang='grc' dir='ltr'>μοναρχίας</span> <span class='ocrx_word' id='word_1_604' title='bbox 2873 2955 3265 3034; x_wconf 82' lang='grc' dir='ltr'>ἀναιρεθήσεται</span> <span class='ocrx_word' id='word_1_605' title='bbox 3333 2956 3720 3034; x_wconf 80' lang='grc' dir='ltr'>πολυύμνητον,</span> <span class='ocrx_word' id='word_1_606' title='bbox 3794 2964 3841 3018; x_wconf 83' lang='grc' dir='ltr'>εἶ</span> 
     </span>
    </p>
   </div>
   <div class='ocr_carea' id='block_1_88' title="bbox 2194 3043 3841 3128">
    <p class='ocr_par' dir='ltr' id='par_1_88' title="bbox 2194 3043 3841 3128">
     <span class='ocr_line' id='line_1_88' title="bbox 2194 3043 3841 3128; baseline 0.001 -25"><span class='ocrx_word' id='word_1_607' title='bbox 2194 3049 2322 3126; x_wconf 80' lang='grc' dir='ltr'>πρὸς</span> <span class='ocrx_word' id='word_1_608' title='bbox 2353 3043 2442 3102; x_wconf 76' lang='grc' dir='ltr'><strong>δύο</strong></span> <span class='ocrx_word' id='word_1_609' title='bbox 2486 3044 2655 3124; x_wconf 78' lang='grc' dir='ltr'>ἀρχὰς</span> <span class='ocrx_word' id='word_1_610' title='bbox 2706 3044 3055 3114; x_wconf 74' lang='grc' dir='ltr'>ἀναχθήσεται</span> <span class='ocrx_word' id='word_1_611' title='bbox 3084 3046 3144 3103; x_wconf 86' lang='grc' dir='ltr'>τὸ</span> <span class='ocrx_word' id='word_1_612' title='bbox 3202 3048 3430 3122; x_wconf 77' lang='grc' dir='ltr'>Πνεῦμα,</span> <span class='ocrx_word' id='word_1_613' title='bbox 3467 3050 3494 3104; x_wconf 98' lang='lat'><strong>6</strong></span> <span class='ocrx_word' id='word_1_614' title='bbox 3551 3047 3841 3128; x_wconf 76' lang='grc' dir='ltr'>ἀντιλέγων</span> 
     </span>
    </p>
   </div>
   <div class='ocr_carea' id='block_1_89' title="bbox 2192 3131 3841 3212">
    <p class='ocr_par' dir='ltr' id='par_1_89' title="bbox 2192 3131 3841 3212">
     <span class='ocr_line' id='line_1_89' title="bbox 2192 3131 3841 3212; baseline 0.004 -22"><span class='ocrx_word' id='word_1_615' title='bbox 2192 3133 2377 3198; x_wconf 64' lang='grc' dir='ltr'>οὗδείς.</span> <span class='ocrx_word' id='word_1_616' title='bbox 2434 3135 2507 3189; x_wconf 78' lang='grc' dir='ltr'><strong>Σὺ</strong></span> <span class='ocrx_word' id='word_1_617' title='bbox 2563 3131 2618 3189; x_wconf 75' lang='grc' dir='ltr'><strong>δὲ</strong></span> <span class='ocrx_word' id='word_1_618' title='bbox 2688 3138 2802 3195; x_wconf 83' lang='grc' dir='ltr'><strong>πῶς</strong></span> <span class='ocrx_word' id='word_1_619' title='bbox 2867 3136 2926 3191; x_wconf 74' lang='grc' dir='ltr'>οὒ</span> <span class='ocrx_word' id='word_1_620' title='bbox 2980 3135 3078 3201; x_wconf 76' lang='grc' dir='ltr'><strong>τὴν</strong></span> <span class='ocrx_word' id='word_1_621' title='bbox 3162 3132 3410 3204; x_wconf 86' lang='grc' dir='ltr'>ἀλήθειαν</span> <span class='ocrx_word' id='word_1_622' title='bbox 3467 3133 3716 3212; x_wconf 75' lang='grc' dir='ltr'>ῄδὲσθης,</span> <span class='ocrx_word' id='word_1_623' title='bbox 3765 3141 3841 3202; x_wconf 81' lang='grc' dir='ltr'>ὡς</span> 
     </span>
    </p>
   </div>
   <div class='ocr_carea' id='block_1_90' title="bbox 2191 3218 3841 3304">
    <p class='ocr_par' dir='ltr' id='par_1_90' title="bbox 2191 3218 3841 3304">
     <span class='ocr_line' id='line_1_90' title="bbox 2191 3218 3841 3304; baseline -0.005 -23"><span class='ocrx_word' id='word_1_624' title='bbox 2191 3223 2608 3302; x_wconf 73' lang='grc' dir='ltr'>ὁμολογούμενον</span> <span class='ocrx_word' id='word_1_625' title='bbox 2649 3218 2933 3297; x_wconf 74' lang='grc' dir='ltr'>λαμϐάνων</span> <span class='ocrx_word' id='word_1_626' title='bbox 2990 3224 3050 3279; x_wconf 83' lang='grc' dir='ltr'>τὸ</span> <span class='ocrx_word' id='word_1_627' title='bbox 3106 3222 3185 3299; x_wconf 78' lang='grc' dir='ltr'><strong>μὴ</strong></span> <span class='ocrx_word' id='word_1_628' title='bbox 3251 3223 3392 3303; x_wconf 83' lang='grc' dir='ltr'><strong>παρά</strong></span> <span class='ocrx_word' id='word_1_629' title='bbox 3448 3232 3538 3281; x_wconf 86' lang='grc' dir='ltr'><strong>τοῦ</strong></span> <span class='ocrx_word' id='word_1_630' title='bbox 3582 3225 3841 3304; x_wconf 71' lang='grc' dir='ltr'>προσδια-</span> 
     </span>
    </p>
   </div>
   <div class='ocr_carea' id='block_1_91' title="bbox 2190 3310 3842 3397">
    <p class='ocr_par' dir='ltr' id='par_1_91' title="bbox 2190 3310 3842 3397">
     <span class='ocr_line' id='line_1_91' title="bbox 2190 3310 3842 3397; baseline 0.002 -28"><span class='ocrx_word' id='word_1_631' title='bbox 2190 3311 2478 3391; x_wconf 66' lang='grc' dir='ltr'>λεγομένου</span> <span class='ocrx_word' id='word_1_632' title='bbox 2531 3310 2698 3387; x_wconf 77' lang='grc' dir='ltr'>δοθὲν,</span> <span class='ocrx_word' id='word_1_633' title='bbox 2756 3313 2845 3368; x_wconf 83' lang='grc' dir='ltr'>καὶ</span> <span class='ocrx_word' id='word_1_634' title='bbox 2897 3312 3134 3390; x_wconf 77' lang='grc' dir='ltr'>συνάγων</span> <span class='ocrx_word' id='word_1_635' title='bbox 3185 3313 3247 3368; x_wconf 78' lang='grc' dir='ltr'>τὸ</span> <span class='ocrx_word' id='word_1_636' title='bbox 3323 3313 3553 3373; x_wconf 81' lang='grc' dir='ltr'>ἐντεῦθεν</span> <span class='ocrx_word' id='word_1_637' title='bbox 3611 3318 3842 3397; x_wconf 75' lang='grc' dir='ltr'>ἀναφαι-</span> 
     </span>
    </p>
   </div>
   <div class='ocr_carea' id='block_1_92' title="bbox 2194 3399 3841 3483">
    <p class='ocr_par' dir='ltr' id='par_1_92' title="bbox 2194 3399 3841 3483">
     <span class='ocr_line' id='line_1_92' title="bbox 2194 3399 3841 3483; baseline 0.002 -25"><span class='ocrx_word' id='word_1_638' title='bbox 2194 3402 2415 3478; x_wconf 77' lang='grc' dir='ltr'>νόμενον</span> <span class='ocrx_word' id='word_1_639' title='bbox 2456 3399 2694 3481; x_wconf 71' lang='grc' dir='ltr'>ἄτοπονς</span> <span class='ocrx_word' id='word_1_640' title='bbox 2730 3406 2837 3460; x_wconf 91' lang='grc' dir='ltr'><strong>Ποῦ</strong></span> <span class='ocrx_word' id='word_1_641' title='bbox 2891 3401 2990 3479; x_wconf 76' lang='grc' dir='ltr'>γὰρ</span> <span class='ocrx_word' id='word_1_642' title='bbox 3046 3403 3132 3458; x_wconf 82' lang='grc' dir='ltr'><strong>καὶ</strong></span> <span class='ocrx_word' id='word_1_643' title='bbox 3190 3399 3403 3482; x_wconf 61' lang='grc' dir='ltr'>εὕρηταί</span> <span class='ocrx_word' id='word_1_644' title='bbox 3470 3426 3551 3460; x_wconf 92' lang='grc' dir='ltr'><strong>σοι</strong></span> <span class='ocrx_word' id='word_1_645' title='bbox 3595 3402 3841 3483; x_wconf 35' lang='grc' dir='ltr'>λέγωνᾼὸ</span> 
     </span>
    </p>
   </div>
   <div class='ocr_carea' id='block_1_93' title="bbox 2198 3470 3837 3571">
    <p class='ocr_par' dir='ltr' id='par_1_93' title="bbox 2198 3470 3837 3571">
     <span class='ocr_line' id='line_1_93' title="bbox 2198 3470 3837 3571; baseline 0.002 -24"><span class='ocrx_word' id='word_1_646' title='bbox 2198 3470 2399 3554; x_wconf 78' lang='grc' dir='ltr'>Ἰταλὸς</span> <span class='ocrx_word' id='word_1_647' title='bbox 2452 3489 2623 3569; x_wconf 78' lang='grc' dir='ltr'>ἀρχὰς</span> <span class='ocrx_word' id='word_1_648' title='bbox 2678 3470 2782 3545; x_wconf 51' lang='grc' dir='ltr'>’δύο</span> <span class='ocrx_word' id='word_1_649' title='bbox 2963 3470 3075 3557; x_wconf 48' lang='grc' dir='ltr'>’τῆς</span> <span class='ocrx_word' id='word_1_650' title='bbox 3135 3470 3392 3570; x_wconf 77' lang='grc' dir='ltr'>μακαρίας</span> <span class='ocrx_word' id='word_1_651' title='bbox 3461 3470 3716 3571; x_wconf 66' lang='grc' dir='ltr'>Τριάδοςς</span> <span class='ocrx_word' id='word_1_652' title='bbox 3778 3470 3837 3551; x_wconf 52' lang='grc' dir='ltr'>’Π</span> 
     </span>
    </p>
   </div>
   <div class='ocr_carea' id='block_1_94' title="bbox 2200 3576 3838 3662">
    <p class='ocr_par' dir='ltr' id='par_1_94' title="bbox 2200 3576 3838 3662">
     <span class='ocr_line' id='line_1_94' title="bbox 2200 3576 3838 3662; baseline 0.001 -26"><span class='ocrx_word' id='word_1_653' title='bbox 2200 3578 2370 3645; x_wconf 70' lang='grc' dir='ltr'>δετξον</span> <span class='ocrx_word' id='word_1_654' title='bbox 2433 3580 2588 3638; x_wconf 75' lang='grc' dir='ltr'>αὐτὸν</span> <span class='ocrx_word' id='word_1_655' title='bbox 2657 3576 2744 3634; x_wconf 79' lang='grc' dir='ltr'>δύο</span> <span class='ocrx_word' id='word_1_656' title='bbox 2796 3578 2969 3657; x_wconf 77' lang='grc' dir='ltr'>ἀρχὰς</span> <span class='ocrx_word' id='word_1_657' title='bbox 3020 3576 3263 3658; x_wconf 82' lang='grc' dir='ltr'>λέγοντα,</span> <span class='ocrx_word' id='word_1_658' title='bbox 3317 3582 3406 3636; x_wconf 86' lang='lat' dir='ltr'><strong>xui</strong></span> <span class='ocrx_word' id='word_1_659' title='bbox 3469 3582 3530 3636; x_wconf 84' lang='grc' dir='ltr'>σὺ</span> <span class='ocrx_word' id='word_1_660' title='bbox 3573 3579 3838 3662; x_wconf 72' lang='grc' dir='ltr'>δειχθήσῃ</span> 
     </span>
    </p>
   </div>
   <div class='ocr_carea' id='block_1_95' title="bbox 2199 3668 3841 3751">
    <p class='ocr_par' dir='ltr' id='par_1_95' title="bbox 2199 3668 3841 3751">
     <span class='ocr_line' id='line_1_95' title="bbox 2199 3668 3841 3751; baseline 0.001 -24"><span class='ocrx_word' id='word_1_661' title='bbox 2199 3669 2375 3732; x_wconf 68' lang='grc' dir='ltr'>καλῶς</span> <span class='ocrx_word' id='word_1_662' title='bbox 2417 3668 2585 3747; x_wconf 80' lang='grc' dir='ltr'>λέγων</span> <span class='ocrx_word' id='word_1_663' title='bbox 2652 3669 2977 3748; x_wconf 79' lang='grc' dir='ltr'>ἀναιρεῖσθαι</span> <span class='ocrx_word' id='word_1_664' title='bbox 3033 3670 3093 3726; x_wconf 80' lang='grc' dir='ltr'><strong>τὸ</strong></span> <span class='ocrx_word' id='word_1_665' title='bbox 3161 3675 3261 3733; x_wconf 75' lang='grc' dir='ltr'><strong>τῆς</strong></span> <span class='ocrx_word' id='word_1_666' title='bbox 3304 3672 3597 3751; x_wconf 82' lang='grc' dir='ltr'>μοναρχίας</span> <span class='ocrx_word' id='word_1_667' title='bbox 3667 3674 3841 3732; x_wconf 77' lang='grc' dir='ltr'>πολυ-</span> 
     </span>
    </p>
   </div>
   <div class='ocr_carea' id='block_1_96' title="bbox 2201 3755 3830 3838">
    <p class='ocr_par' dir='ltr' id='par_1_96' title="bbox 2201 3755 3830 3838">
     <span class='ocr_line' id='line_1_96' title="bbox 2201 3755 3830 3838; baseline 0.001 -24"><span class='ocrx_word' id='word_1_668' title='bbox 2201 3759 2455 3833; x_wconf 81' lang='grc' dir='ltr'>ύμντ,τον,</span> <span class='ocrx_word' id='word_1_669' title='bbox 2489 3758 2533 3813; x_wconf 81' lang='grc' dir='ltr'><strong>εἰ</strong></span> <span class='ocrx_word' id='word_1_670' title='bbox 2566 3758 2697 3836; x_wconf 83' lang='grc' dir='ltr'>πρὸς</span> <span class='ocrx_word' id='word_1_671' title='bbox 2756 3755 2844 3814; x_wconf 82' lang='grc' dir='ltr'>δύο</span> <span class='ocrx_word' id='word_1_672' title='bbox 2914 3757 3085 3837; x_wconf 82' lang='grc' dir='ltr'>ἀρχὰς</span> <span class='ocrx_word' id='word_1_673' title='bbox 3141 3760 3203 3814; x_wconf 81' lang='grc' dir='ltr'><strong>τὸ</strong></span> <span class='ocrx_word' id='word_1_674' title='bbox 3274 3765 3485 3832; x_wconf 84' lang='grc' dir='ltr'>Πνεῦμα</span> <span class='ocrx_word' id='word_1_675' title='bbox 3539 3760 3788 3838; x_wconf 81' lang='grc' dir='ltr'>ἀνάγεται</span> <span class='ocrx_word' id='word_1_676' title='bbox 3816 3779 3830 3793; x_wconf 88' lang='grc'><strong>·</strong></span> 
     </span>
    </p>
   </div>
   <div class='ocr_carea' id='block_1_97' title="bbox 2204 3844 3847 3929">
    <p class='ocr_par' dir='ltr' id='par_1_97' title="bbox 2204 3844 3847 3929">
     <span class='ocr_line' id='line_1_97' title="bbox 2204 3844 3847 3929; baseline 0.001 -27"><span class='ocrx_word' id='word_1_677' title='bbox 2204 3848 2239 3913; x_wconf 71' lang='grc' dir='ltr'><strong>ἢ</strong></span> <span class='ocrx_word' id='word_1_678' title='bbox 2270 3856 2422 3906; x_wconf 90' lang='grc' dir='ltr'>τοῦτο</span> <span class='ocrx_word' id='word_1_679' title='bbox 2454 3847 2531 3922; x_wconf 76' lang='grc' dir='ltr'>μὴ</span> <span class='ocrx_word' id='word_1_680' title='bbox 2588 3844 2812 3927; x_wconf 77' lang='grc' dir='ltr'><strong>δεικνὺς²</strong></span> <span class='ocrx_word' id='word_1_681' title='bbox 2876 3847 3056 3925; x_wconf 66' lang='grc' dir='ltr'>σαφῶς</span> <span class='ocrx_word' id='word_1_682' title='bbox 3098 3845 3420 3914; x_wconf 78' lang='grc' dir='ltr'>ἀποδέδειξαι</span> <span class='ocrx_word' id='word_1_683' title='bbox 3476 3850 3606 3927; x_wconf 82' lang='grc' dir='ltr'>πρὸς</span> <span class='ocrx_word' id='word_1_684' title='bbox 3650 3846 3847 3929; x_wconf 77' lang='grc' dir='ltr'>ἔχθραν</span> 
     </span>
    </p>
   </div>
   <div class='ocr_carea' id='block_1_98' title="bbox 2203 3933 3849 4015">
    <p class='ocr_par' dir='ltr' id='par_1_98' title="bbox 2203 3933 3849 4015">
     <span class='ocr_line' id='line_1_98' title="bbox 2203 3933 3849 4015; baseline 0.002 -24"><span class='ocrx_word' id='word_1_685' title='bbox 2203 3937 2288 3993; x_wconf 82' lang='lat' dir='ltr'><strong>xui</strong></span> <span class='ocrx_word' id='word_1_686' title='bbox 2318 3938 2378 3993; x_wconf 72' lang='grc' dir='ltr'>οὔ</span> <span class='ocrx_word' id='word_1_687' title='bbox 2430 3936 2560 4014; x_wconf 82' lang='grc' dir='ltr'>πρὸς</span> <span class='ocrx_word' id='word_1_688' title='bbox 2603 3933 2853 4007; x_wconf 86' lang='grc' dir='ltr'>ἀλήθειαν</span> <span class='ocrx_word' id='word_1_689' title='bbox 2908 3936 2997 3991; x_wconf 83' lang='grc' dir='ltr'>καὶ</span> <span class='ocrx_word' id='word_1_690' title='bbox 3065 3934 3502 4015; x_wconf 81' lang='grc' dir='ltr'>συλλογιζόμενος</span> <span class='ocrx_word' id='word_1_691' title='bbox 3572 3939 3658 3995; x_wconf 89' lang='lat' dir='ltr'><strong>xui</strong></span> <span class='ocrx_word' id='word_1_692' title='bbox 3714 3960 3849 4015; x_wconf 88' lang='grc' dir='ltr'>συμ-</span> 
     </span>
    </p>
   </div>
   <div class='ocr_carea' id='block_1_99' title="bbox 2201 4025 3356 4105">
    <p class='ocr_par' dir='ltr' id='par_1_99' title="bbox 2201 4025 3356 4105">
     <span class='ocr_line' id='line_1_99' title="bbox 2201 4025 3356 4105; baseline -0.001 -22"><span class='ocrx_word' id='word_1_693' title='bbox 2201 4026 2459 4105; x_wconf 85' lang='grc' dir='ltr'>περαίνων</span> <span class='ocrx_word' id='word_1_694' title='bbox 2515 4026 2581 4080; x_wconf 82' lang='grc' dir='ltr'>τὰ</span> <span class='ocrx_word' id='word_1_695' title='bbox 2607 4025 2695 4087; x_wconf 77' lang='grc' dir='ltr'>σά,</span> <span class='ocrx_word' id='word_1_696' title='bbox 2729 4025 2911 4103; x_wconf 80' lang='grc' dir='ltr'>Λέγεις</span> <span class='ocrx_word' id='word_1_697' title='bbox 2942 4027 3073 4104; x_wconf 85' lang='grc' dir='ltr'>πρὸς</span> <span class='ocrx_word' id='word_1_698' title='bbox 3103 4025 3307 4090; x_wconf 76' lang='grc' dir='ltr'>τούτοις</span> <span class='ocrx_word' id='word_1_699' title='bbox 3343 4043 3356 4056; x_wconf 90' lang='grc'><strong>·</strong></span> 
     </span>
    </p>
   </div>
   <div class='ocr_carea' id='block_1_100' title="bbox 2281 4112 3846 4197">
    <p class='ocr_par' dir='ltr' id='par_1_100' title="bbox 2281 4112 3846 4197">
     <span class='ocr_line' id='line_1_100' title="bbox 2281 4112 3846 4197; baseline 0.003 -26"><span class='ocrx_word' id='word_1_700' title='bbox 2281 4114 2383 4172; x_wconf 89' lang='grc' dir='ltr'>λ’θ.</span> <span class='ocrx_word' id='word_1_701' title='bbox 2424 4138 2451 4170; x_wconf 75' lang='grc' dir='ltr'>ι</span> <span class='ocrx_word' id='word_1_702' title='bbox 2517 4116 2576 4172; x_wconf 85' lang='lat' dir='ltr'><strong>Ei</strong></span> <span class='ocrx_word' id='word_1_703' title='bbox 2631 4112 2982 4194; x_wconf 68' lang='grc' dir='ltr'>προϐάλλεται</span> <span class='ocrx_word' id='word_1_704' title='bbox 3040 4114 3135 4190; x_wconf 84' lang='grc' dir='ltr'>μέν</span> <span class='ocrx_word' id='word_1_705' title='bbox 3191 4117 3253 4172; x_wconf 76' lang='grc' dir='ltr'><strong>τὸ</strong></span> <span class='ocrx_word' id='word_1_706' title='bbox 3298 4117 3509 4194; x_wconf 75' lang='grc' dir='ltr'>Πνεῦμα</span> <span class='ocrx_word' id='word_1_707' title='bbox 3566 4121 3593 4175; x_wconf 93' lang='lat'><strong>6</strong></span> <span class='ocrx_word' id='word_1_708' title='bbox 3637 4119 3846 4197; x_wconf 74' lang='grc' dir='ltr'>Πατὴρ,</span> 
     </span>
    </p>
   </div>
   <div class='ocr_carea' id='block_1_101' title="bbox 2205 4200 3853 4284">
    <p class='ocr_par' dir='ltr' id='par_1_101' title="bbox 2205 4200 3853 4284">
     <span class='ocr_line' id='line_1_101' title="bbox 2205 4200 3853 4284; baseline 0.002 -23"><span class='ocrx_word' id='word_1_709' title='bbox 2205 4201 2556 4283; x_wconf 77' lang='grc' dir='ltr'>προϐάλλεται</span> <span class='ocrx_word' id='word_1_710' title='bbox 2587 4200 2641 4258; x_wconf 81' lang='grc' dir='ltr'><strong>δὲ</strong></span> <span class='ocrx_word' id='word_1_711' title='bbox 2683 4210 2836 4259; x_wconf 89' lang='grc' dir='ltr'>τοῦτο</span> <span class='ocrx_word' id='word_1_712' title='bbox 2884 4204 2972 4259; x_wconf 84' lang='grc' dir='ltr'>καὶ</span> <span class='ocrx_word' id='word_1_713' title='bbox 3041 4205 3070 4259; x_wconf 91' lang='lat'><strong>6</strong></span> <span class='ocrx_word' id='word_1_714' title='bbox 3127 4206 3269 4279; x_wconf 78' lang='grc' dir='ltr'><strong>Υἱὸς,</strong></span> <span class='ocrx_word' id='word_1_715' title='bbox 3328 4203 3425 4273; x_wconf 80' lang='grc' dir='ltr'><strong>τῖη</strong></span> <span class='ocrx_word' id='word_1_716' title='bbox 3480 4205 3541 4263; x_wconf 82' lang='grc' dir='ltr'>ἄν</span> <span class='ocrx_word' id='word_1_717' title='bbox 3598 4209 3627 4263; x_wconf 88' lang='lat'><strong>6</strong></span> <span class='ocrx_word' id='word_1_718' title='bbox 3668 4207 3853 4284; x_wconf 80' lang='grc' dir='ltr'>Πατὴρ</span> 
     </span>
    </p>
   </div>
   <div class='ocr_carea' id='block_1_102' title="bbox 2205 4291 3853 4376">
    <p class='ocr_par' dir='ltr' id='par_1_102' title="bbox 2205 4291 3853 4376">
     <span class='ocr_line' id='line_1_102' title="bbox 2205 4291 3853 4376; baseline 0.002 -28"><span class='ocrx_word' id='word_1_719' title='bbox 2205 4295 2291 4348; x_wconf 84' lang='grc' dir='ltr'>καὶ</span> <span class='ocrx_word' id='word_1_720' title='bbox 2360 4293 2633 4372; x_wconf 76' lang='grc' dir='ltr'>προσεχὴς</span> <span class='ocrx_word' id='word_1_721' title='bbox 2701 4294 2794 4347; x_wconf 76' lang='grc' dir='ltr'><strong>τοῦ</strong></span> <span class='ocrx_word' id='word_1_722' title='bbox 2836 4293 3137 4368; x_wconf 81' lang='grc' dir='ltr'>Πνεύματος</span> <span class='ocrx_word' id='word_1_723' title='bbox 3194 4291 3501 4376; x_wconf 65' lang='grc' dir='ltr'>προϐολεύς,</span> <span class='ocrx_word' id='word_1_724' title='bbox 3545 4298 3633 4354; x_wconf 83' lang='grc' dir='ltr'><strong>καὶ</strong></span> <span class='ocrx_word' id='word_1_725' title='bbox 3674 4293 3853 4373; x_wconf 80' lang='grc' dir='ltr'>πόῤῥω</span> 
     </span>
    </p>
   </div>
   <div class='ocr_carea' id='block_1_103' title="bbox 2146 4377 3189 4459">
    <p class='ocr_par' dir='ltr' id='par_1_103' title="bbox 2146 4377 3189 4459">
     <span class='ocr_line' id='line_1_103' title="bbox 2146 4377 3189 4459; baseline 0 -22"><span class='ocrx_word' id='word_1_726' title='bbox 2146 4380 2289 4454; x_wconf 79' lang='grc' dir='ltr'>οδιά</span> <span class='ocrx_word' id='word_1_727' title='bbox 2321 4382 2419 4449; x_wconf 74' lang='grc' dir='ltr'><strong>τὴν</strong></span> <span class='ocrx_word' id='word_1_728' title='bbox 2449 4381 2510 4437; x_wconf 77' lang='grc' dir='ltr'><strong>ἐκ</strong></span> <span class='ocrx_word' id='word_1_729' title='bbox 2550 4387 2644 4438; x_wconf 85' lang='grc' dir='ltr'><strong>τοῦ</strong></span> <span class='ocrx_word' id='word_1_730' title='bbox 2686 4381 2806 4437; x_wconf 82' lang='grc' dir='ltr'><strong>Υἱοὺ</strong></span> <span class='ocrx_word' id='word_1_731' title='bbox 2836 4377 3127 4459; x_wconf 85' lang='grc' dir='ltr'>προϐολήν.</span> <span class='ocrx_word' id='word_1_732' title='bbox 3168 4405 3189 4437; x_wconf 72' lang='grc' dir='ltr'><strong><em>ι</em></strong></span> 
     </span>
    </p>
   </div>
   <div class='ocr_carea' id='block_1_104' title="bbox 2295 4469 3849 4552">
    <p class='ocr_par' dir='ltr' id='par_1_104' title="bbox 2295 4469 3849 4552">
     <span class='ocr_line' id='line_1_104' title="bbox 2295 4469 3849 4552; baseline -0.001 -25"><span class='ocrx_word' id='word_1_733' title='bbox 2295 4471 2467 4551; x_wconf 68' lang='grc' dir='ltr'>Δέχου</span> <span class='ocrx_word' id='word_1_734' title='bbox 2531 4471 2619 4527; x_wconf 86' lang='lat' dir='ltr'><strong>xui</strong></span> <span class='ocrx_word' id='word_1_735' title='bbox 2687 4470 2787 4537; x_wconf 74' lang='grc' dir='ltr'><strong>τὴν</strong></span> <span class='ocrx_word' id='word_1_736' title='bbox 2829 4469 2915 4526; x_wconf 75' lang='grc' dir='ltr'><strong>ἐπὶ</strong></span> <span class='ocrx_word' id='word_1_737' title='bbox 2956 4471 3158 4535; x_wconf 83' lang='grc' dir='ltr'>τούτοις</span> <span class='ocrx_word' id='word_1_738' title='bbox 3241 4472 3562 4552; x_wconf 72' lang='grc' dir='ltr'>ἀντίῤῥησιν,</span> <span class='ocrx_word' id='word_1_739' title='bbox 3626 4474 3713 4536; x_wconf 77' lang='grc' dir='ltr'><strong>Εἰς</strong></span> <span class='ocrx_word' id='word_1_740' title='bbox 3784 4473 3849 4527; x_wconf 76' lang='grc' dir='ltr'>τὸ</span> 
     </span>
    </p>
   </div>
   <div class='ocr_carea' id='block_1_105' title="bbox 2210 4557 3855 4642">
    <p class='ocr_par' dir='ltr' id='par_1_105' title="bbox 2210 4557 3855 4642">
     <span class='ocr_line' id='line_1_105' title="bbox 2210 4557 3855 4642; baseline -0.002 -24"><span class='ocrx_word' id='word_1_741' title='bbox 2210 4557 2599 4640; x_wconf 76' lang='grc' dir='ltr'>πρτάεϐλῆσθαι</span> <span class='ocrx_word' id='word_1_742' title='bbox 2642 4558 2803 4634; x_wconf 87' lang='grc' dir='ltr'>μόνον</span> <span class='ocrx_word' id='word_1_743' title='bbox 2830 4561 2923 4614; x_wconf 74' lang='grc' dir='ltr'><strong>τοῦ</strong></span> <span class='ocrx_word' id='word_1_744' title='bbox 2991 4560 3293 4637; x_wconf 80' lang='grc' dir='ltr'>Πνεύματος</span> <span class='ocrx_word' id='word_1_745' title='bbox 3326 4564 3388 4618; x_wconf 84' lang='grc' dir='ltr'>τὸ</span> <span class='ocrx_word' id='word_1_746' title='bbox 3438 4561 3704 4642; x_wconf 75' lang='grc' dir='ltr'>προσεχὲς</span> <span class='ocrx_word' id='word_1_747' title='bbox 3764 4560 3855 4617; x_wconf 83' lang='grc' dir='ltr'>καὶ</span> 
     </span>
    </p>
   </div>
   <div class='ocr_carea' id='block_1_106' title="bbox 2211 4644 3852 4729">
    <p class='ocr_par' dir='ltr' id='par_1_106' title="bbox 2211 4644 3852 4729">
     <span class='ocr_line' id='line_1_106' title="bbox 2211 4644 3852 4729; baseline -0.001 -23"><span class='ocrx_word' id='word_1_748' title='bbox 2211 4648 2387 4728; x_wconf 77' lang='grc' dir='ltr'>πόῤῥω</span> <span class='ocrx_word' id='word_1_749' title='bbox 2412 4659 2579 4721; x_wconf 77' lang='grc' dir='ltr'>νοεῖς,</span> <span class='ocrx_word' id='word_1_750' title='bbox 2638 4644 2766 4726; x_wconf 82' lang='grc' dir='ltr'>ὅπερ</span> <span class='ocrx_word' id='word_1_751' title='bbox 2822 4648 2900 4722; x_wconf 80' lang='grc' dir='ltr'>μὴ</span> <span class='ocrx_word' id='word_1_752' title='bbox 2958 4649 3100 4728; x_wconf 84' lang='grc' dir='ltr'><strong>παρά</strong></span> <span class='ocrx_word' id='word_1_753' title='bbox 3153 4652 3245 4707; x_wconf 70' lang='grc' dir='ltr'><strong>τοῦ</strong></span> <span class='ocrx_word' id='word_1_754' title='bbox 3291 4652 3514 4708; x_wconf 72' lang='grc' dir='ltr'>Λατίνο)</span> <span class='ocrx_word' id='word_1_755' title='bbox 3542 4648 3852 4729; x_wconf 76' lang='grc' dir='ltr'>λεγόμενον,</span> 
     </span>
    </p>
   </div>
   <div class='ocr_carea' id='block_1_107' title="bbox 2214 4734 3855 4820">
    <p class='ocr_par' dir='ltr' id='par_1_107' title="bbox 2214 4734 3855 4820">
     <span class='ocr_line' id='line_1_107' title="bbox 2214 4734 3855 4820; baseline -0.001 -25"><span class='ocrx_word' id='word_1_756' title='bbox 2214 4741 2273 4795; x_wconf 71' lang='grc' dir='ltr'>οὗ</span> <span class='ocrx_word' id='word_1_757' title='bbox 2299 4740 2373 4801; x_wconf 82' lang='grc' dir='ltr'>ὡς</span> <span class='ocrx_word' id='word_1_758' title='bbox 2429 4735 2552 4815; x_wconf 86' lang='grc' dir='ltr'>παρ’</span> <span class='ocrx_word' id='word_1_759' title='bbox 2610 4734 2767 4793; x_wconf 71' lang='grc' dir='ltr'>αὗτοῦ</span> <span class='ocrx_word' id='word_1_760' title='bbox 2821 4738 3101 4815; x_wconf 85' lang='grc' dir='ltr'>προτείνεις</span> <span class='ocrx_word' id='word_1_761' title='bbox 3157 4736 3465 4820; x_wconf 73' lang='grc' dir='ltr'><strong>λεγόμενον⁷</strong></span> <span class='ocrx_word' id='word_1_762' title='bbox 3527 4741 3563 4807; x_wconf 78' lang='grc' dir='ltr'>ἦ</span> <span class='ocrx_word' id='word_1_763' title='bbox 3622 4740 3709 4796; x_wconf 85' lang='lat' dir='ltr'><strong>xui</strong></span> <span class='ocrx_word' id='word_1_764' title='bbox 3779 4740 3855 4800; x_wconf 80' lang='grc' dir='ltr'><strong>είς</strong></span> 
     </span>
    </p>
   </div>
   <div class='ocr_carea' id='block_1_108' title="bbox 2211 4822 3856 4906">
    <p class='ocr_par' dir='ltr' id='par_1_108' title="bbox 2211 4822 3856 4906">
     <span class='ocr_line' id='line_1_108' title="bbox 2211 4822 3856 4906; baseline 0 -24"><span class='ocrx_word' id='word_1_765' title='bbox 2211 4828 2277 4883; x_wconf 77' lang='grc' dir='ltr'>τὰ</span> <span class='ocrx_word' id='word_1_766' title='bbox 2318 4824 2476 4900; x_wconf 73' lang='grc' dir='ltr'>ἄλλα,</span> <span class='ocrx_word' id='word_1_767' title='bbox 2534 4822 2569 4879; x_wconf 76' lang='grc' dir='ltr'>ἃ</span> <span class='ocrx_word' id='word_1_768' title='bbox 2623 4825 2709 4881; x_wconf 81' lang='grc' dir='ltr'><strong>καὶ</strong></span> <span class='ocrx_word' id='word_1_769' title='bbox 2766 4824 2911 4902; x_wconf 84' lang='grc' dir='ltr'><strong>παρή</strong></span> <span class='ocrx_word' id='word_1_770' title='bbox 2965 4829 3063 4895; x_wconf 77' lang='grc' dir='ltr'><strong>τῆς</strong></span> <span class='ocrx_word' id='word_1_771' title='bbox 3120 4832 3220 4894; x_wconf 84' lang='grc' dir='ltr'><strong>σῆς</strong></span> <span class='ocrx_word' id='word_1_772' title='bbox 3279 4825 3596 4895; x_wconf 82' lang='grc' dir='ltr'>Ἐκκλησίας</span> <span class='ocrx_word' id='word_1_773' title='bbox 3652 4832 3856 4906; x_wconf 84' lang='grc' dir='ltr'>τρανῶς</span> 
     </span>
    </p>
   </div>
   <div class='ocr_carea' id='block_1_109' title="bbox 2215 4913 3860 4997">
    <p class='ocr_par' dir='ltr' id='par_1_109' title="bbox 2215 4913 3860 4997">
     <span class='ocr_line' id='line_1_109' title="bbox 2215 4913 3860 4997; baseline -0.001 -26"><span class='ocrx_word' id='word_1_774' title='bbox 2215 4913 2587 4992; x_wconf 80' lang='grc' dir='ltr'>ὡμολόγηται.</span> <span class='ocrx_word' id='word_1_775' title='bbox 2622 4914 2680 4970; x_wconf 89' lang='lat' dir='ltr'><strong>Ei</strong></span> <span class='ocrx_word' id='word_1_776' title='bbox 2740 4913 2838 4992; x_wconf 82' lang='grc' dir='ltr'>γὰρ</span> <span class='ocrx_word' id='word_1_777' title='bbox 2895 4914 2982 4970; x_wconf 86' lang='lat' dir='ltr'><strong>xui</strong></span> <span class='ocrx_word' id='word_1_778' title='bbox 3037 4929 3330 4997; x_wconf 78' lang='grc' dir='ltr'>προσεχεῖς</span> <span class='ocrx_word' id='word_1_779' title='bbox 3369 4919 3458 4975; x_wconf 84' lang='grc' dir='ltr'>καὶ</span> <span class='ocrx_word' id='word_1_780' title='bbox 3500 4915 3676 4995; x_wconf 70' lang='grc' dir='ltr'>πόρρω</span> <span class='ocrx_word' id='word_1_781' title='bbox 3733 4914 3860 4970; x_wconf 76' lang='grc' dir='ltr'>ἀναο</span> 
     </span>
    </p>
   </div>
   <div class='ocr_carea' id='block_1_110' title="bbox 2216 4998 3861 5082">
    <p class='ocr_par' dir='ltr' id='par_1_110' title="bbox 2216 4998 3861 5082">
     <span class='ocr_line' id='line_1_110' title="bbox 2216 4998 3861 5082; baseline -0.001 -23"><span class='ocrx_word' id='word_1_782' title='bbox 2216 5003 2465 5066; x_wconf 80' lang='grc' dir='ltr'>πλάττεις</span> <span class='ocrx_word' id='word_1_783' title='bbox 2508 4998 2829 5080; x_wconf 83' lang='grc' dir='ltr'>πρ;ϐλήσεις</span> <span class='ocrx_word' id='word_1_784' title='bbox 2884 4998 2968 5057; x_wconf 82' lang='grc' dir='ltr'><strong>διὰ</strong></span> <span class='ocrx_word' id='word_1_785' title='bbox 3010 5004 3071 5058; x_wconf 81' lang='grc' dir='ltr'><strong>τὸ</strong></span> <span class='ocrx_word' id='word_1_786' title='bbox 3140 5005 3231 5060; x_wconf 87' lang='grc' dir='ltr'><strong>τὸν</strong></span> <span class='ocrx_word' id='word_1_787' title='bbox 3287 5011 3515 5063; x_wconf 79' lang='grc' dir='ltr'>Λατῖνον</span> <span class='ocrx_word' id='word_1_788' title='bbox 3557 5003 3730 5082; x_wconf 81' lang='grc' dir='ltr'>λέγειν</span> <span class='ocrx_word' id='word_1_789' title='bbox 3798 5003 3861 5058; x_wconf 78' lang='grc' dir='ltr'>τὸ</span> 
     </span>
    </p>
   </div>
   <div class='ocr_carea' id='block_1_111' title="bbox 2221 5089 3859 5175">
    <p class='ocr_par' dir='ltr' id='par_1_111' title="bbox 2221 5089 3859 5175">
     <span class='ocr_line' id='line_1_111' title="bbox 2221 5089 3859 5175; baseline -0.001 -28"><span class='ocrx_word' id='word_1_790' title='bbox 2221 5097 2433 5156; x_wconf 65' lang='grc' dir='ltr'>Πνεῦμα</span> <span class='ocrx_word' id='word_1_791' title='bbox 2463 5089 2523 5146; x_wconf 75' lang='grc' dir='ltr'><strong>ἐκ</strong></span> <span class='ocrx_word' id='word_1_792' title='bbox 2553 5090 2757 5167; x_wconf 83' lang='grc' dir='ltr'>Πατρὸς</span> <span class='ocrx_word' id='word_1_793' title='bbox 2816 5090 2904 5147; x_wconf 83' lang='grc' dir='ltr'>καὶ</span> <span class='ocrx_word' id='word_1_794' title='bbox 2963 5091 3084 5147; x_wconf 83' lang='grc' dir='ltr'>Υἱοῦ</span> <span class='ocrx_word' id='word_1_795' title='bbox 3139 5090 3548 5175; x_wconf 67' lang='grc' dir='ltr'>προϐεϐλῆσθαι,</span> <span class='ocrx_word' id='word_1_796' title='bbox 3607 5092 3719 5172; x_wconf 84' lang='grc' dir='ltr'>ὥρα</span> <span class='ocrx_word' id='word_1_797' title='bbox 3774 5112 3859 5148; x_wconf 90' lang='grc' dir='ltr'><strong>σοι</strong></span> 
     </span>
    </p>
   </div>
   <div class='ocr_carea' id='block_1_112' title="bbox 2215 5177 3858 5263">
    <p class='ocr_par' dir='ltr' id='par_1_112' title="bbox 2215 5177 3858 5263">
     <span class='ocr_line' id='line_1_112' title="bbox 2215 5177 3858 5263; baseline -0.001 -26"><span class='ocrx_word' id='word_1_798' title='bbox 2215 5182 2305 5237; x_wconf 81' lang='grc' dir='ltr'>καὶ</span> <span class='ocrx_word' id='word_1_799' title='bbox 2359 5177 2655 5260; x_wconf 81' lang='grc' dir='ltr'>προσεχεῖς</span> <span class='ocrx_word' id='word_1_800' title='bbox 2715 5180 2805 5236; x_wconf 83' lang='grc' dir='ltr'>καὶ</span> <span class='ocrx_word' id='word_1_801' title='bbox 2874 5178 3051 5259; x_wconf 81' lang='grc' dir='ltr'>πόῤῥω</span> <span class='ocrx_word' id='word_1_802' title='bbox 3103 5184 3413 5262; x_wconf 74' lang='grc' dir='ltr'>προχύσεις,</span> <span class='ocrx_word' id='word_1_803' title='bbox 3468 5188 3556 5240; x_wconf 81' lang='grc' dir='ltr'>καὶ</span> <span class='ocrx_word' id='word_1_804' title='bbox 3596 5180 3858 5263; x_wconf 76' lang='grc' dir='ltr'>προέσεις,</span> 
     </span>
    </p>
   </div>
   <div class='ocr_carea' id='block_1_113' title="bbox 2216 5265 3865 5349">
    <p class='ocr_par' dir='ltr' id='par_1_113' title="bbox 2216 5265 3865 5349">
     <span class='ocr_line' id='line_1_113' title="bbox 2216 5265 3865 5349; baseline -0.001 -25"><span class='ocrx_word' id='word_1_805' title='bbox 2216 5269 2303 5325; x_wconf 86' lang='grc' dir='ltr'><strong>καὶ</strong></span> <span class='ocrx_word' id='word_1_806' title='bbox 2386 5268 2648 5347; x_wconf 83' lang='grc' dir='ltr'>χορηγίας</span> <span class='ocrx_word' id='word_1_807' title='bbox 2705 5265 3076 5344; x_wconf 72' lang='grc' dir='ltr'>ἀναπλάττειν,</span> <span class='ocrx_word' id='word_1_808' title='bbox 3150 5268 3235 5327; x_wconf 80' lang='grc' dir='ltr'><strong>διὰ</strong></span> <span class='ocrx_word' id='word_1_809' title='bbox 3285 5273 3347 5328; x_wconf 78' lang='grc' dir='ltr'>τὸ</span> <span class='ocrx_word' id='word_1_810' title='bbox 3389 5271 3449 5328; x_wconf 83' lang='grc' dir='ltr'>ἐκ</span> <span class='ocrx_word' id='word_1_811' title='bbox 3505 5272 3709 5349; x_wconf 81' lang='grc' dir='ltr'>Πατρὸς</span> <span class='ocrx_word' id='word_1_812' title='bbox 3776 5268 3865 5324; x_wconf 85' lang='lat' dir='ltr'><strong>xui</strong></span> 
     </span>
    </p>
   </div>
   <div class='ocr_carea' id='block_1_114' title="bbox 2217 5355 3861 5438">
    <p class='ocr_par' dir='ltr' id='par_1_114' title="bbox 2217 5355 3861 5438">
     <span class='ocr_line' id='line_1_114' title="bbox 2217 5355 3861 5438; baseline -0.001 -24"><span class='ocrx_word' id='word_1_813' title='bbox 2217 5357 2337 5414; x_wconf 66' lang='grc' dir='ltr'><strong>ἴ*ἱοῦ</strong></span> <span class='ocrx_word' id='word_1_814' title='bbox 2432 5364 2597 5414; x_wconf 89' lang='grc' dir='ltr'>ταῦτα</span> <span class='ocrx_word' id='word_1_815' title='bbox 2662 5355 2834 5415; x_wconf 76' lang='grc' dir='ltr'>πάντα</span> <span class='ocrx_word' id='word_1_816' title='bbox 2919 5356 3317 5438; x_wconf 78' lang='grc' dir='ltr'>ὁμολογεῖσθαι,</span> <span class='ocrx_word' id='word_1_817' title='bbox 3354 5364 3412 5420; x_wconf 88' lang='lat' dir='ltr'><strong>Ei</strong></span> <span class='ocrx_word' id='word_1_818' title='bbox 3441 5360 3496 5418; x_wconf 76' lang='grc' dir='ltr'>δὲ</span> <span class='ocrx_word' id='word_1_819' title='bbox 3548 5366 3711 5418; x_wconf 81' lang='grc' dir='ltr'>ταῦτα</span> <span class='ocrx_word' id='word_1_820' title='bbox 3763 5357 3861 5432; x_wconf 79' lang='grc' dir='ltr'>μὲν</span> 
     </span>
    </p>
   </div>
   <div class='ocr_carea' id='block_1_115' title="bbox 2216 5443 3861 5533">
    <p class='ocr_par' dir='ltr' id='par_1_115' title="bbox 2216 5443 3861 5533">
     <span class='ocr_line' id='line_1_115' title="bbox 2216 5443 3861 5533; baseline -0.001 -30"><span class='ocrx_word' id='word_1_821' title='bbox 2216 5447 2387 5503; x_wconf 81' lang='grc' dir='ltr'>πάντα</span> <span class='ocrx_word' id='word_1_822' title='bbox 2416 5443 2477 5501; x_wconf 76' lang='grc' dir='ltr'><strong>ἐκ</strong></span> <span class='ocrx_word' id='word_1_823' title='bbox 2519 5444 2723 5533; x_wconf 80' lang='grc' dir='ltr'>Πατρὸς</span> <span class='ocrx_word' id='word_1_824' title='bbox 2754 5447 2841 5502; x_wconf 85' lang='grc' dir='ltr'><strong>καὶ</strong></span> <span class='ocrx_word' id='word_1_825' title='bbox 2871 5448 2991 5503; x_wconf 71' lang='grc' dir='ltr'><strong>ι’ἱοῦ</strong></span> <span class='ocrx_word' id='word_1_826' title='bbox 3018 5447 3389 5533; x_wconf 68' lang='grc' dir='ltr'>ὁμολογεῖται,</span> <span class='ocrx_word' id='word_1_827' title='bbox 3433 5453 3513 5524; x_wconf 49' lang='grc' dir='ltr'><strong>διὸ</strong></span> <span class='ocrx_word' id='word_1_828' title='bbox 3567 5447 3623 5505; x_wconf 78' lang='grc' dir='ltr'><strong>δὲ</strong></span> <span class='ocrx_word' id='word_1_829' title='bbox 3689 5467 3861 5526; x_wconf 90' lang='grc' dir='ltr'>προσ-</span> 
     </span>
    </p>
   </div>
   <div class='ocr_carea' id='block_1_116' title="bbox 2218 5530 3861 5619">
    <p class='ocr_par' dir='ltr' id='par_1_116' title="bbox 2218 5530 3861 5619">
     <span class='ocr_line' id='line_1_116' title="bbox 2218 5530 3861 5619; baseline 0.004 -28"><span class='ocrx_word' id='word_1_830' title='bbox 2218 5535 2342 5615; x_wconf 78' lang='grc' dir='ltr'>εχὲς</span> <span class='ocrx_word' id='word_1_831' title='bbox 2386 5535 2474 5592; x_wconf 86' lang='grc' dir='ltr'><strong>καὶ</strong></span> <span class='ocrx_word' id='word_1_832' title='bbox 2528 5530 2706 5611; x_wconf 76' lang='grc' dir='ltr'>πόρῥω</span> <span class='ocrx_word' id='word_1_833' title='bbox 2748 5534 2932 5614; x_wconf 80' lang='grc' dir='ltr'>χώραν</span> <span class='ocrx_word' id='word_1_834' title='bbox 3002 5536 3088 5594; x_wconf 82' lang='grc' dir='ltr'>ἐπὶ</span> <span class='ocrx_word' id='word_1_835' title='bbox 3154 5530 3383 5606; x_wconf 19' lang='grc' dir='ltr'>τούτοις*</span> <span class='ocrx_word' id='word_1_836' title='bbox 3429 5542 3520 5598; x_wconf 76' lang='grc' dir='ltr'>οὒκ</span> <span class='ocrx_word' id='word_1_837' title='bbox 3575 5537 3692 5619; x_wconf 76' lang='grc' dir='ltr'>ἔχει</span> <span class='ocrx_word' id='word_1_838' title='bbox 3742 5534 3861 5598; x_wconf 73' lang='grc' dir='ltr'>τοῖς</span> 
     </span>
    </p>
   </div>
   <div class='ocr_carea' id='block_1_117' title="bbox 2220 5620 3863 5711">
    <p class='ocr_par' dir='ltr' id='par_1_117' title="bbox 2220 5620 3863 5711">
     <span class='ocr_line' id='line_1_117' title="bbox 2220 5620 3863 5711; baseline -0.008 -18"><span class='ocrx_word' id='word_1_839' title='bbox 2220 5620 2458 5681; x_wconf 61' lang='grc' dir='ltr'>εὐσεϐεῖν</span> <span class='ocrx_word' id='word_1_840' title='bbox 2515 5621 2866 5701; x_wconf 69' lang='grc' dir='ltr'>αἱρουμένοις.</span> <span class='ocrx_word' id='word_1_841' title='bbox 2946 5628 3131 5684; x_wconf 79' lang='grc' dir='ltr'>σκόπει</span> <span class='ocrx_word' id='word_1_842' title='bbox 3176 5629 3293 5687; x_wconf 80' lang='grc' dir='ltr'>οἶόν</span> <span class='ocrx_word' id='word_1_843' title='bbox 3336 5652 3419 5687; x_wconf 89' lang='grc' dir='ltr'><strong>σοι</strong></span> <span class='ocrx_word' id='word_1_844' title='bbox 3489 5630 3651 5711; x_wconf 71' lang='grc' dir='ltr'>κρίμα</span> <span class='ocrx_word' id='word_1_845' title='bbox 3692 5624 3863 5706; x_wconf 68' lang='grc' dir='ltr'>ἐπήρ-</span> 
     </span>
    </p>
   </div>
  </div>
