4142 6286
251 310 358 379 101

1440 310 1540 381 DE
1572 312 1866 380 UNIONE
1896 308 2446 378 ECCLESIARUM.

3523 309 3637 375 102

252 468 409 513 τηται
482 446 810 526 προϐλὴσεις
868 448 1044 528 πόρρω
1110 452 1198 505 καὶ
1274 461 1570 529 προσεχεῖς
1629 446 1904 505 ἀναπλάτ-

2010 443 2215 506 nineat
2236 446 2528 526 judicium
2564 446 2989 526 productiones
3021 449 3374 530 longinquas
3401 461 3458 509 et
3488 466 3626 509 con-

252 557 417 617 τοντι.
456 536 548 595 Ἐν
575 538 737 616 ἑτέρῳ
766 538 931 596 πάλιν
959 538 1132 617 λέγεις
1174 537 1514 616 συλλογισμῷ
1549 557 1563 573 ’

332 615 418 700 μ’.
476 650 504 681 ‹
566 615 733 707 Εἴπερ
805 630 842 699 ή
915 628 972 685 ἐκ
1026 615 1117 687 τοῦ
1193 615 1391 706 Πατρὸς
1457 627 1760 706 ἐκπόρευσις
1817 636 1909 685 τοῦ

255 713 405 792 ἂγίυυ
472 716 779 791 Πνεύματος
852 715 1089 792 ἐντελής,
1142 717 1361 795 περιττὴ
1418 715 1516 795 ἄρα
1585 719 1620 784 ἡ
1690 716 1751 772 ἐκ
1819 717 1910 770 τοῦ

255 805 401 864 Ποῦ.
458 825 484 859 ι
910 862 919 867 -

338 889 492 948 Ἀλλ’
524 891 691 964 ἡμεῖς
722 892 907 950 ἐκεῖνά
950 915 1031 950 σοι
1102 895 1233 972 πρὸς
1279 903 1444 953 ταῦτα
1486 895 1656 950 εἰπεῖν
1686 893 1905 974 ἔχομεν,

255 979 308 1045 ἐξ
364 982 442 1036 ὦν
483 979 552 1036 δι’
606 980 711 1059 ἔριν
771 983 913 1038 εἶναι
984 985 1342 1060 γνωσθήσεται
1399 984 1495 1049 τὴν
1543 987 1642 1051 τῆς
1673 980 1911 1049 Ἐκκλη-

256 1091 375 1135 σιας
445 1069 720 1127 διάσ-ασιν
772 1084 889 1135 τοῖς
958 1078 1222 1150 νυυνεχῶς
1267 1070 1659 1133 ἐπιϐάλλουσιν,
1711 1073 1767 1129 Εἰ
1814 1075 1912 1151 γὰρ

256 1160 342 1213 διὰ
413 1167 474 1213 τὸ
543 1157 747 1215 τέλειον
812 1160 909 1227 τῆς
984 1158 1043 1214 ἐκ
1109 1166 1202 1215 τοῦ
1273 1161 1472 1236 Πατρὸς
1556 1159 1909 1235 ἐκπορεύσεως

260 1247 521 1325 περιττὴν
554 1249 700 1304 εἶναι
771 1246 945 1327 λέγεις
1013 1248 1110 1316 τὴν
1164 1249 1225 1304 ἐκ
1264 1251 1356 1305 τοῦ
1405 1251 1524 1304 Υίού
1581 1246 1906 1328 ἐκπόρευσιν,

257 1337 308 1389 τί
340 1337 405 1391 σὺ
436 1334 761 1413 ἀπολογήσῃ
814 1350 935 1399 τοῖς
979 1336 1147 1410 ἐροῦσι
1195 1359 1299 1411 σοι,
1343 1337 1496 1415 εἴπερ
1539 1338 1573 1404 ἡ
1614 1336 1675 1393 ἐκ
1708 1340 1908 1415 Πατρὸς

256 1425 497 1504 χορηγία
550 1435 646 1484 τοῦ
741 1427 892 1503 ἆγιου
920 1500 938 1504 Α
987 1426 1291 1500 Πνεύματος
1335 1424 1574 1498 ἐντελὴς,
1661 1428 1908 1503 περιττὴν

468 1516 532 1569 ὲκ
588 1521 682 1570 τοῦ
715 1500 856 1573 rios.
918 1500 1029 1571 ΙὈτι
1099 1515 1199 1593 γὰρ
1237 1516 1323 1570 καὶ
1391 1513 1563 1570 τελεία
1619 1517 1653 1582 ἡ
1691 1514 1751 1570 ἐκ
1793 1522 1908 1571 Πα-

256 1605 384 1681 τρὸς
451 1604 690 1682 χορηγία
759 1610 852 1660 τοῦ
907 1605 1055 1682 ἁγίου
1111 1605 1432 1678 Πνεύματος,
1491 1606 1579 1659 καὶ
1662 1603 1807 1678 ὅμως
1852 1606 1911 1661 οὗ

1990 532 2184 593 tinuas
2201 533 2765 595 comminiscentiln
2779 536 2892 597 alio
2907 537 3462 617 rursussyllogismo
3477 536 3634 598 infis:

2071 624 2175 685 40.
2216 646 2238 679 (ι
2278 621 2338 685 Si
2365 642 2432 684 ex
2468 622 2640 685 Patre
2677 625 2978 703 processio
3012 626 3266 707 Spiritus
3299 627 3485 689 sancti
3511 645 3641 708 per-

2000 709 2148 773 fecta
2179 719 2290 793 est,
2326 729 2761 793 supervacanea
2792 713 2974 792 igitur
3004 717 3118 776 erit
3147 736 3216 778 ex
3248 716 3419 779 Filio.
3459 739 3483 775 ι

2078 887 2193 949 Sed
2230 908 2337 951 nos
2383 890 2548 951 hisce
2611 891 2723 951 luis
2770 892 2869 952 illa
2901 894 3267 972 respondere
3302 913 3634 975 possumus.

1995 977 2211 1057 quibus
2242 988 2482 1059 propter
2521 980 2961 1041 contentionem
2992 982 3300 1044 dissidium
3354 984 3638 1046 Ecclesia;

1993 1066 2397 1127 introductum
2434 1070 2969 1141 esse,manifestum
2990 1071 3103 1131 erit
3133 1071 3336 1153 iis,qui
3364 1083 3638 1135 accurate

1993 1173 2120 1216 rem
2154 1156 2547 1236 perpendent.
2585 1156 2850 1238 Namque
2869 1159 2917 1219 si
2951 1168 3191 1239 propter
3212 1180 3278 1221 cx
3303 1166 3468 1224 Patre
3501 1181 3635 1243 pro-

1991 1245 2282 1306 cessionis
2317 1247 2664 1325 perfectum,
2719 1266 3232 1326 superxacaneum
3290 1269 3422 1312 esse
3470 1252 3637 1314 ducis

1993 1334 2434 1412 processionem
2470 1354 2535 1395 ex
2574 1336 2744 1415 Filio,
2779 1337 2919 1417 quid
2952 1339 3343 1418 respondebis
3374 1340 3634 1402 interro-

1988 1424 2288 1501 gantibus,
2326 1422 2375 1484 si
2408 1442 2477 1486 ex
2520 1427 2694 1488 Patre
2737 1424 2991 1506 Spiritus
3023 1427 3209 1489 sancti
3240 1431 3634 1511 suppeditatio

1994 1511 2251 1590 perfecta
2309 1521 2419 1583 est,
2483 1532 2920 1586 supervacanea
2967 1515 3146 1594 igitur
3204 1521 3318 1578 erit
3357 1537 3424 1580 ex
3464 1520 3631 1582 Filio.

1994 1600 2418 1661 Verumtamen
2453 1612 2510 1662 et
2545 1603 2863 1681 perfectam
2898 1624 3030 1667 esse
3062 1625 3132 1667 ex
3176 1611 3342 1668 Patre
3374 1606 3634 1686 Spiritus

257 1693 491 1770 περιττὴ
536 1695 623 1748 καὶ
666 1694 701 1761 ἡ
771 1692 831 1749 ἐκ
884 1700 973 1749 τοῦ
1029 1695 1149 1751 Υἱοῦ
1191 1691 1276 1748 διὰ
1318 1695 1415 1760 τὴν
1438 1691 1749 1758 τελειότητα
1807 1697 1906 1761 τὴν

2010 1689 2174 1748 sancti
2204 1689 2766 1769 suppeditatiouem,
2804 1702 2861 1754 et
2884 1693 3267 1756 nihilominus
3291 1716 3405 1757 non
3430 1716 3627 1777 supcr-

256 1784 319 1837 ὲκ
368 1792 465 1841 τοῦ
495 1783 725 1860 Πατρὸς,
772 1779 1149 1861 ἀναμφίϐολον,
1214 1783 1288 1837 Σύ
1316 1780 1392 1852 δὲ,
1426 1784 1469 1837 εἰ
1514 1783 1610 1857 μὲν
1639 1785 1741 1862 οὔχ
1771 1786 1910 1859 ὁμο-

258 1868 450 1945 λογεῖς
525 1871 612 1926 καὶ
675 1869 735 1927 ἐκ
792 1872 994 1950 Πατρὸς
1050 1870 1256 1927 τελείαν
1313 1871 1454 1926 εἶναι
1500 1872 1595 1939 τὴν
1650 1872 1912 1951 χορηγίαν

257 1966 350 2015 τοῦ
409 1961 742 2035 Πνεύματος,
804 1962 892 2015 καὶ
972 1967 1064 2015 τοῦ
1118 1962 1239 2018 Υἷοῦ
1294 1957 1349 2014 δὲ
1418 1961 1637 2035 ὁμοίως,
1695 1962 1782 2016 καὶ
1836 1961 1913 2035 μὴ

260 2050 536 2125 περιττὴν,
597 2048 736 2105 οὕτω
790 2049 859 2105 τὰ
914 2050 1130 2128 περιττὰ
1182 2049 1278 2116 τῆς
1349 2050 1483 2104 κατὰ
1562 2050 1622 2104 σὲ
1663 2054 1913 2128 περιττῆς

265 2136 631 2215 ἑκπορεύσεως
686 2136 839 2194 λάλει
875 2154 888 2168 ’
937 2140 980 2194 εἰ
1046 2135 1101 2193 δὲ
1148 2139 1235 2194 καὶ
1289 2139 1389 2205 τὴν
1440 2138 1500 2194 ἐκ
1553 2140 1647 2195 τοῦ
1712 2140 1912 2216 Πατρὸς

264 2229 535 2306 χορηγίαν
604 2229 698 2284 τοῦ
766 2228 917 2305 ἁγὶου
987 2228 1289 2302 Πνεῦματος
1344 2226 1544 2284 τελείαν
1602 2226 1911 2304 ὁμολογεῖς,

260 2318 347 2371 καὶ
409 2315 471 2370 ἐκ
527 2324 623 2373 τοῦ
684 2317 808 2373 Υἷοῦ
883 2314 935 2371 δὲ
1020 2315 1222 2373 τελείαν
1283 2315 1440 2397 δέχῃ,
1498 2319 1586 2374 καὶ
1666 2317 1916 2395 περιττὴν

262 2404 409 2459 εἶναι
455 2408 516 2463 οὗ
567 2404 770 2483 λέγεις,
829 2405 922 2461 ἵνα
964 2406 1042 2481 μὴ
1084 2406 1205 2468 τούς
1232 2406 1733 2473 Έκκλησιαστ.κούς
1754 2408 1919 2485 ὑπερ-

260 2492 405 2571 ϐἱ,σῃ
437 2494 592 2572 ὅρους
642 2514 656 2529 ’
737 2496 956 2574 περιττά
1037 2517 1119 2553 σοι
1172 2494 1357 2553 λοιπὸν
1402 2497 1468 2552 τὰ
1521 2502 1620 2563 τῆς
1668 2500 1917 2568 περιττῆς

262 2581 648 2660 ἐκπορεύσεως.
716 2573 753 2596 υ
782 2592 971 2663 Ετερος
1007 2590 1113 2640 τῶν
1156 2591 1263 2640 σῶν
1306 2584 1447 2663 Λέγει
1494 2584 1862 2663 συλλογισμῶν
1894 2603 1910 2620 ο

347 2840 467 2924 μα’.
507 2873 537 2904 α
598 2852 659 2907 Et
710 2847 1063 2928 προϐάλλεται
1094 2852 1193 2927 μὲν
1220 2855 1306 2910 καὶ
1361 2855 1389 2909 ὁ
1441 2854 1583 2926 Υἱὸς,
1614 2853 1677 2908 τὸ
1706 2858 1915 2926 Πνεῦμα

264 2935 321 2993 δὲ
391 2943 492 3005 τῆς
578 2936 847 3018 προϐολῆς
934 2941 1307 3020 ἀπεστέρηται,
1393 2940 1799 3020 καταδεεστέρας
1857 2938 1919 2995 ἂν

275 3025 368 3093 εἴη
401 3037 558 3087 τοῦτο
616 3028 761 3106 παρὰ
816 3031 910 3085 τὸν
968 3031 1089 3086 Υἱὸν
1144 3028 1435 3107 δυνάμεως,
1493 3032 1520 3088 ὃ
1548 3033 1645 3098 τῆς
1677 3027 1922 3087 Μακεδο-

271 3116 381 3172 vico
411 3118 816 3197 παραφροσύνης
827 3164 840 3179 ,
891 3142 918 3174 ι
1171 3172 1181 3179 ,

352 3205 575 3264 Ἐκεῖνά
644 3228 727 3263 σοι
770 3209 983 3273 πάντως
1032 3210 1111 3274 τίς
1159 3211 1456 3291 ἀνατροπὴν
1502 3210 1590 3267 καὶ
1638 3211 1731 3266 τοῦ
1777 3230 1921 3286 παρ·-

274 3292 427 3357 όντος
499 3295 804 3376 ἀποχρήσει
890 3296 1266 3379 συλλογισμοῦ,
1346 3301 1478 3380 ἅπερ
1552 3300 1623 3361 είς
1681 3297 1776 3364 τὴν
1833 3302 1926 3353 τοῦ

273 3384 487 3461 πρώτου
552 3406 636 3440 σοι
703 3390 809 3442 τῶν
879 3384 1272 3466 συλλογισμῶν.
1322 3386 1468 3445 Ἐπεὶ
1521 3389 1620 3466 γὰρ
1666 3387 1925 3442 κάνταῦθα

272 3472 452 3529 έκεῖνο
481 3472 723 3552 ἄντικρυς
778 3473 971 3553 λέγεις,
1033 3477 1129 3549 ὡς,
1175 3478 1219 3532 εἷ
1289 3476 1349 3532 ἐκ
1405 3478 1606 3555 Ila-cpi):
1661 3476 1748 3531 καὶ
1805 3478 1925 3531 Υἱοῦ

270 3559 507 3641 ὑπάρχει
570 3563 633 3618 τὸ
711 3569 948 3644 Πνευμα,
1035 3566 1078 3621 εἰ
1147 3565 1225 3640 μῆ
1285 3568 1373 3623 καὶ
1433 3565 1484 3632 ἐξ
1538 3564 1694 3621 αὑτοῦ
1748 3562 1923 3643 ἕτερον

270 3662 479 3726 πνεῦμα
564 3649 813 3732 ὑπάρχει,
900 3652 1306 3733 καταδεεστέρας
1407 3655 1470 3710 ἂν
1580 3651 1661 3710 εἴν
1769 3655 1922 3710 τοῦτο

272 3742 419 3819 παρὰ
497 3739 593 3796 τόν
681 3744 799 3798 Υἱὸν
868 3742 1137 3819 animo);
1173 3790 1188 3804 .
1274 3744 1511 3808 ἆκούσεις
1595 3743 1682 3799 καὶ
1762 3741 1922 3798 πάλιν

271 3830 343 3894 ὡς
428 3833 491 3888 οὗ
573 3830 695 3887 τότε
756 3831 916 3906 μόνον
971 3834 1033 3887 τὸ
1089 3830 1284 3889 ἄτοπον
1343 3831 1689 3902 ἀκολουθήσει
1740 3852 1917 3905 τουτο,

272 3918 354 3974 ὅτι
398 3916 756 3999 προϐάλλεται
786 3920 881 3993 μὲν
935 3923 1022 3977 καὶ
1072 3923 1101 3977 ὁ
1131 3920 1251 3984 Υὶός
1296 3923 1357 3979 τὸ
1408 3927 1640 3996 Πνεῦμα,
1687 3920 1812 3976 αὐτὸ
1866 3917 1921 3974 δὲ

274 4013 371 4073 τῆς
417 4005 691 4086 προϐολῆς
748 4008 1125 4089 ἀπεστέρηται,
1170 4008 1306 4069 ἀλλὰ
1346 4012 1434 4067 καὶ
1480 4009 1560 4067 ὅτι
1604 4010 1702 4086 μὲν
1744 4012 1772 4065 ὀ
1804 4009 1920 4071 Υἱὸς

275 4095 565 4173 ἐκπέμπει,
638 4097 727 4153 καὶ
793 4111 1017 4177 προχετ,
1089 4100 1178 4154 καὶ
1245 4096 1503 4173 ὲχλόιμπει
1552 4100 1614 4155 τὸ
1684 4099 1916 4172 Πνεῦμα,

276 4188 402 4244 οὔτε)
449 4183 506 4240 δὲ
561 4184 667 4241 οὗθ’
738 4186 892 4242 ἑαυτὸ
953 4185 1059 4243 οὗθ’
1129 4185 1303 4267 ἕτερον
1360 4194 1573 4263 Πνεῦμα
1631 4185 1913 4263 ἐκπέμπει,

1994 1795 2307 1868 vacaaeam
2364 1800 2430 1841 ex
2478 1781 2648 1855 Filio,
2699 1793 2943 1862 propter
2972 1786 3423 1864 perfectionem,
3456 1808 3628 1868 quam

1995 1883 2063 1925 ex
2087 1864 2255 1928 Patre
2285 1868 2479 1939 habet,
2515 1870 2911 1932 indubitatum
2946 1883 3058 1934 est.
3113 1874 3199 1935 Tu
3233 1895 3409 1954 porro
3438 1864 3488 1937 si
3518 1897 3632 1938 non

1995 1953 2196 2017 fateris
2230 1968 2287 2017 et
2323 1978 2389 2019 ex
2414 1957 2583 2019 Patre
2604 1962 2917 2040 perfectam
2940 1981 3073 2024 esse
3095 1953 3631 2043 suppeditationem

1996 2044 2272 2123 Spiritus,
2307 2056 2364 2107 ct
2390 2046 2522 2107 Filii
2555 2067 2691 2109 vero
2723 2050 3003 2111 similiter
3031 2061 3087 2111 et
3118 2071 3232 2113 nou
3282 2073 3638 2133 supervaca-

1997 2150 2194 2205 neam,
2231 2144 2351 2195 tum
2384 2147 3166 2216 supervacaneasecundum
3194 2152 3250 2204 te
3281 2161 3634 2223 supervaca-

1998 2240 2129 2284 neae
2178 2227 2575 2303 processionis
2628 2229 2827 2290 eﬂ'are.
2901 2229 3068 2302 Quod
3130 2231 3180 2292 si
3232 2242 3289 2293 ut
3347 2251 3413 2294 ex
3471 2233 3640 2295 Patre

1998 2312 2254 2401 Spiritus
2287 2316 2472 2377 sancti
2507 2318 3042 2397 suppeditationem
3069 2322 3388 2401 perfectam
3412 2324 3636 2398 fateris,

2002 2408 2061 2461 et
2090 2419 2159 2463 ex
2191 2400 2338 2463 Filio
2361 2405 2535 2465 etiam
2563 2406 2879 2483 perfectam
2911 2400 3144 2489 recipis,
3193 2418 3250 2470 et
3280 2429 3639 2491 supervacan-

2000 2508 2172 2551 neam
2205 2510 2337 2553 esse
2367 2512 2484 2555 non
2544 2494 2718 2569 dicis,
2781 2516 2856 2559 ne
2887 2498 3320 2561 ecclesiasticos
3351 2500 3639 2562 terminos

1997 2580 2657 2658 egrediaris,remanent
2689 2585 2791 2646 tibi
2822 2606 3275 2668 supervacanea:
3302 2589 3637 2668 processio-

1996 2669 2093 2731 nis
2136 2688 2584 2750 supervacanea:
2638 2677 2961 2753 argutiola.
3015 2677 3180 2738 Alius
3212 2694 3281 2738 ex
3315 2678 3429 2740 tuis
3457 2680 3639 2759 syllo-

1996 2777 2203 2836 gismis
2234 2780 2248 2820 :

2082 2849 2177 2909 41.
2219 2849 2315 2911 «Si
2347 2850 2618 2928 producit
2638 2852 2881 2931 quidem
2906 2860 2964 2913 et
2994 2852 3200 2934 Filius,
3229 2854 3483 2932 Spiritus
3504 2874 3641 2917 vero

2004 2938 2391 3018 productione
2451 2940 2746 3012 viduatur,
2813 2941 3104 3003 tenuioris
3150 2952 3308 3004 esset
3347 2944 3642 3006 facultatis

2001 3045 2175 3107 quam
2209 3027 2417 3101 Filius,
2443 3029 2595 3110 quod
2624 3029 2733 3090 fuit
2762 3029 3091 3092 Macedonii
3119 3031 3637 3096 deliramentum.»

2082 3201 2189 3264 Illa
2216 3204 2321 3265 tibi
2348 3211 2419 3267 ad
2466 3206 2858 3268 refellendum
2890 3207 3045 3267 hunc
3076 3207 3475 3288 syllogismum
3510 3210 3649 3271 satis

2007 3308 2303 3374 superque
2361 3296 2597 3369 fuerint,
2654 3316 2786 3376 quae
2835 3298 2907 3358 ad
2972 3296 3226 3377 primum
3276 3305 3435 3357 tuum
3468 3299 3649 3360 refel-

2005 3377 2245 3440 lendum
2274 3382 2649 3444 adduximus.
2685 3387 2834 3446 Cum
2866 3402 3005 3445 vero
3047 3384 3220 3445 etiam
3265 3385 3378 3446 hoc
3427 3384 3485 3447 in
3518 3385 3648 3448 loco

2004 3476 2207 3556 aperte
2226 3470 2404 3531 nimis
2434 3472 2724 3549 insinuas,
2751 3474 2801 3534 si
2833 3492 2900 3535 ex
2936 3472 3104 3535 Patre
3134 3484 3191 3534 et
3212 3473 3361 3536 Filio
3392 3483 3480 3539 est
3510 3477 3646 3556 Spi-

2002 3555 2152 3616 ritus
2184 3566 2447 3634 sanctus,
2480 3561 2529 3621 si
2581 3579 2650 3621 ex
2713 3561 2923 3623 eodem
2967 3562 3144 3624 etiam
3194 3562 3344 3623 alius
3397 3555 3651 3643 Spiritus

2003 3662 2122 3706 non
2175 3655 2285 3721 est,
2349 3650 2638 3711 tenuioris
2686 3651 2851 3712 illum
2884 3652 3141 3712 futurum
3174 3650 3485 3726 facultatis,
3510 3653 3652 3712 audi

2003 3752 2238 3815 quoque
2269 3736 2510 3799 iterum.
2544 3738 2667 3800 Hoc
2704 3740 3028 3802 absurdum
3074 3759 3193 3801 non
3227 3740 3501 3821 sequitur
3550 3758 3650 3802 so-

2002 3823 2153 3903 lum,
2180 3845 2311 3885 cum
2334 3829 2606 3907 producit
2635 3830 2946 3909 Spiritum,
2997 3830 3203 3903 Filius,
3225 3831 3481 3909 Spiritus
3509 3848 3650 3891 vero

2004 3914 2398 3991 productione
2430 3918 2710 3999 privatur,
2769 3919 2873 3980 sed
2907 3926 3029 3979 tum
3060 3918 3265 3991 etiam,
3299 3937 3431 3980 cum
3463 3917 3652 3980 Filius

2006 4001 2208 4078 mittit,
2261 4006 2528 4083 effundit,
2590 4016 2647 4069 et
2700 4008 2985 4070 eluminat
3041 4007 3655 4088 Spirituszpiritus

2002 4106 2142 4151 vero
2167 4110 2358 4172 neque
2380 4112 2444 4156 se
2463 4094 2655 4175 ipsum
2691 4114 2883 4176 neque
2902 4096 3085 4157 alium
3109 4096 3393 4175 Spiritum
3418 4095 3652 4176 emittit,

2003 4197 2198 4260 neque
2221 4182 2496 4258 etfondit,
2530 4203 2725 4266 neque
2755 4186 3058 4248 eluminat.
3086 4184 3222 4245 Haec
3255 4184 3413 4245 enim
3447 4185 3651 4245 omnia

278 4274 393 4331 οὔτε
426 4286 652 4352 προχεϊ,
714 4272 830 4331 οὔτε
885 4272 1170 4351 ἐκλάμπει,
1230 4283 1405 4335 Ταῦτα
1460 4278 1560 4356 γὰρ
1615 4277 1785 4333 πάντα
1869 4274 1918 4340 ἐξ

2010 4287 2078 4331 ex
2112 4270 2262 4331 Filio
2314 4271 2624 4352 possidens
2674 4273 2953 4354 Spiritus,
3003 4283 3277 4352 tanquam
3312 4271 3414 4351 qui
3470 4289 3539 4330 ea
3587 4290 3655 4331 ex

272 4366 400 4420 ῒὶοῦ
624 4342 687 4419 τὸ
742 4366 976 4441 Πνεῦμα,
1018 4342 1108 4431 ’ὡς
1164 4365 1226 4421 ἐκ
1280 4342 1486 4446 Πατρὸς
1533 4342 1606 4421 ¹’δι’
1636 4368 1756 4421 Υἱοῦ
1798 4364 1918 4445 ἔχον

2010 4357 2159 4421 Filio
2182 4342 2451 4435 habet,ut
2475 4342 2808 4424 nostrarum
2832 4342 3269 4441 Scripturarum
3302 4342 3653 4420 auctoritate

279 4453 432 4523 αὗτᾶ,
492 4452 632 4508 κατὰ
688 4452 872 4520 κοινὴν
926 4459 1032 4509 τῶν
1087 4454 1215 4533 παρ’
1257 4455 1418 4535 ἡμῖν,
1462 4460 1676 4535 γραφῶν
1726 4453 1918 4511 ἔννοιαν

2013 4448 2416 4535 confirmatur,
2452 4450 2598 4510 nulli
2640 4450 3005 4529 indigentiae,
3041 4467 3172 4529 quae
3200 4447 3480 4508 facultate
3526 4447 3660 4509 Filii

276 4539 624 4618 ὡμολόγηται
668 4538 929 4616 μηδεμίαν
975 4540 1170 4599 ἔνδειαν
1224 4549 1325 4611 τῆς
1361 4534 1455 4601 τοῦ
1503 4534 1623 4599 Υἱοῦ
1662 4541 1918 4618 δυνάμεως

2011 4534 2261 4620 inferior
2278 4538 2374 4609 sit,
2401 4538 2737 4618 subjicitur,
2762 4540 2915 4618 quod
2943 4555 3137 4619 neque
3162 4536 3290 4617 ipse
3308 4551 3375 4599 ex
3411 4554 3477 4597 se
3501 4535 3656 4616 ipso,

279 4629 512 4708 πάσχειν
545 4647 563 4662 ⁸
624 4628 707 4685 ὅτι
792 4630 870 4705 μὴ
934 4632 1022 4687 καὶ
1069 4631 1195 4689 αὐτὸ
1260 4631 1312 4698 ἐξ
1352 4632 1536 4692 ἑαυτοῦ
1588 4631 1624 4698 ἢ
1670 4629 1844 4710 ἕτερον
1876 4630 1931 4697 ἒξ

277 4720 434 4774 who}
504 4720 618 4774 han
680 4724 895 4794 Πνεῦμα
975 4718 1403 4801 ἐκπεμπόμενον,
1474 4722 1562 4777 καὶ
1634 4718 1929 4795 ἐκλάμπον,

214 4846 221 4852 -
275 4809 363 4864 καὶ
405 4807 797 4887 προχεόμενον.
870 4809 978 4866 Οὐκ
1030 4805 1144 4887 ¹σ’ἱρςιι
1216 4808 1322 4869 οὔδ’
1367 4809 1447 4866 ὅτι
1510 4809 1572 4866 ἐκ
1621 4810 1824 4886 Πατρὸς
1865 4805 1932 4863 δι’

280 4900 400 4956 Υἱοῦ
458 4892 848 4978 προϐέϐληται,
894 4897 1024 4955 αὐτὸ
1081 4896 1135 4955 δὲ
1189 4904 1288 4967 τῆς
1322 4895 1589 4978 προϐολῆς
1632 4896 1932 4977 ἆπεστὶρη-

279 5008 387 5065 ται,
463 4982 885 5049 καταδεεστέοας
941 4988 1085 5066 παρὰ
1124 4989 1216 5045 τὸν
1274 4989 1393 5044 Υἱὸν
1436 4986 1704 5063 δυνάμεως
1761 4984 1928 5048 ἔσται,

280 5077 570 5154 Προστὶθης
600 5087 724 5139 τοῖς
766 5072 951 5140 ἄλλοις
993 5078 1083 5133 καί
1108 5080 1283 5135 τοῦτο’

356 5155 473 5240 μβ’.
512 5186 542 5219 α
576 5166 637 5222 Εἰ
691 5164 792 5241 μὲν
849 5166 950 5233 τὴν
988 5166 1153 5234 αὐτὴν
1193 5164 1460 5247 προϐολὴν
1497 5166 1614 5247 ἔχει
1644 5166 1736 5223 τοῦ
1765 5164 1932 5222 Πνεῦ-

284 5275 442 5317 υατος
484 5256 515 5310 ὁ
570 5254 693 5318 Υἱὸς
753 5261 833 5329 τῷ
889 5256 1076 5337 Πατρὶ,
1106 5260 1259 5324 κοινή
1303 5257 1505 5320 τούτοις
1536 5257 1573 5327 ή
1605 5260 1704 5323 τῆς
1733 5253 1931 5334 προϐο-

284 5340 378 5409 λί,ς
442 5341 668 5411 ἰδιότης.
718 5346 822 5402 Καὶ
878 5350 994 5410 πιῖις
1023 5343 1168 5402 ἔσται
1197 5346 1259 5402 τὸ
1289 5347 1465 5403 κοινὸν
1509 5342 1714 5413 ιδιότης
1741 5363 1758 5425 ς
1794 5346 1850 5402 Εἰ
1877 5344 1932 5401 δὲ

283 5432 377 5497 τήν
417 5432 675 5507 ἐναντίαν,
740 5437 862 5497 πῶς
919 5432 981 5491 οὗ
1020 5434 1211 5514 φθείρει
1251 5434 1448 5502 ταύτην
1507 5433 1719 5509 ἐκείνη;
1753 5437 1931 5513 Φθαρ-

287 5521 400 5576 τικέι
580 5520 837 5594 ἁλλήλων
890 5523 956 5578 τὰ
1013 5522 1242 5582 ἐναντία.
1286 5524 1344 5580 Εἰ
1401 5522 1461 5579 δὲ
1491 5523 1744 5602 ἐτεροίαν,
1779 5521 1937 5602 μέρος

288 5608 381 5687 μὲν
425 5621 516 5671 τοῦ
569 5613 888 5689 Πνεύματος
950 5611 1110 5686 οὕτω,
1180 5611 1337 5692 μέρος
1397 5610 1451 5668 δὲ
1519 5612 1710 5692 τρόπον
1781 5610 1938 5669 ἄλλον

1982 4638 2211 4706 'neque
2241 4627 2392 4688 alius
2422 4645 2489 4688 ex
2524 4646 2593 4689 eo
2625 4627 2880 4707 Spiritus
2910 4635 3001 4689 est
3031 4625 3268 4698 missus,
3310 4633 3366 4686 et
3389 4624 3658 4700 elucens,

2017 4722 2074 4775 et
2106 4714 2351 4777 effusus.
2386 4714 2514 4777 Non
2560 4715 2743 4795 igitur
2799 4733 2994 4796 neque
3041 4733 3175 4776 cum
3227 4733 3294 4775 ex
3328 4712 3498 4775 Patre
3559 4732 3665 4793 per

2013 4801 2227 4865 Filium
2264 4804 2771 4885 producitur,ipse
2787 4824 2925 4866 vero
2962 4803 3349 4886 productione
3378 4801 3659 4884 privatur,

2016 4893 2306 4955 tenuioris
2334 4912 2512 4975 quam
2546 4893 2732 4957 Filius
2768 4892 3064 4957 facultatis
3114 4892 3249 4955 erit.
3285 4892 3666 4955 Annectt-bas

2015 4990 2074 5044 et
2101 4982 2353 5064 reliquis
2383 4984 2508 5045 haec.
2545 5004 2558 5045 :

2096 5162 2199 5226 42.
2235 5187 2262 5217 α
2294 5161 2356 5224 Si
2387 5162 2661 5224 eamdem
2716 5160 2972 5242 Spiritus
3003 5160 3453 5243 productionem
3488 5159 3672 5222 habet

2018 5251 2202 5314 Filius
2226 5258 2403 5334 atque
2436 5254 2627 5326 Pater,
2690 5250 3021 5313 communis
3071 5251 3280 5313 horum
3313 5250 3491 5313 fuerit
3524 5268 3665 5331 pro—

2015 5339 2312 5403 ductionis
2361 5340 2733 5421 proprietas;
2766 5348 2825 5401 et
2852 5342 3150 5420 quomodo
3194 5358 3511 5401 commune
3555 5338 3669 5405 erit

2016 5427 2391 5511 proprietas?
2441 5428 2503 5491 Si
2557 5447 2697 5491 vero
2754 5428 3111 5509 oppositam,
3161 5428 3459 5510 quomodo
3518 5427 3670 5489 hanc

2016 5519 2122 5580 illa
2154 5537 2272 5580 non
2303 5517 2611 5580 destruit?
2632 5516 2941 5580 Contraria
2963 5517 3121 5578 enim
3144 5536 3326 5579 unum
3351 5517 3506 5578 aliud
3542 5534 3672 5576 cor-

2024 5606 2373 5691 rumpsit.Si
2402 5617 2656 5689 partem,
2692 5622 2831 5688 pars
2852 5624 2970 5668 una
2999 5606 3256 5687 Spiritus
3286 5606 3397 5667 bac
3416 5604 3669 5687 ratione,
