4142 6286
494 300 604 374 103

1585 315 1795 379 JOAN.
1841 313 2063 379 VECGI
2106 311 2218 374 GP.
2269 311 2784 386 PATRIABGHE

3761 315 3864 384 104

491 464 624 524 pars
651 446 828 509 modo
845 445 961 510 alio
1005 447 1310 528 procedet,
1347 458 1403 510 et
1436 466 1502 510 ex
1536 445 1927 528 inmqualibus
1960 440 2112 528 parti

2200 443 2700 526 ιὲκπορευθεὶρεται,
2775 449 2862 505 καὶ
2903 446 2955 514 ἐξ
3013 447 3204 505 ἀνίσων
3271 455 3444 528 μερῶν
3528 450 3674 508 ἕσται
3727 459 3870 510 τοῦτο

491 535 598 596 bus
635 535 751 597 erit
782 538 1168 617 compositus.
1209 563 1234 592 ι)

569 624 822 705 Sedqui,
855 625 933 686 mi
962 626 1160 698 homo,
1199 644 1315 687 non
1337 625 2135 708 vertiginelaboravit,dum-

2219 537 2588 614 συγκεὶμενον,
2629 561 2656 592 ρ

2299 621 2448 681 Ἀλλ’
2476 673 2493 700 ,
2526 625 2571 682 ὢ
2618 628 2692 691 τίς
2723 627 2819 682 οὐκ
2874 624 3163 704 ἰλιγγιᾶσει
3218 626 3523 706 ἀνατρέπειν
3551 624 3862 704 βουλόμενος

489 714 663 773 modo
689 715 842 775 hanc
875 723 1107 774 tuorum
1133 706 1618 792 argumentorum
1643 713 2115 794 compositionen

2218 713 2469 769 τοιούτων
2539 715 2976 794 ἐπιχειρημάτων
3037 716 3344 795 συνθήκηνς
3410 706 3593 796 ’Ἐφης
3642 715 3763 793 γὰρ.
3808 717 3860 771 Εἰ

486 804 744 865 refutare
774 803 833 864 in
867 803 1064 863 animo
1098 802 1814 885 halieat?Namquedicis
1843 802 1938 866 :Si
1961 820 2130 863 com-

489 892 683 953 munis
717 901 802 951 est
835 890 1023 953 Patris
1073 898 1129 952 et
1169 889 1305 952 Filii
1339 892 1744 971 productionis
1780 891 2129 972 proprietas,

485 981 782 1064 quomodo
835 979 946 1041 crit
974 998 1289 1041 commune
1313 980 1644 1061 proprietas
1664 981 1693 1040 ξ)
1720 992 1776 1042 et
1797 982 1911 1042 hoc
1941 978 2128 1041 visum

485 1079 573 1132 est
605 1071 857 1131 fortasse
909 1067 1012 1129 tibi
1065 1067 1322 1129 validum
1370 1077 1427 1130 ct
1459 1069 1764 1132 invictum.
1801 1069 1920 1148 Ego
1954 1087 2130 1149 porro

741 1157 810 1218 Et
839 1175 1091 1238 quanam
1125 1157 1353 1218 ratione
1385 1158 1639 1220 maxime
1671 1158 1990 1219 absurdum
2023 1156 2130 1218 tibi

487 1163 622 1221 dico
677 1181 688 1217 :

481 1250 732 1320 videtur,
796 1266 926 1308 esse
976 1246 1212 1326 aliquod
1271 1265 1586 1308 commune
1649 1249 1800 1309 l’atri
1863 1255 1920 1307 ct
1954 1245 2126 1310 Filio.

481 1336 718 1419 proprie
744 1336 802 1396 in
838 1333 984 1414 ipsis
1034 1334 1175 1396 sols
1223 1334 1660 1396 considi-ratum
1714 1336 1869 1416 quod
1903 1354 2019 1396 non
2055 1334 2131 1396 sit

480 1443 798 1488 commune
821 1423 1116 1504 Spiritui?
1147 1423 1256 1485 Est
1289 1423 1510 1484 etenim
1547 1443 1864 1485 commune
1899 1423 2050 1484 Patri
2074 1431 2131 1484 et

479 1516 652 1589 Filio,
699 1514 853 1594 quod
914 1511 1157 1593 Spiritui
1210 1531 1528 1574 commune
1569 1532 1684 1574 non
1719 1521 1831 1588 est,
1879 1520 1937 1574 et
1969 1513 2125 1593 quod

481 1624 597 1666 non
623 1603 824 1678 unius,
851 1601 954 1662 sed
980 1602 1227 1661 duarum
1273 1619 1656 1680 personarum
1686 1602 1796 1662 hoc
1815 1610 1926 1681 est,
1957 1619 2124 1662 com-

480 1692 886 1755 munedicitur
909 1698 1106 1751 etest:
1127 1691 1287 1768 quod
1321 1707 1454 1750 vero
1479 1690 1793 1769 prupriein
1827 1689 1947 1752 illis
1978 1708 2126 1750 con-

476 1778 1033 1856 sideratur,etillius
1051 1777 1343 1858 particeps
1358 1776 1480 1857 Spir
1500 1779 1614 1838 itus
1645 1797 1759 1839 non
1785 1777 2124 1849 est,dicitur

476 1889 680 1932 eorum
699 1869 1365 1949 proprietas,nempe,ut
1379 1885 1448 1928 eo
1468 1865 2122 1947 distinguaturSpiritus

473 1961 547 2022 ab
563 1960 1036 2022 illis.Commune
1049 1959 1206 2017 enim
1223 1957 1280 2015 in
1296 1955 1440 2035 ipsis
1452 1956 1883 2031 consideratur,
1903 1955 2121 2019 habere

473 2068 575 2112 eos
593 2047 880 2128 Spiritum
905 2065 1087 2107 unum
1117 2044 1457 2117 indivisum,
1483 2047 1638 2125 quod
1659 2043 1912 2125 Spiritus
1934 2044 2121 2106 Patris

474 2150 532 2202 et
559 2137 687 2200 Filii
712 2136 966 2217 Spiritus
990 2134 1227 2197 dicitur.
1255 2134 1369 2195 Sed
1397 2135 1634 2214 quando
1657 2155 1772 2196 non
1800 2143 1888 2196 est
1916 2143 1975 2196 et
2005 2135 2082 2196 hu
2103 2169 2119 2182 -

461 2227 848 2308 jusSpiritus
870 2224 1652 2304 Spiritus,propterea.quod
1683 2222 2122 2302 l'aterefFilius

474 2316 693 2377 habent
714 2312 1189 2393 unumSpiritum
1215 2310 1896 2392 indivisum,proprietas
1913 2331 2117 2374 eorum

472 2413 657 2479 est,et
677 2404 736 2465 iu
762 2403 874 2464 hoc
893 2400 1430 2462 communiol'atris
1443 2410 1498 2460 et
1514 2401 1729 2462 Filiiab
1745 2408 1967 2462 aeterno
1980 2401 2120 2462 dua-

476 2495 584 2554 bus
608 2492 750 2555 solis
783 2489 1052 2569 personis
1083 2487 1459 2560 insita,solvit
1479 2489 1904 2550 dubitationem
1932 2497 2113 2565 tuam,

470 2581 736 2654 Quonam
769 2587 936 2660 pacto
983 2596 1298 2638 commune
1329 2576 1442 2638 erit
1470 2578 1848 2658 proprietas?
1892 2580 2116 2642 Rursus

470 2671 626 2731 inest
656 2685 973 2731 commune
1002 2665 1152 2727 Filio
1190 2675 1248 2727 et
1294 2665 1564 2746 Spiritui.
1617 2686 1720 2728 eos
1752 2686 1868 2728 non
1891 2666 2114 2749 absque

469 2773 602 2820 ortu
635 2777 787 2828 esse,
823 2765 882 2838 et
939 2754 1241 2836 proprium
1293 2774 1498 2817 eorum
1555 2756 1794 2827 dicitur,
1839 2776 1906 2818 ex
1938 2776 2115 2820 causa

470 2848 712 2910 eosdem
735 2843 1056 2925 esse,quod
1071 2844 1132 2905 in
1153 2842 1324 2905 Patre
1341 2844 1655 2907 admittere
1678 2853 1880 2907 natura
1893 2845 2111 2908 abhor-

469 2936 759 3010 νει.ουοό
794 2935 842 2996 si
875 2944 929 2996 et
983 2943 1194 2996 testem
1230 2935 1443 3015 poscis,
1479 2934 1578 3015 qui
1610 2935 1956 3015 comprobet
1979 2935 2108 3012 tibi,

470 3026 770 3108 quomodo
799 3040 1117 3086 commune
1140 3023 1286 3085 Filio
1305 3021 2111 3103 etSpirituidicitur,duabus

2215 803 2368 872 κοινή
2427 801 2540 860 ἐστι
2603 805 2763 882 Πατρὶ
2820 804 2906 860 καὶ
2972 807 3077 878 Υἱῷ
3126 805 3161 871 ἡ
3215 810 3312 871 τῆς
3352 802 3617 884 προϐολῆς
3645 801 3854 882 ἰδὶότης,

2216 889 2329 953 πῶς
2364 889 2511 947 ἔσται
2566 893 2628 948 τὸ
2684 893 2863 950 κοινὸν
2918 889 3116 960 ἰδιότης
3144 911 3160 973 ;
3217 895 3305 949 καί
3332 891 3469 960 ἔδοξὲ
3495 916 3580 973 σοι
3603 895 3676 954 ὡς
3704 893 3857 972 ἰσχυ-

2214 978 2303 1054 ρόν
2335 1000 2384 1034 τι
2442 981 2595 1036 τοῦτο
2653 981 2796 1061 τάχα
2854 980 2942 1037 καὶ
2997 971 3215 1061 ἄμαχον
3269 982 3432 1044 ι’ίναι,
3494 971 3635 1061 Ἐγὼ
3671 979 3726 1036 δέ
3762 971 3856 1038 σοι

2213 1063 2355 1144 λέγω
2439 1074 2555 1134 πῶς
2610 1075 2718 1125 τῶν
2772 1067 2888 1125 λίαν
2946 1091 3028 1127 σοι
3072 1071 3287 1126 ἀτόπων
3317 1068 3466 1128 δοκεῖ
3493 1070 3635 1128 εἶναί
3663 1093 3711 1126 τι
3743 1091 3858 1126 κοι·

2212 1156 2300 1210 νὺν
2375 1157 2532 1235 Πατρί
2599 1158 2687 1214 καὶ
2732 1161 2861 1236 Υἰῷ,
2919 1155 3057 1224 ἰδίως
3113 1158 3296 1222 αὖτοῗς
3340 1161 3520 1234 μόνοις
3577 1159 3859 1238 ἐνθεωρούο

2214 1266 2394 1323 μενον,
2431 1247 2517 1301 καὶ
2558 1245 2637 1320 μή
2681 1247 2824 1302 εἶναι
2875 1248 3002 1302 αὐτὸ
3056 1249 3232 1304 κοινὸν
3290 1250 3375 1305 καὶ
3441 1254 3518 1322 τῷ
3561 1248 3859 1323 Πνεύματις

2219 1321 2381 1390 Ἐστι
2440 1334 2544 1412 φάρ
2613 1336 2788 1390 κοινὸν
2849 1335 3010 1414 [ἰατρὶ
3083 1337 3171 1392 καὶ
3238 1339 3366 1410 Υίῷ,
3412 1338 3440 1389 ὃ
3493 1321 3578 1412 μὴ
3635 1321 3727 1392 καὶ
3794 1341 3865 1410 τῷ

2216 1421 2483 1496 Πνεύματί
2540 1419 2649 1477 ἐστι
2703 1423 2879 1479 κοινόν
2913 1437 2928 1452 ⁸
2987 1424 3075 1478 καὶ
3129 1422 3208 1478 ὅτι
3253 1425 3362 1499 μὴν
3391 1424 3514 1505 οἵ)χί
3558 1425 3697 1498 ἑνὸς,
3732 1421 3861 1480 ἀλλά

2213 1505 2302 1564 δύο
2345 1509 2642 1580 προσώπων
2678 1512 2738 1566 τὸ
2797 1511 3034 1568 τοιοῦτόν
3077 1511 3210 1583 ἐστι,
3259 1514 3434 1569 κοινὸν
3483 1513 3570 1570 καὶ
3619 1513 3731 1569 ἐστι
3777 1512 3860 1569 καί

2211 1594 2421 1674 λέγεται
2456 1614 2470 1629 ’
2535 1595 2616 1654 ὅτι
2662 1596 2716 1653 δέ
2769 1597 2908 1663 ἰδίως
2940 1600 3127 1665 αὐτοῖς
3171 1599 3503 1678 ἐνθεωρετται
3546 1604 3722 1668 τοῦτο,
3780 1603 3854 1676 μὴ

2210 1687 2586 1752 κοινωνοῦντες
2630 1694 2836 1752 τούτοις
2891 1697 2986 1747 τοῦ
3056 1690 3382 1765 Πνεύματος,
3415 1688 3625 1768 λέγεται
3656 1689 3854 1758 ιδιότης

2149 1777 2181 1825 ιι
2203 1773 2373 1830 αὐτῶν
2428 1777 2559 1854 πρὸς
2609 1777 2710 1843 τὴν
2765 1779 2857 1833 τοῦ
2926 1777 3228 1852 Πνεύματος
3276 1780 3488 1842 πάντως
3547 1777 3850 1848 διαστολήν.

2205 1865 2392 1920 Κοινὸν
2477 1867 2576 1944 γὰρ
2659 1865 2989 1945 ἐνθεωρεῒται
3074 1868 3262 1924 σῦτοϊσ
3347 1870 3407 1923 τὸ
3463 1866 3608 1948 ἔχειν
3665 1869 3850 1932 αὖτοὺς

2203 1957 2414 2027 Πνεῦμα
2482 1954 2537 2009 ἓν
2602 1953 2912 2034 ἀδιαίρετον,
2957 1951 3040 2010 διὰ
3109 1957 3171 2011 τὸ
3229 1957 3440 2031 Πνεῦμα
3486 1959 3692 2036 Πατρὸς
3765 1959 3852 2014 καὶ

2208 2042 2327 2096 Υἱυῦ
2383 2039 2626 2120 λέγεσθαι
2697 2044 2944 2118 Πνεῦμα.
3022 2040 3169 2101 Ἀλλ’
3241 2043 3353 2101 ἐπεὶ
3425 2047 3520 2103 οὒκ
3602 2045 3715 2102 ἔστι
3769 2048 3854 2103 καὶ

2203 2127 2517 2206 ΙῙνεύματος
2549 2133 2799 2206 Πνεῦμα,
2851 2130 2935 2187 διὰ
2985 2139 3139 2190 10610
3183 2132 3329 2214 ἔχειν
3372 2137 3464 2192 τὶν
3508 2135 3729 2210 Πατέρα
3769 2128 3853 2190 καὶ

2201 2221 2292 2275 τὸν
2326 2222 2446 2276 Υἱὸν
2492 2221 2549 2276 ἓν
2597 2222 2822 2297 Πνεῦμα
2866 2219 3153 2299 ἀδιαίρετον
3215 2222 3416 2291 ἰδιότης
3461 2223 3600 2280 ἐστὶν
3651 2224 3846 2296 αὐτῶν,

2202 2308 2289 2364 καὶ
2344 2310 2377 2376 ἡ
2439 2309 2493 2365 ἑν
2557 2311 2726 2384 τοὺτῳ
2793 2312 3038 2366 κοινωνίαι
3101 2311 3319 2391 ΙΙατρὸς
3356 2313 3444 2370 καὶ
3501 2311 3623 2370 Υἱοῦ
3664 2310 3851 2376 ἅίδίως

2201 2408 2316 2453 τοῖδ
2360 2395 2471 2453 δυσὶ
2543 2398 2723 2473 μόνοις
2777 2398 3168 2477 ἐνθεωρουμένη
3229 2402 3555 2480 προσώποις,
3612 2401 3725 2458 λύει
3768 2423 3846 2458 σοι

2199 2487 2260 2541 τὸ
2315 2483 2512 2565 ἄπορον
2581 2484 2813 2565 λέγοντι,
2873 2487 3028 2561 Πῶς,
3103 2486 3247 2545 ἔσται
3303 2492 3365 2546 τὸ
3393 2492 3572 2547 κοινὸν
3599 2488 3845 2570 ἱδιότηςς

2198 2573 2382 2637 Πάλιν
2448 2575 2697 2655 πρόσεστι
2776 2577 2950 2632 κοινὸν
3018 2579 3118 2652 Υἱῷ
3169 2579 3258 2635 καί
3310 2579 3586 2656 ΙΙνεύματι
3645 2581 3712 2636 τὸ
3767 2579 3845 2656 μὴ

2195 2662 2498 2742 ἆγεννήτως
2555 2665 2721 2739 εἶναι,
2805 2666 2892 2721 καὶ
2936 2662 3072 2721 ἴδιον
3153 2666 3324 2724 αὐτῶν
3404 2666 3614 2746 λέγεται
3674 2670 3739 2725 τὸ
3795 2666 3847 2732 ἐξ

2194 2753 2360 2815 αἰτίας
2419 2753 2548 2812 αὐτὰ
2617 2754 2760 2810 εἶναι
2842 2753 2970 2833 ὕπερ
3050 2761 3128 2830 τῷ
3196 2757 3372 2836 ΙΙατρὶ
3427 2757 3846 2837 ἐπιθεωρηθῆναι

2192 2842 2340 2921 φύσιν
2411 2845 2506 2901 οὒκ
2560 2840 2700 2922 ἔχει.
2751 2843 2810 2901 Ι·ὶί
2849 2839 2903 2898 δὲ
2959 2844 3048 2900 καὶ
3078 2844 3310 2924 μάρτυρα
3336 2843 3504 2910 θέλεις
3543 2847 3845 2916 συστήσον-

2192 2927 2259 2985 τά
2300 2951 2406 3010 σοι,
2461 2933 2576 2994 πῶς
2638 2931 2722 2987 καὶ
2775 2932 2953 2988 κοινὸν
3011 2933 3116 3008 Υίῷ
3164 2938 3252 2990 καὶ
3296 2935 3573 3010 ΙΙνεύματι
3629 2931 3845 3013 λέγεται

2192 3031 2309 3084 τοῖς
2365 3016 2474 3076 δυσὶ
2540 3019 2720 3094 μόνοις
2764 3020 3067 3100 προσώποις
3119 3023 3183 3079 1‘0
3226 3023 3303 3099 μὴ
3333 3023 3636 3102 ἆγεννήτως
3669 3025 3843 3104 εἶναι,

464 3107 610 3178 solis
656 3112 926 3195 personis
956 3131 1074 3173 non
1123 3113 1348 3192 absque
1378 3118 1511 3172 ortu
1541 3129 1692 3187 csse,
1727 3121 1784 3173 et
1813 3115 2110 3193 quomodo

2200 3108 2307 3173 πῶς
2365 3111 2451 3165 καὶ
2502 3107 2700 3176 ἰδιότης
2755 3115 2862 3166 τῶν
2919 3107 3006 3167 δύο
3058 3111 3259 3169 τούτων
3320 3113 3483 3189 μόνον
3539 3112 3846 3192 προσώπων

464 3194 791 3286 proprietas
813 3203 1020 3263 harum
1045 3200 1292 3262 duarum
1314 3217 1700 3280 personarum
1734 3201 2106 3264 solummodo

2200 3195 2398 3274 λέγεται
2455 3198 2516 3254 τὸ
2587 3195 2638 3262 ἐξ
2695 3197 2860 3261 αἰτίας
2917 3212 3056 3254 εἶναι
3111 3201 3265 3276 αὐτὰ,
3326 3201 3399 3264 εἰς
3429 3199 3577 3258 λύσιν
3617 3202 3743 3276 τῆς,
3775 3201 3844 3267 ἣν

463 3283 721 3368 dicatur,
751 3311 820 3354 ex
848 3309 1026 3353 causa
1057 3290 1299 3352 easdem
1334 3302 1491 3359 esse,
1523 3288 1595 3350 ad
1619 3289 1970 3352 solvendum
2001 3290 2105 3353 du-

2200 3284 2241 3340 ἓν
2307 3292 2384 3360 τῷ
2436 3285 2645 3362 ῥηθέντι
2710 3283 3050 3364 συλλογισμῷ
3091 3288 3153 3344 σὺ
3195 3289 3526 3367 προέτεινας,
3584 3289 3838 3370 ἀπορίας,

463 3380 650 3456 bium,
681 3379 838 3461 quod
869 3377 928 3439 in
947 3380 1067 3457 jam
1114 3377 1272 3439 dioto
1297 3384 1394 3437 tuo
1416 3375 1751 3458 syllogismo
1783 3396 2105 3459 proposue-

2200 3373 2378 3461 ιὲγων,
2427 3375 2560 3438 ΙΙῶς
2602 3373 2747 3431 ἔσται
2803 3376 2864 3431 τὸ
2921 3377 3097 3432 κοινὸν
3144 3374 3343 3446 ἰδιότης
3370 3399 3388 3455 ;
3419 3379 3448 3434 ό
3491 3378 3705 3446 Νύσσης
3749 3379 3841 3436 καὶ

458 3489 577 3553 ras,
607 3459 918 3542 Quomodo
935 3467 1050 3529 erit
1067 3485 1400 3568 commune
1408 3466 1735 3547 proprietas
1757 3465 1782 3529 ?
1802 3466 2102 3548 Nyssenus

2200 3459 2344 3568 τρίλιν
2399 3463 2653 3568 παρέσται
2709 3463 2797 3568 καὶ
2852 3462 2906 3518 ἐν
3055 3466 3128 3528 εἰς
3156 3467 3218 3568 1:0
3247 3466 3614 3568 1&1:ququ
3649 3469 3840 3544 ὁμιλίᾳ

460 3543 674 3620 iterum
694 3555 978 3630 aderit,et
1003 3555 1246 3616 homilia
1265 3554 1326 3614 in
1355 3543 1698 3617 orationem
1728 3543 2098 3618 Douiinicam

2200 3550 2342 3608 £6106
2393 3549 2656 3630 ἀριδήλως
2716 3549 2852 3608 οὕτω
2907 3553 3123 3632 φήσειεν
3180 3551 3242 3610 ἄν
3273 3570 3286 3584 ·
3345 3577 3369 3612 ι
3403 3543 3546 3614 ῃΟτε
3575 3543 3837 3635 γὰρίΥἰδς

459 3647 771 3710 manifeste
801 3644 861 3706 id
892 3651 1117 3706 astruet
1150 3662 1164 3707 :
1196 3668 1221 3699 α
1255 3645 1402 3706 Cum
1432 3643 1591 3705 enim
1618 3643 1805 3705 Filius
1835 3662 1902 3706 ex
1926 3643 2100 3706 Patre

2200 3662 2241 3696 ικ
2287 3641 2382 3697 τοῦ
2436 3637 2646 3720 Πατρὸς
2688 3639 2893 3716 ἐόἧλθε,
2948 3643 3118 3708 καθώς
3173 3666 3334 3724 φησιν
3389 3647 3424 3713 ἦ
3474 3647 3684 3726 Γραφὴ,
3745 3647 3838 3703 καὶ

459 3737 653 3810 exivit,
691 3743 756 3796 ut
809 3732 1114 3814 Scriptura
1141 3731 1339 3807 tradit,
1375 3741 1434 3793 et
1478 3730 1733 3812 Spiritus
1763 3751 1834 3794 ex
1885 3732 2008 3796 Deo
2041 3742 2098 3796 et

2200 3731 2239 3785 πὸ
2271 3730 2496 3805 Πνεῦμα
2557 3729 2618 3786 ἐκ
2671 3737 2763 3788 τοῦ
2793 3737 2926 3788 Θεοῦ
2967 3733 3058 3788 καὶ
3111 3734 3254 3812 παρὰ
3299 3735 3514 3814 ΙΙατρὸς
3546 3733 3840 3815 ἐκπορεύεο

457 3827 629 3887 Patre
679 3821 970 3904 procedit.
1031 3820 1148 3884 Sed
1193 3820 1695 3902 quemadmodum
1746 3820 1878 3884 sine
1923 3840 2098 3885 causa

2200 3840 2292 3881 ται.
2351 3817 2499 3876 Ἀλλ’
2557 3818 2735 3900 ὥσπερ
2803 3825 2866 3876 τὸ
2908 3819 3030 3878 ἄνευ
3088 3823 3254 3887 αἰτίας
3312 3824 3478 3900 εἶναι,
3530 3825 3698 3901 μόνου
3740 3835 3840 3885 106

454 3931 606 3988 esse,
634 3911 821 3974 solius
853 3909 1038 3972 I‘atris
1085 3929 1218 3972 cum
1265 3909 1364 3991 sit,
1397 3909 1545 3971 Filio
1575 3919 1632 3972 et
1679 3908 1925 3991 Spiritui
1950 3911 2098 3973 ada-

2200 3908 2395 3984 ξΙατρὸς
2451 3907 2536 3983 ὃν,
2588 3913 2666 3982 τῷ
2711 3909 2815 3984 Υἱῷ
2863 3913 2949 3966 καί
2991 3917 3068 3986 τῷ
3117 3912 3391 3988 ΙΙνεύματι
3435 3913 3840 3994 ἐφαρμοσθῆναι

453 4004 609 4084 ptari
633 3999 878 4082 nequit;
904 3999 988 4061 sic
1010 4007 1317 4075 contra,ex
1336 4017 1511 4062 causa
1523 4001 1838 4080 esse,quod
1863 4001 2098 4063 estFilii

2200 3995 2238 4050 r3
2292 3994 2503 4053 δύναται
2541 4019 2553 4032 ·
2599 3996 2738 4055 οὕτω
2796 3999 2854 4054 τὸ
2917 3997 3154 4075 ἔμπαλιν
3206 4002 3269 4057 τὸ
3325 4001 3379 4073 ἐζ
3422 4004 3588 4067 αἰτίας
3659 4003 3838 4084 εἶναι,

454 4081 510 4153 et
531 4081 787 4171 Spiritus
807 4087 1132 4170 proprium,
1152 4088 1225 4148 de
1243 4091 1416 4150 Patre
1445 4087 1811 4151 considerari
1832 4089 2093 4152 alienum

2200 4083 2307 4163 ἱπερ
2361 4081 2498 4142 ἴδιόν
2555 4085 2666 4141 ἑστι
2721 4091 2815 4141 τοῦ
2888 4089 3009 4146 Υἱοῡ
3056 4088 3150 4143 καὶ
3210 4095 3302 4146 τοῦ
3370 4089 3712 4166 ΙΙνεύματος,
3759 4081 3842 4164 τῷ

453 4188 541 4242 εει
571 4170 604 4240 a
633 4186 840 4240 natura
874 4195 887 4240 :
923 4196 1056 4238 cum
1096 4195 1231 4239 vero
1253 4196 1568 4239 commune
1593 4177 1836 4239 sitFilio
1864 4186 1921 4239 et
1950 4177 2086 4260 Spi-

2204 4170 2346 4252 Ῑατρὶ
2415 4172 2832 4254 ἐπιθεωρηθῆναι
2917 4175 3068 4256 φύσιν
3139 4173 3234 4233 066
3301 4176 3436 4257 ἔχει.
3517 4187 3710 4238 Κοινοῦ
3782 4178 3840 4237 δὲ

451 4267 592 4330 ritui
623 4287 741 4329 non
761 4283 893 4328 esse
912 4265 1136 4347 absque
1160 4277 1318 4338 ortu,
1353 4283 1560 4328 rursus
1586 4275 1675 4327 est
1697 4264 1890 4341 facile,
1912 4267 2086 4329 diffe-

2200 4260 2320 4326 ’ντος
2378 4269 2454 4337 τῷ
2515 4265 2620 4338 Υἱῷ
2672 4265 2760 4320 καὶ
2816 4271 2893 4339 τῷ
2949 4265 3224 4342 ΙΙνεύματι
3285 4276 3375 4323 του
3415 4269 3492 4342 μὴ
3523 4270 3836 4347 άγεννήτως

444 4353 926 4437 rentiam,qua3in
942 4372 1149 4416 eorum
1164 4353 1619 4435 proprietatibus
1631 4362 1742 4431 est,
1758 4355 2083 4436 reperire.»
2114 4422 2115 4430 γ

2200 4351 2336 4426 ῖναι,
2408 4349 2567 4408 πάλιν
2622 4351 2773 4410 ἐστὶπ
2827 4352 3048 4428 ἄμικτον
3101 4354 3200 4423 τὴν
3256 4355 3309 4411 ἐν
3373 4371 3488 4424 τοῖς
3542 4356 3838 4435 ἰδιώμασιν

446 4420 718 4508 Αόνετιε
745 4420 1017 4506 ἐιιίιηυιη
1049 4443 1121 4505 ad
1153 4420 1558 4523 liae-theologi
1593 4420 1784 4506 Patris
1814 4420 2086 4506 tuestimo-
2114 4422 2115 4468 Ῡ

2200 4420 2341 4499 ιῦτῶν
2410 4437 2659 4521 διαφορὰν
2716 4420 2964 4522 ἐξευρεῖν.
3025 4465 3048 4501 ι
3101 4420 3393 4525 Πρόσήχὲς
3455 4420 3518 4513 τῆ
3559 4420 3672 4504 τοῦ⁸
3697 4452 3832 4506 θεο-

447 4533 1077 4614 nium,consideraque
1093 4533 1389 4612 quomodo
1405 4533 1819 4614 proprietatem
1834 4532 2087 4595 duarum

2200 4527 2330 4618 όγοο
2370 4529 2570 4618 ,τούτου
2627 4530 2840 4618 Πατρὸς
2884 4532 3163 4612 μαρτυρίᾳ,
3223 4535 3310 4590 καὶ
3364 4534 3671 4618 ἐπίστησον,
3706 4544 3830 4602 πῶς

447 4629 673 4684 tantum
699 4639 1084 4702 personarum
1111 4623 1356 4701 vocavit,
1391 4639 1459 4682 ex
1490 4639 1664 4682 causa
1694 4639 1795 4682 eas
1817 4638 1947 4682 esse
1981 4637 1994 4680 :
2032 4629 2090 4683 et

2201 4638 2225 4674 ε
2279 4617 2516 4685 ἰδιότητα
2574 4625 2676 4675 τῶν
2739 4617 2828 4676 δύο
2869 4619 3043 4696 μόνων
3087 4622 3385 4702 προσώπων
3428 4623 3548 4682 Exi)
3561 4617 3750 4685 εσετὸ
3781 4628 3837 4694 ἐξ

443 4710 740 4792 quomodo
795 4710 1263 4791 repraesentavit,
1319 4727 1636 4772 commune
1687 4727 1824 4771 esse
1873 4709 2085 4771 iisdem

2201 4708 2333 4772 ἰτίας
2389 4707 2530 4764 εἶναι
2588 4708 2740 4783 αὐτὰ,
2795 4710 2882 4766 καί
2933 4716 3048 4775 πῶς
3108 4712 3611 4790 παρέστησενείναι
3643 4720 3834 4774 κοινὸν

445 4799 672 4862 duabus
723 4798 1018 4880 personis,
1076 4798 1302 4879 absque
1351 4806 1482 4860 ortu
1540 4817 1658 4860 non
1708 4817 1840 4862 esse
1877 4817 1890 4862 :
1925 4799 2082 4880 quod

2200 4809 2284 4861 οτς
2355 4797 2536 4859 αύτοτς
2592 4795 2702 4854 δυσὶ
2769 4800 3070 4876 προσώποις
3102 4802 3160 4858 τὸ
3213 4803 3290 4878 μὴ
3342 4803 3644 4882 ἀγεννήτως
3677 4809 3836 4865 εἶναι

444 4887 604 4948 idem
628 4887 872 4948 omnino
889 4887 1088 4967 fuerit,
1123 4905 1193 4948 ex
1219 4905 1400 4949 causa
1417 4905 1516 4949 eas
1539 4904 1672 4949 esse
1692 4904 1706 4947 :
1727 4886 2082 4968 discitoque,

2200 4885 2300 4944 ιίντά
2346 4901 2360 4915 ⁶
2437 4884 2565 4963 ὅπερ
2622 4887 2810 4946 ταυτὸν
2866 4886 3074 4946 δύναται
3133 4891 3372 4966 πάντως,
3428 4894 3488 4949 τὸ
3537 4893 3591 4960 EE
3650 4895 3834 4960 αἰτίας

448 4994 565 5036 non
593 4983 754 5037 recte
781 4983 838 5037 te
869 4983 1141 5057 tanquam
1170 4976 1244 5038 de
1282 4975 1538 5037 absurdo
1577 4973 1900 5055 haesitasse,
1931 4993 2084 5055 quo-

449 5063 624 5126 modo
655 5065 770 5126 erit
815 5083 1129 5127 commune
1174 5065 1546 5147 proprietas?
1602 5063 1728 5137 Quo
1771 5063 1962 5126 soluto
2009 5063 2082 5125 ad

441 5154 670 5234 reliqua
719 5152 1040 5232 syllogismi
1081 5154 1411 5216 refellenda
1441 5153 1908 5216 contradictione
1936 5171 2084 5233 opus

443 5260 561 5303 non
594 5250 705 5303 est.
738 5240 984 5313 Quando
1005 5260 1144 5304 vero
1175 5262 1294 5306 una
1324 5243 1630 5306 divisionis
1659 5260 1793 5324 pars
1822 5241 1902 5304 ita
1931 5259 2081 5304 cou-

441 5338 612 5411 cepta
643 5337 752 5409 est,
786 5327 838 5389 si
867 5347 1005 5390 vero
1037 5331 1392 5394 contrariam
1414 5333 1602 5395 Patris
1627 5329 2080 5413 productionem

2167 4974 2310 5031 εἶναι
2366 4973 2517 5036 αὐτά.
2573 4975 2672 5032 Καὶ
2724 4979 2883 5054 γνῶθι
2937 4979 3010 5040 ὡς
3061 4981 3122 5038 οὖ
3167 4978 3345 5045 καλῶς
3388 4983 3566 5062 ὥσπερ
3592 5004 3643 5040 τι
3687 4981 3830 5043 ἄτο-

2165 5084 2266 5120 πον
2294 5060 2564 5143 διηπόρεις
2607 5061 2799 5143 λέγων,
2877 5072 2997 5130 Πῶς
3054 5067 3198 5126 ἔσται
3244 5072 3305 5127 τὸ
3349 5060 3826 5150 κοινὸν-ἰδιότηςς

2165 5152 2357 5242 Τούτου
2425 5150 2480 5242 δέ
2535 5150 2774 5242 λυθέντος
2826 5157 2957 5234 πρὸς
3011 5155 3074 5214 τό
3137 5157 3257 5226 ὲξῆς
3313 5167 3406 5218 τοῦ
3453 5161 3830 5242 συλλογισμοῦ

2164 5241 2322 5321 μέρος
2367 5237 2644 5332 ,οιξδεμιᾷς
2685 5241 2904 5332 Αλοιπόν
2992 5245 3343 5326 ἆντιῤῥήσεως
3418 5253 3596 5332 χρεία,
3630 5237 3827 5312 Ὶεπεὶ

2166 5332 2260 5408 Αὰρ
2316 5330 2376 5386 τό
2432 5328 2487 5420 ἓν
2537 5331 2636 5397 τῆς
2679 5329 2982 5412 διαιρέσεως
3038 5335 3224 5402 σκέλος
3284 5328 3687 5420 σ’ὄτωῷαίνεται
3721 5342 3827 5401 λέ-

438 5418 693 5510 Spiritus
722 5417 924 5510 babet,
949 5418 1178 5481 scilicet
1226 5420 1432 5496 Filius,
1492 5429 1667 5485 erunt
1689 5422 1837 5495 haec,
1869 5428 1927 5510 et
1955 5421 2082 5483 haec

2200 5420 2302 5510 όν,
2328 5421 2386 5477 Εἰ
2454 5417 2680 5510 δὲ-την-
2721 5421 2958 5510 ἐναντίαν
3010 5432 3088 5502 τῷ
3143 5427 3318 5507 Πατρὶ
3365 5417 3658 5510 προϐολὴν,
3728 5440 3831 5492 106

436 5505 868 5570 absurda.Cum
888 5525 1063 5569 nemo
1081 5511 1435 5573 contrariam
1458 5513 1608 5574 hanc
1627 5509 2079 5591 productionem

2200 5509 2479 5585 [νεύματος
2522 5505 2751 5586 δηλαδὴ,
2799 5509 2916 5592 ἕχει
2959 5516 2988 5570 ὁ
3064 5516 3203 5591 Υἱός,
3260 5505 3419 5576 ἔσται-
3433 5519 3556 5577 τάδε
3575 5522 3667 5578 καὶ
3697 5521 3835 5580 τάδε

435 5605 682 5678 asserat,
715 5614 1154 5676 supervacanea
1186 5599 1428 5676 fuerint,
1484 5618 1852 5682 quaecunque
1879 5597 2078 5662 addu-

2200 5598 2226 5656 ἃ
2282 5597 2478 5674 ἂτοπα,
2545 5595 2773 5673 μηδενός
2829 5599 2980 5666 ὄντος
3030 5611 3122 5662 106
3169 5605 3268 5674 τὴν
3312 5606 3547 5666 ἐναντίαν
3617 5612 3837 5681 ταύτην
