4142 6286
527 310 632 372 107

1597 313 1842 375 JOANN
1854 360 1865 374 .
1903 308 2122 374 VECGl
2150 311 2268 379 ΟΡ.
2300 315 2836 382 ΡΑΤΗΙΑΗΟΙ-ΙιΕ.

3781 331 3884 398 108

524 449 678 511 bona
734 451 1038 525 duntaxat,
1090 468 1219 531 quae
1265 447 1612 509 naturaliter
1648 447 1766 508 illis
1795 448 2018 527 insunt,
2051 464 2150 506 nec

2245 450 2328 502 καὶ
2359 448 2453 504 οὐκ
2523 449 2728 529 ἔξωθεν,
2785 452 2897 509 οὐδὲ
2955 454 3235 530 ἐπίκτητα,
3296 461 3370 524 ὡς
3441 462 3500 516 τὸ
3570 460 3786 540 δίκαιον,
3831 468 3886 521 τὸ

523 539 763 601 aliunde
793 539 1114 600 adveniunt
1160 537 1475 618 acquisita.
1511 545 1570 596 ut
1611 536 1858 615 justitia,
1907 535 2160 605 bonitas,

525 629 833 710 sapientia,
868 637 925 688 et
957 627 1176 689 similia
1213 647 1224 686 :
1263 633 1590 704 agnoscunt
1649 624 1827 686 e:iam
1869 625 2002 699 alia,
2037 644 2166 704 qua:

524 717 874 779 naturaliter
941 718 1144 777 insunt
1213 714 1370 778 Patri
1427 722 1484 775 et
1541 713 1714 780 Filio.
1775 721 1831 774 et
1893 733 2008 774 non
2071 717 2164 773 in-

523 815 660 868 sunt
691 806 958 886 Spiritui,
993 825 1110 866 non
1143 806 1296 885 quod
1331 803 1586 884 δρὶιαίιυς
1639 822 1754 863 non
1788 803 1865 864 sit
1892 803 2158 882 ejusdem

519 904 744 957 natura;
764 905 937 977 atque
969 899 1140 958 Pater
1163 903 1222 955 et
1243 893 1451 972 Filius,
1477 894 1586 953 hoc
1619 893 1778 954 enim
1803 893 1972 970 longe
1995 893 2163 954 abest

518 984 595 1046 ab
626 987 786 1047 omni
819 986 912 1065 pia
942 983 1318 1062 cogitatione,
1341 981 1444 1043 sed
1477 981 1631 1061 quod
1659 982 1953 1042 naturales
1975 982 2164 1044 Patris

517 1082 578 1135 ut
606 1075 818 1147 Patris,
873 1083 931 1134 et
973 1072 1105 1134 Filii
1147 1080 1209 1132 ut
1259 1071 1392 1132 Filii
1439 1070 1984 1150 proprietates,non
2043 1070 2162 1130 sint

522 1181 872 1224 communes
899 1161 1338 1242 Spiritui.Licet
1359 1161 1517 1222 enim
1549 1159 1814 1236 ejusdem
1848 1168 2069 1219 naturae
2087 1159 2160 1218 sit

515 1251 770 1332 Spiritus
796 1261 1032 1313 sanctus
1061 1270 1129 1312 ac
1159 1254 1330 1312 Pater
1391 1257 1448 1310 et
1502 1249 1687 1310 Filius
1717 1258 1973 1309 attamen
2026 1257 2156 1307 tan-

519 1359 693 1421 quam
725 1342 1048 1421 Spiritusin
1083 1339 1302 1400 Triatle
1345 1338 1659 1417 accipitur,
1713 1346 1768 1399 et
1825 1337 2156 1398 universam

515 1431 918 1490 communium
960 1429 1316 1491 naturalium
1350 1427 1640 1488 bonorum
1675 1426 2155 1486 communionem

514 1517 758 1579 habebit
787 1527 849 1578 ut
881 1517 1174 1598 Spiritus;
1209 1517 1309 1578 sed
1347 1516 1699 1577 naturalium
1734 1515 2153 1595 proprietatum

513 1607 703 1668 Patris
733 1615 791 1668 et
821 1607 1049 1678 Filii,ut
1081 1606 1271 1669 Patris
1299 1617 1355 1668 et
1377 1615 1441 1666 ut
1479 1605 1636 1671 Filii.
1671 1603 2152 1664 communionem

2253 537 2470 616 ἀγαθὸν,
2503 542 2562 594 τὸ
2591 562 2774 622 σοφὸν,
2810 544 2897 598 καὶ
2941 545 3002 599 τὰ
3046 553 3260 602 τοιαῦτα
3292 565 3305 578 ·
3359 547 3533 606 οἴδασι
3587 549 3641 606 δὲ
3671 537 3888 610 καίντινα

2252 629 2482 690 φυσικῶς
2541 629 2639 702 μὲν
2710 632 2972 708 προσόντα
3032 635 3190 711 [Ιατρὶ
3244 637 3332 690 καὶ
3384 639 3508 711 Υἱῷ,
3571 640 3649 712 μὴ
3727 663 3888 719 προσ-

2251 715 2374 770 όντα
2403 713 2456 770 δὲ
2492 720 2566 790 τῷ
2598 721 2880 794 Πνεύματι,
2916 721 2975 777 ού
3021 719 3103 777 διὰ
3159 724 3220 779 τὸ
3277 725 3355 798 μὴ
3397 725 3495 793 τῆς
3554 730 3718 794 αὐτῆς
3769 713 3884 786 ’Πα-

2248 804 2326 879 τρὶ
2393 806 2479 859 καὶ
2514 807 2643 896 fit?)
2700 809 2900 896 φύσεως
2959 811 3099 865 εἶναι
3157 813 3217 866 τὸ
3271 818 3480 888 Πνεῦμα
3537 814 3740 894 (πόῤῥω
3794 820 3885 896 γὰρ

2247 901 2400 948 τοῦτο
2452 894 2629 960 πάσης
2688 893 2927 960 εὐσεϐοῦς
3001 896 3275 978 διανοίας),
3335 900 3470 958 ἀλλὰ
3539 893 3647 960 διάί
3692 907 3753 960 τὸ

2249 980 2388 1034 εἶναι
2434 983 2498 1036 τὰ
2522 985 2712 1062 φυσικὰ
2763 994 2856 1043 τοῦ
2914 988 3114 1064 Πατρὸς
3177 990 3303 1044 καθὸ
3363 993 3586 1069 Πατρὸς,
3661 995 3749 1050 καὶ
3802 996 3888 1051 τοῦ

2253 1069 2369 1125 Υἱοῦ
2412 1072 2540 1125 καθὸ
2609 1074 2728 1131 Υἱοῦ
2775 1071 3032 1146 ἰδιώματα
3092 1077 3240 1130 κοινὰ
3295 1079 3381 1132 καὶ
3437 1085 3513 1152 τῷ
3598 1081 3882 1154 Πνεύματι,

2247 1156 2298 1248 Ινί
2370 1158 2468 1236 γὰρ
2527 1161 2613 1214 καὶ
2653 1160 2748 1228 τῆς
2795 1163 2956 1228 αὐτῆς
3009 1163 3117 1218 ἐστι
3191 1167 3351 1243 Πατρὶ
3393 1156 3479 1222 καὶ
3538 1168 3642 1241 Υἰῷ
3695 1170 3888 1248 φύσεως

2240 1246 2299 1298 τὸ
2345 1251 2555 1321 Πνεῦμα
2610 1252 2672 1304 τὸ
2715 1249 2889 1327 ἅγιον,
2938 1249 3054 1306 αλλ’
3107 1254 3180 1316 ὡς
3238 1259 3451 1329 Πνεαμα
3499 1255 3551 1311 ἐν
3610 1263 3675 1333 τῇ
3711 1246 3888 1336 νΤριάδι

2242 1333 2734 1412 παραλαμϐάνεται,
2796 1341 2884 1394 καὶ
2943 1346 3115 1396 πᾶσαν
3189 1343 3287 1415 μὲν
3344 1345 3442 1410 τὴν
3510 1350 3615 1398 τῶν
3702 1333 3883 1404 κοινῶν

2241 1430 2472 1500 φυσικῶν
2533 1425 2740 1502 ἀγαθῶν
2785 1429 3057 1483 κοινωνίαν
3117 1428 3216 1494 ἕξει
3271 1431 3343 1494 ὥς
3387 1435 3620 1513 Πνεῦμα,
3680 1436 3780 1502 τὴν
3836 1434 3885 1491 δὲ

2241 1518 2343 1566 τιῦν
2416 1520 2647 1591 φυσικῶν
2726 1513 3024 1590 ἰδιωμάτων
3097 1520 3302 1596 Πατρὸς
3357 1523 3442 1575 καὶ
3521 1523 3662 1595 Υἱοῦ,
3763 1527 3887 1580 καθὸ

2242 1601 2466 1678 ΙΙατρὸς,
2523 1605 2609 1659 καὶ
2667 1607 2794 1660 καθὸ
2853 1608 2972 1662 ι’ἱοῦ
3043 1607 3317 1662 κοινωνίαν
3385 1609 3488 1688 οὔχ
3562 1609 3683 1676 ἕξει.
3765 1621 3878 1675 Πῶς

511 1714 628 1756 non
662 1695 1191 1767 habebit.Quanam
1233 1697 1390 1756 enim
1422 1694 1652 1756 ratione
1684 1693 1982 1754 naturales
2015 1713 2150 1773 pro-

2239 1690 2336 1765 γαρ
2408 1688 2470 1744 ἂν
2539 1695 2730 1771 φυσικὰ
2780 1691 3037 1768 ἰδιώματα
3114 1693 3291 1772 ἐῤῥέθη
3352 1700 3554 1776 Πατρὸς
3609 1701 3697 1756 καὶ
3772 1705 3887 1760 ι’ἷοῦ

513 1785 792 1865 prietates
822 1786 946 1846 haec
971 1785 1262 1865 appellata
1293 1785 1556 1853 fuissent.
1592 1783 1640 1843 si
1681 1769 2030 1844 communia
2055 1801 2150 1843 es-

2239 1779 2418 1854 ταῦτα,
2483 1780 2635 1859 εἴπερ
2678 1781 2810 1848 ἦσαν
2877 1784 3027 1838 κοινὰ
3085 1786 3172 1838 καὶ
3226 1791 3302 1858 τῷ
3349 1787 3604 1860 Πνεύματι
3637 1807 3652 1867 ;
3685 1791 3886 1844 Φυσικὰ

510 1881 645 1935 sent
673 1883 731 1934 et
761 1873 1041 1954 Spiritui?
1058 1873 1358 1935 Naturalia
1381 1871 1674 1952 siquidem
1705 1871 2016 1949 haec,quod
2045 1890 2150 1931 na-

510 1970 640 2023 tura
664 1962 866 2025 insunt
897 1962 1055 2025 Patri
1081 1971 1140 2022 et
1169 1961 1317 2022 Filio
1344 1979 1356 2023 :
1383 1960 1770 2040 proprietates
1787 1977 1926 2019 vero
1965 1957 2154 2021 Patris

507 2059 566 2112 et
595 2052 751 2132 Filii,
785 2052 941 2132 ιιι·οᾱ
975 2071 1093 2113 non
1126 2051 1314 2113 insint
1343 2049 1824 2131 Spiritui.Itaque
1866 2048 2151 2127 Spiritum

507 2159 626 2202 una
655 2141 828 2202 simul
861 2141 1063 2202 haberi
1085 2159 1118 2202 a
1147 2145 1318 2204 Patre
1349 2149 1408 2202 et
1439 2139 1609 2213 Filio,
1645 2138 1908 2198 naturale
1939 2145 2028 2198 est
2054 2136 2153 2196 bo-

510 2247 649 2289 num
674 2229 865 2292 Patris
895 2239 953 2291 et
981 2230 1140 2305 Filii,
1170 2229 1274 2290 sed
1329 2237 1394 2290 ut
1447 2227 1772 2308 proprietas
1805 2224 2150 2286 eorumdem

509 2317 815 2380 naturalis.
868 2320 997 2380 Non
1029 2318 1163 2378 ideo
1195 2335 1338 2396 ergo
1377 2317 1510 2396 quia
1545 2316 1944 2377 communicat
1972 2312 2153 2374 Filius

505 2423 638 2466 cum
675 2407 1028 2486 Patre,quod
1055 2426 1122 2468 ex
1156 2407 1420 2485 utrisque
1469 2403 1724 2483 Spiritus
1744 2403 1841 2478 sit,
1878 2420 2149 2462 commu-

507 2493 879 2554 nicabitcum
913 2494 1138 2555 eisdem
1171 2503 1229 2554 et
1258 2493 1605 2574 Spiritus,ut
1635 2500 1694 2552 et
1723 2491 1851 2571 ipse
1881 2491 1956 2550 sit
1981 2508 2049 2549 ex
2081 2509 2143 2548 se

505 2579 634 2661 ipso
698 2579 820 2642 Hac
850 2582 1228 2643 distinctione
1258 2581 1634 2644 considerata
1664 2597 1766 2659 pro
1799 2578 1972 2638 dictae
2004 2595 2142 2656 pro-

505 2669 816 2750 positionis
869 2671 1160 2745 examine,
1195 2688 1306 2750 qua
1367 2675 1671 2742 asseritur,
1714 2692 1739 2722 α
1775 2665 2153 2744 Quaecunque

505 2767 644 2818 sunt
673 2757 861 2820 Patris
883 2761 1220 2820 communia
1249 2778 1384 2820 cum
1414 2754 1962 2820 Filio.eruntetiam
1985 2772 2148 2814 com-

505 2846 706 2907 munia
735 2865 868 2907 cum
902 2844 1122 2925 Spiritu
1153 2855 1376 2920 sancto,
1415 2872 1440 2901 »
1498 2846 1758 2924 indeque
1806 2841 2143 2922 reprobato,

506 2951 625 2994 non
659 2935 809 2995 bene
830 2934 1054 2996 sentire
1085 2935 1316 3015 eos,qui
1341 2935 1657 3016 opinantur
1682 2931 1964 3012 Spiritum
1999 2947 2142 3009 pro-

503 3022 648 3102 priae
701 3023 1057 3084 exsistentiaa
1105 3013 1445 3086 cum—Patre
1475 3031 1529 3084 et
1576 3021 1724 3083 Filio
1756 3013 2199 3081 communemC

2237 1866 2330 1940 μὲν
2365 1870 2464 1945 γαρ
2505 1875 2686 1934 ταῦτα,
2752 1870 2832 1926 ὅτι
2891 1873 3039 1950 φύσει
3097 1872 3336 1948 πρόσεισι
3393 1876 3554 1952 Πατρὶ
3611 1866 3697 1931 καὶ
3759 1879 3886 1955 Titii,

2237 1952 2496 2029 ἰδιώματα
2539 1955 2593 2012 δὲ
2627 1961 2830 2037 Πατρὸς
2889 1959 2976 2015 καὶ
3033 1961 3176 2034 Υἱοῦ,
3237 1960 3317 2016 δτι
3368 1963 3444 2036 μη
3506 1964 3747 2040 πρόσεισι
3806 1952 3890 2020 καί

2237 2051 2311 2117 τῷ
2345 2046 2629 2122 Πνεύματι.
2666 2051 2736 2104 Τὸ
2794 2055 2919 2126 γοῦν
2979 2055 3166 2112 κοινῶς
3227 2048 3372 2129 ἔχειν
3415 2053 3476 2106 τὸ
3530 2058 3746 2128 Πνεῦμα
3802 2057 3891 2110 τὸν

2241 2133 2444 2212 Πατέρα
2478 2137 2564 2191 καὶ
2621 2139 2712 2192 τὸν
2787 2139 2906 2192 Υἶὸν
2965 2140 3179 2216 φυσικὸν
3249 2139 3347 2214 μὲν
3391 2140 3581 2217 ἀγαθὸν
3627 2141 3738 2197 ἐστι
3798 2152 3888 2198 τοῦ

2241 2226 2443 2300 Πατρὸς
2527 2227 2616 2280 καὶ
2684 2235 2777 2283 τοῦ
2874 2227 3016 2304 Υἰοῦ,
3107 2224 3225 2281 ἀλλ’
3308 2229 3378 2293 ὡς
3449 2226 3636 2304 ἰδίωμα
3716 2233 3886 2288 αὐτῶν

2237 2311 2475 2388 φυσικόν,
2511 2315 2582 2369 Οὐ
2636 2311 2766 2370 διότι
2827 2313 2952 2391 γοῦν
3007 2330 3255 2372 κοινωνεῖ
3311 2320 3339 2372 6
3400 2318 3518 2380 Υἱὸς
3589 2326 3665 2374 τώ
3724 2322 3884 2397 Πατρὶ

2234 2401 2369 2456 κατὰ
2399 2409 2458 2456 τὸ
2501 2401 2760 2482 ὑπάρχειν
2801 2403 2854 2468 ἐξ
2911 2404 3112 2484 ἀμφοῖν
3143 2407 3202 2460 τὸ
3259 2403 3505 2481 Πνεῦμα,
3568 2411 3884 2478 κοινωνήσει

2237 2490 2416 2551 αὖτοῐς
2461 2493 2545 2546 καὶ
2596 2493 2656 2546 τὸ
2712 2493 2936 2567 ΙΙνεῦμα
2979 2493 3112 2548 κατὰ
3193 2495 3254 2548 τὸ
3309 2496 3569 2574 ὺπάρχειν
3611 2499 3699 2552 καὶ
3758 2497 3885 2554 αὐτὸ

2239 2578 2288 2642 ἐξ
2317 2575 2542 2642 ἰὲαυτοῦ,
2619 2582 2876 2647 Τοιαύτης
2946 2589 3069 2660 γοῦν
3125 2582 3541 2660 ἐνθεωρουμένης
3597 2583 3884 2653 διαστολῆς

2234 2674 2302 2742 τῇ
2335 2666 2561 2745 λεγούσῃ
2591 2669 2865 2746 προτάσει,
2906 2690 2933 2727 ι
2970 2672 3148 2726 Πάντα
3189 2669 3288 2726 ὅσα
3338 2681 3429 2730 τοῦ
3480 2674 3698 2750 ΙΙατρὸς
3734 2678 3888 2730 κοινὰ

2233 2758 2362 2832 πρὸς
2393 2757 2482 2811 τὸν
2517 2758 2656 2830 Υἱὸν,
2703 2765 2867 2813 ταῦτα
2905 2761 2990 2814 καὶ
3023 2761 3153 2838 πρὸς
3192 2759 3253 2814 τὰ
3284 2761 3506 2836 Πνεῦμα
3533 2762 3594 2818 τδ
3625 2761 3805 2839 ἅγιον·
3844 2787 3870 2817 ι

2232 2845 2504 2903 κάντεῦθεν
2563 2843 2915 2924 ἐληλεγμένου
2975 2848 3050 2919 μὴ
3111 2846 3284 2913 καλῶς
3340 2848 3486 2928 ἔχειν
3530 2861 3620 2909 τοῦ
3675 2850 3887 2907 οἰέσθαι

2229 2947 2506 2990 κοινωνεῖν
2535 2937 2596 2990 τὸ
2649 2936 2871 3010 Πνεῦμα
2927 2942 3024 3003 τῆς
3081 2936 3209 3000 ἰδίας
3266 2938 3527 3015 ὑπάρξεως
3598 2946 3673 3014 τῷ
3704 2941 3884 3014 Πατρὶ

2223 3025 2307 3078 καὶ
2356 3027 2478 3098 Τἱῷ,
2525 3025 2613 3079 εὰν
2658 3027 2685 3080 6
2719 3025 2836 3088 Υἱὸς
2878 3039 3125 3082 κοινωνεῖ
3167 3033 3244 3100 τῷ
3301 3029 3474 3106 ΙΙατρὶ
3527 3032 3660 3084 κατὰ
3735 3032 3799 3085 τὸ
3830 3029 3882 3094 ἐξ

502 3127 739 3173 causam
770 3131 925 3193 esse,
963 3116 1014 3173 si
1041 3112 1222 3174 Filius
1252 3130 1566 3174 commune
1609 3111 1751 3191 quid
1799 3109 1974 3170 habet
2003 3126 2138 3170 cum

2239 3113 2421 3190 ὶμφοῖν
2449 3113 2713 3191 ὑπάρχετν
2742 3113 2802 3168 τὸ
2858 3115 3081 3188 Πνεῦμα
3116 3132 3129 3144 ·
3164 3122 3277 3178 πῶς
3334 3118 3394 3170 σὺ
3453 3116 3512 3174 ἐκ
3555 3123 3651 3184 τῆς
3698 3118 3881 3174 τοιαύ·

502 3196 676 3262 Patre
705 3201 764 3260 in
797 3203 1054 3281 eo,quod
1089 3221 1156 3263 ex
1177 3203 1440 3282 utrisque
1473 3211 1561 3262 est
1590 3199 1842 3280 Spiritus
1873 3205 2134 3271 sanctus,

2239 3223 2318 3266 της
2386 3201 2681 3280 κοινωνίας,
2745 3204 2816 3266 ὡς
2873 3203 3016 3282 τάχα
3057 3203 3177 3259 κατ’
3221 3204 3458 3283 ἀνάγκην
3502 3207 3880 3284 συμπεραίνων

505 3307 622 3369 qua
652 3299 710 3350 tu
759 3290 990 3352 ratione
1021 3298 1079 3350 et
1104 3291 1282 3351 simili
1326 3290 1743 3352 communione
1775 3305 1940 3366 mque
1991 3303 2058 3346 ac
2090 3287 2135 3345 si

503 3377 844 3438 necessario
867 3379 1257 3440 concluderes
1283 3378 1502 3459 aliquid
1535 3396 1761 3455 verum,
1795 3377 2138 3436 insinuasac

502 3465 780 3526 decernis
811 3466 1119 3544 gentilium
1143 3468 1377 3542 fabulis,
1407 3467 1560 3548 quod
1585 3486 1618 3527 a
1651 3465 1872 3528 Latinis
1903 3482 2138 3524 asseve-

499 3567 664 3616 ratur
692 3565 754 3616 ut
785 3558 1018 3637 dogma,
1053 3559 1486 3619 monstruosius
1528 3556 1700 3618 esse?
1759 3555 1819 3615 ln
1870 3554 2140 3634 syllogis-

502 3644 614 3705 mis
674 3663 811 3724 ergo
872 3647 1062 3708 Photii
1115 3647 1573 3708 continebantur
1631 3647 1757 3705 haec
1814 3653 1871 3704 et
1901 3642 2138 3716 similia,

502 3741 560 3793 et
581 3733 705 3812 jam
730 3752 763 3792 a
795 3734 967 3794 nobis
1009 3735 1188 3795 allata
1244 3734 1385 3796 satis
1413 3744 1575 3807 sunt,
1609 3743 1672 3793 ut
1702 3732 1934 3812 opinor,
1960 3731 2031 3792 ad
2077 3748 2143 3791 ea

501 3823 841 3882 evertenda.
882 3825 1065 3884 Porro
1100 3826 1156 3885 in
1191 3842 1505 3903 progressu
1560 3823 1871 3894 orationis,
1919 3819 2144 3880 futilem

497 3908 816 3970 instituens
847 3911 1333 3990 disputationem,
1360 3913 1483 3972 haec
1527 3909 1811 3991 praetendi
1855 3909 1926 3970 ab
1962 3909 2141 3983 Italis,

497 3995 599 4064 ait,
631 4000 1144 4074 asserentibus,ab
1167 4001 1507 4074 Ambrosio,
1540 4003 1884 4078 Augustino.
1921 4005 1977 4058 et
2001 3997 2143 4058 Hie-

494 4102 740 4166 ronymo
773 4105 842 4149 ex
872 4088 1019 4150 Filio
1053 4089 1496 4169 processionem
1531 4089 1829 4150 decretam
1854 4086 2057 4159 fuisse,
2087 4091 2143 4146 et

494 4182 558 4234 ut
587 4173 864 4237 ruborem
899 4178 1048 4239 forte
1071 4178 1324 4240 excutiat
1347 4179 1419 4239 ab
1452 4176 1634 4251 Italis,
1670 4195 1772 4256 pro
1805 4176 1972 4236 hisce
2004 4173 2142 4234 viris

494 4263 786 4342 sapientia
809 4266 1154 4328 clarissimis
1183 4267 1630 4347 responsionem
1657 4283 1821 4325 suam
1859 4264 2023 4324 hisce
2043 4263 2144 4324 de-

492 4349 662 4419 rivat.
699 4370 914 4432 nempe
943 4375 956 4415 :

575 4439 676 4500 45.
713 4465 740 4496 α
773 4443 940 4503 Licet
962 4443 1019 4503 id
1053 4443 1313 4505 dixerint
1335 4445 1461 4522 jam
1496 4440 1831 4516 memorati,
1866 4439 2012 4501 forte
2045 4458 2142 4500 se-

497 4527 756 4590 cundum
789 4531 1297 4612 dispensationem
1329 4533 1625 4604 dixerunt,
1661 4548 1777 4610 qua
1823 4540 1881 4590 et
1907 4547 2150 4607 magnus

496 4616 754 4679 Basilius
777 4637 885 4681 suo
915 4630 1182 4702 tempore
1211 4641 1352 4683 usus
1385 4621 1597 4700 est,vel
1629 4619 1704 4681 ab
1735 4633 2014 4680 accurata
2046 4637 2146 4678 re-

495 4721 627 4765 rum
661 4709 868 4769 notitia
895 4710 982 4770 uti
1032 4711 1306 4771 homines
1359 4709 1728 4784 exciderunt,
1781 4707 1936 4786 quod
1978 4705 2150 4766 multi

497 4805 850 4880 praestantes
881 4799 989 4859 viri
1025 4801 1292 4880 perpessi
1319 4807 1476 4879 sunt,
1511 4797 1687 4858 veluti
1713 4796 2152 4859 Alexandrinus

498 4879 838 4964 Dionysius,
882 4879 1214 4949 Methodius
1244 4887 1609 4966 Patarensis,
1642 4895 1699 4947 et
1720 4885 1870 4947 alius
1897 4894 1954 4946 et
1977 4885 2148 4958 alius,

499 4969 600 5048 qui
652 4974 980 5036 sanctitatis
1035 4977 1150 5037 sibi
1210 4995 1427 5038 nomen
1458 4975 1862 5048 vendicarunt,
1897 4992 2149 5054 quorum

498 5061 788 5122 nonnulla
816 5063 974 5124 dicta
1015 5063 1340 5126 Ecclesiam
1375 5063 1825 5142 non'recepisse
1865 5087 1892 5117 ι
1945 5061 2150 5141 τοῖοι-ιτ

509 5169 537 5200 α
572 5144 715 5208 licet
745 5149 802 5209 in
836 5150 968 5212 aliis
998 5154 1251 5216 maxima
1297 5154 1356 5214 in
1416 5151 1804 5213 admiratione
1857 5149 2149 5211 baberen-

498 5241 617 5297 tur.
659 5259 682 5293 η

581 5325 653 5384 Et
686 5325 797 5386 hoc
830 5334 919 5387 est
971 5329 1165 5390 Pbotii
1197 5347 1300 5408 pro
1332 5327 1672 5400 Ambrosio,
1710 5326 2066 5405 Augustino,
2099 5336 2156 5388 et

496 5410 552 5473 II
579 5413 884 5494 icronymo
899 5420 1343 5496 responsum,in
1367 5417 1666 5477 inlainiam
1699 5417 1772 5476 l‘o:
1794 5425 1850 5477 te
1880 5416 2155 5477 Italorum

501 5500 622 5564 illis
655 5505 1056 5582 cognatorum
1091 5507 1480 5587 excogitatum
1512 5526 1527 5580 ;
1577 5523 1682 5564 nos
1737 5524 1871 5566 vero
1911 5506 1972 5566 in
2002 5506 2158 5566 infa-

504 5589 688 5653 miam
723 5593 918 5674 potius
947 5611 1154 5655 eorum
1179 5595 1538 5675 judicamus,
1597 5595 1695 5673 qui
1753 5593 2061 5669 ambabus,
2095 5606 2158 5658 ut

2221 3311 2269 3344 τι
2302 3289 2516 3362 ἀληθὲς,
2565 3291 2636 3354 εἰς
2667 3293 2727 3346 τὸ
2783 3290 2958 3369 λέγειν
3015 3291 3458 3371 τερατωδέστερον
3512 3300 3610 3361 τῆς
3659 3293 3874 3364 Ἐλλή-

2225 3401 2326 3434 νων
2377 3377 2684 3456 μυθολογίας
2738 3380 3029 3460 ἀποφαίνῃ,
3087 3383 3147 3436 τὸ
3232 3385 3371 3462 παρὰ
3456 3390 3559 3439 τῶν
3631 3385 3877 3440 Λατίνων

2224 3465 2712 3548 δογματιζόμενονς
2806 3462 2886 3526 (Α
2957 3469 3053 3544 μὲν
3109 3471 3194 3526 οὖν
3255 3470 3308 3526 ἐν
3364 3485 3476 3535 τοῖς
3516 3479 3607 3528 τοῦ
3663 3475 3881 3529 Φωτίου

2225 3556 2614 3633 Σοδλλογισμοῖς
2689 3557 2818 3613 τόσα
2898 3581 2954 3613 τε
3027 3561 3113 3614 καὶ
3191 3559 3387 3635 τοιάδε,
3435 3562 3520 3616 καὶ
3571 3561 3883 3637 ἀρκούντως

2227 3643 2371 3724 ἔχειν
2401 3645 2561 3708 οἶμαι
2630 3648 2717 3702 καὶ
2767 3648 2832 3702 τὰ
2899 3645 3024 3726 παρ’
3098 3649 3255 3723 ἡμῶν
3312 3649 3532 3724 ῥηθέντα
3631 3652 3706 3713 εἰς
3781 3653 3883 3716 τὴν

2228 3733 2436 3789 ἐκείνων
2490 3735 2787 3813 ἁνατροπήν
2825 3753 2836 3766 ·
2888 3734 2919 3789 ἃ
2958 3734 3011 3790 δὲ
3067 3739 3153 3790 καὶ
3210 3736 3396 3816 ἐφεξῆς
3468 3737 3580 3817 ἐρεῖ
3635 3742 3880 3818 προϊὼν,

2227 3821 2470 3900 λογοειδῆ
2542 3824 2850 3896 ποιούμενος
2905 3825 3002 3891 τὴν
3061 3822 3307 3898 διάλεξιν,
3386 3834 3549 3883 ταῦτα
3608 3830 3887 3908 προφασί-

2227 3915 2405 3981 ζνσθαι
2479 3913 2599 3974 τοὺς
2661 3910 2892 3976 ἰταλους
2966 3936 3122 3992 φησι,
3182 3913 3433 3991 λέγοντας
3464 3915 3882 3996 πιιρὰ⁷Αμϐρο-

2228 4001 2368 4074 σίαυ,
2433 4001 2776 4077 Αὐγουστίνου
2844 4023 2901 4057 τε
2994 4006 3079 4058 καὶ
3137 4002 3445 4082 Ἰερωνύμου
3500 4007 3597 4072 τὴν
3668 4006 3733 4061 ἐκ
3795 4007 3890 4064 τοῦ

2230 4089 2350 4142 Υἱου
2406 4087 2788 4166 θεολογηθῆναι
2874 4089 3178 4166 ἐκπόρευσιν
3261 4093 3348 4146 καὶ
3459 4093 3531 4155 εἰς
3614 4093 3889 4172 αἰσχύνην

2224 4177 2368 4255 τάχα
2399 4176 2747 4233 τῶιῚταλῶν
2791 4180 3168 4255 συστήσασθαι,
3228 4179 3361 4256 ἀπὲρ
3416 4185 3521 4236 τῶν
3578 4179 3661 4236 ἐπὶ
3721 4183 3892 4261 σοφίᾳ

2224 4262 2548 4341 περικλύτων
2604 4266 2803 4322 τούτων
2873 4264 3069 4346 ἀνδρῶν
3166 4267 3453 4347 ἀπολογίαν
3526 4267 3890 4349 βουλόμενος,

2167 4352 2363 4447 Βοὕτω
2393 4355 2552 4447 ξρησίν
2585 4371 2598 4385 ⁸

2315 4432 2426 4516 με’.
2491 4464 2519 4496 α
2559 4433 2650 4506 Ὠς
2702 4445 2744 4498 εἰ
2799 4446 2886 4499 καὶ
2928 4445 3165 4522 εἰρήκασι
3221 4453 3374 4502 τοῦτο
3435 4449 3480 4501 oi
3524 4444 3890 4520 δηλωθέντες,

2235 4529 2368 4585 ἄλλα
2430 4530 2548 4588 κατ’
2601 4529 2908 4606 οἰκονομίαν
2979 4531 3112 4596 ἴσως
3171 4535 3464 4612 εἰρήκασιν,
3522 4537 3660 4610 ᾗτινι
3719 4538 3819 4594 καὶ
3864 4539 3894 4592 6

2236 4623 2402 4697 μέγας
2454 4620 2725 4684 Βασίλειος
2781 4621 2836 4676 ἐν
2891 4636 3098 4700 καιροῖς
3158 4621 3302 4686 ἰδίοις
3361 4623 3652 4704 ἐχρήσατο,
3699 4626 3740 4693 ἢ
3803 4627 3897 4681 καὶ

2234 4715 2330 4776 τῆς
2376 4708 2638 4789 ἀκριϐείας
2693 4714 2767 4774 ὡς
2829 4710 3090 4790 ἄνθρωποι
3135 4713 3522 4790 παρεσύρησαν,
3589 4713 3620 4769 ὃ
3690 4712 3899 4770 πολλοὶ

2236 4800 2521 4854 πεπόνθασι
2551 4807 2656 4856 τῶν
2721 4798 2966 4878 μεγάλων
3031 4799 3084 4855 ἒν
3152 4823 3313 4880 τισιν²
3358 4805 3429 4865 ὡς
3490 4800 3904 4881 Ἀλεξανδρείας

2239 4889 2534 4961 Διονύσιος,
2595 4891 2681 4946 καὶ
2751 4887 3000 4952 Μεθόδιος
3069 4891 3096 4944 6
3159 4891 3448 4965 Πατάρων,
3494 4893 3582 4948 ναὶ
3652 4893 3681 4946 ὸ
3746 4891 3911 4948 δεῖνα

2233 4978 2320 5032 καὶ
2349 4980 2376 5031 6
2447 4975 2594 5033 δεῖνα
2660 4980 2765 5033 τῶν
2821 4978 2906 5032 ἒπὶ
2976 4977 3242 5055 ἁγιωσύνῃ
3316 4980 3739 5055 ὀνομασθέντων,

2235 5087 2376 5127 τινας
2405 5066 2583 5143 ῥήσεις
2614 5067 2708 5123 οὺκ
2730 5064 3116 5144 ἀποδεχθῆναι,
3151 5089 3178 5121 ››
3214 5066 3361 5145 λέγ’ῐι
3399 5092 3422 5123 α
3453 5075 3520 5145 τῇ
3555 5066 3874 5141 Ἐκκλησία
3894 5118 3908 5145 ,

2235 5156 2322 5211 καὶ
2351 5161 2512 5211 ταῦτα
2544 5155 2628 5212 ἐπὶ
2656 5155 2776 5218 τοῖς
2807 5153 2994 5216 ὂὶλλοϊς
3026 5153 3219 5234 σφόδρα
3243 5157 3674 5234 θαυμαζομένων.
3715 5181 3741 5214 ι

3848 4981 3868 4996 θ’

3825 5003 3908 5036 ων

2321 5331 2462 5398 Αὕτη
2494 5354 2592 5408 μεν
2635 5333 2723 5390 οὖν
2752 5334 2786 5400 ἡ
2830 5339 2921 5387 τοῦ
2965 5333 3171 5388 Φωτίου
3212 5332 3340 5412 ύπέρ
3398 5332 3738 5412 Ἀμϐροσία),
3780 5339 3903 5395 Αὖ-

2239 5423 2508 5500 γουστίνου
2553 5443 2609 5476 τε
2679 5423 2764 5476 καὶ
2819 5418 3131 5499 Ἱερωνύμου
3183 5421 3442 5499 ἀπολογία
3500 5425 3572 5487 εἰς
3621 5425 3905 5503 αἰσχύνην

2237 5513 2380 5589 τάχα
2437 5509 2803 5586 συντεθειμένη
2885 5509 2988 5565 τῶν
3059 5512 3330 5589 ὁμογενῶν
3409 5512 3590 5576 αὐτοῖς
3634 5510 3904 5578 ἰταλών,

2245 5601 2434 5670 Ἡμεῖς
2466 5601 2518 5660 δὲ
2563 5601 2821 5680 αἰσχύνην
2865 5596 3064 5675 μᾶλλον
3123 5607 3284 5657 ταῦτα
3338 5599 3762 5680 διαγινώσκομεν
3790 5605 3910 5662 τῶν
