4142 6286
276 301 384 365 113
1465 310 1558 370 DE
1598 305 1945 373 UNIONEE

2034 303 2461 371 ILESIARUM.
3556 313 3571 366 l
3597 304 3661 368 14

267 439 409 509 ἀςειν
448 441 609 495 τοῦτο
664 439 984 516 βουλόμενοι
1037 440 1303 519 λέγουσιν,
1366 442 1461 498 οὐκ
1514 442 1599 498 ἐπὶ
1668 443 1807 518 μόνῃ
1864 446 1933 516 τῇ

2034 438 2146 499 iliis
2166 439 2379 502 divina;
2425 441 2745 523 Scripturae
2771 441 3187 520 incisionibus,
3221 440 3282 500 in
3306 437 3524 519 quibus
3545 455 3665 498 non

276 526 599 606 εὐαγγελικῇ
656 530 825 605 ταύτῃ
882 538 1168 608 περικοπῇ,
1240 532 1300 587 τὸ
1352 530 1516 605 ὄνομα
1585 532 1680 589 τοῦ
1722 532 1935 609 ΙΙατρὸς

2034 546 2333 589 nossumus
2352 537 2548 608 aptum
2581 547 2820 591 sensum
2852 530 3093 610 elicere,
3115 528 3230 590 nisi
3253 527 3430 589 etiam
3453 525 3666 588 Filium

276 630 482 689 κεῖται,
559 617 639 693 μὴ
697 618 1192 697 συνειιφωνουμὲνου
1273 622 1361 675 καὶ
1430 623 1522 676 τοῦ
1595 624 1737 693 Υἱοῦ,
1799 618 1935 675 ἀλλὰ

2034 617 2440 695 ,ntelligamus.
2475 616 2602 679 Non
2636 619 2834 700 itaque
2864 619 3021 700 quod
3054 637 3171 680 non
3189 616 3363 678 simul
3401 613 3666 676 enuntia—
3702 656 3711 663 ο

281 706 372 760 καὶ
430 704 521 761 ἐπὶ
578 705 812 767 πολὶαῖς
878 706 1064 771 ἄλλαις
1148 723 1466 785 περικοπαῖς
1552 710 1754 787 ῥήσεων
1811 729 1931 786 γρα.

2034 722 2118 766 Lur
2146 706 2464 787 aliquando
2515 707 2716 788 Filius,
2769 727 2888 770 non
2933 727 3052 770 una
3098 705 3272 767 simul
3305 703 3670 777 intelligetur

276 798 471 871 apud»,
521 793 606 874 ἐφ’
637 796 730 858 αἷς
776 795 873 851 οὒκ
942 794 1047 853 ἕοτι
1103 797 1174 862 κὴ
1232 798 1441 852 καὶτὸν
1501 799 1619 853 Υἱὸν
1675 796 1935 875 ἁρμοζόν-

2034 814 2154 855 :um
2192 795 2379 869 Patre,
2405 796 2508 857 sed
2539 797 2694 875 quod
2722 816 2856 859 cum
2891 797 3065 859 Patre
3092 795 3271 858 simul
3296 791 3662 871 intelligitur,

277 904 384 946 τως
464 882 645 939 ἐκεῖσε
718 888 981 945 νοεῖσθαι.
1040 888 1149 963 Οὒγ
1223 883 1304 941 ὅτι
1362 893 1486 964 γοῦν
1531 889 1608 961 μη
1680 906 1941 963 συνεκφω-

2034 884 2195 944 simul
2228 884 2629 946 enuntiabitur
2661 894 2926 967 tempore
2956 895 3014 948 et
3051 885 3252 965 modo,
3283 890 3348 945 ut
3379 879 3671 962 placuerit

278 985 455 1027 νεῖται
524 969 668 1026 ἔστιν
725 972 813 1028 ὅτε
871 975 899 1029 6
970 976 1113 1047 Υἱὸς,
1176 976 1253 1049 μὴ
1308 976 1808 1044 συνεπινοηθήσεται
1864 979 1941 1046 τῷ

2034 973 2132 1052 illi,
2159 973 2258 1052 qui
2285 974 2463 1034 verba
2492 973 2565 1033 de
2597 977 2769 1036 Patre
2814 983 2875 1035 et
2920 974 3070 1037 Filio
3109 971 3458 1043 instituerit,
3489 969 3667 1030 dum-

282 1061 480 1138 ΙΙατρὶ,
516 1058 637 1115 ἀλλ’
695 1060 777 1117 ὅτι
849 1068 926 1136 τῷ
982 1063 1155 1139 ΙΙατρὶ
1214 1076 1624 1143 στνεπινοεῖται,
1671 1065 1757 1119 καὶ
1814 1085 1940 1120 συν-

281 1149 719 1226 εκφωνηθήσεται
765 1147 906 1205 ἔστιν
950 1148 1059 1222 ὅτε,
1095 1149 1240 1215 ὅπως
1284 1149 1346 1205 ἄν
1402 1149 1566 1216 δοξειε
1622 1159 1698 1224 τῷ
1748 1149 1940 1227 βουλο-

282 1236 428 1309 μένῳ
470 1235 646 1313 λέγειν
698 1239 817 1316 περὶ
873 1240 1088 1316 ΙΙατρὸς
1145 1241 1231 1295 καὶ
1276 1242 1394 1295 1⁸ἱοῦ
1477 1238 1639 1314 μόνον
1693 1241 1735 1294 εἰ
1804 1239 1941 1296 κατὰ

281 1325 381 1391 τὴν
410 1322 599 1393 εὒσεὸἧ
640 1325 845 1383 ἔννοιαν
892 1341 1274 1383 συνεπινοεῖται
1339 1330 1503 1407 αὐτῷ,
1554 1333 1632 1403 μὴ
1675 1349 1941 1408 συνεκφω-

280 1414 537 1489 νούμενος
624 1416 713 1471 καὶ
771 1429 1187 1494 συνεκφωνεῖται
1259 1415 1418 1475 πάλιν
1490 1417 1653 1491 αὖτῳ,
1711 1416 1802 1472 ἅτε
1857 1417 1945 1472 καὶ

279 1504 777 1579 συνεπινοούμενος,
854 1507 951 1562 Καὶ
1020 1505 1103 1561 ἐπὶ
1181 1506 1385 1569 τούτοις
1507 1507 1795 1584 παράγουσι
1877 1506 1943 1560 τὰ

285 1591 621 1649 ἁποστολικὰ
651 1592 834 1649 ἐκεῖνα
863 1594 997 1671 ρητᾶ
1040 1592 1307 1671 λέγοντες.
1344 1586 1401 1651 Ὀ
1446 1593 1767 1660 ’Λπόστολος
1814 1592 1937 1673 ἔφη,

2025 1061 2199 1122 modo
2222 1062 2386 1141 juxta
2421 1063 2573 1141 piam
2604 1064 2959 1124 sententiam
2995 1062 3173 1124 simul
3207 1079 3339 1123 cum
3376 1079 3447 1121 eo
3483 1057 3666 1120 intel-

2025 1150 2243 1231 ligitur,
2265 1151 2402 1212 licet
2431 1170 2548 1212 non
2581 1152 2943 1225 enuntiatus;
2970 1160 3030 1213 et
3057 1150 3453 1212 simulrursus
3470 1166 3668 1209 enun-

2025 1237 2263 1298 tiabitur
2290 1245 2563 1320 tanquam
2597 1240 2854 1320 quicum
2885 1258 2954 1301 eo
2985 1239 3159 1301 simul
3192 1236 3563 1314 intelligitur.
3597 1235 3672 1298 Et

2024 1327 2096 1388 ad
2135 1328 2260 1389 haec
2301 1328 2742 1406 comprobanda
2770 1329 3092 1410 apostolica
3117 1328 3217 1389 illa
3246 1326 3428 1389 verba
3458 1325 3517 1386 in
3547 1344 3669 1387 me-

2025 1416 2188 1477 dium
2237 1418 2510 1479 atl‘erunt.
2573 1419 2893 1496 Apostolus
2945 1418 3113 1490 dixit,
3173 1415 3329 1478 «Soli
3383 1413 3668 1476 invisibili

2028 1505 2279 1585 sapienti
2306 1508 2450 1581 lleo,
2481 1531 2507 1562 »
2547 1515 2627 1579 et,
2663 1532 2689 1561 «
2719 1507 2892 1568 Solus
2925 1506 3237 1587 possidens
3265 1501 3667 1564 immortalita-

2027 1603 2166 1669 tem,
2229 1595 2429 1657 lumen
2483 1595 2755 1656 habitans
2811 1593 3224 1657 inaccessibile
3257 1594 3334 1651 10.
3377 1615 3400 1648 ι
3435 1589 3506 1651 Et
3536 1593 3670 1672 quis

291 1706 317 1735 ι
351 1687 442 1754 Τῷ
484 1682 636 1756 μόνῳ
675 1681 888 1759 ἀοράτῳ
915 1688 1072 1760 carpi}?
1088 1688 1225 1756 Θεῷ,
1269 1706 1288 1736 ι
1367 1684 1479 1756 καὶ,
1519 1706 1545 1737 α
1595 1683 1766 1746 Μόνος
1798 1682 1942 1761 ἔχων

2034 1682 2173 1744 adeo
2203 1684 2484 1744 adversus
2514 1684 2820 1745 veritatem
2852 1684 3138 1764 pudorem
3161 1681 3342 1762 exuit,
3371 1688 3433 1741 ut
3458 1679 3671 1742 audeat

282 1771 593 1850 ἀθανασίαν,
667 1772 776 1850 φῶς
820 1772 977 1826 οἰκῶν
1045 1770 1347 1849 ἀπρόσιτον.
1392 1795 1413 1829 ο
1494 1773 1594 1830 Καὶ
1635 1773 1710 1837 τίς
1778 1770 1942 1833 οὕτως

283 1860 433 1917 ἔσται
476 1863 621 1939 πρὸς
654 1862 753 1928 τὴν
807 1858 1057 1929 ἀλήθειαν
1100 1859 1337 1933 ἀναιδὴς,
1401 1864 1474 1925 ὡς
1533 1860 1798 1937 τολμῆσαι
1869 1862 1946 1916 εἷ-

286 1963 416 2006 πεῖν
448 1951 529 2026 μὴ
574 1952 665 2006 τὸν
697 1952 814 2006 Υἱὸν
858 1949 955 2016 τῆς
984 1950 1227 2029 ἆορασίας
1271 1954 1359 2008 καὶ
1406 1952 1588 2031 σοφίας
1646 1957 1722 2024 τῷ
1775 1951 1949 2028 ΙΙατρὶ

283 2052 591 2119 κοινωνεῖν,
624 2038 686 2102 ἃς
729 2039 807 2112 τῷ
848 2040 1024 2118 ΙΙατρὶ
1056 2041 1203 2114 μόνῳ
1319 2038 1642 2106 Ἀπὸστολος
1670 2040 1724 2097 ἐν
1756 2046 1824 2115 τῇ
1849 2041 1949 2118 ῥη-

282 2131 434 2205 θείσῃ
496 2128 806 2207 ἐπιφημίζει
881 2135 1191 2208 περικοπῇ;
1259 2118 1528 2193 Ὠσαύτως
1591 2130 1669 2192 τίς
1726 2127 1942 2208 ἄμοιρον

287 2218 404 2297 ἐρεῖ
451 2220 547 2275 τὸν
603 2221 723 2274 Υἷὸν
764 2222 864 2285 τῆς
925 2225 1000 2292 τῷ
1067 2220 1241 2293 ΙΙατρὶ
1299 2218 1446 2293 μόνῳ
1514 2218 1941 2298 μαρτυρουμένης

281 2308 430 2385 παρὰ
472 2317 566 2366 τοῦ
595 2306 927 2364 Ἀποστόλου
983 2307 1282 2379 ἀθανασίας,
1345 2309 1432 2363 καὶ
1512 2316 1606 2365 τοῦ
1663 2308 1943 2378 ἀπροσίτου

280 2399 484 2476 ιξιοτὸς,
518 2395 646 2453 ὅπεν
671 2397 833 2471 μόνον
882 2397 975 2452 τὸν
1033 2397 1249 2475 ΙΙατέρα
1309 2397 1476 2453 οἰκεῖν
1531 2399 1559 2452 6
1617 2395 1941 2462 Ἀπόστολος

281 2485 690 2566 λέγειςταῦτα
720 2488 785 2541 τα
841 2484 1165 2542 ἆποστολικέι
1218 2486 1353 2563 ῥητὰ
1409 2486 1738 2564 παράγοντες
1796 2485 1942 2543 ἰτα-

282 2574 365 2633 λοὶ
395 2574 752 2655 ἐπιφέρουσιν,
786 2577 860 2636 ὡς
902 2574 1027 2631 Ἐὰν
1078 2574 1319 2649 ἐνταῦθα,
1376 2574 1508 2631 ὅπου
1563 2576 1740 2653 ῥητῶς
1769 2592 1945 2645 προσ-

284 2687 458 2721 κειται
488 2666 669 2721 καὶτὸ
719 2664 883 2738 μόνος
944 2663 1025 2719 ἐπὶ
1071 2673 1163 2722 τοῦ
1217 2665 1458 2743 ΙΙατρὸς,
1510 2665 1537 2719 6
1612 2667 1727 2727 ι’ἰός
1759 2666 1817 2721 οὐ
1858 2662 1944 2720 δι-

2030 1771 2251 1852 dicere,
2284 1772 2705 1834 invisibilitatis
2736 1782 2793 1833 et
2846 1771 3152 1852 sapientiae
3181 1789 3298 1832 una
3326 1789 3458 1831 cum
3500 1768 3672 1830 Patre

2034 1859 2378 1940 participem
2417 1880 2533 1921 non
2566 1879 2697 1922 esse
2730 1861 2966 1941 Filium,
2999 1878 3147 1940 quas
3179 1857 3336 1920 Patri
3367 1855 3479 1918 soli
3518 1862 3671 1937 Apo-

2032 1948 2215 2009 stolus
2246 1949 2305 2008 in
2334 1949 2451 2026 jam
2485 1948 2640 2009 dicta
2686 1947 2976 2009 incisione
3027 1947 3304 2009 vendicat
3326 1946 3357 2005 ‘?
3388 1943 3673 2008 Similiter

2033 2036 2163 2116 quis
2194 2036 2470 2116 spoliabit
2518 2036 2729 2097 Filium
2769 2054 2858 2110 ea,
2887 2054 3060 2117 quam
3093 2034 3252 2097 Patri
3283 2034 3394 2095 soli
3422 2034 3672 2113 Aposto-

2025 2125 2115 2186 lus
2141 2124 2352 2185 astruit
2379 2125 2844 2197 immortalitate,
2898 2132 2957 2185 et
2985 2122 3387 2185 inaccessibili
3420 2121 3666 2195 lumine,

2024 2214 2181 2294 quod
2215 2213 2404 2274 solum
2439 2221 2662 2293 patrem
2688 2213 2957 2275 habitare
2982 2212 3299 2292 Apostolus
3325 2208 3671 2272 tradit?Haec

2025 2304 2183 2365 dicta
2202 2302 2523 2383 apostolica
2556 2303 2948 2382 producentes
2967 2300 3093 2363 Itali
3125 2300 3392 2363 subdunt
3426 2319 3440 2360 :
3478 2298 3541 2362 Si
3574 2298 3672 2360 hic

2024 2392 2126 2453 ubi
2170 2410 2455 2472 explesse
2498 2392 3013 2472 solusexprimitur
3062 2393 3136 2453 de
3187 2394 3384 2465 Patre,
3418 2387 3608 2451 Filius
3638 2407 3672 2449 a

2028 2484 2200 2544 Patre
2225 2500 2341 2542 non
2374 2491 2701 2561 separatur,
2750 2480 3046 2561 quomodo
3079 2498 3198 2539 non
3230 2478 3405 2549 simul
3440 2476 3667 2539 intelli-

2027 2579 2196 2647 getur
2225 2588 2358 2630 cum
2394 2572 2561 2632 Patre
2585 2571 2644 2630 in
2674 2569 2811 2649 illis,
2845 2570 2908 2630 in
2929 2568 3147 2650 quibus
3168 2566 3334 2629 solus
3358 2566 3513 2628 Patri
3554 2585 3671 2627 non

2028 2659 2301 2738 adjacet?
2332 2662 2624 2721 Praeterea
2649 2659 3055 2735 evangelicum
3084 2658 3228 2719 illud
3262 2656 3509 2736 dictum,
3530 2678 3556 2711 α
3589 2656 3671 2717 De

288 2756 490 2833 ᾕρηται
523 2752 616 2810 τοῦ
659 2754 903 2829 ῙΙατρὸς,
966 2752 1076 2817 πῶς
1125 2754 1247 2832 οὐχὶ
1290 2755 1377 2808 καὶ
1438 2754 1941 2823 συνεπινοηθήσεται

2034 2747 2129 2809 die
2158 2747 2281 2809 illo.
2319 2756 2375 2807 et
2431 2747 2506 2808 de
2557 2748 2701 2809 hora
2757 2766 2934 2809 nemo
2994 2746 3175 2824 novit,
3220 2745 3334 2807 nisi
3381 2748 3553 2807 Pater
3581 2762 3672 2806 so-

292 2850 371 2917 τῷ
402 2843 605 2919 ΙΙατρὶ,
638 2840 721 2919 ἐφ’
752 2844 838 2904 οἷς
863 2841 924 2895 τὸ
952 2838 1111 2914 μόνος
1164 2843 1191 2897 ὁ
1249 2840 1445 2919 Πατὴρ
1488 2844 1546 2898 οὒ
1574 2855 1888 2920 προσκεῖται
1925 2860 1942 2914 ;

2034 2837 2212 2917 lus“,
2245 2857 2272 2895 ι
2308 2856 2424 2897 non
2466 2836 2663 2898 debile
2713 2834 3080 2898 defensionis
3109 2853 3230 2898 suae
3258 2840 3672 2913 argumentum

298 2930 469 2987 Ἀλλᾶ
498 2932 584 2986 καὶ
613 2930 712 2996 τὴν
741 2926 1089 3007 εὖαγγελικὴν
1147 2930 1296 3007 ῥῆσιν
1352 2928 1558 2995 ἐκείνην
1585 2930 1684 2998 την
1748 2954 1776 2985 α
1810 2932 1945 3010 Περὶ

2035 2934 2393 3006 proponunt.
2447 2929 2524 2985 l-In
2562 2924 2746 2996 enim,
2791 2925 2979 3005 aiunt,
3038 2925 3166 3005 ipse
3212 2923 3395 2985 Filius
3432 2930 3543 2995 est,
3574 2920 3675 3002 qui

294 3026 397 3083 τῆς
428 3019 636 3094 ἡμέαας
666 3018 871 3085 ἐκείνης
945 3021 1030 3073 καὶ
1086 3024 1181 3094 τῇς
1232 3018 1371 3096 ὥρας
1426 3016 1530 3097 οὐδ,
1589 3022 1671 3082 εἴς
1729 3019 1875 3075 οἶδεν
1903 3009 1945 3075 εἰ

2034 3014 2196 3087 dicit,
2221 3014 2414 3075 solum
2440 3016 2668 3077 Patrem
2693 3012 2992 3075 scire.Sed
3024 3012 3181 3093 quod
3206 3010 3318 3073 sibi
3347 3009 3462 3091 fpsi
3491 3017 3555 3071 ut
3572 3010 3676 3070 ho-

297 3110 375 3185 μὴ
404 3111 435 3165 ὁ
468 3106 659 3187 Πατὴρ
689 3108 875 3187 μόνος,
911 3128 937 3161 ι)
1010 3107 1063 3163 ἐν
1131 3109 1335 3187 ἰσχυρῷ
1386 3107 1583 3163 τιθέασι
1612 3110 1710 3175 τῆς
1742 3107 1948 3166 ἀπολο-

300 3200 422 3275 γίας
454 3200 650 3259 αὐτῶν.
724 3195 856 3253 ἰδοὺ
911 3196 1009 3274 γὰρ
1078 3198 1234 3259 αὐτός
1279 3196 1411 3270 ἐστι,
1488 3198 1664 3276 φασὶν,
1697 3199 1725 3253 6
1780 3196 1949 3275 λέγων

300 3289 420 3350 Υἱὸς
464 3286 625 3361 μόνον
668 3288 760 3342 τὸν
807 3285 1021 3363 ΙΙατὲρα
1081 3283 1288 3341 εἰδέναι.
1349 3283 1497 3341 Ἀλλ’
1528 3284 1609 3340 ὅτι
1651 3291 1728 3359 τῷ
1757 3286 1952 3365 ἀνθρω-

293 3399 435 3447 πινῳ
489 3376 676 3435 ἐαυτοῦ
731 3376 794 3431 τὸ
835 3379 933 3437 τῆς
1015 3374 1228 3451 ἀγνοίας
1306 3376 1554 3431 ταπεινὸν
1624 3397 1948 3454 προσαπτει,

294 3465 486 3543 ἆῗίησι
520 3479 664 3520 νοεῖν
692 3464 793 3531 τὴν
823 3463 957 3538 μετὰ
1002 3465 1218 3542 ΙΙατρὸς
1274 3464 1501 3542 φυκικὴν
1552 3462 1711 3519 αὒτοῦ
1754 3463 1951 3531 ἑνότη-

294 3575 384 3626 τα,
419 3555 509 3609 καὶ
579 3556 679 3619 τήν
750 3552 979 3607 ἐντεῦθεν
1029 3552 1150 3625 μίαν
1193 3558 1387 3629 γνῶσιν
1428 3558 1520 3607 τοῦ
1590 3552 1808 3632 Πατρός
1865 3560 1954 3615 καὶ

294 3645 499 3700 αἲτοῦ⁹
532 3640 654 3721 Ἀφ’
712 3642 870 3718 οὗπερ
932 3637 1274 3718 εὖαγγελικοῦ
1368 3640 1526 3709 ῥητοῦ
1611 3646 1681 3717 τῇ
1756 3639 1954 3714 διανοίᾳ

290 3736 403 3786 τῶν
458 3727 767 3804 μελλόντων
819 3729 919 3796 τὴν
988 3726 1252 3784 εὐσεϐειαν
1292 3727 1638 3808 ὑποδέχεσθαι
1695 3730 1795 3796 τὴν
1852 3734 1949 3799 τῆς

292 3825 523 3898 φυσικῆς
578 3819 828 3884 ἐνόεητος
884 3817 1267 3895 ἐγκατέστησεν
1351 3817 1572 3880 ἔννοιαν,
1608 3820 1763 3876 Ποίου
1819 3821 1946 3876 τού-

2035 3102 2182 3163 mini
2211 3103 2504 3182 abjectum
2538 3101 2881 3180 ignorantiae
2904 3097 3676 3180 appingit,suamipsiusna-

2035 3192 2283 3253 turalem
2317 3191 2596 3251 unionem
2628 3208 2761 3250 cum
2794 3191 2970 3251 Patre
3014 3187 3329 3267 concipere
3377 3183 3673 3259 concedit,

2035 3281 2293 3361 indeque
2327 3298 2503 3341 unam
2538 3289 2594 3340 et
2630 3278 2820 3340 Patris
2850 3285 2909 3340 et
2932 3276 3068 3337 Filii
3096 3274 3518 3355 cognitionem.
3548 3273 3675 3346 Quo

2036 3368 2370 3448 evangelico
2416 3369 2572 3429 dicto
2625 3367 2826 3428 animo
2875 3384 3105 3440 eorum,
3139 3363 3240 3446 qui
3289 3361 3678 3442 amplexaturi

2038 3467 2208 3521 erant
2229 3458 2527 3537 pietatem,
2563 3454 2850 3519 naturalis
2880 3454 3117 3516 unionis
3147 3455 3543 3533 cognitionem
3577 3450 3674 3512 in-

2036 3548 2286 3609 sinuavit
2364 3547 2678 3627 Cujusnam
2728 3562 2868 3605 vero
2922 3543 3109 3607 dicti?
3147 3543 3347 3604 illius:
3390 3565 3416 3597 α
3449 3538 3570 3620 Ego
3619 3548 3678 3602 et

2036 3639 2201 3699 later
2230 3655 2409 3697 unum
2441 3652 2643 3696 sumus
2672 3634 2747 3692 13.
2778 3659 2805 3691 κ
2842 3633 2958 3696 Sed
2984 3633 3107 3713 jam
3167 3640 3401 3713 tempus
3443 3639 3532 3692 est
3561 3647 3671 3709 po-

2032 3735 2254 3787 strema
2283 3725 2477 3787 Photii
2499 3725 2678 3785 verba
2707 3720 3376 3802 examinandiNamque
3406 3719 3507 3781 ille
3539 3737 3673 3779 cum

2028 3816 2100 3879 ad
2123 3833 2327 3876 eorum
2353 3815 2530 3874 tinem
2567 3813 2951 3893 pervenisset,
2983 3812 3109 3873 haec
3128 3810 3307 3871 habet
3331 3828 3345 3872 :

292 3897 387 3965 του
428 3909 594 3985 ῥητοῦ
628 3927 644 3986 ;
677 3914 770 3964 τοῦ
807 3936 828 3963 ι
866 3907 988 3984 Εγὼ
1008 3909 1095 3963 καὶ
1125 3909 1153 3963 ὁ
1184 3907 1370 3987 Πατὴρ
1398 3907 1454 3964 ἕν
1509 3908 1692 3983 ἐσμεν.
1742 3928 1764 3958 ι
1830 3912 2020 3989 Καιρός
2074 3907 2182 3961 ἐστι
2240 3904 2424 3960 λοιπὸν
2472 3904 2555 3959 ἐπὶ
2611 3905 2676 3959 τα
2721 3903 2997 3963 τελευταῖα
3028 3903 3132 3958 τῶν
3154 3911 3247 3960 τοῦ
3268 3900 3472 3957 Φωτίου
3501 3897 3673 3976 λέγων

297 3996 499 4055 ἐλθεῖν.
551 3996 692 4075 Πρὸς
724 3996 824 4073 γὰρ
866 4001 942 4068 τῷ
966 3994 1113 4052 τέλει
1153 3995 1350 4051 τούτων
1393 3998 1540 4060 οὗτος
1570 3997 1874 4073 γενόμενος,
1922 4000 2057 4055 οὕτω
2086 3995 2241 4075 φησίν
2269 4015 2282 4027 ·

374 4076 505 4161 μηδ’,
561 4105 583 4134 I
637 4083 799 4140 Ἀλλὰ
826 4086 875 4140 τί
903 4082 986 4141 δεῖ
1041 4082 1214 4140 πολλᾶ
1256 4083 1475 4163 λέγεινς
1555 4075 1612 4142 Ὀ
1680 4087 1800 4148 Υἱὸς
1858 4088 1945 4142 καὶ

300 4176 585 4241 Δεσπότης
639 4175 700 4229 τὸ
756 4180 964 4247 Πνεῦμα
1021 4171 1080 4227 ἐκ
1162 4181 1254 4229 τοῦ
1323 4176 1523 4253 [ἰατρὸς
1578 4174 1946 4253 ἐκπορεύεσθαι

300 4276 678 4342 μυσταγωγεῖ.
725 4262 822 4319 Καὶ
863 4264 891 4317 ὃ
950 4260 1114 4338 μέγας
1169 4259 1223 4316 δὲ
1266 4261 1470 4325 Παῦλος
1530 4262 1670 4326 αὖθις
1724 4263 1947 4343 ἀποφαί-

299 4373 443 4408 νεται
473 4350 652 4427 λέγων
684 4368 699 4383 ’

2110 4084 2206 4145 48.
2239 4083 2400 4145 «Sed
2435 4083 2573 4154 quid
2611 4100 2760 4162 opus
2794 4088 2883 4142 est
2922 4080 3100 4141 multa
3136 4076 3465 4157 aggerere‘?
3493 4075 3676 4138 Filius

2032 4181 2088 4233 et
2110 4171 2399 4233 Dominus
2429 4171 2712 4249 Spiritum
2750 4188 2818 4231 ex
2854 4173 2972 4231 Pati
2993 4187 3025 4230 e
3058 4168 3383 4247 procedere
3415 4184 3522 4226 nos
3552 4164 3673 4225 ini-

2034 4260 2234 4321 tiando
2267 4258 2458 4321 docet.
2490 4258 2557 4320 Et
2583 4276 2827 4334 magnus
2878 4258 3016 4321 item
3069 4256 3301 4318 Paulus
3328 4271 3534 4315 rursus
3564 4253 3671 4314 de-

759 4372 781 4402 ι
845 4355 951 4406 Κᾶν
1018 4350 1181 4423 ἡμεῖς
1250 4347 1285 4416 ἢ
1344 4348 1567 4427 ἅγγελος
1626 4350 1678 4415 ἐξ
1734 4341 1945 4430 οὖρανοῠ

2034 4349 2222 4409 cernit
2249 4370 2259 4407 :
2289 4349 2453 4411 Licet
2477 4367 2606 4428 nos,
2637 4356 2731 4409 aut
2766 4346 3012 4425 angelus
3032 4345 3108 4406 de
3137 4344 3285 4405 cirlo
3320 4341 3675 4421 evangeliza-

300 4422 708 4518 εόαγγελζηται
751 4436 900 4513 ὗμῖν,
947 4422 1069 4508 παρ⁶
1101 4437 1129 4492 ὃ
1183 4422 1656 4514 εὐηγγελισάμεθα,
1717 4422 1945 4514 ὰνέίθῑμα

2034 4437 2180 4497 verit
2210 4436 2372 4497 vobis
2426 4422 2636 4517 praeter
2666 4436 2748 4502 id.
2797 4422 2952 4515 quod
2990 4453 3093 4494 nos
3124 4431 3671 4512 evangelizavimus,

306 4528 464 4586 ἔστω.
525 4552 548 4581 ο
603 4529 702 4586 Καὶ
759 4527 834 4590 τίς
891 4525 1134 4597 ἐπιζητεῖ
1202 4524 1512 4583 διδάσκαλον
1559 4525 1742 4601 ἄλλον,
1775 4529 1818 4583 εἰ
1873 4528 1949 4604 μὴ

302 4625 585 4699 προφανῶς
634 4617 873 4693 μέμηνεν
907 4635 924 4695 ;
962 4645 984 4675 υ

385 4709 488 4764 Δύο
518 4706 647 4784 γοὸν
694 4705 892 4761 τούτων
934 4705 1130 4782 ῥητῶν,
1179 4702 1515 4781 εὒαγγελικου
1566 4725 1623 4759 τε
1663 4707 1750 4760 καὶ
1806 4706 1947 4763 ἆποο

300 4797 567 4870 στολικοῦ,
629 4795 1013 4875 ἰσχυροτάτων,
1072 4796 1145 4858 ὡς
1199 4790 1348 4849 δοκεῖ
1411 4793 1621 4867 Φωτίῳ,
1670 4796 1800 4872 πρὸς
1849 4797 1948 4862 τὴν

303 4891 398 4953 τῆς
428 4885 758 4952 Ἐκκλησίας
790 4881 1080 4954 διάστασιν,
1141 4883 1270 4960 πρὸς
1317 4880 1413 4956 μὲν
1468 4883 1530 4937 τὸ
1574 4885 1780 4960 πρῶτον
1812 4882 1949 4940 οὕτω

301 4973 413 5031 κατ’
445 4975 711 5053 ἐρώτησιν
742 4974 836 5029 τὸν
865 4971 1028 5049 λόγον
1076 4971 1401 5049 προάγομεν.
1466 4969 1609 5026 Auiti
1672 4970 1725 5025 ἐν
1771 4973 1946 5050 Εὔαγ-

301 5063 489 5140 γελίοις
532 5066 562 5120 6
595 5064 783 5140 Κύριος
844 5060 946 5138 ἔφη
988 5059 1049 5114 τὸ
1106 5065 1315 5133 Πνεῦμα
1373 5058 1433 5113 ἐκ
1488 5069 1579 5114 του
1640 5061 1841 5139 Πατρὸς
1866 5061 1951 5117 ἐκ·

303 5155 624 5229 πορεύεσθαι,
714 5148 1105 5229 γνωματεύεις,
1212 5152 1409 5221 Φώτιε,
1495 5149 1593 5212 την
1675 5150 1949 5207 κοινωνῖαν

303 5244 435 5315 ἡμᾶς
490 5248 591 5310 τῆς
667 5231 984 5315 Ῥωμαϊκῆς
1031 5234 1342 5311 Ἐκκληοιας
1401 5235 1479 5311 μὴ
1537 5233 1944 5315 καταδέχεσθαι,

305 5329 552 5409 λεγούσης
612 5331 674 5388 ἐκ
736 5328 950 5406 Πατρὸς
1007 5327 1095 5381 καὶ
1126 5326 1272 5385 ἳΐὶοῦ
1342 5326 1466 5382 αὐτὸ
1537 5324 1941 5407 ἐκπορεύεσθαι;

305 5418 439 5476 Ἀλλ’
470 5425 513 5479 οξ
560 5418 795 5498 [πατέρες
865 5416 1025 5491 ἡμῶν
1069 5411 1336 5477 Βασίλειός
1378 5434 1433 5468 τε
1493 5414 1580 5469 καὶ
1632 5414 1944 5495 Γρηγόριος,

2034 4527 2354 4588 anathema
2386 4526 2481 4587 sit.
2517 4525 2585 4586 Et
2607 4525 2877 4605 quisnam
2923 4524 3101 4584 alium
3134 4522 3435 4584 doctorem
3468 4519 3671 4601 inqui-

2032 4623 2145 4694 ret,
2172 4615 2229 4675 ni
2259 4615 2429 4695 plane
2460 4615 2710 4675 in~aniat
2734 4612 2764 4671 ?
2799 4638 2818 4668 ι

2116 4703 2241 4764 Duo
2275 4704 2472 4784 itaque
2501 4704 2626 4764 haec
2653 4701 3045 4782 pronuntiata,
3078 4700 3480 4780 evangelicum
3513 4718 3677 4762 nem-

2035 4811 2107 4872 pe
2130 4802 2188 4854 et
2215 4792 2605 4873 apostolicum
2637 4790 3020 4865 validissima,
3074 4800 3138 4852 ut
3187 4791 3415 4853 videtur
3442 4790 3674 4872 Photio,

2031 4883 2103 4942 ad
2150 4882 2590 4962 propagandum
2646 4880 2929 4942 Ecclesiae
2987 4879 3301 4941 dissidium
3363 4892 3520 4940 sunt.
3558 4878 3678 4941 Nos

2035 4969 2222 5049 primo
2253 4969 2579 5031 secundum
2614 4968 3133 5047 interrogationem
3155 4970 3484 5032 orationem
3504 4970 3674 5049 dige-

2033 5068 2231 5118 rentes
2291 5056 3021 5138 respondebimus.Quiam
3053 5057 3365 5137 Evangelia
3398 5056 3542 5119 dixit
3566 5057 3674 5118 Do-

2036 5147 2252 5221 minus,
2287 5145 2568 5227 Spiritum
2622 5168 2690 5208 ex
2751 5150 2927 5210 Patre
2977 5148 3322 5228 procedere,
3375 5149 3677 5231 decernis,

2032 5236 2229 5316 Photi,
2257 5255 2289 5296 a
2322 5236 2491 5298 nobis
2521 5256 2651 5298 cum
2688 5239 2953 5300 Romana
3012 5236 3278 5301 Ecclesia
3308 5232 3679 5301 communio-

2030 5343 2164 5385 nem
2201 5327 2596 5406 respuendam
2648 5345 2801 5397 esse,
2837 5326 3074 5390 dicente
3122 5347 3193 5389 ex
3240 5331 3412 5391 Patre
3442 5337 3498 5390 et
3526 5328 3676 5391 Filio

2030 5413 2197 5473 illum
2232 5417 2587 5494 procedere?
2611 5416 2725 5479 Sed
2754 5416 2952 5482 Patres
2998 5417 3185 5479 nostri
3227 5417 3500 5493 Basilius,
3536 5417 3679 5482 Gre-

370 5590 476 5654 τοι
507 5591 665 5655 Tim.
694 5605 741 5661 ι,
783 5586 867 5648 17
904 5603 921 5664 ;
955 5598 1033 5660 v1,
1063 5584 1126 5645 6.
1162 5580 1207 5631 11
1265 5579 1450 5644 Marc.
1476 5598 1600 5659 xm,
1639 5580 1738 5644 t2.
1774 5581 1945 5645 19.10:

2060 5600 2121 5657 Χ,
2153 5583 2249 5647 30.
