4142 6286
537 331 644 393 119

526 566 726 628 porro.
765 550 864 629 qui
897 552 1021 612 haec
1042 551 1479 629 legis,attende,
1504 551 1860 631 adverteque
1881 550 2166 611 animum.

530 638 999 719 Archiepiscopo
1032 640 1091 700 in
1125 640 1381 700 medium
1412 640 1721 712 afferente,
1746 663 1769 692 α
1796 637 2170 718 Quaecunque

531 726 707 789 habet
728 726 1038 789 PaterFilii
1070 738 1264 799 sunt,»
1285 729 1410 808 ipse
1432 739 1637 788 contra
1667 726 1933 807 opponit:
1953 731 2033 789 Ita
2056 740 2167 787 est.

530 814 737 878 Omnia
755 818 943 879 Patris
955 817 1084 879 Filii
1102 818 1373 889 sunt,sed
1399 837 1526 897 quae
1542 817 1878 878 communia
1891 824 2026 876 sunt
2049 815 2173 876 uni-

532 905 1693 986 versaaDeitatis.quasidiceretillaPatris
1708 905 1926 966 habere
1943 904 2170 973 Filium,

533 1012 660 1073 quae
690 996 1025 1056 communia
1059 1004 1268 1055 suntet
1295 994 1563 1076 Spiritui:
1589 998 1695 1054 hoc
1719 994 1875 1054 enim
1909 993 2174 1053 inductio

533 1088 853 1156 notat,cum
879 1084 1229 1150 dicit,ve|uti
1247 1082 2174 1164 sempiternum,supersubstan-

538 1170 765 1244 tiale,et
794 1172 1367 1253 similiazsiquidem
1408 1174 1629 1253 absque
1663 1173 1780 1233 ulla
1814 1171 2176 1232 hazsitatiune

538 1259 676 1321 binc
700 1261 898 1342 infert,
923 1281 1239 1323 commune
1275 1262 1429 1323 Patri
1464 1272 1522 1324 et
1552 1262 1699 1323 Filio
1733 1262 1917 1321 solum
1952 1259 2094 1320 illud
2115 1278 2178 1319 se

538 1350 690 1411 velle
719 1350 941 1429 dicere,
978 1353 1131 1431 quod
1168 1361 1225 1412 et
1272 1351 1517 1431 Spiritui
1567 1368 1884 1411 commune
1915 1357 2035 1409 est:
2062 1367 2174 1407 non

537 1445 737 1499 tamen
771 1456 903 1500 esse
952 1459 1253 1521 proprmm
1287 1440 1504 1521 aliquid
1542 1439 1695 1501 Patri
1729 1448 1788 1500 et
1828 1439 1996 1517 Filio,
2021 1436 2174 1516 quod

542 1544 657 1586 non
690 1526 765 1588 sit
795 1538 852 1590 et
881 1527 1145 1608 Spiritui.
1189 1528 1402 1591 Verum
1428 1548 1531 1608 ego
1564 1529 1794 1590 affirmo
1834 1546 1966 1588 eum
1987 1548 2017 1587 a
2042 1544 2176 1586 vero

539 1614 839 1677 aberrare.
884 1617 1391 1689 Quemadmodum
1441 1617 1597 1679 «nim
1650 1619 1706 1679 in
1742 1614 2177 1697 objectionibus

540 1705 820 1766 adversus
880 1706 1151 1769 l’hotium
1212 1707 1611 1787 probavimus.
1668 1717 1802 1768 sunt
1844 1703 2175 1766 communia

542 1792 756 1874 tribus,
779 1795 1043 1873 quaaillis
1067 1796 1409 1857 naturaliter
1455 1797 1658 1857 insunt
1697 1796 1872 1874 bona,
1907 1813 2037 1855 cum
2071 1811 2177 1853 na-

543 1883 1063 1961 turaipsisinnata
1105 1884 1242 1958 sint,
1283 1904 1393 1946 nec
1437 1886 1655 1947 deforis
1686 1885 2085 1964 arquirantur,
2122 1888 2184 1939 ut

540 1972 998 2052 sempiternum,
1035 1974 1624 2054 supersubs:antiale,
1673 1985 1723 2034 et
1784 1972 2020 2034 similia.
2086 1972 2185 2031 Est

549 2078 681 2121 vero
705 2069 761 2121 et
789 2061 1005 2142 aliquid
1035 2080 1351 2124 commune
1377 2065 1532 2126 Patri
1554 2073 1609 2125 et
1635 2063 1807 2137 Filio,
1844 2061 1998 2140 quod
2044 2058 2183 2138 Spi-

542 2148 681 2210 ritui
707 2169 1025 2211 commune
1054 2171 1170 2213 non
1204 2161 1311 2212 est.
1348 2151 1417 2212 Et
1450 2154 1557 2213 hoc
1581 2171 1700 2213 non
1724 2172 1787 2212 ex
1825 2149 2087 2224 aliis,sed
2115 2166 2183 2208 ex

542 2238 672 2318 ipso
703 2239 964 2299 veritatis
994 2239 1236 2318 Spiritu,
1263 2241 1337 2301 de
1359 2260 1474 2321 quo
1507 2241 1677 2301 nobis
1706 2259 1901 2301 sermo
1925 2249 2035 2313 est,
2070 2255 2161 2296 ma

548 2327 828 2388 nifestum
865 2329 998 2391 erit.
1037 2328 1134 2389 Est
1166 2330 1323 2389 enim
1365 2346 1679 2391 commvue
1714 2328 1864 2389 Patri
1911 2338 1969 2388 et
2013 2326 2185 2397 Filio,

546 2434 614 2476 ex
647 2420 918 2498 utrisque
943 2438 1079 2482 esse
1111 2418 1430 2501 Spiritum:
1459 2429 1514 2481 et
1546 2430 1634 2481 est
1678 2438 1993 2480 con-tmune
2035 2410 2189 2477 Patri

548 2512 604 2565 et
628 2504 773 2567 Filio
813 2508 1142 2583 effundere,
1196 2510 1487 2581 emittere,
1542 2520 1599 2569 et
1657 2509 1935 2587 effulgere
1986 2506 2190 2567 amhns

549 2594 831 2673 Spiritum
870 2597 923 2657 in
960 2596 1257 2677 bypostasi
1309 2607 1364 2659 et
1415 2598 1809 2659 essentialiter
1841 2617 1854 2656 :
1887 2601 2012 2677 ipse
2053 2614 2189 2656 vero

549 2682 804 2764 Spiritus
863 2702 1055 2765 neque
1109 2686 1379 2761 effundit,
1440 2707 1632 2767 neque.
1690 2687 1947 2763 effulget,
2003 2702 2192 2765 neque

1591 329 1860 394 JOANN.
1902 330 2118 391 VICCCI
2146 328 2257 389 GP.
2294 330 2831 392 PATRIARCHJC.

608 461 822 523 Et‘haec
852 462 1091 542 quidem
1126 463 1395 524 Phurnes
1422 461 1493 522 ad
1517 452 2055 541 arcbiepiscopnm:
2079 460 2164 521 Tu

2269 466 2424 516 Γαῦτα
2481 460 2578 535 μὲν
2654 464 2784 541 πρὸς

3785 328 3895 390 1'30

2886 465 2976 519 τὸν
3052 464 3467 543 ἀρχιεπίσκοπον
3538 466 3566 520 6
3629 466 3890 541 Φουρνῆς,

2255 549 2327 603 Σὺ
2377 546 2431 604 δὲ
2489 553 2516 605 6
2582 563 2700 613 τοῖς
2783 561 3033 631 παροῦσιν
3104 552 3461 633 ἐντυγχάνων,
3515 551 3701 609 σκόπει
3763 551 3892 623 πρὸς

2252 646 2440 695 ταῦτα.
2501 649 2603 698 Τοῦ
2681 642 3105 722 ἀρχιεπισκόπου
3160 644 3548 721 προτεῖναντος,
3618 664 3639 695 ι
3712 640 3897 702 ΙΙάντα

2255 723 2350 782 ὅσα
2382 725 2496 807 ἔχει
2528 730 2556 784 6
2602 730 2820 807 Πατὴρ,
2869 741 2959 809 τρῦ
3007 735 3127 790 Υἱού
3183 731 3345 804 ἐστιν,
3390 752 3413 782 α
3473 733 3627 793 αὐτὸς
3656 731 3898 807 ἀντιπρο-

2254 815 2407 871 τείνει
2441 835 2453 846 ·
2511 818 2608 873 Ναὶ
2645 818 2815 875 πάντα
2856 821 2921 874 τὰ
2962 829 3055 879 τοῦ
3109 818 3323 898 Πατρὸς
3394 823 3487 877 τοῦ
3557 822 3678 875 ι’ἱοῦ
3732 817 3892 887 ἐστιν,

2258 903 2397 968 πλὴν
2426 903 2561 961 ἀλλά
2584 907 2650 962 τὰ
2678 908 2829 962 κοινὰ
2855 914 2952 974 τῆς
3011 908 3143 975 ὅλης
3177 909 3458 988 Θεότητος,
3518 909 3674 964 οἷονεῖ
3728 905 3897 983 λέγως’

2258 991 2436 1048 ἐκεῖνα
2465 995 2529 1050 τὰ
2588 1005 2678 1053 τοῦ
2748 998 2964 1076 ΙΙατρὸς
3024 996 3169 1077 ἔχειν
3239 1000 3331 1054 τὸν
3383 1000 3524 1070 Υἱὸν,
3558 995 3688 1074 ἅπερ
3720 994 3897 1051 ἔνεστι

2257 1082 2407 1136 κοινὰ
2436 1084 2523 1138 καὶ
2552 1090 2626 1157 τῷ
2661 1085 2939 1158 ΙΙνεύματι
3025 1097 3186 1145 Τοῦτο
3243 1088 3342 1165 γὰρ
3400 1088 3435 1154 ἡ
3493 1086 3750 1163 ἐπαγωγὴ
3808 1082 3896 1148 δη-

2259 1168 2373 1249 λοῖ,
2405 1169 2458 1225 ἐν
2488 1174 2573 1235 οἷς
2603 1170 2764 1250 λέγει,
2804 1178 2921 1230 οἷον
2966 1177 3026 1230 τὸ
3081 1174 3276 1250 αἶ’διον,
3339 1177 3398 1233 τὸ
3431 1176 3765 1253 ὕπερούσιον,
3813 1173 3899 1228 καὶ

2258 1259 2323 1313 τὰ
2392 1259 2627 1318 τοιαῦτα.
2723 1253 3188 1340 ὐμολογουμένως
3258 1265 3357 1341 γὰρ
3411 1264 3646 1320 ἐντεῦθεν
3707 1261 3900 1341 εμφαί-

2261 1367 2357 1417 νει,
2397 1345 2476 1401 ὅτι
2505 1350 2679 1404 κοινὸν
2711 1351 2885 1429 Πατρὶ
2916 1354 3001 1407 xxi
3056 1354 3160 1426 ι’ἱῷ
3205 1355 3382 1409 ὲκεϊνο
3439 1352 3598 1426 μόνον
3656 1350 3794 1407 θέλει
3824 1350 3901 1405 εἷ-

2259 1457 2367 1513 ναι,
2400 1433 2527 1514 ὅπερ
2583 1436 2690 1493 ἐστὶ
2747 1442 2920 1495 κοινὸν
2951 1442 3040 1497 καὶ
3088 1446 3163 1513 τῷ
3220 1439 3490 1515 Πνεύματι
3527 1460 3539 1473 ·
3598 1442 3656 1497 οὗ
3725 1439 3900 1515 μέντοι

2260 1545 2319 1600 γε
2349 1520 2647 1593 ἰδιαζόντως
2671 1528 2812 1583 εἶναί
2866 1550 2915 1583 τι
2945 1531 3121 1585 κοινὸν
3182 1531 3355 1600 Πατρὶ
3425 1531 3511 1585 καὶ
3568 1533 3696 1598 Υἱῴ.
3772 1530 3899 1603 ὅπερ

2262 1612 2338 1687 μὴ
2390 1613 2633 1691 πρόσεστι
2694 1616 2781 1670 καὶ
2835 1623 2911 1690 τῷ
2968 1619 3268 1691 ΙΙνεόματι,
3343 1616 3494 1674 Ἀλλ’
3588 1616 3696 1695 ἐγὼ
3767 1638 3904 1694 φημι

2261 1699 2516 1780 amitam
2573 1710 2753 1759 τοῦτον
2811 1708 2907 1773 τῆς
2977 1705 3222 1772 ἀληθείας
3302 1710 3373 1769 εἱς
3427 1712 3603 1767 τοῦτο.
3680 1716 3751 1767 Ως
3808 1706 3905 1782 γὰρ

2262 1792 2350 1846 καὶ
2394 1789 2447 1845 ἐν
2477 1804 2597 1855 ταῖς
2655 1795 2785 1869 πρὸς
2842 1797 2930 1850 τὸν
2985 1796 3190 1851 Φώτιον
3257 1795 3585 1874 ἀντιῤῥήσεσι
3638 1796 3909 1873 παρεστή-

2265 1900 2454 1957 σαμεν,
2488 1879 2597 1936 ἔστι
2658 1883 2753 1955 μὲν
2798 1884 2948 1938 κοινὰ
2991 1898 3107 1948 τοῖς
3151 1888 3287 1962 τρισὶ
3341 1888 3407 1941 τὰ
3436 1890 3666 1965 φυσικῶς
3727 1884 3907 1945 αὸτοϊς

2267 1967 2632 2047 ἐνυπάρχοντα
2688 1971 2880 2049 ἀγαθὰ,
2941 1975 3012 2037 ὼς
3076 1975 3224 2053 φύσει
3302 1987 3419 2036 τοῖς
3477 1974 3763 2052 προσόντα,
3824 1973 3909 2028 καὶ

2267 2058 2358 2112 οὐκ
2387 2056 2595 2126 ἔξωθεν,
2631 2057 2719 2115 0'33
2746 2060 3024 2137 ἐπίκτητα,
3059 2068 3177 2120 οἷσν
3232 2064 3292 2119 τὸ
3323 2061 3493 2120 ἀΐδιον

3504 2110 3519 2143 ,
3577 2065 3638 2119 τὸ
3687 2062 3910 2140 ὑπεραύ-

2269 2167 2403 2216 σιον,
2436 2148 2524 2201 καὶ
2552 2147 2615 2201 τὰ
2661 2159 2872 2207 τοιαῦτα
2910 2171 2922 2185 ⁸

2984 2151 3093 2208 ἔστι
3151 2150 3205 2208 δὲ
3253 2156 3341 2209 καὶ
3398 2176 3445 2208 τι
3496 2153 3670 2209 κοινὸν
3735 2152 3917 2227 ΙΙατρὶ

2268 2235 2356 2289 καὶ
2387 2236 2514 2307 Υἱῷ,
2575 2234 2703 2315 ὅπερ
2773 2241 2867 2295 οὐκ
2941 2240 3052 2296 ἔστι
3109 2242 3282 2298 κοινὸν
3334 2243 3420 2298 καὶ
3506 2247 3581 2315 τῷ
3631 2236 3907 2315 ῙῙνεύματι

2274 2323 2372 2378 Καὶ
2413 2332 2565 2381 τοῦτο
2622 2326 2717 2381 οὐκ
2771 2326 2830 2383 ἐκ
2883 2328 3080 2397 ἄλλων,
3141 2329 3258 2387 ἀλλ’
3304 2330 3356 2396 ἐξ
3437 2332 3593 2386 αὐτοῦ
3647 2330 3910 2406 γνώριμον

2274 2408 2419 2465 ’ἐσται
2463 2412 2555 2497 τοῦ
2596 2414 2693 2480 τῆς
2720 2414 2967 2483 ἀληθείας
3000 2420 3335 2494 Πνεύματος,
3396 2420 3512 2497 περὶ
3571 2418 3629 2473 οὗ
3682 2420 3710 2474 ὁ
3754 2417 3910 2495 λόγος

2272 2500 2429 2573 ἡμῖν.
2463 2489 2624 2557 ⁷Ἐστι
2653 2504 2751 2581 γὰρ
2780 2508 2953 2562 κοινὸν
3010 2489 3181 2588 Ιιατρὶ
3249 2489 3335 2565 καὶ
3380 2489 3485 2581 Υἱῷ
3546 2509 3599 2563 '6
3629 2506 3683 2572 ἐξ
3714 2489 3912 2586 ἀμφοῖν

2274 2601 2411 2643 εἶναι
2466 2591 2527 2646 τὸ
2587 2593 2811 2667 Πνεῦμα
2851 2597 2940 2651 καί
2995 2597 3104 2653 ἐστι
3160 2599 3335 2653 κοινὸν
3388 2597 3561 2675 ΙΙατρὶ
3630 2596 3720 2651 καὶ
3786 2597 3908 2669 Υἱῷ,

2274 2677 2351 2731 ὃτι
2421 2676 2768 2755 ἐκπέμπουσι,
2815 2686 2903 2739 καί
2985 2687 3301 2766 προχέουσι,
3386 2687 3473 2741 καὶ
3556 2682 3912 2759 ἐκλάμπ.υσιν

545 2763 765 2833 emittit
794 2763 973 2833 alitm
999 2792 1065 2834 ex
1100 2775 1299 2855 seipse
1330 2775 1391 2836 in
1423 2763 1714 2856 hypostasi
1748 2774 2053 2855 Spiritum,
2074 2763 2183 2833 nisi

2276 2763 2434 2844 ἄμφω
2464 2769 2523 2822 τὸ
2573 2770 2798 2846 ΙΙνεύμα
2841 2773 3203 2839 ἐνυποστάτως
3260 2777 3345 2831 καὶ
3413 2771 3703 2838 οὖσιωόῶς.
3782 2772 3912 2831 Αἰ)τό

545 2861 916 2921 solummodo
941 2863 1178 2942 propria
1195 2850 1945 2942 'muneraII'giturPhurnes
1967 2881 2183 2941 negans

2270 2850 2324 2908 δὲ
2364 2854 2425 2909 τδ
2457 2857 2680 2933 Πνεῦμα
2724 2861 2783 2917 οὗ
2835 2877 3058 2943 προχεῖ,
3118 2866 3205 2920 καὶ
3263 2862 3543 2942 ἐκλαμπει,
3589 2863 3678 2919 καὶ
3711 2862 3913 2936 ἐκπέμ-

542 2949 781 3030 aliquod
813 2970 1129 3013 commune
1154 2952 1312 3015 Patri
1338 2963 1396 3015 et
1419 2955 1758 3035 Filio,quod
1788 2973 1903 3013 non
1933 2954 2010 3013 sit
2032 2970 2160 3014 com

2271 2963 2358 2997 πει
2385 2942 2560 3023 ἕτερον
2632 2948 2681 3014 ἐξ
2741 2950 2923 3008 ἔαυτον
2985 2954 3332 3010 ἑνυπόστατον
3388 2954 3633 3029 Πνεῦμα,
3684 2949 3767 3007 Su
3838 2950 3911 3025 μὴ

548 3056 727 3099 mune
757 3049 813 3100 et
843 3037 1108 3119 Spiritui,
1135 3041 1389 3123 ideoque
1425 3031 1842 3106 contradicens
1887 3042 2183 3122 archiepi-

2270 3031 2336 3123 τὰ
2365 3033 2536 3090 οἰκεῖα
2576 3039 2905 3118 χαρίσματα.
2943 3032 2999 3098 Ὀ
3056 3041 3180 3118 γοῦν
3237 3041 3470 3120 Φουρνῆς
3524 3039 3692 3115 μηδεν
3735 3061 3785 3095 τι
3828 3040 3914 3096 Θέ-

545 3144 725 3208 seopo
751 3118 931 3208 super
950 3128 1130 3201 iis,de
1155 3118 1372 3210 quib-us
1402 3132 1503 3194 ille
1534 3132 1939 3209 evangelicum
1967 3131 2075 3191 huc
2096 3118 2183 3190 di-

2284 3118 2391 3175 λων
2418 3123 2560 3179 εἶναι
2609 3130 2780 3183 κοινὸν
2840 3131 3014 3208 Πατρὶ
3081 3131 3167 3186 καὶ
3211 3118 3359 3209 Υἱῷ,
3398 3129 3527 3207 ὅπερ
3597 3130 3675 3202 μὴ
3730 3130 3817 3184 καὶ
3846 3130 3919 3200 τῴ

545 3222 703 3279 ctum
749 3217 1134 3297 proponebat,
1178 3245 1197 3274 ει
1234 3221 1447 3283 Omnia
1475 3241 1606 3301 quae
1635 3219 1813 3283 habet
1856 3223 2023 3281 Pater
2074 3237 2183 3281 me:

2288 3212 2546 3286 Πνεύματι
2605 3216 2876 3294 προσέστι,
2936 3222 3023 3275 καὶ
3105 3218 3189 3275 διὰ
3284 3218 3435 3274 τοῦτο
3505 3217 3806 3296 ἀντιλέγων
3847 3223 3919 3289 τῷ

547 3314 706 3378 sunt,
744 3330 770 3360 ι
807 3306 879 3367 ad
911 3307 1439 3371 demonstrandum
1486 3299 1775 3391 Spiritum
1828 3310 2018 3371 Patris
2067 3327 2183 3369 esse

2283 3299 2712 3384 ἀρχιεπισκόπῳ,
2749 3305 2831 3386 ἐφ’
2875 3312 2959 3372 οἷς
3016 3309 3219 3369 ἐκεῖνος
3263 3308 3528 3386 προέτεινε
3566 3309 3627 3363 τὸ
3681 3310 3918 3385 Εὖαγγε-

548 3395 832 3475 Spiritum
866 3394 1006 3456 item
1048 3396 1202 3472 Filii,
1251 3417 1368 3459 non
1423 3386 1605 3478 probe
1638 3417 1831 3479 neque
1864 3417 1965 3478 pro
1999 3398 2183 3476 digni-

2284 3386 2430 3444 λικὸν
2485 3395 2638 3450 τοῦτο
2682 3395 2861 3472 ῥητὸν,
2921 3399 2981 3452 τὸ
3033 3422 3053 3453 σ
3120 3398 3296 3455 Πάντα
3339 3396 3434 3454 ὅσα
3496 3396 3610 3476 ἔχει
3641 3399 3671 3453 6
3742 3398 3919 3473 Πατὴρ

549 3493 666 3546 tate
718 3482 1051 3544 traditionis
1126 3476 1563 3565 Scriptura—rum
1635 3476 1879 3548 clm—tra—
1921 3487 2183 3566 opponit.

2277 3476 2377 3551 ἐμά
2407 3479 2570 3555 ἐστιν,
2612 3504 2634 3535 α
2686 3486 2757 3546 εἰς
2803 3483 3060 3552 ἀπόδειξιν
3118 3489 3209 3543 τοῦ
3265 3487 3406 3543 εἶναι
3460 3487 3524 3542 τὸ
3566 3487 3661 3541 τοῦ
3703 3487 3919 3563 Πατρὸς

547 3572 771 3646 Quibus
821 3591 954 3633 cum
999 3573 1174 3634 addat
1225 3583 1283 3636 et
1311 3575 1476 3636 illud.
1518 3576 1966 3656 proprietatem,
1995 3576 2051 3636 in
2081 3595 2183 3654 qua

2279 3571 2488 3643 Πνεῦμα
2546 3572 2633 3625 καὶ
2665 3574 2784 3630 Υἱοῦ
2826 3576 3055 3649 Πνεῦμα.
3105 3578 3165 3631 03
3230 3573 3407 3636 καλῶς
3453 3571 3558 3631 οὐδ’
3613 3573 3770 3639 ἀξίως
3826 3578 3920 3638 τῆς

547 3671 638 3723 est
685 3670 823 3723 nota
877 3661 1233 3724 differentiae
1288 3671 1547 3744 paternae
1617 3666 2016 3745 hypostaseos,
2088 3664 2190 3724 Fi-

544 3750 691 3812 lium
738 3750 956 3814 habere
1001 3768 1120 3813 non
1167 3770 1361 3835 posse,
1392 3752 1646 3834 ideoque
1704 3763 1863 3834 putat
1924 3773 1985 3815 se
2043 3771 2191 3814 con-

545 3840 765 3902 vellere
796 3859 990 3920 posse,
1046 3842 1255 3904 Filium
1319 3842 1586 3903 emittere
1644 3842 1953 3922 Spiritum,
1987 3861 2190 3922 quem-

546 3929 865 3992 admodum
933 3939 991 3991 et
1046 3933 1213 3993 Pater
1262 3930 1493 4007 emittit,
1551 3949 1745 4008 ne'tue
1801 3939 1937 4012 apte
1999 3950 2191 4012 neque

548 4018 840 4080 industrie
887 4019 1132 4082 inducit.
1186 4019 1455 4101 Namque
1497 4020 1825 4100 propri-stas
1881 4040 2011 4082 cum
2054 4030 2190 4080 nuta

550 4115 811 4189 paternae
857 4109 1237 4189 hypostaseos
1284 4110 1385 4170 illa
1434 4119 1541 4184 est,
1590 4109 1820 4171 Patrem
1865 4117 1920 4170 et
1954 4112 2189 4172 Patrem

549 4216 681 4260 esse
704 4206 761 4260 et
790 4197 1208 4277 ingenitum,et
1238 4200 1370 4261 Filii
1388 4202 1651 4274 Patrem,
1678 4206 1736 4261 et
1763 4217 1929 4279 prop:
1948 4199 2186 4260 ietatem

549 4290 703 4351 hanc
752 4306 890 4351 vere
943 4287 1130 4351 Filius
1188 4289 1412 4352 habere
1465 4289 1690 4370 nequit.
1745 4287 1910 4360 Quod
1971 4289 2019 4350 si
2053 4307 2188 4368 pro-

2274 3658 2379 3712 τῶν
2409 3664 2625 3739 Γραφῶν
2680 3660 3016 3734 παραδόσεως
3060 3662 3342 3743 ἀντιλέγει.
3403 3664 3523 3722 "Ott
3595 3660 3651 3718 δὲ
3695 3666 3782 3726 οἷς
3827 3662 3919 3717 λέ-

2274 3768 2354 3823 γει
2386 3750 2560 3821 οὗτος,
2612 3752 2934 3830 προσεπάγει
2979 3756 3066 3809 καὶ
3131 3750 3303 3824 τοῧτυ,
3377 3752 3457 3808 ὅτι
3514 3755 3575 3809 τὸ
3646 3773 3922 3832 χαρακτη-

2274 3840 2509 3914 ριστικὸν
2565 3837 2753 3915 ἰδίωμα
2822 3848 2919 3909 τῆς
2994 3849 3253 3922 πατρικῆς
3311 3843 3648 3907 ὑποστάσεως
3697 3843 3725 3898 ὁ
3802 3844 3919 3903 Υἱὸς

2274 3925 2419 4005 ἔχειν
2477 3932 2536 3987 οὗ
2579 3927 2820 4004 δύναται,
2879 3934 2965 3987 καὶ
3022 3931 3192 3989 οἴεται
3250 3933 3485 4010 ἀναιρεῖν
3554 3933 3788 3989 manem
3858 3930 3919 3984 τὸ

2273 4012 2512 4072 δόυασθαι
2563 4017 2850 4093 ἐκπέμπειν
2910 4024 2995 4077 καὶ
3024 4024 3113 4076 τὸν
3194 4024 3312 4077 Υἱὸν
3364 4022 3425 4075 τὸ
3484 4020 3711 4094 Πνεῦμα
3779 4021 3852 4081 ὡς
3893 4020 3920 4072 ὁ

2278 4106 2478 4185 Πατὴρ,
2527 4108 2621 4164 οὒκ
2661 4109 2725 4176 ἧν
2756 4120 2907 4168 τοῦτο
2954 4108 3206 4178 ἐπιϐολῆς
3278 4109 3514 4189 εὔπρυοῦς.
3578 4116 3919 4187 Χαρακτηρι-

2273 4196 2449 4251 στικὸν
2481 4197 2579 4275 γὰρ
2649 4196 2837 4272 ἰδίωμα
2900 4204 2997 4266 τῆς
3055 4204 3315 4278 πατρικῆς
3373 4198 3715 4260 ὑποστάσεως
3765 4196 3918 4254 τοῦτό

2274 4281 2405 4363 ἐστι,
2434 4288 2496 4341 τὸ
2539 4286 2680 4343 εἶναι
2711 4289 2800 4343 τὸν
2832 4288 3048 4366 Πατέρα
3100 4287 3314 4365 Πατέρα
3359 4308 3415 4344 τε
3472 4287 3559 4343 καὶ
3601 4285 3916 4364 ἀγέννητον,

552 4376 856 4458 prietatem
903 4386 1164 4457 paternae
1203 4360 1585 4459 hypostaseos
1627 4377 1893 4439 Phurnes
1948 4360 2183 4439 con'ten-

2270 4376 2356 4430 καὶ
2385 4374 2601 4454 Πατέρα
2631 4386 2723 4435 τοῦ
2764 4379 2905 4451 Υἱοῦ,
2963 4380 3050 4434 καὶ
3081 4379 3139 4433 τὸ
3192 4375 3381 4451 ἰδίωμα
3437 4382 3590 4431 τοῦτο
3644 4374 3861 4441 ἀληθῶς
3896 4375 3923 4428 6

550 4466 639 4528 dit
681 4485 836 4539 esse,
877 4469 1146 4530 emittere
1191 4467 1384 4548 ipsum
1429 4468 1743 4549 Spiritum,
1777 4467 1825 4529 si
1848 4468 1960 4528 hoc
1987 4484 2188 4529 verum

552 4564 663 4629 est,
688 4574 947 4637 unquam
978 4557 1232 4638 Spiritus
1274 4557 1466 4619 dictus
1506 4556 1714 4619 fuisset
1746 4564 1805 4616 et
1836 4556 1965 4618 Filii
1996 4554 2188 4634 Spiri-

550 4653 667 4707 tus.
717 4647 956 4708 Etenim
1016 4647 1066 4709 si
1117 4654 1180 4708 ut
1257 4648 1468 4727 Pater,
1522 4644 1693 4707 Pater
1764 4645 1941 4706 habet
2004 4644 2189 4723 Spiri-

550 4742 697 4810 tum,
732 4735 966 4815 quando
998 4735 1182 4798 Filius
1210 4734 1382 4797 Pater
1412 4754 1546 4797 esse
1599 4742 1876 4815 nequeat,
1908 4733 2190 4814 Spiritum

550 4840 669 4886 non
726 4824 988 4886 habebit.
1022 4825 1134 4887 Sed
1170 4825 1227 4886 in
1262 4824 1532 4886 confesso
1578 4833 1666 4884 est
1718 4823 1998 4903 Spiritum
2060 4841 2191 4884 esse

554 4911 839 4992 Spiritum
893 4914 1098 4989 Patris,
1151 4923 1210 4978 et
1260 4913 1543 4994 Spiritum
1606 4911 1759 4991 Filii,
1795 4919 1852 4973 et
1889 4913 1999 4972 hoc
2031 4911 2191 4971 nullo

555 5000 730 5062 modo
760 5004 1211 5081 contradicitur,
1241 5003 1381 5064 inde
1412 5010 1680 5064 remanet
1709 5000 2101 5069 manifestum,
2136 5007 2191 5059 et

552 5108 622 5151 ex
655 5091 828 5153 Patre
855 5091 939 5152 uti
965 5111 1033 5153 ex
1065 5091 1184 5155 Deo
1219 5110 1350 5153 esse
1394 5090 1703 5171 Spiritum,
1739 5098 1794 5150 et
1827 5108 1893 5151 ex
1926 5088 2075 5149 Filio
2108 5090 2188 5148 uti

552 5199 620 5242 ex
642 5178 790 5256 Deo,
823 5181 1020 5242 lamen
1051 5200 1118 5242 ex
1151 5183 1320 5242 Patre
1348 5179 1527 5242 veluti
1559 5196 1629 5239 ex
1664 5179 1819 5241 fonte
1849 5177 1979 5251 sine
2022 5178 2190 5257 prin-

552 5269 731 5350 cipio,
761 5269 946 5331 Deum
994 5273 1362 5350 producente
1395 5267 1705 5349 principio,
1751 5286 1818 5328 ex
1876 5266 2024 5347 Filio
2056 5285 2192 5326 vero

551 5359 728 5420 veluti
756 5358 1120 5440 perfontem,
1146 5357 1285 5420 inde
1314 5358 1630 5419 habentem
1655 5358 1808 5437 quod
1834 5356 1930 5426 sit,
1950 5355 2107 5416 unde
2138 5364 2195 5416 et

553 5466 675 5508 sua;
704 5448 1034 5528 hypostasis
1063 5464 1301 5508 causam
1332 5445 1737 5526 habet.ltaque
1760 5447 1882 5506 sive
1904 5444 2192 5519 Phurnes,

554 5535 677 5598 sive
700 5536 831 5616 quis
851 5535 1004 5595 alius
1032 5534 1209 5607 dicat,
1260 5554 1374 5595 non
1442 5554 1611 5607 {osse
1660 5534 1943 5614 Spiritum
1976 5551 2106 5595 esse
2141 5543 2194 5593 et

554 5644 623 5687 ex
655 5624 827 5701 Filio,
857 5622 1015 5707 quod
1047 5632 1306 5705 paternae
1334 5625 1711 5704 hypostaseos
1740 5623 1816 5684 sit
1838 5622 2194 5703 proprietas,

2282 4463 2399 4518 Υξδρ
2442 4463 2485 4519 ’E'.
2520 4485 2532 4495 .
2651 4465 2669 4499 ,ν
2732 4464 2779 4486 ‘I
3056 4469 3086 4489 η’
3138 4465 3177 4486 ν
3244 4465 3290 4489 γε
3524 4470 3584 4499 ..Α
3772 4468 3887 4501 ρ...

2376 4504 2397 4526 ς
2474 4486 2590 4543 μιν
2621 4488 2679 4521 ο)
2727 4482 2957 4541 ουναται,
3035 4477 3089 4524 ιιι
3133 4488 3185 4522 οε
3246 4467 3432 4540 ιοίωμα
3488 4487 3584 4531 τη,
3657 4484 3922 4542 πατριιιης

2275 4552 2611 4618 ὑποστάσεως
2657 4557 2685 4610 6
2713 4562 2950 4635 Φουρνῆς
2996 4556 3237 4633 βούλεται
3281 4554 3452 4633 λέγειν
3508 4556 3569 4610 τὸ
3624 4553 3918 4628 ἐκπέμπειν

2277 4641 2400 4696 αὐτο
2431 4644 2489 4698 τὸ
2533 4643 2767 4718 Πνεῦμα,
2800 4644 2915 4722 εἴγε
2960 4644 3150 4711 ἀληθὲς
3207 4643 3358 4698 τοῦτο
3389 4646 3482 4701 οὒκ
3537 4642 3599 4698 ἅν
3657 4663 3787 4698 ποτε
3834 4640 3922 4719 ἐῤ-

2275 4730 2396 4807 ῥέθη
2454 4734 2514 4787 τὸ
2574 4737 2783 4810 Πνεῦμα
2854 4734 2947 4790 καὶ
3015 4735 3133 4789 Υἱοῧ
3191 4738 3425 4806 Πνεῦμα,
3502 4732 3556 4788 Εἰ
3637 4732 3740 4810 γὰρ
3800 4731 3926 4786 καθὸ

2275 4820 2469 4898 Πατὴρ
2496 4823 2523 4877 6
2570 4823 2761 4902 Πατὴρ
2791 4822 2907 4902 ἔχει
2938 4824 3000 4878 τὸ
3054 4821 3297 4895 ΙΙνεῦμι,
3350 4818 3463 4875 ἐπεὶ
3500 4822 3527 4875 ὁ
3568 4820 3687 4884 Υἱὸς
3733 4816 3926 4893 Πατὴρ

2275 4909 2417 4964 εἶναι
2447 4912 2505 4966 οὗ
2546 4908 2774 4981 δύναται,
2812 4911 3035 4986 ΙΙνεῦμα
3084 4910 3188 4989 οὔχ
3242 4908 3365 4974 ἕξει.
3416 4906 3564 4964 Ἀλλ’
3610 4906 3921 4983 ὡμολόγη-

2275 5020 2361 5054 ται
2385 5000 2445 5054 τὸ
2503 5000 2724 5076 Πνεῦμα
2780 5002 3003 5075 ΙΙνεῦμα
3062 4999 3275 5078 ΙΙατρὸς
3333 4998 3420 5053 καὶ
3491 4993 3710 5070 Πνεῦμα
3780 4998 3921 5065 Tim),

2275 5086 2362 5141 καί
2390 5086 2499 5143 ἐστι
2571 5087 2758 5145 λοιπὸν
2817 5087 3201 5167 ἆναντιρῥὴτως
3275 5085 3503 5141 ἐντεῦθεν
3561 5083 3925 5164 ἀναφαινόμε-

2276 5197 2389 5242 νον³
2418 5180 2503 5234 καὶ
2537 5176 2594 5232 ἐκ
2636 5185 2726 5234 τοῦ
2757 5179 2967 5258 ΙΙατρὸς
2996 5179 3068 5240 ὠς
3098 5180 3158 5232 ὲκ
3188 5181 3318 5232 Θεοῦ
3372 5188 3510 5230 εῖναι
3569 5176 3629 5229 τὸ
3674 5174 3921 5248 Πνεῦμα,

2276 5267 2363 5321 καὶ
2395 5265 2455 5320 ὲκ
2484 5273 2574 5322 τοῦ
2613 5268 2733 5325 Υἱοῦ
2774 5269 2844 5331 ὡς
2875 5267 2935 5322 ἐκ
2960 5273 3111 5344 Θεοῦ,
3171 5264 3312 5330 πλὴν
3361 5262 3421 5318 ἐκ
3491 5262 3586 5337 μὲν
3649 5272 3743 5320 τοῦ
3799 5263 3926 5323 Παι-

2279 5356 2424 5431 τρὸς,
2472 5357 2545 5418 ὡς
2577 5353 2660 5411 διὰ
2705 5360 2886 5433 πηγῆς
2931 5355 3187 5433 ἀνάρχον,
3233 5353 3321 5408 καὶ
3360 5351 3605 5429 θεογόνου
3634 5350 3837 5429 ἀρχῆς,
3870 5348 3929 5403 ἐκ

2278 5442 2331 5499 δε
2374 5451 2465 5500 τοῦ
2503 5447 2645 5506 Υἱοῦ,
2707 5446 2780 5506 ὡς
2836 5443 2919 5499 διὰ
2976 5442 3155 5521 πηγῆς
3212 5440 3413 5497 ἐκεῖθεν
3457 5440 3688 5519 ἐχούσης
3733 5442 3794 5493 τὸ
3848 5438 3925 5491 εἶ-

2281 5555 2382 5605 ναι,
2420 5532 2533 5588 ὅθεν
2564 5533 2650 5589 καὶ
2682 5535 2805 5589 αὒτὸ
2856 5533 2954 5599 τὴν
2997 5537 3095 5598 τῆς
3151 5530 3490 5592 ὑποστάσεως
3541 5527 3657 5607 ἔχει
3734 5527 3923 5596 αἰτίαν,

2284 5622 2408 5679 Εἴτε
2438 5628 2561 5700 γοῦν
2594 5623 2620 5678 ὁ
2651 5627 2916 5703 Φουρνῆς⁷
2964 5619 3076 5677 εἴτε
3119 5642 3199 5684 τις
3232 5618 3410 5697 ἓτερος
3470 5615 3666 5695 λέγειν,
3719 5616 3797 5690 μὴ
3838 5612 3926 5671 δύο
