4142 6286
220 328 318 403 137³

1351 322 1450 399 DE
1492 333 1785 398 UNIONE
1825 327 2358 398 ECCLESIARUM

3467 326 3588 406 138‘

214 481 403 550 Πνεῦμα
472 473 798 533 καταϐαῖνον
882 474 1006 532 ὡσεὶ
1074 470 1405 551 περιστερὰν,
1479 470 1565 526 καὶ
1636 467 1834 543 ἔμεινεν

1921 462 2099 527 ritum
2125 466 2592 532 descendentem
2622 470 2804 534 veluti
2833 471 3262 550 columbam,et
3288 474 3451 537 stetit
3471 493 3573 538 su-

173 587 185 599 ·
210 566 278 619 ἰπὶ
316 566 405 620 τὸν
433 561 635 631 Ἰησοῦν
673 582 685 593 ·
726 589 754 619 ι
819 564 945 621 εἷτα
1014 565 1085 628 ὡς
1152 561 1370 641 ἰσχυρόν
1440 582 1490 615 τι
1547 565 1699 615 τοῦτο
1752 558 1839 613 καὶ

209 649 403 733 ἄμαχον
478 654 616 713 κατά
685 660 778 711 τοῦ
836 650 1039 710 Ἰταλοῦ
1091 647 1279 708 λαϐὼν
1312 648 1569 729 ἒπιφέρει,
1629 648 1702 710 ὡς
1769 645 1840 709 εἷς

206 742 466 818 πρόσωπον
504 748 620 821 106]
651 741 860 801 Ἰταλοῦ
911 740 1201 821 ἀποτείνων
1268 740 1358 795 τὸν
1414 736 1572 814 λόγον
1607 753 1621 767 ⁶
1675 757 1697 790 ι
1738 733 1839 789 Πό-

206 814 276 886 θεν
300 814 638 911 καταϐαίνον,
670 833 759 888 καὶ
806 840 910 890 ποῦ
947 852 963 904 τ,
1009 814 1105 895 Ὧς
1174 829 1272 905 μὲν
1328 827 1436 905 ἐγὼ
1504 849 1642 907 φημι
1697 823 1841 903 παρὰ

205 927 284 977 τοῦ
330 922 533 999 Πατρὸς
606 921 696 977 ἐπὶ
734 921 826 979 τόν
898 921 1039 984 Υἱόν,
1073 922 1146 976 Σύ
1195 917 1272 992 δὲ,
1319 919 1363 973 εἰ
1407 917 1484 993 μὴ
1554 914 1698 995 παρὰ
1750 923 1841 971 τοῦ

208 1010 388 1089 Πατρός
444 1011 613 1085 μόνου
671 1012 735 1066 τὸ
797 1018 1007 1086 Πνεῦμα
1061 1005 1385 1065 καταϐαῖνον
1440 1005 1605 1085 ἐρεῖς,
1705 1000 1840 1058 ἀλλὰ

210 1100 534 1175 προσθήσεις,
583 1100 670 1156 καὶ
706 1100 849 1178 παρὰ
876 1108 968 1159 τοῦ
1012 1102 1156 1171 Υἱοῦ,
1208 1095 1392 1171 ἀλώσῃ
1446 1096 1536 1150 τὸν
1593 1092 1682 1148 ἕνα
1708 1098 1837 1170 Χρι-

211 1186 317 1241 στόν
354 1185 576 1267 διαιρῶν
630 1190 705 1254 εἷς
762 1187 876 1260 δύο,
931 1188 1067 1246 κατά
1120 1185 1399 1265 Νεστόριον
1453 1185 1545 1239 τὸν
1586 1178 1839 1239 ἰουδαιό-

212 1295 375 1352 open,
396 1276 481 1332 ’ἔν’
533 1278 599 1333 ὲκ
651 1283 746 1333 τοῦ
816 1279 937 1333 ι’ἱοῦ
990 1286 1085 1335 τοῦ
1140 1276 1273 1355 Θερῦ
1298 1269 1623 1329 καταϐαῖνον
1678 1267 1840 1344 εἴπῃς

208 1364 260 1417 τὸ
308 1370 521 1439 Πνεῦμα
574 1364 660 1421 ἐπὶ
708 1367 802 1422 τὸν
858 1366 977 1421 Υἱὸν
1034 1370 1125 1420 τοῦ
1204 1361 1496 1441 ἀνθρώπω,
1555 1360 1642 1416 καὶ
1723 1370 1841 1419 τοῖς

212 1450 449 1531 ἀρνηταῒς
510 1458 612 1520 τῆς
667 1453 918 1521 θεότητος
972 1462 1065 1512 τοῦ
1147 1456 1372 1531 Χριστοῦ
1464 1445 1772 1513 συντετάξη.
1808 1468 1835 1501 ι

210 1527 278 1594 ’.Ω
324 1547 437 1604 πῶς
503 1545 600 1600 οῦκ
671 1541 902 1623 ἔφριξας,
958 1542 1219 1621 ἄνθρωπε,
1278 1545 1494 1597 τοιαῦτα
1560 1536 1696 1595 κατᾶ
1750 1533 1843 1623 τοῦ

208 1628 418 1705 μεγάλου
508 1628 685 1708 λέγων
714 1621 1106 1706 ΠἈθανασίους
1167 1636 1339 1688 Ταῦτα
1395 1628 1494 1705 γὰρ
1548 1626 1720 1682 πάντα
1776 1621 1842 1680 δι’

209 1716 237 1770 ἃ
283 1719 369 1773 τὸν
413 1716 623 1776 Ἰταλὸν
678 1720 741 1775 σὺ
787 1720 1067 1799 Νεστόριον
1132 1716 1426 1780 ἀποκαλεῖς
1490 1713 1842 1793 Ἰοτδαιόφρο-

1923 572 2031 644 per
2059 556 2258 618 Jesum
2282 556 2361 631 44;
2393 577 2422 617 ›
2463 565 2582 619 tum
2617 559 2728 622 hoc
2759 568 3035 642 tanquam
3060 561 3318 624 validum
3347 562 3490 644 quid
3516 568 3576 627 et

1920 643 2380 734 ineapugnabile
2421 648 2701 709 adversus
2731 648 2945 711 Italum
2974 669 3310 724 assumens,
3363 643 3565 734 infert,

1922 731 1983 791 in
2025 732 2233 795 Italum
2276 735 2470 815 ipsum
2527 737 2855 800 orationem
2911 747 3265 802 convertens
3299 763 3313 805 :
3352 765 3380 798 ιι
3406 731 3575 805 Unde

1922 819 2319 909 descendens,
2354 833 2411 886 et
2437 824 2643 888 ubi?Ut
2665 826 2907 907 quidem
2932 846 3040 909 ego
3072 836 3379 903 autumo,a
3402 829 3574 894 Patre

1921 908 1981 970 in
2014 912 2346 975 Filium.Tu
2372 931 2534 988 vero,
2560 914 2612 976 si
2634 934 2750 977 non
2774 934 3005 979 asseras
3033 936 3069 979 a
3098 920 3269 982 Patre
3296 919 3424 981 solo
3444 917 3575 1001 Spi-

1923 998 2100 1061 ritum
2150 1001 2641 1077 descendentem,
2678 1004 2785 1067 sed
2836 1004 3039 1083 addas,
3076 1014 3133 1068 et
3169 1025 3204 1068 a
3249 1006 3426 1084 Filio,
3461 998 3573 1070 dve—

1924 1090 2315 1178 p_rehenderis
2346 1110 2530 1154 unum
2563 1092 2865 1155 Christum
2889 1094 2948 1154 in
2980 1093 3098 1156 duo
3128 1095 3578 1178 dividere,sicut

1924 1175 2226 1240 Nestorius
2258 1198 2391 1243 cum
2421 1180 2646 1244 Judaeis
2680 1181 2946 1245 sentiens
2977 1183 3220 1261 fecerat;
3246 1194 3311 1247 ut
3339 1175 3412 1248 ei
3425 1185 3574 1248 Filio

1925 1264 2029 1326 Dei
2051 1268 2419 1330 descendere
2450 1269 2614 1332 dicas
2645 1269 2929 1352 Spiritum
2956 1274 3017 1333 in
3043 1273 3254 1335 Filium
3287 1274 3570 1357 hominis;

1925 1361 1986 1415 et
2014 1373 2146 1415 cum
2183 1357 2532 1436 negantibus
2550 1358 2765 1421 Christi
2796 1359 3075 1424 deitatem
3107 1362 3522 1428 collocaberis.
3541 1388 3566 1423 ι

1923 1441 2084 1533 Heu!
2122 1447 2219 1520 mi,
2248 1447 2755 1525 homo,quomodo
2786 1468 2905 1511 non
2940 1450 3326 1533 exhorruisti,
3355 1452 3576 1516 similia

1925 1532 2205 1624 adversus
2234 1554 2510 1615 magnum
2534 1538 2920 1601 Athanasium
2946 1539 3278 1619 ejaculare‘?
3305 1539 3572 1624 Namque

1927 1621 2052 1683 haec
2081 1624 2301 1695 omnia,
2328 1624 2403 1687 ob
2431 1645 2563 1708 quae
2590 1634 2651 1689 tu
2678 1625 2892 1690 Italum
2926 1627 3266 1691 Nestorium
3309 1649 3445 1693 cum
3473 1621 3574 1694 Ju-

1927 1710 2069 1771 daeis
2117 1712 2491 1791 sentientem,
2529 1725 2588 1777 et
2634 1716 2869 1779 deitatis
2915 1718 3131 1782 Christi
3179 1719 3570 1783 inﬁciatorem

205 1827 278 1881 να,
319 1830 406 1863 και
466 1808 706 1886 ἀρνητὴν
775 1814 875 1875 τῆς
945 1810 1192 1875 θεότητος
1246 1808 1340 1863 τοῦ
1399 1806 1644 1884 Χριστοῦ,
1679 1805 1707 1858 6
1737 1801 1834 1877 μὲ-

1927 1817 2253 1891 nuncupas,
2309 1821 2556 1883 magnus
2602 1804 2979 1882 Athanasius,
3027 1807 3261 1887 pietatis
3298 1807 3480 1891 basis,
3512 1818 3574 1872 et

207 1898 290 1970 τίς
338 1898 551 1973 εἰρηκεν
623 1898 958 1978 Ἀθανάσιος,
1015 1899 1050 1966 ἠ
1093 1897 1188 1965 τῆς
1246 1892 1505 1958 εὒσεϐείας
1561 1894 1834 1971 κρηπὶς,ὀ

1925 1887 2235 1951 infractum
2292 1901 2589 1954 rectorum
2640 1893 2923 1957 Ecclesiae
2971 1896 3308 1975 dogmatum
3365 1887 3575 1961 funda-

207 1982 425 2063 ἀῤῥίτής
459 1993 568 2043 τῶν
638 1988 800 2067 ὀρθῶν
870 1992 967 2054 τῆς
1024 1986 1344 2053 Ἐκκλησίας
1413 1982 1693 2062 δογμάτων
1746 1985 1834 2037 θε-

1925 1990 2189 2039 ηιειιῑιιιιι
2243 1981 2662 2059 pronuntiavit.
2721 1981 2989 2055 Quonam
3044 2003 3183 2046 vero
3242 1984 3422 2047 loco?
3450 1985 3570 2066 Ego

207 2072 394 2147 μέλιος.
432 2077 540 2134 Καὶ
569 2064 680 2135 ποῦ⁷
706 2098 723 2151 ;
754 2075 897 2154 Ἐγώ
926 2098 1009 2133 σοι
1041 2076 1142 2147 ἐρῶ
1197 2077 1254 2130 ἒν
1308 2075 1408 2153 γὰρ
1450 2078 1527 2147 τῷ
1582 2073 1700 2150 περὶ
1739 2075 1834 2137 τῆς

1920 2064 2025 2154 tibi
2057 2064 2284 2140 dicam;
2336 2086 2472 2129 nam
2530 2069 2605 2131 de
2662 2070 2972 2134 incarnata
3028 2072 3402 2152 apparitione
3463 2064 3574 2137 D'ei

204 2160 441 2242 ἓνσάρκου
503 2150 842 2246 ἐπιφανείαις·⁷
877 2168 970 2221 10-3
1012 2171 1142 2220 Θεοῦ
1201 2150 1395 2241 Λόγου,
1454 2161 1515 2219 o6
1569 2162 1604 2228 ἡ
1660 2159 1831 2240 ἀρχὴ,

1920 2150 2098 2215 Verbi
2129 2155 2416 2228 oratione,
2458 2159 2632 2238 cujus
2655 2160 3013 2241 principium
3049 2150 3075 2224 ε⁷
3105 2150 3252 2233 ἇΟιιί
3281 2162 3573 2226 malitiose

207 2275 226 2306 ο
281 2240 339 2311 Οἱ
394 2240 749 2335 κακοτέγνως
825 2255 919 2319 τὰς
1001 2256 1139 2317 θείας
1233 2240 1439 2331 Γραφὰς
1524 2248 1831 2328 βουλόμενοι

1920 2240 2145 2335 divinas
2169 2243 2492 2335 scripturas
2522 2240 2863 2328 intelligere
2889 2250 3114 2312 volunt.
3146 2271 3174 2311 ι
3215 2251 3340 2313 haec
3357 2251 3557 2316 habet:

201 2356 351 2418 νοεῖν,
391 2367 422 2399 ι
496 2330 642 2400 οῧτόί
688 2344 844 2424 φησίν
895 2363 908 2377 ⁸
977 2366 1001 2399 ι
1052 2343 1214 2406 Αὐτός
1278 2330 1397 2419 γὰρ
1454 2341 1579 2396 αὐτὸ
1649 2339 1834 2396 ἄνωθεν

1928 2330 2319 2424 slpseenim
2357 2335 2527 2399 illum
2577 2337 2835 2417 desuper
2882 2338 3169 2415 mittebat,
3200 2347 3266 2401 ut
3290 2339 3474 2417 Deus,
3509 2349 3571 2405 et

203 2430 427 2507 ἔπεμπεν
488 2435 561 2496 ὣς
622 2436 773 2503 Θεὸς,
824 2435 910 2489 καὶ
967 2433 1121 2497 αὖτὸς
1179 2431 1305 2488 αὐτὸ
1361 2431 1595 2487 κάτωθεν
1651 2426 1840 2484 ὑπεδέ-

199 2542 319 2600 χετο
348 2524 425 2586 ὡς
480 2520 776 2600 ἄνθρωπος.
822 2519 909 2587 Ἐξ
950 2522 1108 2579 αὐτοῦ
1155 2520 1243 2577 οῦν
1316 2521 1386 2584 εἷς
1444 2517 1599 2574 αὐτὸν
1628 2516 1839 2593 κατῄει,

202 2609 255 2667 ἐκ
278 2616 373 2679 τῆς
417 2612 675 2678 θεότητος
708 2615 864 2671 αὐτοῦ
895 2613 966 2676 εἷς
999 2612 1098 2679 τὴν
1154 2609 1535 2684 ἀνθρωπότητα
1588 2606 1768 2665 0.6106.
1806 2629 1834 2661 ιι

206 2691 345 2779 ὀρᾷς
398 2700 576 2781 ὅπως,
647 2702 776 2780 ὅπερ
832 2699 1160 2775 Ἰουδαϊσμὸν
1215 2700 1278 2755 σὺ
1345 2700 1433 2755 καὶ
1501 2696 1839 2775 ἀρνησιθεῖαδ

200 2787 398 2860 καλεῖς,
461 2791 499 2857 ἡ
555 2787 792 2868 διάτορος
834 2794 932 2855 τῆς
989 2785 1248 2853 εὒσεϐείας
1304 2782 1549 2862 σάλπιγξ,
1590 2786 1619 2839 6
1675 2784 1837 2847 πολὺς

199 2874 499 2943 Ἀθανᾶσιος
558 2880 631 2943 ὡς
675 2875 941 2935 εὐσέϐειαν
996 2876 1188 2957 ἀκριϐῆ
1249 2878 1337 2933 καὶ
1393 2875 1538 2955 λέγει
1594 2875 1682 2931 καί
1745 2871 1837 2930 δο-

1924 2420 2050 2511 ipse
2092 2422 2257 2483 illum
2306 2423 2461 2487 infra
2525 2426 2859 2506 excipiebat
2911 2436 2976 2491 ut
3034 2429 3233 2491 homo.
3307 2428 3388 2491 Ex
3439 2431 3569 2511 ipso

1922 2507 2122 2589 itaque
2176 2512 2237 2572 in
2297 2516 2489 2593 ipsum
2547 2515 2970 2593 descendebat,
3029 2536 3100 2581 ex
3144 2517 3365 2582 deitate
3409 2507 3571 2582 illius

1921 2597 1981 2688 i_n
2005 2600 2436 2688 humanitatem
2486 2603 2666 2668 illius.
2716 2629 2738 2663 ι
2777 2604 3129 2688 Conspicis?
3157 2606 3325 2681 Quod
3367 2617 3430 2671 tu
3467 2610 3572 2670 Ju-

1922 2686 2211 2779 daismum
2248 2699 2307 2752 et
2335 2692 2475 2754 ﬁdei
2507 2693 2899 2773 ejurationem
2929 2686 3217 2777 appellas,
3251 2707 3571 2779 penetrans

1922 2776 2155 2868 pietatis
2184 2779 2343 2856 tuba,
2380 2801 2627 2862 magnus
2654 2776 3034 2860 Athanasius,
3069 2776 3268 2848 veluti-
3300 2786 3567 2868 exquisi-

1922 2874 2038 2926 tam
2066 2867 2341 2947 pietatem
2366 2878 2425 2932 et
2454 2872 2775 2953 eloquitur,
2809 2882 2867 2935 et
2897 2874 3189 2939 decernit.
3243 2876 3361 2940 Sed
3395 2867 3569 2957 plane

199 2969 424 3044 γματὶζει
463 2988 482 3048 ;
527 2966 678 3025 Ἀλλ’
749 2966 914 3031 ὅντως
981 2966 1175 3047 τυφλὸν
1241 2968 1277 3035 ἡ
1333 2966 1513 3038 κακία,
1586 2965 1673 3019 καὶ
1715 2962 1834 3026 τοὺς

1920 2972 2016 3017 res
2046 2974 2202 3048 caeca
2233 2967 2321 3020 est
2340 2959 2712 3040 improbitas,
2749 2970 2807 3022 et
2830 2963 3151 3042 prudentes
3182 2972 3241 3026 et
3258 2965 3563 3046 sapientes

200 3044 476 3136 νουνεχεῖς
499 3059 591 3114 καὶ
660 3058 849 3137 σοφοὺς
925 3044 1143 3136 σφάλλει
1197 3056 1272 3117 ὡς
1318 3053 1581 3111 ταπολλά.
1616 3050 1735 3109 Ἐπὶ
1777 3051 1833 3108 δὲ

1920 3054 1983 3107 ιιι
2012 3044 2328 3137 plurimum
2379 3048 2441 3109 in
2489 3068 2753 3112 errarem
2788 3050 3051 3114 abducit.
3082 3051 3209 3114 Prw
3229 3044 3354 3132 jam
3386 3054 3566 3117 dictis

197 3149 311 3201 πᾶσι
380 3160 508 3209 τοῖς
555 3136 1075 3226 ἀναγεγραμμένοις,
1135 3144 1247 3202 ἐπεὶ
1299 3143 1557 3223 προτείνει
1597 3143 1671 3206 ὡς
1726 3147 1832 3198 τῶν

1920 3136 2152 3214 sapiens
2182 3137 2279 3198 hic
2303 3136 2482 3213 vir,ut
2509 3140 2740 3201 caeteris
2796 3141 3074 3203 omnibus
3106 3142 3282 3219 longe
3309 3142 3561 3205 validius

194 3230 355 3291 mm
382 3220 907 3315 ἰσχυρότερον-
936 3238 964 3291 6
993 3236 1152 3315 σοφὰς
1202 3220 1354 3297 οὗτος
1413 3232 1545 3310 ἀνὴρ
1599 3233 1661 3287 τὸ
1690 3232 1830 3310 παρὰ

1920 3223 2178 3315 opponit,
2210 3225 2367 3306 quod
2418 3246 2453 3289 a
2504 3228 2676 3290 tertia
2721 3230 3092 3292 mcumenica
3146 3231 3368 3311 synodo
3418 3249 3565 3313 pras-

190 3325 281 3387 τῆς
333 3312 522 3402 τρίταις
566 3312 935 3399 οἰκουμενικῆς
1005 3312 1298 3402 ὡρισμένον
1339 3318 1576 3399 συνόδου,
1638 3320 1826 3399 ἤγουν,

1920 3312 2196 3402 scriptum
2224 3315 2355 3393 fuit,
2384 3334 2624 3397 nempe,
2655 3342 2682 3373 α
2707 3318 2885 3380 aliam
2909 3318 3087 3379 ﬁdem
3112 3318 3262 3381 nulli
3283 3312 3466 3382 licere
3497 3319 3562 3382 in

196 3428 219 3460 ι
261 3413 321 3468 16
362 3412 550 3490 ἑτέραν
577 3414 755 3469 πίστιν
823 3410 1008 3489 μηδενὶ
1064 3410 1256 3478 ἐξεῖναι
1310 3408 1646 3490 προσφέρειν,
1690 3408 1726 3477 ἢ
1755 3411 1828 3473 ὡς

198 3502 532 3581 συγγράφειν,
589 3501 626 3570 ἢ
683 3502 992 3576 συντιθέναι,
1037 3501 1075 3569 ἡ
1135 3499 1419 3574 διδάσκειν,
1494 3500 1531 3568 ἢ
1600 3496 1826 3577 παραδι-

192 3588 324 3647 δόναι
393 3591 580 3670 ἕτερον
651 3588 946 3665 Σύμϐολον,
1007 3591 1220 3655 τούτους
1276 3588 1455 3646 τοῖσδε
1521 3590 1611 3646 καὶ
1648 3585 1829 3645 τοῖσδε

194 3694 299 3743 τοῖς
353 3680 643 3755 ἐπιτιμίοις
703 3682 1036 3741 ὑποκεῖσθαι.
1096 3698 1121 3729 ι
1196 3677 1355 3737 Οὺδὲν
1438 3681 1617 3756 ἕτερον
1700 3677 1829 3754 πρὸς

191 3775 340 3826 ταῦτα
412 3768 640 3849 ἐροῦμεν
694 3769 731 3837 ἢ
776 3769 978 3845 ἐκεῖνα,
1050 3766 1116 3825 δι’
1172 3771 1247 3824 ὧν
1276 3765 1646 3842 ἆπεδείκνυμεν
1714 3765 1831 3843 περὶ

192 3860 272 3914 τοῦ
323 3855 601 3934 συμϐόλου
666 3864 765 3925 τῆς
812 3861 868 3914 ἓν
939 3859 1127 3931 Νικαίᾳ
1200 3857 1416 3935 πρώτης
1504 3853 1717 3911 συνόδου
1766 3854 1832 3911 τὰ

190 3956 392 4006 τοιαῦτα
453 3948 628 4017 πάντα
657 3960 776 4012 τοῖς
833 3946 1003 4026 ἅγίοις
1077 3947 1336 4026 εἰρῆσθαι.
1399 3947 1497 4004 Καὶ
1540 3950 1702 4002 ταῦτα
1733 3944 1831 4019 μὲν

191 4036 263 4094 ἐπὶ
322 4044 582 4096 τοσοῦτον
626 4037 905 4117 προήχθω.
969 4036 1117 4093 Ἐπεὶ
1171 4035 1227 4092 δὲ
1282 4037 1370 4092 καὶ
1418 4033 1829 4111 συλλογιστικῶς

195 4127 338 4194 οὕτως
409 4125 709 4185 συντέθεικέ
771 4147 888 4181 τινα
958 4127 1030 4191 εἰς
1125 4125 1427 4205 ἀνατροπὴν
1510 4122 1686 4196 δῆθεν,
1756 4123 1829 4177 ὢν

194 4215 569 4292 προϐαλλονται
643 4211 857 4288 Ἰταλοὶ,
916 4211 999 4271 δεῖ
1068 4215 1154 4270 καὶ
1222 4215 1320 4282 τήν
1393 4213 1592 4270 τούτων
1636 4210 1836 4275 ἔκθεσιν

196 4302 529 4381 ἑγκατατςὶξαι
573 4308 654 4377 τῷ
720 4302 888 4383 λόγῳ,
935 4304 1023 4361 καὶ
1076 4305 1166 4360 τὸν
1225 4300 1309 4359 ἐπ’
1368 4303 1548 4365 αὺτοῖς
1609 4299 1835 4379 ἔλεγχον

209 4395 276 4467 μὴ
326 4391 709 4454 ἀναϐαλέσθαι.
769 4394 962 4453 Αὐτίκα
1020 4393 1119 4471 γάρ
1200 4391 1255 4447 ἐν
1310 4413 1387 4467 τῳ
1464 4390 1659 4471 πρώτῳ
1735 4393 1831 4444 τῶν

215 4482 572 4563 συλλογισμῷν
601 4481 739 4538 οὕτω
767 4483 945 4563 φησίν,

264 4560 382 4638 ξεί(
432 4595 460 4628 ιι
514 4560 951 4650 Ὀμολογτίμένου
1045 4582 1136 4633 τοῦ
1200 4573 1280 4629 ὃτι
1356 4570 1419 4627 τὰ
1476 4568 1835 4647 ὲκπορεύεσθνι

197 4657 373 4737 ἰδίωμα
428 4666 527 4718 τοῦ
582 4660 887 4735 Πνεύματός
948 4662 1058 4720 ἐστι
1115 4660 1510 4740 παραστατικὸν
1550 4661 1649 4724 τῆς
1707 4657 1836 4712 ὑπο-

200 4753 461 4825 στπικῆς,
538 4749 717 4807 εἴτουν
784 4758 1132 4831 προσωπικῆς
1200 4753 1358 4808 αὐτοῦ
1410 4745 1677 4828 ὑπάρξεως
1708 4758 1726 4777 '
1790 4755 1834 4810 εὶ

193 4842 246 4896 τό
309 4847 527 4916 Πνεῦμα
599 4839 653 4895 ἐν
707 4839 800 4897 106
854 4842 1056 4920 Πατρὸς
1126 4841 1216 4898 καὶ
1257 4839 1318 4896 ἐκ
1374 4844 1467 4896 τοῦ
1524 4839 1664 4909 Υἱοῦ,
1745 4832 1831 4890 δύο

198 4928 342 5009 ἀρχαὶ
368 4928 583 4986 ἔσονται
643 4938 737 4988 τοῦ
788 4928 927 4995 ἑνός,
987 4928 1086 4988 Ἐν
1183 4930 1283 5009 γὰρ
1350 4929 1413 4984 16
1494 4931 1705 5000 Πνεῦμα
1768 4925 1831 4980 τὸ

204 5017 353 5097 ἅγιον,
399 5022 477 5083 ὡς
506 5019 598 5076 καὶ
626 5021 654 5077 6
707 5020 886 5099 Πατὴρ
945 5034 1045 5093 εἷς,
1104 5020 1194 5076 καὶ
1235 5021 1263 5074 6
1307 5019 1427 5083 Υἱὸς
1484 5019 1590 5079 εἷς.
1648 5013 1831 5092 Πατὴρ

206 5103 248 5162 ἃ
290 5111 377 5167 καὶ
448 5109 577 5173 Υἱὸς
636 5112 733 5168 οὐκ
801 5108 913 5186 εἷς,
989 5108 1125 5169 ἀλλὰ
1179 5105 1288 5184 δύο,
1351 5109 1396 5164 εἰ
1448 5106 1536 5163 καὶ
1589 5108 1660 5180 τῇ
1723 5102 1827 5181 φύ-

211 5197 369 5263 αιῖν,
403 5222 436 5255 ι

270 5289 395 5367 Πρὸς
425 5286 483 5344 δὲ
506 5296 673 5347 ταῦτα
700 5287 734 5355 ἡ
778 5284 926 5351 λύσις
997 5285 1162 5354 οὕτως
1205 5286 1507 5346 ἀκολουθεῖ.
1569 5273 1701 5341 υΟτι
1733 5279 1829 5356 μὲν

210 5373 259 5429 τὶ
310 5376 672 5458 ἐκπορεύεσθαι
729 5373 921 5452 ἰδίωμα
977 5379 1076 5446 τῆς
1143 5380 1501 5444 δποστατικῆς
1557 5369 1824 5451 ὑπάρξεως

206 5469 285 5520 τοῦ
310 5466 597 5544 Πνεύματο,
661 5466 710 5524 οἳ
749 5464 990 5546 θεολόγοι
1044 5466 1229 5549 φασίν,
1288 5470 1317 5525 6
1371 5463 1658 5544 ἀντιλέγων
1728 5458 1824 5516 οὒ-

274 5581 327 5635 “
353 5582 524 5649 Joan.
552 5600 598 5659 ι,
629 5583 734 5648 32.

489 5743 751 5815 Panos.
810 5748 930 5812 Gn.
976 5746 1176 5813 CXLI.

1913 3401 2174 3462 medium
2232 3405 2465 3481 aﬂ‘erre,
2523 3406 2648 3469 sive
2697 3405 3103 3482 conscribere,
3154 3414 3257 3469 aut
3311 3426 3561 3490 compo-

1911 3507 2079 3570 nere,
2112 3500 2213 3552 aut
2241 3494 2480 3569 docere,
2513 3502 2615 3556 aut
2643 3496 2881 3558 tradere
2906 3496 3067 3559 aliud
3098 3494 3464 3578 Symbolum,
3504 3506 3565 3561 et

1909 3597 2068 3657 eum,
2102 3581 2205 3660 qui
2234 3590 2441 3645 contra
2471 3583 2628 3659 ierit,
2666 3584 2831 3647 hisce
2854 3594 2915 3646 et
2943 3586 3107 3649 hisce
3138 3586 3336 3667 pmnis
3367 3587 3564 3668 subja-

1910 3686 2068 3758 cere.
2099 3694 2126 3725 »
2166 3669 2282 3733 Nos
2313 3672 2461 3733 nihil
2498 3673 2657 3735 aliud
2705 3675 2779 3735 ad
2837 3676 2963 3737 haec
3018 3674 3310 3751 dicemus,
3378 3696 3554 3758 quam

1910 3757 2032 3834 illa,
2092 3760 2305 3839 quibus
2363 3762 2751 3825 oetendemus
2819 3764 2895 3825 de
2963 3763 3241 3845 Symbolo
3303 3757 3560 3829 Niczenaa

1915 3851 2122 3930 primae
2150 3850 2356 3930 synodi
2388 3852 2514 3913 haec
2535 3852 2731 3914 omnia
2757 3871 2860 3935 per
2887 3861 3124 3915 sanctos
3153 3852 3336 3917 fuisse
3366 3855 3560 3918 dicta-

1914 3947 1990 4000 ta.
2020 3939 2090 4000 Et
2119 3940 2245 4000 haec
2282 3939 2519 4020 quidem
2578 3943 2880 4023 hucusque
2935 3950 3232 4024 protracta
3280 3945 3564 4009 sunt.Sed

1914 4047 2046 4089 cum
2080 4028 2176 4090 hic
2207 4027 2365 4090 idem
2397 4029 2468 4090 ad
2502 4032 2928 4093 convellendas
2981 4031 3259 4095 Italorum
3294 4034 3566 4115 proposi-

1918 4116 2111 4180 tiones
2142 4119 2424 4179 nonnulla
2451 4119 2810 4201 syllogismis
2838 4122 3186 4202 complexus
3230 4121 3329 4199 sit,
3363 4140 3562 4204 operte

1919 4208 2169 4288 pretium
2203 4206 2403 4288 fuerit,
2435 4209 2675 4271 eosdem
2707 4210 2962 4272 orationi
2989 4228 3313 4291 apponere,
3365 4228 3559 4291 neqee

1919 4315 2123 4358 eorum
2181 4297 2594 4359 refutationem
2654 4298 2874 4361 diutius
2930 4300 3301 4380 protrahere.
3348 4296 3558 4361 Statim

1920 4385 2079 4446 enim
2109 4385 2172 4446 in
2201 4384 2389 4465 primo
2419 4387 2755 4468 syllogismo
2786 4388 2911 4450 haec
2940 4386 3153 4469 inquit.

1999 4563 2096 4624 61.
2139 4588 2163 4621 α
2197 4566 2344 4626 Cum
2374 4564 2528 4645 apud
2560 4584 2767 4628 omnes
2796 4565 2859 4627 in
2889 4565 3158 4627 confesso
3188 4564 3285 4635 sit.
3332 4582 3547 4646 proce-

1916 4652 2061 4713 dere
2116 4651 2371 4734 Spiritus
2421 4655 2840 4734 proprietatem
2918 4672 3048 4717 esse
3116 4653 3550 4718 constitutivam

1916 4741 2312 4824 hypostaticae,
2344 4743 2469 4804 sive
2500 4744 2827 4824 personalis
2854 4744 3013 4806 illius
3066 4742 3427 4806 exsistentiaa
3459 4764 3474 4806 :
3508 4744 3561 4806 si

1915 4830 2169 4911 Spiritus
2226 4850 2298 4894 ex
2346 4831 2518 4895 Patre
2574 4841 2632 4895 et
2689 4833 2861 4911 Filio,
2893 4834 3010 4896 duo
3039 4841 3213 4894 erunt
3265 4832 3560 4915 principia

1912 4920 2090 4982 unius
2121 4941 2135 4980 :
2174 4939 2327 4983 unus
2356 4922 2512 4983 enim
2546 4930 2640 4985 est
2683 4923 2939 5004 Spiritus
2967 4929 3229 4997 sanctus,
3262 4924 3556 5005 quemad-

1913 5009 2153 5071 modum
2187 5017 2244 5071 et
2273 5012 2449 5073 Pater
2478 5031 2653 5092 unus,
2708 5022 2768 5074 et
2796 5013 2981 5075 Filius
3008 5029 3184 5075 unus.
3216 5010 3393 5076 Pater
3419 5030 3558 5075 vero

1912 5105 1975 5161 et
2016 5098 2203 5162 Filius
2239 5118 2361 5161 non
2410 5118 2588 5178 unus,
2648 5102 2758 5164 sed
2815 5102 2956 5179 duo,
3017 5099 3159 5165 licet
3206 5120 3388 5164 unum
3447 5120 3561 5166 na-

1914 5195 2065 5250 tura.
2095 5213 2123 5245 »
3567 5218 3570 5221 λ

1992 5277 2079 5339 Ad
2106 5278 2233 5340 haec
2264 5279 2342 5340 ita
2374 5279 2590 5342 solutio
2619 5279 3037 5359 subsequetur.
3069 5281 3406 5345 Procedere
3434 5279 3564 5362 qui-

1911 5367 2047 5429 dem
2110 5366 2533 5448 proprietatem
2593 5387 2726 5432 esse
2771 5371 3146 5453 hypostaticaa
3198 5368 3561 5434 exsistentia

1909 5454 2185 5539 Spiritus,
2221 5455 2490 5537 theologi
2519 5458 3084 5543 tradunt,nemoque
3104 5459 3337 5524 inﬁcias
3358 5457 3557 5522 iverit:

3081 5742 3118 5803 5
