4142 6286
246 376 364 443 141

1462 384 1561 449 DE
1607 380 2489 463 UNIONEECGLESIARUM.

3541 389 3655 457 142

244 535 377 591 7.94-
410 512 575 571 Ἀλλ’
605 517 711 596 οὔχ
764 513 955 596 οὕτως,
1000 511 1120 573 ἀλλ’
1173 517 1235 574 ἐκ
1275 524 1367 575 τοῦ
1425 521 1545 575 I106
1597 520 1659 575 10
1701 522 1896 587 Πνεῦμε

1997 510 2116 590 pio.
2166 511 2279 575 Sed
2331 532 2429 605 res
2486 515 2661 578 aliter
2707 534 2772 579 se
2821 517 3022 583 habet.
3068 518 3151 581 Ex
3198 518 3351 584 Filio
3398 520 3654 605 Spiritus

244 602 421 684 ἐστιν,
448 606 524 670 ὡς
551 604 615 662 ἐκ
643 610 832 683 πηγῆς
874 604 935 661 ἐκ
972 612 1064 662 τοῦ
1121 608 1326 687 Πατρὸς
1384 606 1616 688 ἐχούσης
1658 610 1719 663 τὸ
1748 607 1911 684 εἶναι,

244 694 509 772 καὶπρὸς
533 695 626 750 τὸν
684 694 890 773 Πατέρα
958 695 1056 762 τὴν
1124 697 1341 773 πρώτην
1397 698 1562 753 αἰτίαν
1621 698 1707 753 καὶ
1765 695 1913 775 ἀρχὴ

248 775 472 838 ἅπαντα
522 784 616 838 τὸν
672 790 765 840 τοῦ
834 785 1134 859 Πνεόματος
1230 788 1517 864 πηγασμὸν
1613 786 1912 864 ἀγαγούσης

245 870 393 926 κατὰ
451 872 547 927 τὸν
606 871 775 951 ιιέγαν
831 871 1125 931 Βασίλειον.
1189 864 1446 942 Ῥωηαϊοι
1518 875 1614 950 μὲν
1698 873 1787 930 οῦν
1842 875 1913 938 εἰς

247 960 513 1026 τοιαύτην
572 959 773 1019 ἔννοιαν
838 961 899 1017 ἐκ
965 970 1057 1020 τοῦ
1141 964 1263 1020 Υὶοῦ
1344 962 1590 1042 λέγουσιν
1649 963 1794 1020 εἶναι
1851 964 1913 1018 τὸ

248 1053 499 1124 Πνεῦμα.
561 1051 636 1106 Σὺ
678 1048 732 1106 δὲ
789 1050 1124 1130 παρεισάγων
1181 1053 1367 1115 αὐτοὺς
1425 1049 1510 1108 διὰ
1566 1054 1628 1108 τὸ
1683 1052 1911 1131 ὁμοφυὲς

245 1133 413 1203 δῆθεν
473 1136 931 1217 ἀπολογουμένους
1003 1141 1067 1196 10
1121 1140 1183 1197 ἐκ
1247 1148 1340 1199 τοῦ
1386 1143 1590 1220 Πατρὸς
1642 1142 1730 1197 καὶ
1795 1142 1915 1196 1106

248 1238 399 1282 εῖναι
428 1227 495 1282 τὸ
552 1233 789 1304 Πνεῦμα,
848 1231 907 1286 οὗ
959 1225 1175 1294 δικαίως
1231 1236 1544 1307 κατηγορῴν
1575 1228 1749 1285 αὐτῶν
1784 1229 1910 1309 φαί-

245 1337 348 1389 νῃ,
431 1316 785 1397 καινκρωνίαν
875 1321 1151 1375 Λατινικοῦ
1258 1315 1519 1396 δόγματος
1602 1315 1906 1390 ἀποκαλῶν,

247 1401 390 1479 ἔπερ
433 1405 634 1461 ἐκεῖνοι
690 1408 750 1464 06
805 1403 1071 1482 λέγουσιν,
1132 1408 1221 1463 καὶ
1276 1405 1569 1486 παρρησίαν
1638 1406 1911 1481 ὀνομάζων

245 1498 421 1549 ταῦτα
455 1491 797 1554 Μακεδονίου.
850 1488 1059 1560 ’Ἄλλος
1116 1493 1279 1551 πάλιν
1334 1494 1587 1552 πλέκεται
1630 1518 1712 1552 σοι
1779 1493 1908 1554 συλ-

241 1579 514 1658 λογισμὸς
546 1581 606 1639 ἐκ
660 1589 753 1640 τοῦ
812 1583 1114 1659 Πνεῦματος
1163 1587 1440 1663 γεννᾶσθαι
1469 1586 1561 1640 τὸν
1618 1586 1763 1663 Υἱὸν,
1820 1585 1909 1639 καὶ

242 1672 407 1736 αὐτὸς
451 1671 802 1751 συμπεραίνον
832 1672 986 1740 δῆθεν
1023 1692 1037 1708 ·

479 1784 507 1815 σ
542 1761 600 1817 Εἰ
646 1759 731 1817 διὰ
793 1763 857 1818 τὸ
909 1762 1169 1837 ὁμότιμον
1230 1763 1432 1841 Πατρὸς
1493 1764 1580 1818 καὶ
1632 1764 1774 1842 Υἱοῦ,
1847 1761 1907 1816 ἐκ

2001 608 2113 681 est,
2148 614 2215 662 ut
2268 621 2301 664 e
2345 603 2509 667 fonte
2563 622 2633 667 ex
2692 608 2863 668 Patre
2923 626 3055 670 esse
3110 608 3393 686 habente,
3452 603 3513 674 et
3570 612 3651 675 ad

1997 686 2228 751 Patrem
2281 691 2532 771 primam
2583 712 2827 756 causam
2884 705 2943 757 et
3000 697 3357 779 principium
3409 719 3650 763 omnem

1994 778 2249 869 Spiritus
2298 781 2582 845 eﬁluxum
2626 783 2947 861 referente,
2995 778 3323 850 secundum
3372 808 3650 869 magnum

1995 865 2570 933 Basilium.Bomani
2589 872 2791 954 itaque
2822 873 2903 935 ita
2931 876 3265 939 sentientes
3283 865 3560 941 asserunt
3579 898 3651 943 ex

1994 956 2145 1018 Filio
2196 976 2329 1021 esse
2379 959 2689 1041 Spiritum.
2740 963 2825 1024 Tu
2878 982 3017 1026 vero
3078 984 3179 1029 eos
3235 966 3646 1043 introducens,

1994 1046 2163 1125 quasi
2191 1050 2651 1131 responderent,
2684 1060 2929 1132 propter
2957 1055 3229 1117 eamdem
3251 1065 3519 1119 naturam
3550 1076 3645 1121 as-

1993 1150 2220 1226 serere,
2257 1155 2327 1198 ex
2351 1136 2522 1200 Patre
2554 1145 2614 1203 et
2644 1158 2717 1201 ex
2736 1139 2885 1202 Filio
2919 1142 3205 1222 Spiritum
3243 1163 3397 1218 esse,
3434 1154 3650 1226 praeter

1993 1221 2209 1286 faseos
2238 1226 2588 1289 insimulare
2638 1228 2876 1305 videris,
2931 1221 3251 1294 dictionem
3309 1221 3645 1297 innovatam

1994 1312 2184 1373 Latini
2233 1313 2524 1394 dogmatis
2569 1335 2944 1398 nuncupans,
2981 1338 3112 1399 qua
3152 1320 3241 1383 illi
3280 1341 3398 1384 non
3445 1342 3643 1386 enun-

1991 1399 2160 1475 tiant,
2192 1409 2251 1464 et
2281 1404 2381 1465 illa
2411 1404 2747 1468 libertatem
2778 1407 3023 1469 dicendi
3068 1408 3397 1473 Macedonii
3441 1414 3643 1474 nomi-

1991 1508 2161 1582 nans.
2197 1491 2364 1555 Alius
2413 1493 2629 1556 iterum
2683 1495 3063 1577 syllogismus
3107 1499 3518 1582 complicatur,
3570 1519 3645 1564 ex

1990 1576 2216 1659 Spiritu
2271 1584 2547 1661 generari
2602 1576 2857 1666 Filium,
2878 1586 3047 1667 quasi
3081 1593 3144 1651 tu
3190 1576 3353 1652 certo
3389 1576 3639 1654 conclu-

1990 1667 2167 1731 deres
2202 1688 2215 1732 :
3634 1705 3640 1711 δ

2071 1758 2169 1820 63.
2210 1783 2234 1815 «
2271 1759 2335 1821 Si
2367 1769 2609 1842 propter
2636 1762 2909 1825 eamdem
2958 1763 3306 1844 dignitatem
3338 1769 3530 1833 Patris
3579 1780 3641 1835 et

244 1836 464 1927 Πατρὸς
506 1851 594 1906 καὶ
660 1853 780 1908 1106
820 1853 882 1907 10
925 1836 1136 1926 Πνεῦμα
1209 1836 1543 1931 ἐκπορεύεται
1577 1870 1591 1884 ⁸
1653 1836 1771 1918 τῆς⁷
1807 1851 1896 1929 γὰρ

1990 1844 2144 1923 Filii,
2181 1866 2252 1910 ex
2277 1836 2449 1911 Patre
2471 1836 2529 1910 et
2557 1850 2708 1912 Filio
2739 1852 2997 1933 Spiritus
3023 1836 3331 1934 procedit:
3366 1859 3637 1937 ejusdem

240 1937 414 2005 αότὴς
446 1936 592 1993 ἐστιν
630 1940 890 2015 ὁμοτίμας
918 1947 995 2014 τῷ
1039 1941 1302 2016 Πνεύματι
1334 1943 1362 1996 0
1393 1941 1596 2019 Πατὴρ.
1635 1962 1660 1995 ι

331 2029 433 2085 Καὶ
464 2027 515 2084 τί
555 2050 638 2084 σοι
670 2029 799 2107 πρὸς
830 2035 995 2085 ταῦτα
1047 2029 1263 2107 ἐροῦμεν
1293 2031 1459 2104 ἡμεῖς
1496 2049 1512 2109 ;
1562 2028 1760 2085 Πολλαί
1788 2051 1902 2085 σοι-

236 2118 395 2196 τάχα
426 2119 481 2173 αἱ
508 2123 602 2173 τοῦ
655 2120 777 2173 Υἱοῦ
819 2116 879 2174 ἐκ
918 2125 1010 2174 τοῦ
1066 2119 1367 2193 Πνεύμανος
1435 2119 1708 2195 γεννήσεις
1739 2139 1901 2196 τερα-

234 2208 616 2286 τευθήσονται,
678 2207 721 2262 εί
767 2214 853 2263 νῦν
918 2208 1015 2282 μὲν
1074 2206 1240 2271 θέλεις
1284 2207 1344 2263 ἐκ
1400 2208 1602 2285 Πατρὸς
1652 2208 1741 2264 καὶ
1783 2209 1902 2263 Υἶοῦ

234 2291 328 2349 διὰ
354 2295 418 2350 τὸ
450 2294 680 2371 ὁμοφυὲς
726 2296 954 2350 εἶναιτὸ
1011 2301 1248 2371 Πνεῦμα,
1307 2304 1392 2352 νῦν
1449 2292 1502 2350 δε
1532 2294 1615 2350 διὰ
1670 2296 1730 2350 10
1773 2294 1901 2356 ὀμό-

231 2405 424 2457 τιμον,
475 2388 561 2437 νῦν
590 2379 644 2436 δε
674 2380 759 2438 διὰ
785 2384 847 2438 τὸ
917 2383 1186 2457 ὁμόδοξον.
1262 2392 1346 2441 νῦν
1376 2382 1430 2439 δε
1487 2381 1570 2439 διὰ
1624 2385 1685 2439 τὸ
1713 2382 1900 2458 ὁμόδο-

229 2493 434 2543 ναμον,
476 2461 692 2529 I010120»
722 2468 891 2527 δὲκαὶ
942 2473 1002 2527 1‘:
1061 2470 1255 2529 ἐπακο)
1267 2476 1446 2529 ουθοῦν
1503 2486 1619 2534 τοῖς
1662 2472 1897 2549 ῥηθεῖσιν

229 2550 345 2619 ἤδη
383 2548 741 2629 συλλογισμοϊ
783 2572 896 2626 σω,
971 2551 1024 2606 ἐν
1078 2555 1125 2626 ᾧ
1178 2551 1476 2632 διισχυρίζῃ
1520 2554 1581 2607 σὺ
1624 2548 1893 2631 ἀναφανῆ-

228 2650 323 2705 ναί
378 2670 486 2705 που
553 2649 662 2704 τῶν
720 2654 940 2728 Γραφῶν
980 2650 1191 2713 πάντως
1274 2652 1364 2706 τὸν
1431 2651 1549 2706 Υίὸν
1607 2647 1893 2727 λεγόμενον

228 2747 331 2796 τοῦ
362 2740 674 2814 Πνεύματος
718 2739 952 2820 μείζονα,
1012 2739 1100 2796 ἐὰν
1155 2741 1242 2795 καὶ
1299 2738 1351 2805 ἐξ
1415 2741 1534 2797 1106
1574 2741 1637 2795 10
1681 2745 1891 2814 Πνεῦμα

233 2828 663 2908 ἐκπορευόμενον
717 2826 951 2906 λέγοιτο,
1012 2838 1085 2893 Ως
1133 2830 1232 2908 γὰρ
1295 2828 1488 2902 ἔοικεν,
1546 2828 1817 2907 ἠγνοησας
1860 2830 1890 2885 0

235 2919 580 2997 σοφώτατος,
638 2918 714 2981 ὡς
812 2920 841 2973 0
911 2918 1078 2997 μέγας
1136 2915 1448 2980 Ἀθανάσιος
1516 2916 1571 2973 ὲν
1621 2923 1699 2991 τῷ
1753 2917 1890 2974 κατὰ

1989 1951 2246 2016 namque
2275 1936 2578 2017 dignitatis
2611 1948 2698 2001 est
2719 1959 2854 2002 cum
2882 1939 3103 2021 Spiritu
3138 1946 3328 2008 Pater.
3368 1968 3392 2004 ι

2072 2023 2223 2097 Quid
2255 2025 2423 2117 hisce
2455 2027 2571 2117 tuis
2620 2047 2728 2117 nos
2756 2030 3300 2110 respondebimus?
3330 2034 3638 2117 Pleraque

1984 2113 2236 2176 fortasse
2270 2115 2405 2177 Filii
2437 2135 2506 2177 ex
2537 2115 2763 2197 Spiritu
2810 2120 3229 2197 generationes
3277 2113 3638 2202 portentosa

1985 2203 2443 2285 confingenturf;
2478 2204 2529 2265 si
2553 2225 2710 2267 nunc
2731 2207 2968 2287 quidem
2994 2207 3084 2270 vis
3113 2227 3184 2270 ex
3204 2207 3378 2272 Patre
3397 2219 3455 2274 et
3484 2212 3635 2276 Filio

1982 2301 2227 2373 propter
2282 2293 2553 2354 eamdem
2612 2303 2880 2356 naturam
2931 2314 3065 2357 esse
3113 2295 3422 2379 Spiritum,
3475 2318 3635 2367 nunc

1982 2389 2224 2462 propter
2236 2381 2507 2443 eamdem
2530 2382 3069 2465 dignitatem,nunc
3090 2395 3336 2471 propter
3355 2390 3630 2453 eamdem

1981 2471 2259 2549 gloriam,
2294 2490 2452 2531 nunc
2487 2480 2726 2552 propter
2755 2474 3027 2535 eamdem
3070 2477 3419 2555 potentiam.
3447 2477 3630 2552 Quale

1975 2577 2175 2649 porro,
2194 2568 2284 2620 est
2311 2562 2470 2640 quod
2505 2561 2909 2643 consequitur,
2930 2562 3001 2623 ad
3027 2571 3160 2626 tuos
3173 2565 3300 2645 jam
3330 2568 3630 2649 expositos

1974 2647 2371 2735 syllogismos,
2422 2668 2538 2728 quo
2590 2657 2651 2709 tu
2708 2650 3046 2724 contendis,
3107 2647 3515 2735 comparuisse
3564 2657 3628 2720 in

1974 2734 2904 2825 aliquibusScripturis,prorsus
2932 2738 3148 2801 Filium
3182 2734 3304 2805 dici
3333 2745 3623 2825 majorem

1972 2821 2218 2904 Spiritu,
2247 2824 2297 2885 si
2328 2833 2474 2886 etex
2503 2825 2653 2887 Filio
2705 2825 2960 2907 Spiritus
2991 2830 3319 2909 procedere
3350 2821 3625 2898 dicatur?

1968 2911 2042 2975 Ut
2074 2914 2232 2975 enim
2267 2914 2521 2981 videtur.
2561 2924 2617 2977 te
2647 2917 3153 2997 sapientissimum
3178 2919 3348 2984 latuit
3374 2939 3623 3003 magnus

231 3004 528 3085 Ἀρειανῶν
586 3006 781 3085 πρώτῳ
859 3006 1003 3085 λόγω
1088 3006 1321 3092 μείζοναΔ
1390 3013 1482 3063 τοῦ
1584 3007 1887 3082 Πνεύματος

1986 3004 2326 3066 Athanasius
2357 3004 2626 3066 oratione
2648 3005 2841 3085 prima
2871 3019 3081 3070 contra
3111 3009 3385 3087 Arianos,
3422 3012 3617 3092 majo-

231 3094 505 3173 ἀριδήλως
548 3096 637 3152 τὸν
680 3097 798 3154 110v
877 3096 1242 3178 ἀποφαίνεται.
1307 3087 1365 3153 ’0
1432 3094 1488 3152 δὲ
1545 3096 1680 3172 μετὰ
1722 3103 1885 3153 ταῦτα

1986 3109 2095 3154 'em
2148 3093 2373 3173 Spiritu
2415 3094 2788 3173 apertissime
2832 3096 3048 3157 Filium
3093 3101 3454 3162 decernens.
3507 3087 3620 3174 Qui

228 3183 573 3261 πλεκόμενός
602 3206 685 3240 σοι
742 3184 1118 3263 συλλογισμὸς,
1176 3189 1205 3243 0
1245 3193 1337 3243 106
1394 3182 1600 3243 Ἰταλοῦ
1645 3205 1883 3265 καταιρε-

1986 3181 2343 3243 )οεῐιηο(1υιη
2372 3190 2485 3242 ate
2508 3181 2880 3262 syllogismus
2913 3185 3377 3261 connectitur,et
3405 3186 3615 3252 Italum

227 3274 462 3353 ρόμενος
491 3271 687 3353 σφόδρα
718 3274 773 3330 ἐν
800 3280 879 3347 τῷ
906 3274 1212 3351 προτείνειν,
1251 3298 1280 3331 ιι
1326 3281 1438 3331 Πᾶν
1494 3275 1622 3355 ὅπερ
1676 3273 1759 3331 ἐπὶ
1788 3278 1883 3343 τῆς

1986 3270 2215 3347 graviter
2247 3269 2501 3350 impetit,
2534 3289 2604 3332 eo
2640 3270 2807 3358 quod
2857 3272 3135 3349 affirmat,
3173 3299 3197 3330 ιι
3233 3273 3425 3338 Omne
3454 3279 3611 3358 quod

227 3362 549 3441 ὑπερωσίου
628 3360 844 3441 Τριάδος
915 3364 1001 3419 καὶ
1084 3366 1285 3421 νοεϊθαι
1366 3365 1455 3420 καὶ
1524 3362 1758 3442 λέγεται,
1844 3363 1879 3431 ἡ

1989 3378 2025 3418 ιι
2056 3358 2606 3439 supersubstantiali
2636 3357 2854 3421 Triade
2883 3361 3238 3441 intelligitur
3267 3372 3327 3426 et
3366 3357 3607 3443 dicitur,

224 3454 414 3507 κοινὸν
445 3450 555 3506 ἐστι
582 3458 688 3506 τῶν
712 3456 898 3529 τριῶν,
956 3451 992 3519 ἢ
1034 3452 1152 3516 ἑνὸς
1208 3451 1369 3534 ἴδιον,
1402 3472 1425 3502 ι
1487 3456 1647 3516 Οὗτος
1677 3457 1745 3519 τῆ
1780 3452 1879 3517 τῆς

1986 3455 2061 3508 tut
2090 3466 2407 3508 commune
2457 3453 2551 3510 est
2600 3447 2802 3525 trium,
2850 3458 2949 3510 aut
2992 3450 3170 3513 unius
3206 3452 3537 3534 proprium.
3578 3480 3600 3513 ο

226 3539 489 3607 ἀληθείας
540 3562 724 3620 χαριτι
793 3541 1283 3622 πρωνατέτραπται
1379 3541 1502 3621 παρ’
1585 3544 1763 3618 ἡμῶν,
1824 3540 1877 3596 ἐν

225 3633 320 3695 οἷς
380 3628 755 3704 ἀπεδείκνυμεν
811 3630 957 3686 εἷναί
1023 3653 1073 3687 τι
1115 3633 1297 3689 κοικὸν
1350 3645 1469 3695 τοῖς
1525 3629 1690 3704 δοσιν,
1748 3628 1877 3709 ὅπερ

223 3720 309 3794 μὴ
340 3719 593 3798 πρόσεστι
644 3720 733 3776 καὶ
773 3726 851 3794 τῷ
906 3720 1081 3797 τρίτῳ,
1155 3721 1242 3777 καὶ
1295 3721 1438 3778 εἶναί
1491 3743 1540 3776 τι
1596 3718 1733 3775 ἴδιον
1761 3732 1876 3784 τοῖς

219 3806 361 3882 δυσί,
393 3808 473 3883 μὴ
501 3816 874 3872 κοινωνοῦντος
906 3810 1088 3874 αὐτοῖς
1146 3811 1235 3866 καὶ
1288 3818 1380 3867 τοῦ
1436 3810 1629 3890 τρίτου,
1674 3800 1873 3864 Ὠσαύ-

214 3918 332 3959 τως
360 3897 450 3953 καὶ
479 3898 508 3953 ό
537 3894 713 3975 ἕτερος
771 3901 878 3953 τῶν
936 3896 1021 3954 ἐπί
1076 3899 1247 3973 τούτῳ
1298 3897 1666 3977 συλλογισμῶν
1728 3900 1755 3953 0
1786 3896 1876 3953 λέ-

210 4008 331 4064 γων
361 3984 453 4042 δύο
482 3986 853 4067 ἀναφαίνεσθαι
907 3988 973 4045 τὰ
1029 3996 1122 4046 τοῦ
1194 3989 1496 4063 Πνεύματος
1560 3987 1708 4045 α’ἶτια
1781 3989 1873 4043 τὸν

1961 3535 2058 3597 hic
2089 3535 2198 3598 Dei
2228 3537 2414 3616 gratia
2452 3536 2742 3598 refutatus
2768 3549 2863 3600 est
2890 3556 2924 3599 a
2954 3538 3148 3603 nobis:
3181 3541 3320 3603 dum
3350 3544 3610 3607 ostendi-

1959 3643 2113 3700 mus,
2140 3644 2270 3687 esse
2300 3625 2440 3706 quid
2475 3626 2724 3687 duorum
2758 3630 3260 3710 commune,quod
3286 3650 3405 3693 non
3434 3651 3606 3696 com-

1960 3715 2297 3776 municatur
2344 3723 2402 3777 et
2451 3722 2625 3777 tertio
2660 3735 2674 3775 :
2711 3723 2770 3776 et
2824 3734 2957 3779 esse
2987 3720 3290 3798 proprium
3322 3721 3601 3801 duorum,

1955 3805 2124 3883 cujus
2156 3803 2362 3865 tertius
2392 3803 2697 3883 particeps
2747 3823 2864 3866 non
2898 3814 3011 3881 est,
3047 3805 3335 3871 Similiter
3362 3819 3423 3873 et
3452 3812 3605 3876 alius

1954 3894 2323 3971 syllogismus
2352 3893 3046 3974 subsequens,asserens,
3077 3897 3224 3959 duas
3254 3918 3604 3982 comparere

1953 3978 2447 4069 Spirituscausas
2479 3980 2713 4044 Patren.
2744 3995 2804 4044 et
2834 3983 3138 4066 Filium,si
3168 3986 3299 4069 quis
3328 3978 3410 4051 εί
3427 3989 3602 4055 Patre

206 4074 432 4154 Πατέρα
490 4076 578 4131 καὶ
640 4077 730 4132 τὸν
784 4077 927 4145 Υἱὸν,
984 4077 1074 4133 ἐὰν
1139 4098 1219 4141 τις
1270 4080 1332 4134 ὲκ
1390 4084 1480 4134 τοῦ
1524 4079 1727 4156 Πατρὸς
1784 4078 1870 4133 καὶ

1996 4080 2012 4130 t
2041 4069 2187 4130 Filio
2210 4067 2490 4149 Spiritum
2526 4070 2817 4147 decernit,
2855 4072 2975 4134 illis
3002 4067 3199 4136 verbis
3230 4095 3264 4139 a
3294 4076 3466 4140 nobis
3495 4098 3597 4142 re-

216 4167 351 4221 1106
421 4162 558 4241 λέγῃ
617 4166 679 4220 τὸ
728 4170 965 4240 Πνεῦμα,
1039 4165 1101 4221 ἐκ
1155 4165 1372 4231 ἐκείνοις
1415 4166 1570 4240 ἡμῶν
1612 4180 1730 4229 τοῖς
1779 4166 1870 4243 ῥή-

1986 4169 2142 4220 ectus
2173 4168 2285 4233 est,
2334 4159 2550 4239 quibus
2589 4162 2985 4237 ostendimus,
3021 4182 3156 4224 eum
3190 4165 3291 4246 qui
3324 4184 3395 4228 ex
3427 4166 3599 4232 Patre

206 4275 321 4331 μας
354 4282 382 4314 ι
423 4251 834 4330 ἀνατέτραπται,
892 4253 946 4309 ἐν
1000 4258 1085 4319 οἷς
1128 4253 1500 4330 ἂπεδείκνυμεν
1557 4256 1631 4318 ὡς
1713 4257 1741 4310 0
1809 4254 1869 4310 ἐκ

1989 4256 2009 4308 t
2057 4249 2203 4310 Filio
2249 4248 2535 4328 Spiritum
2593 4249 2759 4326 dicit,
2824 4270 3001 4313 unam
3063 4271 3297 4315 causam
3346 4255 3591 4336 inferre,

205 4349 308 4399 106
343 4342 547 4420 [ἰατρὸς
577 4343 664 4399 καὶ
716 4345 836 4399 Υἱοῦ
898 4341 1068 4422 λέγων
1139 4345 1199 4399 τὸ
1257 4350 1491 4419 Πνεῦμα,
1541 4345 1664 4419 μίαν
1697 4344 1867 4399 αἰτίαν

1992 4337 2103 4397 uod
2138 4356 2207 4397 ex
2240 4339 2412 4399 Patre
2470 4356 2575 4417 per
2622 4340 2835 4401 Filium
2884 4340 2986 4402 ille
3041 4342 3122 4404 sit
3156 4359 3171 4405 :
3201 4361 3306 4404 vox
3339 4362 3597 4428 namque

207 4429 360 4509 λέγει
403 4437 498 4487 τοῦ
554 4432 879 4506 Πνεύματος,
928 4430 1013 4488 διὰ
1041 4434 1101 4489 τὸ
1144 4431 1204 4487 ἐκ
1275 4434 1478 4511 Πατρὸς
1507 4429 1575 4487 δι’
1619 4434 1735 4489 Υἱοῦ
1778 4436 1896 4489 εἷ-1

1994 4427 2046 4486 la
2067 4443 2181 4505 per
2221 4424 2459 4487 Filium
2492 4425 2909 4506 primigeniam
2967 4447 3202 4491 causam
3255 4424 3595 4516 indicat,_ut

206 4542 300 4577 ναι
374 4520 522 4591 a610,
584 4519 678 4576 ἅτε
732 4525 831 4588 τῆς
901 4518 968 4576 δι’
1060 4522 1178 4577 1106
1236 4526 1417 4601 φωνῆς
1477 4519 1712 4590 δήλωσιν
1765 4526 1862 4588 τῆς

1986 4533 2158 4576 .erum
2191 4532 2325 4577 cum
2358 4534 2567 4593 magno
2598 4515 2813 4577 Basilio
2845 4516 3232 4583 amrmemus.
3258 4521 3376 4582 Sed
3401 4515 3596 4605 neque

206 4612 643 4687 προκαταρτικῆς
701 4610 868 4674 αἰτίας
967 4609 1225 4690 ἐχούσης,
1309 4611 1447 4667 κατά
1516 4611 1606 4666 τὸν
1695 4609 1861 4688 μέγαν

1989 4604 2046 4664 ui
2102 4603 2386 4683 deinceps
2434 4604 2629 4694 locu_m
2698 4613 2948 4686 occupat
3016 4606 3429 4687 syllogismus,
3491 4603 3596 4694 qui

208 4698 388 4753 εἰπεῖν
444 4697 533 4753 καὶ
603 4696 764 4755 πάλιν
835 4697 1131 4761 Βασίλειον.
1198 4696 1348 4755 Ἀλλ’
1401 4696 1517 4757 οὐδὲ
1589 4700 1617 4754 0
1677 4698 1861 4779 ἐφεξῆς

2008 4693 2422 4774 imperfectum
2456 4712 2523 4753 ex
2558 4691 2731 4755 Patre
2762 4695 3207 4775 processionem
3235 4691 3526 4784 inculcat,
3542 4705 3593 4765 si

202 4784 590 4866 συλλογισμὸς,
621 4789 651 4843 0
682 4806 712 4849 ι
745 4786 913 4856 ἀτελῆ
960 4789 1060 4856 τὴν
1116 4788 1176 4847 ἐκ
1228 4794 1322 4845 τοῦ
1351 4789 1557 4868 Πατρὸς
1615 4786 1863 4866 ἃκπόρευ-

1986 4790 2003 4843 ι
2030 4799 2102 4844 ex
2129 4780 2279 4873 _Filio
2307 4780 2572 4873 Spiritus
2594 4799 2727 4845 esse
2758 4792 3083 4873 astruatur,
3120 4810 3147 4842 »
3199 4806 3350 4849 nova
3395 4780 3592 4873 aliqua

202 4897 289 4932 σιν
318 4874 519 4954 λέγων,
551 4875 642 4932 ἐὰν
696 4878 785 4934 καὶ
837 4876 897 4935 ἐκ
935 4885 1028 4972 106
1065 4881 1185 4935 I106
1227 4876 1436 4956 λέγοιτο
1482 4878 1743 4972 ὑπάρχειν
1798 4880 1861 4972 τὸ

1986 4869 2268 4948 [cogitata
2320 4868 2615 4931 sententia
2678 4870 3095 4971 refutationem
3172 4868 3513 4972 merebitur
3568 4899 3582 4941 :

201 4969 443 5044 Πνεῦμα,
484 4986 507 5019 ο
541 4972 723 5023 καινοῦ
751 4987 894 5033 τινος
939 4964 1251 5038 δεηθήσεται
1305 4974 1399 5025 τοῦ
1454 4969 1726 5042 νοήματος
1785 4970 1858 5032 εἰς

1986 4976 2198 5040 amque
2225 4958 2296 5020 ad
2328 4976 2464 5019 eum
2495 4959 2948 5022 convellendum
2977 4960 3118 5022 satis
3167 4959 3303 5037 erit,
3351 4981 3482 5044 quae
3513 4965 3587 5028 ad

202 5052 525 5134 ἆντίῤῥησιν.
589 5051 827 5136 Ἀρκέσει
885 5056 985 5135 γὰρ
1037 5057 1110 5120 εἷς
1165 5056 1470 5136 ἀνατροπὴν
1526 5056 1706 5139 αὐτοῦ,
1760 5056 1858 5115 ὅσα

1986 5048 2311 5110 onsimilem
2353 5045 2559 5139 Pliotii
2582 5048 2990 5139 syllogismum
3022 5049 3400 5114 adduximus.
3454 5054 3589 5118 Pari

204 5144 329 5221 πρός
356 5145 454 5201 τὸν
482 5143 684 5220 ὁμοίως
713 5148 858 5225 αῷτῳ
908 5142 1105 5225 ἔχοντα
1160 5142 1517 5223 ωλλογισμὸν
1576 5153 1668 5202 τοῦ
1693 5137 1848 5201 7%-

1986 5138 2168 5199 itione
2190 5154 2305 5225 pro
2326 5137 2706 5213 refutatione,
2732 5137 2834 5219 qui
2863 5147 2995 5220 post
3024 5139 3182 5202 hunc
3208 5140 3441 5220 legitur,
3459 5144 3584 5225 syl-

207 5232 308 5289 τίου
362 5236 678 5315 εἰρήκαμεν,
756 5222 1029 5298 εΩσαύτιξυς
1104 5235 1189 5291 καὶ
1402 5235 1675 5314 ἀνατροπῇ
1760 5242 1852 5293 τοῦ

1986 5228 2259 5307 >gismi.et
2278 5224 2395 5315 duo
2427 5227 2723 5307 principia
2742 5227 2999 5308 Spiritus
3028 5230 3266 5292 Patrem
3290 5238 3348 5292 et
3368 5222 3586 5296 Filium

210 5312 608 5389 ἂιιολουθουντος
663 5325 808 5399 αὐτῷ
880 5320 1250 5401 συλλογισμοῦ.
1345 5329 1440 5380 τοῦ
1508 5312 1596 5380 860
1675 5323 1847 5404 ἀρχὰς

1986 5312 2770 5404 mstituentis,a§sumentur,
2804 5334 2936 5397 quae
2965 5317 3029 5379 in
3057 5336 3224 5400 aeque
3252 5337 3319 5382 se
3346 5319 3582 5383 haben-

207 5419 287 5469 τοῦ
331 5415 646 5492 Πνεύματος
706 5411 963 5492 λέγοντος
1018 5400 1111 5468 τὸν
1166 5411 1374 5494 Πατέρα
1428 5413 1516 5469 καὶ
1570 5414 1661 5468 τὸν
1713 5400 1847 5470 -Ῠῖὸν

1986 5423 2054 5465 em
2088 5404 2357 5485 ejusdem
2396 5400 2595 5466 Photii
2643 5403 3047 5484 syllogismum
3096 5425 3131 5470 a
3181 5407 3356 5474 nobis
3407 5409 3585 5473 allata

206 5496 288 5570 ὕλη
361 5502 884 5585 παραληφθήσονται
969 5501 1037 5557 τὰ
1116 5503 1248 5580 πρὸς
1303 5502 1395 5560 τὸν
1453 5500 1652 5578 ὁμοίως
1710 5503 1855 5577 αὖτῷ
1936 5505 2100 5557 sunt.

203 5586 378 5674 ίχοντα
446 5591 854 5672 συλλλογισμὸν
936 5595 1031 5648 τοῦ
1109 5594 1266 5650 αὐτοῦ
1347 5592 1552 5649 Φωτίου
1631 5590 1853 5669 ῥηθέντα

198 5680 333 5760 ἡμῖν.
