4144 6290
520 373 638 475 143

604 542 702 604 64.
736 533 1246 613 Quemadmodum
1278 537 1335 592 et
1363 527 1463 608 qui
1515 531 1646 608 post
1694 525 1801 584 hos
1861 520 2214 613 sAequi‘tur,_A

525 631 783 710 huicque
824 624 1130 708 proximus
1155 621 1304 682 alius
1355 607 1752 697 syllogismus,
1784 609 1956 671 ambo
1989 607 2165 671 simul

525 697 799 782 eamdem
827 697 1131 778 habebunt
1161 701 1834 787 responsionem.Unam
1871 697 2164 780 siquidem

525 807 978 890 propositionem
1019 801 1134 861 vim
1170 807 1415 877 uterque
1447 791 1838 876 possidentes,
1882 807 2015 848 cum
2062 805 2166 845 vo-

523 877 661 960 ξιοηί
693 921 716 954 ιι
746 897 982 957 Patrem
1015 906 1250 950 causam
1295 902 1526 952 eorum.
1565 898 1697 961 quae
1728 897 1793 939 ex
1827 877 1954 957 ipso
2003 882 2161 950 sunt,

524 989 755 1048 ratione
812 978 1138 1068 hypostasis
1196 984 1254 1068 et
1297 992 1422 1068 non
1460 975 1688 1068 ratione
1739 975 2032 1068 naturaan»
2069 964 2166 1024 hic

525 1073 764 1154 quidem
796 1051 977 1142 aliud,
1023 1067 1124 1128 ille
1162 1063 1324 1154 aliud
1369 1059 1692 1154 absurdum
1739 1051 2165 1154 comprobant;

527 1141 667 1225 dum
693 1163 821 1243 ipse
849 1160 1109 1238 ignoras,
1141 1153 1242 1234 qui
1271 1169 1372 1212 eos
1403 1145 1792 1220 concinnasti,
1812 1141 2037 1203 nullum
2062 1159 2170 1202 un-

526 1272 701 1336 quam
721 1242 803 1311 ex
836 1250 1054 1310 sanctis
1083 1243 1324 1314 dixisse,
1357 1242 1585 1299 Patrem
1617 1251 1852 1297 causam
1893 1249 2029 1293 esse
2059 1249 2164 1292 eo-

526 1320 682 1415 rum,
716 1356 847 1420 quae
873 1355 941 1398 ex
973 1335 1102 1416 ipso
1133 1339 1293 1410 sunt,
1325 1327 1552 1390 ratione
1575 1320 1926 1403 hypostasis,
1960 1328 2019 1381 et
2049 1338 2164 1380 non

527 1408 758 1492 ratione
790 1408 1036 1487 naturai.
1060 1420 1206 1485 Mihi
1239 1408 1542 1500 plane,qui
1571 1413 1694 1473 fere
1716 1427 1924 1471 omnes
1949 1408 2170 1470 theolo-

527 1517 692 1597 gicae
731 1513 1086 1594 scriptiones
1117 1497 1326 1571 sedulo
1377 1501 1647 1581 indagavi
1695 1497 2164 1576 examinavique,

528 1586 758 1668 similes
787 1586 1198 1664 distinctiones
1231 1593 1498 1676 reperire
1539 1607 1828 1669 nusquam
1883 1586 2170 1663 conligit:

530 1712 784 1776 namque
814 1696 860 1752 si
894 1688 1106 1751 similis
1135 1674 1431 1748 distinctio
1481 1678 1634 1776 apud
1689 1685 1922 1776 nostros
1976 1674 2176 1735 Patres

1581 385 1852 458 JOANN.
1887 384 2102 452 VECCI
2134 381 2248 443 GP.
2282 375 2814 440 PATRIARCHE.

3790 358 3896 429 144

2320 509 2417 578 ξδ’,
2452 511 2559 568 ῡῖα
2591 509 2644 566 δὲ
2687 511 2774 566 καὶ
2845 510 2872 566 ὀ
2904 509 3021 584 μετ’
3083 509 3291 581 αὐτοὺς,
3337 509 3424 564 καὶ
3483 509 3510 562 ὁ
3567 504 3720 583 ἐγγὺς
3748 502 3903 558 αὑτοῦ

2247 600 2408 658 πάλιν
2452 597 2830 678 συλλογισμὸς,
2881 600 2927 654 οἱ
2985 596 3072 654 δύο
3131 597 3243 673 ἅμα
3297 592 3732 670 διαλαμϐάνουσι,
3767 591 3902 647 Μίαν

2248 691 2348 770 γὰρ
2419 691 2560 744 οὗτοι
2632 686 2846 762 δύναμιν
2906 693 3010 742 τῶν
3111 687 3418 764 προτάσεων
3471 686 3559 740 καὶ
3616 680 3904 760 ἀμφοτέροι

2249 769 2496 857 ἔχοντες,
2526 778 2586 831 τὸ
2643 775 2816 854 λέγειν
2877 773 3079 842 δηλαδὴ
3118 799 3145 830 ιι
3189 777 3280 831 τὸν
3336 772 3543 849 Πατέρα
3597 769 3769 826 αἴτιον
3798 775 3903 823 τῶν

2250 856 2317 930 ἐξ
2347 865 2503 921 αὑτοῦ
2533 871 2608 939 τῷ
2636 862 2781 942 λόγῳ
2809 869 2907 931 τῆς
2956 865 3318 936 ὑποστάσεως,
3378 863 3468 918 καὶ
3498 860 3620 938 οὐχὶ
3647 865 3724 932 τῷ
3753 856 3899 934 λόγῳ

2247 956 2344 1021 τῆς
2388 955 2613 1031 φύσεως,
2657 977 2678 1007 ι
2728 956 2756 1008 ὸ
2788 954 2887 1028 μὲν
2943 951 3096 1032 ἄλλο,
3129 955 3156 1008 ὁ
3212 949 3265 1006 δὲ
3317 949 3446 1007 ἄλλο
3474 947 3892 1016 κατασκευάζου-

2251 1066 2333 1099 σιν
2364 1040 2561 1120 ἄτοπα,
2623 1041 2674 1097 ἐν
2718 1048 2796 1116 τῷ
2824 1041 3039 1121 ἀγνοεῖν
3091 1062 3149 1096 σε
3207 1042 3297 1096 τὸν
3353 1038 3538 1099 αὐτοὺς
3591 1033 3896 1109 συντιθέμε-

2251 1152 2336 1187 νον
2408 1132 2480 1192 ὡς
2539 1127 2703 1194 οὐδείς
2760 1152 2861 1186 που
2904 1128 3089 1200 εἴρηκε
3132 1134 3236 1184 τῶν
3279 1128 3459 1205 ἁγίων,
3507 1125 3585 1180 ὅτι
3636 1127 3664 1180 ὁ
3717 1129 3897 1198 Πατὴρ

2251 1223 2427 1286 αἴτιός
2474 1224 2582 1278 ἐστι
2605 1230 2711 1280 τῶν
2763 1221 2814 1288 ἐξ
2873 1225 3030 1279 αὑτοῦ
3058 1228 3134 1296 τῷ
3176 1220 3321 1298 λόγῳ
3379 1222 3477 1286 τῆς
3535 1217 3895 1283 ὑποστάσεως,

2248 1317 2335 1371 καὶ
2367 1317 2488 1395 οὐχὶ
2513 1322 2591 1390 τῷ
2633 1314 2778 1393 λόγῳ
2822 1321 2920 1382 τῆς
2979 1315 3206 1394 φύσεως.
3245 1303 3484 1390 ’Ἐμοιγε
3539 1311 3695 1384 τέως,
3729 1308 3900 1374 πάσας

2251 1402 2446 1483 σχεδὸν
2531 1402 2840 1480 θεολογιιιάς
2910 1401 3279 1482 ἐξηρευνηκότι
3335 1402 3560 1481 γραφὰς,
3623 1397 3899 1476 διαιρέσεσι

2255 1493 2522 1556 τοιαύταις
2583 1493 2829 1570 ἐντυχεῖν
2873 1493 2966 1548 οὐκ
3009 1491 3236 1568 ἐγένετο,
3303 1492 3360 1547 Εἰ
3419 1491 3518 1568 γὰρ
3577 1485 3789 1565 ἑλέγετό
3816 1507 3896 1549 τις

2257 1582 2398 1658 παρὰ
2452 1595 2569 1644 τοῖς
2613 1579 2881 1658 θεολόγοις
2940 1581 3202 1654 Πατρςὶσιν
3259 1581 3412 1654 ἡμῶν
3470 1577 3686 1642 τοιαύτη
3757 1573 3895 1631 διαί-

2257 1693 2394 1750 ρεσις
2453 1673 2628 1734 οὐσίας
2699 1673 2787 1728 καὶ
2833 1671 3163 1736 ὑποστάσεως
3221 1670 3274 1726 ἐν
3346 1675 3414 1746 τῇ
3469 1669 3606 1739 αἶτὶᾳ
3661 1672 3766 1722 τῶν
3836 1665 3894 1723 ἐκ

527 1755 836 1861 theolbgos
867 1777 1232 1860 reperiretur
1287 1755 1561 1834 essentia:
1617 1778 1677 1828 et
1733 1767 2061 1861 hjpostasts
2113 1763 2168 1822 in

2257 1761 2460 1838 ῐΙατρὸς
2532 1761 2778 1814 αἰτιατῶν
2821 1760 3140 1831 προσώπων,
3187 1758 3281 1814 οῦκ
3334 1757 3395 1813 ἄν
3438 1777 3565 1812 ποτε
3635 1755 3768 1811 κατὰ
3835 1756 3892 1809 σὲ

528 1890 703 1935 causa
734 1855 962 1931 'earum
1017 1879 1428 1946 personarum,
1473 1875 1602 1938 quae
1651 1874 1720 1917 ex
1775 1855 1946 1915 Patre
2005 1861 2164 1923 sunt,

529 1978 828 2042 nunquam
851 1944 1181 2019 secundum
1215 1961 1290 2026 te,
1319 1949 1420 2030 qui
1448 1964 1623 2008 vocas
1646 1962 1882 2005 causam
1936 1944 2167 2004 Patrem

527 2030 755 2121 eorum,
795 2065 926 2129 quae
949 2065 1016 2107 ex
1047 2063 1117 2104 eo
1150 2048 1307 2120 sunt,
1339 2036 1567 2099 ratione
1599 2030 2018 2114 hypostasis,et
2050 2048 2166 2090 non

524 2139 756 2202 ratione
779 2127 1024 2207 naturae,
1051 2132 1244 2194 dictus
1274 2127 1479 2189 fuisset
1509 2127 1684 2187 Pater
1714 2137 2003 2198 generans
2058 2136 2165 2178 na-

525 2228 816 2290 turaliter.
847 2206 1064 2286 Verum
1107 2237 1264 2281 nunc
1314 2212 1630 2296 aliquando
1685 2230 1751 2272 ex
1785 2213 1980 2287 Patre,
2009 2206 2162 2286 quod

527 2316 796 2396 ejusdem
829 2310 1194 2394 hypostasim
1220 2310 1484 2396 denotat,
1505 2297 1825 2396 aliquando
1859 2315 1925 2356 ex
1954 2313 2163 2396 essen.-

528 2381 609 2466 tia
639 2402 834 2468 Patris
861 2381 1139 2481 generari
1159 2394 1375 2458 Filium
1404 2391 1714 2481 scripturae
1741 2381 2164 2481 statuunt.Qui-

532 2493 645 2555 bus
667 2471 978 2554 manifesto
1009 2493 1254 2568 apparet
1272 2491 1500 2568 temere
1515 2480 1629 2568 has
1651 2473 2063 2568 dictinctiones
2093 2471 2165 2531 ah

534 2601 735 2644 earum
767 2561 1108 2641 auctoribus
1139 2572 1418 2635 conﬁctas
1447 2564 1777 2628 fuisse.Nec
1808 2561 1920 2622 erit
1958 2568 2169 2638 praeter

528 2689 656 2733 rem
685 2669 904 2750 scripto
934 2664 1144 2729 tradita
1165 2657 1500 2724 testimonia
1519 2655 1613 2716 hic
1634 2648 2166 2725 recensere,Deum

535 2738 884 2822 naturaliter
905 2758 1281 2836 generare,et
1309 2747 1492 2808 fetum
1526 2742 1614 2805 vel
1639 2743 1865 2822 prolem
1897 2738 2170 2799 essentiae

533 2857 591 2911 et
644 2856 869 2909 natura;
905 2826 1021 2908 hei
1070 2826 1284 2904 Filium
1334 2837 1474 2911 dici,
1537 2840 1600 2894 ut
1656 2829 1848 2892 modis
1892 2826 2168 2888 omnibus

463 2982 473 2992 .
533 2941 770 3002 vesania
817 2935 1207 3010 redarguatur
1262 2927 1443 2994 illius,
1505 2922 1605 3004 qui
1649 2935 1916 2981 asserere
1965 2915 2161 2988 audet,

532 3033 769 3094 Patrem
803 3041 1042 3088 causam
1070 3038 1202 3082 esse
1232 3035 1463 3094 eorum,
1495 3030 1629 3093 quae
1678 3027 1749 3071 ex
1799 3025 1868 3069 eo
1900 3012 2036 3094 sunt
2063 3022 2163 3064 ra-

530 3093 693 3181 tione
745 3111 1097 3202 hypostasis,
1151 3120 1209 3170 et
1240 3126 1370 3202 _non_
1390 3102 1618 3202 ratione
1647 3106 1889 3199 naturae.
1922 3093 1995 3202 F:t
2023 3102 2163 3195 ante
2184 3134 2223 3184 ο

529 3209 680 3272 alios
701 3183 952 3284 magnus
975 3197 1329 3263 Athanasius
1357 3194 1418 3256 in
1441 3188 1736 3270 colloquio
1771 3203 1905 3248 cum
1937 3184 2076 3246 Ario
2105 3183 2165 3243 in

527 3296 752 3380 synodo
781 3272 1020 3355 ﬁicaana
1045 3288 1276 3380 habito,
1293 3286 1460 3380 cujus
1489 3276 1932 3380 principium“
1962 3272 2169 3334 Divina

534 3363 912 3469 providentia
941 3398 1073 3442 cum
1106 3371 1482 3439 amicissimis
1516 3367 1664 3430 meis
1714 3363 2016 3426 fratribus.
2061 3380 2166 3423 ac-

531 3451 684 3538 cessi
715 3472 786 3534 ad
819 3469 1189 3532 desideratos
1218 3483 1251 3526 a
1281 3481 1376 3523 me
1406 3457 1625 3523 Christi
1649 3472 1874 3528 servos,
1911 3477 1938 3508 ι)
1965 3451 2161 3512 tradit:

539 3589 564 3619 α
600 3562 808 3642 Itaque
841 3562 997 3620 Deus
1054 3555 1263 3617 dicens
1313 3549 1384 3612 ad
1429 3547 1740 3642 proprium
1791 3542 2004 3641 Filium
2050 3557 2170 3642 per

533 3629 906 3734 prophetam,
921 3669 946 3705 ι
963 3644 1046 3706 Ex
1078 3652 1246 3706 utero
1268 3649 1405 3702 ante
1429 3634 1771 3734 hucil‘eru‘m.
1784 3629 1962 3732 genui
1986 3629 2162 3700 telis,»

531 3720 601 3802 ex
635 3720 876 3820 paterna
892 3720 1163 3797 essentia
1190 3725 1631 3810 generationem
1662 3720 1798 3783 Filii
1828 3725 2019 3780 notat:
2056 3739 2082 3775 »
2113 3725 2171 3778 et

533 3811 736 3910 paucis
765 3823 1124 3903 interiectis:
1157 3847 1180 3876 ιι
1209 3818 1382 3883 Nulla
1436 3815 1551 3874 alia
1595 3811 1669 3872 de
1717 3826 1893 3871 causa
1937 3815 2164 3867 uterum

530 3894 819 3991 nominat,
851 3894 967 3975 nisi
995 3921 1059 3973 ut
1079 3909 1369 3979 ostendat,
1404 3904 1596 3982 ipsum
1631 3899 1841 3962 Filium
1878 3915 1949 3958 ex
1981 3894 2168 3957 Patris

530 4006 789 4068 essentia
805 3985 1079 4082 genitum
1106 3997 1311 4059 fuisse.
1347 4021 1371 4050 η
1410 3992 1479 4054 Et
1508 3992 1760 4051 iterum:
1800 4012 1825 4042 ιι
1849 3985 2062 4048 Filium
2099 4001 2166 4044 ex

531 4093 792 4157 essentia
819 4074 946 4154 'Dei
995 4097 1053 4151 et
1106 4086 1296 4150 Patris
1343 4093 1693 4162 generatum
1741 4074 2096 4155 accepimus.
2134 4097 2160 4127 ι)

529 4182 694 4245 Idem
753 4182 1042 4253 oratione,
1094 4177 1261 4256 cujus
1293 4161 1673 4254 principium,
1712 4192 1736 4221 α
1765 4165 1947 4226 Recte
1978 4161 2164 4224 fecisti

532 4272 678 4334 mihi
733 4269 1073 4351 signiﬁcans
1120 4252 1336 4326 factum
1383 4268 1526 4351 ante
1578 4257 1907 4337 quaasitum,
1951 4276 1972 4310 υ
2041 4252 2165 4312 ιιωο

2247 1855 2338 1908 τὸν
2408 1851 2631 1930 λέγοντα
2674 1850 2847 1908 αἴτιον
2890 1855 2980 1908 τὸν
3038 1851 3244 1930 Πατέρα
3301 1855 3403 1906 τῶν
3461 1849 3512 1914 ἐξ
3583 1848 3739 1904 αὑτοῦ
3819 1855 3894 1922 τῷ

2248 1941 2393 2021 λόγῳ
2421 1953 2518 2010 τῆς
2571 1945 2936 2024 ὑποστάσεως,
3009 1946 3094 2000 καὶ
3159 1944 3280 2022 οὐχὶ
3335 1945 3412 2016 τῷ
3453 1939 3598 2018 λόγῳ
3638 1946 3742 2002 τῶς
3789 1941 3890 2018 φύ-

2247 2053 2405 2105 σεως,
2439 2031 2617 2109 ἐῤῥέθη
2652 2035 2678 2088 ὁ
2711 2033 2890 2111 Πατὴρ
2930 2034 3125 2110 γεννῶν
3185 2036 3437 2110 φυσικῶς,
3475 2037 3575 2086 Νῦν
3631 2025 3684 2082 δὲ
3754 2026 3894 2082 ἀλλὰ

2248 2121 2325 2186 πῆ
2357 2121 2453 2196 μέν
2487 2121 2547 2176 ἐκ
2573 2129 2663 2177 τοῦ
2707 2123 2933 2200 Πατρὸς,
2981 2120 3108 2198 ὅπερ
3153 2120 3261 2175 ἐστὶ
3317 2124 3412 2186 τῆς
3470 2119 3625 2174 αὑτοῦ
3669 2114 3888 2182 δηλωτι,

2247 2210 2341 2263 κὸν
2411 2210 2771 2280 ὑποστάσεως,
2821 2214 2898 2276 πῆ
2970 2207 3024 2263 δὲ
3069 2209 3128 2264 ἐκ
3169 2213 3267 2274 τῆς
3312 2207 3487 2268 οῦσίας
3541 2213 3633 2262 τοῦ
3690 2207 3891 2283 Πατρὸς

2247 2301 2521 2374 γεννᾶσθαι
2572 2299 2662 2352 τὸν
2709 2299 2828 2352 Υἱὸν
2883 2296 3280 2375 δογματίζουσιν
3340 2299 3392 2352 αἱ
3458 2296 3672 2374 γραφαί.
3724 2285 3892 2351 Ὀπό-

2245 2389 2329 2441 θεν
2365 2383 2642 2463 προδήλως
2713 2388 2801 2441 καὶ
2847 2387 3206 2466 ἀναφαίνεται,
3263 2386 3440 2460 μάτην
3492 2387 3584 2446 τὰς
3642 2384 3892 2447 τοναύτας

2249 2472 2522 2551 διαιρέσεις
2607 2473 3006 2530 ἀναπεπλάσθαι
3074 2488 3192 2537 τοῖς
3252 2474 3407 2539 αὑτὰς
3451 2471 3886 2530 ἀναπλάττουσιν.

2251 2566 2358 2620 Οὐκ
2402 2563 2505 2618 ἀπὸ
2561 2561 2614 2618 δὲ
2658 2562 2817 2640 λόγου
2871 2565 2959 2619 καὶ
3008 2565 3265 2642 γραφικὰς
3330 2563 3547 2619 ἐνταῦθα
3605 2561 3886 2640 μαρτυρίας

2251 2665 2602 2730 παραγαγεῖν,
2669 2660 2761 2709 τοῦ
2804 2659 2990 2732 γεννᾷιν
3046 2655 3136 2710 τὸν
3191 2654 3319 2707 Θεὸν
3373 2657 3627 2730 φυσικῶς,
3676 2652 3762 2705 καὶ
3795 2651 3891 2705 αῦ-

2249 2747 2340 2796 τοῦ
2409 2740 2648 2817 γέννημα
2706 2748 2801 2807 τῆς
2846 2742 3021 2803 οὐσίας
3076 2741 3162 2796 καὶ
3219 2745 3317 2806 τῆς
3362 2741 3560 2819 φύσεως
3617 2745 3708 2794 τοῦ
3765 2745 3894 2794 Θεοῦ

2249 2827 2491 2906 λέγεσθαι
2521 2831 2610 2885 τὸν
2651 2832 2793 2910 Υἱον,
2838 2833 2982 2892 ὅπως
3028 2826 3088 2883 ἄν
3143 2830 3205 2884 τὸ
3263 2825 3455 2904 ἄλογον
3513 2829 3645 2883 κατὰ
3705 2827 3892 2905 κράτος

2248 2917 2606 2997 ἀπελεγχθείη
2685 2926 2776 2975 τοῦ
2850 2917 3025 2996 λέγειν
3087 2915 3495 2992 ἀποτολμῶντος
3541 2919 3628 2972 τὸν
3688 2916 3891 2993 Πατέρα

2249 3003 2419 3062 αἴτιον
2463 3007 2602 3062 εἶναι
2632 3013 2736 3062 τῶν
2788 3004 2840 3072 ἐξ
2892 3009 3047 3062 αὐτοῦ
3074 3013 3152 3080 τῷ
3193 3004 3338 3082 λόγῳ
3378 3009 3474 3071 τῆς
3528 3004 3888 3077 ὑποστάσεως,

2247 3098 2334 3151 καὶ
2362 3096 2484 3174 οὖχι
2513 3101 2590 3168 τῷ
2638 3093 2784 3172 λόγῳ
2835 3099 2934 3161 τῆς
2982 3095 3207 3174 φύσεωςι
3264 3095 3456 3149 Αὐτίκα
3507 3094 3663 3171 γὰρὸ
3720 3090 3890 3168 μέγας

2252 3184 2556 3247 Ἀθανάσιος
2607 3181 2661 3238 ἐν
2724 3189 2793 3260 τῇ
2861 3173 3006 3263 πρὸς
3049 3173 3264 3260 ’Ἄρειον
3319 3179 3577 3254 διαλέκτῳ
3617 3186 3685 3257 τῇ
3728 3201 3886 3258 γενο-

2251 3273 2384 3349 μένῃ
2427 3273 2481 3328 ἐν
2511 3279 2578 3349 τῇ
2612 3273 2743 3328 οιατά
2771 3282 2990 3330 Νικαιαν
3038 3269 3258 3350 συνόδῳ,
3305 3271 3371 3337 ἧς
3429 3272 3463 3338 ἦ
3516 3269 3662 3349 ἀρχὴ
3698 3287 3712 3302 ⁸
3751 3291 3775 3324 α
3811 3274 3891 3344 Τῇ

2247 3371 2338 3420 τοῦ
2409 3369 2540 3419 Θεοῦ
2608 3361 2825 3440 προνοίᾳ
2880 3360 3069 3427 ἀπείην
3155 3357 3560 3438 προσεληλυθὼς
3631 3359 3719 3414 σὺν
3772 3371 3891 3421 τοϊς

2249 3451 2517 3532 φιλτάτοις
2562 3473 2662 3526 μου
2703 3449 2948 3528 ἀδελφοῖς
3002 3451 3129 3529 πρὸς
3185 3449 3303 3511 τοὺς
3359 3448 3476 3522 ἐμοὶ
3519 3444 3892 3520 ποθουμένους

2247 3550 2340 3598 τοῦ
2396 3548 2619 3620 Χριστοῦ
2688 3537 2927 3620 δούλους,
2977 3562 3004 3593 ι
3067 3539 3226 3618 φησίν
3278 3552 3291 3566 ”
3377 3537 3607 3593 αΟὗκοῦν
3681 3537 3708 3589 ὁ
3764 3537 3892 3598 Θεὸς

2250 3629 2418 3708 λέγων
2448 3630 2576 3708 πρὸς
2605 3631 2696 3684 τὸν
2737 3625 2873 3683 ἴδιον
2943 3629 3060 3683 Υἱὸν
3118 3625 3203 3682 διὰ
3257 3631 3352 3682 τοῦ
3403 3623 3686 3703 προφέτου,
3725 3647 3750 3676 α
3799 3621 3894 3680 Ἐκ

2251 3721 2473 3797 γαστρὸς
2504 3720 2604 3796 πρὸ
2660 3716 2927 3795 ἐωσφόρου
2982 3715 3236 3792 ἐγέννησά
3292 3736 3372 3786 σε,
3412 3736 3435 3771 ι
3496 3715 3740 3787 σημαίνει
3797 3714 3895 3779 τὴν

2252 3807 2312 3862 ἐκ
2364 3811 2461 3873 τῆς
2509 3809 2774 3880 Πατρικῆς
2843 3806 3019 3869 οὐσίας
3080 3804 3325 3882 γέννησιν
3373 3809 3466 3858 τοῦ
3530 3805 3668 3862 Υἱοῦ.
3709 3821 3733 3853 ι
3798 3803 3895 3858 Καὶ

2249 3886 2368 3970 μετε
2398 3894 2548 3974 ὀλίγα
2584 3915 2598 3927 ⁸
2639 3917 2666 3949 ιι
2716 3893 2798 3949 Δι’
2839 3891 2985 3950 οῦδὲν
3037 3891 3214 3969 ἕτερον
3269 3891 3501 3969 γαστέρα
3544 3891 3808 3966 ὀνομάζει,
3858 3889 3893 3957 ἢ

2248 3985 2340 4040 ’ίνα
2382 3985 2697 4062 παραστήσῃ
2740 3985 2893 4040 αὐτὸν
2951 3984 3042 4037 τὸν
3110 3983 3229 4037 Υἶὸν
3286 3981 3347 4036 ἐκ
3399 3985 3498 4046 τῆς
3554 3987 3647 4035 τοῦ
3692 3982 3893 4057 Πατρὸς

2250 4075 2423 4136 οὐσίας
2454 4073 2818 4151 γεγεννῆσθαι.
2871 4098 2894 4129 ι
2966 4072 3064 4128 Καὶ
3107 4068 3223 4146 μετ’
3271 4069 3424 4147 ὀλίγα
3460 4087 3473 4100 ·
3539 4093 3564 4123 ε
3613 4071 3712 4127 Τὸν
3776 4071 3895 4125 Υἰὸν

2247 4165 2309 4218 ὲκ
2338 4168 2434 4228 τῆς
2479 4162 2654 4224 οὐσίας
2683 4169 2773 4217 τοῦ
2802 4167 2932 4217 Θεοῦ
2987 4161 3071 4215 καὶ
3125 4160 3325 4237 Πατρὸς
3379 4157 3694 4236 γεννηθέντα
3751 4180 3894 4232 μαν-

2247 4250 2492 4325 θάνομεν,
2532 4276 2554 4308 ιι
2611 4241 2666 4307 Ὀ
2696 4249 2850 4313 αὑτὸς
2881 4249 2933 4303 ἐν
2977 4255 3052 4322 τῷ
3093 4246 3239 4326 λόγῳ
3296 4247 3358 4302 οὗ
3387 4249 3421 4314 ἡ
3479 4247 3624 4325 ἀρχή
3663 4265 3674 4278 ·
3719 4268 3742 4301 α
3780 4255 3894 4304 Κα-

529 4363 714 4424 habet
747 4337 824 4424 εἶ
862 4357 988 4420 Non
1023 4355 1136 4417 erit
1164 4353 1324 4414 idem
1359 4348 1539 4411 Filius
1585 4355 1644 4406 et
1677 4352 1960 4414 creatum,
1991 4360 2065 4401 ne
2096 4359 2162 4400 ex

2252 4339 2356 4402 λῶς
2388 4340 2637 4406 ἐποίησας
2696 4337 2940 4404 δηλώσας
3001 4360 3090 4412 μοι
3149 4339 3245 4404 την
3303 4337 3592 4414 γενομένην
3637 4337 3777 4413 παρά
3806 4343 3898 4392 σοῦ

532 4450 654 4512 Deo
692 4459 750 4512 et
778 4415 941 4510 ext—ra
957 4415 1171 4514 beum,
1196 4437 1454 4503 essentia
1479 4435 1637 4496 ill-us
1683 4441 2006 4512 reputetur.
2047 4451 2072 4485 »
2099 4428 2168 4489 Et

2254 4432 2499 4509 ζήτησιν,
2541 4454 2562 4484 ι
2600 4428 2736 4483 οὕτω
2793 4427 2951 4506 φησίν
2982 4442 2994 4454 ·
3049 4447 3072 4481 α
3123 4429 3229 4483 Οὑκ
3279 4423 3341 4482 ἄν
3399 4423 3489 4491 εἴη
3559 4424 3714 4487 αὐτὸς
3781 4426 3898 4487 Υἱὸς

537 4539 738 4601 multis
767 4534 1092 4617 interjectis
1123 4531 1345 4593 ibidem
1381 4550 1394 4587 :
1437 4549 1458 4584 ιι
1492 4525 1622 4586 Non
1670 4532 1946 4584 extranea
2000 4528 2086 4580 est
2117 4527 2174 4578 et

536 4629 849 4690 adinventa
880 4612 1011 4688 Filii
1045 4620 1321 4698 essentia,
1356 4635 1546 4697 neque
1605 4632 1672 4674 ex
1725 4612 1820 4684 iis,
1877 4627 2005 4688 quae
2058 4627 2171 4667 non

536 4727 693 4792 sunt,
727 4715 1086 4792 introducta,
1118 4709 1222 4772 sed
1252 4727 1324 4770 ex
1360 4704 1550 4770 Patris
1581 4700 1836 4764 essentia
1888 4707 2012 4760 orta
2059 4705 2168 4769 est,

533 4803 1036 4885 quemadmodum
1063 4797 1304 4862 luminis
1333 4794 1702 4885 splendorlet
1731 4807 1901 4885 aqua;
1928 4805 2164 4867 vapor.»

528 4875 602 4956 Et
629 4912 874 4974 magnus
903 4890 1162 4955 Basilius
1217 4885 1466 4966 epistola
1495 4881 1573 4974 ai
1600 4878 1948 4974 Canonicas,
2001 4875 2172 4955 cujus

531 4968 884 5064 principium
915 5003 927 5039 ;
969 5003 998 5040 ‹
1029 4977 1322 5050 Quantum
1358 4991 1465 5033 nos
1505 4968 1687 5030 tristis
1740 4983 1963 5040 rumor,
2000 4981 2173 5025 aures

529 5058 761 5134 nostras
790 5072 1257 5139 circumsonans,
1300 5089 1325 5120 ι›
1360 5058 1567 5123 scribit
1600 5079 1612 5116 :
1657 5058 1835 5119 «Cum
1870 5073 1936 5114 ex
1965 5071 2166 5114 essen-

534 5163 612 5222 tia
639 5158 832 5224 Patris
857 5157 1075 5221 Filium
1110 5171 1242 5216 esse
1271 5152 1577 5223 docemur,
1605 5165 1679 5206 ne
1709 5143 2052 5205 decidamus
2100 5143 2171 5204 ad

531 5267 849 5331 corporeas
891 5245 1231 5328 passionum
1289 5235 1710 5316 intelligentias
1763 5252 1958 5313 neque
2014 5232 2173 5294 enim

534 5325 790 5401 essentia
819 5325 1010 5400 divisa
1059 5342 1147 5396 est
1171 5353 1204 5394 a
1235 5334 1405 5394 Patre
1458 5327 1520 5388 in
1548 5325 1785 5404 Filium,
1818 5341 2011 5403 neque
2041 5340 2172 5382 cum

536 5431 798 5490 ﬂuxisset
824 5425 1050 5507 genuit,
1086 5421 1188 5484 sed
1237 5419 1448 5481 modus
1503 5413 1717 5478 divina;
1773 5411 2176 5492 generationis

534 5503 1094 5600 explicari'minime
1137 5509 1358 5570 valet.»
1395 5505 1512 5570 Sed
1567 5513 1624 5566 et
1668 5503 1883 5565 iterum
1931 5519 2175 5580 magnus

608 5689 666 5737 ‘5
699 5688 848 5749 Psal.
883 5695 998 5746 Clx.
1040 5683 1096 5743 3.

2252 4521 2340 4574 καὶ
2369 4539 2585 4592 κτισμα,
2617 4516 2711 4573 ἵνα
2741 4516 2817 4591 μὴ
2861 4517 2947 4570 καὶ
2991 4516 3050 4570 ἐκ
3100 4521 3190 4570 τοῦ
3241 4520 3392 4589 Θεοῦ,
3451 4515 3539 4569 καὶ
3595 4512 3777 4578 ἔξωθεν
3806 4521 3899 4568 τοῦ

2255 4615 2386 4664 Θεοῦ
2412 4608 2446 4674 ἡ
2491 4605 2638 4662 οὐσία
2683 4605 2839 4661 αὑτοῦ
2869 4606 3163 4678 νομίζηται.
3205 4625 3229 4659 ο
3287 4603 3383 4658 Καὶ
3435 4603 3568 4676 μετά
3619 4599 3794 4657 πολλὰ
3842 4603 3896 4655 ὲν

2253 4703 2330 4770 τῷ
2396 4700 2538 4768 αὐτῷ
2565 4709 2590 4750 >
2650 4715 2674 4749 α
2739 4693 2846 4751 Οὐκ
2916 4692 3096 4757 ἔξωθέν
3152 4693 3229 4755 τίς
3287 4689 3427 4745 ἐστιν
3484 4689 3818 4769 ἐφευρεθεϊσα
3858 4691 3892 4754 ἡ

2254 4793 2344 4841 τοῦ
2385 4785 2504 4840 Υἱοῦ
2560 4782 2730 4856 οὐσία,
2783 4779 2898 4838 οὐδὲ
2939 4783 3001 4836 ὲκ
3056 4781 3133 4854 μὴ
3173 4779 3338 4835 ὄντων
3394 4777 3714 4857 ἐπεισήχθη,
3775 4773 3894 4830 ἀλλ’

2255 4874 2313 4930 ἐκ
2344 4873 2440 4940 τῆς
2508 4879 2598 4928 τοῦ
2667 4873 2868 4949 Πατρὸς
2936 4869 3112 4931 οὖσίας
3155 4868 3274 4948 ἔφυ,
3334 4869 3407 4930 ὡς
3459 4873 3553 4924 τοῦ
3600 4867 3782 4946 ’φωτὸς
3838 4866 3899 4919 τὸ

2253 4963 2596 5039 ἀπαύγασμα,
2628 4961 2714 5016 καὶ
2768 4962 2841 5022 ὡς
2902 4955 3087 5022 ὕδατος
3131 4957 3312 5032 ἀτμίς.
3377 4958 3533 5015 Καὶὸ
3606 4956 3772 5034 μέγας
3804 4961 3904 5009 Βα-

2255 5051 2445 5113 σίλειος
2494 5049 2547 5105 ἐν
2604 5054 2671 5124 τῇ
2742 5049 2871 5124 πρὸς
2916 5046 3006 5110 τάς
3064 5045 3346 5108 κανονικὰς
3392 5043 3671 5124 ἐπιστολῇ,
3749 5044 3814 5110 ἧς
3867 5045 3902 5110 ἡ

2257 5141 2402 5220 ἀρχή
2439 5142 2455 5170 ‘
2493 5161 2520 5193 ιι
2558 5126 2730 5194 ιὈσον
2773 5135 2987 5203 ἠνίασεν
3015 5136 3160 5210 ήμᾶς
3207 5134 3462 5214 πρότερον
3493 5131 3904 5220 φήμη-’λυπηρά

2256 5212 2544 5291 τὰς-ἀκοὰς
2601 5227 2755 5300 ἡμῶν
2811 5225 3218 5302 περιηχήσασα,
3253 5212 3283 5276 ιι
3330 5212 3531 5302 φησίν-³
3575 5246 3602 5278 α
3641 5212 3816 5280 ’Ὀταν
3845 5220 3899 5277 δὲ

2259 5317 2317 5374 ἐκ
2357 5321 2455 5383 τῆς
2484 5315 2661 5378 οὐσίας
2711 5321 2802 5370 τοῦ
2860 5313 3063 5390 Harpe:
3117 5313 3208 5367 τὸν
3275 5314 3393 5368 Υἶὸν
3447 5312 3588 5368 εἶναι
3647 5309 3894 5367 διδασκό-

2258 5413 2413 5488 μεθα,
2477 5408 2555 5482 μὴ
2628 5405 3044 5478 καταπίπτωμεν
3115 5402 3200 5459 ἐπὶ
3267 5405 3359 5468 τὰς
3417 5404 3724 5480 σωματικὰς
3791 5410 3897 5458 τῶν

2257 5502 2434 5555 παθῶν
2508 5496 2726 5558 ἐννοίας.
2777 5493 2848 5552 Οὔ
2909 5493 2999 5571 ςὰρ
3055 5495 3090 5561 ἡ
3136 5493 3281 5552 οὗσία
3341 5493 3584 5573 ἐμερίσθη
3655 5493 3764 5560 ὴπὸ
3806 5499 3898 5548 τοῦ
