4142 6286
246 294 363 362 145

1468 296 1565 369 DE
1598 305 1889 369 UNIONE
1918 302 2466 370 EGCLESIARUM.

3513 303 3630 370 146

250 433 460 509 Πατρὸς
494 435 562 499 εἰς
599 436 742 508 Υῐὸν,
777 434 889 492 οὐδὲ
916 435 1101 514 ῥυεῖσα
1170 435 1497 512 ἐγεννήσεως
1542 431 1660 490 ἀλλ’
1700 453 1711 464 ⁸

1963 431 2348 497 ιλιιιεηθείυε
2378 435 2624 516 epistola
2652 453 2721 499 ex
2744 434 2965 516 synodo
2991 432 3519 517 Hierosolymitana
3552 432 3627 497 ad

250 541 336 583 τος
395 527 505 589 τῆς
571 525 714 587 θείας
770 512 1068 603 γεννῆσεως
1141 527 1168 581 6
1226 524 1440 603 τρόπος.
1479 545 1508 577 n
1590 512 1785 580 ’Ἀλλᾶ
1816 524 1902 579 καὶ

250 608 409 665 πα’λιν
441 613 473 667 6
520 612 689 691 μέγας
747 611 1056 677 ’Δθανάσιος
1099 613 1154 668 ἐν
1223 620 1292 689 τῇ
1356 610 1609 689 ἐπιστολῇ
1673 616 1742 688 τῇ
1795 610 1901 667 ἀπὸ

248 697 343 765 τῆς
417 697 637 757 συνόδου
707 715 823 764 τοῖς
895 702 951 757 ἐν
1024 693 1426 780 Ἰεροσολύμοις,
1505 702 1635 779 πρὸς
1704 701 1801 767 τὴν
1844 698 1898 755 ἐν

249 781 616 865 Ἀλεξανδρείᾳ
648 787 988 863 Ἐκκλησίαν,
1035 790 1102 858 ἧς
1157 793 1193 861 ἡ
1264 790 1410 868 ἀρχή
1445 807 1460 823 ⁸
1514 813 1541 843 α
1611 795 1746 844 Πᾶσι
1801 787 1896 863 μὲν

246 875 399 949 ἡμῶν
430 891 553 942 τοῖς
588 878 672 935 ἐπὶ
700 881 761 935 τὸ
812 881 936 936 αὐτὸ
978 877 1304 936 συνελθοῦσιν
1362 877 1413 944 ἐξ
1469 878 1746 957 ἐπαρχιῶν
1776 874 1894 934 δια-

248 961 447 1043 φόρων,
519 989 548 1020 ιι
606 968 804 1046 φησίνθ
861 990 883 1022 σ
949 970 1009 1026 Οἱ
1068 968 1166 1045 γὰρ
1207 969 1305 1035 τὴν
1361 966 1637 1046 Ἀρειανὴν
1693 965 1896 1044 αἵρεσιν

246 1052 742 1136 ἁναθεματίσαντες,
790 1056 1137 1134 γινώσκοντές
1208 1058 1307 1113 εἰσι
1379 1057 1457 1130 μὴ
1501 1057 1722 1130 κτίσμα.
1776 1053 1894 1112 ἀλλ’

248 1140 304 1197 ἐκ
344 1148 450 1209 τῆς
480 1146 657 1210 οὐσίας
724 1146 962 1224 γεννήμα
1004 1146 1146 1202 εἶναι
1204 1146 1294 1201 τὸν
1335 1145 1528 1223 Λόγον,
1570 1146 1656 1201 καὶ
1685 1146 1783 1212 τὴν
1813 1148 1897 1204 οὐ·

247 1230 359 1285 σίαν
412 1239 510 1288 τοῦ
565 1236 768 1313 111596;
825 1234 1002 1313 ἀρχὴν
1042 1235 1130 1290 καὶ
1184 1234 1326 1312 ῥίζαν
1370 1236 1458 1291 καὶ
1517 1257 1594 1301 πη
1614 1234 1702 1312 (ἦν
1754 1234 1895 1290 εἶναι

245 1326 333 1376 τοῦ
412 1323 561 1382 Υῖοῦ.
632 1309 761 1401 ’Ᾰρά
830 1309 1245 1401 γε’-ἀρκούντως
1290 1321 1436 1402 ἔχειν
1529 1344 1613 1378 σοι
1667 1320 1895 1388 δόξουσιν

246 1415 319 1482 τῷ
344 1422 470 1473 τοῖς
500 1419 753 1490 παροῦσιν
785 1412 935 1488 ἡμῶν
964 1409 1139 1490 λόγοίς
1197 1410 1549 1488 ἐντευξομένῳ
1591 1413 1642 1467 αἱ
1699 1418 1894 1468 τοσαῦ-

246 1519 326 1554 ται
382 1502 639 1579 γραφικαὶ
710 1501 985 1580 μαρτυρίαι
1042 1502 1114 1564 εἰς
1175 1498 1400 1580 ἔλεγχον
1450 1507 1541 1557 τοῦ
1609 1501 1685 1575 μὴ
1718 1498 1897 1571 καλῶς

244 1589 331 1644 τὸν
386 1587 647 1654 Μεθώνης
705 1590 900 1669 εἰπεῖν,
950 1591 1042 1646 τὸν
1086 1589 1294 1668 Πατέρα
1338 1587 1515 1646 αἴτιον
1583 1590 1724 1646 εἶναι
1789 1595 1894 1645 τῶν

244 1674 292 1740 ἐξ
344 1676 511 1733 αὐτοῦ
570 1684 644 1752 τῷ
699 1675 847 1758 λόγῳ
910 1684 1010 1746 τῆς
1076 1678 1440 1752 ὑποστάσεως,
1497 1680 1586 1735 καὶ
1653 1678 1778 1759 οὐχὶ
1818 1684 1895 1752 τῷ

1982 520 2446 587 Alexandrinam
2464 523 3003 606 Ecclesiam,eujus
3021 522 3405 605 principium,
3436 545 3459 580 ι
3485 524 3629 586 0m-

1983 609 2160 672 nibns
2191 612 2430 691 quidem
2463 611 2658 689 nobis,
2695 612 2799 692 qui
2829 613 2892 674 in
2923 631 3107 675 unum
3136 612 3523 675 convenimus
3552 629 3623 675 ex

1982 698 2233 761 diversis
2290 700 2671 777 dioecesibus,
2707 726 2735 759 ιι
2769 701 2852 765 ait
2882 721 2897 767 :
2937 727 2964 758 α
2990 700 3103 775 Qui
3160 701 3320 765 enim
3346 701 3626 765 Arianam

1986 788 2256 850 haeresim
2289 791 2877 861 anathematizarunt,
2901 802 3225 870 agnoscunt
3246 808 3367 852 non
3387 798 3626 853 creatu-

1982 895 2132 951 ram,
2197 879 2302 939 sed
2362 898 2429 940 ex
2485 879 2744 941 essentia
2790 877 2971 941 fetum
3034 896 3165 941 esse
3214 877 3500 954 Verbum,
3566 885 3627 940 et

1982 966 2297 1028 essentiam
2321 966 2511 1035 Patris
2541 967 2894 1049 principium
2930 975 2987 1029 et
3006 967 3270 1030 radicem
3307 974 3369 1030 et
3396 968 3621 1029 fontem

1983 1072 2114 1116 esse
2146 1056 2301 1118 Filii.
2332 1079 2355 1114 ι
2416 1061 2504 1120 An
2535 1056 2679 1119 satis
2710 1073 2843 1120 esse
2869 1056 3230 1119 videbuntur
3258 1057 3385 1119 haec
3415 1062 3620 1118 nostra

1979 1144 2201 1223 scripta
2229 1145 2447 1224 legenti
2478 1153 2560 1207 tot
2609 1145 2831 1227 scripto
2890 1145 3104 1207 tradita
3151 1144 3511 1217 testimonia,
3546 1145 3621 1207 ad

1976 1233 2455 1313 redarguendum
2488 1236 2958 1316 Methonensem,
2991 1253 3111 1296 non
3155 1232 3342 1315 probe
3371 1233 3614 1310 dixisse,

1984 1325 2250 1385 «Patrem
2281 1343 2518 1387 causam
2560 1342 2691 1386 esse
2722 1342 2927 1386 eorum
2959 1342 3090 1405 quae
3119 1341 3186 1385 ex
3219 1341 3288 1384 eo
3319 1331 3479 1396 sunt,
3517 1340 3616 1385 ra-

1979 1411 2139 1473 tione
2165 1412 2580 1494 bypostasis,et
2610 1432 2729 1475 non
2760 1413 2990 1475 ratione
3021 1417 3282 1475 naturae?
3300 1433 3326 1471 ι
3353 1409 3619 1493 Namque

1977 1500 2028 1561 si
2059 1504 2316 1564 essentia
2351 1502 2458 1565 Dei
2515 1501 2755 1576 dicitur,
2809 1512 2869 1564 et
2915 1501 3098 1564 Filius
3129 1499 3403 1563 essentia;
3431 1498 3622 1564 Patris

1978 1588 2129 1650 fetus
2158 1589 2522 1667 nominatur,
2558 1589 3060 1672 quemadmodum
3090 1589 3343 1652 adducta
3356 1588 3620 1669 testimo-

1978 1679 2075 1739 nia
2104 1679 2322 1761 scripto
2354 1679 2553 1742 dedita
2592 1677 3005 1760 comprobant,
3036 1677 3178 1760 quid
3200 1678 3354 1758 cogit
3383 1673 3616 1741 Metho-

242 1762 386 1843 λόγω
429 1771 536 1833 τῆς
567 1767 767 1847 φύσεως
802 1785 818 1843 ;
862 1788 886 1824 ο
946 1769 1007 1824 Εἰ
1036 1768 1134 1847 γὰρ
1175 1769 1210 1836 ἠ
1269 1766 1416 1824 οῦσία
1458 1774 1550 1825 τοῦ
1570 1775 1701 1829 Θεοῦ
1739 1767 1878 1846 λέγε-

1976 1759 2248 1844 nensem,
2281 1767 2545 1831 dividere
2588 1759 2907 1831 essentiam
2959 1759 3145 1831 Patris
3170 1776 3229 1828 et
3257 1766 3617 1847 hypostasim

242 1875 346 1928 ται,
393 1857 485 1913 καὶ
559 1858 588 1912 6
642 1858 760 1918 Υἱὸς
813 1862 913 1924 τῆς
960 1856 1133 1922 οὐσίας
1189 1878 1281 1913 του
1336 1858 1538 1936 Πατρὸς
1582 1857 1878 1931 ὀνομάζεται

1976 1854 2164 1917 Patris
2189 1856 2250 1918 in
2278 1876 2453 1919 causa
2479 1875 2710 1928 eorum,
2743 1875 2875 1937 quae
2904 1874 2975 1919 ex
3002 1874 3074 1919 eo
3104 1854 3286 1917 sunt?
3314 1853 3426 1928 Qui
3455 1854 3618 1917 enim

241 1942 504 2021 γέννημα,
551 1946 624 2010 ὡς
692 1948 745 2001 αἱ
787 1952 1045 2024 παροῦσαι
1103 1945 1379 2024 μαρτυρίαι
1438 1947 1687 2026 γραφικαὶ
1756 1968 1878 2025 παρ-

1974 1945 2140 2026 dicit,
2200 1964 2270 2008 ex
2290 2025 2295 2026 ί
2316 1948 2490 2026 Patre
2532 1964 2665 2007 esse
2694 1947 2907 2026 Filium
2932 1951 3032 2007 aut
3061 1943 3371 2026 Spiritum,
3402 1961 3613 2026 essen-7

240 2032 450 2106 ιστῶσι,
497 2034 579 2098 τίς
604 2036 632 2090 6
656 2032 814 2113 λόγος
844 2022 1063 2112 διαιρεῖν
1100 2022 1191 2090 τὸν
1248 2022 1503 2101 Μεθώνης
1554 2022 1657 2102 τὴν
1714 2022 1878 2091 οὐσίαι

1973 2025 2112 2086 tiam
2143 2025 2332 2088 Patris
2363 2025 2423 2087 in
2475 2025 2771 2107 hypostasi
2821 2027 3009 2106 palam
3062 2022 3346 2113 protulit;
3408 2031 3467 2105 et
3513 2024 3612 2113 qui

237 2127 325 2177 τοῦ
368 2124 583 2200 Πατρὸς
653 2111 745 2179 καὶτ
808 2123 908 2191 τὴν
949 2123 1236 2180 ὑπόστασιν
1294 2130 1386 2180 τοῦ
1443 2124 1649 2200 Πατρὸς
1702 2123 1756 2179 ἐν
1824 2128 1878 2199 τῇ

1973 2112 2118 2175 dicit
2174 2132 2243 2175 ex
2303 2113 2561 2176 essentia
2618 2114 2811 2177 Patris
2861 2131 2993 2175 esse
3020 2111 3257 2200 Filium,
3290 2120 3390 2174 aut
3419 2112 3613 2192 Spiri-

237 2211 369 2283 αἰτίᾳ
412 2217 524 2267 τῶν
557 2209 611 2276 ἐξ
643 2215 797 2270 αὐτοῦ
830 2231 846 2292 ;
912 2203 970 2270 Ὀ
1014 2212 1112 2290 γὰρ
1165 2212 1326 2268 εἰπὼν
1386 2211 1447 2267 ἐκ
1498 2199 1705 2290 Πατρὸς
1739 2211 1878 2268 εἶναι

1972 2208 2335 2292 tumttotum
2398 2204 2630 2292 Patrem
2678 2201 3054 2292 evulgatcuet
3104 2199 3203 2282 qui
3247 2219 3317 2292 ex
3352 2200 3612 2292 essentia

234 2298 323 2353 τὸν
364 2300 511 2380 Υἱὸν,
544 2299 581 2368 ἢ
634 2302 694 2356 τὸ
726 2288 960 2372 Πνεῦμα,
1020 2288 1196 2357 οὐσίαν
1250 2297 1484 2370 ἐδήλωσε
1539 2288 1630 2357 τοῦ
1685 2301 1878 2378 Πατρὸς

1970 2289 2104 2352 Filii
2129 2289 2415 2380 Spiritum
2448 2290 2612 2366 dicit,
2645 2298 2832 2380 totum
2884 2288 3098 2380 Filium
3139 2288 3386 2380 profert,
3417 2289 3481 2352 in
3510 2309 3617 2352 sua

237 2377 590 2450 ἐνυπόστιιτον
619 2407 636 2424 ⁶
680 2390 769 2445 καὶ
796 2391 824 2444 6
854 2389 1015 2445 εἰπὼν
1044 2387 1106 2444 ἐκ
1151 2393 1249 2454 τῆς
1306 2387 1479 2453 οὐσίας
1535 2395 1630 2446 τοῦ
1682 2377 1878 2468 Πατρὸς

1970 2379 2227 2468 essentia
2257 2389 2315 2441 et
2330 2378 2822 2460 bypostasi.Quod
2852 2379 2901 2441 si
2930 2380 3062 2461 quis
3090 2377 3324 2468 ratione
3344 2380 3616 2468 hyposta-

235 2476 372 2531 εἶναι
401 2478 497 2534 τὸν
539 2480 680 2551 Υἱον,
712 2478 749 2545 ἢ
789 2479 850 2534 τὸ
876 2479 1109 2557 Πνεῦμα,
1143 2476 1267 2533 ὅλον
1310 2478 1402 2534 τὸν
1446 2477 1654 2556 Πατέρα
1700 2466 1878 2544 δηλοῖ.

1968 2467 2074 2548 sis,
2119 2476 2179 2531 et
2233 2488 2348 2531 non
2405 2469 2635 2533 ratione
2693 2476 2920 2532 naturae
2977 2466 3317 2546 contendet,
3375 2467 3614 2532 Patrem

238 2566 331 2621 Καὶ
358 2568 386 2621 6
430 2566 494 2622 ἐκ
548 2572 648 2632 τῆς
705 2565 883 2630 οὐσίας
953 2572 1045 2622 τοῦ
1137 2568 1257 2622 Υίοῦ
1324 2567 1386 2622 16
1428 2571 1638 2641 Πνεῦμα
1697 2567 1878 2638 εἰπὼν,

1968 2575 2203 2620 causam
2238 2576 2369 2620 esse
2420 2577 2652 2640 eorum,
2685 2577 2815 2640 quas
2844 2576 2915 2620 ex
2957 2557 3088 2640 ipso
3117 2565 3276 2633 sunt,
3309 2565 3368 2618 et
3397 2575 3613 2638 super—

234 2650 355 2710 ὅλον
422 2656 519 2710 τὸν
575 2657 693 2711 Υἱὸν
749 2653 894 2734 λέγει
950 2654 1182 2712 ἐνούσιον
1239 2656 1327 2710 καὶ
1394 2654 1765 2718 ἐνυποστάτον,
1825 2656 1878 2712 Ei

1965 2663 2220 2708 vacanea
2275 2648 2387 2709 hac
2445 2657 2507 2709 et
2531 2647 2945 2730 intempestiva
2992 2647 3068 2708 de
3123 2645 3304 2709 rebus
3350 2645 3614 2731 minimis

235 2739 285 2796 δέ
312 2764 391 2807 τις
430 2749 510 2819 τῷ
567 2743 713 2821 λόγῳ
768 2749 866 2812 τῆς
922 2744 1285 2821 ὑποστάσεως,
1344 2745 1431 2800 καὶ
1473 2744 1596 2824 οὐχὶ
1636 2751 1713 2819 τῷ
1741 2742 1878 2822 λόγῳ

1966 2734 2397 2816 disceptatione
2418 2735 2475 2797 in
2509 2736 2681 2798 aliam
2706 2735 3060 2798 sententiam
3079 2735 3314 2798 trahere
3328 2743 3609 2824 conatur,

233 2829 321 2896 τῆς
374 2832 581 2910 φύσεως
639 2832 812 2911 λέγειν
858 2831 1022 2889 ἐθέλει
1100 2833 1193 2888 τὸν
1241 2831 1451 2908 Πατέρα
1505 2831 1681 2890 α’ίτιον
1740 2833 1878 2889 εἶναι

1967 2842 2099 2885 cum
2132 2825 2294 2887 audit
2324 2844 2393 2886 ex
2442 2825 2702 2889 essentia
2747 2824 2959 2899 Patris,
2997 2824 3170 2905 illud,
3204 2841 3274 2889 ex
3306 2823 3498 2901 Patre,
3531 2824 3607 2888 ad

236 2920 334 2972 τῶν
380 2918 432 2984 ἐξ
491 2922 673 3000 αὐτοῦ,
745 2923 835 2978 καὶ
892 2927 960 2998 τῇ
1015 2926 1236 3000 περιττῇ
1305 2922 1392 2981 καὶ
1462 2920 1664 3000 ἆκαιρῳ
1716 2921 1878 2997 ταύτῃ

1967 2912 2459 2975 manifestandam
2492 2913 2857 2994 hypostasim
2881 2912 3346 2995 arripiens,illud
3372 2931 3511 2976 vero
3533 2933 3603 2976 ex

234 3003 547 3087 λεπτολογίᾳ
578 3010 650 3074 εἷς
694 3008 865 3078 ἄλλην
919 3012 1018 3085 μὲν
1088 3009 1291 3067 ἔννοιαν
1346 3007 1696 3086 ἐκλαμϐάνειν
1753 3011 1878 3087 βού-

1964 3003 2222 3065 essentia
2251 3002 2443 3064 Patris
2472 3003 2543 3063 ad
2573 3002 3064 3064 manifestandam
3089 3001 3413 3082 specialem
3434 3001 3606 3063 intel-

234 3092 398 3176 λεται,
429 3097 560 3153 ὅταν
588 3098 787 3176 ἀκούσῃ
816 3101 878 3156 16
908 3099 969 3156 ἐκ
1018 3104 1115 3166 τῆς
1173 3100 1349 3162 οὐσίας
1406 3106 1497 3154 τοῦ
1546 3101 1772 3177 Πατρὸς,
1819 3100 1878 3155 16

1963 3088 2262 3168 ligentiam
2294 3091 2720 3167 determinans,
2757 3099 2819 3152 ut
2839 3091 2979 3152 inde
3006 3099 3290 3171 tanquam
3321 3108 3605 3152 necessa-

236 3185 326 3257 μὲν
354 3185 415 3242 ἐκ
442 3193 538 3243 τοῦ
591 3189 793 3265 Πατρὸς
840 3190 912 3251 εἷς
970 3189 1069 3255 τὴν
1128 3189 1226 3254 τῆς
1270 3189 1606 3253 ὑποστάσεως
1649 3185 1878 3258 δήλωσιν

1963 3180 2112 3241 rium
2145 3181 2381 3262 aliquod
2433 3188 2849 3262 consequatur,
2884 3200 3004 3243 non
3033 3180 3285 3260 intelligi
3314 3179 3599 3261 Spiritum

233 3272 598 3350 ἐκλαμϐάνων,
632 3278 694 3332 τὸ
716 3274 770 3331 δὲ
799 3277 860 3333 ἐκ
887 3282 987 3343 τῆς
1045 3276 1224 3339 οὐσίας
1254 3282 1349 3334 τοῦ
1392 3278 1594 3356 Πατρὸς
1643 3278 1716 3342 εἰς
1774 3275 1877 3347 δή·

238 3359 389 3418 λωσιν
445 3362 803 3444 διοριζόμενος
859 3363 1028 3433 ἷδικῆς
1086 3365 1309 3439 ἐννοιας,
1352 3362 1428 3420 ἵν’
1513 3364 1743 3423 ἐντεῦθεν
1803 3367 1876 3430 ὡς

240 3447 526 3528 ἀναγκαῖόν
585 3474 633 3508 τι
688 3452 1020 3532 ἀκολουθήσῃ
1062 3456 1125 3510 τὸ
1185 3454 1262 3528 μὴ
1332 3457 1565 3510 νοεῖσθαι
1618 3454 1875 3534 ὑπσίρχειν

238 3539 294 3593 τὸ
318 3545 531 3616 Πνεῦμα
575 3539 627 3607 ἐξ
668 3545 811 3618 Υἱοῦ,
870 3541 995 3599 ὅταν
1039 3543 1099 3600 ἐκ
1126 3548 1224 3609 τῆς
1283 3543 1460 3607 οὐσίας
1514 3548 1605 3599 τοῦ
1667 3543 1788 3599 Υἱοῦ
1816 3545 1877 3600 τὸ

224 3631 422 3713 Πνεῦμα
492 3630 721 3709 λέγωσιν
794 3633 844 3688 αἱ
902 3634 1118 3713 γραφαὶ,
1159 3630 1276 3687 ἀλλ’
1343 3634 1495 3697 οὗτος
1582 3643 1869 3708 σκοπείτω,

241 3711 350 3774 ὅποι
416 3720 642 3781 ἀτοπίας
683 3722 718 3788 ἡ
777 3717 991 3799 ἄκαιρος
1020 3711 1178 3789 αὐτη
1237 3719 1556 3797 λεπτολογία
1597 3722 1876 3798 συνωθήσῃ

240 3805 404 3865 αὐτόν.
456 3806 642 3871 Ὀστις
670 3808 770 3886 γὰρ
817 3805 878 3863 ἅν
907 3810 997 3865 καὶ
1060 3806 1151 3876 εἴη
1210 3811 1238 3864 6
1280 3816 1445 3865 ταῦτα
1487 3807 1683 3886 λέγων,
1731 3808 1875 3888 λέγει

238 3888 401 3972 ἕτερον
429 3896 528 3971 μέν
581 3918 631 3952 τι
665 3899 918 3969 νοεῖσθαι,
980 3895 1105 3954 ὅταν
1158 3897 1220 3954 ἐκ
1265 3902 1362 3964 τῆς
1413 3896 1586 3963 οὐσίας
1626 3904 1720 3955 τοῦ
1756 3901 1876 3959 Υἱοῡ

239 3982 295 4037 τὸ
347 3988 559 4060 Πνεῦμα
627 3983 850 4065 λέγωσιν
909 3989 962 4042 αἱ
1018 3987 1235 4067 Γραφαὶ,
1279 3984 1456 4057 ἕτερον
1512 3984 1567 4041 δὲ
1637 3987 1761 4043 ὃταν
1818 3987 1878 4044 ἐκ

239 4077 323 4126 τοῦ
384 4075 504 4131 Υἱοῦ
573 4075 835 4155 ὑπάρχειν
878 4073 1197 4152 θεολογωσιν
1243 4073 1389 4134 αὐτό.
1453 4073 1596 4153 Ἐγὼ
1662 4073 1717 4131 δὲ
1755 4075 1873 4133 οὸτε

239 4158 327 4226 τὰν
364 4161 650 4219 ὑπόστασιν
693 4172 786 4223 τοῦ
864 4165 986 4220 Υὶοῦ
1044 4163 1099 4218 ἐν
1155 4162 1295 4240 ἰδικῃ
1337 4161 1582 4244 διαιρέσει
1640 4167 1873 4221 νοεῖσθαι

240 4268 387 4328 φημι,
418 4249 546 4308 ὅταν
573 4252 635 4307 16
659 4257 869 4327 Πνεῦμα
927 4254 990 4308 εκ
1042 4251 1141 4320 τῆς
1171 4253 1345 4317 οὐσίας
1403 4254 1560 4309 αὐτοῦ
1617 4251 1864 4331 λέγηται,

240 4333 341 4391 οὐτε
406 4339 504 4407 τὴν
551 4341 729 4397 οὐσίαν
785 4340 945 4398 αὐτοῦ
999 4338 1415 4420 ἆποδιαιρετσθαι
1472 4346 1573 4408 τῆς
1626 4343 1865 4399 ὑποστά-

1963 3287 2032 3330 ex
2066 3269 2234 3350 Filio,
2285 3289 2419 3331 cum
2478 3290 2547 3332 ex
2599 3270 2860 3333 essentia
2913 3270 3046 3333 Filii
3082 3268 3370 3350 Spiritum
3398 3270 3605 3332 dicunt

1961 3359 2287 3439 scriptum,
2322 3360 2372 3422 is
2425 3360 2726 3422 enimvero
2779 3359 3128 3440 perpendat,
3179 3358 3254 3421 ad
3310 3377 3446 3439 quae
3495 3358 3606 3421 ab-

1960 3448 2137 3509 surda
2193 3448 2606 3529 intempestiva
2661 3448 2866 3511 isthmc
2913 3448 2989 3511 de
3026 3448 3250 3510 frivolis
3281 3448 3603 3529 disputatio

1960 3535 2152 3617 ipsum
2209 3538 2550 3619 compellet,
2609 3540 2952 3620 quicunque
3003 3538 3202 3619 fuerit,
3255 3537 3355 3619 qui
3384 3537 3605 3601 similia

1961 3626 2210 3705 evulgat,
2238 3626 2398 3688 aliud
2446 3626 2699 3707 intelligi
2727 3645 2861 3689 cum
2893 3645 2965 3689 ex
2993 3625 3252 3689 essentia
3300 3626 3434 3689 Filii
3461 3626 3600 3708 Spi-

1962 3714 2140 3776 ritum
2197 3715 2507 3797 scripturaa
2564 3717 2825 3798 tradunt,
2884 3725 2940 3778 et
2998 3715 3156 3778 aliud
3203 3733 3341 3778 cum
3385 3734 3419 3778 e
3451 3716 3598 3779 Filio

1962 3820 2097 3864 eum
2131 3822 2261 3866 esse
2290 3805 2642 3868 decernunt.
2676 3804 2796 3884 Ego
2848 3822 2989 3867 vero
3022 3823 3216 3887 neque
3238 3804 3596 3887 hypostasim

1958 3889 2094 3953 Filii
2127 3891 2189 3954 in
2242 3892 2487 3972 speciali
2545 3893 2833 3956 divisione
2878 3894 3132 3975 intelligi
3186 3911 3411 3976 assero,
3461 3913 3599 3958 cum

1959 3977 2213 4061 Spiritus
2243 4000 2311 4044 ex
2336 3983 2595 4045 essentia
2615 3983 2776 4046 illius
2804 3983 3245 4065 dicitur,neque
3277 3984 3596 4047 essentiam

1956 4068 2118 4130 illius
2167 4069 2240 4131 ab
2293 4072 2596 4152 hypostasi
2641 4072 2927 4154 separari,
2987 4091 3121 4135 cum
3154 4091 3223 4134 ex
3256 4072 3404 4136 Filio
3435 4075 3593 4136 idem

1955 4157 2172 4221 dicitur
2197 4161 2456 4240 Spiritus
2488 4183 2503 4223 :
2537 4162 2641 4224 sed
2696 4171 2880 4224 totum
2913 4162 3141 4224 afﬁrmo
3165 4162 3599 4243 comprehendi

1953 4248 2189 4323 Filium,
2223 4269 2354 4312 cum
2378 4259 2440 4311 et
2469 4269 2537 4314 ex
2573 4251 2746 4327 Filio,
2780 4260 2837 4313 et
2871 4270 2940 4313 ex
2974 4251 3233 4313 essentia
3260 4250 3397 4313 Filii
3427 4250 3596 4314 dice-

1955 4345 2045 4397 tur
2076 4337 2330 4418 Spiritus
2361 4357 2513 4401 esse.
2567 4340 2842 4413 Quinimo
2898 4339 3045 4402 illud
3078 4339 3255 4401 etiam
3285 4339 3424 4403 addi
3465 4347 3593 4403 sta-

241 4442 383 4510 σεως,
415 4426 540 4485 ὅταν
569 4427 628 4484 ἐκ
657 4438 748 4488 τοῦ
785 4431 907 4486 Υἱοῦ
953 4431 1014 4486 16
1065 4429 1193 4487 αὐτὸ
1234 4429 1453 4509 λέγηται
1485 4432 1717 4510 Πνεῦμα,
1750 4430 1869 4488 ἀλλ’

1963 4432 2074 4507 tuo,
2110 4427 2507 4490 essentialiter
2534 4448 2603 4491 ex
2638 4429 2788 4492 Filio
2845 4426 3131 4509 Spiritum
3162 4446 3318 4505 esse,
3350 4447 3486 4490 cum
3518 4446 3592 4491 ex

241 4508 352 4569 ὅλον
388 4519 524 4594 φημὶ
587 4514 1076 4597 παραλαλϐάνεσθαι
1132 4520 1222 4575 τὸν
1288 4520 1429 4598 Υἷὸν,
1486 4518 1615 4575 ὅταν
1669 4508 1757 4576 καὶ
1807 4520 1868 4578 ἐκ

241 4606 323 4656 τοῦ
358 4607 472 4662 Υἱοῦ
513 4607 602 4663 καὶ
629 4605 689 4662 ἐκ
730 4611 828 4675 τῆς
881 4606 1059 4672 οὐσίας
1115 4613 1210 4664 τοῦ
1276 4609 1396 4663 Υίοῦ
1453 4607 1663 4686 λέγοιτο
1690 4609 1862 4688 ὑπάρ-

241 4708 348 4763 γειν
374 4694 431 4748 16
472 4700 705 4769 Πνεῦμα.
740 4693 957 4753 Μᾶλλον
1017 4696 1114 4770 μὲν
1171 4695 1260 4752 οὖν
1328 4696 1416 4751 καὶ
1473 4695 1724 4752 ἐπιπλέον
1752 4719 1859 4765 ση-

240 4778 489 4850 μαίνεσθαι
546 4783 878 4863 διαγινώσκω
933 4787 995 4841 16
1046 4782 1310 4849 οὐσιωδῶς
1370 4785 1430 4840 ἐκ
1477 4790 1569 4842 τοῦ
1634 4788 1756 4843 Υἱοῦ
1798 4789 1859 4843 τὸ

241 4869 431 4951 Πνεῦμα
456 4872 741 4951 ὑπάρχειν,
810 4874 1038 4940 ὁπηνίκα
1112 4873 1171 4930 ἐκ
1218 4878 1315 4941 τῆς
1374 4875 1549 4936 οὐσίας
1592 4874 1684 4930 τοῦ
1749 4877 1868 4934 Υἷοῦ

238 4950 449 5033 λέγεται,
475 4958 560 5017 διὰ
711 4964 796 5017 καὶ
850 4962 917 5018 τὰ
971 4961 1304 5040 λειτσυργικὰ
1345 4961 1620 5037 πνεύματα
1676 4963 1737 5020 ἐκ
1777 4972 1867 5021 τοῦ

247 5044 355 5104 Ποῦ
397 5049 494 5121 μὲν
563 5050 730 5118 εἶναι,
774 5046 895 5105 ἀλλ’
951 5052 1024 5114 ὡς
1083 5055 1241 5110 αὐτοῦ
1280 5052 1559 5125 ποιήματα
1627 5053 1716 5115 καὶ
1763 5050 1864 5120 δη-

241 5137 614 5214 μιουρτήματα,
689 5139 751 5195 τὸ
827 5135 883 5193 δὲ
940 5137 1089 5216 ὁίγιον
1147 5145 1358 5214 Πνεῦμα
1410 5136 1462 5203 ἐξ
1556 5144 1711 5198 αὐτοῦ
1769 5142 1862 5217 μὲν

243 5217 388 5293 εἶναι,
422 5223 539 5281 ἀλλ’
592 5224 654 5282 ἐκ
717 5231 811 5301 τῇς
868 5228 1044 5290 οὐσίας
1079 5229 1260 5306 αὐτοῦ,
1313 5228 1385 5290 ὡς
1438 5226 1698 5294 οὐσιωδῶς
1726 5231 1863 5286 ὐπο-

244 5310 410 5366 στατύν
438 5310 489 5378 ἐξ
532 5313 713 5385 αὐτοῦ,
745 5312 863 5369 ἀλλ’
908 5315 1011 5394 οὐχ
1069 5317 1141 5378 ὡς
1189 5315 1243 5371 ἕν
1298 5318 1404 5371 τῶν
1446 5312 1497 5379 ἐξ
1556 5316 1714 5373 αὐτοῦ
1745 5316 1863 5375 λει-

242 5408 510 5477 Ῥουργικῶν
580 5400 893 5477 πνευμάτων
987 5410 1093 5460 τῶν
1161 5410 1398 5472 ποιητῶν
1473 5407 1561 5462 καὶ
1612 5413 1861 5471 κτιστών,

245 5476 368 5575 ἐγὼ
405 5491 499 5564 μὲν
546 5490 657 5565 οὖν,
706 5476 878 5556 καθὼς
908 5490 1064 5575 ἔφην,
1122 5493 1249 5551 ὅταν
1298 5493 1358 5551 ἐκ
1413 5498 1514 5562 τῆς
1570 5495 1744 5559 οὐσίας
1775 5504 1866 5553 τοῦ

254 5572 356 5633 Ποῦ
415 5579 673 5663 ὑπάρχειν
714 5579 901 5681 ,ἀκούω
949 5572 1014 5641 ’τὸ
1071 5589 1306 5661 Πνεῦμα,
1363 5584 1450 5640 καὶ
1492 5581 1616 5642 ὅταν
1671 5583 1732 5640 ἐκ
1777 5593 1869 5649 τοῦ

1950 4515 2210 4577 essentia
2245 4515 2379 4578 Filii
2409 4517 2651 4592 dicitur,
2684 4517 2839 4598 quod
2874 4525 2933 4579 et
2960 4515 3369 4578 ministratorii
3400 4514 3589 4597 Spiri-

1948 4611 2040 4663 tus
2070 4622 2138 4665 ex
2192 4604 2341 4667 Filio
2390 4605 2629 4686 quidem
2689 4614 2849 4681 sunt,
2882 4607 2986 4668 sed
3019 4613 3084 4667 ut
3112 4604 3273 4667 illius
3303 4612 3591 4669 creaturae

1947 4700 2005 4751 et
2033 4693 2269 4773 opiﬁcia
2304 4716 2317 4753 :
2353 4694 2608 4775 Spiritus
2656 4713 2795 4756 vero
2839 4702 3077 4757 sanctus
3129 4713 3200 4756 ex
3248 4694 3379 4775 ipso
3413 4694 3590 4775 plane

1949 4789 2058 4855 est,
2098 4781 2201 4842 sed
2228 4801 2294 4842 ex
2329 4784 2586 4845 essentia
2609 4783 2818 4865 ipsius,
2854 4792 3131 4865 tanquam
3160 4782 3261 4865 qui
3291 4783 3587 4846 essentia-

1950 4869 2089 4932 liter
2119 4889 2187 4932 ex
2217 4871 2344 4952 ipso
2395 4872 2683 4949 subsistit,
2746 4872 2852 4934 sed
2883 4891 3001 4934 non
3030 4880 3309 4953 tanquam
3336 4889 3491 4935 unus
3522 4891 3593 4935 ex

1948 4959 2109 5022 il'ius
2138 4960 2659 5023 administratoriis
2699 4960 3011 5043 spiritibus
3059 4961 3276 5023 creatis
3307 4968 3366 5023 et
3392 4962 3586 5026 factis.

1948 5046 2068 5127 Ego
2126 5048 2346 5130 itaque,
2406 5059 2472 5113 ut
2521 5051 2644 5130 jam
2703 5050 2847 5126 dixi,
2902 5068 3038 5112 cum
3068 5069 3139 5112 ex
3169 5050 3426 5113 essentia
3452 5050 3586 5114 Filii

1947 5140 2121 5201 audio
2176 5138 2457 5219 Spiritum
2515 5159 2671 5221 esse,
2731 5148 2788 5201 et
2844 5146 2980 5202 Cum
3028 5139 3409 5203 eumdemex
3438 5139 3588 5204 Filio

1948 5226 2243 5308 concipio,
2304 5247 2374 5290 ex
2430 5229 2582 5291 FlllO
2615 5247 2828 5310 nempe
2880 5228 3275 5291 essentialiter
3304 5227 3591 5311 Spiritum

1948 5336 2078 5378 esse
2136 5317 2411 5398 conjicio.
2461 5317 2629 5391 Quod
2677 5318 2727 5379 si
2784 5318 2916 5400 quis
2968 5318 3366 5399 inopinabiles
3414 5327 3591 5401 atque

1947 5404 2375 5486 inopportunas
2422 5406 2743 5470 divisiones
2797 5406 3101 5486 conﬁngit,
3136 5414 3196 5468 et
3218 5408 3360 5469 dum
3392 5425 3463 5469 ex
3489 5425 3590 5468 es-

1950 5495 2143 5557 sentia
2172 5494 2305 5558 Filii
2335 5494 2590 5579 Spiritus
2636 5496 2875 5573 dicitur,
2932 5514 3050 5557 non
3097 5495 3266 5559 illum
3317 5516 3388 5558 ex
3437 5495 3587 5559 Filio

1952 5584 2348 5652 essentialiter
2397 5603 2528 5649 esse
2577 5585 2879 5666 intelligit,
2929 5585 3035 5649 sed
3082 5584 3368 5667 exposcit,
3400 5583 3595 5661 Quare
