4142 6286
495 361 621 429 147

1589 367 1801 431 JOAN.
1845 362 2065 431 VECCI
2114 357 2228 421 GP.
2279 357 2795 424 PATRIARGHIE

3771 342 3885 417 148

488 517 608 562 nou
639 519 717 563 ex
745 501 1043 583 hypostasi
1090 500 1193 572 ait,
1226 499 1327 581 qui
1375 518 1448 562 ex
1497 499 1756 561 essentia
1781 498 1929 560 dixit
1954 501 1983 559 ?
2007 487 2145 556 illud

2247 491 2386 563 I106,
2421 491 2481 547 τὸ
2511 492 2636 548 αὑτὸ
2666 503 2810 548 νοεῖν
2852 488 3135 567 βούλομαι,
3166 489 3227 545 τὸ
3257 487 3318 545 ἐκ
3363 494 3456 583 τοῦ
3513 487 3634 583 1106
3674 482 3878 583 δηλαὺὴ

488 590 689 651 animo
721 590 935 672 volvat,
970 591 1029 651 in
1050 588 1356 652 nonnullis
1378 588 1591 652 divinis
1617 585 1939 667 Scripturis
1970 600 2148 663 repe-

486 679 590 739 riri
621 697 692 740 ex
725 680 903 741 Patre
934 675 1221 759 Spiritum
1250 676 1668 759 procedere,in
1702 677 1832 738 aliis
1861 672 2147 755 Spiritum

490 783 560 828 ex
586 772 849 830 essentia
896 766 1089 830 Patris
1148 766 1492 846 procedere.
1558 763 1619 827 Si
1678 766 1876 843 itaque
1907 779 2043 823 cum
2077 777 2149 821 ex

486 856 661 917 Patre
719 854 1047 935 procedere
1098 854 1420 934 reperitur,
1500 871 1572 915 ex
1622 852 1917 933 hypostasi
1979 849 2146 911 illum

489 944 822 1023 procedere
851 944 950 1006 hic
972 942 1315 1014 contendet,
1362 943 1601 1023 planum
1631 951 1747 1016 est,
1779 960 1915 1003 cum
1945 956 2012 998 ex
2044 955 2144 998 es-

487 1034 678 1094 sentia
704 1032 896 1095 Patris
927 1030 1256 1111 procedere
1284 1031 1700 1108 legitur,aliam
1724 1029 2038 1109 quamdam
2075 1028 2143 1086 ex

488 1122 747 1183 essentia
792 1121 980 1182 Patris
1010 1121 1456 1201 processionem
1516 1122 1854 1200 concipere,
1913 1126 1971 1179 et
2033 1121 2144 1180 erit

485 1208 814 1271 secundum
848 1210 1041 1290 ipsum
1071 1227 1224 1270 unus
1245 1207 1505 1289 Spiritus
1542 1227 1611 1269 ex
1644 1228 1761 1269 uno
1789 1210 1961 1271 Patre
1990 1207 2139 1269 duas

486 1296 715 1359 habens
746 1298 1181 1378 processiones,
1215 1316 1396 1358 unam
1428 1316 1497 1359 ex
1528 1297 1850 1377 hypostasi,
1878 1302 1938 1357 et
1964 1295 2138 1357 aliam

488 1406 561 1451 ex
591 1388 850 1448 essentia
881 1404 896 1448 :
926 1404 1043 1467 quo
1095 1386 1235 1467 quid
1275 1386 1391 1448 dici
1452 1393 1644 1461 potest
1672 1384 2011 1464 absurdius,
2044 1392 2143 1446 aut

488 1475 926 1539 monstruosius
956 1477 981 1537 ?
1009 1474 1124 1535 Sed
1156 1481 1215 1535 et
1243 1473 1376 1537 Filii
1400 1492 1469 1536 ex
1494 1476 1667 1537 Patre
1698 1474 2142 1553 generationem

2233 577 2496 645 οὑσιωδιῦς
2539 582 2600 637 τὸ
2648 586 2864 655 Πνεῦμα
2918 579 3197 658 ὑπάρχειν,
3246 579 3304 635 Εἰ
3358 574 3415 633 δὲ
3458 578 3487 633 ὁ
3514 576 3606 642 τὰς
3635 571 3878 645 παραλό-

2230 689 2355 745 γους
2412 666 2687 748 διαιρέσεις
2745 669 2972 748 ἀκαίρως
3028 664 3515 740 ἀναπλαττόμενος,
3576 663 3631 719 ἐν
3685 669 3765 738 τῷ
3817 660 3878 717 ἐκ

2229 761 2329 822 τῆς
2386 759 2564 821 οὑσίας
2617 767 2708 817 τοῦ
2766 759 2888 816 1106
2941 755 3183 836 λέγεσθαι
3225 756 3287 811 τὸ
3336 760 3569 830 Πνεῦμα,
3602 754 3662 810 οὗ
3688 752 3749 808 τὸ
3818 750 3877 806 ἐκ

2229 855 2323 905 τοῦ
2364 849 2485 904 Υίοῦ
2534 846 2796 911 οὒσιωδώς
2837 847 3099 927 ὑπάρχειν
3128 847 3255 903 αὑτὸ
3308 844 3471 902 ἐθέλει
3530 856 3695 917 νοεῖν,
3754 839 3875 898 ἀλλ’

2227 934 2468 1015 ἀπαιτεῖ,
2513 934 2597 993 διὰ
2625 939 2676 994 τί
2716 937 2796 1013 μὴ
2853 936 2913 992 ἐκ
2971 940 3070 1005 τῆς
3112 934 3450 1000 ὑποστάσεως
3492 932 3711 1011 εἵρηκεν
3758 932 3788 987 6
3817 930 3878 985 Ex

2228 1028 2327 1089 τῆς
2387 1024 2562 1091 οὖσίας
2621 1028 2806 1100 εἰπὼν,
2879 1025 3164 1100 σκεψάσθω
3220 1024 3293 1088 ὡς
3371 1021 3426 1078 ἔν
3480 1044 3587 1078 τισι
3628 1020 3731 1097 μὲν
3770 1024 3875 1075 τῶν

2226 1113 2377 1167 θείων
2410 1121 2652 1195 Γραφῶν,
2685 1115 2744 1172 ἐκ
2802 1115 3006 1192 Πατρὸς
3064 1115 3123 1169 τὸ
3194 1118 3407 1187 Πνεῦμα
3463 1110 3876 1190 ἐκπορευόμενον

2222 1202 2458 1279 εὕρηται,
2522 1202 2576 1258 ἕν
2630 1226 2736 1259 τισι
2789 1201 2843 1259 δὲ
2916 1203 2975 1259 ἐκ
3030 1206 3129 1269 τῆς
3187 1200 3362 1264 οὒσίας
3461 1198 3873 1276 ἐκπορευόμενον

2220 1296 2312 1345 τοῦ
2340 1291 2561 1370 Πατρός.
2598 1294 2657 1349 Εἰ
2726 1301 2874 1370 γοῦν,
2931 1290 3162 1357 ὁπηνίκα
3213 1288 3273 1345 ἐκ
3340 1295 3433 1346 τοῦ
3475 1289 3678 1367 Πατρὸς
3706 1287 3876 1343 ἐκπο-

2225 1378 2505 1455 ρευόμενον
2563 1380 2801 1459 εὕρηται,
2862 1379 2923 1437 ἐκ
2975 1384 3074 1447 τῆς
3130 1378 3469 1443 ὑποστάσεως
3510 1374 3874 1455 ἐκπορευόμε-

2226 1489 2311 1524 νον
2357 1470 2481 1527 αὑτὸ
2510 1468 2681 1525 ἐθέλει
2716 1471 2866 1533 οὗτος
2909 1482 3076 1530 νοεῖν,
3138 1465 3354 1534 εὔδηλον
3398 1469 3495 1540 ὡς,
3552 1465 3784 1532 ὁπηνίκα
3817 1462 3879 1519 ἐκ

490 1563 789 1644 duplicem
819 1562 917 1625 hic
959 1561 1269 1625 concedet.
1329 1561 1599 1644 Namque
1628 1565 1675 1625 si
1701 1552 2017 1644 aliquando
2048 1562 2144 1625 Fi-

2228 1557 2321 1623 τῆς
2406 1557 2582 1622 οὑσίας
2638 1558 2730 1615 τού
2826 1560 3029 1636 Πατρὸς
3120 1554 3534 1636 ἐκπορευόμενον
3622 1552 3872 1633 εὕρηται,

490 1642 635 1715 lium
667 1653 825 1732 gigni
858 1670 929 1714 ex
958 1654 1131 1715 Patre
1180 1642 1515 1732 Scriptura!
1536 1642 2140 1730 tradunt,valiquando

2228 1644 2395 1713 ἂλλην
2445 1648 2563 1703 τινὰ
2615 1648 2713 1714 τὴν
2782 1646 2841 1702 ἐκ
2898 1652 2997 1714 τῆς
3065 1647 3241 1708 οὐσίας
3298 1652 3390 1705 τοῦ
3445 1645 3651 1723 Πατρὸς
3695 1642 3877 1712 νοήσει

490 1759 625 1803 eum
675 1730 835 1820 gigni
888 1760 959 1803 ex
1008 1742 1272 1803 essentia
1302 1730 1494 1803 Patris
1533 1740 1849 1822 aﬂirmant,
1885 1757 2139 1820 quanam

2228 1735 2554 1815 ἑκπόρευσιν,
2599 1738 2687 1793 καὶ
2745 1736 2891 1793 ἔσται
2949 1734 3070 1792 κατ’
3129 1734 3284 1791 αὑτὸν
3342 1735 3404 1790 τὸ
3459 1732 3515 1789 ἐν
3571 1738 3788 1805 Πνεῦμα
3817 1730 3877 1787 ἐκ

485 1815 715 1892 ratione
739 1815 861 1891 non
886 1830 1001 1892 erit
1028 1829 1141 1892 alia
1178 1847 1248 1891 ex
1289 1830 1585 1910 hypostasi
1621 1833 1811 1893 Patris
1839 1815 2142 1913 generatio

2228 1834 2318 1883 τοῦ
2360 1826 2474 1888 ἐνὸς
2532 1827 2735 1904 Πατρὸς
2778 1823 2865 1883 δύο
2919 1825 3050 1913 ἕχον
3106 1824 3202 1887 τὰς
3245 1822 3605 1913 ἐκπορεύσεις,
3664 1821 3788 1913 μίαν
3819 1818 3879 1913 ἐκ

486 1916 641 1992 Filii,
675 1925 735 1980 et
753 1917 868 1980 alia
897 1936 967 1980 ex
996 1919 1257 1980 essentia
1307 1909 1520 1993 Patris,
1557 1909 1884 1984 secundum
1917 1941 2017 1986 eos
2046 1921 2145 2001 qui

2228 1917 2324 1979 τῆς
2372 1914 2733 1988 ὑποστάσεως,
2798 1915 2885 1971 καὶ
2927 1912 3099 1980 ἄλλην
3153 1914 3216 1969 ἐκ
3256 1917 3354 1979 τῆς
3411 1912 3587 1974 οὐσίας
3626 1926 3640 1941 ⁸
3703 1909 3763 1967 οὗ
3830 1909 3879 1965 τί

488 2005 909 2081 determinant,
963 2008 1192 2069 ratione
1243 2007 1593 2087 bypostasis,
1650 2017 1708 2071 et
1747 2010 1886 2085 {non
1914 1997 2145 2074 ratione

2228 2001 2562 2082 ἀτοπώτερον
2606 2003 2695 2060 καὶ
2775 2000 3215 2081 παραλογώτερον
3246 2020 3262 2081 ;
3326 1998 3491 2057 Ἀλλὰ
3531 2000 3626 2055 καὶ
3665 1998 3762 2067 τὴν
3821 1997 3881 2053 ἐκ

488 2103 716 2158 natura;
740 2093 976 2157 Patrem
1022 2113 1263 2158 causam
1320 2113 1454 2158 esse
1488 2115 1722 2179 eornm,
1755 2119 1887 2181 qua;
1918 2120 1988 2164 ex
2018 2101 2143 2180 ipso

488 2190 670 2248 sunt?
721 2185 865 2248 Cum
897 2185 1059 2246 enim
1090 2203 1329 2246 causam
1361 2186 1495 2248 Filii
1524 2187 1762 2251 Patrem
1808 2187 2139 2264 constituit,

488 2274 589 2353 qui
637 2290 708 2334 ex
765 2272 1065 2355 hypostasi
1119 2274 1318 2337 Patris
1369 2292 1503 2335 eum
1544 2279 1823 2355 generari
1862 2278 2139 2348 asseruit,

487 2361 664 2423 aliam
682 2363 997 2442 quamdam
1018 2380 1261 2443 prorsus
1298 2381 1535 2424 causam
1555 2375 2008 2441 commonstrat,
2043 2366 2142 2447 qui

488 2467 560 2513 ex
594 2452 855 2513 essentia
887 2451 1074 2513 Patris
1095 2470 1230 2513 eum
1253 2454 1526 2530 generari
1554 2451 1719 2516 dicit:
1741 2455 1994 2537 indeque
2013 2455 2145 2515 dua:

487 2540 666 2601 unius
717 2538 852 2602 Filii
909 2557 1101 2601 causae
1151 2559 1220 2602 ex
1273 2560 1390 2601 uno
1449 2544 1622 2603 Patre
1680 2552 2049 2625 comparent.
2082 2540 2144 2605 Si

2226 2091 2430 2170 Πατρὸς
2478 2098 2571 2148 τοῦ
2631 2090 2752 2147 Υἱοῦ
2809 2090 3049 2170 γέννησιν
3092 2088 3282 2157 διπλῆν
3339 2087 3494 2145 δώσει
3541 2091 3781 2145 νοεῖσθαι
3850 2090 3879 2143 ὁ

2225 2185 2486 2242 τοιοῦτος.
2534 2181 2593 2237 Εἰ
2633 2180 2733 2259 γὰρ
2763 2179 2873 2236 ἔστι
2932 2180 3031 2256 μὲν
3086 2179 3146 2236 οῦ
3173 2181 3448 2257 γεννᾶσθαι
3488 2179 3581 2234 τὸν
3640 2178 3761 2233 Υἱὸν
3818 2175 3879 2232 ἐκ

2225 2275 2318 2325 τοῦ
2375 2270 2581 2348 Πατρὸς
2624 2267 2865 2347 λέγουσιν
2921 2271 2973 2325 αἱ
3024 2268 3246 2347 Γραφαὶ,
3304 2264 3415 2323 ἔστι
3468 2264 3523 2322 δὲ
3567 2266 3631 2323 οἵ
3685 2271 3878 2346 γεννᾶ-

2228 2361 2344 2413 σθαι
2388 2357 2546 2414 αὑτὸν
2614 2357 2675 2415 ἐκ
2716 2363 2816 2426 τῆς
2895 2364 2989 2415 τοῦ
3046 2357 3250 2437 Πατρὸς
3299 2354 3607 2435 θελογοῦσιν
3679 2355 3877 2434 οὑσίας,

2227 2446 2341 2509 πῶς
2372 2447 2467 2503 οῦκ
2522 2444 2661 2514 ἄλλη
2706 2447 2805 2523 μὲν
2861 2446 3007 2503 ἔσται
3063 2448 3099 2515 ἡ
3141 2445 3203 2502 ἐκ
3254 2450 3352 2513 τῆς
3394 2444 3745 2509 ὑποστάσεως
3786 2450 3879 2500 τοῦ

2227 2536 2432 2613 Πατρὸς
2464 2534 2709 2613 γέννησις
2741 2542 2834 2593 τοῦ
2870 2537 3012 2616 Υἱοῦ,
3043 2533 3181 2602 ἄλλη
3232 2532 3286 2590 δὲ
3335 2535 3371 2603 ἡ
3428 2532 3490 2590 ἐκ
3529 2536 3636 2602 τῆς
3680 2533 3875 2608 οὐσίας,

488 2630 685 2709 itaque
718 2634 964 2709 propter
1013 2627 1181 2709 quod
1240 2628 1379 2691 inde
1428 2631 1697 2710 sequitur
1725 2621 2048 2696 absurdum
2080 2637 2140 2694 et

2228 2631 2311 2681 τοῦ
2339 2625 2543 2704 Πατρὸς
2593 2625 2729 2681 κατά
2788 2626 2909 2690 τοὺς
2966 2623 3220 2703 λέγοντας
3263 2627 3342 2699 τῷ
3384 2621 3530 2702 λόγῳ
3582 2628 3689 2690 τῆς
3743 2624 3877 2679 ὑπο-

484 2716 680 2793 fallax,
712 2718 812 2798 qui
840 2717 1211 2778 tantumdem
1254 2716 1549 2780 similibus
1588 2724 1898 2784 sententiis
1928 2720 2140 2783 trude-

2228 2714 2458 2776 στάσεως
2489 2715 2576 2770 καὶ
2618 2714 2740 2794 οὑχὶ
2788 2720 2866 2788 τῷ
2921 2712 3067 2792 λόγῳ
3122 2718 3222 2781 τῆς
3284 2712 3491 2793 φύσεως
3546 2714 3647 2768 τὸν
3676 2711 3879 2790 Πατέρυ

487 2807 595 2882 ris,
626 2814 694 2868 ut
715 2804 809 2866 vel
839 2805 1049 2867 nolens
1078 2805 1340 2881 fatearis,
1378 2806 1606 2869 nullum
1634 2827 1766 2871 esse
1795 2809 2138 2884 discrimen,

2228 2800 2398 2859 αἴτιον
2457 2802 2600 2859 εἶναι
2656 2807 2763 2857 τῶν
2827 2802 2878 2868 ἐξ
2922 2804 3129 2883 αὑτοῦ;
3189 2802 3335 2860 Ἐπεὶ
3381 2803 3482 2881 γὰρ
3540 2800 3724 2859 αἴτιον
3761 2803 3879 2858 Υίοῦ

488 2895 611 2957 sive
641 2912 714 2957 ex
741 2896 915 2957 Patre
943 2893 1176 2957 dicatur
1216 2893 1473 2975 Spiritus
1523 2898 1878 2977 procedere,
1918 2900 2038 2961 sive
2070 2917 2140 2960 ex

2228 2893 2316 2949 τὸν
2347 2890 2556 2970 Πατέρα
2586 2890 2919 2969 παρέστησεν
2949 2895 2977 2948 6
3031 2892 3093 2948 Ex
3148 2896 3246 2958 τῆς
3316 2892 3667 2955 ὑποστάσεως
3721 2892 3879 2948 εἰπὼν

492 2985 749 3046 essentia
770 2984 1143 3059 Patris,scito
1165 2984 1389 3046 nullam
1418 2985 1811 3049 differentiam
1831 2988 2138 3062 esse,dum

2228 2988 2315 3036 τοῦ
2371 2981 2575 3059 Πατρὸς
2633 2984 2908 3059 γεννᾶσθαι
2964 2981 3143 3054 αὑτὸν,
3199 2978 3368 3047 ἄλλην
3477 2981 3598 3036 τινὰ
3672 2981 3879 3043 πάντως

489 3072 597 3148 ais,
635 3071 954 3153 aliquando
984 3090 1055 3133 ex
1083 3073 1343 3135 essentia
1367 3073 2141 3157 FiliiSpiritum,aliquando

2228 3070 2393 3124 αἰτίαν
2425 3067 2706 3149 ἀνέφηνεν,
2754 3071 2781 3125 ὁ
2825 3070 2885 3124 ἐκ
2937 3074 3036 3136 τῆς
3095 3069 3268 3133 οὐσίας
3325 3091 3417 3126 του
3472 3070 3687 3148 Πατρὸς
3719 3069 3891 3125 εἰπὼν

490 3178 632 3223 vero
663 3150 936 3224 ex'Filio.
973 3158 1140 3233 Quod
1178 3160 1280 3223 ubi
1342 3150 1689 3225 indiﬂ‘erens
1719 3150 1851 3226 esSe
1886 3150 2139 3227 demon-

2228 3161 2504 3236 γεννᾶσθαι
2576 3160 2754 3237 αὑτὸν,
2808 3156 3081 3215 κάντεῦθεν
3124 3156 3213 3213 δύο
3263 3158 3329 3213 τὰ
3384 3164 3475 3213 τοῦ
3576 3158 3701 3222 ἑνὸς
3764 3159 3883 3213 1106

491 3255 740 3313 stratum
796 3251 892 3325 sit,
953 3268 1136 3330 quare
1181 3269 1301 3311 non
1352 3254 1721 3333 concipiatur
1752 3273 1787 3314 a
1832 3262 1909 3328 te,
1946 3257 2044 3335 qui
2073 3274 2144 3316 ex

488 3340 750 3400 essentia
782 3339 968 3400 Patris
997 3339 1290 3418 procedit,
1323 3346 1383 3401 et
1434 3359 1505 3402 ex
1536 3344 1796 3403 essentia
1823 3342 1950 3405 Filii
1981 3344 2142 3404 exsi-

488 3428 589 3489 stit
644 3425 898 3507 Spiritus
945 3435 1205 3509 sanctus,
1271 3446 1341 3489 ex
1373 3432 1628 3492 essentia
1671 3431 1913 3511 quidem
1949 3430 2145 3493 Patris

488 3514 820 3596 procedens
849 3521 1128 3596 tanquam
1160 3534 1230 3578 ex
1259 3517 1422 3579 fonte
1451 3517 1678 3596 absque
1703 3521 1993 3600 principio
2010 3520 2141 3581 Dei-

494 3603 652 3678 tatis,
679 3622 753 3664 ex
774 3607 1032 3666 essentia
1050 3623 1188 3667 vero
1223 3604 1357 3668 Filii
1389 3608 1702 3684 exsistens,
1738 3616 2013 3689 tanquam
2037 3627 2144 3689 per

493 3691 709 3755 Filium
766 3694 1118 3756 naturaliter
1164 3701 1223 3755 et
1251 3696 1648 3758 essentialiter
1688 3715 1758 3758 ex
1779 3696 1953 3759 Patre
1984 3716 2141 3759 ema-

491 3799 645 3843 nans
671 3782 705 3842 ?
736 3780 801 3844 Id
833 3783 882 3844 si
912 3783 993 3843 ita
1012 3789 1122 3844 ate
1147 3781 1531 3863 tntelligetur,
1566 3786 1975 3849 Methonensis
2005 3805 2144 3848 con-

492 3869 896 3946 demnabitur,
924 3879 1207 3952 tanquam
1239 3872 1341 3953 qui
1385 3881 1611 3935 temere
1643 3893 1822 3956 supra
1853 3876 2145 3955 digestum

489 3959 895 4041 syllogismum
927 3961 1249 4039 connectit,
1284 3960 1346 4022 in
1375 3981 1493 4043 quo
1521 3964 1957 4045 intempestiva,
1989 3972 2047 4027 et
2073 3964 2149 4026 de

490 4047 759 4111 futilibus
789 4047 1220 4129 disceptatione
1272 4060 1631 4113 commenta
1659 4051 1733 4114 ab
1767 4054 1896 4131 ipso
1943 4053 2150 4115 distin-

491 4138 706 4200 ctionis
754 4138 1179 4216 contendebat,
1238 4163 1265 4195 α
1295 4140 1529 4201 ratione
1558 4141 1912 4221 bypostasis,
1942 4149 2003 4204 et
2027 4161 2146 4203 non

490 4225 722 4289 ratione
752 4233 982 4289 natum
1006 4229 1241 4290 Patrem
1280 4246 1414 4291 esse
1463 4247 1699 4292 causam
1752 4249 1983 4313 eorum,
2015 4249 2147 4312 quae

492 4334 566 4378 ex
620 4317 748 4396 ipso
801 4322 961 4379 sunt.
1000 4340 1028 4372 ››
1091 4313 1325 4379 Etenim
1388 4318 1462 4392 si,
1510 4319 1746 4382 utalias
1777 4322 1952 4382 etiam
1986 4336 2019 4382 a
2051 4339 2146 4381 me

2226 3245 2377 3302 αἴτια
2419 3246 2480 3301 Ex
2548 3252 2638 3301 τοῦ
2691 3247 2806 3311 ἑνὸς
2864 3247 3097 3326 ἀνεφάνη
3155 3246 3382 3325 Πατρός.
3437 3248 3496 3303 Εἰ
3543 3255 3679 3324 γοῦν
3712 3244 3794 3302 διὰ
3821 3248 3880 3302 τὸ

2226 3335 2455 3391 ἐντεῦθεν
2513 3332 2709 3391 ἄτοπον
2769 3336 2855 3391 καὶ
2926 3336 3226 3414 παράλογον
3295 3337 3323 3391 ὁ
3365 3335 3492 3397 ταῖς
3548 3334 3879 3415 παραλόγοις

2226 3424 2289 3479 σὺ
2361 3425 2710 3503 χαριζόμενος
2794 3425 3005 3490 ταύταις
3090 3424 3309 3488 ἐννοίαις
3417 3422 3713 3502 συνελκύνῃ
3798 3425 3882 3492 καὶ

2226 3512 2369 3570 ἄκων
2442 3511 2751 3593 ὁμολογεῖν,
2814 3512 2978 3589 μηδὲν
3053 3511 3313 3593 διαφέρειν
3372 3511 3432 3568 Ex
3511 3519 3608 3569 τοῦ
3678 3514 3877 3591 Πατρὸς

2224 3600 2594 3679 ἐκπορεύεσθαι
2637 3599 2810 3680 λέγειν
2841 3604 2901 3659 τὸ
2964 3608 3198 3677 Πνεῦμα,
3270 3602 3357 3657 καὶ
3426 3600 3485 3655 ἐκ
3540 3604 3640 3669 τῆς
3700 3599 3874 3663 οὗσίας

2224 3697 2314 3746 τοῦ
2343 3689 2548 3768 Πατρός
2597 3706 2610 3719 '
2685 3694 2843 3768 γνῶθι
2903 3690 3037 3767 μηδὲ
3114 3689 3361 3769 διαφορὰν
3417 3710 3531 3745 τινα
3591 3690 3872 3769 ἀναφαίνε-

2225 3782 2341 3835 σθαι
2407 3779 2496 3835 καὶ
2566 3778 2621 3833 ἐν
2675 3786 2752 3853 τῷ
2794 3777 2968 3858 λέγειν
3010 3780 3098 3836 ότέ
3142 3778 3239 3854 μὲν
3292 3781 3356 3835 ἐκ
3410 3783 3508 3844 τῆς
3582 3778 3758 3841 οὑσίας
3787 3785 3876 3834 τοῦ

2242 3869 2363 3933 Υἱοῦ
2420 3868 2482 3923 τὸ
2551 3874 2787 3947 Πνεῦμα,
2848 3868 2936 3924 ὁτὲ
2980 3866 3034 3923 δὲ
3079 3867 3139 3923 ἐκ
3190 3874 3283 3924 τοῦ
3348 3868 3492 3928 Υἱοῦ,
3567 3867 3766 3925 Τούτου
3821 3864 3875 3920 δὲ

2229 3957 2512 4040 ἀδιαφόρου
2572 3959 2894 4040 δειχθέντος,
2939 3962 3055 4024 πῶς
3113 3960 3171 4017 οὑ
3213 3959 3528 4029 νοηθήσεταί
3585 3981 3665 4016 σοι
3713 3960 3774 4014 τὸ
3817 3957 3878 4014 ἐκ

2229 4055 2327 4117 τῆς
2414 4049 2591 4114 οὑσίας
2634 4057 2726 4107 τοῦ
2783 4051 2987 4129 Πατρὸς
3044 4048 3478 4128 ἐκπορευόμενον,
3533 4049 3621 4105 καὶ
3665 4047 3725 4104 ἐκ
3778 4052 3876 4113 τῆς

2229 4139 2403 4204 οὖσίας
2447 4146 2539 4196 τοῦ
2582 4141 2697 4194 1106
2738 4139 2979 4218 ὑπάρχον
3031 4138 3185 4218 ἅγιον
3232 4144 3468 4213 Πνεῦμα,
3527 4136 3588 4192 ἐκ
3633 4136 3735 4212 μὲν
3776 4140 3874 4202 τῆς

2227 4228 2404 4291 οὑσίας
2490 4234 2582 4284 τοῦ
2650 4227 2853 4305 Πατρός
2924 4226 3341 4307 ἐκπορευόμενον
3411 4228 3484 4289 ὡς
3540 4225 3601 4281 ἐκ
3642 4225 3875 4302 πηγαίας

2227 4317 2459 4397 ἄναρχοι»
2488 4315 2773 4391 Θεότητος,
2819 4316 2879 4373 ἐκ
2920 4314 2974 4372 δὲ
3018 4322 3113 4393 τῇς
3144 4317 3318 4381 οὑσίας
3375 4322 3466 4372 τοῦ
3544 4316 3663 4370 1106
3705 4313 3871 4392 ὑπάρ-

491 4404 713 4467 dictum
733 4415 851 4486 est,
883 4404 1042 4467 aliud
1094 4407 1351 4469 essentia
1378 4415 1491 4485 est,
1525 4408 1682 4471 aliud
1720 4410 2052 4491 bypostasis
2084 4412 2143 4471 in

2228 4429 2353 4487 χον,
2398 4408 2471 4468 ὡς
2502 4404 2586 4461 διὰ
2616 4414 2707 4463 τοῦ
2768 4408 2882 4463 I106
2922 4406 3153 4487 φυσικῶς
3205 4407 3294 4462 καὶ
3348 4400 3610 4467 οὒσιωδῶς
3669 4400 3728 4458 ἐκ
3755 4408 3871 4457 Πα-

489 4493 743 4575 Deitate,
778 4493 884 4557 sed
942 4513 1062 4557 non
1118 4504 1430 4576 propterea
1497 4515 1630 4560 cum
1683 4499 1826 4560 dicit
1874 4499 2026 4579 quis,
2074 4516 2145 4559 ex

2228 4498 2347 4577 τρὺς
2391 4493 2715 4578 ἁναϐλύζον,
2765 4498 2825 4553 Εἰ
2853 4493 2913 4551 δὲ
2967 4502 3122 4552 τοῦτο
3168 4493 3306 4551 οὕτω
3376 4515 3457 4549 σοι
3528 4492 3870 4567 νοηθήσεται,

492 4584 674 4645 Patre
707 4590 764 4644 et
796 4600 865 4645 ex
898 4585 1159 4647 essentia
1191 4586 1407 4661 Patris,
1432 4585 1657 4668 absque
1682 4590 1940 4649 essentia
1969 4586 2145 4668 hypo-

2228 4589 2255 4642 ὁ
2309 4588 2563 4651 Μεθωνης
2620 4582 3062 4663 διεγνωσθήσεταί
3132 4604 3214 4639 σοι
3286 4582 3460 4658 μάτην
3501 4582 3591 4635 τὸν
3634 4599 3872 4668 προανα-

494 4673 698 4734 stasim
729 4670 922 4734 Patris
953 4674 1248 4751 intelligit,
1296 4686 1397 4736 aut
1450 4676 1765 4738 essentiam
1794 4676 2017 4757 absque
2040 4675 2144 4757 by-

493 4761 737 4841 postasi.
770 4760 1018 4833 Quando
1048 4780 1187 4823 vero
1220 4771 1356 4844 post
1398 4767 1727 4827 recensitos
1752 4765 2143 4846 syllogismos,

493 4847 591 4910 alii
646 4868 884 4931 quoque
930 4850 1003 4913 ab
1063 4852 1191 4933 ipso
1242 4857 1574 4932 exaggerati
1625 4862 1784 4929 sunt,
1816 4854 1921 4916 sed
1955 4854 2149 4915 nullus

494 4937 655 5000 inter
684 4956 789 5000 eos
812 4941 909 5013 sit,
931 4941 1028 5020 qui
1059 4958 1210 5002 nova
1231 4940 1303 5002 ad
1336 4944 1425 5003 sui
1454 4943 1823 5004 eversionem
1858 4941 2153 5003 sententia

492 5023 757 5104 indigeat
786 5045 907 5107 pra;
935 5028 1052 5104 bis,
1078 5034 1298 5110 quaead
1327 5030 1688 5093 refellendos
1711 5031 1861 5094 alios
1882 5031 2149 5109 ejusdem

496 5113 866 5193 syllogismos
924 5116 1180 5182 adducta
1225 5128 1383 5199 sunt,
1419 5129 1476 5181 et
1500 5138 1763 5200 praesens
1794 5131 1996 5180 nostra
2025 5120 2151 5181 haec

493 5203 683 5264 oratio
711 5204 1093 5286 examinavit,
1128 5209 1445 5288 prodterea
1464 5210 1562 5271 hic
1590 5209 1880 5270 adversus
1903 5207 2147 5270 eosdem

494 5290 915 5354 refutationum
950 5294 1132 5356 ﬁnem
1185 5296 1383 5359 facere
1433 5297 1832 5374 decrevimus,
1871 5295 2013 5359 illud
2062 5316 2153 5359 so-

500 5377 805 5469 lummodo
827 5380 1143 5446 observare
1160 5396 1472 5448 monentes
1485 5405 1645 5463 eum,
1680 5391 1777 5469 qui
1800 5402 2153 5465 supervaca-

498 5485 613 5530 nea
641 5468 997 5550 loquacitate
1020 5478 1196 5553 atque
1248 5475 1658 5556 intempestiva
1700 5468 2088 5538 concinnatos
2118 5496 2151 5538 a

496 5556 869 5646 Metltonensi
903 5558 1271 5639 syllogismos
1298 5568 1681 5644 percurrerit,
1705 5572 1999 5646 aqerte,et
2019 5566 2148 5628 sine

495 5645 614 5709 ulla
636 5647 1001 5711 hasitatione
1030 5651 1091 5713 in
1120 5670 1239 5714 uno
1281 5671 1350 5714 ex
1379 5652 1588 5715 iisdem
1642 5645 1998 5736 syllogismis
2030 5655 2147 5716 Me-

2226 4673 2549 4753 τεταγμένον
2634 4673 2847 4731 πλέκων
2903 4672 3286 4751 συλλογισμὸν,
3345 4671 3397 4728 ἐν
3449 4673 3495 4743 ᾧ
3561 4668 3695 4724 κατὰ
3777 4667 3871 4730 τὰς

2230 4764 2471 4842 ἀκαίρους
2528 4761 2878 4842 λεπτολογίας
2947 4768 3045 4830 τῆς
3113 4758 3474 4840 ἐφευρημένης
3518 4758 3655 4829 αὑτῷ
3726 4752 3870 4809 διαι-

2231 4852 2425 4931 ρέσεως
2468 4850 2615 4929 ἔλεγε
2650 4874 2674 4906 α
2721 4858 2797 4927 τῷ
2845 4850 2992 4930 λόγῳ
3046 4856 3143 4918 τῆς
3201 4847 3560 4916 ὑποστάσεως,
3620 4844 3708 4898 κκῖ
3751 4843 3873 4921 οὒχῖ

2232 4948 2308 5015 τῷ
2350 4939 2493 5017 λόγῳ
2533 4944 2631 5009 τῆς
2701 4941 2903 5019 φύσεως
2955 4942 3044 4996 τὸν
3096 4937 3299 5015 Πανέρα
3349 4933 3521 4991 αἴτιον
3580 4933 3721 4988 εἶναι
3767 4937 3874 5019 τῷν

2233 5030 2284 5094 ἐξ
2328 5034 2503 5088 αὑτοῦ.
2544 5052 2571 5083 ι
2630 5030 2689 5086 Εἰ
2717 5017 2839 5109 γὰρ,
2884 5031 2959 5091 ὡς
3000 5030 3087 5085 καὶ
3125 5025 3314 5082 ἄλλοτέ
3341 5046 3429 5101 μοι
3475 5021 3710 5103 εἴρηται,
3744 5017 3876 5076 ἄλλο

2234 5118 2329 5195 μέν
2371 5120 2513 5174 ἐστιν
2545 5117 2714 5196 οὑσία,
2748 5117 2879 5174 ἄλλο
2921 5115 2975 5173 δὲ
3009 5116 3295 5176 ὑπόστασις
3342 5113 3426 5170 ἐπὶ
3455 5118 3554 5180 τῆς
3586 5109 3875 5186 Θεότῃτος,

2234 5206 2353 5263 ἀλλ’
2385 5206 2477 5262 οὑκ
2520 5205 2650 5261 ἐπὰν
2680 5205 2814 5284 λέγῃ
2870 5229 2951 5269 τις
3006 5206 3064 5260 ἐκ
3123 5212 3213 5261 τοῦ
3257 5204 3486 5282 Πατρὸς,
3530 5201 3616 5257 καὶ
3666 5198 3726 5254 ἐκ
3779 5203 3879 5264 τῆς

2235 5299 2409 5362 οὒσίας
2494 5304 2584 5355 τοῦ
2654 5300 2885 5377 Πατρὸς,
2946 5298 3186 5354 ἆνούσιον
3229 5295 3516 5351 ὑπόστασιν
3590 5304 3705 5347 νοεῖ
3787 5298 3879 5348 τοῦ

2236 5390 2464 5467 Πατρὸς,
2514 5387 2549 5454 ἢ
2604 5388 2779 5445 οὖσίαν
2840 5387 3228 5446 ἀνυπόστατον.
3295 5383 3444 5441 Ἐπεὶ
3486 5381 3540 5438 δὲ
3596 5382 3687 5437 καὶ
3715 5380 3884 5458 ἕτεροι

2234 5479 2369 5555 μετὰ
2450 5479 2570 5538 τοὺς
2678 5473 3147 5555 ἀπηριθμημένους
3254 5470 3639 5550 συλλογισμοὺς
3738 5471 3881 5543 αὑτῷ

2233 5565 2555 5644 ἐπλέκησαν,
2587 5567 2675 5621 λαὶ
2719 5563 2883 5628 οὐδεὶς
2933 5566 3074 5618 ἐστιν
3127 5561 3180 5627 ἐξ
3240 5563 3435 5640 αὐτῶν,
3489 5558 3545 5626 ῧξ
3574 5558 3885 5635 καινατέρου

2229 5658 2367 5721 τινὸς
2427 5655 2500 5719 εἷς
2564 5654 2863 5731 ἀνατροπὴν
2918 5653 3186 5727 νοήματος
3244 5650 3434 5729 χρῄζει
3490 5648 3632 5727 παρά
3691 5655 3879 5722 ταῦτα,
