4144 6290
447 377 550 442 151

517 507 618 572 66.
653 506 745 570 Ad
769 507 914 569 illud
948 525 1089 570 vero
1120 509 1259 589 quid
1294 509 1422 590 ipse
1476 509 1636 570 dicet
1672 528 1806 570 cum
1845 515 2149 588 proces-A

1544 381 1753 444 JOAN.
1802 377 2021 442 VECCI
2064 376 2174 438 CP.
2222 369 2732 436 PATBIARCHIE

3699 358 3812 423 152

2173 495 2300 579 EC“.
2374 504 2510 584 Πρὸς
2554 502 2719 559 ἐκείνο
2775 500 2830 557 δὲ
2872 503 2921 557 τί
2989 501 3098 580 ἐρεῖ
3155 500 3330 572 οὗτος,
3376 498 3462 554 ὅτε
3528 498 3590 554 16
3651 496 3816 552 ἐκπο-

435 597 669 660 sionem
716 595 975 678 Spiritus
1006 585 1335 679 specialem
1391 595 1615 660 habere
1648 585 2083 677 intelligentiam

2178 594 2412 673 ρεύεσθαι
2483 594 2544 649 16
2614 593 2823 666 Πνεῦμα
2864 589 2995 648 ἰδίαν
3062 588 3215 668 λέγει
3276 587 3422 667 ἔχειν
3478 586 3577 654 τὴν
3619 585 3816 679 ἔννοιαν

439 685 913 766 dictitat,pra3ter
940 704 1095 767 eam,
1128 704 1302 766 quam
1327 685 1616 762 inferunt,
1665 686 1837 758 mitti,
1873 703 2083 766 suppe-

2178 684 2319 764 παρὰ
2401 685 2461 738 16
2533 681 2853 761 πέμπεσθαι³
2915 681 3014 767 καὶγ
3087 680 3462 758 χορηγεῖσθαι,

3550 677 3639 732 καὶ
3734 672 3816 729 δί-

436 774 632 842 ditari,
661 759 721 836 et
751 774 876 837 dari
897 759 1093 838 ?Nam
1115 759 1405 836 dictiones
1430 759 1770 856 hasce,quaa
1801 759 2083 837 sententia

2179 759 2401 852 600011;
2477 772 2582 836 Τὰς
2626 769 2722 845 μὲν
2777 759 2876 848 γαρ
2945 766 3108 834 λέξεις
3176 767 3388 838 ταύτας,
3447 767 3508 820 αἳ
3548 759 3816 842 προδέλως

437 864 750 926 manifesto
812 864 1258 942 distinguuntur
1313 883 1346 925 a
1377 851 1780 944 processi0ne,
1821 865 2083 946 producil

2178 864 2306 939 πρὸς
2364 851 2424 918 16
2483 859 2847 938 ἐκπορεύεσθαι
2923 853 3430 914 ἆντιδιαστέλλονται
3487 858 3556 929 τῇ
3624 851 3814 925 ἐννοίᾳ,

437 953 603 1033 quasi
628 952 748 1015 illis
779 951 1146 1013 refellendus
1164 955 1357 1014 veniat
1380 952 1559 1015 Italus
1584 973 1596 1017 :
1633 955 1785 1034 quod
1805 973 1944 1014 vero
1966 955 2090 1033 qui-

440 1039 574 1101 dam
609 1058 681 1103 ex
706 1040 976 1104 Patribus
997 1062 1025 1098 a
1051 1040 1200 1102 Filio
1241 1041 1459 1103 habere
1481 1061 1612 1104 esse
1636 1043 1781 1104 dixit
1803 1041 2086 1122 Spiritum

438 1128 594 1191 alius
625 1148 694 1191 ex
752 1130 902 1192 Filio
957 1147 1089 1191 esse
1138 1128 1422 1210 Spiritum
1453 1151 1468 1205 ;
1529 1139 1580 1192 et
1616 1132 1712 1192 hic
1745 1132 1985 1211 quidem
2020 1150 2086 1192 ex

441 1217 701 1280 essentia
727 1217 864 1279 Filii
893 1217 1061 1278 illum
1093 1218 1362 1286 esse,ille
1401 1238 1540 1281 vero
1563 1237 1635 1280 ex
1666 1219 1821 1281 Filio
1848 1230 2088 1281 natura-

439 1305 578 1367 liter
605 1316 662 1368 et
687 1306 1086 1368 essmtialiter
1137 1325 1292 1379 esse,
1333 1315 1390 1367 et
1410 1307 1583 1389 alius,
1616 1328 1780 1370 suam
1813 1310 2090 1390 hyposta-

439 1395 551 1456 sim
580 1393 805 1456 habere
831 1413 898 1456 ex
930 1393 1192 1457 essentia
1208 1393 1594 1469 Filii,h0rum
1620 1399 1857 1477 inquam
1884 1399 2089 1459 verbo-

442 1501 576 1544 rum
610 1483 832 1544 nullam
857 1483 988 1565 ipse
1019 1483 1381 1544 mentionem
1417 1485 1573 1547 facit.
1621 1487 1742 1565 Ego
1799 1495 1992 1547 autem
2015 1488 2088 1549 ad

435 1571 632 1650 ipsum
690 1573 873 1634 veluti
934 1579 1287 1652 praesentem
1349 1575 1675 1635 orationem
1703 1585 2082 1638 convertam:

432 1660 885 1740 Sapientissime
914 1661 1085 1741 vir,si
1116 1663 1530 1723 contradicere
1561 1672 1864 1742 optans.ut
1889 1666 2088 1726 redar-

433 1767 644 1828 gueres
666 1747 1024 1823 Italos,male
1045 1757 1407 1825 asserentes,
1440 1751 1725 1830 Spiritum
1762 1754 2083 1833 procedere

2171 1748 2319 1826 Εῗγε,
2403 1752 2447 1804 ὧ
2509 1749 2776 1828 σοφώτατε

434 1855 503 1899 ex
536 1840 703 1899 Patre
731 1846 790 1899 et
817 1837 990 1914 Filio,
1054 1856 1174 1898 non
1203 1838 1461 1919 admitti,
1515 1850 1572 1900 et
1605 1843 1992 1923 suppeditari,
2026 1853 2085 1905 et

435 1926 588 2001 dari,
622 1926 946 1990 discrimen
980 1927 1380 2008 processionis
1417 1929 1679 1990 animum
1710 1933 2078 2008 advertebas,

423 2015 528 2078 sed
549 2016 619 2076 ad
643 2015 835 2096 ipsum
861 2033 993 2079 esse
1019 2016 1278 2096 Spiritus
1297 2035 1364 2077 ex
1389 2017 1629 2098 Filio,et
1648 2019 1717 2080 ad
1744 2021 2078 2100 provenire,

428 2112 490 2167 et
519 2105 737 2167 eﬂ'undi
769 2105 1044 2167 eumdem
1071 2124 1140 2166 ex
1169 2103 1413 2179 Filio,et
1437 2106 1508 2167 ad
1535 2109 1934 2170 essentialiter
1955 2129 2084 2173 esse

436 2194 714 2256 eumdem
746 2193 974 2257 exFilio
1003 2195 1116 2254 hoc
1140 2203 1309 2274 pacto
1339 2195 1644 2272 specimcn
1669 2197 1904 2276 aliquod
1934 2218 2085 2278 prae-

432 2281 630 2356 beres,
663 2301 781 2343 non
812 2301 846 2342 a
875 2285 1104 2344 ratione
1137 2301 1378 2362 prorsus
1410 2302 1542 2345 esse
1594 2285 1872 2365 alienam,
1906 2306 2081 2367 quam

435 2371 802 2450 appingebas
832 2369 990 2432 Italis
1015 2369 1241 2431 dissidii
1266 2389 1502 2431 causam
1536 2390 1643 2451 per
1663 2372 2077 2456 differentiam,

437 2477 567 2540 quae
599 2465 688 2520 est
713 2461 869 2521 inter
891 2457 1244 2536 procedere,
1282 2467 1340 2518 et
1372 2459 1569 2539 mittit,
1601 2468 1660 2520 et
1688 2463 2075 2541 suppeditari,

428 2556 487 2610 et
507 2547 656 2610 dari.
693 2551 774 2610 At
797 2566 954 2608 nunc
983 2565 1117 2607 cum
1151 2546 1514 2626 suppeditari
1547 2557 1604 2608 et
1634 2550 2080 2613 mittidiﬂ‘erant

425 2655 626 2699 avoce
682 2636 1050 2716 procedere;
1111 2637 1424 2715 provenire
1480 2655 1638 2707 vero,
1693 2641 1988 2718 progredi,
2023 2650 2079 2703 et

429 2722 707 2804 profundi
739 2723 884 2784 nihil
917 2722 1191 2783 diﬂ‘erant
1239 2723 1314 2782 ab
1346 2740 1437 2803 eo,
1474 2725 1626 2804 quod
1661 2726 2075 2800 infert,essen-

427 2811 642 2873 tialiter
673 2830 826 2886 esse,
855 2819 1076 2872 temere
1097 2810 1314 2873 videris
1337 2812 1802 2875 ecclesiasticum
1824 2817 2082 2879 schisma

430 2900 829 2974 constabilire,
866 2900 1094 2975 dicens,
1129 2900 1446 2981 specialem
1490 2901 1714 2964 habere
1746 2905 2080 2984 intelligen-

2172 949 2316 1006 οἶδεν
2366 951 2438 1013 ὡς
2507 951 2578 1012 εἰς
2635 946 2860 1026 ἔλεγχον
2916 945 3066 1014 δῆθεν
3103 943 3354 1002 ἐκτιθέναι
3413 949 3504 999 τοῦ
3553 939 3754 1000 Ἰταλοῦ
3801 960 3813 972 ’

2171 1039 2250 1095 ὅτι
2281 1037 2336 1095 δὲ
2407 1041 2433 1094 6
2493 1039 2590 1112 μὲν
2645 1042 2750 1092 τῶν
2805 1037 2968 1115 ἁγίων
3025 1036 3166 1114 παρὰ
3233 1041 3325 1090 106
3367 1034 3490 1090 T106
3557 1033 3618 1087 16
3675 1031 3817 1087 εῖναι

2172 1127 2318 1208 ἔχειν
2373 1127 2472 1207 ἔφη
2527 1129 2588 1182 16
2632 1133 2865 1204 Πνεῦμα,
2925 1128 2952 1181 6
2995 1122 3048 1180 δὲ
3105 1124 3166 1179 ἐκ
3235 1130 3324 1179 τοῦ
3381 1125 3501 1178 T106
3576 1121 3716 1176 εἶναι
3759 1122 3818 1176 τὸ

2175 1224 2408 1292 Πνεῦμα,
2471 1218 2556 1273 καὶ
2652 1219 2679 1272 6
2771 1215 2869 1289 μὲν
2953 1214 3012 1270 ἐκ
3093 1216 3193 1280 τῆς
3265 1211 3441 1275 οὒσίας
3511 1213 3602 1266 106
3699 1211 3819 1268 T106

2172 1305 2430 1384 ὑπάρχειν
2486 1307 2632 1384 a616,
2718 1306 2745 1359 6
2817 1301 2870 1358 δὲ
2929 1302 2988 1358 ἐκ
3069 1307 3158 1357 τοῦ
3246 1303 3364 1355 T106
3446 1302 3674 1378 φυσικῶς
3731 1297 3818 1353 καὶ

2171 1392 2435 1459 ούσιωδῶς
2494 1393 2751 1473 ὑπάρχειν
2809 1393 2958 1470 αὐτὸ,
3014 1393 3100 1447 καὶ
3143 1388 3302 1454 ἄλλος
3356 1389 3648 1444 ὑποστατὸν
3675 1387 3816 1442 εἶναι

2171 1482 2297 1538 αύτὸ
2369 1483 2428 1538 ἐκ
2477 1487 2576 1548 τῆς
2636 1482 2808 1546 οὐσίας
2865 1480 2956 1536 106
3012 1482 3152 1552 T106,
3211 1477 3348 1534 ἀλλὰ
3403 1482 3510 1532 τῶν
3567 1476 3817 1554 ῥημάτων

2170 1572 2364 1628 τούτων
2435 1568 2540 1630 οὐδ’
2608 1573 2881 1639 ἡντιναοῦν
2939 1573 3122 1644 μνείαν
3177 1568 3487 1642 ποιούμενος
3551 1566 3814 1644 φαίνεται,

2171 1658 2312 1739 Ἐγὼ
2367 1658 2420 1716 δὲ
2519 1661 2590 1722 ὡς
2662 1661 2791 1738 πρὸς
2874 1658 3106 1736 παρόντα
3177 1657 3313 1736 φημὶ
3395 1657 3524 1735 πρὸς
3609 1655 3762 1713 αὒτόν
3798 1673 3810 1685 ·

2887 1746 3028 1827 ἄνερ,
3117 1745 3409 1824 ἁντὶῤῥησιν
3498 1746 3812 1814 ποιήτασθαι

2165 1838 2331 1896 θέλων
2362 1841 2433 1902 εἰς
2490 1838 2714 1917 ἔλεγχον
2765 1845 2857 1894 τοῦ
2912 1843 3092 1900 κακῶς
3145 1834 3316 1912 λέγειν
3374 1834 3494 1897 τοὺς
3555 1831 3810 1914 Ἰταλοὺς,

2167 1929 2531 2004 ἐκπορεύεσθαι
2597 1929 2659 1982 16
2704 1929 2914 2002 Πνεῦμα
2984 1926 3045 1981 ἐκ
3115 1925 3317 2002 Πατρὸς
3402 1925 3490 1978 καὶ
3547 1925 3687 1997 T106,
3736 1924 3813 1998 μὴ

2167 2018 2294 2094 πρὸς
2367 2018 2427 2072 τὸ
2503 2016 2821 2091 πέμπεσθαι,
2897 2017 2983 2070 καὶ
3053 2014 3431 2094 χορηγεῖσθαι,
3494 2013 3579 2068 καὶ
3643 2033 3811 2087 μετα-

2166 2103 2388 2163 δίδοσθαι
2460 2107 2559 2173 τὴν
2617 2112 2707 2161 τοῦ
2761 2105 3130 2183 ἐκπορεύεσθαι
3211 2101 3466 2182 διαφορὰν
3546 2101 3808 2180 ἐθεώρεις,

2165 2193 2300 2250 ἀλλὰ
2355 2196 2486 2264 πρὸς
2531 2196 2656 2250 αὒτὸ
2725 2193 2785 2249 τό
2829 2193 2970 2249 εἶναι
3043 2193 3102 2247 τὸ
3153 2198 3362 2266 Πνεῦμα
3406 2188 3458 2256 ἐξ
3517 2192 3658 2270 1⁸ἱοῦ⁷
3724 2193 3811 2246 καὶ

2164 2285 2294 2360 πρὸς
2378 2285 2438 2338 τὸ
2500 2282 2745 2360 προϊέναι
2805 2284 2892 2339 καὶ
2973 2283 3290 2360 προχεῖσθαι
3374 2281 3498 2334 αὐτὸ
3573 2278 3632 2334 ἐκ
3712 2285 3806 2334 τοῦ

2166 2373 2307 2444 T106,
2380 2373 2466 2427 καὶ
2549 2372 2678 2449 πρὸς
2775 2372 2836 2426 16
2893 2369 3160 2432 ούσιωδῶς
3238 2369 3497 2447 ὑπάρχειν
3575 2369 3700 2425 αῦτὸ
3757 2367 3808 2433 ἐξ

2165 2463 2307 2530 T106,
2380 2459 2541 2526 οὕτως
2599 2457 2662 2515 ἅν
2718 2459 2945 2537 ἔμφασιν
3027 2456 3217 2521 ἐδίδους
3286 2459 3402 2513 τινὰ
3471 2457 3531 2512 16
3586 2455 3804 2535 εὔλογο-

2162 2549 2318 2628 φανές
2351 2548 2498 2628 ἔχειν
2527 2550 2624 2615 τὴν
2692 2547 3137 2626 προσαπτομένην
3178 2559 3295 2610 τοϊς
3367 2543 3596 2608 Ἰταλοῖς
3642 2546 3807 2601 αἰτίαν

2160 2643 2252 2693 τοῦ
2335 2638 2628 2716 σχίσματος
2687 2638 2790 2692 ἀπὸ
2845 2641 2943 2702 τῆς
2997 2633 3243 2714 διαφορᾶς
3287 2636 3380 2690 106
3430 2634 3799 2712 ἐκπορεύεσθαι

2161 2727 2290 2804 πρὸς
2357 2728 2418 2781 16
2477 2725 2772 2801 πέμπεσθαι
2841 2727 2927 2782 καὶ
2997 2727 3348 2805 χορηγεῖσθαι
3391 2725 3478 2779 καὶ
3557 2720 3804 2784 δίδοσθαι.

2163 2817 2265 2872 Νῦν
2335 2813 2386 2870 δὲ
2461 2817 2590 2894 πρὸς
2640 2816 2735 2890 μὲν
2805 2816 2864 2870 16
2930 2818 3280 2894 χορηγεῖσθαι
3368 2814 3454 2868 καὶ
3509 2811 3803 2887 πέμπεσθαι

2161 2908 2259 2971 της
2317 2903 2377 2959 ἐκ
2419 2912 2509 2959 τοῦ
2580 2903 2942 2982 ἐκπορεύεσθαι
3013 2902 3200 2968 λέξεως
3251 2901 3617 2982 διαφερούσης,
3675 2903 3804 2978 πρὸς

431 2989 573 3051 tiam
609 2989 956 3070 procedere,
1001 3008 1070 3050 ac
1102 2989 1392 3052 diversam
1427 2989 1499 3051 ab
1532 3009 1626 3065 ea,
1660 3011 1836 3072 quam
1865 2995 2083 3058 habent

2168 2990 2217 3046 δὲ
2274 2993 2334 3048 16
2390 2992 2630 3072 προϊέναι
2713 2995 2800 3050 καὶ
2880 2991 3228 3072 προέρχεσθαι
3315 2994 3400 3047 καὶ
3487 2994 3803 3070 προχεῖσθαι

432 3077 1118 3174 mitti,suppedil_ari,-et
1170 3078 1540 3174 dari.Simile
1581 3080 1882 3174 quidpiam
1909 3085 2082 3149 tinnit

2168 3083 2298 3142 κατὰ
2356 3083 2453 3150 τὴν
2511 3083 2601 3138 106
2663 3082 2920 3162 ὑπάρχειν
2965 3079 3227 3146 οὖσιωδῶς
3297 3080 3562 3156 σημασίαν
3619 3077 3804 3158 διαφε-

429 3185 666 3247 quoque
691 3166 984 3247 expositio
1014 3167 1178 3228 factae
1208 3185 1241 3227 a
1273 3168 1584 3229 Servatore
1616 3168 1926 3250 discipulis
1953 3175 2081 3254 Spi-

2168 3172 2354 3248 ρούσης
2425 3171 2613 3252 μηδὲν²
2675 3174 2846 3247 μάτην
2906 3173 3062 3251 φαίνῃ
3157 3178 3232 3244 τῷ
3300 3170 3394 3237 τῆς
3489 3167 3806 3234 Ἐκκλησῖας

425 3256 576 3318 ritus
605 3256 1147 3328 insumationis,cui
1163 3255 1399 3318 abunde
1421 3266 1619 3318 nostra
1645 3261 1832 3319 oratio
1864 3280 2074 3324 occur-

2168 3260 2418 3339 σχίσματι
2507 3261 2918 3339 ἐπισυγκροτῶν,
3017 3261 3121 3316 ἀπό
3222 3259 3313 3315 106
3421 3257 3591 3336 λέγειν
3675 3256 3806 3312 ἰδίαν

430 3346 529 3419 rit,
581 3347 796 3426 quibus
853 3344 927 3407 ad
1013 3363 1142 3406 eam
1216 3345 1548 3406 refellenda
1609 3347 1886 3410 adversus
1934 3352 2080 3414 alios

2168 3346 2309 3427 ἔχειν
2379 3351 2476 3416 τὴν
2537 3350 2737 3406 ἔννοιαν
2792 3351 2852 3404 τὸ
2909 3348 3275 3427 ἐκπορεύεσθαι
3336 3349 3476 3425 παρὰ
3532 3349 3591 3402 16
3660 3367 3806 3421 πεμ-

427 3433 800 3496 decertantes
853 3432 1183 3495 rationibus
1241 3434 1335 3494 usi
1365 3453 1593 3508 sumus,
1630 3439 1728 3515 qui
1773 3444 1831 3498 et
1860 3448 1994 3502 ante
2025 3451 2080 3502 te

2168 3443 2374 3517 πεσθαι,
2450 3442 2537 3495 καί
2630 3443 3003 3518 χορηγεῖσθαι,
3087 3442 3173 3496 καὶ
3266 3437 3513 3499 δίδοσθαι,
3591 3429 3808 3494 Ὀποϊόν

428 3522 699 3584 eamdem
714 3521 1125 3582 insufﬂationis
1140 3524 1683 3599 interpretationem
1699 3525 1821 3586 trad
1833 3526 2081 3610 iderunt,

2168 3548 2213 3582 τι
2283 3527 2522 3602 βούλεταί
2588 3550 2669 3583 σοι
2725 3529 2812 3584 καὶ
2866 3530 2899 3595 ἡ
2971 3527 3222 3606 ἐξήγησις
3320 3531 3414 3595 τῆς
3492 3527 3636 3606 παρὰ
3716 3532 3808 3581 106

424 3612 547 3690 Ego
576 3612 813 3674 interim
844 3611 1062 3688 gratias
1093 3610 1199 3670 tibi
1229 3629 1335 3686 ago
1367 3610 1537 3674 bonae
1571 3615 1809 3688 mentis,
1845 3619 2083 3695 quando

2168 3620 2413 3694 Σωτῆρος
2483 3615 2772 3694 γενομένης
2829 3630 2946 3676 τοῖς
3006 3620 3269 3689 μαθηταῖς
3326 3625 3418 3673 τοῦ
3501 3615 3806 3689 Πνεύματος

425 3709 486 3763 te
512 3700 748 3781 reperio
779 3699 1061 3760 unionem
1093 3697 1376 3760 Ecclesia:
1401 3699 1581 3760 veluti
1609 3719 1642 3760 a
1671 3702 1895 3772 subtili,
1924 3707 2080 3784 quod

2168 3705 2530 3784 ἐμφυσήσεως,
2590 3707 2718 3781 πρὸς
2787 3705 2854 3773 ἣν
2921 3703 3169 3782 ἐξήγησιν
3222 3708 3414 3772 ἱκανῶς
3471 3707 3498 3759 6
3547 3703 3808 3781 ἡμέτερας

423 3791 609 3861 aiunt,
644 3789 743 3850 (ilo
767 3788 1146 3868 appendisse,
1179 3787 1240 3847 in
1275 3787 1410 3860 illis,
1437 3806 1566 3868 qua:
1593 3787 1730 3850 [talo
1763 3790 2025 3854 insinuas
2065 3815 2077 3858 :

2168 3795 2438 3862 ἀπήντησε
2495 3793 2676 3870 λόγος,
2733 3793 2784 3849 ἐν
2843 3795 2931 3857 οἷς
3004 3795 3122 3857 τοὺς
3194 3794 3601 3871 ἀνατρεπτικοὺς
3643 3794 3807 3859 αὐτῆς

429 3902 454 3935 α
489 3877 556 3939 ln
586 3877 718 3939 aliis
742 3877 984 3958 quidem
1009 3875 1273 3937 concedo
1306 3875 1411 3938 tibi
1432 3895 1638 3938 vocem
1673 3882 2079 3959 usurpandam

2168 3882 2362 3949 ἐξέθετο
2406 3882 2594 3960 λόγους
2627 3883 2756 3961 πρὸς
2831 3881 3018 3946 ἄλλους
3089 3882 3550 3961 διαγωνιζόμενος,
3612 3880 3807 3945 οἵτινες

431 3967 684 4048 Spiritus
715 3983 790 4027 ex
827 3965 998 4027 Patre
1027 3972 1084 4025 et
1113 3963 1262 4026 Filio
1292 3965 1714 4048 processionis,
1740 3977 1805 4028 ut
1834 3969 1940 4031 tibi
1963 3971 2079 4032 lin-

2168 3975 2250 4030 καὶ
2309 3974 2408 4052 πρὸ
2465 3979 2556 4028 006
2607 3972 2708 4039 τὴν
2753 3973 3003 4038 τοιαύτην
3073 3977 3171 4038 τῆς
3255 3971 3602 4050 ἐμφυσήσεως
3680 3969 3806 4039 ἐξή-

431 4075 546 4138 gua
575 4057 857 4138 permitit,
917 4054 978 4115 in
1011 4053 1432 4115 communibus
1461 4072 1679 4132 nempe
1701 4059 2082 4123 sermonibus

2168 4085 2320 4140 γησιν
2351 4063 2722 4140 εἰσηγήσαντο.
2783 4060 2924 4140 Ἐγὼ
2960 4061 3013 4117 δὲ
3069 4060 3200 4126 τέως
3252 4061 3481 4140 χάριτας
3544 4081 3624 4115 σοι
3669 4061 3806 4133 ὁμο-

431 4154 489 4210 et
517 4143 853 4226 colloquiis,
903 4142 954 4204 si
985 4140 1318 4217 allubescit,
1381 4142 1444 4204 in
1477 4143 1753 4223 Symbolo
1784 4164 1921 4208 vero
1952 4150 2078 4211 solo

2168 4149 2308 4228 λογῶ
2362 4155 2458 4220 τῆς
2508 4151 2704 4230 ἀγαθῆς
2748 4151 2988 4229 γνώμης,
3052 4150 3131 4206 ὅτι
3175 4171 3233 4204 σε
3319 4148 3538 4226 εὗρίσκω
3570 4149 3666 4214 τὴν
3711 4148 3806 4214 τῆς

425 4253 546 4297 non
576 4233 959 4295 concedam.»
988 4231 1318 4293 Exosculor
1341 4231 1522 4294 animi
1553 4232 1640 4292 tui
1671 4235 2083 4313 candorem,et

2168 4239 2483 4306 Ἐκκλησίας
2561 4239 2746 4296 ἕνωσιν
2831 4243 2904 4304 ὡς
2989 4240 3094 4295 ἇπὶ)
3177 4237 3369 4294 λεπτοῦ
3451 4235 3806 4315 ἐξαρτήσαντα

425 4342 685 4405 agnosco
743 4321 950 4384 unioni
1010 4330 1066 4384 te
1097 4340 1373 4400 magnum
1406 4321 1638 4402 pondus
1669 4323 1995 4401 addidisse,
2029 4328 2078 4389 si

2168 4331 2315 4406 μίςου
2357 4330 2448 4386 Ἐν
2519 4334 2603 4392 οἷς
2659 4330 2758 4408 γὰρ
2797 4331 2923 4409 πρὸς
2981 4330 3068 4384 16v
3126 4325 3324 4384 ’ἰταλὸν
3392 4325 3587 4404 λέγεις,
3655 4348 3682 4378 α
3715 4325 3804 4381 Ἐν

429 4432 650 4495 paucos
673 4411 960 4493 quosdam
993 4419 1090 4472 tuo
1121 4429 1242 4472 aevo
1299 4410 1455 4471 inter
1505 4413 1787 4491 praesules
1835 4414 2083 4478 eximios

2168 4419 2262 4495 μὲν
2315 4433 2430 4482 τοῖς
2491 4417 2670 4481 ἄλλοις
2742 4419 3079 4498 συγχωρήσω
3152 4415 3380 4496 χρῆσθαί
3435 4436 3492 4470 σε
3548 4420 3615 4489 τῇ
3673 4411 3806 4478 λέξει

427 4513 486 4568 et
507 4505 862 4586 conspicuos
893 4503 998 4566 tibi
1032 4502 1373 4582 contigisset
1399 4504 1621 4583 proprii
1655 4506 1936 4584 pr0positi
1970 4507 2080 4569 de-

2168 4513 2260 4575 τῆς
2315 4515 2407 4564 τοῦ
2465 4508 2764 4582 Πνεύματος
2827 4507 2881 4562 ἐγ
2953 4513 3042 4563 τοῦ
3142 4507 3343 4583 Πατρὸς
3403 4505 3489 4560 καὶ
3549 4513 3638 4561 τοῦ
3687 4505 3809 4561 T106

424 4602 768 4676 precatores
825 4592 1092 4656 habere._
1130 4591 1352 4664 Quibus
1380 4609 1518 4653 vero
1549 4592 1936 4676 ratiocinans,
1963 4596 2079 4658 ite—

2168 4597 2548 4676 ἐκπορεύσεως,
2605 4599 2678 4662 ὡς
2751 4599 2786 4664 ἡ
2842 4597 3053 4675 γλῶττά
3110 4617 3190 4650 σοι
3247 4592 3474 4666 δίδωσιν,
3521 4591 3574 4648 ἐν
3603 4592 3807 4653 κοινοῖς

423 4701 556 4745 rum
585 4679 1020 4759 argumentaris
1058 4701 1072 4737 :
1728 4755 1745 4765 .

2168 4685 2304 4765 λέγω
2403 4684 2609 4764 λόγοις,
2713 4689 2801 4740 καὶ
2869 4683 3098 4759 ὁμιλίαις
3179 4682 3674 4753 ἐκκλησιαστικαῖς,
3765 4682 3808 4735 εἰ

423 4771 600 4850 βούλει
649 4755 681 4800 ⁸-
711 4771 765 4828 ἐν
797 4769 851 4826 δὲ
881 4778 958 4846 τῷ
987 4767 1247 4846 Συμϐόλῳ
1277 4772 1422 4846 μόνῳ
1490 4771 1552 4845 ¹ού
1611 4755 1969 4852 συγέωρήσω,
2017 4799 2036 4829 ι
2103 4755 2436 4855 ἀποδέχομαι
2482 4755 2676 4831 σουντὸ
2733 4780 2832 4841 τῆς
2878 4755 3061 4853 ψυχῆς
3132 4773 3334 4850 ἱλαρὸν,
3396 4774 3484 4827 καὶ
3545 4768 3800 4842 διαγινώ-

427 4884 542 4918 σκω
571 4859 776 4928 πολλὴν
805 4857 976 4917 δοῦναί
1017 4881 1075 4915 σε
1103 4860 1202 4926 τὴν
1232 4859 1317 4916 ἐπὶ
1349 4867 1415 4937 τῇ
1487 4860 1668 4916 ένώσει
1729 4862 1919 4939 ῥοπὴν,
1980 4864 2096 4942 εἴγε
2151 4864 2356 4944 ὀλίγους
2429 4865 2572 4926 τινὰς
2626 4871 2732 4919 τῶν
2776 4865 2910 4921 κατὰ
2980 4863 3038 4916 σὲ
3093 4862 3211 4917 τότε
3281 4862 3374 4916 τὸν
3428 4857 3804 4937 ἀρχιερατικὸν

423 4951 762 5026 κοσμούντων
791 4947 1087 5027 κατάλογον
1116 4947 1378 5027 ἐξεγένετό
1411 4971 1490 5005 σοι
1519 4950 1838 5029 συνηγόρους
1869 4957 1968 5018 τῆς
2000 4955 2192 5018 οἰκείας
2224 4942 2519 5032 προθέσεως
2570 4951 2739 5031 ἔχειν,
2801 4949 2890 5008 Ἐν
2950 4955 3033 5013 οἷς
3085 4948 3140 5005 δὲ
3170 4947 3617 5026 συλλογιζόμενος
3646 4942 3805 5001 πάλιν

428 5036 625 5118 λέγεις.

506 5125 611 5190 67.
652 5123 748 5188 «Si
779 5125 969 5205 major
999 5132 1086 5187 est
1115 5123 1295 5187 Pater
1332 5125 1482 5188 Filio
1521 5144 1718 5205 causa,
1745 5126 1794 5187 si
1813 5134 1872 5188 et
1890 5127 2074 5190 Filius

423 5222 517 5279 est
547 5212 800 5295 Spiritus
831 5231 1026 5290 causa,
1058 5222 1215 5276 esset
1244 5222 1302 5276 et
1341 5215 1439 5277 hic
1471 5234 1540 5277 eo
1573 5216 1821 5295 major,»
1859 5225 1917 5278 et
1946 5218 2072 5279 bae-

422 5303 610 5367 sitans
666 5302 843 5364 veluti
878 5321 1088 5381 magua
1133 5303 1386 5384 quadam
1441 5303 1807 5367 dubitatione
1863 5304 2072 5367 Italum

423 5392 685 5472 impetis,
743 5411 772 5450 ‹
796 5389 910 5454 Ubi
956 5409 1203 5472 usquam
1235 5393 1511 5455 invenisti
1543 5394 1830 5474 majorem
1860 5393 2073 5457 Filium

419 5478 646 5564 Spiritu
672 5478 868 5542 dicit?

2238 5120 2331 5200 ξδ’.
2401 5153 2427 5183 α
2500 5132 2557 5187 Εἰ
2618 5131 2808 5204 μείζων
2839 5131 2865 5185 6
2926 5130 3107 5206 Πατὴρ
3189 5135 3280 5184 106
3338 5129 3459 5182 T106
3499 5132 3576 5200 τῷ
3632 5125 3800 5204 αἰτίῳ³

2155 5217 2308 5296 εἴπερ
2335 5220 2477 5275 καὶό
2547 5219 2661 5282 Υἱός
2707 5218 2815 5274 ἐστι
2873 5225 2964 5274 τοῦ
3038 5218 3336 5292 Πνεύματος
3395 5214 3592 5289 αἴτιος,
3654 5212 3802 5269 ἕσται

2156 5309 2245 5363 καὶ
2273 5310 2422 5371 οὗτος
2477 5309 2668 5382 μείζων
2725 5309 2882 5365 αὐτοῦ
2913 5323 2926 5337 ’
2999 5326 3025 5366 (
3076 5307 3162 5363 καὶ
3225 5304 3485 5382 διαπορῶν
3542 5305 3614 5366 ὡς
3668 5302 3806 5379 μέγα

2157 5419 2207 5452 τι
2264 5398 2392 5474 πρὸς
2447 5399 2537 5453 16v
2595 5394 2795 5454 Ἰταλὸν
2861 5393 3164 5475 διαπόρημα
3217 5393 3417 5471 λέγεις,
3471 5415 3497 5446 α
3557 5397 3664 5447 Ποῦ
3721 5412 3805 5447 σοι

2159 5497 2310 5546 τοῦτο
2365 5485 2659 5567 ἐξεύρηται,
2744 5486 2956 5563 μείζονα
3038 5488 3129 5542 τὸν
3187 5487 3305 5541 Υἱον
3366 5481 3457 5538 106
3502 5481 3802 5556 Πνεύματος

2155 5575 2394 5655 λέγεσθαι
2423 5596 2438 5658 ;
2476 5599 2503 5632 ι

497 5657 845 5736 Considera,
870 5675 946 5722 ne
979 5655 1086 5721 tibi
1115 5657 1240 5721 haec
1271 5657 1556 5723 dubitatio
1586 5661 1649 5722 in
1687 5662 2070 5743 approbrium

2236 5655 2453 5744 Σκόπει,
2514 5665 2710 5743 μέποτε
2785 5667 2857 5728 είς
2941 5666 3202 5746 αἰσχύνην
3263 5660 3635 5743 περιστήσεταὶ
3718 5678 3798 5713 σοι
