4142 6286
440 379 554 446 155
1499 379 1767 447 JOANN.
1803 381 2023 447 VEGCI
2061 380 2174 443 GP.
2209 378 2745 446 PATRIARCH/E.
3690 379 3804 446 156

437 511 817 604 Spiritus,aut
845 514 1114 596 ejusdem
1166 520 1225 576 et
1270 530 1760 596 supervacaneus,
1794 519 1896 575 aut
1921 514 2075 577 alte-

2161 516 2423 576 εὖθύνουσι
2506 519 2753 598 τροχιάς.
2861 521 2958 577 Καὶ
3024 521 3067 575 εἰ
3179 516 3312 577 οὕτω
3376 542 3558 593 ταυτα,
3634 520 3807 604 μάτην

432 601 578 679 rius,
614 611 675 667 et
697 606 865 686 cujus
884 611 913 669 ?

2161 603 2345 665 λοιπὸν
2405 610 2432 664 ὁ
2490 612 2650 690 σοφὸς
2721 611 2867 666 οὗτος
2914 608 3046 687 ἀνὴρ
3089 607 3255 687 λέγει,
3324 634 3350 664 ι
3413 601 3475 667 Ἠ
3518 610 3654 666 κατὰ
3710 601 3809 674 τὴν

437 696 807 763 Πεντηκοστὴν
878 697 1136 774 παρουσία
1193 702 1284 752 τοῦ
1349 694 1671 772 Πνεύματος,
1746 692 1781 758 ἢ
1852 701 1947 752 τοῦ
2010 697 2194 775 αὐτοῦ,
2264 698 2352 754 καὶ
2422 698 2666 778 περιττὴ,
2737 699 2773 766 ἢ
2844 696 3006 755 ἄλλου
3065 700 3368 773 Πνεύματος
3418 718 3430 732 ⁸
3493 700 3580 755 καὶ
3648 711 3807 754 ποῖον

442 791 595 841 τοῦτο
627 802 644 863 ;
694 808 717 839 ι

513 870 612 934 69.
646 870 733 933 Ad
780 871 1000 933 dictum
1030 890 1170 935 vero
1203 890 1385 953 prope
1414 872 1533 933 fine
1563 869 2071 948 syllogismorum,

2235 864 2330 948 ξολ
2406 877 2540 955 Πρὸς
2611 874 2665 932 δὲ
2722 878 2782 933 τὸ
2836 876 3108 955 εἰρημένον
3163 878 3293 955 πρὸς
3348 884 3426 952 τῷ
3507 875 3652 933 τέλει
3697 880 3804 931 τῶν

434 956 532 1018 ubi
547 959 723 1020 veluti
739 959 1136 1022 necessarium
1162 979 1283 1042 prie
1304 960 1436 1023 aliis
1458 958 1733 1021 omnibus
1750 958 2071 1028 concludit,

2159 964 2338 1024 τούτου
2392 964 2781 1043 σσλλογισμῶν,
2859 966 2912 1022 ἐν
2982 970 3027 1041 ᾧ
3093 968 3168 1029 ὡς
3225 966 3516 1044 ἀναγκαῖόν
3584 988 3636 1022 τι
3720 963 3806 1020 ἐπὶ

438 1048 798 1125 «procedere
820 1046 1107 1130 Spiritum
1138 1069 1205 1111 ex
1236 1052 1362 1111 solo
1391 1048 1637 1128 Patre,»
1670 1048 2070 1125 refutandum,

2159 1058 2282 1110 πᾶσι
2314 1055 2523 1132 συνάγει
2554 1056 2613 1111 τὸ
2667 1078 2693 1110 α
2729 1055 3095 1134 ἐκπορεύεσθαι
3155 1057 3215 1112 τὸ
3286 1057 3499 1127 Πνεῦμα
3545 1055 3605 1111 ἐκ
3644 1056 3805 1128 μόνου

432 1136 578 1197 nihil
609 1136 770 1199 aliud
801 1138 1190 1219 opportunius
1215 1138 1358 1200 Italo
1389 1137 1773 1218 fuerit,quam
1806 1138 2074 1217 ejusdem

2159 1148 2248 1198 τοῦ
2279 1145 2506 1224 Πατρὸς,
2560 1167 2583 1199 ιι
2634 1142 2777 1201 οὐδὲν
2810 1143 2938 1200 ἄλλο
2983 1143 3128 1201 ’ἐσται
3184 1146 3262 1220 τῷ
3317 1143 3506 1220 Ἰταλῷ
3532 1144 3804 1223 χρήσιμον

432 1224 618 1305 ipsius
682 1236 1032 1308 conceptus,
1065 1226 1137 1288 ab
1190 1228 1400 1290 eodem
1431 1227 1490 1287 in
1522 1226 1765 1288 exordio
1793 1227 2075 1288 orationis

2160 1233 2232 1294 εἷς
2274 1232 2594 1308 ἀνατροπὴν,
2650 1230 2767 1289 ἀλλ’
2797 1233 2833 1300 ἦ
2889 1235 3015 1290 «ora
3072 1233 3250 1291 ἐκεῖνο
3279 1234 3338 1289 τὸ
3396 1233 3570 1308 νόημα
3624 1230 3801 1303 αὖτοῦ,

428 1313 709 1376 adversus
729 1315 1002 1377 Latinum
1026 1314 1541 1396 propositus.Nam
1574 1315 2073 1396 quemadmodum

429 1400 512 1461 ibi
557 1401 653 1463 hic
675 1402 785 1474 vir,
831 1403 999 1484 quasi
1031 1422 1097 1465 os
1127 1404 1252 1466 Itali
1285 1403 1626 1476 obstruens,
1659 1412 1718 1465 et
1745 1403 1806 1464 in
1831 1403 2075 1466 dubium

429 1490 775 1553 inevitabile
799 1492 1188 1573 compellens,
1222 1493 1491 1572 dicebat:
1521 1516 1541 1544 α
1576 1491 1637 1555 Si
1655 1511 1724 1553 ex
1756 1492 1906 1553 Filio
1938 1494 2075 1574 Spi-

426 1579 580 1642 ritus
606 1580 899 1662 procedit,
955 1582 1096 1663 quid
1157 1582 1267 1643 fuit
1308 1581 1758 1664 impedimento,
1793 1601 1870 1642 ne
1899 1583 2077 1645 Chri-

2160 1318 2288 1400 ὅπερ
2343 1323 2489 1387 οὗτος
2546 1321 2599 1377 ἐν
2642 1335 2763 1387 ταῖς
2821 1322 3022 1402 ἀρχαῖς
3106 1322 3199 1378 τοῦ
3280 1321 3440 1400 λόγου
3507 1322 3644 1380 κατὰ
3713 1330 3808 1380 τοῦ

2162 1411 2384 1469 Λατίνου
2439 1410 2758 1489 προέτεινεν,
2820 1402 2912 1474 Ὠς
2968 1413 3067 1491 γὰρ
3118 1411 3294 1467 ἐκεῖσε
3335 1414 3504 1485 οὗτος,
3551 1411 3804 1468 ἐσπιστο-

2162 1499 2323 1574 μίζων
2392 1497 2545 1566 δῆθεν
2615 1502 2705 1556 τὸν
2777 1498 3004 1574 ⁹ἰταλὸν,
3065 1503 3150 1557 καὶ
3206 1499 3385 1579 ὥσπερ
3445 1502 3518 1563 εἷς
3578 1498 3805 1580 ἄφυκτον

2162 1588 2380 1667 ἀπορίας
2431 1588 2754 1646 σινελαύνων
2811 1589 2989 1670 αὒτὸν,
3037 1588 3237 1669 ἔλεγεν,
3291 1612 3315 1647 α
3365 1591 3422 1647 Εἰ
3487 1592 3571 1646 καὶ
3628 1589 3689 1645 ἐκ
3716 1595 3809 1646 τοῦ

429 1677 556 1760 stus
589 1669 866 1760 diceret}
900 1671 1003 1752 qui
1037 1691 1104 1733 ex
1141 1670 1313 1732 Patre
1344 1681 1399 1733 et
1431 1688 1528 1760 me
1559 1670 1873 1760 procedit?
1900 1694 1923 1729 ο
1963 1692 2075 1734 non

2165 1682 2285 1736 Υίοῦ
2354 1680 2688 1760 ἐκπορεύεται
2725 1681 2785 1736 τὸ
2845 1669 3078 1754 Πνεῦμα,
3151 1681 3200 1737 τί
3259 1679 3485 1737 ἐκώλυεν
3516 1681 3688 1736 εἰπεῖν
3716 1681 3806 1735 τὸν

426 1756 553 1818 alia
573 1760 802 1820 ratione
831 1758 1075 1821 Latinus
1094 1760 1290 1822 eidem
1315 1759 1575 1848 reddens
1623 1758 1803 1848 verba
1835 1778 1962 1834 sua,
1992 1764 2075 1821 ta-

2164 1769 2405 1844 Χρισιὸδ,
2440 1772 2467 1824 ὁ
2490 1756 2636 1848 παρὰ
2666 1780 2758 1829 τυῦ
2792 1771 2994 1848 Πατρὸς
3037 1771 3122 1827 καὶ
3151 1768 3280 1845 ἐμοῦ
3335 1769 3670 1848 ἐκπορεύεται
3709 1786 3726 1842 ;
3777 1790 3800 1825 υ

428 1846 692 1937 tehitur:
747 1848 809 1911 Si
857 1866 925 1937 es
977 1848 1104 1937 solo
1144 1852 1316 1911 Patre
1340 1847 1603 1937 procedit
1633 1846 1908 1937 Spiritus,
1935 1849 2075 1930 quid

2163 1838 2299 1913 ούτω
2328 1859 2414 1913 καὶ
2443 1860 2470 1913 ὁ
2543 1838 2793 1937 Ᾰατῖνος,
2850 1838 2964 1919 tot:
3020 1838 3191 1915 αὖτοῦἰ
3230 1838 3571 1937 χρησάμενος
3601 1856 3803 1936 Λόγοις,

433 1932 867 2025 impedimento
901 1936 1010 1997 fuit
1041 1936 1294 2007 Christo,
1333 1956 1405 1997 ne
1438 1936 1682 2011 diceret,
1709 1935 1819 2009 Qui
1854 1954 1925 1999 ex
1955 1939 2075 2000 solo

2163 1944 2274 2024 ἐρεῗ
2304 1948 2433 2023 πρὸς
2462 1947 2642 2025 αὐτὸν,
2681 1969 2707 2001 α
2754 1949 2808 2004 Εἰ
2839 1947 2898 2003 ἐκ
2929 1947 3089 2017 μόνου
3118 1954 3207 2003 τοῦ
3239 1948 3442 2024 Πατρὸς
3471 1945 3805 2024 ἐκπορεύεται

425 2021 598 2115 Patre
618 2024 1181 2115 _procedit_?Etcum
1213 2033 1417 2115 postea
1439 2026 1545 2115 hic
1576 2027 1895 2106 exprobrat
1910 2025 2072 2097 Italo,

2163 2036 2222 2091 τὸ
2266 2042 2498 2111 Πνεῦμα,
2544 2059 2593 2091 τι
2652 2035 2847 2093 ἐκώλυε
2909 2039 2998 2093 τὸν
3054 2037 3275 2115 Χριστὸν
3327 2038 3518 2108 εἰπεῖν,
3593 2037 3622 2091 ὁ
3663 2035 3806 2113 παρὰ

423 2112 666 2207 vestigia
689 2111 911 2207 Christi
932 2133 1253 2196 pauperum
1298 2114 1685 2207 Evangelistze
1716 2133 1833 2207 non
1884 2117 2074 2207 sequi,

2165 2125 2326 2200 μόνου
2384 2133 2477 2183 τοῦ
2522 2129 2723 2206 Πατρὸς
2778 2127 3162 2207 ἐκπορεύεται;
3218 2148 3241 2181 ι
3320 2127 3413 2184 Καὶ
3468 2127 3581 2182 ἐπεὶ
3651 2126 3803 2188 οὗτος

428 2201 586 2280 quod
617 2203 1004 2291 superaddat,
1069 2212 1161 2264 «et
1216 2223 1287 2264 ex
1342 2202 1586 2285 Fili0;)
1622 2202 1834 2265 iisdem
1867 2204 2075 2285 etipse

2163 2212 2397 2285 ὁνειδιζει
2445 2216 2535 2270 τὸν
2590 2213 2814 2291 Ἰταλὸν,
2888 2220 2947 2274 οὔ
3006 2214 3488 2273 κατακολουθοῦντα
3566 2219 3646 2288 τεῷ
3699 2222 3805 2270 τῶν

436 2288 995 2368 exprobrationibus
1025 2291 1316 2353 obnoxius
1371 2291 1506 2363 erit,
1540 2293 1696 2372 quod
1725 2294 2075 2372 superaddat

2162 2309 2403 2380 πιωχῶν
2458 2288 2806 2381 εὒαγγελιστῇ
2875 2308 3107 2382 Χριστῷ,
3162 2301 3246 2358 διὰ
3344 2304 3405 2358 τὸ
3473 2299 3804 2381 προστιθέναι

427 2393 515 2469 ea:
542 2377 707 2469 solo._
736 2380 823 2469 ΔΕι
878 2380 1005 2442 haec
1062 2380 1303 2461 quidem
1334 2379 1407 2442 ad
1439 2380 1597 2441 dicta
1627 2379 1865 2460 Bulgari
1895 2381 2075 2443 refel-

2171 2413 2195 2446 e
2244 2393 2329 2447 καὶ
2373 2391 2432 2448 ἐκ
2460 2399 2551 2449 τιρῦ
2623 2395 2765 2469 Υἱοῦ,
2802 2410 2828 2444 ι
2896 2405 3014 2456 τοῖς
3067 2391 3250 2456 α’ὂτοῖς
3295 2392 3381 2446 καὶ
3438 2392 3589 2454 οὗτος
3645 2410 3801 2467 περι-

428 2466 604 2529 lenda
638 2466 895 2530 adducta
923 2477 1082 2531 sunt.

2162 2494 2398 2537 κεσεῖται
2470 2479 2815 2556 ὀνειδισμοῖς,
2874 2478 2958 2538 διὰ
3040 2482 3100 2536 τὸ
3169 2479 3498 2558 προστιθέναι
3570 2480 3631 2535 τὸ
3712 2479 3801 2533 καὶ

2164 2570 2223 2627 ἐκ
2265 2571 2449 2645 μόνου.
2483 2570 2571 2628 Ἐν
2614 2571 2817 2635 τούτοις
2861 2572 2949 2627 καὶ
2989 2569 3057 2626 τὰ
3112 2568 3198 2626 ἐπὶ
3252 2574 3319 2645 τῇ
3374 2566 3667 2647 ἆντιῤῥήσει
3698 2572 3806 2623 τῶν

2162 2669 2253 2718 τοῦ
2280 2659 2603 2739 Βονλγαρίας
2654 2661 2854 2738 ῥητῶν,

507 2735 609 2797 70.
635 2733 707 2827 Et
723 2735 783 2827 in
807 2736 899 2797 his
924 2735 1518 2827 praeterea‘adversus
1540 2736 1764 2827 similes
1781 2737 2075 2827 homines,

2244 2740 2417 2807 θ’Καὶ
2460 2750 2511 2805 ἐν
2542 2750 2807 2814 τοσούτοις
2864 2750 3036 2806 πάντα
3108 2747 3316 2823 λοιπὸν,
3369 2749 3496 2827 πρὸς
3554 2749 3587 2803 ἃ
3642 2749 3805 2823 ἡμεῖς

430 2840 584 2902 quos
613 2825 687 2883 ad
722 2825 833 2886 hoc
867 2835 1102 2906 tempus
1136 2824 1343 2887 videre
1362 2825 1627 2904 contigit,
1659 2834 1859 2887 nostra
1888 2826 2075 2888 studia

2162 2837 2488 2913 ἐνδειξάμεθα
2532 2839 2628 2906 τὴν
2688 2837 2942 2911 σπουδήν,
3013 2837 3155 2902 ὅσοις
3208 2837 3340 2901 τέως
3397 2837 3536 2912 ἡμῖν
3619 2835 3798 2915 ἐξεγέ-

429 2911 878 2988 collocavimus,
936 2923 999 2976 ut
1028 2915 1479 2977 ostenderemus
1518 2935 1640 2991 eos,
1676 2916 1777 2996 qui
1805 2924 1941 2977 ante
1973 2936 2075 2978 nos

2162 2951 2280 2985 νετο
2324 2927 2572 3008 ἐντυχεῖν
2638 2929 2710 2992 εἷς
2756 2925 3012 2993 ἀπόδειξιν
3056 2927 3145 2983 τοῦ
3201 2929 3280 3000 μὴ
3335 2925 3512 2990 καλῶς
3557 2939 3674 2990 τοῖς
3708 2928 3800 3004 αρὸ

428 3000 595 3063 fuere
626 3003 917 3084 sapientia
972 3004 1235 3065 illustres
1276 3004 1406 3075 viri,
1443 3023 1752 3083 perperam
1782 3005 2075 3068 Ecclesia-

2166 3020 2320 3094 ἡμῶν
2378 3032 2563 3097 copo“;
2643 3016 2853 3095 ἀνδράσι
2939 3015 3313 3087 σπουδάζεσθαι
3397 3016 3495 3082 τὴν
3538 3013 3805 3072 διάστασιν

429 3110 562 3152 rum
595 3091 904 3154 dissidium
933 3094 1319 3174 promovisse.
1355 3094 1629 3175 Plerique
1651 3095 1807 3155 enim
1843 3113 1910 3155 ex
1940 3095 2075 3175 ipsis

2166 3091 2269 3163 τῶν
2330 3091 2683 3172 Ἐκκλ·ι,σιῶν.
2755 3109 2814 3164 Οἱ
2871 3105 3058 3163 πολλοὶ
3116 3104 3213 3184 γὲιρ
3282 3109 3450 3163 αὐτῶν
3507 3105 3601 3161 οὔκ
3644 3103 3804 3160 ἀδελ-

429 3199 547 3242 non
566 3189 628 3242 ut
651 3181 861 3245 fratres
882 3184 1153 3257 addecet,
1179 3202 1358 3274 quzea
1376 3184 1654 3274 fratribus
1686 3184 2075 3245 efferebantur

2166 3202 2332 3274 φικῶς
2375 3197 2438 3250 τα
2494 3197 2635 3273 παρὰ
2702 3202 2808 3251 τῦν
2881 3193 3116 3272 ἀδελφῶν
3174 3194 3484 3271 εἶσαγόμενα
3555 3191 3802 3273 δέχεσθαι

431 3278 745 3349 acceptare
777 3273 1172 3346 sustinebant,
1230 3273 1333 3334 sed
1382 3272 1859 3334 contradicentes
1893 3276 1947 3334 in
1981 3293 2075 3335 eos

2166 3272 2512 3363 ἆπεδέχοντο,
2558 3272 2676 3340 ἀλλ’
2747 3283 3080 3348 ἂντιθετικώς
3126 3282 3305 3344 αὺτοῖς
3365 3282 3746 3363 προσεφέροντο
3783 3299 3797 3313 ⁶

430 3358 888 3436 invehebantur,
914 3370 979 3429 et,
1004 3380 1075 3424 ex
1104 3362 1250 3443 ipsis
1275 3362 1685 3443 unusquisque
1717 3364 1936 3441 primas
1965 3363 2078 3425 sihi

428 3447 488 3507 in
520 3447 811 3528 sapientia
839 3451 1155 3513 vendicare
1188 3450 1610 3525 existimans,si
1644 3451 1938 3513 haereseos
1959 3452 2076 3513 cri-

432 3554 566 3597 men
605 3537 886 3616 proximis
935 3540 1159 3601 valeret
1199 3540 1547 3620 appingere,
1578 3539 1783 3601 obvios
1814 3559 2080 3621 quosque

430 3625 851 3687 nonnullarum
883 3637 1247 3691 versutarum
1275 3630 1703 3691 sententiarum
1728 3632 2081 3690 commentis

427 3731 462 3774 a
485 3732 551 3774 se
581 3714 833 3794 rejicere
894 3717 1275 3790 moliebatur,
1326 3717 1372 3778 si
1435 3717 1584 3780 forte
1616 3718 1727 3778 sihi
1761 3719 1871 3779 hoc
1904 3718 2079 3779 modo

428 3800 764 3864 obvenisset
794 3804 948 3865 fama
980 3806 1114 3867 tidei
1146 3806 1401 3868 fortasse
1457 3804 1843 3880 ardentiuris,
1879 3815 1935 3867 et
1967 3808 2078 3868 zeli

426 3891 679 3968 alicujus
709 3912 816 3973 pro
848 3903 1008 3955 recta
1040 3895 1156 3956 fide
1190 3896 1453 3976 tutanda,
1490 3914 1621 3955 cum
1654 3894 1906 3955 aliorum
1924 3895 2082 3957 circa

424 3995 523 4040 res
547 3979 774 4043 divinas
805 3984 1142 4060 segnitiem,
1170 3994 1225 4045 et
1247 4003 1446 4045 rerum
1480 3992 1812 4045 nostrarum
1838 3984 2079 4045 inﬁdam

428 4070 823 4148 proditionem
859 4072 1319 4136 condemnasset
1350 4073 1419 4135 Et
1451 4075 1574 4135 haec
1600 4073 1869 4154 plerique
1899 4093 2078 4135 cona-

427 4157 662 4234 bantur,
696 4161 849 4241 quod
883 4161 1255 4241 refriguisset
1284 4163 1565 4237 Charitas,
1604 4171 1662 4223 et
1691 4162 2080 4244 multipliiata

425 4258 583 4310 esset
613 4248 917 4330 iniquitas,
947 4260 1011 4313 ut
1058 4253 1278 4332 scripto
1332 4252 1608 4313 traditum
1643 4261 1753 4314 est.
1786 4251 1905 4314 Nos
1939 4272 2074 4314 vero

425 4336 574 4397 nihil
605 4337 801 4399 simile
824 4339 1024 4401 animo
1056 4340 1375 4404 volventes.
1398 4340 1799 4402 Eccli-siarum
1824 4360 2073 4403 concor-

2160 4359 2391 4409 τοιοῦτον
2437 4350 2520 4406 ἐπὶ
2574 4352 2674 4418 τὴν
2736 4355 2841 4405 τῶν

424 4429 582 4491 diam
614 4432 1035 4495 candidissime
1057 4434 1372 4514 amplexati
1395 4453 1621 4496 sumus.
1643 4433 1713 4495 Et
1735 4453 1808 4496 ne
1838 4434 2074 4497 videre-

428 4537 562 4582 mur
593 4523 941 4584 nonnemini
971 4523 1409 4586 inconsiderate
1440 4534 1499 4585 et
1526 4524 1749 4605 absque
1778 4524 1900 4585 ullo
1932 4543 2074 4586 exa-

426 4607 916 4691 mine,nultisque
949 4610 1387 4694 Scripturarum
1422 4613 1775 4675 testimoniis
1796 4613 1946 4685 fulti,
1983 4632 2076 4676 ec-

423 4696 813 4761 clesiasticam
851 4721 1055 4780 pacem
1078 4702 1640 4783 exosculari,oper:e
1664 4704 1914 4783 pretium
1944 4722 2075 4765 esse

424 4783 720 4861 duximus,
783 4791 942 4852 dicta
980 4800 1342 4865 sanctorum,
1409 4792 1657 4853 diversis
1709 4793 1767 4852 in
1801 4791 1948 4852 locis
1978 4792 2074 4853 di-

423 4878 727 4954 spersa,ad
762 4878 1608 4962 di-monstrandum,Spiritum
1639 4899 1767 4941 esse
1796 4899 1865 4942 ex
1901 4884 2074 4945 Patre

423 4971 482 5023 et
509 4964 684 5046 Filio,
723 4969 882 5047 quod
941 4970 1346 5031 asserentibus
1374 4969 1558 5049 Italis,
1592 4969 1889 5031 Ecclesias
1920 4970 2072 5031 divi-

424 5049 570 5112 dens
593 5056 938 5118 scandalum
970 5059 1192 5138 erupit,
1219 5058 1317 5121 hic
1350 5059 1407 5119 in
1443 5059 1627 5138 prima
1655 5066 1817 5138 parte
1850 5059 2072 5119 oratio-

427 5139 518 5200 nis
543 5141 601 5203 in
629 5160 809 5204 unum
842 5146 1163 5209 recollecta
1205 5148 1498 5227 digerere,
1537 5154 1657 5207 tum
1693 5146 1977 5227 deinceps
2012 5147 2072 5209 in

422 5231 686 5291 secunda
742 5233 1159 5316 refutationem
1211 5256 1441 5301 eorum.
1479 5235 1576 5316 qui
1607 5243 1812 5296 contra
1834 5237 1926 5311 jus
1953 5237 2072 5298 fas-

420 5337 536 5398 que
562 5339 739 5381 omne
768 5314 1077 5384 dissidium
1108 5314 1512 5387 Ecclesiarurn
1550 5329 1769 5397 fovent,
1803 5343 2072 5405 appone-

420 5426 508 5470 re.
570 5409 645 5471 Et
691 5428 826 5471 cum
891 5411 1158 5474 defensio
1189 5430 1222 5476 a
1267 5416 1439 5477 nobis
1471 5413 1861 5493 relinquenda
1893 5424 2068 5496 esset,

420 5496 562 5557 dum
620 5517 739 5560 non
792 5499 873 5561 ita
933 5500 1121 5561 facilis
1176 5503 1377 5565 multis
1431 5503 1735 5564 videretur
1786 5512 2065 5583 superatur

2163 3379 2249 3427 καί
2304 3374 2501 3428 τούτων
2568 3371 2808 3445 ἕκαστος,
2871 3371 3047 3448 ὥσπερ
3117 3393 3165 3426 τι
3240 3383 3485 3448 προτετον
3541 3371 3625 3427 ἐπὶ
3682 3369 3805 3439 δόξῃ

2164 3462 2346 3541 σφέας
2405 3463 2643 3536 οἰόμενος
2691 3460 3096 3540 ἀπενέγκασθαι,
3159 3463 3202 3515 εἱ
3258 3458 3504 3536 ἔγκλημα
3548 3459 3795 3539 αἱρέσεως

2162 3564 2277 3613 τοτς
2349 3548 2575 3615 πλησίον
2627 3551 2837 3630 ἰσχύσει
2909 3550 3433 3628 προσεπιτρίψασθαι,
3487 3549 3605 3614 τοὺς
3663 3550 3802 3629 φθά-

2164 3660 2355 3701 σαντας
2454 3640 2947 3718 παραγκωνίσασθαι
3057 3636 3328 3710 ἔσπευδεν,
3413 3636 3499 3694 ἐπὶ
3607 3637 3804 3717 εὒρέσει

2162 3728 2556 3808 σεσοφισμένων
2640 3726 3010 3802 διανοημάτων
3064 3731 3244 3805 τινῶν,
3292 3724 3462 3790 εἶ’πως
3519 3724 3579 3782 ἄν
3665 3726 3810 3800 αὒτῷ

2161 3815 2365 3893 γὲιοιτο
2420 3814 2585 3892 ὄνομα
2655 3814 2801 3896 τέχα
2844 3817 3067 3880 πίστεως
3133 3814 3470 3893 θερμοτέρας,
3531 3816 3617 3872 καὶ
3647 3813 3810 3886 ζήλου

2162 3906 2303 3967 τινὸς
2375 3906 2503 3984 ὑπὲρ
2571 3907 2670 3972 τῆς
2758 3902 3047 3983 ὀρθοδοξίας
3133 3903 3219 3960 ἐπὶ
3300 3910 3380 3978 τῷ
3475 3906 3809 3982 καταγνῶναι

2163 3992 2337 4050 ἄλλων
2387 3993 2701 4074 ψυχρύττιτα
2759 3995 2873 4071 περὶ
2929 3994 2995 4050 τὰ
3060 3996 3179 4050 θεῖα
3248 3995 3336 4050 καὶ
3382 3991 3656 4073 πρεδοσίαν
3702 3999 3808 4049 τῶν

2161 4082 2456 4163 ἡμετέρων,
2535 4085 2631 4142 Καὶ
2699 4083 2844 4139 ταῦτ’
2905 4084 3111 4140 ἐποίουν
3182 4083 3230 4138 οἱ
3308 4080 3499 4140 πολλοὶ
3580 4079 3663 4137 διὰ
3707 4084 3806 4149 τὴν

2160 4178 2257 4247 τῇς
2328 4173 2546 4251 ἀγάπης
2590 4170 2872 4251 ἀποψυξιν,
2934 4170 3350 4239 πληνθυνθείσης
3407 4176 3507 4239 τῆς
3563 4172 3800 4244 ἀνομίας,

2160 4261 2293 4316 κατᾶ
2346 4263 2407 4317 τὸ
2449 4261 2837 4339 γεγραμμένον.
2927 4251 3118 4335 Ἠμεϊς
3175 4259 3228 4316 δὲ
3290 4258 3455 4334 μηδὲν
3496 4260 3805 4341 φρονοῦντες

2926 4346 3256 4416 Ἐκκλησιῶν
3315 4351 3529 4428 εἰρήνην
3598 4352 3798 4428 εὔγνω-

2160 4438 2454 4514 μονέστατχ
2509 4439 2757 4514 ἤλθομεν.
2821 4440 2920 4498 Καὶ
2990 4436 3079 4494 ἵνα
3137 4440 3212 4514 μή
3268 4460 3373 4494 τισι
3416 4436 3608 4504 δόξειεν
3670 4437 3802 4495 ἆλο-

2158 4531 2347 4606 γίστως
2419 4531 2561 4605 ἡμᾶς
2618 4531 2705 4586 καὶ
2773 4526 3133 4592 ἀϐασανίστως
3204 4527 3288 4585 ἐπὶ
3359 4528 3457 4595 τὴν
3512 4528 3804 4596 ἐκκλησια-

2158 4617 2345 4683 στικὴν
2389 4619 2602 4696 εἰρήνην
2645 4616 2837 4686 ἐλθεῖν,
2899 4615 3064 4693 μηδὲν
3121 4638 3170 4672 τι
3230 4616 3799 4695 ἐπισυγκροτουμὲνονς

2160 4707 2264 4762 ἀπὸ
2322 4708 2570 4786 χρήσεων
2625 4707 2920 4789 γραφικῶν,
2994 4704 3164 4771 ἔδοξεν
3230 4705 3368 4780 ἡμῖν
3404 4752 3419 4779 ,
3478 4707 3544 4764 τὰ
3599 4707 3802 4787 σπορά-

2158 4793 2253 4862 δην
2322 4797 2600 4875 ἐγκείμενα
2671 4798 2804 4874 ῥητὰ
2844 4810 2965 4859 ταῖς
3021 4801 3124 4850 τῶν
3198 4796 3344 4874 αγίον
3412 4810 3672 4876 γραφατς,
3731 4798 3804 4860 εἷς

2157 4882 2388 4953 δήλωσιν
2416 4893 2508 4942 τοῦ
2581 4889 2717 4942 εἶναι
2761 4888 2823 4943 τὸ
2883 4892 3092 4960 Πνεῦμα
3123 4883 3184 4940 ἐκ
3241 4885 3444 4963 Πάτρὸς
3516 4887 3602 4941 καὶ
3660 4884 3800 4959 Υἱοῧ,

2157 4972 2284 5050 ὅπερ
2315 4981 2420 5030 τῶν
2451 4973 2667 5032 Ἰταλῶν
2721 4973 3005 5053 λεγόντων,
3065 4975 3126 5030 τὸ
3185 4972 3345 5047 μέσον
3405 4981 3513 5029 τῶν
3569 4972 3805 5041 Ἐκκλη-

2156 5068 2282 5117 duim
2341 5061 2628 5120 σκάνδαλον
2715 5062 2997 5142 ἁνεῤῥάγη,
3049 5063 3265 5118 ἐνταῦθα
3319 5063 3454 5119 κατὰ
3537 5064 3599 5118 τὸ
3667 5062 3805 5140 πρό·-

2155 5171 2301 5227 τερον
2326 5149 2470 5215 εἶδος
2522 5158 2612 5207 τοῦ
2662 5151 2821 5230 λόγου
2881 5150 3139 5229 ἐκθέσθαι,
3185 5152 3272 5206 καὶ
3328 5149 3487 5207 πάλιν
3542 5150 3677 5206 κατὰ
3746 5152 3806 5206 τὺ

2157 5235 2388 5317 δεύτερον
2418 5241 2509 5295 τὸν
2552 5239 2780 5320 ἔλεγχον
2836 5245 2941 5296 τῶν
3006 5239 3104 5314 μὲν
3146 5237 3379 5310 δικαίως,
3451 5237 3584 5314 μηδέ
3627 5237 3805 5303 καλῶς

2156 5328 2253 5392 τὴν
2337 5335 2443 5384 τῶν
2529 5328 2864 5395 Ἐκκλησιῶν
2944 5326 3454 5404 ἐπισυγκροτούντων
3513 5325 3804 5388 διάστασιν,

2157 5412 2305 5472 Ἐπεὶ
2347 5418 2444 5494 γὰρ
2498 5415 2598 5473 ἔδει
2656 5416 2943 5494 ἀπολογίαν
3000 5413 3318 5471 καταλιπεῖν
3373 5416 3542 5495 ἡμᾶς,
3594 5412 3676 5494 ἐφ’
3719 5429 3804 5479 οἶς

2154 5506 2291 5579 ἡμῖν
2359 5503 2497 5572 ἔδοξε
2552 5509 2613 5563 τὸ
2682 5519 2799 5571 τοϊς
2850 5502 3087 5568 πολλοῖς
3188 5500 3371 5559 δοκοῦν
3441 5502 3658 5583 ἄμαχον
3729 5506 3803 5568 εἰς

420 5585 631 5665 longus
661 5588 949 5671 temporis
1007 5598 1243 5662 tractus,
1278 5610 1446 5673 aeque
1485 5612 1557 5654 ac
1587 5592 1637 5653 si
1670 5609 1744 5653 ne
1776 5610 1896 5653 uno
1927 5594 2065 5671 qui-

2159 5592 2448 5672 ὶνατροπὴν
2514 5595 2704 5674 κράτος
2760 5602 2852 5653 τοῦ
2922 5592 3117 5672 χρόνου
3197 5590 3333 5647 οὕτω
3402 5590 3670 5670 παριδεῖν,
3729 5594 3804 5656 ὡς

420 5675 554 5737 dem
579 5677 677 5739 die
697 5677 1041 5739 discindens
1061 5679 1357 5744 Ecclesias
1376 5684 1636 5744 schisma
1657 5680 2058 5763 perdurasset,

2159 5683 2189 5737 εἰ
2267 5681 2530 5758 μηδεμίαν
2611 5684 2814 5763 ἡμέραν
2896 5685 2958 5738 τὸ
3043 5680 3200 5758 μέσον
3278 5685 3384 5735 τῶν
3471 5678 3803 5748 Ἐκκλησιῶν
