4142 6286
331 388 458 452 157

1432 392 1531 453 DE
1573 381 2082 452 PROCESSIONE
2126 379 2190 444 S.
2237 382 2612 446 SPIRITUS.

3595 379 3714 444 iss

328 520 522 598 γέγονε
592 517 825 600 σχίσμα,
909 521 1198 603 ἀπολογίαν
1285 523 1612 602 ἀποχρῶσαν
1702 519 1839 577 κατᾶ
1925 519 1988 575 τὸ

2080 516 2282 579 fortem
2339 525 2515 600 atque
2573 521 2872 594 invictam,
2925 525 2987 580 ut
3017 518 3250 600 opinor,
3284 515 3716 593 defensionem,

328 607 522 666 δοκοῦν
579 610 718 684 ἡμῖν
773 610 840 668 τὰ
893 613 1128 690 παρόντα
1201 609 1682 687 καταλελοίπαμεν,
1739 609 1838 676 τὴν
1890 606 1988 676 τῆς

333 691 650 774 Ῥωμαϊκῆς
739 697 1060 768 Ἐκκλησίας
1153 703 1366 782 εἰρήνην
1434 698 1986 780 πραγματευσάμενοι,

329 788 425 845 καὶ
479 793 588 844 τῶν
655 787 930 864 ήμετέρων
983 789 1114 846 ἐθῶν
1185 812 1242 847 τε
1283 791 1372 847 καὶ
1427 788 1622 855 τάξεων
1650 786 1988 864 ὰμεταποιή-

330 899 442 941 τως
501 878 574 942 εἰς
643 877 704 932 τὸ
759 876 1026 946 παντελὴς
1069 878 1402 960 ἐξεχόμενοι,
1434 881 1505 944 εἱς
1573 873 1725 942 δόξαν
1757 875 1984 954 Πατρὸς,

346 967 496 1039 Υἱοῦ,
551 967 642 1023 καὶ
711 965 862 1046 ἁγίου
905 959 1234 1050 Πνεύματος,
1292 973 1392 1034 τῆς
1423 965 1700 1042 ὁμοουσίου
1745 959 1984 1043 Τρίαδος.

333 1054 538 1131 Ἀμήν.

2071 623 2202 686 quae
2219 605 2318 668 hic
2337 609 2850 683 concinnavimus,
2903 605 3124 688 posteri
3145 625 3161 666 ς
3185 603 3560 687 reliquimus,
3591 603 3718 668 Bo-

2073 711 2306 756 manam
2336 693 2622 760 Ecclesia
2667 695 3046 759 concordiam
3077 699 3485 777 procurantes,
3517 700 3578 756 et
3605 711 3721 758 no-

2072 783 2211 845 stris
2261 785 2792 848 consuetudinibus
2851 791 2912 847 et
2940 783 3250 847 ordinibus
3271 783 3402 846 sine
3432 781 3554 845 ulla
3581 802 3718 845 mu-

2071 873 2294 934 tatione
2325 891 2395 935 ex
2427 881 2550 938 toto
2593 874 2988 948 adhaerentes,
3021 872 3082 934 in
3113 872 3358 952 gloriam
3389 871 3586 936 Patris
3615 872 3718 936 Fi-

2070 961 2134 1024 lii
2187 971 2246 1024 et
2299 962 2557 1043 Spiritus
2605 962 2816 1040 sancti,
2881 961 3404 1024 consubstantialis
3457 959 3716 1023 Triadis.

2071 1053 2287 1116 Amen.

1518 1372 1866 1503 ΤΟΥ
1962 1367 2547 1500 ΑΥΤΟΥ

1950 1621 2102 1672 ΠΕΡΙ

748 1806 962 1891 ΤΗΣ
1035 1807 1852 1894 ΕΚΠΟΡΕΥΣΕΩΣ
1923 1800 2148 1890 ΤΟΥ
2211 1802 2550 1888 ΑΓΙΟΥ
2617 1800 3304 1888 ΠΝΕΥΜΑΤΟΣ

1574 2204 2433 2354 EJUSDEM

708 2504 887 2612 DE
980 2503 1938 2617 PROCESSIONE

2055 2500 2689 2609 SPIRITUS
2777 2495 3320 2608 SANCTI.

1487 2729 1750 2804 (Graecus
1775 2723 2022 2792 Ortbod.
2061 2730 2180 2784 tom
2217 2725 2267 2806 Ι,
2301 2741 2360 2805 p.
2392 2721 2562 2806 225.)

974 3051 1222 3108 ΚΕΦΛΛ.
1271 3036 1356 3106 Λ’.

329 3155 470 3231 Πρὸς
523 3153 646 3217 τοὺς
723 3149 972 3230 λέγοντας
1057 3151 1428 3231 νενοθευμένην
1487 3155 1628 3210 εἶναι
1697 3153 1795 3220 τὴν
1852 3153 1994 3230 παρὰ

415 3237 496 3308 τῷ
575 3231 722 3310 λόγῳ
817 3239 910 3288 τοῦ
1005 3230 1244 3312 μεγάλου
1309 3232 1584 3291 Βασιλείου
1680 3233 1990 3312 εὕρισκομέ-

415 3335 514 3380 νην
594 3313 778 3390 ῥῆσιν,
865 3312 991 3392 τὴν,
1051 3309 1334 3392 λέγουσαν,
1428 3337 1455 3369 α
1489 3315 1631 3392 παρὰ
1709 3309 1804 3371 τόῦ
1875 3315 1994 3372 Υἱοῦ

418 3393 562 3450 εἶναι
605 3393 666 3448 τὸ
709 3397 922 3466 Πνεῦμα
951 3391 1012 3450 τὸ
1042 3391 1218 3470 ἅγιον.
1254 3417 1282 3448 ιι

415 3489 501 3558 Λ’.
537 3501 640 3558 Καὶ
667 3499 782 3555 ἐπεὶ
835 3499 936 3576 πρό
965 3503 1072 3554 τῶν
1103 3496 1279 3556 ἂλλῶν
1323 3503 1418 3558 οὐκ
1459 3499 1614 3578 ὀλίγη
1645 3522 1726 3565 τις
1757 3500 1984 3578 ἀνέκυψε

332 3588 562 3658 ζήτησις
606 3589 724 3668 περὶ
775 3591 872 3654 τῆς
927 3585 1152 3663 ῥῆσεως,
1185 3587 1251 3654 ἦν
1295 3591 1322 3644 ὁ
1353 3587 1522 3666 μέγας
1579 3587 1848 3652 Βασίλειος
1933 3589 1984 3646 ἐν

227 3691 233 3697 ”
332 3683 414 3752 τῷ
478 3677 639 3756 τρίτῳ
691 3679 795 3732 τῶν
850 3673 967 3732 κατ’
1053 3677 1310 3751 Εὖνομίου
1353 3675 1527 3755 λόγων
1555 3675 1816 3756 θεολογῶν
1873 3681 1990 3759 περὶ

335 3772 432 3824 τοῦ
464 3767 770 3840 Πνεύματος
815 3763 1025 3844 εἴρηκε,
1079 3764 1200 3846 φέρε
1270 3763 1334 3833 δὴ
1377 3767 1465 3823 καὶ
1525 3769 1625 3845 πρὸ
1666 3769 1773 3825 τὼν
1815 3767 1989 3825 ἄλλων

333 3853 639 3920 ἐξεταστέον
692 3853 757 3910 τὰ
812 3855 932 3932 περὶ
980 3854 1168 3920 αὖτῆς.
1229 3851 1318 3911 Ἐν
1365 3861 1442 3929 τῷ
1484 3853 1628 3932 λόγῳ
1669 3857 1860 3937 τούτῳ,
1903 3861 1990 3916 καὶ

334 3942 543 4020 μᾶλλον
593 3945 647 4000 ὲν
705 3943 800 3998 αὐτ
813 3955 892 4005 αῖς
951 3949 1045 4008 τοῦ
1109 3941 1272 4022 λόγου
1304 3952 1448 4008 ζταϊς
1479 3942 1747 4009 εἰσϐολαῖς
1780 3945 1993 4025 εὕρηται

333 4031 511 4110 λέγων
553 4031 583 4088 ὁ
629 4030 783 4108 ἅγιος
835 4051 849 4066 ο
917 4053 944 4084 α
1007 4031 1096 4094 Τίς
1147 4033 1248 4110 γὰρ
1277 4033 1508 4110 ἀνάγκη,
1541 4035 1586 4090 εἰ
1628 4041 1706 4108 τῷ
1733 4033 1992 4108 ἀξιώματι

332 4122 424 4178 καὶ
477 4125 548 4196 τῇ
592 4119 734 4186 τάξει
777 4120 950 4197 τρίτον
978 4120 1206 4200 ὑπάρχει
1247 4123 1310 4177 τὸ
1353 4129 1588 4202 Πνεῦμα,
1634 4123 1804 4203 τρίτον
1848 4125 1992 4180 εἶναι

337 4211 466 4267 αὐτὸ
549 4210 639 4266 καὶ
721 4213 790 4284 τῇ
871 4209 1064 4288 φύσεις
1135 4207 1393 4284 ἀξιώματι
1476 4211 1576 4286 μὲν
1629 4213 1729 4292 γὰρ
1812 4210 1990 4270 δευτε-

337 4299 507 4376 ρεύειν
567 4305 662 4354 τοῦ
730 4296 876 4367 Υἱοῦ,
960 4299 1090 4376 παρ’
1168 4302 1325 4357 αὐτοῦ
1393 4300 1456 4355 τὸ
1509 4300 1652 4356 εἶναι
1707 4298 1860 4380 ἔχον,
1905 4303 1994 4358 καὶ

336 4383 464 4467 παρ’
523 4389 681 4445 αὐτοῦ
736 4382 1032 4462 λαμϐάνον,
1099 4389 1186 4443 καὶ
1267 4386 1591 4466 ἀναγγέλλον
1659 4391 1820 4464 ἡμῖν,
1907 4392 1994 4447 καὶ

339 4475 482 4541 ὅλως
551 4475 781 4548 ἐκείνης,
865 4479 963 4538 τῆς
1047 4475 1214 4533 αἰτίας
1291 4475 1610 4552 ἐξημμένον,
1699 4477 1992 4558 παραδίδω-

340 4585 423 4620 σιν
493 4565 522 4620 ὁ
562 4569 663 4632 τῆς
735 4560 998 4627 εὐσεϐείας
1065 4561 1222 4642 λόγος
1257 4579 1272 4594 ’
1319 4564 1466 4643 φύσει
1515 4564 1570 4621 δὲ
1623 4570 1770 4646 τρίτῃ
1841 4572 1987 4647 χρῆ-

339 4656 456 4710 σθαι
538 4653 657 4710 οὔτε
738 4653 882 4732 παρὰ
961 4657 1067 4708 τῶν
1110 4652 1272 4731 ἁγίων
1343 4659 1564 4735 Γρανρῶν
1621 4653 1987 4734 δεδιδάγμεθκ,

341 4740 459 4799 οὔτε
514 4741 573 4798 ἐκ
626 4746 732 4798 τῶν
784 4740 1077 4820 εἰρημένων
1132 4741 1266 4797 κατὰ
1323 4744 1380 4798 τὸ
1439 4742 1720 4801 ἀκόλουθον
1775 4744 1991 4802 δυνατὸν

339 4829 766 4909 συλλογίσασθαι,
845 4821 936 4894 Ὠς
1004 4831 1102 4910 γὰρ
1153 4832 1182 4886 ὁ
1251 4831 1368 4894 Υἱός
1411 4829 1551 4897 τέξει
1599 4833 1696 4907 μὲν
1753 4831 1990 4914 δεύτερος

337 4925 431 4976 τοῦ
460 4921 685 4997 Πατρὸς.
723 4917 806 4976 ὅτι
835 4915 928 4975 ἄπ’
960 4917 1182 4993 ἐκείνου,
1231 4921 1319 4976 καὶ
1374 4917 1654 5000 ἀξιώματι,
1711 4920 1792 4978 ὅτι
1845 4923 1992 5003 ἀρχὴ

336 5009 428 5064 καὶ
472 5009 614 5064 αἰτία
666 5014 745 5082 τῷ
801 5008 943 5064 εἶναι
986 5007 1142 5065 αὐτοῦ
1186 5007 1414 5088 Πατέρα,
1469 5011 1556 5064 καὶ
1608 5009 1688 5067 ὅτι
1739 5009 1806 5067 δι’
1838 5013 1996 5069 αὐτοῦ

335 5098 371 5165 ἡ
447 5093 730 5176 πρόσοδος,
788 5097 877 5152 καὶ
953 5085 1280 5175 προσαγωγῆ
1329 5085 1484 5176 πρὸς
1541 5101 1633 5155 τὸν
1699 5101 1830 5156 Θεὸν
1905 5101 1994 5157 καὶ

339 5185 569 5264 Πατέρα,
617 5185 767 5264 φύσει
798 5183 853 5240 δὲ
907 5185 1082 5242 οὐκέτι
1117 5182 1380 5266 δεύτερος,
1427 5183 1558 5244 διότι
1601 5189 1636 5256 ἡ
1679 5190 1868 5257 θεότης
1939 5190 1992 5244 ὲν

340 5273 574 5352 ἐκατέρῳ
602 5273 716 5346 μία’
765 5271 904 5330 οὕτω
958 5271 1202 5341 δηλονότι
1237 5275 1326 5332 καὶ
1367 5275 1428 5330 τὸ
1471 5282 1684 5352 Πνεῦμα
1725 5279 1786 5334 τὸ
1814 5277 1987 5358 ἅγιον,

338 5365 383 5420 εἱ
411 5364 501 5419 καὶ
541 5359 841 5428 ὖποϐἑϐηκε
883 5363 972 5418 τὸν
1025 5365 1143 5420 Υἱον
1201 5367 1268 5439 τῇ
1326 5361 1468 5429 τάξει
1495 5367 1582 5422 καὶ
1611 5369 1688 5441 τῷ
1715 5364 1993 5442 ἀξιώματι,

337 5451 513 5511 οὐκέτ’
569 5451 634 5507 ἂν
693 5451 910 5514 εἰκότως
981 5453 1052 5514 ὡς
1116 5450 1396 5531 ἀλλοτρίας
1465 5455 1708 5536 ὑπάρχον
1765 5456 1993 5536 φύσεως,

337 5539 648 5597 ἀκολουθεῖν
708 5539 980 5616 εἴποιμεν.
1018 5559 1048 5597 )
1107 5539 1248 5606 Αῧτη
1335 5541 1433 5616 μὲν
1499 5544 1534 5610 ἡ
1619 5550 1710 5600 τοῦ
1761 5543 1996 5623 μεγάλου

341 5627 614 5686 Βασιλείου
669 5629 790 5705 περὶ
857 5635 950 5684 τοῦ
1021 5629 1172 5708 ἁγίου
1229 5629 1534 5705 Πνεῦματος
1606 5633 1783 5711 ῥῆσις.
1872 5631 1994 5692 Ἐπὶ

341 5715 397 5774 δὲ
451 5719 620 5794 ταύτῃ
693 5713 810 5774 δέον
859 5716 918 5773 ὂν
968 5719 1091 5783 τοὺς
1147 5723 1247 5786 τῆς
1335 5719 1600 5798 ἡμετέρας
1664 5721 1992 5790 Ἐκκλησίας

342 5807 622 5888 τροφίμους
675 5804 1094 5886 ὰγαλλιασθὴναι
1139 5809 1227 5865 καὶ
1292 5811 1657 5888 εὐφρανθῆναι,
1709 5814 1782 5876 ὡς
1827 5814 1989 5892 εὕρη-

2726 3038 2967 3104 CAPUT
3013 3041 3059 3104 Ι.

2075 3152 2383 3215 Adversus
2439 3167 2560 3226 eos,
2619 3149 2724 3228 qui
2796 3153 3112 3228 asserunt,
3128 3146 3336 3225 magni
3373 3138 3718 3228 Bgsitiidi-

2154 3195 2896 3312 εῑίιῖιΐσῳῖὅῖίβῖνηαίιιν,
2925 3243 3038 3286 «ea:
3053 3195 3222 3312 ἳϊὶἱο
3233 3195 3380 3312 Esse
3415 3221 3717 3312 Spiritum

2154 3302 2458 3390 sanctuin,
2520 3302 2652 3372 {et
2703 3307 3008 3386 repetitur
3073 3308 3140 3368 in
3197 3304 3368 3366 illius
3419 3302 3718 3375 oratione,

2155 3391 2570 3454 adulteratam
2589 3406 2732 3452 esse.

2151 3501 2222 3562 Et
2249 3516 2386 3558 cum
2435 3503 2572 3558 ante
2601 3493 2717 3556 alia
2745 3493 2808 3554 in
2861 3509 3134 3572 magnam
3169 3488 3628 3572 disputationem
3651 3503 3721 3548 ac

2069 3586 2535 3650 controversiam
2558 3591 2802 3646 vocetur
2827 3581 3074 3654 dictum,
3109 3585 3264 3662 quod
3289 3595 3537 3660 magnus
3556 3575 3722 3640 Basi-

2071 3678 2183 3740 lius
2213 3676 2382 3738 tertia
2403 3676 2687 3738 adversus
2704 3670 3064 3736 Eunomium
3083 3669 3372 3742 oratione.
3388 3671 3464 3732 de
3491 3665 3718 3746 Spiritu

2073 3773 2444 3848 pertractans
2465 3761 2853 3840 asseruit,agc
2884 3779 3042 3822 nunc
3066 3769 3206 3848 ante
3233 3755 3517 3838 alia,quid
3549 3755 3627 3817 de
3649 3772 3720 3816 eo

2073 3844 2449 3918 sentiendum
2479 3850 3031 3932 sit,;expendamus.
3064 3847 3128 3910 In
3147 3849 3258 3910 hac
3277 3847 3565 3922 oratione,
3600 3844 3720 3905 imo

2072 3945 2132 4006 in
2158 3945 2287 4026 ipso
2305 3943 2462 4005 illius
2509 3943 2781 4022 ingressu
2811 3941 2938 4002 ilth
2969 3946 3212 4001 sanctus
3241 3953 3518 4000 exarasse
3549 3951 3720 3996 com-

2075 4025 2302 4115 peritur
2335 4054 2348 4091 :
2377 4030 2550 4105 «Quae
2573 4029 2730 4091 enim
2757 4027 3105 4100 necessitas,
3132 4027 3182 4089 si
3207 4027 3490 4106 dignitate
3523 4025 3576 4086 ei
3617 4041 3720 4085 or-

2073 4123 2214 4184 dine
2243 4121 2451 4183 tertius
2502 4128 2591 4182 est
2643 4117 2916 4200 Spiritus,
2981 4117 3222 4179 tertium
3276 4117 3443 4178 illum
3497 4133 3630 4180 esse
3661 4122 3722 4174 et

2075 4220 2282 4273 natura
2304 4219 2332 4274 ‘2
2357 4226 2612 4290 namque
2641 4207 2927 4288 dignitate
2960 4206 3346 4288 posteriorem
3379 4224 3514 4268 esse
3545 4201 3720 4277 Filio,

2075 4309 2352 4382 tanquam
2396 4298 2494 4380 qui
2524 4297 2597 4360 ab
2619 4295 2884 4377 eo,quod
2902 4295 3000 4367 sit,
3039 4294 3239 4364 habet,
3274 4294 3426 4382 etab
3459 4311 3530 4354 eo
3559 4290 3724 4382 acci-

2075 4380 2250 4470 pit,et
2279 4388 2452 4449 nobis
2481 4384 2812 4456 annuntiat,
2841 4391 2900 4445 et
2931 4401 3172 4464 prorsus
3199 4381 3286 4443 illi
3317 4399 3511 4444 causa;
3533 4380 3728 4470 adhae-

2071 4467 2370 4560 ret,nobis
2393 4474 2627 4557 pietatis
2659 4491 2856 4535 sermo
2887 4473 3068 4535 tradit
3101 4479 3356 4560 rnatura
3384 4487 3522 4532 vero
3555 4467 3728 4530 tertia

2075 4567 2183 4642 uti,
2219 4583 2464 4646 nequea
2486 4561 2702 4624 divinis
2723 4559 3045 4640 Scripturis
3073 4559 3266 4622 edocti
3298 4573 3729 4636 sumus,neque

2073 4675 2142 4718 ex
2175 4657 2297 4734 jam
2327 4654 2504 4715 dictts
2561 4657 2998 4731 consequenter
3029 4647 3228 4728 colligi
3255 4656 3466 4727 potest.
3500 4648 3727 4720 Quem-

2073 4744 2390 4806 admodum
2435 4740 2594 4802 enim
2645 4738 2833 4800 Ἐιιὶυε
2865 4737 3074 4799 ordine
3099 4737 3337 4817 quidem
3371 4755 3407 4798 a
3441 4741 3607 4796 Patre
3636 4751 3728 4796 se-

2074 4833 2306 4896 cundus
2337 4838 2448 4902 est,
2479 4828 2762 4910 quoniam
2795 4825 2871 4889 ab
2903 4825 3003 4886 illo
3037 4836 3146 4896 est,
3183 4835 3238 4886 et
3274 4825 3730 4904 dignitate,quo-

2076 4923 2232 4984 niam
2265 4919 2431 5000 origo
2451 4926 2628 4998 atque
2677 4933 2876 4988 causa,
2911 4915 3069 4994 quod
3095 4914 3198 4974 ille
3225 4913 3504 4993 sit,Peter
3527 4927 3639 4992 εει,
3673 4919 3732 4974 et

2075 5012 2231 5093 quod
2265 5028 2371 5092 per
2400 5009 2590 5089 ipsum
2617 5023 2892 5068 accessus
2925 5015 2984 5065 et
3013 5003 3294 5093 adducaio
3319 5003 3390 5064 ad
3418 5001 3604 5065 Deum
3625 5003 3732 5064 Pa-

2076 5090 2224 5162 trem
2261 5090 2281 5161 ξ
2311 5108 2520 5160 natura
2549 5113 2688 5158 vero
2719 5094 2884 5156 nullo
2919 5092 3092 5153 modo
3123 5093 3445 5172 secundus,
3481 5090 3635 5172 quod
3671 5091 3732 5152 in

2075 5198 2328 5269 utroque
2375 5205 2495 5249 una
2552 5183 2753 5247 Deitas
2815 5191 2925 5244 est.
2973 5179 3058 5242 Ita
3087 5181 3360 5244 videlicet
3393 5188 3450 5244 et
3476 5180 3734 5261 Spiritus

2073 5285 2335 5358 sanctus,
2391 5275 2502 5336 etsi
2541 5272 2830 5352 dignitate
2861 5279 2921 5331 et
2951 5269 3164 5331 ordine
3193 5270 3493 5332 secundus
3522 5288 3556 5331 a
3583 5269 3733 5332 Filio

2085 5373 2199 5442 est,
2232 5357 2351 5427 nun
2384 5373 2581 5426 tamen
2635 5359 3042 5422 verisimiliter
3090 5357 3300 5421 alienae
3349 5376 3479 5420 esso
3510 5368 3738 5422 natura:

2080 5456 2222 5518 inde
2253 5451 2534 5534 consequi
2561 5449 2910 5512 dixerimus.
2937 5477 2960 5507 η
2985 5447 3058 5510 Et
3086 5449 3198 5510 hoc
3222 5456 3310 5510 est
3348 5449 3548 5528 magni
3569 5449 3736 5511 Basi-

2079 5544 2144 5606 lii
2173 5544 2248 5607 de
2281 5543 2504 5622 Spiritu
2535 5547 2738 5602 sancto
2790 5538 3036 5618 dictum,
3065 5555 3170 5618 pro
3201 5555 3318 5618 quo
3351 5556 3485 5599 cum
3518 5547 3736 5600 nostra:

2075 5633 2357 5696 Ecclesiae
2373 5631 2630 5695 alumnis
2651 5627 3443 5709 gaudendum,maximaque
3464 5627 3732 5691 delecta-

2075 5723 2240 5785 tione
2271 5723 2589 5786 laataudum
2647 5723 2828 5794 esset,
2878 5715 3035 5797 quod
3070 5715 3431 5797 praecipuum
3464 5715 3526 5776 in
3552 5715 3737 5779 rebus

2073 5812 2426 5893 theologicis
2449 5804 2883 5892 pertractandis
2913 5804 3194 5868 Basilium
3227 5803 3581 5884 repeterint,
3614 5804 3736 5865 vel-
