4220 6292
338 376 435 441 18‘]

1424 376 1523 447 DE
1569 375 2077 447 PROCESSIONE
2127 378 2189 441 S.
2236 380 2608 449 SPIRITst

3586 382 3705 448 162

329 531 375 564 τι
431 523 557 571 ταῖς
602 509 803 586 βίϐλοις
853 513 1035 586 ἡμῶν,
1085 525 1203 575 τοῖς
1231 510 1509 574 ἀντιδίκοις
1539 512 1639 578 τὴν
1666 509 1781 567 καθ’
1810 514 1964 586 ἡμῶν

2065 511 2345 578 ιίιῐιὶοῑιίω
2369 519 2745 592 exercentur,
2791 524 3131 582 nostrorum
3167 519 3450 585 librorum
3481 523 3700 583 exscri-

330 598 481 675 ἰσχὺν
556 600 977 679 παρεχόμενονς
1049 602 1105 657 Εἰ
1162 598 1217 657 δὲ
1285 602 1387 679 πρὸ
1459 605 1557 666 τῆς
1628 596 1971 673 διαστάσεως,

325 686 436 741 τίνα
494 685 560 743 ἂν
614 685 735 765 ἔχοι
780 687 939 767 λόγον
979 690 1074 755 τὰς
1116 685 1325 766 βίϐλους
1376 690 1665 746 νοθεύεσθαι
1706 686 1791 744 ἔπ’
1835 687 1976 744 ἑκεί-

330 796 433 839 νοις
492 788 613 839 τοῖς
658 775 839 854 λόγοις
884 779 971 835 καὶ
1018 776 1272 859 δόγμασι,
1316 779 1433 856 περὶ
1475 780 1549 832 ὧν
1593 775 1738 835 οὖδὲν
1763 777 1977 853 ζήτημα

327 867 414 944 ἦν,
470 863 542 920 δι’
606 866 802 922 ὁποῖόν
851 888 901 923 τι
945 865 1086 923 ἔστιν
1143 864 1231 923 ὅτε
1260 867 1347 922 καὶ
1403 866 1786 945 παρα-γέρονταί
1839 886 1977 931 τινες

329 954 453 1029 πρὸς
511 956 834 1033 κακουργίαν
902 953 1100 1014 τοιάνδε
1144 975 1160 1036 ;
1208 955 1338 1014 Οὔτε
1382 963 1506 1034 γοῦν
1550 957 1577 1010 6
1634 960 1731 1022 τῆς
1790 955 1977 1035 μάχης

328 1047 544 1126 χρόνος.
591 1046 710 1104 οὔτε
765 1048 800 1104 δ’
836 1053 934 1115 τῆς
987 1049 1201 1128 εἶρῆνης
1246 1062 1524 1129 συγχωρεῖ
1564 1047 1973 1126 παραδέξασθαι,

326 1137 415 1198 τὰς
456 1136 562 1203 τὴν
607 1137 758 1214 ῥῆσιν
800 1136 1026 1217 ἐχούσας
1080 1135 1289 1214 βίϐλους
1346 1139 1645 1205 νοθευθῆναι
1690 1140 1760 1203 εἷς
1808 1160 1975 1216 προσ-

325 1225 493 1292 θήκην
541 1225 968 1305 παρέγγραπτον,
1029 1228 1124 1291 τὰς
1167 1223 1223 1282 δὲ
1280 1226 1357 1301 μὴ
1412 1225 1641 1306 ἐχούσας
1696 1227 1784 1283 καὶ
1835 1225 1977 1302 μάλα

326 1308 541 1388 βεϐείως
625 1316 653 1371 6
750 1316 961 1378 συνετὸς
1053 1312 1397 1392 διαγνώσεται
1484 1317 1545 1370 τὸ
1614 1314 1976 1390 νενοθευμένον

327 1401 471 1481 ἔχειν
515 1405 604 1459 καὶ
663 1400 932 1471 κίϐδηλον.
1009 1403 1159 1460 Ἐπεὶ
1214 1404 1313 1482 γὰρ
1387 1405 1415 1459 6
1472 1408 1571 1470 τῆς
1653 1402 1974 1467 διαστάσεως

325 1492 517 1570 χρόνος
578 1494 652 1557 εἷς
711 1491 1059 1557 ἑκατοντάδας
1117 1491 1245 1555 ὅλας
1326 1492 1459 1548 ἐτῶν
1523 1492 1827 1573 ἐξηπλώθη,
1886 1496 1975 1551 καὶ

326 1584 415 1639 οὒκ
470 1579 643 1658 ὀλίγοι
707 1580 1039 1659 ἀνεφάνησαν
1103 1578 1186 1636 διὰ
1268 1580 1432 1655 μέσου
1476 1579 1792 1644 ἐνστατικῶς
1861 1581 1973 1637 πά-

326 1692 381 1725 νυ
448 1671 587 1749 πρὸς
656 1668 882 1747 λογικὰς
969 1667 1220 1734 διαλέξεις
1311 1670 1446 1725 κατὰ
1524 1670 1627 1725 τῶν
1700 1668 1977 1744 Ῥωμαίων

326 1758 739 1835 ἀποδυσάμενοι,
837 1766 944 1815 τῶν
1028 1758 1172 1833 μάλα
1244 1758 1461 1815 εἰκότων
1529 1758 1797 1839 λογιεῖται
1869 1781 1971 1831 τις,

324 1855 481 1904 τινῶν
540 1845 733 1926 βίϐλων
792 1846 1138 1929 διαγραφῆναι
1195 1849 1347 1925 ῥῆσιν
1399 1848 1628 1928 εκείνην,
1662 1848 1713 1914 ἐξ
1764 1851 1827 1915 ἧς
1885 1853 1979 1907 οὒκ

323 1937 553 2016 ἀγεννὴς
638 1941 665 1994 6
716 1936 941 2017 ἔλεγχος
999 1937 1334 2017 ἀναφαίνεται
1390 1939 1497 1993 τῶν
1567 1939 1663 2005 τὴν
1708 1937 1977 1995 διάστασιν

323 2028 427 2083 τῶν
472 2025 813 2093 Ἐκκλησιῶν
883 2023 1299 2082 ἐπισπευδόντων
1369 2026 1548 2105 ὥσπερ
1612 2029 1700 2083 καὶ
1753 2026 1973 2106 ἐπισυγ-

323 2117 680 2193 κροτοόντων.
769 2117 866 2171 Διὰ
934 2123 1057 2191 γοῦν
1125 2122 1284 2173 τοῦτα
1339 2118 1367 2172 6
1434 2130 1558 2180 ταῖς
1615 2114 1813 2193 βιϐλοίς
1876 2122 1975 2181 τὴν

324 2206 665 2285 παραφθορὰν
738 2204 1158 2284 ἐπιγραφόμενος
1248 2203 1406 2283 λόγος
1467 2219 1588 2271 ταῖς
1659 2206 1758 2270 τὴν
1825 2204 1973 2283 ῥῆσιν

324 2294 607 2375 ἐχούσαις,
691 2307 900 2357 κοιναῖς
994 2292 1241 2373 ἄντικρυς
1340 2293 1557 2357 ἐννοίαις
1663 2294 1974 2374 μαχόμενος

323 2383 588 2460 ραίνεται,
647 2383 720 2444 ὡς
774 2383 802 2437 6
845 2382 936 2437 τὸν
993 2379 1145 2448 ἥλιον
1181 2377 1606 2438 διαϐεϐαιοῦσθαι
1648 2382 1973 2460 πειρώμενος

324 2471 551 2532 σκότους
610 2470 753 2527 εἶναι
806 2472 1107 2549 ποιητικὸν,
1164 2470 1231 2526 τὰ
1283 2471 1412 2549 ὑπὲρ
1470 2476 1572 2547 γῆν
1614 2468 1973 2549 διιππεύοντα,

322 2564 410 2617 καὶ
480 2560 721 2640 πληροῦν
803 2559 964 2617 πάλιν
1039 2562 1213 2640 φωτὸς
1285 2562 1350 2617 τὰ
1379 2564 1632 2641 ἡμέτερα,
1672 2562 1725 2617 ἐν
1768 2567 1844 2635 τῷ
1885 2564 1975 2618 τὸν

324 2648 535 2707 δυτικὸν
591 2650 906 2730 ὑποτρέχειν
960 2651 1213 2729 ὁρίζοντα.
1280 2652 1380 2708 Καὶ
1438 2653 1481 2707 εί
1520 2659 1696 2730 τοῦτο,
1742 2673 1974 2707 συναπο-

325 2736 599 2819 δεδεῒχθαι
655 2737 804 2795 δοκεῖ
847 2761 936 2814 μοι
1007 2739 1094 2795 καὶ
1148 2741 1209 2794 :6
1262 2740 1384 2802 τοὺς
1433 2737 1805 2818 ἆντιλέγυντας
1850 2740 1975 2797 ταῖς

325 2830 593 2892 τοιαύταις
649 2826 849 2904 βίϐλοις
918 2834 996 2902 τῷ
1052 2826 1271 2905 μεγάλῳ
1354 2826 1614 2901 Βασιλειῳ
1660 2826 1973 2904 ἀντιλέγειν.

330 2906 497 2974 ’Ἐστι
556 2918 653 2992 μὲν
715 2919 801 2972 οὖν
893 2915 1117 2990 μηδενὸς
1173 2915 1335 2972 ἄλλου
1381 2914 1649 2996 προσδεῖν,
1707 2916 1844 2973 ἀλλὰ
1909 2923 1977 2991 τῇ

328 3007 576 3083 γεγονυῖα
614 3003 719 3073 ἤδη
780 3002 1037 3070 ἀποδείξει
1091 3004 1387 3084 ἀρκεῖσθαι,
1454 3003 1539 3060 ἐπὶ
1595 3010 1671 3063 τῶ
1725 3001 1977 3081 διαγινώ-

2062 610 2261 678 plores
2319 608 2616 688 omisisse,
2670 618 2768 671 aut
2808 609 3155 690 apposuisse
3203 608 3425 690 aliquid
3485 609 3703 670 nostris

2060 692 2637 776 volttminibus,qu0d
2673 696 2852 760 robur
2878 698 3232 760 adversariis
3252 699 3471 760 nostris
3485 699 3701 759 adver-

2061 797 2190 840 sum
2245 801 2353 843 nos
2409 784 2801 847 conciliaret?
2878 786 2938 848 Si
2988 795 3125 847 ante
3181 785 3519 859 dissidium,
3572 804 3703 866 quae

2061 886 2237 932 causa
2266 870 2461 943 fuerit.
2500 873 2685 934 libros
2713 874 3090 935 adulterandi
3141 875 3202 935 in
3234 894 3283 935 ει
3300 873 3609 936 rmonibus
3630 874 3704 935 iis

2060 965 2234 1037 atque
2258 961 2649 1040 dogmatibus,
2707 963 2783 1024 de
2824 963 3038 1043 quibus
3065 963 3225 1025 nulla
3257 963 3502 1045 quaestio
3552 971 3704 1024 mota

2062 1056 2209 1121 erat,
2236 1060 2482 1129 propter
2509 1070 2682 1131 quam
2739 1051 3058 1133 aliquando
3088 1053 3158 1112 ad
3191 1051 3386 1113 simila
3417 1051 3706 1114 maleﬁcia

2064 1153 2177 1196 non
2213 1156 2385 1199 nemo
2418 1138 2720 1218 adigitur?
2755 1142 2955 1221 Neque
2990 1142 3185 1220 itaque
3207 1158 3418 1220 pugnae
3446 1149 3702 1221 tempus,

2064 1242 2252 1306 neque
2306 1227 2467 1306 pacis
2523 1228 2829 1307 permittit,
2894 1236 2953 1289 ut
3001 1228 3380 1289 admittamus
3411 1229 3707 1290 vofumiua

2058 1312 2278 1375 dictum
2341 1315 2705 1377 continentia
2756 1316 3058 1377 additione
3106 1318 3325 1377 inserta
3380 1316 3706 1380 adulterata

2058 1400 2327 1483 fuisse,at
2352 1404 2470 1477 illa,
2507 1423 2638 1486 quae
2674 1425 2789 1466 non
2824 1405 3133 1467 continent
3167 1405 3428 1485 prudens
3454 1405 3708 1487 quilibet

2059 1498 2116 1550 et
2171 1510 2344 1571 quam
2406 1492 2737 1554 certissime
2792 1492 3058 1574 spurium
3118 1493 3176 1555 in
3228 1511 3293 1554 se
3352 1492 3601 1569 habere,
3648 1503 3708 1555 et

2058 1580 2404 1642 ementitum
2438 1590 2736 1660 agnoscet.
2770 1582 3007 1645 Etenim
3038 1601 3171 1643 cum
3223 1581 3454 1643 dissidii
3476 1591 3706 1663 tempus

2059 1666 2130 1726 ad
2181 1686 2471 1729 annorum
2531 1681 2812 1732 centenas
2857 1670 3133 1751 periodos
3189 1689 3409 1751 easque
3446 1670 3707 1751 integras

2000 1798 2038 1847 Β
2061 1763 2365 1817 extensum
2400 1759 2624 1834 fuisset,
2662 1758 2969 1820 etiutcrim
2999 1779 3113 1820 nou
3138 1761 3307 1839 pauci
3337 1762 3707 1823 contentiose

2061 1845 2313 1905 adtuotlu
2326 1865 2377 1905 m
2394 1847 3232 1929 dialecticisdisputationibus
3249 1851 3549 1910 Romanos
3569 1850 3710 1912 ado-

2057 1932 2341 2007 rirentur,
2388 1936 2895 1999 vensimillimum
2926 1936 3217 2018 quispiam
3264 1938 3702 2014 existimaverit,

2059 2021 2278 2082 dictum
2336 2024 2478 2085 illud
2539 2024 2832 2106 aliquibus
2906 2024 3306 2086 voluminibus
3362 2025 3704 2106 ademptum

2060 2110 2261 2188 fuisse,
2298 2132 2412 2193 quo
2444 2114 2633 2175 valida
2664 2115 2803 2175 satis
2835 2114 3107 2176 refutatio
3138 2133 3343 2175 eorum
3383 2116 3703 2190 enascitur,

2059 2201 2158 2280 qui
2190 2201 2591 2263 Ecclesiarum
2622 2203 2940 2265 dissidium
2986 2202 3250 2265 studiose
3281 2213 3622 2285 procurant,
3654 2210 3707 2267 el

2056 2289 2437 2352 constabilire
2461 2303 2751 2353 conantur
2789 2290 3160 2373 QuaprOpter
3187 2293 3286 2372 qui
3307 2294 3703 2356 voluminibus

2057 2378 2277 2439 dictum
2310 2382 2710 2443 referentibus
2742 2386 3181 2461 corruptionem
3213 2381 3454 2443 ascribit
3480 2401 3699 2455 sermo,

2061 2469 2246 2545 palam
2279 2478 2594 2549 aperteque
2627 2469 3042 2531 communibus
3066 2469 3409 2532 notionibus
3438 2469 3706 2531 adversa—

2059 2563 2178 2631 tur,
2235 2558 2735 2635 quemadmodum
2788 2558 2887 2637 qui
2938 2559 3125 2620 solem
3161 2557 3541 2619 tenebrarum
3576 2576 3706 2620 esse

2060 2655 2360 2707 auctorem
2416 2648 2769 2708 conﬁrmare
2819 2647 3047 2723 nititur,
3083 2667 3216 2709 cum
3264 2666 3442 2728 super
3470 2654 3708 2711 terrena

2062 2734 2300 2812 equitat.
2356 2745 2413 2794 et
2470 2747 2676 2796 nostra
2726 2736 2930 2798 istluec
2961 2737 3160 2799 omnia
3192 2737 3416 2798 lumine
3446 2737 3704 2818 replere,

2061 2839 2196 2882 cum
2229 2823 2541 2883 occiduum
2595 2825 2898 2886 ﬁnientem
2952 2826 3131 2889 subit.
3190 2825 3374 2907 quue
3404 2827 3453 2887 si
3486 2828 3562 2888 ita
3593 2835 3702 2901 est,

2063 2910 2239 2971 simul
2271 2911 2740 2974 demonstratum
2783 2934 3020 2996 quoque
3052 2915 3301 2989 videtur,
3337 2917 3508 2977 dictis
3540 2917 3704 2978 volu-

2068 2999 2326 3061 minibus
2348 3003 3069 3082 contr.«dicentes,tnagno
3098 3004 3305 3065 itidem
3334 3004 3550 3066 Basilio
3569 3024 3708 3067 con-

330 3115 475 3150 σκειν
520 3101 615 3149 :06
668 3092 904 3172 μεγάλου
946 3092 1217 3151 Βασιλείου
1273 3093 1414 3149 εἶναι
1483 3093 1581 3160 τὴν
1636 3093 1811 3173 ῥῆσιν,
1883 3091 1978 3147 καί

2069 3089 2382 3188 tradicere.
2445 3094 2653 3172 Neque
2694 3091 2808 3188 alia
2841 3093 2996 3188 _ulla_
3034 3111 3187 3188 opus
3225 3091 3560 3188 l_'uerit,_s_ed
3581 3093 3707 3174 jam

333 3185 455 3264 οὐχὶ
482 3183 634 3240 νόθον
666 3206 715 3239 τι
774 3181 923 3263 ἔχειν
978 3185 1070 3248 τὰς
1128 3184 1290 3250 αὐτὴν
1328 3180 1554 3262 ἐχούσας
1595 3179 1831 3261 βίϐλους,
1862 3178 1979 3239 οὐδὲ

335 3271 739 3352 παρέγγραπτον
749 3321 762 3336 ,

415 3529 489 3599 δ’.
546 3537 696 3598 Ἐπεὶ
748 3536 802 3595 δὲ
831 3539 919 3595 καὶ
956 3538 1062 3595 ἀπὸ
1091 3535 1266 3595 ἄλλων
1295 3537 1498 3616 ῥήσεων
1541 3544 1810 3618 γραφικῶν
1868 3536 1991 3594 ἔστι.

339 3630 397 3684 :6
435 3629 632 3696 ἄληθες
689 3631 788 3697 τῆς
843 3628 1047 3706 ῥήσεως
1103 3627 1299 3694 ταύτης
1356 3632 1633 3706 συστῆσαι,
1690 3628 1718 3682 6
1773 3627 1979 3693 Νύσσης

342 3719 626 3799 Γρηγόριος
694 3741 749 3796 π,
770 3719 828 3782 ὸς
884 3717 1124 3798 σύναρσιν
1194 3716 1372 3794 ὥσπερ
1425 3721 1519 3772 :06
1571 3714 1802 3794 μεγαλου
1830 3715 1980 3773 διαν-

343 3808 621 3885 ιστάμενος
690 3805 990 3881 Βασιλείου,
1047 3806 1338 3876 ἀπαντήσει
1410 3805 1544 3860 κατὰ
1625 3805 1796 3880 στόμα
1863 3819 1981 3870 τοῖς

341 3895 701 3954 διαπιστοῦσιν
757 3899 899 3971 αὖ»τῷ
925 3895 1155 3975 λέγοντι,
1210 3916 1233 3952 ε
1296 3897 1358 3950 :6
1412 3900 1624 3968 Πνεῦμα
1692 3896 1833 3974 παρὰ
1894 3903 1984 3952 :06

344 3989 463 4044 Ποῦ
493 3986 645 4067 ἔχειν
688 3988 748 4043 :6
818 3986 985 4047 εἶναι.
1035 4008 1060 4043 ε
1124 3987 1288 4048 Οὗτος
1341 3984 1429 4040 καὶ
1470 3983 1569 4061 γὰρ
1611 3985 1765 4067 ἒνΔτῇ
1796 3985 1869 4047 είς
1924 3986 1985 4040 τὸ

344 4062 720 4155 Πατὴρ-’ἡμῶν
751 4074 931 4152 ὁμιλίᾳ
960 4074 1136 4149 αὐτοῦ,
1170 4077 1238 4141 ἦς
1267 4075 1303 4142 ἡ
1348 4073 1518 4152 ἀρχὴ.
1570 4093 1597 4125 ε
1647 4062 1784 4131 υΟτε
1814 4095 1984 4152 προσ-

341 4164 465 4242 ἦγεν
526 4168 554 4222 6
612 4166 780 4244 μέγας
839 4168 1067 4231 Μωϋσῆς
1122 4168 1192 4240 τῇ
1245 4163 1381 4219 κατὰ
1410 4164 1469 4217 τὸ
1499 4161 1617 4244 ξρος
1648 4162 1988 4240 μυσταγωγίᾳ

342 4241 429 4310 :6v
457 4241 801 4334 ’ἰσραηλιτην
828 4252 980 4332 λαὸν,
1025 4273 1055 4311 )
1100 4251 1236 4310 οὕτω
1264 4252 1422 4331 φησίν
1454 4268 1468 4283 ⁸
1507 4241 1544 4262 ”
1572 4260 1612 4309 Ο
1641 4271 1699 4307 τε
1726 4252 1826 4330 γὰρ
1870 4252 1987 4313 Υἱὸς

2061 3186 2285 3239 asserta
2330 3178 2757 3241 demonstratio
2801 3179 3038 3242 abunde
3060 3180 3334 3256 sufficiet,
3368 3181 3440 3244 ad
3464 3180 3710 3262 dignos-

2062 3265 2314 3328 centlum
2347 3267 2566 3329 dictum
2600 3267 2796 3344 magni
2846 3267 3052 3330 Basilii
3098 3285 3254 3343 esse,
3287 3276 3346 3329 et
3375 3268 3519 3330 illud
3550 3269 3710 3333 ret‘e-

2061 3362 2261 3416 rentes
2309 3353 2494 3416 libros
2552 3355 2915 3417 adulteratos
2975 3375 3096 3417 non
3126 3374 3283 3433 esse,
3320 3374 3515 3437 neque
3547 3374 3712 3419 nam

2062 3443 2404 3524 scriptionis
2434 3444 2740 3506 additione
2770 3444 3039 3508 ttedatos.

2140 3529 2424 3593 LVerum
2448 3532 2607 3594 enim
2627 3551 2764 3594 vero
2779 3552 2909 3594 cum
2938 3542 2996 3595 et
3017 3533 3149 3595 aliis
3170 3535 3346 3596 etiam
3361 3538 3580 3615 scripto
3598 3543 3714 3597 tra.

2064 3620 2201 3683 ditis
2225 3620 2671 3683 auctoritatibus
2693 3622 2908 3684 veritas
2938 3622 3079 3684 dicti
3101 3623 3574 3685 constabilienda
3594 3633 3712 3706 est,

2064 3709 2361 3791 Nyssenus
2390 3708 2706 3790 Gregorius
2736 3710 2809 3771 ad
2868 3729 3040 3791 opem
3072 3711 3479 3793 auxiliumque
3511 3714 3712 3792 magni

2068 3799 2268 3862 Basilii
2294 3808 2696 3876 concurret,et
2726 3819 2794 3862 os
2816 3801 3169 3880 comprimet
3195 3819 3313 3862 non
3338 3801 3710 3863 credentium

2067 3889 2151 3949 illi
2183 3889 2428 3969 dicenti,
2484 3915 2509 3944 α
2546 3888 2822 3968 Spiritum
2855 3907 2885 3950 a
2917 3890 3064 3951 Filio
3096 3890 3316 3953 habere
3346 3910 3500 3952 esse.
3543 3915 3565 3947 ι
3603 3891 3711 3953 Hic

2067 3976 2322 4040 Homilia
2364 3978 2425 4037 in
2471 3978 2815 4042 Orationem
2854 3978 3246 4051 Dominicam,
3282 3980 3451 4060 cujus
3483 3979 3711 4060 princi-

2072 4067 2231 4147 pium
2256 4075 2366 4149 est,
2402 4068 2583 4130 «Cum
2615 4070 2938 4131 adduceret
2968 4089 3215 4149 magnus
3239 4069 3459 4150 Moyses
3493 4077 3711 4150 mysta-

2068 4156 2265 4237 gogia,
2315 4175 2446 4237 qum
2502 4157 2564 4219 in
2616 4169 2816 4220 monte
2894 4157 3096 4219 habita
3154 4168 3265 4232 est,
3325 4159 3712 4221 lsraeliticum

2071 4248 2373 4327 populum,
2410 4268 2439 4307 ›
2469 4247 2596 4308 haec
2626 4246 2802 4309 habet
2828 4265 2841 4309 :
2878 4272 2903 4302 α
2932 4246 3196 4327 Namque
3232 4246 3409 4308 Filius
3441 4266 3509 4307 ex
3541 4248 3715 4308 Patre

344 4342 402 4400 ἐκ
427 4333 549 4402 :06
582 4345 787 4423 Πατρὸς
846 4342 1051 4423 ἐξῆλθε,
1091 4341 1265 4404 καθώς
1307 4362 1468 4421 φησιν
1503 4344 1539 4410 ἡ
1568 4342 1773 4421 Γραφὴ,
1806 4342 1893 4397 καὶ
1929 4343 1981 4396 :6

2071 4335 2267 4409 exivit,
2323 4343 2387 4398 ut
2444 4354 2628 4397 sacra:
2683 4335 2916 4397 Litterae
2972 4337 3232 4409 tradunt,
3266 4345 3326 4397 et
3355 4333 3610 4415 Spiritus
3645 4353 3715 4396 ex

349 4439 558 4508 Πνεῦμα
615 4432 676 4489 ἐκ
699 4413 817 4489 ’τοῦ
885 4413 1049 4513 Θεοῦ,
1095 4432 1182 4487 καὶ
1240 4413 1383 4510 παρὰ
1422 4437 1515 4487 :06
1557 4413 1762 4510 Πατρὸς
1819 4431 1981 4487 ἐκπο-

2071 4424 2193 4486 Deo
2245 4433 2303 4485 et
2351 4427 2524 4488 Patre
2581 4424 2868 4513 procedit.
2907 4449 2933 4480 ι
2965 4423 3036 4484 Et
3092 4422 3294 4513 paucis
3336 4413 3710 4513 interjectis:

350 4523 574 4599 ρεύεται.
602 4541 636 4581 )
686 4523 787 4579 Καὶ
830 4519 946 4596 μετ’
993 4519 1142 4599 ὀλίγα
1175 4538 1192 4556 ⁸
1233 4542 1257 4575 ιι
1295 4517 1354 4577 Ὀ
1382 4521 1481 4599 γὰρ
1511 4519 1804 4597 μονογενὴς
1872 4520 1990 4584 Υἱός

346 4612 405 4666 in:
455 4616 553 4668 :06
609 4612 814 4689 Πατρὸς
869 4611 1010 4688 παρὰ
1066 4614 1165 4677 τῆς
1221 4608 1372 4686 ἁγίας
1414 4610 1625 4687 Γραφῆς
1654 4608 1988 4683 ὀνομάζεται,

352 4699 432 4753 καὶ
486 4696 651 4778 μέχρι
720 4697 909 4755 τούτου
949 4700 977 4754 6
1015 4695 1182 4775 Δόγος
1212 4694 1426 4763 ἵστησιν
1467 4701 1607 4771 αὒτῷ
1661 4698 1722 4753 :6
1777 4694 1986 4772 ἰδίωμα.

349 4788 415 4842 Τὸ
459 4784 520 4843 δὲ
580 4783 734 4864 ἅγιον
803 4792 1017 4862 Πνεῦμα
1065 4786 1154 4843 καὶ
1208 4784 1269 4842 ἐκ
1314 4792 1406 4842 :06
1438 4787 1640 4864 Πατρὸς
1665 4783 1874 4863 λέγεται
1906 4786 1992 4841 καὶ

348 4876 405 4930 ὲκ
458 4882 559 4934 :06
620 4878 744 4932 Υἱοῦ
795 4875 938 4932 εἶναι
988 4888 1487 4955 προσμαρτυρεϊται·
1521 4900 1548 4933 ι
1611 4875 1672 4933 Τί
1712 4880 1839 4953 γοῦν
1881 4876 1991 4953 φή-

349 4984 521 5022 σουσιν
563 4967 611 5021 οἱ
652 4963 944 5043 ἀντιλέγειν
986 4965 1162 5023 πάντα
1189 4962 1526 5041 βουλόμενοι,
1569 4965 1667 5033 τήν
1708 4964 1992 5043 θεολογοῦ-

349 5074 440 5110 σαν
470 5054 649 5134 ῥῆσιν,
690 5054 755 5110 τό
797 5060 1009 5129 Πθεῦμα
1063 5055 1125 5110 :6
1183 5052 1334 5133 ἅγιον
1391 5053 1532 5133 παρὰ
1571 5059 1665 5110 τοῦ
1716 5055 1836 5109 Υίοῦ
1865 5051 1995 5132 ἔχον

347 5143 409 5198 :6
472 5143 638 5218 εἶναι,
683 5140 1009 5224 διαϐαλοῦσι,
1041 5143 1121 5219 μὴ
1174 5142 1299 5222 παρ’
1367 5141 1526 5199 αὒτοῦ
1566 5140 1766 5199 ἐκείνου
1806 5140 1994 5199 θεολο-

349 5233 553 5295 γετσθαι
583 5238 677 5288 :06
719 5233 923 5309 Πατρὸς
979 5232 1134 5307 ἡμῶν
1178 5228 1454 5289 Βασιλείου
1486 5233 1527 5310 ςξ
1553 5228 1702 5287 Ἀλλ’
1746 5228 1856 5286 ἰδοὺ
1910 5231 1999 5287 καὶ

351 5320 378 5374 ὁ
422 5320 632 5389 Νύσσης
684 5321 750 5377 ὶκ
812 5326 907 5377 τοῦ
971 5321 1093 5378 Υῐοῢ
1161 5320 1304 5377 εἶναι
1374 5320 1883 5399 προσ-μαρτυρεῖσθαι
1938 5318 2000 5375 :6

356 5413 565 5486 Πνεῦμα
612 5432 765 5492 gnat.
829 5410 929 5469 Καὶ
984 5411 1013 5466 6
1056 5407 1224 5489 μέγας
1270 5406 1325 5465 δὲ
1357 5406 1629 5488 Κύριλλος,
1665 5404 1780 5483 μετ’
1812 5405 1999 5470 αὐτοὺς

352 5498 426 5572 τῷ
499 5499 681 5581 χρόνῳ
761 5497 1119 5577 θεολογήσας,
1188 5498 1250 5555 ἐκ
1313 5504 1404 5555 τοῦ
1462 5498 1583 5554 Υἱυῢ
1629 5496 1888 5577 ὑπάρχειν
1938 5499 2000 5553 :6

356 5591 568 5663 Πνεῦμα
625 5588 682 5646 ιν
736 5587 966 5653 πολλοῖς
1020 5589 1127 5644 τῶν
1197 5584 1516 5665 θεοὶογικῶν
1575 5586 1999 5666 συγγραμμάτων

354 5675 509 5734 αίηῶ
564 5674 936 5757 Stupebam”.
997 5677 1057 5733 Εἶ
1099 5675 1196 5751 μὶν
1247 5674 1335 5733 οὖν
1382 5676 1431 5733 0i
1458 5675 1630 5735 πάντα
1658 5671 1863 5752 ῥᾳδίως,
1924 5675 1997 5740 ὧς

2080 4539 2105 4569 α
2141 4516 2290 4577 Nam
2323 4513 2658 4592 unigenitus
2688 4512 2874 4574 Filius
2905 4531 2971 4573 ex
2995 4515 3167 4575 Patre
3192 4511 3251 4572 in
3275 4510 3460 4574 sacris
3476 4510 3717 4572 Litteris

2075 4603 2312 4676 dicitur,
2338 4611 2394 4663 et
2417 4602 2487 4663 ad
2521 4602 2634 4663 hoc
2673 4620 2862 4681 usque
2894 4600 3153 4662 Verbum
3184 4619 3351 4662 suam
3383 4601 3714 4681 proprieta-

2077 4700 2194 4754 tem
2222 4687 2667 4771 sistit.Spiritus
2698 4699 2893 4750 autem
2927 4697 3164 4751 sanctus
3195 4709 3264 4750 ex
3298 4688 3472 4750 Patre
3501 4688 3721 4750 dicitur

2079 4790 2134 4843 et
2164 4799 2234 4842 ex
2272 4778 2422 4840 Filio
2477 4797 2606 4841 esse
2636 4780 2939 4841 usu-uitur.
2980 4802 3002 4836 ι
3037 4777 3190 4851 Quid
3219 4777 3318 4839 hic
3363 4777 3585 4851 diceut,
3617 4777 3720 4858 qui

2076 4867 2352 4932 omnibus
2381 4868 2792 4931 contradicere
2809 4866 3148 4929 conantur?
3177 4868 3468 4928 Asserens
3496 4865 3717 4928 dictum

2077 4958 2364 5040 Spiritum
2397 4966 2666 5020 sanctum
2695 4975 2729 5018 a
2753 4955 2927 5032 Filio,
2967 4956 3127 5037 quod
3160 4955 3257 5032 sit,
3293 4954 3537 5031 habere,
3567 4954 3719 5017 insi-

2078 5047 2407 5121 mulabunt,
2441 5066 2559 5109 non
2615 5065 2744 5108 esse
2793 5045 2866 5107 ab
2916 5044 3126 5107 eodem
3182 5044 3285 5106 illo
3319 5046 3490 5107 Patre
3519 5054 3720 5105 nostro

2084 5137 2295 5200 Basilio
2337 5135 2670 5200 dictatum?
2718 5132 2833 5197 Sed
2858 5153 2931 5196 en
2949 5142 3008 5195 et
3034 5134 3357 5214 Nyssanus,
3397 5156 3419 5190 ι
3455 5132 3537 5194 Ex
3568 5132 3720 5196 Filio

2081 5247 2213 5289 esse
2258 5226 2513 5308 Spiritus
2562 5223 2870 5300 astruitur,
2903 5247 2925 5280 ε
2963 5222 3174 5303 inquit.
3207 5224 3454 5302 Magnus
3485 5239 3723 5302 quoque

2084 5314 2333 5396 Cyrillus
2364 5322 2500 5392 post
2556 5313 2734 5373 hosce
2792 5329 2889 5373 res
2936 5309 3166 5372 divinas
3195 5310 3619 5391 interpretans,
3653 5327 3726 5371 ex

2090 5404 2240 5466 Filio
2274 5403 2557 5466 exsistere
2583 5399 2865 5482 Spiritum
2898 5399 2958 5460 in
3000 5398 3197 5460 multis
3225 5400 3348 5461 suis
3378 5397 3726 5477 theologicis

2090 5492 2436 5555 tractatibus
2466 5498 2670 5571 aperte
2718 5488 2924 5570 edixit,
2956 5488 3019 5552 Si
3065 5487 3263 5567 itaque
3294 5487 3395 5569 qui
3424 5488 3621 5548 omnia
3653 5503 3725 5546 ex

2081 5582 2262 5658 facili,
2298 5589 2363 5645 ut
2388 5578 2726 5656 allubescit,
2759 5579 3097 5655 immutant,
3140 5578 3398 5660 aliquam
3427 5574 3731 5652 assignare

2081 5670 2489 5735 diﬂorentiam
2524 5673 2825 5751 poterunt,
2858 5666 3035 5741 inter,
3067 5685 3097 5727 ‹
3119 5663 3425 5746 Spiritum,
3462 5686 3489 5719 ι
3521 5668 3585 5723 ιιι
3610 5668 3729 5722 tra-
