4142 6286
460 325 568 393 163
1532 333 1745 397 JOAN.
1790 330 2011 396 VECCI

2140 332 2167 387 ⁵.
2213 325 2731 395 ΡΑΤΗΙΑΒΟΗᾹΞ1
3707 321 3814 390 164

415 460 502 521 dit
529 481 774 538 magnus
797 462 1072 537 Basilius,
1107 486 1135 519 α
1168 461 1371 525 aFilio
1404 461 1626 523 habere
1657 480 1848 536 esse,»
1879 468 1939 522 et
1967 457 2054 517 in-

2146 457 2449 534 βούλονται,
2514 463 2894 542 μεταφέροντες
2965 461 3213 542 διαφοράν
3269 481 3386 515 τινα
3436 456 3610 514 δοῦναι
3648 454 3812 524 δονή-

417 558 526 624 ter,
585 561 645 612 ut
695 551 1021 630 Gregorius
1077 549 1378 631 Nyssenus
1439 551 1545 623 ait,
1601 548 1803 611 «Cum
1840 566 1970 610 esse
2001 565 2054 608 θ]

2166 569 2344 604 σονται
2387 558 2498 610 τοῦ,
2543 576 2562 606 ι
2607 553 2668 607 τὸ
2694 559 2928 626 Πνεῦμα,
2964 575 2991 605 υ
3033 553 3166 607 κατὰ
3196 552 3286 607 τὸν
3319 549 3485 627 μέγαν
3516 544 3808 617 Βασίλειον,

419 639 591 711 Filio,
631 667 655 696 ι)
695 648 752 701 et
781 642 960 712 inter,
994 647 1058 701 ut
1088 641 1268 702 rebus
1301 638 1650 718 theologicis
1681 637 2071 700 instructissi-

427 748 558 790 mus
588 730 842 791 afﬁrmat
872 729 1147 810 Cyrillus,
1191 749 1220 788 ‹
1254 747 1323 790 ex
1357 728 1506 789 Filio
1534 747 1670 789 eum
1693 729 1997 791 exsistere.
2041 751 2064 784 ι)

420 819 671 880 multum
732 819 1038 880 conferant
1097 817 1357 879 studium
1387 818 1456 878 ad
1493 818 1883 878 refellendum
1914 817 2072 898 abji-

415 907 811 988 ciendumque
875 907 1072 985 magni
1118 906 1320 968 Basilii
1389 906 1635 980 dictum,
1697 906 1850 987 quod
1884 907 2071 986 palam

416 995 695 1070 insinuat,
753 1019 774 1050 ‹ί
807 1015 875 1058 ex
927 996 1074 1056 Filio
1121 993 1409 1074 Spiritum
1444 1014 1596 1058 esse.
1637 1020 1663 1051 »
1703 995 1925 1066 Quodsi
1957 996 2072 1056 mi-

416 1086 576 1146 nime
609 1085 839 1146 diversa
868 1093 1028 1160 sunt,
1065 1084 1187 1146 sive
1219 1104 1352 1146 eum
1385 1103 1661 1147 asserans
1683 1105 1814 1147 esse
1834 1106 1868 1146 a
1897 1085 2068 1158 Filio,

415 1172 537 1234 sive
592 1193 660 1234 ex
716 1174 865 1236 Filio
916 1174 1236 1250 exsistere,
1298 1175 1422 1236 sive
1485 1193 1552 1236 ex
1607 1174 1754 1236 Filio
1822 1175 2066 1247 habere,

417 1263 573 1342 quod
606 1264 701 1336 sit,
739 1273 964 1325 temere
997 1271 1205 1325 contra
1233 1263 1456 1324 dictum
1487 1262 1728 1323 allatum
1761 1263 2071 1325 machinas

416 1352 752 1432 admovent,
815 1354 1070 1433 propriae
1127 1352 1426 1413 instantiae
1480 1353 1537 1412 vi
1588 1352 1768 1412 velu'i
1818 1353 2068 1413 conﬁcta

416 1450 784 1514 accusantes,
820 1461 951 1522 qua:
979 1443 1198 1523 Optime
1227 1460 1260 1502 a
1293 1440 1686 1504 celeberrimo
1719 1440 1933 1502 Basilio
1965 1441 2061 1504 de-

415 1539 576 1591 creta
606 1539 760 1592 sunt.

499 1710 556 1770 5.
610 1708 726 1770 Sed
787 1717 844 1769 et
891 1709 1023 1772 aliis
1054 1712 1227 1771 etiam
1260 1709 1622 1788 argumentis
1654 1709 2063 1771 demonstrare

2170 659 2197 690 α
2245 638 2385 715 παρὰ
2441 646 2534 695 τοῦ
2591 641 2709 696 Υἱοῦ
2753 640 2899 719 ἔχειν
2946 641 3008 696 τὸ
3067 639 3233 711 εἶναι,
3286 659 3307 692 ο
3371 637 3616 713 καὶτοῦ,
3673 632 3809 688 κατὰ

2161 727 2250 780 τὸν
2319 727 2524 794 Νύσσης
2578 729 2889 809 Γρηγόριον,
2957 751 2980 784 σ
3052 728 3112 784 ἐκ
3165 734 3256 783 τοῦ
3323 727 3442 782 nos
3498 724 3646 779 εἶναι
3713 722 3806 777 αὖ·

2160 815 2246 888 τὸ,
2284 838 2308 872 o
2372 819 2460 872 καὶ
2513 817 2628 898 τοῦ,
2687 820 2822 874 κατὰ
2875 819 2964 875 τὸν
3019 815 3466 894 θεολογικώτατον
3524 809 3802 889 Κύριλλον,

2165 923 2186 957 ιι
2225 902 2284 960 ἐκ
2310 912 2404 960 τοῦ
2459 908 2578 962 Ποῦ
2616 906 2876 987 ὕπίρχειν
2925 908 3076 982 αὐτὸ,
3123 926 3154 964 ι
3202 902 3409 971 πολλὴν
3452 900 3806 978 είσαγέτωσαν

2156 992 2253 1058 τὴν
2328 992 2588 1074 Gitona-iw,"
2642 994 2789 1059 ὅπως
2847 994 2914 1052 ἄν
2956 995 3280 1074 ἀνατραπείη
3328 994 3510 1054 αὐτοῖς
3551 995 3645 1045 τοῦ
3703 1009 3804 1063 με-

2156 1079 2318 1157 γάλου
2367 1082 2638 1141 Βασιλείου
2703 1085 2844 1141 εἶναι
2901 1086 3001 1152 τὴν
3062 1085 3241 1162 ῥῆσιν,
3299 1083 3398 1150 την
3456 1099 3484 1139 (
3519 1079 3662 1157 παρὰ
3715 1083 3808 1132 τοῦ

2158 1172 2278 1226 Υἱοῦ
2314 1172 2454 1228 εἶναι
2509 1175 2570 1229 τὸ
2612 1179 2826 1250 Πνεῦμα
2859 1197 2886 1229 ι
2947 1172 3319 1251 θεολογοῦσαν.
3356 1172 3415 1228 El
3457 1166 3514 1226 δὲ
3541 1166 3705 1244 μηδὲν
3752 1187 3802 1220 τι

2153 1256 2381 1338 διαφέρει
2434 1263 2576 1340 παρὰ
2631 1269 2722 1320 τοῦ
2787 1264 2909 1319 Υἱοῦ
2956 1263 3098 1319 εἶναι
3169 1260 3342 1338 λέγειν
3399 1257 3548 1332 αὐτὸ,
3609 1256 3697 1312 καὶ
3747 1253 3806 1311 ἔκ

2151 1353 2242 1404 τοῦ
2304 1349 2421 1404 Υίοῦ
2463 1350 2603 1406 εἶναι
2677 1352 2765 1407 καὶ
2820 1351 2880 1408 ἐκ
2941 1358 3034 1408 τοῦ
3096 1352 3216 1406 Υἱοῦ
3288 1350 3572 1426 ὑπαρχειν,
3630 1344 3804 1420 μάτην

2150 1439 2281 1514 πρὸς
2331 1439 2430 1504 τὴν
2486 1438 2634 1515 ῥῆσιν
2677 1441 2873 1507 ταύτην
2927 1440 3244 1514 ἐνίστανται,
3317 1444 3394 1512 τῷ
3451 1436 3606 1512 βιαίῳ
3658 1433 3803 1512 τάχα

2146 1531 2244 1592 τῆς
2334 1527 2532 1584 ἑαυτῶν
2609 1529 2900 1594 ἑνστάσεως
2988 1528 3300 1603 πλάσματος
3372 1523 3690 1604 γραφόμενοι
3736 1521 3804 1578 τὰ

2145 1613 2321 1678 καλῶς
2365 1614 2817 1694 δεδογματισμένα
2847 1619 3104 1692 Βασιλείῳ
3130 1621 3208 1691 τῷ
3236 1617 3396 1676 πάνυ.

2226 1695 2291 1766 ε’.
2356 1703 2519 1762 Ἀλλὰ
2584 1709 2671 1763 καὶ
2729 1707 2779 1773 ἐξ
2811 1707 2986 1764 ἄλλων
3038 1705 3477 1786 ἐπιχειρημάτων
3507 1700 3618 1756 ἔστι
3666 1699 3801 1756 κατὰ

415 1817 731 1879 possumus
751 1799 1089 1860 necessario
1107 1786 1742 1879 prorsusvolumina,q-
1775 1798 2054 1858 {edictum

2146 1803 2318 1853 πᾶσαν
2380 1797 2653 1864 ἀποδεῖξαι
2725 1799 2964 1878 ἀνάγκην
3021 1801 3115 1863 τὰς
3181 1797 3408 1877 ἐχούσας
3453 1791 3660 1872 βίϐλους
3703 1791 3800 1857 τὴν

415 1889 851 1969 explicant,non
885 1907 1187 1969 vero,qua:
1215 1908 1326 1948 non
1364 1887 2061 1966 exprimunt,sincerum,

415 1986 470 2039 et
496 1977 967 2054 purum,veritati
991 1979 1105 2059 ipsi
1126 1997 1420 2039 annexum
1441 1977 1771 2058 possidere.
1797 1979 2064 2057 Namque

417 2085 664 2146 magnus
677 2066 928 2129 Basilius
949 2067 1237 2146 dignitate
1257 2066 1583 2128 secundum
1610 2066 1754 2128 Filio
1778 2067 2060 2147 Spiritum

417 2175 552 2217 cum
588 2156 1241 2236 excepisset,secundas
1265 2157 1369 2217 has
1393 2167 1582 2237 partes
1615 2157 1846 2236 pietatis
1874 2156 2060 2217 tradi-

416 2245 636 2306 tionem
671 2245 970 2324 appi-llare
1003 2265 1119 2306 non
1151 2245 1749 2325 verilus,probatione
1783 2243 2056 2321 indiguit,

414 2351 520 2412 per
549 2351 720 2412 quam
755 2351 893 2393 vera
927 2334 1222 2395 sententia
1272 2342 1608 2414 appareret,
1644 2352 1774 2414 quae
1825 2335 2061 2413 pietatis

413 2419 817 2500 traditionem,
845 2421 1137 2482 secundas
1179 2421 1283 2482 has
1316 2431 1508 2501 partes
1539 2420 1791 2501 Spiritus
1824 2441 2055 2483 nuncu-

415 2509 588 2588 pabat
622 2531 634 2567 :
670 2516 886 2569 etcum
912 2528 1103 2589 neque
1127 2528 1210 2570 ea:
1233 2517 1432 2570 essent
1455 2509 2057 2590 perimminutionem

412 2597 666 2677 aliquam
700 2597 920 2675 gloria,
951 2616 1225 2678 peraequa
1247 2597 1464 2659 etenim
1491 2607 1579 2660 est
1599 2598 1659 2658 in
1693 2601 1954 2678 utrisque
1971 2599 2062 2660 di-

412 2686 642 2758 vinitas,
685 2705 875 2765 neque
903 2705 1009 2766 per
1039 2687 1220 2746 ullam
1253 2687 1427 2748 aliam
1474 2686 1787 2762 rationem,
1817 2707 1932 2768 qua
1961 2709 2058 2751 re-

413 2785 618 2856 spectu
648 2775 889 2835 alterius
920 2776 1209 2837 secundas
1255 2784 1406 2856 parti
1429 2795 1456 2836 s
1485 2775 1811 2838 obtinentia
1842 2778 2060 2858 primas

417 2863 822 2926 obtinentibus
851 2863 1296 2946 submittuntur,
1332 2876 1389 2927 et
1419 2884 1600 2926 unum
1655 2869 2059 2931 tantummodo

416 2952 648 3034 pietatis
682 2955 997 3016 terminum
1039 2963 1444 3031 cognosceret,
1481 2975 1596 3035 quo
1626 2953 1882 3036 Spiritus
1913 2957 2060 3019 Filio

415 3043 716 3105 secundus
745 3051 857 3124 est,
888 3042 988 3123 qui
1019 3051 1172 3116 erat,
1225 3044 1381 3126 quod
1430 3063 1502 3107 ex
1527 3064 1595 3106 eo
1626 3045 1870 3107 haberet
1903 3065 2056 3123 esse,

415 3140 852 3213 proptereaque
875 3141 1029 3195 esset
1047 3132 1286 3214 exipso,
1313 3134 1471 3196 hunc
1497 3137 1554 3196 in
1581 3135 1820 3201 modum
1853 3137 2061 3198 eﬂ‘atus

412 3231 503 3283 est
535 3239 550 3284 :
592 3245 614 3278 ι
650 3221 938 3300 Dignitate
989 3222 1146 3283 enim
1196 3224 1521 3285 secundum
1555 3243 1685 3286 esse
1711 3223 1884 3300 Filio,
1927 3235 2058 3288 tan-

415 3328 589 3390 quam
623 3311 723 3390 qui
774 3312 847 3372 ab
893 3329 963 3372 eo
1020 3329 1151 3373 esse
1201 3312 1400 3388 habet,
1438 3323 1494 3375 et
1523 3313 1596 3374 ab
1628 3332 1698 3375 eo
1729 3314 1964 3396 accipit,
2001 3325 2058 3378 et

412 3400 725 3460 annuntiat
749 3399 941 3476 nobis,
964 3407 1022 3460 et
1050 3400 1292 3463 omnino
1309 3402 1392 3462 illi
1415 3421 1607 3464 causa}
1629 3404 2054 3486 adhmret,pie-

411 3489 546 3549 tatis
581 3488 757 3550 tradit
787 3507 1004 3550 sermo.
1060 3487 1178 3551 Sed
1224 3491 1394 3552 tertia
1423 3497 1504 3552 uti
1536 3500 1766 3568 natura,
1803 3512 1994 3575 neque
2023 3514 2058 3557 a

410 3576 596 3638 sacris
618 3576 939 3658 Scripturis
969 3577 1163 3639 edocti
1194 3599 1633 3662 sumus,neque
1663 3602 1731 3644 ex
1763 3585 1900 3659 illis,
1927 3604 2057 3665 quae

409 3665 687 3741 diximus,
724 3667 1029 3746 consequi,
1066 3687 1378 3748 possumus
1433 3671 1866 3735 demonstrare.
1904 3702 1922 3731 ι)
1953 3674 2056 3736 His

410 3753 584 3815 dictis
611 3755 689 3815 ita
711 3757 1005 3816 sermonis
1034 3758 1490 3836 assignationem
1522 3762 1810 3822 conclusit
1846 3781 1859 3825 :
1894 3789 1920 3817 α
1946 3763 2053 3824 Di-

406 3841 630 3923 gnitate
665 3843 822 3905 enim
850 3863 885 3932 a
914 3843 1062 3906 Filio
1097 3848 1424 3909 secundum
1452 3852 1796 3930 esse,tra«lit
1818 3852 2055 3932 pietatis

405 3950 626 3995 sermo.
668 3958 692 3988 ι
732 3931 1145 3998 Probatiouem
1179 3955 1316 3997 vero
1346 3931 1830 4019 illius,Spiritum
1853 3941 2049 4020 digni-

403 4029 520 4083 tate
551 4040 682 4084 esse
711 4022 1046 4084 secundum
1076 4024 1226 4086 Filio
1260 4045 1366 4106 per
1387 4026 1717 4108 illud,quod
1744 4028 1817 4090 ab
1848 4049 1916 4092 eo
1942 4032 2050 4092 ha-

405 4109 542 4173 beat
571 4129 720 4177 esse.
781 4119 838 4174 et
889 4111 965 4172 ab
1000 4131 1068 4174 eo
1116 4115 1390 4194 accipiat,
1424 4124 1481 4176 et
1520 4116 1690 4178 nobis
1714 4120 2049 4201 annuntiet,

409 4201 717 4282 implevit;
770 4209 992 4262 tantum
1029 4221 1146 4268 non
1177 4203 1382 4266 dicens
1414 4227 1425 4268 :
1453 4205 1772 4287 Propterea
1801 4208 1956 4289 quod
1981 4229 2048 4271 ex

401 4288 550 4352 Filio
600 4298 710 4365 est,
744 4291 1040 4353 secundus
1069 4311 1103 4354 a
1165 4294 1311 4356 Filio
1364 4303 1474 4358 est.
1532 4295 1698 4367 Quod
1743 4297 1792 4357 si
1823 4288 1900 4359 Sid
1931 4318 2048 4360 non

2145 1885 2293 1962 ῥῆσιν
2349 1885 2385 1954 ἢ
2441 1888 2534 1953 τὰς
2588 1887 2664 1962 μὴ
2735 1888 2964 1968 ἐχούσας
3032 1897 3123 1945 τοῦ
3193 1886 3466 1942 ἆνοθεύτου
3524 1879 3795 1959 μετέχειν,

2143 1979 2230 2033 καὶ
2285 1980 2412 2056 πρὸς
2483 1980 2579 2046 τὴν
2634 1978 2881 2048 ἀλήθειαν
2961 1977 3272 2048 ἀκιϐδήλου.
3344 1976 3404 2035 Ὀ
3463 1975 3562 2053 γὰρ
3632 1971 3798 2049 μέγας

2146 2065 2415 2133 Βασίλειος
2481 2068 2739 2146 ἀξιώματι
2796 2068 3109 2150 δευτερεύειν
3167 2075 3257 2124 τοῦ
3321 2065 3440 2122 Υἱοῦ
3483 2066 3543 2119 τὸ
3589 2068 3801 2137 Πνεῦμα

2141 2154 2445 2237 δεξάμενος,
2476 2160 2564 2213 καὶ
2615 2156 2897 2236 παράδοσιν
2954 2155 3212 2220 εὒσεϐείας
3242 2158 3302 2212 τὸ
3345 2161 3587 2211 τοιοῦτον
3615 2148 3796 2206 δευτε-

2142 2259 2283 2324 ρεῖον
2385 2247 2555 2303 εἰπεῖν
2655 2249 2760 2327 οὐχ
2875 2245 3342 2322 ὑποστειλάμενος,
3447 2243 3794 2306 κατασκευης

2139 2333 2353 2412 εδεήθη,
2421 2335 2485 2391 δι’
2530 2339 2597 2402 ἧς
2655 2334 2717 2392 ἂν
2760 2335 2964 2404 ἀληθὴς
3008 2340 3036 2393 6
3087 2335 3244 2414 λόγος
3302 2331 3666 2412 ἀναφανείη,ὁ
3695 2349 3798 2384 πα-

2143 2422 2348 2503 ράδοσιν
2407 2423 2666 2490 εὐσεϐείας
2712 2425 2998 2482 ἀποκαλῶν
3051 2427 3110 2480 τὸ
3169 2425 3299 2504 πρὸς
3357 2423 3446 2478 τὸν
3507 2422 3624 2475 Υἱὸν
3673 2416 3793 2472 δευ-

2141 2528 2347 2592 τερεῖον
2389 2521 2480 2570 τοῦ
2539 2516 2870 2590 Πνεύματος.
2926 2519 3033 2573 Καὶ
3095 2514 3207 2570 ἐπεὶ
3264 2511 3379 2570 οὔτε
3449 2507 3558 2587 κρθ’
3603 2504 3794 2563 ὑποϐι-

2142 2598 2344 2677 ϐασμόν
2399 2625 2516 2659 τινα
2572 2601 2750 2683 δόξης,
2810 2602 3056 2671 ἷσοκλεὴς
3108 2603 3208 2682 γὰρ
3260 2603 3293 2668 ἡ
3325 2599 3511 2664 θεότης
3567 2597 3790 2674 ἀμφοῖν,

2143 2689 2258 2746 οὔτε
2300 2693 2436 2752 κατά
2479 2715 2595 2748 τινα
2637 2691 2797 2770 λόγον
2855 2692 3037 2767 ἄλλον,
3067 2693 3153 2754 οἷς
3197 2692 3262 2748 τὰ
3291 2690 3419 2768 πρός
3462 2709 3512 2742 τι
3554 2687 3615 2741 τὸ
3671 2683 3792 2741 δευ-

2139 2794 2344 2859 τερεῖον
2388 2781 2585 2862 ἔχοντα
2635 2788 2741 2838 τῶν
2793 2782 3166 2860 πρωτευόντων
3209 2780 3465 2861 ὑφίενται,
3525 2774 3643 2832 ἀλλ’
3701 2772 3794 2829 ἕνα

2143 2871 2303 2945 μόνον
2361 2868 2622 2935 εὐσεϐείας
2680 2870 2960 2950 ἐγίνωσκεν
3004 2869 3148 2950 ὅρον,
3180 2872 3278 2925 καθ
3335 2869 3391 2924 ὃν
3461 2867 3523 2922 τὸ
3581 2870 3793 2938 Πνεῦμα

2143 2966 2233 3016 τοῦ
2281 2961 2400 3016 Υἱοῦ
2454 2958 2748 3040 δευτερεῦόν
2792 2959 2933 3016 ἐστιν
2970 2980 2986 2995 ο
3038 2963 3066 3017 6
3109 2958 3164 3014 δὲ
3219 2957 3364 3038 ὅρος,
3410 2957 3470 3012 τὸ
3513 2951 3578 3009 δι’
3637 2951 3792 3008 αὐτοῦ

2144 3047 2290 3128 ἔχειν
2351 3050 2412 3104 τὸ
2467 3049 2635 3130 εἶναι,
2705 3051 2789 3106 καὶ
2833 3051 2967 3107 κατὰ
3010 3055 3166 3105 τοῦτο
3207 3049 3295 3103 καὶ
3321 3044 3372 3110 ἐξ
3415 3042 3593 3118 αὐτοῦ,
3626 3041 3790 3120 ἔφησε

2145 3139 2280 3194 οὕτω
2315 3157 2330 3172 '
2390 3165 2411 3194 ι
2471 3136 2756 3216 Ἀξιώματι
2825 3140 2922 3216 μὲν
2976 3141 3081 3219 γὰρ
3137 3136 3448 3217 δευτερεύειν
3501 3139 3592 3188 τοῦ
3643 3133 3788 3206 Υἱοῦ,

2139 3226 2264 3305 παρ’
2309 3229 2464 3284 αῦτοῦ
2494 3229 2554 3284 τὸ
2607 3229 2748 3286 εἶναι
2795 3229 2948 3311 ἔχον,
2979 3231 3067 3286 καὶ
3114 3225 3238 3308 παρ’
3296 3227 3452 3282 αὐτοῦ
3493 3219 3786 3298 λαμϐάνον⁹

2139 3319 2225 3372 καὶ
2280 3315 2605 3396 ἀναγγέλλον
2644 3308 3009 3395 ἡμῖνς-ὅλως
3055 3317 3258 3384 ἐκείνης
3290 3320 3387 3381 τῆς
3416 3313 3583 3375 αἰτίας
3614 3308 3787 3384 ἐξημ-

2141 3407 2318 3484 μὲνον⁷
2367 3403 2714 3484 παραδίδωσιν
2759 3411 2786 3465 6
2839 3413 2938 3476 τῆς
2999 3403 3261 3469 εὐσεϐείας
3319 3403 3500 3482 λόγος.
3535 3401 3692 3457 Φύσει
3727 3396 3784 3454 δὲ

2138 3494 2284 3573 τρίτῃ
2355 3498 2586 3574 χρῆσθαι
2656 3497 2771 3553 οὔτε
2841 3499 2982 3576 παρὰ
3056 3503 3160 3552 τῶν
3213 3495 3372 3573 ἁγίων
3446 3487 3785 3566 δεδιδάγμεθα

2139 3589 2382 3663 Γραφῶν,
2441 3583 2556 3640 οὕτε
2614 3584 2674 3641 ἐκ
2725 3592 2831 3643 τῶν
2875 3585 3162 3666 εἰρημένων
3201 3585 3335 3640 κατὰ
3391 3583 3449 3638 τὸ
3491 3577 3783 3635 ἀκόλουθο-

2138 3670 2351 3728 δυνατὸν
2410 3672 2811 3752 συλλογίσασθαι
3012 3677 3107 3733 Καὶ
3159 3669 3305 3729 ταῦτ’
3375 3669 3624 3749 εἰρηκὼς,
3681 3665 3778 3732 τὴν

2139 3762 2235 3834 μὲν
2279 3772 2372 3821 τοῦ
2415 3761 2575 3841 λόγου
2607 3763 2855 3820 ἀπόδοσιν
2888 3764 3052 3827 οὕτως
3083 3764 3394 3832 ἐποιήσατο.
3433 3783 3459 3812 α
3489 3755 3780 3831 Ἀξιώματι

2137 3850 2232 3922 μὲν
2291 3850 2391 3928 γὰρ
2448 3849 2759 3930 δευτερεύειν
2850 3854 2941 3910 τοῦ
3015 3855 3133 3908 Υἱοῦ
3202 3846 3545 3928 παραδίδωσιν
3599 3847 3628 3900 6
3678 3848 3777 3909 τῆς

2137 3936 2397 4003 εὐσεϐείας
2441 3939 2599 4018 λόγος
2648 3956 2661 3971 ⁸
2713 3965 2741 3998 ι
2789 3942 2886 4009 τὴν
2929 3940 2984 3998 δὲ
3039 3940 3369 4005 κατασκευὴν
3394 3944 3486 3993 τοῦ
3515 3936 3577 3991 τὸ
3606 3938 3775 3990 Πνεῦ-

2135 4049 2209 4103 μα
2265 4028 2577 4108 δευτερεύειν
2635 4037 2724 4087 τοῦ
2775 4031 2895 4088 Υἱοῦ
2945 4038 3020 4107 τῷ
3071 4029 3350 4107 ἀξιώματι,
3408 4025 3491 4082 διὰ
3519 4031 3611 4082 τοῦ
3651 4020 3775 4099 παρ’

2137 4121 2292 4177 αὐτοῦ
2319 4120 2380 4174 τὸ
2436 4120 2578 4176 εἶναι
2633 4119 2809 4200 ἔχειν,
2839 4123 2926 4177 καὶ
2969 4120 3091 4200 παρ’
3124 4122 3279 4177 αὐτοῦ
3321 4113 3628 4192 λαμϐάνειν,
3687 4113 3774 4170 καὶ

2135 4206 2477 4286 ἀναγγέλλειν
2545 4211 2703 4290 ἡμῖν,
2771 4213 3144 4289 κατεσκεύασε,
3204 4207 3490 4285 μονονουχὶ
3532 4204 3769 4284 φάσκων,

2133 4298 2204 4359 ὡς
2262 4295 2344 4353 διὰ
2385 4300 2446 4354 τὸ
2496 4298 2555 4354 ἐκ
2609 4322 2700 4356 του
2760 4301 2880 4357 Υἱοῦ
2933 4300 3099 4373 εἶναι,
3139 4301 3227 4354 καὶ
3254 4295 3534 4374 δευτερεύει
3591 4296 3769 4350 αὐτοῦ.

403 4387 581 4456 esset,
618 4398 915 4460 nunquam
976 4380 1151 4442 etiam
1197 4382 1270 4444 ab
1325 4402 1393 4444 eo
1424 4385 1749 4446 secundum
1782 4385 2043 4448 afﬁrma-

2140 4387 2187 4441 Εἰ
2272 4388 2370 4466 γὰρ
2453 4389 2552 4464 μὴ,
2626 4388 2864 4449 οὐδέποτ’
2931 4389 2989 4446 ἂν
3061 4391 3147 4444 καὶ
3215 4384 3507 4463 δευτερεῦον
3591 4381 3768 4458 ὲῤῥέθη

403 4476 528 4530 tum
580 4478 752 4531 esset.
813 4467 884 4529 Et
958 4472 1004 4530 si
1066 4470 1170 4532 tibi
1227 4471 1286 4533 in
1366 4473 1564 4535 animo
1625 4483 1734 4550 est,
1797 4475 2044 4556 quicun-

403 4575 518 4637 que
601 4557 837 4620 tandem
921 4559 1125 4642 fueris,
1210 4563 1309 4643 qui
1402 4564 1735 4644 refragaris,
1819 4585 2042 4644 cogno-

397 4665 590 4723 scere,
627 4647 735 4709 sia
763 4647 914 4710 Filio
946 4668 1064 4710 non
1098 4663 1275 4734 esset,
1310 4673 1499 4734 neque
1527 4654 2044 4718 secundusaFilio

401 4753 645 4816 prorsus
675 4745 912 4799 vocatus
941 4739 1165 4801 fuisset.
1187 4741 1372 4805 Deme
1397 4743 1618 4804 dictum
1649 4745 1784 4819 hoc,
1806 4754 1863 4806 et
1891 4746 2043 4808 assi-

397 4843 510 4901 gna
537 4825 712 4914 nobis
736 4826 911 4888 aliam
945 4828 1258 4908 rationem,
1282 4851 1395 4912 qua
1426 4851 1461 4892 a
1489 4832 1639 4894 Filio
1670 4833 1925 4914 Spiritus
1953 4853 2044 4897 se-

396 4913 625 4975 cundus
649 4925 970 4978 asseratur.
989 4917 1221 4980 Etenim
1250 4939 1370 5002 prae
1385 4922 1494 4983 hac
1517 4941 1632 4982 nna
1645 4913 1767 4984 sola
1789 4926 2041 5005 ratione,

400 5010 502 5063 aut
533 5005 816 5084 temporis
844 5006 1170 5085 intervallo,
1205 5018 1305 5072 aut
1349 5011 1410 5072 in
1457 5013 1727 5073 sedendo
1760 5012 2044 5074 inferiore

398 5089 704 5182 subsellio,
725 5101 823 5154 aut
851 5096 1052 5173 glorim
1081 5098 1407 5178 indigentia
1436 5099 1714 5162 secundae
1731 5101 1823 5163 ha:
1844 5111 2038 5182 partes

394 5179 828 5269 concipientur.
891 5183 960 5245 Et
1017 5194 1139 5248 tum
1185 5187 1460 5269 impietas
1505 5189 1668 5250 hisce
1697 5179 2036 5251 notionibus

393 5266 568 5347 longe
613 5269 920 5358 libereque
971 5266 1369 5353 vagabitur—.Si
1390 5277 1588 5358 itaque
1607 5278 1830 5340 dictum
1863 5297 2033 5340 asse-

393 5377 555 5436 rens,
597 5357 912 5449 «dignitate
940 5366 1268 5428 secundum
1295 5386 1474 5430 essea
1493 5357 1646 5430 Filio
1682 5366 2028 5449 Spiritum.»

393 5466 464 5510 ex
481 5447 748 5510 oratione
767 5448 869 5510 illa
889 5451 1164 5516 universa
1183 5458 1496 5520 erasissent
1511 5509 1522 5532 ,
1539 5447 1809 5538 quialiud
1844 5459 2033 5539 palam

389 5546 713 5621 aperteque
733 5541 1049 5606 enuntians
1075 5545 1182 5607 «ab
1206 5565 1276 5608 eo
1304 5567 1434 5610 esse
1463 5548 1754 5618 habens.»
1791 5549 2034 5613 oblitte-

391 5637 691 5706 raverunt,
723 5628 875 5692 forte
906 5639 1030 5694 tum
1061 5652 1265 5700 eorum
1289 5637 1728 5721 improbitas,ut
1754 5638 1875 5704 illis
1906 5641 2032 5703 col-

2131 4478 2306 4542 αὒτοῦ,
2370 4482 2466 4538 Καὶ
2521 4482 2565 4536 εἰ
2623 4481 2797 4559 βούλει
2853 4481 2996 4547 ὅστις
3047 4481 3168 4537 ποτ’
3200 4479 3260 4534 ἂν
3304 4478 3394 4534 καὶ
3430 4475 3551 4542 εἴης
3596 4477 3623 4529 6
3683 4470 3766 4528 δι-

2129 4568 2462 4644 ενιστάμενος
2505 4575 2722 4651 γνῶναι,
2768 4573 2841 4636 ὡς
2903 4573 2946 4627 εἰ
3004 4571 3081 4647 μὴ
3128 4568 3269 4648 παρὰ
3337 4567 3440 4651 τοῦ.
3502 4566 3620 4620 Υἱοῦ
3674 4563 3762 4636 ἦν,

2128 4655 2243 4715 οῦδὲ
2295 4655 2588 4737 δευτερεῦον
2643 4643 2721 4715 ἕν’
2761 4659 2899 4739 ὅγως
2942 4658 3121 4738 ἑῤῥέθη
3165 4659 3343 4717 αὐτοῦ.
3405 4643 3612 4732 ’Ἄφελε
3666 4650 3766 4717 τὴν

2125 4746 2276 4824 ῥῆσιν
2321 4748 2538 4828 ταύτην,
2598 4750 2684 4805 καὶ
2727 4746 2813 4812 δὸς
2856 4751 2992 4825 it.va
3047 4751 3109 4804 σὺ
3191 4745 3368 4824 ἕτερον
3437 4741 3595 4820 λόγον
3649 4740 3765 4796 τινὰ

2126 4833 2241 4891 καθ’
2299 4837 2357 4892 ὃν
2415 4839 2504 4893 τοῦ
2564 4840 2680 4894 Υἱοῦ
2749 4836 3032 4917 δευτερεύει
3085 4838 3147 4892 τὸ
3199 4836 3431 4909 Πνεῦμα,
3493 4831 3639 4908 Παρὰ
3667 4830 3765 4907 γὰρ

2124 4927 2214 4981 τὸν
2241 4933 2476 4983 τοιοῦτον
2532 4925 2689 5005 λόγον
2743 4927 2779 4996 ἢ
2830 4926 3146 5003 διαστήματι
3203 4923 3421 5005 χρόνου,
3453 4921 3488 4989 ἢ
3515 4917 3767 4997 καθέδρας

2123 5013 2355 5095 ὑφεδρίᾳ,
2429 5016 2464 5083 ἢ
2547 5014 2699 5084 δόξης
2796 5015 2963 5090 ὶνδείᾳ
3045 5014 3338 5094 δευτερεῖον
3419 5011 3756 5087 νοηθήσεται,

2118 5110 2206 5166 καὶ
2275 5110 2308 5176 ἡ
2366 5103 2576 5164 ἀσέϐεια
2633 5122 2751 5172 τοῖς
2812 5109 3040 5184 νοήμασι
3091 5107 3295 5168 τούτοις
3355 5098 3760 5179 συμπαρῤησια-

2119 5199 2388 5267 σθήσεται.
2474 5198 2533 5254 Εἰ
2613 5199 2721 5273 μὴν
2806 5198 2892 5254 οὖν
2970 5199 3060 5254 καὶ
3127 5197 3224 5257 τὴν
3276 5193 3531 5272 λέγουσαν
3585 5188 3759 5267 ῥῆσιν,

2127 5308 2148 5342 ιι
2187 5285 2498 5366 δευτερεύειν
2582 5286 2838 5365 ἀξιώματι
2917 5290 3011 5346 τοῦ
3095 5285 3216 5344 Υἱοῦ
3296 5285 3357 5340 τὸ
3442 5287 3675 5357 Πνεῦμα.
3729 5299 3753 5333 ε

2119 5374 2404 5456 διέγραφον
2478 5385 2570 5434 τοῦ
2623 5380 2818 5442 παντὸς
2868 5376 3026 5457 λόγου
3065 5380 3111 5434 οἱ
3139 5377 3236 5444 τὴν
3288 5396 3311 5430 ι
3346 5372 3471 5451 παρ’
3503 5375 3658 5430 αὐτοῦ
3700 5369 3759 5423 τὸ

2120 5467 2260 5522 εἶναι
2316 5465 2446 5545 ἔχον
2519 5486 2546 5528 ι
2625 5465 2994 5546 διατρανοῦσαν
3078 5467 3228 5546 ῥῆσιν
3317 5460 3755 5546 διαγραψάμενοι,

2120 5555 2278 5636 ἔσχεν
2320 5555 2380 5611 ἂν
2425 5556 2558 5622 ἴσως
2629 5561 2693 5616 τὰ
2735 5545 2833 5625 τῆς
2889 5545 3144 5637 πονηρίας
3203 5558 3396 5627 αὐτῶν,
3447 5548 3575 5629 ὅπερ
3603 5545 3758 5605 ἐϐού-

2120 5645 2274 5703 λοντο
2306 5644 2644 5726 ἀποτέλεσμα
2677 5663 2691 5681 ⁸
2725 5648 2813 5707 νῦν
2841 5648 2886 5706 δ’
2935 5649 3014 5708 ὅτι
3041 5647 3103 5703 τδ
3130 5646 3230 5713 τῆς
3272 5639 3517 5714 ἀληθείας
3549 5643 3760 5715 Πνεῦμα
