4220 6292
297 313 392 386 165

1351 312 1449 380 DE
1488 313 1998 381 PROCESSIONE
2044 313 2103 375 S.
2153 311 2528 377 SPIRITUS.

3548 305 3665 371 466

292 448 374 512 τὴν
420 444 590 501 αὒτῖιν
662 443 899 502 διάνοιαν
968 446 1223 530 ἔσφαλλε,
1290 451 1351 505 16
1404 451 1513 525 μὴν
1550 471 1572 506 ι
1636 453 1778 531 παρὰ
1831 459 1925 509 τοῦ

2009 447 2260 510 lubitum
2287 450 2613 516 erat.ﬁnem
2628 455 2903 511 assecuta
2915 446 3256 510 fuissetzsed
3272 446 3662 509 nuncverita-

297 534 397 590 Υἱοῦ
436 534 578 589 εἶναι
629 535 689 591 16
744 538 979 611 Πνεῦμα,
1019 559 1043 593 ι
1108 548 1201 597 τοῦ
1254 537 1414 617 λόγου
1462 537 1773 620 διέγραψαν,
1805 540 1924 598 δευ-

291 624 491 701 τερεύειν
529 621 589 679 δὲ
647 623 776 680 αὐτὸ
832 632 923 681 τοῦ
990 629 1109 684 Υἱοῦ
1170 627 1225 683 ἐν
1282 630 1477 692 πάσαις
1525 629 1736 708 ἀφῆκαν
1802 644 1924 695 ταῖς

293 710 467 787 βίϐλοις
537 710 896 792 ἀνάγραπτον.
948 714 1231 773 Κάντεῦθεν
1284 719 1312 772 6
1368 718 1488 781 τοὺς
1542 720 1731 799 σοφοὺς
1761 717 1923 799 δρασ-

296 799 496 876 σόμενος
553 799 611 855 ἐν
677 806 749 877 τῇ
835 805 1121 882 πανουργίᾳ
1191 808 1361 864 αὐτων
1438 803 1611 863 δίδωσι
1669 821 1787 873 τοῖς
1862 810 1927 866 τὰ

295 894 485 945 τοιαῦτα
528 887 804 968 ἐπιμελῶς
874 891 1254 968 σκοπουμένοις
1310 909 1592 952 κατανοεῖν
1622 899 1682 953 τὸ
1725 919 1919 955 σκαιωο

296 976 451 1057 ρηθέν.
528 966 665 1035 "Ou
750 980 850 1059 γὰρ
899 978 1017 1036 κατ’
1079 966 1268 1040 οὐδένα
1322 981 1500 1062 ἕτερον
1554 983 1713 1064 λόγον
1782 987 1925 1065 εὶρή-

296 1087 361 1121 κει
409 1065 466 1121 ἄν
524 1087 660 1122 ποτε
728 1068 790 1122 τὸ
844 1073 1055 1144 Πνεῦμα
1125 1067 1357 1149 δεύτερον
1414 1079 1505 1128 τοῦ
1564 1078 1685 1131 Υἱοῦ
1753 1077 1781 1131 6
1825 1075 1926 1150 μέ·-

294 1175 376 1231 γας
433 1152 734 1235 Βασίλειος,
823 1155 1129 1235 λογ’σασθαι
1214 1158 1323 1215 ἔστι
1404 1162 1492 1219 καὶ
1548 1159 1599 1227 ἐξ
1651 1165 1723 1221 ῶν
1775 1165 1925 1226 οὗτος

293 1257 392 1306 τοῖς
477 1242 784 1322 εἰρημένοις

299 1356 321 1385 ι
362 1323 445 1395 ἐὶς
501 1333 609 1411 γὰρ
680 1334 709 1388 6
769 1336 890 1398 Υἱὸς
985 1335 1126 1400 τάξει
1224 1339 1310 1392 καὶ
1379 1323 1636 1415 ἀξιώματι
1694 1337 1928 1420 δεύτερος

292 1426 369 1476 τοῦ
419 1421 654 1502 Πατρός,
716 1420 857 1487 τάξει
929 1423 1047 1498 μὲν,
1108 1422 1190 1480 ὅτι
1257 1424 1349 1482 ἀπ’
1434 1426 1651 1502 ἐκείνου,
1715 1431 1803 1486 καὶ
1856 1430 1926 1485 ά-

293 1507 520 1589 Ξιὼματι,
584 1498 693 1566 ’ὅτι
766 1511 913 1591 ἆρχῆ
981 1514 1068 1569 καὶ
1116 1513 1275 1589 αἰτία,
1349 1522 1427 1589 τῷ
1509 1517 1651 1573 εἶναι
1724 1518 1928 1595 Πατέρα

294 1600 449 1672 αὖτοῦ,
514 1599 607 1655 καὶ
678 1597 760 1655 ὅτι
808 1597 876 1655 δι’
920 1608 1079 1659 αυτοῦ
1133 1603 1178 1658 ὡ
1204 1602 1458 1683 πρόσοδος
1488 1606 1575 1661 καὶ
1601 1609 1927 1687 προσαγωγῆ

291 1688 404 1764 πρὸς
445 1688 539 1742 τὸν
604 1689 737 1744 Θεὸν
792 1689 879 1744 καὶ
915 1689 1121 1767 Πατέρα
1147 1707 1160 1719 ⁸
1208 1692 1355 1770 φύσει
1385 1690 1439 1748 δὲ
1467 1693 1638 1749 οὐκέτι
1667 1692 1926 1776 δεύτερος,

289 1772 403 1830 διότι
445 1778 480 1842 ἡ
510 1776 707 1843 θεότης
751 1776 805 1832 ἐν
848 1777 1080 1857 ἐκατέρῳ
1148 1780 1242 1855 μία
1278 1800 1292 1811 ⁸
1353 1779 1489 1837 οὕτω
1544 1780 1784 1848 δηλονόνι
1816 1772 1927 1841 τκαῖ

288 1867 338 1919 τὸ
380 1864 593 1939 Πνεῦμα
650 1868 712 1921 τὸ
752 1866 927 1947 ἅγιον,
980 1869 1025 1923 εἰ
1080 1871 1166 1924 καὶ
1220 1866 1515 1937 ὑποϐέϐηκε
1559 1873 1651 1928 τὸν
1710 1875 1828 1929 Υἰὸν
1858 1880 1926 1950 τῇ

288 1952 412 2018 τέξει
470 1956 562 2010 καὶ
623 1960 700 2027 τῷ
754 1955 1034 2037 ἀξιώματι,
1081 1958 1253 2015 οὐκέτι
1304 1959 1366 2014 ἂν
1397 1962 1612 2024 εἰκότως
1644 1963 1716 2026 ὡς
1760 1962 1925 2021 ἄλλο·

287 2044 414 2119 τρίας
473 2043 723 2123 ὑπάρχον
778 2046 983 2125 φύσεως
1040 2045 1348 2104 ἀκολουθεῖν
1406 2048 1669 2124 ε’ἷποιμεν.
1725 2075 1749 2106 n
1785 2060 1925 2109 Σκο-

288 2133 437 2187 πεῖτιη
481 2134 511 2187 6
565 2131 889 2209 βουλόμενος
938 2137 1012 2199 ὡς
1057 2137 1084 2191 6
1130 2135 1295 2214 μέγας
1340 2137 1633 2219 Βασίλειος,
1668 2146 1923 2208 συστῆσαι

286 2219 600 2306 βουλόμενος
643 2230 737 2279 τοῦ
777 2228 876 2290 τῆς
934 2221 1196 2288 εὐσεϐείας
1253 2225 1414 2306 λόγου
1474 2229 1552 2303 μὴ
1596 2228 1817 2287 ἀποδεῖν
1863 2234 1924 2287 τὸ

286 2304 593 2386 δευτερεύειν
661 2309 917 2385 ἀξιώματι
986 2320 1079 2369 τοῦ
1150 2317 1269 2372 Υἱοῦ
1308 2319 1371 2372 τὸ
1416 2322 1648 2393 Πνεῦμα,
1722 2319 1781 2376 ὲκ
1822 2323 1922 2387 τῆς

286 2395 561 2474 ἀναλογίας
604 2406 698 2455 τοῦ
738 2402 867 2479 πρὸς
920 2403 1010 2459 16v
1057 2403 1259 2483 Πατέρα
1309 2403 1589 2485 δευτερείου
1658 2416 1749 2466 τοῦ
1806 2413 1925 2467 Υἱοῦ

288 2485 547 2552 συνίστησι
620 2495 795 2547 τοῦτο.
850 2493 988 2563 ίΡησὶ
1059 2514 1178 2570 γαρ,
1253 2496 1326 2557 ὡς
1378 2497 1436 2551 Εἰ
1493 2500 1577 2553 καὶ
1627 2495 1923 2566 ὕποϐεϐηκε

285 2572 365 2627 τὸν
415 2577 536 2631 Υἱὸν
596 2583 665 2652 τῇ
722 2577 861 2643 τάξει
916 2581 1003 2635 καὶ
1055 2588 1133 2654 τῷ
1173 2580 1453 2660 ἀξιώματι,
1495 2585 1671 2644 οὐκέτι
1715 2587 1778 2644 ἅν
1848 2590 1921 2651 ὡς

285 2660 554 2755 ἀλλοτρίας
651 2667 891 2755 ὑπάρχον
961 2670 1163 2748 φύσεως
1235 2669 1559 2740 ὑποϐέϐηκεν
1629 2678 1787 2733 αὐτὸν
1854 2684 1923 2755 τῇ

285 2748 416 2814 τέξει
474 2754 564 2808 καὶ
610 2758 688 2826 τῷ
744 2754 1000 2831 ἀξιώματι
1035 2773 1050 2787 ⁸
1112 2756 1224 2814 ἐπεὶ
1282 2761 1368 2816 καὶ
1425 2762 1453 2816 6
1525 2764 1644 2826 Υἱὸς
1687 2748 1920 2844 δευτερος

285 2839 353 2893 ὢν
404 2848 497 2897 τοῦ
551 2844 759 2922 Πατρὸς
816 2847 883 2911 τῆ
952 2844 1094 2911 τάξει
1152 2848 1239 2904 καὶ
1293 2856 1370 2923 τῷ
1422 2847 1701 2929 ἀξιώματι,
1748 2839 1921 2913 οὐκέτι

287 2929 368 3021 καὶ
409 2930 558 3021 ῗὺσει
631 2931 741 2988 ἐστὶ
796 2930 1029 3013 δεύτερος
1114 2937 1212 2993 Καὶ
1283 2936 1651 3017 ἐφερμηνεόων
1702 2944 1730 2997 6
1774 2941 1921 3021 ἅγιος

287 3016 371 3111 16p
432 3017 769 3111 λόγονῌκαθ⁹
841 3021 900 3077 ἰν
968 3023 1077 3080 ἐστι
1131 3016 1391 3105 δεύτερος,
1462 3034 1555 3084 τοῦ
1623 3016 1832 3111 Πατρὸς
1894 3035 1923 3089 6

289 3106 421 3196 Υἱὸς,
459 3126 491 3196 ε
530 3108 685 3175 Τοίξει
730 3111 861 3187 μὴν,
922 3114 1072 3192 φησὶ,
1130 3121 1224 3171 τοῦ
1280 3121 1480 3194 Πατρος
1524 3116 1634 3174 ἐστι
1663 3106 1920 3196 δεότερος,

290 3191 363 3249 ὅτι
403 3195 496 3285 ᾇπ’
539 3198 763 3277 ἐκείνου,
810 3202 897 3257 καὶ
938 3191 1238 3278 ίάξιώματι,
1312 3191 1405 3261 ὁτι⁷
1442 3205 1589 3285 ἀρχὴ
1632 3211 1720 3265 καὶ
1788 3191 1927 3267 αἰτία

292 3289 361 3357 τῷ
385 3284 523 3341 εἶναι
584 3289 792 3367 Πατέρα
823 3294 978 3349 αὐτοῦ
1011 3309 1026 3325 ⁸
1058 3294 1145 3347 καὶ
1173 3290 1254 3348 ὅτι
1296 3290 1366 3348 δι’
1407 3284 1565 3352 αὐτοῦ
1595 3297 1628 3365 ἡ
1672 3296 1925 3377 πρόσοδος

292 3375 370 3429 καὶ
395 3377 724 3463 προσαγωγῆ
756 3382 885 3457 πρὸς
914 3381 1005 3437 τὸν
1036 3383 1166 3439 Θεὸν
1193 3383 1281 3438 καὶ
1312 3384 1536 3463 Πατέρα.
1574 3408 1602 3441 ι

362 3456 458 3538 ς’.
508 3463 679 3523 Ἀλλᾶ
734 3456 823 3524 τισ
889 3467 1027 3543 οἵδε,
1097 3473 1250 3551 φασὶν
1283 3473 1329 3527 οἱ
1357 3456 1740 3556 ἀντιλέγοντες,
1773 3479 1816 3533 εἰ
1865 3480 1926 3534 τὸ

293 3560 373 3645 τοῦ
396 3556 730 3645 -Πνεύματος
776 3559 907 3637 πρὸς
962 3561 1053 3616 τὸν
1123 3563 1241 3616 Υἱὸν
1306 3558 1597 3641 δευτερεῖον
1666 3564 1927 3645 ἀνάλογον

296 3642 320 3695 ὁ
382 3641 529 3721 ἅγιος
586 3643 759 3701 οἴεται
815 3654 904 3731 τῷ-
934 3650 1065 3726 πρὸς
1123 3650 1215 3704 τὸν
1267 3650 1474 3729 Πατέρα
1516 3649 1785 3731 δευτερείῳ
1835 3641 1926 3712 τοῦ

298 3732 451 3820 l'i06;
516 3734 607 3798 Τίς
652 3733 827 3817 οἱδενς
891 3728 947 3795 Ὀ
1018 3739 1084 3794 τὰ
1136 3728 1418 3816 θεολογικὰν
1469 3740 1603 3817 ῥητὰ
1655 3728 1925 3820 ἐπιμελῶς

296 3818 666 3913 έπιρχόμενος,
729 3823 781 3891 ἐξ
834 3829 910 3882 ὠν
989 3829 1023 3896 ἡ
1080 3830 1299 3896 τοιαύτη
1366 3828 1618 3910 ἀναλογία
1662 3818 1778 3913 ἔχει
1828 3836 1925 3901 τῆν

294 3904 623 3988 διατράνωσιν
652 3931 672 3950 ⁶
746 3917 821 3971 ὧν
845 3914 1060 3973 πολλῶν
1129 3916 1317 3993 ὅντων,
1385 3916 1517 3997 ὀλίγ’
1545 3904 1796 3979 ,ἅττα-ἐν
1851 3927 1931 3998 τῲ

293 4000 492 4078 παρόντι
547 4001 869 4085 ἐκθήσομεν,
927 4006 1108 4082 μόνοις
1149 4021 1267 4073 τοῖς
1310 4015 1402 4065 τοῦ
1459 4008 1692 4088 μεγάλου
1763 4010 1926 4069 Ἀθα-

293 4090 473 4170 νασίου,
526 4092 622 4157 οἷς
666 4095 694 4150 6
757 4095 924 4173 μέγας
982 4095 1133 4161 οὗτος
1190 4096 1245 4152 ἐν
1294 4102 1364 4173 τῇ
1416 4101 1548 4177 πρὸς
1619 4101 1927 4179 Σεραπίωνα

294 4179 542 4269 περὶτοῦ
598 4183 749 4262 ἁγίου
792 4184 1094 4259 Πνεύματος
1146 4184 1400 4253 ἐπιστολῆ
1469 4189 1765 4267 ἒχρήσατο,
1826 4190 1925 4269 ἅρ-

868 1246 1081 1324 ὶπάγει.
1157 1249 1297 1314 Φησὶ
1380 1249 1479 1328 γὰρ
1534 1248 1871 1315 ὑποκαταϐας
1910 1270 1934 1284 ⁸’

2010 536 2085 597 tis
2108 534 2334 618 Spiritu
2357 556 2563 599 eorum
2587 537 2973 617 cogitationes
2992 535 3397 610 subvertente,
3421 534 3566 596 illud
3596 552 3662 595 aa

2006 624 2155 686 Filio
2179 644 2314 688 esse
2335 626 2648 706 Spiritum.
2683 650 2710 681 ι
2747 644 2814 687 ex
2848 625 3118 687 oratione
3145 624 3524 703 abrogarunt,
3554 622 3660 684 sed

2014 736 2040 768 α
2073 714 2407 775 secundum
2435 721 2573 776 esse'
2591 732 2725 776 eum
2770 732 2802 775 a
2832 712 3004 786 Filio,
3036 738 3061 768 »
3098 713 3157 773 in
3189 711 3464 772 omnibus
3494 709 3666 771 libris

2010 800 2378 882 descriptum
2405 804 2797 883 reliquerunt.
2823 802 3085 882 lndeque
3108 799 3207 882 qui
3223 800 3527 881 sapientes
3550 817 3662 879 ap-

2012 891 2328 971 prehendit
2359 891 2417 952 in
2462 891 2782 953 calliditate
2812 910 3041 971 eorum,
3100 888 3415 969 diligenter
3442 887 3663 950 similia

2010 978 2494 1042 examinantibus
2524 981 2788 1041 lraudem
2832 977 3341 1059 comprehendere
3363 977 3656 1038 concedit.

2008 1064 2275 1148 Namque
2294 1068 2453 1129 nulla
2472 1068 2587 1130 alia
2608 1068 2837 1129 ratione
2878 1068 3174 1129 dicturum
3194 1083 3453 1147 unquam
3485 1065 3657 1128 Basi-

2009 1154 2154 1216 lium
2175 1175 2451 1233 magnum
2475 1153 2759 1235 Spiritum
2785 1155 3113 1218 secundum
3155 1172 3285 1217 esse
3312 1173 3346 1215 a
3374 1152 3524 1215 Filio
3555 1172 3657 1215 ar-

2009 1246 2344 1319 gumentari
2376 1244 2516 1307 licet
2542 1262 2611 1305 ex
2664 1245 2779 1316 his,
2824 1262 2953 1325 quae
2981 1244 3107 1324 ipse
3136 1242 3310 1304 dictis
3339 1242 3606 1305 annectit
3637 1263 3652 1303 :

2009 1331 2164 1393 infra
2186 1333 2347 1393 enim
2368 1332 2494 1394 haec
2517 1332 2693 1394 habet
2717 1353 2732 1392 :
2765 1331 3033 1394 «Etenim
3044 1330 3545 1411 quemadmodum
3566 1330 3653 1393 Fi-

2011 1419 2127 1481 lius
2144 1421 2354 1483 ordine
2377 1422 2731 1501 etdigmtate
2749 1441 2782 1483 a
2807 1420 2973 1482 Patre
2989 1421 3294 1480 secundus
3313 1427 3423 1491 est,
3444 1421 3654 1482 ordine

2010 1509 2440 1589 quidem,quod
2465 1528 2532 1572 ex
2549 1529 2619 1571 eo
2646 1509 3049 1589 est,diguitate
3069 1508 3397 1588 vero,quod
3420 1508 3652 1589 princi-

2010 1598 2172 1679 pium
2208 1615 2266 1661 et
2298 1618 2474 1660 causa
2507 1600 2663 1660 illius
2692 1598 2863 1661 Pater
2894 1607 3009 1672 est,
3035 1615 3104 1658 eo
3136 1597 3291 1677 quod
3325 1614 3434 1677 per
3456 1597 3651 1678 ipsum

2010 1705 2287 1749 accessus
2313 1696 2371 1748 et
2399 1688 2673 1749 adductio
2702 1688 2775 1748 ad
2806 1690 2990 1750 Deum
3023 1684 3252 1747 Patrem
3281 1702 3294 1744 :
3320 1693 3526 1748 natura
3545 1707 3650 1749 au-

1950 1821 1988 1871 B
2012 1784 2128 1837 tem
2155 1778 2314 1871 nullo
2348 1778 2522 1871 modo
2546 1777 2869 1871 secundus,
2903 1775 3060 1871 quod
3093 1774 3307 1871 _D_eitas
3322 1775 3381 1835 in
3406 1785 3652 1871 utroque

2011 1884 2150 1939 una,
2186 1865 2310 1945 pari
2340 1866 2565 1926 ratione
2610 1866 2884 1926 videlicet
2925 1873 2984 1925 et
3005 1861 3258 1944 Spiritus
3279 1872 3542 1942 sanctus,
3577 1866 3653 1928 li-

2009 1962 2101 2014 cet
2130 1955 2339 2016 ordine
2373 1963 2432 2015 et
2461 1954 2744 2032 dignitate
2762 1953 2906 2015 Filio
2931 1953 3177 2014 inferior
3197 1961 3433 2027 est,non
3456 1962 3653 2017 tamen

2005 2042 2146 2103 inde
2179 2043 2578 2105 verisimiliter
2605 2043 2815 2104 alienae
2840 2060 2970 2103 esse
2997 2050 3215 2102 naturai
3237 2041 3406 2122 sequi
3434 2041 3654 2105 dixeri-

2008 2151 2202 2193 mus.»
2222 2133 2702 2213 Consideret,cui
2722 2133 2778 2192 id
2803 2130 3649 2212 collubitumt‘uerit,magnum

2003 2219 2308 2302 Basilium,
2345 2242 2477 2282 cum
2514 2221 2764 2302 probare
2800 2221 2998 2293 vellet,
3033 2237 3150 2279 non
3177 2236 3311 2281 esse
3338 2220 3652 2284 alienuma

2004 2311 2237 2389 pietatis
2261 2311 2512 2384 ratione,
2539 2310 2864 2371 secundum
2899 2326 3030 2370 esse
3054 2326 3086 2368 a
3134 2306 3283 2368 Filio
3334 2307 3641 2391 Spiritum,

2005 2399 2545 2481 proportione,quae
2567 2408 2656 2460 est
2676 2398 2810 2460 Filii
2832 2398 2906 2459 ad
2928 2396 3335 2474 Patrem,dum
3359 2396 3541 2459 Filius
3559 2417 3653 2460 se-

2005 2489 2227 2548 cundas
2250 2506 2281 2547 a
2315 2492 2479 2549 Patre
2501 2498 2693 2567 partes
2711 2486 3001 2568 possidet,
3031 2485 3090 2546 id
3112 2485 3523 2565 comprobare.
3548 2488 3649 2550 Ait

2004 2577 2165 2637 enim
2195 2599 2206 2634 :
2240 2578 2403 2638 Licet
2433 2579 2643 2638 ordine
2674 2590 2733 2637 et
2763 2574 3043 2654 dignitate
3064 2574 3313 2635 inferior
3334 2586 3444 2655 est,
3479 2576 3649 2653 quasi

2004 2685 2122 2726 non
2141 2666 2274 2727 ideo
2296 2665 2445 2728 Filio
2466 2666 2675 2727 ordine
2703 2675 2760 2727 et
2781 2665 3067 2744 dignitate
3090 2664 3340 2725 inferior
3354 2666 3649 2746 est,quasi

2002 2754 2211 2816 aliena:
2240 2763 2461 2816 natura:
2499 2773 2741 2835 compos
2785 2775 2798 2814 :
2847 2753 3084 2834 quando
3120 2762 3178 2813 et
3208 2751 3414 2827 Filius,
3447 2754 3587 2816 licet
3612 2772 3649 2817 ε

2004 2845 2181 2906 Patre
2194 2844 2493 2905 secundus
2512 2845 2590 2905 sit
2614 2842 2825 2904 ordine
2847 2853 2904 2903 et
2922 2841 3357 2920 dignitate,non
3381 2852 3473 2903 Bal
3504 2860 3648 2922 pro-

2005 2940 2208 3011 pterea
2257 2942 2316 2994 et
2346 2942 2553 2993 natura
2581 2933 2901 2994 secundus.
2935 2929 3005 2991 Et
3052 2948 3355 3011 exponens
3407 2941 3649 2994 sauctus

2006 3022 2376 3102 dictum,quo
2405 3020 2637 3082 Filiusa
2684 3022 2855 3083 Patre
2878 3019 3177 3082 secundus
3211 3029 3325 3093 est,
3358 3044 3386 3075 ι
3418 3020 3649 3084 Ordine

2006 3110 2270 3191 quidem,
2296 3109 2508 3191 inquit,
2542 3111 2842 3171 secundus
2863 3120 3003 3170 esta
3033 3113 3224 3183 Patre,
3258 3108 3415 3189 quod
3445 3126 3517 3171 ex
3546 3110 3649 3172 illo

2007 3208 2118 3274 est,
2148 3208 2206 3261 et
2234 3199 2542 3279 dignitate,
2582 3200 2737 3279 quod
2790 3199 3144 3279 principium
3180 3204 3241 3258 et
3266 3215 3463 3271 causa,
3490 3198 3650 3278 quod

2008 3287 2110 3348 ille
2141 3288 2238 3359 sit,
2265 3290 2439 3350 Pater
2456 3297 2543 3349 est
2566 3309 2581 3369 ;
2608 3297 2663 3348 et
2685 3286 2840 3367 quod
2866 3304 2973 3366 per
3003 3304 3139 3349 eum
3155 3302 3430 3347 accessus
3452 3295 3510 3348 et
3537 3287 3646 3348 ad-

2009 3375 2205 3437 ductio
2228 3380 2300 3439 ad
2331 3376 2517 3438 Deum
2550 3376 2803 3438 Patrem.
2834 3400 2861 3431 »

2087 3466 2145 3527 6.
2181 3466 2297 3527 Sed
2322 3466 2452 3547 quis
2472 3464 2887 3545 scit,inquiunt
2907 3462 3334 3541 adversarii,an
3356 3464 3649 3527 secundas

2009 3563 2203 3634 partes
2229 3555 2481 3635 Spiritus
2512 3564 2788 3635 respectu
2821 3553 2975 3635 Filii,
2995 3553 3377 3634 proportione
3408 3555 3646 3635 quidem

2004 3647 2643 3726 respondere,sanctus
2655 3646 2928 3726 opinetur
2943 3645 3224 3706 secundis
3235 3644 3368 3706 Filii
3380 3646 3647 3726 partibus

2009 3744 2280 3814 respectu
2305 3733 2662 3807 l’atris‘IQuis
2687 3734 2947 3806 scitZ’Qui
2968 3734 3302 3814 tbe010gica
3320 3735 3479 3796 dicta
3508 3735 3649 3796 dili-

2006 3835 2216 3901 genter
2245 3826 2557 3905 percurrit,
2578 3824 2791 3905 quibus
2812 3823 3023 3885 similis
3047 3824 3349 3904 proportio
3373 3825 3544 3903 plane
3565 3824 3654 3883 in-

2010 3913 2431 3985 notescit.Qum
2452 3914 2589 3975 licet
2611 3915 2890 3994 pleraque
2910 3912 3240 3993 sint,pauca
3263 3912 3651 3974 nihisominus

2012 4000 2108 4061 hic
2138 4005 2815 4084 apponemus,contendi
2839 4002 3245 4065 tantummodo
3264 4002 3440 4064 dictis
3455 4003 3651 4082 magni

2008 4090 2475 4172 Athanasii,quae
2500 4111 2745 4172 magnus
2767 4092 2867 4153 ille
2892 4092 3141 4173 epistola
3155 4094 3230 4152 ad
3262 4092 3647 4171 Serapionem

2010 4177 2084 4240 de
2112 4180 2335 4260 Spiritu
2368 4190 2570 4242 sancto
2601 4181 3193 4262 usurpavit.Sanctus
3222 4181 3381 4241 enim
3402 4181 3463 4239 in
3480 4181 3654 4242 eaita

293 4267 565 4358 κξαθέντες.
604 4270 753 4329 061w
795 4274 894 4353 γὰρ
950 4277 978 4330 6
1030 4276 1179 4353 ἆγιος
1221 4274 1398 4331 ἐκετσέ
1449 4297 1604 4356 φησι.
1644 4298 1667 4333 α
1702 4278 1800 4335 Καὶ
1827 4266 1925 4358 γαρ

2009 4266 2272 4358 loquitur
2306 4288 2318 4358 ;
2359 4294 2385 4325 α
2419 4270 2653 4331 Etenim
2682 4270 2733 4331 si
2781 4283 3025 4351 propter
3057 4268 3230 4331 Verbi
3259 4269 3539 4358 usionem
3571 4271 3649 4331 ad

298 4355 334 4408 εί
359 4354 436 4413 διὰ
473 4380 572 4427 την
617 4363 747 4440 πρὸς
816 4365 910 4419 τὸν
969 4362 1172 4441 Πατέρα
1216 4370 1309 4420 106
1359 4354 1529 4443 Λόγου
1587 4364 1808 4433 ἑνότητα
1842 4354 1928 4425 ὀῦ

299 4443 515 4504 θέλουσιν
556 4450 704 4508 εἶναι
746 4458 854 4509 τῶν
911 4459 1180 4532 γεννητῶν
1247 4452 1403 4509 αὐτὸν
1471 4454 1560 4509 τὸν
1607 4455 1747 4529 Υἱὸν,
1796 4454 1927 4515 διατί

301 4534 353 4588 16
404 4543 616 4616 Πνεῦμα
682 4542 747 4597 16
788 4541 963 4624 ἅγιον,
1020 4542 1083 4599 τό
1140 4543 1238 4610 τὴν
1283 4543 1446 4613 αὖτήν
1503 4541 1636 4622 ἔχον
1703 4542 1927 4612 ἑνότητα

302 4623 410 4701 πρὸς
448 4628 540 4684 τὸν
596 4630 730 4687 Υἱὸν
786 4629 852 4698 ἤν
903 4633 1058 4695 αὐτὸς
1105 4631 1223 4711 ἔχει
1250 4632 1379 4710 πρὸς
1421 4632 1515 4687 τὸν
1543 4629 1774 4713 Πατέρα,
1806 4633 1927 4690 κτί-

305 4730 397 4785 σμα
459 4714 757 4798 λέγουσιν;
814 4742 839 4777 ι
903 4722 1001 4779 Καὶ
1057 4722 1192 4796 μετὰ
1241 4718 1417 4777 πολλὰ
1470 4723 1571 4787 τῆς
1641 4718 1926 4790 ἐπιστολῆς

302 4802 521 4895 ξιύτηςῗέ
590 4829 621 4863 ε
667 4807 882 4885 ’Λμέλει
941 4812 971 4866 6
1022 4810 1119 4887 μὲν
1188 4811 1305 4874 Υἱὸς
1372 4812 1515 4891 παρὰ
1568 4819 1659 4870 106
1724 4817 1928 4895 Πατρὸς

298 4887 659 4981 ἀποστέλλεται
694 4915 709 4930 ⁸
747 4922 777 4954 ι
824 4899 1005 4957 Ηῧτω,
1031 4900 1154 4979 γὰρ,
1214 4900 1395 4980 φησὶν,
1441 4887 1469 4957 6
1521 4901 1650 4966 Θεός
1679 4887 1930 4981 ἠγάπησε

433 4983 658 5066 κόσμον,
729 4985 870 5045 ὥστε
940 4978 1053 5045 τὸν
1109 4978 1237 5044 Υἶόνί
1305 4978 1464 5046 αὐτοῦ
1514 4990 1608 5046 τόν
1663 4978 1928 5070 μονογενῆ

298 5064 472 5128 ἔδωκεν
522 5094 535 5107 ⁸
578 5096 603 5131 ι
642 5064 694 5131 -ὁ
748 5074 804 5131 δὲ
861 5077 981 5142 Υἱός
1031 5076 1094 5133 τό
1124 5083 1337 5153 Πνεῦμα
1365 5064 1706 5141 ἄποστέλλει.
1744 5102 1768 5134 ιι
1805 5064 1929 5137 ὅΕιὶιν

2008 4357 2243 4419 Patrem
2265 4357 2530 4420 abnuunt
2547 4376 2680 4421 esse
2710 4368 3039 4419 creaturam
3063 4357 3254 4436 ipsum
3284 4356 3517 4429 Filium,
3535 4375 3651 4436 qua

2011 4445 2085 4507 de
2107 4465 2283 4508 causa
2302 4448 2585 4528 Spiritum
2617 4456 2891 4508 sanctum
2916 4446 3183 4524 ejusdem
3206 4443 3445 4506 unitatis
3465 4445 3535 4505 ad
3558 4444 3651 4505 Fi-

2010 4534 2179 4609 lium,
2233 4554 2409 4616 quam
2443 4535 2627 4596 Filius
2673 4535 2853 4595 habet
2902 4538 2974 4595 ad
3025 4532 3279 4614 Patrem,
3314 4541 3650 4612 compotem

2009 4633 2343 4687 creaturam
2392 4622 2715 4685 asserunt?
2750 4647 2775 4679 »
2836 4623 2909 4684 Et
2957 4621 3224 4702 pluribus
3273 4621 3649 4700 interjectis:

2016 4732 2040 4765 ιι
2076 4707 2345 4771 Profecto
2396 4710 2581 4772 Filius
2627 4709 2869 4790 quidem
2902 4728 2937 4771 a
2963 4710 3134 4771 Patre
3160 4708 3407 4769 mittitur
3437 4725 3451 4770 :
3494 4730 3517 4764 ι
3554 4706 3654 4770 Sic

2010 4797 2417 4880 enim,inquit,
2438 4799 2596 4863 Deus
2626 4799 2915 4860 mundum
2936 4798 3142 4860 dilexit
3161 4806 3224 4859 ut
3240 4797 3455 4858 Filium
3477 4814 3650 4858 suum

2009 4887 2378 4968 unigenitum
2409 4888 2704 4965 daretlﬁ‘;
2729 4910 2759 4949 ι
2781 4888 2966 4951 Filius
2987 4904 3125 4950 vero
3141 4886 3427 4967 Spiritum
3452 4884 3648 4964 mittit,

2015 4976 2112 5041 «Si
2132 4978 2312 5056 enim,
2340 4978 2445 5056 ait,
2478 4977 2825 5058 egoabiero,
2860 4976 3087 5038 mittam
3117 4974 3482 5039 Paracletum
3509 4976 3585 5036 ιτ.
3618 5000 3645 5032 ι

2013 5068 2084 5132 Ει
2110 5068 2294 5131 Filius
2313 5070 2558 5151 quidem
2584 5071 2815 5131 Patrem
2845 5067 3153 5151 gloriﬁcat,
3184 5066 3392 5129 dicens
3420 5083 3434 5129 :
3475 5090 3503 5123 ι
3535 5065 3649 5130 Pa-

296 5158 405 5238 γὰρ,
460 5165 642 5242 φησὶν,
699 5164 809 5244 ἑγὼ
860 5165 1097 5242 ἀπέλθω,
1152 5164 1433 5224 ἀποστελῶ
1489 5167 1581 5224 τόν
1641 5168 1925 5246 Παράκλη-

2016 5167 2130 5234 ter,
2156 5176 2268 5241 ego
2310 5170 2367 5222 te
2395 5158 2714 5238 gloriﬁcavi
2738 5158 2816 5218 18.
2854 5182 2880 5213 η
2916 5154 3173 5246 Spiritus
3200 5173 3339 5246 uero
3367 5155 3654 5246 gloijlicat

300 5266 403 5312 τον,
450 5275 478 5307 ι
540 5255 640 5313 Καὶ
685 5255 715 5311 6
771 5257 869 5331 μὲν
910 5256 1028 5315 Υἱός
1082 5256 1173 5314 τόν
1230 5256 1436 5335 Πατέρα
1464 5255 1685 5332 δοξάζει,
1735 5255 1927 5337 λέγων·

2015 5247 2254 5312 Filium:
2270 5247 2409 5310 ullle
2431 5246 2892 5324 enim,dicit,me
2906 5244 3377 5325 gloriﬁcabitﬁh
3389 5244 3458 5305 Et
3471 5243 3655 5305 Filius

305 5358 330 5389 ι
372 5339 563 5421 Πάτερ,
610 5341 720 5423 ἐγώ
769 5365 830 5400 σε
870 5342 1110 5410 ἐδόξασα.
1162 5368 1188 5405 ι
1248 5346 1319 5404 Τὸ
1374 5332 1431 5401 δὲ
1480 5351 1696 5422 Πνεῦμα
1737 5332 1925 5419 δοξάζει

2019 5340 2259 5426 quidem
2289 5338 2434 5401 dicit
2467 5358 2481 5398 :
2521 5337 2699 5410 «Quae
2752 5335 2949 5398 audivi
3003 5352 3035 5395 a
3081 5337 3279 5413 Patre,
3320 5335 3446 5396 haec
3475 5341 3534 5394 et
3561 5332 3657 5394 lo-

369 5505 426 5558 16
450 5507 621 5578 Joan.
656 5527 748 5591 in,
784 5513 880 5578 16.
911 5512 968 5566 ίΊ
998 5510 1178 5579 Joan.
1205 5529 1331 5588 ινι,
1361 5514 1461 5578 l7.
1495 5512 1556 5566 *8
1577 5511 1754 5582 Joan.
1784 5530 1925 5593 nn,

2007 5552 2033 5582 ,,
2065 5513 2125 5565 to
2146 5506 2317 5573 Joan.
2346 5525 2468 5588 xw,
2508 5508 2603 5571 14.
