4142 6286
479 315 586 380 167

469 540 582 602 «Ex
601 559 730 602 meo
749 541 908 602 enim
922 538 1196 618 accipiet,
1221 536 1320 608 ait,
1351 535 2056 597 etannuntiabitvobisel.
2091 554 2118 591 ι

464 629 534 690 Et
574 629 756 691 Filius
797 628 1036 710 quidem
1069 627 1128 686 in
1163 624 1402 686 nomine
1444 623 1632 685 Patris
1681 624 1876 685 venit:
1921 648 1943 678 α
1980 621 2119 703 Spi-

466 718 614 778 ritus
631 735 770 779 vero
796 725 1054 790 sanctus,
1090 733 1266 795 quem
1288 714 1476 773 mittet
1493 712 1685 784 Pater,
1706 712 1986 792 inquit,in
2019 731 2121 773 no-

469 808 627 868 mine
644 826 772 868 meo
789 807 862 869 99.
879 833 899 860 υ
939 803 1107 866 Hunc
1125 806 1320 882 itaque
1338 801 1607 863 ordinem
1627 810 1682 862 et
1700 812 1966 863 naturam
1985 820 2122 880 erga

465 894 679 956 Filium
714 893 1058 975 possidente
1078 890 1326 972 Spiritu,
1354 909 1528 971 quam
1563 898 1620 950 et
1651 891 1834 952 Filius
1860 890 2124 970 possidet

467 1001 606 1059 erga
639 985 894 1058 Patrem,
927 999 1042 1060 qua
1071 979 1302 1040 ratione
1327 979 1426 1058 qui
1475 979 1632 1039 hunc
1654 987 1984 1039 creaturam
2019 997 2118 1038 as-

467 1070 758 1143 serit,non
784 1071 942 1132 idem
971 1077 1029 1131 et
1049 1069 1122 1130 de
1147 1067 1294 1128 Filio
1317 1069 1655 1130 necessario
1679 1066 2074 1146 excogitabit?
2093 1092 2114 1121 ιι

467 1157 577 1230 Qui
609 1159 733 1220 hinc
759 1158 1090 1237 theologica
1111 1157 1266 1218 dicta
1287 1165 1557 1218 accurate
1584 1157 1931 1236 perpendet.
1951 1173 2119 1235 aequo

464 1249 660 1309 animo
698 1266 941 1328 prorsus
992 1265 1300 1308 assensum
1358 1244 1664 1325 praebebit,
1696 1244 2116 1307 concordabit-

467 1356 581 1416 quc
638 1356 772 1398 cum
821 1336 1272 1414 aliirmantibus,
1331 1335 1428 1394 illa
1487 1335 1860 1395 solummodo
1891 1333 2119 1394 ratione

467 1423 751 1504 Spiritum
805 1425 919 1486 dici
980 1423 1309 1485 secundum
1373 1443 1404 1483 a
1433 1422 1605 1486 Filio.
1641 1441 1755 1501 qua
1783 1431 1839 1482 et
1875 1421 2058 1483 Filius
2087 1439 2121 1482 a

470 1512 643 1574 Patre
669 1531 802 1576 esse
821 1513 1120 1575 secundus
1142 1511 1624 1583 astruiturﬂuod
1647 1511 1694 1569 si
1720 1509 1774 1571 id
1798 1529 1913 1570 non
1940 1517 2116 1582 esset,

472 1621 772 1680 nunquam
805 1601 962 1663 idem
991 1621 1238 1681 magnus
1253 1601 1506 1662 Basilius
1527 1599 1758 1660 decimo
1780 1597 2032 1678 septimo
2049 1598 2121 1659 ad

1550 313 1762 376 JOAN.
1815 312 2035 376 VECCI
2077 316 2191 379 ΟΡ.
2240 313 2756 380 ΡΑΤΒΙΑΗΟΗᾸΕ

465 470 617 532 quor
645 451 704 512 in
734 450 1020 513 mundum
1042 447 1433 529 '0;nSpiritus
1449 466 1587 508 vero
1603 465 1669 508 ex
1689 445 1839 507 Filio
1865 445 2108 524 accipit:
2136 457 2174 505 Α
2196 448 2284 503 τόν
2350 447 2467 502 Υἱόν
2524 463 2537 478 ·

3724 329 3746 384 t
3763 311 3842 386 6‘8

2590 469 2612 502 (ι
2667 447 2906 514 Ἐκεῖνος
2963 448 3338 532 -ίὰρννῇφτισὶν,
3403 444 3498 528 ἐμὲ
3549 453 3772 526 δοξάζει,
3808 479 3836 508 ii

2207 537 2303 594 Καὶ
2346 538 2373 592 6
2430 536 2526 610 μὲν
2573 539 2688 600 Υἱός
2733 562 2917 618 φησιν,
2976 523 3010 594 ἀ
3034 523 3043 530 1
3071 523 3395 607 ’ἡκ-ἤκουσα
3426 523 3567 615 παρὰ
3596 523 3696 600 τοῦ⁷
3730 550 3844 601 Πα-

2201 625 2346 699 τρός,
2409 633 2570 681 ταῦτα
2627 623 2720 684 παῖ
2797 627 2944 684 λαλῶ
3019 631 3091 692 εἰς
3163 631 3253 686 τόν
3312 630 3535 703 κόσμον,
3573 656 3600 686 ιι
3670 634 3740 690 T6
3793 631 3846 687 δέ

2206 720 2414 788 Πνεῦμα
2457 713 2516 770 ἐκ
2557 722 2650 770 τοῦ
2706 717 2827 772 Υἱοῦ
2881 715 3139 791 λαμϐάνει
3177 738 3192 754 ο
3247 739 3270 773 α
3306 718 3403 775 Ἐκ
3430 727 3521 776 τοῦ
3565 721 3692 796 ἐμοῦ
3750 720 3846 798 γὰρ

2203 801 2455 878 λήψεται,
2518 805 2670 883 φησὶ,
2730 806 2817 861 καὶ
2887 805 3175 885 ἀναγγελεῖ
3243 809 3403 882 ἡμῖν,
3439 832 3466 864 ι
3530 811 3628 867 Καὶ
3682 812 3709 866 6
3753 810 3847 884 μὲΑ

2218 891 2330 954 Υἱός
2382 890 2434 946 ἐν
2505 899 2582 967 τῷ
2638 893 2858 968 ὀνόματι
2920 903 3011 951 τοῦ
3072 894 3271 974 [Ιᾶορός
3314 898 3444 974 ἦγθε
3494 914 3509 929 ⁶
3581 921 3608 952 α
3669 898 3738 956 Τό
3793 896 3846 953 δὲ

2205 985 2416 1054 Πνεῦμα
2473 981 2533 1036 τό
2577 979 2752 1060 ἅγιον,
2810 984 2990 1061 φησὶν,
3051 983 3078 1038 ὅ
3124 984 3325 1060 πέμψει
3385 989 3413 1041 ὁ
3468 987 3649 1064 Πατὴρ
3678 986 3730 1042 ὲν
3772 993 3847 1060 τῷ

2203 1068 2422 1143 ὀνόματί
2464 1092 2588 1144 μου.
2627 1093 2654 1125 ι
2690 1072 2952 1138 Τοιαύτην
2981 1071 3035 1128 δὲ
3091 1072 3235 1138 τάξιν
3287 1075 3373 1130 καὶ
3429 1079 3580 1153 φῦσιν
3630 1073 3846 1154 ἔχοντος

2202 1165 2294 1214 τοῦ
2363 1160 2664 1233 Πνεύματος
2735 1162 2865 1234 πρὸς
2937 1163 3028 1218 τόν
3109 1164 3250 1238 T16v,
3299 1163 3421 1218 οἵαν
3485 1167 3512 1220 6
3577 1165 3693 1228 Υἱὸς
3735 1163 3847 1244 ἔχει

2201 1248 2331 1324 πρὸς
2379 1247 2469 1302 τόν
2500 1247 2728 1328 Πατέρα,
2777 1255 2891 1312 πῶς
2937 1253 2963 1306 6
3031 1258 3182 1306 10610
3239 1252 3433 1327 κτίσμα
3463 1251 3634 1331 λέγων
3685 1257 3744 1312 06
3792 1255 3851 1309 10'

2202 1337 2327 1421 αὐτὸ
2385 1339 2471 1392 καί
2539 1339 2655 1416 περὶ
2724 1345 2814 1394 τοῦ
2895 1343 3014 1396 T106
3075 1338 3126 1405 ἐξ
3181 1340 3417 1418 ἀνάγκης
3473 1344 3770 1421 φρονήσει,
3824 1364 3844 1396 ι

2207 1413 2264 1480 εΟ
2319 1424 2385 1479 τὰ
2451 1413 2728 1504 Θεολογικὰ
2789 1435 2952 1485 ταῦτα
3003 1428 3138 1506 ῥητὰ
3182 1413 3448 1504 ἐπιμελῶς
3487 1413 3852 1510 διερχόμενος

2204 1513 2549 1591 εὐγνωμόνως
2635 1516 2809 1582 πάντη
2871 1521 3182 1587 συνθήσεται
3239 1532 3355 1583 τοῖς
3418 1516 3856 1597 διαγινώσκουσιν

2203 1599 2320 1656 κατ’
2393 1598 2574 1658 οὐδένα
2629 1601 2804 1678 ἕτερον
2871 1603 3032 1683 λόγον
3089 1609 3151 1662 16
3219 1613 3430 1681 Πνεῦμα
3493 1605 3855 1686 θεολογεῖσθαι

468 1691 950 1770 Amphilochium
984 1695 1176 1771 capite
1227 1690 1569 1769 scripsisset
1610 1706 1621 1749 :
1658 1715 1680 1742 ‹‹
1717 1685 2120 1758 Quemadmo-

2212 1687 2438 1766 δεύτερον
2482 1697 2573 1747 τοῦ
2633 1695 2769 1764 T106,
2825 1693 2943 1750 ἀλλ’
3003 1695 3038 1762 ἣ
3111 1696 3246 1752 κατὰ
3305 1696 3463 1770 μόνον
3514 1685 3695 1770 αὐτὸν,
3739 1693 3854 1752 καθ’

469 1780 606 1839 dum
638 1779 835 1860 itaque
857 1799 921 1841 se
967 1780 1148 1840 habet
1190 1779 1374 1841 Filius
1405 1779 1473 1838 ad
1502 1777 1757 1851 Patrem,
1795 1777 1874 1836 ita
1904 1785 1962 1836 et
1991 1795 2123 1838 sese

2212 1777 2263 1832 ὃν
2293 1781 2381 1834 καὶ
2434 1781 2460 1834 ὁ
2532 1780 2649 1845 Υἱός
2692 1789 2784 1837 103
2821 1783 3023 1857 Πατρός
3075 1784 3185 1839 ἐστι
3215 1782 3474 1864 δεύτερος.
3509 1787 3567 1842 Εἰ
3639 1786 3738 1863 γὰρ
3780 1788 3858 1859 μὴ

470 1869 724 1948 Spiritus
753 1869 824 1930 ad
876 1867 1090 1930 Filium
1136 1869 1307 1948 juxta
1354 1867 1623 1927 ordinem
1676 1868 1730 1926 in
1767 1865 2060 1944 baptismo
2092 1885 2124 1926 a

2212 1873 2380 1945 10610,
2439 1872 2534 1926 οὒκ
2577 1866 2637 1924 ἂν
2700 1872 2727 1925 6
2786 1872 2939 1935 αὐτὸς
2973 1871 3138 1948 μέγας
3171 1871 3440 1936 Βασίλειος
3471 1873 3524 1927 ὲν
3566 1880 3645 1948 τῷ
3687 1875 3858 1929 ἑπτα-

473 1956 668 2017 Verbo
692 1957 996 2019 traditum.
1032 1956 1194 2028 Quod
1226 1956 1273 2015 si
1299 1953 1555 2034 Spiritus
1591 1973 1721 2015 cum
1751 1954 1894 2013 Filio
1913 1955 2122 2014 eodem

2212 1954 2499 2029 καιδεκάτῳ
2540 1963 2645 2030 τῷν
2701 1961 2830 2036 πρός
2879 1959 3232 2040 Ἀμφιλόχιον
3279 1961 3380 2040 ἔφη
3417 1979 3431 1994 ⁸
3473 1981 3502 2020 (
3549 1959 3645 2026 Ὠς
3693 1964 3860 2017 τοίνυν

469 2047 676 2106 ordine
708 2046 988 2114 enitet,et
1021 2045 1206 2108 Filius
1231 2063 1365 2106 cum
1405 2046 1601 2116 Patre,
1637 2043 1824 2122 liquet
1855 2050 1913 2103 et
1940 2040 2122 2123 Spiri-

2212 2043 2323 2124 ἔχει
2367 2047 2395 2101 6
2455 2046 2573 2109 Υἱός
2631 2047 2760 2126 πρός
2818 2049 2908 2104 τόν
2962 2049 3188 2129 Πατέρα,
3251 2049 3388 2107 οὕτω
3451 2052 3537 2107 καὶ
3580 2052 3714 2126 πρός
3774 2050 3863 2106 τόν

471 2144 590 2195 tum
617 2135 828 2197 eodem
860 2135 1070 2197 ordine
1097 2134 1356 2196 emicare
1385 2151 1520 2193 cum
1556 2135 1747 2193 Patre.
1791 2156 1816 2185 ι›

2212 2133 2327 2190 Υἱόν
2384 2135 2444 2190 τό
2504 2141 2713 2211 Πνεῦμα
2772 2138 2907 2192 κατὰ
2949 2137 3046 2204 την
3087 2139 3140 2193 ἐν
3181 2145 3258 2212 τῷ
3299 2140 3627 2215 βαπτίσματι
3685 2161 3862 2218 παρα-

475 2223 758 2299 δεδομένην
787 2234 877 2282 τοῦ
909 2226 1078 2303 Λόγου
1112 2222 1369 2288 σύνταξιν.
1408 2225 1460 2278 Εἰ
1505 2221 1557 2277 δὲ
1625 2225 1683 2278 τὸ
1742 2227 1949 2295 Πνεῦμα
1995 2229 2072 2297 τῷ
2131 2225 2236 2298 1⁸ἱῷ
2297 2222 2660 2305 συντέτακται,
2707 2227 2734 2281 6
2779 2223 2832 2281 δὲ
2893 2228 3012 2289 Υἱὸς
3055 2234 3130 2301 τῷ
3172 2229 3356 2306 Πατρὶ,
3403 2230 3489 2284 καὶ
3545 2230 3610 2283 16
3656 2234 3866 2302 Πνεῦμα

473 2314 549 2378 τῷ
579 2309 740 2384 Πατρὶ
769 2305 1038 2372 δηλονοτι,
1079 2333 1100 2362 ι

553 2393 605 2452 7.
640 2390 755 2454 Sed
789 2415 821 2452 υ
857 2390 1344 2472 improbitatem!
1383 2410 1416 2450 ο
1439 2388 1747 2450 victoriam
1783 2389 2126 2466 pessimam,

477 2499 650 2562 quam
686 2480 957 2561 plerique
989 2479 1274 2558 consequi
1297 2477 1684 2550 contendunt,
1721 2478 1858 2538 dum
1895 2479 1968 2539 de
1994 2498 2127 2539 om-

477 2570 651 2631 nibus
685 2569 978 2643 hzesitant,
1012 2577 1072 2630 et
1102 2567 1297 2629 omnia
1351 2567 1410 2627 in
1461 2566 1708 2626 dubium
1757 2575 1990 2629 vertere
2021 2587 2126 2628 co-

474 2659 718 2720 nantur!
751 2657 1070 2730 Etenim,si
1101 2657 1306 2718 eadem
1338 2656 1592 2731 ratione,
1630 2656 2129 2736 inquiunt,atque

475 2746 662 2809 Filius
691 2767 723 2808 a
753 2750 922 2810 Patre
954 2746 1254 2808 secundus
1279 2753 1368 2807 est
1390 2743 1645 2825 Spiritus
1668 2763 1698 2807 a
1723 2745 1994 2824 Filio,vel
2017 2749 2131 2806 erit

473 2855 540 2898 ex
574 2836 748 2917 Filio,
776 2837 957 2898 veluti
978 2856 1047 2897 ex
1073 2835 1262 2914 prima
1282 2853 1457 2896 causa
1483 2843 1542 2895 et
1565 2839 1758 2912 primo
1786 2835 2078 2914 principio
2108 2852 2121 2896 :

473 2925 588 2999 vel,
623 2924 670 2984 si
706 2931 814 2985 hoc
849 2944 963 2986 non
997 2933 1110 2997 est,
1143 2923 1324 2984 veluti
1358 2941 1426 2984 ex
1451 2922 1686 2983 duobus
1717 2924 1928 2986 saltem
1959 2923 2127 3002 ejusa

477 3014 612 3075 dem
642 3012 947 3090 dignitatis
1004 3012 1338 3094 principiis,
1385 3013 1560 3074 Patre
1587 3022 1650 3073 et
1678 3012 1826 3074 Filio
1861 3033 1872 3070 :
1929 3013 2044 3085 vel,
2079 3009 2129 3072 si

477 3105 588 3164 hoc
611 3077 852 3182 quoque
881 3077 1230 3176 non'fuerit',
1265 3077 1447 3163 veluti
1479 3118 1549 3162 ex
1581 3100 1773 3181 prima
1801 3112 1853 3164 et
1901 3099 2125 3182 absque
2147 3077 2186 3126 C

472 3191 766 3272 principio
788 3210 966 3252 causa
988 3190 1256 3271 Patre,ex
1291 3189 1652 3270 principium
1683 3209 1821 3251 vero
1843 3190 2122 3260 habente,

474 3288 533 3342 et
563 3282 830 3342 secunda
860 3280 1032 3343 Filio.
1068 3281 1154 3342 Ad
1181 3281 1306 3341 haec
1337 3279 1685 3358 igitur,licet
1713 3280 2035 3359 pugnaista
2055 3279 2124 3340 ad

478 3387 586 3430 nos
617 3369 864 3431 minime
890 3369 1317 3450 pertineat,sed
1343 3369 1412 3430 ad
1450 3368 1640 3445 illum,
1676 3369 1774 3448 qui
1809 3369 1961 3429 dixit
1989 3367 2128 3449 Spi-

477 3459 654 3519 ritum
679 3478 712 3519 a
755 3458 902 3520 Filio
953 3460 1194 3533 habere,
1231 3459 1386 3538 quod
1421 3458 1518 3538 sit,
1553 3469 1610 3518 et
1637 3475 1770 3519 esse
1799 3458 2129 3518 secundum

477 3547 761 3624 dignitate
793 3566 827 3608 a
850 3547 1024 3623 Filio,
1059 3546 1560 3627 quemadmodum
1592 3545 1778 3606 Filius
1802 3554 1890 3607 est
1911 3564 2128 3606 secun-

475 3636 586 3697 dus
617 3635 900 3714 dignitate
931 3655 962 3696 a
1028 3640 1218 3708 Patre,
1274 3635 1660 3696 nihilominus
1688 3634 1768 3695 ita
1797 3635 2130 3714 responde-

475 3746 635 3790 mus:
658 3729 780 3790 Etsi
805 3728 1132 3789 secundum
1157 3727 1587 3806 essedignitate
1617 3746 1649 3788 a
1670 3726 1820 3788 Filio
1845 3725 2130 3806 Spiritum

477 3828 748 3881 sanctum
768 3819 1103 3890 tradiderit,
1130 3828 1406 3898 tanquam
1432 3819 1530 3899 qui
1553 3819 1627 3880 ab
1653 3838 1720 3879 eo
1743 3819 1940 3898 habet,
1971 3820 2130 3898 quod

475 3909 572 3984 sit,
609 3918 667 3969 et
697 3909 990 3970 secundas
1047 3909 1178 3970 Filii
1225 3917 1421 3988 partes
1447 3908 1518 3970 ad
1544 3912 1782 3971 Patrem
1816 3909 1886 3969 ad
1921 3927 2130 3969 corro-

480 3997 812 4058 borandum
843 3999 1191 4078 assumpsit,
1218 3998 1440 4058 dictum
1468 3999 1578 4058 hoc
1611 3997 1848 4078 pietatis
1865 4016 1995 4058 esse
2015 4006 2128 4058 tra-

477 4085 765 4147 ditionem
805 4108 817 4148 :
855 4095 912 4148 at
943 4105 1059 4148 non
1101 4094 1414 4167 propterea
1442 4085 1696 4165 Spiritus
1725 4094 1824 4146 aut
1851 4086 2028 4148 veluti
2060 4104 2130 4147 ex

479 4177 672 4254 prima
715 4182 774 4236 et
804 4173 1028 4254 absque
1060 4173 1354 4253 principio
1389 4193 1563 4234 causa
1593 4175 1701 4234 erit
1735 4194 1800 4234 ex
1833 4174 2006 4246 Filio,
2035 4180 2134 4233 aut

478 4263 660 4324 veluti
693 4281 761 4325 ex
787 4263 1020 4325 duobus
1043 4264 1284 4344 aequalis
1305 4263 1606 4342 dignitatis
1629 4264 1937 4344 principiis
1961 4265 2130 4325 Patre

480 4359 540 4413 et
567 4351 742 4426 Filio,
773 4361 871 4413 aut
918 4352 1103 4414 veluti
1135 4371 1205 4414 ex
1239 4371 1414 4413 causa
1449 4351 1578 4412 sine
1610 4353 1903 4432 principio
1937 4354 2129 4428 Patre,

479 4449 538 4502 et
565 4459 741 4503 causa
774 4461 906 4502 cum
932 4441 1224 4522 principio
1256 4441 1428 4504 Filio.
1451 4444 1676 4521 Apage.
1715 4461 1898 4522 apage
1928 4441 2132 4502 istius-
2155 4473 2196 4522 ι)

478 4529 639 4590 modi
661 4530 837 4593 verba
857 4550 987 4611 quae
1005 4531 1180 4612 plena
1200 4529 1571 4610 blasphemia
1594 4531 2134 4612 blasphemiasom-

479 4635 592 4680 nes
623 4629 1012 4699 exsuperante
1032 4620 1404 4682 sordescunt.
1431 4617 1529 4680 Nat
1550 4619 1651 4681 ille
1683 4620 1783 4700 qui
1814 4620 1938 4680 haec
1968 4621 2137 4681 indu-

481 4705 644 4768 bium
679 4711 1098 4789 incertumque
1129 4717 1388 4783 revocat,
1423 4718 1559 4770 ante
1580 4710 1834 4771 tribunal
1857 4709 2138 4771 adversus

484 4813 764 4874 magnum
792 4797 1077 4859 Basiliam
1111 4799 1375 4872 sistetur,
1412 4798 1567 4878 quod
1609 4798 1710 4860 ille
1741 4801 2136 4860 comminatus

483 4891 572 4946 est
595 4903 727 4947 sese
749 4886 1250 4949 calumniantibus
1274 4894 1392 4947 tres
1417 4887 1560 4947 deos
1592 4888 1939 4950 decernere.
1961 4885 2138 4948 Nam-

482 4991 598 5054 que
627 4993 761 5035 cnm
793 4985 993 5037 essent
1024 4995 1094 5038 ea
1127 4975 1431 5056 aetate,qui
1463 4975 1646 5037 multa
1665 4993 1734 5037 ex
1755 4976 2129 5056 ejustheolo-

483 5061 630 5140 gicis
657 5061 832 5124 dictis
861 5065 1342 5140 criminarentur,
1377 5065 1457 5125 ita
1487 5064 1770 5126 verbatim
1799 5083 2002 5130 eorum
2027 5083 2130 5126 ca-

483 5148 772 5210 lumniam
797 5163 1034 5214 sanctus
1056 5155 1276 5231 tragice
1293 5154 1561 5234 deplorat
1584 5173 1596 5216 :
1626 5153 1802 5226 «Quis
1824 5153 2023 5234 itaque
2043 5154 2131 5214 fu-

483 5254 586 5300 ror
613 5247 704 5300 est
730 5257 959 5301 eorum.
993 5243 1094 5322 qui
1122 5252 1329 5305 contra
1358 5242 1663 5304 veritatem
1695 5243 1951 5322 linguam
1986 5261 2128 5304 exa-

485 5329 709 5389 cuunt?
734 5326 862 5390 Non
893 5329 1236 5410 despondeo
1283 5333 1568 5407 animum,
1605 5333 1743 5394 dum
1775 5332 2125 5412 redarguor,

487 5418 593 5478 sed
622 5415 839 5479 Christi
850 5417 1106 5480 tribunal
1125 5438 1196 5481 ex
1207 5431 1435 5502 specto.
1453 5419 1538 5483 Ibi
1558 5441 1650 5484 me
1670 5422 2132 5486 adversisisten—

2291 2381 2358 2462 ζ’.
2421 2389 2595 2468 Ἀλλ’,
2642 2393 2687 2449 ὣ
2729 2399 2828 2461 τῆς
2885 2393 3169 2472 ἐπηρείαςὲ
3227 2395 3272 2452 ὢ
3317 2400 3414 2463 τῆς
3445 2396 3622 2460 κακῆς
3669 2392 3861 2460 νίκηςῖ

2210 2479 2276 2547 ἣν
2309 2483 2356 2537 οἰ
2412 2480 2598 2538 πολλοὶ
2657 2489 2802 2555 νικᾷν
2873 2483 3151 2560 βούλονται
3215 2487 3275 2540 ὲκ
3317 2493 3408 2541 τοῦ
3449 2485 3624 2540 πάντα
3672 2482 3863 2540 διαπο-

2212 2582 2348 2644 ρεῖν.
2397 2572 2454 2626 Εἰ
2509 2572 2609 2649 γὰρ
2651 2574 2787 2628 κατὰ
2835 2573 2926 2628 τὸν
2987 2575 3163 2646 αὐτὸν,
3225 2576 3371 2654 φασὶ,
3407 2572 3563 2652 λόγον
3633 2571 3869 2652 δεύτερον

2210 2664 2298 2714 τοῦ
2333 2661 2450 2715 T106
2493 2662 2552 2715 τό
2583 2667 2818 2736 Πνεῦμα,
2879 2665 2952 2724 ὡς
3007 2669 3067 2718 εκ
3122 2663 3338 2741 πρώτης
3393 2664 3560 2724 αἰτίας
3624 2663 3711 2718 καὶ
3769 2662 3867 2740 ἀρ-

2208 2753 2320 2827 χῆς
2363 2757 2457 2805 τοῦ
2513 2753 2631 2806 Υἱοῦ
2665 2769 2678 2784 ·
2714 2751 2750 2818 ἢ
2781 2753 2826 2807 εὶ
2879 2752 2955 2826 μὴ
2999 2759 3174 2824 τοῦτο,
3211 2754 3283 2816 ὡς
3313 2754 3374 2808 ὲκ
3413 2750 3499 2808 δύο
3529 2751 3667 2817 τέως
3696 2753 3868 2808 ἰσοτί-

2210 2860 2324 2912 μων
2357 2839 2564 2919 ἆρχῶν,
2617 2848 2710 2896 τοῦ
2753 2841 2955 2920 Πατρός
3008 2863 3066 2898 τε
3127 2843 3215 2898 καὶ
3257 2849 3351 2898 του
3396 2845 3516 2898 T106
3551 2857 3565 2871 °
3605 2843 3644 2910 ἢ
3676 2839 3794 2898 ἀλλ’
3826 2850 3869 2903 εἰ

2211 2924 2346 2999 μηδὲ
2401 2935 2575 3002 τοῦτο,
2624 2931 2696 2990 ὡς
2760 2927 2811 2994 ἐξ
2845 2930 3077 3010 ἀνάρχου
3152 2929 3248 3006 μὲν
3292 2933 3378 2986 καὶ
3436 2930 3656 3008 πρώτης
3704 2930 3868 2991 αἰτίας

2209 3022 2300 3071 τοῦ
2344 3018 2572 3096 Πατρὸς,
2617 3015 2668 3082 ἐξ
2725 3017 2953 3097 ἐνάρχου
2996 3018 3050 3074 δὲ
3108 3020 3197 3076 καὶ
3265 3017 3506 3096 δευτέρας
3561 3028 3661 3076 τοῦ
3732 3022 3868 3098 T106,

2212 3105 2348 3175 Πρός
2379 3112 2504 3182 γοῦν
2533 3113 2718 3187 ταῦτα,
2764 3105 2861 3163 κᾶν
2905 3107 2981 3182 μὴ
3035 3108 3164 3187 πρός
3198 3109 3343 3183 ἡμᾶς
3387 3111 3422 3176 ἡ
3484 3108 3675 3188 μάχη,
3739 3107 3871 3186 πρός

2209 3193 2309 3271 γὰρ
2351 3195 2441 3249 τόν
2493 3195 2759 3274 εἰρηκότα,
2822 3197 2882 3250 16
2948 3202 3159 3272 Πνεῦμα
3229 3198 3371 3274 παρὰ
3413 3204 3506 3253 τοῦ
3556 3201 3684 3254 T106
3741 3195 3874 3276 ’έχον

2209 3282 2269 3339 τό
2319 3284 2486 3362 εἶναι,
2558 3285 2646 3340 καὶ
2701 3282 2936 3363 δεύτερον
3018 3285 3274 3361 ἀξιώματι
3344 3292 3434 3342 τοῦ
3498 3286 3643 3365 T106,
3716 3287 3791 3348 ὡς
3843 3287 3872 3340 6

2214 3372 2334 3436 Υἱός
2398 3372 2506 3427 ἐστι
2535 3370 2770 3446 δεύτερος
2815 3373 3072 3442 ἀξιώματι
3140 3383 3234 3430 τοῦ
3289 3377 3514 3453 Πατρὸς,
3548 3371 3676 3431 ἀλλ’
3705 3376 3872 3451 ἡμεῖς

2212 3459 2348 3516 οὕτω
2389 3460 2560 3539 φαμέν
2594 3476 2608 3490 ⁸
2659 3464 2715 3519 Εἰ
2785 3464 2872 3518 καὶ
2938 3461 3250 3542 δευτερεύειν
3307 3463 3565 3536 ἀξιώματι
3621 3471 3718 3520 τοῦ
3751 3466 3872 3519 T106

2213 3550 2272 3606 τό
2329 3557 2538 3625 Πνεῦμα
2583 3553 2610 3607 6
2661 3550 2812 3629 ἅγιος
2865 3551 2989 3632 ἔφη,
3049 3555 3122 3616 ὡς
3179 3552 3305 3631 παρ’
3378 3553 3532 3609 αὐτοῦ
3602 3552 3666 3608 τό
3725 3553 3872 3609 εἶναι

2214 3639 2364 3719 ἕχον,
2419 3641 2506 3694 καὶ
2561 3640 2622 3696 τό
2675 3641 2803 3718 πρός
2833 3641 2922 3697 τόν
2981 3641 3186 3721 Πατέρα
3255 3640 3546 3719 δευτερεῖον
3589 3648 3689 3697 τοῦ
3723 3644 3864 3718 T106,

2214 3730 2656 3794 εἰς’κατασκευὴν
2715 3725 2868 3784 ἔλαϐε
2924 3737 3016 3786 τοῦ
3073 3728 3358 3808 παράδοσιν
3398 3727 3664 3792 εὕσεϐείας
3725 3731 3870 3786 εἶναι

2212 3819 2272 3871 τό
2342 3817 2514 3896 ῥῆμα,
2571 3816 2686 3872 ἀλλ’
2747 3818 2804 3873 οὒ
2847 3817 2931 3874 διὰ
2987 3825 3151 3875 ταῦτα
3206 3822 3264 3875 τό
3324 3826 3534 3893 Πνεῦμα
3583 3820 3619 3887 ἢ
3680 3821 3756 3884 ὡς
3817 3817 3870 3884 ἐξ

2213 3904 2446 3984 ἁνάρχου
2505 3904 2650 3961 ἔσται
2721 3909 2808 3962 καὶ
2872 3907 3088 3984 πρώτης
3160 3909 3326 3971 αἰτίας
3378 3915 3470 3963 τοῦ
3533 3909 3679 3982 T106,
3713 3907 3750 3975 ἢ
3793 3909 3868 3970 ὡς

2213 3993 2273 4049 ὲκ
2314 3992 2400 4050 δύο
2469 3995 2717 4067 ἰσοτίμων
2775 3995 2958 4074 ἀρχῶν
3016 4003 3106 4051 τοῦ
3163 3997 3388 4075 Πατρός,
3440 3997 3526 4051 καὶ
3570 4003 3664 4052 τοῦ
3723 3997 3866 4070 T106,

2213 4082 2248 4150 ἢ
2306 4085 2378 4146 ὡς
2437 4082 2497 4138 ἐκ
2551 4083 2786 4185 ἀνάρχου
2830 4085 2925 4159 μὲν
2979 4085 3146 4149 αἰτίας
3200 4093 3295 4141 τοῦ
3337 4085 3560 4162 Πατρός,
3626 4085 3869 4164 ἀνάρχου

2213 4169 2267 4225 δὲ
2308 4171 2400 4227 106
2456 4175 2598 4233 T106.
2649 4164 2890 4251 ”Απαγε,
2949 4171 3288 4252 βλασφημίας
3332 4172 3484 4250 γέμει
3527 4174 3593 4229 τὰ
3622 4174 3863 4250 ῥήματα,

2214 4265 2385 4316 πᾶσαν
2443 4259 2780 4342 βλασφημίαν
2836 4263 3224 4341 ὒπερνικώσης.
3304 4263 3401 4320 Καὶ
3445 4265 3472 4317 6
3515 4273 3684 4321 ταῦτα
3743 4260 3868 4317 δια-

2214 4355 2390 4427 πορῶν
2460 4349 2746 4428 ἔμπροσθεν
2829 4357 2920 4406 τοῦ
3001 4349 3290 4424 μέλλοντος
3347 4349 3696 4428 δικαστηρίου
3791 4355 3872 4423 τῷ

2216 4437 2435 4515 μεγάλῳ
2503 4437 2760 4511 Βασιλείῳ
2844 4439 3374 4518 ἆντικαταστήσεται,
3445 4439 3574 4518 ὅπερ
3655 4442 3870 4502 ἐκεῖνος

2214 4526 2473 4596 ἠπείλησε
2523 4541 2640 4591 τοῖς
2698 4528 2851 4584 αὐτόν
2907 4528 3337 4607 συκοφαντοῦσιν,
3397 4530 3470 4591 ὡς
3527 4541 3674 4607 τρεῖς
3718 4527 3870 4590 θεοὺς

2215 4615 2459 4695 λέγοντα,
2520 4606 2648 4673 ’Ὁτι
2715 4617 2814 4695 γὰρ
2870 4617 3006 4683 ἦσαν
3053 4606 3118 4671 γὲν
3173 4629 3296 4680 ταῖς
3367 4606 3588 4695 ἡμέραις
3631 4619 3796 4675 αὐτοῦ
3825 4617 3872 4672 οἰ

2217 4706 2301 4762 ἐπὶ
2358 4703 2592 4768 πολλαῖς
2676 4706 2782 4761 τῶν
2863 4703 3149 4783 θεολογιῶν
3198 4708 3355 4763 αὐτοῦ
3409 4706 3474 4760 τὰ
3521 4703 3649 4778 παρ’
3711 4703 3874 4761 αὐτοῦ

2215 4795 2598 4874 θεολογούμενα
2679 4791 3075 4869 διαϐάλλοντες,
3168 4793 3334 4857 οὕτως
3413 4793 3498 4850 ἐπὶ
3580 4791 3779 4859 λέξεων
3845 4796 3873 4848 ὃ

2218 4885 2368 4962 ἅγιος
2424 4885 2522 4952 τὴν
2565 4886 2734 4940 αὐτῶν
2791 4879 3042 4949 διαϐολὴν
3100 4881 3449 4960 διατραγῳδεϊ
3484 4899 3499 4913 ⁶
3553 4883 3644 4946 Τίς
3691 4882 3783 4938 οὖν
3837 4883 3874 4950 ἡ

2220 4973 2378 5048 μανία
2419 4979 2523 5030 τῶν
2579 4971 2918 5047 ἠκονημένην
2975 4971 3221 5050 γλῶσσαν
3282 4972 3518 5052 ἑχόντων
3577 4973 3717 5028 κατὰ
3773 4977 3874 5038 τῆς

2215 5061 2496 5142 ἁληθείαςς
2546 5063 2619 5119 Οὔ
2675 5065 2996 5140 μικροψυχῶ
3038 5062 3168 5139 πρός
3210 5062 3300 5119 τόν
3331 5061 3580 5142 ἔλεγχον,
3617 5060 3742 5118 ἀλλ’
3777 5058 3875 5116 ἑϐ-

2215 5149 2440 5231 δέχομαι
2497 5151 2558 5207 τό
2613 5159 2706 5209 τοῦ
2763 5157 2986 5228 Χριστοῦ
3038 5148 3396 5228 ἄκαστήριον,
3431 5150 3582 5208 Ἐκεῖ
3642 5151 3875 5206 ἀντικα-

2213 5241 2566 5310 ταστήσονταί
2607 5263 2696 5315 μοι
2741 5241 2786 5296 οἱ
2837 5241 2935 5306 τὴν
2981 5238 3228 5316 ἐπήρειαν
3296 5241 3494 5307 ταύτην
3549 5239 3872 5317 ῥάπτὸντες,

2215 5332 2343 5392 Οἵδε
2403 5334 2586 5411 Κύριος
2643 5334 2763 5397 τοὺς
2823 5330 2975 5398 ὄντας
3030 5337 3186 5392 αὐτοῦ
3219 5353 3233 5368 ⁸
3294 5336 3381 5391 καὶ
3440 5337 3468 5391 6
3524 5338 3875 5412 συκοφαντῶν

2214 5421 2416 5490 πένητα
2475 5421 2744 5501 παροξύνει
2809 5424 2899 5478 τὸν
2941 5424 3240 5492 ποιήσαντα
3284 5424 3464 5486 αὐτόν.
3528 5425 3583 5481 E1
3629 5422 3733 5489 τὴν
3765 5425 3875 5478 τῶν

2829 4357 2920 4406 τοῦ

568 5583 626 5635 ’0
653 5585 799 5648 Joan
829 5602 927 5661 xv,
965 5589 1062 5651 15.
1096 5586 1145 5631 ²¹
1177 5589 1348 5651 Joan.
1381 5607 1503 5666 xvi,
1560 5595 1656 5656 14.
1689 5593 1749 5646 εἰ
1781 5596 1948 5657 Joan.
1981 5607 2104 5668 11v,
2140 5590 2240 5654 26.
