4220 6292
501 369 608 432 171

1594 367 1860 431 JOANN.
1887 363 2106 430 VECGI
2136 363 2250 428 GP.
2281 364 2821 431 PATRIARGHAE.

3757 362 3868 435 1'72

505 519 640 563 nem
672 502 970 582 hypostasi
1003 500 1312 582 Spiritus.»
1356 498 1861 585 Quemadmodum
1888 499 2042 560 enim
2063 499 2120 560 ib

2236 523 2258 555 tt
2308 507 2740 579 Προεπινοεϊσθαι
2785 505 2880 579 μὲν
2937 513 3028 563 τοῦ
3073 508 3192 564 Υἱοῦ
3233 507 3322 564 τὸν
3385 513 3616 585 Πατέρα,
3664 513 3742 580 τῷ
3770 510 3867 574 τῆς

505 590 877 669 praeintelligi
904 591 1118 652 dicitur
1145 589 1319 651 Pater
1349 590 1496 651 Filio
1527 606 1721 648 cau>ae
1749 584 2001 666 ratione,
2037 607 2146 648 nec

506 678 626 739 ulla
647 679 760 740 alia
788 679 1078 758 assignari
1109 686 1302 760 potest
1331 678 1502 749 ratio,
1538 694 1719 755 quare
1745 674 1891 735 Filio
1926 677 2143 754 praeiu-

505 769 806 848 telligatur
834 769 1025 848 Pater,
1061 767 1172 828 nisi
1205 767 1360 848 quod
1401 765 1583 826 Filius
1618 783 1685 825 ex
1718 763 1887 826 Putre
1918 776 2008 825 est
2041 786 2052 826 :
2087 774 2147 825 et

503 859 877 937 praeintelligi
905 857 1088 919 Filius
1127 857 1348 936 Spiritu
1380 855 1610 916 ratione
1640 872 1854 928 causae,
1887 872 1998 915 nec
2023 855 2143 914 ulla

500 947 615 1007 alia
647 948 976 1026 assignetur
1005 946 1176 1020 ratio,
1195 963 1376 1024 quare
1407 941 1892 1024 praeintelligatur
1921 942 2142 1023 Spiritu

500 1034 706 1109 Filius,
769 1035 882 1096 nisi
911 1033 1066 1114 quod
1120 1032 1373 1113 Spiritus
1406 1051 1510 1112 per
1538 1031 1748 1092 Filium
1783 1039 1892 1105 est,
1928 1031 2145 1110 pariter

499 1131 557 1184 et
588 1125 700 1186 hoc
730 1124 793 1185 in
824 1125 979 1199 loco,
1013 1123 1311 1185 secundus
1368 1129 1457 1182 est
1484 1121 1667 1181 Filius
1695 1139 1729 1180 a
1759 1122 1953 1196 Patre,
1985 1121 2141 1200 quod

497 1230 569 1275 ex
616 1211 787 1274 Patre
834 1222 942 1287 est,
979 1213 1275 1273 secundus
1308 1218 1396 1271 est
1440 1208 1694 1289 Spiritus
1718 1228 1750 1269 a
1782 1209 1952 1289 Filio,
1986 1209 2141 1288 quod

493 1320 602 1381 per
629 1303 843 1363 Filium
877 1311 985 1363 est.
1012 1301 1125 1372 Qui
1152 1301 1352 1379 itaque
1380 1318 1413 1359 a
1443 1299 1596 1358 veris
1625 1297 2015 1377 genuinisque
2037 1316 2141 1357 vo-

495 1388 824 1452 luminibus
854 1389 1076 1451 dictum
1108 1388 1398 1460 indicans,
1435 1409 1456 1443 ιι
1484 1386 1766 1466 Spiritum
1797 1405 1830 1447 a
1850 1386 1998 1446 Filio
2029 1386 2138 1446 ha-

495 1476 662 1560 bere,
699 1479 854 1559 quod
904 1479 1038 1552 sit,»
1097 1485 1430 1549 eraserunt,
1465 1475 1537 1550 si,
1572 1485 1635 1536 ut
1664 1483 1836 1537 antea
1865 1475 2007 1536 fassi
2033 1494 2138 1535 su-

490 1583 722 1640 mus,ex
755 1567 1028 1628 universa
1061 1568 1326 1627 oratione
1356 1564 1720 1626 delevisseut
1748 1564 1968 1624 dictum
2001 1565 2141 1625 alte-

2231 589 2393 654 αἰτίας
2462 589 2604 668 λόγῳ
2659 591 2944 670 θεολογῶν,
3017 597 3426 673 προθεωρεϊσθαι
3493 593 3546 650 δὲ
3604 595 3696 650 τόν
3753 597 3870 650 Υἱὸν

2227 679 2361 733 κατὰ
2399 680 2486 734 τὸν
2528 684 2628 745 τῆς
2685 682 2851 744 αἰτίας
2903 680 3062 758 λόγον
3093 687 3190 748 τῆς
3259 691 3353 738 τοῦ
3399 684 3700 759 Πνεύματος
3747 684 3874 740 ὐπο-

2226 767 2483 831 στάσεως.
2553 792 2576 826 υ
2628 759 2720 832 (Ως
2780 770 2880 848 γὰρ
2927 768 3042 825 ἕκεῒ
3101 775 3533 848 προεπινοεῖσθαι
3589 771 3797 850 λέγεται
3843 775 3871 828 6

2226 857 2407 935 Πατὴρ
2461 865 2554 914 τοῦ
2643 859 2758 916 Γὶοῦ
2828 865 2906 932 τῷ
2961 858 3057 925 τῆς
3142 861 3304 922 αἰτίας
3349 859 3515 939 λόγῳ,
3563 863 3650 917 καὶ
3704 859 3866 925 ούδείς

2224 943 2364 1000 ἐστιν
2408 944 2568 1010 ἄλλος
2626 949 2653 1002 6
2710 953 2801 1002 τοῦ
2862 951 3286 1025 προεπινοετσθαι
3343 952 3434 1005 τὸν
3504 949 3710 1028 Πατέρα
3777 953 3868 1006 τοῦ

2225 1034 2344 1088 Υἰοῦ
2374 1032 2529 1112 λόγος
2559 1034 2596 1101 ἢ
2627 1036 2706 1090 ὃτι
2748 1033 2832 1092 διὰ
2859 1036 2918 1092 τό
2977 1035 3036 1091 ἐκ
3089 1038 3290 1114 Πατρὸς
3343 1039 3432 1094 τὸν
3484 1039 3602 1095 Υἱὸν
3671 1040 3813 1096 εἶναι
3845 1056 3862 1073 ⁸

2223 1123 2309 1177 καὶ
2377 1126 2802 1200 προεπινοετσθαι
2869 1122 3078 1202 λέγεται
3151 1132 3243 1182 τοῦ
3304 1127 3603 1202 Πνεύματος
3661 1130 3689 1184 6
3748 1129 3866 1194 Υἱὸς

2223 1211 2360 1266 κατὰ
2410 1213 2497 1266 τὸν
2546 1212 2643 1277 τῆς
2695 1212 2862 1275 αἰτίας
2919 1210 3099 1290 λόγον,
3145 1215 3232 1270 καὶ
3294 1213 3455 1279 οὐδείς
3512 1217 3653 1272 ἐστιν
3709 1215 3868 1281 ἄλλος

2225 1301 2252 1353 6
2311 1306 2401 1355 τοῦ
2443 1303 2864 1378 προεπινοεϊσθαι
2906 1302 2997 1356 τόν
3045 1303 3162 1357 Υἱὸν
3205 1309 3298 1359 τοῦ
3371 1306 3674 1380 Πνεῦματος
3706 1303 3864 1383 λόγος

2224 1387 2260 1453 ἢ
2318 1385 2398 1442 ὅτι
2454 1385 2536 1442 διὰ
2577 1389 2638 1443 τὸ
2702 1389 2844 1444 εἶναι
2900 1391 2960 1444 τό
3019 1396 3230 1465 Πνεῦμα
3273 1388 3339 1446 δι’
3371 1395 3490 1447 Υἱοῦ
3522 1413 3538 1429 ·
3573 1393 3711 1450 οὕτω
3736 1395 3868 1449 κάν-

2223 1479 2384 1532 ταῦθα
2439 1473 2674 1554 δεύτερος
2732 1478 2828 1552 μὲν
2901 1477 2994 1534 τοῦ
3051 1480 3253 1558 Πατρὸς
3305 1483 3333 1535 ὁ
3387 1483 3528 1556 Υἱὸς,
3576 1480 3654 1537 ὅτι
3691 1481 3752 1538 ἐκ
3778 1485 3870 1539 τοῦ

2223 1566 2449 1642 Πατρός,
2507 1562 2742 1642 δεύτερον
2800 1563 2854 1619 δὲ
2925 1571 3018 1621 τοῦ
3092 1566 3205 1622 ι’ἱοῦ
3263 1567 3323 1623 τό
3380 1573 3616 1649 Πνεῦμα,
3663 1569 3742 1625 ὃτι
3781 1567 3865 1626 διὰ

487 1671 620 1716 rum
654 1654 1317 1735 insinuans,oSpiritum
1344 1653 1623 1730 dignitate
1657 1671 1785 1713 esse
1807 1653 2127 1713 secundum

2217 1674 2307 1708 του
2348 1656 2487 1713 Υὶοῦ.
2559 1654 2618 1710 Οἰ
2661 1654 2784 1729 γοῦν
2856 1659 2959 1709 τῶν
3044 1651 3255 1719 ἀληθῶν
3314 1653 3714 1737 διαγεγραφότες
3771 1659 3861 1734 βι-

485 1759 521 1804 a
550 1743 725 1817 Filio,
761 1769 787 1800 ιο
833 1745 984 1805 forte
1039 1743 1298 1822 aliquem
1354 1760 1425 1802 ex
1469 1741 1708 1820 propria
1763 1740 2127 1819 improbitate

2217 1738 2356 1796 ὅλων
2413 1741 2510 1806 τὴν
2578 1739 2836 1806 δηλοῦσαν
2893 1740 3063 1817 ῥῆσιν,
3118 1763 3142 1794 ιι
3207 1742 3277 1798 Τό
3323 1749 3532 1819 Πνεῦμα
3574 1747 3717 1822 παρὰ
3771 1748 3863 1802 τοῦ

489 1827 742 1893 fructum
776 1832 1094 1912 cepissent.
1130 1833 1248 1892 Sed
1281 1848 1414 1890 cum
1449 1827 1710 1888 veritatis
1740 1826 1994 1906 Spiritus
2025 1846 2127 1888 eo-

2226 1831 2345 1885 Υἱοῦ
2388 1827 2515 1908 ἔχον
2569 1829 2629 1884 τό
2685 1829 2851 1903 εἶναι,
2886 1852 2914 1884 »
2992 1831 3034 1884 εἰ
3065 1829 3183 1904 μὲν,
3230 1831 3407 1903 ὥσπερ
3439 1855 3528 1908 μοι
3559 1836 3646 1890 καὶ
3677 1835 3859 1913 προεί-

483 1935 614 1979 rum
639 1897 885 1983 conatu's
911 1921 1109 1982 irritos
1139 1918 1370 1993 fecerit,
1402 1917 1573 1978 facile
1606 1897 1802 1995 potest
1842 1916 2029 1976 refelli
2057 1915 2127 1976 ab

2216 1940 2392 1996 ρηται,
2418 1897 2544 1973 ητοῦ
2627 1897 2847 1982 παντὸς,
2880 1916 3039 1996 λόγου
3065 1897 3076 1904 1
3119 1897 3395 1998 διέγραφον
3439 1897 3536 1977 .καὶ
3587 1922 3685 1988 τὴν
3719 1897 3729 1913 ι
3767 1922 3863 1978 λέ-

484 2006 698 2071 harum
721 2028 920 2072 rerum
945 2009 1131 2071 eautis
1160 2005 1662 2068 examinatoribus
1697 2004 1875 2065 fraus.

2214 2028 2408 2085 γουσαν
2460 2006 2608 2082 ῥῆσιν
2672 2026 2696 2061 ε
2756 2007 3080 2084 Δευτερεύειν
3138 2004 3400 2083 ἀξιώματι
3479 2010 3571 2067 τοῦ
3624 2013 3744 2070 Υἱοῦ
3803 2013 3865 2069 τό

485 2101 718 2173 Πνεῦμα,
757 2123 779 2156 ι)
816 2102 924 2179 τάχ
988 2100 1048 2156 ἄν
1119 2121 1166 2152 τι
1211 2100 1299 2154 καὶ
1353 2102 1452 2162 τῆς
1510 2097 1707 2151 ἑαυτῶν
1765 2100 2021 2172 πονηρίας
2082 2097 2382 2154 ἀπώναντο.
2417 2096 2566 2151 Ἐπεὶ
2620 2091 2673 2149 δὲ
2729 2097 2790 2151 16
2838 2101 2936 2162 τῆς
3005 2093 3248 2160 ἀληθείας
3297 2098 3509 2173 Πνεῦμα
3565 2101 3662 2168 τὴν
3694 2101 3860 2160 αὐτῶν

481 2182 706 2243 διάνοιαν
735 2187 1009 2268 ἔσφαλλεν,
1043 2186 1344 2264 εὐέλεγκτον
1395 2186 1664 2262 πρόκειται
1696 2197 1810 2246 τοῖς
1837 2183 2188 2249 ἐξεταστικοῖς
2223 2187 2284 2240 τὸ
2314 2183 2641 2261 σκαιώρηνα.

567 2274 623 2338 9.
663 2275 831 2346 Quod
863 2285 921 2336 et
949 2276 1010 2336 in
1054 2275 1187 2336 aliis
1249 2273 1470 2352 scripto
1502 2271 1732 2332 traditis
1767 2270 1941 2331 dictis
1971 2275 2124 2350 passi

487 2373 644 2440 sunt,
677 2365 890 2444 quibus
947 2384 1103 2426 cura;
1149 2365 1276 2439 fuit,
1337 2363 1649 2424 dissidium
1698 2361 1978 2422 Ecclesiae
2009 2382 2128 2423 non

488 2451 616 2514 sine
647 2452 1013 2528 discrimine,
1047 2471 1132 2514 vae
1189 2451 1424 2512 miseris
1473 2450 1612 2522 illis,
1649 2457 1903 2529 propria;
1927 2451 2128 2511 salutis

484 2541 740 2620 pessime
771 2541 1172 2621 constabilire,
1205 2540 1278 2601 de
1327 2539 1539 2620 quibus
1598 2538 1657 2598 in
1689 2538 1965 2617 presenti
1995 2557 2125 2599 ser-

485 2645 722 2689 monem
774 2629 992 2690 habere
1037 2648 1156 2689 non
1213 2628 1670 2708 inopportunum
1731 2625 1926 2685 fuerit.
1983 2625 2126 2688 Cum

487 2715 644 2776 enim
678 2717 832 2778 ferre
859 2718 920 2777 in
952 2717 1229 2778 omnibus
1290 2715 1565 2797 praesenti
1592 2714 1872 2776 orationis
1903 2725 2066 2794 parte
2095 2735 2128 2776 a

491 2803 662 2864 nobis
708 2804 1177 2886 comprehensis,
1239 2805 1384 2866 i'lud
1440 2804 1498 2863 in
1543 2803 1740 2864 animo
1790 2802 1988 2883 fuerit,
2019 2804 2125 2864 de-

2288 2277 2314 2328 θ
2343 2318 2357 2333 .
2403 2263 2554 2358 Ὀπερ
2604 2273 2693 2328 οὗν
2735 2275 2822 2330 καὶ
2880 2273 2963 2330 ἐπὶ
3018 2273 3203 2340 ἄλλαις
3261 2275 3492 2341 πολλαῖς
3568 2293 3857 2359 γραφικαῖς

2212 2360 2400 2417 ἔπαθον
2447 2361 2682 2438 ῥήσεσιν,
2745 2363 2833 2426 οἷς
2893 2362 3086 2437 μέλλον
3144 2365 3208 2432 ἧν
3265 2364 3326 2421 τό
3370 2371 3467 2432 τῆς
3542 2367 3861 2434 Ἐκκλησίας

2210 2451 2415 2528 σχίσμα
2486 2450 2570 2506 ἐπὶ
2624 2448 2866 2525 κινδύνῳ,
2942 2451 3115 2527 οἴμοι,
3178 2453 3274 2520 τῆς
3348 2453 3544 2511 ὲαυτῶν
3601 2458 3860 2532 σωτηρίας

2208 2538 2434 2597 κάκιστα
2491 2553 2822 2619 συγκροτεῖν,
2875 2543 2992 2618 περὶ
3033 2543 3106 2596 ὧν
3159 2544 3246 2597 καὶ
3299 2545 3468 2599 εἰπεῖν
3523 2545 3710 2622 ἀρτίως
3767 2548 3861 2602 οῦκ

2211 2623 2446 2704 ἄκαιρον.
2481 2624 2628 2683 Ἐπεὶ
2672 2629 2770 2705 γὰρ
2828 2628 2881 2683 ἐν
2941 2635 3067 2684 πᾶσι
3140 2627 3334 2707 σχεδόν
3385 2644 3502 2694 τοῖς
3561 2631 3613 2689 ἐν
3644 2640 3720 2707 τῷ
3750 2656 3860 2689 πα-

2211 2714 2350 2792 ρόντι
2407 2716 2554 2794 μέρει
2623 2718 2716 2772 τοῦ
2761 2715 2920 2793 λόγου
2969 2717 3092 2796 παρ’
3144 2720 3300 2793 ἡμῶν
3357 2716 3860 2798 προδιτιλημμένοις

2209 2803 2423 2880 γέγονεν
2477 2804 2612 2878 ἡμῖν
2659 2807 2694 2872 ἡ
2751 2803 2951 2873 σπουδὴ
3009 2804 3284 2872 ἀποδεῖξαι
3359 2810 3419 2864 ού
3471 2810 3564 2872 τὰς
3635 2811 3861 2889 ἐχούσας

490 2904 838 2958 monstrare.
870 2895 1188 2966 volumina,
1219 2912 1348 2974 quae
1369 2893 1587 2953 dictum
1611 2892 1780 2965 illud,
1813 2890 2125 2971 «Spiritum

2209 2890 2418 2966 βιϐλους
2467 2894 2563 2960 τὴν
2616 2893 2871 2972 λέγουσαν
2903 2896 3076 2968 ῥῆσιν,
3118 2918 3140 2951 ε
3190 2898 3250 2951 τὸ
3312 2899 3522 2970 Πνεῦμα
3577 2902 3717 2978 παρὰ
3772 2909 3863 2959 τοῦ

484 2979 686 3043 aFilio
717 2982 1123 3064 habere,quod
1155 2983 1287 3062 sit,»
1325 2981 1688 3042 continentia
1721 2980 1967 3041 minime
1998 3000 2126 3042 esse

2219 2980 2334 3035 Υἷιιῦ
2377 2980 2506 3060 ἕχον
2554 2983 2614 3036 τὸ
2670 2983 2836 3057 εἶναι,
2876 3006 2904 3038 »
2939 2986 3287 3058 νενοθεῦσθαι,
3345 2983 3482 3041 ἀλλὰ
3511 2984 3711 3062 μᾶλλον
3765 2989 3859 3052 τὰς

487 3068 814 3148 immutata,
851 3071 953 3133 sed
981 3072 1172 3153 potius
1202 3071 1346 3132 illud
1375 3089 1492 3130 non
1526 3069 1892 3130 continentia
1919 3089 1933 3142 ;
1960 3088 2126 3149 pars-

2212 3067 2288 3142 μὴ
2318 3068 2545 3148 ἐχούσας
2584 3090 2596 3102 °
2657 3072 2743 3126 καὶ
2800 3071 2958 3150 μέρος
3015 3074 3150 3148 ἡμῖν
3193 3075 3292 3139 τῆς
3334 3072 3643 3139 ἀποδείξεως
3688 3075 3751 3143 ἦν
3795 3078 3856 3132 τὸ

487 3175 600 3238 que
619 3168 834 3221 nostrae
862 3160 1385 3222 demonstrationis
1423 3159 1796 3232 consisteret,
1830 3160 1986 3236 quod
2018 3178 2124 3220 co-

482 3245 767 3324 gitatione
798 3247 1141 3310 discursuve
1197 3247 1508 3328 dijudicari
1558 3255 1779 3327 posset,
1829 3247 2127 3309 volumina

483 3334 706 3397 dictum
737 3355 855 3398 non
887 3337 1268 3410 continentia,
1288 3337 1760 3398 immutationem
1779 3344 1835 3396 et
1857 3336 2123 3397 fraudem

483 3421 1014 3498 subiisse,'dissidii
1036 3432 1302 3504 tempore
1319 3426 1389 3486 ad
1409 3438 1693 3487 centenos
1721 3432 1778 3485 et
1800 3423 1929 3504 plus
1946 3425 2122 3486 etiam

488 3524 697 3586 annos,
725 3529 946 3591 eosque
968 3511 1232 3590 integros
1265 3513 1753 3592 propagato,dum
1783 3512 1950 3572 multi
1969 3533 2124 3573 com-

483 3599 1090 3676 parent,contentiose
1117 3601 1432 3662 admodum
1457 3601 1660 3677 logicis
1690 3600 2125 3661 dissertationi-

483 3683 595 3746 bus
624 3687 901 3749 adversus
921 3687 1218 3750 Romanos
1249 3689 1646 3760 decertantes,
1683 3707 1715 3748 a
1743 3687 1956 3767 quibus
1977 3691 2124 3749 veri-

481 3772 673 3836 simile
705 3777 1042 3852 est,dictum
1069 3777 1213 3838 illud
1247 3795 1278 3838 e
1309 3778 1505 3854 magni
1534 3775 1734 3837 Basilii
1757 3775 1926 3837 libris
1942 3776 2120 3837 abro-

483 3871 680 3941 gatum
711 3864 912 3939 fuisse,
948 3884 1062 3944 quo
1093 3865 1279 3927 valide
1299 3867 1567 3942 redargui
1587 3865 2123 3944 deprehendebant

480 3971 604 4031 eos,
655 3957 755 4035 qui
819 3955 1215 4017 Ecclesiarum
1276 3955 1582 4017 dissidium
1659 3974 2004 4035 prOpagare,
2064 3967 2120 4018 et

481 4050 707 4103 tantum
740 4063 858 4106 non
909 4043 1287 4106 constabilire
1348 4054 1654 4117 conantur,
1693 4044 2011 4123 plurimum
2044 4047 2116 4107 ad

479 4129 1002 4194 demonstrandum
1037 4133 1355 4206 conducet,
1386 4132 1685 4193 nonnullis
1709 4133 1939 4193 dissidii
1971 4144 2116 4195 tem-

482 4237 622 4300 pore
649 4222 1006 4301 propositam
1033 4241 1232 4283 curam
1255 4221 1622 4292 fuisse,dicta
1651 4221 1870 4300 scripto
1910 4224 2118 4284 tradita

481 4319 852 4391 praevertere,
877 4312 1006 4372 siea
1034 4311 1305 4392 ipsaquze
1319 4311 1756 4391 corruptionem
1783 4309 2112 4384 subierunt,

481 4395 634 4458 dicta
662 4399 722 4459 in
754 4400 1016 4461 medium
1047 4401 1383 4471 afferamus,
1422 4409 1479 4462 et
1501 4399 1895 4479 corruptionis
1917 4409 2120 4478 patens

479 4483 708 4548 facinus
739 4506 1162 4568 propouamus.
1197 4488 1265 4549 Et
1299 4498 1432 4550 ante
1463 4489 1660 4548 omnia
1691 4507 1821 4548 cum
1853 4489 1911 4546 in
1948 4490 2119 4550 rebus
2144 4481 2184 4530 θ

475 4575 822 4653 theologicis
851 4579 1280 4656 pertractandis
1312 4578 1795 4658 praeclarissimus
1826 4576 2120 4657 Nyssenus

481 4663 555 4723 ad
585 4663 897 4725 Ablabium
950 4667 1218 4728 oratione
1248 4673 1376 4730 haec
1422 4666 1730 4746 scripisset
1761 4686 1774 4725 :
1837 4687 1862 4725 α
1889 4665 2122 4728 Natura:

476 4748 538 4810 in
569 4751 844 4814 omnibus
871 4753 1065 4816 simile
1085 4756 1455 4830 conﬁtentes,
1483 4756 2038 4836 ditferentiam,quze
2051 4776 2118 4817 ex

479 4855 654 4899 causa
707 4848 883 4921 atque
943 4843 1156 4905 effectu
1205 4844 1414 4920 oritur,
1468 4863 1584 4904 non
1616 4843 1970 4920 inﬁciamur,
2005 4865 2118 4924 quo

477 4925 603 4987 solo
658 4927 920 4991 discerni
993 4933 1242 4994 alterum
1329 4935 1401 4994 ab
1478 4933 1662 4994 altero
1725 4933 2116 5012 concipimus,

478 5013 634 5094 quod
666 5016 823 5079 hunc
879 5020 1116 5100 quidem
1169 5039 1402 5082 causam
1437 5021 1747 5082 credamus
1777 5040 1929 5093 esse,
1962 5022 2119 5082 hunc

479 5119 618 5163 vero
649 5121 716 5164 ex
750 5124 928 5167 causa
961 5130 972 5169 :
1031 5117 1090 5168 et
1145 5127 1210 5169 ex
1265 5128 1356 5182 eo,
1397 5109 1495 5189 qui
1529 5128 1596 5170 ex
1628 5127 1804 5170 causa
1835 5117 1942 5182 est,
1978 5128 2114 5170 rur-

479 5208 579 5253 sus
623 5192 783 5255 aliud
836 5194 1155 5258 discrimen
1212 5197 1597 5276 intelligimus
1651 5219 1664 5258 :
1713 5199 1806 5258 hic
1838 5199 1994 5258 enim
2030 5208 2119 5259 est

475 5283 814 5346 immediate
867 5304 937 5347 ex
990 5288 1200 5366 primo,
1265 5291 1360 5352 hic
1415 5310 1553 5353 vero
1617 5310 1686 5351 ex
1745 5309 1838 5364 eo,
1899 5290 1999 5371 qui
2032 5301 2118 5352 est

472 5371 814 5434 immediate
845 5393 913 5436 ex
939 5375 1130 5454 primo
1162 5401 1172 5435 :
1207 5381 1355 5441 adeo
1412 5390 1474 5442 ut
1498 5388 1556 5443 et
1589 5379 1955 5459 unigenitum
1988 5379 2118 5440 sine

479 5460 599 5522 ulla
630 5461 994 5524 haesitatione
1049 5463 1109 5524 in
1156 5465 1306 5529 Filio
1358 5479 1612 5546 maneat,
1647 5480 1702 5530 et
1731 5469 2016 5549 Spiritum
2048 5488 2116 5530 ex

482 5549 653 5612 Patre
669 5567 799 5612 esse
820 5551 1102 5612 anemine
1120 5558 1745 5633 controvertatur,Filii
1762 5557 2117 5618 mediatione

483 5635 837 5720 libimetipsi
871 5640 1234 5720 unigenitum
1270 5658 1675 5726 conservante,
1697 5655 1754 5708 et
1785 5645 2064 5727 Spiritum
2085 5668 2116 5707 ιι

2208 3155 2449 3235 λογισμῷ
2503 3156 2742 3216 δύνασθαι
2813 3161 3004 3238 κρίνειν
3071 3162 3164 3223 τὰς
3216 3165 3294 3237 μὴ
3353 3162 3581 3242 ἐχούσας
3643 3163 3853 3240 βιϐλους

2208 3246 2305 3312 τὴν
2352 3247 2500 3323 ῥῆσιν
2533 3248 2593 3304 τό
2649 3246 2899 3314 κίϐδηλον
2957 3251 3044 3305 καὶ
3101 3252 3464 3326 νενοθευμένον
3513 3256 3700 3309 παθεῖν
3771 3252 3853 3310 διὸ

2208 3334 2268 3390 τό
2311 3336 2400 3390 τόν
2457 3341 2554 3402 τῆς
2587 3336 2908 3400 διαστάσεως
2944 3341 3136 3417 χρόνον
3193 3341 3264 3402 εἰς
3325 3339 3670 3406 ἑκατοντάδας
3725 3341 3852 3408 ὅλας

2209 3422 2568 3490 ἐξαπλωθῆναι
2597 3425 2751 3500 ἐτῶν,
2811 3427 2898 3482 καὶ
2943 3427 3037 3482 οὒκ
3094 3425 3300 3506 ὀλίγους
3354 3427 3601 3496 διαμέσον
3643 3431 3851 3511 ἀναφα-

2209 3515 2360 3577 νῆναι
2405 3511 2722 3576 ἐνστατικῶς
2775 3514 2908 3569 πάνυ
2965 3515 3094 3592 πρός
3158 3513 3377 3593 λογικὰς
3433 3516 3852 3595 ἀποδυσαμένους

2207 3600 2341 3654 κατὰ
2383 3604 2487 3656 τῶν
2535 3592 2805 3677 Ῥωμαίων
2850 3601 3101 3667 διαλέξεις
3135 3622 3153 3641 ο
3210 3605 3261 3670 ἐξ
3311 3608 3386 3660 ὧν
3429 3609 3567 3672 εἰκὸς
3611 3609 3677 3674 ἦν
3705 3610 3856 3687 ῥῆσιν

2208 3689 2412 3756 ἐκείνην
2471 3697 2588 3779 ,τῶν
2649 3702 2740 3750 τοῦ
2811 3693 3042 3772 μεγάλου
3088 3694 3360 3752 Βασιλείου
3405 3695 3602 3773 βιϐλων
3645 3697 3857 3779 διαγρα-

2208 3783 2392 3856 φῆναι,
2439 3778 2490 3844 ἔξ
2554 3784 2620 3848 ἧς
2651 3783 2743 3838 οὐκ
2773 3782 2993 3850 ἀσθενὴς
3041 3787 3069 3840 ὁ
3113 3783 3340 3865 ἔλεγχος
3370 3785 3704 3866 ἀναφαίνεται
3747 3778 3853 3846 τῶν

2203 3867 2300 3933 τὴν
2344 3864 2619 3925 διάστασιν
2678 3877 2782 3928 τῶν
2817 3871 3152 3940 Ἐκκλησιών
3186 3874 3631 3952 ἐπισπευδόντων,
3677 3877 3854 3956 ὥσπερ

2201 3958 2287 4012 καὶ
2336 3957 2873 4037 ἐπισυγκροτούντων,
2965 3965 3056 4018 οὐκ
3137 3962 3287 4042 ὸλίγα
3367 3964 3666 4040 συμϐάλλον
3722 3969 3851 4046 πρός

2200 4044 2462 4112 ἀπόδειξιν
2536 4047 2678 4104 ἔσται
2722 4058 2812 4106 τοῦ
2841 4051 3219 4132 ἀναδειχθῆναί
3247 4077 3392 4118 τινας
3463 4062 3538 4129 τῷ
3590 4057 3687 4122 τῆς
3744 4044 3856 4113 δια-

2200 4135 2432 4199 στάσεως
2496 4138 2675 4216 χρόνῳ
2731 4138 2960 4206 σπουδὴν
3043 4142 3310 4218 θεμένους,
3385 4145 3584 4200 οἰκείαν
3642 4145 3741 4212 τὴν
3798 4145 3852 4200 ἕν

2198 4245 2303 4278 τισι
2373 4227 2708 4304 παραφθορὰν
2764 4229 2854 4284 τὸν
2912 4237 3184 4308 γραφικῶν
3257 4232 3528 4312 χρήσεων,
3599 4233 3691 4289 ἒᾶν
3751 4234 3850 4290 αὒ-

2205 4315 2292 4404 τὲις
2362 4314 2560 4380 ἐκείνας
2644 4318 2737 4379 τὰς
2794 4319 2890 4384 την
2968 4322 3303 4399 παραφθορὰν
3349 4325 3611 4385 παθούσας
3670 4345 3855 4404 γραφι-

2202 4403 2298 4464 κά;
2382 4405 2559 4480 ῥήσεις
2634 4404 2717 4460 ἐπὶ
2788 4414 2880 4462 τοῦ
2945 4407 3108 4482 μέσου
3165 4409 3707 4490 παρυφαπλώσαιμεν,
3765 4413 3853 4469 καὶ

2203 4501 2292 4546 τὸν
2335 4490 2584 4550 δοκοῦντα
2646 4493 2776 4569 ἡμῖν
2848 4495 3075 4575 ἔλεγχον
3132 4503 3227 4564 τῆς
3283 4503 3616 4579 παραφθορᾶς
3686 4523 3854 4580 παρα-

2202 4582 2518 4651 στήσαιμεν.
2597 4583 2788 4639 Λύτίκα
2863 4593 2954 4640 τοῦ
3023 4584 3471 4664 θεολογικωτάτου
3529 4590 3738 4656 Νύσσης
3797 4590 3848 4647 ἐν

2200 4675 2276 4741 τῷ
2305 4670 2434 4748 πρός
2480 4668 2760 4728 ’Λϐλάϐιον
2811 4671 2955 4752 λόγῳ
3015 4673 3406 4753 θεολογοῦντος,
3487 4706 3510 4737 α
3575 4681 3645 4736 T6
3705 4679 3854 4735 ἀπα-

2201 4756 2496 4835 ράλλακτον
2545 4765 2642 4823 τῆς
2707 4763 2909 4840 φύσεως
2979 4762 3382 4843 ὁμολογοῦντες,
3442 4769 3541 4834 τὴν
3599 4769 3734 4825 κατὰ
3791 4768 3851 4824 16

2204 4845 2377 4905 αἴτιον
2429 4849 2516 4904 καὶ
2587 4851 2817 4908 αἰτιατὸν
2878 4849 3126 4932 διαφορὰν
3199 4859 3294 4913 οὒκ
3347 4856 3656 4936 ἀρνούμεθα,
3718 4858 3771 4913 ἐν
3811 4860 3856 4931 ᾧ

2203 4936 2351 5010 μόνῴ
2402 4934 2746 5014 διακρίνεσθαι
2819 4941 2880 4996 τὸ
2946 4941 3123 5021 ἕτερον
3176 4950 3267 4999 τοῦ
3332 4934 3507 5024 ἑτέρου
3571 4945 3858 5021 καταλαμ-

2203 5023 2452 5100 ϐάνομεν,
2515 5031 2592 5098 τῷ
2645 5030 2705 5083 16
2763 5028 2859 5104 μὲν
2901 5030 3073 5087 αἴτιον
3102 5033 3362 5090 πιστεύειν
3409 5049 3568 5110 εἶναι,
3597 5037 3657 5091 16
3688 5032 3742 5090 δὲ
3802 5033 3862 5090 ἐκ

2202 5119 2293 5168 τοῦ
2337 5115 2520 5188 αἰτίου,
2566 5116 2652 5170 καὶ
2694 5122 2786 5172 τοῦ
2842 5117 2892 5182 ἐξ
2925 5119 3088 5184 αἰτίας
3132 5119 3282 5184 ὄντος
3349 5121 3518 5191 ἄλλην
3559 5121 3718 5180 πάλιν
3748 5120 3856 5179 δια-

2201 5203 2361 5280 φορὰν
2394 5201 2670 5278 ἐννοοῦμεν
2717 5219 2730 5233 '
2767 5207 2826 5261 16
2857 5206 2952 5282 μὲν
2997 5209 3095 5286 γὰρ
3152 5218 3434 5291 προσεχῶς
3485 5215 3547 5268 εκ
3589 5219 3679 5269 τοῦ
3711 5211 3852 5290 πρώ-

2200 5312 2314 5370 του,
2360 5292 2420 5345 τὸ
2477 5288 2530 5346 δὲ
2573 5290 2657 5348 διὰ
2713 5301 2802 5350 τοῦ
2857 5297 3137 5376 προσεχῶς
3185 5301 3277 5354 τοῦ
3305 5301 3514 5379 πρώτου
3546 5322 3561 5338 ·
3595 5301 3732 5358 ὥστε
3761 5301 3850 5356 καὶ

2199 5380 2260 5433 16
2311 5379 2594 5457 μονογενὲς
2659 5380 3014 5463 ἀναμφίϐολον
3068 5385 3153 5442 ἐπὶ
3195 5393 3287 5442 τοῦ
3349 5390 3469 5444 Υἱοῦ
3516 5389 3714 5468 μένειν,
3760 5391 3850 5445 καὶ

2201 5469 2260 5523 τὸ
2303 5467 2362 5523 ἐκ
2390 5478 2482 5527 τοῦ
2524 5472 2727 5548 Πατρὸς
2773 5472 2914 5528 εἶναι
2969 5475 3030 5529 τὸ
3084 5480 3292 5550 Πνεῦμα
3347 5477 3425 5552 μὴ
3469 5467 3842 5558 ἀμφιϐάλλειν,

2201 5561 2297 5626 τῆς
2355 5560 2445 5614 τοῦ
2512 5561 2630 5614 Υἰοῦ
2714 5564 2999 5637 μεσιτείας,
3070 5565 3157 5621 καὶ
3213 5563 3384 5641 ἐαυτῷ
3452 5570 3513 5624 16
3570 5565 3848 5646 μονογενὲς

2203 5645 2591 5726 φυλαττούσης,
2637 5651 2723 5704 καὶ
2792 5653 2852 5705 16
2899 5653 3107 5727 Πνεῦμα
3179 5658 3277 5720 τῆς
3323 5658 3548 5734 φυσικῆς
3599 5645 3726 5737 πρός
3758 5656 3848 5711 τόν
