4142 6286
259 449 368 514 173
1344 459 1444 521 DE
1486 459 1853 522 PROCESSIt

1947 460 1991 520 E
2035 460 2095 521 S.
2137 461 2508 528 SPIRITUS.
3514 481 3633 545 174

253 581 462 661 Πατέρα
489 585 725 665 σχέσεως
771 589 848 663 μὴ
894 589 1272 668 ἂπειργούσης,
1327 613 1348 646 ι
1413 592 1506 649 οὐκ
1556 591 1728 672 ὸλίγαι
1811 594 1853 668 βι

1940 593 2241 656 inaturali
2298 614 2436 675 erga
2488 597 2717 661 Patrem
2769 601 3118 666 habitudine
3147 624 3268 669 non
3297 617 3562 687 arcente,
3592 637 3620 669 ι

244 667 358 728 ϐλοι
405 674 711 756 εὑρέθησαν,
787 676 838 743 ἐξ
912 686 982 734 Θν
1023 667 1371 760 διεγεγραπτο
1413 683 1472 736 τὸ
1533 705 1561 737 α
1608 667 1668 739 16
1711 681 1764 740 δὲ
1809 667 1853 738 δι

1977 701 2094 744 non
2130 704 2315 764 pauca
2344 689 2642 753 volumina
2671 703 2907 774 reperta
2939 706 3178 771 sunt,ex
3211 699 3425 780 quibus
3456 701 3626 778 illud,

240 767 330 816 τοῦ
361 768 650 844 προσεχῶς
683 767 743 824 ὲκ
772 776 864 824 τοῦ
891 770 1120 848 πρώτου.

1980 795 2002 826 ι
2042 772 2139 834 hic
2174 793 2310 836 vero
2343 796 2412 837 ex
2466 798 2561 861 eo,
2606 781 2705 861 qul
2738 767 2828 844 est
2858 767 3205 850 immediate
3228 767 3304 850 ex
3335 789 3551 871 primo,
3595 767 3624 850 λ

1970 860 2267 922 sublatum
2301 875 2449 922 erat-

1970 873 2267 926 sublatum
2301 875 2449 929 erat.

318 927 377 1000 ι’.
441 943 540 998 Καὶ
591 945 668 1007 τίς
703 944 764 999 ἂν
819 951 877 1005 οὔ
936 945 1168 1026 διαγνοίη
1222 951 1407 1006 Θεόθεν
1465 950 1712 1030 ἐσφάλθαι
1763 953 1853 1009 τοὺ

1976 1037 1990 1047 ‘
2051 953 2148 1047 Ο.
2173 951 2243 1013 Ει
2264 927 2535 1047 quisnon
2555 956 2948 1037 discerneret,
2985 980 3021 1023 a
3053 965 3310 1046 Deo,qui
3339 969 3628 1047 segmenti

240 1025 693 1106 διαγῳψαμένους
719 1037 797 1092 οτὸ
855 1041 953 1104 τῆς
1010 1025 1304 1117 περικοπῆς
1348 1025 1549 1108 ταύτης.
1596 1040 1878 1121 τεμάχιον,

243 1115 335 1181 τὴν
383 1117 516 1186 ὅλην
573 1125 868 1201 περικοπὴν
940 1126 1296 1207 ἀσυνάρτητα
1357 1131 1541 1205 ἑαυτῇ,
1628 1132 1714 1185 καὶ
1772 1144 1888 1193 τοῖς

243 1203 434 1272 ἑαυτῆς
493 1210 804 1290 ἀσύμφωνον
851 1213 1058 1293 μέρεσιν
1121 1217 1350 1273 ἐντεῦθεν
1410 1224 1728 1297 κατανοῶν;
1793 1218 1890 1276 Καὶ

238 1292 393 1350 τοῦτο
434 1293 500 1363 δὴ
552 1301 643 1354 τοῦ
694 1292 926 1382 ἐλέγχου
967 1306 1028 1359 τὸ
1085 1303 1368 1381 πρόδηλον,
1427 1307 1526 1372 τὴν
1555 1292 1826 1387 διαφορὰν,
1860 1309 1887 1362 6

239 1379 388 1458 ἅγιος
429 1395 524 1443 τοῦ
564 1385 615 1452 ἐξ
675 1379 856 1453 αἰτίαις⁷
884 1390 1032 1456 ὄντος
1089 1395 1160 1457 εἷς
1214 1391 1300 1449 δύο
1342 1402 1502 1451 ταῦτα
1557 1392 1770 1468 διεῖλεν,
1807 1394 1886 1451 ὅτι

1976 1037 2225 1117 hujusce
2277 1044 2622 1122 particulam
2673 1049 3060 1126 sustulerunt,
3115 1037 3477 1116 inverrore'm
3507 1057 3623 1118 ah-

1975 1127 2184 1189 ductos
2218 1132 2422 1206 fuisse,
2459 1145 2828 1210 segmentum
2862 1139 3200 1201 universum
3234 1141 3346 1203 sibi
3368 1143 3479 1224 ipsi
3503 1164 3624 1208 non

1973 1215 2364 1292 c0hzerens,et
2387 1220 2510 1281 suis
2533 1221 2796 1300 partibus
2818 1227 3061 1286 minime
3090 1215 3456 1291 concordatis
3479 1233 3620 1296 inde

1972 1302 2354 1384 percipiens?
2382 1307 2452 1370 Et
2482 1328 2556 1370 en
2603 1311 3148 1375 manifestissimum
3180 1317 3618 1397 redargutionis

1973 1402 2166 1470 caput.
2193 1393 2356 1455 Illius
2387 1399 2486 1475 qui
2509 1417 2578 1458 ex
2609 1417 2784 1460 causa
2815 1409 2925 1481 est,
2990 1393 3385 1466 differentiam
3419 1409 3480 1468 in
3511 1409 3624 1472 ista

237 1469 294 1524 τό
377 1473 476 1546 μὲν
557 1481 841 1558 προσεχιῦς
903 1480 962 1537 ἐκ
1017 1487 1106 1537 τοῦ
1160 1483 1388 1561 πρώτου,
1464 1483 1518 1538 ἐν
1588 1485 1685 1539 τίνι
1715 1483 1853 1540 λοινὸ

1970 1469 2084 1538 duo
2107 1489 2345 1544 sanctus
2377 1469 2576 1546 d-i\isit
2614 1508 2626 1546 :
2663 1469 3153 1572 alterum'nempe
3175 1491 3518 1558 immediate
3548 1515 3620 1561 ex

235 1557 408 1651 ἀφῆκε
473 1564 571 1630 τὴν
644 1557 892 1646 διαφορὰν
948 1557 1281 1648 θεωρεῖσθαι,
1365 1574 1460 1630 Καὶ
1537 1571 1652 1629 σῦδὲ
1710 1573 1852 1629 ἐκεῖν

1969 1567 2179 1645 primo,
2217 1571 2276 1630 in
2310 1591 2425 1651 quo
2460 1593 2599 1635 vero
2652 1585 2709 1637 et
2760 1557 3095 1640 discrimen.
3116 1583 3618 1648 considerandum

234 1644 462 1704 συνιδεῖν
492 1649 674 1731 ἔσχεν,
709 1644 839 1718 ὥςγὸ
886 1655 1057 1735 λέγων
1113 1661 1172 1714 τὸ
1229 1661 1326 1736 μὲν
1382 1668 1661 1740 προσεχῶς
1690 1664 1751 1718 ὲκ
1792 1685 1853 1718 το

1967 1644 2229 1736 reliquit.
2265 1644 2496 1751 Alfi-eque
2555 1665 2702 1726 illud
2739 1667 3250 1746 comprehendere
3274 1644 3616 1751 ροιιιὶιίθῖ-ἰ

232 1736 443 1812 πρώτου
505 1743 639 1798 κατὰ
698 1750 869 1801 πᾶσαν
915 1745 1216 1805 ἀπαιτεῖται
1268 1749 1510 1828 ἀνάγκην
1556 1753 1749 1828 εἰπεῖν,
1822 1775 1849 1806 τ

235 1820 274 1836 κ,
315 1825 329 1836 .
453 1827 464 1836 .
658 1831 670 1836 -

1968 1754 2224 1818 centem,
2264 1749 2360 1810 hic
2393 1736 2551 1811 enim
2586 1736 2926 1815 immediate
2950 1774 3019 1816 ex
3053 1736 3614 1836 primo,necessario

231 1820 281 1877 δὲ
311 1825 495 1904 ἔτερόν
553 1853 601 1886 τι
654 1831 762 1888 ἐστι
814 1836 955 1914 παρὰ
983 1839 1044 1892 τὸ
1079 1820 1394 1918 πρωεχὼςί
1431 1847 1550 1902 Πῶς
1582 1842 1680 1918 γὰρ
1710 1820 1853 1896 ἀλλω

1940 1834 2097 1910 {cogi
2150 1837 2293 1898 illud
2352 1840 2528 1900 etiam
2569 1841 2765 1916 fateri,
2801 1820 3612 1925 alterum'quidIsit,vdishin;

231 1913 314 1967 καὶ
371 1914 636 1986 συνδεθείη
693 1925 721 1978 6
780 1913 958 2001 λόγος,
1007 1925 1042 1993 ἢ
1093 1913 1206 1990 πῶς
1327 1930 1362 1996 ἡ
1409 1913 1629 2008 διαφορά
1655 1913 1853 2008 ’θεωρηι

1965 1929 2124 2018 ctum
2157 1925 2230 1985 ab
2265 1945 2358 2007 eo,
2390 1930 2542 2018 quod
2578 1913 2923 1991 immediate
2949 1941 3060 1993 est.
3099 1913 3224 2005 Quo
3256 1913 3413 1998 enim
3445 1948 3614 2018 pacto

229 2003 339 2068 θείη
397 2011 508 2060 τῶν
550 2005 920 2089 διαφερόντων,
973 2015 1049 2089 μὴ
1122 2019 1213 2071 τοῦ
1259 2017 1356 2090 μὲν
1407 2003 1594 2092 οὕτως,
1661 2003 1785 2076 τοῦ.
1825 2015 1852 2072 δ

1962 2010 2133 2072 aliter
2163 2003 2353 2075 oratio
2394 2003 2808 2097 colligahitur?
2842 2021 2931 2080 vel
2971 2003 3268 2100 quomodo
3289 2003 3613 2089 discrimen

231 2089 438 2159 ἐκείνως
496 2094 757 2178 ἕχοντοςς
817 2103 915 2159 Καὶ
958 2106 992 2171 ἡ
1035 2114 1127 2162 τοῦ
1179 2108 1299 2161 Υἱοῦ
1341 2103 1395 2160 δὲ
1437 2107 1692 2181 μεσιτεία,
1727 2108 1770 2162 εἷ
1800 2130 1853 2181 μη

233 2177 254 2194 ᾳ
277 2180 290 2194 ι
375 2184 389 2194 α
471 2191 493 2194 μ
569 2186 594 2194 -ι
708 2191 715 2194 -
1235 2193 1239 2194 ⁷

1961 2101 2116 2160 inter
2148 2121 2212 2194 se
2245 2089 2646 2168 differentium
2681 2089 3061 2186 intelligetur,
3097 2111 3212 2172 nisi
3243 2113 3339 2174 hic
3368 2115 3609 2194 quidem

227 2177 290 2234 δι’
335 2184 498 2240 αὐτοῦ
541 2186 631 2254 εἴη
661 2191 720 2244 τὸ
763 2197 998 2267 Πνεῦμα,
1057 2200 1170 2256 πῶς
1214 2193 1275 2248 ἂν
1331 2194 1492 2271 ἑαυτῇ
1549 2195 1787 2273 φυλάξειε
1816 2198 1876 2251 τὸ

225 2275 530 2350 μονογενὲς,
577 2281 750 2335 καὶτὸ
813 2288 1023 2358 Πνεῦμα
1078 2289 1176 2351 τῆς
1207 2287 1336 2360 πρὸς
1391 2288 1483 2341 τὸν
1536 2285 1739 2364 Πατέρα
1769 2307 1871 2365 φυ-

224 2360 373 2429 σίκῆς
433 2367 530 2420 οὐκ
597 2367 852 2448 ἀπείρξειε
915 2373 1194 2451 σχέσεως;
1244 2366 1421 2454 ιΟρᾷς,
1500 2378 1526 2431 ὃ
1595 2374 1760 2430 θέλων
1818 2378 1872 2430 ἓν

223 2451 459 2520 εὖθύτητι
508 2453 823 2515 διασκοπεῖν
872 2463 938 2517 τὰ
987 2465 1101 2540 περὶ
1149 2466 1222 2518 ὧν
1260 2468 1287 2521 6
1336 2464 1494 2543 λόγος
1533 2467 1691 2544 ἡπτν,
1726 2464 1871 2527 ὅπως

223 2540 343 2598 αὖτὸ
387 2544 448 2599 τὸ
482 2549 581 2611 τῆς
608 2546 853 2615 ἀληθείας
884 2549 1110 2630 ἔσφαλλε
1167 2560 1378 2629 Πνεῦμα
1417 2540 1550 2618 ’τοὺς
1605 2540 1702 2620 τὴν
1760 2577 1870 2610 πα-

225 2633 482 2712 ραφθορὰν
542 2639 968 2717 μηχανωμένους
1026 2648 1132 2697 τῶν
1189 2649 1456 2723 γραφικῶν
1537 2643 1740 2720 ῥήσεων
1786 2644 1870 2699 ἐπὶ

225 2725 572 2802 συγκροτήσει
614 2735 705 2784 τοῦ
736 2727 1176 2797 ἐκκλησιαστικοῦ
1217 2735 1514 2812 σχίσματος
1551 2755 1566 2808 ;

299 2981 392 3054 ια’.
445 2993 550 3051 Καὶ
590 2992 655 3061 δὴ
699 2996 885 3052 σκόπει
943 2998 1183 3072 κάκεῖνο,
1231 3000 1358 3078 ὅπερ
1403 2999 1456 3055 ἕν
1485 3023 1584 3056 τινι
1613 3000 1718 3056 τῶν
1748 3000 1866 3056 κατ’

224 3083 472 3156 Εὖνομίου
587 3084 960 3162 ἀντιρῥητικῶν
1056 3088 1352 3168 κεφαλαίων
1448 3096 1538 3146 τοῦ
1635 3089 1867 3168 μεγάλου

217 3166 420 3247 εὕρηται
467 3171 766 3249 Βασιλείου,
816 3174 870 3230 ἐν
914 3177 958 3251 ᾧ
989 3179 1016 3232 ὁ
1057 3166 1152 3252 μὲν
1198 3175 1343 3255 ἅγιος
1373 3179 1514 3258 παρὰ
1565 3181 1670 3233 των
1714 3166 1866 3234 ἀντι-

1961 2189 2283 2286 hoc,_al_ius
2331 2194 2432 2286 illo
2494 2199 2669 2258 modo
2714 2216 2792 2286 ise
2823 2198 3083 2260 habeat?
3112 2199 3182 2261 Et
3212 2200 3346 2263 Filii
3375 2189 3611 2286 quoque

1960 2278 2263 2361 mediatio,
2298 2283 2347 2343 si
2397 2303 2504 2364 per
2534 2303 2668 2346 eum
2705 2285 2963 2366 Spiritus
3016 2306 3134 2348 non
3168 2298 3276 2362 est,
3312 2278 3608 2371 ι]υὸωόάο

1956 2367 2068 2426 sibi
2105 2371 2472 2449 unigenitum
2505 2375 2971 2450 conservabit,et
2989 2374 3277 2455 Spiritum
3302 2367 3606 2442 anaturali

1955 2455 2024 2514 ad
2061 2455 2294 2520 Patrem
2319 2461 2668 2524 habitudine
2687 2482 2805 2525 nou
2832 2464 3095 2526 arcebit?
3120 2465 3610 2547 Vides,quirecta

1957 2554 2156 2606 mente
2190 2550 2420 2623 haec,de
2453 2551 2671 2631 quibus
2701 2552 2872 2613 uehis
2901 2571 3098 2615 sermo
3119 2555 3603 2638 est,c0nsideras,

1952 2632 2238 2726 a_Spiritu
2272 2640 2534 2700 veritatis
2590 2641 2651 2702 in
2703 2659 2973 2704 errorem
3024 2643 3311 2705 abductos
3343 2663 3468 2725 eos,
3503 2632 3605 2726 qui

1953 2721 2244 2785 dictorum
2269 2728 2490 2808 scripto
2519 2729 2873 2791 traditorum
2904 2731 3346 2811 corruptionem
3379 2721 3604 2796 machi-

1951 2821 2189 2890 nantur,
2223 2816 2294 2876 ad
2342 2817 2878 2880 constabiliendum
2937 2819 3404 2883 ecclesiasticum
3436 2821 3599 2883 schi-

1950 2901 2122 2961 sma‘.’

2038 2991 2131 3050 11.
2165 2991 2316 3053 Illud
2349 2994 2490 3054 item
2524 2995 2845 3074 perpende,
2876 2996 3033 3076 quod
3062 2995 3123 3057 in
3153 3014 3271 3057 uno
3302 3014 3372 3059 ex
3398 2997 3598 3061 Antir-

1950 3077 2195 3141 rheticis
2219 3081 2500 3144 adversus
2522 3084 2882 3145 Eunomium
2903 3084 3196 3164 capitibus
3218 3085 3414 3165 magni
3435 3089 3596 3149 Basi-

1950 3165 2014 3224 lii
2037 3169 2353 3250 reperitur,
2389 3171 2448 3230 in
2482 3192 2596 3250 quo
2629 3191 2761 3233 cum
2796 3181 3033 3233 sanctus
3064 3173 3362 3252 objectum
3383 3173 3497 3235 sibi
3518 3174 3592 3236 ab

213 3253 472 3335 λεγόντων
535 3261 678 3335 αὗτῷ
746 3260 1107 3343 διαπαρηθεὶς,
1159 3287 1183 3322 α
1245 3253 1342 3322 Διά
1404 3253 1460 3322 τί
1510 3270 1586 3342 μὴ
1655 3267 1853 3345 λέγεται

1948 3254 2306 3318 adversariis
2331 3260 2586 3335 diluens,
2617 3259 2846 3332 «Quare
2870 3279 2988 3321 non
3010 3261 3228 3322 dicitur
3258 3273 3318 3322 et
3338 3259 3592 3342 Spiritus

1170 3373 1186 3430 ;
1249 3375 1270 3404 I
1309 3356 1560 3430 ἀπεκρίθη
1605 3355 1684 3410 ὅτι
1734 3376 1756 3406 ι
1791 3356 1861 3413 Οῦ

209 3431 285 3490 διὰ
311 3440 370 3493 τὸ
401 3440 483 3514 μὴ
535 3439 675 3496 εἶναι
707 3440 767 3496 ἐκ
798 3449 928 3502 Θεοῦ
970 3440 1035 3498 δι’
1097 3446 1238 3524 Υἷοῦ,
1282 3443 1418 3500 ἀλλὰ
1475 3443 1566 3500 ἵνα
1611 3445 1647 3512 ἡ
1704 3445 1859 3522 Τριὰς

210 3527 281 3597 μὴ
311 3532 544 3604 νομισθῂ
601 3527 800 3596 πλῆθκ
872 3531 1110 3605 ἄπειρον,
1152 3535 1294 3596 Γὶοῦς
1346 3532 1397 3598 ἐξ
1434 3537 1585 3607 Υἱῶν,
1641 3535 1715 3597 ὡς
1773 3535 1860 3588 καὶ

207 3613 259 3670 ἒν
328 3616 632 3696 ἀνθρώποις
679 3617 824 3697 ἔχειν
884 3621 1290 3681 ὑποπτευθεῖσα.
1341 3645 1368 3676 ι
1422 3613 1482 3677 Ἠ
1540 3620 1594 3676 δὲ
1652 3621 1857 3678 ἀντίθε-

210 3724 292 3766 τος
335 3719 507 3784 μοῖρα
552 3712 658 3762 τῶν
716 3704 781 3762 δι’
851 3711 970 3764 Υἱοῦ
1001 3708 1264 3788 λεγόιτων
1293 3710 1521 3766 εἶναιτὸ
1554 3717 1763 3784 Πνεῦμα
1806 3708 1858 3764 ἓν

209 3813 306 3849 τισι
335 3794 549 3871 βιϐλοις
579 3798 662 3869 τὸ,
705 3798 809 3854 «Οὐ
839 3795 920 3853 διὰ
949 3796 1009 3853 τό
1033 3800 1110 3873 μὴ
1155 3799 1296 3855 εἶναι
1328 3798 1387 3856 ἐκ
1417 3801 1544 3856 Θεοῦ
1573 3797 1634 3854 δι’
1677 3801 1851 3874 Υἱοῦ,ο

206 3881 276 3954 μὴ
331 3881 751 3964 διαγράψαντες,
812 3884 1069 3963 ἔγραψαν,
1128 3888 1188 3944 Τί
1247 3889 1346 3966 γὰρ
1402 3884 1701 3962 συμϐάλλον
1759 3887 1857 3941 αῦ-

199 3985 308 4037 τοῖς
368 3974 439 4038 ἦν
501 3974 579 4035 εἰς
651 3967 978 4042 κατασκευὴν
1033 3974 1346 4041 ἀποδειξεως
1420 3977 1566 4056 τάχα
1628 3978 1720 4031 τοῦ
1778 3975 1853 4049 μή

199 4063 333 4117 εἶναι
391 4063 454 4119 τό
511 4068 730 4136 Πνεῦμα
772 4060 854 4118 διὰ
883 4065 975 4120 τοῦ
1037 4069 1177 4140 Υἱοῦ,
1225 4066 1314 4126 ἐάν
1342 4069 1368 4122 6
1400 4065 1548 4143 ἅγιος
1578 4064 1847 4144 διαπορού-

199 4172 374 4226 μενος,
412 4152 571 4208 Διατί
614 4151 692 4227 μὴ
737 4153 823 4208 καὶ
864 4153 924 4208 τό
981 4154 1194 4230 Πνεῦμα
1256 4155 1368 4218 Υἱός
1397 4157 1490 4210 τοῦ
1536 4158 1700 4234 Υἱοῦ,
1750 4153 1850 4234 ἔφη

199 4240 272 4294 ὁτι
303 4245 374 4299 Οὐ
418 4239 506 4296 διά
551 4239 615 4296 10'
647 4239 790 4296 εἶναι
833 4240 892 4297 ἐκ
919 4249 1050 4300 Θεοῦ
1077 4240 1142 4297 δι’
1184 4245 1324 4316 Υἰοῦ,
1358 4241 1477 4298 ἀλλ’
1510 4241 1599 4298 ἵνα
1627 4244 1662 4309 ἡ
1694 4243 1848 4318 Τριὰς

200 4329 272 4401 μὴ
343 4334 574 4406 νομισθῇ
620 4328 823 4396 πλῆθος
866 4329 1099 4410 ἄπειρον.
1169 4353 1192 4387 ι)
1243 4337 1476 4405 Στῆσον,
1531 4329 1843 4410 παρακαλῶ,

199 4417 332 4482 ὅστις
378 4419 441 4474 ἂν
497 4418 652 4492 εἴης,
699 4420 727 4473 6
780 4420 907 4496 πρὸς
964 4421 1062 4487 τὴν
1119 4418 1398 4498 διάγνωσιν
1439 4426 1543 4476 τῶν
1573 4421 1846 4499 παρόντων

198 4502 352 4572 διδώς
421 4509 642 4581 ἒαυτὸν,
717 4505 916 4585 ἀρρεπῆ
986 4513 1083 4576 τῆς
1164 4507 1488 4587 διεγνώσεως
1558 4510 1622 4565 τὰ
1690 4510 1840 4587 ζυγὰ,

197 4599 276 4650 καὶ
341 4597 594 4676 διάγνωθι
663 4596 816 4652 ποίαν
888 4596 1004 4676 ἔχει
1059 4598 1158 4665 τὴν
1226 4597 1531 4654 ἀκολουθίαν
1575 4599 1702 4676 πρὸς
1745 4598 1842 4664 τὴν

197 4685 440 4762 ἐρώτησιν
495 4689 532 4754 ἡ
599 4685 898 4763 ἀπόκρισις.
965 4689 1024 4744 Ei
1097 4688 1175 4763 μὴ
1230 4689 1298 4754 ἦν
1370 4686 1842 4766 δεδογματισμένον

195 4772 270 4830 διὰ
327 4783 417 4832 τοῦ
477 4777 628 4849 Υἱοῦ,
687 4776 774 4831 καὶ
824 4775 882 4831 ἐκ
946 4783 1037 4832 τοῦ
1101 4780 1222 4834 Υἱοῦ
1290 4778 1430 4833 εἶναι
1486 4779 1546 4832 τὸ
1603 4782 1836 4850 Πνευμα,

191 4868 295 4926 πῶς
364 4865 425 4922 ἂν
488 4866 518 4920 6
573 4863 850 4943 ἀπορήσας
919 4865 1184 4946 ἠπόρησε,
1250 4890 1277 4921 α
1342 4867 1491 4922 Διατί
1543 4865 1620 4940 μὴ
1663 4866 1750 4920 καὶ
1780 4865 1838 4920 τὸ

185 4958 390 5031 Πνεῦμα
453 4956 578 5016 Υἱὸς
637 4960 728 5009 τοῦ
773 4954 942 5034 Υἱοῦ;
994 4977 1016 5009 ι
1080 4958 1142 5012 Αἰ
1191 4959 1287 5024 τῆς
1364 4955 1581 5034 ἀπορίας
1640 4957 1836 5020 ταῦτης

182 5043 405 5124 ἀφορμαὶ
465 5046 630 5100 ποθεν
683 5043 958 5120 γεγόνασιν
1016 5043 1255 5121 ἄλλοθεν,
1321 5044 1401 5100 ὅτι
1471 5044 1550 5119 μὴ
1603 5041 1662 5098 ἐκ
1743 5049 1835 5098 τοῦ

187 5134 566 5213 ὁμολογεῖσθαι
625 5129 708 5187 διὰ
757 5142 850 5188 τοῦ
888 5135 1009 5190 Υἱοῦ
1039 5135 1180 5192 εἶναι
1209 5137 1270 5191 τὸ
1299 5141 1511 5209 Πνεῦμα
1540 5136 1600 5188 τὸ
1631 5131 1779 5210 ἅγιον
1813 5151 1828 5210 ς

184 5224 237 5279 Εἰ
278 5226 377 5304 γὰρ
422 5224 504 5300 μὴ
564 5219 650 5278 διὰ
704 5227 797 5276 τοῦ
858 5225 974 5278 Υἱοῦ
1043 5223 1107 5291 ἦν
1146 5221 1552 5302 διαπορούμενος
1585 5223 1612 5276 6
1657 5219 1828 5298 ἅγιος,

186 5335 211 5367 ι
257 5314 406 5370 Διατί
462 5311 546 5387 μὴ
591 5309 680 5364 καὶ
729 5310 789 5363 τὸ
818 5315 1028 5385 Πνεῦμα
1067 5313 1183 5376 Υἱὸς
1206 5318 1297 5368 τοῦ
1330 5314 1448 5368 Υἱοῦ
1481 5329 1498 5390 ;
1547 5332 1576 5364 π
1612 5308 1834 5384 ἑτοίμως

185 5400 240 5458 ἄν
291 5405 378 5459 καὶ
437 5399 592 5478 μάλα
671 5400 876 5477 γοργῶς
963 5400 1061 5468 τὴν
1122 5401 1338 5478 ἀπορίαν
1411 5398 1835 5476 ἀποκραύσασθαι

184 5491 337 5571 εἶχεν,
401 5487 910 5568 ἀπρλογησάμενος,
971 5486 1055 5544 διὰ
1111 5492 1172 5546 τὸ
1231 5490 1326 5566 μὲν
1355 5489 1496 5544 εἶναι
1526 5484 1591 5541 δι’
1627 5489 1768 5564 Υἱοῦ,
1799 5485 1834 5550 ἦ

180 5577 225 5643 ἐξ
270 5583 410 5642 Γὶοῦ.
467 5571 528 5637 Ὀ
588 5573 643 5631 δὲ
699 5576 760 5630 τὸ
819 5577 915 5650 μὲν
958 5575 1022 5632 δι’
1086 5581 1206 5636 Υἱοῦ
1245 5578 1386 5634 εἶναι
1416 5579 1476 5634 τὸ
1531 5581 1742 5650 Πνεῦμα
1774 5573 1834 5628 ὲκ

181 5671 267 5736 τῆς
322 5668 590 5750 λεγούσης
648 5663 778 5720 αὐτὸ
821 5670 1032 5742 Πνεῦμα
1069 5668 1188 5726 ῐῒοῠ
1245 5664 1608 5732 ἀποπολικῆς
1652 5666 1831 5744 φωνῆς

180 5759 439 5838 σαφηνίζει
498 5753 860 5828 συνίστασθαι,
921 5757 1051 5835 πρὸς
1135 5754 1188 5812 δὲ
1257 5777 1357 5832 την
1448 5756 1560 5817 ι’ἱὸς
1647 5751 1829 5832 φωνὴν

209 3348 290 3401 καὶ
329 3351 390 3405 τὸ
450 3357 671 3426 Πνεῦμα
724 3353 841 3416 Υἱὸς
883 3357 974 3409 τοῦ
1018 3357 1137 3411 Υἰοῦ
1170 3373 1183 3426 ;

1943 3341 2132 3403 Filius
2161 3344 2349 3406 Filii?
2407 3350 2713 3428 respondit
2769 3367 2782 3409 :
2853 3373 2874 3405 ‹
2913 3351 3044 3412 Non
3077 3350 3233 3430 quod
3266 3341 3395 3412 non
3415 3351 3491 3412 sit
3519 3367 3592 3416 ex

1944 3432 2065 3491 Deo
2100 3451 2206 3512 per
2234 3435 2472 3511 Filium,
2508 3438 2610 3498 sed
2663 3456 2736 3498 ne
2766 3437 3024 3498 Trinitas
3073 3438 3382 3500 multitudo
3410 3439 3593 3502 innu-

1945 3538 2110 3581 mera
2140 3532 2536 3604 reputaretur,
2574 3525 2739 3586 Filiis
2763 3544 2832 3585 ex
2861 3525 3051 3605 Filiis,
3087 3526 3586 3606 quemadmodum

1945 3617 2002 3668 et
2033 3609 2094 3669 in
2128 3609 2468 3675 hominibus
2498 3634 2608 3676 usu
2637 3613 3178 3692 venit,cogitatione
3199 3616 3591 3696 comprehen-

1939 3697 2045 3758 sis.
2081 3723 2108 3754 n
2172 3699 2388 3762 Verum
2454 3722 2589 3783 pars
2648 3703 2764 3766 illis
2805 3702 3070 3777 adversa,
3104 3701 3206 3782 qui
3235 3721 3342 3783 per
3367 3701 3584 3766 Filium

1938 3797 2212 3848 asserunt
2266 3808 2398 3851 esse
2457 3790 2762 3870 Spiritum,
2823 3791 2882 3850 in
2915 3789 3218 3853 nonnullis
3247 3791 3583 3870 codicibus,

1946 3877 2111 3937 (Non
2135 3879 2293 3958 quod
2313 3898 2430 3940 non
2455 3881 2532 3940 sit
2551 3899 2618 3942 ex
2641 3880 2762 3942 Deo
2789 3898 2894 3960 per
2912 3879 3189 3954 Filium,»
3217 3879 3582 3958 omittentes,

1937 3964 2166 4045 reliqua
2190 3967 2654 4048 descripserunt.
2688 3970 2805 4032 Sed
2830 3968 2971 4049 quid
2996 3967 3230 4030 tandem
3253 3967 3399 4049 ipsis
3430 3987 3580 4031 con-

1936 4052 2156 4115 ducere
2189 4066 2388 4133 posset
2423 4059 2496 4117 ad
2544 4056 3094 4131 demonstrandum,
3143 4055 3429 4136 Spiritum
3457 4075 3580 4120 non

1935 4160 2066 4203 esse
2085 4162 2189 4222 per
2211 4145 2503 4219 Filium,si
2527 4155 2764 4207 sanctus
2781 4145 3029 4206 dubium
3061 4144 3317 4226 solvens,
3347 4167 3370 4203 ι
3397 4163 3580 4226 quare

1933 4249 2050 4289 non
2075 4241 2132 4292 et
2153 4233 2409 4311 Spiritus
2450 4235 2630 4295 Filius
2670 4234 2804 4296 Filii
2839 4233 3098 4294 dicitur?
3123 4257 3148 4292 ι
3185 4232 3351 4308 dixit,
3386 4253 3416 4293 ι
3445 4235 3580 4296 Non

1931 4321 2087 4399 quod
2138 4341 2256 4382 non
2288 4323 2362 4382 sit
2395 4340 2462 4383 ex
2504 4325 2623 4386 Deo
2655 4341 2766 4400 per
2806 4321 3047 4397 Filium,
3083 4321 3186 4382 sed
3213 4339 3291 4382 ne
3320 4320 3576 4385 Trinitas

1929 4410 2246 4470 multitudo
2299 4412 2612 4472 innumera
2665 4418 3060 4492 reputaretur.
3097 4432 3122 4468 ιι
3180 4409 3564 4489 Suspendito,

1928 4516 2157 4577 precor,
2181 4499 2519 4579 quicunque
2544 4520 2630 4574 es,
2663 4500 2762 4580 qui
2791 4499 2864 4560 ad
2892 4516 3089 4559 rerum
3122 4497 3326 4557 harum
3359 4500 3565 4574 cogni-

1865 4583 1908 4631 D
1931 4586 2146 4646 tionem
2165 4587 2428 4647 animum
2456 4588 2928 4667 advertis,justas
2958 4585 3306 4663 cognitionis
3337 4585 3562 4662 lances,

1925 4673 2367 4755 discernitoque
2397 4676 2692 4754 quomodo
2747 4675 3087 4754 adaaquatur
3111 4673 3565 4752 interrogationi

1923 4763 2256 4843 responsio.
2287 4763 2429 4838 Nisi,
2461 4765 2768 4825 decretum
2801 4771 2979 4842 esset,
3013 4768 3072 4822 et
3115 4762 3290 4842 plane
3318 4761 3379 4821 in
3411 4779 3560 4824 con-

1919 4851 2116 4927 fessis,
2153 4871 2258 4932 per
2309 4853 2522 4916 Filium
2576 4861 2636 4914 et
2665 4871 2734 4914 ex
2765 4852 2916 4914 Filio
2948 4867 3081 4912 esse
3110 4849 3414 4930 Spiritum,
3449 4868 3564 4931 qua

1918 4943 2152 5002 ratione
2183 4942 2645 5022 dubitasset,qui
2670 4940 2916 5003 dubium
2947 4938 3148 5014 movit,
3187 4937 3412 5010 (Quare
3442 4957 3562 5000 non

1919 5038 1978 5091 et
2006 5029 2258 5109 Spiritus
2315 5031 2444 5094 Filii
2501 5031 2732 5093 Filius?
2766 5054 2790 5089 ι)
2849 5027 3286 5092 Dubitationem
3316 5027 3565 5108 hujusce

1918 5136 2108 5179 causae
2131 5121 2406 5182 undenan
2443 5121 2558 5182 alio
2583 5129 2800 5182 exortae
2832 5126 2989 5192 sunt,
3016 5133 3189 5197 quam
3212 5133 3283 5177 ex
3302 5135 3372 5178 eo
3403 5117 3562 5197 quod

1917 5207 2314 5271 indubitatum
2368 5217 2514 5284 erat,
2565 5227 2672 5289 per
2698 5208 2910 5271 Filium
2944 5223 3076 5267 esse
3102 5204 3387 5285 Spiritum
3418 5223 3562 5266 san-

1920 5305 2076 5356 ctum
2096 5297 2126 5356 ‘?
2153 5301 2420 5379 Namque
2441 5299 2492 5359 si
2523 5316 2590 5359 ex
2620 5297 2769 5359 Filio
2821 5314 2940 5357 non
2977 5301 3121 5369 erat,
3164 5293 3562 5373 interrogatus

1917 5395 2180 5468 sanctus,
2236 5413 2262 5444 «
2298 5389 2490 5460 Quare
2550 5407 2666 5448 non
2717 5396 2774 5448 et
2823 5385 3077 5465 Spiritus
3099 5381 3234 5443 Filii
3262 5381 3495 5444 Filius?
3526 5406 3554 5438 »

1918 5486 2190 5556 prompte
2227 5479 2489 5558 quidem,
2519 5484 2579 5538 et
2607 5475 2924 5568 admodum
2954 5471 3170 5568 acriter
3189 5469 3434 5568 dubium
3466 5489 3562 5533 re-

1909 5565 2628 5647 jecissdnespondendo,
2664 5564 2821 5645 quod
2852 5580 2971 5624 non
2998 5566 3154 5622 esset
3180 5577 3287 5640 per
3313 5558 3556 5635 Filium,

1914 5662 2014 5715 aut
2042 5673 2110 5714 ex
2141 5654 2314 5746 Filio.
2377 5653 2494 5717 Sed
2702 5651 2991 5746 Spiritum
3021 5647 3262 5746 quidem
3293 5665 3426 5746 esse
3448 5664 3562 5746 per

1909 5742 2145 5819 Filium,
2186 5745 2522 5808 afﬁrmante
2551 5741 2719 5804 illum
2751 5735 3047 5823 Spiritum
3076 5735 3212 5797 Eilii
3239 5735 3563 5816 apostolica
