  <div class='ocr_page' id='page_1' title='image "/cluster/home/n/w/nwhite01/storage/ocr_20150623/141/mdp.39015078384206/095.png"; bbox 0 0 4220 6292; ppageno 0'>
   <div class='ocr_carea' id='block_1_1' title="bbox 540 432 653 500">
    <p class='ocr_par' dir='ltr' id='par_1_1' title="bbox 540 432 653 500">
     <span class='ocr_line' id='line_1_1' title="bbox 540 432 653 500; baseline -0.035 0"><span class='ocrx_word' id='word_1_1' title='bbox 540 432 653 500; x_wconf 82' lang='grc'>175</span> 
     </span>
    </p>
   </div>
   <div class='ocr_carea' id='block_1_2' title="bbox 1608 428 2797 497">
    <p class='ocr_par' dir='ltr' id='par_1_2' title="bbox 1608 428 2797 497">
     <span class='ocr_line' id='line_1_2' title="bbox 1608 428 2797 497; baseline 0 0"><span class='ocrx_word' id='word_1_2' title='bbox 1608 434 1819 497; x_wconf 84' lang='lat' dir='ltr'>JOAN.</span> <span class='ocrx_word' id='word_1_3' title='bbox 1865 431 2088 496; x_wconf 80' lang='lat' dir='ltr'>VECCI</span> <span class='ocrx_word' id='word_1_4' title='bbox 2125 430 2236 494; x_wconf 86' lang='lat' dir='ltr'>GP.</span> <span class='ocrx_word' id='word_1_5' title='bbox 2282 428 2797 497; x_wconf 68' lang='lat' dir='ltr'>PATRIARCHE</span> 
     </span>
    </p>
   </div>
   <div class='ocr_carea' id='block_1_3' title="bbox 3789 425 3904 491">
    <p class='ocr_par' dir='ltr' id='par_1_3' title="bbox 3789 425 3904 491">
     <span class='ocr_line' id='line_1_3' title="bbox 3789 425 3904 491; baseline -0.009 0"><span class='ocrx_word' id='word_1_6' title='bbox 3789 425 3904 491; x_wconf 83' lang='grc'>176</span> 
     </span>
    </p>
   </div>
   <div class='ocr_carea' id='block_1_4' title="bbox 536 562 2195 652">
    <p class='ocr_par' dir='ltr' id='par_1_4' title="bbox 536 564 2194 652">
     <span class='ocr_line' id='line_1_4' title="bbox 536 564 2194 652; baseline -0.004 -20"><span class='ocrx_word' id='word_1_7' title='bbox 536 588 700 647; x_wconf 78' lang='lat' dir='ltr'>voce,</span> <span class='ocrx_word' id='word_1_8' title='bbox 740 568 1120 652; x_wconf 84' lang='lat' dir='ltr'>apertissime</span> <span class='ocrx_word' id='word_1_9' title='bbox 1164 565 1535 648; x_wconf 81' lang='lat' dir='ltr'>comprobat,</span> <span class='ocrx_word' id='word_1_10' title='bbox 1600 565 1705 627; x_wconf 90' lang='lat' dir='ltr'>sed</span> <span class='ocrx_word' id='word_1_11' title='bbox 1731 565 1805 626; x_wconf 91' lang='lat' dir='ltr'>de</span> <span class='ocrx_word' id='word_1_12' title='bbox 1833 583 1974 626; x_wconf 83' lang='lat' dir='ltr'>voce</span> <span class='ocrx_word' id='word_1_13' title='bbox 2004 564 2194 626; x_wconf 77' lang='lat' dir='ltr'>Filius</span> 
     </span>
    </p>
   </div>
   <div class='ocr_carea' id='block_1_5' title="bbox 2280 562 3918 652">
    <p class='ocr_par' dir='ltr' id='par_1_5' title="bbox 2280 562 3918 652">
     <span class='ocr_line' id='line_1_5' title="bbox 2280 562 3918 652; baseline 0.012 -32"><span class='ocrx_word' id='word_1_14' title='bbox 2280 562 2736 643; x_wconf 83' lang='grc' dir='ltr'>διαγωνιζόμενος,</span> <span class='ocrx_word' id='word_1_15' title='bbox 2792 569 2879 625; x_wconf 83' lang='grc' dir='ltr'>καὶ</span> <span class='ocrx_word' id='word_1_16' title='bbox 2906 565 3067 647; x_wconf 85' lang='grc' dir='ltr'>λόγον</span> <span class='ocrx_word' id='word_1_17' title='bbox 3103 564 3293 647; x_wconf 77' lang='grc' dir='ltr'>διδοὺς,</span> <span class='ocrx_word' id='word_1_18' title='bbox 3351 566 3486 624; x_wconf 78' lang='grc' dir='ltr'>διατι</span> <span class='ocrx_word' id='word_1_19' title='bbox 3553 565 3631 641; x_wconf 74' lang='grc' dir='ltr'>μὴ</span> <span class='ocrx_word' id='word_1_20' title='bbox 3679 563 3797 626; x_wconf 53' lang='lat' dir='ltr'>rm;</span> <span class='ocrx_word' id='word_1_21' title='bbox 3827 567 3918 652; x_wconf 60' lang='grc' dir='ltr'>τῩῦ</span> 
     </span>
    </p>
   </div>
   <div class='ocr_carea' id='block_1_6' title="bbox 538 653 2187 734">
    <p class='ocr_par' dir='ltr' id='par_1_6' title="bbox 538 653 2187 734">
     <span class='ocr_line' id='line_1_6' title="bbox 538 653 2187 734; baseline -0.006 -11"><span class='ocrx_word' id='word_1_22' title='bbox 538 665 876 733; x_wconf 86' lang='lat' dir='ltr'>decretans,</span> <span class='ocrx_word' id='word_1_23' title='bbox 909 667 966 720; x_wconf 94' lang='lat' dir='ltr'>et</span> <span class='ocrx_word' id='word_1_24' title='bbox 993 658 1289 719; x_wconf 89' lang='lat' dir='ltr'>rationem</span> <span class='ocrx_word' id='word_1_25' title='bbox 1321 654 1608 727; x_wconf 85' lang='lat' dir='ltr'>reddens,</span> <span class='ocrx_word' id='word_1_26' title='bbox 1638 672 1820 734; x_wconf 83' lang='lat' dir='ltr'>quare</span> <span class='ocrx_word' id='word_1_27' title='bbox 1853 672 1969 714; x_wconf 91' lang='lat' dir='ltr'>non</span> <span class='ocrx_word' id='word_1_28' title='bbox 2002 653 2187 715; x_wconf 90' lang='lat' dir='ltr'>Filius</span> 
     </span>
    </p>
   </div>
   <div class='ocr_carea' id='block_1_7' title="bbox 534 741 2187 830">
    <p class='ocr_par' dir='ltr' id='par_1_7' title="bbox 534 741 2187 830">
     <span class='ocr_line' id='line_1_7' title="bbox 534 741 2187 830; baseline -0.007 -18"><span class='ocrx_word' id='word_1_29' title='bbox 534 748 692 826; x_wconf 86' lang='lat' dir='ltr'>Filii,</span> <span class='ocrx_word' id='word_1_30' title='bbox 723 747 822 830; x_wconf 87' lang='lat' dir='ltr'>qui</span> <span class='ocrx_word' id='word_1_31' title='bbox 855 765 962 829; x_wconf 93' lang='lat' dir='ltr'>per</span> <span class='ocrx_word' id='word_1_32' title='bbox 982 746 1197 808; x_wconf 90' lang='lat' dir='ltr'>Filium</span> <span class='ocrx_word' id='word_1_33' title='bbox 1223 753 1332 820; x_wconf 91' lang='lat' dir='ltr'>est,</span> <span class='ocrx_word' id='word_1_34' title='bbox 1379 741 1633 823; x_wconf 82' lang='lat' dir='ltr'>Spiritus</span> <span class='ocrx_word' id='word_1_35' title='bbox 1663 761 1781 804; x_wconf 91' lang='lat' dir='ltr'>non</span> <span class='ocrx_word' id='word_1_36' title='bbox 1813 742 2034 830; x_wconf 79' lang='lat' dir='ltr'>dicitur</span> <span class='ocrx_word' id='word_1_37' title='bbox 2056 741 2080 801; x_wconf 69' lang='grc' dir='ltr'><strong>Υ</strong></span> <span class='ocrx_word' id='word_1_38' title='bbox 2103 742 2187 802; x_wconf 91' lang='lat' dir='ltr'>sic</span> 
     </span>
    </p>
   </div>
   <div class='ocr_carea' id='block_1_8' title="bbox 535 829 2186 918">
    <p class='ocr_par' dir='ltr' id='par_1_8' title="bbox 535 829 2186 918">
     <span class='ocr_line' id='line_1_8' title="bbox 535 829 2186 918; baseline -0.005 -18"><span class='ocrx_word' id='word_1_39' title='bbox 535 829 894 918; x_wconf 71' lang='lat' dir='ltr'>respondit:</span> <span class='ocrx_word' id='word_1_40' title='bbox 953 835 1220 897; x_wconf 89' lang='lat' dir='ltr'>Dicimus</span> <span class='ocrx_word' id='word_1_41' title='bbox 1278 834 1498 912; x_wconf 90' lang='lat' dir='ltr'>itaque,</span> <span class='ocrx_word' id='word_1_42' title='bbox 1555 849 1822 892; x_wconf 85' lang='lat' dir='ltr'>asserere</span> <span class='ocrx_word' id='word_1_43' title='bbox 1871 829 2083 890; x_wconf 82' lang='lat' dir='ltr'>Filium</span> <span class='ocrx_word' id='word_1_44' title='bbox 2116 849 2186 891; x_wconf 81' lang='lat' dir='ltr'>ex</span> 
     </span>
    </p>
   </div>
   <div class='ocr_carea' id='block_1_9' title="bbox 533 919 2180 1002">
    <p class='ocr_par' dir='ltr' id='par_1_9' title="bbox 533 919 2180 1002">
     <span class='ocr_line' id='line_1_9' title="bbox 533 919 2180 1002; baseline -0.007 -12"><span class='ocrx_word' id='word_1_45' title='bbox 533 926 707 1002; x_wconf 88' lang='lat' dir='ltr'>Filio,</span> <span class='ocrx_word' id='word_1_46' title='bbox 731 921 1079 988; x_wconf 80' lang='lat' dir='ltr'>Trinitatem</span> <span class='ocrx_word' id='word_1_47' title='bbox 1102 920 1337 984; x_wconf 87' lang='lat' dir='ltr'>deitatis</span> <span class='ocrx_word' id='word_1_48' title='bbox 1360 919 1755 983; x_wconf 86' lang='lat' dir='ltr'>multitudinis</span> <span class='ocrx_word' id='word_1_49' title='bbox 1779 919 2180 999; x_wconf 89' lang='lat' dir='ltr'>suspicionem</span> 
     </span>
    </p>
   </div>
   <div class='ocr_carea' id='block_1_10' title="bbox 535 1008 2181 1096">
    <p class='ocr_par' dir='ltr' id='par_1_10' title="bbox 535 1008 2181 1096">
     <span class='ocr_line' id='line_1_10' title="bbox 535 1008 2181 1096; baseline -0.006 -19"><span class='ocrx_word' id='word_1_50' title='bbox 535 1017 808 1096; x_wconf 81' lang='lat' dir='ltr'>ingerere</span> <span class='ocrx_word' id='word_1_51' title='bbox 842 1011 1204 1089; x_wconf 90' lang='lat' dir='ltr'>hominibus,</span> <span class='ocrx_word' id='word_1_52' title='bbox 1225 1010 1326 1091; x_wconf 87' lang='lat' dir='ltr'>qui</span> <span class='ocrx_word' id='word_1_53' title='bbox 1357 1011 1482 1070; x_wconf 65' lang='lat' dir='ltr'>haec</span> <span class='ocrx_word' id='word_1_54' title='bbox 1513 1009 1781 1070; x_wconf 81' lang='lat' dir='ltr'>audiunt.</span> <span class='ocrx_word' id='word_1_55' title='bbox 1816 1008 1880 1068; x_wconf 90' lang='lat' dir='ltr'>ln</span> <span class='ocrx_word' id='word_1_56' title='bbox 1911 1015 2181 1088; x_wconf 91' lang='lat' dir='ltr'>promptu</span> 
     </span>
    </p>
   </div>
   <div class='ocr_carea' id='block_1_11' title="bbox 535 1096 2178 1180">
    <p class='ocr_par' dir='ltr' id='par_1_11' title="bbox 535 1096 2178 1180">
     <span class='ocr_line' id='line_1_11' title="bbox 535 1096 2178 1180; baseline -0.007 -13"><span class='ocrx_word' id='word_1_57' title='bbox 535 1106 694 1167; x_wconf 91' lang='lat' dir='ltr'>enim</span> <span class='ocrx_word' id='word_1_58' title='bbox 725 1111 850 1166; x_wconf 90' lang='lat' dir='ltr'>erat</span> <span class='ocrx_word' id='word_1_59' title='bbox 903 1102 1242 1180; x_wconf 83' lang='lat' dir='ltr'>concipere,</span> <span class='ocrx_word' id='word_1_60' title='bbox 1298 1098 1349 1159; x_wconf 92' lang='lat' dir='ltr'>si</span> <span class='ocrx_word' id='word_1_61' title='bbox 1378 1096 1588 1174; x_wconf 57' lang='lat' dir='ltr'>{Filius</span> <span class='ocrx_word' id='word_1_62' title='bbox 1617 1116 1688 1158; x_wconf 89' lang='lat' dir='ltr'>ex</span> <span class='ocrx_word' id='word_1_63' title='bbox 1721 1097 1869 1159; x_wconf 91' lang='lat' dir='ltr'>Filio</span> <span class='ocrx_word' id='word_1_64' title='bbox 1898 1096 2178 1170; x_wconf 90' lang='lat' dir='ltr'>nascitur,</span> 
     </span>
    </p>
   </div>
   <div class='ocr_carea' id='block_1_12' title="bbox 2278 649 3917 736">
    <p class='ocr_par' dir='ltr' id='par_1_12' title="bbox 2278 649 3917 736">
     <span class='ocr_line' id='line_1_12' title="bbox 2278 649 3917 736; baseline 0.005 -27"><span class='ocrx_word' id='word_1_65' title='bbox 2278 657 2395 711; x_wconf 81' lang='grc' dir='ltr'>Υἱοῦ</span> <span class='ocrx_word' id='word_1_66' title='bbox 2435 658 2496 711; x_wconf 85' lang='grc' dir='ltr'>τὸ</span> <span class='ocrx_word' id='word_1_67' title='bbox 2525 655 2607 712; x_wconf 80' lang='grc' dir='ltr'>διὰ</span> <span class='ocrx_word' id='word_1_68' title='bbox 2649 664 2742 714; x_wconf 85' lang='grc' dir='ltr'>τοῦ</span> <span class='ocrx_word' id='word_1_69' title='bbox 2790 661 2910 714; x_wconf 78' lang='grc' dir='ltr'>Υἱοῦ</span> <span class='ocrx_word' id='word_1_70' title='bbox 2951 657 3191 736; x_wconf 74' lang='grc' dir='ltr'>ὑπάρχον</span> <span class='ocrx_word' id='word_1_71' title='bbox 3221 656 3431 735; x_wconf 84' lang='grc' dir='ltr'>λέγεται</span> <span class='ocrx_word' id='word_1_72' title='bbox 3505 661 3718 731; x_wconf 78' lang='grc' dir='ltr'>Πνεῦμα</span> <span class='ocrx_word' id='word_1_73' title='bbox 3751 675 3769 729; x_wconf 85' lang='grc'>;</span> <span class='ocrx_word' id='word_1_74' title='bbox 3822 649 3917 708; x_wconf 66' lang='grc' dir='ltr'>οδ-</span> 
     </span>
    </p>
   </div>
   <div class='ocr_carea' id='block_1_13' title="bbox 2267 741 3919 822">
    <p class='ocr_par' dir='ltr' id='par_1_13' title="bbox 2267 741 3919 822">
     <span class='ocr_line' id='line_1_13' title="bbox 2267 741 3919 822; baseline -0.007 -15"><span class='ocrx_word' id='word_1_75' title='bbox 2267 764 2371 806; x_wconf 83' lang='grc' dir='ltr'>τως</span> <span class='ocrx_word' id='word_1_76' title='bbox 2403 741 2502 822; x_wconf 67' lang='grc' dir='ltr'>ἔφη</span> <span class='ocrx_word' id='word_1_77' title='bbox 2541 763 2558 780; x_wconf 79' lang='grc'><strong>⁸</strong></span> <span class='ocrx_word' id='word_1_78' title='bbox 2618 744 2856 821; x_wconf 85' lang='grc' dir='ltr'>Λέγομεν</span> <span class='ocrx_word' id='word_1_79' title='bbox 2908 745 2997 802; x_wconf 87' lang='grc' dir='ltr'>οῦν</span> <span class='ocrx_word' id='word_1_80' title='bbox 3053 744 3133 801; x_wconf 79' lang='grc' dir='ltr'>ὅτι</span> <span class='ocrx_word' id='word_1_81' title='bbox 3176 747 3238 801; x_wconf 89' lang='lat'>16</span> <span class='ocrx_word' id='word_1_82' title='bbox 3289 747 3459 802; x_wconf 74' lang='grc' dir='ltr'>εἰπεῖν</span> <span class='ocrx_word' id='word_1_83' title='bbox 3521 745 3640 801; x_wconf 81' lang='grc' dir='ltr'>Υἱὸν</span> <span class='ocrx_word' id='word_1_84' title='bbox 3698 743 3751 808; x_wconf 66' lang='grc' dir='ltr'>ἐξ</span> <span class='ocrx_word' id='word_1_85' title='bbox 3799 743 3919 797; x_wconf 78' lang='grc' dir='ltr'>Υἶοῦ</span> 
     </span>
    </p>
   </div>
   <div class='ocr_carea' id='block_1_14' title="bbox 2267 831 3920 909">
    <p class='ocr_par' dir='ltr' id='par_1_14' title="bbox 2267 831 3920 909">
     <span class='ocr_line' id='line_1_14' title="bbox 2267 831 3920 909; baseline 0 -24"><span class='ocrx_word' id='word_1_86' title='bbox 2267 831 2364 898; x_wconf 79' lang='grc' dir='ltr'>τὴν</span> <span class='ocrx_word' id='word_1_87' title='bbox 2409 831 2597 909; x_wconf 84' lang='grc' dir='ltr'>Τριάδα</span> <span class='ocrx_word' id='word_1_88' title='bbox 2652 834 2749 902; x_wconf 75' lang='grc' dir='ltr'>τῆς</span> <span class='ocrx_word' id='word_1_89' title='bbox 2780 836 3030 901; x_wconf 82' lang='grc' dir='ltr'>θεότητος</span> <span class='ocrx_word' id='word_1_90' title='bbox 3075 836 3148 897; x_wconf 76' lang='grc' dir='ltr'>εἷς</span> <span class='ocrx_word' id='word_1_91' title='bbox 3193 832 3430 903; x_wconf 80' lang='grc' dir='ltr'>πλήθους</span> <span class='ocrx_word' id='word_1_92' title='bbox 3473 832 3703 908; x_wconf 76' lang='grc' dir='ltr'>ῦποψίαν</span> <span class='ocrx_word' id='word_1_93' title='bbox 3757 850 3920 908; x_wconf 88' lang='grc' dir='ltr'>προσ-</span> 
     </span>
    </p>
   </div>
   <div class='ocr_carea' id='block_1_15' title="bbox 2268 911 3914 1002">
    <p class='ocr_par' dir='ltr' id='par_1_15' title="bbox 2268 911 3914 1002">
     <span class='ocr_line' id='line_1_15' title="bbox 2268 911 3914 1002; baseline -0.001 -27"><span class='ocrx_word' id='word_1_94' title='bbox 2268 923 2399 996; x_wconf 78' lang='grc' dir='ltr'>ῆγεν</span> <span class='ocrx_word' id='word_1_95' title='bbox 2467 920 2757 998; x_wconf 82' lang='grc' dir='ltr'>ἀνθρώποις</span> <span class='ocrx_word' id='word_1_96' title='bbox 2814 922 3119 985; x_wconf 80' lang='grc' dir='ltr'>ἀκούσασιν,</span> <span class='ocrx_word' id='word_1_97' title='bbox 3195 911 3459 997; x_wconf 60' lang='grc' dir='ltr'>υΕτοιμον</span> <span class='ocrx_word' id='word_1_98' title='bbox 3511 922 3610 1002; x_wconf 73' lang='grc' dir='ltr'>γὰρ</span> <span class='ocrx_word' id='word_1_99' title='bbox 3663 920 3726 988; x_wconf 78' lang='grc' dir='ltr'>ἦν</span> <span class='ocrx_word' id='word_1_100' title='bbox 3776 921 3914 975; x_wconf 77' lang='grc' dir='ltr'>ὓπο-</span> 
     </span>
    </p>
   </div>
   <div class='ocr_carea' id='block_1_16' title="bbox 2265 1005 3917 1091">
    <p class='ocr_par' dir='ltr' id='par_1_16' title="bbox 2265 1005 3917 1091">
     <span class='ocr_line' id='line_1_16' title="bbox 2265 1005 3917 1091; baseline 0 -29"><span class='ocrx_word' id='word_1_101' title='bbox 2265 1005 2450 1065; x_wconf 81' lang='grc' dir='ltr'>λαϐεϊν</span> <span class='ocrx_word' id='word_1_102' title='bbox 2511 1011 2583 1074; x_wconf 79' lang='grc' dir='ltr'>ὡς</span> <span class='ocrx_word' id='word_1_103' title='bbox 2641 1009 2794 1091; x_wconf 70' lang='grc' dir='ltr'>εἴπερ</span> <span class='ocrx_word' id='word_1_104' title='bbox 2853 1013 2972 1076; x_wconf 78' lang='grc' dir='ltr'>Υἱὸς</span> <span class='ocrx_word' id='word_1_105' title='bbox 3033 1011 3092 1068; x_wconf 86' lang='grc' dir='ltr'>ἐκ</span> <span class='ocrx_word' id='word_1_106' title='bbox 3152 1013 3272 1067; x_wconf 83' lang='grc' dir='ltr'>Υἱοῦ</span> <span class='ocrx_word' id='word_1_107' title='bbox 3323 1031 3658 1090; x_wconf 74' lang='grc' dir='ltr'>γεγέννηται,</span> <span class='ocrx_word' id='word_1_108' title='bbox 3715 1010 3804 1066; x_wconf 87' lang='grc' dir='ltr'>καὶ</span> <span class='ocrx_word' id='word_1_109' title='bbox 3858 1007 3917 1062; x_wconf 87' lang='grc' dir='ltr'>ἐκ</span> 
     </span>
    </p>
   </div>
   <div class='ocr_carea' id='block_1_17' title="bbox 2264 1095 3918 1179">
    <p class='ocr_par' dir='ltr' id='par_1_17' title="bbox 2264 1095 3918 1179">
     <span class='ocr_line' id='line_1_17' title="bbox 2264 1095 3918 1179; baseline -0.002 -27"><span class='ocrx_word' id='word_1_110' title='bbox 2264 1097 2450 1156; x_wconf 83' lang='grc' dir='ltr'>τούτου</span> <span class='ocrx_word' id='word_1_111' title='bbox 2491 1099 2649 1157; x_wconf 84' lang='grc' dir='ltr'>πάλιν</span> <span class='ocrx_word' id='word_1_112' title='bbox 2693 1098 2866 1179; x_wconf 68' lang='lat'>&quot;51590:</span> <span class='ocrx_word' id='word_1_113' title='bbox 2910 1099 2971 1155; x_wconf 78' lang='grc' dir='ltr'>ἂν</span> <span class='ocrx_word' id='word_1_114' title='bbox 3021 1099 3112 1167; x_wconf 75' lang='grc' dir='ltr'>εἴη</span> <span class='ocrx_word' id='word_1_115' title='bbox 3156 1099 3560 1178; x_wconf 81' lang='grc' dir='ltr'>γεγεννημένος,</span> <span class='ocrx_word' id='word_1_116' title='bbox 3618 1099 3706 1154; x_wconf 85' lang='grc' dir='ltr'>καὶ</span> <span class='ocrx_word' id='word_1_117' title='bbox 3757 1095 3918 1153; x_wconf 80' lang='grc' dir='ltr'>πάλιν</span> 
     </span>
    </p>
   </div>
   <div class='ocr_carea' id='block_1_18' title="bbox 537 1183 2195 1266">
    <p class='ocr_par' dir='ltr' id='par_1_18' title="bbox 537 1184 2185 1266">
     <span class='ocr_line' id='line_1_18' title="bbox 537 1184 2185 1266; baseline -0.007 -10"><span class='ocrx_word' id='word_1_118' title='bbox 537 1203 595 1256; x_wconf 92' lang='lat' dir='ltr'>et</span> <span class='ocrx_word' id='word_1_119' title='bbox 625 1211 696 1256; x_wconf 81' lang='lat' dir='ltr'>ex</span> <span class='ocrx_word' id='word_1_120' title='bbox 723 1193 837 1254; x_wconf 88' lang='lat' dir='ltr'>hoc</span> <span class='ocrx_word' id='word_1_121' title='bbox 866 1209 1073 1253; x_wconf 90' lang='lat' dir='ltr'>rursus</span> <span class='ocrx_word' id='word_1_122' title='bbox 1097 1189 1250 1250; x_wconf 87' lang='lat' dir='ltr'>alius</span> <span class='ocrx_word' id='word_1_123' title='bbox 1278 1193 1614 1266; x_wconf 81' lang='lat' dir='ltr'>generatur,</span> <span class='ocrx_word' id='word_1_124' title='bbox 1648 1186 1908 1265; x_wconf 89' lang='lat' dir='ltr'>itemque</span> <span class='ocrx_word' id='word_1_125' title='bbox 1936 1184 2105 1262; x_wconf 88' lang='lat' dir='ltr'>alius,</span> <span class='ocrx_word' id='word_1_126' title='bbox 2126 1193 2185 1244; x_wconf 91' lang='lat' dir='ltr'>et</span> 
     </span>
    </p>
   </div>
   <div class='ocr_carea' id='block_1_19' title="bbox 2280 1183 3916 1266">
    <p class='ocr_par' dir='ltr' id='par_1_19' title="bbox 2280 1183 3916 1261">
     <span class='ocr_line' id='line_1_19' title="bbox 2280 1183 3916 1261; baseline 0 -20"><span class='ocrx_word' id='word_1_127' title='bbox 2280 1183 2426 1250; x_wconf 71' lang='grc' dir='ltr'>ἱλλος</span> <span class='ocrx_word' id='word_1_128' title='bbox 2456 1188 2544 1243; x_wconf 87' lang='grc' dir='ltr'>καὶ</span> <span class='ocrx_word' id='word_1_129' title='bbox 2608 1188 2694 1244; x_wconf 88' lang='grc' dir='ltr'>ἐπὶ</span> <span class='ocrx_word' id='word_1_130' title='bbox 2751 1187 2951 1256; x_wconf 72' lang='grc' dir='ltr'>πλῆθος</span> <span class='ocrx_word' id='word_1_131' title='bbox 2995 1186 3138 1261; x_wconf 77' lang='grc' dir='ltr'>ἐξῆς.</span> <span class='ocrx_word' id='word_1_132' title='bbox 3199 1186 3352 1244; x_wconf 79' lang='grc' dir='ltr'>Ἀλλ’</span> <span class='ocrx_word' id='word_1_133' title='bbox 3410 1187 3630 1245; x_wconf 75' lang='grc' dir='ltr'>ἕκαστον</span> <span class='ocrx_word' id='word_1_134' title='bbox 3684 1185 3769 1242; x_wconf 82' lang='grc' dir='ltr'>ἐπὶ</span> <span class='ocrx_word' id='word_1_135' title='bbox 3819 1186 3916 1252; x_wconf 77' lang='grc' dir='ltr'>τῆς</span> 
     </span>
    </p>
   </div>
   <div class='ocr_carea' id='block_1_20' title="bbox 537 1270 2195 1361">
    <p class='ocr_par' dir='ltr' id='par_1_20' title="bbox 537 1270 2184 1361">
     <span class='ocr_line' id='line_1_20' title="bbox 537 1270 2184 1361; baseline -0.008 -16"><span class='ocrx_word' id='word_1_136' title='bbox 537 1281 623 1344; x_wconf 87' lang='lat' dir='ltr'>sic</span> <span class='ocrx_word' id='word_1_137' title='bbox 654 1283 963 1361; x_wconf 89' lang='lat' dir='ltr'>deinceps,</span> <span class='ocrx_word' id='word_1_138' title='bbox 1013 1277 1270 1339; x_wconf 88' lang='lat' dir='ltr'>ﬁliorum</span> <span class='ocrx_word' id='word_1_139' title='bbox 1320 1293 1602 1336; x_wconf 89' lang='lat' dir='ltr'>numerus</span> <span class='ocrx_word' id='word_1_140' title='bbox 1635 1274 2045 1354; x_wconf 84' lang='lat' dir='ltr'>adaugeretur.</span> <span class='ocrx_word' id='word_1_141' title='bbox 2072 1270 2184 1334; x_wconf 91' lang='lat' dir='ltr'>Sed</span> 
     </span>
    </p>
   </div>
   <div class='ocr_carea' id='block_1_21' title="bbox 2280 1270 3918 1361">
    <p class='ocr_par' dir='ltr' id='par_1_21' title="bbox 2280 1272 3918 1357">
     <span class='ocr_line' id='line_1_21' title="bbox 2280 1272 3918 1357; baseline 0.001 -26"><span class='ocrx_word' id='word_1_142' title='bbox 2280 1273 2485 1353; x_wconf 82' lang='grc' dir='ltr'>Γριάδος</span> <span class='ocrx_word' id='word_1_143' title='bbox 2529 1275 2583 1330; x_wconf 77' lang='grc' dir='ltr'>ἕν</span> <span class='ocrx_word' id='word_1_144' title='bbox 2642 1276 3077 1355; x_wconf 84' lang='grc' dir='ltr'>ἐπιγινώσκεσθαι</span> <span class='ocrx_word' id='word_1_145' title='bbox 3117 1275 3201 1333; x_wconf 75' lang='grc' dir='ltr'>δεῖ</span> <span class='ocrx_word' id='word_1_146' title='bbox 3231 1319 3245 1334; x_wconf 89' lang='grc'><strong>.</strong></span> <span class='ocrx_word' id='word_1_147' title='bbox 3294 1280 3376 1340; x_wconf 78' lang='grc' dir='ltr'>εἷς</span> <span class='ocrx_word' id='word_1_148' title='bbox 3420 1278 3519 1357; x_wconf 81' lang='grc' dir='ltr'>γὰρ</span> <span class='ocrx_word' id='word_1_149' title='bbox 3575 1274 3776 1354; x_wconf 75' lang='grc' dir='ltr'>Πατὴρ,</span> <span class='ocrx_word' id='word_1_150' title='bbox 3831 1272 3918 1332; x_wconf 71' lang='grc' dir='ltr'>εἷς</span> 
     </span>
    </p>
   </div>
   <div class='ocr_carea' id='block_1_22' title="bbox 541 1361 2195 1452">
    <p class='ocr_par' dir='ltr' id='par_1_22' title="bbox 541 1364 2186 1452">
     <span class='ocr_line' id='line_1_22' title="bbox 541 1364 2186 1452; baseline -0.008 -19"><span class='ocrx_word' id='word_1_151' title='bbox 541 1369 1010 1452; x_wconf 90' lang='lat' dir='ltr'>unumquodque</span> <span class='ocrx_word' id='word_1_152' title='bbox 1040 1366 1100 1428; x_wconf 91' lang='lat' dir='ltr'>in</span> <span class='ocrx_word' id='word_1_153' title='bbox 1131 1364 1350 1427; x_wconf 91' lang='lat' dir='ltr'>Triade</span> <span class='ocrx_word' id='word_1_154' title='bbox 1379 1382 1561 1424; x_wconf 91' lang='lat' dir='ltr'>unum</span> <span class='ocrx_word' id='word_1_155' title='bbox 1595 1371 1818 1424; x_wconf 86' lang='lat' dir='ltr'>tantum</span> <span class='ocrx_word' id='word_1_156' title='bbox 1857 1379 2186 1441; x_wconf 82' lang='lat' dir='ltr'>agnoscen-</span> 
     </span>
    </p>
   </div>
   <div class='ocr_carea' id='block_1_23' title="bbox 2280 1361 3922 1452">
    <p class='ocr_par' dir='ltr' id='par_1_23' title="bbox 2280 1361 3922 1444">
     <span class='ocr_line' id='line_1_23' title="bbox 2280 1361 3922 1444; baseline -0.001 -26"><span class='ocrx_word' id='word_1_157' title='bbox 2280 1364 2412 1435; x_wconf 73' lang='grc' dir='ltr'>Υἱὸς,</span> <span class='ocrx_word' id='word_1_158' title='bbox 2474 1361 2527 1419; x_wconf 73' lang='grc' dir='ltr'>ἓν</span> <span class='ocrx_word' id='word_1_159' title='bbox 2586 1371 2799 1441; x_wconf 83' lang='grc' dir='ltr'>Πνεῦμα</span> <span class='ocrx_word' id='word_1_160' title='bbox 2870 1363 3044 1444; x_wconf 74' lang='grc' dir='ltr'>ἅγιον.</span> <span class='ocrx_word' id='word_1_161' title='bbox 3080 1366 3180 1423; x_wconf 84' lang='grc' dir='ltr'>Καὶ</span> <span class='ocrx_word' id='word_1_162' title='bbox 3221 1371 3387 1421; x_wconf 88' lang='grc' dir='ltr'>ταῦτα</span> <span class='ocrx_word' id='word_1_163' title='bbox 3444 1365 3538 1440; x_wconf 81' lang='grc' dir='ltr'>μὲν</span> <span class='ocrx_word' id='word_1_164' title='bbox 3581 1368 3610 1421; x_wconf 98' lang='lat'>6</span> <span class='ocrx_word' id='word_1_165' title='bbox 3663 1363 3826 1426; x_wconf 81' lang='grc' dir='ltr'>πολὺς</span> <span class='ocrx_word' id='word_1_166' title='bbox 3855 1361 3922 1417; x_wconf 80' lang='grc' dir='ltr'>τὰ</span> 
     </span>
    </p>
   </div>
   <div class='ocr_carea' id='block_1_24' title="bbox 539 1450 2195 1537">
    <p class='ocr_par' dir='ltr' id='par_1_24' title="bbox 539 1450 2190 1537">
     <span class='ocr_line' id='line_1_24' title="bbox 539 1450 2190 1537; baseline -0.007 -15"><span class='ocrx_word' id='word_1_167' title='bbox 539 1461 679 1522; x_wconf 89' lang='lat' dir='ltr'>dum</span> <span class='ocrx_word' id='word_1_168' title='bbox 712 1450 838 1520; x_wconf 79' lang='lat' dir='ltr'>est:</span> <span class='ocrx_word' id='word_1_169' title='bbox 877 1474 1130 1537; x_wconf 88' lang='lat' dir='ltr'>namque</span> <span class='ocrx_word' id='word_1_170' title='bbox 1160 1472 1312 1515; x_wconf 90' lang='lat' dir='ltr'>unus</span> <span class='ocrx_word' id='word_1_171' title='bbox 1344 1454 1536 1526; x_wconf 86' lang='lat' dir='ltr'>Pater,</span> <span class='ocrx_word' id='word_1_172' title='bbox 1589 1471 1744 1513; x_wconf 93' lang='lat' dir='ltr'>unus</span> <span class='ocrx_word' id='word_1_173' title='bbox 1776 1450 1983 1526; x_wconf 83' lang='lat' dir='ltr'>Filius,</span> <span class='ocrx_word' id='word_1_174' title='bbox 2038 1467 2190 1510; x_wconf 90' lang='lat' dir='ltr'>unus</span> 
     </span>
    </p>
   </div>
   <div class='ocr_carea' id='block_1_25' title="bbox 2280 1450 3919 1537">
    <p class='ocr_par' dir='ltr' id='par_1_25' title="bbox 2280 1451 3919 1532">
     <span class='ocr_line' id='line_1_25' title="bbox 2280 1451 3919 1532; baseline 0 -26"><span class='ocrx_word' id='word_1_175' title='bbox 2280 1452 2388 1506; x_wconf 65' lang='lat' dir='ltr'>ista:</span> <span class='ocrx_word' id='word_1_176' title='bbox 2417 1451 2712 1529; x_wconf 77' lang='grc' dir='ltr'>Βασίλεὶος,</span> <span class='ocrx_word' id='word_1_177' title='bbox 2761 1453 2893 1532; x_wconf 77' lang='grc' dir='ltr'>ἅπερ</span> <span class='ocrx_word' id='word_1_178' title='bbox 2923 1456 3011 1510; x_wconf 88' lang='grc' dir='ltr'>καὶ</span> <span class='ocrx_word' id='word_1_179' title='bbox 3067 1453 3390 1532; x_wconf 79' lang='grc' dir='ltr'>ἀρκούντως,</span> <span class='ocrx_word' id='word_1_180' title='bbox 3434 1453 3613 1529; x_wconf 80' lang='grc' dir='ltr'>οἶμαι,</span> <span class='ocrx_word' id='word_1_181' title='bbox 3669 1453 3768 1519; x_wconf 77' lang='grc' dir='ltr'>τὴν</span> <span class='ocrx_word' id='word_1_182' title='bbox 3805 1473 3919 1506; x_wconf 80' lang='grc' dir='ltr'>πα-</span> 
     </span>
    </p>
   </div>
   <div class='ocr_carea' id='block_1_26' title="bbox 539 1537 2195 1629">
    <p class='ocr_par' dir='ltr' id='par_1_26' title="bbox 539 1537 2190 1629">
     <span class='ocr_line' id='line_1_26' title="bbox 539 1537 2190 1629; baseline -0.008 -17"><span class='ocrx_word' id='word_1_183' title='bbox 539 1547 797 1629; x_wconf 88' lang='lat' dir='ltr'>Spiritus</span> <span class='ocrx_word' id='word_1_184' title='bbox 847 1554 1106 1608; x_wconf 84' lang='lat' dir='ltr'>sanctus.</span> <span class='ocrx_word' id='word_1_185' title='bbox 1153 1542 1226 1604; x_wconf 91' lang='lat' dir='ltr'>Et</span> <span class='ocrx_word' id='word_1_186' title='bbox 1253 1543 1378 1604; x_wconf 65' lang='lat' dir='ltr'>haec</span> <span class='ocrx_word' id='word_1_187' title='bbox 1401 1540 1641 1621; x_wconf 92' lang='lat' dir='ltr'>quidem</span> <span class='ocrx_word' id='word_1_188' title='bbox 1670 1541 1730 1600; x_wconf 91' lang='lat' dir='ltr'>in</span> <span class='ocrx_word' id='word_1_189' title='bbox 1761 1539 1941 1601; x_wconf 92' lang='lat' dir='ltr'>rebus</span> <span class='ocrx_word' id='word_1_190' title='bbox 1972 1537 2190 1600; x_wconf 82' lang='lat' dir='ltr'>divinis</span> 
     </span>
    </p>
   </div>
   <div class='ocr_carea' id='block_1_27' title="bbox 2280 1537 3702 1629">
    <p class='ocr_par' dir='ltr' id='par_1_27' title="bbox 2280 1543 3702 1624">
     <span class='ocr_line' id='line_1_27' title="bbox 2280 1543 3702 1624; baseline 0.003 -27"><span class='ocrx_word' id='word_1_191' title='bbox 2280 1543 2532 1622; x_wconf 73' lang='grc' dir='ltr'>ραφθορὰν</span> <span class='ocrx_word' id='word_1_192' title='bbox 2561 1551 2660 1612; x_wconf 81' lang='grc' dir='ltr'>τῆς</span> <span class='ocrx_word' id='word_1_193' title='bbox 2705 1543 3028 1613; x_wconf 65' lang='grc' dir='ltr'>δηλωθείσης</span> <span class='ocrx_word' id='word_1_194' title='bbox 3074 1544 3446 1624; x_wconf 74' lang='grc' dir='ltr'>ἀπελέγχοοσι</span> <span class='ocrx_word' id='word_1_195' title='bbox 3473 1546 3702 1624; x_wconf 78' lang='grc' dir='ltr'>ῥὴσεως,</span> 
     </span>
    </p>
   </div>
   <div class='ocr_carea' id='block_1_28' title="bbox 545 1629 2186 1712">
    <p class='ocr_par' dir='ltr' id='par_1_28' title="bbox 545 1629 2186 1712">
     <span class='ocr_line' id='line_1_28' title="bbox 545 1629 2186 1712; baseline -0.008 -12"><span class='ocrx_word' id='word_1_196' title='bbox 545 1637 797 1700; x_wconf 85' lang='lat' dir='ltr'>eximius</span> <span class='ocrx_word' id='word_1_197' title='bbox 825 1633 1099 1708; x_wconf 88' lang='lat' dir='ltr'>Basilius,</span> <span class='ocrx_word' id='word_1_198' title='bbox 1135 1650 1268 1712; x_wconf 75' lang='lat' dir='ltr'>quae</span> <span class='ocrx_word' id='word_1_199' title='bbox 1321 1631 1468 1692; x_wconf 81' lang='lat' dir='ltr'>satis</span> <span class='ocrx_word' id='word_1_200' title='bbox 1515 1647 1829 1709; x_wconf 89' lang='lat' dir='ltr'>superque,</span> <span class='ocrx_word' id='word_1_201' title='bbox 1865 1637 1926 1689; x_wconf 93' lang='lat' dir='ltr'>ut</span> <span class='ocrx_word' id='word_1_202' title='bbox 1955 1629 2186 1708; x_wconf 87' lang='lat' dir='ltr'>opinor,</span> 
     </span>
    </p>
   </div>
   <div class='ocr_carea' id='block_1_29' title="bbox 534 1718 2193 1807">
    <p class='ocr_par' dir='ltr' id='par_1_29' title="bbox 534 1718 2193 1807">
     <span class='ocr_line' id='line_1_29' title="bbox 534 1718 2193 1807; baseline -0.007 -19"><span class='ocrx_word' id='word_1_203' title='bbox 534 1728 658 1807; x_wconf 88' lang='lat' dir='ltr'>jam</span> <span class='ocrx_word' id='word_1_204' title='bbox 714 1726 887 1787; x_wconf 74' lang='lat' dir='ltr'>dictae</span> <span class='ocrx_word' id='word_1_205' title='bbox 943 1723 1250 1785; x_wconf 70' lang='lat' dir='ltr'>sententiae</span> <span class='ocrx_word' id='word_1_206' title='bbox 1307 1722 1750 1799; x_wconf 89' lang='lat' dir='ltr'>corruptionem</span> <span class='ocrx_word' id='word_1_207' title='bbox 1809 1718 2193 1807; x_wconf 51' lang='lat' dir='ltr'>redarguunt,</span> 
     </span>
    </p>
   </div>
   <div class='ocr_carea' id='block_1_30' title="bbox 625 1797 2195 1893">
    <p class='ocr_par' dir='ltr' id='par_1_30' title="bbox 625 1797 2195 1893">
     <span class='ocr_line' id='line_1_30' title="bbox 625 1797 2195 1893; baseline -0.006 -15"><span class='ocrx_word' id='word_1_208' title='bbox 625 1815 724 1878; x_wconf 62' lang='grc' dir='ltr'>ια.</span> <span class='ocrx_word' id='word_1_209' title='bbox 753 1814 936 1876; x_wconf 88' lang='lat' dir='ltr'>Nobis</span> <span class='ocrx_word' id='word_1_210' title='bbox 967 1829 1141 1893; x_wconf 88' lang='lat' dir='ltr'>porro</span> <span class='ocrx_word' id='word_1_211' title='bbox 1175 1817 1234 1870; x_wconf 92' lang='lat' dir='ltr'>et</span> <span class='ocrx_word' id='word_1_212' title='bbox 1278 1797 1526 1869; x_wconf 81' lang='lat' dir='ltr'>alterius</span> <span class='ocrx_word' id='word_1_213' title='bbox 1558 1824 1793 1887; x_wconf 89' lang='lat' dir='ltr'>quoque</span> <span class='ocrx_word' id='word_1_214' title='bbox 1822 1805 1963 1866; x_wconf 91' lang='lat' dir='ltr'>dicti</span> <span class='ocrx_word' id='word_1_215' title='bbox 1992 1803 2195 1885; x_wconf 89' lang='lat' dir='ltr'>scripti</span> 
     </span>
    </p>
   </div>
   <div class='ocr_carea' id='block_1_31' title="bbox 2280 1797 3926 1893">
    <p class='ocr_par' dir='ltr' id='par_1_31' title="bbox 2361 1797 3926 1892">
     <span class='ocr_line' id='line_1_31' title="bbox 2361 1797 3926 1892; baseline 0.003 -29"><span class='ocrx_word' id='word_1_216' title='bbox 2361 1797 2456 1884; x_wconf 77' lang='grc' dir='ltr'>ιβ’.</span> <span class='ocrx_word' id='word_1_217' title='bbox 2515 1799 2677 1886; x_wconf 66' lang='grc' dir='ltr'>Ἠμτν</span> <span class='ocrx_word' id='word_1_218' title='bbox 2720 1809 2774 1867; x_wconf 81' lang='grc' dir='ltr'>δὲ</span> <span class='ocrx_word' id='word_1_219' title='bbox 2829 1810 3215 1880; x_wconf 84' lang='grc' dir='ltr'>διασκοπητέον</span> <span class='ocrx_word' id='word_1_220' title='bbox 3261 1811 3441 1892; x_wconf 79' lang='grc' dir='ltr'>ἑτέρας</span> <span class='ocrx_word' id='word_1_221' title='bbox 3496 1811 3755 1892; x_wconf 72' lang='grc' dir='ltr'>γραφικῆς</span> <span class='ocrx_word' id='word_1_222' title='bbox 3811 1833 3926 1867; x_wconf 88' lang='grc' dir='ltr'>πα-</span> 
     </span>
    </p>
   </div>
   <div class='ocr_carea' id='block_1_32' title="bbox 539 1893 2195 1986">
    <p class='ocr_par' dir='ltr' id='par_1_32' title="bbox 539 1893 2194 1986">
     <span class='ocr_line' id='line_1_32' title="bbox 539 1893 2194 1986; baseline -0.009 -18"><span class='ocrx_word' id='word_1_223' title='bbox 539 1904 837 1986; x_wconf 89' lang='lat' dir='ltr'>corruptio</span> <span class='ocrx_word' id='word_1_224' title='bbox 869 1897 1303 1986; x_wconf 85' lang='lat' dir='ltr'>consideranda</span> <span class='ocrx_word' id='word_1_225' title='bbox 1330 1905 1444 1986; x_wconf 88' lang='lat' dir='ltr'>est,</span> <span class='ocrx_word' id='word_1_226' title='bbox 1477 1894 2000 1986; x_wconf 74' lang='lat' dir='ltr'>corruptionisque</span> <span class='ocrx_word' id='word_1_227' title='bbox 2030 1893 2194 1954; x_wconf 79' lang='lat' dir='ltr'>refu-</span> 
     </span>
    </p>
   </div>
   <div class='ocr_carea' id='block_1_33' title="bbox 2280 1893 3922 1986">
    <p class='ocr_par' dir='ltr' id='par_1_33' title="bbox 2280 1899 3922 1986">
     <span class='ocr_line' id='line_1_33' title="bbox 2280 1899 3922 1986; baseline 0.005 -34"><span class='ocrx_word' id='word_1_228' title='bbox 2280 1899 2536 1986; x_wconf 73' lang='grc' dir='ltr'>ραφθορᾶιν</span> <span class='ocrx_word' id='word_1_229' title='bbox 2593 1900 2826 1981; x_wconf 74' lang='grc' dir='ltr'>ῥήσεως,</span> <span class='ocrx_word' id='word_1_230' title='bbox 2884 1904 2972 1958; x_wconf 84' lang='grc' dir='ltr'>καὶ</span> <span class='ocrx_word' id='word_1_231' title='bbox 3017 1904 3107 1958; x_wconf 83' lang='grc' dir='ltr'>τὸν</span> <span class='ocrx_word' id='word_1_232' title='bbox 3157 1907 3249 1968; x_wconf 80' lang='grc' dir='ltr'>τῆς</span> <span class='ocrx_word' id='word_1_233' title='bbox 3308 1905 3640 1982; x_wconf 73' lang='grc' dir='ltr'>παραφθορᾶς</span> <span class='ocrx_word' id='word_1_234' title='bbox 3671 1899 3922 1980; x_wconf 79' lang='grc' dir='ltr'>ἔλεγχον.</span> 
     </span>
    </p>
   </div>
   <div class='ocr_carea' id='block_1_34' title="bbox 540 1982 2195 2074">
    <p class='ocr_par' dir='ltr' id='par_1_34' title="bbox 540 1982 2192 2074">
     <span class='ocr_line' id='line_1_34' title="bbox 540 1982 2192 2074; baseline -0.01 -18"><span class='ocrx_word' id='word_1_235' title='bbox 540 1995 680 2057; x_wconf 87' lang='lat' dir='ltr'>tatio</span> <span class='ocrx_word' id='word_1_236' title='bbox 720 1982 1105 2074; x_wconf 39' lang='lat' dir='ltr'>&#39;apponenda.</span> <span class='ocrx_word' id='word_1_237' title='bbox 1167 1985 1235 2047; x_wconf 92' lang='lat' dir='ltr'>In</span> <span class='ocrx_word' id='word_1_238' title='bbox 1283 1983 1585 2074; x_wconf 79' lang='lat' dir='ltr'>libroDei</span> <span class='ocrx_word' id='word_1_239' title='bbox 1614 1983 2192 2074; x_wconf 75' lang='lat' dir='ltr'>cognitioinscripto</span> 
     </span>
    </p>
   </div>
   <div class='ocr_carea' id='block_1_35' title="bbox 2280 1982 3929 2074">
    <p class='ocr_par' dir='ltr' id='par_1_35' title="bbox 2280 1982 3929 2068">
     <span class='ocr_line' id='line_1_35' title="bbox 2280 1982 3929 2068; baseline -0.001 -25"><span class='ocrx_word' id='word_1_240' title='bbox 2280 1982 2366 2043; x_wconf 88' lang='grc' dir='ltr'>Ἐν</span> <span class='ocrx_word' id='word_1_241' title='bbox 2419 1984 2584 2062; x_wconf 79' lang='grc' dir='ltr'>βίϐλῳ</span> <span class='ocrx_word' id='word_1_242' title='bbox 2668 1995 2736 2065; x_wconf 81' lang='grc' dir='ltr'>τῇ</span> <span class='ocrx_word' id='word_1_243' title='bbox 2822 1992 3124 2068; x_wconf 78' lang='grc' dir='ltr'>Θεογνωσίᾳ</span> <span class='ocrx_word' id='word_1_244' title='bbox 3177 1991 3464 2068; x_wconf 81' lang='grc' dir='ltr'>Γρηγὸριος</span> <span class='ocrx_word' id='word_1_245' title='bbox 3533 1987 3758 2045; x_wconf 77' lang='grc' dir='ltr'>διδάσκει</span> <span class='ocrx_word' id='word_1_246' title='bbox 3814 1994 3929 2044; x_wconf 80' lang='grc' dir='ltr'>τῶν</span> 
     </span>
    </p>
   </div>
   <div class='ocr_carea' id='block_1_36' title="bbox 540 2070 2195 2164">
    <p class='ocr_par' dir='ltr' id='par_1_36' title="bbox 540 2070 2188 2164">
     <span class='ocr_line' id='line_1_36' title="bbox 540 2070 2188 2164; baseline -0.009 -16"><span class='ocrx_word' id='word_1_247' title='bbox 540 2070 858 2164; x_wconf 79' lang='lat' dir='ltr'>Gregorius</span> <span class='ocrx_word' id='word_1_248' title='bbox 878 2075 1311 2160; x_wconf 82' lang='lat' dir='ltr'>Nyssaensium</span> <span class='ocrx_word' id='word_1_249' title='bbox 1333 2073 1586 2135; x_wconf 88' lang='lat' dir='ltr'>antistes</span> <span class='ocrx_word' id='word_1_250' title='bbox 1609 2071 1805 2147; x_wconf 85' lang='lat' dir='ltr'>docet,</span> <span class='ocrx_word' id='word_1_251' title='bbox 1841 2072 1934 2133; x_wconf 90' lang='lat' dir='ltr'>his</span> <span class='ocrx_word' id='word_1_252' title='bbox 1953 2070 2150 2133; x_wconf 86' lang='lat' dir='ltr'>verbis</span> <span class='ocrx_word' id='word_1_253' title='bbox 2176 2089 2188 2133; x_wconf 93' lang='lat'><strong>:</strong></span> 
     </span>
    </p>
   </div>
   <div class='ocr_carea' id='block_1_37' title="bbox 2280 2070 3932 2164">
    <p class='ocr_par' dir='ltr' id='par_1_37' title="bbox 2280 2075 3932 2158">
     <span class='ocr_line' id='line_1_37' title="bbox 2280 2075 3932 2158; baseline 0.001 -26"><span class='ocrx_word' id='word_1_254' title='bbox 2280 2075 2554 2132; x_wconf 76' lang='grc' dir='ltr'>Νυσσαέων</span> <span class='ocrx_word' id='word_1_255' title='bbox 2619 2080 2646 2133; x_wconf 91' lang='lat'>6</span> <span class='ocrx_word' id='word_1_256' title='bbox 2704 2077 2953 2158; x_wconf 88' lang='grc' dir='ltr'>πρόεδρος</span> <span class='ocrx_word' id='word_1_257' title='bbox 2985 2079 3158 2157; x_wconf 79' lang='grc' dir='ltr'>λέγων</span> <span class='ocrx_word' id='word_1_258' title='bbox 3191 2099 3204 2115; x_wconf 88' lang='grc'><strong>·</strong></span> <span class='ocrx_word' id='word_1_259' title='bbox 3243 2102 3268 2134; x_wconf 75' lang='grc' dir='ltr'>α</span> <span class='ocrx_word' id='word_1_260' title='bbox 3302 2085 3511 2154; x_wconf 80' lang='grc' dir='ltr'>Πνεῦμα</span> <span class='ocrx_word' id='word_1_261' title='bbox 3553 2081 3614 2134; x_wconf 86' lang='lat'>16</span> <span class='ocrx_word' id='word_1_262' title='bbox 3680 2083 3778 2145; x_wconf 78' lang='grc' dir='ltr'>τῆς</span> <span class='ocrx_word' id='word_1_263' title='bbox 3821 2101 3932 2135; x_wconf 81' lang='grc' dir='ltr'>ποι-</span> 
     </span>
    </p>
   </div>
   <div class='ocr_carea' id='block_1_38' title="bbox 545 2161 2195 2254">
    <p class='ocr_par' dir='ltr' id='par_1_38' title="bbox 545 2161 2195 2254">
     <span class='ocr_line' id='line_1_38' title="bbox 545 2161 2195 2254; baseline -0.008 -22"><span class='ocrx_word' id='word_1_264' title='bbox 545 2161 936 2254; x_wconf 60' lang='grc' dir='ltr'>αδρῖτίιυεξεχ</span> <span class='ocrx_word' id='word_1_265' title='bbox 965 2174 1211 2254; x_wconf 86' lang='lat' dir='ltr'>paterna</span> <span class='ocrx_word' id='word_1_266' title='bbox 1231 2161 1532 2244; x_wconf 79' lang='lat' dir='ltr'>hypostasi</span> <span class='ocrx_word' id='word_1_267' title='bbox 1558 2161 2195 2254; x_wconf 40' lang='lat' dir='ltr'>procedens,pro_pte_r7</span> 
     </span>
    </p>
   </div>
   <div class='ocr_carea' id='block_1_39' title="bbox 2280 2161 3930 2254">
    <p class='ocr_par' dir='ltr' id='par_1_39' title="bbox 2280 2164 3930 2241">
     <span class='ocr_line' id='line_1_39' title="bbox 2280 2164 3930 2241; baseline 0.003 -25"><span class='ocrx_word' id='word_1_268' title='bbox 2280 2165 2457 2238; x_wconf 73' lang='grc' dir='ltr'>τρικῆς</span> <span class='ocrx_word' id='word_1_269' title='bbox 2538 2164 2952 2241; x_wconf 79' lang='grc' dir='ltr'>ἐκπορευόμενον</span> <span class='ocrx_word' id='word_1_270' title='bbox 3031 2167 3370 2229; x_wconf 81' lang='grc' dir='ltr'>ὑποστάσεως</span> <span class='ocrx_word' id='word_1_271' title='bbox 3420 2181 3434 2196; x_wconf 88' lang='grc'>⁶</span> <span class='ocrx_word' id='word_1_272' title='bbox 3495 2168 3586 2222; x_wconf 84' lang='grc' dir='ltr'>τοῦ</span> <span class='ocrx_word' id='word_1_273' title='bbox 3666 2164 3711 2222; x_wconf 83' lang='grc' dir='ltr'>δ’</span> <span class='ocrx_word' id='word_1_274' title='bbox 3768 2164 3930 2222; x_wconf 78' lang='grc' dir='ltr'>ἕνεκα</span> 
     </span>
    </p>
   </div>
   <div class='ocr_carea' id='block_1_40' title="bbox 543 2248 2187 2340">
    <p class='ocr_par' dir='ltr' id='par_1_40' title="bbox 543 2248 2187 2340">
     <span class='ocr_line' id='line_1_40' title="bbox 543 2248 2187 2340; baseline -0.009 -17"><span class='ocrx_word' id='word_1_275' title='bbox 543 2248 734 2340; x_wconf 79' lang='lat' dir='ltr'>eaque</span> <span class='ocrx_word' id='word_1_276' title='bbox 754 2255 1040 2340; x_wconf 90' lang='lat' dir='ltr'>Spiritum</span> <span class='ocrx_word' id='word_1_277' title='bbox 1074 2253 1218 2325; x_wconf 93' lang='lat' dir='ltr'>oris,</span> <span class='ocrx_word' id='word_1_278' title='bbox 1245 2269 1364 2311; x_wconf 89' lang='lat' dir='ltr'>non</span> <span class='ocrx_word' id='word_1_279' title='bbox 1387 2259 1584 2311; x_wconf 89' lang='lat' dir='ltr'>autem</span> <span class='ocrx_word' id='word_1_280' title='bbox 1611 2249 1851 2310; x_wconf 88' lang='lat' dir='ltr'>verbum</span> <span class='ocrx_word' id='word_1_281' title='bbox 1873 2249 1994 2310; x_wconf 92' lang='lat' dir='ltr'>oris</span> <span class='ocrx_word' id='word_1_282' title='bbox 2009 2248 2187 2309; x_wconf 90' lang='lat' dir='ltr'>David</span> 
     </span>
    </p>
   </div>
   <div class='ocr_carea' id='block_1_41' title="bbox 541 2338 2191 2428">
    <p class='ocr_par' dir='ltr' id='par_1_41' title="bbox 541 2338 2191 2428">
     <span class='ocr_line' id='line_1_41' title="bbox 541 2338 2191 2428; baseline -0.01 -15"><span class='ocrx_word' id='word_1_283' title='bbox 541 2338 782 2424; x_wconf 47' lang='lat' dir='ltr'>dix_it,ut</span> <span class='ocrx_word' id='word_1_284' title='bbox 805 2338 1204 2428; x_wconf 83' lang='lat' dir='ltr'>processivam</span> <span class='ocrx_word' id='word_1_285' title='bbox 1237 2338 1936 2428; x_wconf 2' lang='lat' dir='ltr'>proprietatequpiritui</span> <span class='ocrx_word' id='word_1_286' title='bbox 1957 2340 2064 2428; x_wconf 86' lang='lat' dir='ltr'>soli</span> <span class='ocrx_word' id='word_1_287' title='bbox 2094 2340 2191 2398; x_wconf 94' lang='lat' dir='ltr'>in-</span> 
     </span>
    </p>
   </div>
   <div class='ocr_carea' id='block_1_42' title="bbox 543 2425 2192 2507">
    <p class='ocr_par' dir='ltr' id='par_1_42' title="bbox 543 2425 2192 2507">
     <span class='ocr_line' id='line_1_42' title="bbox 543 2425 2192 2507; baseline -0.01 -5"><span class='ocrx_word' id='word_1_288' title='bbox 543 2425 870 2502; x_wconf 74' lang='lat' dir='ltr'>haerentem</span> <span class='ocrx_word' id='word_1_289' title='bbox 904 2435 1306 2496; x_wconf 84' lang='lat' dir='ltr'>conﬁrmaret.</span> <span class='ocrx_word' id='word_1_290' title='bbox 1336 2450 1364 2489; x_wconf 64' lang='grc' dir='ltr'><strong>θ</strong></span> <span class='ocrx_word' id='word_1_291' title='bbox 1389 2428 1500 2500; x_wconf 87' lang='lat' dir='ltr'>Qui</span> <span class='ocrx_word' id='word_1_292' title='bbox 1524 2446 1633 2507; x_wconf 88' lang='lat' dir='ltr'>per</span> <span class='ocrx_word' id='word_1_293' title='bbox 1664 2427 1874 2488; x_wconf 89' lang='lat' dir='ltr'>Filium</span> <span class='ocrx_word' id='word_1_294' title='bbox 1909 2425 2192 2507; x_wconf 87' lang='lat' dir='ltr'>Spiritum</span> 
     </span>
    </p>
   </div>
   <div class='ocr_carea' id='block_1_43' title="bbox 543 2522 2196 2604">
    <p class='ocr_par' dir='ltr' id='par_1_43' title="bbox 543 2522 2196 2604">
     <span class='ocr_line' id='line_1_43' title="bbox 543 2522 2196 2604; baseline -0.008 -14"><span class='ocrx_word' id='word_1_295' title='bbox 543 2535 812 2590; x_wconf 86' lang='lat' dir='ltr'>sanctum</span> <span class='ocrx_word' id='word_1_296' title='bbox 828 2522 1304 2604; x_wconf 84' lang='lat' dir='ltr'>procedere,non</span> <span class='ocrx_word' id='word_1_297' title='bbox 1319 2525 1731 2598; x_wconf 89' lang='lat' dir='ltr'>acceptant,cu</span> <span class='ocrx_word' id='word_1_298' title='bbox 1743 2536 1794 2576; x_wconf 93' lang='lat' dir='ltr'>m</span> <span class='ocrx_word' id='word_1_299' title='bbox 1819 2535 1937 2577; x_wconf 90' lang='lat' dir='ltr'>non</span> <span class='ocrx_word' id='word_1_300' title='bbox 1955 2523 2196 2596; x_wconf 92' lang='lat' dir='ltr'>possent</span> 
     </span>
    </p>
   </div>
   <div class='ocr_carea' id='block_1_44' title="bbox 543 2605 2195 2686">
    <p class='ocr_par' dir='ltr' id='par_1_44' title="bbox 543 2605 2195 2686">
     <span class='ocr_line' id='line_1_44' title="bbox 543 2605 2195 2686; baseline -0.008 -8"><span class='ocrx_word' id='word_1_301' title='bbox 543 2616 658 2678; x_wconf 88' lang='lat' dir='ltr'>hoc</span> <span class='ocrx_word' id='word_1_302' title='bbox 689 2613 973 2686; x_wconf 88' lang='lat' dir='ltr'>stabilire,</span> <span class='ocrx_word' id='word_1_303' title='bbox 1032 2610 1396 2686; x_wconf 79' lang='grc' dir='ltr'>ἐκπορεύεσθαι</span> <span class='ocrx_word' id='word_1_304' title='bbox 1449 2607 1777 2686; x_wconf 82' lang='lat' dir='ltr'>procedere</span> <span class='ocrx_word' id='word_1_305' title='bbox 1835 2605 2195 2666; x_wconf 81' lang='lat' dir='ltr'>formatione</span> 
     </span>
    </p>
   </div>
   <div class='ocr_carea' id='block_1_45' title="bbox 545 2695 2196 2786">
    <p class='ocr_par' dir='ltr' id='par_1_45' title="bbox 545 2695 2196 2786">
     <span class='ocr_line' id='line_1_45' title="bbox 545 2695 2196 2786; baseline -0.008 -18"><span class='ocrx_word' id='word_1_306' title='bbox 545 2707 775 2786; x_wconf 84' lang='lat' dir='ltr'>passiva</span> <span class='ocrx_word' id='word_1_307' title='bbox 807 2697 1125 2773; x_wconf 88' lang='lat' dir='ltr'>enuntiari,</span> <span class='ocrx_word' id='word_1_308' title='bbox 1160 2695 1266 2758; x_wconf 93' lang='lat' dir='ltr'>sed</span> <span class='ocrx_word' id='word_1_309' title='bbox 1289 2695 1406 2758; x_wconf 88' lang='lat' dir='ltr'>vim</span> <span class='ocrx_word' id='word_1_310' title='bbox 1430 2695 1674 2756; x_wconf 82' lang='lat' dir='ltr'>activam</span> <span class='ocrx_word' id='word_1_311' title='bbox 1701 2696 2196 2772; x_wconf 84' lang='lat' dir='ltr'>denotare,agere</span> 
     </span>
    </p>
   </div>
   <div class='ocr_carea' id='block_1_46' title="bbox 549 2786 2195 2873">
    <p class='ocr_par' dir='ltr' id='par_1_46' title="bbox 549 2786 2195 2873">
     <span class='ocr_line' id='line_1_46' title="bbox 549 2786 2195 2873; baseline -0.012 -15"><span class='ocrx_word' id='word_1_312' title='bbox 549 2795 801 2873; x_wconf 53' lang='lat' dir='ltr'>enimZet</span> <span class='ocrx_word' id='word_1_313' title='bbox 861 2797 994 2864; x_wconf 53' lang='lat' dir='ltr'>non;</span> <span class='ocrx_word' id='word_1_314' title='bbox 1015 2787 1133 2868; x_wconf 90' lang='lat' dir='ltr'>pati</span> <span class='ocrx_word' id='word_1_315' title='bbox 1191 2792 1300 2857; x_wconf 83' lang='lat' dir='ltr'>est,</span> <span class='ocrx_word' id='word_1_316' title='bbox 1352 2788 1413 2841; x_wconf 83' lang='grc' dir='ltr'>τὸ</span> <span class='ocrx_word' id='word_1_317' title='bbox 1458 2788 1766 2864; x_wconf 80' lang='grc' dir='ltr'>πορεύεσθαι</span> <span class='ocrx_word' id='word_1_318' title='bbox 1797 2790 1883 2842; x_wconf 86' lang='grc' dir='ltr'>καὶ</span> <span class='ocrx_word' id='word_1_319' title='bbox 1913 2786 2195 2856; x_wconf 79' lang='grc' dir='ltr'>ἐκπορεύε-</span> 
     </span>
    </p>
   </div>
   <div class='ocr_carea' id='block_1_47' title="bbox 549 2873 2198 2960">
    <p class='ocr_par' dir='ltr' id='par_1_47' title="bbox 549 2873 2198 2960">
     <span class='ocr_line' id='line_1_47' title="bbox 549 2873 2198 2960; baseline -0.005 -18"><span class='ocrx_word' id='word_1_320' title='bbox 549 2875 695 2960; x_wconf 63' lang='grc' dir='ltr'>σῐᾶ,</span> <span class='ocrx_word' id='word_1_321' title='bbox 743 2881 1023 2946; x_wconf 75' lang='lat' dir='ltr'>incedere</span> <span class='ocrx_word' id='word_1_322' title='bbox 1053 2885 1115 2938; x_wconf 82' lang='lat' dir='ltr'>et</span> <span class='ocrx_word' id='word_1_323' title='bbox 1139 2874 1483 2956; x_wconf 78' lang='lat' dir='ltr'>procedere,</span> <span class='ocrx_word' id='word_1_324' title='bbox 1513 2875 1726 2952; x_wconf 87' lang='lat' dir='ltr'>dogma</span> <span class='ocrx_word' id='word_1_325' title='bbox 1754 2892 1916 2949; x_wconf 86' lang='lat' dir='ltr'>vero,</span> <span class='ocrx_word' id='word_1_326' title='bbox 1942 2873 2198 2954; x_wconf 86' lang='lat' dir='ltr'>quodilli</span> 
     </span>
    </p>
   </div>
   <div class='ocr_carea' id='block_1_48' title="bbox 551 2962 2202 3043">
    <p class='ocr_par' dir='ltr' id='par_1_48' title="bbox 551 2962 2202 3043">
     <span class='ocr_line' id='line_1_48' title="bbox 551 2962 2202 3043; baseline -0.007 -7"><span class='ocrx_word' id='word_1_327' title='bbox 551 2991 625 3036; x_wconf 85' lang='lat' dir='ltr'>ex</span> <span class='ocrx_word' id='word_1_328' title='bbox 645 2980 847 3034; x_wconf 88' lang='lat' dir='ltr'>ventre</span> <span class='ocrx_word' id='word_1_329' title='bbox 864 2963 1476 3038; x_wconf 86' lang='lat' dir='ltr'>eructarunt,ﬁrmare</span> <span class='ocrx_word' id='word_1_330' title='bbox 1491 2962 2061 3043; x_wconf 86' lang='lat' dir='ltr'>nitentes,Spiritum</span> <span class='ocrx_word' id='word_1_331' title='bbox 2086 2964 2202 3025; x_wconf 88' lang='lat' dir='ltr'>sci-</span> 
     </span>
    </p>
   </div>
   <div class='ocr_carea' id='block_1_49' title="bbox 565 3050 2197 3131">
    <p class='ocr_par' dir='ltr' id='par_1_49' title="bbox 565 3050 2197 3131">
     <span class='ocr_line' id='line_1_49' title="bbox 565 3050 2197 3131; baseline -0.006 -8"><span class='ocrx_word' id='word_1_332' title='bbox 565 3062 702 3123; x_wconf 88' lang='lat' dir='ltr'>licet</span> <span class='ocrx_word' id='word_1_333' title='bbox 731 3079 798 3122; x_wconf 79' lang='lat' dir='ltr'>ex</span> <span class='ocrx_word' id='word_1_334' title='bbox 832 3057 956 3120; x_wconf 93' lang='lat' dir='ltr'>solo</span> <span class='ocrx_word' id='word_1_335' title='bbox 986 3051 1158 3116; x_wconf 90' lang='lat' dir='ltr'>Patre</span> <span class='ocrx_word' id='word_1_336' title='bbox 1188 3052 1537 3131; x_wconf 88' lang='lat' dir='ltr'>procedere,</span> <span class='ocrx_word' id='word_1_337' title='bbox 1569 3055 1657 3108; x_wconf 82' lang='grc' dir='ltr'>πνί</span> <span class='ocrx_word' id='word_1_338' title='bbox 1690 3050 1964 3131; x_wconf 73' lang='lat' dir='ltr'>Spiritui</span> <span class='ocrx_word' id='word_1_339' title='bbox 1988 3053 2197 3114; x_wconf 88' lang='lat' dir='ltr'>dictio-</span> 
     </span>
    </p>
   </div>
   <div class='ocr_carea' id='block_1_50' title="bbox 2275 2252 3930 2335">
    <p class='ocr_par' dir='ltr' id='par_1_50' title="bbox 2275 2252 3930 2335">
     <span class='ocr_line' id='line_1_50' title="bbox 2275 2252 3930 2335; baseline 0.004 -30"><span class='ocrx_word' id='word_1_340' title='bbox 2275 2252 2374 2328; x_wconf 80' lang='grc' dir='ltr'>γὰρ</span> <span class='ocrx_word' id='word_1_341' title='bbox 2427 2253 2513 2308; x_wconf 86' lang='grc' dir='ltr'>καὶ</span> <span class='ocrx_word' id='word_1_342' title='bbox 2569 2257 2779 2330; x_wconf 81' lang='grc' dir='ltr'>Πνεῦμα</span> <span class='ocrx_word' id='word_1_343' title='bbox 2821 2256 3108 2331; x_wconf 83' lang='grc' dir='ltr'>στόματος,</span> <span class='ocrx_word' id='word_1_344' title='bbox 3141 2254 3259 2311; x_wconf 84' lang='grc' dir='ltr'>ἀλλ’</span> <span class='ocrx_word' id='word_1_345' title='bbox 3317 2255 3440 2335; x_wconf 79' lang='grc' dir='ltr'>οῦχὶ</span> <span class='ocrx_word' id='word_1_346' title='bbox 3469 2257 3556 2311; x_wconf 87' lang='grc' dir='ltr'>καὶ</span> <span class='ocrx_word' id='word_1_347' title='bbox 3603 2254 3758 2334; x_wconf 88' lang='grc' dir='ltr'>λόγον</span> <span class='ocrx_word' id='word_1_348' title='bbox 3789 2255 3930 2311; x_wconf 77' lang='grc' dir='ltr'>στό-</span> 
     </span>
    </p>
   </div>
   <div class='ocr_carea' id='block_1_51' title="bbox 2277 2340 3930 2421">
    <p class='ocr_par' dir='ltr' id='par_1_51' title="bbox 2277 2340 3930 2421">
     <span class='ocr_line' id='line_1_51' title="bbox 2277 2340 3930 2421; baseline 0.004 -28"><span class='ocrx_word' id='word_1_349' title='bbox 2277 2360 2443 2412; x_wconf 88' lang='grc' dir='ltr'>ματος</span> <span class='ocrx_word' id='word_1_350' title='bbox 2502 2340 2720 2420; x_wconf 75' lang='grc' dir='ltr'>εἴρηκεν</span> <span class='ocrx_word' id='word_1_351' title='bbox 2764 2345 2792 2399; x_wconf 90' lang='lat'><strong>6</strong></span> <span class='ocrx_word' id='word_1_352' title='bbox 2853 2341 3044 2417; x_wconf 68' lang='lat' dir='ltr'>Aau‘iS,</span> <span class='ocrx_word' id='word_1_353' title='bbox 3077 2343 3170 2400; x_wconf 74' lang='grc' dir='ltr'>ἵνα</span> <span class='ocrx_word' id='word_1_354' title='bbox 3219 2343 3318 2411; x_wconf 74' lang='grc' dir='ltr'>τὴν</span> <span class='ocrx_word' id='word_1_355' title='bbox 3367 2343 3743 2421; x_wconf 82' lang='grc' dir='ltr'>ἐκπορευτικὴν</span> <span class='ocrx_word' id='word_1_356' title='bbox 3790 2341 3930 2400; x_wconf 80' lang='grc' dir='ltr'>ἰδιό-</span> 
     </span>
    </p>
   </div>
   <div class='ocr_carea' id='block_1_52' title="bbox 2275 2430 3925 2511">
    <p class='ocr_par' dir='ltr' id='par_1_52' title="bbox 2275 2430 3925 2511">
     <span class='ocr_line' id='line_1_52' title="bbox 2275 2430 3925 2511; baseline 0.004 -30"><span class='ocrx_word' id='word_1_357' title='bbox 2275 2449 2409 2493; x_wconf 86' lang='grc' dir='ltr'>τητα</span> <span class='ocrx_word' id='word_1_358' title='bbox 2481 2430 2558 2503; x_wconf 82' lang='grc' dir='ltr'>τῷ</span> <span class='ocrx_word' id='word_1_359' title='bbox 2618 2433 2878 2506; x_wconf 83' lang='grc' dir='ltr'>Πνεύματι</span> <span class='ocrx_word' id='word_1_360' title='bbox 2943 2432 3090 2507; x_wconf 82' lang='grc' dir='ltr'>μόνῳ</span> <span class='ocrx_word' id='word_1_361' title='bbox 3146 2437 3442 2511; x_wconf 88' lang='grc' dir='ltr'>προσοῦσαν</span> <span class='ocrx_word' id='word_1_362' title='bbox 3496 2432 3855 2499; x_wconf 84' lang='grc' dir='ltr'>πιστώσηται.</span> <span class='ocrx_word' id='word_1_363' title='bbox 3896 2456 3925 2488; x_wconf 70' lang='grc' dir='ltr'><strong><em>ι</em></strong></span> 
     </span>
    </p>
   </div>
   <div class='ocr_carea' id='block_1_53' title="bbox 2278 2514 3928 2600">
    <p class='ocr_par' dir='ltr' id='par_1_53' title="bbox 2278 2514 3928 2600">
     <span class='ocr_line' id='line_1_53' title="bbox 2278 2514 3928 2600; baseline 0.003 -27"><span class='ocrx_word' id='word_1_364' title='bbox 2278 2519 2338 2573; x_wconf 80' lang='grc' dir='ltr'>Οἱ</span> <span class='ocrx_word' id='word_1_365' title='bbox 2365 2514 2418 2570; x_wconf 79' lang='grc' dir='ltr'>δὲ</span> <span class='ocrx_word' id='word_1_366' title='bbox 2472 2519 2534 2573; x_wconf 91' lang='lat'>16</span> <span class='ocrx_word' id='word_1_367' title='bbox 2587 2516 2654 2575; x_wconf 87' lang='grc' dir='ltr'>δι’</span> <span class='ocrx_word' id='word_1_368' title='bbox 2719 2523 2839 2576; x_wconf 80' lang='grc' dir='ltr'>Υἱοῦ</span> <span class='ocrx_word' id='word_1_369' title='bbox 2879 2523 2941 2576; x_wconf 90' lang='lat'>16</span> <span class='ocrx_word' id='word_1_370' title='bbox 2984 2527 3196 2577; x_wconf 70' lang='grc' dir='ltr'>Πνεῦμα</span> <span class='ocrx_word' id='word_1_371' title='bbox 3239 2523 3301 2576; x_wconf 92' lang='lat'>16</span> <span class='ocrx_word' id='word_1_372' title='bbox 3351 2519 3500 2599; x_wconf 72' lang='grc' dir='ltr'>ἅγιον</span> <span class='ocrx_word' id='word_1_373' title='bbox 3559 2521 3928 2600; x_wconf 68' lang='grc' dir='ltr'>ἐκπορεύεσθαι</span> 
     </span>
    </p>
   </div>
   <div class='ocr_carea' id='block_1_54' title="bbox 2279 2603 3928 2686">
    <p class='ocr_par' dir='ltr' id='par_1_54' title="bbox 2279 2603 3928 2686">
     <span class='ocr_line' id='line_1_54' title="bbox 2279 2603 3928 2686; baseline 0.005 -27"><span class='ocrx_word' id='word_1_374' title='bbox 2279 2606 2356 2678; x_wconf 82' lang='grc' dir='ltr'>μὴ</span> <span class='ocrx_word' id='word_1_375' title='bbox 2419 2603 2719 2685; x_wconf 64' lang='grc' dir='ltr'>δεχόμενοι1</span> <span class='ocrx_word' id='word_1_376' title='bbox 2793 2617 2948 2665; x_wconf 87' lang='grc' dir='ltr'>τοῦτο</span> <span class='ocrx_word' id='word_1_377' title='bbox 3007 2610 3104 2685; x_wconf 77' lang='grc' dir='ltr'>μὲν</span> <span class='ocrx_word' id='word_1_378' title='bbox 3147 2609 3427 2676; x_wconf 82' lang='grc' dir='ltr'>ἐπιστῆσαι</span> <span class='ocrx_word' id='word_1_379' title='bbox 3470 2611 3547 2686; x_wconf 77' lang='grc' dir='ltr'>μὴ</span> <span class='ocrx_word' id='word_1_380' title='bbox 3596 2608 3928 2686; x_wconf 79' lang='grc' dir='ltr'>δυνηθέντες,</span> 
     </span>
    </p>
   </div>
   <div class='ocr_carea' id='block_1_55' title="bbox 2279 2695 3928 2780">
    <p class='ocr_par' dir='ltr' id='par_1_55' title="bbox 2279 2695 3928 2780">
     <span class='ocr_line' id='line_1_55' title="bbox 2279 2695 3928 2780; baseline 0.004 -32"><span class='ocrx_word' id='word_1_381' title='bbox 2279 2696 2352 2756; x_wconf 82' lang='grc' dir='ltr'>ὡς</span> <span class='ocrx_word' id='word_1_382' title='bbox 2408 2696 2468 2749; x_wconf 86' lang='grc' dir='ltr'>τὸ</span> <span class='ocrx_word' id='word_1_383' title='bbox 2543 2695 2909 2776; x_wconf 75' lang='grc' dir='ltr'>ἐκπορεύεσθαι</span> <span class='ocrx_word' id='word_1_384' title='bbox 2996 2701 3300 2764; x_wconf 76' lang='grc' dir='ltr'>παθητικῶς</span> <span class='ocrx_word' id='word_1_385' title='bbox 3371 2699 3470 2773; x_wconf 81' lang='grc' dir='ltr'>μὲν</span> <span class='ocrx_word' id='word_1_386' title='bbox 3539 2699 3928 2780; x_wconf 73' lang='grc' dir='ltr'>ἐσχημάτισαι,</span> 
     </span>
    </p>
   </div>
   <div class='ocr_carea' id='block_1_56' title="bbox 2282 2781 3932 2867">
    <p class='ocr_par' dir='ltr' id='par_1_56' title="bbox 2282 2781 3932 2867">
     <span class='ocr_line' id='line_1_56' title="bbox 2282 2781 3932 2867; baseline 0.005 -31"><span class='ocrx_word' id='word_1_387' title='bbox 2282 2782 2424 2861; x_wconf 87' lang='grc' dir='ltr'>φέρει</span> <span class='ocrx_word' id='word_1_388' title='bbox 2480 2781 2533 2839; x_wconf 87' lang='grc' dir='ltr'>δέ</span> <span class='ocrx_word' id='word_1_389' title='bbox 2576 2783 2804 2852; x_wconf 75' lang='grc' dir='ltr'>δῆλωσιν</span> <span class='ocrx_word' id='word_1_390' title='bbox 2874 2787 3218 2866; x_wconf 82' lang='grc' dir='ltr'>ἐνεργητικήν</span> <span class='ocrx_word' id='word_1_391' title='bbox 3256 2803 3270 2819; x_wconf 86' lang='grc'><strong><em>⁸</em></strong></span> <span class='ocrx_word' id='word_1_392' title='bbox 3344 2787 3575 2866; x_wconf 78' lang='grc' dir='ltr'>ἐνεργεῖν</span> <span class='ocrx_word' id='word_1_393' title='bbox 3629 2789 3750 2867; x_wconf 74' lang='grc' dir='ltr'>γὰρ,</span> <span class='ocrx_word' id='word_1_394' title='bbox 3804 2787 3932 2845; x_wconf 82' lang='grc' dir='ltr'>ἀλλ’</span> 
     </span>
    </p>
   </div>
   <div class='ocr_carea' id='block_1_57' title="bbox 2285 2872 3930 2954">
    <p class='ocr_par' dir='ltr' id='par_1_57' title="bbox 2285 2872 3930 2954">
     <span class='ocr_line' id='line_1_57' title="bbox 2285 2872 3930 2954; baseline 0.005 -28"><span class='ocrx_word' id='word_1_395' title='bbox 2285 2872 2406 2949; x_wconf 74' lang='grc' dir='ltr'>οὐχὶ</span> <span class='ocrx_word' id='word_1_396' title='bbox 2437 2873 2668 2952; x_wconf 69' lang='grc' dir='ltr'>πάσχειν</span> <span class='ocrx_word' id='word_1_397' title='bbox 2699 2876 2808 2931; x_wconf 64' lang='grc' dir='ltr'>ἐστὶ</span> <span class='ocrx_word' id='word_1_398' title='bbox 2861 2877 2922 2931; x_wconf 84' lang='grc' dir='ltr'>τὸ</span> <span class='ocrx_word' id='word_1_399' title='bbox 2993 2875 3296 2954; x_wconf 80' lang='grc' dir='ltr'>πορεύεσθαι</span> <span class='ocrx_word' id='word_1_400' title='bbox 3331 2894 3346 2909; x_wconf 80' lang='grc'><strong><em>⁸</em></strong></span> <span class='ocrx_word' id='word_1_401' title='bbox 3407 2877 3559 2931; x_wconf 88' lang='grc' dir='ltr'>τοῦτο</span> <span class='ocrx_word' id='word_1_402' title='bbox 3628 2874 3798 2933; x_wconf 79' lang='grc' dir='ltr'>δὲκαὶ</span> <span class='ocrx_word' id='word_1_403' title='bbox 3828 2899 3930 2938; x_wconf 76' lang='grc' dir='ltr'>σι)-</span> 
     </span>
    </p>
   </div>
   <div class='ocr_carea' id='block_1_58' title="bbox 2286 2960 3934 3043">
    <p class='ocr_par' dir='ltr' id='par_1_58' title="bbox 2286 2960 3934 3043">
     <span class='ocr_line' id='line_1_58' title="bbox 2286 2960 3934 3043; baseline 0.006 -29"><span class='ocrx_word' id='word_1_404' title='bbox 2286 2960 2473 3025; x_wconf 72' lang='grc' dir='ltr'>στῆσαι</span> <span class='ocrx_word' id='word_1_405' title='bbox 2516 2961 2850 3038; x_wconf 84' lang='grc' dir='ltr'>βουλόμενοι,</span> <span class='ocrx_word' id='word_1_406' title='bbox 2911 2962 3040 3042; x_wconf 77' lang='grc' dir='ltr'>ὅπερ</span> <span class='ocrx_word' id='word_1_407' title='bbox 3072 2965 3216 3022; x_wconf 76' lang='grc' dir='ltr'>αὐτοὶ</span> <span class='ocrx_word' id='word_1_408' title='bbox 3270 2963 3375 3020; x_wconf 82' lang='grc' dir='ltr'>ἀπὸ</span> <span class='ocrx_word' id='word_1_409' title='bbox 3416 2962 3618 3027; x_wconf 79' lang='grc' dir='ltr'>κοιλίας</span> <span class='ocrx_word' id='word_1_410' title='bbox 3650 2963 3934 3043; x_wconf 80' lang='grc' dir='ltr'>ἡρεύξαντο</span> 
     </span>
    </p>
   </div>
   <div class='ocr_carea' id='block_1_59' title="bbox 2285 3047 3934 3135">
    <p class='ocr_par' dir='ltr' id='par_1_59' title="bbox 2285 3047 3934 3135">
     <span class='ocr_line' id='line_1_59' title="bbox 2285 3047 3934 3135; baseline 0.005 -32"><span class='ocrx_word' id='word_1_411' title='bbox 2285 3047 2478 3126; x_wconf 82' lang='grc' dir='ltr'>δόγμα,</span> <span class='ocrx_word' id='word_1_412' title='bbox 2539 3052 2600 3105; x_wconf 85' lang='grc' dir='ltr'>τὸ</span> <span class='ocrx_word' id='word_1_413' title='bbox 2653 3053 2712 3107; x_wconf 87' lang='grc' dir='ltr'>τὸ</span> <span class='ocrx_word' id='word_1_414' title='bbox 2769 3059 2980 3129; x_wconf 83' lang='grc' dir='ltr'>Πνεῦμα</span> <span class='ocrx_word' id='word_1_415' title='bbox 3027 3052 3088 3108; x_wconf 80' lang='grc' dir='ltr'>ἒκ</span> <span class='ocrx_word' id='word_1_416' title='bbox 3129 3053 3292 3128; x_wconf 87' lang='grc' dir='ltr'>μόνου</span> <span class='ocrx_word' id='word_1_417' title='bbox 3333 3050 3536 3120; x_wconf 75' lang='grc' dir='ltr'>δηλαδὴ</span> <span class='ocrx_word' id='word_1_418' title='bbox 3579 3060 3671 3109; x_wconf 87' lang='grc' dir='ltr'>τοῦ</span> <span class='ocrx_word' id='word_1_419' title='bbox 3722 3058 3934 3135; x_wconf 83' lang='grc' dir='ltr'>Πατρὸς</span> 
     </span>
    </p>
   </div>
   <div class='ocr_carea' id='block_1_60' title="bbox 556 3137 2195 3224">
    <p class='ocr_par' dir='ltr' id='par_1_60' title="bbox 556 3139 2195 3223">
     <span class='ocr_line' id='line_1_60' title="bbox 556 3139 2195 3223; baseline -0.006 -10"><span class='ocrx_word' id='word_1_420' title='bbox 556 3168 693 3213; x_wconf 91' lang='lat' dir='ltr'>nem</span> <span class='ocrx_word' id='word_1_421' title='bbox 710 3144 1124 3212; x_wconf 85' lang='lat' dir='ltr'>tribuslitteris</span> <span class='ocrx_word' id='word_1_422' title='bbox 1141 3159 1272 3204; x_wconf 93' lang='lat' dir='ltr'>cum</span> <span class='ocrx_word' id='word_1_423' title='bbox 1298 3139 1666 3220; x_wconf 91' lang='lat' dir='ltr'>reperissent</span> <span class='ocrx_word' id='word_1_424' title='bbox 1689 3141 1914 3200; x_wconf 84' lang='lat' dir='ltr'>exarari</span> <span class='ocrx_word' id='word_1_425' title='bbox 1939 3142 2195 3223; x_wconf 78' lang='lat' dir='ltr'>concise,</span> 
     </span>
    </p>
   </div>
   <div class='ocr_carea' id='block_1_61' title="bbox 2280 3137 3936 3224">
    <p class='ocr_par' dir='ltr' id='par_1_61' title="bbox 2290 3137 3936 3224">
     <span class='ocr_line' id='line_1_61' title="bbox 2290 3137 3936 3224; baseline 0.006 -33"><span class='ocrx_word' id='word_1_426' title='bbox 2290 3137 2681 3216; x_wconf 78' lang='grc' dir='ltr'>ἐκπορεύεσθαι,</span> <span class='ocrx_word' id='word_1_427' title='bbox 2742 3141 2840 3208; x_wconf 77' lang='grc' dir='ltr'>τὴν</span> <span class='ocrx_word' id='word_1_428' title='bbox 2896 3164 2985 3198; x_wconf 88' lang='grc' dir='ltr'>πνι</span> <span class='ocrx_word' id='word_1_429' title='bbox 3041 3141 3179 3207; x_wconf 80' lang='grc' dir='ltr'>λέξιν</span> <span class='ocrx_word' id='word_1_430' title='bbox 3233 3144 3366 3215; x_wconf 87' lang='grc' dir='ltr'>τρισὶ</span> <span class='ocrx_word' id='word_1_431' title='bbox 3409 3144 3695 3221; x_wconf 85' lang='grc' dir='ltr'>στοιχείοις</span> <span class='ocrx_word' id='word_1_432' title='bbox 3743 3145 3936 3224; x_wconf 81' lang='grc' dir='ltr'>εὑρόν-</span> 
     </span>
    </p>
   </div>
   <div class='ocr_carea' id='block_1_62' title="bbox 553 3228 2196 3309">
    <p class='ocr_par' dir='ltr' id='par_1_62' title="bbox 553 3228 2196 3309">
     <span class='ocr_line' id='line_1_62' title="bbox 553 3228 2196 3309; baseline -0.007 -7"><span class='ocrx_word' id='word_1_433' title='bbox 553 3258 666 3302; x_wconf 93' lang='lat' dir='ltr'>nec</span> <span class='ocrx_word' id='word_1_434' title='bbox 695 3257 814 3299; x_wconf 90' lang='lat' dir='ltr'>non</span> <span class='ocrx_word' id='word_1_435' title='bbox 868 3244 927 3297; x_wconf 93' lang='lat' dir='ltr'>et</span> <span class='ocrx_word' id='word_1_436' title='bbox 983 3231 1165 3295; x_wconf 92' lang='lat' dir='ltr'>simili</span> <span class='ocrx_word' id='word_1_437' title='bbox 1212 3230 1444 3291; x_wconf 89' lang='lat' dir='ltr'>ratione</span> <span class='ocrx_word' id='word_1_438' title='bbox 1495 3232 1582 3309; x_wconf 84' lang='grc' dir='ltr'>πρὶ</span> <span class='ocrx_word' id='word_1_439' title='bbox 1641 3228 1822 3291; x_wconf 80' lang='lat' dir='ltr'>Patri</span> <span class='ocrx_word' id='word_1_440' title='bbox 1848 3230 2196 3307; x_wconf 87' lang='lat' dir='ltr'>dictionem,</span> 
     </span>
    </p>
   </div>
   <div class='ocr_carea' id='block_1_63' title="bbox 553 3319 2199 3399">
    <p class='ocr_par' dir='ltr' id='par_1_63' title="bbox 553 3319 2199 3399">
     <span class='ocr_line' id='line_1_63' title="bbox 553 3319 2199 3399; baseline -0.007 -9"><span class='ocrx_word' id='word_1_441' title='bbox 553 3322 1280 3390; x_wconf 85' lang='lat' dir='ltr'>medialitteraimmutata</span> <span class='ocrx_word' id='word_1_442' title='bbox 1304 3328 1478 3399; x_wconf 90' lang='lat' dir='ltr'>atque</span> <span class='ocrx_word' id='word_1_443' title='bbox 1501 3327 1778 3398; x_wconf 85' lang='lat' dir='ltr'>corrupta</span> <span class='ocrx_word' id='word_1_444' title='bbox 1803 3338 1815 3378; x_wconf 92' lang='lat'><strong>:</strong></span> <span class='ocrx_word' id='word_1_445' title='bbox 1843 3319 2028 3380; x_wconf 87' lang='lat' dir='ltr'>facilis</span> <span class='ocrx_word' id='word_1_446' title='bbox 2041 3319 2199 3380; x_wconf 90' lang='lat' dir='ltr'>enim</span> 
     </span>
    </p>
   </div>
   <div class='ocr_carea' id='block_1_64' title="bbox 550 3406 2205 3492">
    <p class='ocr_par' dir='ltr' id='par_1_64' title="bbox 550 3406 2205 3492">
     <span class='ocr_line' id='line_1_64' title="bbox 550 3406 2205 3492; baseline -0.007 -14"><span class='ocrx_word' id='word_1_447' title='bbox 550 3424 640 3478; x_wconf 93' lang='lat' dir='ltr'>est</span> <span class='ocrx_word' id='word_1_448' title='bbox 669 3439 730 3472; x_wconf 85' lang='grc' dir='ltr'>αν</span> <span class='ocrx_word' id='word_1_449' title='bbox 753 3414 826 3475; x_wconf 90' lang='lat' dir='ltr'>ad</span> <span class='ocrx_word' id='word_1_450' title='bbox 848 3436 874 3492; x_wconf 91' lang='grc' dir='ltr'>ρ</span> <span class='ocrx_word' id='word_1_451' title='bbox 899 3409 1301 3482; x_wconf 90' lang='lat' dir='ltr'>transitio,eos</span> <span class='ocrx_word' id='word_1_452' title='bbox 1314 3406 1414 3486; x_wconf 91' lang='lat' dir='ltr'>qui</span> <span class='ocrx_word' id='word_1_453' title='bbox 1429 3425 1544 3467; x_wconf 93' lang='lat' dir='ltr'>non</span> <span class='ocrx_word' id='word_1_454' title='bbox 1559 3407 2068 3486; x_wconf 81' lang='lat' dir='ltr'>considerate,sed</span> <span class='ocrx_word' id='word_1_455' title='bbox 2101 3425 2205 3487; x_wconf 91' lang='lat' dir='ltr'>per</span> 
     </span>
    </p>
   </div>
   <div class='ocr_carea' id='block_1_65' title="bbox 559 3495 2202 3581">
    <p class='ocr_par' dir='ltr' id='par_1_65' title="bbox 559 3495 2202 3581">
     <span class='ocr_line' id='line_1_65' title="bbox 559 3495 2202 3581; baseline -0.007 -15"><span class='ocrx_word' id='word_1_456' title='bbox 559 3513 958 3566; x_wconf 86' lang='lat' dir='ltr'>transversum</span> <span class='ocrx_word' id='word_1_457' title='bbox 982 3495 1408 3559; x_wconf 87' lang='lat' dir='ltr'>commentaria</span> <span class='ocrx_word' id='word_1_458' title='bbox 1431 3503 1807 3574; x_wconf 88' lang='lat' dir='ltr'>percurrunt,</span> <span class='ocrx_word' id='word_1_459' title='bbox 1842 3495 2202 3581; x_wconf 62' lang='lat' dir='ltr'>fefellerunt,</span> 
     </span>
    </p>
   </div>
   <div class='ocr_carea' id='block_1_66' title="bbox 553 3582 2208 3674">
    <p class='ocr_par' dir='ltr' id='par_1_66' title="bbox 553 3582 2208 3674">
     <span class='ocr_line' id='line_1_66' title="bbox 553 3582 2208 3674; baseline -0.006 -18"><span class='ocrx_word' id='word_1_460' title='bbox 553 3592 713 3674; x_wconf 89' lang='lat' dir='ltr'>quod</span> <span class='ocrx_word' id='word_1_461' title='bbox 745 3598 870 3652; x_wconf 89' lang='lat' dir='ltr'>erat</span> <span class='ocrx_word' id='word_1_462' title='bbox 897 3586 1153 3674; x_wconf 87' lang='lat' dir='ltr'>Spiritus</span> <span class='ocrx_word' id='word_1_463' title='bbox 1202 3583 1531 3674; x_wconf 87' lang='lat' dir='ltr'>proprium,</span> <span class='ocrx_word' id='word_1_464' title='bbox 1564 3583 1721 3644; x_wconf 88' lang='lat' dir='ltr'>Patri</span> <span class='ocrx_word' id='word_1_465' title='bbox 1754 3582 2102 3674; x_wconf 82' lang='lat' dir='ltr'>tribuentes.</span> <span class='ocrx_word' id='word_1_466' title='bbox 2134 3585 2208 3646; x_wconf 92' lang='lat' dir='ltr'>Et</span> 
     </span>
    </p>
   </div>
   <div class='ocr_carea' id='block_1_67' title="bbox 555 3672 2204 3760">
    <p class='ocr_par' dir='ltr' id='par_1_67' title="bbox 555 3672 2204 3760">
     <span class='ocr_line' id='line_1_67' title="bbox 555 3672 2204 3760; baseline -0.006 -17"><span class='ocrx_word' id='word_1_467' title='bbox 555 3672 624 3743; x_wconf 81' lang='lat' dir='ltr'>ut</span> <span class='ocrx_word' id='word_1_468' title='bbox 653 3676 1049 3760; x_wconf 89' lang='lat' dir='ltr'>corruptionis</span> <span class='ocrx_word' id='word_1_469' title='bbox 1101 3673 1262 3734; x_wconf 82' lang='lat' dir='ltr'>fraus</span> <span class='ocrx_word' id='word_1_470' title='bbox 1311 3672 1372 3732; x_wconf 91' lang='lat' dir='ltr'>in</span> <span class='ocrx_word' id='word_1_471' title='bbox 1421 3680 1690 3752; x_wconf 79' lang='lat' dir='ltr'>apertum</span> <span class='ocrx_word' id='word_1_472' title='bbox 1735 3673 1952 3747; x_wconf 86' lang='lat' dir='ltr'>veniat,</span> <span class='ocrx_word' id='word_1_473' title='bbox 2009 3691 2204 3734; x_wconf 92' lang='lat' dir='ltr'>sermo</span> 
     </span>
    </p>
   </div>
   <div class='ocr_carea' id='block_1_68' title="bbox 552 3760 2204 3848">
    <p class='ocr_par' dir='ltr' id='par_1_68' title="bbox 552 3760 2204 3848">
     <span class='ocr_line' id='line_1_68' title="bbox 552 3760 2204 3848; baseline -0.009 -17"><span class='ocrx_word' id='word_1_474' title='bbox 552 3769 639 3831; x_wconf 86' lang='lat' dir='ltr'>ita</span> <span class='ocrx_word' id='word_1_475' title='bbox 668 3769 1015 3848; x_wconf 89' lang='lat' dir='ltr'>disponatur</span> <span class='ocrx_word' id='word_1_476' title='bbox 1071 3781 1104 3824; x_wconf 89' lang='lat' dir='ltr'>a</span> <span class='ocrx_word' id='word_1_477' title='bbox 1143 3760 1336 3835; x_wconf 89' lang='lat' dir='ltr'>nobis,</span> <span class='ocrx_word' id='word_1_478' title='bbox 1365 3761 1563 3841; x_wconf 89' lang='lat' dir='ltr'>utipsi</span> <span class='ocrx_word' id='word_1_479' title='bbox 1593 3760 1868 3840; x_wconf 84' lang='lat' dir='ltr'>digerunt</span> <span class='ocrx_word' id='word_1_480' title='bbox 1901 3783 1914 3824; x_wconf 92' lang='lat'>:</span> <span class='ocrx_word' id='word_1_481' title='bbox 1955 3786 1979 3816; x_wconf 78' lang='grc' dir='ltr'>α</span> <span class='ocrx_word' id='word_1_482' title='bbox 2015 3763 2204 3843; x_wconf 88' lang='lat' dir='ltr'>Hujus</span> 
     </span>
    </p>
   </div>
   <div class='ocr_carea' id='block_1_69' title="bbox 555 3849 2199 3938">
    <p class='ocr_par' dir='ltr' id='par_1_69' title="bbox 555 3849 2199 3938">
     <span class='ocr_line' id='line_1_69' title="bbox 555 3849 2199 3938; baseline -0.006 -18"><span class='ocrx_word' id='word_1_483' title='bbox 555 3857 742 3938; x_wconf 80' lang='lat' dir='ltr'>gratia</span> <span class='ocrx_word' id='word_1_484' title='bbox 773 3854 1033 3937; x_wconf 83' lang='lat' dir='ltr'>Spiritus</span> <span class='ocrx_word' id='word_1_485' title='bbox 1083 3851 1226 3926; x_wconf 91' lang='lat' dir='ltr'>oris,</span> <span class='ocrx_word' id='word_1_486' title='bbox 1263 3870 1377 3911; x_wconf 90' lang='lat' dir='ltr'>non</span> <span class='ocrx_word' id='word_1_487' title='bbox 1431 3869 1570 3910; x_wconf 88' lang='lat' dir='ltr'>vero</span> <span class='ocrx_word' id='word_1_488' title='bbox 1604 3851 1846 3911; x_wconf 87' lang='lat' dir='ltr'>verbum</span> <span class='ocrx_word' id='word_1_489' title='bbox 1879 3850 2000 3911; x_wconf 91' lang='lat' dir='ltr'>oris</span> <span class='ocrx_word' id='word_1_490' title='bbox 2021 3849 2199 3911; x_wconf 87' lang='lat' dir='ltr'>David</span> 
     </span>
    </p>
   </div>
   <div class='ocr_carea' id='block_1_70' title="bbox 554 3937 2199 4024">
    <p class='ocr_par' dir='ltr' id='par_1_70' title="bbox 554 3937 2199 4024">
     <span class='ocr_line' id='line_1_70' title="bbox 554 3937 2199 4024; baseline -0.005 -17"><span class='ocrx_word' id='word_1_491' title='bbox 554 3937 725 4019; x_wconf 85' lang='lat' dir='ltr'>dixit,</span> <span class='ocrx_word' id='word_1_492' title='bbox 758 3953 822 4006; x_wconf 92' lang='lat' dir='ltr'>ut</span> <span class='ocrx_word' id='word_1_493' title='bbox 878 3938 1276 4024; x_wconf 84' lang='lat' dir='ltr'>processionis</span> <span class='ocrx_word' id='word_1_494' title='bbox 1323 3941 1744 4019; x_wconf 86' lang='lat' dir='ltr'>proprietatem</span> <span class='ocrx_word' id='word_1_495' title='bbox 1778 3939 1888 4000; x_wconf 93' lang='lat' dir='ltr'>soli</span> <span class='ocrx_word' id='word_1_496' title='bbox 1919 3938 2078 4002; x_wconf 90' lang='lat' dir='ltr'>Patri</span> <span class='ocrx_word' id='word_1_497' title='bbox 2101 3937 2199 3998; x_wconf 90' lang='lat' dir='ltr'>in-</span> 
     </span>
    </p>
   </div>
   <div class='ocr_carea' id='block_1_71' title="bbox 553 4026 2204 4108">
    <p class='ocr_par' dir='ltr' id='par_1_71' title="bbox 553 4026 2204 4108">
     <span class='ocr_line' id='line_1_71' title="bbox 553 4026 2204 4108; baseline -0.006 -11"><span class='ocrx_word' id='word_1_498' title='bbox 553 4035 886 4097; x_wconf 64' lang='lat' dir='ltr'>haerentem</span> <span class='ocrx_word' id='word_1_499' title='bbox 947 4036 1260 4092; x_wconf 89' lang='lat' dir='ltr'>astrueret.</span> <span class='ocrx_word' id='word_1_500' title='bbox 1300 4052 1325 4083; x_wconf 72' lang='lat' dir='ltr'><strong>n</strong></span> <span class='ocrx_word' id='word_1_501' title='bbox 1374 4026 1629 4088; x_wconf 88' lang='lat' dir='ltr'>Dixisset</span> <span class='ocrx_word' id='word_1_502' title='bbox 1684 4027 1885 4108; x_wconf 87' lang='lat' dir='ltr'>utique</span> <span class='ocrx_word' id='word_1_503' title='bbox 1934 4027 2114 4090; x_wconf 90' lang='lat' dir='ltr'>David</span> <span class='ocrx_word' id='word_1_504' title='bbox 2143 4036 2204 4088; x_wconf 90' lang='lat' dir='ltr'>et</span> 
     </span>
    </p>
   </div>
   <div class='ocr_carea' id='block_1_72' title="bbox 563 4116 2202 4197">
    <p class='ocr_par' dir='ltr' id='par_1_72' title="bbox 563 4116 2202 4197">
     <span class='ocr_line' id='line_1_72' title="bbox 563 4116 2202 4197; baseline -0.005 -13"><span class='ocrx_word' id='word_1_505' title='bbox 563 4121 808 4184; x_wconf 92' lang='lat' dir='ltr'>verbum</span> <span class='ocrx_word' id='word_1_506' title='bbox 844 4120 965 4182; x_wconf 93' lang='lat' dir='ltr'>oris</span> <span class='ocrx_word' id='word_1_507' title='bbox 992 4119 1275 4192; x_wconf 86' lang='lat' dir='ltr'>Verbum,</span> <span class='ocrx_word' id='word_1_508' title='bbox 1319 4116 1813 4196; x_wconf 89' lang='lat' dir='ltr'>quemadmodum</span> <span class='ocrx_word' id='word_1_509' title='bbox 1847 4124 1902 4178; x_wconf 93' lang='lat' dir='ltr'>et</span> <span class='ocrx_word' id='word_1_510' title='bbox 1931 4116 2202 4197; x_wconf 89' lang='lat' dir='ltr'>spiritum</span> 
     </span>
    </p>
   </div>
   <div class='ocr_carea' id='block_1_73' title="bbox 555 4204 2204 4289">
    <p class='ocr_par' dir='ltr' id='par_1_73' title="bbox 555 4204 2204 4289">
     <span class='ocr_line' id='line_1_73' title="bbox 555 4204 2204 4289; baseline -0.005 -17"><span class='ocrx_word' id='word_1_511' title='bbox 555 4212 675 4273; x_wconf 92' lang='lat' dir='ltr'>oris</span> <span class='ocrx_word' id='word_1_512' title='bbox 710 4209 862 4271; x_wconf 91' lang='lat' dir='ltr'>dixit</span> <span class='ocrx_word' id='word_1_513' title='bbox 892 4208 1198 4289; x_wconf 92' lang='lat' dir='ltr'>Spiritum,</span> <span class='ocrx_word' id='word_1_514' title='bbox 1224 4224 1296 4266; x_wconf 90' lang='lat' dir='ltr'>an</span> <span class='ocrx_word' id='word_1_515' title='bbox 1347 4213 1653 4285; x_wconf 81' lang='lat' dir='ltr'>propterea</span> <span class='ocrx_word' id='word_1_516' title='bbox 1687 4204 1943 4266; x_wconf 91' lang='lat' dir='ltr'>similem</span> <span class='ocrx_word' id='word_1_517' title='bbox 1970 4223 2204 4286; x_wconf 88' lang='lat' dir='ltr'>proces-</span> 
     </span>
    </p>
   </div>
   <div class='ocr_carea' id='block_1_74' title="bbox 557 4294 2199 4380">
    <p class='ocr_par' dir='ltr' id='par_1_74' title="bbox 557 4294 2199 4380">
     <span class='ocr_line' id='line_1_74' title="bbox 557 4294 2199 4380; baseline -0.004 -17"><span class='ocrx_word' id='word_1_518' title='bbox 557 4302 744 4363; x_wconf 90' lang='lat' dir='ltr'>sionis</span> <span class='ocrx_word' id='word_1_519' title='bbox 793 4299 1213 4380; x_wconf 90' lang='lat' dir='ltr'>proprietatem</span> <span class='ocrx_word' id='word_1_520' title='bbox 1257 4303 1316 4357; x_wconf 93' lang='lat' dir='ltr'>et</span> <span class='ocrx_word' id='word_1_521' title='bbox 1363 4295 1531 4368; x_wconf 88' lang='lat' dir='ltr'>alteri</span> <span class='ocrx_word' id='word_1_522' title='bbox 1563 4296 1817 4374; x_wconf 87' lang='lat' dir='ltr'>cuipiam</span> <span class='ocrx_word' id='word_1_523' title='bbox 1861 4315 1994 4356; x_wconf 86' lang='lat' dir='ltr'>cum</span> <span class='ocrx_word' id='word_1_524' title='bbox 2026 4294 2199 4356; x_wconf 83' lang='lat' dir='ltr'>Patre</span> 
     </span>
    </p>
   </div>
   <div class='ocr_carea' id='block_1_75' title="bbox 555 4384 2196 4464">
    <p class='ocr_par' dir='ltr' id='par_1_75' title="bbox 555 4384 2196 4464">
     <span class='ocr_line' id='line_1_75' title="bbox 555 4384 2196 4464; baseline -0.005 -13"><span class='ocrx_word' id='word_1_525' title='bbox 555 4387 1099 4452; x_wconf 87' lang='lat' dir='ltr'>communicaturus</span> <span class='ocrx_word' id='word_1_526' title='bbox 1133 4385 1302 4447; x_wconf 84' lang='lat' dir='ltr'>erat?</span> <span class='ocrx_word' id='word_1_527' title='bbox 1343 4384 1412 4445; x_wconf 86' lang='lat' dir='ltr'>Et</span> <span class='ocrx_word' id='word_1_528' title='bbox 1443 4402 1573 4464; x_wconf 63' lang='lat' dir='ltr'>quae</span> <span class='ocrx_word' id='word_1_529' title='bbox 1604 4384 1729 4445; x_wconf 71' lang='lat' dir='ltr'>haec</span> <span class='ocrx_word' id='word_1_530' title='bbox 1760 4384 2054 4445; x_wconf 89' lang='lat' dir='ltr'>sermonis</span> <span class='ocrx_word' id='word_1_531' title='bbox 2088 4403 2196 4444; x_wconf 87' lang='lat' dir='ltr'>ne-</span> 
     </span>
    </p>
   </div>
   <div class='ocr_carea' id='block_1_76' title="bbox 555 4472 2200 4555">
    <p class='ocr_par' dir='ltr' id='par_1_76' title="bbox 555 4472 2200 4555">
     <span class='ocr_line' id='line_1_76' title="bbox 555 4472 2200 4555; baseline -0.004 -17"><span class='ocrx_word' id='word_1_532' title='bbox 555 4477 799 4539; x_wconf 89' lang='lat' dir='ltr'>cessitas</span> <span class='ocrx_word' id='word_1_533' title='bbox 841 4475 1045 4555; x_wconf 84' lang='lat' dir='ltr'>cogit?</span> <span class='ocrx_word' id='word_1_534' title='bbox 1104 4473 1220 4536; x_wconf 92' lang='lat' dir='ltr'>Sed</span> <span class='ocrx_word' id='word_1_535' title='bbox 1273 4472 1323 4534; x_wconf 92' lang='lat' dir='ltr'>si</span> <span class='ocrx_word' id='word_1_536' title='bbox 1354 4473 1602 4536; x_wconf 79' lang='lat' dir='ltr'>dixisset</span> <span class='ocrx_word' id='word_1_537' title='bbox 1635 4473 1880 4533; x_wconf 79' lang='lat' dir='ltr'>verbum</span> <span class='ocrx_word' id='word_1_538' title='bbox 1917 4474 2036 4533; x_wconf 91' lang='lat' dir='ltr'>oris</span> <span class='ocrx_word' id='word_1_539' title='bbox 2067 4491 2200 4534; x_wconf 92' lang='lat' dir='ltr'>esse</span> 
     </span>
    </p>
   </div>
   <div class='ocr_carea' id='block_1_77' title="bbox 2288 3224 3938 3308">
    <p class='ocr_par' dir='ltr' id='par_1_77' title="bbox 2288 3224 3938 3308">
     <span class='ocr_line' id='line_1_77' title="bbox 2288 3224 3938 3308; baseline 0.007 -28"><span class='ocrx_word' id='word_1_540' title='bbox 2288 3246 2374 3288; x_wconf 89' lang='grc' dir='ltr'>τες</span> <span class='ocrx_word' id='word_1_541' title='bbox 2431 3224 2922 3307; x_wconf 84' lang='grc' dir='ltr'>διαχαραττομένην</span> <span class='ocrx_word' id='word_1_542' title='bbox 2980 3231 3369 3308; x_wconf 80' lang='grc' dir='ltr'>συγκοπεικῶς,</span> <span class='ocrx_word' id='word_1_543' title='bbox 3424 3232 3559 3286; x_wconf 83' lang='grc' dir='ltr'>κατὰ</span> <span class='ocrx_word' id='word_1_544' title='bbox 3642 3238 3805 3289; x_wconf 83' lang='grc' dir='ltr'>ταῦτα</span> <span class='ocrx_word' id='word_1_545' title='bbox 3881 3234 3938 3292; x_wconf 87' lang='grc' dir='ltr'>δέ</span> 
     </span>
    </p>
   </div>
   <div class='ocr_carea' id='block_1_78' title="bbox 2283 3314 3942 3398">
    <p class='ocr_par' dir='ltr' id='par_1_78' title="bbox 2283 3314 3942 3398">
     <span class='ocr_line' id='line_1_78' title="bbox 2283 3314 3942 3398; baseline 0.005 -29"><span class='ocrx_word' id='word_1_546' title='bbox 2283 3314 2372 3369; x_wconf 83' lang='grc' dir='ltr'>καί</span> <span class='ocrx_word' id='word_1_547' title='bbox 2430 3315 2527 3382; x_wconf 80' lang='grc' dir='ltr'>τὴν</span> <span class='ocrx_word' id='word_1_548' title='bbox 2570 3318 2658 3395; x_wconf 87' lang='grc' dir='ltr'>πρὶ</span> <span class='ocrx_word' id='word_1_549' title='bbox 2701 3315 2862 3397; x_wconf 70' lang='grc' dir='ltr'>λέξιν,</span> <span class='ocrx_word' id='word_1_550' title='bbox 2921 3319 2982 3374; x_wconf 84' lang='grc' dir='ltr'>τὸ</span> <span class='ocrx_word' id='word_1_551' title='bbox 3040 3319 3202 3392; x_wconf 82' lang='grc' dir='ltr'>μέσον</span> <span class='ocrx_word' id='word_1_552' title='bbox 3233 3332 3508 3398; x_wconf 78' lang='grc' dir='ltr'>στοιχεῖον</span> <span class='ocrx_word' id='word_1_553' title='bbox 3541 3323 3942 3394; x_wconf 80' lang='grc' dir='ltr'>μεταποιήσαν-</span> 
     </span>
    </p>
   </div>
   <div class='ocr_carea' id='block_1_79' title="bbox 2283 3402 3940 3490">
    <p class='ocr_par' dir='ltr' id='par_1_79' title="bbox 2283 3402 3940 3490">
     <span class='ocr_line' id='line_1_79' title="bbox 2283 3402 3940 3490; baseline 0.006 -32"><span class='ocrx_word' id='word_1_554' title='bbox 2283 3402 2370 3466; x_wconf 81' lang='grc' dir='ltr'>τές</span> <span class='ocrx_word' id='word_1_555' title='bbox 2411 3424 2492 3475; x_wconf 84' lang='grc' dir='ltr'>τε,</span> <span class='ocrx_word' id='word_1_556' title='bbox 2551 3408 2639 3460; x_wconf 89' lang='grc' dir='ltr'>καὶ</span> <span class='ocrx_word' id='word_1_557' title='bbox 2720 3407 3182 3486; x_wconf 72' lang='grc' dir='ltr'>παραφθείραντες,</span> <span class='ocrx_word' id='word_1_558' title='bbox 3241 3408 3328 3462; x_wconf 87' lang='grc' dir='ltr'>καὶ</span> <span class='ocrx_word' id='word_1_559' title='bbox 3369 3407 3468 3486; x_wconf 81' lang='grc' dir='ltr'>γὰρ</span> <span class='ocrx_word' id='word_1_560' title='bbox 3497 3409 3531 3475; x_wconf 79' lang='grc' dir='ltr'>ἡ</span> <span class='ocrx_word' id='word_1_561' title='bbox 3574 3419 3666 3466; x_wconf 89' lang='grc' dir='ltr'>τοῦ</span> <span class='ocrx_word' id='word_1_562' title='bbox 3707 3431 3770 3464; x_wconf 87' lang='grc' dir='ltr'>αν</span> <span class='ocrx_word' id='word_1_563' title='bbox 3800 3414 3940 3490; x_wconf 80' lang='grc' dir='ltr'>πρὸς</span> 
     </span>
    </p>
   </div>
   <div class='ocr_carea' id='block_1_80' title="bbox 2286 3493 3940 3582">
    <p class='ocr_par' dir='ltr' id='par_1_80' title="bbox 2286 3493 3940 3582">
     <span class='ocr_line' id='line_1_80' title="bbox 2286 3493 3940 3582; baseline 0.007 -36"><span class='ocrx_word' id='word_1_564' title='bbox 2286 3493 2369 3582; x_wconf 58' lang='grc' dir='ltr'>σιξ)Δ</span> <span class='ocrx_word' id='word_1_565' title='bbox 2397 3513 2445 3582; x_wconf 88' lang='grc' dir='ltr'>ρ</span> <span class='ocrx_word' id='word_1_566' title='bbox 2500 3495 2846 3582; x_wconf 78' lang='grc' dir='ltr'>μεταποίησις</span> <span class='ocrx_word' id='word_1_567' title='bbox 2904 3495 3154 3574; x_wconf 73' lang='grc' dir='ltr'>εὐχερὴς,</span> <span class='ocrx_word' id='word_1_568' title='bbox 3213 3496 3335 3557; x_wconf 85' lang='grc' dir='ltr'>τοὺς</span> <span class='ocrx_word' id='word_1_569' title='bbox 3375 3497 3448 3570; x_wconf 58' lang='grc' dir='ltr'>μὲι</span> <span class='ocrx_word' id='word_1_570' title='bbox 3495 3495 3940 3582; x_wconf 71' lang='grc' dir='ltr'>ἐπεσκεμμένως,</span> 
     </span>
    </p>
   </div>
   <div class='ocr_carea' id='block_1_81' title="bbox 2287 3577 3943 3664">
    <p class='ocr_par' dir='ltr' id='par_1_81' title="bbox 2287 3577 3943 3664">
     <span class='ocr_line' id='line_1_81' title="bbox 2287 3577 3943 3664; baseline 0.006 -29"><span class='ocrx_word' id='word_1_571' title='bbox 2287 3577 2424 3635; x_wconf 77' lang='grc' dir='ltr'>ἀλλὰ</span> <span class='ocrx_word' id='word_1_572' title='bbox 2452 3580 2746 3660; x_wconf 70' lang='grc' dir='ltr'>παροδικιῖκ</span> <span class='ocrx_word' id='word_1_573' title='bbox 2814 3583 2907 3649; x_wconf 81' lang='grc' dir='ltr'>τὰς</span> <span class='ocrx_word' id='word_1_574' title='bbox 2963 3585 3169 3664; x_wconf 82' lang='grc' dir='ltr'>Γραφὰς</span> <span class='ocrx_word' id='word_1_575' title='bbox 3231 3582 3475 3648; x_wconf 84' lang='grc' dir='ltr'>ἐπιόντας</span> <span class='ocrx_word' id='word_1_576' title='bbox 3517 3585 3827 3662; x_wconf 65' lang='grc' dir='ltr'>ἠπάτησαν,</span> <span class='ocrx_word' id='word_1_577' title='bbox 3876 3577 3943 3648; x_wconf 80' lang='lat'>16</span> 
     </span>
    </p>
   </div>
   <div class='ocr_carea' id='block_1_82' title="bbox 2285 3669 3944 3753">
    <p class='ocr_par' dir='ltr' id='par_1_82' title="bbox 2285 3669 3944 3753">
     <span class='ocr_line' id='line_1_82' title="bbox 2285 3669 3944 3753; baseline 0.007 -29"><span class='ocrx_word' id='word_1_578' title='bbox 2285 3675 2376 3724; x_wconf 91' lang='grc' dir='ltr'>τοῦ</span> <span class='ocrx_word' id='word_1_579' title='bbox 2426 3671 2726 3746; x_wconf 76' lang='grc' dir='ltr'>Πνεῦματος</span> <span class='ocrx_word' id='word_1_580' title='bbox 2785 3669 2927 3727; x_wconf 77' lang='grc' dir='ltr'>ἴδιον</span> <span class='ocrx_word' id='word_1_581' title='bbox 2983 3678 3060 3747; x_wconf 82' lang='grc' dir='ltr'>τῷ</span> <span class='ocrx_word' id='word_1_582' title='bbox 3110 3673 3271 3752; x_wconf 83' lang='grc' dir='ltr'>Πατρὶ</span> <span class='ocrx_word' id='word_1_583' title='bbox 3313 3674 3798 3753; x_wconf 86' lang='grc' dir='ltr'>προσαρμόσαντες.</span> <span class='ocrx_word' id='word_1_584' title='bbox 3837 3683 3944 3738; x_wconf 83' lang='grc' dir='ltr'>Καὶ</span> 
     </span>
    </p>
   </div>
   <div class='ocr_carea' id='block_1_83' title="bbox 2287 3755 3944 3847">
    <p class='ocr_par' dir='ltr' id='par_1_83' title="bbox 2287 3755 3944 3847">
     <span class='ocr_line' id='line_1_83' title="bbox 2287 3755 3944 3847; baseline 0.006 -33"><span class='ocrx_word' id='word_1_585' title='bbox 2287 3755 2377 3847; x_wconf 72' lang='grc' dir='ltr'>ἵνα</span> <span class='ocrx_word' id='word_1_586' title='bbox 2419 3760 2447 3813; x_wconf 87' lang='lat'>6</span> <span class='ocrx_word' id='word_1_587' title='bbox 2498 3758 2593 3826; x_wconf 77' lang='grc' dir='ltr'>τῆς</span> <span class='ocrx_word' id='word_1_588' title='bbox 2633 3763 2967 3840; x_wconf 75' lang='grc' dir='ltr'>παραφθορᾶς</span> <span class='ocrx_word' id='word_1_589' title='bbox 3009 3759 3235 3840; x_wconf 72' lang='grc' dir='ltr'>ἔλεγχος</span> <span class='ocrx_word' id='word_1_590' title='bbox 3294 3759 3664 3842; x_wconf 77' lang='grc' dir='ltr'>διασαφηθείη,</span> <span class='ocrx_word' id='word_1_591' title='bbox 3698 3767 3726 3820; x_wconf 84' lang='lat'><strong>6</strong></span> <span class='ocrx_word' id='word_1_592' title='bbox 3773 3763 3944 3847; x_wconf 89' lang='grc' dir='ltr'>λόγος</span> 
     </span>
    </p>
   </div>
   <div class='ocr_carea' id='block_1_84' title="bbox 2285 3846 3945 3930">
    <p class='ocr_par' dir='ltr' id='par_1_84' title="bbox 2285 3846 3945 3930">
     <span class='ocr_line' id='line_1_84' title="bbox 2285 3846 3945 3930; baseline 0.005 -26"><span class='ocrx_word' id='word_1_593' title='bbox 2285 3846 2422 3904; x_wconf 70' lang='grc' dir='ltr'>οὕτω</span> <span class='ocrx_word' id='word_1_594' title='bbox 2487 3849 2797 3928; x_wconf 80' lang='grc' dir='ltr'>προαγέσθω</span> <span class='ocrx_word' id='word_1_595' title='bbox 2850 3852 3011 3927; x_wconf 70' lang='grc' dir='ltr'>ἡμῖν,</span> <span class='ocrx_word' id='word_1_596' title='bbox 3067 3853 3140 3912; x_wconf 83' lang='grc' dir='ltr'>ὡς</span> <span class='ocrx_word' id='word_1_597' title='bbox 3211 3852 3351 3907; x_wconf 80' lang='grc' dir='ltr'>οὗτοι</span> <span class='ocrx_word' id='word_1_598' title='bbox 3423 3874 3602 3930; x_wconf 87' lang='grc' dir='ltr'>φασιν.</span> <span class='ocrx_word' id='word_1_599' title='bbox 3682 3883 3704 3914; x_wconf 78' lang='grc' dir='ltr'>ι</span> <span class='ocrx_word' id='word_1_600' title='bbox 3736 3846 3945 3915; x_wconf 80' lang='grc' dir='ltr'>Τούτου</span> 
     </span>
    </p>
   </div>
   <div class='ocr_carea' id='block_1_85' title="bbox 2283 3937 3944 4021">
    <p class='ocr_par' dir='ltr' id='par_1_85' title="bbox 2283 3937 3944 4021">
     <span class='ocr_line' id='line_1_85' title="bbox 2283 3937 3944 4021; baseline 0.008 -31"><span class='ocrx_word' id='word_1_601' title='bbox 2283 3937 2441 4015; x_wconf 77' lang='grc' dir='ltr'>χάριν</span> <span class='ocrx_word' id='word_1_602' title='bbox 2471 3943 2681 4012; x_wconf 81' lang='grc' dir='ltr'>Πνεῦμα</span> <span class='ocrx_word' id='word_1_603' title='bbox 2731 3939 3017 4014; x_wconf 88' lang='grc' dir='ltr'>στόματος,</span> <span class='ocrx_word' id='word_1_604' title='bbox 3049 3938 3169 3996; x_wconf 81' lang='grc' dir='ltr'>ἀλλ’</span> <span class='ocrx_word' id='word_1_605' title='bbox 3201 3941 3321 4019; x_wconf 77' lang='grc' dir='ltr'>οὐχὶ</span> <span class='ocrx_word' id='word_1_606' title='bbox 3351 3943 3439 3995; x_wconf 89' lang='grc' dir='ltr'>καὶ</span> <span class='ocrx_word' id='word_1_607' title='bbox 3517 3939 3675 4020; x_wconf 86' lang='grc' dir='ltr'>λόγον</span> <span class='ocrx_word' id='word_1_608' title='bbox 3723 3945 3944 4021; x_wconf 82' lang='grc' dir='ltr'>στόμα-</span> 
     </span>
    </p>
   </div>
   <div class='ocr_carea' id='block_1_86' title="bbox 2287 4025 3947 4110">
    <p class='ocr_par' dir='ltr' id='par_1_86' title="bbox 2287 4025 3947 4110">
     <span class='ocr_line' id='line_1_86' title="bbox 2287 4025 3947 4110; baseline 0.007 -28"><span class='ocrx_word' id='word_1_609' title='bbox 2287 4048 2376 4088; x_wconf 85' lang='grc' dir='ltr'>τος</span> <span class='ocrx_word' id='word_1_610' title='bbox 2406 4025 2619 4105; x_wconf 69' lang='grc' dir='ltr'>εἴρηκεν</span> <span class='ocrx_word' id='word_1_611' title='bbox 2677 4031 2705 4085; x_wconf 90' lang='lat'>6</span> <span class='ocrx_word' id='word_1_612' title='bbox 2756 4027 2943 4104; x_wconf 72' lang='grc' dir='ltr'>Δαυ³ιδ,</span> <span class='ocrx_word' id='word_1_613' title='bbox 2990 4029 3083 4086; x_wconf 73' lang='grc' dir='ltr'>ἵνα</span> <span class='ocrx_word' id='word_1_614' title='bbox 3125 4030 3223 4097; x_wconf 77' lang='grc' dir='ltr'>τὴν</span> <span class='ocrx_word' id='word_1_615' title='bbox 3267 4029 3643 4110; x_wconf 83' lang='grc' dir='ltr'>ἐκπορευτικὴν</span> <span class='ocrx_word' id='word_1_616' title='bbox 3697 4031 3947 4104; x_wconf 77' lang='grc' dir='ltr'>ἰδιότητα</span> 
     </span>
    </p>
   </div>
   <div class='ocr_carea' id='block_1_87' title="bbox 2286 4113 3946 4197">
    <p class='ocr_par' dir='ltr' id='par_1_87' title="bbox 2286 4113 3946 4197">
     <span class='ocr_line' id='line_1_87' title="bbox 2286 4113 3946 4197; baseline 0.008 -26"><span class='ocrx_word' id='word_1_617' title='bbox 2286 4123 2363 4189; x_wconf 79' lang='grc' dir='ltr'>τῷ</span> <span class='ocrx_word' id='word_1_618' title='bbox 2422 4119 2582 4194; x_wconf 85' lang='grc' dir='ltr'>Πατρὶ</span> <span class='ocrx_word' id='word_1_619' title='bbox 2650 4119 2797 4193; x_wconf 84' lang='grc' dir='ltr'>μὸνῳ</span> <span class='ocrx_word' id='word_1_620' title='bbox 2871 4126 3164 4197; x_wconf 88' lang='grc' dir='ltr'>προσοῦσαν</span> <span class='ocrx_word' id='word_1_621' title='bbox 3237 4121 3594 4188; x_wconf 85' lang='grc' dir='ltr'>πιστώσηται.</span> <span class='ocrx_word' id='word_1_622' title='bbox 3657 4141 3681 4172; x_wconf 77' lang='grc' dir='ltr'>ι’</span> <span class='ocrx_word' id='word_1_623' title='bbox 3741 4113 3946 4185; x_wconf 68' lang='grc' dir='ltr'>ιἘστιιο</span> 
     </span>
    </p>
   </div>
   <div class='ocr_carea' id='block_1_88' title="bbox 2286 4205 3944 4293">
    <p class='ocr_par' dir='ltr' id='par_1_88' title="bbox 2286 4205 3944 4293">
     <span class='ocr_line' id='line_1_88' title="bbox 2286 4205 3944 4293; baseline 0.008 -34"><span class='ocrx_word' id='word_1_624' title='bbox 2286 4212 2410 4293; x_wconf 85' lang='grc' dir='ltr'>γοῦν</span> <span class='ocrx_word' id='word_1_625' title='bbox 2455 4207 2623 4262; x_wconf 74' lang='grc' dir='ltr'>εἰπεῖν</span> <span class='ocrx_word' id='word_1_626' title='bbox 2666 4208 2758 4261; x_wconf 85' lang='grc' dir='ltr'>τὸν</span> <span class='ocrx_word' id='word_1_627' title='bbox 2791 4205 2958 4263; x_wconf 64' lang='grc' dir='ltr'>Δαυῗδ</span> <span class='ocrx_word' id='word_1_628' title='bbox 2985 4209 3073 4264; x_wconf 85' lang='grc' dir='ltr'>καὶ</span> <span class='ocrx_word' id='word_1_629' title='bbox 3129 4209 3221 4264; x_wconf 81' lang='grc' dir='ltr'>τὸν</span> <span class='ocrx_word' id='word_1_630' title='bbox 3254 4209 3426 4286; x_wconf 86' lang='grc' dir='ltr'>Λόγον</span> <span class='ocrx_word' id='word_1_631' title='bbox 3459 4211 3720 4284; x_wconf 89' lang='grc' dir='ltr'>στόματος</span> <span class='ocrx_word' id='word_1_632' title='bbox 3772 4209 3944 4293; x_wconf 90' lang='grc' dir='ltr'>λόγον</span> 
     </span>
    </p>
   </div>
   <div class='ocr_carea' id='block_1_89' title="bbox 2284 4291 3942 4378">
    <p class='ocr_par' dir='ltr' id='par_1_89' title="bbox 2284 4291 3942 4378">
     <span class='ocr_line' id='line_1_89' title="bbox 2284 4291 3942 4378; baseline 0.005 -30"><span class='ocrx_word' id='word_1_633' title='bbox 2284 4291 2463 4370; x_wconf 80' lang='grc' dir='ltr'>ὤσπερ</span> <span class='ocrx_word' id='word_1_634' title='bbox 2493 4296 2580 4350; x_wconf 77' lang='grc' dir='ltr'>οῦν</span> <span class='ocrx_word' id='word_1_635' title='bbox 2607 4296 2696 4351; x_wconf 84' lang='grc' dir='ltr'>καὶ</span> <span class='ocrx_word' id='word_1_636' title='bbox 2765 4296 2824 4350; x_wconf 85' lang='grc' dir='ltr'>τὸ</span> <span class='ocrx_word' id='word_1_637' title='bbox 2856 4302 3067 4372; x_wconf 84' lang='grc' dir='ltr'>Πνεῦμα</span> <span class='ocrx_word' id='word_1_638' title='bbox 3118 4296 3381 4371; x_wconf 87' lang='grc' dir='ltr'>στόματος</span> <span class='ocrx_word' id='word_1_639' title='bbox 3433 4295 3618 4378; x_wconf 77' lang='grc' dir='ltr'>εἴρηκε</span> <span class='ocrx_word' id='word_1_640' title='bbox 3674 4291 3890 4377; x_wconf 76' lang='grc' dir='ltr'>πνεῦμα</span> <span class='ocrx_word' id='word_1_641' title='bbox 3927 4325 3942 4337; x_wconf 72' lang='grc' dir='ltr'>ο</span> 
     </span>
    </p>
   </div>
   <div class='ocr_carea' id='block_1_90' title="bbox 2283 4380 3948 4467">
    <p class='ocr_par' dir='ltr' id='par_1_90' title="bbox 2283 4380 3948 4467">
     <span class='ocr_line' id='line_1_90' title="bbox 2283 4380 3948 4467; baseline 0.008 -31"><span class='ocrx_word' id='word_1_642' title='bbox 2283 4380 2364 4458; x_wconf 82' lang='grc' dir='ltr'>ἆρ’</span> <span class='ocrx_word' id='word_1_643' title='bbox 2434 4381 2624 4457; x_wconf 77' lang='grc' dir='ltr'>ἔμελλε</span> <span class='ocrx_word' id='word_1_644' title='bbox 2693 4381 2777 4439; x_wconf 78' lang='grc' dir='ltr'>διὰ</span> <span class='ocrx_word' id='word_1_645' title='bbox 2854 4392 3006 4440; x_wconf 87' lang='grc' dir='ltr'>τοῦτο</span> <span class='ocrx_word' id='word_1_646' title='bbox 3065 4385 3164 4452; x_wconf 77' lang='grc' dir='ltr'>τὴν</span> <span class='ocrx_word' id='word_1_647' title='bbox 3235 4387 3488 4453; x_wconf 78' lang='grc' dir='ltr'>τοιαύτην</span> <span class='ocrx_word' id='word_1_648' title='bbox 3558 4387 3948 4467; x_wconf 77' lang='grc' dir='ltr'>ἔκπορευτικὴν</span> 
     </span>
    </p>
   </div>
   <div class='ocr_carea' id='block_1_91' title="bbox 2281 4468 3947 4555">
    <p class='ocr_par' dir='ltr' id='par_1_91' title="bbox 2281 4468 3947 4555">
     <span class='ocr_line' id='line_1_91' title="bbox 2281 4468 3947 4555; baseline 0.008 -30"><span class='ocrx_word' id='word_1_649' title='bbox 2281 4468 2520 4538; x_wconf 80' lang='grc' dir='ltr'>ἰδιότητα</span> <span class='ocrx_word' id='word_1_650' title='bbox 2574 4473 2661 4528; x_wconf 88' lang='grc' dir='ltr'>καὶ</span> <span class='ocrx_word' id='word_1_651' title='bbox 2717 4494 2817 4527; x_wconf 88' lang='grc' dir='ltr'>τινι</span> <span class='ocrx_word' id='word_1_652' title='bbox 2885 4475 3020 4547; x_wconf 80' lang='grc' dir='ltr'>μετὰ</span> <span class='ocrx_word' id='word_1_653' title='bbox 3069 4477 3161 4530; x_wconf 81' lang='grc' dir='ltr'>τοῦ</span> <span class='ocrx_word' id='word_1_654' title='bbox 3213 4477 3417 4553; x_wconf 85' lang='grc' dir='ltr'>Πατρὸς</span> <span class='ocrx_word' id='word_1_655' title='bbox 3464 4475 3626 4555; x_wconf 83' lang='grc' dir='ltr'>ἑτέρῳ</span> <span class='ocrx_word' id='word_1_656' title='bbox 3669 4481 3947 4537; x_wconf 88' lang='grc' dir='ltr'>κοινὼσα-</span> 
     </span>
    </p>
   </div>
   <div class='ocr_carea' id='block_1_92' title="bbox 553 4560 2195 4646">
    <p class='ocr_par' dir='ltr' id='par_1_92' title="bbox 553 4562 2186 4644">
     <span class='ocr_line' id='line_1_92' title="bbox 553 4562 2186 4644; baseline -0.005 -16"><span class='ocrx_word' id='word_1_657' title='bbox 553 4563 838 4641; x_wconf 84' lang='lat' dir='ltr'>Verbum,</span> <span class='ocrx_word' id='word_1_658' title='bbox 864 4565 952 4626; x_wconf 91' lang='lat' dir='ltr'>uti</span> <span class='ocrx_word' id='word_1_659' title='bbox 1007 4572 1064 4626; x_wconf 94' lang='lat' dir='ltr'>et</span> <span class='ocrx_word' id='word_1_660' title='bbox 1112 4562 1396 4644; x_wconf 87' lang='lat' dir='ltr'>Spiritum</span> <span class='ocrx_word' id='word_1_661' title='bbox 1448 4563 1572 4623; x_wconf 90' lang='lat' dir='ltr'>oris</span> <span class='ocrx_word' id='word_1_662' title='bbox 1623 4562 1851 4623; x_wconf 84' lang='lat' dir='ltr'>dixerat</span> <span class='ocrx_word' id='word_1_663' title='bbox 1879 4562 2186 4641; x_wconf 89' lang='lat' dir='ltr'>Spiritum,</span> 
     </span>
    </p>
   </div>
   <div class='ocr_carea' id='block_1_93' title="bbox 2280 4560 3952 4646">
    <p class='ocr_par' dir='ltr' id='par_1_93' title="bbox 2280 4560 3952 4646">
     <span class='ocr_line' id='line_1_93' title="bbox 2280 4560 3952 4646; baseline 0.007 -32"><span class='ocrx_word' id='word_1_664' title='bbox 2280 4563 2390 4646; x_wconf 73' lang='grc' dir='ltr'>σθαι</span> <span class='ocrx_word' id='word_1_665' title='bbox 2425 4579 2440 4638; x_wconf 85' lang='grc'><strong>;</strong></span> <span class='ocrx_word' id='word_1_666' title='bbox 2503 4560 2604 4646; x_wconf 15' lang='lat' dir='ltr'>Kal,</span> <span class='ocrx_word' id='word_1_667' title='bbox 2656 4561 2809 4616; x_wconf 77' lang='grc' dir='ltr'>ποίαν</span> <span class='ocrx_word' id='word_1_668' title='bbox 2868 4561 2985 4641; x_wconf 73' lang='grc' dir='ltr'>ἔχει</span> <span class='ocrx_word' id='word_1_669' title='bbox 3043 4563 3143 4629; x_wconf 78' lang='grc' dir='ltr'>τὴν</span> <span class='ocrx_word' id='word_1_670' title='bbox 3186 4563 3425 4640; x_wconf 77' lang='grc' dir='ltr'>ἀνὰγκην</span> <span class='ocrx_word' id='word_1_671' title='bbox 3469 4566 3496 4620; x_wconf 91' lang='lat'>6</span> <span class='ocrx_word' id='word_1_672' title='bbox 3539 4563 3698 4642; x_wconf 84' lang='grc' dir='ltr'>λόγος</span> <span class='ocrx_word' id='word_1_673' title='bbox 3733 4585 3748 4646; x_wconf 83' lang='grc'><strong>;</strong></span> <span class='ocrx_word' id='word_1_674' title='bbox 3783 4565 3952 4627; x_wconf 81' lang='grc' dir='ltr'>Ἀλλ’</span> 
     </span>
    </p>
   </div>
   <div class='ocr_carea' id='block_1_94' title="bbox 555 4652 2200 4735">
    <p class='ocr_par' dir='ltr' id='par_1_94' title="bbox 555 4652 2200 4735">
     <span class='ocr_line' id='line_1_94' title="bbox 555 4652 2200 4735; baseline -0.001 -20"><span class='ocrx_word' id='word_1_675' title='bbox 555 4672 796 4734; x_wconf 90' lang='lat' dir='ltr'>prorsus</span> <span class='ocrx_word' id='word_1_676' title='bbox 855 4653 1253 4735; x_wconf 90' lang='lat' dir='ltr'>processionis</span> <span class='ocrx_word' id='word_1_677' title='bbox 1311 4652 1730 4732; x_wconf 88' lang='lat' dir='ltr'>proprietatem</span> <span class='ocrx_word' id='word_1_678' title='bbox 1792 4659 1848 4712; x_wconf 94' lang='lat' dir='ltr'>et</span> <span class='ocrx_word' id='word_1_679' title='bbox 1897 4652 2092 4714; x_wconf 84' lang='lat' dir='ltr'>Verbo</span> <span class='ocrx_word' id='word_1_680' title='bbox 2143 4663 2200 4714; x_wconf 91' lang='lat' dir='ltr'>et</span> 
     </span>
    </p>
   </div>
   <div class='ocr_carea' id='block_1_95' title="bbox 556 4739 2200 4823">
    <p class='ocr_par' dir='ltr' id='par_1_95' title="bbox 556 4739 2200 4823">
     <span class='ocr_line' id='line_1_95' title="bbox 556 4739 2200 4823; baseline -0.002 -18"><span class='ocrx_word' id='word_1_681' title='bbox 556 4742 800 4823; x_wconf 84' lang='lat' dir='ltr'>Spiritui</span> <span class='ocrx_word' id='word_1_682' title='bbox 855 4759 1230 4803; x_wconf 90' lang='lat' dir='ltr'>communem</span> <span class='ocrx_word' id='word_1_683' title='bbox 1287 4739 1547 4801; x_wconf 84' lang='lat' dir='ltr'>fecisset.</span> <span class='ocrx_word' id='word_1_684' title='bbox 1598 4739 1741 4802; x_wconf 88' lang='lat' dir='ltr'>Cum</span> <span class='ocrx_word' id='word_1_685' title='bbox 1803 4740 1960 4801; x_wconf 92' lang='lat' dir='ltr'>enim</span> <span class='ocrx_word' id='word_1_686' title='bbox 2021 4741 2200 4802; x_wconf 90' lang='lat' dir='ltr'>verba</span> 
     </span>
    </p>
   </div>
   <div class='ocr_carea' id='block_1_96' title="bbox 556 4827 2196 4912">
    <p class='ocr_par' dir='ltr' id='par_1_96' title="bbox 556 4827 2196 4912">
     <span class='ocr_line' id='line_1_96' title="bbox 556 4827 2196 4912; baseline -0.001 -21"><span class='ocrx_word' id='word_1_687' title='bbox 556 4830 676 4892; x_wconf 91' lang='lat' dir='ltr'>oris</span> <span class='ocrx_word' id='word_1_688' title='bbox 705 4831 1088 4912; x_wconf 89' lang='lat' dir='ltr'>procedentia</span> <span class='ocrx_word' id='word_1_689' title='bbox 1133 4829 1427 4902; x_wconf 89' lang='lat' dir='ltr'>dicantur,</span> <span class='ocrx_word' id='word_1_690' title='bbox 1482 4853 1508 4883; x_wconf 78' lang='grc' dir='ltr'>α</span> <span class='ocrx_word' id='word_1_691' title='bbox 1543 4827 1684 4900; x_wconf 82' lang='lat' dir='ltr'>Quae</span> <span class='ocrx_word' id='word_1_692' title='bbox 1713 4829 2064 4910; x_wconf 87' lang='lat' dir='ltr'>procedunt,</span> <span class='ocrx_word' id='word_1_693' title='bbox 2099 4831 2196 4890; x_wconf 86' lang='lat' dir='ltr'>in-</span> 
     </span>
    </p>
   </div>
   <div class='ocr_carea' id='block_1_97' title="bbox 557 4916 2196 4999">
    <p class='ocr_par' dir='ltr' id='par_1_97' title="bbox 557 4916 2196 4999">
     <span class='ocr_line' id='line_1_97' title="bbox 557 4916 2196 4999; baseline 0.001 -19"><span class='ocrx_word' id='word_1_694' title='bbox 557 4918 704 4999; x_wconf 88' lang='lat' dir='ltr'>quit,</span> <span class='ocrx_word' id='word_1_695' title='bbox 768 4919 842 4980; x_wconf 91' lang='lat' dir='ltr'>de</span> <span class='ocrx_word' id='word_1_696' title='bbox 898 4918 1071 4980; x_wconf 88' lang='lat' dir='ltr'>labiis</span> <span class='ocrx_word' id='word_1_697' title='bbox 1129 4917 1302 4991; x_wconf 91' lang='lat' dir='ltr'>meis,</span> <span class='ocrx_word' id='word_1_698' title='bbox 1361 4935 1478 4977; x_wconf 90' lang='lat' dir='ltr'>non</span> <span class='ocrx_word' id='word_1_699' title='bbox 1532 4916 1698 4978; x_wconf 88' lang='lat' dir='ltr'>irrita</span> <span class='ocrx_word' id='word_1_700' title='bbox 1726 4917 1936 4977; x_wconf 83' lang='lat' dir='ltr'>laciam</span> <span class='ocrx_word' id='word_1_701' title='bbox 1971 4919 2052 4993; x_wconf 65' lang='lat'>95,</span> <span class='ocrx_word' id='word_1_702' title='bbox 2087 4945 2112 4975; x_wconf 81' lang='lat'><strong>»</strong></span> <span class='ocrx_word' id='word_1_703' title='bbox 2149 4921 2196 4981; x_wconf 92' lang='lat' dir='ltr'>si</span> 
     </span>
    </p>
   </div>
   <div class='ocr_carea' id='block_1_98' title="bbox 558 5003 2198 5086">
    <p class='ocr_par' dir='ltr' id='par_1_98' title="bbox 558 5003 2198 5086">
     <span class='ocr_line' id='line_1_98' title="bbox 558 5003 2198 5086; baseline 0 -17"><span class='ocrx_word' id='word_1_704' title='bbox 558 5005 841 5086; x_wconf 90' lang='lat' dir='ltr'>Spiritum</span> <span class='ocrx_word' id='word_1_705' title='bbox 901 5007 1023 5070; x_wconf 90' lang='lat' dir='ltr'>oris</span> <span class='ocrx_word' id='word_1_706' title='bbox 1071 5006 1371 5086; x_wconf 90' lang='lat' dir='ltr'>spiritum,</span> <span class='ocrx_word' id='word_1_707' title='bbox 1405 5014 1463 5066; x_wconf 93' lang='lat' dir='ltr'>et</span> <span class='ocrx_word' id='word_1_708' title='bbox 1492 5003 1754 5066; x_wconf 86' lang='lat' dir='ltr'>Verbum</span> <span class='ocrx_word' id='word_1_709' title='bbox 1788 5007 1909 5067; x_wconf 90' lang='lat' dir='ltr'>oris</span> <span class='ocrx_word' id='word_1_710' title='bbox 1938 5008 2198 5069; x_wconf 89' lang='lat' dir='ltr'>Verbum</span> 
     </span>
    </p>
   </div>
   <div class='ocr_carea' id='block_1_99' title="bbox 555 5093 2200 5174">
    <p class='ocr_par' dir='ltr' id='par_1_99' title="bbox 555 5093 2200 5174">
     <span class='ocr_line' id='line_1_99' title="bbox 555 5093 2200 5174; baseline 0.001 -17"><span class='ocrx_word' id='word_1_711' title='bbox 555 5093 739 5157; x_wconf 90' lang='lat' dir='ltr'>David</span> <span class='ocrx_word' id='word_1_712' title='bbox 797 5094 1060 5170; x_wconf 81' lang='lat' dir='ltr'>dixisset,</span> <span class='ocrx_word' id='word_1_713' title='bbox 1123 5093 1458 5156; x_wconf 89' lang='lat' dir='ltr'>necessario</span> <span class='ocrx_word' id='word_1_714' title='bbox 1509 5112 1754 5174; x_wconf 89' lang='lat' dir='ltr'>prorsus</span> <span class='ocrx_word' id='word_1_715' title='bbox 1803 5096 2200 5174; x_wconf 86' lang='lat' dir='ltr'>processionis</span> 
     </span>
    </p>
   </div>
   <div class='ocr_carea' id='block_1_100' title="bbox 556 5181 2201 5269">
    <p class='ocr_par' dir='ltr' id='par_1_100' title="bbox 556 5181 2201 5269">
     <span class='ocr_line' id='line_1_100' title="bbox 556 5181 2201 5269; baseline 0.002 -26"><span class='ocrx_word' id='word_1_716' title='bbox 556 5181 886 5263; x_wconf 89' lang='lat' dir='ltr'>proprietas</span> <span class='ocrx_word' id='word_1_717' title='bbox 937 5185 1196 5263; x_wconf 90' lang='lat' dir='ltr'>utrisque</span> <span class='ocrx_word' id='word_1_718' title='bbox 1251 5183 1807 5269; x_wconf 82' lang='lat' dir='ltr'>communicaretur.</span> <span class='ocrx_word' id='word_1_719' title='bbox 1870 5183 1995 5244; x_wconf 89' lang='lat' dir='ltr'>Hoc</span> <span class='ocrx_word' id='word_1_720' title='bbox 2025 5185 2201 5264; x_wconf 83' lang='lat' dir='ltr'>igitur</span> 
     </span>
    </p>
   </div>
   <div class='ocr_carea' id='block_1_101' title="bbox 555 5270 2201 5352">
    <p class='ocr_par' dir='ltr' id='par_1_101' title="bbox 555 5270 2201 5352">
     <span class='ocr_line' id='line_1_101' title="bbox 555 5270 2201 5352; baseline 0.002 -20"><span class='ocrx_word' id='word_1_721' title='bbox 555 5281 800 5332; x_wconf 88' lang='lat' dir='ltr'>sanctus</span> <span class='ocrx_word' id='word_1_722' title='bbox 828 5270 1165 5351; x_wconf 89' lang='lat' dir='ltr'>destruens,</span> <span class='ocrx_word' id='word_1_723' title='bbox 1226 5283 1291 5332; x_wconf 89' lang='lat' dir='ltr'>ut</span> <span class='ocrx_word' id='word_1_724' title='bbox 1338 5272 1772 5332; x_wconf 89' lang='lat' dir='ltr'>demonstraret</span> <span class='ocrx_word' id='word_1_725' title='bbox 1803 5274 2201 5352; x_wconf 89' lang='lat' dir='ltr'>processionis</span> 
     </span>
    </p>
   </div>
   <div class='ocr_carea' id='block_1_102' title="bbox 555 5357 2196 5440">
    <p class='ocr_par' dir='ltr' id='par_1_102' title="bbox 555 5357 2196 5440">
     <span class='ocr_line' id='line_1_102' title="bbox 555 5357 2196 5440; baseline 0.003 -21"><span class='ocrx_word' id='word_1_726' title='bbox 555 5358 970 5438; x_wconf 88' lang='lat' dir='ltr'>proprietatem</span> <span class='ocrx_word' id='word_1_727' title='bbox 1009 5361 1414 5420; x_wconf 89' lang='lat' dir='ltr'>tantummodo</span> <span class='ocrx_word' id='word_1_728' title='bbox 1445 5362 1643 5421; x_wconf 91' lang='lat' dir='ltr'>inesse</span> <span class='ocrx_word' id='word_1_729' title='bbox 1675 5357 2196 5440; x_wconf 78' lang='lat' dir='ltr'>Spiritui,assum-</span> 
     </span>
    </p>
   </div>
   <div class='ocr_carea' id='block_1_103' title="bbox 553 5446 2190 5528">
    <p class='ocr_par' dir='ltr' id='par_1_103' title="bbox 553 5446 2190 5528">
     <span class='ocr_line' id='line_1_103' title="bbox 553 5446 2190 5528; baseline 0.007 -21"><span class='ocrx_word' id='word_1_730' title='bbox 553 5450 818 5528; x_wconf 91' lang='lat' dir='ltr'>psit,non</span> <span class='ocrx_word' id='word_1_731' title='bbox 844 5446 1064 5508; x_wconf 83' lang='lat' dir='ltr'>dixisse</span> <span class='ocrx_word' id='word_1_732' title='bbox 1084 5447 1364 5509; x_wconf 90' lang='lat' dir='ltr'>Davidem</span> <span class='ocrx_word' id='word_1_733' title='bbox 1391 5462 1447 5508; x_wconf 90' lang='lat' dir='ltr'>et</span> <span class='ocrx_word' id='word_1_734' title='bbox 1475 5447 1735 5509; x_wconf 84' lang='lat' dir='ltr'>Verbum</span> <span class='ocrx_word' id='word_1_735' title='bbox 1771 5451 1893 5510; x_wconf 93' lang='lat' dir='ltr'>oris</span> <span class='ocrx_word' id='word_1_736' title='bbox 1922 5451 2190 5518; x_wconf 91' lang='lat' dir='ltr'>vorbum.</span> 
     </span>
    </p>
   </div>
   <div class='ocr_carea' id='block_1_104' title="bbox 2282 4645 3952 4734">
    <p class='ocr_par' dir='ltr' id='par_1_104' title="bbox 2282 4645 3952 4734">
     <span class='ocr_line' id='line_1_104' title="bbox 2282 4645 3952 4734; baseline 0.007 -34"><span class='ocrx_word' id='word_1_737' title='bbox 2282 4645 2370 4702; x_wconf 77' lang='grc' dir='ltr'>ἐὰν</span> <span class='ocrx_word' id='word_1_738' title='bbox 2402 4647 2526 4702; x_wconf 78' lang='grc' dir='ltr'>εἶπε</span> <span class='ocrx_word' id='word_1_739' title='bbox 2596 4645 2755 4726; x_wconf 87' lang='grc' dir='ltr'>λόγον</span> <span class='ocrx_word' id='word_1_740' title='bbox 2798 4649 3059 4724; x_wconf 82' lang='grc' dir='ltr'>στόματος</span> <span class='ocrx_word' id='word_1_741' title='bbox 3103 4649 3243 4707; x_wconf 80' lang='grc' dir='ltr'>εἶναι</span> <span class='ocrx_word' id='word_1_742' title='bbox 3285 4652 3379 4706; x_wconf 78' lang='grc' dir='ltr'>τὸν</span> <span class='ocrx_word' id='word_1_743' title='bbox 3421 4651 3617 4734; x_wconf 71' lang='grc' dir='ltr'>Λόγον,</span> <span class='ocrx_word' id='word_1_744' title='bbox 3648 4645 3827 4734; x_wconf 84' lang='grc' dir='ltr'>ὥσπερ</span> <span class='ocrx_word' id='word_1_745' title='bbox 3854 4660 3952 4714; x_wconf 77' lang='grc' dir='ltr'>οὖν</span> 
     </span>
    </p>
   </div>
   <div class='ocr_carea' id='block_1_105' title="bbox 2280 4737 3951 4817">
    <p class='ocr_par' dir='ltr' id='par_1_105' title="bbox 2280 4737 3951 4817">
     <span class='ocr_line' id='line_1_105' title="bbox 2280 4737 3951 4817; baseline 0.007 -28"><span class='ocrx_word' id='word_1_746' title='bbox 2280 4737 2368 4790; x_wconf 84' lang='grc' dir='ltr'>καὶ</span> <span class='ocrx_word' id='word_1_747' title='bbox 2439 4738 2649 4812; x_wconf 87' lang='grc' dir='ltr'>Πνεῦμα</span> <span class='ocrx_word' id='word_1_748' title='bbox 2705 4738 2972 4812; x_wconf 86' lang='grc' dir='ltr'>στόματος</span> <span class='ocrx_word' id='word_1_749' title='bbox 3021 4739 3146 4796; x_wconf 78' lang='grc' dir='ltr'>εἶπε</span> <span class='ocrx_word' id='word_1_750' title='bbox 3196 4740 3256 4796; x_wconf 84' lang='lat'>16</span> <span class='ocrx_word' id='word_1_751' title='bbox 3317 4747 3550 4817; x_wconf 81' lang='grc' dir='ltr'>Πνεῦμα,</span> <span class='ocrx_word' id='word_1_752' title='bbox 3597 4743 3808 4809; x_wconf 81' lang='grc' dir='ltr'>πάντως</span> <span class='ocrx_word' id='word_1_753' title='bbox 3841 4746 3951 4814; x_wconf 68' lang='grc' dir='ltr'>τήν</span> 
     </span>
    </p>
   </div>
   <div class='ocr_carea' id='block_1_106' title="bbox 2280 4823 3954 4906">
    <p class='ocr_par' dir='ltr' id='par_1_106' title="bbox 2280 4823 3954 4906">
     <span class='ocr_line' id='line_1_106' title="bbox 2280 4823 3954 4906; baseline 0.008 -28"><span class='ocrx_word' id='word_1_754' title='bbox 2280 4823 2659 4902; x_wconf 67' lang='grc' dir='ltr'>ἐκπορευτικὴν</span> <span class='ocrx_word' id='word_1_755' title='bbox 2715 4823 2979 4902; x_wconf 77' lang='grc' dir='ltr'>ἱδιόττ,τα,</span> <span class='ocrx_word' id='word_1_756' title='bbox 3039 4830 3129 4885; x_wconf 88' lang='grc' dir='ltr'>καὶ</span> <span class='ocrx_word' id='word_1_757' title='bbox 3204 4835 3281 4903; x_wconf 87' lang='grc' dir='ltr'>τῷ</span> <span class='ocrx_word' id='word_1_758' title='bbox 3324 4827 3469 4906; x_wconf 85' lang='grc' dir='ltr'>λόγῳ</span> <span class='ocrx_word' id='word_1_759' title='bbox 3512 4831 3598 4886; x_wconf 81' lang='grc' dir='ltr'>καὶ</span> <span class='ocrx_word' id='word_1_760' title='bbox 3644 4839 3722 4906; x_wconf 85' lang='grc' dir='ltr'>τῷ</span> <span class='ocrx_word' id='word_1_761' title='bbox 3777 4836 3954 4891; x_wconf 73' lang='grc' dir='ltr'>Πνεῦ-</span> 
     </span>
    </p>
   </div>
   <div class='ocr_carea' id='block_1_107' title="bbox 2283 4914 3948 4995">
    <p class='ocr_par' dir='ltr' id='par_1_107' title="bbox 2283 4914 3948 4995">
     <span class='ocr_line' id='line_1_107' title="bbox 2283 4914 3948 4995; baseline 0.008 -27"><span class='ocrx_word' id='word_1_762' title='bbox 2283 4936 2409 4989; x_wconf 90' lang='grc' dir='ltr'>ματι</span> <span class='ocrx_word' id='word_1_763' title='bbox 2451 4914 2797 4970; x_wconf 83' lang='grc' dir='ltr'>κοινώσασθαι</span> <span class='ocrx_word' id='word_1_764' title='bbox 2829 4915 3040 4992; x_wconf 75' lang='grc' dir='ltr'>ἔμελλε.</span> <span class='ocrx_word' id='word_1_765' title='bbox 3097 4918 3195 4975; x_wconf 83' lang='grc' dir='ltr'>Καὶ</span> <span class='ocrx_word' id='word_1_766' title='bbox 3225 4918 3326 4995; x_wconf 78' lang='grc' dir='ltr'>γὰρ</span> <span class='ocrx_word' id='word_1_767' title='bbox 3368 4918 3482 4974; x_wconf 88' lang='grc' dir='ltr'>ἐπεὶ</span> <span class='ocrx_word' id='word_1_768' title='bbox 3553 4919 3615 4974; x_wconf 81' lang='grc' dir='ltr'>τὰ</span> <span class='ocrx_word' id='word_1_769' title='bbox 3668 4927 3759 4978; x_wconf 89' lang='grc' dir='ltr'>τοῦ</span> <span class='ocrx_word' id='word_1_770' title='bbox 3802 4923 3948 4980; x_wconf 85' lang='grc' dir='ltr'>στό-</span> 
     </span>
    </p>
   </div>
   <div class='ocr_carea' id='block_1_108' title="bbox 2284 5003 3949 5092">
    <p class='ocr_par' dir='ltr' id='par_1_108' title="bbox 2284 5003 3949 5092">
     <span class='ocr_line' id='line_1_108' title="bbox 2284 5003 3949 5092; baseline 0.006 -34"><span class='ocrx_word' id='word_1_771' title='bbox 2284 5023 2449 5092; x_wconf 86' lang='grc' dir='ltr'>ματος</span> <span class='ocrx_word' id='word_1_772' title='bbox 2520 5003 2732 5092; x_wconf 73' lang='grc' dir='ltr'>ῥήματα</span> <span class='ocrx_word' id='word_1_773' title='bbox 2819 5003 3208 5084; x_wconf 80' lang='grc' dir='ltr'>ἐκπορευόμενα</span> <span class='ocrx_word' id='word_1_774' title='bbox 3292 5005 3552 5084; x_wconf 78' lang='grc' dir='ltr'>λέγεται·</span> <span class='ocrx_word' id='word_1_775' title='bbox 3608 5028 3631 5064; x_wconf 75' lang='grc' dir='ltr'>α</span> <span class='ocrx_word' id='word_1_776' title='bbox 3687 5009 3763 5066; x_wconf 78' lang='grc' dir='ltr'>Τὰ</span> <span class='ocrx_word' id='word_1_777' title='bbox 3836 5012 3949 5092; x_wconf 78' lang='grc' dir='ltr'>γὰρ</span> 
     </span>
    </p>
   </div>
   <div class='ocr_carea' id='block_1_109' title="bbox 2284 5091 3964 5177">
    <p class='ocr_par' dir='ltr' id='par_1_109' title="bbox 2284 5091 3964 5177">
     <span class='ocr_line' id='line_1_109' title="bbox 2284 5091 3964 5177; baseline 0.007 -31"><span class='ocrx_word' id='word_1_778' title='bbox 2284 5091 2690 5168; x_wconf 79' lang='grc' dir='ltr'>ἐκπορευόμενα,</span> <span class='ocrx_word' id='word_1_779' title='bbox 2738 5115 2766 5148; x_wconf 88' lang='grc'><strong>››</strong></span> <span class='ocrx_word' id='word_1_780' title='bbox 2815 5117 2968 5173; x_wconf 77' lang='grc' dir='ltr'>φησι,</span> <span class='ocrx_word' id='word_1_781' title='bbox 3022 5118 3050 5149; x_wconf 71' lang='grc' dir='ltr'>α</span> <span class='ocrx_word' id='word_1_782' title='bbox 3085 5093 3170 5150; x_wconf 82' lang='grc' dir='ltr'>διὰ</span> <span class='ocrx_word' id='word_1_783' title='bbox 3219 5100 3325 5152; x_wconf 85' lang='grc' dir='ltr'>τῶν</span> <span class='ocrx_word' id='word_1_784' title='bbox 3357 5093 3584 5174; x_wconf 82' lang='grc' dir='ltr'>χειλέων</span> <span class='ocrx_word' id='word_1_785' title='bbox 3615 5120 3717 5172; x_wconf 90' lang='grc' dir='ltr'>μου</span> <span class='ocrx_word' id='word_1_786' title='bbox 3760 5101 3824 5157; x_wconf 79' lang='grc' dir='ltr'>οῦ</span> <span class='ocrx_word' id='word_1_787' title='bbox 3860 5091 3964 5177; x_wconf 71' lang='grc' dir='ltr'>μὴ·</span> 
     </span>
    </p>
   </div>
   <div class='ocr_carea' id='block_1_110' title="bbox 2282 5179 3952 5266">
    <p class='ocr_par' dir='ltr' id='par_1_110' title="bbox 2282 5179 3952 5266">
     <span class='ocr_line' id='line_1_110' title="bbox 2282 5179 3952 5266; baseline 0.007 -32"><span class='ocrx_word' id='word_1_788' title='bbox 2282 5179 2548 5254; x_wconf 78' lang='grc' dir='ltr'>ἀθετησω,</span> <span class='ocrx_word' id='word_1_789' title='bbox 2584 5204 2612 5235; x_wconf 67' lang='grc' dir='ltr'><strong><em>ι</em></strong></span> <span class='ocrx_word' id='word_1_790' title='bbox 2674 5181 2762 5238; x_wconf 82' lang='grc' dir='ltr'>ἐὰν</span> <span class='ocrx_word' id='word_1_791' title='bbox 2831 5185 2894 5239; x_wconf 87' lang='lat'>16</span> <span class='ocrx_word' id='word_1_792' title='bbox 2939 5189 3152 5259; x_wconf 88' lang='grc' dir='ltr'>Πνεῦμα</span> <span class='ocrx_word' id='word_1_793' title='bbox 3223 5183 3488 5258; x_wconf 86' lang='grc' dir='ltr'>στόματος</span> <span class='ocrx_word' id='word_1_794' title='bbox 3545 5193 3774 5266; x_wconf 73' lang='grc' dir='ltr'>πνεῦμα,</span> <span class='ocrx_word' id='word_1_795' title='bbox 3852 5192 3952 5248; x_wconf 84' lang='grc' dir='ltr'>καὶ</span> 
     </span>
    </p>
   </div>
   <div class='ocr_carea' id='block_1_111' title="bbox 2281 5269 3953 5351">
    <p class='ocr_par' dir='ltr' id='par_1_111' title="bbox 2281 5269 3953 5351">
     <span class='ocr_line' id='line_1_111' title="bbox 2281 5269 3953 5351; baseline 0.007 -27"><span class='ocrx_word' id='word_1_796' title='bbox 2281 5270 2372 5324; x_wconf 83' lang='grc' dir='ltr'>τὸν</span> <span class='ocrx_word' id='word_1_797' title='bbox 2423 5271 2593 5347; x_wconf 85' lang='grc' dir='ltr'>Λόγον</span> <span class='ocrx_word' id='word_1_798' title='bbox 2651 5272 2912 5348; x_wconf 86' lang='grc' dir='ltr'>στόματος</span> <span class='ocrx_word' id='word_1_799' title='bbox 2983 5271 3143 5351; x_wconf 88' lang='grc' dir='ltr'>λόγον</span> <span class='ocrx_word' id='word_1_800' title='bbox 3199 5269 3414 5351; x_wconf 71' lang='grc' dir='ltr'>εἴρηκεν</span> <span class='ocrx_word' id='word_1_801' title='bbox 3471 5275 3500 5329; x_wconf 77' lang='grc' dir='ltr'><strong>ὁ</strong></span> <span class='ocrx_word' id='word_1_802' title='bbox 3565 5273 3751 5351; x_wconf 64' lang='grc' dir='ltr'>Δαυλιδ,</span> <span class='ocrx_word' id='word_1_803' title='bbox 3798 5281 3953 5336; x_wconf 80' lang='grc' dir='ltr'>κατὰ</span> 
     </span>
    </p>
   </div>
   <div class='ocr_carea' id='block_1_112' title="bbox 2280 5360 3950 5443">
    <p class='ocr_par' dir='ltr' id='par_1_112' title="bbox 2280 5360 3950 5443">
     <span class='ocr_line' id='line_1_112' title="bbox 2280 5360 3950 5443; baseline 0 -25"><span class='ocrx_word' id='word_1_804' title='bbox 2280 5367 2452 5418; x_wconf 81' lang='grc' dir='ltr'>πᾶσαν</span> <span class='ocrx_word' id='word_1_805' title='bbox 2504 5360 2566 5416; x_wconf 79' lang='grc' dir='ltr'>ἂν</span> <span class='ocrx_word' id='word_1_806' title='bbox 2622 5364 2720 5431; x_wconf 79' lang='grc' dir='ltr'>τὴν</span> <span class='ocrx_word' id='word_1_807' title='bbox 2777 5363 3014 5443; x_wconf 78' lang='grc' dir='ltr'>ἆνὰγκην</span> <span class='ocrx_word' id='word_1_808' title='bbox 3069 5367 3104 5434; x_wconf 81' lang='grc' dir='ltr'>ἡ</span> <span class='ocrx_word' id='word_1_809' title='bbox 3152 5364 3508 5443; x_wconf 72' lang='grc' dir='ltr'>ἓκπορευτικὴ</span> <span class='ocrx_word' id='word_1_810' title='bbox 3538 5363 3734 5434; x_wconf 74' lang='grc' dir='ltr'>ἰδιότης</span> <span class='ocrx_word' id='word_1_811' title='bbox 3767 5365 3950 5443; x_wconf 72' lang='grc' dir='ltr'>ἔμελ-</span> 
     </span>
    </p>
   </div>
   <div class='ocr_carea' id='block_1_113' title="bbox 2277 5451 3953 5535">
    <p class='ocr_par' dir='ltr' id='par_1_113' title="bbox 2277 5451 3953 5535">
     <span class='ocr_line' id='line_1_113' title="bbox 2277 5451 3953 5535; baseline 0.005 -25"><span class='ocrx_word' id='word_1_812' title='bbox 2277 5451 2367 5510; x_wconf 86' lang='grc' dir='ltr'>λεν</span> <span class='ocrx_word' id='word_1_813' title='bbox 2412 5451 2728 5531; x_wconf 79' lang='grc' dir='ltr'>ἀμφοτέροις</span> <span class='ocrx_word' id='word_1_814' title='bbox 2785 5458 3108 5514; x_wconf 85' lang='grc' dir='ltr'>κοινοῦσθαι.</span> <span class='ocrx_word' id='word_1_815' title='bbox 3156 5461 3318 5512; x_wconf 87' lang='grc' dir='ltr'>Τοῦτο</span> <span class='ocrx_word' id='word_1_816' title='bbox 3364 5463 3489 5531; x_wconf 88' lang='grc' dir='ltr'>γοῦν</span> <span class='ocrx_word' id='word_1_817' title='bbox 3518 5457 3546 5510; x_wconf 78' lang='lat'>6</span> <span class='ocrx_word' id='word_1_818' title='bbox 3589 5456 3740 5535; x_wconf 75' lang='grc' dir='ltr'>ἅγιος</span> <span class='ocrx_word' id='word_1_819' title='bbox 3784 5457 3953 5520; x_wconf 82' lang='grc' dir='ltr'>ἆναι-</span> 
     </span>
    </p>
   </div>
   <div class='ocr_carea' id='block_1_114' title="bbox 552 5533 3954 5627">
    <p class='ocr_par' dir='ltr' id='par_1_114' title="bbox 552 5533 3954 5627">
     <span class='ocr_line' id='line_1_114' title="bbox 552 5533 3954 5627; baseline 0.004 -35"><span class='ocrx_word' id='word_1_820' title='bbox 552 5541 655 5627; x_wconf 83' lang='grc' dir='ltr'>ρῶν</span> <span class='ocrx_word' id='word_1_821' title='bbox 686 5537 758 5627; x_wconf 74' lang='grc' dir='ltr'>εἰς</span> <span class='ocrx_word' id='word_1_822' title='bbox 788 5533 1048 5627; x_wconf 77' lang='grc' dir='ltr'>ἀπόδειξιν</span> <span class='ocrx_word' id='word_1_823' title='bbox 1077 5537 1167 5627; x_wconf 81' lang='grc' dir='ltr'>τοῦ</span> <span class='ocrx_word' id='word_1_824' title='bbox 1193 5539 1299 5627; x_wconf 68' lang='grc' dir='ltr'>τὴνΔ</span> <span class='ocrx_word' id='word_1_825' title='bbox 1323 5538 1692 5616; x_wconf 75' lang='grc' dir='ltr'>ἐκπορευτικὴν</span> <span class='ocrx_word' id='word_1_826' title='bbox 1725 5535 1959 5606; x_wconf 75' lang='grc' dir='ltr'>ἰδιότητα</span> <span class='ocrx_word' id='word_1_827' title='bbox 1989 5543 2136 5618; x_wconf 82' lang='grc' dir='ltr'>μόνῳ</span> <span class='ocrx_word' id='word_1_828' title='bbox 2160 5556 2434 5627; x_wconf 77' lang='grc' dir='ltr'>προσεῖναι</span> <span class='ocrx_word' id='word_1_829' title='bbox 2466 5547 2544 5615; x_wconf 82' lang='grc' dir='ltr'>τῷ</span> <span class='ocrx_word' id='word_1_830' title='bbox 2571 5543 2860 5623; x_wconf 72' lang='grc' dir='ltr'>Πνεύματι,</span> <span class='ocrx_word' id='word_1_831' title='bbox 2921 5541 3186 5624; x_wconf 75' lang='grc' dir='ltr'>παρέλαϐε</span> <span class='ocrx_word' id='word_1_832' title='bbox 3233 5544 3295 5599; x_wconf 90' lang='lat'>16</span> <span class='ocrx_word' id='word_1_833' title='bbox 3326 5543 3404 5618; x_wconf 76' lang='grc' dir='ltr'>μὴ</span> <span class='ocrx_word' id='word_1_834' title='bbox 3435 5543 3608 5601; x_wconf 71' lang='grc' dir='ltr'>εἰπεῖν</span> <span class='ocrx_word' id='word_1_835' title='bbox 3637 5533 3729 5601; x_wconf 79' lang='lat' dir='ltr'><strong>16v</strong></span> <span class='ocrx_word' id='word_1_836' title='bbox 3761 5552 3954 5616; x_wconf 71' lang='lat' dir='ltr'>Aau’t8</span> 
     </span>
    </p>
   </div>
   <div class='ocr_carea' id='block_1_115' title="bbox 553 5623 1471 5704">
    <p class='ocr_par' dir='ltr' id='par_1_115' title="bbox 553 5623 1471 5704">
     <span class='ocr_line' id='line_1_115' title="bbox 553 5623 1471 5704; baseline 0 -22"><span class='ocrx_word' id='word_1_837' title='bbox 553 5626 640 5682; x_wconf 85' lang='grc' dir='ltr'>καὶ</span> <span class='ocrx_word' id='word_1_838' title='bbox 670 5625 758 5682; x_wconf 74' lang='grc' dir='ltr'>τὸν</span> <span class='ocrx_word' id='word_1_839' title='bbox 793 5623 961 5703; x_wconf 86' lang='grc' dir='ltr'>Λόγον</span> <span class='ocrx_word' id='word_1_840' title='bbox 1004 5625 1262 5701; x_wconf 81' lang='grc' dir='ltr'>στόματος</span> <span class='ocrx_word' id='word_1_841' title='bbox 1290 5624 1471 5704; x_wconf 87' lang='grc' dir='ltr'>λόγον,</span> 
     </span>
    </p>
   </div>
   <div class='ocr_carea' id='block_1_116' title="bbox 633 5790 1312 5871">
    <p class='ocr_par' dir='ltr' id='par_1_116' title="bbox 633 5790 1312 5871">
     <span class='ocr_line' id='line_1_116' title="bbox 633 5790 1312 5871; baseline 0.003 -15"><span class='ocrx_word' id='word_1_842' title='bbox 633 5790 696 5844; x_wconf 61' lang='grc' dir='ltr'><strong><em>ι</em></strong></span> <span class='ocrx_word' id='word_1_843' title='bbox 712 5791 871 5856; x_wconf 63' lang='lat' dir='ltr'>Pal.</span> <span class='ocrx_word' id='word_1_844' title='bbox 904 5807 1180 5871; x_wconf 78' lang='lat' dir='ltr'>uxxvm,</span> <span class='ocrx_word' id='word_1_845' title='bbox 1211 5791 1312 5858; x_wconf 83' lang='lat'>35.</span> 
     </span>
    </p>
   </div>
  </div>
