4220 6292
318 301 426 364 177

392 424 490 514 ιγ’.
531 432 654 494 Ἐὰν
682 437 738 494 δὲ
797 443 844 497 οἱ
873 438 942 496 δι’
970 440 1231 514 ἐναντίας,
1276 439 1336 494 τὸ
1372 433 1689 513 ὲκπορευτὸν
1730 432 1819 490 καὶ
1861 428 2019 488 ἔκοΑ

312 527 625 603 πορευτικὸι
729 527 1070 608 διαιροῦντες,
1173 526 1316 586 οῦδὲν
1401 523 1646 602 ἁρμόζειν
1704 521 1853 608 φασὶ,
1878 525 1973 608 -τῷ

310 614 580 689 Πνεύματι
637 617 702 673 τὸ
759 606 1157 698 ἐκπορευτικὸν,
1224 614 1360 672 ἀλλὰ
1413 615 1491 686 τῷ
1547 611 1710 688 Πιτρί
1768 606 1968 698 μᾷλλον

309 699 402 758 διὰ
447 704 510 758 τὸ
551 704 649 770 τὴν
706 695 973 786 προφορὰν
1016 707 1112 775 τῆς
1142 695 1360 770 ’λέξεως
1401 699 1740 778 ἐνεργητικὴν
1773 695 1916 752 εἶναι
1949 715 1966 731 ο

311 788 458 846 ἀλλὰ
499 793 586 847 καὶ
641 785 888 852 ἒντεῦθεν
918 798 945 852 ὁ
997 801 1096 862 τῆς
1143 791 1267 872 παρ’
1321 791 1490 848 αὑτῶν
1524 785 1813 866 γενομένης
1869 806 1971 840 πα’

311 883 580 958 ραφθορᾶς
647 885 1128 962 συγκροτηοησεται
1207 881 1457 959 ἔλεγχος.
1532 880 1589 934 Et
1643 875 1742 952 γὰρ
1792 875 1966 962 καθα-

309 967 488 1046 ρεὺειν
529 968 713 1036 ἤθελον
896 970 1210 1043 συνείδησιν,
1272 973 1366 1027 οὑκ
1423 966 1486 1022 ἂν
1517 964 1739 1026 ἐκείνους
1786 959 1966 1016 διέλα-

310 1059 428 1129 θεν,
517 1055 646 1134 ὅπερ
729 1061 757 1116 ὁ
853 1059 1002 1138 ἅγιος
1072 1058 1258 1140 ἐφεξῆς
1313 1062 1411 1122 τῆς
1492 1052 1738 1132 ῥηθείσης
1790 1049 1973 1140 ὲπᾲγιι

311 1146 638 1225 περικοπῆς,
668 1146 839 1227 λέγων
877 1137 1041 1214 οὑτως
1075 1137 1124 1182 ’⁷
1155 1172 1182 1203 α
1216 1137 1338 1204 Ἵνα
1367 1143 1452 1200 διὰ
1512 1141 1608 1217 μὲν
1669 1161 1758 1195 του
1802 1138 1976 1215 Λόγου

313 1235 492 1290 εἰπεῖν
561 1237 660 1303 τὴν
703 1239 777 1301 ὡς
807 1237 866 1294 ἐκ
895 1244 1006 1312 νοῦ,
1055 1244 1149 1295 τοῦ
1194 1241 1346 1307 Θεοῦ,
1403 1233 1490 1288 καὶ
1519 1230 1746 1308 Πατρός,
1781 1227 1970 1283 ἀπαθε-

1421 301 1519 366 DE
1557 292 2064 366 PROGESSIONE
2110 297 2168 356 S.
2225 295 2598 361 SPIRITUS.

3573 298 3689 363 178

2123 430 2218 492 18.
2255 429 2421 502 Quod
2450 429 2501 492 si
2523 430 2844 492 adversarii
2860 430 2920 492 id
2943 448 3010 492 ex
3037 449 3152 512 quo
3178 429 3608 511 proceditur.et
3629 430 3692 492 id

2053 519 2208 599 quod
2233 519 2967 598 proceditdistinguentes,
2993 539 3111 582 non
3136 537 3462 598 congruere
3491 518 3694 583 dicant

2054 606 2302 688 Spiritui
2355 612 2416 665 τὸ
2477 612 2852 689 εκπορευτικὸν
2907 609 2970 671 id
3012 626 3090 670 ex
3115 626 3235 689 puo
3258 609 3556 689 procedit,
3591 609 3696 671 sed

2051 697 2210 759 Patri
2229 697 2528 776 potius,ob
2545 698 3014 760 enuntiationem
3037 697 3459 771 dictionis,vim
3480 699 3698 776 agendi

2052 785 2510 867 possidentis,ex
2533 786 2626 848 his
2656 805 2890 868 quoque
2911 786 3305 867 corruptionis
3327 804 3432 867 per
3453 784 3694 847 eosdem

2049 873 2217 934 libris
2249 875 2426 936 illata;
2463 875 2945 956 comprobabitur
2994 883 3429 955 argumentum.
3462 873 3693 937 Etenim

2058 961 2108 1023 si
2139 962 2320 1023 animi
2349 963 2710 1025 conscientia
2735 965 2889 1034 bene
2917 964 3104 1028 curati
3126 963 3694 1034 existimnlarentur,

2058 1070 2174 1112 non
2219 1070 2322 1114 eos
2378 1052 2667 1127 latuisset,
2698 1053 2855 1133 quod
2885 1061 3121 1114 sanctus
3146 1061 3278 1133 post
3307 1052 3526 1114 dictum
3558 1070 3698 1116 nra-

2057 1140 2234 1200 tionis
2264 1149 2633 1220 segmentum
2665 1141 2949 1220 suggerit,
2972 1142 3052 1203 ita
3076 1141 3346 1204 scribens
3379 1159 3392 1203 :
3433 1139 3540 1204 «Ut
3560 1159 3696 1203 cum

2058 1228 2320 1289 Verbum
2371 1229 2618 1304 diceret,
2670 1230 2851 1292 veluti
2909 1249 2978 1291 ex
3011 1239 3228 1304 mente,
3263 1230 3386 1292 Deo
3419 1238 3477 1292 et
3503 1229 3696 1305 Patre,

313 1323 517 1391 στάτην
569 1327 654 1381 καὶ
697 1325 917 1404 ἅρρητον
990 1329 1083 1383 τοῦ
1159 1327 1277 1383 Υἱοῦ
1333 1319 1744 1401 παραδεξώμεθα
1774 1316 1967 1394 γέννη-

2057 1318 2233 1379 nullis
2264 1319 2638 1398 passionibus
2659 1319 3062 1392 obnoxiam,et
3081 1338 3211 1398 quae
3231 1318 3428 1379 verbis
3450 1318 3701 1399 exprimi

316 1435 427 1487 σιν,
487 1411 570 1469 διὰ
617 1413 672 1470 δὲ
728 1423 820 1472 τοῦ
891 1415 1151 1492 εἰρηκέναι
1217 1418 1452 1487 Πνεῦμα,
1540 1405 1802 1483 στόματος
1875 1405 1967 1470 τὴν

2057 1426 2174 1468 non
2208 1415 2417 1487 potest,
2446 1407 2814 1470 nativitatem
2846 1408 3361 1486 intelligeremus;
3395 1426 3529 1469 cum
3559 1425 3698 1470 vero

311 1501 632 1578 ἆγιαστικην
688 1507 775 1560 καὶ
821 1504 1046 1572 οὖσιώδη
1100 1502 1343 1577 δύναμιν,
1405 1500 1493 1555 καὶ
1521 1495 1828 1576 ζωαρχικῆν
1880 1499 1967 1550 τού

2052 1495 2492 1575 Spiritum,oris
2512 1497 2625 1558 vim
2649 1497 3111 1560 sanctiticantem
3137 1496 3704 1571 etessentialem,vi-

313 1592 621 1666 Πνεύματος
687 1595 972 1651 ὑπόστασιν
1045 1589 1421 1665 ὑπολάϐωμεν,
1495 1592 1572 1660 τῷ
1629 1591 1726 1652 τῆς
1797 1585 1967 1640 ἔκπο-

2055 1595 2244 1665 tzeque
2261 1586 2586 1666 principem
2596 1585 2845 1667 Spiritus
2856 1587 2928 1666 hy
2937 1585 3213 1667 postasim
3229 1586 3700 1666 conciperemus,

313 1686 558 1758 ρευτικῆς
624 1680 886 1750 ἰδιότητος
969 1684 1190 1758 ὀνόματι
1258 1677 1502 1747 δηλονότι
1566 1679 1967 1755 χαρακτηριζο-

2055 1677 2406 1754 processiwe
2431 1677 2807 1756 proprietatis
2835 1675 3075 1738 nomine
3105 1673 3700 1738 connatatam.cSan-

312 1769 504 1845 μένην.
543 1791 567 1825 ι
605 1773 702 1828 Καὶ
733 1774 762 1829 ὁ
809 1771 864 1828 ἐν
893 1773 1061 1850 ἁγίοις
1092 1769 1146 1826 δὲ
1178 1769 1362 1846 Πατὴρ
1389 1765 1740 1850 Ἀναστάσιοᾲς
1773 1760 1967 1850 ἰδίωμα

2053 1772 2180 1824 ctus
2193 1784 2426 1845 quoque
2450 1767 2626 1828 Pater
2645 1765 2990 1828 Anastasius
3013 1765 3428 1845 proprietatem
3448 1763 3701 1845 Spiritus

308 1868 404 1917 τοῦ
475 1864 780 1935 Πνεύματος
836 1848 1080 1938 γινῶσκει
1128 1861 1190 1915 τὸ
1234 1855 1627 1935 ἐκπορευτικὸν,
1704 1848 1796 1908 Ἐν
1867 1849 1966 1926 γὰρ

2051 1854 2450 1931 processivam
2470 1854 2759 1933 agnoscit.
2785 1852 3048 1934 Namque
3069 1853 3300 1914 decimo
3320 1871 3422 1916 sex
3437 1861 3492 1913 to
3508 1853 3702 1933 capite

307 1943 514 2030 ᾅεκάτῳ
563 1950 651 2006 καὶ
704 1937 859 2022 ἕκτῳί
908 1947 1179 2030 κεφαλαίῳ
1256 1951 1354 2013 τῆς
1407 1943 1565 2000 αὑτοῦ
1619 1937 1800 2030 βιϐλου
1867 1941 1964 2030 τῆς

316 2025 543 2114 Ὀδηγοῦ
623 2025 996 2113 κεκλημένη(
1044 2037 1182 2094 οὕτω
1263 2055 1426 2115 φησιν
1466 2051 1478 2064 °
1513 2050 1543 2089 ε
1603 2031 1677 2087 Οὑ
1745 2028 1844 2106 γὰρ
1879 2026 1964 2115 At?)

310 2112 604 2202 ἀγέννητον
675 2112 802 2182 τοῦ
853 2129 1055 2206 Πατρὸς
1137 2112 1422 2204 προσωπον
1495 2119 1790 2198 ὶσαρκὼθη,
1820 2112 1962 2206 ,οὔτε

311 2215 424 2287 μὴν
478 2217 513 2285 ἡ
572 2215 920 2295 ἐκπορευτικτὶ
969 2204 1069 2272 -τοῦ
1131 2216 1284 2293 ἁγιοο
1355 2210 1657 2284 Πνεύματος
1727 2204 1964 2261 ὑπόστα-

309 2325 419 2368 σις.
458 2326 482 2361 ι
531 2303 698 2360 Ἀλλὰ
752 2307 838 2362 καὶ
872 2304 1097 2380 Κλήμης
1145 2306 1172 2360 ὁ
1237 2298 1589 2379 Στρωματεὺς
1635 2295 1688 2351 ἐν
1719 2298 1802 2360 οἷς
1834 2315 1963 2380 συν-

310 2391 459 2448 έθετο
554 2391 820 2472 διαφόροις
933 2379 1098 2471 ὅροις,
1217 2391 1353 2448 ὥστε
1435 2387 1632 2448 παντὸς
1719 2379 1963 2472 εὐσεϐοῦς

309 2479 576 2559 δόγματος
631 2471 981 2561 προηγεῖσθαι
1038 2482 1220 2547 αὑτοὺς
1288 2486 1366 2553 τῷ
1417 2475 1722 2554 βουλομένῳ
1771 2471 1960 2529 θεολο-

311 2569 431 2645 γίαν
483 2571 740 2645 μετιέναι,
815 2573 1140 2648 ὁριζόμενος,
1204 2595 1228 2626 α
1291 2570 1350 2628 Τί
1405 2574 1640 2641 Πνείνα,
1687 2563 1776 2620 καὶ
1827 2561 1964 2618 κατὰ

308 2658 362 2712 τί
409 2658 663 2740 Πνεῦλας
735 2662 823 2716 καὶ
877 2663 1095 2740 ὁσαχῶς
1155 2658 1364 2738 λέγεται
1416 2657 1674 2733 “vesia;
1725 2675 1751 2706 ”
1787 2650 1917 2740 φησί
1941 2665 1957 2680 ’

2048 1940 2206 2017 libri,
2242 1941 2466 2022 Hodegi
2500 1942 2844 2022 nuncupati,
2899 1943 3024 2004 haec
3053 1940 3230 2003 habet
3262 1960 3276 2004 :
3317 1965 3344 1997 α
3378 1940 3507 2003 Non
3537 1941 3697 2004 enim

2047 2031 2312 2110 ingenita
2342 2031 2528 2094 Patris
2561 2049 2814 2111 persona
2857 2048 3094 2093 carnem
3125 2030 3471 2110 assumpsit,
3501 2049 3696 2112 neque

2050 2120 2383 2200 processiva
2433 2121 2624 2184 sancti
2678 2120 2938 2201 Spiritus
2995 2120 3364 2200 hypostasis‘l
3420 2118 3699 2192 Quinimo

2049 2208 2323 2271 Clemens
2382 2207 2756 2271 Stromateus
2812 2210 2872 2270 in
2911 2208 3391 2284 Deﬁnitionibus,
3425 2228 3570 2290 quas
3598 2209 3700 2272 ille

2048 2298 2514 2372 concinnavit,ut
2530 2298 2871 2376 dogmatum
2896 2298 3126 2378 piorum
3147 2297 3526 2360 traditionem
3550 2317 3698 2378 pra-

2047 2386 2330 2448 cederent
2357 2388 3098 2468 prmirentque,antequatn
3130 2387 3316 2449 rebus
3347 2386 3697 2468 theplogicis

2046 2476 2306 2537 studium
2338 2477 2809 2557 impenderetur,
2843 2476 3159 2557 deﬁniens,
3196 2475 3382 2549 «Quid
3407 2476 3698 2557 Spiritus?

2047 2575 2104 2627 et
2129 2567 2456 2627 secundum
2489 2566 2628 2648 quid
2661 2565 2965 2648 Spiritus?
3005 2573 3064 2627 et
3089 2573 3232 2645 quot
3263 2565 3453 2627 modis
3495 2564 3688 2646 Spiri-

2048 2655 2192 2718 tus?
2229 2679 2250 2714 ι
2285 2656 2499 2718 tradit:
2542 2677 2572 2716 ‹
2603 2655 2856 2736 Spiritus
2905 2662 2996 2716 est
3040 2654 3296 2734 subtilis,
3326 2662 3386 2716 et
3411 2654 3688 2718 immate-

320 2767 344 2802 ι
379 2753 589 2823 Πνεῦμα
648 2738 752 2824 μὲν
806 2748 917 2806 ἐστι
979 2738 1174 2829 λεπτὴ,
1218 2748 1306 2805 καὶ
1365 2743 1542 2818 ἄυλος,
1575 2745 1664 2798 καὶ
1695 2738 1959 2819 ἀσχημά-

2051 2745 2227 2822 rialis,
2263 2755 2321 2807 et
2351 2764 2531 2826 supra
2584 2763 2822 2808 omnem
2875 2745 3144 2824 ﬁguram,
3176 2742 3519 2806 exsistentia
3547 2763 3690 2825 pro-

308 2858 483 2918 τιστος
513 2837 857 2915 ἐκπορευτικὴ
885 2837 1124 2918 ὑπαρξις.
1174 2862 1202 2894 ι

396 2915 474 2981 ιδ’.
520 2929 640 2983 Οἱον
672 2925 726 2982 δέ
779 2915 1019 3002 κάκεῖνο,
1067 2927 1196 3002 ὅπερ
1256 2929 1302 2982 οἱ
1357 2921 1582 2982 τοιοῦτοι
1639 2916 1960 2977 ἐσπούδασαν

2043 2834 2287 2896 cessiva.
2330 2860 2352 2892 υ

2123 2924 2220 2986 44.
2257 2922 2442 2994 Quale
2476 2942 2649 3004 porro
2680 2934 2766 2985 est
2798 2921 3132 3004 illud,quod
3159 2922 3255 2983 isti
3277 2922 3338 2982 in
3370 2921 3489 2983 ﬁne
3512 2921 3688 3002 primi

311 3017 431 3092 περὶ
478 3017 539 3070 τὸ
594 3013 746 3080 τέλος
803 3019 895 3073 τοῦ
936 3018 1146 3094 πρὼτου
1203 3015 1361 3093 λόγου
1412 3019 1518 3071 τῶν
1558 3008 1676 3067 κατ’
1708 3006 1961 3082 Εὑνομίου

2051 3011 2324 3073 adversus
2339 3012 2691 3074 Eunomium
2706 3011 3243 3073 Antirrheticorum
3262 3009 3400 3071 libri
3419 3010 3686 3089 ejusdem

311 3102 722 3182 Ἀντιῤῥητικῶν
807 3114 897 3162 τοῦ
969 3108 1123 3162 αὑτοῦ
1194 3106 1396 3184 Πατρὸς
1453 3104 1630 3180 ἡμῶν,
1700 3099 1794 3154 τοῦ
1857 3095 1963 3152 τῶν

2051 3099 2239 3162 Patris
2282 3102 2470 3162 nostri
2526 3100 2941 3180 Nyssaensium
2982 3100 3260 3161 antistitis
3289 3099 3482 3160 conati
3512 3097 3696 3162 sunt?

312 3193 593 3251 Νυσσαέων
652 3193 954 3273 προέδρους
1025 3195 1238 3254 Ἐκεῖσε
1308 3194 1407 3271 γὰρ
1477 3193 1505 3247 ὁ
1561 3189 1710 3267 ἅγιος
1782 3184 1836 3240 ἐν
1890 3190 1967 3258 τῷ

2051 3189 2137 3251 Ibi
2189 3190 2346 3251 enim
2379 3197 2614 3252 sanctus
2665 3190 2944 3252 adversus
2991 3188 3348 3251 Eunomium
3380 3189 3455 3250 de
3481 3187 3612 3250 Filii
3636 3197 3696 3249 et

312 3278 434 3337 κατ’
510 3282 766 3356 Εὑνομίου
842 3283 960 3360 περί
1045 3288 1144 3350 τῆς
1209 3289 1303 3340 τοῦ
1346 3283 1464 3338 Υἱοῦ
1515 3280 1602 3334 καί
1660 3276 1964 3348 Πνεῦματος

2051 3279 2305 3359 Spiritus
2334 3281 2658 3343 aeternitate
2715 3279 3104 3359 contendens,
3163 3278 3451 3340 rationem
3502 3294 3697 3339 causas

311 3371 583 3449 μάχεσθαι
622 3372 716 3426 τὸν
771 3375 872 3436 τῆς
942 3371 1109 3435 αἰτίας
1181 3379 1271 3428 τοῦ
1329 3373 1448 3426 ι’ἱοῦ
1522 3369 1608 3422 καί
1667 3364 1967 3436 Πνεύματος

2051 3369 2184 3430 Filii
2203 3377 2259 3430 et
2285 3368 2709 3449 Spiritusinter
2724 3369 2869 3431 alias
2897 3387 2995 3430 res
3027 3365 3698 3446 theologicasimmiscet

309 3458 495 3536 λόγον,
549 3465 620 3535 τῇ
691 3458 936 3538 θιολογιᾳ
976 3458 1410 3540 προσεπιπλέκει,
1461 3457 1549 3512 καὶ
1592 3475 1751 3535 φησιν
1781 3449 1915 3508 οὑτω
1948 3463 1963 3478 ⁸

2053 3458 2220 3520 hisce
2251 3457 2374 3520 fere
2397 3457 2627 3520 verbis:
2669 3483 2691 3514 α
2728 3458 2790 3521 Si
2836 3456 3220 3537 temporalem
3253 3455 3568 3536 quamdam
3599 3453 3694 3516 in-

319 3571 345 3601 ι
392 3550 451 3604 Εἰ
513 3548 609 3623 μὲν
661 3570 778 3605 τινα
819 3560 1078 3628 χρονικην
1119 3548 1347 3630 ἔμφασιν
1401 3546 1682 3625 ὑπερετίθει
1710 3544 1809 3606 τῆς
1864 3542 1958 3594 τοῦ

2051 3547 2482 3628 tercapedinem
2515 3547 2828 3628 hypostasi,
2863 3565 2967 3608 seu
2995 3544 3397 3608 subsistentia;
3417 3544 3552 3608 Filii
3581 3563 3693 3606 an-

312 3643 639 3715 Μονογενοῦς
671 3627 1010 3701 ὑποστάσεως
1054 3641 1082 3695 ὁ
1131 3627 1221 3695 τὸν
1277 3635 1483 3716 Πατέρα
1526 3639 1618 3690 τοῦ
1663 3631 1782 3686 ι’ἱοῦ
1811 3627 1958 3704 μόνῳ

2051 3627 2375 3718 teponeret,
2407 3637 2506 3718 qui
2537 3627 2765 3700 Patrem
2797 3637 2922 3698 sola
2951 3635 3227 3717 principii
3258 3635 3488 3697 ratione
3520 3635 3685 3716 prius

311 3732 387 3800 τῷ
443 3730 542 3792 τῆς
574 3725 741 3789 αἰτίας
799 3724 944 3803 λόγῳ
987 3731 1320 3806 προθεωρῶν,
1408 3727 1623 3787 εἰκότως
1674 3719 1736 3774 ἂν
1780 3719 1817 3807 δν
1864 3720 1962 3781 τῆς

2051 3727 2194 3790 Filio
2225 3726 2509 3807 concipit,
2522 3727 2660 3807 jure
2682 3726 2914 3789 censeri
2948 3734 3148 3807 posset
3177 3725 3448 3786 doctrina
3467 3723 3543 3786 de
3557 3723 3696 3785 Filii

309 3813 618 3881 ἆῖδιότητος
663 3817 799 3888 ἡμῖν
864 3817 982 3894 περὶ
1037 3827 1130 3876 τοῦ
1184 3819 1304 3873 Υίοῦ
1359 3813 1516 3892 λόγος
1564 3806 1914 3867 ἐκινδυνεύετο
1945 3819 1960 3835 ⁸

2051 3815 2380 3878 aeternitate
2404 3806 2461 3876 in
2484 3806 2811 3896 periculum
2845 3806 3069 3876 vocata.
3090 3812 3259 3876 Nunc
3287 3813 3416 3894 pari
3448 3830 3696 3892 prorsus

314 3904 420 3958 νυνὶ
450 3900 506 3958 δὲ
542 3904 666 3960 ποτὲ
696 3906 774 3979 μὴ
822 3902 1027 3962 ἔσεσθαι
1082 3906 1168 3961 lant
1223 3910 1320 3972 τῆς
1377 3899 1694 3982 προαιωνίου
1737 3896 1961 3976 φύσεως,

2053 3905 2249 3979 modo,
2284 3905 2602 3985 aliquando
2627 3924 2746 3967 non
2777 3905 3037 3966 futurum
3073 3921 3268 3976 esse,a
3300 3904 3473 3964 Patre
3503 3908 3566 3963 et
3591 3899 3694 3963 Fi-

313 3990 447 4054 ἴσως
507 3994 597 4048 καὶ
643 3993 841 4068 ὁμοίως
885 3993 970 4049 ἐπὶ
1022 4015 1080 4050 τε
1127 3997 1225 4063 τῆς
1283 3999 1374 4049 τοῦ
1418 3991 1620 4068 Πατρὸς
1668 3990 1836 4058 ζωῆς,
1881 3983 1967 4036 καὶ

2053 3993 2302 4074 lio,quin
2326 3983 2434 4056 etia
2455 3995 2675 4075 Spiritu
2709 3995 2904 4056 exulat
2936 4012 2949 4054 :
2985 4013 3120 4055 nam
3151 3992 3251 4054 ubi
3279 3991 3505 4054 nullum
3539 3998 3695 4052 tem-

310 4082 409 4147 τῆς
441 4088 532 4138 τοῦ
570 4087 921 4161 Μονογενοῦς,
985 4081 1121 4139 ἀλλὰ
1177 4086 1264 4138 καὶ
1319 4087 1416 4149 τῆς
1460 4080 1553 4136 τοῦ
1620 4077 1769 4155 ἁγίου
1798 4072 1964 4164 Πνεῦ-

2053 4072 2197 4163 pus,
2216 4083 2298 4144 ibi
2321 4072 2860 4164 etiam—aliquando
2890 4083 3191 4146 sublatum
3215 4090 3364 4144 est.»
3393 4080 3464 4142 Et
3495 4078 3697 4160 paucis

314 4193 481 4244 ματος
513 4169 802 4248 ὁμολογίας
869 4160 930 4228 οὑ
987 4171 1203 4251 δέχεται
1237 4190 1252 4205 ⁶
1307 4171 1428 4228 ἔνθα
1489 4169 1587 4246 γὰρ
1647 4165 1841 4253 χρόνος
1872 4160 1967 4216 οὒκ

2051 4160 2379 4253 ἱηιθίῇθοῐίε
2406 4192 2419 4236 :
2453 4201 2475 4228 ιι
2504 4160 2728 4236 Eadem
2753 4181 3055 4234 estnostra
3077 4181 3136 4232 et
3157 4171 3231 4231 de
3253 4170 3471 4250 Spiritu
3493 4175 3694 4230 sancto

313 4256 446 4340 ἔστιν
505 4261 596 4315 “id
651 4260 712 4315 τὸ
768 4260 898 4316 ποτέ
943 4250 1324 4339 ωνάνῇρηται.
1373 4279 1402 4318 )
1452 4260 1540 4314 καὶ
1597 4251 1711 4332 μετ’
1758 4250 1911 4328 ὀλίγα
1947 4271 1960 4285 ·

2051 4250 2365 4334 sententia,
2401 4261 2459 4322 in
2486 4263 2612 4322 solo
2643 4261 2854 4322 ordine
2885 4260 3046 4321 illius
3068 4257 3461 4319 differentiam
3484 4253 3700 4317 consti-

319 4371 342 4405 ι
393 4341 451 4406 Ὀ
493 4347 548 4404 δὲ
599 4348 754 4412 αὑτὸς
815 4349 955 4424 ἡμῖν
1011 4351 1099 4407 καὶ
1169 4352 1286 4429 περὶ
1326 4350 1418 4405 τοό
1459 4347 1606 4425 ἁγίου
1663 4343 1962 4429 [Ιγεύματος

2054 4348 2675 4420 lui.Quemadmodum
2700 4348 2857 4409 enim
2893 4349 3050 4411 Patri
3082 4347 3261 4408 FlllUS
3291 4344 3690 4424 conjungitur,

311 4436 467 4517 λόγος
499 4437 553 4492 ἐν
598 4437 736 4514 μόνῃ
793 4443 861 4514 τῇ
918 4437 1058 4503 τάξει
1105 4439 1202 4506 τὴν
1232 4424 1481 4518 διαφορὰν
1510 4424 1681 4514 ἔχων.
1716 4424 1808 4494 Ὠς
1867 4429 1970 4507 γὰρ

314 4528 628 4583 συνάπτεται
686 4533 763 4601 τῷ
815 4528 979 4605 Πατρὶ
1053 4530 1081 4584 ὁ
1137 4530 1279 4600 Υἱὸς,
1340 4528 1517 4582 καὶτὸ
1561 4523 1612 4589 ἐξ
1641 4525 1798 4580 αὑτοῦ
1831 4519 1971 4574 εἶναι

318 4615 461 4696 ἔχων
489 4617 587 4691 οὑγ
636 4615 887 4694 ὑστερίζει
948 4617 1083 4674 κατὰ
1125 4617 1225 4683 τὴν
1282 4614 1495 4694 ὕπαρξιν
1546 4631 1558 4643 ·
1619 4609 1755 4667 οὕτω
1815 4605 1970 4663 πάλιν

313 4707 399 4760 καὶ
455 4706 548 4759 τοῦ
617 4710 949 4780 Μονογενοῦς
1037 4703 1230 4784 ἔχεται
1287 4706 1348 4760 τὸ
1416 4709 1625 4776 Πνεῦμα
1677 4699 1738 4754 τὸ
1795 4694 1967 4771 ἅγιον,

311 4793 513 4864 ἐπινοίᾳ
570 4791 706 4868 μόνῃ
769 4793 906 4850 κατὰ
964 4793 1052 4849 τὸν
1118 4798 1219 4859 τῆς
1292 4793 1454 4855 αἰτίας
1515 4790 1672 4866 λόγον
1729 4787 1966 4864 προθεω-

313 4882 562 4958 ριυμένου
647 4887 751 4947 τῆς
837 4890 928 4939 τοῦ
1011 4881 1318 4957 Πνεύματος
1375 4879 1708 4940 ὑποστάσεως
1745 4889 1758 4902 ⁹
1820 4875 1870 4928 αἱ
1916 4869 1970 4926 δὲ

311 4992 558 5050 χρονικαι
616 4970 946 5034 παρατάσεις
1005 4970 1089 5026 ἐπὶ
1157 4975 1254 5036 τῆς
1299 4969 1613 5048 προαιωνίου
1668 4968 1806 5036 ζωῆς
1838 4961 1963 5040 χώ-

311 5049 401 5136 ραν
433 5062 528 5117 οὑκ
557 5058 774 5139 ἔχουσιν
809 5077 822 5090 ·
855 5058 993 5114 ὥστε
1046 5066 1138 5116 τοῦ
1191 5057 1351 5137 λόγου
1392 5064 1488 5124 τῆς
1541 5055 1706 5116 αἰτίας
1762 5049 1962 5124 ὑπεξῃ-

311 5147 558 5225 ρημένω,
589 5138 690 5202 Ἡέν
752 5144 939 5222 μηδενὶ
997 5147 1095 5214 τήν
1154 5148 1307 5226 ἁγιαν
1363 5144 1554 5226 Τριάδα
1602 5145 1730 5222 πρὸς
1774 5138 1962 5204 ἑαυτὴν

311 5234 634 5316 ἆσυμιρώνως
667 5234 840 5316 ἔχειν.
891 5237 990 5294 Καὶ
1040 5239 1067 5291 ὁ
1122 5237 1220 5310 μὲΑ
1281 5236 1442 5314 ἅγιος
1486 5234 1622 5292 οὕτω
1673 5230 1810 5287 κατὰ
1876 5228 1967 5282 τὸν

313 5328 408 5392 τῆς
438 5327 602 5390 αἰτίας
677 5324 838 5405 λόγον
900 5328 1302 5404 προθεωρεϊσθει
1373 5333 1464 5382 τοῦ
1517 5327 1633 5380 Υἱοῦ
1674 5321 1765 5376 τὸν
1847 5323 1964 5405 Πα-

316 5413 436 5493 τέρα
476 5414 748 5494 θεολογεῐ,
823 5415 1002 5493 σαφῶς
1046 5420 1317 5493 παριστῶν
1349 5413 1407 5469 ἐκ
1477 5411 1569 5468 τοῦ
1625 5407 1826 5486 [ἰατρὸς
1856 5404 1960 5479 μό-

318 5523 402 5562 νου
458 5511 748 5585 προσεχῶς
812 5505 901 5560 καὶ
941 5502 1152 5579 ἀμέσως
1211 5504 1444 5561 αἰτιατον
1492 5503 1580 5558 τὸν
1635 5501 1752 5555 rte»
1795 5494 1959 5571 εἶναι,

318 5594 401 5648 καὶ
465 5597 554 5651 τὸν
613 5595 737 5652 ι’ξὸν
767 5594 914 5656 αὖθις
955 5594 1088 5649 κατὰ
1152 5593 1242 5649 τὸν
1299 5598 1395 5660 τῆς
1440 5590 1603 5657 αἰτίας
1627 5589 1784 5669 λόγον
1824 5604 1960 5667 προ·

2054 4446 2272 4501 etcum
2308 4457 2377 4498 ex
2407 4437 2508 4499 illo
2554 4437 2842 4515 origiuem
2902 4437 3097 4515 ducat,
3133 4433 3470 4497 exsistentia
3497 4442 3694 4496 tamen

2056 4525 2344 4603 posterior
2373 4544 2486 4586 uon
2521 4534 2651 4587 est:
2704 4525 2791 4587 sic
2821 4525 2994 4586 etiam
3037 4524 3290 4604 Spir.tus
3337 4531 3574 4584 sanctus
3619 4521 3693 4583 ad

2055 4614 2263 4675 Filium
2292 4633 2356 4674 se
2379 4615 2577 4688 habet,
2611 4615 2962 4693 cogitatione
3002 4615 3127 4675 sola
3155 4612 3481 4672 secundum
3503 4629 3695 4673 causae

2054 4703 2342 4764 rationem
2375 4703 2554 4764 Filius
2587 4703 2772 4783 prius,
2804 4721 2976 4784 quam
3012 4701 3266 4782 Spiritus
3295 4699 3482 4762 sancti
3512 4700 3695 4780 hypo-

2054 4792 2226 4873 stasis
2255 4792 2625 4872 concipitur:
2663 4793 3016 4873 temporales
3065 4800 3260 4873 autem
3290 4788 3695 4852 dimensiones

2053 4872 2114 4933 in
2161 4872 2260 4932 illa
2290 4869 2466 4934 omne
2513 4869 2802 4935 saeculum
2836 4883 3178 4950 antegressa
3208 4869 3322 4932 vita
3352 4873 3547 4931 locum
3573 4888 3692 4931 non

2049 4960 2304 5032 habent;
2360 4964 2436 5022 ita
2478 4971 2538 5024 ut
2565 4971 2810 5044 excepta
2839 4980 3030 5024 causae
3058 4959 3293 5022 ratione
3322 4957 3694 5020 sanctissima

2047 5049 2302 5112 Trinitas
2335 5051 2390 5112 in
2424 5053 2584 5114 nullo
2615 5048 3130 5128 discordet,probe
3162 5047 3276 5109 sibi
3294 5065 3684 5110 consonans.»

2048 5139 2120 5201 Et
2176 5147 2417 5201 sanctus
2467 5143 2580 5204 hoc
2638 5149 2804 5222 pacto
2835 5139 3160 5201 secundum
3188 5138 3477 5200 rationem
3503 5154 3696 5200 causa

2052 5229 2424 5308 przeintelligi
2446 5230 2661 5292 Filium
2696 5230 2867 5291 Patre
2899 5227 3190 5307 decernit,
3207 5227 3397 5308 palam
3422 5225 3688 5301 edicens,

2049 5335 2122 5377 ex
2155 5317 2281 5378 solo
2316 5320 2482 5380 Patre
2515 5319 2789 5398 contigue
2838 5327 2896 5379 et
2936 5316 3278 5378 immediate
3309 5313 3558 5396 produci
3587 5313 3691 5376 Fi-

2048 5405 2190 5466 lium
2227 5428 2238 5464 :
2268 5413 2326 5468 et
2357 5407 2566 5470 Filium
2601 5427 2806 5470 rursus
2834 5407 3162 5470 secundum
3190 5423 3380 5468 causa;
3398 5402 3691 5466 rationem

2051 5495 2421 5575 praeintelligi
2489 5499 2782 5579 hypostasi
2840 5497 3115 5579 Spiritus,
3149 5504 3356 5578 aperte
3403 5501 3692 5567 statuens,

2050 5604 2154 5664 per
2185 5584 2399 5648 Filium
2448 5606 2512 5649 ex
2567 5588 2736 5650 Patre
2789 5587 3034 5670 produci
3077 5585 3383 5669 Spiritum.
3413 5579 3528 5655 Qui
3556 5596 3696 5640 vero
