  <div class='ocr_page' id='page_1' title='image "/cluster/home/n/w/nwhite01/storage/ocr_20150623/141/mdp.39015078384206/097.png"; bbox 0 0 4220 6292; ppageno 0'>
   <div class='ocr_carea' id='block_1_1' title="bbox 475 300 3851 376">
    <p class='ocr_par' dir='ltr' id='par_1_1' title="bbox 475 300 3851 376">
     <span class='ocr_line' id='line_1_1' title="bbox 475 300 3851 376; baseline -0.001 -4"><span class='ocrx_word' id='word_1_1' title='bbox 475 307 587 372; x_wconf 81' lang='grc'><strong>179</strong></span> <span class='ocrx_word' id='word_1_2' title='bbox 1550 313 1818 376; x_wconf 81' lang='lat' dir='ltr'><strong>JOANN.</strong></span> <span class='ocrx_word' id='word_1_3' title='bbox 1855 307 2075 374; x_wconf 86' lang='lat' dir='ltr'><strong>VECGI</strong></span> <span class='ocrx_word' id='word_1_4' title='bbox 2100 311 2216 372; x_wconf 83' lang='lat' dir='ltr'><strong>GP.</strong></span> <span class='ocrx_word' id='word_1_5' title='bbox 2246 306 2786 372; x_wconf 58' lang='lat' dir='ltr'><strong>.PATRIARGHJE.</strong></span> <span class='ocrx_word' id='word_1_6' title='bbox 3738 300 3851 367; x_wconf 78' lang='lat'><strong>180</strong></span> 
     </span>
    </p>
   </div>
   <div class='ocr_carea' id='block_1_2' title="bbox 471 435 2119 529">
    <p class='ocr_par' dir='ltr' id='par_1_2' title="bbox 471 445 2119 529">
     <span class='ocr_line' id='line_1_2' title="bbox 471 445 2119 529; baseline -0.001 -24"><span class='ocrx_word' id='word_1_7' title='bbox 471 447 678 509; x_wconf 86' lang='lat' dir='ltr'><strong>omnia</strong></span> <span class='ocrx_word' id='word_1_8' title='bbox 732 455 1115 529; x_wconf 68' lang='lat' dir='ltr'><strong>praevertunt,</strong></span> <span class='ocrx_word' id='word_1_9' title='bbox 1180 447 1586 508; x_wconf 77' lang='lat' dir='ltr'><strong>existimantes</strong></span> <span class='ocrx_word' id='word_1_10' title='bbox 1624 445 1778 508; x_wconf 86' lang='lat' dir='ltr'><strong>forte</strong></span> <span class='ocrx_word' id='word_1_11' title='bbox 1806 445 2119 526; x_wconf 84' lang='lat' dir='ltr'><strong>proficuam</strong></span> 
     </span>
    </p>
   </div>
   <div class='ocr_carea' id='block_1_3' title="bbox 2201 435 3850 529">
    <p class='ocr_par' dir='ltr' id='par_1_3' title="bbox 2212 435 3850 520">
     <span class='ocr_line' id='line_1_3' title="bbox 2212 435 3850 520; baseline -0.004 -22"><span class='ocrx_word' id='word_1_12' title='bbox 2212 445 2542 520; x_wconf 75' lang='grc' dir='ltr'>θεωρεῖσθαι,</span> <span class='ocrx_word' id='word_1_13' title='bbox 2597 442 2748 520; x_wconf 74' lang='grc' dir='ltr'>φησὶ,</span> <span class='ocrx_word' id='word_1_14' title='bbox 2808 445 2905 508; x_wconf 80' lang='grc' dir='ltr'>τῆς</span> <span class='ocrx_word' id='word_1_15' title='bbox 2979 447 3072 496; x_wconf 87' lang='grc' dir='ltr'><strong>τοῦ</strong></span> <span class='ocrx_word' id='word_1_16' title='bbox 3127 439 3432 514; x_wconf 81' lang='grc' dir='ltr'>Πνεύματος</span> <span class='ocrx_word' id='word_1_17' title='bbox 3486 435 3850 508; x_wconf 77' lang='grc' dir='ltr'><strong>ὑποστάσεως,</strong></span> 
     </span>
    </p>
   </div>
   <div class='ocr_carea' id='block_1_4' title="bbox 469 525 2119 618">
    <p class='ocr_par' dir='ltr' id='par_1_4' title="bbox 469 525 2119 618">
     <span class='ocr_line' id='line_1_4' title="bbox 469 525 2119 618; baseline 0.001 -25"><span class='ocrx_word' id='word_1_18' title='bbox 469 525 1213 618; x_wconf 41' lang='lat' dir='ltr'><strong>futuram—corruptionem</strong></span> <span class='ocrx_word' id='word_1_19' title='bbox 1271 535 1346 598; x_wconf 93' lang='lat' dir='ltr'><strong>od</strong></span> <span class='ocrx_word' id='word_1_20' title='bbox 1378 535 1793 597; x_wconf 90' lang='lat' dir='ltr'><strong>stabiliendam</strong></span> <span class='ocrx_word' id='word_1_21' title='bbox 1809 525 2119 614; x_wconf 76' lang='lat' dir='ltr'><strong>propriam</strong></span> 
     </span>
    </p>
   </div>
   <div class='ocr_carea' id='block_1_5' title="bbox 2201 525 3850 618">
    <p class='ocr_par' dir='ltr' id='par_1_5' title="bbox 2209 525 3850 609">
     <span class='ocr_line' id='line_1_5' title="bbox 2209 525 3850 609; baseline -0.005 -23"><span class='ocrx_word' id='word_1_22' title='bbox 2209 536 2389 609; x_wconf 81' lang='grc' dir='ltr'>σαφῶς</span> <span class='ocrx_word' id='word_1_23' title='bbox 2433 532 2699 608; x_wconf 83' lang='grc' dir='ltr'>παριστῶν</span> <span class='ocrx_word' id='word_1_24' title='bbox 2729 527 2811 584; x_wconf 79' lang='grc' dir='ltr'><strong>διὰ</strong></span> <span class='ocrx_word' id='word_1_25' title='bbox 2867 531 2962 586; x_wconf 89' lang='grc' dir='ltr'><strong>τοῦ</strong></span> <span class='ocrx_word' id='word_1_26' title='bbox 3009 528 3128 585; x_wconf 83' lang='grc' dir='ltr'>Υἱοῦ</span> <span class='ocrx_word' id='word_1_27' title='bbox 3172 527 3232 585; x_wconf 88' lang='lat' dir='ltr'><strong>Ex</strong></span> <span class='ocrx_word' id='word_1_28' title='bbox 3287 534 3378 585; x_wconf 99' lang='lat'><strong>105</strong></span> <span class='ocrx_word' id='word_1_29' title='bbox 3429 527 3631 605; x_wconf 80' lang='grc' dir='ltr'>Πατρὸς</span> <span class='ocrx_word' id='word_1_30' title='bbox 3675 525 3850 580; x_wconf 75' lang='grc' dir='ltr'>αἰτια-</span> 
     </span>
    </p>
   </div>
   <div class='ocr_carea' id='block_1_6' title="bbox 465 611 2119 704">
    <p class='ocr_par' dir='ltr' id='par_1_6' title="bbox 465 611 2119 704">
     <span class='ocr_line' id='line_1_6' title="bbox 465 611 2119 704; baseline 0.001 -21"><span class='ocrx_word' id='word_1_31' title='bbox 465 626 852 704; x_wconf 73' lang='lat' dir='ltr'><strong>sententiam,</strong></span> <span class='ocrx_word' id='word_1_32' title='bbox 909 611 1042 688; x_wconf 78' lang='lat' dir='ltr'><strong>cum</strong></span> <span class='ocrx_word' id='word_1_33' title='bbox 1093 633 1332 687; x_wconf 89' lang='lat' dir='ltr'><strong>sanctus</strong></span> <span class='ocrx_word' id='word_1_34' title='bbox 1389 623 1712 704; x_wconf 86' lang='lat' dir='ltr'><strong>scripserit,</strong></span> <span class='ocrx_word' id='word_1_35' title='bbox 1783 611 2119 704; x_wconf 43' lang='lat' dir='ltr'><strong>(Spiritum</strong></span> 
     </span>
    </p>
   </div>
   <div class='ocr_carea' id='block_1_7' title="bbox 2201 611 3851 704">
    <p class='ocr_par' dir='ltr' id='par_1_7' title="bbox 2206 611 3851 695">
     <span class='ocr_line' id='line_1_7' title="bbox 2206 611 3851 695; baseline -0.005 -20"><span class='ocrx_word' id='word_1_36' title='bbox 2206 621 2298 675; x_wconf 78' lang='grc' dir='ltr'>τὸν</span> <span class='ocrx_word' id='word_1_37' title='bbox 2353 619 2495 675; x_wconf 79' lang='grc' dir='ltr'>εἶναι</span> <span class='ocrx_word' id='word_1_38' title='bbox 2550 619 2611 672; x_wconf 80' lang='grc' dir='ltr'>τὸ</span> <span class='ocrx_word' id='word_1_39' title='bbox 2668 624 2904 692; x_wconf 83' lang='grc' dir='ltr'>Πνεῦμα,</span> <span class='ocrx_word' id='word_1_40' title='bbox 2938 619 2997 676; x_wconf 80' lang='grc' dir='ltr'><strong>Οἱ</strong></span> <span class='ocrx_word' id='word_1_41' title='bbox 3068 615 3121 672; x_wconf 81' lang='grc' dir='ltr'><strong>δὲ</strong></span> <span class='ocrx_word' id='word_1_42' title='bbox 3190 617 3360 673; x_wconf 81' lang='grc' dir='ltr'>πάντα</span> <span class='ocrx_word' id='word_1_43' title='bbox 3396 611 3851 695; x_wconf 72' lang='grc' dir='ltr'>διαπρεὸλοῦντες</span> 
     </span>
    </p>
   </div>
   <div class='ocr_carea' id='block_1_8' title="bbox 463 703 2119 792">
    <p class='ocr_par' dir='ltr' id='par_1_8' title="bbox 463 703 2119 792">
     <span class='ocr_line' id='line_1_8' title="bbox 463 703 2119 792; baseline 0.002 -22"><span class='ocrx_word' id='word_1_44' title='bbox 463 722 733 775; x_wconf 89' lang='lat' dir='ltr'><strong>sanctum</strong></span> <span class='ocrx_word' id='word_1_45' title='bbox 761 703 1066 777; x_wconf 66' lang='lat' dir='ltr'><strong>adhaerere</strong></span> <span class='ocrx_word' id='word_1_46' title='bbox 1086 715 1238 777; x_wconf 91' lang='lat' dir='ltr'><strong>Filio</strong></span> <span class='ocrx_word' id='word_1_47' title='bbox 1258 703 1611 792; x_wconf 83' lang='lat' dir='ltr'><strong>cogitatione</strong></span> <span class='ocrx_word' id='word_1_48' title='bbox 1634 703 1757 774; x_wconf 89' lang='lat' dir='ltr'><strong>sola</strong></span> <span class='ocrx_word' id='word_1_49' title='bbox 1779 703 1919 775; x_wconf 86' lang='lat' dir='ltr'><strong>dum</strong></span> <span class='ocrx_word' id='word_1_50' title='bbox 1944 712 2119 792; x_wconf 92' lang='lat' dir='ltr'><strong>Spiri-</strong></span> 
     </span>
    </p>
   </div>
   <div class='ocr_carea' id='block_1_9' title="bbox 2201 703 3849 792">
    <p class='ocr_par' dir='ltr' id='par_1_9' title="bbox 2208 703 3849 786">
     <span class='ocr_line' id='line_1_9' title="bbox 2208 703 3849 786; baseline -0.003 -24"><span class='ocrx_word' id='word_1_51' title='bbox 2208 709 2352 786; x_wconf 82' lang='grc' dir='ltr'>τάχα</span> <span class='ocrx_word' id='word_1_52' title='bbox 2393 730 2443 763; x_wconf 89' lang='grc' dir='ltr'><strong>τι</strong></span> <span class='ocrx_word' id='word_1_53' title='bbox 2487 704 2665 785; x_wconf 80' lang='grc' dir='ltr'><strong>κέρδος</strong></span> <span class='ocrx_word' id='word_1_54' title='bbox 2709 708 2838 786; x_wconf 82' lang='grc' dir='ltr'>πρὸς</span> <span class='ocrx_word' id='word_1_55' title='bbox 2863 708 2954 763; x_wconf 81' lang='grc' dir='ltr'><strong>τὸν</strong></span> <span class='ocrx_word' id='word_1_56' title='bbox 2984 708 3181 764; x_wconf 77' lang='grc' dir='ltr'>οἰκεῖον</span> <span class='ocrx_word' id='word_1_57' title='bbox 3237 705 3432 762; x_wconf 76' lang='grc' dir='ltr'>σκοπὸν</span> <span class='ocrx_word' id='word_1_58' title='bbox 3471 708 3534 761; x_wconf 77' lang='lat' dir='ltr'><strong>Ex</strong></span> <span class='ocrx_word' id='word_1_59' title='bbox 3583 703 3679 770; x_wconf 72' lang='grc' dir='ltr'>τῆς</span> <span class='ocrx_word' id='word_1_60' title='bbox 3737 723 3849 758; x_wconf 89' lang='grc' dir='ltr'>πα-</span> 
     </span>
    </p>
   </div>
   <div class='ocr_carea' id='block_1_10' title="bbox 464 792 2119 884">
    <p class='ocr_par' dir='ltr' id='par_1_10' title="bbox 464 801 2119 884">
     <span class='ocr_line' id='line_1_10' title="bbox 464 801 2119 884; baseline 0.002 -26"><span class='ocrx_word' id='word_1_61' title='bbox 464 804 559 859; x_wconf 88' lang='lat' dir='ltr'><strong>tus</strong></span> <span class='ocrx_word' id='word_1_62' title='bbox 576 801 873 881; x_wconf 80' lang='lat' dir='ltr'><strong>hypostasi</strong></span> <span class='ocrx_word' id='word_1_63' title='bbox 905 802 1400 884; x_wconf 63' lang='lat' dir='ltr'><strong>prwintelligitur,</strong></span> <span class='ocrx_word' id='word_1_64' title='bbox 1433 827 1460 859; x_wconf 83' lang='grc'><strong>»</strong></span> <span class='ocrx_word' id='word_1_65' title='bbox 1494 803 1555 862; x_wconf 90' lang='lat' dir='ltr'><strong>in</strong></span> <span class='ocrx_word' id='word_1_66' title='bbox 1589 803 1994 884; x_wconf 91' lang='lat' dir='ltr'><strong>plerisqueilli</strong></span> <span class='ocrx_word' id='word_1_67' title='bbox 2015 821 2119 864; x_wconf 95' lang='lat' dir='ltr'><strong>co-</strong></span> 
     </span>
    </p>
   </div>
   <div class='ocr_carea' id='block_1_11' title="bbox 2201 792 3850 884">
    <p class='ocr_par' dir='ltr' id='par_1_11' title="bbox 2209 792 3850 875">
     <span class='ocr_line' id='line_1_11' title="bbox 2209 792 3850 875; baseline -0.005 -22"><span class='ocrx_word' id='word_1_68' title='bbox 2209 800 2464 875; x_wconf 69' lang='grc' dir='ltr'>ραφθορᾶς</span> <span class='ocrx_word' id='word_1_69' title='bbox 2535 795 2797 862; x_wconf 79' lang='grc' dir='ltr'><strong>οἰηθέντες</strong></span> <span class='ocrx_word' id='word_1_70' title='bbox 2867 797 3196 875; x_wconf 76' lang='grc' dir='ltr'><strong>πορίσασθαι,</strong></span> <span class='ocrx_word' id='word_1_71' title='bbox 3255 793 3497 873; x_wconf 87' lang='grc' dir='ltr'>λέγοντος</span> <span class='ocrx_word' id='word_1_72' title='bbox 3541 802 3632 852; x_wconf 87' lang='grc' dir='ltr'><strong>τοῦ</strong></span> <span class='ocrx_word' id='word_1_73' title='bbox 3699 792 3850 868; x_wconf 84' lang='grc' dir='ltr'>ἆγίου</span> 
     </span>
    </p>
   </div>
   <div class='ocr_carea' id='block_1_12' title="bbox 466 885 2120 970">
    <p class='ocr_par' dir='ltr' id='par_1_12' title="bbox 466 885 2120 970">
     <span class='ocr_line' id='line_1_12' title="bbox 466 885 2120 970; baseline 0.003 -24"><span class='ocrx_word' id='word_1_74' title='bbox 466 885 701 951; x_wconf 90' lang='lat' dir='ltr'><strong>dicibus</strong></span> <span class='ocrx_word' id='word_1_75' title='bbox 750 899 1088 966; x_wconf 87' lang='lat' dir='ltr'><strong>exararunt,</strong></span> <span class='ocrx_word' id='word_1_76' title='bbox 1141 915 1168 946; x_wconf 76' lang='grc' dir='ltr'><strong>α</strong></span> <span class='ocrx_word' id='word_1_77' title='bbox 1201 890 1392 952; x_wconf 91' lang='lat' dir='ltr'><strong>Patris</strong></span> <span class='ocrx_word' id='word_1_78' title='bbox 1448 891 1777 970; x_wconf 79' lang='lat' dir='ltr'><strong>hypostasi,</strong></span> <span class='ocrx_word' id='word_1_79' title='bbox 1820 916 1842 946; x_wconf 86' lang='grc'><strong>››</strong></span> <span class='ocrx_word' id='word_1_80' title='bbox 1895 899 2120 951; x_wconf 89' lang='lat' dir='ltr'><strong>tantum</strong></span> 
     </span>
    </p>
   </div>
   <div class='ocr_carea' id='block_1_13' title="bbox 466 974 2121 1060">
    <p class='ocr_par' dir='ltr' id='par_1_13' title="bbox 466 974 2121 1060">
     <span class='ocr_line' id='line_1_13' title="bbox 466 974 2121 1060; baseline 0.004 -25"><span class='ocrx_word' id='word_1_81' title='bbox 466 974 750 1040; x_wconf 90' lang='lat' dir='ltr'><strong>adversus</strong></span> <span class='ocrx_word' id='word_1_82' title='bbox 801 987 1031 1040; x_wconf 91' lang='lat' dir='ltr'><strong>rectum</strong></span> <span class='ocrx_word' id='word_1_83' title='bbox 1072 979 1385 1060; x_wconf 90' lang='lat' dir='ltr'><strong>nictantes,</strong></span> <span class='ocrx_word' id='word_1_84' title='bbox 1420 988 1486 1039; x_wconf 94' lang='lat' dir='ltr'><strong>ut</strong></span> <span class='ocrx_word' id='word_1_85' title='bbox 1537 979 1900 1040; x_wconf 90' lang='lat' dir='ltr'><strong>asseruerint</strong></span> <span class='ocrx_word' id='word_1_86' title='bbox 1949 981 2121 1041; x_wconf 85' lang='lat' dir='ltr'><strong>Patre</strong></span> 
     </span>
    </p>
   </div>
   <div class='ocr_carea' id='block_1_14' title="bbox 460 1061 2114 1147">
    <p class='ocr_par' dir='ltr' id='par_1_14' title="bbox 460 1061 2114 1147">
     <span class='ocr_line' id='line_1_14' title="bbox 460 1061 2114 1147; baseline 0.003 -24"><span class='ocrx_word' id='word_1_87' title='bbox 460 1061 674 1125; x_wconf 90' lang='lat' dir='ltr'><strong>Filium</strong></span> <span class='ocrx_word' id='word_1_88' title='bbox 735 1067 1069 1129; x_wconf 90' lang='lat' dir='ltr'><strong>secundum</strong></span> <span class='ocrx_word' id='word_1_89' title='bbox 1128 1085 1320 1128; x_wconf 72' lang='lat' dir='ltr'><strong>causae</strong></span> <span class='ocrx_word' id='word_1_90' title='bbox 1375 1067 1666 1128; x_wconf 89' lang='lat' dir='ltr'><strong>rationem</strong></span> <span class='ocrx_word' id='word_1_91' title='bbox 1721 1067 2114 1147; x_wconf 65' lang='lat' dir='ltr'><strong>prmintelligi,</strong></span> 
     </span>
    </p>
   </div>
   <div class='ocr_carea' id='block_1_15' title="bbox 461 1150 2117 1236">
    <p class='ocr_par' dir='ltr' id='par_1_15' title="bbox 461 1150 2117 1236">
     <span class='ocr_line' id='line_1_15' title="bbox 461 1150 2117 1236; baseline 0.004 -24"><span class='ocrx_word' id='word_1_92' title='bbox 461 1150 786 1215; x_wconf 89' lang='lat' dir='ltr'><strong>dummodo</strong></span> <span class='ocrx_word' id='word_1_93' title='bbox 817 1172 851 1216; x_wconf 89' lang='lat' dir='ltr'><strong>e</strong></span> <span class='ocrx_word' id='word_1_94' title='bbox 881 1154 1180 1215; x_wconf 86' lang='lat' dir='ltr'><strong>mentibus</strong></span> <span class='ocrx_word' id='word_1_95' title='bbox 1209 1154 1516 1214; x_wconf 89' lang='lat' dir='ltr'><strong>hominum</strong></span> <span class='ocrx_word' id='word_1_96' title='bbox 1549 1154 2117 1236; x_wconf 88' lang='lat' dir='ltr'><strong>evellant,Spiritum</strong></span> 
     </span>
    </p>
   </div>
   <div class='ocr_carea' id='block_1_16' title="bbox 460 1242 1854 1322">
    <p class='ocr_par' dir='ltr' id='par_1_16' title="bbox 460 1242 1854 1322">
     <span class='ocr_line' id='line_1_16' title="bbox 460 1242 1854 1322; baseline 0.002 -22"><span class='ocrx_word' id='word_1_97' title='bbox 460 1255 592 1301; x_wconf 84' lang='lat' dir='ltr'><strong>esse</strong></span> <span class='ocrx_word' id='word_1_98' title='bbox 616 1259 724 1321; x_wconf 91' lang='lat' dir='ltr'><strong>per</strong></span> <span class='ocrx_word' id='word_1_99' title='bbox 749 1242 990 1319; x_wconf 90' lang='lat' dir='ltr'><strong>Filium,</strong></span> <span class='ocrx_word' id='word_1_100' title='bbox 1025 1252 1084 1304; x_wconf 90' lang='lat' dir='ltr'><strong>et</strong></span> <span class='ocrx_word' id='word_1_101' title='bbox 1115 1250 1552 1322; x_wconf 84' lang='lat' dir='ltr'><strong>consequenter</strong></span> <span class='ocrx_word' id='word_1_102' title='bbox 1579 1261 1649 1304; x_wconf 86' lang='lat' dir='ltr'>ex</span> <span class='ocrx_word' id='word_1_103' title='bbox 1681 1243 1854 1305; x_wconf 90' lang='lat' dir='ltr'><strong>Filio.</strong></span> 
     </span>
    </p>
   </div>
   <div class='ocr_carea' id='block_1_17' title="bbox 459 1333 2486 1412">
    <p class='ocr_par' dir='ltr' id='par_1_17' title="bbox 459 1333 2486 1412">
     <span class='ocr_line' id='line_1_17' title="bbox 459 1333 2486 1412; baseline 0.001 -30"><span class='ocrx_word' id='word_1_104' title='bbox 459 1335 552 1383; x_wconf 88' lang='lat'><strong>105</strong></span> <span class='ocrx_word' id='word_1_105' title='bbox 584 1333 786 1408; x_wconf 85' lang='grc' dir='ltr'>Πατρὸς</span> <span class='ocrx_word' id='word_1_106' title='bbox 813 1334 982 1388; x_wconf 75' lang='grc' dir='ltr'>εἰπεῖν</span> <span class='ocrx_word' id='word_1_107' title='bbox 1015 1334 1106 1388; x_wconf 82' lang='grc' dir='ltr'><strong>τὸν</strong></span> <span class='ocrx_word' id='word_1_108' title='bbox 1135 1335 1253 1388; x_wconf 78' lang='grc' dir='ltr'>Υἱὸν</span> <span class='ocrx_word' id='word_1_109' title='bbox 1281 1333 1414 1390; x_wconf 75' lang='grc' dir='ltr'>κατὰ</span> <span class='ocrx_word' id='word_1_110' title='bbox 1443 1335 1532 1389; x_wconf 76' lang='grc' dir='ltr'>τὸν</span> <span class='ocrx_word' id='word_1_111' title='bbox 1563 1338 1660 1399; x_wconf 76' lang='grc' dir='ltr'><strong>τῆς</strong></span> <span class='ocrx_word' id='word_1_112' title='bbox 1693 1335 1857 1398; x_wconf 80' lang='grc' dir='ltr'><strong>αἰτίας</strong></span> <span class='ocrx_word' id='word_1_113' title='bbox 1886 1333 2043 1412; x_wconf 77' lang='grc' dir='ltr'>λόγον</span> <span class='ocrx_word' id='word_1_114' title='bbox 2074 1333 2486 1411; x_wconf 81' lang='grc' dir='ltr'>προθεωρετσθαι</span> 
     </span>
    </p>
   </div>
   <div class='ocr_carea' id='block_1_18' title="bbox 2203 885 3848 966">
    <p class='ocr_par' dir='ltr' id='par_1_18' title="bbox 2203 885 3848 966">
     <span class='ocr_line' id='line_1_18' title="bbox 2203 885 3848 966; baseline -0.005 -22"><span class='ocrx_word' id='word_1_115' title='bbox 2203 890 2276 951; x_wconf 84' lang='grc' dir='ltr'>ὡς</span> <span class='ocrx_word' id='word_1_116' title='bbox 2329 911 2350 944; x_wconf 78' lang='grc' dir='ltr'><strong>α</strong></span> <span class='ocrx_word' id='word_1_117' title='bbox 2414 891 2484 945; x_wconf 85' lang='grc' dir='ltr'><strong>Τὸ</strong></span> <span class='ocrx_word' id='word_1_118' title='bbox 2545 895 2754 962; x_wconf 79' lang='grc' dir='ltr'><strong>Πνεῦμα</strong></span> <span class='ocrx_word' id='word_1_119' title='bbox 2809 889 2869 944; x_wconf 83' lang='grc' dir='ltr'>τὸ</span> <span class='ocrx_word' id='word_1_120' title='bbox 2923 887 3074 966; x_wconf 82' lang='grc' dir='ltr'>ἂγιον</span> <span class='ocrx_word' id='word_1_121' title='bbox 3143 893 3233 944; x_wconf 88' lang='grc' dir='ltr'><strong>τοῦ</strong></span> <span class='ocrx_word' id='word_1_122' title='bbox 3282 886 3604 965; x_wconf 84' lang='grc' dir='ltr'>Μονογενοῦς</span> <span class='ocrx_word' id='word_1_123' title='bbox 3662 885 3848 962; x_wconf 72' lang='grc' dir='ltr'>ἔχεται</span> 
     </span>
    </p>
   </div>
   <div class='ocr_carea' id='block_1_19' title="bbox 2202 975 3846 1053">
    <p class='ocr_par' dir='ltr' id='par_1_19' title="bbox 2202 975 3846 1053">
     <span class='ocr_line' id='line_1_19' title="bbox 2202 975 3846 1053; baseline -0.004 -20"><span class='ocrx_word' id='word_1_124' title='bbox 2202 977 2404 1048; x_wconf 83' lang='grc' dir='ltr'><strong>ἐπινοίᾳ</strong></span> <span class='ocrx_word' id='word_1_125' title='bbox 2463 977 2598 1052; x_wconf 76' lang='grc' dir='ltr'>μόνῃ</span> <span class='ocrx_word' id='word_1_126' title='bbox 2657 978 2794 1035; x_wconf 76' lang='grc' dir='ltr'>κατὰ</span> <span class='ocrx_word' id='word_1_127' title='bbox 2860 976 2950 1032; x_wconf 77' lang='grc' dir='ltr'>τὸν</span> <span class='ocrx_word' id='word_1_128' title='bbox 2995 982 3095 1043; x_wconf 78' lang='grc' dir='ltr'>τῆς</span> <span class='ocrx_word' id='word_1_129' title='bbox 3146 976 3311 1039; x_wconf 75' lang='grc' dir='ltr'>αἰτίας</span> <span class='ocrx_word' id='word_1_130' title='bbox 3355 975 3537 1053; x_wconf 86' lang='grc' dir='ltr'>λόγον,</span> <span class='ocrx_word' id='word_1_131' title='bbox 3609 976 3846 1052; x_wconf 88' lang='grc' dir='ltr'>προθεω-</span> 
     </span>
    </p>
   </div>
   <div class='ocr_carea' id='block_1_20' title="bbox 2201 1060 3847 1143">
    <p class='ocr_par' dir='ltr' id='par_1_20' title="bbox 2201 1060 3847 1143">
     <span class='ocr_line' id='line_1_20' title="bbox 2201 1060 3847 1143; baseline -0.004 -21"><span class='ocrx_word' id='word_1_132' title='bbox 2201 1064 2454 1143; x_wconf 90' lang='grc' dir='ltr'>ρουμένου</span> <span class='ocrx_word' id='word_1_133' title='bbox 2509 1066 2608 1130; x_wconf 76' lang='grc' dir='ltr'><strong>τῆς</strong></span> <span class='ocrx_word' id='word_1_134' title='bbox 2677 1067 2769 1120; x_wconf 87' lang='grc' dir='ltr'><strong>τοῦ</strong></span> <span class='ocrx_word' id='word_1_135' title='bbox 2830 1065 3129 1140; x_wconf 87' lang='grc' dir='ltr'>Πνεύματος</span> <span class='ocrx_word' id='word_1_136' title='bbox 3197 1065 3557 1136; x_wconf 73' lang='grc' dir='ltr'>ὑποστάσεως,</span> <span class='ocrx_word' id='word_1_137' title='bbox 3615 1062 3668 1117; x_wconf 78' lang='lat' dir='ltr'>Ev</span> <span class='ocrx_word' id='word_1_138' title='bbox 3707 1060 3847 1117; x_wconf 90' lang='grc' dir='ltr'>πολ-</span> 
     </span>
    </p>
   </div>
   <div class='ocr_carea' id='block_1_21' title="bbox 2200 1150 3848 1231">
    <p class='ocr_par' dir='ltr' id='par_1_21' title="bbox 2200 1150 3848 1231">
     <span class='ocr_line' id='line_1_21' title="bbox 2200 1150 3848 1231; baseline -0.002 -22"><span class='ocrx_word' id='word_1_139' title='bbox 2200 1152 2322 1216; x_wconf 77' lang='grc' dir='ltr'>λαῖς</span> <span class='ocrx_word' id='word_1_140' title='bbox 2381 1154 2573 1208; x_wconf 73' lang='grc' dir='ltr'>ἐκεῖνοι</span> <span class='ocrx_word' id='word_1_141' title='bbox 2632 1150 2830 1228; x_wconf 76' lang='grc' dir='ltr'>βίϐλοις</span> <span class='ocrx_word' id='word_1_142' title='bbox 2887 1153 2983 1220; x_wconf 72' lang='grc' dir='ltr'>τῆς</span> <span class='ocrx_word' id='word_1_143' title='bbox 3066 1156 3157 1210; x_wconf 86' lang='grc' dir='ltr'><strong>τοῦ</strong></span> <span class='ocrx_word' id='word_1_144' title='bbox 3226 1155 3429 1231; x_wconf 80' lang='grc' dir='ltr'>Πατρὸς</span> <span class='ocrx_word' id='word_1_145' title='bbox 3510 1151 3848 1212; x_wconf 77' lang='grc' dir='ltr'>ὑποστάσεως</span> 
     </span>
    </p>
   </div>
   <div class='ocr_carea' id='block_1_22' title="bbox 2198 1240 3848 1320">
    <p class='ocr_par' dir='ltr' id='par_1_22' title="bbox 2198 1240 3848 1320">
     <span class='ocr_line' id='line_1_22' title="bbox 2198 1240 3848 1320; baseline 0.001 -24"><span class='ocrx_word' id='word_1_146' title='bbox 2198 1240 2462 1320; x_wconf 76' lang='grc' dir='ltr'>ἔγραψαν,</span> <span class='ocrx_word' id='word_1_147' title='bbox 2521 1249 2768 1300; x_wconf 87' lang='grc' dir='ltr'>τοσοῦτον</span> <span class='ocrx_word' id='word_1_148' title='bbox 2827 1243 2957 1320; x_wconf 85' lang='grc' dir='ltr'>πρὸς</span> <span class='ocrx_word' id='word_1_149' title='bbox 3022 1243 3083 1298; x_wconf 84' lang='grc' dir='ltr'>τὸ</span> <span class='ocrx_word' id='word_1_150' title='bbox 3143 1241 3280 1306; x_wconf 77' lang='grc' dir='ltr'>εὒθὲς</span> <span class='ocrx_word' id='word_1_151' title='bbox 3337 1241 3740 1317; x_wconf 81' lang='grc' dir='ltr'>μυωπάσαντες,</span> <span class='ocrx_word' id='word_1_152' title='bbox 3775 1242 3848 1304; x_wconf 81' lang='grc' dir='ltr'>ὡς</span> 
     </span>
    </p>
   </div>
   <div class='ocr_carea' id='block_1_23' title="bbox 2526 1328 3850 1406">
    <p class='ocr_par' dir='ltr' id='par_1_23' title="bbox 2526 1328 3850 1406">
     <span class='ocr_line' id='line_1_23' title="bbox 2526 1328 3850 1406; baseline 0 -22"><span class='ocrx_word' id='word_1_153' title='bbox 2526 1349 2542 1366; x_wconf 72' lang='grc' dir='ltr'>σ</span> <span class='ocrx_word' id='word_1_154' title='bbox 2577 1329 2668 1385; x_wconf 76' lang='grc' dir='ltr'>ἵνα</span> <span class='ocrx_word' id='word_1_155' title='bbox 2699 1330 2857 1406; x_wconf 88' lang='grc' dir='ltr'>μόνον</span> <span class='ocrx_word' id='word_1_156' title='bbox 2907 1328 3220 1397; x_wconf 80' lang='grc' dir='ltr'><strong>ἀδιανόητον</strong></span> <span class='ocrx_word' id='word_1_157' title='bbox 3247 1333 3514 1401; x_wconf 79' lang='grc' dir='ltr'>ποιήσωσι</span> <span class='ocrx_word' id='word_1_158' title='bbox 3544 1331 3605 1386; x_wconf 83' lang='grc' dir='ltr'>τὸ</span> <span class='ocrx_word' id='word_1_159' title='bbox 3637 1331 3850 1406; x_wconf 89' lang='grc' dir='ltr'>Πνεῦμα</span> 
     </span>
    </p>
   </div>
   <div class='ocr_carea' id='block_1_24' title="bbox 457 1417 2214 1494">
    <p class='ocr_par' dir='ltr' id='par_1_24' title="bbox 457 1417 2214 1494">
     <span class='ocr_line' id='line_1_24' title="bbox 457 1417 2214 1494; baseline 0.005 -22"><span class='ocrx_word' id='word_1_160' title='bbox 457 1417 520 1472; x_wconf 82' lang='grc' dir='ltr'>τὸ</span> <span class='ocrx_word' id='word_1_161' title='bbox 545 1423 759 1494; x_wconf 82' lang='grc' dir='ltr'>Πνεῦμα</span> <span class='ocrx_word' id='word_1_162' title='bbox 803 1419 887 1476; x_wconf 80' lang='grc' dir='ltr'>διὰ</span> <span class='ocrx_word' id='word_1_163' title='bbox 935 1423 1028 1478; x_wconf 89' lang='grc' dir='ltr'><strong>τοῦ</strong></span> <span class='ocrx_word' id='word_1_164' title='bbox 1083 1424 1226 1492; x_wconf 82' lang='grc' dir='ltr'>Υἱοῦ,</span> <span class='ocrx_word' id='word_1_165' title='bbox 1260 1423 1345 1476; x_wconf 73' lang='grc' dir='ltr'><strong>καὶ</strong></span> <span class='ocrx_word' id='word_1_166' title='bbox 1376 1423 1510 1476; x_wconf 85' lang='grc' dir='ltr'>κατὰ</span> <span class='ocrx_word' id='word_1_167' title='bbox 1537 1429 1689 1479; x_wconf 87' lang='grc' dir='ltr'>τοῦτο</span> <span class='ocrx_word' id='word_1_168' title='bbox 1719 1424 1806 1477; x_wconf 86' lang='grc' dir='ltr'><strong>καὶ</strong></span> <span class='ocrx_word' id='word_1_169' title='bbox 1835 1422 1894 1477; x_wconf 85' lang='lat' dir='ltr'><strong>Ex</strong></span> <span class='ocrx_word' id='word_1_170' title='bbox 1935 1433 2024 1480; x_wconf 92' lang='lat'><strong>105</strong></span> <span class='ocrx_word' id='word_1_171' title='bbox 2073 1425 2214 1481; x_wconf 83' lang='grc' dir='ltr'>Υἱοῦ.</span> 
     </span>
    </p>
   </div>
   <div class='ocr_carea' id='block_1_25' title="bbox 554 1505 2113 1588">
    <p class='ocr_par' dir='ltr' id='par_1_25' title="bbox 554 1505 2113 1588">
     <span class='ocr_line' id='line_1_25' title="bbox 554 1505 2113 1588; baseline 0.003 -23"><span class='ocrx_word' id='word_1_172' title='bbox 554 1505 648 1567; x_wconf 88' lang='grc'><strong>15.</strong></span> <span class='ocrx_word' id='word_1_173' title='bbox 685 1506 871 1579; x_wconf 88' lang='lat' dir='ltr'><strong>Quale</strong></span> <span class='ocrx_word' id='word_1_174' title='bbox 896 1507 1072 1569; x_wconf 88' lang='lat' dir='ltr'><strong>etiam</strong></span> <span class='ocrx_word' id='word_1_175' title='bbox 1095 1507 1415 1587; x_wconf 81' lang='lat' dir='ltr'><strong>contigisse</strong></span> <span class='ocrx_word' id='word_1_176' title='bbox 1437 1509 1840 1588; x_wconf 91' lang='lat' dir='ltr'><strong>comperimus</strong></span> <span class='ocrx_word' id='word_1_177' title='bbox 1860 1509 1920 1570; x_wconf 91' lang='lat' dir='ltr'><strong>in</strong></span> <span class='ocrx_word' id='word_1_178' title='bbox 1940 1510 2113 1570; x_wconf 90' lang='lat' dir='ltr'><strong>theo-</strong></span> 
     </span>
    </p>
   </div>
   <div class='ocr_carea' id='block_1_26' title="bbox 465 1593 2117 1677">
    <p class='ocr_par' dir='ltr' id='par_1_26' title="bbox 465 1593 2117 1677">
     <span class='ocr_line' id='line_1_26' title="bbox 465 1593 2117 1677; baseline 0.002 -23"><span class='ocrx_word' id='word_1_179' title='bbox 465 1593 676 1672; x_wconf 85' lang='lat' dir='ltr'><strong>logicis</strong></span> <span class='ocrx_word' id='word_1_180' title='bbox 707 1597 902 1675; x_wconf 83' lang='lat' dir='ltr'><strong>magni</strong></span> <span class='ocrx_word' id='word_1_181' title='bbox 929 1595 1248 1677; x_wconf 89' lang='lat' dir='ltr'><strong>Epiphanii</strong></span> <span class='ocrx_word' id='word_1_182' title='bbox 1291 1595 1487 1673; x_wconf 90' lang='lat' dir='ltr'><strong>dictis,</strong></span> <span class='ocrx_word' id='word_1_183' title='bbox 1524 1617 1654 1677; x_wconf 83' lang='lat' dir='ltr'><strong>quae</strong></span> <span class='ocrx_word' id='word_1_184' title='bbox 1682 1598 1783 1659; x_wconf 91' lang='lat' dir='ltr'><strong>ille</strong></span> <span class='ocrx_word' id='word_1_185' title='bbox 1813 1598 1988 1670; x_wconf 87' lang='lat' dir='ltr'><strong>libro,</strong></span> <span class='ocrx_word' id='word_1_186' title='bbox 2024 1597 2117 1659; x_wconf 91' lang='lat' dir='ltr'><strong>cui</strong></span> 
     </span>
    </p>
   </div>
   <div class='ocr_carea' id='block_1_27' title="bbox 460 1684 2118 1765">
    <p class='ocr_par' dir='ltr' id='par_1_27' title="bbox 460 1684 2118 1765">
     <span class='ocr_line' id='line_1_27' title="bbox 460 1684 2118 1765; baseline 0.002 -23"><span class='ocrx_word' id='word_1_187' title='bbox 460 1700 680 1744; x_wconf 91' lang='lat' dir='ltr'><strong>nomen</strong></span> <span class='ocrx_word' id='word_1_188' title='bbox 709 1686 1031 1765; x_wconf 81' lang='lat' dir='ltr'><strong>Ancyroto,</strong></span> <span class='ocrx_word' id='word_1_189' title='bbox 1072 1684 1339 1764; x_wconf 81' lang='lat' dir='ltr'><strong>digessit.</strong></span> <span class='ocrx_word' id='word_1_190' title='bbox 1381 1684 1468 1747; x_wconf 93' lang='lat' dir='ltr'><strong>Ibi</strong></span> <span class='ocrx_word' id='word_1_191' title='bbox 1502 1685 1659 1746; x_wconf 91' lang='lat' dir='ltr'><strong>enim</strong></span> <span class='ocrx_word' id='word_1_192' title='bbox 1693 1695 1930 1746; x_wconf 85' lang='lat' dir='ltr'><strong>sanctus</strong></span> <span class='ocrx_word' id='word_1_193' title='bbox 1959 1687 2118 1746; x_wconf 91' lang='lat' dir='ltr'><strong>hunc</strong></span> 
     </span>
    </p>
   </div>
   <div class='ocr_carea' id='block_1_28' title="bbox 2282 1498 3847 1586">
    <p class='ocr_par' dir='ltr' id='par_1_28' title="bbox 2282 1498 3847 1586">
     <span class='ocr_line' id='line_1_28' title="bbox 2282 1498 3847 1586; baseline 0.001 -23"><span class='ocrx_word' id='word_1_194' title='bbox 2282 1498 2368 1566; x_wconf 74' lang='grc' dir='ltr'>ιε’.</span> <span class='ocrx_word' id='word_1_195' title='bbox 2435 1499 2653 1564; x_wconf 76' lang='grc' dir='ltr'>Ὀποϊόν</span> <span class='ocrx_word' id='word_1_196' title='bbox 2720 1529 2777 1562; x_wconf 88' lang='grc' dir='ltr'><strong>τι</strong></span> <span class='ocrx_word' id='word_1_197' title='bbox 2845 1506 3028 1584; x_wconf 88' lang='grc' dir='ltr'>γέγονε</span> <span class='ocrx_word' id='word_1_198' title='bbox 3100 1509 3188 1564; x_wconf 87' lang='grc' dir='ltr'><strong>καὶ</strong></span> <span class='ocrx_word' id='word_1_199' title='bbox 3256 1508 3310 1564; x_wconf 83' lang='lat' dir='ltr'>Ev</span> <span class='ocrx_word' id='word_1_200' title='bbox 3379 1522 3472 1565; x_wconf 74' lang='grc' dir='ltr'>κοῒ</span> <span class='ocrx_word' id='word_1_201' title='bbox 3524 1507 3847 1586; x_wconf 77' lang='grc' dir='ltr'>θεολογικῶς</span> 
     </span>
    </p>
   </div>
   <div class='ocr_carea' id='block_1_29' title="bbox 2198 1593 3850 1674">
    <p class='ocr_par' dir='ltr' id='par_1_29' title="bbox 2198 1593 3850 1674">
     <span class='ocr_line' id='line_1_29' title="bbox 2198 1593 3850 1674; baseline -0.001 -21"><span class='ocrx_word' id='word_1_202' title='bbox 2198 1596 2341 1674; x_wconf 82' lang='grc' dir='ltr'>παρὰ</span> <span class='ocrx_word' id='word_1_203' title='bbox 2412 1605 2504 1654; x_wconf 87' lang='grc' dir='ltr'><strong>τοῦ</strong></span> <span class='ocrx_word' id='word_1_204' title='bbox 2574 1596 2808 1673; x_wconf 69' lang='grc' dir='ltr'>μεγάλου</span> <span class='ocrx_word' id='word_1_205' title='bbox 2893 1593 3199 1674; x_wconf 80' lang='grc' dir='ltr'>Ἐπιφανίου</span> <span class='ocrx_word' id='word_1_206' title='bbox 3283 1597 3336 1652; x_wconf 74' lang='grc' dir='ltr'>ἑν</span> <span class='ocrx_word' id='word_1_207' title='bbox 3405 1603 3482 1672; x_wconf 81' lang='grc' dir='ltr'><strong>τῷ</strong></span> <span class='ocrx_word' id='word_1_208' title='bbox 3540 1596 3850 1670; x_wconf 69' lang='grc' dir='ltr'>καλουμένῳ</span> 
     </span>
    </p>
   </div>
   <div class='ocr_carea' id='block_1_30' title="bbox 2200 1676 3846 1764">
    <p class='ocr_par' dir='ltr' id='par_1_30' title="bbox 2200 1676 3846 1764">
     <span class='ocr_line' id='line_1_30' title="bbox 2200 1676 3846 1764; baseline 0.001 -24"><span class='ocrx_word' id='word_1_209' title='bbox 2200 1683 2520 1764; x_wconf 79' lang='grc' dir='ltr'>Ἀγκυρωτῴ</span> <span class='ocrx_word' id='word_1_210' title='bbox 2580 1683 2899 1762; x_wconf 77' lang='grc' dir='ltr'>εἰρημένοις.</span> <span class='ocrx_word' id='word_1_211' title='bbox 2932 1682 2946 1706; x_wconf 85' lang='grc'><strong>’</strong></span> <span class='ocrx_word' id='word_1_212' title='bbox 3009 1686 3203 1742; x_wconf 75' lang='grc' dir='ltr'>Εκεῖσε</span> <span class='ocrx_word' id='word_1_213' title='bbox 3257 1686 3355 1764; x_wconf 82' lang='grc' dir='ltr'>γὰρ</span> <span class='ocrx_word' id='word_1_214' title='bbox 3411 1689 3439 1742; x_wconf 82' lang='grc' dir='ltr'><strong>ὁ</strong></span> <span class='ocrx_word' id='word_1_215' title='bbox 3497 1686 3590 1761; x_wconf 79' lang='grc' dir='ltr'><strong>μὲν</strong></span> <span class='ocrx_word' id='word_1_216' title='bbox 3625 1676 3660 1698; x_wconf 56' lang='grc' dir='ltr'>υ</span> <span class='ocrx_word' id='word_1_217' title='bbox 3689 1691 3846 1764; x_wconf 81' lang='grc' dir='ltr'>Λγιος</span> 
     </span>
    </p>
   </div>
   <div class='ocr_carea' id='block_1_31' title="bbox 458 1757 2119 1855">
    <p class='ocr_par' dir='ltr' id='par_1_31' title="bbox 458 1757 2117 1855">
     <span class='ocr_line' id='line_1_31' title="bbox 458 1757 2117 1855; baseline 0.002 -24"><span class='ocrx_word' id='word_1_218' title='bbox 458 1769 522 1832; x_wconf 91' lang='lat' dir='ltr'><strong>in</strong></span> <span class='ocrx_word' id='word_1_219' title='bbox 555 1772 796 1833; x_wconf 90' lang='lat' dir='ltr'><strong>modum</strong></span> <span class='ocrx_word' id='word_1_220' title='bbox 845 1757 1166 1853; x_wconf 46' lang='lat' dir='ltr'><strong>loquitur&#39;:</strong></span> <span class='ocrx_word' id='word_1_221' title='bbox 1209 1771 1384 1850; x_wconf 85' lang='lat' dir='ltr'><strong>«Sed,</strong></span> <span class='ocrx_word' id='word_1_222' title='bbox 1447 1786 1511 1834; x_wconf 82' lang='lat' dir='ltr'><strong>ut</strong></span> <span class='ocrx_word' id='word_1_223' title='bbox 1566 1793 1725 1849; x_wconf 88' lang='lat' dir='ltr'><strong>reor,</strong></span> <span class='ocrx_word' id='word_1_224' title='bbox 1777 1781 2025 1855; x_wconf 83' lang='lat' dir='ltr'><strong>utraque</strong></span> <span class='ocrx_word' id='word_1_225' title='bbox 2054 1775 2117 1835; x_wconf 91' lang='lat' dir='ltr'><strong>in</strong></span> 
     </span>
    </p>
   </div>
   <div class='ocr_carea' id='block_1_32' title="bbox 2201 1757 3847 1855">
    <p class='ocr_par' dir='ltr' id='par_1_32' title="bbox 2201 1757 3847 1854">
     <span class='ocr_line' id='line_1_32' title="bbox 2201 1757 3847 1854; baseline -0.001 -24"><span class='ocrx_word' id='word_1_226' title='bbox 2201 1757 2336 1830; x_wconf 77' lang='grc' dir='ltr'>οὕτω</span> <span class='ocrx_word' id='word_1_227' title='bbox 2365 1757 2522 1852; x_wconf 62' lang='grc' dir='ltr'>ξρησίν</span> <span class='ocrx_word' id='word_1_228' title='bbox 2553 1792 2569 1810; x_wconf 80' lang='grc' dir='ltr'><strong><em>ο</em></strong></span> <span class='ocrx_word' id='word_1_229' title='bbox 2609 1757 2637 1827; x_wconf 64' lang='grc' dir='ltr'>ά</span> <span class='ocrx_word' id='word_1_230' title='bbox 2693 1757 2864 1846; x_wconf 61' lang='grc' dir='ltr'>Ἀλλ’,</span> <span class='ocrx_word' id='word_1_231' title='bbox 2941 1775 3120 1849; x_wconf 75' lang='grc' dir='ltr'>οἶμαι,</span> <span class='ocrx_word' id='word_1_232' title='bbox 3185 1757 3456 1854; x_wconf 67' lang='grc' dir='ltr'>ἀμίρότερα</span> <span class='ocrx_word' id='word_1_233' title='bbox 3499 1757 3759 1831; x_wconf 67' lang='grc' dir='ltr'><strong>⁷κατοικεῖ⁷</strong></span> <span class='ocrx_word' id='word_1_234' title='bbox 3793 1775 3847 1830; x_wconf 83' lang='grc' dir='ltr'>ἐν</span> 
     </span>
    </p>
   </div>
   <div class='ocr_carea' id='block_1_33' title="bbox 457 1860 2113 1944">
    <p class='ocr_par' dir='ltr' id='par_1_33' title="bbox 457 1860 2113 1944">
     <span class='ocr_line' id='line_1_33' title="bbox 457 1860 2113 1944; baseline 0.002 -22"><span class='ocrx_word' id='word_1_235' title='bbox 457 1860 704 1922; x_wconf 86' lang='lat' dir='ltr'><strong>homine</strong></span> <span class='ocrx_word' id='word_1_236' title='bbox 741 1863 903 1941; x_wconf 88' lang='lat' dir='ltr'><strong>justo</strong></span> <span class='ocrx_word' id='word_1_237' title='bbox 945 1861 1320 1938; x_wconf 79' lang='lat' dir='ltr'><strong>inhabitant;</strong></span> <span class='ocrx_word' id='word_1_238' title='bbox 1359 1861 1626 1924; x_wconf 90' lang='lat' dir='ltr'><strong>Christus</strong></span> <span class='ocrx_word' id='word_1_239' title='bbox 1659 1871 1717 1924; x_wconf 93' lang='lat' dir='ltr'><strong>et</strong></span> <span class='ocrx_word' id='word_1_240' title='bbox 1746 1861 2005 1944; x_wconf 85' lang='lat' dir='ltr'><strong>Spiritus</strong></span> <span class='ocrx_word' id='word_1_241' title='bbox 2037 1864 2113 1925; x_wconf 92' lang='lat' dir='ltr'><strong>il-</strong></span> 
     </span>
    </p>
   </div>
   <div class='ocr_carea' id='block_1_34' title="bbox 462 1947 2116 2031">
    <p class='ocr_par' dir='ltr' id='par_1_34' title="bbox 462 1947 2116 2031">
     <span class='ocr_line' id='line_1_34' title="bbox 462 1947 2116 2031; baseline 0.002 -23"><span class='ocrx_word' id='word_1_242' title='bbox 462 1947 599 2012; x_wconf 83' lang='lat' dir='ltr'><strong>lius.</strong></span> <span class='ocrx_word' id='word_1_243' title='bbox 635 1947 801 2021; x_wconf 86' lang='lat' dir='ltr'><strong>Quod</strong></span> <span class='ocrx_word' id='word_1_244' title='bbox 835 1950 885 2013; x_wconf 89' lang='lat' dir='ltr'><strong>si</strong></span> <span class='ocrx_word' id='word_1_245' title='bbox 915 1948 1182 2012; x_wconf 87' lang='lat' dir='ltr'><strong>Christus</strong></span> <span class='ocrx_word' id='word_1_246' title='bbox 1229 1969 1298 2010; x_wconf 84' lang='lat' dir='ltr'>ex</span> <span class='ocrx_word' id='word_1_247' title='bbox 1332 1952 1506 2012; x_wconf 87' lang='lat' dir='ltr'><strong>Patre</strong></span> <span class='ocrx_word' id='word_1_248' title='bbox 1532 1950 1819 2031; x_wconf 89' lang='lat' dir='ltr'><strong>creditur,</strong></span> <span class='ocrx_word' id='word_1_249' title='bbox 1856 1953 2014 2014; x_wconf 84' lang='lat' dir='ltr'><strong>Deus</strong></span> <span class='ocrx_word' id='word_1_250' title='bbox 2047 1971 2116 2013; x_wconf 85' lang='lat' dir='ltr'>ex</span> 
     </span>
    </p>
   </div>
   <div class='ocr_carea' id='block_1_35' title="bbox 464 2034 2115 2120">
    <p class='ocr_par' dir='ltr' id='par_1_35' title="bbox 464 2034 2115 2120">
     <span class='ocr_line' id='line_1_35' title="bbox 464 2034 2115 2120; baseline 0.002 -21"><span class='ocrx_word' id='word_1_251' title='bbox 464 2034 613 2114; x_wconf 89' lang='lat' dir='ltr'><strong>Deo,</strong></span> <span class='ocrx_word' id='word_1_252' title='bbox 676 2046 735 2099; x_wconf 92' lang='lat' dir='ltr'><strong>et</strong></span> <span class='ocrx_word' id='word_1_253' title='bbox 782 2037 1038 2120; x_wconf 90' lang='lat' dir='ltr'><strong>Spiritus</strong></span> <span class='ocrx_word' id='word_1_254' title='bbox 1095 2057 1165 2099; x_wconf 86' lang='lat' dir='ltr'>ex</span> <span class='ocrx_word' id='word_1_255' title='bbox 1207 2038 1463 2114; x_wconf 83' lang='lat' dir='ltr'><strong>Christo,</strong></span> <span class='ocrx_word' id='word_1_256' title='bbox 1494 2048 1594 2100; x_wconf 92' lang='lat' dir='ltr'><strong>aut</strong></span> <span class='ocrx_word' id='word_1_257' title='bbox 1624 2056 1693 2103; x_wconf 84' lang='lat' dir='ltr'>ex</span> <span class='ocrx_word' id='word_1_258' title='bbox 1724 2040 2014 2120; x_wconf 86' lang='lat' dir='ltr'><strong>utrisque,</strong></span> <span class='ocrx_word' id='word_1_259' title='bbox 2051 2048 2115 2102; x_wconf 88' lang='lat' dir='ltr'><strong>ut</strong></span> 
     </span>
    </p>
   </div>
   <div class='ocr_carea' id='block_1_36' title="bbox 466 2126 2114 2208">
    <p class='ocr_par' dir='ltr' id='par_1_36' title="bbox 466 2126 2114 2208">
     <span class='ocr_line' id='line_1_36' title="bbox 466 2126 2114 2208; baseline 0.001 -18"><span class='ocrx_word' id='word_1_260' title='bbox 466 2126 732 2190; x_wconf 86' lang='lat' dir='ltr'><strong>Christus</strong></span> <span class='ocrx_word' id='word_1_261' title='bbox 755 2127 1015 2208; x_wconf 89' lang='lat' dir='ltr'><strong>loquitur</strong></span> <span class='ocrx_word' id='word_1_262' title='bbox 1039 2147 1052 2187; x_wconf 91' lang='lat'><strong>:</strong></span> <span class='ocrx_word' id='word_1_263' title='bbox 1071 2126 1183 2199; x_wconf 89' lang='lat' dir='ltr'><strong>Qui</strong></span> <span class='ocrx_word' id='word_1_264' title='bbox 1206 2146 1276 2188; x_wconf 87' lang='lat' dir='ltr'>ex</span> <span class='ocrx_word' id='word_1_265' title='bbox 1293 2127 1463 2188; x_wconf 89' lang='lat' dir='ltr'><strong>Patre</strong></span> <span class='ocrx_word' id='word_1_266' title='bbox 1481 2129 1770 2208; x_wconf 89' lang='lat' dir='ltr'><strong>procedit,</strong></span> <span class='ocrx_word' id='word_1_267' title='bbox 1789 2137 1845 2190; x_wconf 89' lang='lat' dir='ltr'><strong>et</strong></span> <span class='ocrx_word' id='word_1_268' title='bbox 1867 2151 1880 2190; x_wconf 88' lang='lat'><strong>:</strong></span> <span class='ocrx_word' id='word_1_269' title='bbox 1904 2129 2014 2191; x_wconf 91' lang='lat' dir='ltr'><strong>Hic</strong></span> <span class='ocrx_word' id='word_1_270' title='bbox 2045 2149 2114 2191; x_wconf 87' lang='lat' dir='ltr'>ex</span> 
     </span>
    </p>
   </div>
   <div class='ocr_carea' id='block_1_37' title="bbox 465 2215 2115 2296">
    <p class='ocr_par' dir='ltr' id='par_1_37' title="bbox 465 2215 2115 2296">
     <span class='ocr_line' id='line_1_37' title="bbox 465 2215 2115 2296; baseline 0.002 -21"><span class='ocrx_word' id='word_1_271' title='bbox 465 2233 601 2277; x_wconf 90' lang='lat' dir='ltr'><strong>meo</strong></span> <span class='ocrx_word' id='word_1_272' title='bbox 633 2216 908 2295; x_wconf 88' lang='lat' dir='ltr'><strong>accipiet.</strong></span> <span class='ocrx_word' id='word_1_273' title='bbox 949 2240 972 2272; x_wconf 75' lang='grc' dir='ltr'><strong>ιι</strong></span> <span class='ocrx_word' id='word_1_274' title='bbox 1007 2215 1118 2288; x_wconf 90' lang='lat' dir='ltr'><strong>Qui</strong></span> <span class='ocrx_word' id='word_1_275' title='bbox 1166 2235 1303 2277; x_wconf 91' lang='lat' dir='ltr'><strong>vero</strong></span> <span class='ocrx_word' id='word_1_276' title='bbox 1362 2217 1425 2277; x_wconf 87' lang='lat' dir='ltr'><strong>in</strong></span> <span class='ocrx_word' id='word_1_277' title='bbox 1455 2219 1910 2296; x_wconf 89' lang='lat' dir='ltr'><strong>corrumpendis</strong></span> <span class='ocrx_word' id='word_1_278' title='bbox 1941 2219 2115 2280; x_wconf 89' lang='lat' dir='ltr'><strong>dictis</strong></span> 
     </span>
    </p>
   </div>
   <div class='ocr_carea' id='block_1_38' title="bbox 462 2303 2108 2388">
    <p class='ocr_par' dir='ltr' id='par_1_38' title="bbox 462 2303 2108 2388">
     <span class='ocr_line' id='line_1_38' title="bbox 462 2303 2108 2388; baseline 0.002 -24"><span class='ocrx_word' id='word_1_279' title='bbox 462 2303 638 2383; x_wconf 87' lang='lat' dir='ltr'><strong>plane</strong></span> <span class='ocrx_word' id='word_1_280' title='bbox 657 2303 988 2380; x_wconf 89' lang='lat' dir='ltr'><strong>insaniunt,</strong></span> <span class='ocrx_word' id='word_1_281' title='bbox 1029 2303 1128 2365; x_wconf 71' lang='lat' dir='ltr'><strong>cSi</strong></span> <span class='ocrx_word' id='word_1_282' title='bbox 1152 2304 1420 2366; x_wconf 91' lang='lat' dir='ltr'><strong>Christus</strong></span> <span class='ocrx_word' id='word_1_283' title='bbox 1440 2323 1506 2365; x_wconf 84' lang='lat' dir='ltr'>ex</span> <span class='ocrx_word' id='word_1_284' title='bbox 1533 2303 1756 2383; x_wconf 90' lang='lat' dir='ltr'><strong>Spiritu</strong></span> <span class='ocrx_word' id='word_1_285' title='bbox 1788 2308 2108 2388; x_wconf 67' lang='lat' dir='ltr'><strong>creditur,»</strong></span> 
     </span>
    </p>
   </div>
   <div class='ocr_carea' id='block_1_39' title="bbox 461 2391 2114 2474">
    <p class='ocr_par' dir='ltr' id='par_1_39' title="bbox 461 2391 2114 2474">
     <span class='ocr_line' id='line_1_39' title="bbox 461 2391 2114 2474; baseline 0.002 -21"><span class='ocrx_word' id='word_1_286' title='bbox 461 2391 936 2474; x_wconf 70' lang='lat' dir='ltr'><strong>descripserunt,</strong></span> <span class='ocrx_word' id='word_1_287' title='bbox 967 2392 1158 2454; x_wconf 66' lang='lat' dir='ltr'><strong>«Deus</strong></span> <span class='ocrx_word' id='word_1_288' title='bbox 1206 2411 1276 2454; x_wconf 82' lang='lat' dir='ltr'>ex</span> <span class='ocrx_word' id='word_1_289' title='bbox 1292 2392 1437 2472; x_wconf 92' lang='lat' dir='ltr'><strong>Deo,</strong></span> <span class='ocrx_word' id='word_1_290' title='bbox 1466 2400 1522 2452; x_wconf 92' lang='lat' dir='ltr'><strong>et</strong></span> <span class='ocrx_word' id='word_1_291' title='bbox 1553 2391 1808 2473; x_wconf 90' lang='lat' dir='ltr'><strong>Spiritus</strong></span> <span class='ocrx_word' id='word_1_292' title='bbox 1839 2414 1907 2456; x_wconf 84' lang='lat' dir='ltr'>ex</span> <span class='ocrx_word' id='word_1_293' title='bbox 1940 2396 2114 2458; x_wconf 88' lang='lat' dir='ltr'><strong>Chri-</strong></span> 
     </span>
    </p>
   </div>
   <div class='ocr_carea' id='block_1_40' title="bbox 462 2480 2112 2562">
    <p class='ocr_par' dir='ltr' id='par_1_40' title="bbox 462 2480 2112 2562">
     <span class='ocr_line' id='line_1_40' title="bbox 462 2480 2112 2562; baseline 0.001 -18"><span class='ocrx_word' id='word_1_294' title='bbox 462 2488 577 2545; x_wconf 90' lang='lat' dir='ltr'><strong>sto.</strong></span> <span class='ocrx_word' id='word_1_295' title='bbox 592 2483 750 2545; x_wconf 72' lang='lat' dir='ltr'><strong>nNec</strong></span> <span class='ocrx_word' id='word_1_296' title='bbox 767 2481 1469 2560; x_wconf 82' lang='lat' dir='ltr'><strong>intellexerunt,similem</strong></span> <span class='ocrx_word' id='word_1_297' title='bbox 1486 2480 1628 2542; x_wconf 88' lang='lat' dir='ltr'><strong>dicti</strong></span> <span class='ocrx_word' id='word_1_298' title='bbox 1647 2485 2112 2562; x_wconf 86' lang='lat' dir='ltr'><strong>corruptionem,</strong></span> 
     </span>
    </p>
   </div>
   <div class='ocr_carea' id='block_1_41' title="bbox 465 2571 2114 2652">
    <p class='ocr_par' dir='ltr' id='par_1_41' title="bbox 465 2571 2114 2652">
     <span class='ocr_line' id='line_1_41' title="bbox 465 2571 2114 2652; baseline 0.001 -20"><span class='ocrx_word' id='word_1_299' title='bbox 465 2571 686 2634; x_wconf 91' lang='lat' dir='ltr'><strong>mentis</strong></span> <span class='ocrx_word' id='word_1_300' title='bbox 708 2572 883 2652; x_wconf 90' lang='lat' dir='ltr'><strong>plane</strong></span> <span class='ocrx_word' id='word_1_301' title='bbox 914 2589 1042 2632; x_wconf 87' lang='lat' dir='ltr'><strong>esse</strong></span> <span class='ocrx_word' id='word_1_302' title='bbox 1101 2579 1361 2650; x_wconf 89' lang='lat' dir='ltr'><strong>apertam</strong></span> <span class='ocrx_word' id='word_1_303' title='bbox 1393 2571 1858 2651; x_wconf 87' lang='lat' dir='ltr'><strong>corruptionem.</strong></span> <span class='ocrx_word' id='word_1_304' title='bbox 1896 2573 2114 2635; x_wconf 93' lang='lat' dir='ltr'><strong>Demus</strong></span> 
     </span>
    </p>
   </div>
   <div class='ocr_carea' id='block_1_42' title="bbox 467 2659 2113 2742">
    <p class='ocr_par' dir='ltr' id='par_1_42' title="bbox 467 2659 2113 2742">
     <span class='ocr_line' id='line_1_42' title="bbox 467 2659 2113 2742; baseline 0 -19"><span class='ocrx_word' id='word_1_305' title='bbox 467 2659 627 2723; x_wconf 89' lang='lat' dir='ltr'><strong>enim</strong></span> <span class='ocrx_word' id='word_1_306' title='bbox 649 2659 872 2722; x_wconf 91' lang='lat' dir='ltr'><strong>dictum</strong></span> <span class='ocrx_word' id='word_1_307' title='bbox 893 2660 975 2721; x_wconf 91' lang='lat' dir='ltr'><strong>ita</strong></span> <span class='ocrx_word' id='word_1_308' title='bbox 1021 2659 1305 2721; x_wconf 90' lang='lat' dir='ltr'><strong>dictatum</strong></span> <span class='ocrx_word' id='word_1_309' title='bbox 1327 2659 1506 2720; x_wconf 83' lang='lat' dir='ltr'><strong>fuisse</strong></span> <span class='ocrx_word' id='word_1_310' title='bbox 1534 2680 1548 2717; x_wconf 93' lang='lat'><strong>:</strong></span> <span class='ocrx_word' id='word_1_311' title='bbox 1591 2659 1712 2742; x_wconf 80' lang='lat' dir='ltr'><strong>«Si</strong></span> <span class='ocrx_word' id='word_1_312' title='bbox 1745 2659 2012 2724; x_wconf 89' lang='lat' dir='ltr'><strong>Christus</strong></span> <span class='ocrx_word' id='word_1_313' title='bbox 2043 2682 2113 2724; x_wconf 82' lang='lat' dir='ltr'>ex</span> 
     </span>
    </p>
   </div>
   <div class='ocr_carea' id='block_1_43' title="bbox 464 2746 2112 2831">
    <p class='ocr_par' dir='ltr' id='par_1_43' title="bbox 464 2746 2112 2831">
     <span class='ocr_line' id='line_1_43' title="bbox 464 2746 2112 2831; baseline 0.001 -18"><span class='ocrx_word' id='word_1_314' title='bbox 464 2747 689 2829; x_wconf 86' lang='lat' dir='ltr'><strong>Spiritu</strong></span> <span class='ocrx_word' id='word_1_315' title='bbox 730 2749 1014 2811; x_wconf 88' lang='lat' dir='ltr'><strong>creditur.</strong></span> <span class='ocrx_word' id='word_1_316' title='bbox 1053 2772 1079 2803; x_wconf 74' lang='grc' dir='ltr'>ιο</span> <span class='ocrx_word' id='word_1_317' title='bbox 1117 2746 1274 2809; x_wconf 91' lang='lat' dir='ltr'><strong>Nihil</strong></span> <span class='ocrx_word' id='word_1_318' title='bbox 1326 2747 1466 2808; x_wconf 92' lang='lat' dir='ltr'><strong>inde</strong></span> <span class='ocrx_word' id='word_1_319' title='bbox 1518 2758 1803 2826; x_wconf 89' lang='lat' dir='ltr'><strong>sequetur</strong></span> <span class='ocrx_word' id='word_1_320' title='bbox 1831 2770 1864 2811; x_wconf 93' lang='lat' dir='ltr'><strong>a</strong></span> <span class='ocrx_word' id='word_1_321' title='bbox 1896 2751 2112 2831; x_wconf 89' lang='lat' dir='ltr'><strong>pietate</strong></span> 
     </span>
    </p>
   </div>
   <div class='ocr_carea' id='block_1_44' title="bbox 465 2835 2112 2916">
    <p class='ocr_par' dir='ltr' id='par_1_44' title="bbox 465 2835 2112 2916">
     <span class='ocr_line' id='line_1_44' title="bbox 465 2835 2112 2916; baseline 0.002 -16"><span class='ocrx_word' id='word_1_322' title='bbox 465 2838 898 2915; x_wconf 89' lang='lat' dir='ltr'><strong>alienum,dum</strong></span> <span class='ocrx_word' id='word_1_323' title='bbox 929 2837 1202 2901; x_wconf 90' lang='lat' dir='ltr'><strong>Christus</strong></span> <span class='ocrx_word' id='word_1_324' title='bbox 1223 2855 1294 2897; x_wconf 83' lang='lat' dir='ltr'>ex</span> <span class='ocrx_word' id='word_1_325' title='bbox 1315 2835 1532 2916; x_wconf 89' lang='lat' dir='ltr'><strong>Spiritu</strong></span> <span class='ocrx_word' id='word_1_326' title='bbox 1551 2837 1788 2914; x_wconf 91' lang='lat' dir='ltr'><strong>dicitur,</strong></span> <span class='ocrx_word' id='word_1_327' title='bbox 1823 2841 1872 2900; x_wconf 91' lang='lat' dir='ltr'><strong>si</strong></span> <span class='ocrx_word' id='word_1_328' title='bbox 1891 2859 2112 2902; x_wconf 90' lang='lat' dir='ltr'><strong>secun-</strong></span> 
     </span>
    </p>
   </div>
   <div class='ocr_carea' id='block_1_45' title="bbox 2197 1859 3846 1941">
    <p class='ocr_par' dir='ltr' id='par_1_45' title="bbox 2197 1859 3846 1941">
     <span class='ocr_line' id='line_1_45' title="bbox 2197 1859 3846 1941; baseline 0 -23"><span class='ocrx_word' id='word_1_329' title='bbox 2197 1869 2272 1936; x_wconf 84' lang='grc' dir='ltr'>τῷ</span> <span class='ocrx_word' id='word_1_330' title='bbox 2327 1862 2583 1941; x_wconf 84' lang='grc' dir='ltr'>ἀνθρώπῳ</span> <span class='ocrx_word' id='word_1_331' title='bbox 2626 1868 2702 1936; x_wconf 86' lang='grc' dir='ltr'>τῷ</span> <span class='ocrx_word' id='word_1_332' title='bbox 2759 1859 2964 1941; x_wconf 83' lang='grc' dir='ltr'>δικαίῳ,</span> <span class='ocrx_word' id='word_1_333' title='bbox 3023 1865 3051 1918; x_wconf 83' lang='grc' dir='ltr'>ὁ</span> <span class='ocrx_word' id='word_1_334' title='bbox 3111 1865 3334 1940; x_wconf 77' lang='grc' dir='ltr'>Χριστὸς</span> <span class='ocrx_word' id='word_1_335' title='bbox 3375 1864 3459 1920; x_wconf 76' lang='grc' dir='ltr'><strong>καὶ</strong></span> <span class='ocrx_word' id='word_1_336' title='bbox 3504 1866 3565 1919; x_wconf 82' lang='grc' dir='ltr'>τὸ</span> <span class='ocrx_word' id='word_1_337' title='bbox 3637 1865 3846 1939; x_wconf 86' lang='grc' dir='ltr'>Πνεῦμα</span> 
     </span>
    </p>
   </div>
   <div class='ocr_carea' id='block_1_46' title="bbox 2197 1949 3842 2032">
    <p class='ocr_par' dir='ltr' id='par_1_46' title="bbox 2197 1949 3842 2032">
     <span class='ocr_line' id='line_1_46' title="bbox 2197 1949 3842 2032; baseline 0 -24"><span class='ocrx_word' id='word_1_338' title='bbox 2197 1953 2373 2010; x_wconf 76' lang='grc' dir='ltr'>αὐτοῦ.</span> <span class='ocrx_word' id='word_1_339' title='bbox 2435 1953 2493 2008; x_wconf 83' lang='grc' dir='ltr'>Εἰ</span> <span class='ocrx_word' id='word_1_340' title='bbox 2550 1949 2604 2006; x_wconf 83' lang='grc' dir='ltr'><strong>δὲ</strong></span> <span class='ocrx_word' id='word_1_341' title='bbox 2686 1951 2905 2028; x_wconf 83' lang='grc' dir='ltr'>Χριστὸς</span> <span class='ocrx_word' id='word_1_342' title='bbox 2988 1951 3047 2006; x_wconf 84' lang='lat' dir='ltr'><strong>Ex</strong></span> <span class='ocrx_word' id='word_1_343' title='bbox 3101 1959 3194 2007; x_wconf 89' lang='grc' dir='ltr'><strong>τοῦ</strong></span> <span class='ocrx_word' id='word_1_344' title='bbox 3263 1953 3464 2032; x_wconf 85' lang='grc' dir='ltr'>Πατρὸς</span> <span class='ocrx_word' id='word_1_345' title='bbox 3520 1953 3842 2032; x_wconf 70' lang='grc' dir='ltr'>πιστεύεται,</span> 
     </span>
    </p>
   </div>
   <div class='ocr_carea' id='block_1_47' title="bbox 2198 2040 3838 2120">
    <p class='ocr_par' dir='ltr' id='par_1_47' title="bbox 2198 2040 3838 2120">
     <span class='ocr_line' id='line_1_47' title="bbox 2198 2040 3838 2120; baseline -0.001 -24"><span class='ocrx_word' id='word_1_346' title='bbox 2198 2042 2324 2105; x_wconf 81' lang='grc' dir='ltr'>Θεὸς</span> <span class='ocrx_word' id='word_1_347' title='bbox 2383 2040 2442 2094; x_wconf 84' lang='grc' dir='ltr'>ὲκ</span> <span class='ocrx_word' id='word_1_348' title='bbox 2498 2041 2650 2110; x_wconf 87' lang='grc' dir='ltr'>Θεοῦ,</span> <span class='ocrx_word' id='word_1_349' title='bbox 2711 2041 2799 2095; x_wconf 86' lang='grc' dir='ltr'><strong>καὶ</strong></span> <span class='ocrx_word' id='word_1_350' title='bbox 2855 2040 2915 2095; x_wconf 87' lang='grc' dir='ltr'>τὸ</span> <span class='ocrx_word' id='word_1_351' title='bbox 2994 2046 3206 2116; x_wconf 80' lang='grc' dir='ltr'>Πνεῦμα</span> <span class='ocrx_word' id='word_1_352' title='bbox 3281 2041 3340 2097; x_wconf 97' lang='lat' dir='ltr'><strong>Ex</strong></span> <span class='ocrx_word' id='word_1_353' title='bbox 3421 2051 3514 2100; x_wconf 87' lang='lat'><strong>105</strong></span> <span class='ocrx_word' id='word_1_354' title='bbox 3593 2049 3838 2120; x_wconf 81' lang='grc' dir='ltr'>Χριστοῦ,</span> 
     </span>
    </p>
   </div>
   <div class='ocr_carea' id='block_1_48' title="bbox 2195 2128 3843 2208">
    <p class='ocr_par' dir='ltr' id='par_1_48' title="bbox 2195 2128 3843 2208">
     <span class='ocr_line' id='line_1_48' title="bbox 2195 2128 3843 2208; baseline 0.001 -24"><span class='ocrx_word' id='word_1_355' title='bbox 2195 2129 2231 2196; x_wconf 73' lang='grc' dir='ltr'>ἢ</span> <span class='ocrx_word' id='word_1_356' title='bbox 2262 2129 2390 2208; x_wconf 82' lang='grc' dir='ltr'>παρ’</span> <span class='ocrx_word' id='word_1_357' title='bbox 2417 2128 2748 2208; x_wconf 75' lang='grc' dir='ltr'>ἀμφοτέρων,</span> <span class='ocrx_word' id='word_1_358' title='bbox 2809 2128 2882 2192; x_wconf 83' lang='grc' dir='ltr'>ὥς</span> <span class='ocrx_word' id='word_1_359' title='bbox 2923 2129 3082 2208; x_wconf 75' lang='grc' dir='ltr'>φησίν</span> <span class='ocrx_word' id='word_1_360' title='bbox 3122 2132 3149 2185; x_wconf 86' lang='grc' dir='ltr'>ὁ</span> <span class='ocrx_word' id='word_1_361' title='bbox 3205 2131 3451 2208; x_wconf 77' lang='grc' dir='ltr'>Χριστὸς.</span> <span class='ocrx_word' id='word_1_362' title='bbox 3503 2154 3531 2185; x_wconf 73' lang='grc' dir='ltr'><strong>α</strong></span> <span class='ocrx_word' id='word_1_363' title='bbox 3577 2130 3648 2188; x_wconf 69' lang='lat'><strong>&quot;0</strong></span> <span class='ocrx_word' id='word_1_364' title='bbox 3702 2131 3843 2208; x_wconf 81' lang='grc' dir='ltr'>παρὰ</span> 
     </span>
    </p>
   </div>
   <div class='ocr_carea' id='block_1_49' title="bbox 2198 2217 3842 2296">
    <p class='ocr_par' dir='ltr' id='par_1_49' title="bbox 2198 2217 3842 2296">
     <span class='ocr_line' id='line_1_49' title="bbox 2198 2217 3842 2296; baseline 0.001 -22"><span class='ocrx_word' id='word_1_365' title='bbox 2198 2217 2289 2274; x_wconf 90' lang='grc' dir='ltr'><strong>τοῦ</strong></span> <span class='ocrx_word' id='word_1_366' title='bbox 2343 2219 2548 2296; x_wconf 85' lang='grc' dir='ltr'>Πατρὸς</span> <span class='ocrx_word' id='word_1_367' title='bbox 2638 2217 2996 2296; x_wconf 82' lang='grc' dir='ltr'>ἐκπορεύεται,</span> <span class='ocrx_word' id='word_1_368' title='bbox 3059 2219 3167 2291; x_wconf 87' lang='grc' dir='ltr'>καὶ,</span> <span class='ocrx_word' id='word_1_369' title='bbox 3212 2219 3374 2284; x_wconf 77' lang='grc' dir='ltr'>Οὗτος</span> <span class='ocrx_word' id='word_1_370' title='bbox 3454 2219 3514 2276; x_wconf 82' lang='grc' dir='ltr'><strong>ἐκ</strong></span> <span class='ocrx_word' id='word_1_371' title='bbox 3565 2222 3658 2276; x_wconf 88' lang='grc' dir='ltr'><strong>τοῦ</strong></span> <span class='ocrx_word' id='word_1_372' title='bbox 3712 2220 3842 2294; x_wconf 82' lang='grc' dir='ltr'>ἐμοῦ</span> 
     </span>
    </p>
   </div>
   <div class='ocr_carea' id='block_1_50' title="bbox 2198 2304 3839 2388">
    <p class='ocr_par' dir='ltr' id='par_1_50' title="bbox 2198 2304 3839 2388">
     <span class='ocr_line' id='line_1_50' title="bbox 2198 2304 3839 2388; baseline 0.002 -26"><span class='ocrx_word' id='word_1_373' title='bbox 2198 2305 2451 2376; x_wconf 74' lang='grc' dir='ltr'>λήψεται,</span> <span class='ocrx_word' id='word_1_374' title='bbox 2489 2329 2516 2360; x_wconf 80' lang='grc'>»</span> <span class='ocrx_word' id='word_1_375' title='bbox 2549 2309 2608 2364; x_wconf 85' lang='grc' dir='ltr'><strong>Οἱ</strong></span> <span class='ocrx_word' id='word_1_376' title='bbox 2668 2304 2721 2362; x_wconf 81' lang='grc' dir='ltr'><strong>δὲ</strong></span> <span class='ocrx_word' id='word_1_377' title='bbox 2794 2307 2912 2384; x_wconf 87' lang='grc' dir='ltr'>περὶ</span> <span class='ocrx_word' id='word_1_378' title='bbox 2969 2307 3063 2369; x_wconf 80' lang='grc' dir='ltr'><strong>τὰς</strong></span> <span class='ocrx_word' id='word_1_379' title='bbox 3115 2309 3448 2388; x_wconf 71' lang='grc' dir='ltr'>παραφθορὰς</span> <span class='ocrx_word' id='word_1_380' title='bbox 3479 2309 3584 2365; x_wconf 78' lang='grc' dir='ltr'>τῶν</span> <span class='ocrx_word' id='word_1_381' title='bbox 3636 2310 3839 2384; x_wconf 71' lang='grc' dir='ltr'>ῥήσεων</span> 
     </span>
    </p>
   </div>
   <div class='ocr_carea' id='block_1_51' title="bbox 2198 2393 3833 2474">
    <p class='ocr_par' dir='ltr' id='par_1_51' title="bbox 2198 2393 3833 2474">
     <span class='ocr_line' id='line_1_51' title="bbox 2198 2393 3833 2474; baseline 0.003 -24"><span class='ocrx_word' id='word_1_382' title='bbox 2198 2393 2542 2470; x_wconf 82' lang='grc' dir='ltr'>ἐπτοημένοι.</span> <span class='ocrx_word' id='word_1_383' title='bbox 2617 2424 2639 2454; x_wconf 74' lang='grc' dir='ltr'>ι</span> <span class='ocrx_word' id='word_1_384' title='bbox 2691 2397 2750 2452; x_wconf 84' lang='grc' dir='ltr'><strong>Εἰ</strong></span> <span class='ocrx_word' id='word_1_385' title='bbox 2805 2394 2860 2450; x_wconf 81' lang='grc' dir='ltr'><em>δὲ</em></span> <span class='ocrx_word' id='word_1_386' title='bbox 2919 2398 3138 2472; x_wconf 82' lang='grc' dir='ltr'>Χριστὸς</span> <span class='ocrx_word' id='word_1_387' title='bbox 3182 2397 3240 2452; x_wconf 89' lang='lat' dir='ltr'><strong>Ex</strong></span> <span class='ocrx_word' id='word_1_388' title='bbox 3295 2405 3386 2454; x_wconf 91' lang='lat'><strong>105</strong></span> <span class='ocrx_word' id='word_1_389' title='bbox 3430 2399 3756 2474; x_wconf 88' lang='grc' dir='ltr'>Πνεύματος,</span> <span class='ocrx_word' id='word_1_390' title='bbox 3807 2423 3833 2455; x_wconf 70' lang='grc' dir='ltr'><strong>ι</strong></span> 
     </span>
    </p>
   </div>
   <div class='ocr_carea' id='block_1_52' title="bbox 2199 2483 3838 2563">
    <p class='ocr_par' dir='ltr' id='par_1_52' title="bbox 2199 2483 3838 2563">
     <span class='ocr_line' id='line_1_52' title="bbox 2199 2483 3838 2563; baseline 0.004 -23"><span class='ocrx_word' id='word_1_391' title='bbox 2199 2484 2496 2540; x_wconf 84' lang='grc' dir='ltr'>πιστεύεται</span> <span class='ocrx_word' id='word_1_392' title='bbox 2541 2483 2800 2563; x_wconf 77' lang='grc' dir='ltr'>ἔγραψαν,</span> <span class='ocrx_word' id='word_1_393' title='bbox 2837 2507 2858 2538; x_wconf 68' lang='grc' dir='ltr'><strong>α</strong></span> <span class='ocrx_word' id='word_1_394' title='bbox 2911 2486 3041 2548; x_wconf 81' lang='grc' dir='ltr'>Θεὸς</span> <span class='ocrx_word' id='word_1_395' title='bbox 3086 2486 3146 2541; x_wconf 75' lang='grc' dir='ltr'>ὲκ</span> <span class='ocrx_word' id='word_1_396' title='bbox 3177 2493 3330 2559; x_wconf 84' lang='grc' dir='ltr'>Θεοῦ,</span> <span class='ocrx_word' id='word_1_397' title='bbox 3389 2489 3476 2543; x_wconf 89' lang='grc' dir='ltr'><strong>καὶ</strong></span> <span class='ocrx_word' id='word_1_398' title='bbox 3530 2490 3590 2544; x_wconf 83' lang='grc' dir='ltr'>τὸ</span> <span class='ocrx_word' id='word_1_399' title='bbox 3626 2494 3838 2563; x_wconf 81' lang='grc' dir='ltr'>Πνεῦμα</span> 
     </span>
    </p>
   </div>
   <div class='ocr_carea' id='block_1_53' title="bbox 2197 2572 3837 2651">
    <p class='ocr_par' dir='ltr' id='par_1_53' title="bbox 2197 2572 3837 2651">
     <span class='ocr_line' id='line_1_53' title="bbox 2197 2572 3837 2651; baseline 0.004 -24"><span class='ocrx_word' id='word_1_400' title='bbox 2197 2572 2258 2628; x_wconf 79' lang='grc' dir='ltr'><strong>ἐκ</strong></span> <span class='ocrx_word' id='word_1_401' title='bbox 2300 2582 2392 2630; x_wconf 88' lang='grc' dir='ltr'><strong>τοῦ</strong></span> <span class='ocrx_word' id='word_1_402' title='bbox 2455 2580 2703 2651; x_wconf 73' lang='grc' dir='ltr'>Χριστοῦ.</span> <span class='ocrx_word' id='word_1_403' title='bbox 2769 2595 2792 2630; x_wconf 79' lang='grc' dir='ltr'>ι)</span> <span class='ocrx_word' id='word_1_404' title='bbox 2845 2574 2944 2630; x_wconf 84' lang='grc' dir='ltr'><strong>Καὶ</strong></span> <span class='ocrx_word' id='word_1_405' title='bbox 3013 2575 3072 2630; x_wconf 79' lang='grc' dir='ltr'>οὐ</span> <span class='ocrx_word' id='word_1_406' title='bbox 3113 2579 3343 2641; x_wconf 76' lang='grc' dir='ltr'>συνῆκαν</span> <span class='ocrx_word' id='word_1_407' title='bbox 3398 2578 3470 2641; x_wconf 87' lang='grc' dir='ltr'>ὡς</span> <span class='ocrx_word' id='word_1_408' title='bbox 3527 2579 3561 2644; x_wconf 83' lang='grc' dir='ltr'><strong>ἡ</strong></span> <span class='ocrx_word' id='word_1_409' title='bbox 3619 2578 3837 2645; x_wconf 76' lang='grc' dir='ltr'>τοιαύτη</span> 
     </span>
    </p>
   </div>
   <div class='ocr_carea' id='block_1_54' title="bbox 2197 2662 3838 2744">
    <p class='ocr_par' dir='ltr' id='par_1_54' title="bbox 2197 2662 3838 2744">
     <span class='ocr_line' id='line_1_54' title="bbox 2197 2662 3838 2744; baseline 0.002 -27"><span class='ocrx_word' id='word_1_410' title='bbox 2197 2662 2664 2744; x_wconf 64' lang='lat' dir='ltr'><strong>napachop&amp;_1ﬁq</strong></span> <span class='ocrx_word' id='word_1_411' title='bbox 2748 2663 2950 2739; x_wconf 73' lang='grc' dir='ltr'>ῥήσεως</span> <span class='ocrx_word' id='word_1_412' title='bbox 3019 2665 3320 2743; x_wconf 73' lang='grc' dir='ltr'>παροφθορα</span> <span class='ocrx_word' id='word_1_413' title='bbox 3376 2663 3646 2744; x_wconf 80' lang='grc' dir='ltr'>λογισμῶν</span> <span class='ocrx_word' id='word_1_414' title='bbox 3699 2665 3838 2722; x_wconf 79' lang='grc' dir='ltr'>ἐστιν</span> 
     </span>
    </p>
   </div>
   <div class='ocr_carea' id='block_1_55' title="bbox 2195 2741 3832 2833">
    <p class='ocr_par' dir='ltr' id='par_1_55' title="bbox 2195 2741 3832 2833">
     <span class='ocr_line' id='line_1_55' title="bbox 2195 2741 3832 2833; baseline 0.003 -28"><span class='ocrx_word' id='word_1_415' title='bbox 2195 2748 2456 2830; x_wconf 76' lang='grc' dir='ltr'>ἄντικρυς.</span> <span class='ocrx_word' id='word_1_416' title='bbox 2537 2741 2728 2809; x_wconf 76' lang='grc' dir='ltr'>’Ἑστω</span> <span class='ocrx_word' id='word_1_417' title='bbox 2783 2753 2882 2830; x_wconf 82' lang='grc' dir='ltr'><strong>γὰρ</strong></span> <span class='ocrx_word' id='word_1_418' title='bbox 2963 2749 3100 2808; x_wconf 69' lang='grc' dir='ltr'>οὕτω</span> <span class='ocrx_word' id='word_1_419' title='bbox 3147 2741 3585 2832; x_wconf 31' lang='grc' dir='ltr'>γεγράφθαι-τήν</span> <span class='ocrx_word' id='word_1_420' title='bbox 3641 2756 3832 2833; x_wconf 80' lang='grc' dir='ltr'>ῥῆσιν·</span> 
     </span>
    </p>
   </div>
   <div class='ocr_carea' id='block_1_56' title="bbox 2203 2839 3831 2920">
    <p class='ocr_par' dir='ltr' id='par_1_56' title="bbox 2203 2839 3831 2920">
     <span class='ocr_line' id='line_1_56' title="bbox 2203 2839 3831 2920; baseline 0.002 -25"><span class='ocrx_word' id='word_1_421' title='bbox 2203 2861 2226 2894; x_wconf 80' lang='grc' dir='ltr'><strong>ιι</strong></span> <span class='ocrx_word' id='word_1_422' title='bbox 2278 2843 2334 2896; x_wconf 70' lang='lat' dir='ltr'><strong>Ei</strong></span> <span class='ocrx_word' id='word_1_423' title='bbox 2404 2839 2458 2896; x_wconf 82' lang='grc' dir='ltr'><strong>δὲ.</strong></span> <span class='ocrx_word' id='word_1_424' title='bbox 2524 2843 2748 2920; x_wconf 84' lang='grc' dir='ltr'>Χριστὸς</span> <span class='ocrx_word' id='word_1_425' title='bbox 2810 2840 2868 2896; x_wconf 87' lang='lat' dir='ltr'><strong>Ex</strong></span> <span class='ocrx_word' id='word_1_426' title='bbox 2937 2847 3028 2896; x_wconf 90' lang='lat'><strong>105</strong></span> <span class='ocrx_word' id='word_1_427' title='bbox 3085 2843 3386 2917; x_wconf 87' lang='grc' dir='ltr'>Πνεύματος</span> <span class='ocrx_word' id='word_1_428' title='bbox 3445 2845 3766 2903; x_wconf 89' lang='grc' dir='ltr'>πιστεύεται.</span> <span class='ocrx_word' id='word_1_429' title='bbox 3807 2868 3831 2898; x_wconf 75' lang='grc' dir='ltr'><strong>η</strong></span> 
     </span>
    </p>
   </div>
   <div class='ocr_carea' id='block_1_57' title="bbox 469 2923 2119 3012">
    <p class='ocr_par' dir='ltr' id='par_1_57' title="bbox 469 2923 2112 3008">
     <span class='ocr_line' id='line_1_57' title="bbox 469 2923 2112 3008; baseline 0.001 -19"><span class='ocrx_word' id='word_1_430' title='bbox 469 2927 606 2990; x_wconf 91' lang='lat' dir='ltr'><strong>dum</strong></span> <span class='ocrx_word' id='word_1_431' title='bbox 641 2935 1006 3008; x_wconf 89' lang='lat' dir='ltr'><strong>assumptum</strong></span> <span class='ocrx_word' id='word_1_432' title='bbox 1037 2944 1106 2987; x_wconf 87' lang='lat' dir='ltr'>ex</span> <span class='ocrx_word' id='word_1_433' title='bbox 1151 2923 1377 3005; x_wconf 88' lang='lat' dir='ltr'><strong>Spiritu</strong></span> <span class='ocrx_word' id='word_1_434' title='bbox 1426 2935 1648 3002; x_wconf 87' lang='lat' dir='ltr'><strong>sancto,</strong></span> <span class='ocrx_word' id='word_1_435' title='bbox 1686 2935 1743 2988; x_wconf 90' lang='lat' dir='ltr'><strong>et</strong></span> <span class='ocrx_word' id='word_1_436' title='bbox 1770 2928 1954 2989; x_wconf 89' lang='lat' dir='ltr'><strong>Maria</strong></span> <span class='ocrx_word' id='word_1_437' title='bbox 1974 2929 2112 2991; x_wconf 89' lang='lat' dir='ltr'><strong>Vir-</strong></span> 
     </span>
    </p>
   </div>
   <div class='ocr_carea' id='block_1_58' title="bbox 2201 2923 3837 3012">
    <p class='ocr_par' dir='ltr' id='par_1_58' title="bbox 2201 2928 3837 3012">
     <span class='ocr_line' id='line_1_58' title="bbox 2201 2928 3837 3012; baseline 0 -25"><span class='ocrx_word' id='word_1_438' title='bbox 2201 2928 2354 2987; x_wconf 75' lang='grc' dir='ltr'>Οὒδέν</span> <span class='ocrx_word' id='word_1_439' title='bbox 2425 2931 2524 3009; x_wconf 77' lang='grc' dir='ltr'><strong>γὰρ</strong></span> <span class='ocrx_word' id='word_1_440' title='bbox 2580 2928 2778 3002; x_wconf 80' lang='grc' dir='ltr'>ἀπᾷδον</span> <span class='ocrx_word' id='word_1_441' title='bbox 2833 2935 2901 3006; x_wconf 81' lang='grc' dir='ltr'>τῇ</span> <span class='ocrx_word' id='word_1_442' title='bbox 2958 2929 3189 3003; x_wconf 74' lang='grc' dir='ltr'>εὐσεϐείᾳ</span> <span class='ocrx_word' id='word_1_443' title='bbox 3231 2933 3320 2988; x_wconf 82' lang='grc' dir='ltr'>τὸν</span> <span class='ocrx_word' id='word_1_444' title='bbox 3377 2934 3598 3010; x_wconf 79' lang='grc' dir='ltr'>Χριστὸν</span> <span class='ocrx_word' id='word_1_445' title='bbox 3667 2932 3837 3012; x_wconf 85' lang='grc' dir='ltr'>λέγειν</span> 
     </span>
    </p>
   </div>
   <div class='ocr_carea' id='block_1_59' title="bbox 470 3013 2116 3097">
    <p class='ocr_par' dir='ltr' id='par_1_59' title="bbox 470 3013 2116 3097">
     <span class='ocr_line' id='line_1_59' title="bbox 470 3013 2116 3097; baseline 0.001 -20"><span class='ocrx_word' id='word_1_446' title='bbox 470 3016 614 3097; x_wconf 74' lang='lat' dir='ltr'><strong>gine</strong></span> <span class='ocrx_word' id='word_1_447' title='bbox 647 3015 745 3078; x_wconf 91' lang='lat' dir='ltr'><strong>hic</strong></span> <span class='ocrx_word' id='word_1_448' title='bbox 792 3022 902 3089; x_wconf 86' lang='lat' dir='ltr'><strong>est,</strong></span> <span class='ocrx_word' id='word_1_449' title='bbox 961 3021 1026 3075; x_wconf 91' lang='lat' dir='ltr'><strong>ut</strong></span> <span class='ocrx_word' id='word_1_450' title='bbox 1083 3013 1371 3075; x_wconf 93' lang='lat' dir='ltr'><strong>idemmet</strong></span> <span class='ocrx_word' id='word_1_451' title='bbox 1425 3023 1663 3075; x_wconf 90' lang='lat' dir='ltr'><strong>sanctus</strong></span> <span class='ocrx_word' id='word_1_452' title='bbox 1706 3015 1766 3075; x_wconf 92' lang='lat' dir='ltr'><strong>in</strong></span> <span class='ocrx_word' id='word_1_453' title='bbox 1800 3035 2116 3096; x_wconf 84' lang='lat' dir='ltr'><strong>progressu</strong></span> 
     </span>
    </p>
   </div>
   <div class='ocr_carea' id='block_1_60' title="bbox 471 3100 2116 3186">
    <p class='ocr_par' dir='ltr' id='par_1_60' title="bbox 471 3100 2116 3186">
     <span class='ocr_line' id='line_1_60' title="bbox 471 3100 2116 3186; baseline 0.001 -19"><span class='ocrx_word' id='word_1_454' title='bbox 471 3105 754 3167; x_wconf 88' lang='lat' dir='ltr'><strong>orationis</strong></span> <span class='ocrx_word' id='word_1_455' title='bbox 773 3102 1070 3177; x_wconf 91' lang='lat' dir='ltr'><strong>edisserit,</strong></span> <span class='ocrx_word' id='word_1_456' title='bbox 1107 3101 1201 3163; x_wconf 91' lang='lat' dir='ltr'><strong>cui</strong></span> <span class='ocrx_word' id='word_1_457' title='bbox 1223 3101 1353 3162; x_wconf 93' lang='lat' dir='ltr'><strong>usui</strong></span> <span class='ocrx_word' id='word_1_458' title='bbox 1373 3100 1548 3163; x_wconf 81' lang='lat' dir='ltr'><strong>fuerit</strong></span> <span class='ocrx_word' id='word_1_459' title='bbox 1577 3102 1719 3164; x_wconf 91' lang='lat' dir='ltr'><strong>dicti</strong></span> <span class='ocrx_word' id='word_1_460' title='bbox 1749 3108 2116 3186; x_wconf 90' lang='lat' dir='ltr'><strong>corruptori-</strong></span> 
     </span>
    </p>
   </div>
   <div class='ocr_carea' id='block_1_61' title="bbox 471 3191 2119 3271">
    <p class='ocr_par' dir='ltr' id='par_1_61' title="bbox 471 3191 2119 3271">
     <span class='ocr_line' id='line_1_61' title="bbox 471 3191 2119 3271; baseline 0.001 -15"><span class='ocrx_word' id='word_1_461' title='bbox 471 3193 584 3256; x_wconf 89' lang='lat' dir='ltr'><strong>bus</strong></span> <span class='ocrx_word' id='word_1_462' title='bbox 613 3193 685 3256; x_wconf 87' lang='lat' dir='ltr'><strong>ad</strong></span> <span class='ocrx_word' id='word_1_463' title='bbox 718 3191 1247 3256; x_wconf 89' lang='lat' dir='ltr'><strong>demonstrrndum</strong></span> <span class='ocrx_word' id='word_1_464' title='bbox 1281 3191 1568 3271; x_wconf 90' lang='lat' dir='ltr'><strong>Spiritum</strong></span> <span class='ocrx_word' id='word_1_465' title='bbox 1602 3211 1719 3252; x_wconf 92' lang='lat' dir='ltr'><strong>non</strong></span> <span class='ocrx_word' id='word_1_466' title='bbox 1751 3211 1821 3253; x_wconf 85' lang='lat' dir='ltr'><strong>ex</strong></span> <span class='ocrx_word' id='word_1_467' title='bbox 1849 3195 2119 3257; x_wconf 85' lang='lat' dir='ltr'><strong>Christo?</strong></span> 
     </span>
    </p>
   </div>
   <div class='ocr_carea' id='block_1_62' title="bbox 467 3277 2116 3359">
    <p class='ocr_par' dir='ltr' id='par_1_62' title="bbox 467 3277 2116 3359">
     <span class='ocr_line' id='line_1_62' title="bbox 467 3277 2116 3359; baseline 0 -13"><span class='ocrx_word' id='word_1_468' title='bbox 467 3280 604 3346; x_wconf 91' lang='lat' dir='ltr'><strong>Sive</strong></span> <span class='ocrx_word' id='word_1_469' title='bbox 635 3281 794 3345; x_wconf 84' lang='lat' dir='ltr'><strong>enim</strong></span> <span class='ocrx_word' id='word_1_470' title='bbox 822 3299 894 3343; x_wconf 84' lang='lat' dir='ltr'>ex</span> <span class='ocrx_word' id='word_1_471' title='bbox 924 3279 1118 3355; x_wconf 89' lang='lat' dir='ltr'><strong>Patre,</strong></span> <span class='ocrx_word' id='word_1_472' title='bbox 1147 3279 1270 3340; x_wconf 91' lang='lat' dir='ltr'><strong>sive</strong></span> <span class='ocrx_word' id='word_1_473' title='bbox 1295 3297 1364 3340; x_wconf 84' lang='lat' dir='ltr'>ex</span> <span class='ocrx_word' id='word_1_474' title='bbox 1379 3277 1598 3359; x_wconf 87' lang='lat' dir='ltr'><strong>Spiritu</strong></span> <span class='ocrx_word' id='word_1_475' title='bbox 1620 3281 1786 3342; x_wconf 91' lang='lat' dir='ltr'><strong>credi</strong></span> <span class='ocrx_word' id='word_1_476' title='bbox 1819 3283 2116 3346; x_wconf 89' lang='lat' dir='ltr'><strong>Christum</strong></span> 
     </span>
    </p>
   </div>
   <div class='ocr_carea' id='block_1_63' title="bbox 465 3369 2117 3444">
    <p class='ocr_par' dir='ltr' id='par_1_63' title="bbox 465 3369 2117 3444">
     <span class='ocr_line' id='line_1_63' title="bbox 465 3369 2117 3444; baseline 0 -10"><span class='ocrx_word' id='word_1_477' title='bbox 465 3371 655 3435; x_wconf 89' lang='lat' dir='ltr'><strong>Deum</strong></span> <span class='ocrx_word' id='word_1_478' title='bbox 687 3389 756 3431; x_wconf 85' lang='lat' dir='ltr'>ex</span> <span class='ocrx_word' id='word_1_479' title='bbox 786 3369 909 3432; x_wconf 89' lang='lat' dir='ltr'><strong>Deo</strong></span> <span class='ocrx_word' id='word_1_480' title='bbox 942 3378 1178 3431; x_wconf 88' lang='lat' dir='ltr'><strong>sanctus</strong></span> <span class='ocrx_word' id='word_1_481' title='bbox 1201 3369 1470 3444; x_wconf 83' lang='lat' dir='ltr'><strong>dixisset,</strong></span> <span class='ocrx_word' id='word_1_482' title='bbox 1502 3376 1761 3430; x_wconf 89' lang='lat' dir='ltr'><strong>attamen</strong></span> <span class='ocrx_word' id='word_1_483' title='bbox 1785 3389 1852 3432; x_wconf 85' lang='lat' dir='ltr'>ex</span> <span class='ocrx_word' id='word_1_484' title='bbox 1883 3373 2117 3434; x_wconf 87' lang='lat' dir='ltr'><strong>Christo</strong></span> 
     </span>
    </p>
   </div>
   <div class='ocr_carea' id='block_1_64' title="bbox 470 3455 2121 3540">
    <p class='ocr_par' dir='ltr' id='par_1_64' title="bbox 470 3455 2121 3540">
     <span class='ocr_line' id='line_1_64' title="bbox 470 3455 2121 3540; baseline -0.001 -17"><span class='ocrx_word' id='word_1_485' title='bbox 470 3478 601 3524; x_wconf 82' lang='lat' dir='ltr'><strong>esse</strong></span> <span class='ocrx_word' id='word_1_486' title='bbox 632 3457 925 3540; x_wconf 90' lang='lat' dir='ltr'><strong>Spiritum</strong></span> <span class='ocrx_word' id='word_1_487' title='bbox 976 3455 1170 3519; x_wconf 86' lang='lat' dir='ltr'><strong>modis</strong></span> <span class='ocrx_word' id='word_1_488' title='bbox 1201 3456 1478 3517; x_wconf 78' lang='lat' dir='ltr'><strong>omnibus</strong></span> <span class='ocrx_word' id='word_1_489' title='bbox 1509 3457 1850 3534; x_wconf 86' lang='lat' dir='ltr'><strong>declaravit,</strong></span> <span class='ocrx_word' id='word_1_490' title='bbox 1888 3468 1944 3520; x_wconf 92' lang='lat' dir='ltr'><strong>et</strong></span> <span class='ocrx_word' id='word_1_491' title='bbox 1976 3461 2121 3522; x_wconf 90' lang='lat' dir='ltr'><strong>dicti</strong></span> 
     </span>
    </p>
   </div>
   <div class='ocr_carea' id='block_1_65' title="bbox 465 3546 2118 3630">
    <p class='ocr_par' dir='ltr' id='par_1_65' title="bbox 465 3546 2118 3630">
     <span class='ocr_line' id='line_1_65' title="bbox 465 3546 2118 3630; baseline -0.001 -18"><span class='ocrx_word' id='word_1_492' title='bbox 465 3548 770 3629; x_wconf 87' lang='lat' dir='ltr'><strong>corruptio</strong></span> <span class='ocrx_word' id='word_1_493' title='bbox 800 3546 950 3608; x_wconf 91' lang='lat' dir='ltr'><strong>nihil</strong></span> <span class='ocrx_word' id='word_1_494' title='bbox 971 3546 1090 3606; x_wconf 90' lang='lat' dir='ltr'><strong>illis</strong></span> <span class='ocrx_word' id='word_1_495' title='bbox 1114 3546 1428 3626; x_wconf 81' lang='lat' dir='ltr'><strong>profuit,ad</strong></span> <span class='ocrx_word' id='word_1_496' title='bbox 1451 3547 1956 3609; x_wconf 88' lang='lat' dir='ltr'><strong>corroborandum</strong></span> <span class='ocrx_word' id='word_1_497' title='bbox 1981 3549 2118 3630; x_wconf 92' lang='lat' dir='ltr'><strong>Spi-</strong></span> 
     </span>
    </p>
   </div>
   <div class='ocr_carea' id='block_1_66' title="bbox 463 3633 2116 3716">
    <p class='ocr_par' dir='ltr' id='par_1_66' title="bbox 463 3633 2116 3716">
     <span class='ocr_line' id='line_1_66' title="bbox 463 3633 2116 3716; baseline -0.001 -16"><span class='ocrx_word' id='word_1_498' title='bbox 463 3639 645 3701; x_wconf 90' lang='lat' dir='ltr'><strong>ritum</strong></span> <span class='ocrx_word' id='word_1_499' title='bbox 678 3655 799 3698; x_wconf 92' lang='lat' dir='ltr'><strong>non</strong></span> <span class='ocrx_word' id='word_1_500' title='bbox 829 3654 961 3698; x_wconf 91' lang='lat' dir='ltr'><strong>esse</strong></span> <span class='ocrx_word' id='word_1_501' title='bbox 993 3653 1062 3695; x_wconf 86' lang='lat' dir='ltr'>ex</span> <span class='ocrx_word' id='word_1_502' title='bbox 1097 3635 1346 3696; x_wconf 82' lang='lat' dir='ltr'><strong>Christo.</strong></span> <span class='ocrx_word' id='word_1_503' title='bbox 1375 3633 1498 3696; x_wconf 90' lang='lat' dir='ltr'><strong>Imo</strong></span> <span class='ocrx_word' id='word_1_504' title='bbox 1549 3640 1708 3712; x_wconf 91' lang='lat' dir='ltr'><strong>quod</strong></span> <span class='ocrx_word' id='word_1_505' title='bbox 1745 3640 2116 3716; x_wconf 90' lang='lat' dir='ltr'><strong>postmodum</strong></span> 
     </span>
    </p>
   </div>
   <div class='ocr_carea' id='block_1_67' title="bbox 465 3723 2116 3806">
    <p class='ocr_par' dir='ltr' id='par_1_67' title="bbox 465 3723 2116 3806">
     <span class='ocr_line' id='line_1_67' title="bbox 465 3723 2116 3806; baseline -0.001 -16"><span class='ocrx_word' id='word_1_506' title='bbox 465 3725 827 3800; x_wconf 87' lang='lat' dir='ltr'><strong>adnectitur,</strong></span> <span class='ocrx_word' id='word_1_507' title='bbox 856 3732 988 3787; x_wconf 72' lang='lat' dir='ltr'><strong>(aut</strong></span> <span class='ocrx_word' id='word_1_508' title='bbox 1017 3723 1090 3785; x_wconf 89' lang='lat' dir='ltr'><strong>ab</strong></span> <span class='ocrx_word' id='word_1_509' title='bbox 1121 3723 1483 3804; x_wconf 91' lang='lat' dir='ltr'><strong>utrisque,ut</strong></span> <span class='ocrx_word' id='word_1_510' title='bbox 1516 3724 1782 3787; x_wconf 90' lang='lat' dir='ltr'><strong>Christus</strong></span> <span class='ocrx_word' id='word_1_511' title='bbox 1805 3726 2070 3806; x_wconf 91' lang='lat' dir='ltr'><strong>loquitur</strong></span> <span class='ocrx_word' id='word_1_512' title='bbox 2104 3755 2116 3798; x_wconf 86' lang='lat'>;</span> 
     </span>
    </p>
   </div>
   <div class='ocr_carea' id='block_1_68' title="bbox 463 3812 2119 3894">
    <p class='ocr_par' dir='ltr' id='par_1_68' title="bbox 463 3812 2119 3894">
     <span class='ocr_line' id='line_1_68' title="bbox 463 3812 2119 3894; baseline 0 -16"><span class='ocrx_word' id='word_1_513' title='bbox 463 3816 577 3890; x_wconf 91' lang='lat' dir='ltr'><strong>Qui</strong></span> <span class='ocrx_word' id='word_1_514' title='bbox 607 3835 676 3878; x_wconf 84' lang='lat' dir='ltr'>ex</span> <span class='ocrx_word' id='word_1_515' title='bbox 699 3817 876 3878; x_wconf 89' lang='lat' dir='ltr'><strong>Patre</strong></span> <span class='ocrx_word' id='word_1_516' title='bbox 909 3812 1270 3893; x_wconf 87' lang='lat' dir='ltr'><strong>procedit,et</strong></span> <span class='ocrx_word' id='word_1_517' title='bbox 1291 3812 1388 3874; x_wconf 91' lang='lat' dir='ltr'><strong>hic</strong></span> <span class='ocrx_word' id='word_1_518' title='bbox 1421 3831 1489 3873; x_wconf 85' lang='lat' dir='ltr'>ex</span> <span class='ocrx_word' id='word_1_519' title='bbox 1523 3831 1655 3874; x_wconf 89' lang='lat' dir='ltr'><strong>meo</strong></span> <span class='ocrx_word' id='word_1_520' title='bbox 1685 3814 2119 3894; x_wconf 80' lang='lat' dir='ltr'><strong>accipiet,»eo-</strong></span> 
     </span>
    </p>
   </div>
   <div class='ocr_carea' id='block_1_69' title="bbox 462 3900 2115 3984">
    <p class='ocr_par' dir='ltr' id='par_1_69' title="bbox 462 3900 2115 3984">
     <span class='ocr_line' id='line_1_69' title="bbox 462 3900 2115 3984; baseline -0.001 -16"><span class='ocrx_word' id='word_1_521' title='bbox 462 3924 598 3968; x_wconf 91' lang='lat' dir='ltr'><strong>rum</strong></span> <span class='ocrx_word' id='word_1_522' title='bbox 629 3922 871 3984; x_wconf 84' lang='lat' dir='ltr'><strong>gravem</strong></span> <span class='ocrx_word' id='word_1_523' title='bbox 928 3901 1225 3964; x_wconf 84' lang='lat' dir='ltr'><strong>vesaniam</strong></span> <span class='ocrx_word' id='word_1_524' title='bbox 1283 3900 1614 3980; x_wconf 85' lang='lat' dir='ltr'><strong>redarguit,</strong></span> <span class='ocrx_word' id='word_1_525' title='bbox 1648 3904 1748 3983; x_wconf 92' lang='lat' dir='ltr'><strong>qui</strong></span> <span class='ocrx_word' id='word_1_526' title='bbox 1780 3905 1912 3966; x_wconf 91' lang='lat' dir='ltr'><strong>loco</strong></span> <span class='ocrx_word' id='word_1_527' title='bbox 1935 3906 2115 3983; x_wconf 90' lang='lat' dir='ltr'><strong>illius,</strong></span> 
     </span>
    </p>
   </div>
   <div class='ocr_carea' id='block_1_70' title="bbox 471 3990 2119 4068">
    <p class='ocr_par' dir='ltr' id='par_1_70' title="bbox 471 3990 2119 4068">
     <span class='ocr_line' id='line_1_70' title="bbox 471 3990 2119 4068; baseline 0.002 -14"><span class='ocrx_word' id='word_1_528' title='bbox 471 4013 578 4057; x_wconf 68' lang='lat' dir='ltr'><strong>«ex</strong></span> <span class='ocrx_word' id='word_1_529' title='bbox 607 3995 782 4056; x_wconf 87' lang='lat' dir='ltr'><strong>Patre</strong></span> <span class='ocrx_word' id='word_1_530' title='bbox 806 3990 1321 4065; x_wconf 89' lang='lat' dir='ltr'><strong>crediChristum,</strong></span> <span class='ocrx_word' id='word_1_531' title='bbox 1365 3992 1552 4051; x_wconf 91' lang='lat' dir='ltr'><strong>Deum</strong></span> <span class='ocrx_word' id='word_1_532' title='bbox 1587 4011 1657 4053; x_wconf 91' lang='lat' dir='ltr'>ex</span> <span class='ocrx_word' id='word_1_533' title='bbox 1686 3992 1830 4068; x_wconf 93' lang='lat' dir='ltr'><strong>Deo,</strong></span> <span class='ocrx_word' id='word_1_534' title='bbox 1869 4019 1896 4050; x_wconf 75' lang='grc' dir='ltr'>ιο</span> <span class='ocrx_word' id='word_1_535' title='bbox 1932 3995 2119 4057; x_wconf 88' lang='lat' dir='ltr'><strong>intru-</strong></span> 
     </span>
    </p>
   </div>
   <div class='ocr_carea' id='block_1_71' title="bbox 466 4078 2120 4162">
    <p class='ocr_par' dir='ltr' id='par_1_71' title="bbox 466 4078 2120 4162">
     <span class='ocr_line' id='line_1_71' title="bbox 466 4078 2120 4162; baseline -0.002 -14"><span class='ocrx_word' id='word_1_536' title='bbox 466 4091 698 4158; x_wconf 88' lang='lat' dir='ltr'><strong>serunt,</strong></span> <span class='ocrx_word' id='word_1_537' title='bbox 732 4102 755 4139; x_wconf 76' lang='grc' dir='ltr'><em>α</em></span> <span class='ocrx_word' id='word_1_538' title='bbox 782 4080 845 4145; x_wconf 93' lang='lat' dir='ltr'><strong>Si</strong></span> <span class='ocrx_word' id='word_1_539' title='bbox 876 4079 1148 4145; x_wconf 88' lang='lat' dir='ltr'><strong>Christus</strong></span> <span class='ocrx_word' id='word_1_540' title='bbox 1179 4097 1252 4142; x_wconf 84' lang='lat' dir='ltr'>ex</span> <span class='ocrx_word' id='word_1_541' title='bbox 1287 4078 1511 4162; x_wconf 87' lang='lat' dir='ltr'><strong>Spiritu</strong></span> <span class='ocrx_word' id='word_1_542' title='bbox 1537 4079 1818 4157; x_wconf 91' lang='lat' dir='ltr'><strong>creditur,</strong></span> <span class='ocrx_word' id='word_1_543' title='bbox 1858 4085 2015 4146; x_wconf 91' lang='lat' dir='ltr'><strong>Deus</strong></span> <span class='ocrx_word' id='word_1_544' title='bbox 2047 4103 2120 4146; x_wconf 85' lang='lat' dir='ltr'>ex</span> 
     </span>
    </p>
   </div>
   <div class='ocr_carea' id='block_1_72' title="bbox 468 4173 681 4237">
    <p class='ocr_par' dir='ltr' id='par_1_72' title="bbox 468 4173 681 4237">
     <span class='ocr_line' id='line_1_72' title="bbox 468 4173 681 4237; baseline -0.009 0"><span class='ocrx_word' id='word_1_545' title='bbox 468 4173 617 4237; x_wconf 92' lang='lat' dir='ltr'><strong>Deo.</strong></span> <span class='ocrx_word' id='word_1_546' title='bbox 653 4196 681 4228; x_wconf 80' lang='lat'><strong><em>»</em></strong></span> 
     </span>
    </p>
   </div>
   <div class='ocr_carea' id='block_1_73' title="bbox 2196 3013 3838 3098">
    <p class='ocr_par' dir='ltr' id='par_1_73' title="bbox 2196 3013 3838 3098">
     <span class='ocr_line' id='line_1_73' title="bbox 2196 3013 3838 3098; baseline 0.002 -24"><span class='ocrx_word' id='word_1_547' title='bbox 2196 3022 2257 3075; x_wconf 77' lang='lat' dir='ltr'><strong>Ex</strong></span> <span class='ocrx_word' id='word_1_548' title='bbox 2309 3020 2661 3098; x_wconf 85' lang='grc' dir='ltr'>Πνεύματος,,</span> <span class='ocrx_word' id='word_1_549' title='bbox 2749 3017 2901 3096; x_wconf 72' lang='grc' dir='ltr'>εἴπερ</span> <span class='ocrx_word' id='word_1_550' title='bbox 3010 3019 3147 3074; x_wconf 79' lang='grc' dir='ltr'>κατὰ</span> <span class='ocrx_word' id='word_1_551' title='bbox 3185 3013 3194 3024; x_wconf 68' lang='grc'><strong>’</strong></span> <span class='ocrx_word' id='word_1_552' title='bbox 3239 3022 3298 3075; x_wconf 85' lang='grc' dir='ltr'>τὸ</span> <span class='ocrx_word' id='word_1_553' title='bbox 3387 3020 3712 3098; x_wconf 86' lang='grc' dir='ltr'>πρόσλημμα</span> <span class='ocrx_word' id='word_1_554' title='bbox 3779 3021 3838 3077; x_wconf 83' lang='lat' dir='ltr'><strong>Ex</strong></span> 
     </span>
    </p>
   </div>
   <div class='ocr_carea' id='block_1_74' title="bbox 2200 3107 3838 3188">
    <p class='ocr_par' dir='ltr' id='par_1_74' title="bbox 2200 3107 3838 3188">
     <span class='ocr_line' id='line_1_74' title="bbox 2200 3107 3838 3188; baseline 0.002 -25"><span class='ocrx_word' id='word_1_555' title='bbox 2200 3108 2502 3183; x_wconf 86' lang='grc' dir='ltr'>Πνεύματος</span> <span class='ocrx_word' id='word_1_556' title='bbox 2589 3107 2737 3186; x_wconf 85' lang='grc' dir='ltr'>ἆγὶου</span> <span class='ocrx_word' id='word_1_557' title='bbox 2819 3108 2907 3162; x_wconf 84' lang='grc' dir='ltr'><strong>καὶ</strong></span> <span class='ocrx_word' id='word_1_558' title='bbox 2989 3108 3189 3185; x_wconf 84' lang='grc' dir='ltr'>Μαρίας</span> <span class='ocrx_word' id='word_1_559' title='bbox 3259 3113 3358 3174; x_wconf 80' lang='grc' dir='ltr'>τῆς</span> <span class='ocrx_word' id='word_1_560' title='bbox 3416 3110 3674 3188; x_wconf 82' lang='grc' dir='ltr'>Παρθένου</span> <span class='ocrx_word' id='word_1_561' title='bbox 3745 3113 3838 3168; x_wconf 82' lang='grc' dir='ltr'><strong>οῦ-</strong></span> 
     </span>
    </p>
   </div>
   <div class='ocr_carea' id='block_1_75' title="bbox 2199 3194 3837 3279">
    <p class='ocr_par' dir='ltr' id='par_1_75' title="bbox 2199 3194 3837 3279">
     <span class='ocr_line' id='line_1_75' title="bbox 2199 3194 3837 3279; baseline 0.002 -27"><span class='ocrx_word' id='word_1_562' title='bbox 2199 3197 2286 3261; x_wconf 74' lang='lat' dir='ltr'><strong>1d:</strong></span> <span class='ocrx_word' id='word_1_563' title='bbox 2327 3199 2492 3270; x_wconf 70' lang='grc' dir='ltr'>ἔστιν,</span> <span class='ocrx_word' id='word_1_564' title='bbox 2526 3199 2598 3259; x_wconf 85' lang='grc' dir='ltr'>ὡς</span> <span class='ocrx_word' id='word_1_565' title='bbox 2655 3198 2743 3251; x_wconf 82' lang='grc' dir='ltr'><strong>καὶ</strong></span> <span class='ocrx_word' id='word_1_566' title='bbox 2813 3194 2966 3256; x_wconf 74' lang='grc' dir='ltr'>αὐτὸς</span> <span class='ocrx_word' id='word_1_567' title='bbox 3014 3197 3351 3273; x_wconf 83' lang='grc' dir='ltr'>παρακατιὼν</span> <span class='ocrx_word' id='word_1_568' title='bbox 3409 3200 3437 3253; x_wconf 87' lang='grc' dir='ltr'>ὁ</span> <span class='ocrx_word' id='word_1_569' title='bbox 3493 3199 3640 3276; x_wconf 81' lang='grc' dir='ltr'>ἂγιος</span> <span class='ocrx_word' id='word_1_570' title='bbox 3671 3198 3837 3279; x_wconf 73' lang='grc' dir='ltr'>λέγει,</span> 
     </span>
    </p>
   </div>
   <div class='ocr_carea' id='block_1_76' title="bbox 2200 3283 3841 3366">
    <p class='ocr_par' dir='ltr' id='par_1_76' title="bbox 2200 3283 3841 3366">
     <span class='ocr_line' id='line_1_76' title="bbox 2200 3283 3841 3366; baseline 0.002 -26"><span class='ocrx_word' id='word_1_571' title='bbox 2200 3286 2249 3341; x_wconf 90' lang='grc' dir='ltr'><strong>τί</strong></span> <span class='ocrx_word' id='word_1_572' title='bbox 2297 3285 2595 3360; x_wconf 78' lang='grc' dir='ltr'>συμϐάλλον</span> <span class='ocrx_word' id='word_1_573' title='bbox 2644 3287 2711 3352; x_wconf 78' lang='grc' dir='ltr'>ἦν</span> <span class='ocrx_word' id='word_1_574' title='bbox 2784 3296 2902 3346; x_wconf 75' lang='grc' dir='ltr'>τοῖς</span> <span class='ocrx_word' id='word_1_575' title='bbox 2973 3283 3070 3350; x_wconf 77' lang='grc' dir='ltr'>τὴν</span> <span class='ocrx_word' id='word_1_576' title='bbox 3128 3284 3280 3360; x_wconf 78' lang='grc' dir='ltr'>ῥῆσιν</span> <span class='ocrx_word' id='word_1_577' title='bbox 3338 3283 3653 3366; x_wconf 75' lang='grc' dir='ltr'>διαφθείρασι</span> <span class='ocrx_word' id='word_1_578' title='bbox 3710 3289 3841 3366; x_wconf 82' lang='grc' dir='ltr'>πρὸς</span> 
     </span>
    </p>
   </div>
   <div class='ocr_carea' id='block_1_77' title="bbox 2199 3372 3844 3456">
    <p class='ocr_par' dir='ltr' id='par_1_77' title="bbox 2199 3372 3844 3456">
     <span class='ocr_line' id='line_1_77' title="bbox 2199 3372 3844 3456; baseline 0.002 -27"><span class='ocrx_word' id='word_1_579' title='bbox 2199 3377 2258 3430; x_wconf 87' lang='grc' dir='ltr'>τό</span> <span class='ocrx_word' id='word_1_580' title='bbox 2289 3375 2366 3450; x_wconf 79' lang='grc' dir='ltr'>μὴ</span> <span class='ocrx_word' id='word_1_581' title='bbox 2398 3375 2539 3432; x_wconf 75' lang='grc' dir='ltr'>εἶναι</span> <span class='ocrx_word' id='word_1_582' title='bbox 2609 3378 2670 3431; x_wconf 86' lang='grc' dir='ltr'>τὸ</span> <span class='ocrx_word' id='word_1_583' title='bbox 2721 3379 2932 3448; x_wconf 85' lang='grc' dir='ltr'>Πνεῦμα</span> <span class='ocrx_word' id='word_1_584' title='bbox 2987 3372 3048 3428; x_wconf 85' lang='lat' dir='ltr'><strong>Ex</strong></span> <span class='ocrx_word' id='word_1_585' title='bbox 3088 3380 3178 3428; x_wconf 84' lang='lat'><strong>105</strong></span> <span class='ocrx_word' id='word_1_586' title='bbox 3221 3381 3488 3455; x_wconf 79' lang='grc' dir='ltr'>Χριστοῦ;</span> <span class='ocrx_word' id='word_1_587' title='bbox 3550 3374 3675 3433; x_wconf 70' lang='grc' dir='ltr'>Εἴτε</span> <span class='ocrx_word' id='word_1_588' title='bbox 3743 3379 3844 3456; x_wconf 73' lang='grc' dir='ltr'><strong>γὰρ</strong></span> 
     </span>
    </p>
   </div>
   <div class='ocr_carea' id='block_1_78' title="bbox 2200 3459 3843 3544">
    <p class='ocr_par' dir='ltr' id='par_1_78' title="bbox 2200 3459 3843 3544">
     <span class='ocr_line' id='line_1_78' title="bbox 2200 3459 3843 3544; baseline 0.002 -26"><span class='ocrx_word' id='word_1_589' title='bbox 2200 3462 2259 3520; x_wconf 88' lang='lat' dir='ltr'><strong>Ex</strong></span> <span class='ocrx_word' id='word_1_590' title='bbox 2312 3468 2406 3520; x_wconf 81' lang='grc' dir='ltr'><strong>τοῦ</strong></span> <span class='ocrx_word' id='word_1_591' title='bbox 2461 3466 2687 3544; x_wconf 79' lang='grc' dir='ltr'>Πατρὸς,</span> <span class='ocrx_word' id='word_1_592' title='bbox 2741 3460 2853 3518; x_wconf 71' lang='grc' dir='ltr'>εἴτε</span> <span class='ocrx_word' id='word_1_593' title='bbox 2910 3459 2971 3516; x_wconf 82' lang='grc' dir='ltr'><strong>ἐκ</strong></span> <span class='ocrx_word' id='word_1_594' title='bbox 3010 3467 3101 3517; x_wconf 87' lang='grc' dir='ltr'><strong>τοῦ</strong></span> <span class='ocrx_word' id='word_1_595' title='bbox 3153 3463 3456 3538; x_wconf 89' lang='grc' dir='ltr'>Πνεύματος</span> <span class='ocrx_word' id='word_1_596' title='bbox 3512 3466 3843 3522; x_wconf 86' lang='grc' dir='ltr'>πιστεύεσθαι</span> 
     </span>
    </p>
   </div>
   <div class='ocr_carea' id='block_1_79' title="bbox 2200 3549 3846 3634">
    <p class='ocr_par' dir='ltr' id='par_1_79' title="bbox 2200 3549 3846 3634">
     <span class='ocr_line' id='line_1_79' title="bbox 2200 3549 3846 3634; baseline 0 -26"><span class='ocrx_word' id='word_1_597' title='bbox 2200 3554 2289 3608; x_wconf 82' lang='grc' dir='ltr'>τὸν</span> <span class='ocrx_word' id='word_1_598' title='bbox 2321 3556 2576 3634; x_wconf 82' lang='grc' dir='ltr'>Χριστὸν,</span> <span class='ocrx_word' id='word_1_599' title='bbox 2653 3554 2782 3610; x_wconf 85' lang='grc' dir='ltr'>Θεὸν</span> <span class='ocrx_word' id='word_1_600' title='bbox 2839 3552 2899 3607; x_wconf 84' lang='grc' dir='ltr'>ἐκ</span> <span class='ocrx_word' id='word_1_601' title='bbox 2941 3557 3071 3609; x_wconf 89' lang='grc' dir='ltr'>Θεοῦ</span> <span class='ocrx_word' id='word_1_602' title='bbox 3101 3552 3128 3606; x_wconf 86' lang='grc' dir='ltr'>ὁ</span> <span class='ocrx_word' id='word_1_603' title='bbox 3172 3549 3319 3630; x_wconf 78' lang='grc' dir='ltr'>ἅγιος</span> <span class='ocrx_word' id='word_1_604' title='bbox 3374 3551 3497 3634; x_wconf 74' lang='grc' dir='ltr'><strong>ἔφη.</strong></span> <span class='ocrx_word' id='word_1_605' title='bbox 3532 3557 3601 3612; x_wconf 84' lang='grc' dir='ltr'>Τὸ</span> <span class='ocrx_word' id='word_1_606' title='bbox 3633 3555 3756 3634; x_wconf 77' lang='grc' dir='ltr'>γοῦν</span> <span class='ocrx_word' id='word_1_607' title='bbox 3787 3554 3846 3612; x_wconf 81' lang='grc' dir='ltr'>ἐκ</span> 
     </span>
    </p>
   </div>
   <div class='ocr_carea' id='block_1_80' title="bbox 2200 3641 3844 3722">
    <p class='ocr_par' dir='ltr' id='par_1_80' title="bbox 2200 3641 3844 3722">
     <span class='ocr_line' id='line_1_80' title="bbox 2200 3641 3844 3722; baseline 0.001 -25"><span class='ocrx_word' id='word_1_608' title='bbox 2200 3642 2290 3698; x_wconf 85' lang='grc' dir='ltr'><strong>τοῦ</strong></span> <span class='ocrx_word' id='word_1_609' title='bbox 2351 3651 2571 3722; x_wconf 87' lang='grc' dir='ltr'>Χριστοῦ</span> <span class='ocrx_word' id='word_1_610' title='bbox 2642 3642 2782 3698; x_wconf 71' lang='grc' dir='ltr'>εἶναι</span> <span class='ocrx_word' id='word_1_611' title='bbox 2852 3641 2912 3696; x_wconf 82' lang='grc' dir='ltr'>τὸ</span> <span class='ocrx_word' id='word_1_612' title='bbox 2971 3645 3180 3714; x_wconf 84' lang='grc' dir='ltr'>Πνεῦμα</span> <span class='ocrx_word' id='word_1_613' title='bbox 3250 3641 3423 3709; x_wconf 70' lang='grc' dir='ltr'>πάντη</span> <span class='ocrx_word' id='word_1_614' title='bbox 3503 3649 3681 3722; x_wconf 72' lang='grc' dir='ltr'>σαφῶς</span> <span class='ocrx_word' id='word_1_615' title='bbox 3734 3641 3844 3699; x_wconf 85' lang='grc' dir='ltr'>διε-</span> 
     </span>
    </p>
   </div>
   <div class='ocr_carea' id='block_1_81' title="bbox 2203 3729 3844 3810">
    <p class='ocr_par' dir='ltr' id='par_1_81' title="bbox 2203 3729 3844 3810">
     <span class='ocr_line' id='line_1_81' title="bbox 2203 3729 3844 3810; baseline 0 -22"><span class='ocrx_word' id='word_1_616' title='bbox 2203 3733 2457 3808; x_wconf 86' lang='grc' dir='ltr'>τράνωσε,</span> <span class='ocrx_word' id='word_1_617' title='bbox 2541 3735 2629 3790; x_wconf 87' lang='grc' dir='ltr'><strong>καὶ</strong></span> <span class='ocrx_word' id='word_1_618' title='bbox 2699 3733 2902 3806; x_wconf 72' lang='grc' dir='ltr'>ἔμεινεν</span> <span class='ocrx_word' id='word_1_619' title='bbox 2983 3729 3016 3795; x_wconf 79' lang='grc' dir='ltr'>ἡ</span> <span class='ocrx_word' id='word_1_620' title='bbox 3101 3733 3406 3810; x_wconf 76' lang='grc' dir='ltr'>παραφθορὰ</span> <span class='ocrx_word' id='word_1_621' title='bbox 3489 3737 3586 3799; x_wconf 81' lang='grc' dir='ltr'>τῆς</span> <span class='ocrx_word' id='word_1_622' title='bbox 3641 3733 3844 3809; x_wconf 75' lang='grc' dir='ltr'>ῥήσεως</span> 
     </span>
    </p>
   </div>
   <div class='ocr_carea' id='block_1_82' title="bbox 2203 3818 3846 3897">
    <p class='ocr_par' dir='ltr' id='par_1_82' title="bbox 2203 3818 3846 3897">
     <span class='ocr_line' id='line_1_82' title="bbox 2203 3818 3846 3897; baseline 0.001 -21"><span class='ocrx_word' id='word_1_623' title='bbox 2203 3819 2349 3876; x_wconf 69' lang='grc' dir='ltr'>οὐδὲν</span> <span class='ocrx_word' id='word_1_624' title='bbox 2403 3823 2585 3886; x_wconf 70' lang='grc' dir='ltr'>αὐτοῖς</span> <span class='ocrx_word' id='word_1_625' title='bbox 2655 3818 3008 3878; x_wconf 87' lang='grc' dir='ltr'>συντελέσασα</span> <span class='ocrx_word' id='word_1_626' title='bbox 3079 3819 3153 3881; x_wconf 88' lang='grc' dir='ltr'><strong>εἶς</strong></span> <span class='ocrx_word' id='word_1_627' title='bbox 3236 3821 3566 3888; x_wconf 77' lang='grc' dir='ltr'>κατασκευὴν</span> <span class='ocrx_word' id='word_1_628' title='bbox 3623 3829 3713 3878; x_wconf 84' lang='grc' dir='ltr'><strong>τοῦ</strong></span> <span class='ocrx_word' id='word_1_629' title='bbox 3769 3823 3846 3897; x_wconf 79' lang='grc' dir='ltr'>μὴ</span> 
     </span>
    </p>
   </div>
   <div class='ocr_carea' id='block_1_83' title="bbox 2201 3908 3846 3985">
    <p class='ocr_par' dir='ltr' id='par_1_83' title="bbox 2201 3908 3846 3985">
     <span class='ocr_line' id='line_1_83' title="bbox 2201 3908 3846 3985; baseline 0 -18"><span class='ocrx_word' id='word_1_630' title='bbox 2201 3923 2338 3967; x_wconf 81' lang='grc' dir='ltr'>εῖναι</span> <span class='ocrx_word' id='word_1_631' title='bbox 2421 3914 2482 3968; x_wconf 83' lang='grc' dir='ltr'>τὸ</span> <span class='ocrx_word' id='word_1_632' title='bbox 2565 3919 2776 3985; x_wconf 86' lang='grc' dir='ltr'>Πνεῦμα</span> <span class='ocrx_word' id='word_1_633' title='bbox 2815 3909 2876 3965; x_wconf 84' lang='grc' dir='ltr'><strong>ἐκ</strong></span> <span class='ocrx_word' id='word_1_634' title='bbox 2931 3913 3021 3962; x_wconf 85' lang='lat'><strong>105</strong></span> <span class='ocrx_word' id='word_1_635' title='bbox 3075 3913 3318 3985; x_wconf 83' lang='grc' dir='ltr'>Χριστοῦ.</span> <span class='ocrx_word' id='word_1_636' title='bbox 3395 3908 3562 3966; x_wconf 78' lang='grc' dir='ltr'>Ἀλλὰ</span> <span class='ocrx_word' id='word_1_637' title='bbox 3631 3911 3718 3966; x_wconf 87' lang='grc' dir='ltr'><strong>καὶ</strong></span> <span class='ocrx_word' id='word_1_638' title='bbox 3785 3913 3846 3967; x_wconf 82' lang='grc' dir='ltr'>τὸ</span> 
     </span>
    </p>
   </div>
   <div class='ocr_carea' id='block_1_84' title="bbox 2200 3994 3847 4080">
    <p class='ocr_par' dir='ltr' id='par_1_84' title="bbox 2200 3994 3847 4080">
     <span class='ocr_line' id='line_1_84' title="bbox 2200 3994 3847 4080; baseline 0 -25"><span class='ocrx_word' id='word_1_639' title='bbox 2200 3999 2385 4079; x_wconf 75' lang='grc' dir='ltr'>ἐφεξῆς</span> <span class='ocrx_word' id='word_1_640' title='bbox 2444 4002 2771 4080; x_wconf 79' lang='grc' dir='ltr'>ἐπαγόμενον</span> <span class='ocrx_word' id='word_1_641' title='bbox 2850 3999 2940 4080; x_wconf 75' lang='grc' dir='ltr'><strong>τὸ,</strong></span> <span class='ocrx_word' id='word_1_642' title='bbox 3022 4012 3052 4053; x_wconf 86' lang='grc'><strong>(</strong></span> <span class='ocrx_word' id='word_1_643' title='bbox 3111 3995 3145 4063; x_wconf 76' lang='grc' dir='ltr'><strong>ἢ</strong></span> <span class='ocrx_word' id='word_1_644' title='bbox 3202 3994 3326 4075; x_wconf 87' lang='grc' dir='ltr'>παρ’</span> <span class='ocrx_word' id='word_1_645' title='bbox 3384 3997 3714 4078; x_wconf 76' lang='grc' dir='ltr'>ἀμφοτέρων,</span> <span class='ocrx_word' id='word_1_646' title='bbox 3774 3998 3847 4064; x_wconf 78' lang='grc' dir='ltr'>ὥς</span> 
     </span>
    </p>
   </div>
   <div class='ocr_carea' id='block_1_85' title="bbox 2199 4077 3847 4170">
    <p class='ocr_par' dir='ltr' id='par_1_85' title="bbox 2199 4077 3847 4170">
     <span class='ocr_line' id='line_1_85' title="bbox 2199 4077 3847 4170; baseline 0.001 -27"><span class='ocrx_word' id='word_1_647' title='bbox 2199 4077 2360 4168; x_wconf 76' lang='grc' dir='ltr'>φησιν</span> <span class='ocrx_word' id='word_1_648' title='bbox 2416 4093 2444 4146; x_wconf 77' lang='grc' dir='ltr'><strong>ὁ</strong></span> <span class='ocrx_word' id='word_1_649' title='bbox 2499 4077 2746 4170; x_wconf 80' lang='grc' dir='ltr'>Χριστὸς,</span> <span class='ocrx_word' id='word_1_650' title='bbox 2783 4112 2810 4143; x_wconf 78' lang='grc' dir='ltr'><strong>α</strong></span> <span class='ocrx_word' id='word_1_651' title='bbox 2847 4077 2925 4143; x_wconf 74' lang='grc' dir='ltr'><strong>υΟ</strong></span> <span class='ocrx_word' id='word_1_652' title='bbox 2970 4085 3111 4160; x_wconf 79' lang='grc' dir='ltr'>παρὰ</span> <span class='ocrx_word' id='word_1_653' title='bbox 3167 4094 3257 4143; x_wconf 88' lang='grc' dir='ltr'><strong>τοῦ</strong></span> <span class='ocrx_word' id='word_1_654' title='bbox 3326 4077 3530 4166; x_wconf 73' lang='grc' dir='ltr'>Πατρος</span> <span class='ocrx_word' id='word_1_655' title='bbox 3562 4088 3847 4165; x_wconf 80' lang='grc' dir='ltr'>ἐκπορεύε-</span> 
     </span>
    </p>
   </div>
   <div class='ocr_carea' id='block_1_86' title="bbox 2199 4170 3846 4256">
    <p class='ocr_par' dir='ltr' id='par_1_86' title="bbox 2199 4170 3846 4256">
     <span class='ocr_line' id='line_1_86' title="bbox 2199 4170 3846 4256; baseline 0.001 -23"><span class='ocrx_word' id='word_1_656' title='bbox 2199 4199 2307 4251; x_wconf 85' lang='grc' dir='ltr'>ται,</span> <span class='ocrx_word' id='word_1_657' title='bbox 2338 4180 2425 4235; x_wconf 86' lang='grc' dir='ltr'><strong>καὶ</strong></span> <span class='ocrx_word' id='word_1_658' title='bbox 2482 4182 2631 4242; x_wconf 78' lang='grc' dir='ltr'>οὗτος</span> <span class='ocrx_word' id='word_1_659' title='bbox 2691 4179 2750 4234; x_wconf 85' lang='lat' dir='ltr'><strong>Ex</strong></span> <span class='ocrx_word' id='word_1_660' title='bbox 2798 4185 2890 4235; x_wconf 86' lang='lat'><strong>105</strong></span> <span class='ocrx_word' id='word_1_661' title='bbox 2933 4171 3063 4228; x_wconf 67' lang='grc' dir='ltr'><strong>ὲτῖοὖ</strong></span> <span class='ocrx_word' id='word_1_662' title='bbox 3106 4170 3358 4256; x_wconf 75' lang='grc' dir='ltr'>λήψεται,</span> <span class='ocrx_word' id='word_1_663' title='bbox 3410 4199 3438 4231; x_wconf 71' lang='grc' dir='ltr'><strong><em>ι</em></strong></span> <span class='ocrx_word' id='word_1_664' title='bbox 3485 4175 3692 4244; x_wconf 62' lang='grc' dir='ltr'>πολλὴν</span> <span class='ocrx_word' id='word_1_665' title='bbox 3748 4179 3846 4246; x_wconf 76' lang='grc' dir='ltr'>τὴν</span> 
     </span>
    </p>
   </div>
   <div class='ocr_carea' id='block_1_87' title="bbox 453 4259 3846 4346">
    <p class='ocr_par' dir='ltr' id='par_1_87' title="bbox 453 4259 3846 4346">
     <span class='ocr_line' id='line_1_87' title="bbox 453 4259 3846 4346; baseline 0.003 -26"><span class='ocrx_word' id='word_1_666' title='bbox 453 4261 633 4321; x_wconf 79' lang='grc' dir='ltr'>ἐίνοιαν</span> <span class='ocrx_word' id='word_1_667' title='bbox 662 4273 957 4341; x_wconf 80' lang='grc' dir='ltr'>κατηγορεῖ</span> <span class='ocrx_word' id='word_1_668' title='bbox 987 4262 1077 4318; x_wconf 82' lang='grc' dir='ltr'><strong>τὸν</strong></span> <span class='ocrx_word' id='word_1_669' title='bbox 1112 4260 1224 4316; x_wconf 83' lang='grc' dir='ltr'>ἀντὶ</span> <span class='ocrx_word' id='word_1_670' title='bbox 1255 4268 1347 4318; x_wconf 88' lang='grc' dir='ltr'><strong>τοῦ</strong></span> <span class='ocrx_word' id='word_1_671' title='bbox 1391 4262 1586 4340; x_wconf 75' lang='grc' dir='ltr'>εἰπεῖν,</span> <span class='ocrx_word' id='word_1_672' title='bbox 1623 4284 1648 4315; x_wconf 78' lang='grc' dir='ltr'>ι(</span> <span class='ocrx_word' id='word_1_673' title='bbox 1682 4260 1742 4318; x_wconf 82' lang='grc' dir='ltr'><strong>ἐκ</strong></span> <span class='ocrx_word' id='word_1_674' title='bbox 1770 4267 1862 4317; x_wconf 89' lang='grc' dir='ltr'><strong>τοῦ</strong></span> <span class='ocrx_word' id='word_1_675' title='bbox 1895 4264 2098 4342; x_wconf 79' lang='grc' dir='ltr'>Πατρὸς</span> <span class='ocrx_word' id='word_1_676' title='bbox 2129 4268 2460 4324; x_wconf 88' lang='grc' dir='ltr'>πιστεύεσθαι</span> <span class='ocrx_word' id='word_1_677' title='bbox 2493 4270 2584 4324; x_wconf 86' lang='grc' dir='ltr'>τὸν</span> <span class='ocrx_word' id='word_1_678' title='bbox 2611 4269 2857 4346; x_wconf 84' lang='grc' dir='ltr'>Χριστὸν,</span> <span class='ocrx_word' id='word_1_679' title='bbox 2904 4272 3032 4322; x_wconf 82' lang='grc' dir='ltr'>Θεὸν</span> <span class='ocrx_word' id='word_1_680' title='bbox 3064 4259 3124 4316; x_wconf 76' lang='grc' dir='ltr'>ἐκ</span> <span class='ocrx_word' id='word_1_681' title='bbox 3155 4268 3308 4344; x_wconf 81' lang='grc' dir='ltr'>Θεοῦ,</span> <span class='ocrx_word' id='word_1_682' title='bbox 3338 4288 3364 4320; x_wconf 74' lang='grc' dir='ltr'>ιο</span> <span class='ocrx_word' id='word_1_683' title='bbox 3397 4263 3685 4342; x_wconf 77' lang='grc' dir='ltr'>λεγόντων.</span> <span class='ocrx_word' id='word_1_684' title='bbox 3728 4297 3751 4327; x_wconf 76' lang='grc' dir='ltr'><strong>ιι</strong></span> <span class='ocrx_word' id='word_1_685' title='bbox 3789 4275 3846 4330; x_wconf 78' lang='grc' dir='ltr'>Εἰ</span> 
     </span>
    </p>
   </div>
   <div class='ocr_carea' id='block_1_88' title="bbox 455 4349 2229 4432">
    <p class='ocr_par' dir='ltr' id='par_1_88' title="bbox 455 4349 2229 4432">
     <span class='ocr_line' id='line_1_88' title="bbox 455 4349 2229 4432; baseline 0 -22"><span class='ocrx_word' id='word_1_686' title='bbox 455 4352 510 4410; x_wconf 77' lang='grc' dir='ltr'><strong>δὲ</strong></span> <span class='ocrx_word' id='word_1_687' title='bbox 567 4353 790 4432; x_wconf 77' lang='grc' dir='ltr'>Χριστος</span> <span class='ocrx_word' id='word_1_688' title='bbox 823 4351 883 4407; x_wconf 79' lang='grc' dir='ltr'>ἐκ</span> <span class='ocrx_word' id='word_1_689' title='bbox 912 4356 1005 4408; x_wconf 86' lang='grc' dir='ltr'><strong>τσῦ</strong></span> <span class='ocrx_word' id='word_1_690' title='bbox 1039 4349 1348 4424; x_wconf 85' lang='grc' dir='ltr'>Πνεύματος</span> <span class='ocrx_word' id='word_1_691' title='bbox 1381 4351 1706 4424; x_wconf 85' lang='grc' dir='ltr'>πιστεύεται,</span> <span class='ocrx_word' id='word_1_692' title='bbox 1743 4353 1870 4415; x_wconf 84' lang='grc' dir='ltr'>Θεὸς</span> <span class='ocrx_word' id='word_1_693' title='bbox 1903 4351 1965 4407; x_wconf 81' lang='lat' dir='ltr'><strong>Ex</strong></span> <span class='ocrx_word' id='word_1_694' title='bbox 2011 4359 2161 4416; x_wconf 87' lang='grc' dir='ltr'>Θεοῦ,</span> <span class='ocrx_word' id='word_1_695' title='bbox 2202 4378 2229 4410; x_wconf 70' lang='grc' dir='ltr'><strong>ιο</strong></span> 
     </span>
    </p>
   </div>
   <div class='ocr_carea' id='block_1_89' title="bbox 550 4438 2180 4520">
    <p class='ocr_par' dir='ltr' id='par_1_89' title="bbox 550 4438 2180 4520">
     <span class='ocr_line' id='line_1_89' title="bbox 550 4438 2180 4520; baseline 0 -16"><span class='ocrx_word' id='word_1_696' title='bbox 550 4439 650 4504; x_wconf 83' lang='grc'><strong>16.</strong></span> <span class='ocrx_word' id='word_1_697' title='bbox 678 4438 796 4502; x_wconf 92' lang='lat' dir='ltr'><strong>Sed</strong></span> <span class='ocrx_word' id='word_1_698' title='bbox 825 4456 968 4500; x_wconf 90' lang='lat' dir='ltr'><strong>sane</strong></span> <span class='ocrx_word' id='word_1_699' title='bbox 1001 4455 1139 4500; x_wconf 90' lang='lat' dir='ltr'><strong>vere</strong></span> <span class='ocrx_word' id='word_1_700' title='bbox 1171 4455 1325 4499; x_wconf 63' lang='lat' dir='ltr'><strong>cmca</strong></span> <span class='ocrx_word' id='word_1_701' title='bbox 1345 4455 1443 4500; x_wconf 91' lang='lat' dir='ltr'><strong>res</strong></span> <span class='ocrx_word' id='word_1_702' title='bbox 1473 4446 1564 4500; x_wconf 91' lang='lat' dir='ltr'><strong>est</strong></span> <span class='ocrx_word' id='word_1_703' title='bbox 1593 4439 1964 4520; x_wconf 91' lang='lat' dir='ltr'><strong>improbitas,</strong></span> <span class='ocrx_word' id='word_1_704' title='bbox 1997 4457 2112 4500; x_wconf 82' lang='lat' dir='ltr'><strong>sae-</strong></span> <span class='ocrx_word' id='word_1_705' title='bbox 2136 4455 2180 4504; x_wconf 89' lang='lat' dir='ltr'><strong>D</strong></span> 
     </span>
    </p>
   </div>
   <div class='ocr_carea' id='block_1_90' title="bbox 465 4526 2122 4612">
    <p class='ocr_par' dir='ltr' id='par_1_90' title="bbox 465 4526 2122 4612">
     <span class='ocr_line' id='line_1_90' title="bbox 465 4526 2122 4612; baseline -0.001 -20"><span class='ocrx_word' id='word_1_706' title='bbox 465 4547 659 4612; x_wconf 89' lang='lat' dir='ltr'><strong>peque</strong></span> <span class='ocrx_word' id='word_1_707' title='bbox 683 4527 900 4609; x_wconf 62' lang='lat' dir='ltr'><strong>saepius</strong></span> <span class='ocrx_word' id='word_1_708' title='bbox 929 4535 986 4589; x_wconf 93' lang='lat' dir='ltr'><strong>et</strong></span> <span class='ocrx_word' id='word_1_709' title='bbox 1015 4534 1077 4588; x_wconf 91' lang='lat' dir='ltr'><strong>ut</strong></span> <span class='ocrx_word' id='word_1_710' title='bbox 1113 4526 1432 4608; x_wconf 91' lang='lat' dir='ltr'><strong>plurimum</strong></span> <span class='ocrx_word' id='word_1_711' title='bbox 1465 4531 1762 4608; x_wconf 86' lang='lat' dir='ltr'><strong>sapientes</strong></span> <span class='ocrx_word' id='word_1_712' title='bbox 1785 4527 2028 4608; x_wconf 86' lang='lat' dir='ltr'><strong>decipit.</strong></span> <span class='ocrx_word' id='word_1_713' title='bbox 2054 4528 2122 4590; x_wconf 82' lang='lat' dir='ltr'><strong>Et</strong></span> 
     </span>
    </p>
   </div>
   <div class='ocr_carea' id='block_1_91' title="bbox 468 4615 2122 4700">
    <p class='ocr_par' dir='ltr' id='par_1_91' title="bbox 468 4615 2122 4700">
     <span class='ocr_line' id='line_1_91' title="bbox 468 4615 2122 4700; baseline 0 -21"><span class='ocrx_word' id='word_1_714' title='bbox 468 4618 569 4700; x_wconf 84' lang='lat' dir='ltr'><strong>qui</strong></span> <span class='ocrx_word' id='word_1_715' title='bbox 597 4617 1010 4681; x_wconf 87' lang='lat' dir='ltr'><strong>adulterandis</strong></span> <span class='ocrx_word' id='word_1_716' title='bbox 1040 4615 1376 4697; x_wconf 89' lang='lat' dir='ltr'><strong>codicibus,</strong></span> <span class='ocrx_word' id='word_1_717' title='bbox 1404 4635 1732 4698; x_wconf 71' lang='lat' dir='ltr'><strong>eorumque</strong></span> <span class='ocrx_word' id='word_1_718' title='bbox 1763 4618 1984 4698; x_wconf 89' lang='lat' dir='ltr'><strong>scripto</strong></span> <span class='ocrx_word' id='word_1_719' title='bbox 2011 4626 2122 4679; x_wconf 74' lang='lat' dir='ltr'><strong>tra-</strong></span> 
     </span>
    </p>
   </div>
   <div class='ocr_carea' id='block_1_92' title="bbox 467 4705 2126 4788">
    <p class='ocr_par' dir='ltr' id='par_1_92' title="bbox 467 4705 2126 4788">
     <span class='ocr_line' id='line_1_92' title="bbox 467 4705 2126 4788; baseline -0.002 -18"><span class='ocrx_word' id='word_1_720' title='bbox 467 4707 608 4770; x_wconf 90' lang='lat' dir='ltr'><strong>ditis</strong></span> <span class='ocrx_word' id='word_1_721' title='bbox 632 4707 808 4769; x_wconf 89' lang='lat' dir='ltr'><strong>dictis</strong></span> <span class='ocrx_word' id='word_1_722' title='bbox 840 4724 1050 4768; x_wconf 89' lang='lat' dir='ltr'><strong>manus</strong></span> <span class='ocrx_word' id='word_1_723' title='bbox 1093 4705 1507 4787; x_wconf 88' lang='lat' dir='ltr'><strong>admoverunt,</strong></span> <span class='ocrx_word' id='word_1_724' title='bbox 1543 4726 1659 4768; x_wconf 92' lang='lat' dir='ltr'><strong>non</strong></span> <span class='ocrx_word' id='word_1_725' title='bbox 1687 4707 1826 4787; x_wconf 90' lang='lat' dir='ltr'><strong>alio,</strong></span> <span class='ocrx_word' id='word_1_726' title='bbox 1861 4725 2034 4788; x_wconf 91' lang='lat' dir='ltr'><strong>quam</strong></span> <span class='ocrx_word' id='word_1_727' title='bbox 2064 4714 2126 4768; x_wconf 92' lang='lat' dir='ltr'><strong>ut</strong></span> 
     </span>
    </p>
   </div>
   <div class='ocr_carea' id='block_1_93' title="bbox 466 4794 2124 4878">
    <p class='ocr_par' dir='ltr' id='par_1_93' title="bbox 466 4794 2124 4878">
     <span class='ocr_line' id='line_1_93' title="bbox 466 4794 2124 4878; baseline 0 -20"><span class='ocrx_word' id='word_1_728' title='bbox 466 4797 773 4878; x_wconf 88' lang='lat' dir='ltr'><strong>propriam</strong></span> <span class='ocrx_word' id='word_1_729' title='bbox 799 4794 1234 4858; x_wconf 89' lang='lat' dir='ltr'><strong>contumaciam</strong></span> <span class='ocrx_word' id='word_1_730' title='bbox 1265 4797 1712 4872; x_wconf 86' lang='lat' dir='ltr'><strong>tutarentur,ad</strong></span> <span class='ocrx_word' id='word_1_731' title='bbox 1738 4797 1796 4858; x_wconf 88' lang='lat' dir='ltr'><strong>id</strong></span> <span class='ocrx_word' id='word_1_732' title='bbox 1829 4796 2124 4876; x_wconf 86' lang='lat' dir='ltr'><strong>agendum</strong></span> 
     </span>
    </p>
   </div>
   <div class='ocr_carea' id='block_1_94' title="bbox 465 4883 2120 4966">
    <p class='ocr_par' dir='ltr' id='par_1_94' title="bbox 465 4883 2120 4966">
     <span class='ocr_line' id='line_1_94' title="bbox 465 4883 2120 4966; baseline -0.001 -19"><span class='ocrx_word' id='word_1_733' title='bbox 465 4886 722 4966; x_wconf 89' lang='lat' dir='ltr'><strong>permoti</strong></span> <span class='ocrx_word' id='word_1_734' title='bbox 752 4894 889 4947; x_wconf 89' lang='lat' dir='ltr'><strong>sunt</strong></span> <span class='ocrx_word' id='word_1_735' title='bbox 936 4883 1057 4947; x_wconf 88' lang='lat' dir='ltr'><strong>Nos</strong></span> <span class='ocrx_word' id='word_1_736' title='bbox 1089 4903 1265 4965; x_wconf 81' lang='lat' dir='ltr'><strong>porro</strong></span> <span class='ocrx_word' id='word_1_737' title='bbox 1309 4885 1431 4964; x_wconf 89' lang='lat' dir='ltr'><strong>jam</strong></span> <span class='ocrx_word' id='word_1_738' title='bbox 1464 4885 1650 4947; x_wconf 90' lang='lat' dir='ltr'><strong>dictas</strong></span> <span class='ocrx_word' id='word_1_739' title='bbox 1683 4885 2120 4966; x_wconf 90' lang='lat' dir='ltr'><strong>corruptiones,</strong></span> 
     </span>
    </p>
   </div>
   <div class='ocr_carea' id='block_1_95' title="bbox 472 4974 2126 5050">
    <p class='ocr_par' dir='ltr' id='par_1_95' title="bbox 472 4974 2126 5050">
     <span class='ocr_line' id='line_1_95' title="bbox 472 4974 2126 5050; baseline 0 -14"><span class='ocrx_word' id='word_1_740' title='bbox 472 4982 532 5036; x_wconf 88' lang='lat' dir='ltr'><strong>et</strong></span> <span class='ocrx_word' id='word_1_741' title='bbox 549 4991 754 5036; x_wconf 87' lang='lat' dir='ltr'><strong>earum</strong></span> <span class='ocrx_word' id='word_1_742' title='bbox 776 4986 1114 5037; x_wconf 90' lang='lat' dir='ltr'><strong>commenta</strong></span> <span class='ocrx_word' id='word_1_743' title='bbox 1139 4974 1330 5035; x_wconf 83' lang='lat' dir='ltr'><strong>futilia</strong></span> <span class='ocrx_word' id='word_1_744' title='bbox 1375 4976 1720 5050; x_wconf 81' lang='lat' dir='ltr'><strong>reteximus,</strong></span> <span class='ocrx_word' id='word_1_745' title='bbox 1757 4976 1903 5036; x_wconf 91' lang='lat' dir='ltr'><strong>illud</strong></span> <span class='ocrx_word' id='word_1_746' title='bbox 1929 4984 2126 5036; x_wconf 87' lang='lat' dir='ltr'><strong>osten-</strong></span> 
     </span>
    </p>
   </div>
   <div class='ocr_carea' id='block_1_96' title="bbox 473 5062 2127 5144">
    <p class='ocr_par' dir='ltr' id='par_1_96' title="bbox 473 5062 2127 5144">
     <span class='ocr_line' id='line_1_96' title="bbox 473 5062 2127 5144; baseline 0 -20"><span class='ocrx_word' id='word_1_747' title='bbox 473 5062 618 5124; x_wconf 89' lang='lat' dir='ltr'><strong>dere</strong></span> <span class='ocrx_word' id='word_1_748' title='bbox 639 5071 948 5137; x_wconf 89' lang='lat' dir='ltr'><strong>conantes,</strong></span> <span class='ocrx_word' id='word_1_749' title='bbox 974 5082 1093 5124; x_wconf 91' lang='lat' dir='ltr'><strong>non</strong></span> <span class='ocrx_word' id='word_1_750' title='bbox 1119 5063 1340 5124; x_wconf 85' lang='lat' dir='ltr'><strong>frustra</strong></span> <span class='ocrx_word' id='word_1_751' title='bbox 1375 5079 1481 5124; x_wconf 90' lang='lat' dir='ltr'><strong>nos</strong></span> <span class='ocrx_word' id='word_1_752' title='bbox 1507 5064 1855 5138; x_wconf 90' lang='lat' dir='ltr'><strong>asseruisse,</strong></span> <span class='ocrx_word' id='word_1_753' title='bbox 1894 5073 2127 5144; x_wconf 89' lang='lat' dir='ltr'><strong>tempus</strong></span> 
     </span>
    </p>
   </div>
   <div class='ocr_carea' id='block_1_97' title="bbox 471 5151 2124 5213">
    <p class='ocr_par' dir='ltr' id='par_1_97' title="bbox 471 5151 2124 5213">
     <span class='ocr_line' id='line_1_97' title="bbox 471 5151 2124 5213; baseline -0.001 0"><span class='ocrx_word' id='word_1_754' title='bbox 471 5151 772 5213; x_wconf 88' lang='lat' dir='ltr'><strong>indicasse</strong></span> <span class='ocrx_word' id='word_1_755' title='bbox 800 5151 1030 5213; x_wconf 89' lang='lat' dir='ltr'><strong>dissidii</strong></span> <span class='ocrx_word' id='word_1_756' title='bbox 1061 5151 1382 5212; x_wconf 90' lang='lat' dir='ltr'><strong>nonnullos</strong></span> <span class='ocrx_word' id='word_1_757' title='bbox 1403 5151 1463 5212; x_wconf 93' lang='lat' dir='ltr'><strong>in</strong></span> <span class='ocrx_word' id='word_1_758' title='bbox 1487 5151 1890 5213; x_wconf 86' lang='lat' dir='ltr'><strong>adulterandis</strong></span> <span class='ocrx_word' id='word_1_759' title='bbox 1919 5153 2124 5213; x_wconf 88' lang='lat' dir='ltr'><strong>simili-</strong></span> 
     </span>
    </p>
   </div>
   <div class='ocr_carea' id='block_1_98' title="bbox 475 5239 2121 5321">
    <p class='ocr_par' dir='ltr' id='par_1_98' title="bbox 475 5239 2121 5321">
     <span class='ocr_line' id='line_1_98' title="bbox 475 5239 2121 5321; baseline -0.001 -19"><span class='ocrx_word' id='word_1_760' title='bbox 475 5239 589 5302; x_wconf 90' lang='lat' dir='ltr'><strong>bus</strong></span> <span class='ocrx_word' id='word_1_761' title='bbox 619 5240 935 5303; x_wconf 89' lang='lat' dir='ltr'><strong>sententiis</strong></span> <span class='ocrx_word' id='word_1_762' title='bbox 965 5259 1130 5302; x_wconf 89' lang='lat' dir='ltr'><strong>suam</strong></span> <span class='ocrx_word' id='word_1_763' title='bbox 1163 5258 1406 5321; x_wconf 88' lang='lat' dir='ltr'><strong>operam</strong></span> <span class='ocrx_word' id='word_1_764' title='bbox 1437 5241 1758 5303; x_wconf 88' lang='lat' dir='ltr'><strong>collocasse</strong></span> <span class='ocrx_word' id='word_1_765' title='bbox 1789 5241 1954 5314; x_wconf 89' lang='lat' dir='ltr'><strong>Quod</strong></span> <span class='ocrx_word' id='word_1_766' title='bbox 1989 5261 2121 5303; x_wconf 91' lang='lat' dir='ltr'><strong>cum</strong></span> 
     </span>
    </p>
   </div>
   <div class='ocr_carea' id='block_1_99' title="bbox 475 5329 2119 5412">
    <p class='ocr_par' dir='ltr' id='par_1_99' title="bbox 475 5329 2119 5412">
     <span class='ocr_line' id='line_1_99' title="bbox 475 5329 2119 5412; baseline -0.002 -19"><span class='ocrx_word' id='word_1_767' title='bbox 475 5329 949 5393; x_wconf 87' lang='lat' dir='ltr'><strong>demonstratum</strong></span> <span class='ocrx_word' id='word_1_768' title='bbox 1003 5330 1099 5405; x_wconf 89' lang='lat' dir='ltr'><strong>sit,</strong></span> <span class='ocrx_word' id='word_1_769' title='bbox 1159 5330 1336 5391; x_wconf 90' lang='lat' dir='ltr'><strong>simul</strong></span> <span class='ocrx_word' id='word_1_770' title='bbox 1391 5349 1625 5412; x_wconf 89' lang='lat' dir='ltr'><strong>quoque</strong></span> <span class='ocrx_word' id='word_1_771' title='bbox 1649 5331 2119 5392; x_wconf 88' lang='lat' dir='ltr'><strong>demonstratum</strong></span> 
     </span>
    </p>
   </div>
   <div class='ocr_carea' id='block_1_100' title="bbox 471 5421 2122 5502">
    <p class='ocr_par' dir='ltr' id='par_1_100' title="bbox 471 5421 2122 5502">
     <span class='ocr_line' id='line_1_100' title="bbox 471 5421 2122 5502; baseline 0.002 -20"><span class='ocrx_word' id='word_1_772' title='bbox 471 5423 655 5498; x_wconf 90' lang='lat' dir='ltr'><strong>venit,</strong></span> <span class='ocrx_word' id='word_1_773' title='bbox 713 5422 1146 5502; x_wconf 81' lang='lat' dir='ltr'><strong>exemplarium</strong></span> <span class='ocrx_word' id='word_1_774' title='bbox 1205 5421 1496 5484; x_wconf 90' lang='lat' dir='ltr'><strong>librorum</strong></span> <span class='ocrx_word' id='word_1_775' title='bbox 1531 5425 1729 5502; x_wconf 82' lang='lat' dir='ltr'><strong>magni</strong></span> <span class='ocrx_word' id='word_1_776' title='bbox 1760 5425 1983 5500; x_wconf 89' lang='lat' dir='ltr'><strong>Basilii,</strong></span> <span class='ocrx_word' id='word_1_777' title='bbox 2021 5425 2122 5485; x_wconf 91' lang='lat' dir='ltr'><strong>illa</strong></span> 
     </span>
    </p>
   </div>
   <div class='ocr_carea' id='block_1_101' title="bbox 470 5510 2120 5593">
    <p class='ocr_par' dir='ltr' id='par_1_101' title="bbox 470 5510 2120 5593">
     <span class='ocr_line' id='line_1_101' title="bbox 470 5510 2120 5593; baseline -0.001 -16"><span class='ocrx_word' id='word_1_778' title='bbox 470 5511 877 5577; x_wconf 83' lang='lat' dir='ltr'><strong>commentitia</strong></span> <span class='ocrx_word' id='word_1_779' title='bbox 899 5511 1127 5590; x_wconf 83' lang='lat' dir='ltr'><strong>esse,in</strong></span> <span class='ocrx_word' id='word_1_780' title='bbox 1153 5510 1368 5593; x_wconf 91' lang='lat' dir='ltr'><strong>quibus</strong></span> <span class='ocrx_word' id='word_1_781' title='bbox 1400 5512 1618 5576; x_wconf 84' lang='lat' dir='ltr'><strong>dictum</strong></span> <span class='ocrx_word' id='word_1_782' title='bbox 1641 5533 1936 5592; x_wconf 83' lang='lat' dir='ltr'><strong>asserens,</strong></span> <span class='ocrx_word' id='word_1_783' title='bbox 1978 5537 2005 5574; x_wconf 76' lang='grc' dir='ltr'><strong>(ι</strong></span> <span class='ocrx_word' id='word_1_784' title='bbox 2037 5513 2120 5576; x_wconf 82' lang='lat' dir='ltr'>Ex</span> 
     </span>
    </p>
   </div>
   <div class='ocr_carea' id='block_1_102' title="bbox 2280 4435 3848 4524">
    <p class='ocr_par' dir='ltr' id='par_1_102' title="bbox 2280 4435 3848 4524">
     <span class='ocr_line' id='line_1_102' title="bbox 2280 4435 3848 4524; baseline -0.002 -24"><span class='ocrx_word' id='word_1_785' title='bbox 2280 4435 2398 4519; x_wconf 71' lang='grc' dir='ltr'><strong>ις’.</strong></span> <span class='ocrx_word' id='word_1_786' title='bbox 2437 4445 2586 4503; x_wconf 82' lang='grc' dir='ltr'>Ἀλλ’</span> <span class='ocrx_word' id='word_1_787' title='bbox 2650 4445 2814 4508; x_wconf 71' lang='grc' dir='ltr'>ὄντως</span> <span class='ocrx_word' id='word_1_788' title='bbox 2879 4443 3070 4524; x_wconf 60' lang='grc' dir='ltr'>τυιίνλὸν</span> <span class='ocrx_word' id='word_1_789' title='bbox 3113 4447 3146 4514; x_wconf 82' lang='grc' dir='ltr'><strong>ἡ</strong></span> <span class='ocrx_word' id='word_1_790' title='bbox 3209 4445 3387 4516; x_wconf 87' lang='grc' dir='ltr'>κακία,</span> <span class='ocrx_word' id='word_1_791' title='bbox 3447 4446 3534 4499; x_wconf 86' lang='grc' dir='ltr'><strong>καὶ</strong></span> <span class='ocrx_word' id='word_1_792' title='bbox 3588 4444 3705 4506; x_wconf 81' lang='grc' dir='ltr'>τοὺς</span> <span class='ocrx_word' id='word_1_793' title='bbox 3751 4463 3848 4498; x_wconf 90' lang='grc' dir='ltr'><strong>σο-</strong></span> 
     </span>
    </p>
   </div>
   <div class='ocr_carea' id='block_1_103' title="bbox 2206 4531 3849 4615">
    <p class='ocr_par' dir='ltr' id='par_1_103' title="bbox 2206 4531 3849 4615">
     <span class='ocr_line' id='line_1_103' title="bbox 2206 4531 3849 4615; baseline -0.003 -24"><span class='ocrx_word' id='word_1_794' title='bbox 2206 4535 2330 4614; x_wconf 78' lang='grc' dir='ltr'>φοὺς</span> <span class='ocrx_word' id='word_1_795' title='bbox 2394 4541 2500 4593; x_wconf 82' lang='grc' dir='ltr'>τῶν</span> <span class='ocrx_word' id='word_1_796' title='bbox 2559 4534 2756 4615; x_wconf 79' lang='grc' dir='ltr'>ἀνδρῶν</span> <span class='ocrx_word' id='word_1_797' title='bbox 2802 4533 3022 4615; x_wconf 73' lang='grc' dir='ltr'>σφάλλει</span> <span class='ocrx_word' id='word_1_798' title='bbox 3067 4536 3138 4599; x_wconf 87' lang='grc' dir='ltr'><strong>ὼς</strong></span> <span class='ocrx_word' id='word_1_799' title='bbox 3181 4535 3246 4590; x_wconf 81' lang='grc' dir='ltr'>τὰ</span> <span class='ocrx_word' id='word_1_800' title='bbox 3276 4531 3468 4592; x_wconf 82' lang='grc' dir='ltr'>πολλά.</span> <span class='ocrx_word' id='word_1_801' title='bbox 3505 4534 3601 4590; x_wconf 85' lang='grc' dir='ltr'>Καὶ</span> <span class='ocrx_word' id='word_1_802' title='bbox 3631 4534 3676 4588; x_wconf 76' lang='grc' dir='ltr'><strong>οἱ</strong></span> <span class='ocrx_word' id='word_1_803' title='bbox 3721 4532 3849 4610; x_wconf 84' lang='grc' dir='ltr'>πρὸς</span> 
     </span>
    </p>
   </div>
   <div class='ocr_carea' id='block_1_104' title="bbox 2207 4621 3851 4705">
    <p class='ocr_par' dir='ltr' id='par_1_104' title="bbox 2207 4621 3851 4705">
     <span class='ocr_line' id='line_1_104' title="bbox 2207 4621 3851 4705; baseline -0.004 -25"><span class='ocrx_word' id='word_1_804' title='bbox 2207 4626 2300 4692; x_wconf 74' lang='grc' dir='ltr'>τὴν</span> <span class='ocrx_word' id='word_1_805' title='bbox 2367 4626 2702 4705; x_wconf 71' lang='grc' dir='ltr'>παραφθορὰν</span> <span class='ocrx_word' id='word_1_806' title='bbox 2789 4622 3143 4703; x_wconf 76' lang='grc' dir='ltr'>ἒξενεχθέντες</span> <span class='ocrx_word' id='word_1_807' title='bbox 3223 4629 3327 4680; x_wconf 83' lang='grc' dir='ltr'><strong>τῶν</strong></span> <span class='ocrx_word' id='word_1_808' title='bbox 3433 4626 3705 4700; x_wconf 75' lang='grc' dir='ltr'>γραφικῶν</span> <span class='ocrx_word' id='word_1_809' title='bbox 3760 4621 3851 4696; x_wconf 79' lang='grc' dir='ltr'><strong>ῥή-</strong></span> 
     </span>
    </p>
   </div>
   <div class='ocr_carea' id='block_1_105' title="bbox 2209 4709 3850 4794">
    <p class='ocr_par' dir='ltr' id='par_1_105' title="bbox 2209 4709 3850 4794">
     <span class='ocr_line' id='line_1_105' title="bbox 2209 4709 3850 4794; baseline -0.004 -25"><span class='ocrx_word' id='word_1_810' title='bbox 2209 4735 2343 4769; x_wconf 88' lang='grc' dir='ltr'>σεων</span> <span class='ocrx_word' id='word_1_811' title='bbox 2385 4718 2480 4773; x_wconf 81' lang='grc' dir='ltr'>οὒκ</span> <span class='ocrx_word' id='word_1_812' title='bbox 2521 4713 2762 4794; x_wconf 79' lang='grc' dir='ltr'>ἄλλοθεν,</span> <span class='ocrx_word' id='word_1_813' title='bbox 2820 4711 2938 4768; x_wconf 82' lang='grc' dir='ltr'>ἀλλ’</span> <span class='ocrx_word' id='word_1_814' title='bbox 2998 4712 3055 4767; x_wconf 83' lang='grc' dir='ltr'><strong>ἐκ</strong></span> <span class='ocrx_word' id='word_1_815' title='bbox 3085 4711 3248 4786; x_wconf 81' lang='grc' dir='ltr'>μόνου</span> <span class='ocrx_word' id='word_1_816' title='bbox 3301 4713 3393 4766; x_wconf 84' lang='grc' dir='ltr'><strong>τοῦ</strong></span> <span class='ocrx_word' id='word_1_817' title='bbox 3448 4709 3723 4786; x_wconf 78' lang='grc' dir='ltr'>βούλεσθαι</span> <span class='ocrx_word' id='word_1_818' title='bbox 3769 4710 3850 4764; x_wconf 75' lang='grc' dir='ltr'><strong>οἰ-</strong></span> 
     </span>
    </p>
   </div>
   <div class='ocr_carea' id='block_1_106' title="bbox 2208 4797 3850 4879">
    <p class='ocr_par' dir='ltr' id='par_1_106' title="bbox 2208 4797 3850 4879">
     <span class='ocr_line' id='line_1_106' title="bbox 2208 4797 3850 4879; baseline 0.005 -22"><span class='ocrx_word' id='word_1_819' title='bbox 2208 4803 2352 4858; x_wconf 82' lang='grc' dir='ltr'>κείαν</span> <span class='ocrx_word' id='word_1_820' title='bbox 2397 4804 2687 4879; x_wconf 77' lang='grc' dir='ltr'>πεισμονὴν</span> <span class='ocrx_word' id='word_1_821' title='bbox 2743 4801 3002 4868; x_wconf 74' lang='grc' dir='ltr'>συστῆσαι</span> <span class='ocrx_word' id='word_1_822' title='bbox 3047 4801 3174 4879; x_wconf 78' lang='grc' dir='ltr'>πρὸς</span> <span class='ocrx_word' id='word_1_823' title='bbox 3232 4799 3386 4855; x_wconf 68' lang='grc' dir='ltr'>τοῦτό</span> <span class='ocrx_word' id='word_1_824' title='bbox 3430 4820 3491 4876; x_wconf 87' lang='grc' dir='ltr'><strong>γε</strong></span> <span class='ocrx_word' id='word_1_825' title='bbox 3556 4797 3850 4876; x_wconf 77' lang='grc' dir='ltr'>ἐξηνέχθη-</span> 
     </span>
    </p>
   </div>
   <div class='ocr_carea' id='block_1_107' title="bbox 2211 4884 3850 4968">
    <p class='ocr_par' dir='ltr' id='par_1_107' title="bbox 2211 4884 3850 4968">
     <span class='ocr_line' id='line_1_107' title="bbox 2211 4884 3850 4968; baseline -0.005 -19"><span class='ocrx_word' id='word_1_826' title='bbox 2211 4915 2325 4950; x_wconf 86' lang='grc' dir='ltr'>σαν.</span> <span class='ocrx_word' id='word_1_827' title='bbox 2396 4884 2584 4968; x_wconf 75' lang='grc' dir='ltr'>Ἠμεϊς</span> <span class='ocrx_word' id='word_1_828' title='bbox 2633 4890 2687 4948; x_wconf 77' lang='grc' dir='ltr'><strong>δὲ</strong></span> <span class='ocrx_word' id='word_1_829' title='bbox 2730 4893 2827 4947; x_wconf 79' lang='grc' dir='ltr'><strong>τὰσ</strong></span> <span class='ocrx_word' id='word_1_830' title='bbox 2874 4913 2930 4946; x_wconf 89' lang='grc' dir='ltr'><strong>τε</strong></span> <span class='ocrx_word' id='word_1_831' title='bbox 2960 4891 3202 4968; x_wconf 81' lang='grc' dir='ltr'>ῥηθείσας</span> <span class='ocrx_word' id='word_1_832' title='bbox 3259 4888 3618 4966; x_wconf 68' lang='grc' dir='ltr'>παραφθορᾶς,</span> <span class='ocrx_word' id='word_1_833' title='bbox 3651 4888 3740 4942; x_wconf 78' lang='grc' dir='ltr'>τὸν</span> <span class='ocrx_word' id='word_1_834' title='bbox 3794 4908 3850 4942; x_wconf 89' lang='grc' dir='ltr'><strong>τε</strong></span> 
     </span>
    </p>
   </div>
   <div class='ocr_carea' id='block_1_108' title="bbox 2209 4974 3851 5056">
    <p class='ocr_par' dir='ltr' id='par_1_108' title="bbox 2209 4974 3851 5056">
     <span class='ocr_line' id='line_1_108' title="bbox 2209 4974 3851 5056; baseline -0.004 -20"><span class='ocrx_word' id='word_1_835' title='bbox 2209 4981 2293 5037; x_wconf 81' lang='grc' dir='ltr'><strong>ἐπὶ</strong></span> <span class='ocrx_word' id='word_1_836' title='bbox 2385 4999 2506 5047; x_wconf 65' lang='grc' dir='ltr'>ταῖς</span> <span class='ocrx_word' id='word_1_837' title='bbox 2611 4982 2874 5044; x_wconf 84' lang='grc' dir='ltr'>τοιαύταις</span> <span class='ocrx_word' id='word_1_838' title='bbox 2985 4978 3350 5056; x_wconf 67' lang='grc' dir='ltr'>παραφθοραῖς</span> <span class='ocrx_word' id='word_1_839' title='bbox 3462 4974 3851 5054; x_wconf 75' lang='grc' dir='ltr'>διεσαφήσαμεν</span> 
     </span>
    </p>
   </div>
   <div class='ocr_carea' id='block_1_109' title="bbox 2209 5062 3849 5150">
    <p class='ocr_par' dir='ltr' id='par_1_109' title="bbox 2209 5062 3849 5150">
     <span class='ocr_line' id='line_1_109' title="bbox 2209 5062 3849 5150; baseline -0.005 -25"><span class='ocrx_word' id='word_1_840' title='bbox 2209 5070 2484 5150; x_wconf 66' lang='grc' dir='ltr'>ἕλεγχον,,</span> <span class='ocrx_word' id='word_1_841' title='bbox 2532 5069 2802 5134; x_wconf 74' lang='grc' dir='ltr'>ἀποδεῖξαι</span> <span class='ocrx_word' id='word_1_842' title='bbox 2860 5066 3234 5138; x_wconf 78' lang='grc' dir='ltr'>σπουδάζοντες</span> <span class='ocrx_word' id='word_1_843' title='bbox 3295 5067 3366 5128; x_wconf 83' lang='grc' dir='ltr'>ὡς</span> <span class='ocrx_word' id='word_1_844' title='bbox 3425 5065 3482 5120; x_wconf 73' lang='grc' dir='ltr'><strong>οὗ</strong></span> <span class='ocrx_word' id='word_1_845' title='bbox 3526 5065 3700 5140; x_wconf 82' lang='grc' dir='ltr'>μάτην</span> <span class='ocrx_word' id='word_1_846' title='bbox 3731 5062 3849 5118; x_wconf 78' lang='grc' dir='ltr'>ἑλέ-</span> 
     </span>
    </p>
   </div>
   <div class='ocr_carea' id='block_1_110' title="bbox 2208 5151 3851 5237">
    <p class='ocr_par' dir='ltr' id='par_1_110' title="bbox 2208 5151 3851 5237">
     <span class='ocr_line' id='line_1_110' title="bbox 2208 5151 3851 5237; baseline -0.004 -22"><span class='ocrx_word' id='word_1_847' title='bbox 2208 5181 2370 5237; x_wconf 88' lang='grc' dir='ltr'>γομεν</span> <span class='ocrx_word' id='word_1_848' title='bbox 2428 5162 2518 5216; x_wconf 81' lang='grc' dir='ltr'>τὸν</span> <span class='ocrx_word' id='word_1_849' title='bbox 2573 5165 2670 5226; x_wconf 80' lang='grc' dir='ltr'>τῆς</span> <span class='ocrx_word' id='word_1_850' title='bbox 2741 5157 3060 5219; x_wconf 86' lang='grc' dir='ltr'>διαστασεως</span> <span class='ocrx_word' id='word_1_851' title='bbox 3131 5156 3324 5235; x_wconf 81' lang='grc' dir='ltr'>χρόνον</span> <span class='ocrx_word' id='word_1_852' title='bbox 3395 5151 3657 5218; x_wconf 78' lang='grc' dir='ltr'>ἀναδεῖξαί</span> <span class='ocrx_word' id='word_1_853' title='bbox 3710 5154 3851 5216; x_wconf 87' lang='grc' dir='ltr'>τίνας</span> 
     </span>
    </p>
   </div>
   <div class='ocr_carea' id='block_1_111' title="bbox 2207 5241 3854 5325">
    <p class='ocr_par' dir='ltr' id='par_1_111' title="bbox 2207 5241 3854 5325">
     <span class='ocr_line' id='line_1_111' title="bbox 2207 5241 3854 5325; baseline -0.005 -22"><span class='ocrx_word' id='word_1_854' title='bbox 2207 5247 2439 5315; x_wconf 73' lang='grc' dir='ltr'>σπουδὴν</span> <span class='ocrx_word' id='word_1_855' title='bbox 2508 5250 2753 5325; x_wconf 81' lang='grc' dir='ltr'>θεμένους</span> <span class='ocrx_word' id='word_1_856' title='bbox 2823 5247 3014 5305; x_wconf 80' lang='grc' dir='ltr'>οἰκείαν</span> <span class='ocrx_word' id='word_1_857' title='bbox 3095 5245 3192 5310; x_wconf 79' lang='grc' dir='ltr'>τὴν</span> <span class='ocrx_word' id='word_1_858' title='bbox 3256 5243 3309 5298; x_wconf 82' lang='grc' dir='ltr'><strong>ἐν</strong></span> <span class='ocrx_word' id='word_1_859' title='bbox 3365 5264 3468 5297; x_wconf 89' lang='grc' dir='ltr'>τισι</span> <span class='ocrx_word' id='word_1_860' title='bbox 3522 5241 3854 5321; x_wconf 70' lang='grc' dir='ltr'>παραφθορὰν</span> 
     </span>
    </p>
   </div>
   <div class='ocr_carea' id='block_1_112' title="bbox 2204 5329 3853 5418">
    <p class='ocr_par' dir='ltr' id='par_1_112' title="bbox 2204 5329 3853 5418">
     <span class='ocr_line' id='line_1_112' title="bbox 2204 5329 3853 5418; baseline -0.005 -26"><span class='ocrx_word' id='word_1_861' title='bbox 2204 5343 2309 5393; x_wconf 84' lang='grc' dir='ltr'>τῶν</span> <span class='ocrx_word' id='word_1_862' title='bbox 2366 5345 2633 5417; x_wconf 74' lang='grc' dir='ltr'>γραφικῶν</span> <span class='ocrx_word' id='word_1_863' title='bbox 2690 5338 2964 5418; x_wconf 72' lang='grc' dir='ltr'>χρήσεων.</span> <span class='ocrx_word' id='word_1_864' title='bbox 3035 5334 3206 5413; x_wconf 81' lang='grc' dir='ltr'>Οὗπερ</span> <span class='ocrx_word' id='word_1_865' title='bbox 3261 5334 3349 5389; x_wconf 88' lang='grc' dir='ltr'><strong>καὶ</strong></span> <span class='ocrx_word' id='word_1_866' title='bbox 3418 5329 3853 5407; x_wconf 72' lang='grc' dir='ltr'>ἀποδεδειγμένου</span> 
     </span>
    </p>
   </div>
   <div class='ocr_carea' id='block_1_113' title="bbox 2204 5419 3853 5500">
    <p class='ocr_par' dir='ltr' id='par_1_113' title="bbox 2204 5419 3853 5500">
     <span class='ocr_line' id='line_1_113' title="bbox 2204 5419 3853 5500; baseline -0.005 -18"><span class='ocrx_word' id='word_1_867' title='bbox 2204 5425 2658 5483; x_wconf 82' lang='grc' dir='ltr'>συναποδέδεικται</span> <span class='ocrx_word' id='word_1_868' title='bbox 2736 5427 2798 5481; x_wconf 78' lang='grc' dir='ltr'>τὸ</span> <span class='ocrx_word' id='word_1_869' title='bbox 2893 5425 3140 5500; x_wconf 75' lang='grc' dir='ltr'>ἐψεῦσθαι</span> <span class='ocrx_word' id='word_1_870' title='bbox 3228 5422 3324 5497; x_wconf 76' lang='grc' dir='ltr'><strong>μὲν</strong></span> <span class='ocrx_word' id='word_1_871' title='bbox 3406 5420 3470 5476; x_wconf 75' lang='grc' dir='ltr'><strong>τὰ</strong></span> <span class='ocrx_word' id='word_1_872' title='bbox 3566 5419 3853 5498; x_wconf 74' lang='grc' dir='ltr'>ἂνιίγραφα</span> 
     </span>
    </p>
   </div>
   <div class='ocr_carea' id='block_1_114' title="bbox 2207 5507 3852 5596">
    <p class='ocr_par' dir='ltr' id='par_1_114' title="bbox 2207 5507 3852 5596">
     <span class='ocr_line' id='line_1_114' title="bbox 2207 5507 3852 5596; baseline -0.005 -26"><span class='ocrx_word' id='word_1_873' title='bbox 2207 5521 2303 5572; x_wconf 81' lang='grc' dir='ltr'>τῶν</span> <span class='ocrx_word' id='word_1_874' title='bbox 2372 5519 2463 5572; x_wconf 86' lang='grc' dir='ltr'><strong>τοῦ</strong></span> <span class='ocrx_word' id='word_1_875' title='bbox 2505 5515 2736 5596; x_wconf 75' lang='grc' dir='ltr'>μεγάλου</span> <span class='ocrx_word' id='word_1_876' title='bbox 2809 5513 3080 5571; x_wconf 79' lang='grc' dir='ltr'>Βασιλείου</span> <span class='ocrx_word' id='word_1_877' title='bbox 3129 5507 3347 5589; x_wconf 72' lang='grc' dir='ltr'>βίϐλων,</span> <span class='ocrx_word' id='word_1_878' title='bbox 3394 5512 3482 5574; x_wconf 82' lang='grc' dir='ltr'>αἶς</span> <span class='ocrx_word' id='word_1_879' title='bbox 3526 5510 3560 5576; x_wconf 80' lang='grc' dir='ltr'><strong>ἡ</strong></span> <span class='ocrx_word' id='word_1_880' title='bbox 3625 5526 3656 5567; x_wconf 82' lang='grc'><strong>(</strong></span> <span class='ocrx_word' id='word_1_881' title='bbox 3712 5509 3852 5585; x_wconf 79' lang='grc' dir='ltr'>παρὰ</span> 
     </span>
    </p>
   </div>
  </div>
