4142 6286
284 320 387 388 181

1383 330 1479 393 DE
1525 321 2033 393 PROCESSIONE
2076 325 2137 387 S.
2185 326 2554 391 SPIRITUS.

3523 322 3638 389 182

262 458 356 517 τοῦ
407 464 527 521 Υίοῦ
594 464 660 519 τὸ
725 469 938 540 Πνεῦμα
991 486 1016 519 η
1063 462 1290 541 λέγουσα
1324 480 1355 522 (
1397 462 1529 542 ἔχον
1576 462 1638 519 τὸ
1684 461 1826 518 εἶναι
1874 482 1896 515 ι

1989 456 2140 520 Filio
2169 458 2455 540 Spiritum
2475 461 2722 543 habere,
2756 459 2913 543 quod
2934 458 3033 541 sit,
3060 481 3084 519 ι
3119 476 3410 540 nusquam
3439 477 3626 540 appa-

268 547 364 604 οὒκ
403 549 682 631 ἐμφέρεται
729 552 878 631 ῥῆσις
929 571 943 586 ⁶
988 551 1132 627 μάλα
1189 548 1242 607 δὲ
1313 550 1611 631 ἀληθεύειν,
1657 550 1750 612 αἶς
1781 545 1913 614 αὕτη

266 635 405 693 ἐστὶν
474 638 829 719 ἀνάγραπτος.
888 641 1104 704 Γνόντες
1161 649 1287 717 γοῦν
1327 647 1490 697 ταῦτα
1547 660 1676 696 ποτε
1719 640 1767 695 οἱ
1817 638 1915 705 τὴν

262 726 514 794 τοιαύτην
574 735 666 785 τοῦ
709 728 802 808 μέγ
815 728 940 787 αλου
991 728 1266 788 Βασιλείου
1304 725 1676 791 διαϐάλλοντες
1735 729 1913 806 ῥῆσιν,

262 816 352 871 καὶ
402 818 533 895 πρὸς
600 819 664 874 τὰ
720 819 993 899 παράλογα
1048 821 1152 877 τῶν
1217 817 1625 896 διαπορημάτων
1682 836 1919 895 παραφε-

263 905 499 980 ρόμενοι,
561 910 664 987 οὐχ
723 909 798 971 ὡς
853 907 1053 964 ἷδιωται
1096 909 1186 964 καὶ
1242 904 1450 987 ἄσοφοι,
1485 904 1605 963 ἀλλ’
1661 908 1733 970 ὡς
1783 905 1913 982 πρὸς

260 993 361 1060 τὴν
420 992 608 1051 ἕνωσιν
677 997 783 1053 τῶν
882 994 1217 1063 Ἐκκλησιίνν
1299 993 1804 1071 ἷδιοπεισμονοῦντες
1862 990 1914 1057 ἐξ

262 1081 506 1161 ἐριθείας,
611 1086 994 1143 παυσάσθωσαν
1087 1086 1408 1165 ἒπηρεασταὶ
1480 1090 1579 1151 τῆς
1665 1082 1912 1150 ἀληθείας

258 1171 641 1238 καθεστηκέναι
724 1172 988 1242 διακενῆς.
1081 1176 1139 1231 Εἰ
1218 1171 1272 1229 δὲ
1341 1177 1426 1230 καί
1483 1172 1654 1230 ἄλλων
1712 1172 1914 1250 ῥήσεων

258 1266 530 1340 γραφικῶν
585 1262 891 1342 παραφθορὰ
947 1262 1156 1341 γέγονε,
1218 1264 1306 1319 καὶ
1381 1284 1578 1328 ταυτην
1633 1263 1662 1317 6
1722 1260 1911 1340 χρόνος

257 1349 394 1423 ἡμῖν
420 1363 665 1429 γνωριεῖ,
724 1352 813 1407 καὶ
867 1352 1033 1426 ἡμεῖς
1079 1351 1133 1408 ἐν
1178 1349 1360 1414 ἄλλοις
1403 1353 1559 1427 ἡμῶν
1596 1348 1777 1427 λόγοις
1826 1349 1911 1405 καί

256 1438 374 1515 περὶ
407 1444 514 1494 τῶν
544 1439 800 1496 τοιούτων
845 1438 1240 1516 διαληψόμεθα.

919 1551 1173 1606 ΚΕΦΑΛ.
1223 1534 1308 1605 B'.

255 1645 396 1722 Πρὸς
393 1646 549 1738 ’τοὺς
579 1644 954 1726 διαποροῦντας
1014 1649 1131 1728 περὶ
1182 1652 1291 1738 τῆς,
1324 1643 1698 1738 εὕρισκομένης
1728 1643 1782 1700 ἔν
1804 1666 1909 1701 τισι

330 1722 537 1805 βιϐλοις
593 1722 900 1805 προσθήκης
968 1726 1084 1801 τοῦ,

333 1803 695 1884 ὲπιρρήματος
704 1854 716 1868 ,

329 1893 406 1967 α’.
459 1901 670 1961 Ἐκεῖνο
711 1903 766 1960 δὲ
836 1911 949 1970 πῶς
998 1904 1061 1963 ἄν
1102 1927 1182 1970 τις
1236 1902 1575 1969 ἀνεξέταστον
1628 1901 1899 1982 παραδρά-

250 2014 362 2072 μοι,
439 1994 570 2072 ὅπερ
626 1993 885 2073 ἐχόμενον
922 2000 1028 2051 τῶν
1056 1991 1532 2073 προεξητασμένων
1584 1990 1899 2069 διηπόρηται

248 2102 353 2160 παρ
442 2085 662 2162 αὐτῶν,
707 2084 839 2145 Φαςὶ
908 2083 1008 2161 γὰρ
1090 2084 1187 2162 ὡς,
1248 2079 1402 2160 εἴπερ
1485 2079 1691 2144 εὐσεϐές
1761 2079 1900 2137 ἐστιν

247 2171 421 2227 εἰπεῖν
480 2169 739 2247 ἀξιώματι
794 2172 856 2227 τὸ
908 2171 1121 2247 Πνεῦμα
1149 2169 1384 2251 δεύτερον
1441 2179 1534 2229 τοῦ
1572 2173 1714 2244 Υἱοῦ,
1767 2168 1902 2226 διατί

244 2257 300 2314 ’ἐν
355 2281 468 2316 τισι
539 2262 645 2316 τῶν
703 2258 895 2337 βίϐλων
954 2262 1076 2340 οὐχὶ
1154 2263 1394 2339 καθαρῶς
1466 2260 1755 2339 εὑρίσκεται
1812 2260 1896 2334 τὸ,

253 2370 280 2403 σ
312 2345 676 2428 Παραδίδωσιν
724 2352 752 2406 6
793 2354 891 2416 τῆς
949 2347 1208 2412 εὐσεϐείας
1256 2348 1438 2429 λόγος,
1480 2364 1505 2399 ι
1563 2347 1698 2405 ἁλλά
1726 2370 1898 2427 προσ-

242 2459 417 2495 κειται
463 2439 554 2494 καὶ
605 2439 666 2494 τὸ
735 2435 868 2503 ἴσως
917 2457 932 2473 ’
990 2439 1078 2495 καὶ
1134 2437 1413 2517 προϊόντος
1459 2443 1549 2493 τοῦ
1603 2435 1784 2516 λόγου,
1842 2436 1896 2492 ἐν

242 2526 328 2590 οἷς
372 2528 403 2583 6
468 2523 619 2602 ἅγιος
664 2528 1001 2605 παρακατιὼν
1058 2525 1225 2604 λέγει,
1293 2546 1317 2583 (t
1368 2527 1427 2584 Εἰ
1469 2527 1557 2581 καὶ
1597 2523 1897 2593 ὒποϐέϐηκε

239 2616 330 2670 τὸν
380 2616 508 2672 Υίὸν
549 2621 617 2692 τῇ
671 2612 814 2680 τάξει
872 2618 958 2673 καὶ
1009 2622 1088 2690 τῷ
1117 2613 1397 2694 ἀξιώματι,
1444 2613 1614 2672 οὐκέτ’
1668 2614 1732 2670 ἄν
1762 2615 1899 2671 εἰκό-

240 2724 366 2777 τως,
445 2704 523 2763 ὡς
608 2702 883 2784 ἀλλοτρίας
967 2705 1207 2784 ὕπαρχον
1278 2704 1538 2784 φύσεως,
1588 2701 1895 2761 ἀκολουθεῖν

241 2790 516 2868 εἴποιμεν,
576 2813 609 2848 lo
651 2782 787 2849 διατί
827 2782 1145 2873 εὑρίσκεται*
1176 2802 1264 2849 καί
1295 2782 1401 2864 ήτὸ,
1447 2821 1468 2851 ι
1491 2782 1610 2849 ”ἰν’
1640 2791 1776 2856 ὅλως
1804 2793 1893 2849 καὶ

239 2884 732 2961 συγχωρήσωμενς
795 2900 822 2932 ι
882 2884 981 2941 Καὶ
1052 2886 1098 2939 οἱ
1168 2903 1263 2957 μεν
1324 2883 1508 2940 ταῦτα.
1587 2873 1779 2957 Ἡμεῖς
1837 2878 1892 2936 δὲ

1175 1750 1203 1783 α
1264 1723 1423 1806 ἴσως,
1491 1749 1515 1785 ιο
1579 1723 1966 1813 διστακτικοῦΒ

1998 554 2086 609 ret
2122 570 2136 609 :
2169 549 2406 613 sincera
2431 569 2568 613 vero
2597 570 2666 614 ac
2693 550 2941 629 integra,
2975 548 3037 610 in
3066 547 3284 629 quibus
3313 547 3458 610 illud
3485 565 3629 610 exa-

1997 643 2187 698 ratum
2219 638 2456 718 legitur,
2497 640 2916 720 resipiscentes
2958 636 3142 717 igitur
3171 635 3507 717 aliquando,
3533 637 3633 717 qui

1997 726 2326 805 appositum
2378 729 2577 806 magni
2633 726 2838 790 Basilii
2876 726 3098 788 dictum
3130 724 3542 806 criminantur,
3575 734 3635 786 et

1998 815 2070 876 ad
2101 815 2355 877 absurda
2386 824 2443 877 et
2471 818 2644 899 plane
2675 816 2910 897 stupida
2928 815 3109 877 dubia
3137 813 3634 887 deferuntur,non

1998 905 2177 967 veluti
2207 904 2421 971 idiotas.
2458 906 2824 987 indoctique,
2866 904 2969 966 sed
3013 903 3194 965 veluti
3224 902 3640 966 ecclesiasticae

1995 993 2232 1056 unionis
2255 995 2590 1075 pertinaces
2621 1006 2796 1076 atque
2825 995 3081 1075 improbi
3103 994 3635 1073 hostes,veritatem

1996 1102 2305 1164 perperam
2338 1104 2679 1166 oppugnare
2709 1086 3001 1148 desinant.
3022 1083 3188 1157 Quod
3221 1086 3268 1143 si
3300 1092 3359 1146 et
3387 1083 3636 1145 aliarum

1995 1173 2424 1236 sententiarum
2485 1175 2704 1254 scripto
2763 1174 3249 1235 demandatarum
3305 1173 3636 1238 immutatio

1993 1260 2146 1322 facta
2177 1270 2286 1336 est,
2321 1280 2571 1343 eamque
2608 1271 2842 1340 tempus
2872 1261 3046 1323 nobis
3076 1270 3273 1324 notam
3309 1263 3539 1338 fecerit,
3572 1265 3635 1327 in

1992 1350 2124 1413 aliis
2154 1351 2373 1413 nostris
2401 1351 2820 1434 scriptionibus
2853 1351 3283 1433 evulgabimus.

2633 1534 2874 1600 CAPUT
2915 1534 2988 1597 II.

1992 1630 2121 1693 Adi
2152 1649 2299 1712 eos,
2336 1632 2443 1712 qui
2496 1630 2828 1712 subditam,
2886 1630 2958 1691 de
2994 1629 3322 1712 additione,
3388 1647 3522 1711 quae
3570 1633 3636 1694 in

2070 1710 2383 1773 nonnullis
2440 1711 2746 1773 codicibus
2799 1711 3127 1791 reperitur,
3194 1734 3221 1767 α
3256 1710 3564 1787 Fortasse,
3600 1731 3630 1772 ›

2066 1791 2398 1855 dubitativi
2428 1791 2730 1854 adverbii.

2069 1896 2127 1952 1.
2179 1889 2328 1952 Illud
2387 1908 2562 1971 porro
2622 1907 2878 1971 quanam
2928 1889 3156 1952 ratione
3188 1890 3320 1951 sine
3351 1891 3626 1954 examine

1984 1979 2275 2061 quispiam
2329 1979 2705 2060 praeterierit,
2766 1978 2924 2059 quod
2975 1977 3167 2039 verbis
3210 1979 3332 2057 jam
3365 1979 3635 2058 proxime

1984 2068 2327 2131 examinatis
2355 2068 2639 2143 adhaeret,
2666 2076 2724 2129 et
2755 2067 2827 2129 ab
2859 2066 3090 2128 eisdem
3124 2066 3183 2127 in
3216 2065 3460 2129 dubium
3492 2087 3631 2131 ver-

1983 2158 2124 2219 titur
2143 2158 2174 2217 ?
2201 2156 2490 2236 Namque,
2516 2155 2872 2238 inquiunt,si
2901 2155 3066 2235 pium
3090 2163 3180 2217 est
3199 2158 3633 2239 asserere,Spi-

1982 2246 2160 2307 ritum
2184 2245 2467 2324 dignitate
2485 2263 2616 2307 esse
2632 2244 2828 2307 aFilio
2847 2243 3321 2326 secundum,qua
3345 2244 3420 2307 de
3445 2264 3625 2309 causa

1981 2334 2043 2395 in
2073 2333 2427 2415 quibusdam
2443 2333 2843 2395 voluminibus
2865 2352 2982 2394 non
3007 2352 3153 2414 pure
3176 2342 3352 2415 atque
3372 2334 3631 2415 ingenue

1979 2424 2280 2505 reperitur
2299 2424 2470 2498 illud,
2512 2422 2726 2485 «Nobis
2755 2422 2991 2503 pietatis
3018 2441 3215 2486 sermo
3246 2426 3488 2506 tradit,»
3522 2426 3629 2489 sed

1980 2512 2064 2575 illi
2100 2512 2458 2588 adnectitur,
2518 2512 2828 2575 «Fortase»
2868 2522 2926 2575 et
2955 2514 3321 2594 procedente
3361 2515 3628 2578 oratione

1978 2610 2220 2664 sanctus
2251 2620 2588 2666 sermonem
2620 2603 2979 2665 continuans
3010 2603 3175 2679 dicit,
3215 2604 3299 2664 «si
3329 2605 3542 2667 ordine
3569 2613 3631 2668 et

1977 2690 2261 2769 dignitate
2290 2692 2591 2754 secundus
2619 2711 2652 2753 a
2681 2692 2833 2755 Filio
2893 2704 3007 2769 est,
3042 2712 3158 2754 non
3186 2702 3385 2755 tamen
3412 2694 3627 2756 verisi-

1979 2780 2198 2842 militer
2213 2781 2423 2843 aliena;
2441 2800 2573 2843 esse
2596 2790 2822 2845 natum
2841 2782 2981 2843 inde
2995 2782 3279 2864 consequi
3291 2783 3582 2859 dicemus,
3597 2808 3621 2843 ι

1977 2888 2158 2949 quare
2189 2870 2473 2951 scriptum
2499 2878 2609 2947 est,
2652 2894 2675 2928 (ι
2702 2872 2778 2935 Ut
2800 2871 2860 2932 id
2880 2891 3117 2953 quoque
3135 2872 3537 2936 concedamus
3557 2879 3618 2936 Ἰ»

237 2958 477 3026 καῖητὸν
530 2968 614 3026 ἐπὶ
700 2958 864 3047 ταύτῃ
919 2976 988 3047 τῇ
1031 2970 1222 3050 ἀπορίᾳ
1262 2968 1421 3048 λόγον
1478 2968 1889 3036 ὲξεταστικώτε-

1985 2958 2132 3050 Elthi
2164 2959 2406 3050 quidem
2456 2959 2695 3022 similia.
2752 2960 2872 3023 Nos
2931 2979 3077 3023 vero
3121 2962 3196 3024 de
3227 2963 3394 3023 hisce
3423 2961 3626 3024 verbis

239 3080 327 3136 ρον
383 3059 910 3139 μεταχειριζόμενοι,
977 3057 1068 3116 ἀπ’
1139 3047 1300 3127 αὐτῆς
1344 3047 1453 3126 ίτῆς
1522 3059 1659 3115 κατὰ
1713 3065 1886 3115 πᾶσαν

1985 3047 2408 3109 dubitationem
2432 3052 2761 3112 accuratius
2779 3050 3204 3125 examinantcs,
3230 3068 3300 3113 ex
3329 3050 3623 3132 ipsa,quae

240 3133 478 3227 ἀνάγκην
534 3133 797 3205 ⁷νοεῖσθαι
887 3133 1280 3225 ἀπαιτουμένης
1357 3148 1556 3212 ἐννοίας
1612 3146 1887 3211 ἀποδείξο-

1985 3138 2317 3199 necessario
2351 3157 2594 3219 prorsus
2623 3138 3007 3217 intelligenda
3028 3138 3446 3211 est,sententia
3469 3158 3628 3201 com-

239 3258 334 3311 μεν
417 3238 730 3317 προσθήκην
808 3238 952 3295 εἶναι
1036 3240 1118 3311 τὸ,
1204 3234 1363 3302 ἴσως.
1427 3241 1485 3296 Οἱ
1569 3238 1669 3317 γὰρ
1752 3239 1896 3296 αὖτοὶ

235 3327 321 3382 καὶ
378 3324 658 3406 ἀφαιρέσει
717 3324 908 3393 λέξεων
958 3327 1378 3406 ἐκακούργησαν,
1428 3328 1501 3391 ὡς
1557 3326 1681 3405 παρ’
1740 3328 1896 3402 ἡμῶν

234 3413 558 3496 ἀπεδείχθη,
604 3414 660 3471 ἐν
712 3416 800 3478 οἷς
858 3414 1231 3495 διαγεγρέφθαι
1279 3423 1436 3473 τινῶν
1490 3414 1683 3493 βίϐλων
1752 3416 1897 3496 ἀκρι-

234 3502 341 3570 ϐῶς
371 3506 791 3585 παρεστήσαμεν
827 3505 927 3572 τὴν
982 3503 1238 3583 λέγουσαν
1293 3508 1470 3583 ῥῆσιν,
1541 3530 1564 3563 ι
1596 3506 1737 3584 παρᾶ
1804 3513 1896 3562 τοῦ

235 3596 356 3651 Υἱοῦ
411 3592 567 3675 ἔχειν
622 3595 683 3650 τὸ
741 3600 952 3670 Πνεῦμα
1009 3597 1071 3651 τὸ
1128 3595 1303 3676 ἅγιον,
1364 3618 1390 3649 α
1452 3595 1536 3650 καὶ
1587 3596 1893 3673 προσθήκην

236 3682 626 3742 ἒδολιεύσαντο.

312 3763 389 3849 β’.
426 3773 534 3831 Καὶ
601 3771 723 3850 γοῦν
781 3774 1079 3832 εἰπάτωσαν
1134 3776 1270 3851 ἡμῖν
1341 3773 1697 3851 ἐρωτώμενοι,
1732 3774 1889 3830 πόθεν

232 3859 391 3927 δῆλον
436 3862 588 3940 παρὰ
633 3869 726 3919 τοῦ
765 3862 916 3943 ἀγίου
987 3861 1321 3940 ἐκδέδομένον
1375 3865 1518 3921 εἶναι
1562 3865 1645 3937 τὸ,
1702 3860 1835 3926 ἴσως
1871 3879 1887 3938 ;

230 3951 316 4014 Τίς
371 3952 488 4007 τῶν
544 3949 814 4027 ἀπαντῶν,
877 3954 966 4016 οῖς
1014 3952 1168 4032 ἔργον
1197 3952 1446 4029 ἐπιμελὲς
1478 3950 1676 4030 βίϐλοις
1730 3955 1889 4031 ἔγκυ-

231 4038 524 4110 πτάζεσθαι
579 4038 944 4119 θεολογικαῖς,
1030 4041 1244 4122 ἐνέτυχέ
1331 4065 1430 4099 τινι
1489 4041 1593 4098 τῶν
1645 4039 1891 4119 Πατέρων

232 4131 361 4205 μετά
448 4135 575 4209 τοῦ,
661 4127 820 4208 ἴσως,
918 4130 1246 4211 θεολογοῦντι
1316 4130 1715 4211 διστακτικῶς,
1804 4130 1889 4195 Τίς

232 4218 351 4275 έπεϊ
403 4239 545 4276 ποτε
595 4227 685 4278 νοῦ
739 4220 914 4297 κύριος
972 4221 1058 4276 καὶ
1114 4226 1339 4300 φρενῷν,
1385 4219 1438 4275 ἐν
1488 4217 1761 4298 δισταγμῷ
1791 4240 1891 4274 τινι

232 4304 365 4372 ὅλως
448 4308 557 4373 τὴν
625 4305 897 4386 θεολογίαν
953 4307 1274 4389 προϐαίνειν,
1315 4308 1477 4365 ὁπότε
1533 4311 1606 4371 εἰς
1662 4307 1788 4363 αὐτὸ
1830 4308 1890 4363 τὸ

1980 3227 2461 3309 monstrabimus,
2495 3229 2774 3291 Fortasse
2808 3228 2953 3291 illud
2988 3228 3427 3310 supposititium
3462 3247 3620 3293 esse.

1975 3315 2161 3378 Iidem
2188 3318 2344 3380 enim
2378 3325 2435 3378 et
2464 3336 2672 3379 vocum
2702 3317 3082 3399 ademptione
3103 3317 3324 3379 dictum
3344 3318 3624 3398 deprava-

1975 3414 2133 3482 runt,
2164 3415 2226 3468 ut
2254 3426 2287 3468 a
2317 3406 2488 3469 nobis
2510 3408 2635 3488 jam
2666 3416 2974 3471 ostensum
3025 3414 3116 3471 est
3139 3407 3201 3468 in
3232 3407 3375 3487 illis,
3407 3406 3623 3489 quibus

1974 3495 2036 3556 in
2067 3495 2371 3557 nonnullis
2402 3495 2705 3558 codicibus
2732 3497 2905 3577 plane
2960 3495 3499 3578 comprobavimus,
3535 3496 3623 3558 di-

1975 3590 2133 3646 ctum
2155 3603 2454 3665 asserens,
2484 3604 2552 3646 aa
2566 3583 2717 3645 Filio
2740 3585 2959 3647 habere
2979 3585 3263 3667 Spiritum
3289 3591 3619 3664 sanctum,»

1972 3673 2358 3747 subtraxisse,
2392 3683 2451 3735 et
2482 3693 2641 3737 nunc
2670 3674 2974 3737 additione
3004 3675 3433 3737 adulterarunt.

2052 3768 2112 3827 2.
2145 3763 2337 3837 Quare
2360 3764 3014 3847 respondeant,quaeso,
3032 3765 3208 3827 nobis
3234 3764 3616 3844 interrogan-

1971 3852 2163 3929 tibus;
2214 3852 2482 3925 Quonam
2542 3863 2772 3917 constat
2819 3874 2854 3915 a
2900 3861 3103 3916 sancto
3147 3854 3416 3934 fortasse
3468 3853 3618 3916 illud

1972 3942 2225 4005 orationi
2277 3942 2624 4006 annexum?
2679 3942 2823 4016 Quis
2867 3962 3127 4025 unquam
3182 3943 3376 4020 exiis,
3407 3942 3623 4024 quibus

1971 4032 2231 4093 studium
2282 4052 2466 4094 unum
2525 4033 2839 4114 incumbit,
2872 4043 3214 4096 sanctorum
3251 4032 3622 4112 theologicas

1975 4124 2333 4205 scriptiones
2391 4125 2718 4201 evolvendi,
2776 4124 3008 4188 Patrem
3062 4126 3317 4207 aliquem
3350 4124 3619 4200 oﬂ'endit,

1976 4232 2107 4275 cum
2134 4214 2464 4293 theologica
2489 4223 2901 4296 perlractaret,
2950 4218 3226 4295 fortasse,
3253 4214 3422 4295 quasi
3452 4213 3527 4275 de
3555 4232 3622 4276 re

1976 4301 2157 4363 dubia
2180 4303 2551 4365 haesitantem
2583 4309 2943 4385 usurpasse?
2997 4304 3140 4377 Quis
3165 4319 3425 4384 unquam
3453 4302 3617 4364 afﬁr-

231 4400 322 4463 τῆς
378 4392 652 4460 εὐσεϐείας
724 4395 1011 4475 ἀκρότατον
1097 4399 1145 4455 οἱ
1228 4397 1323 4466 τῆς
1384 4394 1701 4464 Ἐκκλησίας
1768 4396 1889 4452 ταύ-

1985 4391 2177 4464 mabit,
2213 4392 2540 4454 dummodo
2571 4394 2745 4473 pleno
2772 4403 3011 4474 pectore
3040 4392 3251 4473 sapiat,
3283 4409 3417 4452 cum
3450 4389 3621 4452 dubi-

232 4505 325 4551 την
384 4484 784 4563 ἐλογογράφουν
840 4483 1140 4544 διδάσκαλοι
1189 4507 1204 4567 ;
1269 4483 1561 4565 Παράδοσιν
1632 4482 1888 4549 εὐσεϐείας

234 4573 261 4627 6
301 4572 468 4652 μέγας
531 4574 806 4637 Βασιλείος
888 4574 987 4642 τὴν
1072 4575 1224 4652 ῥῆσιν
1287 4571 1576 4647 ἀποκαλεῖ,
1647 4575 1733 4629 καὶ
1801 4574 1886 4645 τὸ,

236 4657 380 4730 ἴσως,
445 4662 845 4745 προστίθησιν,
896 4664 1054 4721 Ποίαν
1112 4663 1231 4745 ’ἔχει
1316 4663 1414 4730 τὴν
1485 4660 1790 4719 ἀκολουθίαν
1861 4664 1888 4718 6

234 4747 437 4829 λόγος;
486 4737 584 4807 ’Ἦ
628 4752 728 4831 γὰρ
784 4737 1070 4831 παράδοσις
1144 4737 1416 4817 ’έῦσεϐείας
1474 4753 1534 4807 τὸ
1591 4752 1756 4828 ῥῆμα,
1803 4752 1890 4807 καὶ

235 4840 304 4901 τίς
355 4842 392 4910 ἡ
436 4842 603 4921 χρεία
632 4849 744 4920 τοῦ,
786 4840 921 4906 ἴσως
959 4862 975 4923 ς
1013 4826 1099 4899 ’Ἦ
1154 4844 1290 4917 μετᾶ
1345 4844 1437 4898 τοῦ
1479 4838 1611 4906 ἴσως
1668 4838 1770 4895 ’έδει
1800 4841 1890 4896 τὸν

237 4925 388 5008 λόγον
433 4929 777 5009 ἐξενεχθῆναι
813 4949 829 5010 ;
907 4931 1008 4990 Καί
1036 4937 1151 4995 πῶς
1196 4930 1258 4987 ἂν
1302 4928 1562 4993 εὐσεϐείας
1607 4929 1889 5004 ὠνομάσθη

237 5016 516 5098 παράδοσις
554 5037 571 5098 ς
633 5016 761 5075 Οὒδὲ
804 5020 904 5097 γὰρ
977 5019 1097 5077 αὖδὲ
1155 5019 1209 5076 ἐν
1239 5019 1419 5084 ἄλλοις
1451 5021 1607 5093 τισὶν,
1642 5016 1890 5094 οῧμενουν

239 5105 287 5162 ἐν
316 5106 616 5187 θεολογίαις
643 5105 989 5187 λογογραφῶν
1019 5131 1124 5184 τις,
1158 5111 1216 5168 Εἰ
1254 5111 1316 5166 τό
1346 5105 1700 5188 ἀναμφίϐολον
1769 5121 1886 5171 τοῖς

238 5194 544 5275 λεγομένοις
648 5199 1093 5276 περιποιήσασθαι
1177 5197 1419 5276 βούλεται
1501 5199 1583 5270 τὸ,
1659 5194 1884 5276 παραδί-

239 5280 384 5364 δωσι,
427 5287 521 5343 καὶ
591 5286 678 5361 τὸ,
754 5285 911 5359 ἴσως,
983 5286 1237 5358 ἀλλήλοις
1290 5285 1751 5366 προσεπιπλέξειεν
1796 5285 1885 5347 ἂν.

242 5368 354 5429 ’κπὶ
384 5375 485 5454 γὰρ
557 5389 676 5438 τοῖς
742 5368 1110 5451 ἀξιωματικῶς
1168 5377 1462 5453 εἰρημένοις
1515 5377 1603 5432 καὶ
1645 5372 1887 5451 οὐδεμίαν

241 5459 534 5542 ἆντιρρησιν
592 5461 906 5546 δεχομένοις
936 5468 998 5522 τὸ
1065 5465 1437 5546 παραδίδωσιν,
1483 5464 1607 5545 δίχα
1664 5467 1760 5530 τῆς
1793 5471 1886 5521 τοῦ

243 5548 370 5615 ἴσως
414 5555 444 5610 6
486 5551 649 5632 λόγος
680 5553 1024 5635 ὑφαινόμενος
1069 5557 1311 5630 ἀπαιτεῖ,
1345 5558 1374 5612 ὃ
1414 5556 1506 5612 τὸν
1549 5553 1707 5634 λόγον
1738 5553 1885 5611 ἐκτι-

243 5638 452 5715 θέμενος
510 5642 626 5723 ἐρεῖ
681 5651 964 5724 προσφυῶς
1034 5644 1192 5718 τήνδε
1253 5647 1353 5715 τὴν
1397 5644 1621 5725 ἔννοιαν,
1690 5645 1727 5713 ἢ
1773 5640 1889 5700 τόδε

1975 4483 2198 4544 latione
2255 4490 2430 4562 atque
2487 4483 2909 4544 incertitudine
2964 4481 3234 4545 restradi
3267 4480 3522 4553 divinas,
3558 4488 3617 4543 et

1976 4571 2341 4652 potissimum
2373 4574 2508 4632 cum
2562 4571 2636 4631 de
2668 4570 2900 4651 pietatis
2931 4571 3061 4651 ipso
3093 4568 3314 4631 vertice
3346 4575 3615 4647 agentes,

1974 4679 2072 4722 eas
2087 4659 2368 4721 Ecclesiae
2385 4660 2660 4722 doctores
2683 4660 2901 4740 scripto
2926 4657 3456 4721 commendarent?
3478 4657 3616 4721 Tra-

1973 4748 2262 4810 ditionem
2316 4748 2547 4828 pietatis
2604 4767 2850 4828 magnus
2899 4748 3152 4811 Basilius
3188 4746 3409 4808 dictum
3442 4765 3613 4809 suum

1973 4844 2296 4917 nuncupat,
2321 4845 2380 4898 et
2397 4837 2657 4916 fortasse
2673 4836 2956 4918 apponit?
2994 4835 3134 4910 Quae
3157 4844 3245 4898 est
3260 4835 3375 4896 ista
3396 4853 3612 4897 conse-

1973 4927 2230 5006 quentiae
2252 4926 2441 4988 ratio?
2468 4929 2586 4989 Aut
2636 4928 2798 4989 enim
2829 4934 2919 4989 est
2949 4925 3181 5009 pietatis
3214 4924 3447 4987 traditio
3471 4944 3611 4986 ver-

1973 5015 2138 5096 bum,
2172 5023 2228 5077 et
2259 5035 2387 5096 qua:
2416 5017 2591 5079 fuerit
2620 5015 2950 5079 necessitas
2978 5015 3138 5078 illius
3171 5014 3427 5079 fortasse
3451 5014 3619 5079 ?Aut

1972 5105 2157 5166 oratio
2187 5124 2320 5166 cum
2362 5106 2462 5167 illo
2503 5109 2759 5185 fortasse
2791 5105 3174 5181 enuntianda,
3209 5112 3266 5166 et
3293 5104 3615 5187 quomodo,

1972 5193 2208 5273 pietatis
2239 5193 2475 5256 traditio
2502 5195 2894 5275 appellabitur
2913 5193 3166 5275 ‘?Neque
3189 5193 3344 5255 enim
3368 5193 3428 5255 in
3443 5193 3611 5270 aliis,

1971 5290 2192 5344 tantum
2244 5283 2411 5345 abest
2462 5292 2522 5346 ut
2570 5285 2630 5345 in
2663 5284 2843 5347 rebus
2887 5283 3233 5364 theologicis
3258 5284 3614 5346 sententiam

1969 5391 2134 5433 suam
2161 5373 2457 5452 quiSpiam
2491 5374 2710 5454 scripto
2764 5376 3095 5457 proferens,
3125 5374 3448 5436 dummodo
3473 5391 3612 5436 cer-

1979 5470 2100 5521 tum
2126 5471 2300 5543 atque
2320 5462 2628 5524 indubiam
2648 5464 2823 5527 dictis
2845 5466 2969 5527 suis
2982 5481 3327 5546 comparare
3343 5472 3611 5538 conatur,

1978 5551 2079 5612 illa
2113 5554 2324 5628 tradit,
2383 5562 2439 5614 et
2479 5555 2730 5632 fortasse
2787 5555 2963 5617 simul
2993 5573 3111 5617 una
3142 5552 3610 5638 complicaverit.

1972 5641 2181 5720 Magne
2211 5641 2273 5703 in
2304 5641 2478 5705 dictis
2507 5662 2640 5705 cum
2679 5644 2963 5728 dignitate
2991 5654 3050 5710 et
3088 5643 3436 5708 auctoritate
3466 5659 3620 5724 pro-
