  <div class='ocr_page' id='page_1' title='image "/cluster/home/n/w/nwhite01/storage/ocr_20150623/141/mdp.39015078384206/099.png"; bbox 0 0 4220 6292; ppageno 0'>
   <div class='ocr_carea' id='block_1_1' title="bbox 521 243 3883 360">
    <p class='ocr_par' dir='ltr' id='par_1_1' title="bbox 521 243 3883 360">
     <span class='ocr_line' id='line_1_1' title="bbox 521 243 3883 360; baseline -0.002 -3"><span class='ocrx_word' id='word_1_1' title='bbox 521 291 634 357; x_wconf 82' lang='grc'><strong>183</strong></span> <span class='ocrx_word' id='word_1_2' title='bbox 1578 291 1851 360; x_wconf 80' lang='lat' dir='ltr'><strong>JOANN.</strong></span> <span class='ocrx_word' id='word_1_3' title='bbox 1877 243 2105 357; x_wconf 16' lang='lat' dir='ltr'>‘VECCI</span> <span class='ocrx_word' id='word_1_4' title='bbox 2133 293 2244 356; x_wconf 84' lang='lat' dir='ltr'><strong>GP.</strong></span> <span class='ocrx_word' id='word_1_5' title='bbox 2278 292 2815 355; x_wconf 69' lang='lat' dir='ltr'><strong>PATRIARCM.</strong></span> <span class='ocrx_word' id='word_1_6' title='bbox 3771 286 3883 350; x_wconf 85' lang='grc'><strong>184</strong></span> 
     </span>
    </p>
   </div>
   <div class='ocr_carea' id='block_1_2' title="bbox 517 419 2175 503">
    <p class='ocr_par' dir='ltr' id='par_1_2' title="bbox 517 422 2162 500">
     <span class='ocr_line' id='line_1_2' title="bbox 517 422 2162 500; baseline 0.002 -16"><span class='ocrx_word' id='word_1_7' title='bbox 517 423 676 500; x_wconf 83' lang='lat' dir='ltr'><strong>tatis,</strong></span> <span class='ocrx_word' id='word_1_8' title='bbox 710 429 769 484; x_wconf 89' lang='lat' dir='ltr'><strong>et</strong></span> <span class='ocrx_word' id='word_1_9' title='bbox 789 422 936 484; x_wconf 86' lang='lat' dir='ltr'><strong>nulli</strong></span> <span class='ocrx_word' id='word_1_10' title='bbox 968 423 1431 486; x_wconf 80' lang='lat' dir='ltr'><strong>contradictioni</strong></span> <span class='ocrx_word' id='word_1_11' title='bbox 1471 423 1921 499; x_wconf 82' lang='lat' dir='ltr'><strong>obnoxiis,illud</strong></span> <span class='ocrx_word' id='word_1_12' title='bbox 1955 425 2162 500; x_wconf 79' lang='lat' dir='ltr'><strong>tradit,</strong></span> 
     </span>
    </p>
   </div>
   <div class='ocr_carea' id='block_1_3' title="bbox 2258 419 3894 503">
    <p class='ocr_par' dir='ltr' id='par_1_3' title="bbox 2258 419 3894 503">
     <span class='ocr_line' id='line_1_3' title="bbox 2258 419 3894 503; baseline -0.003 -23"><span class='ocrx_word' id='word_1_13' title='bbox 2258 424 2309 480; x_wconf 81' lang='grc' dir='ltr'><strong>τὸ</strong></span> <span class='ocrx_word' id='word_1_14' title='bbox 2381 424 2548 500; x_wconf 82' lang='grc' dir='ltr'>ῥῆμα,</span> <span class='ocrx_word' id='word_1_15' title='bbox 2611 425 2648 492; x_wconf 78' lang='grc' dir='ltr'>ἢ</span> <span class='ocrx_word' id='word_1_16' title='bbox 2678 422 2832 494; x_wconf 78' lang='grc' dir='ltr'>τήνδε</span> <span class='ocrx_word' id='word_1_17' title='bbox 2886 425 2984 492; x_wconf 83' lang='grc' dir='ltr'><strong>τὴν</strong></span> <span class='ocrx_word' id='word_1_18' title='bbox 3029 423 3286 501; x_wconf 75' lang='grc' dir='ltr'>σύνταξιν,</span> <span class='ocrx_word' id='word_1_19' title='bbox 3347 422 3730 503; x_wconf 76' lang='grc' dir='ltr'><strong>παραχωρήσει</strong></span> <span class='ocrx_word' id='word_1_20' title='bbox 3759 419 3894 485; x_wconf 87' lang='grc' dir='ltr'>ἴσως</span> 
     </span>
    </p>
   </div>
   <div class='ocr_carea' id='block_1_4' title="bbox 517 508 2175 593">
    <p class='ocr_par' dir='ltr' id='par_1_4' title="bbox 517 510 2165 593">
     <span class='ocr_line' id='line_1_4' title="bbox 517 510 2165 593; baseline 0.002 -21"><span class='ocrx_word' id='word_1_21' title='bbox 517 510 741 592; x_wconf 84' lang='lat' dir='ltr'><strong>absque</strong></span> <span class='ocrx_word' id='word_1_22' title='bbox 769 511 929 574; x_wconf 91' lang='lat' dir='ltr'><strong>illius</strong></span> <span class='ocrx_word' id='word_1_23' title='bbox 950 512 1212 593; x_wconf 80' lang='lat' dir='ltr'><strong>fortasse</strong></span> <span class='ocrx_word' id='word_1_24' title='bbox 1227 513 1531 575; x_wconf 89' lang='lat' dir='ltr'><strong>additione</strong></span> <span class='ocrx_word' id='word_1_25' title='bbox 1547 513 1804 592; x_wconf 76' lang='lat' dir='ltr'><strong>scriptor</strong></span> <span class='ocrx_word' id='word_1_26' title='bbox 1824 514 2165 592; x_wconf 90' lang='lat' dir='ltr'><strong>pronuntia-</strong></span> 
     </span>
    </p>
   </div>
   <div class='ocr_carea' id='block_1_5' title="bbox 2258 508 3890 593">
    <p class='ocr_par' dir='ltr' id='par_1_5' title="bbox 2258 508 3890 592">
     <span class='ocr_line' id='line_1_5' title="bbox 2258 508 3890 592; baseline -0.002 -24"><span class='ocrx_word' id='word_1_27' title='bbox 2258 516 2276 568; x_wconf 80' lang='lat'><strong>5</strong></span> <span class='ocrx_word' id='word_1_28' title='bbox 2318 511 2474 590; x_wconf 82' lang='grc' dir='ltr'><strong>λόγος</strong></span> <span class='ocrx_word' id='word_1_29' title='bbox 2534 511 2570 579; x_wconf 70' lang='grc' dir='ltr'><strong>ἢ</strong></span> <span class='ocrx_word' id='word_1_30' title='bbox 2643 513 2984 592; x_wconf 80' lang='grc' dir='ltr'><strong>συγχωρήσει</strong></span> <span class='ocrx_word' id='word_1_31' title='bbox 3053 512 3211 586; x_wconf 88' lang='grc' dir='ltr'>ἴσως,</span> <span class='ocrx_word' id='word_1_32' title='bbox 3281 512 3317 580; x_wconf 75' lang='grc' dir='ltr'><strong>ἢ</strong></span> <span class='ocrx_word' id='word_1_33' title='bbox 3374 512 3676 592; x_wconf 79' lang='grc' dir='ltr'>ἐκχωρήσει</span> <span class='ocrx_word' id='word_1_34' title='bbox 3731 508 3890 582; x_wconf 88' lang='grc' dir='ltr'>ἴσως,</span> 
     </span>
    </p>
   </div>
   <div class='ocr_carea' id='block_1_6' title="bbox 516 599 2175 682">
    <p class='ocr_par' dir='ltr' id='par_1_6' title="bbox 516 600 2162 682">
     <span class='ocr_line' id='line_1_6' title="bbox 516 600 2162 682; baseline 0.002 -22"><span class='ocrx_word' id='word_1_35' title='bbox 516 600 667 661; x_wconf 89' lang='lat' dir='ltr'><strong>verit</strong></span> <span class='ocrx_word' id='word_1_36' title='bbox 696 621 710 661; x_wconf 92' lang='lat'>:</span> <span class='ocrx_word' id='word_1_37' title='bbox 741 619 876 663; x_wconf 90' lang='lat' dir='ltr'><strong>cum</strong></span> <span class='ocrx_word' id='word_1_38' title='bbox 909 618 1046 663; x_wconf 85' lang='lat' dir='ltr'><strong>vero</strong></span> <span class='ocrx_word' id='word_1_39' title='bbox 1065 621 1197 682; x_wconf 65' lang='lat' dir='ltr'><strong>quae</strong></span> <span class='ocrx_word' id='word_1_40' title='bbox 1217 601 1550 664; x_wconf 81' lang='lat' dir='ltr'><strong>contexitur</strong></span> <span class='ocrx_word' id='word_1_41' title='bbox 1578 601 1762 665; x_wconf 86' lang='lat' dir='ltr'><strong>oratio</strong></span> <span class='ocrx_word' id='word_1_42' title='bbox 1782 601 2042 680; x_wconf 79' lang='lat' dir='ltr'><strong>fortasse</strong></span> <span class='ocrx_word' id='word_1_43' title='bbox 2061 621 2162 663; x_wconf 90' lang='lat' dir='ltr'><strong>re-</strong></span> 
     </span>
    </p>
   </div>
   <div class='ocr_carea' id='block_1_7' title="bbox 2258 599 3893 682">
    <p class='ocr_par' dir='ltr' id='par_1_7' title="bbox 2258 599 3893 676">
     <span class='ocr_line' id='line_1_7' title="bbox 2258 599 3893 676; baseline -0.003 -18"><span class='ocrx_word' id='word_1_44' title='bbox 2258 600 2281 669; x_wconf 70' lang='grc' dir='ltr'>ἧ</span> <span class='ocrx_word' id='word_1_45' title='bbox 2349 625 2399 658; x_wconf 93' lang='grc' dir='ltr'><strong>τι</strong></span> <span class='ocrx_word' id='word_1_46' title='bbox 2467 607 2596 676; x_wconf 82' lang='grc' dir='ltr'>τῶν,</span> <span class='ocrx_word' id='word_1_47' title='bbox 2655 599 2757 657; x_wconf 71' lang='grc' dir='ltr'><strong>ὃσα</strong></span> <span class='ocrx_word' id='word_1_48' title='bbox 2826 615 2944 664; x_wconf 87' lang='grc' dir='ltr'>τοῖς</span> <span class='ocrx_word' id='word_1_49' title='bbox 3015 599 3371 664; x_wconf 84' lang='grc' dir='ltr'>διστακτικοῖς</span> <span class='ocrx_word' id='word_1_50' title='bbox 3449 600 3893 674; x_wconf 78' lang='grc' dir='ltr'>ὲπισυμπλεκεται</span> 
     </span>
    </p>
   </div>
   <div class='ocr_carea' id='block_1_8' title="bbox 519 687 2175 770">
    <p class='ocr_par' dir='ltr' id='par_1_8' title="bbox 519 688 2160 770">
     <span class='ocr_line' id='line_1_8' title="bbox 519 688 2160 770; baseline 0.001 -20"><span class='ocrx_word' id='word_1_51' title='bbox 519 688 724 770; x_wconf 89' lang='lat' dir='ltr'><strong>quirit,</strong></span> <span class='ocrx_word' id='word_1_52' title='bbox 755 689 856 770; x_wconf 90' lang='lat' dir='ltr'><strong>qui</strong></span> <span class='ocrx_word' id='word_1_53' title='bbox 912 689 1197 770; x_wconf 88' lang='lat' dir='ltr'><strong>scriptum</strong></span> <span class='ocrx_word' id='word_1_54' title='bbox 1230 691 1526 763; x_wconf 86' lang='lat' dir='ltr'><strong>enucleat,</strong></span> <span class='ocrx_word' id='word_1_55' title='bbox 1574 690 1883 770; x_wconf 89' lang='lat' dir='ltr'><strong>aptissime</strong></span> <span class='ocrx_word' id='word_1_56' title='bbox 1922 690 2160 762; x_wconf 85' lang='lat' dir='ltr'><strong>dixerit,</strong></span> 
     </span>
    </p>
   </div>
   <div class='ocr_carea' id='block_1_9' title="bbox 2258 687 3894 770">
    <p class='ocr_par' dir='ltr' id='par_1_9' title="bbox 2258 687 3894 770">
     <span class='ocr_line' id='line_1_9' title="bbox 2258 687 3894 770; baseline -0.005 -22"><span class='ocrx_word' id='word_1_57' title='bbox 2258 692 2443 766; x_wconf 70' lang='grc' dir='ltr'>ὃῆμασι</span> <span class='ocrx_word' id='word_1_58' title='bbox 2502 712 2559 746; x_wconf 90' lang='grc' dir='ltr'><strong>τε</strong></span> <span class='ocrx_word' id='word_1_59' title='bbox 2627 691 2714 746; x_wconf 82' lang='grc' dir='ltr'>καὶ</span> <span class='ocrx_word' id='word_1_60' title='bbox 2795 690 3168 770; x_wconf 76' lang='grc' dir='ltr'>ἒπιρρήμασιν.</span> <span class='ocrx_word' id='word_1_61' title='bbox 3253 694 3361 749; x_wconf 77' lang='grc' dir='ltr'><strong>Οὐκ</strong></span> <span class='ocrx_word' id='word_1_62' title='bbox 3424 687 3543 769; x_wconf 73' lang='grc' dir='ltr'>ἔχει</span> <span class='ocrx_word' id='word_1_63' title='bbox 3597 697 3721 766; x_wconf 81' lang='grc' dir='ltr'>γοῦν</span> <span class='ocrx_word' id='word_1_64' title='bbox 3776 707 3894 742; x_wconf 83' lang='grc' dir='ltr'>τινα</span> 
     </span>
    </p>
   </div>
   <div class='ocr_carea' id='block_1_10' title="bbox 521 777 2175 859">
    <p class='ocr_par' dir='ltr' id='par_1_10' title="bbox 521 778 2163 855">
     <span class='ocr_line' id='line_1_10' title="bbox 521 778 2163 855; baseline 0.001 -16"><span class='ocrx_word' id='word_1_65' title='bbox 521 778 677 841; x_wconf 87' lang='lat' dir='ltr'><strong>hanc</strong></span> <span class='ocrx_word' id='word_1_66' title='bbox 703 778 1078 855; x_wconf 89' lang='lat' dir='ltr'><strong>sententiam,</strong></span> <span class='ocrx_word' id='word_1_67' title='bbox 1136 779 1227 840; x_wconf 92' lang='lat' dir='ltr'><strong>vel</strong></span> <span class='ocrx_word' id='word_1_68' title='bbox 1256 781 1371 842; x_wconf 89' lang='lat' dir='ltr'><strong>hoc</strong></span> <span class='ocrx_word' id='word_1_69' title='bbox 1399 778 1669 854; x_wconf 83' lang='lat' dir='ltr'><strong>verbum,</strong></span> <span class='ocrx_word' id='word_1_70' title='bbox 1717 780 1808 840; x_wconf 90' lang='lat' dir='ltr'><strong>vel</strong></span> <span class='ocrx_word' id='word_1_71' title='bbox 1838 781 1994 841; x_wconf 88' lang='lat' dir='ltr'><strong>hanc</strong></span> <span class='ocrx_word' id='word_1_72' title='bbox 2014 799 2163 841; x_wconf 91' lang='lat' dir='ltr'><strong>con-</strong></span> 
     </span>
    </p>
   </div>
   <div class='ocr_carea' id='block_1_11' title="bbox 2258 777 3892 859">
    <p class='ocr_par' dir='ltr' id='par_1_11' title="bbox 2258 777 3892 859">
     <span class='ocr_line' id='line_1_11' title="bbox 2258 777 3892 859; baseline -0.003 -23"><span class='ocrx_word' id='word_1_73' title='bbox 2258 781 2432 859; x_wconf 75' lang='grc' dir='ltr'>χώραν</span> <span class='ocrx_word' id='word_1_74' title='bbox 2486 781 2548 835; x_wconf 83' lang='grc' dir='ltr'>τὸ</span> <span class='ocrx_word' id='word_1_75' title='bbox 2591 777 2748 856; x_wconf 86' lang='grc' dir='ltr'>ἴσως,</span> <span class='ocrx_word' id='word_1_76' title='bbox 2809 781 2895 836; x_wconf 84' lang='grc' dir='ltr'>καὶ</span> <span class='ocrx_word' id='word_1_77' title='bbox 2937 783 2999 836; x_wconf 84' lang='grc' dir='ltr'>τὸ</span> <span class='ocrx_word' id='word_1_78' title='bbox 3052 777 3126 836; x_wconf 79' lang='grc' dir='ltr'>ἴν⁹</span> <span class='ocrx_word' id='word_1_79' title='bbox 3172 779 3309 842; x_wconf 77' lang='grc' dir='ltr'>ὅλως</span> <span class='ocrx_word' id='word_1_80' title='bbox 3378 780 3465 836; x_wconf 84' lang='grc' dir='ltr'><strong>καὶ</strong></span> <span class='ocrx_word' id='word_1_81' title='bbox 3519 777 3892 856; x_wconf 82' lang='grc' dir='ltr'>συγχωρήσω-</span> 
     </span>
    </p>
   </div>
   <div class='ocr_carea' id='block_1_12' title="bbox 521 862 2175 950">
    <p class='ocr_par' dir='ltr' id='par_1_12' title="bbox 521 865 2165 950">
     <span class='ocr_line' id='line_1_12' title="bbox 521 865 2165 950; baseline 0.001 -22"><span class='ocrx_word' id='word_1_82' title='bbox 521 865 1244 948; x_wconf 86' lang='lat' dir='ltr'><strong>structionem,permittet</strong></span> <span class='ocrx_word' id='word_1_83' title='bbox 1262 869 1509 930; x_wconf 78' lang='lat' dir='ltr'><strong>fortasse</strong></span> <span class='ocrx_word' id='word_1_84' title='bbox 1530 868 1837 942; x_wconf 88' lang='lat' dir='ltr'><strong>oratio,vel</strong></span> <span class='ocrx_word' id='word_1_85' title='bbox 1856 869 2165 950; x_wconf 83' lang='lat' dir='ltr'><strong>concedet,</strong></span> 
     </span>
    </p>
   </div>
   <div class='ocr_carea' id='block_1_13' title="bbox 2258 862 3888 950">
    <p class='ocr_par' dir='ltr' id='par_1_13' title="bbox 2258 862 3888 946">
     <span class='ocr_line' id='line_1_13' title="bbox 2258 862 3888 946; baseline -0.003 -22"><span class='ocrx_word' id='word_1_86' title='bbox 2258 891 2374 946; x_wconf 86' lang='grc' dir='ltr'>μεν,</span> <span class='ocrx_word' id='word_1_87' title='bbox 2434 870 2635 926; x_wconf 85' lang='grc' dir='ltr'>οἴεσθαι</span> <span class='ocrx_word' id='word_1_88' title='bbox 2692 869 2832 946; x_wconf 83' lang='grc' dir='ltr'>παρὰ</span> <span class='ocrx_word' id='word_1_89' title='bbox 2899 876 2992 925; x_wconf 76' lang='grc' dir='ltr'>τοῦ</span> <span class='ocrx_word' id='word_1_90' title='bbox 3071 869 3303 946; x_wconf 86' lang='grc' dir='ltr'><strong>μεγάλου</strong></span> <span class='ocrx_word' id='word_1_91' title='bbox 3357 867 3630 926; x_wconf 87' lang='grc' dir='ltr'>Βασιλείου</span> <span class='ocrx_word' id='word_1_92' title='bbox 3679 862 3888 920; x_wconf 74' lang='grc' dir='ltr'>ἐκδεδό-</span> 
     </span>
    </p>
   </div>
   <div class='ocr_carea' id='block_1_14' title="bbox 520 952 2175 1038">
    <p class='ocr_par' dir='ltr' id='par_1_14' title="bbox 520 954 2172 1038">
     <span class='ocr_line' id='line_1_14' title="bbox 520 954 2172 1038; baseline 0.002 -23"><span class='ocrx_word' id='word_1_93' title='bbox 520 954 611 1018; x_wconf 91' lang='lat' dir='ltr'><strong>vel</strong></span> <span class='ocrx_word' id='word_1_94' title='bbox 643 954 951 1037; x_wconf 71' lang='lat' dir='ltr'><strong>prazbebit,</strong></span> <span class='ocrx_word' id='word_1_95' title='bbox 984 957 1076 1018; x_wconf 89' lang='lat' dir='ltr'><strong>vel</strong></span> <span class='ocrx_word' id='word_1_96' title='bbox 1107 957 1250 1037; x_wconf 90' lang='lat' dir='ltr'><strong>quid</strong></span> <span class='ocrx_word' id='word_1_97' title='bbox 1283 957 1481 1019; x_wconf 89' lang='lat' dir='ltr'><strong>simile</strong></span> <span class='ocrx_word' id='word_1_98' title='bbox 1511 977 1581 1019; x_wconf 82' lang='lat' dir='ltr'><strong>ex</strong></span> <span class='ocrx_word' id='word_1_99' title='bbox 1610 958 1708 1032; x_wconf 86' lang='lat' dir='ltr'><strong>iis,</strong></span> <span class='ocrx_word' id='word_1_100' title='bbox 1731 977 1863 1038; x_wconf 54' lang='lat' dir='ltr'><strong>quae</strong></span> <span class='ocrx_word' id='word_1_101' title='bbox 1893 958 2092 1020; x_wconf 86' lang='lat' dir='ltr'><strong>verbis</strong></span> <span class='ocrx_word' id='word_1_102' title='bbox 2116 966 2172 1019; x_wconf 91' lang='lat' dir='ltr'><strong>et</strong></span> 
     </span>
    </p>
   </div>
   <div class='ocr_carea' id='block_1_15' title="bbox 2258 952 3891 1038">
    <p class='ocr_par' dir='ltr' id='par_1_15' title="bbox 2258 952 3891 1036">
     <span class='ocr_line' id='line_1_15' title="bbox 2258 952 3891 1036; baseline -0.004 -22"><span class='ocrx_word' id='word_1_103' title='bbox 2258 961 2369 1014; x_wconf 81' lang='grc' dir='ltr'>σθαι</span> <span class='ocrx_word' id='word_1_104' title='bbox 2415 957 2498 1015; x_wconf 81' lang='grc' dir='ltr'><strong>ἐπὶ</strong></span> <span class='ocrx_word' id='word_1_105' title='bbox 2558 961 2657 1026; x_wconf 75' lang='grc' dir='ltr'><strong>τῆς</strong></span> <span class='ocrx_word' id='word_1_106' title='bbox 2713 956 2995 1036; x_wconf 77' lang='grc' dir='ltr'><strong>εἰρημένης</strong></span> <span class='ocrx_word' id='word_1_107' title='bbox 3064 957 3359 1036; x_wconf 90' lang='grc' dir='ltr'>θεολογίας.</span> <span class='ocrx_word' id='word_1_108' title='bbox 3416 957 3515 1015; x_wconf 81' lang='grc' dir='ltr'>Καὶ</span> <span class='ocrx_word' id='word_1_109' title='bbox 3545 956 3680 1012; x_wconf 72' lang='grc' dir='ltr'>οὓτω</span> <span class='ocrx_word' id='word_1_110' title='bbox 3707 952 3891 1010; x_wconf 80' lang='grc' dir='ltr'>λοιπὸν</span> 
     </span>
    </p>
   </div>
   <div class='ocr_carea' id='block_1_16' title="bbox 520 1041 2175 1128">
    <p class='ocr_par' dir='ltr' id='par_1_16' title="bbox 520 1043 2173 1126">
     <span class='ocr_line' id='line_1_16' title="bbox 520 1043 2173 1126; baseline 0 -19"><span class='ocrx_word' id='word_1_111' title='bbox 520 1043 824 1107; x_wconf 81' lang='lat' dir='ltr'><strong>adverbiis</strong></span> <span class='ocrx_word' id='word_1_112' title='bbox 845 1043 1044 1106; x_wconf 91' lang='lat' dir='ltr'><strong>dubiis</strong></span> <span class='ocrx_word' id='word_1_113' title='bbox 1066 1044 1745 1108; x_wconf 87' lang='lat' dir='ltr'><strong>connectuntur.Nullus</strong></span> <span class='ocrx_word' id='word_1_114' title='bbox 1764 1045 1961 1126; x_wconf 82' lang='lat' dir='ltr'><strong>itaque</strong></span> <span class='ocrx_word' id='word_1_115' title='bbox 1982 1064 2173 1107; x_wconf 90' lang='lat' dir='ltr'><strong>rema-</strong></span> 
     </span>
    </p>
   </div>
   <div class='ocr_carea' id='block_1_17' title="bbox 2258 1041 3890 1128">
    <p class='ocr_par' dir='ltr' id='par_1_17' title="bbox 2258 1041 3890 1128">
     <span class='ocr_line' id='line_1_17' title="bbox 2258 1041 3890 1128; baseline -0.002 -26"><span class='ocrx_word' id='word_1_116' title='bbox 2258 1047 2385 1103; x_wconf 74' lang='grc' dir='ltr'>κατὰ</span> <span class='ocrx_word' id='word_1_117' title='bbox 2425 1049 2486 1102; x_wconf 83' lang='grc' dir='ltr'>τὸ</span> <span class='ocrx_word' id='word_1_118' title='bbox 2542 1046 2716 1114; x_wconf 87' lang='grc' dir='ltr'>πάντη</span> <span class='ocrx_word' id='word_1_119' title='bbox 2778 1044 2988 1122; x_wconf 84' lang='grc' dir='ltr'>βέϐαιον</span> <span class='ocrx_word' id='word_1_120' title='bbox 3043 1047 3380 1128; x_wconf 77' lang='grc' dir='ltr'><strong>ἀναφαίνεται</strong></span> <span class='ocrx_word' id='word_1_121' title='bbox 3436 1041 3528 1101; x_wconf 85' lang='grc' dir='ltr'><strong>ἀπ’</strong></span> <span class='ocrx_word' id='word_1_122' title='bbox 3588 1043 3750 1109; x_wconf 73' lang='grc' dir='ltr'>αὐτῆς</span> <span class='ocrx_word' id='word_1_123' title='bbox 3792 1046 3890 1108; x_wconf 75' lang='grc' dir='ltr'>τῆς</span> 
     </span>
    </p>
   </div>
   <div class='ocr_carea' id='block_1_18' title="bbox 521 1131 2175 1214">
    <p class='ocr_par' dir='ltr' id='par_1_18' title="bbox 521 1131 2172 1214">
     <span class='ocr_line' id='line_1_18' title="bbox 521 1131 2172 1214; baseline 0.001 -20"><span class='ocrx_word' id='word_1_124' title='bbox 521 1140 624 1195; x_wconf 86' lang='lat' dir='ltr'><strong>net</strong></span> <span class='ocrx_word' id='word_1_125' title='bbox 651 1131 1042 1213; x_wconf 89' lang='lat' dir='ltr'><strong>locus,neque</strong></span> <span class='ocrx_word' id='word_1_126' title='bbox 1073 1136 1352 1212; x_wconf 82' lang='lat' dir='ltr'><strong>fortasse,</strong></span> <span class='ocrx_word' id='word_1_127' title='bbox 1376 1153 1594 1214; x_wconf 91' lang='lat' dir='ltr'><strong>neque,</strong></span> <span class='ocrx_word' id='word_1_128' title='bbox 1623 1142 1688 1196; x_wconf 82' lang='lat' dir='ltr'><strong>ut</strong></span> <span class='ocrx_word' id='word_1_129' title='bbox 1710 1134 1772 1196; x_wconf 83' lang='lat' dir='ltr'><strong>id</strong></span> <span class='ocrx_word' id='word_1_130' title='bbox 1793 1151 2027 1214; x_wconf 84' lang='lat' dir='ltr'><strong>quoque</strong></span> <span class='ocrx_word' id='word_1_131' title='bbox 2044 1153 2172 1197; x_wconf 82' lang='lat' dir='ltr'><strong>con-</strong></span> 
     </span>
    </p>
   </div>
   <div class='ocr_carea' id='block_1_19' title="bbox 2258 1131 3894 1214">
    <p class='ocr_par' dir='ltr' id='par_1_19' title="bbox 2258 1131 3894 1213">
     <span class='ocr_line' id='line_1_19' title="bbox 2258 1131 3894 1213; baseline -0.004 -22"><span class='ocrx_word' id='word_1_132' title='bbox 2258 1135 2386 1193; x_wconf 77' lang='grc' dir='ltr'>κατὰ</span> <span class='ocrx_word' id='word_1_133' title='bbox 2427 1141 2602 1192; x_wconf 83' lang='grc' dir='ltr'>πᾶσαν</span> <span class='ocrx_word' id='word_1_134' title='bbox 2659 1135 2893 1213; x_wconf 75' lang='grc' dir='ltr'>ἂνάγκην</span> <span class='ocrx_word' id='word_1_135' title='bbox 2959 1139 3188 1192; x_wconf 79' lang='grc' dir='ltr'>νοεῖσθαι</span> <span class='ocrx_word' id='word_1_136' title='bbox 3257 1132 3650 1209; x_wconf 82' lang='grc' dir='ltr'>ἀπαιτουμένης</span> <span class='ocrx_word' id='word_1_137' title='bbox 3696 1131 3894 1193; x_wconf 80' lang='grc' dir='ltr'>ἐννοίας</span> 
     </span>
    </p>
   </div>
   <div class='ocr_carea' id='block_1_20' title="bbox 521 1219 2175 1302">
    <p class='ocr_par' dir='ltr' id='par_1_20' title="bbox 521 1221 2171 1302">
     <span class='ocr_line' id='line_1_20' title="bbox 521 1221 2171 1302; baseline 0 -18"><span class='ocrx_word' id='word_1_138' title='bbox 521 1221 829 1296; x_wconf 84' lang='lat' dir='ltr'><strong>cedamus,</strong></span> <span class='ocrx_word' id='word_1_139' title='bbox 861 1222 1159 1301; x_wconf 89' lang='lat' dir='ltr'><strong>cogitandi</strong></span> <span class='ocrx_word' id='word_1_140' title='bbox 1200 1241 1234 1284; x_wconf 89' lang='lat' dir='ltr'><strong>a</strong></span> <span class='ocrx_word' id='word_1_141' title='bbox 1263 1241 1476 1302; x_wconf 91' lang='lat' dir='ltr'><strong>magno</strong></span> <span class='ocrx_word' id='word_1_142' title='bbox 1507 1221 1724 1284; x_wconf 89' lang='lat' dir='ltr'><strong>Basilio</strong></span> <span class='ocrx_word' id='word_1_143' title='bbox 1747 1221 1807 1284; x_wconf 89' lang='lat' dir='ltr'><strong>in</strong></span> <span class='ocrx_word' id='word_1_144' title='bbox 1834 1224 1960 1302; x_wconf 86' lang='lat' dir='ltr'><strong>jam</strong></span> <span class='ocrx_word' id='word_1_145' title='bbox 1994 1223 2171 1285; x_wconf 87' lang='lat' dir='ltr'><strong>dictis</strong></span> 
     </span>
    </p>
   </div>
   <div class='ocr_carea' id='block_1_21' title="bbox 2258 1219 3895 1302">
    <p class='ocr_par' dir='ltr' id='par_1_21' title="bbox 2258 1219 3895 1302">
     <span class='ocr_line' id='line_1_21' title="bbox 2258 1219 3895 1302; baseline -0.004 -23"><span class='ocrx_word' id='word_1_146' title='bbox 2258 1226 2556 1302; x_wconf 76' lang='grc' dir='ltr'>πορσθήκην</span> <span class='ocrx_word' id='word_1_147' title='bbox 2613 1225 2754 1281; x_wconf 83' lang='grc' dir='ltr'>εῖναι</span> <span class='ocrx_word' id='word_1_148' title='bbox 2797 1227 2881 1302; x_wconf 84' lang='grc' dir='ltr'>τὸ,</span> <span class='ocrx_word' id='word_1_149' title='bbox 2969 1224 3128 1301; x_wconf 89' lang='grc' dir='ltr'>ἴσως,</span> <span class='ocrx_word' id='word_1_150' title='bbox 3201 1226 3289 1281; x_wconf 85' lang='grc' dir='ltr'>καὶ</span> <span class='ocrx_word' id='word_1_151' title='bbox 3361 1226 3423 1280; x_wconf 79' lang='grc' dir='ltr'><strong>τὸ</strong></span> <span class='ocrx_word' id='word_1_152' title='bbox 3478 1219 3553 1278; x_wconf 82' lang='grc' dir='ltr'><strong>ἴν’</strong></span> <span class='ocrx_word' id='word_1_153' title='bbox 3611 1219 3749 1283; x_wconf 77' lang='grc' dir='ltr'>ὅλως</span> <span class='ocrx_word' id='word_1_154' title='bbox 3807 1219 3895 1274; x_wconf 84' lang='grc' dir='ltr'><strong>καὶ</strong></span> 
     </span>
    </p>
   </div>
   <div class='ocr_carea' id='block_1_22' title="bbox 522 1310 2175 1393">
    <p class='ocr_par' dir='ltr' id='par_1_22' title="bbox 522 1310 2168 1392">
     <span class='ocr_line' id='line_1_22' title="bbox 522 1310 2168 1392; baseline 0.002 -22"><span class='ocrx_word' id='word_1_155' title='bbox 522 1310 872 1389; x_wconf 85' lang='lat' dir='ltr'><strong>theologicis</strong></span> <span class='ocrx_word' id='word_1_156' title='bbox 929 1312 1200 1392; x_wconf 89' lang='lat' dir='ltr'><strong>apposita</strong></span> <span class='ocrx_word' id='word_1_157' title='bbox 1229 1312 1433 1387; x_wconf 89' lang='lat' dir='ltr'><strong>fuisse,</strong></span> <span class='ocrx_word' id='word_1_158' title='bbox 1473 1321 1530 1372; x_wconf 92' lang='lat' dir='ltr'><strong>et</strong></span> <span class='ocrx_word' id='word_1_159' title='bbox 1559 1313 1667 1373; x_wconf 91' lang='lat' dir='ltr'><strong>hac</strong></span> <span class='ocrx_word' id='word_1_160' title='bbox 1695 1311 1927 1373; x_wconf 90' lang='lat' dir='ltr'><strong>ratione</strong></span> <span class='ocrx_word' id='word_1_161' title='bbox 1958 1330 2168 1373; x_wconf 86' lang='lat' dir='ltr'><strong>conse-</strong></span> 
     </span>
    </p>
   </div>
   <div class='ocr_carea' id='block_1_23' title="bbox 2258 1310 2712 1393">
    <p class='ocr_par' dir='ltr' id='par_1_23' title="bbox 2258 1315 2712 1393">
     <span class='ocr_line' id='line_1_23' title="bbox 2258 1315 2712 1393; baseline -0.002 -24"><span class='ocrx_word' id='word_1_162' title='bbox 2258 1315 2689 1393; x_wconf 76' lang='grc' dir='ltr'>συγχωρήσωμεν</span> <span class='ocrx_word' id='word_1_163' title='bbox 2698 1361 2712 1374; x_wconf 87' lang='grc'><strong>,</strong></span> 
     </span>
    </p>
   </div>
   <div class='ocr_carea' id='block_1_24' title="bbox 523 1395 3894 1480">
    <p class='ocr_par' dir='ltr' id='par_1_24' title="bbox 523 1395 3894 1480">
     <span class='ocr_line' id='line_1_24' title="bbox 523 1395 3894 1480; baseline -0 -21"><span class='ocrx_word' id='word_1_164' title='bbox 523 1408 779 1479; x_wconf 87' lang='lat' dir='ltr'><strong>quenter</strong></span> <span class='ocrx_word' id='word_1_165' title='bbox 806 1409 1080 1480; x_wconf 87' lang='lat' dir='ltr'><strong>tanquam</strong></span> <span class='ocrx_word' id='word_1_166' title='bbox 1114 1400 1512 1462; x_wconf 89' lang='lat' dir='ltr'><strong>certissimum</strong></span> <span class='ocrx_word' id='word_1_167' title='bbox 1544 1407 1863 1479; x_wconf 87' lang='lat' dir='ltr'><strong>comparet,</strong></span> <span class='ocrx_word' id='word_1_168' title='bbox 1901 1418 1972 1460; x_wconf 89' lang='lat' dir='ltr'><strong>ex</strong></span> <span class='ocrx_word' id='word_1_169' title='bbox 2003 1400 2130 1479; x_wconf 89' lang='lat' dir='ltr'><strong>ipsa</strong></span> <span class='ocrx_word' id='word_1_170' title='bbox 2161 1419 2292 1480; x_wconf 65' lang='lat' dir='ltr'><strong>qua:</strong></span> <span class='ocrx_word' id='word_1_171' title='bbox 2320 1401 2661 1463; x_wconf 88' lang='lat' dir='ltr'><strong>necessario</strong></span> <span class='ocrx_word' id='word_1_172' title='bbox 2701 1411 2762 1462; x_wconf 90' lang='lat' dir='ltr'><strong>et</strong></span> <span class='ocrx_word' id='word_1_173' title='bbox 2793 1401 2987 1465; x_wconf 91' lang='lat' dir='ltr'><strong>modis</strong></span> <span class='ocrx_word' id='word_1_174' title='bbox 3017 1401 3293 1465; x_wconf 90' lang='lat' dir='ltr'><strong>omnibus</strong></span> <span class='ocrx_word' id='word_1_175' title='bbox 3315 1397 3610 1464; x_wconf 87' lang='lat' dir='ltr'><strong>sententia</strong></span> <span class='ocrx_word' id='word_1_176' title='bbox 3633 1395 3894 1460; x_wconf 89' lang='lat' dir='ltr'><strong>elicitur.</strong></span> 
     </span>
    </p>
   </div>
   <div class='ocr_carea' id='block_1_25' title="bbox 522 1488 2336 1570">
    <p class='ocr_par' dir='ltr' id='par_1_25' title="bbox 522 1488 2336 1570">
     <span class='ocr_line' id='line_1_25' title="bbox 522 1488 2336 1570; baseline -0.001 -20"><span class='ocrx_word' id='word_1_177' title='bbox 522 1490 762 1568; x_wconf 82' lang='lat' dir='ltr'><strong>fortase,</strong></span> <span class='ocrx_word' id='word_1_178' title='bbox 795 1496 876 1569; x_wconf 90' lang='lat' dir='ltr'><strong>et,</strong></span> <span class='ocrx_word' id='word_1_179' title='bbox 905 1496 972 1551; x_wconf 87' lang='lat' dir='ltr'><strong>ut</strong></span> <span class='ocrx_word' id='word_1_180' title='bbox 994 1491 1055 1551; x_wconf 72' lang='lat' dir='ltr'><strong>id</strong></span> <span class='ocrx_word' id='word_1_181' title='bbox 1085 1506 1312 1570; x_wconf 82' lang='lat' dir='ltr'><strong>quoque</strong></span> <span class='ocrx_word' id='word_1_182' title='bbox 1329 1490 1751 1563; x_wconf 80' lang='lat' dir='ltr'><strong>concedamus,</strong></span> <span class='ocrx_word' id='word_1_183' title='bbox 1786 1488 2151 1550; x_wconf 90' lang='lat' dir='ltr'><strong>additionem</strong></span> <span class='ocrx_word' id='word_1_184' title='bbox 2184 1506 2336 1550; x_wconf 91' lang='lat' dir='ltr'><strong>esse.</strong></span> 
     </span>
    </p>
   </div>
   <div class='ocr_carea' id='block_1_26' title="bbox 606 1575 2172 1659">
    <p class='ocr_par' dir='ltr' id='par_1_26' title="bbox 606 1575 2172 1659">
     <span class='ocr_line' id='line_1_26' title="bbox 606 1575 2172 1659; baseline 0 -21"><span class='ocrx_word' id='word_1_185' title='bbox 606 1575 826 1640; x_wconf 90' lang='lat' dir='ltr'><strong>3.IlIud</strong></span> <span class='ocrx_word' id='word_1_186' title='bbox 862 1595 1036 1658; x_wconf 90' lang='lat' dir='ltr'><strong>porro</strong></span> <span class='ocrx_word' id='word_1_187' title='bbox 1067 1577 1362 1659; x_wconf 91' lang='lat' dir='ltr'><strong>quomodo</strong></span> <span class='ocrx_word' id='word_1_188' title='bbox 1392 1577 1903 1657; x_wconf 84' lang='lat' dir='ltr'><strong>comprehendere</strong></span> <span class='ocrx_word' id='word_1_189' title='bbox 1932 1597 2048 1638; x_wconf 91' lang='lat' dir='ltr'><strong>non</strong></span> <span class='ocrx_word' id='word_1_190' title='bbox 2073 1597 2172 1656; x_wconf 93' lang='lat' dir='ltr'><strong>po-</strong></span> 
     </span>
    </p>
   </div>
   <div class='ocr_carea' id='block_1_27' title="bbox 524 1664 2231 1760">
    <p class='ocr_par' dir='ltr' id='par_1_27' title="bbox 524 1664 2231 1760">
     <span class='ocr_line' id='line_1_27' title="bbox 524 1664 2231 1760; baseline -0.001 -34"><span class='ocrx_word' id='word_1_191' title='bbox 524 1665 952 1760; x_wconf 56' lang='lat' dir='ltr'><strong>Eierunt,quod</strong></span> <span class='ocrx_word' id='word_1_192' title='bbox 979 1667 1255 1727; x_wconf 91' lang='lat' dir='ltr'><strong>universa</strong></span> <span class='ocrx_word' id='word_1_193' title='bbox 1272 1665 1534 1760; x_wconf 79' lang='lat' dir='ltr'><strong>inductio</strong></span> <span class='ocrx_word' id='word_1_194' title='bbox 1548 1665 1920 1760; x_wconf 82' lang='lat' dir='ltr'><strong>apertissime</strong></span> <span class='ocrx_word' id='word_1_195' title='bbox 1932 1664 2172 1726; x_wconf 83' lang='lat' dir='ltr'><strong>astruit?</strong></span> <span class='ocrx_word' id='word_1_196' title='bbox 2193 1709 2231 1760; x_wconf 72' lang='grc' dir='ltr'>Β</span> 
     </span>
    </p>
   </div>
   <div class='ocr_carea' id='block_1_28' title="bbox 524 1754 2171 1835">
    <p class='ocr_par' dir='ltr' id='par_1_28' title="bbox 524 1754 2171 1835">
     <span class='ocr_line' id='line_1_28' title="bbox 524 1754 2171 1835; baseline 0 -19"><span class='ocrx_word' id='word_1_197' title='bbox 524 1754 756 1816; x_wconf 89' lang='lat' dir='ltr'><strong>Etenim</strong></span> <span class='ocrx_word' id='word_1_198' title='bbox 783 1755 834 1815; x_wconf 93' lang='lat' dir='ltr'><strong>si</strong></span> <span class='ocrx_word' id='word_1_199' title='bbox 863 1755 1205 1835; x_wconf 86' lang='lat' dir='ltr'><strong>difﬁculter,</strong></span> <span class='ocrx_word' id='word_1_200' title='bbox 1233 1763 1297 1816; x_wconf 91' lang='lat' dir='ltr'><strong>ut</strong></span> <span class='ocrx_word' id='word_1_201' title='bbox 1327 1754 1440 1835; x_wconf 90' lang='lat' dir='ltr'><strong>ipsi</strong></span> <span class='ocrx_word' id='word_1_202' title='bbox 1471 1755 1655 1834; x_wconf 89' lang='lat' dir='ltr'><strong>aiunt,</strong></span> <span class='ocrx_word' id='word_1_203' title='bbox 1689 1763 1746 1815; x_wconf 92' lang='lat' dir='ltr'><strong>et</strong></span> <span class='ocrx_word' id='word_1_204' title='bbox 1767 1754 2077 1829; x_wconf 82' lang='lat' dir='ltr'><strong>violenter,</strong></span> <span class='ocrx_word' id='word_1_205' title='bbox 2115 1763 2171 1816; x_wconf 88' lang='lat' dir='ltr'><strong>et</strong></span> 
     </span>
    </p>
   </div>
   <div class='ocr_carea' id='block_1_29' title="bbox 525 1842 2168 1924">
    <p class='ocr_par' dir='ltr' id='par_1_29' title="bbox 525 1842 2168 1924">
     <span class='ocr_line' id='line_1_29' title="bbox 525 1842 2168 1924; baseline -0.001 -19"><span class='ocrx_word' id='word_1_206' title='bbox 525 1851 589 1905; x_wconf 92' lang='lat' dir='ltr'><strong>ut</strong></span> <span class='ocrx_word' id='word_1_207' title='bbox 615 1843 908 1924; x_wconf 86' lang='lat' dir='ltr'><strong>quispiam</strong></span> <span class='ocrx_word' id='word_1_208' title='bbox 937 1844 1162 1906; x_wconf 89' lang='lat' dir='ltr'><strong>diceret</strong></span> <span class='ocrx_word' id='word_1_209' title='bbox 1189 1843 1526 1915; x_wconf 86' lang='lat' dir='ltr'><strong>invitum,et</strong></span> <span class='ocrx_word' id='word_1_210' title='bbox 1549 1852 1750 1905; x_wconf 90' lang='lat' dir='ltr'><strong>coacte</strong></span> <span class='ocrx_word' id='word_1_211' title='bbox 1782 1842 1896 1904; x_wconf 89' lang='lat' dir='ltr'><strong>sibi</strong></span> <span class='ocrx_word' id='word_1_212' title='bbox 1919 1843 2168 1923; x_wconf 92' lang='lat' dir='ltr'><strong>permit-</strong></span> 
     </span>
    </p>
   </div>
   <div class='ocr_carea' id='block_1_30' title="bbox 524 1932 2163 2014">
    <p class='ocr_par' dir='ltr' id='par_1_30' title="bbox 524 1932 2163 2014">
     <span class='ocr_line' id='line_1_30' title="bbox 524 1932 2163 2014; baseline -0.001 -20"><span class='ocrx_word' id='word_1_213' title='bbox 524 1939 745 1995; x_wconf 88' lang='lat' dir='ltr'><strong>tentem</strong></span> <span class='ocrx_word' id='word_1_214' title='bbox 776 1951 810 1993; x_wconf 91' lang='lat' dir='ltr'><strong>a</strong></span> <span class='ocrx_word' id='word_1_215' title='bbox 865 1951 932 1994; x_wconf 90' lang='lat' dir='ltr'><strong>se</strong></span> <span class='ocrx_word' id='word_1_216' title='bbox 977 1932 1106 2014; x_wconf 90' lang='lat' dir='ltr'><strong>ipso</strong></span> <span class='ocrx_word' id='word_1_217' title='bbox 1165 1940 1432 1995; x_wconf 86' lang='lat' dir='ltr'><strong>sanctum</strong></span> <span class='ocrx_word' id='word_1_218' title='bbox 1480 1932 1802 1994; x_wconf 84' lang='lat' dir='ltr'><strong>extorsisse</strong></span> <span class='ocrx_word' id='word_1_219' title='bbox 1829 1933 2011 1994; x_wconf 85' lang='lat' dir='ltr'><strong>verba</strong></span> <span class='ocrx_word' id='word_1_220' title='bbox 2041 1932 2163 2007; x_wconf 91' lang='lat' dir='ltr'><strong>illa,</strong></span> 
     </span>
    </p>
   </div>
   <div class='ocr_carea' id='block_1_31' title="bbox 522 2020 2169 2102">
    <p class='ocr_par' dir='ltr' id='par_1_31' title="bbox 522 2020 2169 2102">
     <span class='ocr_line' id='line_1_31' title="bbox 522 2020 2169 2102; baseline -0.002 -16"><span class='ocrx_word' id='word_1_221' title='bbox 522 2021 806 2102; x_wconf 87' lang='lat' dir='ltr'><strong>Spiritum</strong></span> <span class='ocrx_word' id='word_1_222' title='bbox 867 2039 998 2084; x_wconf 86' lang='lat' dir='ltr'><strong>esse</strong></span> <span class='ocrx_word' id='word_1_223' title='bbox 1057 2021 1390 2084; x_wconf 88' lang='lat' dir='ltr'><strong>secundum</strong></span> <span class='ocrx_word' id='word_1_224' title='bbox 1423 2039 1460 2083; x_wconf 86' lang='lat' dir='ltr'><strong>a</strong></span> <span class='ocrx_word' id='word_1_225' title='bbox 1501 2020 1652 2082; x_wconf 92' lang='lat' dir='ltr'><strong>Filio</strong></span> <span class='ocrx_word' id='word_1_226' title='bbox 1707 2020 2017 2100; x_wconf 81' lang='lat' dir='ltr'><strong>dignitate,</strong></span> <span class='ocrx_word' id='word_1_227' title='bbox 2052 2041 2169 2101; x_wconf 85' lang='lat' dir='ltr'><strong>qua</strong></span> 
     </span>
    </p>
   </div>
   <div class='ocr_carea' id='block_1_32' title="bbox 520 2109 2164 2184">
    <p class='ocr_par' dir='ltr' id='par_1_32' title="bbox 520 2109 2164 2184">
     <span class='ocr_line' id='line_1_32' title="bbox 520 2109 2164 2184; baseline -0.001 -12"><span class='ocrx_word' id='word_1_228' title='bbox 520 2110 752 2172; x_wconf 87' lang='lat' dir='ltr'><strong>ratione</strong></span> <span class='ocrx_word' id='word_1_229' title='bbox 780 2111 1136 2174; x_wconf 87' lang='lat' dir='ltr'><strong>sententiam</strong></span> <span class='ocrx_word' id='word_1_230' title='bbox 1179 2110 1350 2171; x_wconf 90' lang='lat' dir='ltr'><strong>istam</strong></span> <span class='ocrx_word' id='word_1_231' title='bbox 1402 2109 1851 2184; x_wconf 83' lang='lat' dir='ltr'><strong>constabiliens,</strong></span> <span class='ocrx_word' id='word_1_232' title='bbox 1885 2110 2164 2172; x_wconf 88' lang='lat' dir='ltr'><strong>totdein-</strong></span> 
     </span>
    </p>
   </div>
   <div class='ocr_carea' id='block_1_33' title="bbox 524 2197 2165 2280">
    <p class='ocr_par' dir='ltr' id='par_1_33' title="bbox 524 2197 2165 2280">
     <span class='ocr_line' id='line_1_33' title="bbox 524 2197 2165 2280; baseline -0.002 -17"><span class='ocrx_word' id='word_1_233' title='bbox 524 2217 666 2280; x_wconf 90' lang='lat' dir='ltr'><strong>ceps</strong></span> <span class='ocrx_word' id='word_1_234' title='bbox 694 2199 769 2260; x_wconf 91' lang='lat' dir='ltr'><strong>de</strong></span> <span class='ocrx_word' id='word_1_235' title='bbox 789 2199 1068 2261; x_wconf 87' lang='lat' dir='ltr'><strong>secundis</strong></span> <span class='ocrx_word' id='word_1_236' title='bbox 1092 2199 1394 2279; x_wconf 84' lang='lat' dir='ltr'><strong>dignitatis</strong></span> <span class='ocrx_word' id='word_1_237' title='bbox 1417 2198 1682 2277; x_wconf 89' lang='lat' dir='ltr'><strong>partibus</strong></span> <span class='ocrx_word' id='word_1_238' title='bbox 1710 2197 2165 2274; x_wconf 89' lang='lat' dir='ltr'><strong>verbainfercit,</strong></span> 
     </span>
    </p>
   </div>
   <div class='ocr_carea' id='block_1_34' title="bbox 525 2286 2170 2366">
    <p class='ocr_par' dir='ltr' id='par_1_34' title="bbox 525 2286 2170 2366">
     <span class='ocr_line' id='line_1_34' title="bbox 525 2286 2170 2366; baseline -0.001 -17"><span class='ocrx_word' id='word_1_239' title='bbox 525 2294 592 2350; x_wconf 89' lang='lat' dir='ltr'><strong>ut</strong></span> <span class='ocrx_word' id='word_1_240' title='bbox 619 2305 738 2348; x_wconf 90' lang='lat' dir='ltr'><strong>non</strong></span> <span class='ocrx_word' id='word_1_241' title='bbox 769 2294 994 2348; x_wconf 85' lang='lat' dir='ltr'><strong>tantum</strong></span> <span class='ocrx_word' id='word_1_242' title='bbox 1025 2287 1320 2349; x_wconf 88' lang='lat' dir='ltr'><strong>secundas</strong></span> <span class='ocrx_word' id='word_1_243' title='bbox 1366 2286 1502 2347; x_wconf 90' lang='lat' dir='ltr'><strong>Filii</strong></span> <span class='ocrx_word' id='word_1_244' title='bbox 1555 2294 1752 2366; x_wconf 90' lang='lat' dir='ltr'><strong>partes</strong></span> <span class='ocrx_word' id='word_1_245' title='bbox 1782 2305 1816 2347; x_wconf 90' lang='lat' dir='ltr'><strong>a</strong></span> <span class='ocrx_word' id='word_1_246' title='bbox 1871 2288 2040 2348; x_wconf 89' lang='lat' dir='ltr'><strong>Patre</strong></span> <span class='ocrx_word' id='word_1_247' title='bbox 2095 2288 2170 2349; x_wconf 91' lang='lat' dir='ltr'><strong>ad</strong></span> 
     </span>
    </p>
   </div>
   <div class='ocr_carea' id='block_1_35' title="bbox 525 2375 2168 2456">
    <p class='ocr_par' dir='ltr' id='par_1_35' title="bbox 525 2375 2168 2456">
     <span class='ocr_line' id='line_1_35' title="bbox 525 2375 2168 2456; baseline -0.001 -17"><span class='ocrx_word' id='word_1_248' title='bbox 525 2376 914 2439; x_wconf 87' lang='lat' dir='ltr'><strong>dicendorum</strong></span> <span class='ocrx_word' id='word_1_249' title='bbox 948 2375 1358 2456; x_wconf 88' lang='lat' dir='ltr'><strong>probationem</strong></span> <span class='ocrx_word' id='word_1_250' title='bbox 1381 2384 1728 2452; x_wconf 88' lang='lat' dir='ltr'><strong>assumeret,</strong></span> <span class='ocrx_word' id='word_1_251' title='bbox 1776 2377 1881 2438; x_wconf 92' lang='lat' dir='ltr'><strong>sed</strong></span> <span class='ocrx_word' id='word_1_252' title='bbox 1912 2377 2168 2439; x_wconf 89' lang='lat' dir='ltr'><strong>similem</strong></span> 
     </span>
    </p>
   </div>
   <div class='ocr_carea' id='block_1_36' title="bbox 525 2465 2174 2546">
    <p class='ocr_par' dir='ltr' id='par_1_36' title="bbox 525 2465 2174 2546">
     <span class='ocr_line' id='line_1_36' title="bbox 525 2465 2174 2546; baseline 0 -18"><span class='ocrx_word' id='word_1_253' title='bbox 525 2465 870 2546; x_wconf 85' lang='lat' dir='ltr'><strong>angelorum</strong></span> <span class='ocrx_word' id='word_1_254' title='bbox 902 2474 1170 2528; x_wconf 87' lang='lat' dir='ltr'><strong>naturam</strong></span> <span class='ocrx_word' id='word_1_255' title='bbox 1202 2466 1448 2545; x_wconf 90' lang='lat' dir='ltr'><strong>insuper</strong></span> <span class='ocrx_word' id='word_1_256' title='bbox 1487 2465 1758 2532; x_wconf 83' lang='lat' dir='ltr'><strong>adderet.</strong></span> <span class='ocrx_word' id='word_1_257' title='bbox 1797 2476 1856 2526; x_wconf 82' lang='lat' dir='ltr'><strong>et</strong></span> <span class='ocrx_word' id='word_1_258' title='bbox 1888 2466 2174 2546; x_wconf 86' lang='lat' dir='ltr'><strong>pleraque</strong></span> 
     </span>
    </p>
   </div>
   <div class='ocr_carea' id='block_1_37' title="bbox 2331 1569 3901 1658">
    <p class='ocr_par' dir='ltr' id='par_1_37' title="bbox 2331 1569 3901 1658">
     <span class='ocr_line' id='line_1_37' title="bbox 2331 1569 3901 1658; baseline -0.005 -20"><span class='ocrx_word' id='word_1_259' title='bbox 2331 1569 2406 1657; x_wconf 74' lang='grc' dir='ltr'><strong>γ’.</strong></span> <span class='ocrx_word' id='word_1_260' title='bbox 2443 1577 2652 1637; x_wconf 79' lang='grc' dir='ltr'>Ἐκεῖνο</span> <span class='ocrx_word' id='word_1_261' title='bbox 2682 1578 2736 1636; x_wconf 84' lang='grc' dir='ltr'>δὲ</span> <span class='ocrx_word' id='word_1_262' title='bbox 2791 1587 2905 1646; x_wconf 84' lang='grc' dir='ltr'><strong>πῶς</strong></span> <span class='ocrx_word' id='word_1_263' title='bbox 2963 1587 3023 1641; x_wconf 77' lang='grc' dir='ltr'>οὒ</span> <span class='ocrx_word' id='word_1_264' title='bbox 3065 1579 3291 1638; x_wconf 76' lang='grc' dir='ltr'>συνιδεῖν</span> <span class='ocrx_word' id='word_1_265' title='bbox 3331 1579 3515 1658; x_wconf 77' lang='grc' dir='ltr'>ἔσχον,</span> <span class='ocrx_word' id='word_1_266' title='bbox 3546 1575 3675 1654; x_wconf 83' lang='grc' dir='ltr'>ὅπερ</span> <span class='ocrx_word' id='word_1_267' title='bbox 3705 1578 3740 1644; x_wconf 79' lang='grc' dir='ltr'>ἡ</span> <span class='ocrx_word' id='word_1_268' title='bbox 3771 1575 3901 1631; x_wconf 80' lang='grc' dir='ltr'>ἐπα-</span> 
     </span>
    </p>
   </div>
   <div class='ocr_carea' id='block_1_38' title="bbox 2253 1663 3893 1750">
    <p class='ocr_par' dir='ltr' id='par_1_38' title="bbox 2253 1663 3893 1750">
     <span class='ocr_line' id='line_1_38' title="bbox 2253 1663 3893 1750; baseline 0.001 -27"><span class='ocrx_word' id='word_1_269' title='bbox 2253 1668 2407 1746; x_wconf 74' lang='grc' dir='ltr'>γωγὴ</span> <span class='ocrx_word' id='word_1_270' title='bbox 2479 1674 2622 1724; x_wconf 82' lang='grc' dir='ltr'>πᾶσα</span> <span class='ocrx_word' id='word_1_271' title='bbox 2691 1671 3004 1748; x_wconf 79' lang='grc' dir='ltr'>παρίστησιν</span> <span class='ocrx_word' id='word_1_272' title='bbox 3063 1670 3296 1750; x_wconf 83' lang='grc' dir='ltr'>ἐναργῶς</span> <span class='ocrx_word' id='word_1_273' title='bbox 3331 1688 3347 1748; x_wconf 68' lang='grc' dir='ltr'><strong>ς</strong></span> <span class='ocrx_word' id='word_1_274' title='bbox 3385 1669 3443 1726; x_wconf 82' lang='grc' dir='ltr'><strong>Εἰ</strong></span> <span class='ocrx_word' id='word_1_275' title='bbox 3472 1667 3572 1745; x_wconf 80' lang='grc' dir='ltr'>γὰρ</span> <span class='ocrx_word' id='word_1_276' title='bbox 3600 1663 3893 1744; x_wconf 76' lang='grc' dir='ltr'>δυσχερῶς,</span> 
     </span>
    </p>
   </div>
   <div class='ocr_carea' id='block_1_39' title="bbox 2253 1754 3894 1839">
    <p class='ocr_par' dir='ltr' id='par_1_39' title="bbox 2253 1754 3894 1839">
     <span class='ocr_line' id='line_1_39' title="bbox 2253 1754 3894 1839; baseline 0.002 -26"><span class='ocrx_word' id='word_1_277' title='bbox 2253 1759 2325 1820; x_wconf 85' lang='grc' dir='ltr'><strong>ὡς</strong></span> <span class='ocrx_word' id='word_1_278' title='bbox 2359 1758 2505 1814; x_wconf 73' lang='grc' dir='ltr'>αὐτοί</span> <span class='ocrx_word' id='word_1_279' title='bbox 2559 1780 2708 1838; x_wconf 77' lang='grc' dir='ltr'>φασι,</span> <span class='ocrx_word' id='word_1_280' title='bbox 2782 1761 2871 1815; x_wconf 82' lang='grc' dir='ltr'>καὶ</span> <span class='ocrx_word' id='word_1_281' title='bbox 2900 1761 2991 1815; x_wconf 80' lang='grc' dir='ltr'><strong>σὺν</strong></span> <span class='ocrx_word' id='word_1_282' title='bbox 3032 1762 3146 1836; x_wconf 81' lang='grc' dir='ltr'>βίᾳ,</span> <span class='ocrx_word' id='word_1_283' title='bbox 3206 1761 3314 1839; x_wconf 82' lang='grc' dir='ltr'>καὶ,</span> <span class='ocrx_word' id='word_1_284' title='bbox 3388 1760 3463 1820; x_wconf 86' lang='grc' dir='ltr'>ὡς</span> <span class='ocrx_word' id='word_1_285' title='bbox 3517 1755 3578 1811; x_wconf 75' lang='grc' dir='ltr'>ἄν</span> <span class='ocrx_word' id='word_1_286' title='bbox 3619 1776 3700 1817; x_wconf 79' lang='grc' dir='ltr'><strong>τις</strong></span> <span class='ocrx_word' id='word_1_287' title='bbox 3758 1754 3894 1832; x_wconf 76' lang='grc' dir='ltr'>ἐρεῖ,</span> 
     </span>
    </p>
   </div>
   <div class='ocr_carea' id='block_1_40' title="bbox 2252 1843 3898 1929">
    <p class='ocr_par' dir='ltr' id='par_1_40' title="bbox 2252 1843 3898 1929">
     <span class='ocr_line' id='line_1_40' title="bbox 2252 1843 3898 1929; baseline 0.01 -28"><span class='ocrx_word' id='word_1_288' title='bbox 2252 1846 2386 1902; x_wconf 76' lang='grc' dir='ltr'>κατὰ</span> <span class='ocrx_word' id='word_1_289' title='bbox 2453 1869 2571 1902; x_wconf 89' lang='grc' dir='ltr'>τινα</span> <span class='ocrx_word' id='word_1_290' title='bbox 2628 1848 2867 1904; x_wconf 82' lang='grc' dir='ltr'>ἀκούσιον</span> <span class='ocrx_word' id='word_1_291' title='bbox 2917 1849 3301 1929; x_wconf 83' lang='grc' dir='ltr'>παραχώρησιν</span> <span class='ocrx_word' id='word_1_292' title='bbox 3376 1845 3580 1912; x_wconf 74' lang='grc' dir='ltr'><strong>ἐδέξατο</strong></span> <span class='ocrx_word' id='word_1_293' title='bbox 3652 1847 3679 1900; x_wconf 80' lang='grc' dir='ltr'>δ</span> <span class='ocrx_word' id='word_1_294' title='bbox 3744 1843 3898 1921; x_wconf 72' lang='grc' dir='ltr'>ἅγιος</span> 
     </span>
    </p>
   </div>
   <div class='ocr_carea' id='block_1_41' title="bbox 2251 1932 3896 2017">
    <p class='ocr_par' dir='ltr' id='par_1_41' title="bbox 2251 1932 3896 2017">
     <span class='ocr_line' id='line_1_41' title="bbox 2251 1932 3896 2017; baseline -0.001 -28"><span class='ocrx_word' id='word_1_295' title='bbox 2251 1936 2420 1992; x_wconf 84' lang='grc' dir='ltr'>εἰπεῖν</span> <span class='ocrx_word' id='word_1_296' title='bbox 2512 1937 2574 1991; x_wconf 78' lang='grc' dir='ltr'>τὸ</span> <span class='ocrx_word' id='word_1_297' title='bbox 2662 1943 2872 2012; x_wconf 80' lang='grc' dir='ltr'>Πνεύμα</span> <span class='ocrx_word' id='word_1_298' title='bbox 2957 1936 3188 2017; x_wconf 85' lang='grc' dir='ltr'>δεύτερον</span> <span class='ocrx_word' id='word_1_299' title='bbox 3289 1939 3381 1993; x_wconf 74' lang='grc' dir='ltr'>τοῦ</span> <span class='ocrx_word' id='word_1_300' title='bbox 3449 1935 3570 1992; x_wconf 80' lang='grc' dir='ltr'>Υἱοῦ</span> <span class='ocrx_word' id='word_1_301' title='bbox 3613 1932 3896 2008; x_wconf 80' lang='grc' dir='ltr'>ἀξιώματι,</span> 
     </span>
    </p>
   </div>
   <div class='ocr_carea' id='block_1_42' title="bbox 2249 2022 3902 2094">
    <p class='ocr_par' dir='ltr' id='par_1_42' title="bbox 2249 2022 3902 2094">
     <span class='ocr_line' id='line_1_42' title="bbox 2249 2022 3902 2094; baseline 0.001 -14"><span class='ocrx_word' id='word_1_302' title='bbox 2249 2031 2363 2087; x_wconf 83' lang='grc' dir='ltr'><strong>πῶς</strong></span> <span class='ocrx_word' id='word_1_303' title='bbox 2417 2022 2500 2082; x_wconf 78' lang='grc' dir='ltr'><strong>διὰ</strong></span> <span class='ocrx_word' id='word_1_304' title='bbox 2555 2025 2652 2092; x_wconf 76' lang='grc' dir='ltr'><strong>τὴν</strong></span> <span class='ocrx_word' id='word_1_305' title='bbox 2707 2025 2804 2092; x_wconf 75' lang='grc' dir='ltr'><strong>τῆς</strong></span> <span class='ocrx_word' id='word_1_306' title='bbox 2873 2024 3079 2090; x_wconf 79' lang='grc' dir='ltr'>ἑννοίας</span> <span class='ocrx_word' id='word_1_307' title='bbox 3135 2027 3330 2094; x_wconf 85' lang='grc' dir='ltr'>ταύτης</span> <span class='ocrx_word' id='word_1_308' title='bbox 3399 2022 3732 2088; x_wconf 79' lang='grc' dir='ltr'>κατασκευὴν</span> <span class='ocrx_word' id='word_1_309' title='bbox 3800 2042 3902 2077; x_wconf 83' lang='grc' dir='ltr'>το-</span> 
     </span>
    </p>
   </div>
   <div class='ocr_carea' id='block_1_43' title="bbox 2249 2109 3898 2194">
    <p class='ocr_par' dir='ltr' id='par_1_43' title="bbox 2249 2109 3898 2194">
     <span class='ocr_line' id='line_1_43' title="bbox 2249 2109 3898 2194; baseline 0.006 -28"><span class='ocrx_word' id='word_1_310' title='bbox 2249 2118 2433 2168; x_wconf 76' lang='grc' dir='ltr'>σοῦτον</span> <span class='ocrx_word' id='word_1_311' title='bbox 2490 2111 2677 2192; x_wconf 79' lang='grc' dir='ltr'>ἐφεξῆς</span> <span class='ocrx_word' id='word_1_312' title='bbox 2731 2119 2850 2180; x_wconf 79' lang='grc' dir='ltr'>τοῖς</span> <span class='ocrx_word' id='word_1_313' title='bbox 2905 2117 3022 2194; x_wconf 86' lang='grc' dir='ltr'>περὶ</span> <span class='ocrx_word' id='word_1_314' title='bbox 3064 2121 3156 2172; x_wconf 80' lang='grc' dir='ltr'><strong>τοῦ</strong></span> <span class='ocrx_word' id='word_1_315' title='bbox 3187 2116 3241 2172; x_wconf 81' lang='grc' dir='ltr'>ἐν</span> <span class='ocrx_word' id='word_1_316' title='bbox 3310 2121 3387 2189; x_wconf 82' lang='grc' dir='ltr'><strong>τῷ</strong></span> <span class='ocrx_word' id='word_1_317' title='bbox 3438 2112 3706 2188; x_wconf 84' lang='grc' dir='ltr'>δευτερείῳ</span> <span class='ocrx_word' id='word_1_318' title='bbox 3733 2109 3898 2175; x_wconf 74' lang='grc' dir='ltr'>ἀξιώ-</span> 
     </span>
    </p>
   </div>
   <div class='ocr_carea' id='block_1_44' title="bbox 2252 2200 3902 2282">
    <p class='ocr_par' dir='ltr' id='par_1_44' title="bbox 2252 2200 3902 2282">
     <span class='ocr_line' id='line_1_44' title="bbox 2252 2200 3902 2282; baseline 0.003 -26"><span class='ocrx_word' id='word_1_319' title='bbox 2252 2223 2418 2264; x_wconf 74' lang='grc' dir='ltr'>ματος</span> <span class='ocrx_word' id='word_1_320' title='bbox 2489 2200 2870 2276; x_wconf 77' lang='grc' dir='ltr'>ἐμπλατύνεται</span> <span class='ocrx_word' id='word_1_321' title='bbox 2921 2203 3127 2282; x_wconf 85' lang='grc' dir='ltr'>λόγοις,</span> <span class='ocrx_word' id='word_1_322' title='bbox 3179 2206 3251 2268; x_wconf 84' lang='grc' dir='ltr'>ὼς</span> <span class='ocrx_word' id='word_1_323' title='bbox 3309 2203 3386 2278; x_wconf 78' lang='grc' dir='ltr'>μὴ</span> <span class='ocrx_word' id='word_1_324' title='bbox 3444 2203 3606 2278; x_wconf 84' lang='grc' dir='ltr'>μόνον</span> <span class='ocrx_word' id='word_1_325' title='bbox 3647 2203 3708 2257; x_wconf 79' lang='grc' dir='ltr'>τὸ</span> <span class='ocrx_word' id='word_1_326' title='bbox 3767 2201 3902 2278; x_wconf 78' lang='grc' dir='ltr'>πρὸς</span> 
     </span>
    </p>
   </div>
   <div class='ocr_carea' id='block_1_45' title="bbox 2250 2288 3906 2373">
    <p class='ocr_par' dir='ltr' id='par_1_45' title="bbox 2250 2288 3906 2373">
     <span class='ocr_line' id='line_1_45' title="bbox 2250 2288 3906 2373; baseline -0.001 -30"><span class='ocrx_word' id='word_1_327' title='bbox 2250 2291 2341 2344; x_wconf 79' lang='grc' dir='ltr'>τὸν</span> <span class='ocrx_word' id='word_1_328' title='bbox 2401 2290 2608 2368; x_wconf 80' lang='grc' dir='ltr'>Πατέρα</span> <span class='ocrx_word' id='word_1_329' title='bbox 2653 2288 2942 2373; x_wconf 78' lang='grc' dir='ltr'>δευτερεῖον</span> <span class='ocrx_word' id='word_1_330' title='bbox 2999 2299 3092 2349; x_wconf 81' lang='grc' dir='ltr'><strong>τοῦ</strong></span> <span class='ocrx_word' id='word_1_331' title='bbox 3163 2295 3286 2353; x_wconf 88' lang='grc' dir='ltr'>Υἷοῦ</span> <span class='ocrx_word' id='word_1_332' title='bbox 3314 2295 3385 2356; x_wconf 84' lang='grc' dir='ltr'><strong>εἰς</strong></span> <span class='ocrx_word' id='word_1_333' title='bbox 3428 2291 3782 2368; x_wconf 76' lang='grc' dir='ltr'>γατασκευὴν,</span> <span class='ocrx_word' id='word_1_334' title='bbox 3828 2291 3906 2343; x_wconf 81' lang='grc' dir='ltr'>ὧν</span> 
     </span>
    </p>
   </div>
   <div class='ocr_carea' id='block_1_46' title="bbox 2253 2376 3906 2461">
    <p class='ocr_par' dir='ltr' id='par_1_46' title="bbox 2253 2376 3906 2461">
     <span class='ocr_line' id='line_1_46' title="bbox 2253 2376 3906 2461; baseline 0.005 -29"><span class='ocrx_word' id='word_1_335' title='bbox 2253 2377 2427 2454; x_wconf 82' lang='grc' dir='ltr'>λέγειν</span> <span class='ocrx_word' id='word_1_336' title='bbox 2497 2376 2773 2460; x_wconf 80' lang='grc' dir='ltr'>ἠϐούλετο,</span> <span class='ocrx_word' id='word_1_337' title='bbox 2835 2380 3195 2461; x_wconf 81' lang='grc' dir='ltr'>παραλαϐεῖν,</span> <span class='ocrx_word' id='word_1_338' title='bbox 3251 2380 3388 2437; x_wconf 76' lang='grc' dir='ltr'>ἀλλὰ</span> <span class='ocrx_word' id='word_1_339' title='bbox 3431 2383 3516 2438; x_wconf 80' lang='grc' dir='ltr'>καὶ</span> <span class='ocrx_word' id='word_1_340' title='bbox 3570 2382 3631 2436; x_wconf 87' lang='grc' dir='ltr'>τὸ</span> <span class='ocrx_word' id='word_1_341' title='bbox 3674 2377 3906 2458; x_wconf 69' lang='grc' dir='ltr'>ὃμοφυὲς</span> 
     </span>
    </p>
   </div>
   <div class='ocr_carea' id='block_1_47' title="bbox 2253 2465 3903 2550">
    <p class='ocr_par' dir='ltr' id='par_1_47' title="bbox 2253 2465 3903 2550">
     <span class='ocr_line' id='line_1_47' title="bbox 2253 2465 3903 2550; baseline -0.001 -28"><span class='ocrx_word' id='word_1_342' title='bbox 2253 2469 2356 2522; x_wconf 83' lang='grc' dir='ltr'>τῶν</span> <span class='ocrx_word' id='word_1_343' title='bbox 2410 2466 2653 2546; x_wconf 72' lang='grc' dir='ltr'>ἂγγέλων</span> <span class='ocrx_word' id='word_1_344' title='bbox 2724 2473 3053 2550; x_wconf 88' lang='grc' dir='ltr'>προσθεῖναι,</span> <span class='ocrx_word' id='word_1_345' title='bbox 3129 2471 3216 2528; x_wconf 80' lang='grc' dir='ltr'>καὶ</span> <span class='ocrx_word' id='word_1_346' title='bbox 3283 2468 3458 2527; x_wconf 83' lang='grc' dir='ltr'>πολλὰ</span> <span class='ocrx_word' id='word_1_347' title='bbox 3513 2470 3630 2549; x_wconf 83' lang='grc' dir='ltr'>περὶ</span> <span class='ocrx_word' id='word_1_348' title='bbox 3685 2473 3790 2523; x_wconf 82' lang='grc' dir='ltr'>τῶν</span> <span class='ocrx_word' id='word_1_349' title='bbox 3847 2465 3903 2522; x_wconf 76' lang='grc' dir='ltr'>ὲν</span> 
     </span>
    </p>
   </div>
   <div class='ocr_carea' id='block_1_48' title="bbox 527 2554 2175 2639">
    <p class='ocr_par' dir='ltr' id='par_1_48' title="bbox 527 2554 2170 2635">
     <span class='ocr_line' id='line_1_48' title="bbox 527 2554 2170 2635; baseline 0 -19"><span class='ocrx_word' id='word_1_350' title='bbox 527 2555 603 2617; x_wconf 90' lang='lat' dir='ltr'><strong>de</strong></span> <span class='ocrx_word' id='word_1_351' title='bbox 633 2573 838 2616; x_wconf 91' lang='lat' dir='ltr'><strong>eorum</strong></span> <span class='ocrx_word' id='word_1_352' title='bbox 870 2554 1254 2634; x_wconf 87' lang='lat' dir='ltr'><strong>dignitatibus</strong></span> <span class='ocrx_word' id='word_1_353' title='bbox 1283 2554 1504 2634; x_wconf 90' lang='lat' dir='ltr'><strong>scripto</strong></span> <span class='ocrx_word' id='word_1_354' title='bbox 1535 2555 2170 2635; x_wconf 83' lang='lat' dir='ltr'><strong>consignaret,quous-</strong></span> 
     </span>
    </p>
   </div>
   <div class='ocr_carea' id='block_1_49' title="bbox 2258 2554 3902 2639">
    <p class='ocr_par' dir='ltr' id='par_1_49' title="bbox 2258 2554 3902 2639">
     <span class='ocr_line' id='line_1_49' title="bbox 2258 2554 3902 2639; baseline 0.001 -28"><span class='ocrx_word' id='word_1_355' title='bbox 2258 2557 2437 2620; x_wconf 76' lang='grc' dir='ltr'>αὐτοῖς</span> <span class='ocrx_word' id='word_1_356' title='bbox 2493 2554 2806 2632; x_wconf 79' lang='grc' dir='ltr'>αξιωμάτων</span> <span class='ocrx_word' id='word_1_357' title='bbox 2889 2557 3313 2638; x_wconf 79' lang='grc' dir='ltr'>λογογραφῆσαι,</span> <span class='ocrx_word' id='word_1_358' title='bbox 3381 2558 3542 2639; x_wconf 84' lang='grc' dir='ltr'>μέχρι</span> <span class='ocrx_word' id='word_1_359' title='bbox 3598 2567 3692 2616; x_wconf 80' lang='grc' dir='ltr'><strong>τοῦ</strong></span> <span class='ocrx_word' id='word_1_360' title='bbox 3760 2555 3902 2613; x_wconf 77' lang='grc' dir='ltr'>ἑπα-</span> 
     </span>
    </p>
   </div>
   <div class='ocr_carea' id='block_1_50' title="bbox 531 2642 2175 2725">
    <p class='ocr_par' dir='ltr' id='par_1_50' title="bbox 531 2642 2174 2725">
     <span class='ocr_line' id='line_1_50' title="bbox 531 2642 2174 2725; baseline -0.001 -19"><span class='ocrx_word' id='word_1_361' title='bbox 531 2662 648 2725; x_wconf 88' lang='lat' dir='ltr'><strong>que</strong></span> <span class='ocrx_word' id='word_1_362' title='bbox 664 2643 902 2706; x_wconf 87' lang='lat' dir='ltr'><strong>tandem</strong></span> <span class='ocrx_word' id='word_1_363' title='bbox 927 2652 986 2706; x_wconf 92' lang='lat' dir='ltr'><strong>et</strong></span> <span class='ocrx_word' id='word_1_364' title='bbox 1014 2642 1164 2706; x_wconf 90' lang='lat' dir='ltr'><strong>illud</strong></span> <span class='ocrx_word' id='word_1_365' title='bbox 1187 2643 1612 2723; x_wconf 86' lang='lat' dir='ltr'><strong>pronuntiaret,</strong></span> <span class='ocrx_word' id='word_1_366' title='bbox 1628 2645 1792 2706; x_wconf 83' lang='lat' dir='ltr'><strong>«Non</strong></span> <span class='ocrx_word' id='word_1_367' title='bbox 1810 2643 2174 2724; x_wconf 88' lang='lat' dir='ltr'><strong>omne,quod</strong></span> 
     </span>
    </p>
   </div>
   <div class='ocr_carea' id='block_1_51' title="bbox 2258 2642 3903 2725">
    <p class='ocr_par' dir='ltr' id='par_1_51' title="bbox 2258 2645 3903 2724">
     <span class='ocr_line' id='line_1_51' title="bbox 2258 2645 3903 2724; baseline 0 -24"><span class='ocrx_word' id='word_1_368' title='bbox 2258 2657 2469 2722; x_wconf 87' lang='grc' dir='ltr'>γαγεῖν,</span> <span class='ocrx_word' id='word_1_369' title='bbox 2509 2667 2538 2700; x_wconf 71' lang='grc' dir='ltr'><strong>α</strong></span> <span class='ocrx_word' id='word_1_370' title='bbox 2569 2648 2642 2704; x_wconf 79' lang='grc' dir='ltr'><strong>Οὐ</strong></span> <span class='ocrx_word' id='word_1_371' title='bbox 2696 2653 2824 2722; x_wconf 81' lang='grc' dir='ltr'>πᾶν,</span> <span class='ocrx_word' id='word_1_372' title='bbox 2883 2646 2935 2702; x_wconf 87' lang='grc' dir='ltr'><strong>εἴ</strong></span> <span class='ocrx_word' id='word_1_373' title='bbox 3003 2670 3052 2704; x_wconf 87' lang='grc' dir='ltr'><strong>τι</strong></span> <span class='ocrx_word' id='word_1_374' title='bbox 3108 2653 3175 2724; x_wconf 81' lang='grc' dir='ltr'><strong>τῇ</strong></span> <span class='ocrx_word' id='word_1_375' title='bbox 3214 2645 3355 2712; x_wconf 79' lang='grc' dir='ltr'>τάξει</span> <span class='ocrx_word' id='word_1_376' title='bbox 3397 2649 3484 2704; x_wconf 86' lang='grc' dir='ltr'><strong>καὶ</strong></span> <span class='ocrx_word' id='word_1_377' title='bbox 3537 2651 3613 2722; x_wconf 81' lang='grc' dir='ltr'>τῷ</span> <span class='ocrx_word' id='word_1_378' title='bbox 3642 2646 3903 2719; x_wconf 79' lang='grc' dir='ltr'>ἀξιώματι</span> 
     </span>
    </p>
   </div>
   <div class='ocr_carea' id='block_1_52' title="bbox 533 2730 2175 2816">
    <p class='ocr_par' dir='ltr' id='par_1_52' title="bbox 533 2730 2174 2811">
     <span class='ocr_line' id='line_1_52' title="bbox 533 2730 2174 2811; baseline -0.002 -16"><span class='ocrx_word' id='word_1_379' title='bbox 533 2730 744 2795; x_wconf 67' lang='lat' dir='ltr'><strong>oadine</strong></span> <span class='ocrx_word' id='word_1_380' title='bbox 765 2739 824 2794; x_wconf 91' lang='lat' dir='ltr'><strong>et</strong></span> <span class='ocrx_word' id='word_1_381' title='bbox 843 2731 1127 2811; x_wconf 89' lang='lat' dir='ltr'><strong>dignitate</strong></span> <span class='ocrx_word' id='word_1_382' title='bbox 1151 2731 1478 2794; x_wconf 86' lang='lat' dir='ltr'><strong>secundum</strong></span> <span class='ocrx_word' id='word_1_383' title='bbox 1501 2739 1602 2793; x_wconf 88' lang='lat' dir='ltr'><strong>aut</strong></span> <span class='ocrx_word' id='word_1_384' title='bbox 1631 2733 1870 2793; x_wconf 89' lang='lat' dir='ltr'><strong>tertium</strong></span> <span class='ocrx_word' id='word_1_385' title='bbox 1893 2732 2174 2808; x_wconf 91' lang='lat' dir='ltr'><strong>est,idem</strong></span> 
     </span>
    </p>
   </div>
   <div class='ocr_carea' id='block_1_53' title="bbox 2258 2730 3903 2816">
    <p class='ocr_par' dir='ltr' id='par_1_53' title="bbox 2258 2731 3903 2816">
     <span class='ocr_line' id='line_1_53' title="bbox 2258 2731 3903 2816; baseline 0.001 -28"><span class='ocrx_word' id='word_1_386' title='bbox 2258 2731 2494 2811; x_wconf 86' lang='grc' dir='ltr'>δεύτερόν</span> <span class='ocrx_word' id='word_1_387' title='bbox 2537 2734 2655 2792; x_wconf 86' lang='grc' dir='ltr'>ἀστι</span> <span class='ocrx_word' id='word_1_388' title='bbox 2693 2737 2781 2791; x_wconf 84' lang='grc' dir='ltr'>καὶ</span> <span class='ocrx_word' id='word_1_389' title='bbox 2816 2735 3013 2813; x_wconf 73' lang='grc' dir='ltr'>τρίτον,</span> <span class='ocrx_word' id='word_1_390' title='bbox 3075 2743 3226 2792; x_wconf 78' lang='grc' dir='ltr'>τοῦτο</span> <span class='ocrx_word' id='word_1_391' title='bbox 3284 2737 3372 2793; x_wconf 83' lang='grc' dir='ltr'><strong>καὶ</strong></span> <span class='ocrx_word' id='word_1_392' title='bbox 3425 2736 3524 2802; x_wconf 76' lang='grc' dir='ltr'><strong>τὴν</strong></span> <span class='ocrx_word' id='word_1_393' title='bbox 3581 2736 3732 2816; x_wconf 80' lang='grc' dir='ltr'>φύσιν</span> <span class='ocrx_word' id='word_1_394' title='bbox 3777 2733 3903 2790; x_wconf 76' lang='grc' dir='ltr'>ἐτέ-</span> 
     </span>
    </p>
   </div>
   <div class='ocr_carea' id='block_1_54' title="bbox 534 2819 2176 2884">
    <p class='ocr_par' dir='ltr' id='par_1_54' title="bbox 534 2819 2176 2884">
     <span class='ocr_line' id='line_1_54' title="bbox 534 2819 2176 2884; baseline -0.001 -1"><span class='ocrx_word' id='word_1_395' title='bbox 534 2827 593 2883; x_wconf 87' lang='lat' dir='ltr'><strong>et</strong></span> <span class='ocrx_word' id='word_1_396' title='bbox 623 2819 915 2882; x_wconf 85' lang='lat' dir='ltr'><strong>diversam</strong></span> <span class='ocrx_word' id='word_1_397' title='bbox 946 2828 1220 2883; x_wconf 90' lang='lat' dir='ltr'><strong>naturam</strong></span> <span class='ocrx_word' id='word_1_398' title='bbox 1253 2819 1476 2882; x_wconf 85' lang='lat' dir='ltr'><strong>habet?</strong></span> <span class='ocrx_word' id='word_1_399' title='bbox 1509 2845 1536 2875; x_wconf 81' lang='grc'><strong>››</strong></span> <span class='ocrx_word' id='word_1_400' title='bbox 1593 2820 1657 2884; x_wconf 90' lang='lat' dir='ltr'><strong>Si</strong></span> <span class='ocrx_word' id='word_1_401' title='bbox 1687 2829 1889 2882; x_wconf 89' lang='lat' dir='ltr'><strong>coacte</strong></span> <span class='ocrx_word' id='word_1_402' title='bbox 1935 2830 2176 2884; x_wconf 91' lang='lat' dir='ltr'><strong>sanctus</strong></span> 
     </span>
    </p>
   </div>
   <div class='ocr_carea' id='block_1_55' title="bbox 533 2908 2148 2991">
    <p class='ocr_par' dir='ltr' id='par_1_55' title="bbox 533 2908 2148 2991">
     <span class='ocr_line' id='line_1_55' title="bbox 533 2908 2148 2991; baseline 0.001 -20"><span class='ocrx_word' id='word_1_403' title='bbox 533 2908 800 2991; x_wconf 86' lang='lat' dir='ltr'><strong>dixisset,</strong></span> <span class='ocrx_word' id='word_1_404' title='bbox 824 2909 1108 2990; x_wconf 87' lang='lat' dir='ltr'><strong>Spiritum</strong></span> <span class='ocrx_word' id='word_1_405' title='bbox 1130 2909 1454 2971; x_wconf 83' lang='lat' dir='ltr'><strong>secundum</strong></span> <span class='ocrx_word' id='word_1_406' title='bbox 1480 2927 1610 2971; x_wconf 91' lang='lat' dir='ltr'><strong>esse</strong></span> <span class='ocrx_word' id='word_1_407' title='bbox 1640 2928 1674 2970; x_wconf 90' lang='lat' dir='ltr'><strong>a</strong></span> <span class='ocrx_word' id='word_1_408' title='bbox 1690 2909 1840 2972; x_wconf 90' lang='lat' dir='ltr'><strong>Filio</strong></span> <span class='ocrx_word' id='word_1_409' title='bbox 1864 2909 2148 2990; x_wconf 82' lang='lat' dir='ltr'><strong>dignitate</strong></span> 
     </span>
    </p>
   </div>
   <div class='ocr_carea' id='block_1_56' title="bbox 531 2997 2173 3080">
    <p class='ocr_par' dir='ltr' id='par_1_56' title="bbox 531 2997 2173 3080">
     <span class='ocr_line' id='line_1_56' title="bbox 531 2997 2173 3080; baseline 0 -19"><span class='ocrx_word' id='word_1_410' title='bbox 531 2997 783 3062; x_wconf 81' lang='lat' dir='ltr'><strong>fortasse</strong></span> <span class='ocrx_word' id='word_1_411' title='bbox 813 2999 994 3061; x_wconf 91' lang='lat' dir='ltr'><strong>etiam</strong></span> <span class='ocrx_word' id='word_1_412' title='bbox 1026 2999 1248 3060; x_wconf 89' lang='lat' dir='ltr'><strong>cursim</strong></span> <span class='ocrx_word' id='word_1_413' title='bbox 1307 2999 1451 3060; x_wconf 90' lang='lat' dir='ltr'><strong>illud</strong></span> <span class='ocrx_word' id='word_1_414' title='bbox 1500 2998 1913 3080; x_wconf 68' lang='lat' dir='ltr'><strong>praeteriisset,</strong></span> <span class='ocrx_word' id='word_1_415' title='bbox 1947 3007 2010 3060; x_wconf 91' lang='lat' dir='ltr'><strong>ut</strong></span> <span class='ocrx_word' id='word_1_416' title='bbox 2039 3017 2173 3061; x_wconf 91' lang='lat' dir='ltr'><strong>eum</strong></span> 
     </span>
    </p>
   </div>
   <div class='ocr_carea' id='block_1_57' title="bbox 534 3088 2176 3170">
    <p class='ocr_par' dir='ltr' id='par_1_57' title="bbox 534 3088 2176 3170">
     <span class='ocr_line' id='line_1_57' title="bbox 534 3088 2176 3170; baseline 0.002 -20"><span class='ocrx_word' id='word_1_417' title='bbox 534 3107 793 3170; x_wconf 87' lang='lat' dir='ltr'><strong>quoque,</strong></span> <span class='ocrx_word' id='word_1_418' title='bbox 819 3088 920 3170; x_wconf 89' lang='lat' dir='ltr'><strong>qui</strong></span> <span class='ocrx_word' id='word_1_419' title='bbox 949 3107 1067 3150; x_wconf 88' lang='lat' dir='ltr'><strong>non</strong></span> <span class='ocrx_word' id='word_1_420' title='bbox 1092 3089 1171 3150; x_wconf 89' lang='lat' dir='ltr'><strong>ita</strong></span> <span class='ocrx_word' id='word_1_421' title='bbox 1194 3096 1415 3151; x_wconf 87' lang='lat' dir='ltr'><strong>attente</strong></span> <span class='ocrx_word' id='word_1_422' title='bbox 1443 3106 1570 3149; x_wconf 91' lang='lat' dir='ltr'><strong>rem</strong></span> <span class='ocrx_word' id='word_1_423' title='bbox 1593 3089 2176 3160; x_wconf 78' lang='lat' dir='ltr'><strong>examinasset,falle-</strong></span> 
     </span>
    </p>
   </div>
   <div class='ocr_carea' id='block_1_58' title="bbox 532 3177 2178 3241">
    <p class='ocr_par' dir='ltr' id='par_1_58' title="bbox 532 3177 2178 3241">
     <span class='ocr_line' id='line_1_58' title="bbox 532 3177 2178 3241; baseline 0.001 -2"><span class='ocrx_word' id='word_1_424' title='bbox 532 3185 647 3240; x_wconf 89' lang='lat' dir='ltr'><strong>ret.</strong></span> <span class='ocrx_word' id='word_1_425' title='bbox 681 3177 1104 3241; x_wconf 86' lang='lat' dir='ltr'><strong>Verumtamen</strong></span> <span class='ocrx_word' id='word_1_426' title='bbox 1161 3178 1264 3241; x_wconf 88' lang='lat' dir='ltr'><strong>ille</strong></span> <span class='ocrx_word' id='word_1_427' title='bbox 1321 3177 1383 3238; x_wconf 93' lang='lat' dir='ltr'><strong>in</strong></span> <span class='ocrx_word' id='word_1_428' title='bbox 1443 3178 1861 3240; x_wconf 90' lang='lat' dir='ltr'><strong>dissertatione</strong></span> <span class='ocrx_word' id='word_1_429' title='bbox 1891 3178 1966 3238; x_wconf 89' lang='lat' dir='ltr'><strong>de</strong></span> <span class='ocrx_word' id='word_1_430' title='bbox 1996 3197 2065 3239; x_wconf 90' lang='lat' dir='ltr'><strong>eo</strong></span> <span class='ocrx_word' id='word_1_431' title='bbox 2099 3178 2178 3240; x_wconf 91' lang='lat' dir='ltr'><strong>ita</strong></span> 
     </span>
    </p>
   </div>
   <div class='ocr_carea' id='block_1_59' title="bbox 535 3266 2178 3348">
    <p class='ocr_par' dir='ltr' id='par_1_59' title="bbox 535 3266 2178 3348">
     <span class='ocr_line' id='line_1_59' title="bbox 535 3266 2178 3348; baseline -0.001 -20"><span class='ocrx_word' id='word_1_432' title='bbox 535 3267 839 3348; x_wconf 88' lang='lat' dir='ltr'><strong>perdurat,</strong></span> <span class='ocrx_word' id='word_1_433' title='bbox 869 3275 934 3330; x_wconf 92' lang='lat' dir='ltr'><strong>ut</strong></span> <span class='ocrx_word' id='word_1_434' title='bbox 959 3287 1077 3329; x_wconf 92' lang='lat' dir='ltr'><strong>non</strong></span> <span class='ocrx_word' id='word_1_435' title='bbox 1129 3274 1379 3340; x_wconf 89' lang='lat' dir='ltr'><strong>tantum,</strong></span> <span class='ocrx_word' id='word_1_436' title='bbox 1426 3277 1737 3348; x_wconf 88' lang='lat' dir='ltr'><strong>postquam</strong></span> <span class='ocrx_word' id='word_1_437' title='bbox 1770 3266 1950 3327; x_wconf 91' lang='lat' dir='ltr'><strong>multa</strong></span> <span class='ocrx_word' id='word_1_438' title='bbox 1978 3266 2051 3327; x_wconf 90' lang='lat' dir='ltr'><strong>de</strong></span> <span class='ocrx_word' id='word_1_439' title='bbox 2080 3268 2178 3327; x_wconf 91' lang='lat' dir='ltr'><strong>di-</strong></span> 
     </span>
    </p>
   </div>
   <div class='ocr_carea' id='block_1_60' title="bbox 535 3355 2178 3437">
    <p class='ocr_par' dir='ltr' id='par_1_60' title="bbox 535 3355 2178 3437">
     <span class='ocr_line' id='line_1_60' title="bbox 535 3355 2178 3437; baseline 0.001 -20"><span class='ocrx_word' id='word_1_440' title='bbox 535 3355 859 3435; x_wconf 84' lang='lat' dir='ltr'><strong>gnitatibus</strong></span> <span class='ocrx_word' id='word_1_441' title='bbox 878 3358 1226 3437; x_wconf 89' lang='lat' dir='ltr'><strong>angelorum</strong></span> <span class='ocrx_word' id='word_1_442' title='bbox 1257 3355 1977 3437; x_wconf 80' lang='lat' dir='ltr'><strong>disputasset,induceret,</strong></span> <span class='ocrx_word' id='word_1_443' title='bbox 2015 3355 2178 3418; x_wconf 71' lang='lat' dir='ltr'><strong>«Non</strong></span> 
     </span>
    </p>
   </div>
   <div class='ocr_carea' id='block_1_61' title="bbox 536 3444 2175 3526">
    <p class='ocr_par' dir='ltr' id='par_1_61' title="bbox 536 3444 2175 3526">
     <span class='ocr_line' id='line_1_61' title="bbox 536 3444 2175 3526; baseline -0.001 -19"><span class='ocrx_word' id='word_1_444' title='bbox 536 3444 803 3519; x_wconf 88' lang='lat' dir='ltr'><strong>omnino,</strong></span> <span class='ocrx_word' id='word_1_445' title='bbox 836 3445 889 3507; x_wconf 91' lang='lat' dir='ltr'><strong>si</strong></span> <span class='ocrx_word' id='word_1_446' title='bbox 917 3445 1058 3526; x_wconf 90' lang='lat' dir='ltr'><strong>quid</strong></span> <span class='ocrx_word' id='word_1_447' title='bbox 1092 3454 1182 3508; x_wconf 93' lang='lat' dir='ltr'><strong>est</strong></span> <span class='ocrx_word' id='word_1_448' title='bbox 1211 3444 1423 3507; x_wconf 88' lang='lat' dir='ltr'><strong>ordine</strong></span> <span class='ocrx_word' id='word_1_449' title='bbox 1455 3453 1512 3506; x_wconf 92' lang='lat' dir='ltr'><strong>et</strong></span> <span class='ocrx_word' id='word_1_450' title='bbox 1543 3444 1826 3524; x_wconf 88' lang='lat' dir='ltr'><strong>dignitate</strong></span> <span class='ocrx_word' id='word_1_451' title='bbox 1845 3446 2175 3507; x_wconf 91' lang='lat' dir='ltr'><strong>secundum</strong></span> 
     </span>
    </p>
   </div>
   <div class='ocr_carea' id='block_1_62' title="bbox 533 3532 2177 3609">
    <p class='ocr_par' dir='ltr' id='par_1_62' title="bbox 533 3532 2177 3609">
     <span class='ocr_line' id='line_1_62' title="bbox 533 3532 2177 3609; baseline 0 -14"><span class='ocrx_word' id='word_1_452' title='bbox 533 3539 635 3595; x_wconf 88' lang='lat' dir='ltr'><strong>aut</strong></span> <span class='ocrx_word' id='word_1_453' title='bbox 662 3532 932 3608; x_wconf 83' lang='lat' dir='ltr'><strong>tertium,</strong></span> <span class='ocrx_word' id='word_1_454' title='bbox 967 3533 1204 3595; x_wconf 87' lang='lat' dir='ltr'><strong>habebit</strong></span> <span class='ocrx_word' id='word_1_455' title='bbox 1233 3541 1292 3596; x_wconf 90' lang='lat' dir='ltr'><strong>et</strong></span> <span class='ocrx_word' id='word_1_456' title='bbox 1339 3541 1607 3595; x_wconf 90' lang='lat' dir='ltr'><strong>naturam</strong></span> <span class='ocrx_word' id='word_1_457' title='bbox 1660 3533 1975 3609; x_wconf 88' lang='lat' dir='ltr'><strong>diversam,</strong></span> <span class='ocrx_word' id='word_1_458' title='bbox 2015 3558 2038 3592; x_wconf 78' lang='grc'><strong>1)</strong></span> <span class='ocrx_word' id='word_1_459' title='bbox 2073 3534 2177 3595; x_wconf 91' lang='lat' dir='ltr'><strong>sed</strong></span> 
     </span>
    </p>
   </div>
   <div class='ocr_carea' id='block_1_63' title="bbox 540 3621 2178 3702">
    <p class='ocr_par' dir='ltr' id='par_1_63' title="bbox 540 3621 2178 3702">
     <span class='ocr_line' id='line_1_63' title="bbox 540 3621 2178 3702; baseline -0.001 -18"><span class='ocrx_word' id='word_1_460' title='bbox 540 3630 598 3684; x_wconf 92' lang='lat' dir='ltr'><strong>et</strong></span> <span class='ocrx_word' id='word_1_461' title='bbox 653 3621 858 3702; x_wconf 88' lang='lat' dir='ltr'><strong>paucis</strong></span> <span class='ocrx_word' id='word_1_462' title='bbox 897 3622 1229 3702; x_wconf 74' lang='lat' dir='ltr'><strong>interiectis</strong></span> <span class='ocrx_word' id='word_1_463' title='bbox 1278 3621 1543 3697; x_wconf 90' lang='lat' dir='ltr'><strong>adderet,</strong></span> <span class='ocrx_word' id='word_1_464' title='bbox 1605 3646 1632 3678; x_wconf 76' lang='grc' dir='ltr'><strong>σ</strong></span> <span class='ocrx_word' id='word_1_465' title='bbox 1665 3621 2178 3693; x_wconf 86' lang='lat' dir='ltr'><strong>Quemadmodum</strong></span> 
     </span>
    </p>
   </div>
   <div class='ocr_carea' id='block_1_64' title="bbox 538 3709 2180 3790">
    <p class='ocr_par' dir='ltr' id='par_1_64' title="bbox 538 3709 2180 3790">
     <span class='ocr_line' id='line_1_64' title="bbox 538 3709 2180 3790; baseline -0.001 -17"><span class='ocrx_word' id='word_1_466' title='bbox 538 3709 743 3773; x_wconf 74' lang='lat' dir='ltr'><strong>multae</strong></span> <span class='ocrx_word' id='word_1_467' title='bbox 775 3710 1112 3772; x_wconf 89' lang='lat' dir='ltr'><strong>mansiones</strong></span> <span class='ocrx_word' id='word_1_468' title='bbox 1132 3710 1290 3790; x_wconf 89' lang='lat' dir='ltr'><strong>apud</strong></span> <span class='ocrx_word' id='word_1_469' title='bbox 1313 3709 1931 3788; x_wconf 88' lang='lat' dir='ltr'><strong>Patrem,dignitatum</strong></span> <span class='ocrx_word' id='word_1_470' title='bbox 1964 3729 2180 3790; x_wconf 83' lang='lat' dir='ltr'><strong>nempe</strong></span> 
     </span>
    </p>
   </div>
   <div class='ocr_carea' id='block_1_65' title="bbox 539 3797 2178 3878">
    <p class='ocr_par' dir='ltr' id='par_1_65' title="bbox 539 3797 2178 3878">
     <span class='ocr_line' id='line_1_65' title="bbox 539 3797 2178 3878; baseline -0.002 -16"><span class='ocrx_word' id='word_1_471' title='bbox 539 3799 931 3862; x_wconf 89' lang='lat' dir='ltr'><strong>diversitates.</strong></span> <span class='ocrx_word' id='word_1_472' title='bbox 964 3797 1186 3861; x_wconf 87' lang='lat' dir='ltr'><strong>Natura</strong></span> <span class='ocrx_word' id='word_1_473' title='bbox 1213 3817 1352 3860; x_wconf 90' lang='lat' dir='ltr'><strong>vero</strong></span> <span class='ocrx_word' id='word_1_474' title='bbox 1384 3797 1598 3859; x_wconf 91' lang='lat' dir='ltr'><strong>similis</strong></span> <span class='ocrx_word' id='word_1_475' title='bbox 1629 3798 1974 3878; x_wconf 89' lang='lat' dir='ltr'><strong>eorum,qui</strong></span> <span class='ocrx_word' id='word_1_476' title='bbox 1994 3799 2178 3876; x_wconf 85' lang='lat' dir='ltr'><strong>glori-</strong></span> 
     </span>
    </p>
   </div>
   <div class='ocr_carea' id='block_1_66' title="bbox 536 3885 2183 3968">
    <p class='ocr_par' dir='ltr' id='par_1_66' title="bbox 536 3885 2183 3968">
     <span class='ocr_line' id='line_1_66' title="bbox 536 3885 2183 3968; baseline -0.002 -17"><span class='ocrx_word' id='word_1_477' title='bbox 536 3888 816 3951; x_wconf 81' lang='lat' dir='ltr'><strong>ﬁcantur.</strong></span> <span class='ocrx_word' id='word_1_478' title='bbox 834 3887 934 3951; x_wconf 90' lang='lat' dir='ltr'><strong>Sic</strong></span> <span class='ocrx_word' id='word_1_479' title='bbox 958 3887 1223 3968; x_wconf 85' lang='lat' dir='ltr'><strong>profecto</strong></span> <span class='ocrx_word' id='word_1_480' title='bbox 1255 3893 1315 3950; x_wconf 89' lang='lat' dir='ltr'><strong>et</strong></span> <span class='ocrx_word' id='word_1_481' title='bbox 1344 3885 1598 3967; x_wconf 90' lang='lat' dir='ltr'><strong>Spiritus</strong></span> <span class='ocrx_word' id='word_1_482' title='bbox 1629 3895 1870 3948; x_wconf 83' lang='lat' dir='ltr'><strong>sanctus</strong></span> <span class='ocrx_word' id='word_1_483' title='bbox 1896 3886 2183 3965; x_wconf 86' lang='lat' dir='ltr'><strong>dignitate</strong></span> 
     </span>
    </p>
   </div>
   <div class='ocr_carea' id='block_1_67' title="bbox 535 3975 2180 4059">
    <p class='ocr_par' dir='ltr' id='par_1_67' title="bbox 535 3975 2180 4059">
     <span class='ocr_line' id='line_1_67' title="bbox 535 3975 2180 4059; baseline -0.001 -20"><span class='ocrx_word' id='word_1_484' title='bbox 535 3976 781 4059; x_wconf 88' lang='lat' dir='ltr'><strong>quidem</strong></span> <span class='ocrx_word' id='word_1_485' title='bbox 806 3975 1085 4039; x_wconf 91' lang='lat' dir='ltr'><strong>etordine</strong></span> <span class='ocrx_word' id='word_1_486' title='bbox 1104 3976 1311 4039; x_wconf 90' lang='lat' dir='ltr'><strong>tertius</strong></span> <span class='ocrx_word' id='word_1_487' title='bbox 1331 3976 1800 4056; x_wconf 81' lang='lat' dir='ltr'><strong>est.Accepimus</strong></span> <span class='ocrx_word' id='word_1_488' title='bbox 1813 3976 1970 4038; x_wconf 88' lang='lat' dir='ltr'><strong>enim</strong></span> <span class='ocrx_word' id='word_1_489' title='bbox 1986 3977 2180 4056; x_wconf 91' lang='lat' dir='ltr'><strong>ipsum</strong></span> 
     </span>
    </p>
   </div>
   <div class='ocr_carea' id='block_1_68' title="bbox 2158 2960 2234 3010">
    <p class='ocr_par' dir='ltr' id='par_1_68' title="bbox 2158 2960 2234 3010">
     <span class='ocr_line' id='line_1_68' title="bbox 2158 2960 2234 3010; baseline 0 0"><span class='ocrx_word' id='word_1_490' title='bbox 2158 2960 2234 3010; x_wconf 86' lang='lat' dir='ltr'><strong>’C</strong></span> 
     </span>
    </p>
   </div>
   <div class='ocr_carea' id='block_1_69' title="bbox 2259 2820 3902 2904">
    <p class='ocr_par' dir='ltr' id='par_1_69' title="bbox 2259 2820 3902 2904">
     <span class='ocr_line' id='line_1_69' title="bbox 2259 2820 3902 2904; baseline 0 -26"><span class='ocrx_word' id='word_1_491' title='bbox 2259 2843 2349 2897; x_wconf 87' lang='grc' dir='ltr'><strong>ραν</strong></span> <span class='ocrx_word' id='word_1_492' title='bbox 2397 2820 2515 2902; x_wconf 73' lang='grc' dir='ltr'>ἔχει</span> <span class='ocrx_word' id='word_1_493' title='bbox 2562 2843 2578 2902; x_wconf 67' lang='grc' dir='ltr'>ς</span> <span class='ocrx_word' id='word_1_494' title='bbox 2666 2826 2722 2880; x_wconf 84' lang='grc' dir='ltr'><strong>Εἰ</strong></span> <span class='ocrx_word' id='word_1_495' title='bbox 2804 2831 3186 2903; x_wconf 80' lang='grc' dir='ltr'>περιστατικῶς</span> <span class='ocrx_word' id='word_1_496' title='bbox 3273 2826 3468 2904; x_wconf 77' lang='grc' dir='ltr'>εἰρήκει</span> <span class='ocrx_word' id='word_1_497' title='bbox 3535 2825 3564 2881; x_wconf 86' lang='grc' dir='ltr'><strong>ό</strong></span> <span class='ocrx_word' id='word_1_498' title='bbox 3637 2822 3784 2902; x_wconf 76' lang='grc' dir='ltr'>ἅγιος</span> <span class='ocrx_word' id='word_1_499' title='bbox 3840 2823 3902 2878; x_wconf 82' lang='grc' dir='ltr'>τὸ</span> 
     </span>
    </p>
   </div>
   <div class='ocr_carea' id='block_1_70' title="bbox 2262 2910 3903 2993">
    <p class='ocr_par' dir='ltr' id='par_1_70' title="bbox 2262 2910 3903 2993">
     <span class='ocr_line' id='line_1_70' title="bbox 2262 2910 3903 2993; baseline 0.001 -27"><span class='ocrx_word' id='word_1_500' title='bbox 2262 2917 2470 2986; x_wconf 80' lang='grc' dir='ltr'>Πνεῦμα</span> <span class='ocrx_word' id='word_1_501' title='bbox 2514 2911 2747 2992; x_wconf 84' lang='grc' dir='ltr'>δεύτερον</span> <span class='ocrx_word' id='word_1_502' title='bbox 2805 2936 2895 2979; x_wconf 88' lang='grc' dir='ltr'><strong>τος</strong></span> <span class='ocrx_word' id='word_1_503' title='bbox 2954 2916 3075 2970; x_wconf 78' lang='grc' dir='ltr'>Υἱοῦ</span> <span class='ocrx_word' id='word_1_504' title='bbox 3131 2922 3206 2990; x_wconf 83' lang='grc' dir='ltr'>τῷ</span> <span class='ocrx_word' id='word_1_505' title='bbox 3285 2914 3566 2990; x_wconf 75' lang='grc' dir='ltr'>ἀξιώματι,</span> <span class='ocrx_word' id='word_1_506' title='bbox 3623 2910 3752 2993; x_wconf 81' lang='grc' dir='ltr'>ταχ’</span> <span class='ocrx_word' id='word_1_507' title='bbox 3837 2911 3903 2968; x_wconf 63' lang='grc' dir='ltr'><strong>ἂν</strong></span> 
     </span>
    </p>
   </div>
   <div class='ocr_carea' id='block_1_71' title="bbox 2259 2999 3904 3082">
    <p class='ocr_par' dir='ltr' id='par_1_71' title="bbox 2259 2999 3904 3082">
     <span class='ocr_line' id='line_1_71' title="bbox 2259 2999 3904 3082; baseline 0.001 -26"><span class='ocrx_word' id='word_1_508' title='bbox 2259 3001 2347 3056; x_wconf 85' lang='grc' dir='ltr'><strong>καὶ</strong></span> <span class='ocrx_word' id='word_1_509' title='bbox 2387 2999 2504 3060; x_wconf 78' lang='grc' dir='ltr'>κατ’</span> <span class='ocrx_word' id='word_1_510' title='bbox 2563 3001 2852 3080; x_wconf 79' lang='grc' dir='ltr'>ἐπιδρομὴν</span> <span class='ocrx_word' id='word_1_511' title='bbox 2896 3005 3160 3082; x_wconf 80' lang='grc' dir='ltr'>παρῆλθεν</span> <span class='ocrx_word' id='word_1_512' title='bbox 3216 3006 3364 3080; x_wconf 75' lang='grc' dir='ltr'>αὐτὸ,</span> <span class='ocrx_word' id='word_1_513' title='bbox 3435 3005 3509 3068; x_wconf 80' lang='grc' dir='ltr'>ὡς</span> <span class='ocrx_word' id='word_1_514' title='bbox 3564 3005 3651 3059; x_wconf 82' lang='grc' dir='ltr'>καὶ</span> <span class='ocrx_word' id='word_1_515' title='bbox 3703 3002 3904 3058; x_wconf 88' lang='grc' dir='ltr'>λανθά-</span> 
     </span>
    </p>
   </div>
   <div class='ocr_carea' id='block_1_72' title="bbox 2260 3087 3905 3169">
    <p class='ocr_par' dir='ltr' id='par_1_72' title="bbox 2260 3087 3905 3169">
     <span class='ocr_line' id='line_1_72' title="bbox 2260 3087 3905 3169; baseline 0.001 -26"><span class='ocrx_word' id='word_1_516' title='bbox 2260 3109 2366 3143; x_wconf 88' lang='grc' dir='ltr'>νειν</span> <span class='ocrx_word' id='word_1_517' title='bbox 2409 3087 2602 3169; x_wconf 82' lang='grc' dir='ltr'>σχεδὸν</span> <span class='ocrx_word' id='word_1_518' title='bbox 2656 3098 2763 3147; x_wconf 80' lang='grc' dir='ltr'><strong>τῶν</strong></span> <span class='ocrx_word' id='word_1_519' title='bbox 2807 3091 2884 3166; x_wconf 74' lang='grc' dir='ltr'><strong>μὴ</strong></span> <span class='ocrx_word' id='word_1_520' title='bbox 2916 3093 3090 3159; x_wconf 86' lang='grc' dir='ltr'>πάντη</span> <span class='ocrx_word' id='word_1_521' title='bbox 3134 3092 3541 3168; x_wconf 81' lang='grc' dir='ltr'>ἐπεσκεμμένως</span> <span class='ocrx_word' id='word_1_522' title='bbox 3585 3092 3709 3149; x_wconf 80' lang='grc' dir='ltr'>αὐτὸ</span> <span class='ocrx_word' id='word_1_523' title='bbox 3740 3090 3905 3169; x_wconf 82' lang='grc' dir='ltr'>ἐπερ-</span> 
     </span>
    </p>
   </div>
   <div class='ocr_carea' id='block_1_73' title="bbox 2259 3171 3908 3256">
    <p class='ocr_par' dir='ltr' id='par_1_73' title="bbox 2259 3171 3908 3256">
     <span class='ocr_line' id='line_1_73' title="bbox 2259 3171 3908 3256; baseline 0.001 -22"><span class='ocrx_word' id='word_1_524' title='bbox 2259 3177 2516 3256; x_wconf 83' lang='grc' dir='ltr'>χόμενον.</span> <span class='ocrx_word' id='word_1_525' title='bbox 2579 3171 2635 3238; x_wconf 62' lang='grc' dir='ltr'><strong>Ὀ</strong></span> <span class='ocrx_word' id='word_1_526' title='bbox 2693 3179 2747 3236; x_wconf 80' lang='grc' dir='ltr'>δὲ</span> <span class='ocrx_word' id='word_1_527' title='bbox 2775 3179 2895 3237; x_wconf 70' lang='grc' dir='ltr'>ἀλλ’</span> <span class='ocrx_word' id='word_1_528' title='bbox 2943 3179 3080 3238; x_wconf 67' lang='grc' dir='ltr'>οὕτω</span> <span class='ocrx_word' id='word_1_529' title='bbox 3136 3181 3370 3256; x_wconf 79' lang='grc' dir='ltr'>ἐπιμένει</span> <span class='ocrx_word' id='word_1_530' title='bbox 3422 3194 3545 3246; x_wconf 70' lang='grc' dir='ltr'>ταῖς</span> <span class='ocrx_word' id='word_1_531' title='bbox 3600 3181 3717 3256; x_wconf 82' lang='grc' dir='ltr'>περὶ</span> <span class='ocrx_word' id='word_1_532' title='bbox 3748 3181 3908 3236; x_wconf 75' lang='grc' dir='ltr'>αὐτοῦ</span> 
     </span>
    </p>
   </div>
   <div class='ocr_carea' id='block_1_74' title="bbox 2258 3267 3907 3348">
    <p class='ocr_par' dir='ltr' id='par_1_74' title="bbox 2258 3267 3907 3348">
     <span class='ocr_line' id='line_1_74' title="bbox 2258 3267 3907 3348; baseline -0.007 -13"><span class='ocrx_word' id='word_1_533' title='bbox 2258 3267 2496 3345; x_wconf 68' lang='grc' dir='ltr'><strong>ῥήσεσιν,</strong></span> <span class='ocrx_word' id='word_1_534' title='bbox 2553 3270 2627 3332; x_wconf 78' lang='grc' dir='ltr'><strong>ὡς</strong></span> <span class='ocrx_word' id='word_1_535' title='bbox 2684 3270 2760 3342; x_wconf 78' lang='grc' dir='ltr'><strong>μὴ</strong></span> <span class='ocrx_word' id='word_1_536' title='bbox 2823 3270 2984 3343; x_wconf 91' lang='grc' dir='ltr'>μόνον</span> <span class='ocrx_word' id='word_1_537' title='bbox 3041 3271 3174 3345; x_wconf 82' lang='grc' dir='ltr'>μετὰ</span> <span class='ocrx_word' id='word_1_538' title='bbox 3201 3272 3262 3327; x_wconf 83' lang='grc' dir='ltr'>τὸ</span> <span class='ocrx_word' id='word_1_539' title='bbox 3305 3269 3478 3329; x_wconf 81' lang='grc' dir='ltr'>πολλὰ</span> <span class='ocrx_word' id='word_1_540' title='bbox 3507 3269 3907 3348; x_wconf 76' lang='grc' dir='ltr'>λογογραφῆσαι</span> 
     </span>
    </p>
   </div>
   <div class='ocr_carea' id='block_1_75' title="bbox 2258 3356 3910 3438">
    <p class='ocr_par' dir='ltr' id='par_1_75' title="bbox 2258 3356 3910 3438">
     <span class='ocr_line' id='line_1_75' title="bbox 2258 3356 3910 3438; baseline 0.001 -27"><span class='ocrx_word' id='word_1_541' title='bbox 2258 3357 2374 3432; x_wconf 87' lang='grc' dir='ltr'>περὶ</span> <span class='ocrx_word' id='word_1_542' title='bbox 2429 3357 2536 3413; x_wconf 76' lang='grc' dir='ltr'>τῶν</span> <span class='ocrx_word' id='word_1_543' title='bbox 2586 3356 2640 3412; x_wconf 81' lang='grc' dir='ltr'>ὲν</span> <span class='ocrx_word' id='word_1_544' title='bbox 2697 3356 2943 3435; x_wconf 79' lang='grc' dir='ltr'>ἀγγέλοις</span> <span class='ocrx_word' id='word_1_545' title='bbox 2999 3356 3310 3434; x_wconf 78' lang='grc' dir='ltr'>ἀξιωμάτων</span> <span class='ocrx_word' id='word_1_546' title='bbox 3364 3359 3680 3438; x_wconf 77' lang='grc' dir='ltr'>ἐπαγαγεῖν,</span> <span class='ocrx_word' id='word_1_547' title='bbox 3747 3377 3772 3412; x_wconf 80' lang='grc' dir='ltr'><strong>ιι</strong></span> <span class='ocrx_word' id='word_1_548' title='bbox 3833 3357 3910 3412; x_wconf 63' lang='lat' dir='ltr'><strong>Ob</strong></span> 
     </span>
    </p>
   </div>
   <div class='ocr_carea' id='block_1_76' title="bbox 2260 3443 3909 3524">
    <p class='ocr_par' dir='ltr' id='par_1_76' title="bbox 2260 3443 3909 3524">
     <span class='ocr_line' id='line_1_76' title="bbox 2260 3443 3909 3524; baseline 0.001 -25"><span class='ocrx_word' id='word_1_549' title='bbox 2260 3445 2470 3508; x_wconf 86' lang='grc' dir='ltr'>πάντως</span> <span class='ocrx_word' id='word_1_550' title='bbox 2529 3444 2581 3500; x_wconf 90' lang='grc' dir='ltr'><strong>εἴ</strong></span> <span class='ocrx_word' id='word_1_551' title='bbox 2635 3468 2686 3501; x_wconf 91' lang='grc' dir='ltr'><strong>τι</strong></span> <span class='ocrx_word' id='word_1_552' title='bbox 2751 3453 2820 3522; x_wconf 80' lang='grc' dir='ltr'>τῇ</span> <span class='ocrx_word' id='word_1_553' title='bbox 2863 3446 3004 3512; x_wconf 78' lang='grc' dir='ltr'>τάξει</span> <span class='ocrx_word' id='word_1_554' title='bbox 3074 3449 3162 3503; x_wconf 81' lang='grc' dir='ltr'><strong>καὶ</strong></span> <span class='ocrx_word' id='word_1_555' title='bbox 3219 3454 3294 3523; x_wconf 82' lang='grc' dir='ltr'><strong>τῷ</strong></span> <span class='ocrx_word' id='word_1_556' title='bbox 3353 3445 3609 3521; x_wconf 81' lang='grc' dir='ltr'>ἀξιώματι</span> <span class='ocrx_word' id='word_1_557' title='bbox 3667 3443 3909 3524; x_wconf 80' lang='grc' dir='ltr'>δεύτερόν</span> 
     </span>
    </p>
   </div>
   <div class='ocr_carea' id='block_1_77' title="bbox 2262 3530 3902 3616">
    <p class='ocr_par' dir='ltr' id='par_1_77' title="bbox 2262 3530 3902 3616">
     <span class='ocr_line' id='line_1_77' title="bbox 2262 3530 3902 3616; baseline 0.001 -30"><span class='ocrx_word' id='word_1_558' title='bbox 2262 3530 2369 3587; x_wconf 78' lang='grc' dir='ltr'>ἐστι</span> <span class='ocrx_word' id='word_1_559' title='bbox 2425 3535 2511 3588; x_wconf 83' lang='grc' dir='ltr'>καὶ</span> <span class='ocrx_word' id='word_1_560' title='bbox 2565 3534 2734 3612; x_wconf 87' lang='grc' dir='ltr'>τρίτον</span> <span class='ocrx_word' id='word_1_561' title='bbox 2777 3537 2951 3609; x_wconf 70' lang='grc' dir='ltr'>τοῦτο,</span> <span class='ocrx_word' id='word_1_562' title='bbox 3015 3537 3100 3592; x_wconf 65' lang='grc' dir='ltr'>οιαὶ</span> <span class='ocrx_word' id='word_1_563' title='bbox 3153 3536 3252 3603; x_wconf 77' lang='grc' dir='ltr'>τὴν</span> <span class='ocrx_word' id='word_1_564' title='bbox 3307 3537 3457 3616; x_wconf 74' lang='grc' dir='ltr'>φύσιν</span> <span class='ocrx_word' id='word_1_565' title='bbox 3486 3533 3666 3613; x_wconf 72' lang='grc' dir='ltr'>ἑτέραν</span> <span class='ocrx_word' id='word_1_566' title='bbox 3697 3531 3838 3613; x_wconf 77' lang='grc' dir='ltr'>ἔχει,</span> <span class='ocrx_word' id='word_1_567' title='bbox 3873 3556 3902 3586; x_wconf 77' lang='lat' dir='ltr'><strong>u</strong></span> 
     </span>
    </p>
   </div>
   <div class='ocr_carea' id='block_1_78' title="bbox 2263 3611 3911 3703">
    <p class='ocr_par' dir='ltr' id='par_1_78' title="bbox 2263 3611 3911 3703">
     <span class='ocr_line' id='line_1_78' title="bbox 2263 3611 3911 3703; baseline -0.001 -25"><span class='ocrx_word' id='word_1_568' title='bbox 2263 3620 2428 3678; x_wconf 83' lang='grc' dir='ltr'><strong>Ἀλλὰ</strong></span> <span class='ocrx_word' id='word_1_569' title='bbox 2479 3625 2564 3679; x_wconf 83' lang='grc' dir='ltr'>καὶ</span> <span class='ocrx_word' id='word_1_570' title='bbox 2600 3611 2760 3687; x_wconf 75' lang='grc' dir='ltr'>αὖθις</span> <span class='ocrx_word' id='word_1_571' title='bbox 2831 3623 2948 3698; x_wconf 86' lang='grc' dir='ltr'>μετ’</span> <span class='ocrx_word' id='word_1_572' title='bbox 3019 3624 3170 3702; x_wconf 81' lang='grc' dir='ltr'>ὀλίγα</span> <span class='ocrx_word' id='word_1_573' title='bbox 3226 3611 3584 3703; x_wconf 21' lang='grc' dir='ltr'>προσθεῖναι(</span> <span class='ocrx_word' id='word_1_574' title='bbox 3623 3645 3650 3677; x_wconf 78' lang='grc' dir='ltr'><strong>α</strong></span> <span class='ocrx_word' id='word_1_575' title='bbox 3689 3611 3911 3700; x_wconf 58' lang='grc' dir='ltr'>’Ὥσπερ</span> 
     </span>
    </p>
   </div>
   <div class='ocr_carea' id='block_1_79' title="bbox 2260 3709 3914 3794">
    <p class='ocr_par' dir='ltr' id='par_1_79' title="bbox 2260 3709 3914 3794">
     <span class='ocr_line' id='line_1_79' title="bbox 2260 3709 3914 3794; baseline -0.001 -28"><span class='ocrx_word' id='word_1_576' title='bbox 2260 3709 2452 3767; x_wconf 86' lang='grc' dir='ltr'>πολλαὶ</span> <span class='ocrx_word' id='word_1_577' title='bbox 2496 3714 2651 3787; x_wconf 84' lang='grc' dir='ltr'>μοναὶ</span> <span class='ocrx_word' id='word_1_578' title='bbox 2704 3735 2846 3793; x_wconf 88' lang='grc' dir='ltr'>παρα</span> <span class='ocrx_word' id='word_1_579' title='bbox 2901 3721 2976 3788; x_wconf 84' lang='grc' dir='ltr'><strong>τῷ</strong></span> <span class='ocrx_word' id='word_1_580' title='bbox 3031 3716 3213 3794; x_wconf 79' lang='grc' dir='ltr'>Πατρὶ,</span> <span class='ocrx_word' id='word_1_581' title='bbox 3287 3712 3552 3771; x_wconf 78' lang='grc' dir='ltr'>τουτέστιν</span> <span class='ocrx_word' id='word_1_582' title='bbox 3594 3710 3914 3787; x_wconf 82' lang='grc' dir='ltr'>ἀξιωμάτων</span> 
     </span>
    </p>
   </div>
   <div class='ocr_carea' id='block_1_80' title="bbox 2262 3798 3914 3880">
    <p class='ocr_par' dir='ltr' id='par_1_80' title="bbox 2262 3798 3914 3880">
     <span class='ocr_line' id='line_1_80' title="bbox 2262 3798 3914 3880; baseline 0.001 -26"><span class='ocrx_word' id='word_1_583' title='bbox 2262 3798 2502 3880; x_wconf 73' lang='grc' dir='ltr'>διαφοραί</span> <span class='ocrx_word' id='word_1_584' title='bbox 2532 3818 2550 3837; x_wconf 87' lang='grc'>⁶</span> <span class='ocrx_word' id='word_1_585' title='bbox 2615 3802 2765 3880; x_wconf 79' lang='grc' dir='ltr'>φύσις</span> <span class='ocrx_word' id='word_1_586' title='bbox 2835 3800 2889 3858; x_wconf 83' lang='grc' dir='ltr'>δὲ</span> <span class='ocrx_word' id='word_1_587' title='bbox 2934 3803 3089 3876; x_wconf 85' lang='grc' dir='ltr'>ὁμοία</span> <span class='ocrx_word' id='word_1_588' title='bbox 3145 3803 3250 3859; x_wconf 75' lang='grc' dir='ltr'>τῶν</span> <span class='ocrx_word' id='word_1_589' title='bbox 3309 3799 3661 3876; x_wconf 78' lang='grc' dir='ltr'>δοξαζομένων</span> <span class='ocrx_word' id='word_1_590' title='bbox 3697 3817 3711 3831; x_wconf 87' lang='grc'>⁶</span> <span class='ocrx_word' id='word_1_591' title='bbox 3771 3799 3914 3856; x_wconf 63' lang='grc' dir='ltr'>οὕτω</span> 
     </span>
    </p>
   </div>
   <div class='ocr_carea' id='block_1_81' title="bbox 2263 3887 3912 3968">
    <p class='ocr_par' dir='ltr' id='par_1_81' title="bbox 2263 3887 3912 3968">
     <span class='ocr_line' id='line_1_81' title="bbox 2263 3887 3912 3968; baseline 0.001 -24"><span class='ocrx_word' id='word_1_592' title='bbox 2263 3887 2507 3956; x_wconf 89' lang='grc' dir='ltr'>δηλονότι</span> <span class='ocrx_word' id='word_1_593' title='bbox 2589 3891 2676 3947; x_wconf 84' lang='grc' dir='ltr'><strong>καί</strong></span> <span class='ocrx_word' id='word_1_594' title='bbox 2770 3893 2831 3948; x_wconf 84' lang='grc' dir='ltr'>τὸ</span> <span class='ocrx_word' id='word_1_595' title='bbox 2887 3898 3097 3967; x_wconf 81' lang='grc' dir='ltr'>Πνεῦμα</span> <span class='ocrx_word' id='word_1_596' title='bbox 3179 3891 3240 3947; x_wconf 73' lang='grc' dir='ltr'>τὸ</span> <span class='ocrx_word' id='word_1_597' title='bbox 3287 3891 3439 3968; x_wconf 77' lang='grc' dir='ltr'>ἅγιον</span> <span class='ocrx_word' id='word_1_598' title='bbox 3497 3888 3751 3964; x_wconf 73' lang='grc' dir='ltr'>ἀξιώματι</span> <span class='ocrx_word' id='word_1_599' title='bbox 3809 3888 3912 3963; x_wconf 80' lang='grc' dir='ltr'>μὲν</span> 
     </span>
    </p>
   </div>
   <div class='ocr_carea' id='block_1_82' title="bbox 2264 3975 3016 4046">
    <p class='ocr_par' dir='ltr' id='par_1_82' title="bbox 2264 3975 3016 4046">
     <span class='ocr_line' id='line_1_82' title="bbox 2264 3975 3016 4046; baseline 0.001 -12"><span class='ocrx_word' id='word_1_600' title='bbox 2264 3975 2559 4045; x_wconf 79' lang='grc' dir='ltr'>ὑποϐέϐηκε</span> <span class='ocrx_word' id='word_1_601' title='bbox 2640 3981 2727 4036; x_wconf 84' lang='grc' dir='ltr'>καὶ</span> <span class='ocrx_word' id='word_1_602' title='bbox 2836 3980 2976 4046; x_wconf 80' lang='grc' dir='ltr'>τάξει</span> <span class='ocrx_word' id='word_1_603' title='bbox 3001 3997 3016 4012; x_wconf 85' lang='grc'><em>’</em></span> 
     </span>
    </p>
   </div>
   <div class='ocr_carea' id='block_1_83' title="bbox 3115 3978 3912 4058">
    <p class='ocr_par' dir='ltr' id='par_1_83' title="bbox 3115 3978 3912 4058">
     <span class='ocr_line' id='line_1_83' title="bbox 3115 3978 3912 4058; baseline -0.004 -22"><span class='ocrx_word' id='word_1_604' title='bbox 3115 3978 3516 4058; x_wconf 76' lang='grc' dir='ltr'>παρειλήφαμεν</span> <span class='ocrx_word' id='word_1_605' title='bbox 3599 3979 3698 4056; x_wconf 80' lang='grc' dir='ltr'><strong>γὰρ</strong></span> <span class='ocrx_word' id='word_1_606' title='bbox 3781 3979 3912 4034; x_wconf 70' lang='grc' dir='ltr'>αὐτὸ</span> 
     </span>
    </p>
   </div>
   <div class='ocr_carea' id='block_1_84' title="bbox 534 4063 2175 4148">
    <p class='ocr_par' dir='ltr' id='par_1_84' title="bbox 534 4063 2175 4147">
     <span class='ocr_line' id='line_1_84' title="bbox 534 4063 2175 4147; baseline -0.001 -19"><span class='ocrx_word' id='word_1_607' title='bbox 534 4067 774 4129; x_wconf 90' lang='lat' dir='ltr'><strong>tertium</strong></span> <span class='ocrx_word' id='word_1_608' title='bbox 805 4084 839 4127; x_wconf 93' lang='lat' dir='ltr'><strong>a</strong></span> <span class='ocrx_word' id='word_1_609' title='bbox 868 4063 1043 4127; x_wconf 88' lang='lat' dir='ltr'><strong>Patre</strong></span> <span class='ocrx_word' id='word_1_610' title='bbox 1071 4074 1128 4127; x_wconf 89' lang='lat' dir='ltr'><strong>et</strong></span> <span class='ocrx_word' id='word_1_611' title='bbox 1155 4064 1305 4127; x_wconf 89' lang='lat' dir='ltr'><strong>Filio</strong></span> <span class='ocrx_word' id='word_1_612' title='bbox 1329 4073 1727 4146; x_wconf 89' lang='lat' dir='ltr'><strong>numeratum,</strong></span> <span class='ocrx_word' id='word_1_613' title='bbox 1769 4084 1898 4127; x_wconf 90' lang='lat' dir='ltr'><strong>cum</strong></span> <span class='ocrx_word' id='word_1_614' title='bbox 1925 4066 2052 4147; x_wconf 88' lang='lat' dir='ltr'><strong>ipse</strong></span> <span class='ocrx_word' id='word_1_615' title='bbox 2066 4065 2175 4126; x_wconf 93' lang='lat' dir='ltr'><strong>Do-</strong></span> 
     </span>
    </p>
   </div>
   <div class='ocr_carea' id='block_1_85' title="bbox 2258 4063 3912 4148">
    <p class='ocr_par' dir='ltr' id='par_1_85' title="bbox 2267 4068 3912 4148">
     <span class='ocr_line' id='line_1_85' title="bbox 2267 4068 3912 4148; baseline 0.002 -26"><span class='ocrx_word' id='word_1_616' title='bbox 2267 4068 2436 4145; x_wconf 81' lang='grc' dir='ltr'>τρίτον</span> <span class='ocrx_word' id='word_1_617' title='bbox 2493 4070 2596 4124; x_wconf 80' lang='grc' dir='ltr'><strong>ἀπὸ</strong></span> <span class='ocrx_word' id='word_1_618' title='bbox 2661 4071 2862 4148; x_wconf 83' lang='grc' dir='ltr'>Πατρὸς</span> <span class='ocrx_word' id='word_1_619' title='bbox 2946 4071 3033 4127; x_wconf 80' lang='grc' dir='ltr'>καὶ</span> <span class='ocrx_word' id='word_1_620' title='bbox 3107 4072 3226 4126; x_wconf 79' lang='grc' dir='ltr'>Υἱοῦ</span> <span class='ocrx_word' id='word_1_621' title='bbox 3290 4068 3690 4148; x_wconf 76' lang='grc' dir='ltr'>ἀριθμούμενον,</span> <span class='ocrx_word' id='word_1_622' title='bbox 3749 4068 3912 4126; x_wconf 76' lang='grc' dir='ltr'><strong>αὒτοῦ</strong></span> 
     </span>
    </p>
   </div>
   <div class='ocr_carea' id='block_1_86' title="bbox 540 4153 2175 4238">
    <p class='ocr_par' dir='ltr' id='par_1_86' title="bbox 540 4153 2175 4235">
     <span class='ocr_line' id='line_1_86' title="bbox 540 4153 2175 4235; baseline -0.004 -15"><span class='ocrx_word' id='word_1_623' title='bbox 540 4155 742 4220; x_wconf 88' lang='lat' dir='ltr'><strong>minus</strong></span> <span class='ocrx_word' id='word_1_624' title='bbox 773 4157 835 4216; x_wconf 93' lang='lat' dir='ltr'><strong>in</strong></span> <span class='ocrx_word' id='word_1_625' title='bbox 871 4153 1187 4217; x_wconf 87' lang='lat' dir='ltr'><strong>traditione</strong></span> <span class='ocrx_word' id='word_1_626' title='bbox 1218 4155 1492 4216; x_wconf 90' lang='lat' dir='ltr'><strong>salutaris</strong></span> <span class='ocrx_word' id='word_1_627' title='bbox 1521 4153 1890 4235; x_wconf 89' lang='lat' dir='ltr'><strong>baptismatis</strong></span> <span class='ocrx_word' id='word_1_628' title='bbox 1914 4155 2175 4216; x_wconf 89' lang='lat' dir='ltr'><strong>ordinem</strong></span> 
     </span>
    </p>
   </div>
   <div class='ocr_carea' id='block_1_87' title="bbox 2258 4153 3910 4238">
    <p class='ocr_par' dir='ltr' id='par_1_87' title="bbox 2267 4157 3910 4238">
     <span class='ocr_line' id='line_1_87' title="bbox 2267 4157 3910 4238; baseline 0 -26"><span class='ocrx_word' id='word_1_629' title='bbox 2267 4166 2359 4215; x_wconf 81' lang='grc' dir='ltr'><strong>τοῦ</strong></span> <span class='ocrx_word' id='word_1_630' title='bbox 2416 4158 2601 4237; x_wconf 84' lang='grc' dir='ltr'>Κυρίου</span> <span class='ocrx_word' id='word_1_631' title='bbox 2657 4158 2708 4216; x_wconf 79' lang='grc' dir='ltr'>ὲν</span> <span class='ocrx_word' id='word_1_632' title='bbox 2779 4165 2846 4226; x_wconf 77' lang='grc' dir='ltr'>τῆ</span> <span class='ocrx_word' id='word_1_633' title='bbox 2889 4157 3171 4238; x_wconf 82' lang='grc' dir='ltr'>παραδόσει</span> <span class='ocrx_word' id='word_1_634' title='bbox 3240 4165 3334 4215; x_wconf 79' lang='grc' dir='ltr'>τοῦ</span> <span class='ocrx_word' id='word_1_635' title='bbox 3389 4157 3648 4236; x_wconf 84' lang='grc' dir='ltr'>σωτηρίου</span> <span class='ocrx_word' id='word_1_636' title='bbox 3703 4158 3910 4212; x_wconf 86' lang='grc' dir='ltr'>Βαπτί-</span> 
     </span>
    </p>
   </div>
   <div class='ocr_carea' id='block_1_88' title="bbox 536 4241 2175 4325">
    <p class='ocr_par' dir='ltr' id='par_1_88' title="bbox 536 4242 2175 4309">
     <span class='ocr_line' id='line_1_88' title="bbox 536 4242 2175 4309; baseline -0.003 0"><span class='ocrx_word' id='word_1_637' title='bbox 536 4245 873 4309; x_wconf 89' lang='lat' dir='ltr'><strong>tradiderit.</strong></span> <span class='ocrx_word' id='word_1_638' title='bbox 933 4242 1000 4304; x_wconf 92' lang='lat' dir='ltr'><strong>In</strong></span> <span class='ocrx_word' id='word_1_639' title='bbox 1059 4252 1331 4308; x_wconf 89' lang='lat' dir='ltr'><strong>naturam</strong></span> <span class='ocrx_word' id='word_1_640' title='bbox 1392 4253 1589 4305; x_wconf 90' lang='lat' dir='ltr'><strong>autem</strong></span> <span class='ocrx_word' id='word_1_641' title='bbox 1630 4244 1863 4304; x_wconf 88' lang='lat' dir='ltr'><strong>tertiam</strong></span> <span class='ocrx_word' id='word_1_642' title='bbox 1893 4262 1927 4304; x_wconf 92' lang='lat' dir='ltr'><strong>a</strong></span> <span class='ocrx_word' id='word_1_643' title='bbox 1956 4243 2102 4305; x_wconf 85' lang='lat' dir='ltr'><strong>Filio</strong></span> <span class='ocrx_word' id='word_1_644' title='bbox 2127 4251 2175 4304; x_wconf 91' lang='lat' dir='ltr'><strong>el</strong></span> 
     </span>
    </p>
   </div>
   <div class='ocr_carea' id='block_1_89' title="bbox 2258 4241 3908 4325">
    <p class='ocr_par' dir='ltr' id='par_1_89' title="bbox 2265 4241 3908 4325">
     <span class='ocr_line' id='line_1_89' title="bbox 2265 4241 3908 4325; baseline 0 -25"><span class='ocrx_word' id='word_1_645' title='bbox 2265 4267 2467 4321; x_wconf 89' lang='grc' dir='ltr'>σματος</span> <span class='ocrx_word' id='word_1_646' title='bbox 2524 4245 2958 4325; x_wconf 67' lang='grc' dir='ltr'>παραδεδωκότος</span> <span class='ocrx_word' id='word_1_647' title='bbox 3027 4252 3122 4316; x_wconf 62' lang='grc' dir='ltr'>τήν</span> <span class='ocrx_word' id='word_1_648' title='bbox 3167 4246 3309 4312; x_wconf 77' lang='grc' dir='ltr'>τάξιν</span> <span class='ocrx_word' id='word_1_649' title='bbox 3365 4248 3437 4309; x_wconf 83' lang='grc' dir='ltr'>εἷς</span> <span class='ocrx_word' id='word_1_650' title='bbox 3493 4246 3642 4324; x_wconf 76' lang='grc' dir='ltr'>φύσιν</span> <span class='ocrx_word' id='word_1_651' title='bbox 3681 4241 3734 4299; x_wconf 74' lang='grc' dir='ltr'>δὲ</span> <span class='ocrx_word' id='word_1_652' title='bbox 3788 4265 3908 4300; x_wconf 85' lang='grc' dir='ltr'>τινα</span> 
     </span>
    </p>
   </div>
   <div class='ocr_carea' id='block_1_90' title="bbox 537 4330 2175 4416">
    <p class='ocr_par' dir='ltr' id='par_1_90' title="bbox 537 4331 2171 4414">
     <span class='ocr_line' id='line_1_90' title="bbox 537 4331 2171 4414; baseline -0.008 -13"><span class='ocrx_word' id='word_1_653' title='bbox 537 4338 714 4401; x_wconf 87' lang='lat' dir='ltr'><strong>Patre</strong></span> <span class='ocrx_word' id='word_1_654' title='bbox 743 4335 1043 4414; x_wconf 88' lang='lat' dir='ltr'><strong>dejectum</strong></span> <span class='ocrx_word' id='word_1_655' title='bbox 1099 4331 1384 4414; x_wconf 90' lang='lat' dir='ltr'><strong>Spiritum</strong></span> <span class='ocrx_word' id='word_1_656' title='bbox 1433 4350 1721 4412; x_wconf 90' lang='lat' dir='ltr'><strong>nusquam</strong></span> <span class='ocrx_word' id='word_1_657' title='bbox 1755 4332 2107 4395; x_wconf 85' lang='lat' dir='ltr'><strong>audivimus.</strong></span> <span class='ocrx_word' id='word_1_658' title='bbox 2144 4356 2171 4388; x_wconf 76' lang='lat'><strong><em>»</em></strong></span> 
     </span>
    </p>
   </div>
   <div class='ocr_carea' id='block_1_91' title="bbox 2258 4330 3908 4416">
    <p class='ocr_par' dir='ltr' id='par_1_91' title="bbox 2260 4330 3908 4416">
     <span class='ocr_line' id='line_1_91' title="bbox 2260 4330 3908 4416; baseline -0.001 -27"><span class='ocrx_word' id='word_1_659' title='bbox 2260 4336 2438 4413; x_wconf 85' lang='grc' dir='ltr'>τρίτην</span> <span class='ocrx_word' id='word_1_660' title='bbox 2497 4335 2602 4391; x_wconf 81' lang='grc' dir='ltr'>ἀπό</span> <span class='ocrx_word' id='word_1_661' title='bbox 2671 4336 2790 4392; x_wconf 79' lang='grc' dir='ltr'>Υἱοῦ</span> <span class='ocrx_word' id='word_1_662' title='bbox 2853 4338 2939 4393; x_wconf 83' lang='grc' dir='ltr'>καὶ</span> <span class='ocrx_word' id='word_1_663' title='bbox 3005 4338 3207 4416; x_wconf 83' lang='grc' dir='ltr'>Πατρὸς</span> <span class='ocrx_word' id='word_1_664' title='bbox 3245 4332 3630 4409; x_wconf 71' lang='grc' dir='ltr'>ἐκϐαλὶόμενον</span> <span class='ocrx_word' id='word_1_665' title='bbox 3681 4330 3908 4406; x_wconf 73' lang='grc' dir='ltr'>οὖδαμοῦ</span> 
     </span>
    </p>
   </div>
   <div class='ocr_carea' id='block_1_92' title="bbox 537 4421 2178 4502">
    <p class='ocr_par' dir='ltr' id='par_1_92' title="bbox 537 4421 2178 4502">
     <span class='ocr_line' id='line_1_92' title="bbox 537 4421 2178 4502; baseline -0.004 -14"><span class='ocrx_word' id='word_1_666' title='bbox 537 4424 787 4488; x_wconf 82' lang='lat' dir='ltr'><strong>Huncne</strong></span> <span class='ocrx_word' id='word_1_667' title='bbox 817 4425 878 4484; x_wconf 89' lang='lat' dir='ltr'><strong>in</strong></span> <span class='ocrx_word' id='word_1_668' title='bbox 911 4422 1176 4502; x_wconf 90' lang='lat' dir='ltr'><strong>modum,</strong></span> <span class='ocrx_word' id='word_1_669' title='bbox 1210 4421 1310 4502; x_wconf 91' lang='lat' dir='ltr'><strong>qui</strong></span> <span class='ocrx_word' id='word_1_670' title='bbox 1340 4421 1614 4501; x_wconf 87' lang='lat' dir='ltr'><strong>dogmata</strong></span> <span class='ocrx_word' id='word_1_671' title='bbox 1659 4421 1913 4496; x_wconf 90' lang='lat' dir='ltr'><strong>tradunt,</strong></span> <span class='ocrx_word' id='word_1_672' title='bbox 1950 4421 2008 4482; x_wconf 89' lang='lat' dir='ltr'><strong>in</strong></span> <span class='ocrx_word' id='word_1_673' title='bbox 2043 4440 2178 4483; x_wconf 90' lang='lat' dir='ltr'><strong>ser-</strong></span> 
     </span>
    </p>
   </div>
   <div class='ocr_carea' id='block_1_93' title="bbox 539 4511 2178 4591">
    <p class='ocr_par' dir='ltr' id='par_1_93' title="bbox 539 4511 2178 4591">
     <span class='ocr_line' id='line_1_93' title="bbox 539 4511 2178 4591; baseline -0.002 -16"><span class='ocrx_word' id='word_1_674' title='bbox 539 4531 749 4578; x_wconf 87' lang='lat' dir='ltr'><strong>mones</strong></span> <span class='ocrx_word' id='word_1_675' title='bbox 799 4511 1202 4586; x_wconf 81' lang='lat' dir='ltr'><strong>eﬂ&#39;unduntur,</strong></span> <span class='ocrx_word' id='word_1_676' title='bbox 1262 4529 1396 4572; x_wconf 91' lang='lat' dir='ltr'><strong>cum</strong></span> <span class='ocrx_word' id='word_1_677' title='bbox 1453 4511 1745 4572; x_wconf 89' lang='lat' dir='ltr'><strong>violenter</strong></span> <span class='ocrx_word' id='word_1_678' title='bbox 1775 4519 1948 4591; x_wconf 89' lang='lat' dir='ltr'><strong>atque</strong></span> <span class='ocrx_word' id='word_1_679' title='bbox 1979 4519 2178 4574; x_wconf 86' lang='lat' dir='ltr'><strong>coacte</strong></span> 
     </span>
    </p>
   </div>
   <div class='ocr_carea' id='block_1_94' title="bbox 537 4599 2178 4679">
    <p class='ocr_par' dir='ltr' id='par_1_94' title="bbox 537 4599 2178 4679">
     <span class='ocr_line' id='line_1_94' title="bbox 537 4599 2178 4679; baseline -0.003 -13"><span class='ocrx_word' id='word_1_680' title='bbox 537 4603 612 4666; x_wconf 93' lang='lat' dir='ltr'><strong>de</strong></span> <span class='ocrx_word' id='word_1_681' title='bbox 641 4602 761 4666; x_wconf 91' lang='lat' dir='ltr'><strong>illis</strong></span> <span class='ocrx_word' id='word_1_682' title='bbox 789 4601 905 4664; x_wconf 90' lang='lat' dir='ltr'><strong>sibi</strong></span> <span class='ocrx_word' id='word_1_683' title='bbox 929 4619 1268 4664; x_wconf 84' lang='lat' dir='ltr'><strong>sermonem</strong></span> <span class='ocrx_word' id='word_1_684' title='bbox 1305 4599 1554 4662; x_wconf 85' lang='lat' dir='ltr'><strong>concedi</strong></span> <span class='ocrx_word' id='word_1_685' title='bbox 1602 4600 2017 4679; x_wconf 82' lang='lat' dir='ltr'><strong>cognoscunt?</strong></span> <span class='ocrx_word' id='word_1_686' title='bbox 2046 4601 2178 4663; x_wconf 91' lang='lat' dir='ltr'><strong>Non</strong></span> 
     </span>
    </p>
   </div>
   <div class='ocr_carea' id='block_1_95' title="bbox 534 4689 2178 4772">
    <p class='ocr_par' dir='ltr' id='par_1_95' title="bbox 534 4689 2178 4772">
     <span class='ocr_line' id='line_1_95' title="bbox 534 4689 2178 4772; baseline -0.003 -16"><span class='ocrx_word' id='word_1_687' title='bbox 534 4700 625 4772; x_wconf 87' lang='lat' dir='ltr'><strong>est</strong></span> <span class='ocrx_word' id='word_1_688' title='bbox 651 4696 937 4768; x_wconf 84' lang='lat' dir='ltr'><strong>hoc,non,</strong></span> <span class='ocrx_word' id='word_1_689' title='bbox 972 4689 1231 4752; x_wconf 88' lang='lat' dir='ltr'><strong>Facilius</strong></span> <span class='ocrx_word' id='word_1_690' title='bbox 1262 4689 1423 4751; x_wconf 90' lang='lat' dir='ltr'><strong>enim</strong></span> <span class='ocrx_word' id='word_1_691' title='bbox 1455 4706 1587 4752; x_wconf 91' lang='lat' dir='ltr'><strong>esse</strong></span> <span class='ocrx_word' id='word_1_692' title='bbox 1619 4698 1859 4751; x_wconf 89' lang='lat' dir='ltr'><strong>sanctus</strong></span> <span class='ocrx_word' id='word_1_693' title='bbox 1881 4690 2178 4769; x_wconf 89' lang='lat' dir='ltr'><strong>expediis-</strong></span> 
     </span>
    </p>
   </div>
   <div class='ocr_carea' id='block_1_96' title="bbox 533 4777 2176 4860">
    <p class='ocr_par' dir='ltr' id='par_1_96' title="bbox 533 4777 2176 4860">
     <span class='ocr_line' id='line_1_96' title="bbox 533 4777 2176 4860; baseline -0.003 -16"><span class='ocrx_word' id='word_1_694' title='bbox 533 4789 647 4859; x_wconf 88' lang='lat' dir='ltr'><strong>set,</strong></span> <span class='ocrx_word' id='word_1_695' title='bbox 673 4784 1090 4845; x_wconf 90' lang='lat' dir='ltr'><strong>demonstrans</strong></span> <span class='ocrx_word' id='word_1_696' title='bbox 1119 4779 1262 4842; x_wconf 82' lang='lat' dir='ltr'><strong>falsa</strong></span> <span class='ocrx_word' id='word_1_697' title='bbox 1289 4797 1742 4852; x_wconf 43' lang='lat' dir='ltr'><strong>asserere‘eum,</strong></span> <span class='ocrx_word' id='word_1_698' title='bbox 1761 4777 1861 4858; x_wconf 90' lang='lat' dir='ltr'><strong>qui</strong></span> <span class='ocrx_word' id='word_1_699' title='bbox 1893 4778 2176 4860; x_wconf 90' lang='lat' dir='ltr'><strong>Spiritum</strong></span> 
     </span>
    </p>
   </div>
   <div class='ocr_carea' id='block_1_97' title="bbox 537 4867 2173 4947">
    <p class='ocr_par' dir='ltr' id='par_1_97' title="bbox 537 4867 2173 4947">
     <span class='ocr_line' id='line_1_97' title="bbox 537 4867 2173 4947; baseline -0.004 -13"><span class='ocrx_word' id='word_1_700' title='bbox 537 4872 867 4934; x_wconf 89' lang='lat' dir='ltr'><strong>secundum</strong></span> <span class='ocrx_word' id='word_1_701' title='bbox 918 4889 953 4932; x_wconf 91' lang='lat' dir='ltr'><strong>a</strong></span> <span class='ocrx_word' id='word_1_702' title='bbox 981 4868 1130 4933; x_wconf 90' lang='lat' dir='ltr'><strong>Filio</strong></span> <span class='ocrx_word' id='word_1_703' title='bbox 1180 4868 1394 4930; x_wconf 89' lang='lat' dir='ltr'><strong>ordine</strong></span> <span class='ocrx_word' id='word_1_704' title='bbox 1421 4876 1479 4929; x_wconf 89' lang='lat' dir='ltr'><strong>et</strong></span> <span class='ocrx_word' id='word_1_705' title='bbox 1506 4867 1790 4947; x_wconf 88' lang='lat' dir='ltr'><strong>dignitate</strong></span> <span class='ocrx_word' id='word_1_706' title='bbox 1821 4867 2173 4942; x_wconf 82' lang='lat' dir='ltr'><strong>afﬁrmabat,</strong></span> 
     </span>
    </p>
   </div>
   <div class='ocr_carea' id='block_1_98' title="bbox 535 4955 2174 5042">
    <p class='ocr_par' dir='ltr' id='par_1_98' title="bbox 535 4955 2174 5042">
     <span class='ocr_line' id='line_1_98' title="bbox 535 4955 2174 5042; baseline -0.003 -19"><span class='ocrx_word' id='word_1_707' title='bbox 535 4978 713 5042; x_wconf 87' lang='lat' dir='ltr'><strong>quam</strong></span> <span class='ocrx_word' id='word_1_708' title='bbox 747 4959 797 5020; x_wconf 92' lang='lat' dir='ltr'><strong>si</strong></span> <span class='ocrx_word' id='word_1_709' title='bbox 825 4955 1408 5039; x_wconf 89' lang='lat' dir='ltr'><strong>admittensSpiritus</strong></span> <span class='ocrx_word' id='word_1_710' title='bbox 1428 4975 1461 5018; x_wconf 91' lang='lat' dir='ltr'><strong>a</strong></span> <span class='ocrx_word' id='word_1_711' title='bbox 1476 4956 1625 5019; x_wconf 87' lang='lat' dir='ltr'><strong>Filio</strong></span> <span class='ocrx_word' id='word_1_712' title='bbox 1651 4964 1844 5036; x_wconf 87' lang='lat' dir='ltr'><strong>partes</strong></span> <span class='ocrx_word' id='word_1_713' title='bbox 1863 4957 2174 5033; x_wconf 87' lang='lat' dir='ltr'><strong>secundas,</strong></span> 
     </span>
    </p>
   </div>
   <div class='ocr_carea' id='block_1_99' title="bbox 533 5045 2172 5128">
    <p class='ocr_par' dir='ltr' id='par_1_99' title="bbox 533 5045 2172 5128">
     <span class='ocr_line' id='line_1_99' title="bbox 533 5045 2172 5128; baseline -0.004 -16"><span class='ocrx_word' id='word_1_714' title='bbox 533 5064 916 5128; x_wconf 87' lang='lat' dir='ltr'><strong>summopere</strong></span> <span class='ocrx_word' id='word_1_715' title='bbox 937 5045 1372 5128; x_wconf 85' lang='lat' dir='ltr'><strong>elaboraret,ad</strong></span> <span class='ocrx_word' id='word_1_716' title='bbox 1387 5045 1534 5108; x_wconf 90' lang='lat' dir='ltr'><strong>illud</strong></span> <span class='ocrx_word' id='word_1_717' title='bbox 1563 5048 2172 5120; x_wconf 88' lang='lat' dir='ltr'><strong>commonstrandum,</strong></span> 
     </span>
    </p>
   </div>
   <div class='ocr_carea' id='block_1_100' title="bbox 533 5133 2178 5221">
    <p class='ocr_par' dir='ltr' id='par_1_100' title="bbox 533 5133 2178 5221">
     <span class='ocr_line' id='line_1_100' title="bbox 533 5133 2178 5221; baseline -0.003 -20"><span class='ocrx_word' id='word_1_718' title='bbox 533 5153 790 5221; x_wconf 79' lang='lat' dir='ltr'><strong>quanam</strong></span> <span class='ocrx_word' id='word_1_719' title='bbox 837 5134 1068 5198; x_wconf 89' lang='lat' dir='ltr'><strong>ratione</strong></span> <span class='ocrx_word' id='word_1_720' title='bbox 1113 5135 1270 5216; x_wconf 90' lang='lat' dir='ltr'><strong>quod</strong></span> <span class='ocrx_word' id='word_1_721' title='bbox 1300 5144 1391 5198; x_wconf 91' lang='lat' dir='ltr'><strong>est</strong></span> <span class='ocrx_word' id='word_1_722' title='bbox 1421 5133 1632 5197; x_wconf 89' lang='lat' dir='ltr'><strong>ordine</strong></span> <span class='ocrx_word' id='word_1_723' title='bbox 1663 5142 1721 5195; x_wconf 91' lang='lat' dir='ltr'><strong>et</strong></span> <span class='ocrx_word' id='word_1_724' title='bbox 1764 5135 2047 5214; x_wconf 84' lang='lat' dir='ltr'><strong>dignitate</strong></span> <span class='ocrx_word' id='word_1_725' title='bbox 2078 5153 2178 5196; x_wconf 92' lang='lat' dir='ltr'><strong>se-</strong></span> 
     </span>
    </p>
   </div>
   <div class='ocr_carea' id='block_1_101' title="bbox 534 5223 2053 5301">
    <p class='ocr_par' dir='ltr' id='par_1_101' title="bbox 534 5223 2053 5301">
     <span class='ocr_line' id='line_1_101' title="bbox 534 5223 2053 5301; baseline -0.003 -8"><span class='ocrx_word' id='word_1_726' title='bbox 534 5225 818 5301; x_wconf 87' lang='lat' dir='ltr'><strong>cundum,</strong></span> <span class='ocrx_word' id='word_1_727' title='bbox 851 5243 972 5287; x_wconf 90' lang='lat' dir='ltr'><strong>non</strong></span> <span class='ocrx_word' id='word_1_728' title='bbox 997 5223 1156 5286; x_wconf 89' lang='lat' dir='ltr'><strong>idem</strong></span> <span class='ocrx_word' id='word_1_729' title='bbox 1188 5235 1348 5288; x_wconf 91' lang='lat' dir='ltr'><strong>esset</strong></span> <span class='ocrx_word' id='word_1_730' title='bbox 1377 5233 1434 5288; x_wconf 87' lang='lat' dir='ltr'><strong>et</strong></span> <span class='ocrx_word' id='word_1_731' title='bbox 1463 5233 1673 5286; x_wconf 87' lang='lat' dir='ltr'><strong>natura</strong></span> <span class='ocrx_word' id='word_1_732' title='bbox 1700 5224 2053 5289; x_wconf 82' lang='lat' dir='ltr'><strong>secundum.</strong></span> 
     </span>
    </p>
   </div>
   <div class='ocr_carea' id='block_1_102' title="bbox 614 5311 2179 5395">
    <p class='ocr_par' dir='ltr' id='par_1_102' title="bbox 614 5311 2179 5395">
     <span class='ocr_line' id='line_1_102' title="bbox 614 5311 2179 5395; baseline -0.003 -18"><span class='ocrx_word' id='word_1_733' title='bbox 614 5319 676 5379; x_wconf 86' lang='grc'><strong>4.</strong></span> <span class='ocrx_word' id='word_1_734' title='bbox 708 5312 814 5376; x_wconf 84' lang='lat' dir='ltr'><strong>His</strong></span> <span class='ocrx_word' id='word_1_735' title='bbox 847 5315 1045 5395; x_wconf 88' lang='lat' dir='ltr'><strong>itaque</strong></span> <span class='ocrx_word' id='word_1_736' title='bbox 1078 5311 1455 5376; x_wconf 84' lang='lat' dir='ltr'><strong>mendacium</strong></span> <span class='ocrx_word' id='word_1_737' title='bbox 1485 5319 1686 5393; x_wconf 89' lang='lat' dir='ltr'><strong>aperte</strong></span> <span class='ocrx_word' id='word_1_738' title='bbox 1711 5311 2179 5393; x_wconf 89' lang='lat' dir='ltr'><strong>deprehenditur</strong></span> 
     </span>
    </p>
   </div>
   <div class='ocr_carea' id='block_1_103' title="bbox 532 5401 2176 5482">
    <p class='ocr_par' dir='ltr' id='par_1_103' title="bbox 532 5401 2176 5482">
     <span class='ocr_line' id='line_1_103' title="bbox 532 5401 2176 5482; baseline -0.005 -13"><span class='ocrx_word' id='word_1_739' title='bbox 532 5401 927 5469; x_wconf 88' lang='lat' dir='ltr'><strong>asserentium</strong></span> <span class='ocrx_word' id='word_1_740' title='bbox 959 5409 1214 5464; x_wconf 88' lang='lat' dir='ltr'><strong>asancto</strong></span> <span class='ocrx_word' id='word_1_741' title='bbox 1239 5401 1587 5466; x_wconf 88' lang='lat' dir='ltr'><strong>adverbium</strong></span> <span class='ocrx_word' id='word_1_742' title='bbox 1606 5403 1858 5478; x_wconf 79' lang='lat' dir='ltr'><strong>fortasse</strong></span> <span class='ocrx_word' id='word_1_743' title='bbox 1875 5401 2029 5482; x_wconf 90' lang='lat' dir='ltr'><strong>quod</strong></span> <span class='ocrx_word' id='word_1_744' title='bbox 2054 5401 2176 5462; x_wconf 66' lang='lat' dir='ltr'><strong>ha:-</strong></span> 
     </span>
    </p>
   </div>
   <div class='ocr_carea' id='block_1_104' title="bbox 533 5489 2180 5575">
    <p class='ocr_par' dir='ltr' id='par_1_104' title="bbox 533 5489 2180 5575">
     <span class='ocr_line' id='line_1_104' title="bbox 533 5489 2180 5575; baseline -0.005 -17"><span class='ocrx_word' id='word_1_745' title='bbox 533 5493 870 5558; x_wconf 89' lang='lat' dir='ltr'><strong>sitationem</strong></span> <span class='ocrx_word' id='word_1_746' title='bbox 887 5491 1554 5575; x_wconf 85' lang='lat' dir='ltr'><strong>ingenerat,appositum</strong></span> <span class='ocrx_word' id='word_1_747' title='bbox 1581 5489 2000 5553; x_wconf 86' lang='lat' dir='ltr'><strong>fuisse.Totum</strong></span> <span class='ocrx_word' id='word_1_748' title='bbox 2021 5489 2180 5551; x_wconf 90' lang='lat' dir='ltr'><strong>enim</strong></span> 
     </span>
    </p>
   </div>
   <div class='ocr_carea' id='block_1_105' title="bbox 534 5578 2182 5657">
    <p class='ocr_par' dir='ltr' id='par_1_105' title="bbox 534 5578 2182 5657">
     <span class='ocr_line' id='line_1_105' title="bbox 534 5578 2182 5657; baseline -0.004 -10"><span class='ocrx_word' id='word_1_749' title='bbox 534 5585 640 5654; x_wconf 85' lang='lat' dir='ltr'><strong>ille</strong></span> <span class='ocrx_word' id='word_1_750' title='bbox 689 5579 952 5645; x_wconf 89' lang='lat' dir='ltr'><strong>studium</strong></span> <span class='ocrx_word' id='word_1_751' title='bbox 982 5578 1322 5643; x_wconf 82' lang='lat' dir='ltr'><strong>conferebat</strong></span> <span class='ocrx_word' id='word_1_752' title='bbox 1351 5599 1552 5657; x_wconf 85' lang='lat' dir='ltr'><strong>suum,</strong></span> <span class='ocrx_word' id='word_1_753' title='bbox 1595 5579 1668 5642; x_wconf 90' lang='lat' dir='ltr'><strong>ad</strong></span> <span class='ocrx_word' id='word_1_754' title='bbox 1700 5578 1848 5640; x_wconf 90' lang='lat' dir='ltr'><strong>illud</strong></span> <span class='ocrx_word' id='word_1_755' title='bbox 1891 5578 2182 5642; x_wconf 88' lang='lat' dir='ltr'><strong>amolien-</strong></span> 
     </span>
    </p>
   </div>
   <div class='ocr_carea' id='block_1_106' title="bbox 2262 4419 3908 4501">
    <p class='ocr_par' dir='ltr' id='par_1_106' title="bbox 2262 4419 3908 4501">
     <span class='ocr_line' id='line_1_106' title="bbox 2262 4419 3908 4501; baseline -0.002 -22"><span class='ocrx_word' id='word_1_756' title='bbox 2262 4425 2666 4499; x_wconf 75' lang='grc' dir='ltr'>μεμαθήκαμεν,</span> <span class='ocrx_word' id='word_1_757' title='bbox 2704 4448 2731 4480; x_wconf 78' lang='lat'>»</span> <span class='ocrx_word' id='word_1_758' title='bbox 2819 4424 2968 4483; x_wconf 67' lang='grc' dir='ltr'>Οὕτω</span> <span class='ocrx_word' id='word_1_759' title='bbox 3046 4439 3169 4488; x_wconf 84' lang='grc' dir='ltr'>ταῖς</span> <span class='ocrx_word' id='word_1_760' title='bbox 3252 4425 3462 4501; x_wconf 75' lang='grc' dir='ltr'>ῥήσεσιν</span> <span class='ocrx_word' id='word_1_761' title='bbox 3547 4425 3594 4478; x_wconf 82' lang='grc' dir='ltr'>οἱ</span> <span class='ocrx_word' id='word_1_762' title='bbox 3649 4419 3908 4498; x_wconf 86' lang='grc' dir='ltr'>δογματί-</span> 
     </span>
    </p>
   </div>
   <div class='ocr_carea' id='block_1_107' title="bbox 2261 4511 3909 4588">
    <p class='ocr_par' dir='ltr' id='par_1_107' title="bbox 2261 4511 3909 4588">
     <span class='ocr_line' id='line_1_107' title="bbox 2261 4511 3909 4588; baseline -0.004 -20"><span class='ocrx_word' id='word_1_763' title='bbox 2261 4519 2436 4582; x_wconf 84' lang='grc' dir='ltr'>ζοντες</span> <span class='ocrx_word' id='word_1_764' title='bbox 2480 4511 2917 4588; x_wconf 79' lang='grc' dir='ltr'>ἐμπλατύνονται,</span> <span class='ocrx_word' id='word_1_765' title='bbox 2991 4519 3081 4578; x_wconf 81' lang='grc' dir='ltr'>αἷς</span> <span class='ocrx_word' id='word_1_766' title='bbox 3141 4516 3174 4582; x_wconf 80' lang='grc' dir='ltr'>ἡ</span> <span class='ocrx_word' id='word_1_767' title='bbox 3229 4514 3366 4570; x_wconf 80' lang='grc' dir='ltr'>κατὰ</span> <span class='ocrx_word' id='word_1_768' title='bbox 3422 4513 3482 4568; x_wconf 88' lang='grc' dir='ltr'>τὸ</span> <span class='ocrx_word' id='word_1_769' title='bbox 3552 4511 3720 4586; x_wconf 86' lang='grc' dir='ltr'>βίαιον</span> <span class='ocrx_word' id='word_1_770' title='bbox 3776 4532 3909 4588; x_wconf 79' lang='grc' dir='ltr'>συγ-</span> 
     </span>
    </p>
   </div>
   <div class='ocr_carea' id='block_1_108' title="bbox 2260 4588 3909 4682">
    <p class='ocr_par' dir='ltr' id='par_1_108' title="bbox 2260 4588 3909 4682">
     <span class='ocr_line' id='line_1_108' title="bbox 2260 4588 3909 4682; baseline -0.002 -26"><span class='ocrx_word' id='word_1_771' title='bbox 2260 4600 2503 4681; x_wconf 86' lang='grc' dir='ltr'>χώρησις</span> <span class='ocrx_word' id='word_1_772' title='bbox 2563 4601 2807 4682; x_wconf 68' lang='grc' dir='ltr'>ἕνεστινς</span> <span class='ocrx_word' id='word_1_773' title='bbox 2871 4603 2978 4660; x_wconf 70' lang='grc' dir='ltr'><strong>Οὐκ</strong></span> <span class='ocrx_word' id='word_1_774' title='bbox 3034 4602 3141 4659; x_wconf 75' lang='grc' dir='ltr'>ἔστι</span> <span class='ocrx_word' id='word_1_775' title='bbox 3199 4611 3375 4670; x_wconf 78' lang='grc' dir='ltr'>τοῦτο,</span> <span class='ocrx_word' id='word_1_776' title='bbox 3430 4602 3523 4657; x_wconf 74' lang='grc' dir='ltr'>οὐκ</span> <span class='ocrx_word' id='word_1_777' title='bbox 3577 4597 3707 4659; x_wconf 76' lang='grc' dir='ltr'>ἔστι.</span> <span class='ocrx_word' id='word_1_778' title='bbox 3760 4588 3909 4668; x_wconf 75' lang='grc' dir='ltr'>Ῥᾷον</span> 
     </span>
    </p>
   </div>
   <div class='ocr_carea' id='block_1_109' title="bbox 2261 4685 3906 4768">
    <p class='ocr_par' dir='ltr' id='par_1_109' title="bbox 2261 4685 3906 4768">
     <span class='ocr_line' id='line_1_109' title="bbox 2261 4685 3906 4768; baseline -0.002 -23"><span class='ocrx_word' id='word_1_779' title='bbox 2261 4690 2359 4768; x_wconf 83' lang='grc' dir='ltr'>γὰρ</span> <span class='ocrx_word' id='word_1_780' title='bbox 2404 4689 2466 4746; x_wconf 81' lang='grc' dir='ltr'><strong>ἂν</strong></span> <span class='ocrx_word' id='word_1_781' title='bbox 2538 4692 2601 4766; x_wconf 74' lang='grc' dir='ltr'>ᾖν</span> <span class='ocrx_word' id='word_1_782' title='bbox 2656 4698 2731 4765; x_wconf 85' lang='grc' dir='ltr'>τῷ</span> <span class='ocrx_word' id='word_1_783' title='bbox 2774 4690 2906 4766; x_wconf 86' lang='grc' dir='ltr'>ἁλίῳ</span> <span class='ocrx_word' id='word_1_784' title='bbox 2947 4694 3038 4748; x_wconf 84' lang='grc' dir='ltr'>τὸν</span> <span class='ocrx_word' id='word_1_785' title='bbox 3097 4691 3277 4768; x_wconf 78' lang='grc' dir='ltr'>ἀγῶνα</span> <span class='ocrx_word' id='word_1_786' title='bbox 3348 4691 3518 4746; x_wconf 88' lang='grc' dir='ltr'>πάντα</span> <span class='ocrx_word' id='word_1_787' title='bbox 3568 4685 3906 4765; x_wconf 75' lang='grc' dir='ltr'>ἒνδείξκσθαι,</span> 
     </span>
    </p>
   </div>
   <div class='ocr_carea' id='block_1_110' title="bbox 2260 4773 3910 4858">
    <p class='ocr_par' dir='ltr' id='par_1_110' title="bbox 2260 4773 3910 4858">
     <span class='ocr_line' id='line_1_110' title="bbox 2260 4773 3910 4858; baseline -0.004 -23"><span class='ocrx_word' id='word_1_788' title='bbox 2260 4780 2389 4858; x_wconf 77' lang='grc' dir='ltr'>προς</span> <span class='ocrx_word' id='word_1_789' title='bbox 2461 4781 2522 4836; x_wconf 83' lang='grc' dir='ltr'>τὸ</span> <span class='ocrx_word' id='word_1_790' title='bbox 2585 4777 2855 4845; x_wconf 78' lang='grc' dir='ltr'>ἀποδεῖξαι</span> <span class='ocrx_word' id='word_1_791' title='bbox 2921 4779 3239 4856; x_wconf 75' lang='grc' dir='ltr'>ψευδόμενον</span> <span class='ocrx_word' id='word_1_792' title='bbox 3296 4781 3384 4835; x_wconf 71' lang='grc' dir='ltr'><strong>τὸν</strong></span> <span class='ocrx_word' id='word_1_793' title='bbox 3436 4779 3496 4833; x_wconf 82' lang='grc' dir='ltr'><strong>τὸ</strong></span> <span class='ocrx_word' id='word_1_794' title='bbox 3556 4779 3768 4850; x_wconf 74' lang='grc' dir='ltr'>Πνεῦμα</span> <span class='ocrx_word' id='word_1_795' title='bbox 3799 4773 3910 4830; x_wconf 80' lang='grc' dir='ltr'>δεύ-</span> 
     </span>
    </p>
   </div>
   <div class='ocr_carea' id='block_1_111' title="bbox 2258 4863 3906 4948">
    <p class='ocr_par' dir='ltr' id='par_1_111' title="bbox 2258 4863 3906 4948">
     <span class='ocr_line' id='line_1_111' title="bbox 2258 4863 3906 4948; baseline -0.003 -25"><span class='ocrx_word' id='word_1_796' title='bbox 2258 4890 2409 4948; x_wconf 88' lang='grc' dir='ltr'>τερον</span> <span class='ocrx_word' id='word_1_797' title='bbox 2450 4879 2543 4929; x_wconf 78' lang='grc' dir='ltr'><strong>τοῦ</strong></span> <span class='ocrx_word' id='word_1_798' title='bbox 2625 4873 2744 4928; x_wconf 81' lang='grc' dir='ltr'>Υἱοῦ</span> <span class='ocrx_word' id='word_1_799' title='bbox 2826 4869 2964 4936; x_wconf 82' lang='grc' dir='ltr'>τάξει</span> <span class='ocrx_word' id='word_1_800' title='bbox 3046 4892 3103 4926; x_wconf 92' lang='grc' dir='ltr'><strong>τε</strong></span> <span class='ocrx_word' id='word_1_801' title='bbox 3175 4871 3263 4926; x_wconf 80' lang='grc' dir='ltr'>καὶ</span> <span class='ocrx_word' id='word_1_802' title='bbox 3319 4867 3576 4942; x_wconf 74' lang='grc' dir='ltr'>ἀξιώματι</span> <span class='ocrx_word' id='word_1_803' title='bbox 3659 4863 3906 4943; x_wconf 76' lang='grc' dir='ltr'>λέγοντα,</span> 
     </span>
    </p>
   </div>
   <div class='ocr_carea' id='block_1_112' title="bbox 2260 4952 3911 5039">
    <p class='ocr_par' dir='ltr' id='par_1_112' title="bbox 2260 4952 3911 5039">
     <span class='ocr_line' id='line_1_112' title="bbox 2260 4952 3911 5039; baseline -0.007 -22"><span class='ocrx_word' id='word_1_804' title='bbox 2260 4958 2294 5025; x_wconf 72' lang='grc' dir='ltr'>ἢ</span> <span class='ocrx_word' id='word_1_805' title='bbox 2353 4955 2618 5034; x_wconf 80' lang='grc' dir='ltr'>δεξαμένῳ</span> <span class='ocrx_word' id='word_1_806' title='bbox 2655 4961 2716 5015; x_wconf 83' lang='grc' dir='ltr'>τὸ</span> <span class='ocrx_word' id='word_1_807' title='bbox 2773 4962 2902 5039; x_wconf 85' lang='grc' dir='ltr'>πρὸς</span> <span class='ocrx_word' id='word_1_808' title='bbox 2959 4961 3049 5015; x_wconf 84' lang='grc' dir='ltr'>τὸν</span> <span class='ocrx_word' id='word_1_809' title='bbox 3111 4962 3230 5015; x_wconf 77' lang='grc' dir='ltr'><strong>Υἱὸν</strong></span> <span class='ocrx_word' id='word_1_810' title='bbox 3279 4956 3569 5034; x_wconf 78' lang='grc' dir='ltr'>δευτερεῖον</span> <span class='ocrx_word' id='word_1_811' title='bbox 3610 4960 3700 5010; x_wconf 80' lang='grc' dir='ltr'>τοῦ</span> <span class='ocrx_word' id='word_1_812' title='bbox 3751 4952 3911 5008; x_wconf 79' lang='grc' dir='ltr'>Πνεύο</span> 
     </span>
    </p>
   </div>
   <div class='ocr_carea' id='block_1_113' title="bbox 2263 5041 3910 5126">
    <p class='ocr_par' dir='ltr' id='par_1_113' title="bbox 2263 5041 3910 5126">
     <span class='ocr_line' id='line_1_113' title="bbox 2263 5041 3910 5126; baseline -0.004 -24"><span class='ocrx_word' id='word_1_813' title='bbox 2263 5069 2452 5125; x_wconf 81' lang='grc' dir='ltr'>ματος,</span> <span class='ocrx_word' id='word_1_814' title='bbox 2514 5046 2694 5104; x_wconf 78' lang='grc' dir='ltr'>ἔπειτα</span> <span class='ocrx_word' id='word_1_815' title='bbox 2775 5047 3017 5126; x_wconf 85' lang='grc' dir='ltr'>μεγάλην</span> <span class='ocrx_word' id='word_1_816' title='bbox 3101 5049 3366 5104; x_wconf 83' lang='grc' dir='ltr'>ποιεῖσθαι</span> <span class='ocrx_word' id='word_1_817' title='bbox 3455 5041 3710 5116; x_wconf 74' lang='grc' dir='ltr'>σπουδὴν,</span> <span class='ocrx_word' id='word_1_818' title='bbox 3796 5041 3910 5103; x_wconf 77' lang='grc' dir='ltr'><strong>πῶς</strong></span> 
     </span>
    </p>
   </div>
   <div class='ocr_carea' id='block_1_114' title="bbox 2261 5126 3908 5216">
    <p class='ocr_par' dir='ltr' id='par_1_114' title="bbox 2261 5126 3908 5216">
     <span class='ocr_line' id='line_1_114' title="bbox 2261 5126 3908 5216; baseline -0.004 -26"><span class='ocrx_word' id='word_1_819' title='bbox 2261 5133 2321 5192; x_wconf 79' lang='grc' dir='ltr'><strong>ἂν</strong></span> <span class='ocrx_word' id='word_1_820' title='bbox 2369 5134 2708 5216; x_wconf 76' lang='grc' dir='ltr'>ἀποδειχθείη</span> <span class='ocrx_word' id='word_1_821' title='bbox 2767 5139 2829 5193; x_wconf 84' lang='grc' dir='ltr'>τὸ</span> <span class='ocrx_word' id='word_1_822' title='bbox 2868 5145 2936 5214; x_wconf 79' lang='grc' dir='ltr'><strong>τῇ</strong></span> <span class='ocrx_word' id='word_1_823' title='bbox 2997 5136 3136 5202; x_wconf 79' lang='grc' dir='ltr'>τάξει</span> <span class='ocrx_word' id='word_1_824' title='bbox 3201 5137 3289 5192; x_wconf 84' lang='grc' dir='ltr'>καὶ</span> <span class='ocrx_word' id='word_1_825' title='bbox 3343 5141 3420 5208; x_wconf 87' lang='grc' dir='ltr'>τῷ</span> <span class='ocrx_word' id='word_1_826' title='bbox 3475 5130 3732 5207; x_wconf 75' lang='grc' dir='ltr'>ἀξιώματι</span> <span class='ocrx_word' id='word_1_827' title='bbox 3789 5126 3908 5185; x_wconf 80' lang='grc' dir='ltr'>δεύ-</span> 
     </span>
    </p>
   </div>
   <div class='ocr_carea' id='block_1_115' title="bbox 2261 5223 3390 5305">
    <p class='ocr_par' dir='ltr' id='par_1_115' title="bbox 2261 5223 3390 5305">
     <span class='ocr_line' id='line_1_115' title="bbox 2261 5223 3390 5305; baseline 0.001 -25"><span class='ocrx_word' id='word_1_828' title='bbox 2261 5245 2408 5298; x_wconf 89' lang='grc' dir='ltr'>τερον</span> <span class='ocrx_word' id='word_1_829' title='bbox 2436 5224 2512 5299; x_wconf 78' lang='grc' dir='ltr'>μὴ</span> <span class='ocrx_word' id='word_1_830' title='bbox 2545 5225 2631 5280; x_wconf 82' lang='grc' dir='ltr'>καὶ</span> <span class='ocrx_word' id='word_1_831' title='bbox 2661 5231 2727 5302; x_wconf 79' lang='grc' dir='ltr'><strong>τῇ</strong></span> <span class='ocrx_word' id='word_1_832' title='bbox 2781 5227 2928 5305; x_wconf 75' lang='grc' dir='ltr'>φύσει</span> <span class='ocrx_word' id='word_1_833' title='bbox 2959 5224 3194 5304; x_wconf 80' lang='grc' dir='ltr'>δεύτερον</span> <span class='ocrx_word' id='word_1_834' title='bbox 3225 5223 3390 5281; x_wconf 77' lang='grc' dir='ltr'>εἶναι.</span> 
     </span>
    </p>
   </div>
   <div class='ocr_carea' id='block_1_116' title="bbox 2341 5301 3912 5391">
    <p class='ocr_par' dir='ltr' id='par_1_116' title="bbox 2341 5301 3912 5391">
     <span class='ocr_line' id='line_1_116' title="bbox 2341 5301 3912 5391; baseline -0.004 -24"><span class='ocrx_word' id='word_1_835' title='bbox 2341 5301 2411 5370; x_wconf 71' lang='grc' dir='ltr'><strong>δ’.</strong></span> <span class='ocrx_word' id='word_1_836' title='bbox 2450 5313 2545 5368; x_wconf 78' lang='grc' dir='ltr'><strong>Διὰ</strong></span> <span class='ocrx_word' id='word_1_837' title='bbox 2594 5320 2717 5391; x_wconf 81' lang='grc' dir='ltr'>γοῦν</span> <span class='ocrx_word' id='word_1_838' title='bbox 2794 5301 2956 5371; x_wconf 76' lang='grc' dir='ltr'>ταυτα</span> <span class='ocrx_word' id='word_1_839' title='bbox 3013 5317 3072 5370; x_wconf 84' lang='grc' dir='ltr'>τὸ</span> <span class='ocrx_word' id='word_1_840' title='bbox 3106 5301 3116 5304; x_wconf 39' lang='grc'><strong><em>-</em></strong></span> <span class='ocrx_word' id='word_1_841' title='bbox 3157 5311 3344 5388; x_wconf 77' lang='grc' dir='ltr'>ψευδος</span> <span class='ocrx_word' id='word_1_842' title='bbox 3401 5307 3664 5388; x_wconf 83' lang='grc' dir='ltr'>πρόδηλον</span> <span class='ocrx_word' id='word_1_843' title='bbox 3714 5304 3912 5375; x_wconf 80' lang='grc' dir='ltr'>ἀπελή-</span> 
     </span>
    </p>
   </div>
   <div class='ocr_carea' id='block_1_117' title="bbox 2261 5397 3909 5481">
    <p class='ocr_par' dir='ltr' id='par_1_117' title="bbox 2261 5397 3909 5481">
     <span class='ocr_line' id='line_1_117' title="bbox 2261 5397 3909 5481; baseline -0.004 -25"><span class='ocrx_word' id='word_1_844' title='bbox 2261 5401 2476 5479; x_wconf 84' lang='grc' dir='ltr'>λεγκται</span> <span class='ocrx_word' id='word_1_845' title='bbox 2554 5409 2660 5458; x_wconf 85' lang='grc' dir='ltr'>τῶν</span> <span class='ocrx_word' id='word_1_846' title='bbox 2719 5402 2983 5481; x_wconf 87' lang='grc' dir='ltr'>λεγόντων</span> <span class='ocrx_word' id='word_1_847' title='bbox 3039 5403 3178 5481; x_wconf 74' lang='grc' dir='ltr'>παρὰ</span> <span class='ocrx_word' id='word_1_848' title='bbox 3256 5406 3348 5457; x_wconf 78' lang='grc' dir='ltr'>τοῦ</span> <span class='ocrx_word' id='word_1_849' title='bbox 3439 5397 3589 5476; x_wconf 78' lang='grc' dir='ltr'>ἁγίου</span> <span class='ocrx_word' id='word_1_850' title='bbox 3655 5397 3909 5475; x_wconf 75' lang='grc' dir='ltr'>εἰρῆσθαι,</span> 
     </span>
    </p>
   </div>
   <div class='ocr_carea' id='block_1_118' title="bbox 2263 5485 3914 5572">
    <p class='ocr_par' dir='ltr' id='par_1_118' title="bbox 2263 5485 3914 5572">
     <span class='ocr_line' id='line_1_118' title="bbox 2263 5485 3914 5572; baseline -0.005 -26"><span class='ocrx_word' id='word_1_851' title='bbox 2263 5493 2322 5547; x_wconf 80' lang='grc' dir='ltr'>τὸ</span> <span class='ocrx_word' id='word_1_852' title='bbox 2393 5487 2747 5572; x_wconf 79' lang='grc' dir='ltr'>διστακτικὸν,</span> <span class='ocrx_word' id='word_1_853' title='bbox 2810 5491 2968 5566; x_wconf 88' lang='grc' dir='ltr'>ἴσως,</span> <span class='ocrx_word' id='word_1_854' title='bbox 3053 5490 3339 5570; x_wconf 77' lang='grc' dir='ltr'>ἐπίῤῥημα.</span> <span class='ocrx_word' id='word_1_855' title='bbox 3406 5492 3558 5544; x_wconf 85' lang='grc' dir='ltr'>Πᾶσα</span> <span class='ocrx_word' id='word_1_856' title='bbox 3615 5486 3716 5563; x_wconf 71' lang='grc' dir='ltr'><strong>γὰρ</strong></span> <span class='ocrx_word' id='word_1_857' title='bbox 3775 5485 3914 5556; x_wconf 80' lang='grc' dir='ltr'><strong>αὒτῷ</strong></span> 
     </span>
    </p>
   </div>
   <div class='ocr_carea' id='block_1_119' title="bbox 2264 5574 3913 5660">
    <p class='ocr_par' dir='ltr' id='par_1_119' title="bbox 2264 5574 3913 5660">
     <span class='ocr_line' id='line_1_119' title="bbox 2264 5574 3913 5660; baseline -0.004 -24"><span class='ocrx_word' id='word_1_858' title='bbox 2264 5582 2299 5649; x_wconf 78' lang='grc' dir='ltr'>ἡ</span> <span class='ocrx_word' id='word_1_859' title='bbox 2330 5577 2532 5648; x_wconf 79' lang='grc' dir='ltr'>σπουδὴ</span> <span class='ocrx_word' id='word_1_860' title='bbox 2594 5583 2723 5660; x_wconf 85' lang='grc' dir='ltr'>πρὸς</span> <span class='ocrx_word' id='word_1_861' title='bbox 2783 5582 2842 5638; x_wconf 79' lang='grc' dir='ltr'>τὸ</span> <span class='ocrx_word' id='word_1_862' title='bbox 2900 5581 3042 5660; x_wconf 74' lang='grc' dir='ltr'>παρὰ</span> <span class='ocrx_word' id='word_1_863' title='bbox 3101 5587 3190 5637; x_wconf 75' lang='grc' dir='ltr'>τοῦ</span> <span class='ocrx_word' id='word_1_864' title='bbox 3252 5575 3709 5656; x_wconf 82' lang='grc' dir='ltr'>Πνευματομάχου</span> <span class='ocrx_word' id='word_1_865' title='bbox 3759 5574 3913 5631; x_wconf 70' lang='grc' dir='ltr'>Εὔνο-</span> 
     </span>
    </p>
   </div>
  </div>
