4178 6286
464 304 577 375 187

1527 320 1794 386 JOANN.
1843 316 2060 382 VECCI
2103 312 2216 376 GP.
2262 314 2776 381 PATRIARCHE

3728 306 3846 375 488

463 465 655 531 passo,
689 457 752 512 ut
772 451 1093 514 necessitas
1146 452 1313 514 illum
1356 451 1773 532 compellebat,
1819 448 2101 511 adversus

2187 445 2258 513 ὡς
2322 446 2384 510 ἅν
2452 450 2486 516 ἡ
2559 451 2713 531 χρεία
2799 452 2954 507 αὐτὸν
3049 448 3479 528 κατηνάγκασεν,
3548 448 3676 527 πρὸς
3744 444 3842 509 τάς

463 548 810 611 enascentes
841 541 1100 603 haereses
1130 540 1562 603 decertantem.
1599 564 1628 597 ιο
1671 540 1740 604 Et
1772 541 1834 602 bi
1864 538 2106 620 quidem

462 626 584 689 haec
612 627 908 704 inquiunt.

539 715 598 780 2.
633 720 756 781 Nos
780 737 917 780 vero
942 718 1225 780 adversus
1256 736 1461 779 eorum
1498 717 1785 779 eﬂ‘renem
1819 716 2106 797 impetum

458 803 685 866 obviam
723 814 956 879 euntes,
985 826 1102 867 non
1132 809 1217 868 sic
1254 805 1611 885 simpliciter
1644 813 1702 866 et
1733 824 1805 866 ex
1857 805 2106 866 aliarum

460 892 1042 974 dictionum,scripto
1075 895 1483 956 mandatarnm
1516 894 2006 975 collectione,sed
2040 912 2109 955 ex

454 980 658 1041 eadem
695 982 817 1060 ipsa
842 984 964 1061 jam
1019 983 1255 1043 laudata
1304 984 1570 1044 oratione
1614 990 1840 1044 tantum
1866 983 2106 1044 menda-

459 1068 612 1129 cium
641 1087 775 1130 esse
805 1071 1197 1132 refellendum
1248 1071 1647 1137 decernimus.
1685 1080 1742 1131 et
1775 1072 1957 1133 simili
2010 1090 2107 1133 ra-

461 1157 640 1218 tione.
680 1158 1018 1220 Dividamus
1035 1160 1318 1220 orationis
1348 1169 1873 1240 seumentum,qun
1895 1162 2109 1221 adver-

459 1246 595 1306 sarii
630 1246 786 1308 ducti
822 1248 1349 1326 pronuntiant,non
1383 1249 1581 1311 omnia
1611 1250 2108 1328 theologicadicta

462 1337 655 1412 magni
686 1336 862 1397 Basili
896 1338 1237 1400 ﬁrmitatem
1273 1338 1511 1408 habere,
1573 1347 1629 1399 et
1688 1339 1958 1419 praesenti
1997 1341 2104 1401 hoc

461 1433 665 1485 nostro
696 1444 976 1487 sermone
1004 1427 1374 1489 referamus:
1411 1435 1531 1488 tum
1566 1436 1765 1507 postea
1789 1446 1916 1508 qua
1943 1429 2016 1489 de
2041 1448 2110 1489 ea

462 1511 633 1574 nobis
663 1513 955 1589 videntur,
989 1534 1363 1597 regeremus,
1387 1516 1473 1577 sic
1507 1516 1839 1577 auditorum
1860 1517 2070 1577 rectitu
2092 1548 2107 1556 -

459 1600 582 1660 dini
615 1601 1078 1675 decernendum,
1115 1604 1545 1685 relinquemus.
1582 1625 1652 1667 an
1685 1607 1886 1666 omnia
1914 1608 2108 1685 magni

2188 538 2324 594 κατά
2382 540 2564 618 καιρὸν
2619 537 2840 618 αἱρέσεις
2908 538 3319 618 ἀγωνιζόμενον.
3375 559 3399 596 ι
3460 539 3562 596 Καὶ
3643 539 3691 594 οἱ
3748 535 3847 611 μὲν

2188 647 2374 689 ταυτα,

2268 705 2344 792 β’,
2385 705 2576 791 Ἠμεϊς
2647 714 2723 791 δὲ,
2793 718 2923 797 πρὸς
2952 717 3052 783 τὴν
3107 716 3362 797 ἀχάλινον
3424 716 3594 791 ὁρμὴν
3649 713 3848 771 τούτων

2190 805 2603 885 ἀντιφερόμενοι,
2639 803 2749 862 δεῖν
2781 805 3018 884 ἔγνωμεν
3078 806 3155 881 μὴ
3215 804 3401 868 ἅπλῶς
3456 802 3593 862 οὕτω
3646 803 3733 859 καὶ
3788 799 3844 867 ἐξ

2190 893 2374 972 ἐράνου
2454 892 2629 949 ἄλλων
2699 895 2902 972 ῥήσεων
2972 900 3270 974 γραφικῶν,
3356 892 3478 949 ἀλλ’
3571 890 3623 958 ἐξ
3692 890 3848 947 αὒτοῦ

2190 981 2390 1040 ἐκείνου
2448 990 2540 1040 τοῦ
2589 982 2835 1060 ῥηθέντος
2888 981 3049 1059 λόγου
3102 983 3192 1039 τὸν
3238 980 3465 1061 ἔλεγχον
3522 988 3612 1038 τοῦ
3692 978 3847 1033 τόσου

2190 1068 2410 1145 ψεύῖους
2466 1073 2784 1140 ποιήσασθαι
2819 1089 2837 1107 ·
2910 1072 3228 1141 ποιήσασθαι
3287 1068 3341 1125 δὲ
3399 1068 3534 1126 οὕτω
3566 1087 3580 1099 '
3641 1064 3847 1123 Διελεϊν

2189 1167 2284 1232 μέν
2316 1160 2412 1226 τὴν
2441 1168 2533 1218 τοῦ
2578 1157 2740 1237 λόγου
2793 1159 3109 1238 περικοπὴν,
3182 1157 3233 1224 ἐξ
3263 1162 3328 1227 ἧς
3398 1170 3512 1221 τοῖς
3569 1154 3635 1211 δι’
3691 1154 3848 1211 ἐναν-

2187 1248 2301 1310 τίας
2357 1249 2526 1303 εἰπεῖν
2584 1247 2769 1325 γέγονε
2826 1248 2902 1323 μὴ
2959 1246 3071 1303 δεῖν
3124 1248 3218 1311 τὰς
3307 1247 3515 1310 ἀπάσας
3574 1242 3847 1321 θεολογίας

2189 1343 2280 1391 τοῦ
2336 1334 2568 1415 μεγάλου
2624 1335 2901 1395 Βασιλείου
2971 1337 3033 1392 τὸ
3099 1334 3315 1412 βέϐαιον
3371 1334 3544 1415 ἔχειν,
3615 1333 3704 1388 καὶ
3773 1337 3850 1404 τῷ

2191 1425 2409 1503 παρόντι
2467 1423 2612 1504 λόγῳ
2681 1426 2878 1493 ταύτην
2950 1425 3377 1504 ἐγκαταστρῶσαι
3413 1443 3428 1457 ⁸
3488 1420 3841 1500 ἀπολογήσα-

2192 1519 2307 1572 σθαι
2338 1514 2392 1572 δὲ
2448 1517 2514 1572 τά
2557 1515 2640 1572 ἐπὶ
2682 1518 2847 1593 ταύτῃ
2903 1515 3152 1573 δοκοῦντα
3206 1517 3365 1595 ἡμῖν,
3409 1516 3495 1572 καὶ
3545 1512 3682 1569 οὕτω
3740 1516 3840 1578 τῆς

2190 1606 2295 1661 τῶν
2351 1608 2619 1685 ἀκροατῶν
2706 1606 2993 1684 ἀναρτῆσαι
3066 1605 3344 1671 εὐθύτητος
3400 1603 3461 1660 τὸ
3531 1600 3838 1679 διαγνῶναι,

458 1686 657 1775 Basilii
686 1688 842 1749 dicta
874 1691 1204 1770 theologica
1236 1693 1578 1756 ﬁrmitatem
1639 1693 1916 1763 habeant,
1950 1696 2101 1775 quod

2194 1693 2309 1771 εἷ’γε
2366 1691 2429 1761 δὴ
2489 1696 2566 1768 μὴ
2621 1696 2683 1750 τὸ
2738 1693 2948 1770 βέϐαιον
3017 1695 3108 1756 τάς
3167 1693 3374 1757 ἀπάσας
3445 1698 3538 1748 τοῦ
3609 1689 3847 1769 μεγάλω

458 1774 558 1863 ille
591 1776 947 1838 dictionibus
981 1798 1125 1841 usus
1154 1788 1245 1841 est
1272 1781 1386 1841 alio
1441 1790 1614 1862 atque
1661 1782 1777 1843 alio
1837 1792 2108 1863 tempore

458 1862 727 1939 diversis,
762 1868 830 1926 ad
847 1887 1042 1929 versus
1073 1877 1301 1930 exortas
1345 1870 1527 1931 certis
1585 1862 2106 1952 temporibusbae-

457 1971 620 2015 reses
650 1955 984 2018 decertans.
1021 1959 1092 2019 Et
1140 1958 1263 2037 jam
1323 1959 1434 2019 hoc
1490 1958 1682 2040 ipsum
1733 1968 2103 2034 praestantes,

456 2044 738 2130 orationis
770 2054 1143 2123 segmentum
1170 2047 1583 2110 exscribimus.
1625 2074 1650 2103 «
1690 2049 1881 2125 Atque
1918 2069 2106 2130 quan-

456 2129 553 2219 diu
589 2133 826 2211 quidem
852 2134 1132 2195 adversus
1163 2147 1591 2215 consurgentes
1612 2136 1786 2198 variis
1815 2129 2105 2219 tempori-

457 2216 566 2278 bus
594 2222 785 2282 varias
816 2223 1228 2284 haeretictu'um
1259 2224 1542 2285 factiones
1575 2216 1953 2304 pugnandum
1971 2227 2098 2301 fuit,

456 2325 726 2382 eorum,a
747 2310 964 2390 quibus
987 2312 1046 2372 in
1062 2320 1361 2374 certamen
1383 2314 1831 2393 provocabar,in
1851 2315 2102 2376 dicendo

455 2396 584 2476 styli
616 2398 877 2477 vestigiis
899 2399 1582 2481 insistens,consequens
1606 2421 1735 2463 esse
1748 2402 2100 2475 arbitrabar,

454 2493 515 2546 ut
549 2482 603 2546 ei
637 2488 951 2567 impietatis
984 2489 1156 2569 pesti,
1192 2507 1364 2569 quam
1424 2489 1693 2551 diabolus
1752 2491 2098 2572 seminaret,

453 2575 722 2653 ejusdem
750 2576 1208 2657 modiopposilis
1231 2578 1343 2658 ipsi
1362 2578 1660 2640 vocabulis
1684 2578 1911 2639 obviam
1932 2580 2099 2655 irem,

455 2670 513 2722 et
543 2662 1021 2743 maledicta,quaa
1044 2669 1099 2726 in
1124 2669 1308 2729 Deum
1338 2665 1477 2727 inde
1508 2676 1896 2728 nascerentur
1917 2669 2108 2748 repri-

455 2752 801 2827 merem,vel
835 2754 1009 2815 etiam
1045 2754 1277 2833 penitus
1306 2755 1648 2816 refutarem'
1688 2765 1746 2816 et
1776 2757 1908 2818 aliis
1929 2756 2097 2831 alias,

452 2848 624 2918 prout
655 2840 929 2903 videlicet
962 2842 1256 2904 haereseos
1287 2843 1490 2905 morbo
1540 2844 1930 2905 laborantium
1983 2846 2099 2906 uti-

451 2929 582 2992 litas
641 2933 980 2993 necessario
1031 2932 1339 2994 videbatur
1398 2935 1718 3014 postulare,
1774 2943 1949 3015 atque
2008 2935 2099 2996 his

2194 1781 2463 1838 Βασίλείου
2535 1782 2681 1861 ἔχειν
2765 1782 3057 1861 θεολογιας,
3130 1780 3214 1837 διὰ
3269 1783 3330 1837 τὸ
3388 1780 3586 1847 λέξεσιν
3642 1779 3849 1837 ἐκεῖνον

2193 1872 2489 1951 χρήσασθαι
2533 1870 2721 1927 ἄλλοτε
2780 1869 2964 1935 ἄλλαις
3037 1872 3168 1949 πρὸς
3220 1871 3313 1935 τὰς
3358 1871 3492 1926 κατὰ
3548 1870 3729 1947 καιρὸν
3760 1869 3848 1923 αἱ·

2192 1959 2358 2036 ρέσεις
2421 1960 2830 2038 ἀγωνιζόμενον.
2881 1962 2981 2017 Καὶ
3019 1957 3083 2028 δὴ
3139 1966 3292 2016 τουτο
3348 1968 3640 2025 ποιοῦντες,
3708 1954 3847 2013 οὕτω

2190 2051 2285 2117 τὴν
2353 2049 2600 2115 τοιαύτην
2657 2059 2750 2107 τοῦ
2817 2047 2977 2128 λόγου
3046 2050 3340 2122 περικοπὴν
3394 2045 3485 2103 ὠᾶ
3540 2045 3847 2121 ἐκτιθέμεθα

2197 2160 2220 2194 tt
2259 2128 2409 2202 “Em;
2483 2138 2579 2212 μὲν
2643 2138 2732 2193 οὗν
2791 2138 3129 2215 ἀγωνίζεσθαι
3186 2138 3315 2214 πρὸς
3385 2137 3479 2200 τάς
3550 2135 3837 2217 ἐπανιστέ-

2188 2226 2343 2301 μένας
2386 2226 2520 2281 κατά
2594 2227 2775 2303 καιρὸν
2841 2225 3064 2304 αἱρέσεις
3120 2224 3313 2304 ἐχρῆν,
3384 2224 3656 2298 ἐχομένοις
3725 2234 3844 2286 τοϊς

2186 2312 2563 2392 προειληφόσιν
2660 2312 2943 2370 ἀκόλουθον
3016 2314 3258 2390 ἡγούμην
3333 2318 3401 2388 τῇ
3457 2310 3680 2390 διαφορᾷ
3744 2310 3841 2376 τῆς

2188 2401 2627 2480 ἐπισπειρομένης
2716 2403 2816 2458 ὑπὸ
2884 2402 2975 2459 τοῦ
3058 2400 3301 2458 διαϐόλου
3386 2397 3625 2462 ἀσεϐείας
3725 2410 3845 2461 ταῖς

2189 2489 2470 2552 ἀντιθέτοις
2551 2504 2754 2569 φωναῖς
2826 2490 3072 2562 κωλύειν,
3133 2490 3169 2558 ἢ
3226 2492 3314 2546 καὶ
3377 2488 3686 2568 ἀνατρέπειν
3743 2488 3836 2550 τάς

2189 2580 2605 2657 ἑπεισαγομένας
2671 2579 3034 2659 βλασφημίας,
3096 2580 3182 2636 καὶ
3251 2577 3440 2637 ἄλλοτε
3494 2576 3707 2653 ἄλλαις,
3767 2577 3841 2640 ὡς

2190 2667 2251 2725 ἂν
2294 2670 2329 2737 ἡ
2386 2668 2545 2748 χρεία
2599 2675 2703 2723 τῶν
2776 2670 3065 2725 νοσούντων
3122 2667 3515 2746 κατηνάγκασε,
3560 2669 3647 2723 καὶ
3707 2665 3839 2722 ταύ-

2187 2779 2304 2821 ταις
2333 2756 2590 2821 πολλάκις
2634 2757 2888 2837 ἀγράφοις
2933 2758 3052 2832 μέν,
3124 2754 3269 2831 ὅμως
3318 2753 3363 2810 δ’
3407 2755 3496 2812 οὖν
3550 2756 3644 2812 οὐκ
3702 2754 3841 2810 ἀπε·-

2184 2845 2496 2920 ξενωμέναις
2539 2847 2635 2912 τῇς
2664 2848 2802 2902 κατά
2844 2847 2940 2914 τὴν
2987 2846 3196 2926 Γραφὴν
3229 2842 3466 2908 εὒσεϐοὖς
3510 2842 3765 2908 διανοίας.
3808 2866 3835 2897 »

2184 2942 2357 2993 Ταῦτα
2398 2939 2496 3010 μὶν
2525 2937 2560 3003 ἡ
2609 2936 2873 3012 περικοπὴ
2932 2932 2983 2999 ἐξ
3052 2936 3120 3001 ἧς
3177 2946 3293 2996 τοῖς
3349 2930 3414 2988 δι’
3476 2932 3714 2997 ἐναντίας
3759 2932 3835 2988 εἶ-

448 3039 859 3100 saepenumero
908 3023 1224 3102 ejusmodi,
1283 3043 1414 3103 quae
1457 3024 1595 3086 licet
1625 3024 1683 3084 in
1726 3033 2101 3085 sacrosancta

2187 3037 2308 3079 πεῖν
2379 3023 2564 3102 γέγονε
2649 3025 2726 3099 μὴ
2798 3022 2911 3079 δεῖν
2980 3023 3074 3086 τάς
3133 3021 3340 3084 ἁπάσας
3409 3020 3683 3099 θεολογίας
3751 3018 3841 3076 τοῖ’)

451 3108 752 3190 Scriptura
781 3130 1070 3193 nusquam
1110 3113 1540 3194 reperirentur,
1572 3132 1605 3173 a
1640 3112 1733 3191 pio
1797 3123 2014 3193 tamen,
2048 3123 2105 3173 et

2188 3111 2421 3191 μεγάλου
2453 3110 2724 3170 Βασιλείου
2752 3113 2812 3168 τὸ
2853 3108 3065 3189 βέϐαιον
3095 3111 3267 3190 ἔχειν,

448 3199 665 3261 sanctis
698 3200 929 3262 Litteris
959 3210 1359 3263 eonsentaneo
1392 3221 1569 3263 sensu
1603 3203 1943 3282 neutiquam
1977 3202 2391 3264 abhorrerent.
2426 3226 2451 3257 ι
2489 3200 2560 3261 Ει
2588 3201 2713 3262 haec
2745 3199 3126 3261 continentur
3155 3199 3217 3260 in
3273 3196 3570 3278 pericope,
3600 3196 3822 3277 quibus

447 3288 769 3350 adversarii
801 3297 1090 3351 conantur
1111 3290 1526 3370 comprobare,
1563 3291 1835 3352 universa
1871 3290 2201 3370 theologica
2232 3288 2429 3369 magni
2458 3288 2659 3350 Basilii
2707 3287 2866 3349 dicta
2914 3290 3086 3350 ﬁrma
3135 3306 3200 3349 ac
3258 3285 3504 3349 stabilia
3526 3285 3832 3347 censenda

449 3397 565 3439 non
602 3396 733 3439 esse
762 3399 775 3436 Ζ

534 3467 592 3527 3.
628 3468 701 3526 At
733 3467 923 3546 tu,qui
950 3467 1134 3546 judex
1166 3469 1225 3528 in
1253 3469 1360 3529 hoc
1381 3469 1709 3530 certamine
1741 3469 1934 3543 sedes,
1962 3489 2098 3530 con-

448 3554 667 3628 sidera,
690 3564 1081 3637 accurateque
1106 3558 1428 3637 perpende,
1465 3578 1579 3638 quo
1612 3568 1778 3638 pacto
1822 3560 2097 3622 refutatio

449 3652 671 3717 nostra,
705 3663 823 3705 non
875 3663 907 3705 e
966 3645 1139 3725 longe
1199 3646 1416 3725 petitis.
1459 3656 1515 3706 et
1547 3646 1760 3706 alienis
1785 3648 2097 3727 scripturis

447 3733 817 3797 concinnata.
854 3734 955 3795 sed
987 3733 1148 3794 exiis
1176 3733 1341 3814 ipsis,
1377 3755 1507 3813 qua}
1532 3744 1771 3796 sanctus
1820 3753 2085 3816 pronun-

449 3821 611 3884 tiavit
640 3822 701 3883 in
739 3822 865 3903 ipsa
896 3822 1181 3883 orationis
1202 3822 1495 3884 serieillis
1524 3827 2094 3906 oceurrat.Namque

446 3930 577 3972 cum
611 3911 873 3972 dixisset.
909 3935 936 3965 α
970 3914 1359 3992 Consequens
1399 3930 1529 3973 esse
1558 3912 1882 3988 abitrabar,
1934 3923 1994 3974 ut
2042 3914 2097 3977 ei

447 4000 764 4080 impietatis
822 4000 996 4080 pesti,
1028 4019 1203 4081 quam
1241 4001 1513 4062 diabolus
1545 4002 1885 4077 seminaret,
1939 4004 2099 4083 ejus-

447 4093 579 4153 dem
613 4092 769 4154 modi
803 4094 1088 4173 oppositis
1119 4093 1226 4172 ipsi
1263 4093 1568 4155 Vocabulis
1605 4094 1835 4156 obviam
1895 4095 2005 4176 ire,
2042 4102 2099 4156 et

2260 3460 2335 3548 γ’,
2384 3468 2455 3523 Σὺ
2517 3466 2571 3523 δὲ
2643 3469 2671 3523 6
2725 3481 2845 3534 τοῖς
2938 3476 3190 3546 παροῦσιν
3258 3466 3456 3544 ἀγῶσιν
3539 3462 3809 3521 ἑνδιαιτῶν

2179 3558 2320 3639 ἄθρει
2393 3556 2480 3631 δὴ,
2541 3559 2628 3613 καὶ
2698 3554 2927 3635 ἀκριϐῶς
2996 3555 3292 3635 διασκόπει,
3393 3552 3537 3617 ὅπως
3623 3557 3653 3611 6
3709 3548 3836 3629 παρ’

2175 3651 2329 3725 ἡμῶν
2388 3648 2614 3728 ἔλεγχος
2673 3649 2854 3715 αὐτοῖς
2907 3650 3112 3721 ἀπαντᾷ
3168 3650 3227 3705 0-3
3313 3645 3576 3726 πόῤῥωθεν
3631 3646 3720 3703 καὶ
3779 3640 3831 3707 ἐξ

2176 3737 2353 3795 ἄλλων
2407 3737 2751 3817 ἧρανισμένος
2821 3744 3060 3819 γραφῶν,
3121 3734 3241 3793 ἀλλ’
3299 3735 3351 3802 εξ
3422 3737 3591 3792 αὐτῶν
3649 3736 3724 3788 ὧν
3806 3733 3832 3787 ὁ

2178 3828 2323 3906 ἃγιος
2353 3827 2454 3905 ἔφη
2509 3829 2612 3883 τπῦ
2664 3825 2824 3905 λόγου
2890 3828 3008 3884 καθ’
3064 3827 3242 3905 εἱρμὸν
3288 3824 3596 3904 προϊόντος.
3660 3819 3837 3880 Εἶπών

2179 3917 2278 3997 γὰρ
2368 3946 2391 3978 α
2462 3914 2775 3973 Ἀκόλουθον
2846 3917 3092 3995 ἡγεύμην
3159 3936 3229 3991 τῃ
3285 3911 3505 3993 διαφορὰ
3554 3917 3652 3989 τῇς
3709 3910 3837 3967 ἐπι-

2181 4005 2530 4083 σπειρομένης
2601 4006 2701 4061 ὑπὸ
2756 4014 2848 4064 τοῦ
2905 4002 3148 4061 διαϐόλου
3220 4000 3459 4066 ἀσεϐείας
3514 4014 3636 4066 ταῖς
3694 4001 3837 4055 ἀντι-

2179 4093 2346 4157 θέτοις
2379 4107 2581 4173 φωναῖς
2611 4091 2853 4166 κωλύειν,
2907 4092 2943 4159 ἢ
2999 4095 3088 4149 καὶ
3158 4090 3464 4170 ἀνατρέπειν
3523 4090 3616 4154 τας
3646 4088 3834 4146 ἐπεισ-

447 4182 783 4257 maledicta,
808 4201 940 4262 qua;
963 4183 1022 4243 in
1055 4182 1239 4243 Deum
1271 4182 1411 4243 inde
1444 4192 1858 4266 nascerentur,
1899 4187 2095 4266 repri-

2187 4184 2442 4261 αγομένας
2496 4181 2862 4260 βλασφημίας,
2915 4185 3002 4238 καὶ
3063 4180 3252 4238 ἄλλοτε
3308 4178 3521 4256 ἄλλαις,
3567 4181 3640 4246 ὡς
3685 4177 3746 4235 ἂν
3800 4176 3834 4242 ἡ

447 4289 630 4343 mere,
666 4270 799 4332 aliis
826 4271 969 4332 alias
1021 4279 1194 4351 prout
1252 4270 1528 4333 videliCr-t
1560 4274 1857 4335 haereseos
1891 4274 2096 4335 morbo

2187 4272 2334 4352 χρεία
2376 4278 2481 4328 τῶν
2543 4272 2830 4327 νοσούντων
2872 4271 3299 4350 κατηνάγκασεν,
3341 4292 3364 4327 ιι
3432 4267 3617 4347 ἐπάγει
3663 4266 3833 4333 εύθὺς,

447 4359 836 4421 laborantium
888 4360 1112 4422 utilitas
1162 4360 1502 4421 necessario
1553 4362 1861 4422 videbatur
1889 4373 2095 4443 postn-

2188 4384 2210 4416 (
2245 4362 2332 4418 καὶ
2388 4361 2601 4420 ταύταις
2657 4358 2916 4423 πολλάκις
2970 4359 3227 4439 ἄγραφοις
3288 4359 3408 4433 μὲν,
3468 4355 3614 4433 ὅμως
3658 4354 3704 4413 δ’
3748 4352 3836 4409 οὖν

447 4451 630 4525 lare,»
664 4449 861 4510 statim
913 4448 1239 4529 subnectit,
1275 4473 1298 4504 ο
1355 4458 1528 4531 atque
1560 4449 1652 4511 his
1686 4468 2096 4529 saepenumero

446 4538 759 4618 ejusmodi,
783 4556 915 4619 qua)
947 4536 1082 4599 licet
1112 4538 1169 4598 in
1202 4547 1572 4599 sacrosancta
1604 4537 1913 4619 Scriptura
1947 4559 2094 4602 nus-

445 4646 618 4707 quam
644 4627 1074 4706 reperirentur,
1105 4646 1139 4686 a
1170 4627 1265 4706 pio
1301 4635 1495 4687 tamen
1530 4638 1581 4689 et
1617 4628 1839 4689 sanctis
1865 4629 2098 4690 Litteris

445 4723 845 4777 consentanea
874 4734 1053 4777 sensu
1087 4716 1431 4796 neutiquam
1465 4717 1878 4780 abhorrerent.
1923 4742 1946 4775 ι)
1986 4718 2098 4791 Qui

444 4805 640 4886 itaque
674 4804 1035 4867 dictionibus
1066 4804 1291 4884 scripto
1316 4807 1560 4865 minime
1585 4805 1817 4866 traditis
1842 4825 1905 4867 se
1930 4826 2096 4866 usum

447 4896 682 4969 fatetur,
719 4894 1012 4975 simulque
1036 4901 1400 4955 contestatur
1450 4894 1686 4954 easdem
1721 4914 1911 4975 neque
1935 4915 2100 4976 pere-

2180 4452 2272 4507 οὖκ
2323 4447 2743 4524 ὰπεΞενωμέναις
2813 4448 2911 4516 τῆς
2984 4450 3117 4505 κατά
3172 4449 3272 4514 τὴν
3328 4446 3540 4526 Γραφὴν
3598 4442 3838 4502 εὖσεϐοὖς

2180 4537 2428 4615 διανοίας,
2467 4559 2489 4589 ι
2584 4530 2639 4596 Ὀ
2710 4545 2832 4617 γοῦν
2907 4536 3106 4603 λέξεσιν
3205 4537 3458 4615 ἀγράφοις
3565 4535 3840 4611 ὁμόλογῶν

2179 4630 2514 4709 χρήσασθαι,
2591 4626 3070 4707 διαμαρτυρόμενος
3148 4624 3203 4682 δὲ
3289 4630 3368 4700 μὴ
3437 4622 3834 4709 ἀπεξενωμένας

2182 4708 2322 4774 εἶναι
2367 4717 2526 4782 αὖτάς
2599 4720 2698 4783 τῆς
2768 4716 2905 4771 κατά
2971 4714 3070 4781 τὴν
3143 4716 3351 4793 Γραγὴν
3420 4710 3659 4776 εὐσεϐοῦς
3714 4708 3833 4765 δια·-

2182 4807 2348 4880 νοίας,
2394 4811 2507 4871 πῶς
2540 4802 2603 4861 ἄν
2673 4805 2765 4871 εἵη
2824 4802 3020 4864 δίκαιος
3079 4802 3166 4858 ἐπί
3221 4825 3322 4858 τινι
3366 4809 3470 4857 τῶν
3513 4800 3638 4880 παρ’
3680 4798 3837 4855 αὐτοῦ

2180 4894 2600 4973 θεολογηθέντων
2678 4891 3119 4968 διαπιστεῖσθαι,
3190 4893 3234 4947 εἰ
3303 4891 3403 4970 γὰρ
3475 4892 3563 4947 καὶ
3617 4887 3840 4967 ἄγραφοι

2184 4984 2377 5064 μέχρις
2463 4983 2661 5039 ἐκείνου
2715 4983 2882 5061 τυχὸν
2939 4981 3076 5047 τινὲς
3131 4982 3377 5060 ὑπῆρχον
3462 4982 3565 5036 τὼν
3652 4975 3843 5064 λέξεων

2184 5061 2406 5154 τούτων,
2480 5070 2597 5128 ἀλλ’
2642 5070 2754 5126 ἐπεὶ
2823 5070 2917 5126 οὒκ
2970 5068 3368 5146 ἀπεξενωμένας
3426 5073 3527 5135 τῆς
3585 5061 3846 5124 εὒσεϐείας

2184 5149 2401 5227 ταύτας,
2426 5164 2454 5218 6
2525 5161 2675 5238 ἅγιος
2734 5173 3014 5239 μαρτυρεῖ,
3086 5159 3223 5216 οὕτω
3281 5155 3364 5214 δεῖ
3430 5157 3716 5237 προσέχειν
3760 5149 3849 5204 αὖ·

449 5269 563 5309 non
613 5249 733 5310 sit?
764 5247 1028 5328 Namque
1070 5249 1209 5310 licet
1266 5250 1336 5308 ad
1372 5249 1530 5309 illius
1580 5258 1849 5328 tempora
1883 5249 2101 5330 scripto

2187 5264 2330 5330 ταῖς,
2365 5252 2437 5312 ὡς
2493 5249 2736 5328 ἐκείναις,
2783 5254 2870 5316 αἷς
2928 5250 2976 5307 οἱ
3046 5249 3148 5328 πρὸ
3214 5248 3369 5305 αὖτοῦ
3420 5243 3719 5302 διδάσκαλοι
3748 5242 3845 5303 τῆς

446 5337 805 5417 consignatae
834 5356 900 5397 ex
937 5338 1025 5397 his
1056 5336 1414 5398 dictiimibus
1448 5338 1738 5418 qnmpiam
1803 5340 1952 5400 forte
1987 5360 2101 5401 non

2190 5336 2449 5401 εὖσεϐείας
2537 5339 2864 5419 ἐχρήσαντο.
2977 5339 3076 5398 Καὶ
3144 5337 3242 5416 γὰρ
3325 5334 3580 5392 κάκείνων
3650 5330 3845 5419 ἑκάστη

451 5428 592 5507 sint,
629 5436 889 5488 attamen
924 5445 1055 5485 cum
1101 5444 1201 5485 ea:
1231 5446 1263 5485 τι
1299 5417 1513 5506 pietate.
1545 5427 1770 5488 alienas
1804 5446 1917 5488 non
1952 5447 2101 5518 esseJ

2197 5440 2406 5508 καιροῖς
2456 5417 2618 5490 ἰδίοις
2659 5430 2793 5507 πρὸς
2878 5427 3189 5506 ἀποτροπὴν
3274 5430 3380 5481 τῶν
3476 5417 3846 5518 ἀναφυομέῖων

448 5502 687 5577 sanctus
743 5516 870 5595 ipse
928 5502 1316 5582 rontestetur,
1370 5515 1489 5575 illis
1544 5516 1975 5578 attendendum
2027 5502 2101 5581 esi

2199 5502 2444 5597 αἱρέσεων
2495 5502 2756 5591 ἐλάμϐανε
2813 5516 2907 5580 τὰς
2966 5502 3159 5596 ἀρχὰς,
3217 5525 3341 5578 ταῖς
3412 5512 3509 5588 μὲν
3564 5502 3851 5597 συλλαϐαῖς

464 5624 630 5691 aeque
660 5620 837 5690 atque
868 5603 1182 5686 aliis,quas
1210 5623 1344 5667 ante
1373 5604 1563 5686 ipsum
1589 5604 1821 5686 pietatis
1844 5606 2101 5671 doctore:

2199 5596 2331 5675 ἴσως
2362 5607 2422 5664 ού
2474 5602 2829 5682 διειλημμένη
2889 5617 3012 5669 ταῖς
3086 5605 3184 5683 πρὸ
3243 5599 3403 5672 τῆσδε
3459 5604 3496 5671 ἢ
3551 5598 3713 5672 τῆσδε
3753 5596 3849 5658 τῆς

445 4984 665 5062 grinas,
707 5002 896 5063 neque
929 4984 1151 5046 alienas
1193 5000 1326 5043 esse
1357 5002 1389 5042 a
1429 4982 1523 5062 pio
1557 5001 1856 5044 sacrarum
1895 4983 2101 5065 Scrip-

447 5084 705 5133 turarum
738 5072 1242 5153 sensu,quomodo
1271 5072 1484 5149 dignus
1514 5072 1712 5144 fuerit,
1748 5073 1842 5133 cui
1874 5072 1932 5133 in
1960 5093 2105 5133 non-

447 5160 625 5221 nullis
667 5179 735 5221 ex
791 5160 964 5221 dictis
1021 5160 1142 5220 suis
1190 5159 1538 5238 theologicis
1584 5159 1733 5222 ﬁdes
1765 5161 2104 5223 adhibenda
