4220 6292
288 326 387 390 189

1383 333 1483 397 DE
1530 326 2039 397 PROCESSIONE
2083 331 2143 391 S.
2189 326 2555 394 SPIBITUS.

3543 330 3654 395 190

284 461 526 539 αἱρέσεως
579 461 1002 541 θεολογηθείσαις
1101 478 1354 546 γραφαῖς,
1424 465 1484 522 ἐκ
1564 463 1618 521 δὲ
1686 463 1779 532 τῆς
1833 460 1906 519 ἐν·

2009 472 2410 541 usurparunt:
2441 479 2643 524 earum
2676 461 2896 543 quippe
2925 460 3175 542 singula:
3201 462 3381 524 certis
3408 468 3647 544 tempo-

276 550 406 613 νοίας
475 554 645 610 αὖτῶν
717 553 792 616 είς
891 551 1150 633 ἔγγραφον
1240 552 1439 612 ἔκθεσιν
1509 551 1915 634 παραδιδομένη.

791 640 958 719 μέγας
1030 640 1298 708 Βασίλειος
1358 657 1480 707 ταῖς
1538 643 1758 707 ἐννοίαις
1810 646 1906 698 τῶν

1999 639 2198 718 ginem
2216 640 2747 722 habuere,syllabis
2758 640 3173 711 fortasse.ante
3193 640 3347 701 hanc
3359 640 3448 701 vel
3470 641 3644 703 aliam

1715 729 1914 796 λέξεσιν
1998 736 2231 791 enatam
2266 729 2536 790 haeresim
2571 728 2630 790 in
2658 728 3006 808 tbeologicis
3053 728 3478 808 scriptionibus
3526 747 3642 792 non

271 637 408 695 Ἐπεὶ
479 646 604 718 γοῦν
660 642 689 697 6

263 729 689 808 προγενεστέρων
746 732 904 788 αὐτοῦ
960 729 1224 808 θεολόγων
1295 731 1619 804 ἀκολουθῶν,

266 814 585 895 ἂπεθάρῥησε
672 820 973 898 χρήσασθαι
1046 817 1297 899 ἀγράφοις
1394 821 1516 900 μὲν,
1605 817 1905 898 ἐξηρτημέ-

264 927 366 967 ναις
436 904 496 963 δὲ
553 912 652 974 τῆς
724 912 827 965 ιῶν
906 906 1271 987 παλαιοτέρων
1353 908 1637 985 θεολογιῶν
1679 908 1905 988 ἐννοίας,

268 992 545 1072 θαῤῥητέον
573 998 662 1052 καὶ
732 998 867 1072 ἡμῖν
922 1010 1044 1060 ταῖς
1099 998 1367 1062 τοιαύταις
1424 996 1593 1064 λέξεσι
1648 1001 1903 1077 χρῆσθαι,

260 1084 324 1146 ὥς
367 1082 418 1149 ἐξ
476 1086 638 1142 αὐτοῦ
681 1085 780 1160 μὲν
827 1088 926 1152 τὴν
985 1084 1160 1165 ἀρχήν
1216 1085 1521 1160 λαϐούσαις,
1594 1087 1671 1156 μὴ
1716 1084 1906 1151 ἀπεξε-

258 1172 509 1245 νωμέναις
625 1172 680 1229 δὲ
789 1178 888 1243 τῆς
968 1176 1104 1231 κατὰ
1197 1174 1296 1242 τὴν
1382 1180 1595 1256 Γραφην
1664 1172 1904 1238 εὖσεϐιιῦς

2000 550 2168 613 ribus
2195 551 2267 613 ad
2300 551 2656 614 refellendas
2706 570 2918 613 recens
2946 559 3178 613 exortas
3207 551 3486 626 haereses,
3521 552 3647 614 ori-

1995 818 2882 898 comprehensis,verumtamen
2924 836 2993 878 ex
3018 836 3196 878 sensu
3224 835 3426 880 earum
3459 836 3643 897 expo-

1991 905 2136 974 sitae,
2170 906 2508 987 scriptoque
2538 907 2929 968 demandatze.
2989 908 3136 967 Cum
3171 906 3348 985 igitur
3397 924 3645 982 magnus

1992 995 2244 1057 Basilius
2262 1000 2571 1057 sententiis
2585 996 2989 1074 theologorum
3007 995 3105 1075 qui
3126 1013 3258 1056 eum
3284 994 3642 1075 praeiverunt

1991 1083 2297 1159 insistens,
2334 1084 2692 1145 dictionibus
2725 1104 2842 1145 non
2889 1083 3127 1164 scriptis
3177 1084 3261 1145 uti
3312 1103 3491 1145 ausus
3523 1091 3634 1157 est,

1990 1172 2093 1233 sed
2118 1192 2248 1253 qua:
2278 1181 2474 1234 tamen
2503 1174 2575 1234 ab
2605 1174 3001 1253 antiquiorum
3035 1172 3438 1251 theologorum
3457 1189 3635 1233 sensu

258 1258 504 1327 διανοίας.
1990 1261 2342 1341 penderent.
2367 1261 2704 1322 audendum
2722 1279 2960 1341 quoque
2983 1268 3041 1321 et
3064 1260 3234 1322 nobis
3266 1260 3467 1335 fuerit,
3504 1260 3637 1323 illas

263 1347 492 1410 easdem
526 1367 708 1412 voces
735 1368 1046 1433 usurpare,
1083 1358 1361 1434 tanquam
1393 1370 1528 1432 quae
1555 1371 1626 1416 ex
1654 1369 1724 1413 eo
1755 1348 2115 1431 principium
2152 1367 2486 1430 sumpsere,
2523 1367 2635 1412 nec
2662 1368 2696 1410 a
2749 1349 2843 1429 pio
2877 1348 3319 1428 Scripturarum
3351 1366 3528 1409 sensu
3560 1366 3630 1409 ac

258 1445 449 1500 mente
476 1438 797 1501 recedunt.

319 1516 386 1590 δ’,
421 1530 526 1586 Καὶ
584 1528 677 1585 ἵνα
756 1532 785 1586 6
857 1528 1012 1608 λόγος
1102 1534 1457 1611 παραστήσειε
1539 1530 1901 1609 καθαρώτεαον

2063 1529 2125 1590 4.
2160 1530 2231 1588 Ει
2258 1534 2323 1589 ιιι
2351 1527 2538 1589 oratio
2569 1526 2830 1607 apertius
2856 1525 3153 1602 exhibeat,
3202 1534 3377 1606 atque
3408 1542 3631 1605 reprae-

250 1615 382 1681 ὅπιης
441 1616 703 1695 ἀγράφοις
775 1618 874 1693 μὲν
916 1618 1055 1676 ἔστιν
1125 1619 1213 1677 ὅτε
1282 1624 1310 1677 6
1386 1619 1679 1688 θεόληπτος
1750 1621 1900 1683 οὗτος

1993 1624 2194 1689 sentet,
2272 1635 2387 1696 que
2439 1614 2699 1677 rationes
2746 1614 3006 1676 dictione
3055 1633 3172 1675 non
3220 1614 3472 1694 scriptas
3524 1612 3634 1675 ali-

253 1705 422 1783 Πατὴρ
463 1708 673 1786 ἔχρῆτο
729 1720 854 1771 ταῖς
922 1707 1143 1783 λέξεσιν,
1203 1709 1299 1767 οὐκ
1366 1707 1787 1784 ἀπεξενωμέναις
1844 1706 1899 1764 δὲ

1993 1706 2218 1785 quando
2252 1704 2496 1766 numine
2520 1704 2749 1765 amatus
2771 1702 2865 1765 hic
2888 1702 3192 1783 Pater,sed
3213 1704 3306 1782 pio
3329 1720 3632 1764 sacrarum

250 1798 338 1860 τῆς
365 1795 506 1850 κατᾶ
564 1796 664 1862 τὴν
726 1797 938 1876 Γραφὴν
996 1796 1240 1863 εὐσεϐοῦς
1311 1796 1561 1877 διανοίας,
1619 1797 1799 1853 ἐκεῖνα
1842 1794 1897 1852 δὲ

1993 1792 2425 1874 Scripturarum
2459 1792 2657 1855 sensui
2689 1799 3122 1854 consentaneas
3152 1793 3499 1872 usurpabat,
3533 1790 3635 1852 illa

249 1855 590 1940 ἑπισκεπτέον
620 1855 813 1960 *ἡμᾶξ
850 1855 859 1876 1
897 1855 1045 1965 δπερή
1095 1888 1150 1944 ἐν
1224 1855 1427 1967 άρχατς
1480 1855 1729 1966 εἰρημένα
1792 1886 1901 1944 ἐστὶ

1993 1899 2017 1941 a
2048 1855 2220 1943 nobis
2254 1881 2683 1943 consideranda
2741 1889 2899 1960 sunt,
2958 1899 3091 1960 quae
3146 1855 3440 1960 principio
3475 1878 3633 1939 tertii

248 1978 329 2028 τοῦ
393 1972 575 2049 τρίτου
631 1971 794 2052 λόγου
839 1980 942 2030 τῶν
984 1975 1104 2032 κατ’
1185 1966 1438 2051 Εὐνομίου
1496 1973 1899 2054 Ἀντιῤῥητικῶν

1993 1969 2123 2031 librt
2143 1970 2426 2032 adversus
2458 1968 2816 2032 Eunomium
2847 1968 3381 2030 Antirrheticorum
3412 1966 3631 2054 dictata

246 2058 407 2139 λόγων
436 2066 622 2133 αὐτοῦ,
652 2062 708 2118 ἐν
750 2065 837 2127 οἷς
868 2062 1003 2119 οὕτω
1054 2063 1197 2141 λέγει
1232 2083 1247 2098 '
1316 2090 1337 2123 ι
1396 2063 1565 2128 Μόλις
1594 2052 1724 2120 ποτὲ
1752 2085 1898 2143 κορε-

1993 2067 2144 2133 sunt,
2177 2058 2404 2121 scilicet
2439 2075 2452 2120 :
2495 2083 2520 2114 α
2557 2056 2663 2118 Vix
2698 2056 2937 2118 tandem
2969 2054 3354 2136 blasphemiis
3383 2055 3443 2114 in
3478 2052 3622 2143 Uni-

247 2151 373 2214 σθεὶς
412 2156 527 2207 τῶν
611 2153 683 2217 εἰς
740 2153 833 2208 τὸν
903 2153 1177 2230 Μονογενῆ
1258 2152 1636 2233 βλασφημιῶν,
1697 2152 1783 2209 ἐπὶ
1824 2142 1897 2210 τὸ

1993 2148 2247 2227 genitum
2279 2155 2592 2220 saturatus,
2625 2146 2696 2206 ad
2729 2143 3010 2226 Spiritum
3065 2153 3333 2205 sanctum
3366 2142 3622 2225 transiit,

252 2244 455 2314 Πνεῦμα
531 2242 595 2296 τὸ
653 2240 808 2317 ἅγιον
866 2240 1239 2317 μετελήλυθεν,
1316 2232 1575 2300 ἀκόλουθα
1669 2246 1737 2317 τῇ
1792 2239 1892 2318 ὅλῃ

1993 2236 2220 2317 ιοιίιιυω
2251 2254 2373 2298 sua;
2402 2247 2805 2298 consentanea
2834 2233 3116 2295 voluntati
3146 2234 3220 2294 de
3272 2233 3399 2313 ipso
3446 2232 3620 2293 etiam

247 2326 394 2386 αὺτοῦ
463 2328 762 2408 τροαιρέσει
855 2332 941 2386 καὶ
1023 2332 1140 2407 περὶ
1229 2331 1410 2388 τούτου
1492 2328 1889 2407 διαλεγόμενος.

1993 2323 2234 2397 lissertt,
2265 2324 2350 2385 sic
2376 2324 2607 2399 dicens,
2648 2344 2671 2377 ι
2709 2321 2855 2385 Cum
2891 2340 3026 2384 vero
3052 2323 3175 2384 haec
3208 2322 3281 2382 de
3307 2320 3624 2401 Unigenito

246 2417 428 2497 Γράφει
489 2415 548 2473 δὲ
608 2417 775 2481 οὕτως
810 2433 825 2448 ⁸
888 2416 1209 2497 Ἀρκοόντων
1276 2417 1330 2475 δὲ
1424 2420 1560 2491 ἡμῖν
1639 2427 1889 2477 τοσοῦτον

1993 2412 2285 2489 mfﬁciant,
2319 2413 2615 2493 reiiquum
2647 2419 2755 2492 est,
2822 2419 2883 2472 ut
2934 2411 3008 2472 de
3059 2410 3366 2472 Puracleto
3388 2428 3628 2491 quoque

244 2505 351 2581 περὶ
416 2513 516 2564 τοῦ
592 2512 939 2583 Μονογενοῦς,
997 2505 1283 2565 ἀκόλουθον
1351 2506 1414 2563 ἄν
1469 2506 1583 2579 εἴη,
1632 2508 1716 2564 καὶ
1771 2508 1887 2585 περὶ

1993 2500 2272 2563 licamus:
2311 2520 2419 2562 nec
2442 2499 2752 2581 opiniones
2779 2499 3097 2560 multorum
3122 2499 3345 2579 absque
3376 2499 3495 2560 ulla
3517 2515 3622 2590 el-

247 2599 330 2649 τιιῦ
376 2593 739 2667 Παρακλήτου
796 2593 980 2652 λοιπὸν
1047 2598 1237 2669 εἰπεῖν,
1297 2593 1357 2652 οὔ
1418 2618 1498 2652 τοι
1554 2608 1676 2658 ταῖς
1706 2594 1888 2660 ἀνεξε-

1993 2590 2330 2652 tminatione
2363 2608 2705 2671 sequemur,
2741 2589 2844 2651 sed
2880 2597 3217 2650 sanctorum
3252 2589 3312 2649 in
3344 2587 3624 2649 omnibus

246 2681 444 2746 τάστοις
501 2683 613 2740 τῶν
655 2682 869 2739 πολλῶν
936 2683 1346 2747 ἀκολουθοῦντας
1398 2682 1591 2756 δόξαις,
1676 2684 1774 2751 τὴν
1834 2681 1889 2739 δὲ

1993 2678 2302 2741 loctrinam
2328 2678 2830 2757 conservabimus,
2864 2697 2897 2739 a
2929 2678 3149 2759 quibus
3178 2696 3314 2739 cum
3341 2677 3625 2757 dignitate

246 2774 342 2824 τῶν
394 2770 565 2849 ἁγίων
617 2772 673 2827 ἐν
736 2772 901 2829 ἅπασι
958 2771 1316 2852 φυλάσσοντας
1374 2770 1708 2829 διδαάκαλίαν
1764 2771 1888 2840 παρ’

1993 2775 2033 2828 et
2062 2768 2275 2830 ordine
2294 2768 2532 2830 tertium
2563 2766 2756 2848 ipsum
2790 2766 3445 2842 didicerimus,tertium
3471 2784 3626 2847 quo-

248 2858 312 2914 ὧν
380 2861 560 2939 τρίτον
633 2862 759 2919 αὐτὸ
847 2859 1102 2936 ἀξιώματι
1201 2861 1295 2918 καὶ
1391 2861 1530 2927 τάξει
1610 2861 1888 2936 μαθόντες,

1993 2874 2090 2936 lue
2125 2865 2329 2918 natura
2359 2875 2491 2918 esse
2523 2854 2906 2917 credidimus.
2946 2880 2973 2910 ι)
3010 2856 3229 2919 Αιιὴιεε
3261 2872 3452 2935 neque
3490 2871 3626 2915 ser-

250 2947 410 3025 τρίτον
441 2949 592 3006 εἶναι
640 2951 729 3005 καὶ
784 2955 853 3026 τῇ
917 2951 1066 3031 φύσει
1122 2952 1565 3025 πεπιστεύκαμεν.
1604 2978 1629 3009 n
1689 2950 1889 3030 Μέχρις

1993 2964 2214 3006 nonum
2277 2946 2780 3007 Eunomianorum
2829 2946 3221 3023 fragmentum
3251 2944 3619 3017 exscribens,

252 3034 339 3139 ᾖδε
384 3038 446 3093 τὸ
499 3038 772 3116 τεμάχιον
828 3041 932 3094 τῶν
986 3039 1079 3096 τοῦ
1134 3040 1389 3116 Εὖνομίου
1430 3040 1669 3139 προθεὶςν
1692 3038 1892 3118 λόγων,

1993 3033 2387 3096 'efutationem
2459 3034 2616 3095 illius
2685 3033 2851 3096 hisce
2923 3032 3121 3095 verbis
3203 3032 3544 3112 aggreditur
3603 3052 3617 3092 :

247 3123 477 3206 ἐλέγχειν
537 3128 699 3185 αὐτὸν
756 3126 1080 3207 ἀπάρχεται,
1151 3129 1240 3185 καί
1296 3150 1454 3208 φησιν
1490 3149 1502 3161 ·
1543 3151 1570 3183 ε
1634 3118 1762 3186 ’Ὁτι
1795 3128 1891 3202 μὲν

1993 3145 2004 3176 ι
2042 3121 2209 3195 Quod
2243 3123 2418 3202 igitur
2446 3142 2562 3183 non
2596 3130 2779 3203 putet,
2814 3130 3090 3201 oportere
3149 3121 3207 3182 in
3264 3119 3519 3200 simplici
3551 3139 3620 3182 ac

245 3214 331 3291 γὰρ
391 3219 486 3274 οὐκ
553 3214 728 3272 οἴεται
797 3214 912 3274 δεῖν
968 3223 1036 3284 τῆ
1131 3216 1277 3294 ἁπλῇ
1356 3219 1444 3275 καὶ
1501 3216 1891 3292 ἀνεπιτηδεύτῳ

1993 3231 2184 3274 ιθεητει
2210 3213 2326 3274 ﬁde
2360 3212 2673 3273 multorum
2719 3228 3089 3291 permanere,
3142 3208 3246 3271 sed
3286 3208 3622 3271 artiﬁciosis

251 3302 406 3360 πίστει
487 3310 602 3360 τῶν
660 3303 872 3363 πολλῶν
932 3306 1202 3386 ἐμμένειν,
1259 3306 1395 3364 ἀλλὰ
1449 3320 1724 3387 τεχνικοῖς
1780 3330 1886 3365 τισι

1993 3300 2322 3380 luibusdam
2356 3321 2423 3362 ac
2455 3299 2832 3362 cavillatoriis
2854 3298 3207 3373 rationibus,
3240 3296 3311 3359 ad
3345 3297 3427 3370 id,
3458 3297 3615 3387 quod

245 3392 320 3446 καὶ
372 3393 778 3472 σεσοφισμένοις
862 3393 1044 3473 λόγοις
1130 3385 1288 3453 πάλιν
1358 3385 1632 3476 πρὸςγίτὸ
1702 3394 1884 3453 δοκοῦν

1993 3389 2079 3449 .ibi
2133 3391 2387 3463 videtur,
2443 3390 2750 3451 veritatem
2808 3406 3011 3449 rursus
3066 3395 3417 3467 commutat,
3477 3385 3621 3447 satis

249 3478 399 3556 ὲωτῷ
449 3483 866 3562 περακρούεσθαι
950 3484 1050 3552 τὴν
1132 3474 1409 3557 ἀλήθειαν,
1470 3487 1665 3546 ἱκανῶς
1706 3483 1756 3549 ἐξ
1812 3487 1887 3540 ὧν

1993 3478 2162 3540 ιρι-δίε
2190 3479 2313 3541 suis
2341 3478 2620 3541 ostendit.
2648 3482 2790 3542 Cum
2828 3476 2987 3538 enim
3023 3484 3362 3538 contemnat
3390 3474 3619 3555 Opinio-

250 3581 382 3626 εἶπεν
450 3569 754 3640 ἐδήλωσεν.
814 3570 1116 3649 Ἀτιμάζων
1177 3573 1276 3651 γὰρ
1354 3573 1453 3640 τὴν
1495 3579 1600 3629 τῶν
1672 3572 1887 3630 πολλῶν

1993 3585 2104 3628 tem
2136 3568 2602 3648 multorum,qua
2634 3566 2918 3646 Spiritum
2952 3575 3218 3627 sanctum
3255 3564 3613 3642 glorificant,

247 3652 400 3739 δόξαν,
431 3663 469 3737 ᾗ
498 3658 779 3731 δοξάζουσι
833 3663 895 3717 τὸ
951 3668 1164 3737 Πνεῦμα
1221 3663 1283 3718 τὸ
1339 3661 1513 3740 ἅγιον,
1573 3677 1887 3740 προσποιεῖ-

1997 3666 2304 3718 auctorum
2358 3676 2421 3719 se
2478 3656 2720 3719 simulat
2765 3672 3117 3717 conservare
3165 3654 3518 3724 doctrinam,
3555 3662 3615 3714 et

248 3765 301 3800 τα
357 3748 453 3814 τὴν
521 3753 637 3806 τῶν
724 3749 888 3828 οἵγίων
984 3749 1264 3830 φυλάσσειν
1359 3748 1723 3826 διδασκαλίαν,
1796 3755 1882 3809 καὶ

1993 3754 2122 3805 acet
2151 3764 2273 3807 eos.
2309 3746 2406 3827 qui
2435 3746 2490 3808 ei
2540 3748 2723 3827 ipsam
2779 3745 3152 3807 tradiderunt
3189 3766 3199 3803 :
3239 3762 3394 3805 nunc
3437 3744 3613 3804 etiam

249 3834 350 3899 τοῦς
401 3838 609 3905 ταύτην
670 3839 812 3911 αὕτῷ
888 3837 1322 3919 παραδεδωκότας
1379 3839 1662 3911 ἀποσιωπᾷ
1708 3858 1726 3878 ο
1797 3842 1886 3897 καὶ

1993 3853 2038 3894 ra
2083 3834 2210 3916 ipsa
2263 3836 2508 3910 faciens,
2563 3855 2694 3916 quae
2738 3855 2870 3897 cum
2906 3835 2978 3895 de
3010 3833 3323 3913 Unigenito
3373 3832 3618 3894 haberet

246 3929 319 3978 νῦν
356 3923 485 4004 ἅπερ
536 3926 644 3984 κᾶν
706 3941 824 3991 τοῖς
912 3929 1030 4007 περὶ
1123 3927 1215 3984 τοῦ
1314 3934 1636 4006 Μονογενοῦς
1706 3928 1884 4007 λόγοις

1993 3924 2324 3993 irationem,
2361 3925 2556 3987 facere
2585 3926 3022 3987 demoustratus
3053 3933 3142 3984 est
3225 3922 3450 3983 Deinde
3476 3922 3556 3980 ait
3586 3939 3619 3982 a

247 4017 393 4069 ποιῶν
449 4012 774 4094 ἀπεδείχθη.
834 4017 973 4074 Εἶτά
1016 4038 1145 4096 φησι
1203 4017 1343 4095 παρὰ
1414 4016 1511 4090 μὲν
1564 4020 1671 4074 τῶν
1723 4018 1885 4097 ἁγίων

1993 4013 2190 4074 ιιιῐιειὶε
2218 4014 2524 4090 didicisse,
2557 4013 2768 4075 ordine
2800 4032 2867 4074 ac
2899 4012 3176 4090 dignitate
3210 4010 3447 4072 tertium
3483 4026 3616 4070 esse

247 4103 595 4175 μεμαθηκέναι
669 4106 730 4161 τὸ
774 4105 944 4183 τρίτον
1005 4106 1146 4163 εἶναι
1202 4106 1290 4161 καὶ
1346 4111 1412 4181 τῇ
1486 4104 1625 4171 τάξει
1682 4109 1770 4163 καὶ
1809 4113 1886 4181 τῷ

1993 4101 2253 4179 Spiritum
2287 4123 2301 4161 :
2334 4122 2363 4163 a
2391 4122 2454 4164 se
2484 4112 2679 4164 autem
2722 4105 2847 4184 ipso
2880 4101 3207 4162 credidisse
3230 4110 3436 4162 natura
3469 4117 3605 4177 quo-

247 4186 503 4267 ἀξιώματι,
574 4190 696 4270 παρ’
756 4192 939 4250 ἑαυτοῦ
1008 4190 1063 4249 δὲ
1120 4192 1519 4250 πεπιστευκέναι
1568 4195 1630 4250 τὸ
1657 4196 1744 4251 καὶ
1772 4196 1887 4274 τρί-

1993 4208 2083 4270 [ue
2108 4190 2341 4253 tertium
2374 4209 2531 4256 esse.
2578 4191 2685 4265 Qui
2734 4211 2871 4254 vero
2905 4191 2989 4253 illi
3045 4189 3233 4252 sancti
3282 4188 3420 4264 sint,
3471 4185 3619 4247 etin

250 4296 326 4331 τον
389 4278 526 4337 εἴναι
592 4286 661 4358 τῇ
716 4281 890 4361 φύσει,
968 4281 1116 4346 Τίνες
1174 4280 1228 4337 δὲ
1307 4284 1353 4337 οἱ
1425 4280 1591 4359 ἅγιοι,
1677 4286 1764 4339 καὶ
1834 4284 1888 4340 ἐν

1993 4278 2183 4359 [uibus
2211 4281 2589 4343 sermonibus
2633 4300 2761 4343 eam
2811 4280 3137 4342 doctrinam
3192 4277 3461 4345 fecerint,
3500 4292 3617 4334 non

253 4364 401 4425 ποίοις
453 4367 640 4448 λόγοις
710 4369 810 4438 τὴν
891 4367 1224 4427 διδασκάλιαν
1294 4373 1631 4445 πεποίηνται,
1718 4374 1889 4429 εἰπεῖν

1993 4369 2407 4432 ›οῑθπί(ὶί‹;ριό.
2447 4397 2472 4425 ››
2511 4370 2578 4432 Ει
2602 4370 2695 4432 his
2723 4370 2960 4450 quidem
2992 4376 3227 4432 sanctus
3262 4362 3613 4427 Eunomium

257 4455 336 4510 οὸκ
357 4455 491 4537 ἔχει.
528 4446 552 4510 ὲ
591 4466 771 4517 Ταῦτα
815 4460 913 4535 μὲν
943 4481 1073 4538 προς
1101 4460 1192 4515 τόν
1243 4466 1335 4516 τοῦ
1394 4458 1650 4534 Εὖνομίου
1680 4461 1708 4516 6
1737 4460 1887 4539 ἅγιος
1909 4446 2207 4518 Drefutat.

259 4540 480 4624 ἔλεγχον.

324 4624 385 4694 ε’.
414 4636 484 4691 Σὺ
510 4633 591 4710 δὲ,
628 4637 689 4691 ὃν
720 4638 747 4692 6
776 4634 935 4714 λόγος
994 4639 1067 4700 είς
1121 4634 1399 4704 διαιτητὴν
1440 4642 1547 4693 τῶν
1616 4636 1890 4715 παρόντων

2051 4634 2107 4695 5.
2137 4633 2222 4694 Τυ
2256 4653 2453 4714 porro,
2487 4654 2662 4716 quem
2704 4636 2888 4696 oratio
2923 4633 3297 4716 praesentium
3333 4632 3612 4692 certami-

256 4716 446 4796 ἀγώνων
498 4723 779 4785 ἐκάλεσεν.
837 4722 931 4803 ὅρα
1007 4723 1155 4788 ὅπως
1212 4727 1240 4781 6
1297 4724 1450 4801 ἅγιος
1504 4725 1595 4780 τὸν
1652 4736 1886 4784 τοιοῦτον

1993 4742 2110 4783 tum
2163 4723 2454 4785 arbitrum
2506 4744 2609 4785 seu
2650 4724 2912 4804 judicem
2958 4722 3230 4795 instituit,
3276 4719 3611 4792 considera,

343 4810 353 4828 .
986 4816 1000 4832 ς
1066 4814 1086 4833 η
1310 4815 1324 4837 ,
1375 4820 1401 4830 ..
1560 4816 1569 4831 .
1712 4817 1724 4833 .
1856 4826 1869 4834 .

252 4828 536 4892 μετερχεται
611 4812 868 4892 ἔλεγχον,
917 4837 1004 4870 και
1062 4835 1183 4870 οποι
1269 4835 1411 4888 αυτῳ
1492 4835 1647 4869 τεινει
1706 4836 1734 4871 ο
1791 4838 1883 4875 του

1993 4831 2222 4892 [uanam
2281 4813 2507 4873 ratione
2552 4813 2704 4874 hanc
2759 4812 3173 4874 refutationem
3228 4810 3522 4889 όὶτροιιλι,
3558 4816 3616 4869 et

255 4893 453 4980 ἐλέγχου
539 4902 745 4966 σκοπός
782 4919 795 4933 ⁸
886 4901 1179 4982 φιλοψευδῆ
1271 4903 1369 4979 μὲν
1465 4904 1880 4980 προηγουμένως

1993 4920 2222 4981 |uonam
2237 4901 2605 4964 refulationis
2622 4901 2783 4963 illius
2799 4920 3015 4980 scopus
3043 4898 3340 4979 respiciat,
3362 4896 3611 4975 primum

252 4982 438 5068 ὓέγχει
464 4993 555 5048 τὸν
583 4992 862 5061 κάκιστον,
921 4994 994 5056 ὡς
1052 4990 1299 5069 λέγοντα,
1360 4992 1503 5070 παρὰ
1557 4994 1661 5048 τῶν
1720 4992 1883 5071 ἁγίων

1993 4991 2206 5071 ιυίόεηι
2242 5000 2299 5053 et
2343 5001 2477 5053 ante
2528 4992 2725 5053 omnia
2767 4991 3087 5072 pessimum
3124 4987 3427 5049 mendacia
3481 5006 3611 5049 me-

255 5078 598 5149 μεμαθηκέναι
658 5080 721 5136 τὸ
775 5081 947 5158 τρίτον
1029 5094 1168 5136 εἶναι
1252 5081 1314 5135 τὸ
1383 5086 1595 5154 Πνεῦμα
1674 5082 1762 5136 καὶ
1817 5088 1884 5158 τῇ

1993 5098 2206 5141 norare
2263 5081 2579 5150 convincit,
2616 5091 2893 5161 tanquam
2949 5079 3048 5160 qui
3092 5077 3306 5140 dicata
3341 5076 3614 5139 l’atribus

255 5160 377 5228 τάξει
404 5169 488 5223 καὶ
517 5175 594 5242 τῷ
651 5167 940 5247 ἀξιώματι,
982 5170 1071 5224 καὶ
1126 5170 1297 5225 εἰπεῖν
1355 5172 1450 5226 οὐκ
1515 5167 1709 5248 ἔχοντα
1758 5170 1891 5236 τίνες

1993 5168 2575 5249 iidicisse,Spiritom
2591 5160 2799 5231 ordine
2814 5169 3172 5249 etdignitate
3204 5166 3437 5227 tertium
3456 5185 3608 5238 esse,

257 5253 294 5305 οἱ
316 5252 468 5330 ἅγιοι,
502 5260 591 5314 καὶ
620 5256 683 5312 ἐκ
741 5257 915 5321 ποίοις
974 5256 1156 5336 λὸγοις
1238 5258 1338 5324 τὴν
1395 5254 1729 5314 διδασκαλίαν
1783 5280 1887 5315 πε-

1993 5276 2084 5318 ιθο
2118 5257 2301 5338 possit
2327 5260 2590 5321 indicare
2622 5260 2858 5339 quinam
2884 5259 2941 5320 hi
2964 5257 3151 5318 sancti
3170 5256 3367 5334 sint,et
3398 5254 3614 5334 quibus

257 5340 479 5407 ποίηνεαι
513 5361 526 5375 ’
585 5349 644 5404 οὗ
714 5345 828 5420 μὴν
879 5343 933 5401 δὲ
988 5348 1076 5403 καὶ
1152 5343 1529 5421 ἀποδοκιμάζει
1606 5354 1767 5405 ταῦτα
1822 5349 1888 5404 τὰ

1996 5369 2029 5409 n
2062 5348 2443 5410 sermonibus
2471 5349 2797 5411 doctrinam
2859 5349 3113 5410 similem
3172 5353 3459 5416 asscrant,
3498 5363 3613 5404 non

258 5425 463 5517 ξῇμιτα,
520 5434 594 5498 ὡς
647 5439 753 5501 τῆς
811 5431 1051 5497 εὐσεϐοῦς
1119 5433 1351 5499 διανοίας
1418 5433 1690 5515 ἀλλότρια,
1751 5438 1884 5513 Πρὸς

1993 5436 2104 5498 deo
2140 5445 2331 5498 tamen
2367 5437 2541 5498 verba
2596 5439 2718 5499 haec
2767 5439 2943 5499 veluti
2981 5458 3013 5498 a
3064 5437 3159 5517 pio
3188 5452 3366 5499 sensu
3420 5432 3615 5493 aliena

257 5508 385 5573 δὲτὸ
428 5521 528 5577 ἀπὸ
581 5529 688 5579 τῶν
745 5522 998 5599 ῥημάτων
1052 5523 1249 5580 τούτων
1315 5521 1471 5590 δῆθεν
1525 5524 1880 5601 συναγόμενον

1993 5526 2365 5600 :ondemnat;
2395 5526 2465 5587 ad
2502 5527 2646 5588 illud
2692 5547 2851 5598 vero,
2907 5508 3079 5609 quod
3123 5545 3189 5587 ex
3240 5522 3615 5609 ejuScemodi

258 5606 380 5682 κατὰ
402 5616 490 5668 τώ
530 5612 793 5689 mth
844 5611 1109 5694 ἀπαντῶν,
1167 5612 1298 5694 ὅπερ
1344 5618 1411 5684 ἦν
1454 5615 1516 5673 τὸ
1570 5613 1696 5694 παρ’
1750 5614 1879 5671 ἑαυ-

1993 5613 2158 5678 ‘erbis
2214 5614 2542 5679 Eunomius
2591 5606 2943 5697 colligebat;
2977 5614 3132 5702 quod
3166 5621 3317 5687 erat,
3348 5629 3383 5672 a
3412 5607 3618 5688 seipse
