  <div class='ocr_page' id='page_1' title='image "/cluster/home/n/w/nwhite01/storage/ocr_20150623/141/mdp.39015078384206/105.png"; bbox 0 0 4220 6292; ppageno 0'>
   <div class='ocr_carea' id='block_1_1' title="bbox 469 380 2105 455">
    <p class='ocr_par' dir='ltr' id='par_1_1' title="bbox 469 382 2105 455">
     <span class='ocr_line' id='line_1_1' title="bbox 469 382 2105 455; baseline -0.004 -3"><span class='ocrx_word' id='word_1_1' title='bbox 469 390 583 455; x_wconf 83' lang='grc'><strong>195</strong></span> <span class='ocrx_word' id='word_1_2' title='bbox 1533 387 1723 453; x_wconf 72' lang='grc' dir='ltr'><strong>,ΙΟᾹΝ</strong></span> <span class='ocrx_word' id='word_1_3' title='bbox 1728 391 1806 454; x_wconf 91' lang='grc' dir='ltr'><strong>Ν.</strong></span> <span class='ocrx_word' id='word_1_4' title='bbox 1839 382 2056 450; x_wconf 84' lang='lat' dir='ltr'>VECCI</span> <span class='ocrx_word' id='word_1_5' title='bbox 2088 385 2105 446; x_wconf 85' lang='lat' dir='ltr'><strong>f</strong></span> 
     </span>
    </p>
   </div>
   <div class='ocr_carea' id='block_1_2' title="bbox 2189 380 3858 455">
    <p class='ocr_par' dir='ltr' id='par_1_2' title="bbox 2189 381 3858 450">
     <span class='ocr_line' id='line_1_2' title="bbox 2189 381 3858 450; baseline 0 -2"><span class='ocrx_word' id='word_1_6' title='bbox 2189 428 2204 448; x_wconf 90' lang='lat'><em>.</em></span> <span class='ocrx_word' id='word_1_7' title='bbox 2237 381 2776 446; x_wconf 74' lang='lat' dir='ltr'><strong>PATRIARCILE.</strong></span> <span class='ocrx_word' id='word_1_8' title='bbox 3745 387 3858 450; x_wconf 79' lang='grc'><strong>196</strong></span> 
     </span>
    </p>
   </div>
   <div class='ocr_carea' id='block_1_3' title="bbox 463 515 2105 604">
    <p class='ocr_par' dir='ltr' id='par_1_3' title="bbox 463 518 2105 604">
     <span class='ocr_line' id='line_1_3' title="bbox 463 518 2105 604; baseline -0.001 -22"><span class='ocrx_word' id='word_1_9' title='bbox 463 530 646 603; x_wconf 89' lang='lat' dir='ltr'><strong>ctum,</strong></span> <span class='ocrx_word' id='word_1_10' title='bbox 683 524 1070 595; x_wconf 86' lang='lat' dir='ltr'><strong>Paracletum,</strong></span> <span class='ocrx_word' id='word_1_11' title='bbox 1108 523 1165 584; x_wconf 92' lang='lat' dir='ltr'><strong>in</strong></span> <span class='ocrx_word' id='word_1_12' title='bbox 1203 542 1318 604; x_wconf 90' lang='lat' dir='ltr'><strong>quo</strong></span> <span class='ocrx_word' id='word_1_13' title='bbox 1351 519 1643 598; x_wconf 82' lang='lat' dir='ltr'><strong>obsignati</strong></span> <span class='ocrx_word' id='word_1_14' title='bbox 1689 537 1898 581; x_wconf 91' lang='lat' dir='ltr'><strong>sumus</strong></span> <span class='ocrx_word' id='word_1_15' title='bbox 1929 518 1988 579; x_wconf 90' lang='lat' dir='ltr'><strong>in</strong></span> <span class='ocrx_word' id='word_1_16' title='bbox 2021 519 2105 582; x_wconf 74' lang='lat' dir='ltr'><strong>die</strong></span> 
     </span>
    </p>
   </div>
   <div class='ocr_carea' id='block_1_4' title="bbox 2189 515 3854 604">
    <p class='ocr_par' dir='ltr' id='par_1_4' title="bbox 2201 515 3854 600">
     <span class='ocr_line' id='line_1_4' title="bbox 2201 515 3854 600; baseline 0.001 -26"><span class='ocrx_word' id='word_1_17' title='bbox 2201 516 2565 595; x_wconf 82' lang='grc' dir='ltr'>Παράκλητον,</span> <span class='ocrx_word' id='word_1_18' title='bbox 2607 517 2667 572; x_wconf 89' lang='lat'><strong>16</strong></span> <span class='ocrx_word' id='word_1_19' title='bbox 2725 521 2937 590; x_wconf 85' lang='grc' dir='ltr'>Πνεῦμα</span> <span class='ocrx_word' id='word_1_20' title='bbox 2989 521 3088 582; x_wconf 76' lang='grc' dir='ltr'>τῆς</span> <span class='ocrx_word' id='word_1_21' title='bbox 3146 515 3422 600; x_wconf 86' lang='grc' dir='ltr'>ἀληθείας,</span> <span class='ocrx_word' id='word_1_22' title='bbox 3468 520 3522 576; x_wconf 89' lang='grc' dir='ltr'><strong>ἐν</strong></span> <span class='ocrx_word' id='word_1_23' title='bbox 3579 524 3626 596; x_wconf 80' lang='grc' dir='ltr'>ᾧ</span> <span class='ocrx_word' id='word_1_24' title='bbox 3654 524 3854 600; x_wconf 65' lang='grc' dir='ltr'>ἐσφρα-</span> 
     </span>
    </p>
   </div>
   <div class='ocr_carea' id='block_1_5' title="bbox 463 604 2105 693">
    <p class='ocr_par' dir='ltr' id='par_1_5' title="bbox 463 607 2105 693">
     <span class='ocr_line' id='line_1_5' title="bbox 463 607 2105 693; baseline -0.002 -22"><span class='ocrx_word' id='word_1_25' title='bbox 463 611 916 693; x_wconf 87' lang='lat' dir='ltr'><strong>redemptionis,</strong></span> <span class='ocrx_word' id='word_1_26' title='bbox 949 613 1234 692; x_wconf 79' lang='lat' dir='ltr'><strong>Spiritum</strong></span> <span class='ocrx_word' id='word_1_27' title='bbox 1271 610 1554 681; x_wconf 74' lang='lat' dir='ltr'><strong>veritatis,</strong></span> <span class='ocrx_word' id='word_1_28' title='bbox 1609 607 1891 688; x_wconf 78' lang='lat' dir='ltr'><strong>Spiritum</strong></span> <span class='ocrx_word' id='word_1_29' title='bbox 1924 608 2105 689; x_wconf 85' lang='lat' dir='ltr'><strong>adop-</strong></span> 
     </span>
    </p>
   </div>
   <div class='ocr_carea' id='block_1_6' title="bbox 2189 604 3858 693">
    <p class='ocr_par' dir='ltr' id='par_1_6' title="bbox 2199 604 3858 686">
     <span class='ocr_line' id='line_1_6' title="bbox 2199 604 3858 686; baseline 0.003 -24"><span class='ocrx_word' id='word_1_30' title='bbox 2199 608 2452 685; x_wconf 89' lang='grc' dir='ltr'>γίσθημεν</span> <span class='ocrx_word' id='word_1_31' title='bbox 2534 607 2607 670; x_wconf 83' lang='grc' dir='ltr'><strong>εἰς</strong></span> <span class='ocrx_word' id='word_1_32' title='bbox 2680 604 2881 679; x_wconf 79' lang='grc' dir='ltr'><strong>ἡμέραν</strong></span> <span class='ocrx_word' id='word_1_33' title='bbox 2968 604 3384 685; x_wconf 81' lang='grc' dir='ltr'><strong>ἀπολυτρώσεως</strong></span> <span class='ocrx_word' id='word_1_34' title='bbox 3421 625 3434 640; x_wconf 76' lang='grc'><strong>⁸</strong></span> <span class='ocrx_word' id='word_1_35' title='bbox 3532 610 3595 666; x_wconf 88' lang='lat'><strong>16</strong></span> <span class='ocrx_word' id='word_1_36' title='bbox 3649 613 3858 686; x_wconf 78' lang='grc' dir='ltr'>Πνεῦμα</span> 
     </span>
    </p>
   </div>
   <div class='ocr_carea' id='block_1_7' title="bbox 464 693 2105 781">
    <p class='ocr_par' dir='ltr' id='par_1_7' title="bbox 464 696 2105 781">
     <span class='ocr_line' id='line_1_7' title="bbox 464 696 2105 781; baseline -0.001 -23"><span class='ocrx_word' id='word_1_37' title='bbox 464 699 641 760; x_wconf 88' lang='lat' dir='ltr'><strong>tionis</strong></span> <span class='ocrx_word' id='word_1_38' title='bbox 671 701 732 761; x_wconf 91' lang='lat' dir='ltr'><strong>in</strong></span> <span class='ocrx_word' id='word_1_39' title='bbox 767 721 884 781; x_wconf 81' lang='lat' dir='ltr'><strong>qno</strong></span> <span class='ocrx_word' id='word_1_40' title='bbox 935 702 1282 766; x_wconf 81' lang='lat' dir='ltr'><strong>clamamus.</strong></span> <span class='ocrx_word' id='word_1_41' title='bbox 1319 698 1484 760; x_wconf 88' lang='lat' dir='ltr'><strong>Abba</strong></span> <span class='ocrx_word' id='word_1_42' title='bbox 1519 701 1712 769; x_wconf 88' lang='lat' dir='ltr'><strong>Pater,</strong></span> <span class='ocrx_word' id='word_1_43' title='bbox 1770 696 1869 776; x_wconf 90' lang='lat' dir='ltr'><strong>qui</strong></span> <span class='ocrx_word' id='word_1_44' title='bbox 1904 696 2105 757; x_wconf 86' lang='lat' dir='ltr'><strong>dividit</strong></span> 
     </span>
    </p>
   </div>
   <div class='ocr_carea' id='block_1_8' title="bbox 2189 693 3856 781">
    <p class='ocr_par' dir='ltr' id='par_1_8' title="bbox 2198 693 3856 778">
     <span class='ocr_line' id='line_1_8' title="bbox 2198 693 3856 778; baseline 0.003 -28"><span class='ocrx_word' id='word_1_45' title='bbox 2198 701 2296 760; x_wconf 82' lang='grc' dir='ltr'><strong>τῆς</strong></span> <span class='ocrx_word' id='word_1_46' title='bbox 2330 695 2601 768; x_wconf 75' lang='grc' dir='ltr'><strong>υἱοθεσίας,</strong></span> <span class='ocrx_word' id='word_1_47' title='bbox 2676 693 2729 749; x_wconf 92' lang='grc' dir='ltr'><strong>ἐν</strong></span> <span class='ocrx_word' id='word_1_48' title='bbox 2799 699 2845 767; x_wconf 83' lang='grc' dir='ltr'>ᾧ</span> <span class='ocrx_word' id='word_1_49' title='bbox 2915 694 3196 771; x_wconf 74' lang='grc' dir='ltr'>κράζομεν,</span> <span class='ocrx_word' id='word_1_50' title='bbox 3260 695 3426 753; x_wconf 82' lang='grc' dir='ltr'><strong>Ἀϐϐἆ</strong></span> <span class='ocrx_word' id='word_1_51' title='bbox 3455 699 3483 754; x_wconf 91' lang='lat'><strong>6</strong></span> <span class='ocrx_word' id='word_1_52' title='bbox 3529 699 3737 778; x_wconf 79' lang='grc' dir='ltr'>Πατὴρ,</span> <span class='ocrx_word' id='word_1_53' title='bbox 3796 701 3856 755; x_wconf 84' lang='grc' dir='ltr'>τὸ</span> 
     </span>
    </p>
   </div>
   <div class='ocr_carea' id='block_1_9' title="bbox 463 783 2111 868">
    <p class='ocr_par' dir='ltr' id='par_1_9' title="bbox 463 783 2111 868">
     <span class='ocr_line' id='line_1_9' title="bbox 463 783 2111 868; baseline 0 -22"><span class='ocrx_word' id='word_1_54' title='bbox 463 795 520 846; x_wconf 92' lang='lat' dir='ltr'><strong>et</strong></span> <span class='ocrx_word' id='word_1_55' title='bbox 553 788 870 850; x_wconf 86' lang='lat' dir='ltr'><strong>efﬁcaciter</strong></span> <span class='ocrx_word' id='word_1_56' title='bbox 916 797 1196 868; x_wconf 88' lang='lat' dir='ltr'><strong>operatur</strong></span> <span class='ocrx_word' id='word_1_57' title='bbox 1251 788 1437 860; x_wconf 90' lang='lat' dir='ltr'><strong>dona,</strong></span> <span class='ocrx_word' id='word_1_58' title='bbox 1474 803 1604 864; x_wconf 67' lang='lat' dir='ltr'><strong>quae</strong></span> <span class='ocrx_word' id='word_1_59' title='bbox 1642 803 1676 845; x_wconf 90' lang='lat' dir='ltr'><strong>a</strong></span> <span class='ocrx_word' id='word_1_60' title='bbox 1709 783 1830 845; x_wconf 90' lang='lat' dir='ltr'><strong>Deo</strong></span> <span class='ocrx_word' id='word_1_61' title='bbox 1877 784 2111 864; x_wconf 86' lang='lat' dir='ltr'><strong>dantur,</strong></span> 
     </span>
    </p>
   </div>
   <div class='ocr_carea' id='block_1_10' title="bbox 463 872 2116 958">
    <p class='ocr_par' dir='ltr' id='par_1_10' title="bbox 463 872 2116 958">
     <span class='ocr_line' id='line_1_10' title="bbox 463 872 2116 958; baseline 0.001 -24"><span class='ocrx_word' id='word_1_62' title='bbox 463 877 730 954; x_wconf 82' lang='lat' dir='ltr'><strong>singulis,</strong></span> <span class='ocrx_word' id='word_1_63' title='bbox 783 887 956 958; x_wconf 90' lang='lat' dir='ltr'><strong>prout</strong></span> <span class='ocrx_word' id='word_1_64' title='bbox 1002 879 1142 951; x_wconf 89' lang='lat' dir='ltr'><strong>vult,</strong></span> <span class='ocrx_word' id='word_1_65' title='bbox 1178 877 1246 937; x_wconf 87' lang='lat' dir='ltr'><strong>ad</strong></span> <span class='ocrx_word' id='word_1_66' title='bbox 1285 876 1599 937; x_wconf 85' lang='lat' dir='ltr'><strong>utilitatem</strong></span> <span class='ocrx_word' id='word_1_67' title='bbox 1629 893 1642 936; x_wconf 90' lang='lat'>:</span> <span class='ocrx_word' id='word_1_68' title='bbox 1679 872 1990 954; x_wconf 78' lang='lat' dir='ltr'><strong>Spiritum,</strong></span> <span class='ocrx_word' id='word_1_69' title='bbox 2023 874 2116 935; x_wconf 86' lang='lat' dir='ltr'><strong>in-</strong></span> 
     </span>
    </p>
   </div>
   <div class='ocr_carea' id='block_1_11' title="bbox 462 963 2118 1048">
    <p class='ocr_par' dir='ltr' id='par_1_11' title="bbox 462 963 2118 1048">
     <span class='ocr_line' id='line_1_11' title="bbox 462 963 2118 1048; baseline -0.002 -21"><span class='ocrx_word' id='word_1_70' title='bbox 462 984 662 1047; x_wconf 87' lang='lat' dir='ltr'><strong>quam,</strong></span> <span class='ocrx_word' id='word_1_71' title='bbox 703 985 1068 1048; x_wconf 64' lang='lat' dir='ltr'><strong>quaecunque</strong></span> <span class='ocrx_word' id='word_1_72' title='bbox 1117 963 1645 1027; x_wconf 85' lang='lat' dir='ltr'><strong>audiveritaFilio</strong></span> <span class='ocrx_word' id='word_1_73' title='bbox 1697 964 2008 1022; x_wconf 88' lang='lat' dir='ltr'><strong>docentem</strong></span> <span class='ocrx_word' id='word_1_74' title='bbox 2061 973 2118 1024; x_wconf 90' lang='lat' dir='ltr'><strong>et</strong></span> 
     </span>
    </p>
   </div>
   <div class='ocr_carea' id='block_1_12' title="bbox 461 1051 2114 1125">
    <p class='ocr_par' dir='ltr' id='par_1_12' title="bbox 461 1051 2114 1125">
     <span class='ocr_line' id='line_1_12' title="bbox 461 1051 2114 1125; baseline -0.002 -10"><span class='ocrx_word' id='word_1_75' title='bbox 461 1065 944 1117; x_wconf 87' lang='lat' dir='ltr'><strong>commonentem</strong></span> <span class='ocrx_word' id='word_1_76' title='bbox 1004 1057 1253 1118; x_wconf 90' lang='lat' dir='ltr'><strong>omnia:</strong></span> <span class='ocrx_word' id='word_1_77' title='bbox 1308 1054 1551 1125; x_wconf 89' lang='lat' dir='ltr'><strong>bonum,</strong></span> <span class='ocrx_word' id='word_1_78' title='bbox 1607 1051 2001 1112; x_wconf 89' lang='lat' dir='ltr'><strong>deducentem</strong></span> <span class='ocrx_word' id='word_1_79' title='bbox 2055 1052 2114 1112; x_wconf 92' lang='lat' dir='ltr'><strong>in</strong></span> 
     </span>
    </p>
   </div>
   <div class='ocr_carea' id='block_1_13' title="bbox 459 1140 2116 1224">
    <p class='ocr_par' dir='ltr' id='par_1_13' title="bbox 459 1140 2116 1224">
     <span class='ocr_line' id='line_1_13' title="bbox 459 1140 2116 1224; baseline -0.002 -20"><span class='ocrx_word' id='word_1_80' title='bbox 459 1161 696 1205; x_wconf 88' lang='lat' dir='ltr'><strong>omnem</strong></span> <span class='ocrx_word' id='word_1_81' title='bbox 725 1146 1123 1224; x_wconf 79' lang='lat' dir='ltr'><strong>veritatem,et</strong></span> <span class='ocrx_word' id='word_1_82' title='bbox 1147 1144 1596 1205; x_wconf 83' lang='lat' dir='ltr'><strong>confirmantem</strong></span> <span class='ocrx_word' id='word_1_83' title='bbox 1630 1158 1837 1202; x_wconf 89' lang='lat' dir='ltr'><strong>omnes</strong></span> <span class='ocrx_word' id='word_1_84' title='bbox 1867 1140 2116 1201; x_wconf 89' lang='lat' dir='ltr'><strong>creden-</strong></span> 
     </span>
    </p>
   </div>
   <div class='ocr_carea' id='block_1_14' title="bbox 463 1228 2108 1311">
    <p class='ocr_par' dir='ltr' id='par_1_14' title="bbox 463 1228 2108 1311">
     <span class='ocr_line' id='line_1_14' title="bbox 463 1228 2108 1311; baseline -0.001 -21"><span class='ocrx_word' id='word_1_85' title='bbox 463 1238 550 1291; x_wconf 86' lang='lat' dir='ltr'><strong>tes</strong></span> <span class='ocrx_word' id='word_1_86' title='bbox 577 1231 646 1292; x_wconf 90' lang='lat' dir='ltr'><strong>ad</strong></span> <span class='ocrx_word' id='word_1_87' title='bbox 683 1233 1088 1311; x_wconf 82' lang='lat' dir='ltr'><strong>cognitionem</strong></span> <span class='ocrx_word' id='word_1_88' title='bbox 1121 1251 1317 1292; x_wconf 80' lang='lat' dir='ltr'><strong>veram</strong></span> <span class='ocrx_word' id='word_1_89' title='bbox 1374 1239 1430 1292; x_wconf 91' lang='lat' dir='ltr'><strong>et</strong></span> <span class='ocrx_word' id='word_1_90' title='bbox 1460 1237 1745 1301; x_wconf 77' lang='lat' dir='ltr'><strong>exactam,</strong></span> <span class='ocrx_word' id='word_1_91' title='bbox 1799 1238 1855 1288; x_wconf 90' lang='lat' dir='ltr'><strong>et</strong></span> <span class='ocrx_word' id='word_1_92' title='bbox 1887 1228 2108 1289; x_wconf 90' lang='lat' dir='ltr'><strong>cultum</strong></span> 
     </span>
    </p>
   </div>
   <div class='ocr_carea' id='block_1_15' title="bbox 462 1317 2110 1398">
    <p class='ocr_par' dir='ltr' id='par_1_15' title="bbox 462 1317 2110 1398">
     <span class='ocr_line' id='line_1_15' title="bbox 462 1317 2110 1398; baseline -0.002 -18"><span class='ocrx_word' id='word_1_93' title='bbox 462 1318 571 1380; x_wconf 89' lang='lat' dir='ltr'><strong>Dei</strong></span> <span class='ocrx_word' id='word_1_94' title='bbox 601 1319 784 1398; x_wconf 84' lang='lat' dir='ltr'><strong>pium,</strong></span> <span class='ocrx_word' id='word_1_95' title='bbox 824 1328 882 1380; x_wconf 90' lang='lat' dir='ltr'><strong>et</strong></span> <span class='ocrx_word' id='word_1_96' title='bbox 934 1321 1341 1382; x_wconf 87' lang='lat' dir='ltr'><strong>adorationem</strong></span> <span class='ocrx_word' id='word_1_97' title='bbox 1397 1317 1748 1398; x_wconf 80' lang='lat' dir='ltr'><strong>spiritalem,</strong></span> <span class='ocrx_word' id='word_1_98' title='bbox 1807 1325 1867 1377; x_wconf 86' lang='lat' dir='ltr'><strong>ct</strong></span> <span class='ocrx_word' id='word_1_99' title='bbox 1915 1335 2110 1376; x_wconf 87' lang='lat' dir='ltr'><strong>veram</strong></span> 
     </span>
    </p>
   </div>
   <div class='ocr_carea' id='block_1_16' title="bbox 460 1405 2110 1484">
    <p class='ocr_par' dir='ltr' id='par_1_16' title="bbox 460 1405 2110 1484">
     <span class='ocr_line' id='line_1_16' title="bbox 460 1405 2110 1484; baseline 0 -18"><span class='ocrx_word' id='word_1_100' title='bbox 460 1409 798 1470; x_wconf 82' lang='lat' dir='ltr'><strong>confession</strong></span> <span class='ocrx_word' id='word_1_101' title='bbox 818 1428 910 1470; x_wconf 90' lang='lat' dir='ltr'><strong>em</strong></span> <span class='ocrx_word' id='word_1_102' title='bbox 946 1409 1054 1470; x_wconf 91' lang='lat' dir='ltr'><strong>Dei</strong></span> <span class='ocrx_word' id='word_1_103' title='bbox 1101 1409 1286 1470; x_wconf 86' lang='lat' dir='ltr'><strong>Patris</strong></span> <span class='ocrx_word' id='word_1_104' title='bbox 1344 1406 1752 1484; x_wconf 75' lang='lat' dir='ltr'><strong>unigenitique</strong></span> <span class='ocrx_word' id='word_1_105' title='bbox 1785 1406 1912 1484; x_wconf 87' lang='lat' dir='ltr'><strong>ejus</strong></span> <span class='ocrx_word' id='word_1_106' title='bbox 1952 1405 2110 1480; x_wconf 86' lang='lat' dir='ltr'><strong>Filii,</strong></span> 
     </span>
    </p>
   </div>
   <div class='ocr_carea' id='block_1_17' title="bbox 460 1494 2117 1576">
    <p class='ocr_par' dir='ltr' id='par_1_17' title="bbox 460 1494 2117 1576">
     <span class='ocr_line' id='line_1_17' title="bbox 460 1494 2117 1576; baseline -0.002 -19"><span class='ocrx_word' id='word_1_107' title='bbox 460 1496 832 1576; x_wconf 89' lang='lat' dir='ltr'><strong>Dominique</strong></span> <span class='ocrx_word' id='word_1_108' title='bbox 868 1517 934 1558; x_wconf 91' lang='lat' dir='ltr'><strong>ac</strong></span> <span class='ocrx_word' id='word_1_109' title='bbox 964 1497 1072 1559; x_wconf 87' lang='lat' dir='ltr'><strong>Dei</strong></span> <span class='ocrx_word' id='word_1_110' title='bbox 1106 1497 1295 1558; x_wconf 87' lang='lat' dir='ltr'><strong>nostri</strong></span> <span class='ocrx_word' id='word_1_111' title='bbox 1321 1496 1459 1558; x_wconf 86' lang='lat' dir='ltr'><strong>Jesu</strong></span> <span class='ocrx_word' id='word_1_112' title='bbox 1488 1494 1704 1557; x_wconf 79' lang='lat' dir='ltr'><strong>Clirlsti</strong></span> <span class='ocrx_word' id='word_1_113' title='bbox 1750 1494 1817 1554; x_wconf 80' lang='lat' dir='ltr'><strong>Et</strong></span> <span class='ocrx_word' id='word_1_114' title='bbox 1849 1494 2117 1574; x_wconf 67' lang='lat' dir='ltr'><strong>haacipsa</strong></span> 
     </span>
    </p>
   </div>
   <div class='ocr_carea' id='block_1_18' title="bbox 461 1584 2120 1664">
    <p class='ocr_par' dir='ltr' id='par_1_18' title="bbox 461 1584 2120 1664">
     <span class='ocr_line' id='line_1_18' title="bbox 461 1584 2120 1664; baseline -0.004 -18"><span class='ocrx_word' id='word_1_115' title='bbox 461 1585 752 1664; x_wconf 85' lang='lat' dir='ltr'><strong>equidem</strong></span> <span class='ocrx_word' id='word_1_116' title='bbox 787 1586 901 1648; x_wconf 92' lang='lat' dir='ltr'><strong>tria</strong></span> <span class='ocrx_word' id='word_1_117' title='bbox 930 1585 1174 1648; x_wconf 88' lang='lat' dir='ltr'><strong>nomina</strong></span> <span class='ocrx_word' id='word_1_118' title='bbox 1204 1603 1472 1646; x_wconf 84' lang='lat' dir='ltr'><strong>seorsum</strong></span> <span class='ocrx_word' id='word_1_119' title='bbox 1497 1584 1725 1661; x_wconf 80' lang='lat' dir='ltr'><strong>singula</strong></span> <span class='ocrx_word' id='word_1_120' title='bbox 1748 1602 1909 1644; x_wconf 88' lang='lat' dir='ltr'><strong>suam</strong></span> <span class='ocrx_word' id='word_1_121' title='bbox 1945 1602 2120 1663; x_wconf 88' lang='lat' dir='ltr'><strong>pecu-</strong></span> 
     </span>
    </p>
   </div>
   <div class='ocr_carea' id='block_1_19' title="bbox 2200 781 3855 867">
    <p class='ocr_par' dir='ltr' id='par_1_19' title="bbox 2200 781 3855 867">
     <span class='ocr_line' id='line_1_19' title="bbox 2200 781 3855 867; baseline 0.003 -29"><span class='ocrx_word' id='word_1_122' title='bbox 2200 781 2422 862; x_wconf 78' lang='grc' dir='ltr'><strong>διαιροῦν</strong></span> <span class='ocrx_word' id='word_1_123' title='bbox 2479 783 2565 839; x_wconf 86' lang='grc' dir='ltr'><strong>καὶ</strong></span> <span class='ocrx_word' id='word_1_124' title='bbox 2621 781 2859 860; x_wconf 81' lang='grc' dir='ltr'>ἐνεργοῦν</span> <span class='ocrx_word' id='word_1_125' title='bbox 2902 783 2969 837; x_wconf 81' lang='grc' dir='ltr'><strong>τὰ</strong></span> <span class='ocrx_word' id='word_1_126' title='bbox 3020 785 3162 862; x_wconf 79' lang='grc' dir='ltr'>παρὰ</span> <span class='ocrx_word' id='word_1_127' title='bbox 3205 784 3295 840; x_wconf 91' lang='grc' dir='ltr'><strong>τοῦ</strong></span> <span class='ocrx_word' id='word_1_128' title='bbox 3365 793 3495 841; x_wconf 88' lang='grc' dir='ltr'>Θεοῦ</span> <span class='ocrx_word' id='word_1_129' title='bbox 3553 789 3855 867; x_wconf 75' lang='grc' dir='ltr'>χαρίσματα</span> 
     </span>
    </p>
   </div>
   <div class='ocr_carea' id='block_1_20' title="bbox 2202 869 3851 950">
    <p class='ocr_par' dir='ltr' id='par_1_20' title="bbox 2202 869 3851 950">
     <span class='ocr_line' id='line_1_20' title="bbox 2202 869 3851 950; baseline 0.004 -24"><span class='ocrx_word' id='word_1_130' title='bbox 2202 872 2406 945; x_wconf 72' lang='grc' dir='ltr'>ἑκάστῳ</span> <span class='ocrx_word' id='word_1_131' title='bbox 2433 873 2564 948; x_wconf 79' lang='grc' dir='ltr'>πρὸς</span> <span class='ocrx_word' id='word_1_132' title='bbox 2609 873 2669 926; x_wconf 82' lang='grc' dir='ltr'><strong>τὸ</strong></span> <span class='ocrx_word' id='word_1_133' title='bbox 2709 869 2992 950; x_wconf 77' lang='grc' dir='ltr'>συμφέρον,</span> <span class='ocrx_word' id='word_1_134' title='bbox 3054 874 3227 937; x_wconf 86' lang='grc' dir='ltr'>καθὼς</span> <span class='ocrx_word' id='word_1_135' title='bbox 3284 873 3526 950; x_wconf 77' lang='grc' dir='ltr'>βούλεται</span> <span class='ocrx_word' id='word_1_136' title='bbox 3576 895 3589 908; x_wconf 84' lang='grc'><strong>’</strong></span> <span class='ocrx_word' id='word_1_137' title='bbox 3661 879 3722 932; x_wconf 83' lang='lat'><strong>16</strong></span> <span class='ocrx_word' id='word_1_138' title='bbox 3767 874 3851 932; x_wconf 89' lang='grc' dir='ltr'>δι-</span> 
     </span>
    </p>
   </div>
   <div class='ocr_carea' id='block_1_21' title="bbox 2199 957 3854 1044">
    <p class='ocr_par' dir='ltr' id='par_1_21' title="bbox 2199 957 3854 1044">
     <span class='ocr_line' id='line_1_21' title="bbox 2199 957 3854 1044; baseline 0.004 -30"><span class='ocrx_word' id='word_1_139' title='bbox 2199 957 2391 1016; x_wconf 79' lang='grc' dir='ltr'>δάσκον</span> <span class='ocrx_word' id='word_1_140' title='bbox 2448 961 2534 1016; x_wconf 85' lang='grc' dir='ltr'>καὶ</span> <span class='ocrx_word' id='word_1_141' title='bbox 2585 960 2988 1035; x_wconf 81' lang='grc' dir='ltr'>ὑπομιμνῆσκον</span> <span class='ocrx_word' id='word_1_142' title='bbox 3039 961 3234 1039; x_wconf 77' lang='grc' dir='ltr'>πάντα,</span> <span class='ocrx_word' id='word_1_143' title='bbox 3298 963 3395 1019; x_wconf 86' lang='grc' dir='ltr'>ὃσα</span> <span class='ocrx_word' id='word_1_144' title='bbox 3476 964 3652 1021; x_wconf 87' lang='grc' dir='ltr'>ἀκούει</span> <span class='ocrx_word' id='word_1_145' title='bbox 3713 965 3854 1044; x_wconf 77' lang='grc' dir='ltr'>παρὰ</span> 
     </span>
    </p>
   </div>
   <div class='ocr_carea' id='block_1_22' title="bbox 2197 1048 3853 1131">
    <p class='ocr_par' dir='ltr' id='par_1_22' title="bbox 2197 1048 3853 1131">
     <span class='ocr_line' id='line_1_22' title="bbox 2197 1048 3853 1131; baseline 0.002 -27"><span class='ocrx_word' id='word_1_146' title='bbox 2197 1056 2289 1104; x_wconf 88' lang='grc' dir='ltr'><strong>τοῦ</strong></span> <span class='ocrx_word' id='word_1_147' title='bbox 2359 1051 2480 1106; x_wconf 76' lang='grc' dir='ltr'>Υἱοῦ</span> <span class='ocrx_word' id='word_1_148' title='bbox 2527 1067 2542 1082; x_wconf 74' lang='grc'><strong><em>⁸</em></strong></span> <span class='ocrx_word' id='word_1_149' title='bbox 2600 1051 2660 1104; x_wconf 84' lang='grc' dir='ltr'>τὸ</span> <span class='ocrx_word' id='word_1_150' title='bbox 2717 1048 2935 1125; x_wconf 83' lang='grc' dir='ltr'>ἀγαθὸν,</span> <span class='ocrx_word' id='word_1_151' title='bbox 2997 1051 3057 1105; x_wconf 84' lang='grc' dir='ltr'>τὸ</span> <span class='ocrx_word' id='word_1_152' title='bbox 3106 1049 3329 1131; x_wconf 78' lang='grc' dir='ltr'>ὃδηγοῦν</span> <span class='ocrx_word' id='word_1_153' title='bbox 3397 1053 3470 1118; x_wconf 82' lang='grc' dir='ltr'>εἰς</span> <span class='ocrx_word' id='word_1_154' title='bbox 3526 1061 3700 1111; x_wconf 82' lang='grc' dir='ltr'>πᾶσαν</span> <span class='ocrx_word' id='word_1_155' title='bbox 3754 1055 3853 1109; x_wconf 60' lang='grc' dir='ltr'>τὴν</span> 
     </span>
    </p>
   </div>
   <div class='ocr_carea' id='block_1_23' title="bbox 2196 1137 3846 1216">
    <p class='ocr_par' dir='ltr' id='par_1_23' title="bbox 2196 1137 3846 1216">
     <span class='ocr_line' id='line_1_23' title="bbox 2196 1137 3846 1216; baseline 0.002 -22"><span class='ocrx_word' id='word_1_156' title='bbox 2196 1137 2470 1212; x_wconf 79' lang='grc' dir='ltr'>ἀλήθειαν,</span> <span class='ocrx_word' id='word_1_157' title='bbox 2533 1139 2619 1193; x_wconf 88' lang='grc' dir='ltr'><strong>καὶ</strong></span> <span class='ocrx_word' id='word_1_158' title='bbox 2685 1138 2925 1216; x_wconf 78' lang='grc' dir='ltr'>στηρίζον</span> <span class='ocrx_word' id='word_1_159' title='bbox 3002 1141 3200 1206; x_wconf 77' lang='grc' dir='ltr'>πάντας</span> <span class='ocrx_word' id='word_1_160' title='bbox 3286 1142 3408 1205; x_wconf 83' lang='grc' dir='ltr'>τοὺς</span> <span class='ocrx_word' id='word_1_161' title='bbox 3502 1143 3846 1206; x_wconf 81' lang='grc' dir='ltr'>πιστεύοντας</span> 
     </span>
    </p>
   </div>
   <div class='ocr_carea' id='block_1_24' title="bbox 2194 1225 3855 1310">
    <p class='ocr_par' dir='ltr' id='par_1_24' title="bbox 2194 1225 3855 1310">
     <span class='ocr_line' id='line_1_24' title="bbox 2194 1225 3855 1310; baseline 0.003 -29"><span class='ocrx_word' id='word_1_162' title='bbox 2194 1227 2324 1304; x_wconf 82' lang='grc' dir='ltr'>πρὸς</span> <span class='ocrx_word' id='word_1_163' title='bbox 2379 1233 2572 1304; x_wconf 84' lang='grc' dir='ltr'>γνῶσιν</span> <span class='ocrx_word' id='word_1_164' title='bbox 2643 1225 2876 1306; x_wconf 80' lang='grc' dir='ltr'>ἀσφαλῆ,</span> <span class='ocrx_word' id='word_1_165' title='bbox 2957 1229 3045 1283; x_wconf 89' lang='grc' dir='ltr'><strong>καὶ</strong></span> <span class='ocrx_word' id='word_1_166' title='bbox 3128 1227 3416 1308; x_wconf 78' lang='grc' dir='ltr'>ὁμολογίαν</span> <span class='ocrx_word' id='word_1_167' title='bbox 3492 1229 3708 1310; x_wconf 76' lang='grc' dir='ltr'>ἀκριϐῆ,</span> <span class='ocrx_word' id='word_1_168' title='bbox 3767 1240 3855 1295; x_wconf 89' lang='grc' dir='ltr'><strong>καὶ</strong></span> 
     </span>
    </p>
   </div>
   <div class='ocr_carea' id='block_1_25' title="bbox 2194 1316 3851 1398">
    <p class='ocr_par' dir='ltr' id='par_1_25' title="bbox 2194 1316 3851 1398">
     <span class='ocr_line' id='line_1_25' title="bbox 2194 1316 3851 1398; baseline 0.004 -28"><span class='ocrx_word' id='word_1_169' title='bbox 2194 1317 2561 1393; x_wconf 86' lang='grc' dir='ltr'>πρωσκύνησιν</span> <span class='ocrx_word' id='word_1_170' title='bbox 2623 1316 2984 1389; x_wconf 75' lang='grc' dir='ltr'>πνευματικὴν</span> <span class='ocrx_word' id='word_1_171' title='bbox 3058 1319 3148 1373; x_wconf 86' lang='grc' dir='ltr'><strong>καὶ</strong></span> <span class='ocrx_word' id='word_1_172' title='bbox 3225 1316 3400 1386; x_wconf 81' lang='grc' dir='ltr'><strong>ἀληθῆ</strong></span> <span class='ocrx_word' id='word_1_173' title='bbox 3451 1326 3583 1377; x_wconf 87' lang='grc' dir='ltr'>Θεου</span> <span class='ocrx_word' id='word_1_174' title='bbox 3642 1322 3851 1398; x_wconf 83' lang='grc' dir='ltr'>Πατρὸς</span> 
     </span>
    </p>
   </div>
   <div class='ocr_carea' id='block_1_26' title="bbox 2196 1408 3856 1490">
    <p class='ocr_par' dir='ltr' id='par_1_26' title="bbox 2196 1408 3856 1490">
     <span class='ocr_line' id='line_1_26' title="bbox 2196 1408 3856 1490; baseline 0.002 -27"><span class='ocrx_word' id='word_1_175' title='bbox 2196 1409 2284 1463; x_wconf 90' lang='grc' dir='ltr'><strong>καὶ</strong></span> <span class='ocrx_word' id='word_1_176' title='bbox 2363 1417 2454 1466; x_wconf 78' lang='grc' dir='ltr'><strong>τοῦ</strong></span> <span class='ocrx_word' id='word_1_177' title='bbox 2524 1409 2836 1486; x_wconf 81' lang='grc' dir='ltr'>μονογενοῦς</span> <span class='ocrx_word' id='word_1_178' title='bbox 2926 1408 3082 1464; x_wconf 74' lang='grc' dir='ltr'>αὐτοῦ</span> <span class='ocrx_word' id='word_1_179' title='bbox 3167 1412 3286 1466; x_wconf 75' lang='grc' dir='ltr'>Υίοῦ</span> <span class='ocrx_word' id='word_1_180' title='bbox 3382 1417 3476 1466; x_wconf 88' lang='grc' dir='ltr'><strong>τοῦ</strong></span> <span class='ocrx_word' id='word_1_181' title='bbox 3532 1413 3718 1490; x_wconf 79' lang='grc' dir='ltr'>Κυρίου</span> <span class='ocrx_word' id='word_1_182' title='bbox 3765 1412 3856 1467; x_wconf 84' lang='grc' dir='ltr'><strong>καὶ</strong></span> 
     </span>
    </p>
   </div>
   <div class='ocr_carea' id='block_1_27' title="bbox 2198 1494 3856 1574">
    <p class='ocr_par' dir='ltr' id='par_1_27' title="bbox 2198 1494 3856 1574">
     <span class='ocr_line' id='line_1_27' title="bbox 2198 1494 3856 1574; baseline 0.001 -22"><span class='ocrx_word' id='word_1_183' title='bbox 2198 1503 2328 1552; x_wconf 82' lang='grc' dir='ltr'>Θεοῦ</span> <span class='ocrx_word' id='word_1_184' title='bbox 2395 1498 2548 1571; x_wconf 73' lang='grc' dir='ltr'>ἡμῶν</span> <span class='ocrx_word' id='word_1_185' title='bbox 2620 1494 2794 1562; x_wconf 89' lang='grc' dir='ltr'>ἰησοῦ</span> <span class='ocrx_word' id='word_1_186' title='bbox 2879 1499 3128 1574; x_wconf 83' lang='grc' dir='ltr'>Χριστοῦ.</span> <span class='ocrx_word' id='word_1_187' title='bbox 3208 1500 3303 1555; x_wconf 80' lang='grc' dir='ltr'><strong>Καὶ</strong></span> <span class='ocrx_word' id='word_1_188' title='bbox 3375 1499 3558 1555; x_wconf 75' lang='grc' dir='ltr'>ἑαυτοῦ</span> <span class='ocrx_word' id='word_1_189' title='bbox 3625 1501 3856 1556; x_wconf 84' lang='grc' dir='ltr'>ἑκάστου</span> 
     </span>
    </p>
   </div>
   <div class='ocr_carea' id='block_1_28' title="bbox 2200 1583 3855 1668">
    <p class='ocr_par' dir='ltr' id='par_1_28' title="bbox 2200 1583 3855 1668">
     <span class='ocr_line' id='line_1_28' title="bbox 2200 1583 3855 1668; baseline 0.001 -28"><span class='ocrx_word' id='word_1_190' title='bbox 2200 1583 2458 1659; x_wconf 82' lang='grc' dir='ltr'>ὀνόματος</span> <span class='ocrx_word' id='word_1_191' title='bbox 2525 1584 2624 1651; x_wconf 70' lang='grc' dir='ltr'>τὴν</span> <span class='ocrx_word' id='word_1_192' title='bbox 2711 1590 2802 1640; x_wconf 92' lang='grc' dir='ltr'><strong>τοῦ</strong></span> <span class='ocrx_word' id='word_1_193' title='bbox 2898 1585 3288 1660; x_wconf 72' lang='grc' dir='ltr'>ὀνομαζομένου</span> <span class='ocrx_word' id='word_1_194' title='bbox 3355 1585 3594 1655; x_wconf 78' lang='grc' dir='ltr'>ἰδιότητα</span> <span class='ocrx_word' id='word_1_195' title='bbox 3669 1590 3855 1668; x_wconf 78' lang='grc' dir='ltr'>σαφῶς</span> 
     </span>
    </p>
   </div>
   <div class='ocr_carea' id='block_1_29' title="bbox 462 1671 2105 1754">
    <p class='ocr_par' dir='ltr' id='par_1_29' title="bbox 462 1673 2105 1754">
     <span class='ocr_line' id='line_1_29' title="bbox 462 1673 2105 1754; baseline -0.001 -21"><span class='ocrx_word' id='word_1_196' title='bbox 462 1673 668 1736; x_wconf 87' lang='lat' dir='ltr'><strong>liarem</strong></span> <span class='ocrx_word' id='word_1_197' title='bbox 703 1675 1018 1754; x_wconf 87' lang='lat' dir='ltr'><strong>quamdam</strong></span> <span class='ocrx_word' id='word_1_198' title='bbox 1057 1675 1498 1754; x_wconf 70' lang='lat' dir='ltr'><strong>proprietatem</strong></span> <span class='ocrx_word' id='word_1_199' title='bbox 1546 1682 1748 1753; x_wconf 82' lang='lat' dir='ltr'><strong>aperte</strong></span> <span class='ocrx_word' id='word_1_200' title='bbox 1781 1673 2105 1751; x_wconf 81' lang='lat' dir='ltr'><strong>slgnificant</strong></span> 
     </span>
    </p>
   </div>
   <div class='ocr_carea' id='block_1_30' title="bbox 2189 1671 3858 1754">
    <p class='ocr_par' dir='ltr' id='par_1_30' title="bbox 2201 1671 3858 1753">
     <span class='ocr_line' id='line_1_30' title="bbox 2201 1671 3858 1753; baseline 0.004 -24"><span class='ocrx_word' id='word_1_201' title='bbox 2201 1675 2336 1749; x_wconf 76' lang='grc' dir='ltr'>ἡμῖν</span> <span class='ocrx_word' id='word_1_202' title='bbox 2379 1671 2784 1752; x_wconf 81' lang='grc' dir='ltr'>διευκρινοῦντος</span> <span class='ocrx_word' id='word_1_203' title='bbox 2824 1687 2838 1701; x_wconf 89' lang='grc'>⁶</span> <span class='ocrx_word' id='word_1_204' title='bbox 2902 1675 2987 1729; x_wconf 88' lang='grc' dir='ltr'><strong>καὶ</strong></span> <span class='ocrx_word' id='word_1_205' title='bbox 3037 1675 3154 1753; x_wconf 87' lang='grc' dir='ltr'>περὶ</span> <span class='ocrx_word' id='word_1_206' title='bbox 3207 1673 3428 1732; x_wconf 77' lang='grc' dir='ltr'>ἕκαστον</span> <span class='ocrx_word' id='word_1_207' title='bbox 3483 1683 3590 1733; x_wconf 88' lang='grc' dir='ltr'><strong>τῶν</strong></span> <span class='ocrx_word' id='word_1_208' title='bbox 3649 1678 3858 1752; x_wconf 84' lang='grc' dir='ltr'>ὀνομα-</span> 
     </span>
    </p>
   </div>
   <div class='ocr_carea' id='block_1_31' title="bbox 457 1760 2105 1842">
    <p class='ocr_par' dir='ltr' id='par_1_31' title="bbox 457 1760 2105 1842">
     <span class='ocr_line' id='line_1_31' title="bbox 457 1760 2105 1842; baseline 0 -22"><span class='ocrx_word' id='word_1_209' title='bbox 457 1781 588 1842; x_wconf 72' lang='lat' dir='ltr'><strong>quae</strong></span> <span class='ocrx_word' id='word_1_210' title='bbox 619 1765 713 1842; x_wconf 90' lang='lat' dir='ltr'><strong>pie</strong></span> <span class='ocrx_word' id='word_1_211' title='bbox 744 1763 1026 1825; x_wconf 90' lang='lat' dir='ltr'><strong>consider</strong></span> <span class='ocrx_word' id='word_1_212' title='bbox 1047 1765 1134 1826; x_wconf 89' lang='lat' dir='ltr'><strong>ari</strong></span> <span class='ocrx_word' id='word_1_213' title='bbox 1167 1764 1228 1826; x_wconf 90' lang='lat' dir='ltr'><strong>in</strong></span> <span class='ocrx_word' id='word_1_214' title='bbox 1272 1763 1420 1842; x_wconf 88' lang='lat' dir='ltr'><strong>ipsis</strong></span> <span class='ocrx_word' id='word_1_215' title='bbox 1456 1773 1621 1842; x_wconf 91' lang='lat' dir='ltr'><strong>potes</strong></span> <span class='ocrx_word' id='word_1_216' title='bbox 1664 1770 1838 1840; x_wconf 88' lang='lat' dir='ltr'><strong>atque</strong></span> <span class='ocrx_word' id='word_1_217' title='bbox 1870 1763 1930 1823; x_wconf 90' lang='lat' dir='ltr'><strong>in</strong></span> <span class='ocrx_word' id='word_1_218' title='bbox 1954 1760 2105 1821; x_wconf 65' lang='lat' dir='ltr'><strong>Patre</strong></span> 
     </span>
    </p>
   </div>
   <div class='ocr_carea' id='block_1_32' title="bbox 2189 1760 3858 1842">
    <p class='ocr_par' dir='ltr' id='par_1_32' title="bbox 2203 1761 3858 1841">
     <span class='ocr_line' id='line_1_32' title="bbox 2203 1761 3858 1841; baseline 0.002 -23"><span class='ocrx_word' id='word_1_219' title='bbox 2203 1762 2436 1838; x_wconf 80' lang='grc' dir='ltr'>ζομένων</span> <span class='ocrx_word' id='word_1_220' title='bbox 2508 1763 2718 1825; x_wconf 87' lang='grc' dir='ltr'>πάντως</span> <span class='ocrx_word' id='word_1_221' title='bbox 2789 1767 2893 1816; x_wconf 88' lang='grc' dir='ltr'><strong>τῶν</strong></span> <span class='ocrx_word' id='word_1_222' title='bbox 2944 1761 3218 1841; x_wconf 83' lang='grc' dir='ltr'>ἐξαιρέτων</span> <span class='ocrx_word' id='word_1_223' title='bbox 3263 1762 3558 1839; x_wconf 81' lang='grc' dir='ltr'>ἰδιωμάτων</span> <span class='ocrx_word' id='word_1_224' title='bbox 3629 1763 3858 1830; x_wconf 79' lang='grc' dir='ltr'>εὐσεϐῶς</span> 
     </span>
    </p>
   </div>
   <div class='ocr_carea' id='block_1_33' title="bbox 455 1851 2105 1958">
    <p class='ocr_par' dir='ltr' id='par_1_33' title="bbox 455 1853 2094 1958">
     <span class='ocr_line' id='line_1_33' title="bbox 455 1853 2094 1958; baseline 0 -44"><span class='ocrx_word' id='word_1_225' title='bbox 455 1853 696 1932; x_wconf 92' lang='lat' dir='ltr'><strong>quidem</strong></span> <span class='ocrx_word' id='word_1_226' title='bbox 732 1855 1060 1934; x_wconf 87' lang='lat' dir='ltr'><strong>proprietas</strong></span> <span class='ocrx_word' id='word_1_227' title='bbox 1100 1858 1177 1917; x_wconf 88' lang='lat' dir='ltr'><strong>Pa</strong></span> <span class='ocrx_word' id='word_1_228' title='bbox 1192 1855 1388 1927; x_wconf 84' lang='lat' dir='ltr'><strong>tris,in</strong></span> <span class='ocrx_word' id='word_1_229' title='bbox 1429 1854 1581 1916; x_wconf 83' lang='lat' dir='ltr'><strong>Filio</strong></span> <span class='ocrx_word' id='word_1_230' title='bbox 1615 1854 1940 1934; x_wconf 81' lang='lat' dir='ltr'><strong>proprietas</strong></span> <span class='ocrx_word' id='word_1_231' title='bbox 1961 1853 2094 1958; x_wconf 74' lang='lat' dir='ltr'><strong>Filii</strong></span> 
     </span>
    </p>
   </div>
   <div class='ocr_carea' id='block_1_34' title="bbox 2189 1851 3863 1958">
    <p class='ocr_par' dir='ltr' id='par_1_34' title="bbox 2204 1851 3863 1958">
     <span class='ocr_line' id='line_1_34' title="bbox 2204 1851 3863 1930; baseline 0.002 -23"><span class='ocrx_word' id='word_1_232' title='bbox 2204 1851 2593 1929; x_wconf 80' lang='grc' dir='ltr'>θεωρουμένων,</span> <span class='ocrx_word' id='word_1_233' title='bbox 2667 1858 2760 1907; x_wconf 91' lang='grc' dir='ltr'><strong>τοῦ</strong></span> <span class='ocrx_word' id='word_1_234' title='bbox 2811 1852 2907 1926; x_wconf 84' lang='grc' dir='ltr'>μὲν</span> <span class='ocrx_word' id='word_1_235' title='bbox 2963 1854 3164 1930; x_wconf 84' lang='grc' dir='ltr'>Πατρὸς</span> <span class='ocrx_word' id='word_1_236' title='bbox 3221 1855 3274 1909; x_wconf 75' lang='grc' dir='ltr'><strong>ἐν</strong></span> <span class='ocrx_word' id='word_1_237' title='bbox 3333 1861 3408 1928; x_wconf 85' lang='grc' dir='ltr'>τῷ</span> <span class='ocrx_word' id='word_1_238' title='bbox 3477 1852 3718 1930; x_wconf 80' lang='grc' dir='ltr'>ἰδιώματι</span> <span class='ocrx_word' id='word_1_239' title='bbox 3761 1861 3863 1912; x_wconf 75' lang='grc' dir='ltr'><strong>τοῦ</strong></span> 
     </span>
     <span class='ocr_line' id='line_1_35' title="bbox 2210 1937 3858 1958; baseline 0 0"><span class='ocrx_word' id='word_1_240' title='bbox 2210 1947 2250 1958; x_wconf 75' lang='grc' dir='ltr'><strong><em>η</em></strong></span> <span class='ocrx_word' id='word_1_241' title='bbox 2364 1941 2378 1958; x_wconf 86' lang='lat'><em>\</em></span> <span class='ocrx_word' id='word_1_242' title='bbox 2529 1946 2551 1955; x_wconf 64' lang='grc' dir='ltr'><strong><em>ν</em></strong></span> <span class='ocrx_word' id='word_1_243' title='bbox 2602 1937 2642 1958; x_wconf 52' lang='grc' dir='ltr'><strong>αἱ</strong></span> <span class='ocrx_word' id='word_1_244' title='bbox 2699 1943 2752 1958; x_wconf 64' lang='grc' dir='ltr'><strong>με</strong></span> <span class='ocrx_word' id='word_1_245' title='bbox 2793 1946 2814 1955; x_wconf 59' lang='grc' dir='ltr'>η-</span> <span class='ocrx_word' id='word_1_246' title='bbox 2880 1939 2893 1958; x_wconf 74' lang='grc' dir='ltr'><em>Ὶ</em></span> <span class='ocrx_word' id='word_1_247' title='bbox 3041 1945 3065 1954; x_wconf 80' lang='lat'><strong>~</strong></span> <span class='ocrx_word' id='word_1_248' title='bbox 3143 1939 3189 1958; x_wconf 57' lang='grc' dir='ltr'><strong>’ᾗ</strong></span> <span class='ocrx_word' id='word_1_249' title='bbox 3233 1941 3245 1958; x_wconf 94' lang='grc' dir='ltr'><strong><em>Ι</em></strong></span> <span class='ocrx_word' id='word_1_250' title='bbox 3504 1943 3530 1953; x_wconf 66' lang='grc' dir='ltr'><strong>α’</strong></span> <span class='ocrx_word' id='word_1_251' title='bbox 3590 1945 3645 1958; x_wconf 71' lang='grc' dir='ltr'><strong>--ρ</strong></span> <span class='ocrx_word' id='word_1_252' title='bbox 3683 1951 3702 1958; x_wconf 75' lang='grc'><strong>.-</strong></span> <span class='ocrx_word' id='word_1_253' title='bbox 3828 1950 3858 1958; x_wconf 74' lang='grc' dir='ltr'><strong>-ο</strong></span> 
     </span>
    </p>
   </div>
   <div class='ocr_carea' id='block_1_35' title="bbox 456 1937 2105 2023">
    <p class='ocr_par' dir='ltr' id='par_1_35' title="bbox 456 1941 2105 2023">
     <span class='ocr_line' id='line_1_36' title="bbox 456 1941 2105 2023; baseline -0.001 -19"><span class='ocrx_word' id='word_1_254' title='bbox 456 1942 518 2004; x_wconf 90' lang='lat' dir='ltr'><strong>in</strong></span> <span class='ocrx_word' id='word_1_255' title='bbox 548 1942 776 2023; x_wconf 86' lang='lat' dir='ltr'><strong>Spiritu</strong></span> <span class='ocrx_word' id='word_1_256' title='bbox 813 1953 1016 2004; x_wconf 90' lang='lat' dir='ltr'><strong>sancto</strong></span> <span class='ocrx_word' id='word_1_257' title='bbox 1051 1953 1360 2023; x_wconf 91' lang='lat' dir='ltr'><strong>postremo</strong></span> <span class='ocrx_word' id='word_1_258' title='bbox 1392 1963 1498 2003; x_wconf 88' lang='lat' dir='ltr'><strong>sua</strong></span> <span class='ocrx_word' id='word_1_259' title='bbox 1529 1945 1795 2023; x_wconf 78' lang='lat' dir='ltr'><strong>quaedam</strong></span> <span class='ocrx_word' id='word_1_260' title='bbox 1832 1962 1864 2002; x_wconf 89' lang='lat' dir='ltr'><strong>a</strong></span> <span class='ocrx_word' id='word_1_261' title='bbox 1887 1941 2105 2004; x_wconf 81' lang='lat' dir='ltr'><strong>duobus</strong></span> 
     </span>
    </p>
   </div>
   <div class='ocr_carea' id='block_1_36' title="bbox 2189 1937 3864 2023">
    <p class='ocr_par' dir='ltr' id='par_1_36' title="bbox 2209 1937 3864 2018">
     <span class='ocr_line' id='line_1_37' title="bbox 2209 1937 3864 2018; baseline 0.004 -23"><span class='ocrx_word' id='word_1_262' title='bbox 2209 1941 2434 2017; x_wconf 81' lang='grc' dir='ltr'>Πατρὸς,</span> <span class='ocrx_word' id='word_1_263' title='bbox 2465 1946 2556 1995; x_wconf 92' lang='grc' dir='ltr'><strong>τοῦ</strong></span> <span class='ocrx_word' id='word_1_264' title='bbox 2597 1937 2652 1994; x_wconf 84' lang='grc' dir='ltr'><strong>δὲ</strong></span> <span class='ocrx_word' id='word_1_265' title='bbox 2699 1943 2819 1995; x_wconf 81' lang='grc' dir='ltr'>Υἱοῦ</span> <span class='ocrx_word' id='word_1_266' title='bbox 2876 1939 2930 1994; x_wconf 84' lang='grc' dir='ltr'><strong>ἐν</strong></span> <span class='ocrx_word' id='word_1_267' title='bbox 2998 1945 3076 2012; x_wconf 84' lang='grc' dir='ltr'>τῷ</span> <span class='ocrx_word' id='word_1_268' title='bbox 3143 1939 3386 2016; x_wconf 78' lang='grc' dir='ltr'>ἰδιώματι</span> <span class='ocrx_word' id='word_1_269' title='bbox 3440 1943 3532 1998; x_wconf 90' lang='grc' dir='ltr'><strong>τοῦ</strong></span> <span class='ocrx_word' id='word_1_270' title='bbox 3590 1945 3731 2018; x_wconf 80' lang='grc' dir='ltr'>Υἱοῦ,</span> <span class='ocrx_word' id='word_1_271' title='bbox 3761 1950 3864 2000; x_wconf 76' lang='grc' dir='ltr'><strong>τοῦ</strong></span> 
     </span>
    </p>
   </div>
   <div class='ocr_carea' id='block_1_37' title="bbox 455 2028 2105 2114">
    <p class='ocr_par' dir='ltr' id='par_1_37' title="bbox 455 2030 2105 2114">
     <span class='ocr_line' id='line_1_38' title="bbox 455 2030 2105 2114; baseline 0.001 -24"><span class='ocrx_word' id='word_1_272' title='bbox 455 2030 692 2092; x_wconf 87' lang='lat' dir='ltr'><strong>diversa</strong></span> <span class='ocrx_word' id='word_1_273' title='bbox 723 2034 1090 2112; x_wconf 85' lang='lat' dir='ltr'><strong>proprietas:</strong></span> <span class='ocrx_word' id='word_1_274' title='bbox 1122 2052 1256 2093; x_wconf 94' lang='lat' dir='ltr'><strong>cum</strong></span> <span class='ocrx_word' id='word_1_275' title='bbox 1295 2051 1488 2114; x_wconf 87' lang='lat' dir='ltr'><strong>neque</strong></span> <span class='ocrx_word' id='word_1_276' title='bbox 1519 2031 1773 2112; x_wconf 87' lang='lat' dir='ltr'><strong>Spiritus</strong></span> <span class='ocrx_word' id='word_1_277' title='bbox 1803 2038 2050 2092; x_wconf 89' lang='lat' dir='ltr'><strong>sanctus</strong></span> <span class='ocrx_word' id='word_1_278' title='bbox 2089 2049 2105 2091; x_wconf 75' lang='grc' dir='ltr'><strong>ε</strong></span> 
     </span>
    </p>
   </div>
   <div class='ocr_carea' id='block_1_38' title="bbox 2189 2028 3865 2114">
    <p class='ocr_par' dir='ltr' id='par_1_38' title="bbox 2203 2028 3865 2109">
     <span class='ocr_line' id='line_1_39' title="bbox 2203 2028 3865 2109; baseline 0.003 -26"><span class='ocrx_word' id='word_1_279' title='bbox 2203 2028 2256 2083; x_wconf 85' lang='grc' dir='ltr'><strong>δέ</strong></span> <span class='ocrx_word' id='word_1_280' title='bbox 2298 2030 2445 2106; x_wconf 82' lang='grc' dir='ltr'>ἁγίου</span> <span class='ocrx_word' id='word_1_281' title='bbox 2519 2028 2825 2103; x_wconf 88' lang='grc' dir='ltr'>Πνεύματος</span> <span class='ocrx_word' id='word_1_282' title='bbox 2875 2028 2928 2083; x_wconf 85' lang='grc' dir='ltr'><strong>ἐν</strong></span> <span class='ocrx_word' id='word_1_283' title='bbox 2987 2036 3063 2102; x_wconf 84' lang='grc' dir='ltr'>τῷ</span> <span class='ocrx_word' id='word_1_284' title='bbox 3133 2031 3309 2102; x_wconf 80' lang='grc' dir='ltr'>οἰκείῳ</span> <span class='ocrx_word' id='word_1_285' title='bbox 3376 2029 3641 2107; x_wconf 83' lang='grc' dir='ltr'>ἰδιώματι,</span> <span class='ocrx_word' id='word_1_286' title='bbox 3717 2035 3865 2109; x_wconf 85' lang='grc' dir='ltr'>μήτε</span> 
     </span>
    </p>
   </div>
   <div class='ocr_carea' id='block_1_39' title="bbox 455 2117 2105 2202">
    <p class='ocr_par' dir='ltr' id='par_1_39' title="bbox 455 2120 2102 2202">
     <span class='ocr_line' id='line_1_40' title="bbox 455 2120 2102 2202; baseline 0.001 -22"><span class='ocrx_word' id='word_1_287' title='bbox 455 2138 518 2180; x_wconf 91' lang='lat' dir='ltr'><strong>se</strong></span> <span class='ocrx_word' id='word_1_288' title='bbox 548 2121 677 2200; x_wconf 91' lang='lat' dir='ltr'><strong>ipso</strong></span> <span class='ocrx_word' id='word_1_289' title='bbox 709 2120 1013 2201; x_wconf 84' lang='lat' dir='ltr'><strong>loquatur,</strong></span> <span class='ocrx_word' id='word_1_290' title='bbox 1083 2140 1278 2202; x_wconf 87' lang='lat' dir='ltr'><strong>neque</strong></span> <span class='ocrx_word' id='word_1_291' title='bbox 1326 2121 1510 2182; x_wconf 87' lang='lat' dir='ltr'><strong>Filius</strong></span> <span class='ocrx_word' id='word_1_292' title='bbox 1542 2141 1574 2182; x_wconf 88' lang='lat' dir='ltr'><strong>a</strong></span> <span class='ocrx_word' id='word_1_293' title='bbox 1603 2120 1923 2200; x_wconf 81' lang='lat' dir='ltr'><strong>semetipso</strong></span> <span class='ocrx_word' id='word_1_294' title='bbox 1953 2120 2102 2182; x_wconf 88' lang='lat' dir='ltr'><strong>facia</strong></span> 
     </span>
    </p>
   </div>
   <div class='ocr_carea' id='block_1_40' title="bbox 2189 2117 3866 2202">
    <p class='ocr_par' dir='ltr' id='par_1_40' title="bbox 2203 2117 3866 2201">
     <span class='ocr_line' id='line_1_41' title="bbox 2203 2117 3866 2201; baseline 0.002 -28"><span class='ocrx_word' id='word_1_295' title='bbox 2203 2124 2297 2174; x_wconf 89' lang='grc' dir='ltr'><strong>τοῦ</strong></span> <span class='ocrx_word' id='word_1_296' title='bbox 2353 2118 2500 2195; x_wconf 82' lang='grc' dir='ltr'>ἁγίου</span> <span class='ocrx_word' id='word_1_297' title='bbox 2571 2118 2878 2192; x_wconf 86' lang='grc' dir='ltr'>Πνεύματος</span> <span class='ocrx_word' id='word_1_298' title='bbox 2964 2117 3054 2196; x_wconf 74' lang='grc' dir='ltr'><strong>ἀφ’</strong></span> <span class='ocrx_word' id='word_1_299' title='bbox 3110 2118 3293 2174; x_wconf 79' lang='grc' dir='ltr'>ἑαυτοῦ</span> <span class='ocrx_word' id='word_1_300' title='bbox 3349 2118 3657 2201; x_wconf 75' lang='grc' dir='ltr'>λαλοῦντος,</span> <span class='ocrx_word' id='word_1_301' title='bbox 3718 2123 3866 2197; x_wconf 86' lang='grc' dir='ltr'>μήτε</span> 
     </span>
    </p>
   </div>
   <div class='ocr_carea' id='block_1_41' title="bbox 454 2203 2105 2290">
    <p class='ocr_par' dir='ltr' id='par_1_41' title="bbox 454 2208 2105 2290">
     <span class='ocr_line' id='line_1_42' title="bbox 454 2208 2105 2290; baseline 0.004 -22"><span class='ocrx_word' id='word_1_302' title='bbox 454 2208 774 2289; x_wconf 87' lang='lat' dir='ltr'><strong>quidquam</strong></span> <span class='ocrx_word' id='word_1_303' title='bbox 811 2230 918 2272; x_wconf 89' lang='lat' dir='ltr'><strong>:ac</strong></span> <span class='ocrx_word' id='word_1_304' title='bbox 944 2213 1140 2273; x_wconf 79' lang='lat' dir='ltr'><strong>Pater</strong></span> <span class='ocrx_word' id='word_1_305' title='bbox 1175 2210 1417 2290; x_wconf 80' lang='lat' dir='ltr'><strong>quidem</strong></span> <span class='ocrx_word' id='word_1_306' title='bbox 1439 2210 1651 2274; x_wconf 80' lang='lat' dir='ltr'><strong>Filium</strong></span> <span class='ocrx_word' id='word_1_307' title='bbox 1702 2211 1912 2290; x_wconf 86' lang='lat' dir='ltr'><strong>mittat,</strong></span> <span class='ocrx_word' id='word_1_308' title='bbox 1944 2209 2105 2274; x_wconf 80' lang='lat' dir='ltr'><strong>Filiu:</strong></span> 
     </span>
    </p>
   </div>
   <div class='ocr_carea' id='block_1_42' title="bbox 2189 2203 3866 2290">
    <p class='ocr_par' dir='ltr' id='par_1_42' title="bbox 2206 2203 3866 2286">
     <span class='ocr_line' id='line_1_43' title="bbox 2206 2203 3866 2286; baseline 0.002 -25"><span class='ocrx_word' id='word_1_309' title='bbox 2206 2204 2298 2261; x_wconf 88' lang='grc' dir='ltr'><strong>τοῦ</strong></span> <span class='ocrx_word' id='word_1_310' title='bbox 2329 2209 2449 2261; x_wconf 79' lang='grc' dir='ltr'>Υἱοῦ</span> <span class='ocrx_word' id='word_1_311' title='bbox 2478 2205 2568 2284; x_wconf 77' lang='grc' dir='ltr'><strong>ἀφ’</strong></span> <span class='ocrx_word' id='word_1_312' title='bbox 2600 2203 2783 2261; x_wconf 80' lang='grc' dir='ltr'>ἑαυτοῦ</span> <span class='ocrx_word' id='word_1_313' title='bbox 2835 2226 2884 2260; x_wconf 90' lang='grc' dir='ltr'><strong>τι</strong></span> <span class='ocrx_word' id='word_1_314' title='bbox 2944 2212 3242 2286; x_wconf 81' lang='grc' dir='ltr'>ποιοῦντος,</span> <span class='ocrx_word' id='word_1_315' title='bbox 3303 2208 3390 2262; x_wconf 90' lang='grc' dir='ltr'><strong>καὶ</strong></span> <span class='ocrx_word' id='word_1_316' title='bbox 3443 2215 3536 2264; x_wconf 91' lang='grc' dir='ltr'><strong>τοῦ</strong></span> <span class='ocrx_word' id='word_1_317' title='bbox 3592 2210 3688 2283; x_wconf 79' lang='grc' dir='ltr'>μὲν</span> <span class='ocrx_word' id='word_1_318' title='bbox 3737 2216 3866 2265; x_wconf 89' lang='grc' dir='ltr'><strong>[Ια-</strong></span> 
     </span>
    </p>
   </div>
   <div class='ocr_carea' id='block_1_43' title="bbox 453 2293 2105 2378">
    <p class='ocr_par' dir='ltr' id='par_1_43' title="bbox 453 2299 2105 2378">
     <span class='ocr_line' id='line_1_44' title="bbox 453 2299 2105 2378; baseline 0.002 -21"><span class='ocrx_word' id='word_1_319' title='bbox 453 2315 589 2358; x_wconf 89' lang='lat' dir='ltr'><strong>vero</strong></span> <span class='ocrx_word' id='word_1_320' title='bbox 649 2299 936 2378; x_wconf 87' lang='lat' dir='ltr'><strong>Spiritum</strong></span> <span class='ocrx_word' id='word_1_321' title='bbox 999 2309 1298 2361; x_wconf 88' lang='lat' dir='ltr'><strong>sanctum.</strong></span> <span class='ocrx_word' id='word_1_322' title='bbox 1359 2303 1454 2362; x_wconf 91' lang='lat' dir='ltr'><strong>Sic</strong></span> <span class='ocrx_word' id='word_1_323' title='bbox 1512 2300 1801 2360; x_wconf 89' lang='lat' dir='ltr'><strong>sentimus</strong></span> <span class='ocrx_word' id='word_1_324' title='bbox 1836 2349 1852 2378; x_wconf 96' lang='lat'><strong>,</strong></span> <span class='ocrx_word' id='word_1_325' title='bbox 1911 2307 1968 2360; x_wconf 88' lang='lat' dir='ltr'><strong>et</strong></span> <span class='ocrx_word' id='word_1_326' title='bbox 2033 2299 2105 2368; x_wconf 67' lang='lat' dir='ltr'><strong>sic</strong></span> 
     </span>
    </p>
   </div>
   <div class='ocr_carea' id='block_1_44' title="bbox 2189 2293 3868 2378">
    <p class='ocr_par' dir='ltr' id='par_1_44' title="bbox 2197 2293 3868 2373">
     <span class='ocr_line' id='line_1_45' title="bbox 2197 2293 3868 2373; baseline 0.002 -21"><span class='ocrx_word' id='word_1_327' title='bbox 2197 2296 2318 2373; x_wconf 79' lang='grc' dir='ltr'>τρὸς</span> <span class='ocrx_word' id='word_1_328' title='bbox 2389 2293 2694 2368; x_wconf 84' lang='grc' dir='ltr'>πέμποντος</span> <span class='ocrx_word' id='word_1_329' title='bbox 2750 2295 2841 2348; x_wconf 82' lang='grc' dir='ltr'>τὸν</span> <span class='ocrx_word' id='word_1_330' title='bbox 2899 2296 3042 2367; x_wconf 80' lang='grc' dir='ltr'>Υἱὸν,</span> <span class='ocrx_word' id='word_1_331' title='bbox 3087 2302 3180 2350; x_wconf 82' lang='grc' dir='ltr'><strong>τοῦ</strong></span> <span class='ocrx_word' id='word_1_332' title='bbox 3247 2293 3303 2350; x_wconf 81' lang='grc' dir='ltr'><strong>δὲ</strong></span> <span class='ocrx_word' id='word_1_333' title='bbox 3365 2298 3485 2353; x_wconf 77' lang='grc' dir='ltr'>Υἱοῦ</span> <span class='ocrx_word' id='word_1_334' title='bbox 3554 2299 3868 2372; x_wconf 81' lang='grc' dir='ltr'>πέμποντος</span> 
     </span>
    </p>
   </div>
   <div class='ocr_carea' id='block_1_45' title="bbox 453 2381 2105 2468">
    <p class='ocr_par' dir='ltr' id='par_1_45' title="bbox 453 2384 2105 2468">
     <span class='ocr_line' id='line_1_46' title="bbox 453 2384 2105 2468; baseline 0.001 -22"><span class='ocrx_word' id='word_1_335' title='bbox 453 2384 815 2465; x_wconf 87' lang='lat' dir='ltr'><strong>baptizamus</strong></span> <span class='ocrx_word' id='word_1_336' title='bbox 846 2387 905 2448; x_wconf 90' lang='lat' dir='ltr'><strong>in</strong></span> <span class='ocrx_word' id='word_1_337' title='bbox 939 2389 1242 2450; x_wconf 88' lang='lat' dir='ltr'><strong>Trinitate</strong></span> <span class='ocrx_word' id='word_1_338' title='bbox 1275 2387 1773 2461; x_wconf 77' lang='lat' dir='ltr'><strong>consubstantiali,</strong></span> <span class='ocrx_word' id='word_1_339' title='bbox 1821 2387 1999 2468; x_wconf 88' lang='lat' dir='ltr'><strong>idque</strong></span> <span class='ocrx_word' id='word_1_340' title='bbox 2049 2406 2105 2448; x_wconf 71' lang='lat' dir='ltr'><strong>Cll</strong></span> 
     </span>
    </p>
   </div>
   <div class='ocr_carea' id='block_1_46' title="bbox 2189 2381 3869 2468">
    <p class='ocr_par' dir='ltr' id='par_1_46' title="bbox 2197 2381 3869 2462">
     <span class='ocr_line' id='line_1_47' title="bbox 2197 2381 3869 2462; baseline 0.002 -24"><span class='ocrx_word' id='word_1_341' title='bbox 2197 2385 2257 2439; x_wconf 91' lang='lat'><strong>16</strong></span> <span class='ocrx_word' id='word_1_342' title='bbox 2312 2381 2380 2458; x_wconf 78' lang='grc' dir='ltr'>ἆίγ</span> <span class='ocrx_word' id='word_1_343' title='bbox 2409 2405 2466 2438; x_wconf 90' lang='grc' dir='ltr'><strong>ον</strong></span> <span class='ocrx_word' id='word_1_344' title='bbox 2524 2389 2735 2456; x_wconf 87' lang='grc' dir='ltr'>Πνεῦμα</span> <span class='ocrx_word' id='word_1_345' title='bbox 2769 2399 2786 2416; x_wconf 78' lang='grc'><strong>⁸</strong></span> <span class='ocrx_word' id='word_1_346' title='bbox 2833 2381 2970 2437; x_wconf 77' lang='grc' dir='ltr'>οὕτω</span> <span class='ocrx_word' id='word_1_347' title='bbox 3014 2392 3308 2461; x_wconf 80' lang='grc' dir='ltr'>φρανοῡμεν</span> <span class='ocrx_word' id='word_1_348' title='bbox 3358 2385 3446 2440; x_wconf 86' lang='grc' dir='ltr'><strong>καὶ</strong></span> <span class='ocrx_word' id='word_1_349' title='bbox 3502 2383 3636 2441; x_wconf 71' lang='grc' dir='ltr'>οὕτω</span> <span class='ocrx_word' id='word_1_350' title='bbox 3705 2387 3869 2462; x_wconf 55' lang='grc' dir='ltr'>βάθε-</span> 
     </span>
    </p>
   </div>
   <div class='ocr_carea' id='block_1_47' title="bbox 456 2467 2105 2556">
    <p class='ocr_par' dir='ltr' id='par_1_47' title="bbox 456 2467 2105 2556">
     <span class='ocr_line' id='line_1_48' title="bbox 456 2467 2105 2556; baseline 0.001 -21"><span class='ocrx_word' id='word_1_351' title='bbox 456 2485 744 2556; x_wconf 66' lang='grc' dir='ltr'>ρῑωοεριο</span> <span class='ocrx_word' id='word_1_352' title='bbox 801 2477 1044 2539; x_wconf 86' lang='lat' dir='ltr'><strong>Domini</strong></span> <span class='ocrx_word' id='word_1_353' title='bbox 1088 2479 1273 2538; x_wconf 88' lang='lat' dir='ltr'><strong>nostri</strong></span> <span class='ocrx_word' id='word_1_354' title='bbox 1303 2481 1442 2539; x_wconf 87' lang='lat' dir='ltr'><strong>Jesu</strong></span> <span class='ocrx_word' id='word_1_355' title='bbox 1475 2476 1714 2549; x_wconf 84' lang='lat' dir='ltr'><strong>Christi,</strong></span> <span class='ocrx_word' id='word_1_356' title='bbox 1778 2479 1874 2556; x_wconf 92' lang='lat' dir='ltr'><strong>qui</strong></span> <span class='ocrx_word' id='word_1_357' title='bbox 1905 2467 2069 2537; x_wconf 84' lang='lat' dir='ltr'><strong>dixit</strong></span> <span class='ocrx_word' id='word_1_358' title='bbox 2099 2497 2105 2536; x_wconf 89' lang='lat'><em>:</em></span> 
     </span>
    </p>
   </div>
   <div class='ocr_carea' id='block_1_48' title="bbox 2189 2467 3872 2556">
    <p class='ocr_par' dir='ltr' id='par_1_48' title="bbox 2194 2467 3872 2549">
     <span class='ocr_line' id='line_1_49' title="bbox 2194 2467 3872 2549; baseline 0.001 -21"><span class='ocrx_word' id='word_1_359' title='bbox 2194 2473 2403 2546; x_wconf 78' lang='grc' dir='ltr'>τίζομεν</span> <span class='ocrx_word' id='word_1_360' title='bbox 2463 2472 2534 2534; x_wconf 89' lang='grc' dir='ltr'>εἰς</span> <span class='ocrx_word' id='word_1_361' title='bbox 2603 2467 2794 2548; x_wconf 81' lang='grc' dir='ltr'>Τριάδα</span> <span class='ocrx_word' id='word_1_362' title='bbox 2864 2472 3168 2549; x_wconf 78' lang='grc' dir='ltr'>ὁμοούσιον,</span> <span class='ocrx_word' id='word_1_363' title='bbox 3231 2472 3367 2528; x_wconf 83' lang='grc' dir='ltr'><strong>κατά</strong></span> <span class='ocrx_word' id='word_1_364' title='bbox 3453 2473 3552 2540; x_wconf 79' lang='grc' dir='ltr'>τὴν</span> <span class='ocrx_word' id='word_1_365' title='bbox 3634 2474 3872 2542; x_wconf 60' lang='grc' dir='ltr'>ἐντολὴν</span> 
     </span>
    </p>
   </div>
   <div class='ocr_carea' id='block_1_49' title="bbox 461 2559 2105 2646">
    <p class='ocr_par' dir='ltr' id='par_1_49' title="bbox 461 2565 2105 2646">
     <span class='ocr_line' id='line_1_50' title="bbox 461 2565 2105 2646; baseline -0.001 -20"><span class='ocrx_word' id='word_1_366' title='bbox 461 2589 482 2618; x_wconf 71' lang='grc' dir='ltr'><strong><em>ο</em></strong></span> <span class='ocrx_word' id='word_1_367' title='bbox 521 2565 750 2626; x_wconf 86' lang='lat' dir='ltr'><strong>Euntes</strong></span> <span class='ocrx_word' id='word_1_368' title='bbox 776 2565 983 2626; x_wconf 86' lang='lat' dir='ltr'><strong>docete</strong></span> <span class='ocrx_word' id='word_1_369' title='bbox 1018 2584 1230 2626; x_wconf 90' lang='lat' dir='ltr'><strong>omnes</strong></span> <span class='ocrx_word' id='word_1_370' title='bbox 1262 2576 1490 2646; x_wconf 82' lang='lat' dir='ltr'><strong>gentes,</strong></span> <span class='ocrx_word' id='word_1_371' title='bbox 1525 2565 1883 2644; x_wconf 86' lang='lat' dir='ltr'><strong>baptizantes</strong></span> <span class='ocrx_word' id='word_1_372' title='bbox 1927 2585 2026 2626; x_wconf 90' lang='lat' dir='ltr'><strong>eos</strong></span> <span class='ocrx_word' id='word_1_373' title='bbox 2057 2565 2105 2632; x_wconf 74' lang='lat' dir='ltr'><strong>in</strong></span> 
     </span>
    </p>
   </div>
   <div class='ocr_carea' id='block_1_50' title="bbox 2189 2559 3865 2646">
    <p class='ocr_par' dir='ltr' id='par_1_50' title="bbox 2199 2559 3865 2638">
     <span class='ocr_line' id='line_1_51' title="bbox 2199 2559 3865 2638; baseline 0.002 -22"><span class='ocrx_word' id='word_1_374' title='bbox 2199 2562 2353 2617; x_wconf 73' lang='grc' dir='ltr'>αὐτοῦ</span> <span class='ocrx_word' id='word_1_375' title='bbox 2380 2559 2472 2614; x_wconf 91' lang='grc' dir='ltr'><strong>τοῦ</strong></span> <span class='ocrx_word' id='word_1_376' title='bbox 2545 2560 2728 2637; x_wconf 86' lang='grc' dir='ltr'>Κυρίου</span> <span class='ocrx_word' id='word_1_377' title='bbox 2797 2560 2950 2634; x_wconf 79' lang='grc' dir='ltr'>ἡμῶν</span> <span class='ocrx_word' id='word_1_378' title='bbox 3010 2561 3187 2626; x_wconf 88' lang='grc' dir='ltr'>Ἰησοῦ</span> <span class='ocrx_word' id='word_1_379' title='bbox 3261 2567 3506 2638; x_wconf 80' lang='grc' dir='ltr'>Χριστοῦ,</span> <span class='ocrx_word' id='word_1_380' title='bbox 3568 2564 3801 2626; x_wconf 85' lang='grc' dir='ltr'>εἰπόντος</span> <span class='ocrx_word' id='word_1_381' title='bbox 3834 2578 3865 2594; x_wconf 76' lang='grc'><strong><em>⁸·</em></strong></span> 
     </span>
    </p>
   </div>
   <div class='ocr_carea' id='block_1_51' title="bbox 451 2646 2105 2735">
    <p class='ocr_par' dir='ltr' id='par_1_51' title="bbox 451 2653 2105 2735">
     <span class='ocr_line' id='line_1_52' title="bbox 451 2653 2105 2735; baseline 0.001 -22"><span class='ocrx_word' id='word_1_382' title='bbox 451 2653 697 2714; x_wconf 90' lang='lat' dir='ltr'><strong>nomine</strong></span> <span class='ocrx_word' id='word_1_383' title='bbox 733 2655 948 2734; x_wconf 70' lang='lat' dir='ltr'><strong>Patris,</strong></span> <span class='ocrx_word' id='word_1_384' title='bbox 988 2665 1044 2716; x_wconf 90' lang='lat' dir='ltr'><strong>et</strong></span> <span class='ocrx_word' id='word_1_385' title='bbox 1074 2655 1296 2719; x_wconf 74' lang='lat' dir='ltr'><strong>Filiiet</strong></span> <span class='ocrx_word' id='word_1_386' title='bbox 1330 2654 1581 2735; x_wconf 89' lang='lat' dir='ltr'><strong>Spiritus</strong></span> <span class='ocrx_word' id='word_1_387' title='bbox 1612 2655 2105 2734; x_wconf 82' lang='lat' dir='ltr'><strong>sancti,doccntes</strong></span> 
     </span>
    </p>
   </div>
   <div class='ocr_carea' id='block_1_52' title="bbox 2189 2646 3861 2735">
    <p class='ocr_par' dir='ltr' id='par_1_52' title="bbox 2207 2646 3861 2728">
     <span class='ocr_line' id='line_1_53' title="bbox 2207 2646 3861 2728; baseline 0.004 -25"><span class='ocrx_word' id='word_1_388' title='bbox 2207 2671 2235 2703; x_wconf 82' lang='grc' dir='ltr'><strong>ιι</strong></span> <span class='ocrx_word' id='word_1_389' title='bbox 2267 2646 2606 2726; x_wconf 83' lang='grc' dir='ltr'>Πορευθέντες</span> <span class='ocrx_word' id='word_1_390' title='bbox 2677 2647 3040 2722; x_wconf 79' lang='grc' dir='ltr'>μαθητεύσατε</span> <span class='ocrx_word' id='word_1_391' title='bbox 3098 2650 3270 2704; x_wconf 83' lang='grc' dir='ltr'>πάντα</span> <span class='ocrx_word' id='word_1_392' title='bbox 3343 2652 3409 2704; x_wconf 81' lang='grc' dir='ltr'>τὰ</span> <span class='ocrx_word' id='word_1_393' title='bbox 3465 2649 3585 2717; x_wconf 78' lang='grc' dir='ltr'>ἔθνη</span> <span class='ocrx_word' id='word_1_394' title='bbox 3656 2653 3861 2728; x_wconf 86' lang='grc' dir='ltr'>βαπτί-</span> 
     </span>
    </p>
   </div>
   <div class='ocr_carea' id='block_1_53' title="bbox 452 2734 2105 2825">
    <p class='ocr_par' dir='ltr' id='par_1_53' title="bbox 452 2734 2105 2825">
     <span class='ocr_line' id='line_1_54' title="bbox 452 2734 2105 2825; baseline 0.004 -21"><span class='ocrx_word' id='word_1_395' title='bbox 452 2760 555 2804; x_wconf 90' lang='lat' dir='ltr'><strong>eos</strong></span> <span class='ocrx_word' id='word_1_396' title='bbox 585 2760 820 2804; x_wconf 86' lang='lat' dir='ltr'><strong>servare</strong></span> <span class='ocrx_word' id='word_1_397' title='bbox 850 2734 1451 2825; x_wconf 62' lang='lat' dir='ltr'><strong>omnia,quaecunque</strong></span> <span class='ocrx_word' id='word_1_398' title='bbox 1486 2745 1757 2804; x_wconf 81' lang='lat' dir='ltr'><strong>mandavi</strong></span> <span class='ocrx_word' id='word_1_399' title='bbox 1794 2744 1958 2806; x_wconf 90' lang='lat' dir='ltr'><strong>vobis</strong></span> <span class='ocrx_word' id='word_1_400' title='bbox 1985 2746 2064 2809; x_wconf 68' lang='grc' dir='ltr'>εδ.</span> <span class='ocrx_word' id='word_1_401' title='bbox 2087 2774 2105 2811; x_wconf 81' lang='grc' dir='ltr'><strong>ι</strong></span> 
     </span>
    </p>
   </div>
   <div class='ocr_carea' id='block_1_54' title="bbox 2189 2734 3860 2825">
    <p class='ocr_par' dir='ltr' id='par_1_54' title="bbox 2201 2734 3860 2816">
     <span class='ocr_line' id='line_1_55' title="bbox 2201 2734 3860 2816; baseline 0.004 -24"><span class='ocrx_word' id='word_1_402' title='bbox 2201 2743 2376 2807; x_wconf 87' lang='grc' dir='ltr'>ζοντες</span> <span class='ocrx_word' id='word_1_403' title='bbox 2434 2735 2619 2800; x_wconf 70' lang='grc' dir='ltr'>αὐτοὺς</span> <span class='ocrx_word' id='word_1_404' title='bbox 2680 2737 2752 2799; x_wconf 87' lang='grc' dir='ltr'>εἷς</span> <span class='ocrx_word' id='word_1_405' title='bbox 2811 2738 2872 2791; x_wconf 83' lang='grc' dir='ltr'>τὸ</span> <span class='ocrx_word' id='word_1_406' title='bbox 2928 2734 3097 2810; x_wconf 73' lang='grc' dir='ltr'>ὄνομα</span> <span class='ocrx_word' id='word_1_407' title='bbox 3165 2739 3259 2792; x_wconf 87' lang='grc' dir='ltr'><strong>τοῦ</strong></span> <span class='ocrx_word' id='word_1_408' title='bbox 3345 2741 3546 2816; x_wconf 74' lang='grc' dir='ltr'>Πατρὸς</span> <span class='ocrx_word' id='word_1_409' title='bbox 3602 2742 3688 2796; x_wconf 87' lang='grc' dir='ltr'><strong>καὶ</strong></span> <span class='ocrx_word' id='word_1_410' title='bbox 3759 2749 3860 2798; x_wconf 89' lang='grc' dir='ltr'><strong>τοῦ</strong></span> 
     </span>
    </p>
   </div>
   <div class='ocr_carea' id='block_1_55' title="bbox 449 2822 2105 2927">
    <p class='ocr_par' dir='ltr' id='par_1_55' title="bbox 449 2822 2105 2912">
     <span class='ocr_line' id='line_1_56' title="bbox 449 2822 2105 2912; baseline 0.003 -21"><span class='ocrx_word' id='word_1_411' title='bbox 449 2829 591 2903; x_wconf 78' lang='lat' dir='ltr'><strong>Quae</strong></span> <span class='ocrx_word' id='word_1_412' title='bbox 653 2840 963 2894; x_wconf 87' lang='lat' dir='ltr'><strong>servantes</strong></span> <span class='ocrx_word' id='word_1_413' title='bbox 996 2822 1428 2896; x_wconf 22' lang='lat' dir='ltr'><strong>et‘c&#39;haritatem</strong></span> <span class='ocrx_word' id='word_1_414' title='bbox 1480 2851 1618 2912; x_wconf 83' lang='lat' dir='ltr'><strong>erga</strong></span> <span class='ocrx_word' id='word_1_415' title='bbox 1666 2833 1833 2894; x_wconf 92' lang='lat' dir='ltr'><strong>illum</strong></span> <span class='ocrx_word' id='word_1_416' title='bbox 1887 2835 2105 2898; x_wconf 72' lang='lat' dir='ltr'><strong>habere</strong></span> 
     </span>
    </p>
   </div>
   <div class='ocr_carea' id='block_1_56' title="bbox 2189 2822 3856 2927">
    <p class='ocr_par' dir='ltr' id='par_1_56' title="bbox 2205 2822 3856 2927">
     <span class='ocr_line' id='line_1_57' title="bbox 2205 2822 3856 2903; baseline 0.004 -23"><span class='ocrx_word' id='word_1_417' title='bbox 2205 2827 2349 2896; x_wconf 81' lang='grc' dir='ltr'>Υἱοῦ,</span> <span class='ocrx_word' id='word_1_418' title='bbox 2435 2826 2522 2880; x_wconf 90' lang='grc' dir='ltr'><strong>καὶ</strong></span> <span class='ocrx_word' id='word_1_419' title='bbox 2576 2831 2667 2880; x_wconf 88' lang='grc' dir='ltr'><strong>τοῦ</strong></span> <span class='ocrx_word' id='word_1_420' title='bbox 2722 2824 2867 2903; x_wconf 75' lang='grc' dir='ltr'>ἁγίου</span> <span class='ocrx_word' id='word_1_421' title='bbox 2924 2825 3248 2900; x_wconf 87' lang='grc' dir='ltr'>Πνεύματος,</span> <span class='ocrx_word' id='word_1_422' title='bbox 3318 2822 3647 2892; x_wconf 84' lang='grc' dir='ltr'>διδάσκοντες</span> <span class='ocrx_word' id='word_1_423' title='bbox 3729 2832 3856 2895; x_wconf 89' lang='grc' dir='ltr'>τοὺς</span> 
     </span>
     <span class='ocr_line' id='line_1_58' title="bbox 2348 2906 3565 2927; baseline 0 0"><span class='ocrx_word' id='word_1_424' title='bbox 2348 2926 2351 2927; x_wconf 65' lang='lat'><strong>,</strong></span> <span class='ocrx_word' id='word_1_425' title='bbox 2484 2913 2495 2927; x_wconf 82' lang='grc'><strong><em>1</em></strong></span> <span class='ocrx_word' id='word_1_426' title='bbox 2700 2910 2725 2927; x_wconf 79' lang='lat' dir='ltr'><strong><em>n</em></strong></span> <span class='ocrx_word' id='word_1_427' title='bbox 2848 2911 2862 2927; x_wconf 63' lang='grc' dir='ltr'><strong>θ</strong></span> <span class='ocrx_word' id='word_1_428' title='bbox 3011 2911 3029 2927; x_wconf 55' lang='grc' dir='ltr'><strong>κ</strong></span> <span class='ocrx_word' id='word_1_429' title='bbox 3073 2918 3080 2927; x_wconf 75' lang='grc' dir='ltr'><strong>ν</strong></span> <span class='ocrx_word' id='word_1_430' title='bbox 3230 2916 3241 2927; x_wconf 76' lang='grc' dir='ltr'><strong>ο</strong></span> <span class='ocrx_word' id='word_1_431' title='bbox 3506 2906 3565 2927; x_wconf 62' lang='grc' dir='ltr'><strong>(Ι.</strong></span> 
     </span>
    </p>
   </div>
   <div class='ocr_carea' id='block_1_57' title="bbox 449 2910 2105 3002">
    <p class='ocr_par' dir='ltr' id='par_1_57' title="bbox 449 2910 2105 3002">
     <span class='ocr_line' id='line_1_59' title="bbox 449 2910 2105 3002; baseline 0.004 -23"><span class='ocrx_word' id='word_1_432' title='bbox 449 2937 556 2980; x_wconf 93' lang='lat' dir='ltr'><strong>nos</strong></span> <span class='ocrx_word' id='word_1_433' title='bbox 587 2918 1108 2998; x_wconf 89' lang='lat' dir='ltr'><strong>demonstramus,</strong></span> <span class='ocrx_word' id='word_1_434' title='bbox 1145 2932 1200 2983; x_wconf 92' lang='lat' dir='ltr'><strong>et</strong></span> <span class='ocrx_word' id='word_1_435' title='bbox 1257 2923 1420 3002; x_wconf 81' lang='lat' dir='ltr'><strong>digni</strong></span> <span class='ocrx_word' id='word_1_436' title='bbox 1477 2910 1789 3000; x_wconf 77' lang='lat' dir='ltr'><strong>efficimur,</strong></span> <span class='ocrx_word' id='word_1_437' title='bbox 1827 2925 1926 3002; x_wconf 91' lang='lat' dir='ltr'><strong>qui</strong></span> <span class='ocrx_word' id='word_1_438' title='bbox 1958 2924 2017 2985; x_wconf 92' lang='lat' dir='ltr'><strong>in</strong></span> <span class='ocrx_word' id='word_1_439' title='bbox 2049 2944 2105 2986; x_wconf 80' lang='lat' dir='ltr'><strong>ea</strong></span> 
     </span>
    </p>
   </div>
   <div class='ocr_carea' id='block_1_58' title="bbox 2189 2910 3854 3002">
    <p class='ocr_par' dir='ltr' id='par_1_58' title="bbox 2196 2910 3854 2996">
     <span class='ocr_line' id='line_1_60' title="bbox 2196 2910 3854 2996; baseline -0.002 -28"><span class='ocrx_word' id='word_1_440' title='bbox 2196 2926 2382 2993; x_wconf 77' lang='grc' dir='ltr'>τηρεῖν</span> <span class='ocrx_word' id='word_1_441' title='bbox 2426 2913 2617 2988; x_wconf 84' lang='grc' dir='ltr'>πάντα,</span> <span class='ocrx_word' id='word_1_442' title='bbox 2698 2910 2796 2968; x_wconf 80' lang='grc' dir='ltr'>ὅσα</span> <span class='ocrx_word' id='word_1_443' title='bbox 2844 2911 3178 2988; x_wconf 66' lang='grc' dir='ltr'>ἐνετειλαμεν</span> <span class='ocrx_word' id='word_1_444' title='bbox 3222 2916 3379 2989; x_wconf 77' lang='grc' dir='ltr'>ἡμῖν,</span> <span class='ocrx_word' id='word_1_445' title='bbox 3417 2938 3444 2970; x_wconf 64' lang='grc' dir='ltr'><strong><em>ι</em></strong></span> <span class='ocrx_word' id='word_1_446' title='bbox 3506 2910 3686 2996; x_wconf 69' lang='lat' dir='ltr'><strong>&quot;Amp</strong></span> <span class='ocrx_word' id='word_1_447' title='bbox 3742 2941 3854 2986; x_wconf 82' lang='grc' dir='ltr'>τη-</span> 
     </span>
    </p>
   </div>
   <div class='ocr_carea' id='block_1_59' title="bbox 448 3000 2105 3092">
    <p class='ocr_par' dir='ltr' id='par_1_59' title="bbox 448 3000 2101 3092">
     <span class='ocr_line' id='line_1_61' title="bbox 448 3000 2101 3092; baseline 0.002 -25"><span class='ocrx_word' id='word_1_448' title='bbox 448 3026 818 3086; x_wconf 88' lang='lat' dir='ltr'><strong>maneamus,</strong></span> <span class='ocrx_word' id='word_1_449' title='bbox 855 3009 1008 3071; x_wconf 87' lang='lat' dir='ltr'><strong>sicut</strong></span> <span class='ocrx_word' id='word_1_450' title='bbox 1036 3000 1340 3092; x_wconf 16' lang='lat' dir='ltr'><strong>scriptum.</strong></span> <span class='ocrx_word' id='word_1_451' title='bbox 1359 3020 1446 3072; x_wconf 91' lang='lat' dir='ltr'><strong>est</strong></span> <span class='ocrx_word' id='word_1_452' title='bbox 1473 3029 1484 3072; x_wconf 93' lang='lat'>:</span> <span class='ocrx_word' id='word_1_453' title='bbox 1513 3020 1714 3072; x_wconf 88' lang='lat' dir='ltr'><strong>contra</strong></span> <span class='ocrx_word' id='word_1_454' title='bbox 1737 3000 2101 3091; x_wconf 71' lang='lat' dir='ltr'><strong>negligentes</strong></span> 
     </span>
    </p>
   </div>
   <div class='ocr_carea' id='block_1_60' title="bbox 2189 3000 3851 3092">
    <p class='ocr_par' dir='ltr' id='par_1_60' title="bbox 2197 3000 3851 3083">
     <span class='ocr_line' id='line_1_62' title="bbox 2197 3000 3851 3083; baseline 0.004 -25"><span class='ocrx_word' id='word_1_455' title='bbox 2197 3009 2404 3080; x_wconf 91' lang='grc' dir='ltr'>ροῦντες</span> <span class='ocrx_word' id='word_1_456' title='bbox 2475 3002 2572 3076; x_wconf 78' lang='grc' dir='ltr'><strong>μὲν</strong></span> <span class='ocrx_word' id='word_1_457' title='bbox 2640 3000 2740 3067; x_wconf 69' lang='grc' dir='ltr'>τὴν</span> <span class='ocrx_word' id='word_1_458' title='bbox 2804 3003 2877 3066; x_wconf 87' lang='grc' dir='ltr'>εἰς</span> <span class='ocrx_word' id='word_1_459' title='bbox 2936 3001 3089 3060; x_wconf 76' lang='grc' dir='ltr'>αὐτὸν</span> <span class='ocrx_word' id='word_1_460' title='bbox 3159 3003 3373 3080; x_wconf 85' lang='grc' dir='ltr'>ἀγάπην</span> <span class='ocrx_word' id='word_1_461' title='bbox 3429 3003 3851 3083; x_wconf 71' lang='grc' dir='ltr'>ἐπιδεικνύμεθα,</span> 
     </span>
    </p>
   </div>
   <div class='ocr_carea' id='block_1_61' title="bbox 444 3089 2105 3194">
    <p class='ocr_par' dir='ltr' id='par_1_61' title="bbox 444 3089 2105 3180">
     <span class='ocr_line' id='line_1_63' title="bbox 444 3089 2105 3180; baseline 0.002 -23"><span class='ocrx_word' id='word_1_462' title='bbox 444 3115 570 3157; x_wconf 91' lang='lat' dir='ltr'><strong>eam</strong></span> <span class='ocrx_word' id='word_1_463' title='bbox 627 3116 890 3174; x_wconf 90' lang='lat' dir='ltr'><strong>servare,</strong></span> <span class='ocrx_word' id='word_1_464' title='bbox 961 3099 1033 3159; x_wconf 90' lang='lat' dir='ltr'><strong>ab</strong></span> <span class='ocrx_word' id='word_1_465' title='bbox 1093 3089 1173 3161; x_wconf 75' lang='lat' dir='ltr'><strong>ea</strong></span> <span class='ocrx_word' id='word_1_466' title='bbox 1219 3099 1522 3180; x_wconf 85' lang='lat' dir='ltr'><strong>disjuncti,</strong></span> <span class='ocrx_word' id='word_1_467' title='bbox 1576 3109 1675 3160; x_wconf 88' lang='lat' dir='ltr'><strong>aut</strong></span> <span class='ocrx_word' id='word_1_468' title='bbox 1714 3089 1883 3162; x_wconf 86' lang='lat' dir='ltr'><strong>aliter</strong></span> <span class='ocrx_word' id='word_1_469' title='bbox 1905 3089 2105 3163; x_wconf 71' lang='lat' dir='ltr'><strong>effecti</strong></span> 
     </span>
    </p>
   </div>
   <div class='ocr_carea' id='block_1_62' title="bbox 2189 3089 3845 3194">
    <p class='ocr_par' dir='ltr' id='par_1_62' title="bbox 2196 3089 3845 3194">
     <span class='ocr_line' id='line_1_64' title="bbox 2196 3089 3845 3174; baseline -0.004 -26"><span class='ocrx_word' id='word_1_470' title='bbox 2196 3094 2284 3148; x_wconf 85' lang='grc' dir='ltr'><strong>καὶ</strong></span> <span class='ocrx_word' id='word_1_471' title='bbox 2339 3091 2394 3146; x_wconf 90' lang='grc' dir='ltr'><strong>ἐν</strong></span> <span class='ocrx_word' id='word_1_472' title='bbox 2452 3095 2585 3166; x_wconf 71' lang='grc' dir='ltr'>αὐτῇ</span> <span class='ocrx_word' id='word_1_473' title='bbox 2638 3090 2812 3165; x_wconf 86' lang='grc' dir='ltr'>μένειν</span> <span class='ocrx_word' id='word_1_474' title='bbox 2910 3089 3316 3167; x_wconf 81' lang='grc' dir='ltr'>καταξιούμεθα,</span> <span class='ocrx_word' id='word_1_475' title='bbox 3394 3095 3567 3158; x_wconf 88' lang='grc' dir='ltr'>καθὼς</span> <span class='ocrx_word' id='word_1_476' title='bbox 3638 3096 3845 3174; x_wconf 81' lang='grc' dir='ltr'>γέγρα-</span> 
     </span>
     <span class='ocr_line' id='line_1_65' title="bbox 2313 3176 3775 3194; baseline 0 0"><span class='ocrx_word' id='word_1_477' title='bbox 2313 3181 2323 3194; x_wconf 94' lang='grc'><em>.</em></span> <span class='ocrx_word' id='word_1_478' title='bbox 2429 3180 2441 3194; x_wconf 80' lang='lat'>.</span> <span class='ocrx_word' id='word_1_479' title='bbox 2621 3185 2642 3194; x_wconf 77' lang='lat'><strong>-</strong></span> <span class='ocrx_word' id='word_1_480' title='bbox 2809 3176 2850 3194; x_wconf 62' lang='grc' dir='ltr'><strong>ει.</strong></span> <span class='ocrx_word' id='word_1_481' title='bbox 2921 3179 2935 3194; x_wconf 67' lang='grc' dir='ltr'>ς</span> <span class='ocrx_word' id='word_1_482' title='bbox 3078 3180 3088 3194; x_wconf 93' lang='grc'><strong><em>,</em></strong></span> <span class='ocrx_word' id='word_1_483' title='bbox 3208 3179 3231 3194; x_wconf 67' lang='grc' dir='ltr'>,ι</span> <span class='ocrx_word' id='word_1_484' title='bbox 3487 3182 3528 3194; x_wconf 68' lang='grc' dir='ltr'>η</span> <span class='ocrx_word' id='word_1_485' title='bbox 3669 3185 3678 3194; x_wconf 89' lang='grc'>.</span> <span class='ocrx_word' id='word_1_486' title='bbox 3759 3188 3775 3194; x_wconf 83' lang='grc'><strong>-</strong></span> 
     </span>
    </p>
   </div>
   <div class='ocr_carea' id='block_1_63' title="bbox 445 3176 2105 3282">
    <p class='ocr_par' dir='ltr' id='par_1_63' title="bbox 445 3176 2103 3272">
     <span class='ocr_line' id='line_1_66' title="bbox 445 3176 2103 3272; baseline 0.004 -26"><span class='ocrx_word' id='word_1_487' title='bbox 445 3187 883 3250; x_wconf 89' lang='lat' dir='ltr'><strong>convincimur.</strong></span> <span class='ocrx_word' id='word_1_488' title='bbox 923 3210 945 3243; x_wconf 82' lang='lat' dir='ltr'><strong>tt</strong></span> <span class='ocrx_word' id='word_1_489' title='bbox 984 3186 1095 3260; x_wconf 91' lang='lat' dir='ltr'><strong>Qui</strong></span> <span class='ocrx_word' id='word_1_490' title='bbox 1146 3176 1327 3250; x_wconf 32' lang='lat' dir='ltr'><strong>enim-</strong></span> <span class='ocrx_word' id='word_1_491' title='bbox 1363 3207 1478 3250; x_wconf 89' lang='lat' dir='ltr'><strong>non</strong></span> <span class='ocrx_word' id='word_1_492' title='bbox 1537 3189 1724 3268; x_wconf 84' lang='lat' dir='ltr'><strong>diligit</strong></span> <span class='ocrx_word' id='word_1_493' title='bbox 1774 3209 1869 3251; x_wconf 89' lang='lat' dir='ltr'><strong>me</strong></span> <span class='ocrx_word' id='word_1_494' title='bbox 1911 3191 2103 3272; x_wconf 88' lang='lat' dir='ltr'><strong>inquit</strong></span> 
     </span>
    </p>
   </div>
   <div class='ocr_carea' id='block_1_64' title="bbox 2189 3176 3851 3282">
    <p class='ocr_par' dir='ltr' id='par_1_64' title="bbox 2197 3176 3851 3282">
     <span class='ocr_line' id='line_1_67' title="bbox 2197 3176 3851 3282; baseline 0.003 -46"><span class='ocrx_word' id='word_1_495' title='bbox 2197 3181 2345 3282; x_wconf 62' lang='grc' dir='ltr'>πταί,</span> <span class='ocrx_word' id='word_1_496' title='bbox 2380 3180 2458 3256; x_wconf 78' lang='grc' dir='ltr'>μὴ</span> <span class='ocrx_word' id='word_1_497' title='bbox 2486 3185 2765 3258; x_wconf 89' lang='grc' dir='ltr'>τηροῦντες</span> <span class='ocrx_word' id='word_1_498' title='bbox 2803 3176 2858 3234; x_wconf 80' lang='grc' dir='ltr'><strong>δὲ</strong></span> <span class='ocrx_word' id='word_1_499' title='bbox 2918 3179 3162 3243; x_wconf 84' lang='grc' dir='ltr'>ἐναντίως</span> <span class='ocrx_word' id='word_1_500' title='bbox 3208 3179 3423 3260; x_wconf 77' lang='grc' dir='ltr'>ἔχοντες</span> <span class='ocrx_word' id='word_1_501' title='bbox 3483 3182 3851 3263; x_wconf 80' lang='grc' dir='ltr'>ἐλεγχόμεθα,</span> 
     </span>
    </p>
   </div>
   <div class='ocr_carea' id='block_1_65' title="bbox 443 3269 2105 3370">
    <p class='ocr_par' dir='ltr' id='par_1_65' title="bbox 443 3269 2105 3354">
     <span class='ocr_line' id='line_1_68' title="bbox 443 3269 2105 3354; baseline 0.004 -20"><span class='ocrx_word' id='word_1_502' title='bbox 443 3272 757 3350; x_wconf 89' lang='lat' dir='ltr'><strong>Dominus,</strong></span> <span class='ocrx_word' id='word_1_503' title='bbox 790 3294 1097 3338; x_wconf 90' lang='lat' dir='ltr'><strong>sermones</strong></span> <span class='ocrx_word' id='word_1_504' title='bbox 1123 3295 1288 3339; x_wconf 91' lang='lat' dir='ltr'><strong>meos</strong></span> <span class='ocrx_word' id='word_1_505' title='bbox 1314 3296 1432 3338; x_wconf 90' lang='lat' dir='ltr'><strong>non</strong></span> <span class='ocrx_word' id='word_1_506' title='bbox 1467 3285 1659 3338; x_wconf 70' lang='lat' dir='ltr'><strong>Servat</strong></span> <span class='ocrx_word' id='word_1_507' title='bbox 1685 3277 1807 3340; x_wconf 65' lang='lat'><strong>96.»</strong></span> <span class='ocrx_word' id='word_1_508' title='bbox 1837 3279 1905 3339; x_wconf 87' lang='lat' dir='ltr'><strong>Et</strong></span> <span class='ocrx_word' id='word_1_509' title='bbox 1935 3269 2105 3354; x_wconf 81' lang='lat' dir='ltr'><strong>item,</strong></span> 
     </span>
    </p>
   </div>
   <div class='ocr_carea' id='block_1_66' title="bbox 2189 3269 3853 3370">
    <p class='ocr_par' dir='ltr' id='par_1_66' title="bbox 2201 3269 3853 3370">
     <span class='ocr_line' id='line_1_69' title="bbox 2201 3269 3853 3370; baseline 0.003 -45"><span class='ocrx_word' id='word_1_510' title='bbox 2201 3292 2229 3325; x_wconf 79' lang='grc' dir='ltr'><strong>α</strong></span> <span class='ocrx_word' id='word_1_511' title='bbox 2266 3269 2322 3327; x_wconf 65' lang='grc' dir='ltr'><strong>Ὀ</strong></span> <span class='ocrx_word' id='word_1_512' title='bbox 2367 3269 2445 3344; x_wconf 78' lang='grc' dir='ltr'>μὴ</span> <span class='ocrx_word' id='word_1_513' title='bbox 2475 3269 2703 3344; x_wconf 85' lang='grc' dir='ltr'>ἆμαπῶν</span> <span class='ocrx_word' id='word_1_514' title='bbox 2759 3269 2857 3346; x_wconf 88' lang='grc' dir='ltr'><strong>γάρ</strong></span> <span class='ocrx_word' id='word_1_515' title='bbox 2901 3289 2992 3347; x_wconf 90' lang='grc' dir='ltr'><strong>με,</strong></span> <span class='ocrx_word' id='word_1_516' title='bbox 3028 3291 3056 3323; x_wconf 70' lang='grc' dir='ltr'><strong><em>ι</em></strong></span> <span class='ocrx_word' id='word_1_517' title='bbox 3115 3271 3271 3348; x_wconf 70' lang='grc' dir='ltr'>φησὶν</span> <span class='ocrx_word' id='word_1_518' title='bbox 3328 3273 3355 3325; x_wconf 97' lang='lat'><strong>6</strong></span> <span class='ocrx_word' id='word_1_519' title='bbox 3414 3274 3624 3370; x_wconf 57' lang='grc' dir='ltr'>Ιξύριος,</span> <span class='ocrx_word' id='word_1_520' title='bbox 3664 3296 3692 3328; x_wconf 73' lang='grc' dir='ltr'><strong>α</strong></span> <span class='ocrx_word' id='word_1_521' title='bbox 3723 3275 3853 3340; x_wconf 81' lang='grc' dir='ltr'>τοὺς</span> 
     </span>
    </p>
   </div>
   <div class='ocr_carea' id='block_1_67' title="bbox 451 3356 2105 3446">
    <p class='ocr_par' dir='ltr' id='par_1_67' title="bbox 451 3361 2105 3446">
     <span class='ocr_line' id='line_1_70' title="bbox 451 3361 2105 3446; baseline 0.005 -27"><span class='ocrx_word' id='word_1_522' title='bbox 451 3388 479 3418; x_wconf 74' lang='grc' dir='ltr'>ι</span> <span class='ocrx_word' id='word_1_523' title='bbox 514 3361 624 3434; x_wconf 89' lang='lat' dir='ltr'><strong>Qui</strong></span> <span class='ocrx_word' id='word_1_524' title='bbox 654 3363 831 3425; x_wconf 87' lang='lat' dir='ltr'><strong>habet</strong></span> <span class='ocrx_word' id='word_1_525' title='bbox 861 3365 1136 3426; x_wconf 88' lang='lat' dir='ltr'><strong>mandata</strong></span> <span class='ocrx_word' id='word_1_526' title='bbox 1188 3385 1320 3426; x_wconf 89' lang='lat' dir='ltr'><strong>mea</strong></span> <span class='ocrx_word' id='word_1_527' title='bbox 1358 3375 1418 3427; x_wconf 93' lang='lat' dir='ltr'><strong>et</strong></span> <span class='ocrx_word' id='word_1_528' title='bbox 1447 3367 1707 3428; x_wconf 92' lang='lat' dir='ltr'><strong>custodit</strong></span> <span class='ocrx_word' id='word_1_529' title='bbox 1737 3386 1826 3442; x_wconf 89' lang='lat' dir='ltr'><strong>ea,</strong></span> <span class='ocrx_word' id='word_1_530' title='bbox 1859 3368 1962 3430; x_wconf 89' lang='lat' dir='ltr'><strong>ille</strong></span> <span class='ocrx_word' id='word_1_531' title='bbox 1993 3377 2105 3446; x_wconf 77' lang='lat' dir='ltr'><strong>est,</strong></span> 
     </span>
    </p>
   </div>
   <div class='ocr_carea' id='block_1_68' title="bbox 2189 3356 3850 3446">
    <p class='ocr_par' dir='ltr' id='par_1_68' title="bbox 2192 3356 3850 3442">
     <span class='ocr_line' id='line_1_71' title="bbox 2192 3356 3850 3442; baseline 0.002 -27"><span class='ocrx_word' id='word_1_532' title='bbox 2192 3357 2383 3438; x_wconf 80' lang='grc' dir='ltr'>λόγους</span> <span class='ocrx_word' id='word_1_533' title='bbox 2414 3369 2516 3434; x_wconf 84' lang='grc' dir='ltr'><strong>μου</strong></span> <span class='ocrx_word' id='word_1_534' title='bbox 2545 3359 2604 3414; x_wconf 76' lang='grc' dir='ltr'><strong>οὐ</strong></span> <span class='ocrx_word' id='word_1_535' title='bbox 2631 3370 2810 3436; x_wconf 89' lang='grc' dir='ltr'>τηρεῖ.</span> <span class='ocrx_word' id='word_1_536' title='bbox 2847 3379 2871 3415; x_wconf 69' lang='grc' dir='ltr'><strong>ν</strong></span> <span class='ocrx_word' id='word_1_537' title='bbox 2910 3358 3007 3415; x_wconf 80' lang='grc' dir='ltr'>Καὶ</span> <span class='ocrx_word' id='word_1_538' title='bbox 3075 3356 3240 3415; x_wconf 86' lang='grc' dir='ltr'>πάλιν</span> <span class='ocrx_word' id='word_1_539' title='bbox 3273 3374 3287 3388; x_wconf 86' lang='grc'><strong><em>⁸</em></strong></span> <span class='ocrx_word' id='word_1_540' title='bbox 3345 3380 3368 3414; x_wconf 76' lang='grc' dir='ltr'>ι</span> <span class='ocrx_word' id='word_1_541' title='bbox 3437 3356 3493 3417; x_wconf 69' lang='grc' dir='ltr'>Ὀ</span> <span class='ocrx_word' id='word_1_542' title='bbox 3546 3361 3691 3442; x_wconf 80' lang='grc' dir='ltr'>ἔχων</span> <span class='ocrx_word' id='word_1_543' title='bbox 3745 3365 3850 3429; x_wconf 82' lang='grc' dir='ltr'><strong>τὰς</strong></span> 
     </span>
    </p>
   </div>
   <div class='ocr_carea' id='block_1_69' title="bbox 445 3448 2105 3537">
    <p class='ocr_par' dir='ltr' id='par_1_69' title="bbox 445 3451 2105 3537">
     <span class='ocr_line' id='line_1_72' title="bbox 445 3451 2105 3537; baseline 0.005 -27"><span class='ocrx_word' id='word_1_544' title='bbox 445 3453 544 3530; x_wconf 92' lang='lat' dir='ltr'><strong>qui</strong></span> <span class='ocrx_word' id='word_1_545' title='bbox 578 3451 766 3529; x_wconf 80' lang='lat' dir='ltr'><strong>diligit</strong></span> <span class='ocrx_word' id='word_1_546' title='bbox 797 3470 891 3513; x_wconf 89' lang='lat' dir='ltr'><strong>me</strong></span> <span class='ocrx_word' id='word_1_547' title='bbox 918 3452 995 3514; x_wconf 65' lang='grc' dir='ltr'><strong>ς⁸⁸1.</strong></span> <span class='ocrx_word' id='word_1_548' title='bbox 1030 3479 1054 3509; x_wconf 79' lang='grc'><strong>»</strong></span> <span class='ocrx_word' id='word_1_549' title='bbox 1103 3453 1172 3514; x_wconf 85' lang='grc' dir='ltr'>Ει</span> <span class='ocrx_word' id='word_1_550' title='bbox 1204 3456 1330 3516; x_wconf 68' lang='lat' dir='ltr'><strong>haec</strong></span> <span class='ocrx_word' id='word_1_551' title='bbox 1383 3454 1660 3535; x_wconf 89' lang='lat' dir='ltr'><strong>equidem</strong></span> <span class='ocrx_word' id='word_1_552' title='bbox 1713 3467 1802 3519; x_wconf 91' lang='lat' dir='ltr'><strong>est</strong></span> <span class='ocrx_word' id='word_1_553' title='bbox 1830 3475 1864 3518; x_wconf 89' lang='lat' dir='ltr'><strong>a</strong></span> <span class='ocrx_word' id='word_1_554' title='bbox 1895 3476 2105 3537; x_wconf 83' lang='lat' dir='ltr'><strong>magno</strong></span> 
     </span>
    </p>
   </div>
   <div class='ocr_carea' id='block_1_70' title="bbox 2189 3448 3846 3537">
    <p class='ocr_par' dir='ltr' id='par_1_70' title="bbox 2189 3448 3846 3533">
     <span class='ocr_line' id='line_1_73' title="bbox 2189 3448 3846 3533; baseline 0.004 -29"><span class='ocrx_word' id='word_1_555' title='bbox 2189 3448 2404 3515; x_wconf 87' lang='grc' dir='ltr'>ἐντολάς</span> <span class='ocrx_word' id='word_1_556' title='bbox 2436 3471 2537 3525; x_wconf 92' lang='grc' dir='ltr'><strong>μου</strong></span> <span class='ocrx_word' id='word_1_557' title='bbox 2591 3450 2681 3505; x_wconf 86' lang='grc' dir='ltr'><strong>καὶ</strong></span> <span class='ocrx_word' id='word_1_558' title='bbox 2733 3455 2910 3525; x_wconf 85' lang='grc' dir='ltr'>τηρῶν</span> <span class='ocrx_word' id='word_1_559' title='bbox 2965 3448 3144 3523; x_wconf 73' lang='grc' dir='ltr'>αὐτας,</span> <span class='ocrx_word' id='word_1_560' title='bbox 3192 3449 3397 3515; x_wconf 75' lang='grc' dir='ltr'>ἐκεῖνός</span> <span class='ocrx_word' id='word_1_561' title='bbox 3456 3450 3597 3508; x_wconf 79' lang='grc' dir='ltr'>ἐστιν</span> <span class='ocrx_word' id='word_1_562' title='bbox 3627 3455 3654 3509; x_wconf 93' lang='lat'><strong>6</strong></span> <span class='ocrx_word' id='word_1_563' title='bbox 3710 3454 3846 3533; x_wconf 87' lang='grc' dir='ltr'>ἀγα-</span> 
     </span>
    </p>
   </div>
   <div class='ocr_carea' id='block_1_71' title="bbox 443 3535 2105 3624">
    <p class='ocr_par' dir='ltr' id='par_1_71' title="bbox 443 3535 2016 3624">
     <span class='ocr_line' id='line_1_74' title="bbox 443 3535 2016 3624; baseline 0.006 -24"><span class='ocrx_word' id='word_1_564' title='bbox 443 3539 668 3600; x_wconf 85' lang='lat' dir='ltr'><strong>Basilio</strong></span> <span class='ocrx_word' id='word_1_565' title='bbox 701 3539 859 3602; x_wconf 90' lang='lat' dir='ltr'><strong>fides</strong></span> <span class='ocrx_word' id='word_1_566' title='bbox 891 3542 1107 3604; x_wconf 88' lang='lat' dir='ltr'><strong>tradita</strong></span> <span class='ocrx_word' id='word_1_567' title='bbox 1128 3543 1445 3624; x_wconf 87' lang='lat' dir='ltr'><strong>ipsissimis</strong></span> <span class='ocrx_word' id='word_1_568' title='bbox 1475 3544 1690 3607; x_wconf 85' lang='lat' dir='ltr'><strong>verbis.</strong></span> <span class='ocrx_word' id='word_1_569' title='bbox 2002 3535 2016 3537; x_wconf 44' lang='grc'>⁷</span> 
     </span>
    </p>
   </div>
   <div class='ocr_carea' id='block_1_72' title="bbox 2189 3535 3848 3624">
    <p class='ocr_par' dir='ltr' id='par_1_72' title="bbox 2189 3535 3848 3618">
     <span class='ocr_line' id='line_1_75' title="bbox 2189 3535 3848 3618; baseline 0.004 -24"><span class='ocrx_word' id='word_1_570' title='bbox 2189 3544 2302 3595; x_wconf 86' lang='grc' dir='ltr'><strong>πῶν</strong></span> <span class='ocrx_word' id='word_1_571' title='bbox 2335 3561 2420 3615; x_wconf 90' lang='grc' dir='ltr'>με.</span> <span class='ocrx_word' id='word_1_572' title='bbox 2463 3562 2491 3594; x_wconf 69' lang='grc' dir='ltr'>ι</span> <span class='ocrx_word' id='word_1_573' title='bbox 2538 3535 2681 3605; x_wconf 72' lang='grc' dir='ltr'>Αὕτη</span> <span class='ocrx_word' id='word_1_574' title='bbox 2740 3538 2838 3612; x_wconf 81' lang='grc' dir='ltr'><strong>μὲν</strong></span> <span class='ocrx_word' id='word_1_575' title='bbox 2867 3539 2902 3605; x_wconf 75' lang='grc' dir='ltr'><strong>ἡ</strong></span> <span class='ocrx_word' id='word_1_576' title='bbox 2961 3538 3102 3616; x_wconf 81' lang='grc' dir='ltr'>παρὰ</span> <span class='ocrx_word' id='word_1_577' title='bbox 3153 3545 3246 3594; x_wconf 91' lang='grc' dir='ltr'><strong>τοῦ</strong></span> <span class='ocrx_word' id='word_1_578' title='bbox 3303 3539 3536 3618; x_wconf 83' lang='grc' dir='ltr'>μεγάλου</span> <span class='ocrx_word' id='word_1_579' title='bbox 3567 3540 3848 3600; x_wconf 89' lang='grc' dir='ltr'>Βασιλείου</span> 
     </span>
    </p>
   </div>
   <div class='ocr_carea' id='block_1_73' title="bbox 2187 3624 2994 3691">
    <p class='ocr_par' dir='ltr' id='par_1_73' title="bbox 2187 3624 2994 3691">
     <span class='ocr_line' id='line_1_76' title="bbox 2187 3624 2994 3691; baseline -0.004 -8"><span class='ocrx_word' id='word_1_580' title='bbox 2187 3625 2462 3684; x_wconf 76' lang='grc' dir='ltr'>ἐκδοθεῖσα</span> <span class='ocrx_word' id='word_1_581' title='bbox 2505 3627 2678 3688; x_wconf 90' lang='grc' dir='ltr'>πίστις</span> <span class='ocrx_word' id='word_1_582' title='bbox 2709 3624 2994 3691; x_wconf 80' lang='grc' dir='ltr'>αὒτολεξεί.</span> 
     </span>
    </p>
   </div>
   <div class='ocr_carea' id='block_1_74' title="bbox 530 3715 2102 3803">
    <p class='ocr_par' dir='ltr' id='par_1_74' title="bbox 530 3715 2102 3803">
     <span class='ocr_line' id='line_1_77' title="bbox 530 3715 2102 3803; baseline 0.005 -27"><span class='ocrx_word' id='word_1_583' title='bbox 530 3717 588 3779; x_wconf 80' lang='lat'><strong>9.</strong></span> <span class='ocrx_word' id='word_1_584' title='bbox 625 3715 748 3789; x_wconf 86' lang='lat' dir='ltr'><strong>Qua</strong></span> <span class='ocrx_word' id='word_1_585' title='bbox 779 3730 1002 3783; x_wconf 89' lang='lat' dir='ltr'><strong>asserta</strong></span> <span class='ocrx_word' id='word_1_586' title='bbox 1030 3728 1129 3782; x_wconf 88' lang='lat' dir='ltr'><strong>tua</strong></span> <span class='ocrx_word' id='word_1_587' title='bbox 1164 3721 1321 3783; x_wconf 85' lang='lat' dir='ltr'><strong>hunc</strong></span> <span class='ocrx_word' id='word_1_588' title='bbox 1355 3723 1414 3784; x_wconf 91' lang='lat' dir='ltr'><strong>in</strong></span> <span class='ocrx_word' id='word_1_589' title='bbox 1447 3723 1684 3784; x_wconf 91' lang='lat' dir='ltr'><strong>modum</strong></span> <span class='ocrx_word' id='word_1_590' title='bbox 1737 3723 2102 3803; x_wconf 87' lang='lat' dir='ltr'><strong>redarguen-</strong></span> 
     </span>
    </p>
   </div>
   <div class='ocr_carea' id='block_1_75' title="bbox 445 3807 2099 3894">
    <p class='ocr_par' dir='ltr' id='par_1_75' title="bbox 445 3807 2099 3894">
     <span class='ocr_line' id='line_1_78' title="bbox 445 3807 2099 3894; baseline 0.004 -27"><span class='ocrx_word' id='word_1_591' title='bbox 445 3815 566 3867; x_wconf 86' lang='lat' dir='ltr'><strong>tur.</strong></span> <span class='ocrx_word' id='word_1_592' title='bbox 627 3807 892 3894; x_wconf 85' lang='lat' dir='ltr'><strong>Namque</strong></span> <span class='ocrx_word' id='word_1_593' title='bbox 935 3809 996 3870; x_wconf 91' lang='lat' dir='ltr'><strong>in</strong></span> <span class='ocrx_word' id='word_1_594' title='bbox 1031 3829 1101 3872; x_wconf 91' lang='lat' dir='ltr'><strong>ea</strong></span> <span class='ocrx_word' id='word_1_595' title='bbox 1129 3830 1162 3871; x_wconf 90' lang='lat' dir='ltr'><strong>a</strong></span> <span class='ocrx_word' id='word_1_596' title='bbox 1191 3812 1342 3873; x_wconf 87' lang='lat' dir='ltr'><strong>Filio</strong></span> <span class='ocrx_word' id='word_1_597' title='bbox 1402 3811 1690 3892; x_wconf 58' lang='lat' dir='ltr'><strong>Spiritum</strong></span> <span class='ocrx_word' id='word_1_598' title='bbox 1755 3813 2099 3894; x_wconf 88' lang='lat' dir='ltr'><strong>procedere,</strong></span> 
     </span>
    </p>
   </div>
   <div class='ocr_carea' id='block_1_76' title="bbox 441 3893 2108 3982">
    <p class='ocr_par' dir='ltr' id='par_1_76' title="bbox 441 3893 2108 3982">
     <span class='ocr_line' id='line_1_79' title="bbox 441 3893 2108 3982; baseline 0.005 -28"><span class='ocrx_word' id='word_1_599' title='bbox 441 3895 596 3975; x_wconf 90' lang='lat' dir='ltr'><strong>quod</strong></span> <span class='ocrx_word' id='word_1_600' title='bbox 658 3893 939 3958; x_wconf 87' lang='lat' dir='ltr'><strong>Italorum</strong></span> <span class='ocrx_word' id='word_1_601' title='bbox 994 3899 1217 3960; x_wconf 91' lang='lat' dir='ltr'><strong>additio</strong></span> <span class='ocrx_word' id='word_1_602' title='bbox 1277 3902 1628 3972; x_wconf 89' lang='lat' dir='ltr'><strong>contendit,</strong></span> <span class='ocrx_word' id='word_1_603' title='bbox 1692 3909 1919 3982; x_wconf 87' lang='lat' dir='ltr'><strong>tacens,</strong></span> <span class='ocrx_word' id='word_1_604' title='bbox 1973 3893 2108 3963; x_wconf 90' lang='lat' dir='ltr'><strong>silet</strong></span> 
     </span>
    </p>
   </div>
   <div class='ocr_carea' id='block_1_77' title="bbox 438 3986 2103 4071">
    <p class='ocr_par' dir='ltr' id='par_1_77' title="bbox 438 3986 2103 4071">
     <span class='ocr_line' id='line_1_80' title="bbox 438 3986 2103 4071; baseline 0.007 -29"><span class='ocrx_word' id='word_1_605' title='bbox 438 4002 674 4064; x_wconf 91' lang='lat' dir='ltr'><strong>quoque</strong></span> <span class='ocrx_word' id='word_1_606' title='bbox 705 3994 762 4045; x_wconf 91' lang='lat' dir='ltr'><strong>et</strong></span> <span class='ocrx_word' id='word_1_607' title='bbox 795 4005 862 4046; x_wconf 87' lang='lat' dir='ltr'><strong>ex</strong></span> <span class='ocrx_word' id='word_1_608' title='bbox 890 3986 1061 4049; x_wconf 91' lang='lat' dir='ltr'><strong>Patre</strong></span> <span class='ocrx_word' id='word_1_609' title='bbox 1095 3991 1442 4068; x_wconf 87' lang='lat' dir='ltr'><strong>procedere,</strong></span> <span class='ocrx_word' id='word_1_610' title='bbox 1473 3990 1628 4071; x_wconf 92' lang='lat' dir='ltr'><strong>quod</strong></span> <span class='ocrx_word' id='word_1_611' title='bbox 1664 3990 1970 4052; x_wconf 89' lang='lat' dir='ltr'><strong>Dominica</strong></span> <span class='ocrx_word' id='word_1_612' title='bbox 1991 4011 2103 4053; x_wconf 84' lang='lat' dir='ltr'><strong>vox</strong></span> 
     </span>
    </p>
   </div>
   <div class='ocr_carea' id='block_1_78' title="bbox 445 4071 2105 4160">
    <p class='ocr_par' dir='ltr' id='par_1_78' title="bbox 445 4071 2105 4160">
     <span class='ocr_line' id='line_1_81' title="bbox 445 4071 2105 4160; baseline 0.007 -29"><span class='ocrx_word' id='word_1_613' title='bbox 445 4072 506 4132; x_wconf 91' lang='lat' dir='ltr'><strong>in</strong></span> <span class='ocrx_word' id='word_1_614' title='bbox 563 4071 877 4151; x_wconf 87' lang='lat' dir='ltr'><strong>Evangelio</strong></span> <span class='ocrx_word' id='word_1_615' title='bbox 932 4078 1276 4145; x_wconf 89' lang='lat' dir='ltr'><strong>enuntiavit,</strong></span> <span class='ocrx_word' id='word_1_616' title='bbox 1337 4099 1453 4158; x_wconf 92' lang='lat' dir='ltr'><strong>quo</strong></span> <span class='ocrx_word' id='word_1_617' title='bbox 1531 4087 1734 4159; x_wconf 90' lang='lat' dir='ltr'><strong>aperte</strong></span> <span class='ocrx_word' id='word_1_618' title='bbox 1793 4081 2105 4160; x_wconf 84' lang='lat' dir='ltr'><strong>palamque</strong></span> 
     </span>
    </p>
   </div>
   <div class='ocr_carea' id='block_1_79' title="bbox 443 4165 2103 4233">
    <p class='ocr_par' dir='ltr' id='par_1_79' title="bbox 443 4165 2103 4233">
     <span class='ocr_line' id='line_1_82' title="bbox 443 4165 2103 4233; baseline 0.005 -11"><span class='ocrx_word' id='word_1_619' title='bbox 443 4165 778 4233; x_wconf 83' lang='lat' dir='ltr'><strong>confirmat,</strong></span> <span class='ocrx_word' id='word_1_620' title='bbox 815 4183 933 4225; x_wconf 89' lang='lat' dir='ltr'><strong>non</strong></span> <span class='ocrx_word' id='word_1_621' title='bbox 966 4167 1140 4227; x_wconf 88' lang='lat' dir='ltr'><strong>talem</strong></span> <span class='ocrx_word' id='word_1_622' title='bbox 1173 4187 1302 4229; x_wconf 91' lang='lat' dir='ltr'><strong>esse</strong></span> <span class='ocrx_word' id='word_1_623' title='bbox 1335 4168 1699 4229; x_wconf 89' lang='lat' dir='ltr'><strong>additionem</strong></span> <span class='ocrx_word' id='word_1_624' title='bbox 1732 4168 1803 4229; x_wconf 90' lang='lat' dir='ltr'><strong>ab</strong></span> <span class='ocrx_word' id='word_1_625' title='bbox 1854 4169 2013 4230; x_wconf 90' lang='lat' dir='ltr'><strong>Italis</strong></span> <span class='ocrx_word' id='word_1_626' title='bbox 2043 4171 2103 4231; x_wconf 90' lang='lat' dir='ltr'><strong>in</strong></span> 
     </span>
    </p>
   </div>
   <div class='ocr_carea' id='block_1_80' title="bbox 441 4250 2105 4338">
    <p class='ocr_par' dir='ltr' id='par_1_80' title="bbox 441 4250 2105 4338">
     <span class='ocr_line' id='line_1_83' title="bbox 441 4250 2105 4338; baseline 0.005 -26"><span class='ocrx_word' id='word_1_627' title='bbox 441 4250 721 4330; x_wconf 81' lang='lat' dir='ltr'><strong>Symbolo</strong></span> <span class='ocrx_word' id='word_1_628' title='bbox 751 4252 986 4330; x_wconf 84' lang='lat' dir='ltr'><strong>factam,</strong></span> <span class='ocrx_word' id='word_1_629' title='bbox 1035 4256 1268 4336; x_wconf 90' lang='lat' dir='ltr'><strong>qualem</strong></span> <span class='ocrx_word' id='word_1_630' title='bbox 1326 4257 1483 4318; x_wconf 92' lang='lat' dir='ltr'><strong>idem</strong></span> <span class='ocrx_word' id='word_1_631' title='bbox 1552 4257 1721 4336; x_wconf 88' lang='lat' dir='ltr'><strong>ipse,</strong></span> <span class='ocrx_word' id='word_1_632' title='bbox 1789 4259 2105 4338; x_wconf 70' lang='lat' dir='ltr'><strong>caaterique</strong></span> 
     </span>
    </p>
   </div>
   <div class='ocr_carea' id='block_1_81' title="bbox 2267 3697 3844 3799">
    <p class='ocr_par' dir='ltr' id='par_1_81' title="bbox 2267 3697 3844 3799">
     <span class='ocr_line' id='line_1_84' title="bbox 2267 3697 3844 3799; baseline 0.001 -27"><span class='ocrx_word' id='word_1_633' title='bbox 2267 3697 2336 3775; x_wconf 46' lang='grc' dir='ltr'><strong>θ’.</strong></span> <span class='ocrx_word' id='word_1_634' title='bbox 2369 3717 2442 3770; x_wconf 77' lang='grc' dir='ltr'><strong>Σὺ</strong></span> <span class='ocrx_word' id='word_1_635' title='bbox 2471 3714 2526 3770; x_wconf 77' lang='grc' dir='ltr'><strong>δὲ</strong></span> <span class='ocrx_word' id='word_1_636' title='bbox 2555 3714 2614 3770; x_wconf 87' lang='grc' dir='ltr'><strong>ἐκ</strong></span> <span class='ocrx_word' id='word_1_637' title='bbox 2643 3717 2864 3788; x_wconf 83' lang='grc' dir='ltr'>ταύτης,</span> <span class='ocrx_word' id='word_1_638' title='bbox 2913 3713 2993 3794; x_wconf 78' lang='grc' dir='ltr'><strong>ἐφ’</strong></span> <span class='ocrx_word' id='word_1_639' title='bbox 3027 3718 3112 3778; x_wconf 81' lang='grc' dir='ltr'>οἷς</span> <span class='ocrx_word' id='word_1_640' title='bbox 3153 3714 3358 3795; x_wconf 86' lang='grc' dir='ltr'>λέγεις,</span> <span class='ocrx_word' id='word_1_641' title='bbox 3394 3715 3558 3782; x_wconf 77' lang='grc' dir='ltr'>οὕτως</span> <span class='ocrx_word' id='word_1_642' title='bbox 3603 3717 3844 3799; x_wconf 62' lang='grc' dir='ltr'>ἀπελεγ-</span> 
     </span>
    </p>
   </div>
   <div class='ocr_carea' id='block_1_82' title="bbox 2189 3803 3843 3887">
    <p class='ocr_par' dir='ltr' id='par_1_82' title="bbox 2189 3803 3843 3887">
     <span class='ocr_line' id='line_1_85' title="bbox 2189 3803 3843 3887; baseline 0.002 -27"><span class='ocrx_word' id='word_1_643' title='bbox 2189 3806 2395 3885; x_wconf 75' lang='grc' dir='ltr'>χθήσῃ.</span> <span class='ocrx_word' id='word_1_644' title='bbox 2443 3803 2532 3861; x_wconf 88' lang='grc' dir='ltr'>Ἐν</span> <span class='ocrx_word' id='word_1_645' title='bbox 2575 3805 2741 3880; x_wconf 76' lang='grc' dir='ltr'>ταύτῃ</span> <span class='ocrx_word' id='word_1_646' title='bbox 2771 3805 2870 3882; x_wconf 85' lang='grc' dir='ltr'>γὰρ</span> <span class='ocrx_word' id='word_1_647' title='bbox 2915 3805 2991 3879; x_wconf 82' lang='grc' dir='ltr'>μὴ</span> <span class='ocrx_word' id='word_1_648' title='bbox 3040 3805 3182 3883; x_wconf 84' lang='grc' dir='ltr'>παρὰ</span> <span class='ocrx_word' id='word_1_649' title='bbox 3237 3813 3328 3861; x_wconf 90' lang='grc' dir='ltr'><strong>τοῦ</strong></span> <span class='ocrx_word' id='word_1_650' title='bbox 3382 3808 3501 3862; x_wconf 82' lang='grc' dir='ltr'>Υἱοῦ</span> <span class='ocrx_word' id='word_1_651' title='bbox 3556 3807 3843 3887; x_wconf 89' lang='grc' dir='ltr'>ἐκπορεύε-</span> 
     </span>
    </p>
   </div>
   <div class='ocr_carea' id='block_1_83' title="bbox 2189 3891 3842 3974">
    <p class='ocr_par' dir='ltr' id='par_1_83' title="bbox 2189 3891 3842 3974">
     <span class='ocr_line' id='line_1_86' title="bbox 2189 3891 3842 3974; baseline 0.002 -25"><span class='ocrx_word' id='word_1_652' title='bbox 2189 3897 2305 3949; x_wconf 87' lang='grc' dir='ltr'>σθαι</span> <span class='ocrx_word' id='word_1_653' title='bbox 2349 3892 2520 3970; x_wconf 87' lang='grc' dir='ltr'>λέγων</span> <span class='ocrx_word' id='word_1_654' title='bbox 2587 3894 2649 3948; x_wconf 84' lang='grc' dir='ltr'>τὸ</span> <span class='ocrx_word' id='word_1_655' title='bbox 2709 3899 2920 3968; x_wconf 83' lang='grc' dir='ltr'>Πνεῦμα</span> <span class='ocrx_word' id='word_1_656' title='bbox 2979 3895 3007 3948; x_wconf 89' lang='lat'><strong>6</strong></span> <span class='ocrx_word' id='word_1_657' title='bbox 3063 3891 3237 3971; x_wconf 81' lang='grc' dir='ltr'>ἅγιος,</span> <span class='ocrx_word' id='word_1_658' title='bbox 3299 3893 3426 3973; x_wconf 83' lang='grc' dir='ltr'>ὅπερ</span> <span class='ocrx_word' id='word_1_659' title='bbox 3469 3897 3503 3960; x_wconf 78' lang='grc' dir='ltr'><strong>ἡ</strong></span> <span class='ocrx_word' id='word_1_660' title='bbox 3563 3898 3842 3974; x_wconf 83' lang='grc' dir='ltr'>προσθήκη</span> 
     </span>
    </p>
   </div>
   <div class='ocr_carea' id='block_1_84' title="bbox 2187 3981 3842 4063">
    <p class='ocr_par' dir='ltr' id='par_1_84' title="bbox 2187 3981 3842 4063">
     <span class='ocr_line' id='line_1_87' title="bbox 2187 3981 3842 4063; baseline 0.002 -25"><span class='ocrx_word' id='word_1_661' title='bbox 2187 3989 2292 4038; x_wconf 86' lang='grc' dir='ltr'><strong>τῶν</strong></span> <span class='ocrx_word' id='word_1_662' title='bbox 2322 3981 2538 4040; x_wconf 82' lang='grc' dir='ltr'>Ἰταλῶν</span> <span class='ocrx_word' id='word_1_663' title='bbox 2612 3981 2887 4058; x_wconf 82' lang='grc' dir='ltr'>βούλεται,</span> <span class='ocrx_word' id='word_1_664' title='bbox 2947 3987 3072 4060; x_wconf 82' lang='grc' dir='ltr'>σιγᾷ</span> <span class='ocrx_word' id='word_1_665' title='bbox 3127 3983 3214 4038; x_wconf 86' lang='grc' dir='ltr'><strong>καὶ</strong></span> <span class='ocrx_word' id='word_1_666' title='bbox 3272 3986 3328 4039; x_wconf 89' lang='lat'><strong>16</strong></span> <span class='ocrx_word' id='word_1_667' title='bbox 3359 3984 3419 4040; x_wconf 89' lang='grc' dir='ltr'><strong>ἐκ</strong></span> <span class='ocrx_word' id='word_1_668' title='bbox 3468 3986 3669 4063; x_wconf 81' lang='grc' dir='ltr'>Πατρὸς</span> <span class='ocrx_word' id='word_1_669' title='bbox 3713 3986 3842 4042; x_wconf 81' lang='grc' dir='ltr'>αὒτὸ</span> 
     </span>
    </p>
   </div>
   <div class='ocr_carea' id='block_1_85' title="bbox 2187 4071 3836 4157">
    <p class='ocr_par' dir='ltr' id='par_1_85' title="bbox 2187 4071 3836 4157">
     <span class='ocr_line' id='line_1_88' title="bbox 2187 4071 3836 4157; baseline 0.001 -27"><span class='ocrx_word' id='word_1_670' title='bbox 2187 4073 2578 4153; x_wconf 79' lang='grc' dir='ltr'>ἐκπορεύεσθαι,</span> <span class='ocrx_word' id='word_1_671' title='bbox 2625 4071 2753 4153; x_wconf 81' lang='grc' dir='ltr'>ὅπερ</span> <span class='ocrx_word' id='word_1_672' title='bbox 2811 4074 2864 4128; x_wconf 86' lang='grc' dir='ltr'><strong>ἐν</strong></span> <span class='ocrx_word' id='word_1_673' title='bbox 2923 4075 3262 4153; x_wconf 66' lang='grc' dir='ltr'>Εὑαγγεδίοις</span> <span class='ocrx_word' id='word_1_674' title='bbox 3308 4077 3343 4142; x_wconf 80' lang='grc' dir='ltr'><strong>ὴ</strong></span> <span class='ocrx_word' id='word_1_675' title='bbox 3404 4077 3638 4154; x_wconf 79' lang='grc' dir='ltr'>Κυριακὴ</span> <span class='ocrx_word' id='word_1_676' title='bbox 3683 4078 3836 4157; x_wconf 78' lang='grc' dir='ltr'>φωνὴ</span> 
     </span>
    </p>
   </div>
   <div class='ocr_carea' id='block_1_86' title="bbox 2190 4161 3837 4245">
    <p class='ocr_par' dir='ltr' id='par_1_86' title="bbox 2190 4161 3837 4245">
     <span class='ocr_line' id='line_1_89' title="bbox 2190 4161 3837 4245; baseline 0.002 -25"><span class='ocrx_word' id='word_1_677' title='bbox 2190 4161 2525 4243; x_wconf 86' lang='grc' dir='ltr'>παραδεδώκε</span> <span class='ocrx_word' id='word_1_678' title='bbox 2561 4182 2572 4195; x_wconf 93' lang='grc'>·</span> <span class='ocrx_word' id='word_1_679' title='bbox 2633 4165 2720 4219; x_wconf 85' lang='grc' dir='ltr'><strong>καὶ</strong></span> <span class='ocrx_word' id='word_1_680' title='bbox 2777 4170 2930 4220; x_wconf 88' lang='grc' dir='ltr'>τοῦτο</span> <span class='ocrx_word' id='word_1_681' title='bbox 2995 4169 3160 4220; x_wconf 85' lang='grc' dir='ltr'>ποιῶν</span> <span class='ocrx_word' id='word_1_682' title='bbox 3237 4165 3551 4244; x_wconf 79' lang='grc' dir='ltr'>παρίστησιν</span> <span class='ocrx_word' id='word_1_683' title='bbox 3603 4166 3837 4245; x_wconf 85' lang='grc' dir='ltr'>ἐναργῶς</span> 
     </span>
    </p>
   </div>
   <div class='ocr_carea' id='block_1_87' title="bbox 2188 4252 3837 4332">
    <p class='ocr_par' dir='ltr' id='par_1_87' title="bbox 2188 4252 3837 4332">
     <span class='ocr_line' id='line_1_90' title="bbox 2188 4252 3837 4332; baseline 0.002 -24"><span class='ocrx_word' id='word_1_684' title='bbox 2188 4253 2266 4328; x_wconf 69' lang='grc' dir='ltr'>μὴ</span> <span class='ocrx_word' id='word_1_685' title='bbox 2310 4275 2370 4308; x_wconf 87' lang='grc' dir='ltr'><strong>το</strong></span> <span class='ocrx_word' id='word_1_686' title='bbox 2400 4253 2562 4319; x_wconf 84' lang='grc' dir='ltr'>αύτην</span> <span class='ocrx_word' id='word_1_687' title='bbox 2615 4252 2755 4308; x_wconf 77' lang='grc' dir='ltr'>εἶναι</span> <span class='ocrx_word' id='word_1_688' title='bbox 2809 4253 3139 4328; x_wconf 81' lang='grc' dir='ltr'>προσθήκην,</span> <span class='ocrx_word' id='word_1_689' title='bbox 3199 4254 3300 4320; x_wconf 72' lang='grc' dir='ltr'>τὴν</span> <span class='ocrx_word' id='word_1_690' title='bbox 3353 4254 3473 4332; x_wconf 88' lang='grc' dir='ltr'>παρ’</span> <span class='ocrx_word' id='word_1_691' title='bbox 3533 4253 3752 4312; x_wconf 84' lang='grc' dir='ltr'>Ἰταλῶν</span> <span class='ocrx_word' id='word_1_692' title='bbox 3782 4255 3837 4311; x_wconf 90' lang='grc' dir='ltr'><strong>ἐν</strong></span> 
     </span>
    </p>
   </div>
   <div class='ocr_carea' id='block_1_88' title="bbox 443 4338 2105 4427">
    <p class='ocr_par' dir='ltr' id='par_1_88' title="bbox 443 4339 2101 4427">
     <span class='ocr_line' id='line_1_91' title="bbox 443 4339 2101 4427; baseline 0.007 -29"><span class='ocrx_word' id='word_1_693' title='bbox 443 4340 638 4400; x_wconf 89' lang='lat' dir='ltr'><strong>nostri</strong></span> <span class='ocrx_word' id='word_1_694' title='bbox 669 4339 880 4402; x_wconf 85' lang='lat' dir='ltr'><strong>deiferi</strong></span> <span class='ocrx_word' id='word_1_695' title='bbox 900 4345 1131 4418; x_wconf 88' lang='lat' dir='ltr'><strong>Patres,</strong></span> <span class='ocrx_word' id='word_1_696' title='bbox 1160 4346 1427 4426; x_wconf 90' lang='lat' dir='ltr'><strong>eum,qui</strong></span> <span class='ocrx_word' id='word_1_697' title='bbox 1459 4365 1602 4407; x_wconf 88' lang='lat' dir='ltr'><strong>sane</strong></span> <span class='ocrx_word' id='word_1_698' title='bbox 1633 4347 1772 4407; x_wconf 89' lang='lat' dir='ltr'><strong>fidei</strong></span> <span class='ocrx_word' id='word_1_699' title='bbox 1803 4348 2101 4427; x_wconf 89' lang='lat' dir='ltr'><strong>quidpiam</strong></span> 
     </span>
    </p>
   </div>
   <div class='ocr_carea' id='block_1_89' title="bbox 2189 4338 3839 4427">
    <p class='ocr_par' dir='ltr' id='par_1_89' title="bbox 2189 4338 3839 4422">
     <span class='ocr_line' id='line_1_92' title="bbox 2189 4338 3839 4422; baseline 0.004 -26"><span class='ocrx_word' id='word_1_700' title='bbox 2189 4342 2263 4416; x_wconf 79' lang='grc' dir='ltr'>τῷ</span> <span class='ocrx_word' id='word_1_701' title='bbox 2320 4338 2579 4415; x_wconf 83' lang='grc' dir='ltr'>Συμϐόλῳ</span> <span class='ocrx_word' id='word_1_702' title='bbox 2657 4341 2947 4418; x_wconf 75' lang='grc' dir='ltr'>γενομένην</span> <span class='ocrx_word' id='word_1_703' title='bbox 3025 4343 3353 4420; x_wconf 80' lang='grc' dir='ltr'>προσθήκην,</span> <span class='ocrx_word' id='word_1_704' title='bbox 3435 4342 3655 4422; x_wconf 73' lang='grc' dir='ltr'>οἵανπερ</span> <span class='ocrx_word' id='word_1_705' title='bbox 3748 4346 3839 4402; x_wconf 83' lang='grc' dir='ltr'><strong>καὶ</strong></span> 
     </span>
    </p>
   </div>
   <div class='ocr_carea' id='block_1_90' title="bbox 441 4427 2105 4513">
    <p class='ocr_par' dir='ltr' id='par_1_90' title="bbox 441 4427 2101 4513">
     <span class='ocr_line' id='line_1_93' title="bbox 441 4427 2101 4513; baseline 0.007 -27"><span class='ocrx_word' id='word_1_706' title='bbox 441 4427 764 4504; x_wconf 88' lang='lat' dir='ltr'><strong>addiderit,</strong></span> <span class='ocrx_word' id='word_1_707' title='bbox 799 4431 888 4491; x_wconf 90' lang='lat' dir='ltr'><strong>vel</strong></span> <span class='ocrx_word' id='word_1_708' title='bbox 919 4431 1142 4513; x_wconf 90' lang='lat' dir='ltr'><strong>aliquid</strong></span> <span class='ocrx_word' id='word_1_709' title='bbox 1203 4453 1270 4494; x_wconf 86' lang='lat' dir='ltr'><strong>ex</strong></span> <span class='ocrx_word' id='word_1_710' title='bbox 1323 4453 1392 4495; x_wconf 89' lang='lat' dir='ltr'><strong>ea</strong></span> <span class='ocrx_word' id='word_1_711' title='bbox 1449 4435 1788 4502; x_wconf 88' lang='lat' dir='ltr'><strong>detraxerit.</strong></span> <span class='ocrx_word' id='word_1_712' title='bbox 1851 4439 2101 4498; x_wconf 87' lang='lat' dir='ltr'><strong>anathe-</strong></span> 
     </span>
    </p>
   </div>
   <div class='ocr_carea' id='block_1_91' title="bbox 2189 4427 3834 4513">
    <p class='ocr_par' dir='ltr' id='par_1_91' title="bbox 2189 4428 3834 4511">
     <span class='ocr_line' id='line_1_94' title="bbox 2189 4428 3834 4511; baseline 0.004 -26"><span class='ocrx_word' id='word_1_713' title='bbox 2189 4432 2338 4494; x_wconf 82' lang='grc' dir='ltr'>οὗτος</span> <span class='ocrx_word' id='word_1_714' title='bbox 2371 4432 2550 4504; x_wconf 79' lang='grc' dir='ltr'>αὐτὸς,</span> <span class='ocrx_word' id='word_1_715' title='bbox 2610 4432 2698 4487; x_wconf 84' lang='grc' dir='ltr'><strong>καὶ</strong></span> <span class='ocrx_word' id='word_1_716' title='bbox 2771 4433 2816 4485; x_wconf 82' lang='grc' dir='ltr'>οἱ</span> <span class='ocrx_word' id='word_1_717' title='bbox 2859 4428 3037 4486; x_wconf 89' lang='grc' dir='ltr'>λοιποὶ</span> <span class='ocrx_word' id='word_1_718' title='bbox 3119 4431 3355 4509; x_wconf 75' lang='grc' dir='ltr'>θεοφόροι</span> <span class='ocrx_word' id='word_1_719' title='bbox 3399 4433 3626 4511; x_wconf 87' lang='grc' dir='ltr'>Πατέρες</span> <span class='ocrx_word' id='word_1_720' title='bbox 3681 4435 3834 4508; x_wconf 76' lang='grc' dir='ltr'>ἡμῶν</span> 
     </span>
    </p>
   </div>
   <div class='ocr_carea' id='block_1_92' title="bbox 443 4516 2105 4604">
    <p class='ocr_par' dir='ltr' id='par_1_92' title="bbox 443 4516 2100 4604">
     <span class='ocr_line' id='line_1_95' title="bbox 443 4516 2100 4604; baseline 0.007 -29"><span class='ocrx_word' id='word_1_721' title='bbox 443 4516 584 4576; x_wconf 89' lang='lat' dir='ltr'><strong>mati</strong></span> <span class='ocrx_word' id='word_1_722' title='bbox 642 4517 1054 4597; x_wconf 88' lang='lat' dir='ltr'><strong>subjicientes,</strong></span> <span class='ocrx_word' id='word_1_723' title='bbox 1125 4522 1577 4603; x_wconf 83' lang='lat' dir='ltr'><strong>prohibuerunt.</strong></span> <span class='ocrx_word' id='word_1_724' title='bbox 1609 4525 1760 4585; x_wconf 82' lang='lat' dir='ltr'><strong>Vera</strong></span> <span class='ocrx_word' id='word_1_725' title='bbox 1808 4525 2100 4604; x_wconf 89' lang='lat' dir='ltr'><strong>siquidem</strong></span> 
     </span>
    </p>
   </div>
   <div class='ocr_carea' id='block_1_93' title="bbox 2189 4516 3834 4604">
    <p class='ocr_par' dir='ltr' id='par_1_93' title="bbox 2189 4519 3834 4600">
     <span class='ocr_line' id='line_1_96' title="bbox 2189 4519 3834 4600; baseline 0.002 -25"><span class='ocrx_word' id='word_1_726' title='bbox 2189 4519 2576 4597; x_wconf 88' lang='grc' dir='ltr'>ἀπηγόρευσαν,</span> <span class='ocrx_word' id='word_1_727' title='bbox 2624 4520 2795 4576; x_wconf 86' lang='grc' dir='ltr'>πάντα</span> <span class='ocrx_word' id='word_1_728' title='bbox 2853 4521 2944 4574; x_wconf 88' lang='grc' dir='ltr'><strong>τὸν</strong></span> <span class='ocrx_word' id='word_1_729' title='bbox 2999 4521 3341 4599; x_wconf 86' lang='grc' dir='ltr'>προστιθέντα</span> <span class='ocrx_word' id='word_1_730' title='bbox 3396 4527 3464 4597; x_wconf 78' lang='grc' dir='ltr'>τῇ</span> <span class='ocrx_word' id='word_1_731' title='bbox 3528 4523 3834 4600; x_wconf 74' lang='grc' dir='ltr'>ὑγιαινούσῃ</span> 
     </span>
    </p>
   </div>
   <div class='ocr_carea' id='block_1_94' title="bbox 443 4605 2105 4694">
    <p class='ocr_par' dir='ltr' id='par_1_94' title="bbox 443 4605 2101 4694">
     <span class='ocr_line' id='line_1_97' title="bbox 443 4605 2101 4694; baseline 0.007 -29"><span class='ocrx_word' id='word_1_732' title='bbox 443 4611 563 4694; x_wconf 89' lang='lat' dir='ltr'><strong>tum</strong></span> <span class='ocrx_word' id='word_1_733' title='bbox 596 4605 910 4682; x_wconf 87' lang='lat' dir='ltr'><strong>additio,et</strong></span> <span class='ocrx_word' id='word_1_734' title='bbox 941 4611 1227 4672; x_wconf 90' lang='lat' dir='ltr'><strong>detractio</strong></span> <span class='ocrx_word' id='word_1_735' title='bbox 1259 4621 1374 4688; x_wconf 90' lang='lat' dir='ltr'><strong>est,</strong></span> <span class='ocrx_word' id='word_1_736' title='bbox 1405 4632 1536 4674; x_wconf 88' lang='lat' dir='ltr'><strong>cum</strong></span> <span class='ocrx_word' id='word_1_737' title='bbox 1571 4632 1687 4673; x_wconf 91' lang='lat' dir='ltr'><strong>non</strong></span> <span class='ocrx_word' id='word_1_738' title='bbox 1713 4613 2101 4694; x_wconf 44' lang='lat' dir='ltr'><strong>dictionibus.</strong></span> 
     </span>
    </p>
   </div>
   <div class='ocr_carea' id='block_1_95' title="bbox 2189 4605 3831 4694">
    <p class='ocr_par' dir='ltr' id='par_1_95' title="bbox 2189 4607 3831 4689">
     <span class='ocr_line' id='line_1_98' title="bbox 2189 4607 3831 4689; baseline 0.002 -24"><span class='ocrx_word' id='word_1_739' title='bbox 2189 4609 2382 4688; x_wconf 87' lang='grc' dir='ltr'>πίστει,</span> <span class='ocrx_word' id='word_1_740' title='bbox 2438 4608 2472 4676; x_wconf 73' lang='grc' dir='ltr'><strong>ἢ</strong></span> <span class='ocrx_word' id='word_1_741' title='bbox 2542 4607 2920 4689; x_wconf 74' lang='grc' dir='ltr'>ἀφαιρούμενον</span> <span class='ocrx_word' id='word_1_742' title='bbox 2991 4607 3044 4672; x_wconf 75' lang='grc' dir='ltr'><strong>ἑξ</strong></span> <span class='ocrx_word' id='word_1_743' title='bbox 3127 4612 3312 4684; x_wconf 78' lang='grc' dir='ltr'>αὐτῆς,</span> <span class='ocrx_word' id='word_1_744' title='bbox 3399 4609 3831 4681; x_wconf 77' lang='grc' dir='ltr'>καῖαδικάζοντες</span> 
     </span>
    </p>
   </div>
   <div class='ocr_carea' id='block_1_96' title="bbox 443 4693 2105 4782">
    <p class='ocr_par' dir='ltr' id='par_1_96' title="bbox 443 4693 2104 4782">
     <span class='ocr_line' id='line_1_99' title="bbox 443 4693 2104 4782; baseline 0.008 -29"><span class='ocrx_word' id='word_1_745' title='bbox 443 4693 548 4755; x_wconf 89' lang='lat' dir='ltr'><strong>sed</strong></span> <span class='ocrx_word' id='word_1_746' title='bbox 571 4698 881 4758; x_wconf 91' lang='lat' dir='ltr'><strong>sententiis</strong></span> <span class='ocrx_word' id='word_1_747' title='bbox 903 4698 1116 4761; x_wconf 89' lang='lat' dir='ltr'><strong>alienis</strong></span> <span class='ocrx_word' id='word_1_748' title='bbox 1148 4702 1529 4782; x_wconf 84' lang='lat' dir='ltr'><strong>externisque</strong></span> <span class='ocrx_word' id='word_1_749' title='bbox 1559 4701 1706 4763; x_wconf 87' lang='lat' dir='ltr'><strong>fides</strong></span> <span class='ocrx_word' id='word_1_750' title='bbox 1738 4721 1882 4764; x_wconf 86' lang='lat' dir='ltr'><strong>sana</strong></span> <span class='ocrx_word' id='word_1_751' title='bbox 1915 4693 2104 4766; x_wconf 53' lang='lat' dir='ltr'><strong>viola;</strong></span> 
     </span>
    </p>
   </div>
   <div class='ocr_carea' id='block_1_97' title="bbox 2189 4693 3832 4782">
    <p class='ocr_par' dir='ltr' id='par_1_97' title="bbox 2189 4695 3832 4781">
     <span class='ocr_line' id='line_1_100' title="bbox 2189 4695 3832 4781; baseline 0.003 -29"><span class='ocrx_word' id='word_1_752' title='bbox 2189 4697 2494 4773; x_wconf 85' lang='grc' dir='ltr'>ἀναθέματι,</span> <span class='ocrx_word' id='word_1_753' title='bbox 2569 4695 2804 4764; x_wconf 76' lang='grc' dir='ltr'>Ἀληθὴς</span> <span class='ocrx_word' id='word_1_754' title='bbox 2851 4697 2950 4775; x_wconf 81' lang='grc' dir='ltr'><strong>γὰρ</strong></span> <span class='ocrx_word' id='word_1_755' title='bbox 2992 4698 3267 4775; x_wconf 89' lang='grc' dir='ltr'>προσθήκη</span> <span class='ocrx_word' id='word_1_756' title='bbox 3364 4697 3472 4754; x_wconf 88' lang='grc' dir='ltr'>ἐστὶ</span> <span class='ocrx_word' id='word_1_757' title='bbox 3529 4702 3614 4756; x_wconf 85' lang='grc' dir='ltr'><strong>καὶ</strong></span> <span class='ocrx_word' id='word_1_758' title='bbox 3670 4700 3832 4781; x_wconf 79' lang='grc' dir='ltr'>ἀφαί-</span> 
     </span>
    </p>
   </div>
   <div class='ocr_carea' id='block_1_98' title="bbox 445 4783 2105 4871">
    <p class='ocr_par' dir='ltr' id='par_1_98' title="bbox 445 4783 2104 4871">
     <span class='ocr_line' id='line_1_101' title="bbox 445 4783 2104 4871; baseline 0.009 -30"><span class='ocrx_word' id='word_1_759' title='bbox 445 4788 562 4871; x_wconf 50' lang='lat' dir='ltr'><strong>tur,</strong></span> <span class='ocrx_word' id='word_1_760' title='bbox 615 4783 878 4868; x_wconf 85' lang='lat' dir='ltr'><strong>Etenim,</strong></span> <span class='ocrx_word' id='word_1_761' title='bbox 931 4788 980 4848; x_wconf 92' lang='lat' dir='ltr'><strong>si</strong></span> <span class='ocrx_word' id='word_1_762' title='bbox 1038 4787 1368 4850; x_wconf 88' lang='lat' dir='ltr'><strong>dictionum</strong></span> <span class='ocrx_word' id='word_1_763' title='bbox 1398 4790 1699 4852; x_wconf 88' lang='lat' dir='ltr'><strong>additione</strong></span> <span class='ocrx_word' id='word_1_764' title='bbox 1750 4792 2104 4871; x_wconf 84' lang='lat' dir='ltr'><strong>Evangelica</strong></span> 
     </span>
    </p>
   </div>
   <div class='ocr_carea' id='block_1_99' title="bbox 2189 4783 3831 4871">
    <p class='ocr_par' dir='ltr' id='par_1_99' title="bbox 2189 4784 3831 4868">
     <span class='ocr_line' id='line_1_102' title="bbox 2189 4784 3831 4868; baseline 0.003 -26"><span class='ocrx_word' id='word_1_765' title='bbox 2189 4808 2326 4866; x_wconf 90' lang='grc' dir='ltr'>ρεσις</span> <span class='ocrx_word' id='word_1_766' title='bbox 2356 4789 2418 4842; x_wconf 97' lang='lat'><strong>16</strong></span> <span class='ocrx_word' id='word_1_767' title='bbox 2469 4787 2546 4863; x_wconf 83' lang='grc' dir='ltr'>μὴ</span> <span class='ocrx_word' id='word_1_768' title='bbox 2591 4785 2811 4865; x_wconf 76' lang='grc' dir='ltr'>λέξεσιν,</span> <span class='ocrx_word' id='word_1_769' title='bbox 2863 4784 2981 4841; x_wconf 70' lang='grc' dir='ltr'>ἀλλ’</span> <span class='ocrx_word' id='word_1_770' title='bbox 3026 4786 3245 4850; x_wconf 89' lang='grc' dir='ltr'>ἐννοίαις</span> <span class='ocrx_word' id='word_1_771' title='bbox 3316 4786 3576 4868; x_wconf 87' lang='grc' dir='ltr'>ἐκατέρως</span> <span class='ocrx_word' id='word_1_772' title='bbox 3631 4792 3831 4846; x_wconf 89' lang='grc' dir='ltr'>τούτων</span> 
     </span>
    </p>
   </div>
   <div class='ocr_carea' id='block_1_100' title="bbox 449 4868 2105 4959">
    <p class='ocr_par' dir='ltr' id='par_1_100' title="bbox 449 4868 2100 4959">
     <span class='ocr_line' id='line_1_103' title="bbox 449 4868 2100 4959; baseline 0.008 -31"><span class='ocrx_word' id='word_1_773' title='bbox 449 4868 659 4959; x_wconf 83' lang='lat' dir='ltr'><strong>veritas</strong></span> <span class='ocrx_word' id='word_1_774' title='bbox 689 4873 1060 4956; x_wconf 84' lang='lat' dir='ltr'><strong>vulneratur,</strong></span> <span class='ocrx_word' id='word_1_775' title='bbox 1094 4876 1392 4958; x_wconf 90' lang='lat' dir='ltr'><strong>fidemque</strong></span> <span class='ocrx_word' id='word_1_776' title='bbox 1451 4878 1584 4938; x_wconf 90' lang='lat' dir='ltr'><strong>aliis</strong></span> <span class='ocrx_word' id='word_1_777' title='bbox 1647 4868 1988 4959; x_wconf 75' lang='lat' dir='ltr'><strong>propinare,</strong></span> <span class='ocrx_word' id='word_1_778' title='bbox 2042 4881 2100 4941; x_wconf 87' lang='lat' dir='ltr'><strong>in</strong></span> 
     </span>
    </p>
   </div>
   <div class='ocr_carea' id='block_1_101' title="bbox 2189 4868 3829 4959">
    <p class='ocr_par' dir='ltr' id='par_1_101' title="bbox 2189 4875 3829 4956">
     <span class='ocr_line' id='line_1_104' title="bbox 2189 4875 3829 4956; baseline 0.002 -24"><span class='ocrx_word' id='word_1_779' title='bbox 2189 4877 2281 4944; x_wconf 74' lang='grc' dir='ltr'>τὴν</span> <span class='ocrx_word' id='word_1_780' title='bbox 2331 4877 2660 4954; x_wconf 81' lang='grc' dir='ltr'>ὑγιαίνουσαν</span> <span class='ocrx_word' id='word_1_781' title='bbox 2716 4875 2891 4931; x_wconf 89' lang='grc' dir='ltr'>πίστιν</span> <span class='ocrx_word' id='word_1_782' title='bbox 2981 4878 3192 4938; x_wconf 82' lang='grc' dir='ltr'>παθεῖν,</span> <span class='ocrx_word' id='word_1_783' title='bbox 3281 4878 3339 4933; x_wconf 87' lang='grc' dir='ltr'>Εἰ</span> <span class='ocrx_word' id='word_1_784' title='bbox 3396 4878 3494 4956; x_wconf 80' lang='grc' dir='ltr'><strong>γὰρ</strong></span> <span class='ocrx_word' id='word_1_785' title='bbox 3562 4878 3616 4934; x_wconf 87' lang='grc' dir='ltr'><strong>ἐν</strong></span> <span class='ocrx_word' id='word_1_786' title='bbox 3662 4877 3829 4944; x_wconf 79' lang='grc' dir='ltr'>λέξεσι</span> 
     </span>
    </p>
   </div>
   <div class='ocr_carea' id='block_1_102' title="bbox 442 4958 2103 5047">
    <p class='ocr_par' dir='ltr' id='par_1_102' title="bbox 442 4958 2103 5047">
     <span class='ocr_line' id='line_1_105' title="bbox 442 4958 2103 5047; baseline 0.009 -32"><span class='ocrx_word' id='word_1_787' title='bbox 442 4974 557 5035; x_wconf 89' lang='lat' dir='ltr'><strong>qua</strong></span> <span class='ocrx_word' id='word_1_788' title='bbox 579 4958 949 5038; x_wconf 66' lang='lat' dir='ltr'><strong>Evangelicae</strong></span> <span class='ocrx_word' id='word_1_789' title='bbox 978 4961 1307 5025; x_wconf 89' lang='lat' dir='ltr'><strong>Servatoris</strong></span> <span class='ocrx_word' id='word_1_790' title='bbox 1325 4984 1497 5027; x_wconf 88' lang='lat' dir='ltr'><strong>voces</strong></span> <span class='ocrx_word' id='word_1_791' title='bbox 1525 4958 1770 5046; x_wconf 88' lang='lat' dir='ltr'><strong>prorsus</strong></span> <span class='ocrx_word' id='word_1_792' title='bbox 1789 4987 1903 5027; x_wconf 93' lang='lat' dir='ltr'><strong>non</strong></span> <span class='ocrx_word' id='word_1_793' title='bbox 1939 4967 2103 5047; x_wconf 85' lang='lat' dir='ltr'><strong>dige-</strong></span> 
     </span>
    </p>
   </div>
   <div class='ocr_carea' id='block_1_103' title="bbox 438 5049 2098 5136">
    <p class='ocr_par' dir='ltr' id='par_1_103' title="bbox 438 5049 2098 5136">
     <span class='ocr_line' id='line_1_106' title="bbox 438 5049 2098 5136; baseline 0.01 -33"><span class='ocrx_word' id='word_1_794' title='bbox 438 5051 668 5136; x_wconf 80' lang='lat' dir='ltr'><strong>rantur,</strong></span> <span class='ocrx_word' id='word_1_795' title='bbox 703 5049 806 5108; x_wconf 90' lang='lat' dir='ltr'><strong>sed</strong></span> <span class='ocrx_word' id='word_1_796' title='bbox 839 5051 1078 5114; x_wconf 91' lang='lat' dir='ltr'><strong>silentio</strong></span> <span class='ocrx_word' id='word_1_797' title='bbox 1136 5053 1414 5115; x_wconf 63' lang='lat' dir='ltr'><strong>involutae</strong></span> <span class='ocrx_word' id='word_1_798' title='bbox 1469 5054 1942 5136; x_wconf 89' lang='lat' dir='ltr'><strong>dissimulentur,</strong></span> <span class='ocrx_word' id='word_1_799' title='bbox 1977 5057 2098 5118; x_wconf 91' lang='lat' dir='ltr'><strong>Do-</strong></span> 
     </span>
    </p>
   </div>
   <div class='ocr_carea' id='block_1_104' title="bbox 439 5133 2091 5223">
    <p class='ocr_par' dir='ltr' id='par_1_104' title="bbox 439 5133 2091 5223">
     <span class='ocr_line' id='line_1_107' title="bbox 439 5133 2091 5223; baseline 0.01 -30"><span class='ocrx_word' id='word_1_800' title='bbox 439 5133 693 5195; x_wconf 87' lang='lat' dir='ltr'><strong>minicas</strong></span> <span class='ocrx_word' id='word_1_801' title='bbox 723 5154 896 5200; x_wconf 91' lang='lat' dir='ltr'><strong>voces</strong></span> <span class='ocrx_word' id='word_1_802' title='bbox 924 5157 1013 5200; x_wconf 84' lang='lat' dir='ltr'><strong>eSt</strong></span> <span class='ocrx_word' id='word_1_803' title='bbox 1040 5141 1282 5218; x_wconf 90' lang='lat' dir='ltr'><strong>violare,</strong></span> <span class='ocrx_word' id='word_1_804' title='bbox 1321 5153 1377 5204; x_wconf 89' lang='lat' dir='ltr'><strong>et</strong></span> <span class='ocrx_word' id='word_1_805' title='bbox 1414 5143 1794 5223; x_wconf 80' lang='lat' dir='ltr'><strong>Evangelium</strong></span> <span class='ocrx_word' id='word_1_806' title='bbox 1854 5133 2091 5208; x_wconf 84' lang='lat' dir='ltr'><strong>adulte-</strong></span> 
     </span>
    </p>
   </div>
   <div class='ocr_carea' id='block_1_105' title="bbox 437 5225 2094 5314">
    <p class='ocr_par' dir='ltr' id='par_1_105' title="bbox 437 5225 2094 5314">
     <span class='ocr_line' id='line_1_108' title="bbox 437 5225 2094 5314; baseline 0.01 -33"><span class='ocrx_word' id='word_1_807' title='bbox 437 5237 573 5282; x_wconf 86' lang='lat' dir='ltr'><strong>rare</strong></span> <span class='ocrx_word' id='word_1_808' title='bbox 609 5243 624 5283; x_wconf 89' lang='lat'><strong>:</strong></span> <span class='ocrx_word' id='word_1_809' title='bbox 657 5225 708 5284; x_wconf 92' lang='lat' dir='ltr'><strong>si</strong></span> <span class='ocrx_word' id='word_1_810' title='bbox 761 5225 893 5300; x_wconf 92' lang='lat' dir='ltr'><strong>hoc,</strong></span> <span class='ocrx_word' id='word_1_811' title='bbox 947 5227 1210 5310; x_wconf 91' lang='lat' dir='ltr'><strong>inquam,</strong></span> <span class='ocrx_word' id='word_1_812' title='bbox 1267 5249 1469 5294; x_wconf 86' lang='lat' dir='ltr'><strong>verum</strong></span> <span class='ocrx_word' id='word_1_813' title='bbox 1517 5242 1605 5294; x_wconf 93' lang='lat' dir='ltr'><strong>est</strong></span> <span class='ocrx_word' id='word_1_814' title='bbox 1655 5251 1956 5314; x_wconf 90' lang='lat' dir='ltr'><strong>nunquam</strong></span> <span class='ocrx_word' id='word_1_815' title='bbox 1998 5235 2094 5297; x_wconf 86' lang='lat' dir='ltr'><strong>hic</strong></span> 
     </span>
    </p>
   </div>
   <div class='ocr_carea' id='block_1_106' title="bbox 440 5315 2091 5402">
    <p class='ocr_par' dir='ltr' id='par_1_106' title="bbox 440 5315 2091 5402">
     <span class='ocr_line' id='line_1_109' title="bbox 440 5315 2091 5402; baseline 0.01 -33"><span class='ocrx_word' id='word_1_816' title='bbox 440 5327 686 5387; x_wconf 81' lang='lat' dir='ltr'><strong>magnus</strong></span> <span class='ocrx_word' id='word_1_817' title='bbox 715 5315 969 5377; x_wconf 86' lang='lat' dir='ltr'><strong>Basilius</strong></span> <span class='ocrx_word' id='word_1_818' title='bbox 999 5329 1418 5396; x_wconf 88' lang='lat' dir='ltr'><strong>asseverasset,</strong></span> <span class='ocrx_word' id='word_1_819' title='bbox 1461 5346 1486 5377; x_wconf 79' lang='grc' dir='ltr'><strong><em>α</em></strong></span> <span class='ocrx_word' id='word_1_820' title='bbox 1524 5321 1760 5401; x_wconf 90' lang='lat' dir='ltr'><strong>planum</strong></span> <span class='ocrx_word' id='word_1_821' title='bbox 1795 5333 2091 5402; x_wconf 77' lang='lat' dir='ltr'><strong>apertum.</strong></span> 
     </span>
    </p>
   </div>
   <div class='ocr_carea' id='block_1_107' title="bbox 439 5403 2096 5490">
    <p class='ocr_par' dir='ltr' id='par_1_107' title="bbox 439 5403 2096 5490">
     <span class='ocr_line' id='line_1_110' title="bbox 439 5403 2096 5490; baseline 0.012 -32"><span class='ocrx_word' id='word_1_822' title='bbox 439 5417 719 5490; x_wconf 81' lang='lat' dir='ltr'><strong>queesse</strong></span> <span class='ocrx_word' id='word_1_823' title='bbox 748 5420 782 5463; x_wconf 91' lang='lat' dir='ltr'><strong>a</strong></span> <span class='ocrx_word' id='word_1_824' title='bbox 807 5403 924 5465; x_wconf 84' lang='lat' dir='ltr'><strong>fide</strong></span> <span class='ocrx_word' id='word_1_825' title='bbox 946 5423 1209 5489; x_wconf 89' lang='lat' dir='ltr'><strong>causam,</strong></span> <span class='ocrx_word' id='word_1_826' title='bbox 1237 5416 1296 5469; x_wconf 93' lang='lat' dir='ltr'><strong>et</strong></span> <span class='ocrx_word' id='word_1_827' title='bbox 1327 5409 1624 5490; x_wconf 68' lang='lat' dir='ltr'><strong>superbiae</strong></span> <span class='ocrx_word' id='word_1_828' title='bbox 1653 5410 1963 5488; x_wconf 90' lang='lat' dir='ltr'><strong>indicium,</strong></span> <span class='ocrx_word' id='word_1_829' title='bbox 1999 5428 2096 5480; x_wconf 87' lang='lat' dir='ltr'><strong>aut</strong></span> 
     </span>
    </p>
   </div>
   <div class='ocr_carea' id='block_1_108' title="bbox 441 5488 2094 5578">
    <p class='ocr_par' dir='ltr' id='par_1_108' title="bbox 441 5488 2094 5578">
     <span class='ocr_line' id='line_1_111' title="bbox 441 5488 2094 5578; baseline 0.01 -29"><span class='ocrx_word' id='word_1_830' title='bbox 441 5505 514 5550; x_wconf 82' lang='lat' dir='ltr'><strong>ex</strong></span> <span class='ocrx_word' id='word_1_831' title='bbox 541 5488 614 5550; x_wconf 92' lang='lat' dir='ltr'><strong>iis</strong></span> <span class='ocrx_word' id='word_1_832' title='bbox 643 5509 775 5571; x_wconf 66' lang='lat' dir='ltr'><strong>quae</strong></span> <span class='ocrx_word' id='word_1_833' title='bbox 805 5493 1026 5574; x_wconf 88' lang='lat' dir='ltr'><strong>scripta</strong></span> <span class='ocrx_word' id='word_1_834' title='bbox 1054 5488 1437 5578; x_wconf 83' lang='lat' dir='ltr'><strong>suntaliquid</strong></span> <span class='ocrx_word' id='word_1_835' title='bbox 1460 5499 1736 5578; x_wconf 86' lang='lat' dir='ltr'><strong>rejicere,</strong></span> <span class='ocrx_word' id='word_1_836' title='bbox 1763 5509 1862 5562; x_wconf 90' lang='lat' dir='ltr'><strong>aut</strong></span> <span class='ocrx_word' id='word_1_837' title='bbox 1883 5520 1950 5563; x_wconf 84' lang='lat' dir='ltr'><strong>ex</strong></span> <span class='ocrx_word' id='word_1_838' title='bbox 1976 5522 2094 5565; x_wconf 87' lang='lat' dir='ltr'><strong>non</strong></span> 
     </span>
    </p>
   </div>
   <div class='ocr_carea' id='block_1_109' title="bbox 2193 4962 3826 5050">
    <p class='ocr_par' dir='ltr' id='par_1_109' title="bbox 2193 4962 3826 5050">
     <span class='ocr_line' id='line_1_112' title="bbox 2193 4962 3826 5050; baseline 0.002 -30"><span class='ocrx_word' id='word_1_839' title='bbox 2193 4967 2459 5043; x_wconf 83' lang='grc' dir='ltr'>προσθήκη</span> <span class='ocrx_word' id='word_1_840' title='bbox 2517 4965 2616 5031; x_wconf 73' lang='grc' dir='ltr'>τὴν</span> <span class='ocrx_word' id='word_1_841' title='bbox 2674 4962 3033 5042; x_wconf 82' lang='grc' dir='ltr'>Εὐαγγελικην</span> <span class='ocrx_word' id='word_1_842' title='bbox 3082 4965 3479 5044; x_wconf 86' lang='grc' dir='ltr'>παραχαράττει</span> <span class='ocrx_word' id='word_1_843' title='bbox 3553 4966 3826 5050; x_wconf 86' lang='grc' dir='ltr'>ἀλήθειαν,</span> 
     </span>
    </p>
   </div>
   <div class='ocr_carea' id='block_1_110' title="bbox 2183 5050 3826 5137">
    <p class='ocr_par' dir='ltr' id='par_1_110' title="bbox 2183 5050 3826 5137">
     <span class='ocr_line' id='line_1_113' title="bbox 2183 5050 3826 5137; baseline 0.002 -27"><span class='ocrx_word' id='word_1_844' title='bbox 2183 5055 2270 5110; x_wconf 83' lang='grc' dir='ltr'><strong>καὶ</strong></span> <span class='ocrx_word' id='word_1_845' title='bbox 2312 5055 2373 5110; x_wconf 88' lang='lat'><strong>16</strong></span> <span class='ocrx_word' id='word_1_846' title='bbox 2403 5056 2577 5110; x_wconf 89' lang='grc' dir='ltr'>πίστιν</span> <span class='ocrx_word' id='word_1_847' title='bbox 2606 5053 2816 5117; x_wconf 87' lang='grc' dir='ltr'>πάντως</span> <span class='ocrx_word' id='word_1_848' title='bbox 2875 5050 3236 5135; x_wconf 86' lang='grc' dir='ltr'>παραδιδοναι,</span> <span class='ocrx_word' id='word_1_849' title='bbox 3291 5055 3380 5127; x_wconf 72' lang='grc' dir='ltr'>καὶ</span> <span class='ocrx_word' id='word_1_850' title='bbox 3426 5056 3520 5120; x_wconf 80' lang='grc' dir='ltr'>τὰς</span> <span class='ocrx_word' id='word_1_851' title='bbox 3585 5059 3826 5137; x_wconf 77' lang='grc' dir='ltr'>Εὐαγγέ-</span> 
     </span>
    </p>
   </div>
   <div class='ocr_carea' id='block_1_111' title="bbox 2174 5142 3824 5225">
    <p class='ocr_par' dir='ltr' id='par_1_111' title="bbox 2174 5142 3824 5225">
     <span class='ocr_line' id='line_1_114' title="bbox 2174 5142 3824 5225; baseline 0.004 -27"><span class='ocrx_word' id='word_1_852' title='bbox 2174 5142 2324 5209; x_wconf 84' lang='grc' dir='ltr'>λικὰς</span> <span class='ocrx_word' id='word_1_853' title='bbox 2365 5154 2459 5203; x_wconf 84' lang='grc' dir='ltr'><strong>τοῦ</strong></span> <span class='ocrx_word' id='word_1_854' title='bbox 2502 5145 2753 5223; x_wconf 78' lang='grc' dir='ltr'>Σωτῆρος</span> <span class='ocrx_word' id='word_1_855' title='bbox 2802 5145 2979 5225; x_wconf 77' lang='grc' dir='ltr'>φωνὰς</span> <span class='ocrx_word' id='word_1_856' title='bbox 3037 5142 3091 5198; x_wconf 80' lang='grc' dir='ltr'><strong>ἐν</strong></span> <span class='ocrx_word' id='word_1_857' title='bbox 3121 5149 3188 5221; x_wconf 77' lang='grc' dir='ltr'>τῇ</span> <span class='ocrx_word' id='word_1_858' title='bbox 3241 5146 3459 5224; x_wconf 75' lang='grc' dir='ltr'>τοιαύτῃ</span> <span class='ocrx_word' id='word_1_859' title='bbox 3515 5147 3684 5203; x_wconf 89' lang='grc' dir='ltr'>πίστει</span> <span class='ocrx_word' id='word_1_860' title='bbox 3729 5148 3824 5204; x_wconf 87' lang='grc' dir='ltr'>ἐκ-</span> 
     </span>
    </p>
   </div>
   <div class='ocr_carea' id='block_1_112' title="bbox 2176 5232 3822 5314">
    <p class='ocr_par' dir='ltr' id='par_1_112' title="bbox 2176 5232 3822 5314">
     <span class='ocr_line' id='line_1_115' title="bbox 2176 5232 3822 5314; baseline 0.004 -26"><span class='ocrx_word' id='word_1_861' title='bbox 2176 5233 2424 5314; x_wconf 87' lang='grc' dir='ltr'>τίθεσθαι,</span> <span class='ocrx_word' id='word_1_862' title='bbox 2471 5232 2608 5292; x_wconf 76' lang='grc' dir='ltr'>ἀλλὰ</span> <span class='ocrx_word' id='word_1_863' title='bbox 2649 5234 2840 5298; x_wconf 86' lang='grc' dir='ltr'>ταύτας</span> <span class='ocrx_word' id='word_1_864' title='bbox 2872 5234 3256 5312; x_wconf 83' lang='grc' dir='ltr'>πατρατρέχειν</span> <span class='ocrx_word' id='word_1_865' title='bbox 3317 5241 3465 5313; x_wconf 77' lang='grc' dir='ltr'>σιγῇ,</span> <span class='ocrx_word' id='word_1_866' title='bbox 3526 5237 3614 5292; x_wconf 86' lang='grc' dir='ltr'><strong>καὶ</strong></span> <span class='ocrx_word' id='word_1_867' title='bbox 3667 5245 3822 5295; x_wconf 86' lang='grc' dir='ltr'>τοῦτο</span> 
     </span>
    </p>
   </div>
   <div class='ocr_carea' id='block_1_113' title="bbox 2176 5322 3820 5405">
    <p class='ocr_par' dir='ltr' id='par_1_113' title="bbox 2176 5322 3820 5405">
     <span class='ocr_line' id='line_1_116' title="bbox 2176 5322 3820 5405; baseline 0.002 -26"><span class='ocrx_word' id='word_1_868' title='bbox 2176 5323 2385 5379; x_wconf 82' lang='grc' dir='ltr'>ἀθετεῖν</span> <span class='ocrx_word' id='word_1_869' title='bbox 2413 5323 2522 5379; x_wconf 90' lang='grc' dir='ltr'>ἐστι</span> <span class='ocrx_word' id='word_1_870' title='bbox 2552 5324 2645 5387; x_wconf 76' lang='grc' dir='ltr'><strong>τὰς</strong></span> <span class='ocrx_word' id='word_1_871' title='bbox 2689 5333 2780 5381; x_wconf 86' lang='grc' dir='ltr'><strong>τοῦ</strong></span> <span class='ocrx_word' id='word_1_872' title='bbox 2838 5322 3020 5401; x_wconf 82' lang='grc' dir='ltr'>Κυρίου</span> <span class='ocrx_word' id='word_1_873' title='bbox 3080 5324 3277 5401; x_wconf 77' lang='grc' dir='ltr'>φωνὰς,</span> <span class='ocrx_word' id='word_1_874' title='bbox 3337 5325 3424 5379; x_wconf 91' lang='grc' dir='ltr'><strong>καὶ</strong></span> <span class='ocrx_word' id='word_1_875' title='bbox 3467 5327 3820 5405; x_wconf 87' lang='grc' dir='ltr'>παραχαράτ-</span> 
     </span>
    </p>
   </div>
   <div class='ocr_carea' id='block_1_114' title="bbox 2176 5407 3821 5491">
    <p class='ocr_par' dir='ltr' id='par_1_114' title="bbox 2176 5407 3821 5491">
     <span class='ocr_line' id='line_1_117' title="bbox 2176 5407 3821 5491; baseline 0.002 -23"><span class='ocrx_word' id='word_1_876' title='bbox 2176 5432 2285 5468; x_wconf 88' lang='grc' dir='ltr'>τειν</span> <span class='ocrx_word' id='word_1_877' title='bbox 2327 5414 2388 5467; x_wconf 84' lang='grc' dir='ltr'>τὸ</span> <span class='ocrx_word' id='word_1_878' title='bbox 2446 5411 2788 5491; x_wconf 73' lang='grc' dir='ltr'>Εὐαγγέλιον.</span> <span class='ocrx_word' id='word_1_879' title='bbox 2853 5407 3000 5468; x_wconf 85' lang='grc' dir='ltr'>Ἀλλ’</span> <span class='ocrx_word' id='word_1_880' title='bbox 3060 5411 3104 5464; x_wconf 84' lang='grc' dir='ltr'>εἰ</span> <span class='ocrx_word' id='word_1_881' title='bbox 3157 5417 3312 5468; x_wconf 91' lang='grc' dir='ltr'>τοῦτο</span> <span class='ocrx_word' id='word_1_882' title='bbox 3367 5412 3434 5479; x_wconf 80' lang='grc' dir='ltr'>ἧν</span> <span class='ocrx_word' id='word_1_883' title='bbox 3488 5412 3695 5489; x_wconf 80' lang='grc' dir='ltr'>ἀλεθές,</span> <span class='ocrx_word' id='word_1_884' title='bbox 3728 5416 3821 5472; x_wconf 79' lang='grc' dir='ltr'><strong>οῦκ</strong></span> 
     </span>
    </p>
   </div>
   <div class='ocr_carea' id='block_1_115' title="bbox 2177 5501 3818 5589">
    <p class='ocr_par' dir='ltr' id='par_1_115' title="bbox 2177 5501 3818 5589">
     <span class='ocr_line' id='line_1_118' title="bbox 2177 5501 3818 5589; baseline 0.001 -29"><span class='ocrx_word' id='word_1_885' title='bbox 2177 5503 2238 5560; x_wconf 78' lang='grc' dir='ltr'>ἂν</span> <span class='ocrx_word' id='word_1_886' title='bbox 2269 5507 2297 5561; x_wconf 89' lang='lat'><strong>6</strong></span> <span class='ocrx_word' id='word_1_887' title='bbox 2339 5503 2506 5582; x_wconf 87' lang='grc' dir='ltr'>μέγας</span> <span class='ocrx_word' id='word_1_888' title='bbox 2536 5504 2686 5568; x_wconf 78' lang='grc' dir='ltr'>οὗτος</span> <span class='ocrx_word' id='word_1_889' title='bbox 2730 5504 2999 5571; x_wconf 88' lang='grc' dir='ltr'>Βασίλειος</span> <span class='ocrx_word' id='word_1_890' title='bbox 3047 5507 3132 5558; x_wconf 82' lang='grc' dir='ltr'><strong>νῦν</strong></span> <span class='ocrx_word' id='word_1_891' title='bbox 3190 5501 3286 5578; x_wconf 83' lang='grc' dir='ltr'><strong>μὲν</strong></span> <span class='ocrx_word' id='word_1_892' title='bbox 3328 5501 3516 5582; x_wconf 63' lang='grc' dir='ltr'>ἔλεγεν</span> <span class='ocrx_word' id='word_1_893' title='bbox 3594 5526 3618 5562; x_wconf 73' lang='grc' dir='ltr'><strong>ο</strong></span> <span class='ocrx_word' id='word_1_894' title='bbox 3653 5527 3818 5589; x_wconf 73' lang='grc' dir='ltr'>φανε-</span> 
     </span>
    </p>
   </div>
   <div class='ocr_carea' id='block_1_116' title="bbox 519 5657 2298 5751">
    <p class='ocr_par' dir='ltr' id='par_1_116' title="bbox 519 5657 2298 5751">
     <span class='ocr_line' id='line_1_119' title="bbox 519 5657 2298 5751; baseline 0.01 -29"><span class='ocrx_word' id='word_1_895' title='bbox 519 5657 578 5712; x_wconf 66' lang='grc' dir='ltr'>ίὸ</span> <span class='ocrx_word' id='word_1_896' title='bbox 609 5661 814 5724; x_wconf 83' lang='lat' dir='ltr'><strong>Matth.</strong></span> <span class='ocrx_word' id='word_1_897' title='bbox 847 5679 1053 5742; x_wconf 81' lang='lat' dir='ltr'><strong>xxvm,</strong></span> <span class='ocrx_word' id='word_1_898' title='bbox 1090 5667 1188 5751; x_wconf 86' lang='grc'><strong>19,</strong></span> <span class='ocrx_word' id='word_1_899' title='bbox 1221 5667 1321 5729; x_wconf 67' lang='grc'><strong>20.</strong></span> <span class='ocrx_word' id='word_1_900' title='bbox 1353 5664 1413 5715; x_wconf 61' lang='grc'><strong>³6</strong></span> <span class='ocrx_word' id='word_1_901' title='bbox 1440 5668 1609 5733; x_wconf 79' lang='lat' dir='ltr'><strong>Joan.</strong></span> <span class='ocrx_word' id='word_1_902' title='bbox 1643 5685 1764 5751; x_wconf 85' lang='lat' dir='ltr'><strong>x1v,</strong></span> <span class='ocrx_word' id='word_1_903' title='bbox 1796 5669 1896 5735; x_wconf 74' lang='lat'><strong>24.</strong></span> <span class='ocrx_word' id='word_1_904' title='bbox 1927 5671 1985 5721; x_wconf 68' lang='lat'><strong>&#39;7</strong></span> <span class='ocrx_word' id='word_1_905' title='bbox 2015 5671 2163 5736; x_wconf 89' lang='lat' dir='ltr'><strong>ibid.</strong></span> <span class='ocrx_word' id='word_1_906' title='bbox 2197 5675 2298 5741; x_wconf 79' lang='grc'><strong>21.</strong></span> 
     </span>
    </p>
   </div>
  </div>
