4220 6292
257 332 358 400 £97

1232 394 1236 397 Α
1332 337 1433 400 DE
1475 330 1983 400 PROCESSIONE
2033 334 2094 396 S.
2141 333 2521 398 SPIRITUS.

3521 331 3640 396 198

254 465 336 544 ράν
364 463 635 521 ἔκπτωσιν
685 465 912 528 πίστεως
956 465 1096 525 εἶναι
1150 466 1239 522 καὶ
1297 465 1650 545 ὑπερηφανίας
1720 488 1920 536 κοίτη-λ

2004 466 2219 547 :criptis
2248 467 2542 529 inserere.
2554 466 2718 529 nNun
2733 487 2763 529 c
2780 484 2918 529 vero
2931 463 3339 527 deﬁnitionem
3360 463 3501 526 ﬁdei
3519 464 3642 544 pie-

255 554 426 631 γορίαν
475 553 513 622 ἢ
579 554 784 610 ἀθετεῖν
862 575 913 609 τι
968 560 1073 610 τῶν
1141 553 1544 633 γεγραμμένων,
1592 555 1627 623 ἢ
1678 555 1897 614 ἐπεισά-

254 643 440 719 γειντὸ
472 641 553 709 μὴ
586 641 962 722 γεγραμμένον
997 660 1013 674 ο
1052 661 1075 693 ι
1143 631 1251 698 νῦνῆ
1288 640 1342 698 δὲ
1382 631 1522 720 ’ὅρον
1578 644 1805 710 πίστεως
1835 668 1904 703 κα

255 727 510 793 εὐσεϐείας
581 728 891 811 παραδιδοὺς
934 732 1034 799 τὴν
1098 731 1154 787 ἐν
1238 731 1576 810 Εὐαγγελίοις
1659 755 1900 813 γεγραμ-

257 818 415 895 μένην
471 819 616 898 ἡφίει
658 825 751 874 τοῦ
799 820 986 898 Κυρίου
1043 819 1248 898 φωνὴν,
1310 818 1504 902 τὴν-ἐκ
1555 822 1645 876 τοῦ
1697 826 1899 902 Πατρὸς

256 909 313 964 τὸ
359 895 572 984 Πνεῦμα
633 895 998 987 ἐκπορεύεσθαι
1057 895 1354 985 λέγουσαν.
1415 895 1562 987 Ἆρα,
1626 907 1706 965 ὅτι
1872 912 1900 968 ὀ

257 995 418 1075 μέγας
473 994 747 1061 Βασίλειος
804 995 860 1052 ἐν
914 1001 980 1073 τῇ
1022 995 1222 1053 ἐκθέσει
1305 996 1470 1071 ταύτῃ
1518 998 1618 1064 τῆς
1674 998 1901 1064 πίστεως

257 1089 317 1145 οὐ
393 1085 499 1165 ’έφη
580 1087 643 1141 τὸ
702 1087 920 1160 Πνσῦμα
980 1084 1041 1141 ἐκ
1108 1095 1202 1144 τοῦ
1259 1086 1464 1164 Πατρὸς
1522 1085 1886 1166 ἐκπορεύεσθαι

503 1196 554 1231 τι
596 1174 703 1232 τῶν
748 1157 1149 1253 γεγραμμένων,
1207 1175 1296 1231 καὶ
1347 1157 1418 1250 τῇ
1465 1157 1718 1254 καταδίκῃ
1776 1157 1914 1235 ἕνοὶί

258 1287 353 1344 χον
380 1262 707 1331 κατέστησεν
776 1264 986 1343 ἑαυτὸν,
1018 1261 1082 1330 ἢν
1126 1264 1173 1318 οἱ
1234 1261 1465 1338 Πατέρες
1519 1264 1673 1338 ἡμῶν
1700 1264 1913 1322 κατεδί-

259 1376 422 1410 κασαν
495 1355 611 1417 τοὺς
669 1352 756 1408 ἐπὶ
810 1358 888 1426 τῷ
930 1347 1194 1427 Συμϐόλῳ
1245 1355 1344 1418 τῆς
1401 1352 1630 1416 πίστεως
1685 1374 1907 1432 προστι-

257 1442 434 1506 θέντας
498 1441 528 1508 ἦ
582 1439 976 1521 ἀφαιροῦνταςς
1055 1441 1147 1497 καὶ
1195 1440 1358 1502 ποῖος
1428 1438 1557 1512 ᾅδης
1609 1443 1745 1498 κατὰ
1813 1466 1908 1502 του

258 1537 354 1598 1-7.:
412 1528 731 1596 Ἐκκλησίας
798 1534 1072 1609 φωστῆρος
1130 1528 1330 1586 ἐκείνου
1375 1530 1622 1597 τοιαύτην
1679 1530 1906 1611 ἀπερεύ-

259 1618 397 1685 ξεται
454 1617 849 1697 βλασφημίανς
920 1618 1086 1682 Αὐτός
1144 1616 1285 1674 ἐστιν
1354 1620 1382 1675 ὁ
1443 1640 1467 1674 ε
1525 1620 1750 1699 φανερὰν
1810 1623 1905 1679 έκ-

1982 556 2233 635 talisque
2252 555 2756 629 tradi-ns,Domini
2776 574 2977 617 vocem
2995 554 3054 616 in
3073 553 3393 633 evangeliis
3414 553 3639 631 scripto

1981 644 2292 722 consignat
2313 662 2387 703 im
2413 643 2837 719 deseruit,eam
2863 660 3236 723 nempe.quaa
3263 639 3547 720 Spiritum
3570 660 3641 702 ex

1983 733 2160 793 Patre
2193 731 2517 812 procedere
2536 732 2785 794 intonat.
2814 730 3180 812 Numitaque
3208 748 3453 809 magnus
3478 729 3641 792 Basi-

1983 819 2118 895 lius,
2154 820 2311 901 quod
2345 821 2403 881 in
2441 822 2550 883 hac
2576 820 2712 883 lidei
2734 821 3101 902 expositione
3123 816 3408 899 Spiritum
3427 837 3497 880 ex
3519 820 3638 881 Pa-

1983 916 2072 969 tre
2096 909 2658 990 proce-.lere,tacuit,
2681 909 2901 991 aliquid
2925 927 2996 971 ex
3020 907 3262 988 scriptis
3292 906 3546 986 violavit,
3580 915 3640 968 et

1986 996 2267 1074 paenisiis
2299 997 2590 1058 obnoxius
2613 998 2797 1059 factus
2829 1005 2938 1077 est,
2971 995 3186 1078 quibus
3219 999 3418 1058 Patres
3450 994 3636 1057 nostri

1998 1102 2100 1147 eos
2131 1086 2468 1167 subjecere,
2501 1085 2600 1167 qui
2631 1086 2691 1146 in
2726 1085 2864 1148 ﬁdei
2908 1084 3171 1166 symbolo
3202 1083 3512 1158 adderent,
3547 1084 3641 1146 vel

1996 1176 2404 1241 detraherent?
2424 1177 2492 1239 Et
2522 1177 2793 1258 quisnam
2826 1196 2997 1239 orcus
3034 1178 3315 1239 adversus
3344 1177 3363 1237 i
3389 1177 3489 1239 lud
3522 1179 3641 1240 Ec—

1995 1266 2194 1328 clesiae
2228 1270 2429 1329 lumen
2479 1266 2736 1328 similem
2768 1267 3198 1347 blasphemiam
3231 1267 3589 1328 eructaverit
3619 1266 3645 1329 ?

1994 1354 2102 1417 Ille
2130 1354 2259 1436 ipse
2307 1365 2417 1431 est,
2453 1357 2553 1437 qui
2631 1381 2656 1411 α
2695 1356 2848 1417 ltaud
2881 1354 3125 1417 dubium
3156 1375 3189 1417 a
3218 1355 3336 1416 ﬁde
3383 1373 3583 1417 casum
3613 1382 3639 1412 ι

1989 1452 2306 1526 nuncupat.
2342 1470 2364 1501 ι
2401 1454 2502 1507 aut
2523 1445 2747 1526 aliquid
2782 1465 2852 1507 ex
2878 1445 3118 1526 scriptis
3147 1443 3508 1525 improbare,
3537 1454 3647 1510 aut

1988 1533 2230 1609 addere,
2264 1534 2635 1612 Apostolum,
2689 1543 2927 1614 sumpto
2982 1552 3049 1595 ex
3097 1533 3340 1595 homine
3369 1534 3645 1616 exemplo

1987 1623 2512 1685 vehementissime
2568 1623 3052 1703 interdicentem,
3086 1641 3160 1684 ne
3220 1623 3363 1703 quid
3412 1643 3651 1698 eorum,

259 1730 460 1764 πτωσιν
541 1709 767 1771 πίστεως
802 1731 829 1763 »
904 1707 1187 1765 ἀποκαλῶν
1254 1730 1275 1762 ε
1310 1709 1371 1764 τὸ
1432 1710 1639 1765 ἀθετεῖν
1694 1734 1744 1768 τι
1799 1718 1905 1767 τῶν

2004 1729 2120 1806 quae
2176 1712 2235 1772 in
2287 1711 2500 1806 divinis
2562 1711 2803 1806 Litteris
2853 1711 3171 1806 habentur,
3220 1713 3516 1806 dematur,
3551 1723 3654 1775 aut

260 1795 663 1875 γεγραμμένων,
737 1796 772 1864 ἢ
828 1796 1155 1874 ἐπεισαγετν,
1239 1798 1328 1854 καὶ
1400 1796 1454 1853 ἐν
1520 1803 1598 1871 τῷ
1652 1801 1906 1878 παράγειν

2004 1799 2258 1871 addatur,
2292 1800 2620 1863 adducens.
2654 1800 2765 1861 Hie
2796 1810 2889 1862 est
2915 1801 3017 1881 qui
3050 1800 3173 1861 haec
3216 1799 3470 1876 intonat,
3507 1810 3565 1862 et
3592 1801 3654 1863 in

258 1887 349 1941 τὸν
421 1884 750 1942 Ἀπόστολον
805 1884 861 1942 ἐν
917 1885 1260 1964 ὑποδείγματι
1318 1885 1622 1965 ἀνθρωπίνῳ
1677 1887 1902 1968 σφοδρο-

2004 1887 2255 1964 exposita
2282 1907 2317 1949 a
2347 1907 2412 1949 se
2436 1889 2552 1950 ﬁde
2574 1889 2816 1951 silentio
2851 1889 3093 1950 involvit
3141 1888 3215 1949 de
3268 1887 3653 1969 processione

259 1974 420 2053 τέρως
449 1974 842 2052 ἀπαγορεύοντα
899 1977 960 2030 τὸ
1030 1978 1334 2054 προσθεῖναι
1405 1974 1442 2042 ἢ
1482 1974 1696 2055 ὑφελεῖν
1753 1999 1805 2033 τι
1848 1979 1903 2033 ἐν

2004 1974 2252 2056 Spiritus
2275 1978 2676 2057 evangelicam
2701 1976 3030 2040 Servatoris
3046 1977 3336 2052 vocem,si
3364 1987 3655 2041 accuratae

258 2077 383 2126 ταῖς
450 2064 818 2129 θεοπνεύστοις
867 2069 1124 2144 Γραφατς.
1178 2086 1202 2121 ε
1252 2063 1417 2127 Αὐτός
1475 2064 1616 2121 ἐστιν
1659 2068 1688 2122 ὁ
1741 2068 1902 2123 ταῦτα

2004 2064 2220 2127 iietatis
2236 2065 2717 2127 imminutionem
2732 2066 2988 2147 aliquam
3002 2066 3453 2147 censuisset,vel
3466 2067 3653 2129 lineo-

260 2151 454 2230 λέγων,
491 2154 578 2208 καὶ
629 2152 684 2208 ἐν
717 2152 783 2220 τῆ
843 2150 1106 2229 ἐκδοθείσῃ
1160 2152 1282 2232 παρ’
1335 2157 1495 2213 αὐτοῦ
1551 2155 1728 2212 πίστει
1774 2177 1909 2211 σιω-

260 2248 339 2318 πῇ
407 2239 732 2321 παρατρέχει
802 2243 902 2309 τὴν
988 2244 1105 2321 περὶ
1201 2247 1302 2310 τῆς
1384 2242 1741 2323 ἐκπορεύσεως
1819 2252 1912 2301 τοῦ

260 2331 565 2405 Πνεύματος
612 2330 973 2409 Εὐαγγελικὴν
1030 2337 1121 2387 τοῦ
1162 2331 1411 2408 Σωτῆρος
1480 2335 1683 2412 φωνὴν,
1758 2330 1911 2411 εἴπερ

258 2421 441 2500 ὐφεσιν
513 2442 629 2476 τινα
684 2420 783 2487 τῆς
853 2417 1095 2498 ἀκριϐοῦς
1152 2417 1412 2484 εὐσεϐείας
1470 2419 1770 2499 διεγίνωσκε
1851 2423 1912 2477 τὸ

260 2507 478 2588 ὑφελεῖν
550 2514 711 2589 μέχρι
794 2531 1058 2589 στοιχεων
1134 2531 1192 2565 τε
1250 2511 1337 2565 καὶ
1398 2512 1725 2588 γραμμάτων
1808 2512 1914 2565 τῶν

262 2619 409 2660 τινας
440 2597 764 2676 ἐγκειμένων
812 2598 864 2654 ἐν
920 2612 1043 2662 ταῖς
1098 2599 1459 2663 θεοπνεύστοις
1518 2612 1752 2680 γραφαῖς
1820 2598 1916 2656 λέ-

263 2684 445 2766 ξεων;
522 2687 631 2745 Οὐκ
686 2687 798 2744 ἔστι
867 2697 1045 2761 τοῦτο,
1092 2687 1184 2745 οὐκ
1256 2687 1421 2749 ἔκτιν,
1498 2685 1651 2745 Ἀλλ’
1732 2687 1787 2744 ἒν
1840 2695 1918 2764 τῷ

265 2777 499 2854 φανερὰν
551 2775 815 2834 ἔκπτωσιν
881 2777 1133 2849 πίστεως,
1184 2779 1273 2833 καὶ
1329 2778 1686 2855 ὑπερηφανίας
1740 2799 1916 2844 κατη-

266 2862 452 2939 γορίαν
528 2862 824 2920 ἀποκαλεῖν
891 2865 952 2919 τὸ
1008 2864 1215 2921 ἀθετεῖν
1271 2885 1321 2920 τι
1365 2870 1469 2921 τῶν
1512 2865 1917 2942 γεγραμμένων,

1995 2153 2067 2212 lis
2086 2153 2174 2214 vel
2196 2153 2470 2215 litterulis
2496 2173 2693 2228 voces,
2727 2156 2827 2235 qui
2877 2155 2939 2215 in
2969 2154 3186 2216 divinis
3209 2154 3447 2217 Litteris
3478 2156 3652 2235 dige-

1994 2250 2228 2318 runtur,
2260 2252 2497 2323 quoquo
2532 2243 2706 2304 modo
2734 2243 3058 2305 mutilare?
3085 2242 3211 2304 Non
3243 2251 3332 2305 est
3363 2244 3498 2318 hoc,
3532 2263 3649 2306 non

1996 2332 2717 2413 est.Verumtomen,dum
2751 2332 2997 2395 minime
3014 2333 3261 2394 dubium
3287 2333 3652 2395 inﬁdelitatis

1995 2430 2430 2499 argumentum,
2465 2431 2521 2484 et
2551 2422 2847 2502 superbiae
2893 2421 3178 2484 indicium
3208 2432 3397 2503 vocat,
3429 2421 3649 2502 aliquid

1996 2511 2233 2592 scriptis
2263 2514 2537 2594 rejicere,
2573 2522 2631 2576 et
2655 2534 2727 2576 ex
2774 2534 2894 2576 non
2937 2514 3176 2595 scriptis
3224 2515 3646 2577 introducere:

1999 2601 2259 2681 dumque
2287 2602 2634 2682 Apostolum
2683 2604 2942 2684 adducit,
2997 2611 3232 2684 sumpto
3282 2604 3354 2665 ab
3407 2603 3650 2665 homine

2001 2690 2294 2770 exemplo,
2327 2684 2739 2754 vehementius
2768 2692 3329 2769 interdicentem,ne
3368 2692 3509 2773 quid
3541 2710 3649 2754 eo-

2000 2796 2295 2860 rum,quaa
2314 2779 2376 2840 in
2400 2780 2619 2842 divinis
2650 2781 2886 2844 Litteris
2910 2782 3223 2855 habentur,
3258 2790 3531 2843 dematur
3553 2790 3655 2843 aut

2002 2866 2276 2941 addatur,
2315 2877 2435 2929 tum
2461 2871 2833 2949 postmodum
2862 2870 2999 2932 ﬁdei
3031 2870 3353 2931 editionem
3379 2870 3648 2946 tradens,

266 2949 304 3017 ἢ
334 2949 638 3029 ἐπεισάγειν
668 2954 730 3008 τὸ
777 2952 854 3028 μὰ
925 2952 1310 3031 γεγραμμένον,
1359 2954 1447 3009 καὶ
1504 2952 1558 3008 ἐν
1611 2960 1688 3028 τῷ
1745 2953 1920 3032 παρά-

2008 2958 2405 3037 evangelicum
2439 2977 2638 3019 vocem
2673 2957 3354 3039 asserentem,Spiritum
3381 2977 3449 3019 ex
3480 2959 3653 3020 Patre

268 3059 393 3128 γεινΔ
455 3041 549 3096 τὸν
627 3040 955 3098 Ἀπόστολον
1026 3040 1080 3096 ἐν
1172 3039 1513 3119 ὑποδείγματι
1621 3041 1920 3121 ἀνθρωπίνῳ

2012 3047 2356 3128 procedere,
2417 3046 2630 3109 tacitus
2690 3047 2976 3126 praeterit,
3035 3048 3210 3126 plane
3263 3047 3650 3119 demonstrat,

270 3125 630 3208 σφοδροτέρως
712 3131 1103 3209 ἀπαγορεύοντα
1168 3132 1230 3186 τὸ
1272 3133 1574 3207 προσθεῖναι
1633 3129 1671 3199 ἢ
1714 3129 1926 3210 ὑφελεῖν

274 3238 325 3272 τι
393 3217 448 3273 ἐν
502 3231 626 3281 ταῖς
680 3220 1044 3282 θεοπνεύστοις
1116 3225 1375 3300 Γραφατς,
1452 3219 1573 3277 εἶτα
1642 3218 1926 3300 παράδοσιν

277 3306 572 3364 ἐκτίθεσθαι
642 3308 895 3383 πίστεως,
969 3310 1055 3383 καὶ
1108 3309 1206 3376 τὴν
1289 3306 1651 3387 Εὐαγγελικὴν
1745 3309 1926 3389 φωνὴν

278 3395 620 3477 ἀποσιωπᾶν,
649 3397 749 3465 τὴν
792 3395 1049 3476 λέγουσαν
1079 3400 1140 3454 τὸ
1192 3404 1403 3473 Πνεῦμα
1456 3397 1516 3455 ἐκ
1572 3405 1663 3455 τοῦ
1721 3400 1924 3476 Πατρὸς

277 3482 674 3564 ἐκπορεύεσθαι,
720 3484 915 3565 ἐναργῆ
964 3500 1197 3544 ποιεῖται
1253 3484 1513 3552 ἀπόδειξιν
1554 3489 1644 3543 τοῦ
1700 3488 1778 3562 μὴ
1820 3492 1925 3543 τῶν

278 3574 671 3653 γεγραμμένων
725 3575 865 3632 εἶναι
924 3575 1169 3642 ἀθέτησιν
1212 3577 1273 3631 τὸ
1328 3573 1491 3641 λέξεις
1548 3578 1603 3631 ἒ)
1664 3576 1785 3639 ταῖς
1815 3579 1925 3632 θεο-

274 3661 483 3741 λογίαις
569 3663 973 3721 ἀωσιωπᾶσθαι
1026 3664 1389 3742 Εὐαγγελῒκάς
1458 3685 1515 3720 τε
1584 3667 1671 3720 καὶ
1727 3664 1927 3721 ἀποστο

276 3751 456 3828 λιβὰς,
493 3753 722 3819 ὁπηνίκα
782 3751 843 3808 ἐκ
897 3758 994 3818 τῆς
1062 3754 1264 3816 ἒννοίας
1323 3759 1428 3809 τῶν
1486 3752 1660 3809 ἅλλῶν
1708 3753 1928 3810 ἀπασῶν

282 3839 477 3905 λέξεων
513 3842 563 3896 αἱ
592 3840 854 3920 θεολογίαι
907 3844 969 3897 τὸ
1024 3839 1233 3921 ἀκριϐὲς
1301 3844 1387 3898 καὶ
1446 3840 1649 3905 ἐντελὲς
1720 3842 1925 3923 ἀποφέ-

277 3951 481 4010 ρονται,
562 3932 662 3988 Καὶ
703 3932 746 3986 εἷ
803 3932 883 4005 μὴ
927 3929 1184 3996 εὐσεϐείας
1226 3931 1365 3987 ἔστιν
1422 3932 1687 4010 ἀφαιρεσις
1731 3933 1765 4000 ἡ
1820 3939 1925 3989 τῶν

276 4019 555 4099 γραφικῶν
614 4018 882 4098 ἀφαίρεσις
929 4018 1143 4094 λέξεων,
1215 4020 1441 4087 ὁπηνίκα
1537 4020 1645 4099 ἓχῃ
1701 4022 1759 4076 τὶ
1829 4026 1926 4087 τῆς

277 4104 546 4169 εὐσεϐείας
631 4106 1018 4187 ἀπηρτισμένον
1076 4111 1111 4177 ἡ
1193 4107 1387 4187 ἔννοια,
1475 4106 1590 4165 οὐδὲ
1666 4106 1927 4173 εὐσεϐείας

278 4195 419 4253 ἔστὶν
462 4195 714 4263 ἀθέτησις
768 4202 875 4254 τῶν
929 4195 1119 4262 λέξεων
1173 4199 1209 4266 ἡ
1260 4199 1559 4277 προσθήκη,
1619 4198 1846 4264 ὁπηνίκα
1891 4200 1925 4265 ἡ

278 4291 387 4342 τῶν
455 4284 879 4364 προστιθεμένων
980 4285 1171 4351 λέξεων
1253 4284 1425 4343 ἔννοια
1508 4286 1607 4353 τὴν
1664 4284 1929 4343 εὐσέϐειαν

2009 3154 2238 3209 eorum,
2273 3155 2403 3215 quae
2434 3135 2653 3216 scripta
2700 3143 2860 3217 sunt,
2907 3135 3280 3197 violationem
3335 3154 3453 3196 non
3494 3153 3653 3211 esse,

2010 3224 2300 3287 dictiones
2341 3233 2464 3285 tum
2516 3224 2909 3303 evangelicas,
2957 3233 3075 3285 tum
3107 3223 3484 3304 apostolicas,
3519 3242 3653 3285 cum

2010 3315 2085 3376 de
2117 3313 2464 3392 theologicis
2496 3320 2836 3387 tractamus,
2873 3312 3129 3377 silentio.
3163 3312 3439 3383 obruere,
3478 3312 3655 3374 dum-

2012 3402 2188 3464 modo
2236 3420 2302 3462 ex
2356 3402 2602 3463 aliarum
2657 3401 2921 3462 omnium
2979 3401 3306 3463 dictionum
3364 3401 3660 3463 sententia

2015 3490 2340 3569 theo'ogica
2371 3490 2527 3551 dista
2564 3499 2902 3552 accuratum
2936 3489 3382 3570 perfectumque
3414 3488 3656 3552 intelle-

2008 3591 2165 3643 ctum
2204 3580 2609 3660 praesel‘erunt.
2648 3578 2715 3640 Et
2746 3580 2795 3639 si
2828 3580 2990 3641 nulla
3017 3579 3203 3659 pietas
3254 3578 3658 3654 imminuitur,

2009 3671 2147 3735 dum
2181 3669 2417 3749 scriptae
2440 3668 2729 3730 dictiones
2760 3667 3505 3743 detrahuntur,dummodo
3527 3686 3660 3729 sen-

2013 3759 2193 3819 tentia
2225 3757 2455 3838 pietatis
2479 3757 2589 3817 erit
2615 3757 2847 3818 violatio
2880 3756 3206 3819 dictionum
3235 3757 3659 3838 additio,dum-

2011 3846 2185 3906 modi:
2205 3845 2539 3906 additurum
2564 3845 2886 3906 dictionum
2900 3844 3189 3906 sententia
3208 3844 3366 3906 nulla
3387 3848 3440 3905 in
3458 3863 3523 3906 re
3537 3848 3656 3927 pie-

2013 3942 2187 3996 tatem
2221 3934 2674 3996 immutat.Hinc
2707 3953 2899 4014 neque
2934 3942 2990 3995 tu
3026 3952 3093 3995 ex
3124 3933 3219 4004 iis,
3250 3953 3381 4014 quae
3406 3935 3655 3996 tradun-

2012 4033 2105 4085 tur
2134 4023 2207 4083 de
2239 4022 2542 4083 additione
2588 4031 2648 4084 et
2695 4022 3065 4084 detractione
3120 4042 3154 4083 a
3206 4033 3409 4084 sancto
3441 4022 3500 4083 in
3535 4024 3659 4102 jam

2011 4104 2262 4165 adducto
2291 4103 2421 4164 libri
2456 4112 2788 4181 segmento,
2843 4105 3027 4183 probe
3057 4122 3123 4163 ac
3156 4103 3365 4163 merito
3418 4120 3525 4164 nos
3554 4121 3658 4163 re-

2011 4191 2357 4274 prehendis,
2390 4190 2496 4270 qui
2530 4195 2809 4252 Romana;
2842 4191 3123 4254 Ecclesiae
3151 4192 3496 4265 societatem
3531 4208 3661 4250 am-

2013 4280 2227 4364 plexati
2257 4299 2484 4354 sumus,
2521 4288 2795 4361 tanquam
2823 4280 2883 4359 ii,
2920 4284 3018 4359 qui
3052 4279 3488 4358 dignoscimus,
3525 4278 3661 4359 pie-

282 4372 683 4452 ἀπαραποίητοε
739 4389 1009 4456 συντηρεϊ.
1044 4365 1212 4434 υΟθεν
1254 4374 1369 4435 οὐδὲ
1438 4376 1500 4431 σὺ
1556 4374 1616 4431 ἐκ
1661 4375 1767 4431 τῶν
1820 4391 1920 4445 περ

2022 4382 2197 4435 tatem
2255 4369 2554 4432 additione
2605 4368 2665 4429 in
2719 4367 2994 4448 Symbolo
3052 4368 3204 4429 facta
3264 4366 3426 4427 nullo
3488 4366 3662 4427 modo

284 4465 592 4542 προσθήκης
648 4465 736 4521 καὶ
801 4464 1123 4545 ἀφαιρέσεως
1198 4472 1275 4540 τῷ
1356 4465 1491 4542 ἁγίῳ
1572 4464 1830 4542 ῥηθέντων
1887 4466 1940 4526 ἐν

2026 4462 2181 4525 laedi.

284 4558 357 4628 τῇ
393 4550 691 4630 δηλωθείσῃ
723 4542 987 4633 περικοπῇ
1016 4552 1191 4620 καλῶς
1218 4556 1362 4630 ἡμᾶς
1389 4552 1708 4633 ἀπελέγχειν
1753 4553 2036 4630 ὑπέλαϐες²
2069 4558 2137 4629 τῇ
2169 4542 2449 4623 Ῥωμαιῗκῇ
2502 4546 2879 4621 σπεισαμένους
2914 4544 3203 4619 Ἐκκλησίᾳ
3259 4548 3331 4610 ὡς
3364 4543 3665 4623 διαγνόντας

288 4639 455 4739 μηδέν
477 4642 583 4739 τὴν
605 4639 870 4739 εὐσέϐειαν
898 4642 958 4700 ἐκ
982 4648 1081 4710 τῆς
1110 4644 1165 4700 ἐν
1194 4650 1272 4718 τῷ
1299 4640 1560 4720 Συμϐὁλῳ
1587 4644 1895 4722 προσθήκης
1926 4644 2285 4739 λυμαίνεσθαὲ

369 4721 428 4790 ι’.
477 4721 647 4788 ’Ἐστι
689 4728 745 4787 δέ
786 4752 868 4788 σοι
898 4733 984 4788 καὶ
1013 4731 1064 4798 ἐξ
1104 4731 1281 4790 ἄλλων
1337 4741 1430 4792 τοῦ
1500 4721 1743 4811 ῥηθέντος
1775 4730 1935 4811 λόγου

284 4817 482 4885 λέξεων
537 4819 692 4877 τοῦτο
773 4823 1123 4896 καταμαθεῖν.
1185 4819 1673 4901 Προεπαγγέλλεται
1748 4820 1849 4900 γὰρ
1907 4824 1936 4878 ὁ

285 4907 437 4988 ἅγιος
492 4921 614 4973 τοῖς
683 4908 1061 4986 αἰτησαμένοις
1142 4910 1299 4967 αὐτὸν
1377 4910 1478 4977 τὴν
1530 4913 1630 4977 τῆς
1708 4909 1937 4974 πίστεως

285 4997 496 5054 adeam
577 4997 869 5061 ἀνοθεύτως
942 4999 1031 5054 καὶ
1122 4997 1504 5066 ἀκαπηλεύτως
1589 4995 1937 5077 παραδοῦναι,

285 5090 376 5146 καὶ
408 5089 496 5161 ,ὣς
554 5086 722 5158 αὐτήν
790 5086 845 5142 ἐν
900 5086 996 5155 τῆς
1063 5088 1404 5145 θεοπνεύστου
1457 5091 1668 5167 Γραφῆς
1726 5085 1939 5163 ἔμαθεν.

288 5174 383 5234 Ἐν
432 5178 537 5256 γὰρ
604 5182 705 5252 μιᾷ
758 5181 865 5232 τῶν
921 5185 1012 5235 τοῦ
1083 5176 1325 5255 ῥηθέντος
1409 5175 1571 5255 λόγου
1639 5180 1942 5256 περικοπῶν

291 5266 432 5324 οὕτω
474 5265 624 5345 λέγει
681 5270 866 5345 σαφῶς
900 5278 916 5300 ⁶
982 5287 1007 5321 ιι
1047 5266 1299 5323 Διακόνου
1342 5264 1397 5321 δὲ
1439 5271 1626 5321 πιστοῦ
1656 5262 1793 5320 ἴδιον
1822 5262 1942 5321 ἴστε

291 5357 506 5419 πάντως
534 5356 625 5413 καὶ
685 5355 834 5411 αὗτοὶ
900 5354 986 5430 τί,
1038 5353 1172 5431 ἅπερ
1225 5353 1287 5410 ἂν
1343 5355 1416 5418 εἷς
1470 5353 1591 5417 τούς
1635 5350 1941 5417 συνδούλους

296 5447 641 5522 οἰκονομῆσαι
714 5443 863 5520 παρά
919 5444 1010 5499 τοῦ
1063 5443 1259 5521 ἀγαθοῦ
1331 5441 1596 5500 Δεσπύτου
1666 5444 1940 5513 πιπευθῆ,

294 5535 456 5592 ταύτα
496 5533 756 5593 διασῶσαι
805 5531 1015 5596 τούτοις
1063 5531 1348 5597 ἀνοθεύτως
1404 5533 1492 5588 καὶ
1535 5528 1941 5607 ἀκαπηλεύτως,

2103 4729 2197 4791 10.
2255 4725 2625 4807 Potesitem
2684 4731 2741 4787 et
2788 4743 2858 4787 ex
2912 4721 3045 4785 aliis
3088 4723 3207 4802 jam
3242 4721 3496 4785 laudatae
3523 4741 3666 4785 ora-

2019 4819 2195 4882 tionis
2254 4814 2448 4878 verbis
2496 4814 2612 4877 hoc
2666 4813 2825 4875 idem
2858 4828 3210 4893 agnoscere,
3244 4809 3537 4875 Promittit
3574 4820 3666 4872 et-

2020 4910 2180 4972 enim
2232 4910 2472 4967 sanctus
2513 4903 2611 4978 iis,
2673 4901 2774 4983 qui
2831 4901 2904 4964 ab
2965 4919 3036 4962 eo
3095 4900 3485 4981 postularant,
3530 4899 3671 4961 ﬁdei

2025 4994 2477 5079 expositionem,
2540 4993 2867 5073 integram,
2920 4997 2977 5079 et
3026 4988 3223 5050 nullus
3284 4988 3373 5050 rei
3428 4987 3672 5079 alterius

2024 5076 2380 5150 admistione
2429 5081 2819 5144 adulteratam
2856 5078 3113 5153 tradere,
3174 5086 3235 5139 et
3290 5095 3361 5138 ea
3417 5076 3669 5158 ratione,

2026 5195 2141 5258 qua
2170 5193 2240 5236 ex
2274 5171 2489 5232 divinis
2522 5169 2762 5258 Litteris
2792 5175 3130 5258 acceperat.
3162 5166 3521 5258 Namqueiin
3554 5184 3675 5228 una

2027 5255 2295 5344 ejusdem
2316 5259 2598 5323 orationis
2630 5257 2930 5340 pericopa,
2966 5257 3094 5318 haec
3134 5255 3309 5337 plane
3359 5256 3672 5344 habentur,

2032 5343 2266 5413 (Porro
2292 5349 2488 5411 ﬁdelis
2537 5346 2794 5409 ministri
2850 5346 2963 5408 hoc
3021 5363 3153 5408 esse
3202 5343 3506 5425 proprium
3544 5344 3675 5405 sine

2028 5439 2209 5503 dubio
2231 5437 2397 5501 scitis
2428 5455 2536 5500 vos
2570 5453 2804 5517 quoque
2835 5433 3143 5516 nimirum,
3178 5442 3243 5496 ut
3269 5451 3401 5514 quas
3429 5451 3463 5493 a
3500 5431 3676 5494 beni-

2030 5548 2149 5610 gno
2185 5526 2430 5589 Domino
2461 5526 2521 5587 in
2553 5542 2874 5588 conservos
2897 5542 3037 5587 suos
3059 5520 3484 5610 distribuenda
3504 5537 3678 5610 acce-

296 5622 455 5682 Ὠστε
483 5625 634 5706 κάγώ
686 5623 832 5702 ἅπερ
890 5618 1084 5695 ἔμαθον
1140 5620 1199 5678 ἐκ
1254 5626 1353 5688 τῆς
1410 5620 1752 5677 θεοπνεύστου
1808 5626 1920 5699 Γραι

2033 5606 2208 5700 perit,
2234 5617 2359 5678 haec
2388 5615 2534 5695 ipsis
2588 5613 2845 5695 integra,
2900 5620 2959 5675 et
3014 5611 3239 5674 nullius
3289 5609 3381 5672 rei
3436 5606 3679 5670 alterius
