4220 6292
517 340 628 407 199

1593 339 1807 410 JOAN.
1859 341 2079 410 VECCI
2122 349 2236 412 ΟΡ.
2283 343 2797 412 PATRIARGHE

3776 338 3898 404 200

515 479 876 542 admistione
949 481 1274 542 adulterata
1343 480 1652 543 custodiat.
1711 480 2002 552 Quocirca
2053 496 2148 559 egi

2251 479 2376 560 ιρῆς,
2410 484 2573 535 ταῦτα
2602 481 2738 554 ἡμῖν
2793 478 3110 558 παραθέσθαι
3178 478 3314 535 κατὰ
3369 478 3429 534 τὸ
3486 476 3706 560 ἀρέσκον
3777 479 3892 546 Θεῷ

512 589 746 650 quoque
769 589 898 650 quae
919 588 992 631 ex
1021 570 1237 630 divinis
1256 569 1496 630 Ditteris
1528 571 1756 649 accepi,
1791 570 1916 631 haec
1945 587 2156 649 quem—

508 659 826 720 admodum
857 659 958 721 Dei
991 660 1260 718 voluntas
1285 658 1476 732 est,ad
1518 675 1895 719 communem
1931 657 2155 718 utilita-

511 755 627 808 tem
659 765 959 826 exponere
992 746 1156 806 vobis
1193 755 1397 806 teneor
1423 746 1784 807 necessario.
1814 745 1955 818 sQui
1985 747 2160 824 igitur

510 836 861 915 postulatam
896 836 1073 896 (idem
1109 836 1491 913 integram,et
1522 836 1682 897 nulla
1712 836 1770 896 in
1827 855 1892 897 re
1925 836 2158 896 adulte-

515 934 699 986 ratam
733 923 1161 1004 postulantibus
1192 924 1430 986 tradere
1459 925 1792 1005 proﬁtetur,
1830 943 2015 1005 eaque
2046 923 2161 984 illis

509 1031 809 1094 apponere
845 1012 1156 1092 promittit,
1211 1031 1343 1092 quae
1395 1012 1523 1092 ipse
1561 1032 1628 1074 ex
1660 1013 1874 1073 divinis
1927 1011 2162 1072 Litteris

507 1102 738 1178 didicit,
799 1102 848 1161 si
900 1101 988 1161 vel
1022 1101 1381 1162 dictionibus
1413 1101 1627 1163 divinae
1668 1103 1984 1180 Scriptura;
2013 1101 2148 1160 doc-

509 1191 666 1253 trina
726 1189 1153 1270 praescribitur.
1189 1207 1447 1267 quanam
1510 1190 1740 1251 ratione
1799 1190 1859 1250 in
1891 1189 2007 1250 (ide
2037 1197 2158 1250 tra-

506 1280 702 1341 denda
730 1277 967 1338 silentio
1001 1278 1306 1358 praeteriit,
1357 1279 1679 1339 dictionem
1733 1278 1890 1338 illam
1942 1277 2153 1357 ipsam,

507 1387 681 1449 quam
722 1367 1009 1428 Dominus
1065 1366 1124 1426 in
1161 1365 1490 1445 Evangeliis
1550 1365 2086 1448 pronuntiavit?Et
2112 1367 2159 1427 si

503 1453 806 1538 praeteriit,
839 1454 1137 1535 quomodo
1193 1455 1514 1531 mendacii,
1561 1455 1842 1536 illiusque
1902 1453 2158 1533 ingentis

504 1565 622 1608 non
659 1545 772 1606 erit
800 1562 960 1616 reus,
996 1543 1099 1623 qui
1132 1543 1486 1623 promiserat
1537 1544 1777 1624 quidem
1825 1560 2147 1624 apponere,

501 1653 632 1714 quae,
661 1652 729 1695 ex
769 1632 967 1694 divina
1017 1632 1328 1711 Scriptum
1388 1632 1702 1705 didicerat,
1755 1641 1813 1691 et
1843 1650 1912 1692 ea
1951 1639 2150 1692 tamen

498 1742 630 1804 qua;
661 1722 912 1783 maxime
943 1723 1208 1780 omnium
1270 1722 1605 1782 necessaria
1651 1720 2024 1790 videbantur,
2059 1728 2149 1779 ta-

499 1812 665 1874 cuit?
693 1813 850 1873 Sane
881 1809 982 1889 qui
1015 1827 1291 1887 magnum
1349 1809 1634 1870 Basilium
1681 1809 1914 1888 pietatis
1945 1808 2154 1868 docto-

497 1919 625 1962 rem
681 1898 1017 1966 confitetur,
1076 1897 1578 1976 quemadmodum
1643 1917 1774 1976 ego,
1812 1906 1868 1957 et
1901 1895 2156 1976 Spiritus

498 1987 890 2050 diversorium
921 2005 1055 2046 eum
1082 1993 1579 2058 tenet,assensum
1611 1985 2152 2066 prmbebitmullam

500 2079 675 2140 aliam
704 2076 779 2138 ob
807 2093 1046 2137 causam
1096 2093 1230 2135 eum
1288 2091 1582 2154 asserere,
1639 2075 1910 2134 traditam
1969 2074 2044 2134 ab
2091 2091 2155 2134 se

498 2168 677 2228 ﬁdem
709 2167 997 2244 integram
1031 2173 1252 2238 esse,et
1283 2163 1444 2224 nulla
1476 2164 1536 2224 in
1568 2181 1633 2223 re
1667 2163 2152 2236 adulteratam,et

506 2265 566 2316 ut
589 2273 718 2316 eam
748 2274 815 2315 ex
849 2253 1065 2314 divinis
1089 2251 1322 2314 Litteris
1348 2252 1729 2332 didicerat,et
1761 2249 2152 2311 nihilominus

500 2343 864 2405 dictionibus
920 2339 1278 2417 evangelicis
1332 2342 1404 2401 de
1459 2339 1840 2419 processiune
1897 2338 2152 2418 Spiritus

499 2442 826 2505 carentem,
889 2448 1064 2509 quam
1110 2428 1264 2508 quod
1300 2447 1416 2488 non
1449 2426 1834 2502 dictionlbus,
1869 2425 1974 2486 sed
2007 2443 2149 2486 sen-

500 2521 701 2584 tentiis
731 2520 790 2580 in
822 2519 938 2580 fide
968 2517 1356 2590 additionem,
1390 2526 1488 2578 aut
1520 2517 1996 2576 imminutionem
2021 2532 2154 2574 esse

505 2611 663 2672 dicat
689 2609 1074 2670 etdecernat.
1125 2606 1290 2667 Adeo
1331 2605 1528 2686 itaque
1588 2606 1763 2665 firma
1798 2612 2154 2683 patenteque

505 2696 1032 2766 demonstratione,
1069 2713 1182 2756 non
1217 2694 1279 2756 in
1310 2693 1669 2755 dictionibus
1701 2695 1803 2754 sed
1830 2696 1885 2753 in
1910 2701 2153 2753 senten-

503 2788 595 2848 bis
625 2785 949 2848 consistere
978 2784 1338 2845 additionem
1367 2783 1900 2844 veldetractionem
1931 2782 1990 2842 in
2015 2780 2156 2858 (ide,

499 2878 718 2938 frustra
747 2891 1057 2936 Sermones
1087 2873 1452 2934 confundere
1484 2871 2034 2952 deprehendimini,
2058 2875 2159 2950 qui

500 2985 639 3028 cum
671 2963 1218 3026 RomanaEcclesia
1245 2963 1590 3024 societatem
1620 2961 1824 3022 initam
1873 2968 1931 3022 et
1953 2977 2158 3040 pacem

501 3055 675 3118 nobis
706 3053 1071 3134 exprobatis.

1147 3179 1393 3244 CAPUT
1437 3179 1538 3244 IV.

499 3301 812 3365 Adversus
839 3317 935 3362 eos
963 3300 1072 3378 qui
1095 3298 1458 3361 addubi'ant
1475 3294 2150 3378 supereodicto.«0uod

620 3398 657 3442 α
688 3380 853 3442 Filio
884 3374 1010 3441 esse
1037 3379 1288 3459 dicitur,
1326 3378 1405 3440 ad
1429 3374 1679 3439 Patrem
1711 3374 1999 3455 refertur.
2034 3399 2061 3431 ιι

590 3597 646 3656 1.
685 3591 799 3655 Sed
830 3611 989 3666 cum,
1023 3591 1166 3653 dum
1198 3592 1271 3653 de
1294 3591 1468 3653 dictis
1493 3590 1634 3660 illis,
1661 3609 1789 3670 quae
1812 3607 1920 3668 per
1936 3588 2150 3650 Filium

501 3691 560 3746 et
594 3701 662 3743 ex
698 3682 844 3744 Filio
883 3699 1015 3742 esse
1046 3681 1336 3762 Spiritum
1368 3689 1665 3753 astruunt,
1698 3679 1811 3739 alia
1842 3687 2015 3758 atque
2038 3677 2153 3738 alia

506 3770 874 3850 objiciendo,
909 3770 1009 3850 qui
1065 3769 1244 3830 rebus
1293 3768 1589 3830 similibus
1648 3767 1899 3846 inhiant,
1933 3767 2148 3828 defessi

496 3858 742 3934 fuerint,
776 3877 982 3919 rursus
1015 3859 1249 3932 incerti,
1284 3857 1779 3935 haesitabuntque,
1824 3857 2100 3936 inquiunt
2133 3875 2146 3917 :

497 3949 568 4010 Et
594 3949 890 4009 undenam
913 3947 1552 4025 addisceremus,quod
1575 3966 1610 4006 a
1653 3945 1800 4007 Filio
1833 3963 1964 4006 esse
1995 3943 2149 4004 dici-

498 4047 615 4113 tur,
649 4037 724 4098 ad
757 4039 985 4098 Patrem
1017 4036 1365 4096 relationem
1397 4034 1649 4096 habere?
1671 4035 1790 4096 Nos
1809 4034 1880 4094 ad
1915 4052 2146 4106 eorum,

500 4145 630 4206 qua
660 4125 732 4186 ab
765 4125 908 4203 ipsis
940 4123 1333 4204 postulantur,
1388 4122 1964 4185 demonstrationem
2014 4141 2148 4182 cum

499 4215 696 4296 aptius
753 4213 902 4274 nihil
965 4223 1066 4275 aut
1123 4212 1512 4294 opportunius
1570 4213 1785 4273 atl‘erre
1822 4211 2142 4285 valeamus,

497 4324 672 4386 quam
707 4321 838 4384 qua!
869 4322 1116 4381 magnus
1175 4302 1425 4364 Basilius
1476 4303 1535 4362 in
1579 4303 1697 4363 ﬁne
1725 4301 2001 4362 secundae
2031 4300 2142 4361 ad-

497 4411 700 4456 versus
726 4393 1078 4452 Eunomium
1109 4392 1390 4453 orationis
1420 4389 1586 4471 dixit,
1638 4389 1739 4450 illa
1777 4389 1984 4452 eadem
2045 4390 2141 4448 in-

2238 558 2368 646 πρὸς
2413 568 2472 622 τὸ
2502 573 2651 643 κοινῇ
2693 567 2954 648 συμφέρον
3023 565 3300 646 ὀφειλέτης
3333 565 3462 640 εἰμί.
3529 558 3584 624 Ὀ
3638 566 3761 644 γοῦν
3792 561 3888 628 τὴν

2241 661 2627 727 ἀπαιτηθεϊσαν
2692 683 2796 739 παρ
2867 662 3022 716 αὐτοῦ
3079 661 3250 716 πίστιν
3308 660 3579 718 ἄνοθευτον
3632 658 3720 715 καὶ
3748 656 3888 711 ἀκα-

2242 748 2504 818 πήλευτον
2565 763 2682 814 τοῖς
2741 749 3115 824 αἰτησαμένοις
3170 745 3493 827 παραδοΰναι
3548 742 3888 824 ἓπαγγελλό-

2245 859 2423 912 μενος,
2495 837 2716 895 κάκεῖνα
2787 838 2968 903 αὐτοῖς
3024 836 3342 916 παραθέσθαι
3430 835 3890 915 καθυπισχνούμε-

2244 949 2358 1006 νος,
2429 924 2560 1006 ἅπερ
2618 927 2677 983 ὲκ
2732 932 2830 994 τῆς
2891 927 3232 983 θεοπνεύστον
3291 930 3501 1005 Γραφῆς
3572 924 3784 1001 ἔμαθεν,
3842 922 3887 976 εἰ

2245 1016 2406 1096 μέχρι
2454 1016 2643 1081 λέξεων
2686 1018 2721 1084 ἡ
2766 1021 2864 1083 τῆς
2915 1016 3260 1073 θεοπνεύστου
3302 1016 3513 1094 Γραφῆς
3584 1008 3886 1069 διδασκαλία

2243 1105 2533 1186 διώρισττι,
2603 1109 2716 1171 πῶς
2789 1105 2851 1160 ἂν
2920 1105 2974 1160 ἐν
3028 1113 3105 1180 τῷ
3173 1102 3507 1184 παραδιδόναι
3560 1103 3658 1170 τὴν
3713 1102 3886 1158 πίστιν

2241 1201 2420 1272 σιωπῇ
2475 1193 2935 1274 παραδεδραμήκει
2999 1192 3136 1259 λέξιν
3222 1193 3385 1260 αὒτὴν
3443 1191 3670 1271 ἐκείνην,
3743 1189 3780 1257 ἢ
3833 1187 3886 1245 ἐν

2242 1283 2578 1362 Εὖαγγελίοις
2622 1286 2650 1340 ὁ
2707 1285 2890 1360 Κύριος
2947 1283 3213 1363 εἴρηκενς
3303 1285 3361 1339 Εἰ
3430 1281 3484 1338 δέ
3561 1279 3882 1359 παρέδραμε,

2243 1379 2357 1435 πῶς
2392 1373 2485 1429 οὐκ
2515 1371 2576 1428 ἄν
2605 1379 2698 1428 τοῦ
2752 1373 2999 1450 μεγίστου
3057 1371 3276 1447 ψεύδους
3333 1370 3500 1451 ἑάλω,
3559 1367 3885 1448 ἐπαγγειλά-

2242 1483 2398 1536 μενος
2467 1462 2564 1538 μὲν
2607 1464 2800 1542 εἰπεῖν,
2846 1461 2977 1542 ἅπερ
3035 1460 3224 1537 ἔμαθεν
3278 1460 3339 1516 ἐκ
3392 1465 3490 1527 τῆς
3543 1459 3886 1516 θεοπνεύστου

2239 1556 2476 1632 Γραφῆς,
2511 1557 2726 1608 σιωπῶν
2776 1549 2830 1606 δὲ
2889 1552 2955 1608 τὰ
2997 1549 3199 1626 μᾶλλον
3256 1548 3508 1606 δοκοῦντα
3559 1554 3663 1605 τῶν
3711 1545 3886 1603 ἄλλων

2233 1639 2665 1720 ἀναγκαιότερας
2733 1640 2946 1705 Πάντως
3019 1642 3048 1695 ὸ
3131 1640 3221 1694 τὸν
3328 1638 3496 1716 μέγαν
3610 1635 3881 1692 Βασίλειον

2240 1726 2550 1784 διδάσκαλον
2606 1725 2868 1792 εὐσεϐείας
2939 1727 3238 1806 ὁμολογῶν,
3333 1727 3511 1806 ὥσπερ
3592 1724 3722 1804 ἐγώ,
3799 1725 3887 1780 καὶ

2241 1817 2544 1892 Πνεύματος
2613 1816 2944 1894 καταγώγίον
3013 1816 3274 1872 πιστεύων
3330 1815 3472 1872 εἶναι
3529 1815 3705 1888 αὐτὸν,
3761 1813 3887 1868 σὺν·

2237 1908 2381 1962 θοιτο
2411 1904 2471 1960 ἂν
2499 1907 2558 1963 οὒ
2614 1903 2682 1960 δι’
2727 1903 2859 1961 ἄλλο
2903 1927 2953 1960 τι
3012 1904 3156 1983 λέγει
3215 1905 3371 1961 αὐτὸν
3406 1904 3506 1959 τ’ὶιν
3576 1901 3698 1982 παρ’
3731 1905 3888 1960 αὐτου

2239 1991 2482 2050 δοθεῖσαν
2555 1997 2731 2050 πίστιν
2787 1994 3057 2052 ἀνόθευτον
3115 1994 3256 2049 εἶναι
3327 1993 3415 2049 καὶ
3492 1990 3883 2069 ἆκαπήλευτον,

2237 2084 2325 2138 καὶ
2370 2084 2444 2145 ὡς
2502 2082 2662 2149 αὐτὴν
2733 2080 2922 2157 ἔμαθεν
2979 2081 3041 2136 ἐκ
3095 2086 3192 2148 τῆς
3248 2081 3589 2137 θεοπνεύστου
3646 2083 3882 2159 Υραφῆς,

2237 2171 2325 2225 κλὶ
2388 2173 2551 2227 ταῦτα
2635 2169 2870 2235 ἐλλιπῶς
2928 2175 3033 2226 τῶν
3137 2169 3219 2227 ἐπὶ
3277 2176 3345 2245 τῇ
3431 2168 3734 2247 ὲκπορεύσει
3790 2172 3882 2223 τοῦ

2235 2260 2537 2334 Πνεύματος
2573 2258 2942 2337 Εύαγγελικῶν
2997 2256 3184 2325 λέξεων
3240 2257 3490 2338 ἔχουσαν,
3539 2254 3658 2314 ἀλλ’
3706 2259 3743 2327 ἡ
3800 2252 3884 2313 διὰ

2233 2349 2294 2402 τὸ
2338 2354 2415 2422 μὴ
2457 2347 2512 2402 ἐν
2545 2346 2765 2422 λέξεσιν,
2797 2345 2916 2404 ἀλλ’
2986 2347 3212 2411 ἐννοίαις
3267 2347 3456 2426 κρίνειν
3513 2347 3666 2402 αὐτὸν
3693 2347 3791 2412 τὴν
3828 2342 3884 2399 ἐν

2235 2441 2306 2511 τῇ
2335 2436 2506 2490 πίστει
2591 2437 2900 2515 προσθήκην
2956 2438 3042 2492 καὶ
3114 2435 3318 2514 ὕφεσιν,
3367 2435 3517 2492 Οῧτω
3584 2432 3638 2490 δὲ
3669 2430 3882 2510 βεϐαίας

2238 2522 2664 2604 ἀναφαινομένης
2719 2533 2816 2596 τῆς
2880 2521 3193 2590 ἀποδείξεως
3263 2526 3355 2582 τοῦ
3415 2525 3492 2598 μὴ
3547 2523 3602 2579 ἐν
3658 2519 3877 2596 λέξεσιν,

2239 2610 2358 2668 ἀλλ’
2418 2612 2638 2678 ἐννοίαις
2681 2627 2942 2693 περιεῖναι
3001 2615 3060 2670 τὸ
3117 2613 3203 2670 ἐπὶ
3254 2620 3322 2691 τῇ
3378 2614 3548 2670 πίστει
3576 2615 3910 2689 προσθεῖναι-

2239 2703 2328 2758 καὶ
2355 2699 2590 2782 ὑφελεῖν,
2637 2703 2779 2778 μάτη
2823 2700 3008 2759 λοιπὸν
3049 2701 3294 2781 λέγοντες
3322 2704 3477 2776 ὑμεῖς
3519 2700 3882 2780 ἆπελέγχεσθε

2241 2792 2288 2846 οἱ
2328 2780 2428 2860 τήν
2461 2780 2768 2867 Ῥωμαϊκῆς
2801 2780 3135 2859 Ἐκκλησίαςί
3181 2790 3522 2870 καταλλαγὴν
3549 2792 3636 2848 καὶ
3670 2792 3883 2869 εἰρήνην

2240 2877 2633 2958 διεγκαλοῦντες
2661 2882 2818 2956 ἡμῖν.

2869 3192 3120 3246 nam.
3173 3175 3258 3248 ΔΖ

2237 3322 2268 3364 (
2301 3307 2436 3441 Πρὸς
2494 3307 2614 3371 τοὺς
2669 3305 3068 3386 διαποροῦντας.
3131 3327 3160 3359 α
3195 3306 3254 3362 Εἰ
3311 3306 3371 3362 τὸ
3412 3304 3556 3384 παρὰ
3609 3314 3701 3364 τοῦ
3757 3304 3879 3361 Υἰοῦ

2312 3405 2336 3440 ε
2372 3407 2456 3441 ναι
2524 3384 2811 3441 λεγόμενον
2863 3387 2993 3441 ποὺς
3043 3386 3134 3441 τὸν
3202 3385 3408 3441 Πατέοα
3460 3384 3559 3441 τὴν
3613 3386 3876 3441 ἀναωοοαν

2311 3384 2456 3486 given
2524 3384 2838 3464 λεγόμενον
2863 3387 2993 3464 πρὸς
3043 3386 3134 3442 τὸν
3202 3385 3408 3465 Πατέρα
3460 3384 3559 3452 τὴν
3613 3386 3876 3466 ἀναφοραν

2313 3485 2451 3544 εχει.
2491 3486 2516 3523 ι

2312 3580 2368 3648 α’
2395 3588 2544 3648 Ἀλλ’
2571 3591 2684 3649 ἐπεὶ
2739 3594 2969 3660 ὁπηνίκα
3023 3607 3144 3658 ταῖς
3203 3595 3345 3672 παρὰ
3410 3600 3504 3651 τοῦ
3555 3595 3677 3650 Υἱοῦ
3701 3595 3789 3651 καὶ
3817 3593 3878 3651 ἐκ

2230 3689 2322 3739 τοῦ
2382 3682 2502 3737 Υἱοῦ
2569 3695 2708 3738 εῖναι
2755 3684 2815 3738 τὸ
2886 3687 3097 3758 Πνεῦμα
3157 3681 3438 3749 δηλούσαις
3518 3683 3702 3759 ῥήσεσι
3771 3690 3877 3740 τῶν

2233 3771 2396 3847 ἁγίων
2441 3771 2788 3845 ἁποκαμωσιν
2843 3770 3133 3850 ἀντιλέγειν
3194 3774 3240 3827 οἱ
3295 3773 3426 3851 πρὸς
3481 3772 3633 3828 τοῦτο
3663 3770 3876 3850 ὲπιῤῥε-

2233 3871 2358 3922 πετς
2389 3856 2779 3938 διαποροῦντες,
2824 3863 2910 3917 καὶ
2943 3859 3102 3916 πάλιν
3158 3860 3282 3941 φασί
3314 3879 3326 3893 ·
3396 3862 3492 3918 Καὶ
3564 3861 3720 3917 πόθεν
3777 3883 3878 3933 μα-

2231 3947 2348 4003 θεῖν
2401 3945 2584 4023 ἒξομεν
2641 3949 2702 4004 τὸ
2759 3949 2899 4028 παρὰ
2955 3957 3047 4006 τοῦ
3104 3950 3224 4006 Υἱοῦ
3274 3947 3560 4026 λεγόμενον
3616 3950 3757 4006 εῖναι
3802 3951 3874 4012 εἰς

2231 4037 2321 4091 τὸν
2351 4035 2558 4112 Πατέρα
2584 4036 2684 4103 τὴν
2739 4036 3002 4119 ἂναφορὰν
3059 4037 3254 4118 ἕχεινς
3305 4039 3467 4113 ἧμεϊς
3526 4039 3599 4103 εἰς
3654 4036 3871 4094 ἀπόδει-

2231 4123 2329 4199 ξιν,
2388 4128 2460 4180 ὧν
2533 4125 2830 4207 ἀπαιτοῦσι,
2893 4125 3056 4202 μηδὲν
3102 4127 3319 4207 ἔχοντες
3375 4127 3545 4184 εἰπεῖν
3602 4127 3871 4207 προσφυέ-

2229 4234 2432 4292 στερον,
2467 4216 2538 4271 ὧν
2568 4216 2597 4270 ὁ
2627 4214 2793 4293 μέγας
2851 4215 2951 4294 ἔφη
3011 4215 3280 4279 Βασίλειος
3331 4218 3446 4294 περὶ
3502 4217 3568 4272 τὰ
3627 4215 3752 4282 τέλη
3781 4225 3874 4275 1:06

2226 4300 2464 4382 δευτέρου
2493 4309 2597 4359 τῶν
2640 4303 2758 4360 κατ’
2831 4304 3082 4380 Εὖνομίου
3140 4304 3315 4383 λόγων
3370 4305 3526 4363 αὒτοῦ
3572 4304 3752 4361 ἐκεῖνα
3807 4303 3872 4372 δὴ

2223 4393 2311 4448 καὶ
2339 4391 2702 4473 προτείνομεν,
2737 4391 2769 4450 ἃ
2812 4395 2898 4451 καὶ
2950 4393 3164 4475 ἔχουσιν
3216 4393 3380 4459 οὕτως
3429 4399 3445 4424 ⁶
3514 4417 3535 4448 (ι
3574 4392 3784 4452 Ἐκεῖνο
3816 4392 3871 4448 δὲ

497 4483 760 4544 medium
807 4480 1184 4556 adducimus,
1218 4498 1348 4561 quae
1378 4481 1534 4540 hunc
1566 4479 1627 4538 in
1663 4478 1902 4538 modum
1934 4496 1999 4538 se
2030 4477 2139 4538 ha-

2233 4501 2323 4535 ιινι
2366 4487 2472 4536 τῶν
2520 4482 2732 4538 πάντων
2788 4481 3002 4556 ἄδηλον,
3064 4481 3145 4538 ὅτι
3216 4480 3428 4557 οὐδεμία
3498 4481 3730 4560 ὲνεργεια
3782 4491 3874 4539 τοῦ

498 4571 638 4634 bent
666 4589 679 4633 :
716 4567 916 4630 «Illud
948 4588 1084 4630 vero
1116 4569 1210 4630 cui
1241 4587 1358 4629 non
1403 4577 1578 4649 patet,
1623 4567 1778 4648 quod
1813 4567 1974 4628 nulla
2007 4566 2139 4628 Filii

501 4659 766 4740 operatio
797 4676 831 4719 a
872 4659 1046 4720 Patre
1094 4658 1284 4720 divisa
1331 4669 1464 4720 est:
1501 4677 1611 4718 nec
1654 4665 1742 4718 est
1796 4655 2023 4736 aliquid
2080 4655 2140 4716 in

498 4748 706 4822 rebus,
738 4747 892 4828 quod
932 4745 1082 4809 Filio
1113 4745 1276 4822 insit,
1313 4755 1370 4809 et
1398 4766 1430 4807 a
1479 4751 1652 4810 Patre
1708 4745 1968 4808 alienum
2016 4744 2141 4806 sit?

499 4862 527 4893 α
553 4836 788 4912 Omnia,
824 4859 853 4892 ι
889 4835 1102 4916 inquit,
1139 4859 1161 4892 ιι
1198 4853 1331 4897 mea
1358 4844 1456 4896 tua
1476 4845 1632 4908 sunt,
1673 4843 1730 4897 et
1751 4842 1851 4897 tua
1879 4834 2134 4897 mea28.»

492 4927 801 5000 Quomodo
833 4945 972 5006 ergo
1005 4926 1259 5008 Spiritus
1289 4946 1524 4991 causam
1562 4937 1621 4989 et
1668 4929 1958 5006 originem
1988 4926 2138 4989 Uni-

496 5017 694 5096 genito
720 5018 832 5078 soli
861 5017 1146 5094 attribuit,
1175 5027 1233 5081 et
1261 5019 1333 5081 ad
1365 5021 1495 5099 ejus
1542 5019 1935 5081 accusandam
1966 5027 2137 5079 natu-

495 5124 623 5168 ram
647 5107 823 5185 hujus
853 5108 1209 5169 creationem
1243 5107 1504 5189 accipit?
1536 5107 1598 5171 Si
1624 5106 1798 5187 igitur
1819 5107 1935 5168 duo
1968 5105 2138 5186 prin-

494 5196 650 5277 cipia
688 5194 750 5255 in
799 5195 1133 5276 oppositum
1159 5197 1316 5259 inter
1344 5217 1408 5260 se
1439 5198 1686 5276 ducens,
1721 5197 1845 5257 haec
1875 5195 1976 5276 ait,
2002 5214 2138 5256 cum

495 5283 820 5350 Manichaee
853 5291 911 5344 et
938 5285 1237 5346 Marciane
1283 5284 1817 5356 conteretur.Quod
1843 5289 1890 5344 si
1921 5285 1994 5346 ab
2023 5303 2139 5346 uno

497 5373 838 5455 dependere
863 5390 930 5434 ac
963 5373 1200 5452 prodire
1232 5377 1430 5437 omnia
1479 5384 1664 5456 putat,
1714 5374 1870 5456 quod
1906 5392 1940 5435 a
1987 5373 2138 5435 Bilio

492 5481 624 5526 esse
657 5460 876 5523 dicitur
924 5460 1162 5535 factum,
1198 5465 1272 5525 ad
1306 5465 1556 5544 primam
1585 5481 1825 5526 causam
1856 5463 2133 5538 refertur,

489 5569 673 5635 quare
703 5559 760 5614 et
789 5549 840 5612 si
854 5557 1070 5614 cuncta
1094 5553 1380 5633 producta
1404 5572 1534 5616 esse
1549 5553 1922 5636 perVerbum
1949 5551 2138 5616 Deum

567 5722 628 5774 ³8
651 5719 862 5788 Jssnn.
896 5735 1038 5802 xm,
1073 5721 1172 5787 10.

2224 4571 2344 4626 Υἱοῦ
2373 4570 2775 4646 ἂτοτετμημένη
2807 4570 3036 4629 ἐστιτοῦ
3087 4574 3315 4650 Πατρὸς,
3363 4569 3476 4628 οὐδὲ
3531 4570 3641 4626 ἐστι
3698 4593 3747 4626 τι
3818 4569 3872 4625 ἐν

2221 4659 2343 4723 τοῖς
2387 4662 2499 4716 οὖσι
2543 4668 2620 4735 τῷ
2651 4663 2756 4734 Υἱῷ
2783 4663 3050 4742 ὑπάρχον,
3081 4661 3111 4718 ὅ
3168 4673 3258 4721 τοῦ
3313 4662 3515 4740 Πατρὸς
3574 4659 3871 4738 ἠλλοτρίω-

2223 4768 2356 4829 ταις
2398 4773 2418 4806 ι
2458 4751 2636 4807 Πάντα
2679 4753 2798 4830 γὰρ,
2839 4775 2867 4808 io
2904 4753 3057 4832 φησὶ,
3137 4775 3159 4809 ι
3197 4753 3262 4807 τὰ
3319 4751 3422 4826 ἐμὰ
3476 4751 3542 4807 σά
3598 4749 3731 4825 ἐστι,
3783 4750 3872 4806 καὶ

2223 4839 2291 4894 τὰ
2333 4840 2400 4894 σὰ
2456 4839 2581 4916 ἐμά,
2619 4858 2642 4889 ι
2707 4847 2827 4904 Πῶς
2875 4842 2965 4897 οὗν
3016 4843 3116 4908 τὴν
3172 4843 3266 4898 τοῦ
3333 4841 3636 4916 Πνεύματος
3705 4839 3872 4895 αἰτίαν

2221 4932 2298 4999 τῷ
2357 4934 2651 5007 Μονογενεϊ
2705 4930 2853 5003 μόνῳ
2924 4933 3260 5008 προστίθησι,
3344 4932 3431 4986 καὶ
3513 4930 3870 5008 κατηγόρημα

2221 5022 2321 5083 τῆς
2379 5017 2584 5095 φύσεως
2640 5021 2800 5076 αὐτοῦ
2854 5019 2954 5086 τὴν
3013 5019 3198 5077 τούτου
3254 5015 3515 5091 λαμϐάνει
3609 5017 3868 5098 δημιουρ·-

2221 5107 2388 5186 γίανς
2446 5108 2505 5164 Εἰ
2563 5107 2658 5182 μὲν
2713 5105 2803 5164 δύο
2871 5109 3049 5189 ἀρχὰς
3108 5107 3525 5190 ἀντιπαρεξάτων
3609 5107 3868 5177 ἀλλήλαις

2220 5197 2384 5254 ταῦτά
2419 5218 2574 5275 φησι,
2631 5196 2760 5272 μετὸ
2819 5199 3116 5279 Μανιχαίου
3171 5200 3258 5256 καὶ
3313 5199 3618 5279 Μαρκίωνος
3652 5219 3864 5277 συντρι-

2219 5288 2439 5364 βήσεται
2474 5306 2488 5320 ·
2538 5289 2582 5344 εἰ
2609 5287 2664 5344 δὲ
2714 5296 2839 5366 μιᾶς
2908 5289 3116 5356 ἐξάπτει
3169 5290 3235 5347 τὰ
3289 5291 3434 5372 ὄντα,
3493 5293 3554 5346 τὸ
3609 5312 3750 5369 παρα
3778 5297 3870 5348 τοῦ

2224 5379 2344 5432 Υἱοῦ
2402 5381 2714 5455 γεγενῆσθαι
2777 5378 3063 5459 λεγόμενον
3109 5382 3238 5461 πρὸς
3283 5382 3380 5449 τὴν
3435 5381 3652 5460 πρώτην
3701 5379 3865 5434 αἰτίαν

2219 5465 2318 5534 τήν
2343 5467 2605 5547 ἀναφορὰν
2663 5466 2802 5548 ἔχει.
2881 5462 3056 5527 ιὨσαιτε
3103 5468 3200 5528 κᾶν
3253 5471 3424 5528 πάντα
3477 5471 3550 5534 εἰς
3603 5470 3665 5524 τὸ
3723 5466 3865 5524 εἶναι

2221 5559 2492 5636 πρρῆχθαι
2549 5557 2636 5617 διὰ
2685 5561 2778 5617 τοῦ
2822 5568 2951 5619 Θεοῦ
3009 5560 3180 5641 Λόγου
3235 5562 3562 5638 πιστεύωμεν
3621 5556 3759 5615 ἄλλᾶ
3799 5558 3862 5614 τὸ
