4220 6292
319 302 430 368 201

1420 309 1520 371 DE
1562 300 2077 370 PROCESSIONE
2118 303 2182 367 S.
2228 306 2603 375 SPIBITUS.

3587 327 3707 394 202

315 436 529 492 πάντων
567 434 742 492 αἴτιον
798 437 940 493 εἶναι
996 439 1088 492 τὸν
1131 438 1258 493 Θεὸν
1306 437 1412 493 τῶν
1468 435 1606 493 ὅλων
1660 439 1754 492 οὒκ
1799 436 1946 513 ἀφαι-

2050 436 2372 516 credimus,
2409 442 2676 505 omiiium
2712 452 2909 510 tamen
2941 467 3074 513 esse
3103 470 3340 516 causam
3370 455 3556 519 Deum
3582 478 3702 523 non

319 525 569 602 ρούμεθα.
618 531 791 583 Ταῦτα
821 526 920 599 μὲν
949 526 1036 581 οῦν
1092 527 1255 600 ἡμεῖς
1307 530 1386 598 τῷ
1440 524 1585 605 λογῳ
1626 525 1963 603 προτείνομεν

322 617 400 677 εἱς
431 612 701 681 ἀπόδειξιν
748 622 840 673 τοῦ
892 618 993 683 τὴν
1047 615 1213 673 αἰτίαν
1255 622 1347 672 τοῦ
1406 618 1706 691 Πνεύματος
1759 618 1832 679 εἷς
1874 617 1963 671 τὸν

323 702 533 782 Πατέρα
562 704 661 772 τὴν
711 703 974 784 ἀναφορὰν
1017 703 1187 784 ἔχειν,
1242 704 1339 763 κᾶν
1382 706 1469 762 καὶ
1529 705 1671 783 παρὰ
1723 710 1816 760 τοῦ
1846 706 1964 759 Υἱοῦ

320 790 554 871 λέγητα.
582 793 726 850 εἶναι
757 791 904 856 αῦτό,

402 871 478 957 β’.
522 884 676 940 Οὗτοι
730 881 785 938 δὲ
833 882 1229 963 ἐριστικώτερον
1284 887 1422 960 ἡμῖν
1465 884 1552 941 καὶ
1608 882 1767 940 πάλιν
1836 886 1960 939 ἐπι-

318 971 593 1049 φυόμενοι,
627 969 779 1028 Ἀλλ’
810 975 838 1028 6
869 972 1056 1051 μέγας,
1103 975 1249 1053 φασὶ,
1299 968 1608 1046 Βασίλειος,
1647 973 1771 1031 ὅσον
1827 973 1962 1029 ἐστὶν

318 1060 532 1116 εἰκάσαι
598 1060 705 1117 ἀπὸ
786 1061 893 1117 τῶν
959 1062 1213 1140 ρηθεισῶν
1280 1060 1492 1135 λέξεων,
1567 1065 1625 1120 οὐ
1694 1063 1810 1137 περὶ
1863 1067 1960 1129 τῆς

318 1148 575 1215 θεότητος
627 1156 721 1206 τοῦ
778 1152 1080 1227 Πνεύματος
1137 1152 1353 1209 ἐνταῦθα
1406 1150 1666 1229 θεολογῶν
1738 1152 1839 1231 ἔφη
1898 1151 1962 1206 τὰ

2049 541 2357 602 negamus.
2398 552 2420 587 ο
2458 531 2595 592 Haec
2648 532 2845 615 itaque
2906 556 3013 599 nos
3059 539 3169 602 hac
3202 552 3403 605 nostra
3433 547 3701 609 oratione

2047 617 2455 714 proponimus,
2494 630 2554 714 u_t
2585 624 2987 714 ostendamus,
3024 648 3260 692 causam
3316 631 3571 714 Spiritus
3626 637 3701 699 ad

2047 698 2283 849 Patrem
2326 706 2580 785 referri,
2642 710 2782 774 licet
2835 714 2939 777 ille
2970 698 3052 777 ὀι
3105 736 3140 779 a
3194 698 3535 785 Filio.esse
3601 698 3701 787 di;

2048 806 2101 848 Cl
2131 808 2223 849 ur.

2048 806 2223 852 Clllll‘.

2124 966 2181 1068 2‘.
2218 975 2291 1031 At
2318 970 2380 1030 hi
2410 991 2585 1068 porro
2635 979 3064 1068 contentiosius
3109 982 3283 1047 nobis
3330 986 3694 1068 insistentes,

2047 1052 2161 1144 Sed
2191 1074 2461 1141 magnus,
2494 1061 2794 1144 inquiunt,
2830 1066 3105 1142 Basilius,
3133 1081 3198 1133 ut
3226 1093 3296 1134 ex
3328 1076 3503 1138 dictis
3534 1052 3699 1140 voci:-

2044 1140 2157 1205 bus
2185 1146 2486 1248 conjicere
2520 1140 2853 1229 possumus,
2889 1175 3016 1248 non;
3065 1140 3141 1222 de
3171 1162 3387 1224 deitate
3416 1165 3695 1248 Spiritus,

319 1240 596 1321 εἰρημένα,
661 1240 755 1297 ’ἕνα
808 1244 942 1318 ἡμῖν
986 1242 1131 1308 λύσις
1201 1251 1294 1301 τοῦ
1362 1243 1684 1319 ζητουμένου
1742 1242 1946 1321 γένηται

2043 1249 2174 1310 quae
2197 1233 2448 1329 adducta
2500 1248 2662 1314 sunt,
2720 1244 3067 1321 enuntiavit,
3120 1257 3181 1308 ut
3212 1233 3554 1329 quaestionis
3581 1233 3694 1316 no:
3757 1250 3763 1255 ’

316 1336 501 1392 ταῦτα.
589 1328 738 1388 Ἀλλ’
795 1332 911 1388 ἐπεὶ
988 1333 1184 1408 κτίσμα
1260 1340 1353 1390 τοῦ
1429 1336 1549 1389 Υἶοῦ
1618 1335 1645 1389 6
1702 1333 1946 1407 Εὖνόμιος

2040 1322 2420 1420 straasolutio
2453 1334 2692 1390 essent:
2726 1331 2832 1390 sed
2868 1350 3001 1393 cum
3033 1335 3165 1396 Filii
3192 1322 3519 1401 creaturam
3573 1341 3696 1403 Eu-

316 1415 671 1500 ἐϐλασφήμει,
721 1418 930 1499 διαιρῶν
974 1419 1029 1477 δὲ
1073 1424 1197 1481 αὐτὸ
1237 1432 1334 1481 τοῦ
1388 1423 1617 1500 Πατρὸς,
1663 1423 1824 1509 μόνου
1866 1428 1946 1476 τοί

2041 1412 2275 1471 nomius
2293 1412 2371 1472 im
2379 1415 2565 1509 pIobe
2581 1416 3047 1503 blasphemeque
3068 1437 3700 1509 assereret,separans-

317 1510 441 1564 Γὶοῦ
470 1507 617 1586 ἔλεγε
644 1510 841 1583 κτίσμα
872 1511 1013 1567 εἶναι
1043 1512 1192 1591 αὒτὸ,
1251 1514 1325 1575 ὡς
1385 1512 1663 1591 προτάσεις
1720 1513 1748 1567 6
1806 1508 1946 1588 ἅγιος

2037 1513 2151 1575 que
2183 1517 2315 1560 eum
2349 1521 2381 1561 a
2413 1502 2795 1579 Patre,solius
2816 1507 2947 1569 Filii
2980 1521 3312 1575 creaturam
3344 1502 3692 1595 affirmaret,

311 1597 712 1676 προτιθέμενος,
783 1601 846 1655 τὸ
902 1620 927 1656 11
990 1599 1264 1676 Μηδεμίαν
1344 1601 1606 1685 ἐνεργειαν
1686 1608 1779 1658 τοῦ
1835 1602 1946 1655 Υἱοῦ

2038 1600 2386 1687 praeponens
2443 1605 2681 1687 sanctus
2736 1597 2913 1687 veluti
2972 1602 3368 1679 pronuntiata.
3405 1607 3689 1669 «Nullam

310 1685 761 1762 ἆποτετμημένην
787 1694 880 1744 τοῦ
932 1690 1133 1767 Πατρὸς
1190 1689 1352 1761 εἶναι,
1407 1687 1543 1764 μηδὲ
1598 1680 1738 1745 εἶναι
1794 1710 1845 1743 τι
1901 1690 1946 1743 ἐκ

2041 1680 2446 1770 Operationem
2507 1682 2638 1744 Filii
2697 1702 2732 1744 a
2784 1686 2961 1748 Patre
3005 1689 3251 1752 divisam
3306 1712 3440 1755 esse
3472 1713 3486 1756 :
3524 1718 3547 1752 υ
3608 1704 3717 1770 et,

308 1787 429 1837 τοῖς
461 1774 572 1831 οὖσι
600 1761 677 1831 τῶ
708 1778 813 1850 Υἱῷ
858 1761 1121 1855 ὑπάρχον,
1156 1777 1185 1832 ὃ
1239 1784 1329 1833 τοῦ
1372 1761 1575 1855 Πατρὸς
1640 1775 1946 1854 ἠλλωτρίω-

2043 1783 2076 1860 :
2103 1761 2230 1824 Non
2263 1785 2396 1860 esse
2424 1769 2647 1851 aliquid
2680 1772 2742 1833 in
2770 1774 2971 1851 rebus,
3002 1780 3159 1858 quod
3203 1781 3348 1843 Filio
3370 1782 3541 1860 insit,
3576 1793 3635 1846 et
3664 1761 3699 1847 a

308 1885 420 1937 ται,
464 1883 494 1922 »
569 1865 778 1943 συνάγει
847 1852 1078 1922 ἐντεῦθεν
1138 1868 1198 1922 τὸ
1252 1872 1430 1931 κακῶς
1500 1869 1588 1923 καὶ
1648 1864 1946 1946 ἐπισφαλῶς

2038 1852 2210 1950 Patre
2239 1856 2499 1918 alienum
2531 1861 2606 1920 sit
2638 1881 2653 1936 ;
2688 1885 2711 1916 υ
2737 1862 2889 1950 inde
2947 1852 3188 1946 colligit,
3242 1870 3417 1945 male,
3473 1852 3538 1932 et
3571 1890 3689 1935 non

308 1960 411 2019 τὴν
452 1959 545 2009 τοῦ
602 1954 902 2029 Πνεόματος
958 1955 1126 2011 αἰτίαν
1180 1962 1256 2031 τῷ
1315 1964 1605 2035 Μονογενεϊ
1659 1955 1806 2031 μόνῳ
1860 1956 1946 2010 τὸν

2034 1948 2165 2035 sine
2196 1962 2423 2026 errore,
2453 1965 2692 2010 causam
2726 1948 2983 2030 Spiritus
3013 1953 3331 2034 Unigenito
3379 1960 3492 2020 soli
3521 1965 3691 2022 attri-

310 2041 570 2116 Εὒνόμιον
634 2027 986 2121 προστιθέναι,
1048 2046 1135 2101 καὶ
1195 2027 1547 2125 κατηγόρημα
1589 2027 1689 2112 τῆς
1746 2045 1946 2124 φύσεως

2033 2027 2223 2128 δμηθι
2255 2034 2327 2094 ad
2376 2027 2960 2102 accusandam—illius
2993 2027 3280 2127 naturam,
3313 2047 3486 2127 hujus
3518 2068 3690 2112 crea-

308 2130 472 2187 a6106
524 2131 623 2198 τὴν
678 2133 863 2191 τούτου
941 2130 1227 2208 λαμϐάνειν
1309 2132 1675 2215 δημιουργίαν,
1722 2139 1946 2191 Τοιαῦτα

2039 2124 2259 2182 tionem
2292 2125 2535 2188 assumi.
2587 2124 2723 2188 Haec
2752 2128 2870 2190 illis
2896 2124 3317 2212 objicientibus
3348 2124 3459 2198 nos
3486 2156 3696 2203 rursus

306 2223 433 2287 τοῖς
482 2224 759 2302 ἡμετέροις
830 2225 1326 2305 ἆντιπροτεινόντων
1385 2212 1579 2303 αὖτῶν,
1622 2229 1786 2311 ἡμεῖς
1846 2227 1946 2282 πά-

2038 2212 2520 2311 respondemus:
2555 2212 2626 2275 Et
2652 2216 2815 2296 quid,
2851 2220 3178 2300 inquimus,
3221 2224 3386 2287 vobis
3413 2222 3699 2291 videtur?

306 2311 415 2392 λιν,
451 2314 546 2371 Καὶ
598 2300 670 2393 τί,
716 2315 910 2395 φαμὲν,
965 2300 1093 2390 fiva
1137 2312 1309 2390 δοκεῖ,
1384 2300 1701 2396 βέλτιστοι,
1736 2310 1865 2394 νΑροὶ
1893 2337 1946 2392 γε

2038 2300 2148 2357 viri
2177 2301 2413 2402 pptimi.
2435 2300 2587 2363 Num
2621 2318 2942 2402 ppopterea
2963 2311 3126 2372 Patri
3155 2313 3371 2375 Basilio
3402 2318 3691 2379 condem-

306 2389 409 2456 διᾶ
449 2409 605 2459 10610
654 2389 941 2467 ’κακιστέος
1002 2389 1256 2479 Εὐνόμιος
1315 2403 1453 2469 ἔδοξε
1496 2412 1573 2479 τῷ
1616 2406 1777 2483 Πατρὶ
1840 2411 1946 2459 Βα-

2037 2389 2270 2488 nandus
2323 2391 2480 2453 visus
2528 2402 2616 2455 est
2663 2394 2990 2462 Eunomius
3022 2402 3228 2465 dicens
3272 2423 3346 2467 ex
3376 2409 3503 2468 solo
3536 2408 3688 2471 Filio

305 2489 514 2565 σιλείῳ,
547 2490 716 2570 λέγων
772 2492 833 2548 ἐκ
889 2492 1050 2568 μόνου
1105 2474 1198 2549 166
1252 2494 1373 2552 1‘106
1414 2498 1476 2549 16
1520 2474 1753 2569 Πνεῦμα,
1812 2490 1946 2549 διότι

2037 2474 2343 2579 Spiritum,
2379 2482 2533 2579 quod
2559 2491 2731 2546 antea
2753 2486 2982 2579 dixerat
3009 2501 3341 2554 creaturam
3373 2494 3529 2556 Fillii
3558 2498 3688 2579 Spi-

303 2577 437 2658 ἒφθη
493 2567 687 2654 κτίσμα
747 2567 984 2638 T106716
1050 2587 1263 2657 Πνεῦμα
1318 2584 1536 2664 εἰπεῖν,
1612 2567 1742 2642 Καὶί
1780 2584 1824 2639 εἰ
1867 2582 1946 2638 διὰ

2033 2567 2266 2665 ritum?
2296 2568 2445 2665 Etsi
2472 2580 2712 2665 propter
2763 2574 3158 2665 hociabsque
3203 2581 3382 2644 dubio
3426 2602 3533 2665 per
3585 2567 3688 2648 vos

303 2674 461 2726 10610
504 2668 862 2750 ἀναμφίϐολος
916 2672 1033 2728 καθ’
1062 2673 1198 2747 ὑμᾶς
1255 2658 1534 2730 ἆκολουθεί
1586 2671 1757 2730 ἔννοια
1813 2674 1946 2729 κατὰ

2031 2663 2314 2755 sequetur
2364 2658 2533 2733 illud,
2592 2660 2736 2722 licet
2791 2664 2988 2726 verbis
3046 2658 3167 2730 non
3214 2658 3600 2752 exprimatur,
3636 2674 3688 2737 si

302 2758 367 2812 16
427 2740 793 2833 σιωπώμενον,
842 2763 940 2840 ὡς,
1001 2762 1045 2815 εἰ
1116 2760 1192 2835 μὴ
1234 2760 1452 2841 κτίσμα,
1525 2760 1660 2818 ἀλλὰ
1715 2764 1843 2819 Θεὸν
1889 2764 1946 2817 τὸ

2031 2740 2312 2823 Spiritum
2348 2765 2466 2807 non
2495 2758 2849 2828 creaturam,
2883 2756 2985 2816 sed
3019 2756 3208 2819 Deum
3239 2740 3452 2823 tenens
3483 2740 3685 2825 Euno-

311 2851 525 2921 Πνεῦμα
551 2852 754 2924 φρονῶν
812 2850 841 2904 6
884 2835 1141 2923 Εῦνόμιος
1184 2850 1246 2905 ἐκ
1288 2835 1449 2916 μόνοῦ
1513 2858 1608 2907 τοῦ
1662 2853 1781 2907 Υἱοῦ
1824 2849 1944 2907 ἔλε-

2031 2835 2209 2915 mius,
2272 2853 2343 2896 ex
2398 2836 2523 2897 solo
2573 2835 2723 2900 Filio
2781 2859 2913 2904 esse
2962 2844 3231 2920 dixisset,
3292 2868 3596 2931 nunquam
3655 2870 3690 2914 a

302 2955 396 3013 γεν
481 2935 656 3017 εἶναι..
689 2938 837 3016 αὐτὸ,
897 2941 993 2995 οὐκ
1032 2940 1094 2993 ἂν
1147 2938 1289 3016 παρὰ
1340 2939 1417 3012 τῷ
1458 2940 1621 3017 Πατρὶ
1688 2938 1946 3013 Βασιλείῳ

2037 2938 2246 2999 magno
2276 2925 2528 3017 Basilio_
2555 2927 2707 3017 male
2759 2928 2995 2992 habitus
3023 2933 3252 2997 fuisset.
3303 2925 3535 2998 Etenim
3587 2949 3689 3001 aut

304 2994 577 3091 ἐκακίσθη.
631 3007 690 3080 "EI
721 2994 837 3105 γέιιρ³
869 3027 1064 3102 κτίσμα
1112 3028 1173 3082 τὸ
1225 2994 1440 3102 Πνεῦμα
1496 2994 1616 3085 κατ’
1672 2994 1944 3103 Εὐνόμιον,

2035 2994 2305 3073 creatura
2353 3023 2443 3074 est
2494 3012 2746 3094 Spiritus
2792 3022 3123 3084 secundum
3180 3023 3561 3103 Eunomium,
3626 3036 3686 3089 et

304 3113 388 3169 κεὶ
429 3114 491 3169 τὸ
542 3096 861 3195 βλάσφημον
930 3096 1002 3179 εἷς
1059 3116 1156 3182 τὴν
1238 3114 1435 3173 ἐκείνου
1474 3117 1721 3195 τρέποιτο
1777 3139 1946 3196 κεφα-

2034 3096 2404 3179 blaSpbemia
2431 3103 2493 3163 in
2524 3115 2699 3185 caput
2729 3106 2889 3171 illius
2911 3119 3194 3188 vertatur,
3227 3123 3329 3174 aut
3358 3133 3474 3175 non
3506 3096 3680 3176 crea-

306 3199 431 3281 Ἰσὶμ,
485 3203 521 3269 ἢ
551 3203 610 3259 οὐ
651 3203 851 3278 κτίσμα
879 3204 1014 3260 κατὰ
1068 3203 1165 3271 τὴν
1215 3208 1314 3270 τῆς
1368 3204 1640 3283 θεολογίας
1672 3205 1942 3279 ἀλῆθειαν,

303 3291 392 3345 καὶ
476 3292 518 3347 εἰ
601 3288 685 3346 διὰ
720 3292 842 3367 ,τὴν
898 3299 989 3348 106
1057 3293 1339 3367 κτίσματος
1376 3291 1525 3359 δόξαν
1573 3294 1850 3351 κακιστέον
1921 3297 1947 3350 6

306 3381 565 3455 Εὖνόμιος
609 3378 778 3459 λέγων
821 3380 880 3437 ἐκ
937 3380 1099 3455 μόνου
1152 3388 1246 3438 τοῦ
1303 3385 1422 3439 Υἱοῦ
1470 3385 1532 3439 16
1589 3390 1822 3458 Πνεῦμα,
1856 3381 1945 3439 εῦ-

304 3466 467 3535 δηλον
521 3472 595 3532 ὡς
639 3471 667 3525 6
711 3470 841 3525 Θεὸν
907 3471 969 3525 τὸ
1024 3476 1236 3544 Πνεῦμα
1278 3478 1478 3550 φρονῶν
1536 3474 1595 3529 οῦ
1648 3471 1943 3552 κακιστέος,

306 3556 366 3612 ἐκ
423 3558 585 3634 μόνου
630 3566 726 3614 τοῦ
787 3560 914 3615 Υἱοῦ
982 3556 1153 3636 λέγων
1209 3558 1357 3620 αὐτό.
1418 3562 1516 3619 Καὶ
1572 3563 1725 3641 ὁρᾶτε
1765 3561 1950 3641 ὕμεῖς,

305 3648 516 3722 μήποτε
572 3647 662 3702 τὸν
731 3649 930 3704 καπνὸν
975 3647 1252 3725 φεύγοντες
1331 3648 1645 3725 ἐμπεσεῖσθε
1688 3652 1827 3729 πυρί.
1891 3652 1951 3708 01

304 3737 404 3814 γὰρ
446 3735 588 3814 παρὰ
617 3737 781 3810 μόνου
837 3742 932 3793 τοῦ
986 3738 1188 3816 Πατρὸς
1234 3737 1373 3793 εἶναι
1430 3739 1491 3794 τὸ
1536 3745 1749 3814 Πνεῦμα
1806 3738 1947 3795 διεν-

303 3824 600 3899 ιστςίμενοι,
674 3824 852 3904 ὥσπερ
934 3823 1395 3902 ἐπιλανθανόμενοι
1467 3829 1544 3903 μὴ
1628 3828 1787 3904 μόνου
1857 3836 1948 3885 τοῦ

306 3916 509 3991 Πατρὸς
582 3919 795 3989 Πνεῦμα
863 3914 1005 3970 εἶναι
1090 3914 1238 3994 αὒτὸ,
1323 3912 1529 3973 δοκεῖτε
1601 3918 1693 3972 τὸν
1780 3917 1947 3995 μέγαν

300 4005 554 4082 παράγειν
612 4002 885 4059 Βασίλειον
927 4002 987 4059 ἐκ
1038 4007 1135 4069 τῆς
1210 4002 1328 4059 κατ’
1386 4006 1639 4080 Εὔνομίου
1694 4005 1942 4085 ἆντιῤῥή-

301 4113 434 4154 σεως
481 4097 827 4165 συνιστῶντα,
859 4091 919 4148 ἐκ
965 4093 1126 4168 μόνου
1161 4099 1255 4149 τοῦ
1283 4096 1402 4150 ῙΊοϋ
1445 4095 1587 4151 εἶναι
1616 4097 1938 4176 16.11v50pa1,

300 4181 433 4238 κατὰ
460 4182 560 4248 tiu
587 4182 775 4250 θετκήν
818 4180 993 4237 οὐσίαν
1021 4180 1199 4244 αὐτοῦ,

382 4257 460 4344 γ’.
503 4271 655 4346 Φημὶ
682 4270 781 4347 γὰρ
822 4272 910 4326 καὶ
940 4268 1098 4328 πάλιν
1151 4272 1251 4351 ὡς,
1283 4270 1372 4329 ἐὰν
1427 4270 1542 4330 καθ’
1596 4274 1733 4350 ὑμᾶς
1765 4276 1792 4330 6
1823 4266 1943 4330 κατι

2032 3194 2183 3263 tura,
2219 3196 2446 3282 ut‘vera
2475 3195 2666 3282 sancit
2696 3197 3016 3278 theologia,
3059 3208 3117 3261 et
3146 3201 3196 3261 si
3236 3211 3477 3282 propter
3506 3221 3679 3265 crea-

2034 3284 2179 3337 tura:
2207 3279 2549 3359 opinionem
2572 3281 2898 3346 Eunomius
2929 3279 3297 3350 damnandus
3348 3279 3460 3367 est,
3504 3311 3677 3356 asse-

2028 3380 2169 3425 rens
2191 3383 2261 3427 ex
2283 3368 2409 3428 solo
2460 3369 2608 3430 Filio
2635 3373 2943 3451 Spiritum,
2987 3378 3365 3439 manifestum
3394 3386 3486 3441 est
3514 3398 3677 3459 eum,

2028 3453 2129 3532 qui
2163 3456 2350 3517 Deum
2402 3455 2686 3538 Spiritum
2718 3469 2903 3538 tenet,
2934 3464 3337 3529 damnandum
3367 3488 3488 3529 non
3518 3453 3675 3532 esse;

2035 3541 2175 3605 licet
2205 3545 2361 3607 dicat
2389 3565 2457 3608 ex
2481 3551 2606 3609 solo
2638 3548 2788 3612 Filio
2818 3552 2988 3615 illum
3012 3574 3169 3632 esse,
3202 3555 3276 3617 Et
3306 3566 3507 3619 cavete
3542 3577 3670 3641 vos,

2035 3633 2276 3729 nedum
2301 3635 2535 3729 fumum
2564 3638 2847 3729 fugitisin
2875 3642 3067 3722 ignem
3091 3646 3386 3708 incidatis.
3414 3633 3682 3729 Namque

2035 3723 2201 3817 quia
2230 3725 2354 3785 solo
2384 3724 2553 3817 Patre
2584 3746 2714 3789 esse
2763 3727 3047 3811 Spiritum
3102 3736 3480 3812 contenditis,
3511 3723 3680 3817 quasi

2032 3810 2200 3902 obliti
2247 3832 2366 3873 non
2427 3816 2608 3875 solius
2657 3810 2849 3881 Patris
2897 3819 3183 3902 Spiritum
3230 3823 3396 3884 illum
3430 3810 3585 3901 esse,
3620 3831 3679 3887 et

2029 3900 2336 3977 videmini,
2372 3922 2645 3983 magnum
2671 3900 3346 3991 Basilium,objectione,
3368 3932 3544 3993 quam
3576 3913 3678 3975 ille

2029 3988 2321 4052 Eunomio
2351 3996 2676 4076 proposuit,
2710 3998 3006 4060 adducitis
3035 3988 3576 4078 c'onstabilientem,
3611 4021 3682 4065 ex

2030 4081 2156 4140 solo
2192 4081 2339 4142 Filio
2367 4099 2500 4144 eSse
2529 4081 2814 4164 Spiritum
2846 4089 3175 4152 secundum
3207 4091 3466 4152 divinam
3515 4089 3677 4154 illius

2031 4172 2353 4232 essentiam

2109 4260 2169 4321 3.
2200 4259 2462 4343 Namque
2516 4263 2733 4326 iterum
2780 4273 3007 4346 repeto,
3041 4265 3090 4328 si
3118 4285 3226 4348 per
3263 4286 3365 4329 vos
3393 4266 3672 4330 adversus

309 4358 557 4432 E6v0p100
598 4358 787 4436 γέγονε
844 4360 1169 4440 γογγυσμὸς,
1230 4348 1476 4426 λέγοντος
1534 4362 1594 4419 ἐκ
1624 4348 1811 4438 ίμόνου
1850 4370 1942 4419 τοῦ

2031 4348 2392 4440 Ευῐιοηιὶιιητ
2429 4353 2674 4433 querelu
2716 4354 2915 4416 habita
2972 4363 3080 4430 est,
3112 4356 3410 4417 dicentem
3442 4373 3515 4417 ex
3544 4357 3671 4418 solo

308 4444 427 4498 T106
493 4446 632 4502 εῖναι
697 4449 759 4503 16
814 4453 1049 4527 Πνεῦμα,
1099 4455 1176 4523 τῷ
1244 4446 1470 4522 δοξάζειν
1550 4453 1707 4511 αὐτὸν
1750 4453 1942 4527 κτίσμα

308 4531 450 4587 εἶναι
491 4534 552 4589 16
594 4535 820 4611 Πνεῦμα,
865 4534 1130 4615 πρόδηλον
1159 4539 1233 4602 ὡς
1287 4542 1380 4597 οὐκ
1427 4538 1490 4595 ἄν
1535 4539 1782 4608 ἐκακίσθη
1813 4543 1942 4620 πρὸς

304 4620 365 4675 16
393 4619 453 4677 ἐκ
494 4620 653 4696 μόνου
705 4632 798 4681 τοῦ
842 4626 963 4681 Υἱοῦ
1005 4623 1181 4704 λέγειν
1236 4628 1384 4707 αὐτὸ,
1443 4629 1487 4684 εἰ
1544 4632 1674 4686 Θεὸν
1738 4629 1941 4709 ἐφρόνει

296 4708 428 4766 αὐτό
463 4730 478 4740 ·
536 4713 623 4767 καὶ
663 4717 761 4780 τῆς
820 4713 1018 4778 ἐννοίας
1083 4716 1278 4782 ταύτης
1335 4715 1641 4775 ἀκολουθεῖν
1698 4708 1943 4797 ἠναγκα-

296 4797 500 4875 σμένης
557 4801 693 4857 κατὰ
741 4802 805 4860 τὸ
872 4803 1241 4879 σιωπώμενον,
1315 4807 1361 4861 01
1436 4807 1577 4886 παρὰ
1633 4807 1795 4883 μόνου
1849 4815 1943 4863 τοῦ

297 4891 505 4969 Πατρὸς
577 4889 721 4947 εἶναι
778 4894 841 4949 16
896 4899 1105 4969 Πνεῦμα
1171 4892 1573 4977 διενιστάμενοι,
1631 4897 1939 4955 λανθάνουσι

289 4979 434 5058 παρὰ
496 4979 663 5055 μόνου
728 4986 819 5038 τοῦ
860 4983 980 5038 Υίοῦ
1023 4989 1366 5048 συνιστῶντες
1408 4984 1549 5041 εἶναι
1594 4988 1740 5048 αῦτό.
1791 4985 1939 5043 Ἀλλ’

290 5064 446 5147 εἴπερ
483 5070 549 5124 τὸ
614 5068 846 5127 ἐντεῦθεν
900 5070 1195 5129 ἀνακύπτον
1241 5070 1438 5131 ἄτοπον
1495 5076 1584 5131 καὶ
1638 5074 1940 5155 παράλογον

288 5156 611 5236 παρίστησιν
664 5157 894 5238 ἐναργῶς
953 5160 1031 5235 μὴ
1075 5157 1158 5216 διὰ
1210 5162 1309 5228 τὴν
1379 5168 1476 5249 τοῦ
1532 5164 1817 5240 κτίσματος
1846 5162 1939 5221 δό-

290 5243 379 5311 ξαν
422 5247 734 5318 κακίζεσθαι
774 5249 916 5327 παρὰ
960 5255 1053 5306 τοῦ
1108 5249 1339 5329 μεγάλω
1395 5243 1671 5310 Βασιλείου
1725 5255 1816 5310 τὸν
1849 5255 1936 5311 αἱ-

291 5337 495 5413 ρετικὸν
543 5336 824 5417 Εῦνόμιον,
872 5336 931 5394 ἐκ
988 5338 1148 5412 μόνου
1201 5347 1293 5397 τοῦ
1352 5343 1473 5398 Υἱοῦ
1516 5340 1740 5421 λέγοντα
1795 5343 1936 5400 εἶναι

288 5425 349 5479 τὸ
381 5430 616 5501 Πνεῦμα,
665 5423 802 5483 ἄλλά
840 5424 925 5482 διὰ
966 5428 1127 5502 μόνον
1177 5428 1301 5485 αὐτὸ
1348 5432 1409 5486 τὸ
1466 5429 1603 5497 ὅλως
1661 5431 1720 5487 ἐκ
1777 5432 1938 5508 μόνου

290 5513 481 5590 εἰπεῖν,
531 5513 646 5570 εἴτε
715 5516 788 5579 ὡς
838 5515 1095 5591 Εῦνόμιος
1153 5513 1481 5599 ἐϐλασφήμει
1550 5522 1766 5598 κτίσμα,
1827 5518 1938 5578 εἴτε

614 5677 877 5749 Pauor”
923 5684 1037 5749 Gn.
1082 5684 1283 5754 CXLI.

2025 4439 2172 4499 Filio
2205 4458 2337 4501 esse
2371 4439 2675 4521 Spiritum,
2707 4443 2849 4503 dum
2880 4444 2980 4505 ille
3027 4444 3324 4523 opinatur,
3378 4442 3669 4524 Spiritum

2026 4539 2355 4591 creaturam
2397 4548 2551 4602 esse,
2612 4532 2986 4593 manifestum
3039 4541 3148 4608 est,
3196 4551 3333 4593 eum
3364 4551 3481 4593 non
3515 4534 3670 4596 male

2029 4627 2337 4680 tractatum
2368 4618 2572 4693 fuisse,
2606 4620 2761 4700 quod
2787 4640 2855 4681 ex
2886 4621 3012 4681 solo
3035 4619 3184 4681 Filio
3221 4621 3446 4682 diceret
3474 4619 3670 4702 Spiri—

2030 4715 2174 4789 tum,
2210 4709 2260 4768 si
2291 4707 2472 4769 Deum
2508 4709 2671 4769 illum
2706 4728 2837 4772 esse
2859 4711 3171 4774 crederet:
3207 4719 3266 4771 et
3297 4729 3366 4772 ex
3402 4711 3516 4772 hac
3544 4712 3671 4772 vio-

2028 4797 2186 4858 lenta
2240 4800 2534 4859 sententia
2591 4798 2781 4879 sequi,
2844 4800 2984 4861 licet
3010 4807 3294 4871 taceatur,
3330 4799 3432 4879 qui
3479 4819 3513 4861 a
3543 4799 3669 4862 solo

2024 4890 2198 4950 Patre
2225 4887 2506 4968 Spiritum
2557 4904 2688 4951 esse
2733 4889 3120 4963 contendunt,
3156 4887 3286 4948 illos
3317 4887 3665 4969 impruden-

2024 4986 2115 5038 ter
2144 4997 2178 5039 a
2209 4979 2335 5039 solo
2370 4979 2411 5039 Ρ
2417 4977 2516 5039 ilio
2548 4995 2683 5038 eum
2708 4997 2839 5040 esse
2868 4975 3403 5058 comprobare.Sed
3432 4976 3482 5038 si
3511 4978 3671 5059 quod

2024 5068 2163 5129 hinc
2220 5067 2513 5129 subsultat
2566 5068 2912 5149 absurdum,
2946 5076 3007 5129 et
3038 5066 3236 5147 planet
3278 5066 3665 5147 inopinabile,

2022 5166 2225 5238 aperte
2256 5157 2713 5229 conﬁrmat,non
2748 5165 2989 5237 propter
3011 5163 3298 5217 creatura;
3327 5156 3668 5236 opinionem

2024 5248 2180 5309 male
2200 5248 2387 5327 accipi
2402 5246 2749 5308 haereticum
2765 5247 3122 5307 Eunomium
3143 5263 3402 5325 amagno
3423 5245 3668 5322 Basilio,

2020 5356 2091 5400 ex
2121 5339 2244 5399 solo
2274 5338 2421 5400 Filio
2450 5345 2817 5397 asserentem
2851 5333 3135 5415 Spiritum
3166 5353 3321 5416 esse,
3374 5335 3480 5396 sed
3511 5335 3671 5415 quod

2023 5428 2213 5490 solum
2239 5447 2373 5489 eum
2398 5425 2641 5488 omnino
2691 5443 2762 5486 ex
2818 5426 2942 5486 solo
2979 5426 3230 5499 dixerat,
3263 5425 3407 5497 sive,
3458 5434 3520 5486 ut
3548 5424 3673 5485 Eu-

2024 5520 2261 5581 nomius
2286 5517 2469 5597 impie
2499 5513 2817 5596 sentiebat,
2848 5523 3139 5591 creatura,
3172 5514 3315 5591 sive,
3350 5520 3415 5575 ut
3446 5513 3674 5575 theolo-

3186 5684 3221 5750 7
