  <div class='ocr_page' id='page_1' title='image "/cluster/home/n/w/nwhite01/storage/ocr_20150623/141/mdp.39015078384206/109.png"; bbox 0 0 4220 6292; ppageno 0'>
   <div class='ocr_carea' id='block_1_1' title="bbox 526 340 643 408">
    <p class='ocr_par' dir='ltr' id='par_1_1' title="bbox 526 340 643 408">
     <span class='ocr_line' id='line_1_1' title="bbox 526 340 643 408; baseline 0.017 -2"><span class='ocrx_word' id='word_1_1' title='bbox 526 340 643 408; x_wconf 81' lang='lat'><strong>203</strong></span> 
     </span>
    </p>
   </div>
   <div class='ocr_carea' id='block_1_2' title="bbox 526 563 2162 647">
    <p class='ocr_par' dir='ltr' id='par_1_2' title="bbox 526 563 2162 647">
     <span class='ocr_line' id='line_1_2' title="bbox 526 563 2162 647; baseline -0.006 -16"><span class='ocrx_word' id='word_1_2' title='bbox 526 571 724 631; x_wconf 89' lang='lat' dir='ltr'><strong>nullus</strong></span> <span class='ocrx_word' id='word_1_3' title='bbox 776 566 1136 647; x_wconf 81' lang='lat' dir='ltr'><strong>relinquitur</strong></span> <span class='ocrx_word' id='word_1_4' title='bbox 1180 565 1562 626; x_wconf 79' lang='lat' dir='ltr'><strong>dubitationis</strong></span> <span class='ocrx_word' id='word_1_5' title='bbox 1614 564 1802 638; x_wconf 89' lang='lat' dir='ltr'><strong>locus,</strong></span> <span class='ocrx_word' id='word_1_6' title='bbox 1854 563 1995 642; x_wconf 90' lang='lat' dir='ltr'><strong>quin</strong></span> <span class='ocrx_word' id='word_1_7' title='bbox 2056 580 2162 622; x_wconf 85' lang='lat' dir='ltr'><strong>co-</strong></span> 
     </span>
    </p>
   </div>
   <div class='ocr_carea' id='block_1_3' title="bbox 527 652 2164 740">
    <p class='ocr_par' dir='ltr' id='par_1_3' title="bbox 527 652 2164 740">
     <span class='ocr_line' id='line_1_3' title="bbox 527 652 2164 740; baseline -0.007 -18"><span class='ocrx_word' id='word_1_8' title='bbox 527 676 903 740; x_wconf 82' lang='lat' dir='ltr'><strong>gnoscamus,</strong></span> <span class='ocrx_word' id='word_1_9' title='bbox 936 666 1201 718; x_wconf 86' lang='lat' dir='ltr'><strong>sanctum</strong></span> <span class='ocrx_word' id='word_1_10' title='bbox 1246 655 1388 715; x_wconf 91' lang='lat' dir='ltr'><strong>illud</strong></span> <span class='ocrx_word' id='word_1_11' title='bbox 1439 652 1842 714; x_wconf 88' lang='lat' dir='ltr'><strong>tantummodo</strong></span> <span class='ocrx_word' id='word_1_12' title='bbox 1883 652 2164 713; x_wconf 83' lang='lat' dir='ltr'><strong>adversus</strong></span> 
     </span>
    </p>
   </div>
   <div class='ocr_carea' id='block_1_4' title="bbox 525 739 2164 821">
    <p class='ocr_par' dir='ltr' id='par_1_4' title="bbox 525 739 2164 821">
     <span class='ocr_line' id='line_1_4' title="bbox 525 739 2164 821; baseline -0.008 -9"><span class='ocrx_word' id='word_1_13' title='bbox 525 739 883 813; x_wconf 84' lang='lat' dir='ltr'><strong>Eunomium</strong></span> <span class='ocrx_word' id='word_1_14' title='bbox 910 746 1259 815; x_wconf 80' lang='lat' dir='ltr'><strong>inculcasse,</strong></span> <span class='ocrx_word' id='word_1_15' title='bbox 1295 741 1582 821; x_wconf 89' lang='lat' dir='ltr'><strong>Spiritum</strong></span> <span class='ocrx_word' id='word_1_16' title='bbox 1616 739 2164 815; x_wconf 83' lang='lat' dir='ltr'><strong>sanctum,licetille</strong></span> 
     </span>
    </p>
   </div>
   <div class='ocr_carea' id='block_1_5' title="bbox 528 826 2165 900">
    <p class='ocr_par' dir='ltr' id='par_1_5' title="bbox 528 826 2165 900">
     <span class='ocr_line' id='line_1_5' title="bbox 528 826 2165 900; baseline -0.008 0"><span class='ocrx_word' id='word_1_17' title='bbox 528 839 855 900; x_wconf 90' lang='lat' dir='ltr'><strong>secundum</strong></span> <span class='ocrx_word' id='word_1_18' title='bbox 889 836 1143 897; x_wconf 86' lang='lat' dir='ltr'><strong>divinam</strong></span> <span class='ocrx_word' id='word_1_19' title='bbox 1174 852 1341 894; x_wconf 88' lang='lat' dir='ltr'><strong>suam</strong></span> <span class='ocrx_word' id='word_1_20' title='bbox 1371 831 1692 894; x_wconf 64' lang='lat' dir='ltr'><strong>esaentiam</strong></span> <span class='ocrx_word' id='word_1_21' title='bbox 1726 847 1842 891; x_wconf 92' lang='lat' dir='ltr'><strong>non</strong></span> <span class='ocrx_word' id='word_1_22' title='bbox 1874 828 1950 890; x_wconf 89' lang='lat' dir='ltr'><strong>sit</strong></span> <span class='ocrx_word' id='word_1_23' title='bbox 1977 846 2010 888; x_wconf 94' lang='lat' dir='ltr'><strong>a</strong></span> <span class='ocrx_word' id='word_1_24' title='bbox 2038 826 2165 887; x_wconf 73' lang='lat' dir='ltr'><strong>solo</strong></span> 
     </span>
    </p>
   </div>
   <div class='ocr_carea' id='block_1_6' title="bbox 526 918 2167 1004">
    <p class='ocr_par' dir='ltr' id='par_1_6' title="bbox 526 918 2167 1004">
     <span class='ocr_line' id='line_1_6' title="bbox 526 918 2167 1004; baseline -0.008 -16"><span class='ocrx_word' id='word_1_25' title='bbox 526 925 699 999; x_wconf 84' lang='lat' dir='ltr'><strong>Filio,</strong></span> <span class='ocrx_word' id='word_1_26' title='bbox 732 926 1096 1004; x_wconf 81' lang='lat' dir='ltr'><strong>disgregatus</strong></span> <span class='ocrx_word' id='word_1_27' title='bbox 1121 942 1154 983; x_wconf 93' lang='lat' dir='ltr'><strong>a</strong></span> <span class='ocrx_word' id='word_1_28' title='bbox 1182 921 1375 990; x_wconf 87' lang='lat' dir='ltr'><strong>Patre,</strong></span> <span class='ocrx_word' id='word_1_29' title='bbox 1427 921 1532 981; x_wconf 88' lang='lat' dir='ltr'><strong>sed</strong></span> <span class='ocrx_word' id='word_1_30' title='bbox 1565 921 1739 980; x_wconf 88' lang='lat' dir='ltr'><strong>etiam</strong></span> <span class='ocrx_word' id='word_1_31' title='bbox 1799 918 1851 980; x_wconf 82' lang='lat' dir='ltr'><strong>si</strong></span> <span class='ocrx_word' id='word_1_32' title='bbox 1898 925 2167 978; x_wconf 84' lang='lat' dir='ltr'><strong>creatura</strong></span> 
     </span>
    </p>
   </div>
   <div class='ocr_carea' id='block_1_7' title="bbox 528 1005 2165 1088">
    <p class='ocr_par' dir='ltr' id='par_1_7' title="bbox 528 1005 2165 1088">
     <span class='ocr_line' id='line_1_7' title="bbox 528 1005 2165 1088; baseline -0.009 -10"><span class='ocrx_word' id='word_1_33' title='bbox 528 1026 683 1079; x_wconf 89' lang='lat' dir='ltr'><strong>esset</strong></span> <span class='ocrx_word' id='word_1_34' title='bbox 715 1012 1162 1087; x_wconf 85' lang='lat' dir='ltr'><strong>Filii,Eunomi,</strong></span> <span class='ocrx_word' id='word_1_35' title='bbox 1198 1021 1259 1073; x_wconf 92' lang='lat' dir='ltr'><strong>ut</strong></span> <span class='ocrx_word' id='word_1_36' title='bbox 1286 1010 1521 1084; x_wconf 90' lang='lat' dir='ltr'><strong>astruis,</strong></span> <span class='ocrx_word' id='word_1_37' title='bbox 1571 1027 1765 1088; x_wconf 87' lang='lat' dir='ltr'><strong>neque</strong></span> <span class='ocrx_word' id='word_1_38' title='bbox 1798 1007 1909 1068; x_wconf 83' lang='lat' dir='ltr'><strong>hac</strong></span> <span class='ocrx_word' id='word_1_39' title='bbox 1936 1005 2165 1066; x_wconf 89' lang='lat' dir='ltr'><strong>ratione</strong></span> 
     </span>
    </p>
   </div>
   <div class='ocr_carea' id='block_1_8' title="bbox 528 1092 2166 1188">
    <p class='ocr_par' dir='ltr' id='par_1_8' title="bbox 528 1092 2166 1188">
     <span class='ocr_line' id='line_1_8' title="bbox 528 1092 2166 1188; baseline -0.009 -20"><span class='ocrx_word' id='word_1_40' title='bbox 528 1125 723 1188; x_wconf 71' lang='lat' dir='ltr'><strong>operte</strong></span> <span class='ocrx_word' id='word_1_41' title='bbox 754 1104 1005 1185; x_wconf 89' lang='lat' dir='ltr'><strong>pretium</strong></span> <span class='ocrx_word' id='word_1_42' title='bbox 1038 1111 1186 1181; x_wconf 89' lang='lat' dir='ltr'><strong>erat,</strong></span> <span class='ocrx_word' id='word_1_43' title='bbox 1233 1119 1470 1163; x_wconf 90' lang='lat' dir='ltr'><strong>causam</strong></span> <span class='ocrx_word' id='word_1_44' title='bbox 1514 1099 1674 1159; x_wconf 92' lang='lat' dir='ltr'><strong>illius</strong></span> <span class='ocrx_word' id='word_1_45' title='bbox 1713 1095 2026 1175; x_wconf 85' lang='lat' dir='ltr'><strong>Unigenilo</strong></span> <span class='ocrx_word' id='word_1_46' title='bbox 2057 1092 2166 1154; x_wconf 90' lang='lat' dir='ltr'><strong>soli</strong></span> 
     </span>
    </p>
   </div>
   <div class='ocr_carea' id='block_1_9' title="bbox 527 1181 2167 1277">
    <p class='ocr_par' dir='ltr' id='par_1_9' title="bbox 527 1181 2167 1277">
     <span class='ocr_line' id='line_1_9' title="bbox 527 1181 2167 1277; baseline -0.009 -20"><span class='ocrx_word' id='word_1_47' title='bbox 527 1181 850 1277; x_wconf 75' lang='lat' dir='ltr'><strong>appingere</strong></span> <span class='ocrx_word' id='word_1_48' title='bbox 871 1209 1262 1271; x_wconf 90' lang='lat' dir='ltr'><strong>separareque</strong></span> <span class='ocrx_word' id='word_1_49' title='bbox 1292 1209 1326 1251; x_wconf 91' lang='lat' dir='ltr'><strong>a</strong></span> <span class='ocrx_word' id='word_1_50' title='bbox 1347 1192 1539 1263; x_wconf 86' lang='lat' dir='ltr'><strong>Patre,</strong></span> <span class='ocrx_word' id='word_1_51' title='bbox 1575 1188 1729 1268; x_wconf 89' lang='lat' dir='ltr'><strong>quod</strong></span> <span class='ocrx_word' id='word_1_52' title='bbox 1769 1211 1794 1241; x_wconf 81' lang='grc' dir='ltr'><strong>α</strong></span> <span class='ocrx_word' id='word_1_53' title='bbox 1816 1202 1990 1245; x_wconf 92' lang='lat' dir='ltr'><strong>omne</strong></span> <span class='ocrx_word' id='word_1_54' title='bbox 2006 1181 2167 1263; x_wconf 89' lang='lat' dir='ltr'><strong>quod</strong></span> 
     </span>
    </p>
   </div>
   <div class='ocr_carea' id='block_1_10' title="bbox 527 1275 2167 1356">
    <p class='ocr_par' dir='ltr' id='par_1_10' title="bbox 527 1275 2167 1356">
     <span class='ocr_line' id='line_1_10' title="bbox 527 1275 2167 1356; baseline -0.01 -8"><span class='ocrx_word' id='word_1_55' title='bbox 527 1275 738 1349; x_wconf 34' lang='lat' dir='ltr'><strong>a‘Filio</strong></span> <span class='ocrx_word' id='word_1_56' title='bbox 793 1284 1010 1345; x_wconf 89' lang='lat' dir='ltr'><strong>factum</strong></span> <span class='ocrx_word' id='word_1_57' title='bbox 1062 1288 1171 1356; x_wconf 87' lang='lat' dir='ltr'><strong>est,</strong></span> <span class='ocrx_word' id='word_1_58' title='bbox 1225 1280 1298 1341; x_wconf 89' lang='lat' dir='ltr'><strong>ad</strong></span> <span class='ocrx_word' id='word_1_59' title='bbox 1354 1281 1588 1341; x_wconf 88' lang='lat' dir='ltr'><strong>Patrem</strong></span> <span class='ocrx_word' id='word_1_60' title='bbox 1649 1275 1897 1355; x_wconf 87' lang='lat' dir='ltr'><strong>primam</strong></span> <span class='ocrx_word' id='word_1_61' title='bbox 1931 1288 2167 1335; x_wconf 82' lang='lat' dir='ltr'><strong>causam</strong></span> 
     </span>
    </p>
   </div>
   <div class='ocr_carea' id='block_1_11' title="bbox 531 1362 2166 1454">
    <p class='ocr_par' dir='ltr' id='par_1_11' title="bbox 531 1362 2166 1454">
     <span class='ocr_line' id='line_1_11' title="bbox 531 1362 2166 1454; baseline -0.011 -17"><span class='ocrx_word' id='word_1_62' title='bbox 531 1375 827 1454; x_wconf 85' lang='lat' dir='ltr'><strong>refertur;</strong></span> <span class='ocrx_word' id='word_1_63' title='bbox 866 1395 888 1429; x_wconf 70' lang='grc' dir='ltr'><strong>ο</strong></span> <span class='ocrx_word' id='word_1_64' title='bbox 928 1388 1164 1431; x_wconf 89' lang='lat' dir='ltr'><strong>necnon</strong></span> <span class='ocrx_word' id='word_1_65' title='bbox 1213 1368 1438 1447; x_wconf 78' lang='lat' dir='ltr'><strong>absque</strong></span> <span class='ocrx_word' id='word_1_66' title='bbox 1486 1365 1605 1426; x_wconf 87' lang='lat' dir='ltr'><strong>ulla</strong></span> <span class='ocrx_word' id='word_1_67' title='bbox 1644 1362 2026 1454; x_wconf 79' lang='lat' dir='ltr'><strong>haesitatione</strong></span> <span class='ocrx_word' id='word_1_68' title='bbox 2056 1378 2166 1439; x_wconf 86' lang='lat' dir='ltr'><strong>pa—</strong></span> 
     </span>
    </p>
   </div>
   <div class='ocr_carea' id='block_1_12' title="bbox 532 1452 2166 1539">
    <p class='ocr_par' dir='ltr' id='par_1_12' title="bbox 532 1452 2166 1539">
     <span class='ocr_line' id='line_1_12' title="bbox 532 1452 2166 1539; baseline -0.01 -14"><span class='ocrx_word' id='word_1_69' title='bbox 532 1471 718 1534; x_wconf 88' lang='lat' dir='ltr'><strong>tente,</strong></span> <span class='ocrx_word' id='word_1_70' title='bbox 753 1452 873 1523; x_wconf 84' lang='lat' dir='ltr'><strong>non</strong></span> <span class='ocrx_word' id='word_1_71' title='bbox 904 1471 1148 1539; x_wconf 85' lang='lat' dir='ltr'><strong>propter</strong></span> <span class='ocrx_word' id='word_1_72' title='bbox 1176 1465 1459 1517; x_wconf 60' lang='lat' dir='ltr'><strong>creatura</strong></span> <span class='ocrx_word' id='word_1_73' title='bbox 1498 1452 1839 1534; x_wconf 89' lang='lat' dir='ltr'><strong>opinionem</strong></span> <span class='ocrx_word' id='word_1_74' title='bbox 1874 1469 1909 1511; x_wconf 90' lang='lat' dir='ltr'><strong>a</strong></span> <span class='ocrx_word' id='word_1_75' title='bbox 1956 1465 2166 1526; x_wconf 84' lang='lat' dir='ltr'><strong>magno</strong></span> 
     </span>
    </p>
   </div>
   <div class='ocr_carea' id='block_1_13' title="bbox 530 1536 2167 1628">
    <p class='ocr_par' dir='ltr' id='par_1_13' title="bbox 530 1536 2167 1628">
     <span class='ocr_line' id='line_1_13' title="bbox 530 1536 2167 1628; baseline -0.011 -14"><span class='ocrx_word' id='word_1_76' title='bbox 530 1551 746 1614; x_wconf 89' lang='lat' dir='ltr'><strong>Basilio</strong></span> <span class='ocrx_word' id='word_1_77' title='bbox 780 1536 1155 1628; x_wconf 81' lang='lat' dir='ltr'><strong>objurgatum</strong></span> <span class='ocrx_word' id='word_1_78' title='bbox 1184 1544 1538 1606; x_wconf 90' lang='lat' dir='ltr'><strong>Eunomium</strong></span> <span class='ocrx_word' id='word_1_79' title='bbox 1586 1542 1910 1612; x_wconf 89' lang='lat' dir='ltr'><strong>dicentem,</strong></span> <span class='ocrx_word' id='word_1_80' title='bbox 1939 1556 2010 1599; x_wconf 86' lang='lat' dir='ltr'><strong>ex</strong></span> <span class='ocrx_word' id='word_1_81' title='bbox 2042 1536 2167 1597; x_wconf 91' lang='lat' dir='ltr'><strong>solo</strong></span> 
     </span>
    </p>
   </div>
   <div class='ocr_carea' id='block_1_14' title="bbox 529 1629 2168 1717">
    <p class='ocr_par' dir='ltr' id='par_1_14' title="bbox 529 1629 2168 1717">
     <span class='ocr_line' id='line_1_14' title="bbox 529 1629 2168 1717; baseline -0.011 -16"><span class='ocrx_word' id='word_1_82' title='bbox 529 1640 680 1701; x_wconf 93' lang='lat' dir='ltr'><strong>Filio</strong></span> <span class='ocrx_word' id='word_1_83' title='bbox 711 1658 842 1700; x_wconf 91' lang='lat' dir='ltr'><strong>esse</strong></span> <span class='ocrx_word' id='word_1_84' title='bbox 867 1637 1175 1717; x_wconf 82' lang='lat' dir='ltr'><strong>Spiritum,</strong></span> <span class='ocrx_word' id='word_1_85' title='bbox 1226 1634 1330 1695; x_wconf 94' lang='lat' dir='ltr'><strong>sed</strong></span> <span class='ocrx_word' id='word_1_86' title='bbox 1361 1633 1518 1713; x_wconf 89' lang='lat' dir='ltr'><strong>quod</strong></span> <span class='ocrx_word' id='word_1_87' title='bbox 1550 1632 1741 1692; x_wconf 91' lang='lat' dir='ltr'><strong>solum</strong></span> <span class='ocrx_word' id='word_1_88' title='bbox 1771 1629 2168 1717; x_wconf 79' lang='lat' dir='ltr'><strong>ipsum_pror-</strong></span> 
     </span>
    </p>
   </div>
   <div class='ocr_carea' id='block_1_15' title="bbox 533 1712 2168 1802">
    <p class='ocr_par' dir='ltr' id='par_1_15' title="bbox 533 1712 2168 1802">
     <span class='ocr_line' id='line_1_15' title="bbox 533 1712 2168 1802; baseline -0.011 -12"><span class='ocrx_word' id='word_1_89' title='bbox 533 1747 633 1790; x_wconf 90' lang='lat' dir='ltr'><strong>sus</strong></span> <span class='ocrx_word' id='word_1_90' title='bbox 656 1746 728 1792; x_wconf 83' lang='lat' dir='ltr'><strong>ex</strong></span> <span class='ocrx_word' id='word_1_91' title='bbox 755 1727 880 1789; x_wconf 89' lang='lat' dir='ltr'><strong>solo</strong></span> <span class='ocrx_word' id='word_1_92' title='bbox 906 1712 1054 1788; x_wconf 71' lang='lat' dir='ltr'><strong>Filio</strong></span> <span class='ocrx_word' id='word_1_93' title='bbox 1083 1723 1329 1795; x_wconf 90' lang='lat' dir='ltr'><strong>diceret,</strong></span> <span class='ocrx_word' id='word_1_94' title='bbox 1366 1712 1523 1802; x_wconf 82' lang='lat' dir='ltr'><strong>patet</strong></span> <span class='ocrx_word' id='word_1_95' title='bbox 1543 1738 1659 1780; x_wconf 87' lang='lat' dir='ltr'><strong>una</strong></span> <span class='ocrx_word' id='word_1_96' title='bbox 1680 1717 1857 1779; x_wconf 92' lang='lat' dir='ltr'><strong>simul</strong></span> <span class='ocrx_word' id='word_1_97' title='bbox 1894 1712 2168 1776; x_wconf 82' lang='lat' dir='ltr'><strong>refutatio</strong></span> 
     </span>
    </p>
   </div>
   <div class='ocr_carea' id='block_1_16' title="bbox 532 1805 2168 1896">
    <p class='ocr_par' dir='ltr' id='par_1_16' title="bbox 532 1805 2168 1896">
     <span class='ocr_line' id='line_1_16' title="bbox 532 1805 2168 1896; baseline -0.01 -18"><span class='ocrx_word' id='word_1_98' title='bbox 532 1815 871 1896; x_wconf 89' lang='lat' dir='ltr'><strong>eorum,qui</strong></span> <span class='ocrx_word' id='word_1_99' title='bbox 901 1812 1248 1875; x_wconf 89' lang='lat' dir='ltr'><strong>addubitant</strong></span> <span class='ocrx_word' id='word_1_100' title='bbox 1270 1829 1345 1872; x_wconf 90' lang='lat' dir='ltr'><strong>an</strong></span> <span class='ocrx_word' id='word_1_101' title='bbox 1368 1808 1526 1891; x_wconf 90' lang='lat' dir='ltr'><strong>quod</strong></span> <span class='ocrx_word' id='word_1_102' title='bbox 1548 1827 1582 1869; x_wconf 90' lang='lat' dir='ltr'><strong>a</strong></span> <span class='ocrx_word' id='word_1_103' title='bbox 1600 1807 1748 1869; x_wconf 90' lang='lat' dir='ltr'><strong>Filio</strong></span> <span class='ocrx_word' id='word_1_104' title='bbox 1774 1805 1991 1866; x_wconf 86' lang='lat' dir='ltr'><strong>dicitur</strong></span> <span class='ocrx_word' id='word_1_105' title='bbox 2012 1819 2168 1877; x_wconf 90' lang='lat' dir='ltr'><strong>esse,</strong></span> 
     </span>
    </p>
   </div>
   <div class='ocr_carea' id='block_1_17' title="bbox 532 1903 1206 1968">
    <p class='ocr_par' dir='ltr' id='par_1_17' title="bbox 532 1903 1206 1968">
     <span class='ocr_line' id='line_1_17' title="bbox 532 1903 1206 1968; baseline -0.007 -1"><span class='ocrx_word' id='word_1_106' title='bbox 532 1906 823 1968; x_wconf 83' lang='lat' dir='ltr'><strong>referatur</strong></span> <span class='ocrx_word' id='word_1_107' title='bbox 850 1903 923 1965; x_wconf 92' lang='lat' dir='ltr'><strong>ad</strong></span> <span class='ocrx_word' id='word_1_108' title='bbox 948 1904 1206 1965; x_wconf 87' lang='lat' dir='ltr'><strong>Patrem.</strong></span> 
     </span>
    </p>
   </div>
   <div class='ocr_carea' id='block_1_18' title="bbox 618 2073 2180 2164">
    <p class='ocr_par' dir='ltr' id='par_1_18' title="bbox 618 2073 2180 2164">
     <span class='ocr_line' id='line_1_18' title="bbox 618 2073 2180 2164; baseline -0.012 -17"><span class='ocrx_word' id='word_1_109' title='bbox 618 2085 680 2148; x_wconf 84' lang='grc'><strong>4.</strong></span> <span class='ocrx_word' id='word_1_110' title='bbox 714 2081 802 2144; x_wconf 89' lang='lat' dir='ltr'><strong>Tu</strong></span> <span class='ocrx_word' id='word_1_111' title='bbox 834 2101 1031 2164; x_wconf 89' lang='lat' dir='ltr'><strong>porro,</strong></span> <span class='ocrx_word' id='word_1_112' title='bbox 1066 2082 1116 2142; x_wconf 88' lang='lat' dir='ltr'><strong>si</strong></span> <span class='ocrx_word' id='word_1_113' title='bbox 1138 2082 1260 2161; x_wconf 89' lang='lat' dir='ltr'><strong>jam</strong></span> <span class='ocrx_word' id='word_1_114' title='bbox 1287 2077 1580 2139; x_wconf 89' lang='lat' dir='ltr'><strong>allatatam</strong></span> <span class='ocrx_word' id='word_1_115' title='bbox 1609 2073 2022 2137; x_wconf 86' lang='lat' dir='ltr'><strong>refutationem</strong></span> <span class='ocrx_word' id='word_1_116' title='bbox 2050 2076 2180 2164; x_wconf 74' lang='lat' dir='ltr'><strong>tan-</strong></span> 
     </span>
    </p>
   </div>
   <div class='ocr_carea' id='block_1_19' title="bbox 1616 327 2797 405">
    <p class='ocr_par' dir='ltr' id='par_1_19' title="bbox 1616 327 2797 405">
     <span class='ocr_line' id='line_1_19' title="bbox 1616 327 2797 405; baseline 0 -1"><span class='ocrx_word' id='word_1_117' title='bbox 1616 340 1828 405; x_wconf 86' lang='lat' dir='ltr'><strong>JOAN.</strong></span> <span class='ocrx_word' id='word_1_118' title='bbox 1874 337 2091 403; x_wconf 84' lang='lat' dir='ltr'>VECCI</span> <span class='ocrx_word' id='word_1_119' title='bbox 2132 327 2244 401; x_wconf 60' lang='grc' dir='ltr'><strong>(ΣΡ.</strong></span> <span class='ocrx_word' id='word_1_120' title='bbox 2288 335 2797 404; x_wconf 67' lang='grc' dir='ltr'><strong>ΡᾹΤΒΙΑΒΟΗΙΕ</strong></span> 
     </span>
    </p>
   </div>
   <div class='ocr_carea' id='block_1_20' title="bbox 525 473 2183 559">
    <p class='ocr_par' dir='ltr' id='par_1_20' title="bbox 525 473 2183 559">
     <span class='ocr_line' id='line_1_20' title="bbox 525 473 2183 559; baseline -0.007 -20"><span class='ocrx_word' id='word_1_121' title='bbox 525 480 656 559; x_wconf 78' lang='lat' dir='ltr'><strong>gica</strong></span> <span class='ocrx_word' id='word_1_122' title='bbox 708 477 923 541; x_wconf 82' lang='lat' dir='ltr'><strong>veritas</strong></span> <span class='ocrx_word' id='word_1_123' title='bbox 978 475 1261 550; x_wconf 85' lang='lat' dir='ltr'><strong>insinuat,</strong></span> <span class='ocrx_word' id='word_1_124' title='bbox 1294 474 1451 537; x_wconf 91' lang='lat' dir='ltr'><strong>Deus</strong></span> <span class='ocrx_word' id='word_1_125' title='bbox 1482 483 1540 535; x_wconf 91' lang='lat' dir='ltr'><strong>et</strong></span> <span class='ocrx_word' id='word_1_126' title='bbox 1570 473 1825 554; x_wconf 86' lang='lat' dir='ltr'><strong>Spiritus</strong></span> <span class='ocrx_word' id='word_1_127' title='bbox 1876 481 2183 543; x_wconf 82' lang='lat' dir='ltr'><strong>sanctus;.</strong></span> 
     </span>
    </p>
   </div>
   <div class='ocr_carea' id='block_1_21' title="bbox 2264 473 3354 559">
    <p class='ocr_par' dir='ltr' id='par_1_21' title="bbox 2264 473 3354 555">
     <span class='ocr_line' id='line_1_21' title="bbox 2264 473 3354 555; baseline 0.006 -28"><span class='ocrx_word' id='word_1_128' title='bbox 2264 474 2315 537; x_wconf 62' lang='grc' dir='ltr'>ὃς</span> <span class='ocrx_word' id='word_1_129' title='bbox 2385 475 2418 540; x_wconf 84' lang='grc' dir='ltr'><strong>ἡ</strong></span> <span class='ocrx_word' id='word_1_130' title='bbox 2499 473 2702 543; x_wconf 77' lang='grc' dir='ltr'>ἀληθὴς</span> <span class='ocrx_word' id='word_1_131' title='bbox 2757 475 2996 555; x_wconf 84' lang='grc' dir='ltr'>θεολογία</span> <span class='ocrx_word' id='word_1_132' title='bbox 3088 476 3354 554; x_wconf 81' lang='grc' dir='ltr'>βούλεται,</span> 
     </span>
    </p>
   </div>
   <div class='ocr_carea' id='block_1_22' title="bbox 3770 338 3886 404">
    <p class='ocr_par' dir='ltr' id='par_1_22' title="bbox 3770 338 3886 404">
     <span class='ocr_line' id='line_1_22' title="bbox 3770 338 3886 404; baseline 0 0"><span class='ocrx_word' id='word_1_133' title='bbox 3770 338 3886 404; x_wconf 76' lang='grc'><strong>204</strong></span> 
     </span>
    </p>
   </div>
   <div class='ocr_carea' id='block_1_23' title="bbox 3456 475 3884 540">
    <p class='ocr_par' dir='ltr' id='par_1_23' title="bbox 3456 475 3884 540">
     <span class='ocr_line' id='line_1_23' title="bbox 3456 475 3884 540; baseline -0.007 -7"><span class='ocrx_word' id='word_1_134' title='bbox 3456 477 3584 540; x_wconf 83' lang='grc' dir='ltr'>Θεός</span> <span class='ocrx_word' id='word_1_135' title='bbox 3639 475 3750 532; x_wconf 76' lang='grc' dir='ltr'>ἐστι</span> <span class='ocrx_word' id='word_1_136' title='bbox 3822 475 3884 531; x_wconf 82' lang='grc' dir='ltr'>τὸ</span> 
     </span>
    </p>
   </div>
   <div class='ocr_carea' id='block_1_24' title="bbox 2246 558 3884 645">
    <p class='ocr_par' dir='ltr' id='par_1_24' title="bbox 2246 558 3884 645">
     <span class='ocr_line' id='line_1_24' title="bbox 2246 558 3884 645; baseline 0.001 -28"><span class='ocrx_word' id='word_1_137' title='bbox 2246 567 2457 636; x_wconf 84' lang='grc' dir='ltr'>Πνεῦμα</span> <span class='ocrx_word' id='word_1_138' title='bbox 2497 565 2557 618; x_wconf 84' lang='grc' dir='ltr'>τὸ</span> <span class='ocrx_word' id='word_1_139' title='bbox 2586 563 2736 642; x_wconf 75' lang='grc' dir='ltr'>ἅγιον</span> <span class='ocrx_word' id='word_1_140' title='bbox 2784 583 2799 599; x_wconf 92' lang='grc'><strong>·</strong></span> <span class='ocrx_word' id='word_1_141' title='bbox 2847 564 3008 629; x_wconf 72' lang='grc' dir='ltr'>οὐδεὶς</span> <span class='ocrx_word' id='word_1_142' title='bbox 3060 563 3245 624; x_wconf 85' lang='grc' dir='ltr'>λοιπὸν</span> <span class='ocrx_word' id='word_1_143' title='bbox 3300 566 3376 623; x_wconf 77' lang='grc' dir='ltr'>ἔτι</span> <span class='ocrx_word' id='word_1_144' title='bbox 3420 563 3579 645; x_wconf 86' lang='grc' dir='ltr'><strong>λόγος</strong></span> <span class='ocrx_word' id='word_1_145' title='bbox 3649 558 3884 643; x_wconf 71' lang='grc' dir='ltr'>ἀμφιϐο-</span> 
     </span>
    </p>
   </div>
   <div class='ocr_carea' id='block_1_25' title="bbox 2246 647 3881 733">
    <p class='ocr_par' dir='ltr' id='par_1_25' title="bbox 2246 647 3881 733">
     <span class='ocr_line' id='line_1_25' title="bbox 2246 647 3881 733; baseline -0.001 -28"><span class='ocrx_word' id='word_1_146' title='bbox 2246 648 2359 713; x_wconf 87' lang='grc' dir='ltr'>λίας</span> <span class='ocrx_word' id='word_1_147' title='bbox 2430 647 2709 729; x_wconf 84' lang='grc' dir='ltr'>διαγνῶναι</span> <span class='ocrx_word' id='word_1_148' title='bbox 2780 654 2912 728; x_wconf 80' lang='grc' dir='ltr'>ὑμᾶς</span> <span class='ocrx_word' id='word_1_149' title='bbox 2967 656 3040 718; x_wconf 82' lang='grc' dir='ltr'>ὡς</span> <span class='ocrx_word' id='word_1_150' title='bbox 3095 657 3123 711; x_wconf 83' lang='lat'><strong>6</strong></span> <span class='ocrx_word' id='word_1_151' title='bbox 3169 653 3318 733; x_wconf 74' lang='grc' dir='ltr'>ἅγιος</span> <span class='ocrx_word' id='word_1_152' title='bbox 3373 653 3659 732; x_wconf 82' lang='grc' dir='ltr'>μονονουχὶ</span> <span class='ocrx_word' id='word_1_153' title='bbox 3727 670 3881 706; x_wconf 90' lang='grc' dir='ltr'>τουτο</span> 
     </span>
    </p>
   </div>
   <div class='ocr_carea' id='block_1_26' title="bbox 2247 741 3881 821">
    <p class='ocr_par' dir='ltr' id='par_1_26' title="bbox 2247 741 3881 821">
     <span class='ocr_line' id='line_1_26' title="bbox 2247 741 3881 821; baseline 0.001 -28"><span class='ocrx_word' id='word_1_154' title='bbox 2247 741 2481 817; x_wconf 81' lang='grc' dir='ltr'>φαίνεται</span> <span class='ocrx_word' id='word_1_155' title='bbox 2524 741 2654 819; x_wconf 83' lang='grc' dir='ltr'>πρὸς</span> <span class='ocrx_word' id='word_1_156' title='bbox 2711 742 2799 798; x_wconf 80' lang='grc' dir='ltr'>τὸν</span> <span class='ocrx_word' id='word_1_157' title='bbox 2859 742 3111 819; x_wconf 73' lang='grc' dir='ltr'>Εὐνόμιον</span> <span class='ocrx_word' id='word_1_158' title='bbox 3169 742 3365 821; x_wconf 84' lang='grc' dir='ltr'>λέγων,</span> <span class='ocrx_word' id='word_1_159' title='bbox 3420 744 3494 806; x_wconf 83' lang='grc' dir='ltr'>ὡς</span> <span class='ocrx_word' id='word_1_160' title='bbox 3553 742 3615 798; x_wconf 79' lang='grc' dir='ltr'><strong>τὸ</strong></span> <span class='ocrx_word' id='word_1_161' title='bbox 3670 744 3881 809; x_wconf 84' lang='grc' dir='ltr'>Πνεῦμα</span> 
     </span>
    </p>
   </div>
   <div class='ocr_carea' id='block_1_27' title="bbox 2246 827 3901 905">
    <p class='ocr_par' dir='ltr' id='par_1_27' title="bbox 2246 827 3901 905">
     <span class='ocr_line' id='line_1_27' title="bbox 2246 827 3901 905; baseline -0.005 -14"><span class='ocrx_word' id='word_1_162' title='bbox 2246 828 2312 885; x_wconf 71' lang='grc' dir='ltr'>τὰ</span> <span class='ocrx_word' id='word_1_163' title='bbox 2340 827 2509 905; x_wconf 74' lang='grc' dir='ltr'>ἅγιον,</span> <span class='ocrx_word' id='word_1_164' title='bbox 2557 830 2600 884; x_wconf 83' lang='grc' dir='ltr'><strong>εἰ</strong></span> <span class='ocrx_word' id='word_1_165' title='bbox 2655 831 2743 886; x_wconf 82' lang='grc' dir='ltr'><strong>καὶ</strong></span> <span class='ocrx_word' id='word_1_166' title='bbox 2784 832 2918 887; x_wconf 82' lang='grc' dir='ltr'>κατὰ</span> <span class='ocrx_word' id='word_1_167' title='bbox 2975 839 3072 900; x_wconf 80' lang='grc' dir='ltr'>τὴν</span> <span class='ocrx_word' id='word_1_168' title='bbox 3116 832 3302 900; x_wconf 81' lang='grc' dir='ltr'>θεϊκὴν</span> <span class='ocrx_word' id='word_1_169' title='bbox 3359 831 3533 889; x_wconf 78' lang='grc' dir='ltr'>οῦσίαν</span> <span class='ocrx_word' id='word_1_170' title='bbox 3591 829 3750 886; x_wconf 71' lang='grc' dir='ltr'>αὐτοῦ</span> <span class='ocrx_word' id='word_1_171' title='bbox 3792 829 3901 883; x_wconf 62' lang='grc' dir='ltr'>οῦκ,</span> 
     </span>
    </p>
   </div>
   <div class='ocr_carea' id='block_1_28' title="bbox 2249 914 3879 1001">
    <p class='ocr_par' dir='ltr' id='par_1_28' title="bbox 2249 914 3879 1001">
     <span class='ocr_line' id='line_1_28' title="bbox 2249 914 3879 1001; baseline 0.006 -31"><span class='ocrx_word' id='word_1_172' title='bbox 2249 914 2388 972; x_wconf 72' lang='grc' dir='ltr'>ἔστιν</span> <span class='ocrx_word' id='word_1_173' title='bbox 2430 917 2489 973; x_wconf 82' lang='grc' dir='ltr'>ἐκ</span> <span class='ocrx_word' id='word_1_174' title='bbox 2523 917 2688 994; x_wconf 81' lang='grc' dir='ltr'>μόνου</span> <span class='ocrx_word' id='word_1_175' title='bbox 2739 926 2831 976; x_wconf 88' lang='grc' dir='ltr'><strong>τοῦ</strong></span> <span class='ocrx_word' id='word_1_176' title='bbox 2878 922 2999 978; x_wconf 75' lang='grc' dir='ltr'>Υἶοῦ</span> <span class='ocrx_word' id='word_1_177' title='bbox 3056 919 3479 1001; x_wconf 77' lang='grc' dir='ltr'>ἆποδιῃρημένον</span> <span class='ocrx_word' id='word_1_178' title='bbox 3521 926 3613 977; x_wconf 88' lang='grc' dir='ltr'><strong>τοῦ</strong></span> <span class='ocrx_word' id='word_1_179' title='bbox 3653 917 3879 996; x_wconf 81' lang='grc' dir='ltr'>Πατρὸς,</span> 
     </span>
    </p>
   </div>
   <div class='ocr_carea' id='block_1_29' title="bbox 2249 1003 3882 1085">
    <p class='ocr_par' dir='ltr' id='par_1_29' title="bbox 2249 1003 3882 1085">
     <span class='ocr_line' id='line_1_29' title="bbox 2249 1003 3882 1085; baseline -0.001 -25"><span class='ocrx_word' id='word_1_180' title='bbox 2249 1003 2366 1061; x_wconf 78' lang='grc' dir='ltr'>ἀλλ’</span> <span class='ocrx_word' id='word_1_181' title='bbox 2398 1004 2503 1064; x_wconf 78' lang='grc' dir='ltr'>οὐδ’</span> <span class='ocrx_word' id='word_1_182' title='bbox 2547 1006 2591 1062; x_wconf 75' lang='grc' dir='ltr'>εἰ</span> <span class='ocrx_word' id='word_1_183' title='bbox 2633 1009 2842 1083; x_wconf 85' lang='grc' dir='ltr'>ποίημα</span> <span class='ocrx_word' id='word_1_184' title='bbox 2869 1010 2935 1079; x_wconf 72' lang='grc' dir='ltr'>ἦν</span> <span class='ocrx_word' id='word_1_185' title='bbox 2975 1017 3064 1067; x_wconf 87' lang='grc' dir='ltr'><strong>τοῦ</strong></span> <span class='ocrx_word' id='word_1_186' title='bbox 3116 1012 3260 1085; x_wconf 87' lang='grc' dir='ltr'>Υἱοῦ,</span> <span class='ocrx_word' id='word_1_187' title='bbox 3320 1010 3562 1085; x_wconf 77' lang='grc' dir='ltr'>Εῦνόμιε,</span> <span class='ocrx_word' id='word_1_188' title='bbox 3610 1007 3745 1065; x_wconf 74' lang='grc' dir='ltr'>κατὰ</span> <span class='ocrx_word' id='word_1_189' title='bbox 3800 1005 3882 1085; x_wconf 83' lang='grc' dir='ltr'>σὲ,</span> 
     </span>
    </p>
   </div>
   <div class='ocr_carea' id='block_1_30' title="bbox 2250 1091 3884 1175">
    <p class='ocr_par' dir='ltr' id='par_1_30' title="bbox 2250 1091 3884 1175">
     <span class='ocr_line' id='line_1_30' title="bbox 2250 1091 3884 1175; baseline 0.002 -27"><span class='ocrx_word' id='word_1_190' title='bbox 2250 1091 2363 1149; x_wconf 75' lang='grc' dir='ltr'>οῦδὲ</span> <span class='ocrx_word' id='word_1_191' title='bbox 2397 1092 2559 1157; x_wconf 66' lang='grc' dir='ltr'>οὕτως</span> <span class='ocrx_word' id='word_1_192' title='bbox 2584 1093 2685 1151; x_wconf 73' lang='grc' dir='ltr'>ἔδει</span> <span class='ocrx_word' id='word_1_193' title='bbox 2715 1117 2773 1151; x_wconf 83' lang='grc' dir='ltr'><strong>σε</strong></span> <span class='ocrx_word' id='word_1_194' title='bbox 2815 1097 2915 1165; x_wconf 75' lang='grc' dir='ltr'>τὴν</span> <span class='ocrx_word' id='word_1_195' title='bbox 2971 1099 3136 1156; x_wconf 73' lang='grc' dir='ltr'>αἰτίαν</span> <span class='ocrx_word' id='word_1_196' title='bbox 3192 1101 3349 1156; x_wconf 77' lang='grc' dir='ltr'>αῦτοῦ</span> <span class='ocrx_word' id='word_1_197' title='bbox 3401 1098 3550 1175; x_wconf 84' lang='grc' dir='ltr'>μόνῳ</span> <span class='ocrx_word' id='word_1_198' title='bbox 3588 1119 3665 1169; x_wconf 87' lang='grc' dir='ltr'>τῳ</span> <span class='ocrx_word' id='word_1_199' title='bbox 3709 1100 3884 1151; x_wconf 79' lang='grc' dir='ltr'>Μονο-</span> 
     </span>
    </p>
   </div>
   <div class='ocr_carea' id='block_1_31' title="bbox 2248 1179 3889 1267">
    <p class='ocr_par' dir='ltr' id='par_1_31' title="bbox 2248 1179 3889 1267">
     <span class='ocr_line' id='line_1_31' title="bbox 2248 1179 3889 1267; baseline 0 -31"><span class='ocrx_word' id='word_1_200' title='bbox 2248 1194 2394 1259; x_wconf 78' lang='grc' dir='ltr'>γενετ</span> <span class='ocrx_word' id='word_1_201' title='bbox 2450 1183 2801 1261; x_wconf 76' lang='grc' dir='ltr'><strong>προστιθέναι,</strong></span> <span class='ocrx_word' id='word_1_202' title='bbox 2858 1189 3081 1243; x_wconf 77' lang='grc' dir='ltr'>καὶτοῦ</span> <span class='ocrx_word' id='word_1_203' title='bbox 3136 1189 3339 1267; x_wconf 84' lang='grc' dir='ltr'>Πατρὸς</span> <span class='ocrx_word' id='word_1_204' title='bbox 3396 1184 3742 1265; x_wconf 81' lang='grc' dir='ltr'>ἆποδιαιρειν,</span> <span class='ocrx_word' id='word_1_205' title='bbox 3799 1179 3889 1237; x_wconf 74' lang='grc' dir='ltr'><strong>διὰ</strong></span> 
     </span>
    </p>
   </div>
   <div class='ocr_carea' id='block_1_32' title="bbox 2250 1271 3891 1353">
    <p class='ocr_par' dir='ltr' id='par_1_32' title="bbox 2250 1271 3891 1353">
     <span class='ocr_line' id='line_1_32' title="bbox 2250 1271 3891 1353; baseline 0.001 -28"><span class='ocrx_word' id='word_1_206' title='bbox 2250 1271 2333 1350; x_wconf 83' lang='grc' dir='ltr'>τὸ,</span> <span class='ocrx_word' id='word_1_207' title='bbox 2401 1289 2431 1329; x_wconf 70' lang='grc' dir='ltr'><strong>ε</strong></span> <span class='ocrx_word' id='word_1_208' title='bbox 2459 1278 2562 1328; x_wconf 83' lang='grc' dir='ltr'><strong>πᾶν</strong></span> <span class='ocrx_word' id='word_1_209' title='bbox 2619 1275 2681 1329; x_wconf 83' lang='grc' dir='ltr'>τὸ</span> <span class='ocrx_word' id='word_1_210' title='bbox 2749 1276 2890 1353; x_wconf 84' lang='grc' dir='ltr'>παρὰ</span> <span class='ocrx_word' id='word_1_211' title='bbox 2937 1284 3030 1333; x_wconf 87' lang='grc' dir='ltr'><strong>τοῦ</strong></span> <span class='ocrx_word' id='word_1_212' title='bbox 3082 1279 3202 1335; x_wconf 76' lang='grc' dir='ltr'>ι’ἱοῦ</span> <span class='ocrx_word' id='word_1_213' title='bbox 3256 1274 3614 1351; x_wconf 81' lang='grc' dir='ltr'>πεποιημένον</span> <span class='ocrx_word' id='word_1_214' title='bbox 3671 1274 3744 1337; x_wconf 80' lang='grc' dir='ltr'>εἷς</span> <span class='ocrx_word' id='word_1_215' title='bbox 3799 1272 3891 1326; x_wconf 83' lang='grc' dir='ltr'><strong>τὸν</strong></span> 
     </span>
    </p>
   </div>
   <div class='ocr_carea' id='block_1_33' title="bbox 2252 1358 3884 1444">
    <p class='ocr_par' dir='ltr' id='par_1_33' title="bbox 2252 1358 3884 1444">
     <span class='ocr_line' id='line_1_33' title="bbox 2252 1358 3884 1444; baseline 0.005 -31"><span class='ocrx_word' id='word_1_216' title='bbox 2252 1358 2459 1438; x_wconf 82' lang='grc' dir='ltr'><strong>Πατέρα</strong></span> <span class='ocrx_word' id='word_1_217' title='bbox 2512 1359 2612 1429; x_wconf 63' lang='grc' dir='ltr'>τὴν</span> <span class='ocrx_word' id='word_1_218' title='bbox 2679 1364 2896 1442; x_wconf 82' lang='grc' dir='ltr'>πρώτην</span> <span class='ocrx_word' id='word_1_219' title='bbox 2955 1367 3119 1423; x_wconf 83' lang='grc' dir='ltr'>αἰτίαν</span> <span class='ocrx_word' id='word_1_220' title='bbox 3176 1366 3274 1434; x_wconf 76' lang='grc' dir='ltr'>τὴν</span> <span class='ocrx_word' id='word_1_221' title='bbox 3327 1364 3585 1444; x_wconf 68' lang='grc' dir='ltr'>ἀναφορὰν</span> <span class='ocrx_word' id='word_1_222' title='bbox 3651 1361 3822 1442; x_wconf 76' lang='grc' dir='ltr'>ἔχειν.</span> <span class='ocrx_word' id='word_1_223' title='bbox 3858 1381 3884 1416; x_wconf 70' lang='grc' dir='ltr'><strong>ο</strong></span> 
     </span>
    </p>
   </div>
   <div class='ocr_carea' id='block_1_34' title="bbox 2250 1446 3894 1531">
    <p class='ocr_par' dir='ltr' id='par_1_34' title="bbox 2250 1446 3894 1531">
     <span class='ocr_line' id='line_1_34' title="bbox 2250 1446 3894 1531; baseline 0 -28"><span class='ocrx_word' id='word_1_224' title='bbox 2250 1446 2264 1470; x_wconf 84' lang='grc'><strong><em>⁷</em></strong></span> <span class='ocrx_word' id='word_1_225' title='bbox 2271 1446 2654 1528; x_wconf 74' lang='grc' dir='ltr'>Αναμφιϐόλως</span> <span class='ocrx_word' id='word_1_226' title='bbox 2681 1448 2735 1507; x_wconf 77' lang='grc' dir='ltr'>δὲ</span> <span class='ocrx_word' id='word_1_227' title='bbox 2789 1451 3200 1531; x_wconf 72' lang='grc' dir='ltr'>ἀναφαινομένου</span> <span class='ocrx_word' id='word_1_228' title='bbox 3256 1461 3348 1511; x_wconf 90' lang='grc' dir='ltr'><strong>τοῦ</strong></span> <span class='ocrx_word' id='word_1_229' title='bbox 3404 1455 3482 1529; x_wconf 76' lang='grc' dir='ltr'>μὴ</span> <span class='ocrx_word' id='word_1_230' title='bbox 3537 1450 3622 1508; x_wconf 83' lang='grc' dir='ltr'><strong>διὰ</strong></span> <span class='ocrx_word' id='word_1_231' title='bbox 3662 1452 3759 1519; x_wconf 79' lang='grc' dir='ltr'><strong>τὴν</strong></span> <span class='ocrx_word' id='word_1_232' title='bbox 3800 1452 3894 1504; x_wconf 90' lang='grc' dir='ltr'><strong>τοῦ</strong></span> 
     </span>
    </p>
   </div>
   <div class='ocr_carea' id='block_1_35' title="bbox 2250 1536 3971 1623">
    <p class='ocr_par' dir='ltr' id='par_1_35' title="bbox 2250 1536 3971 1623">
     <span class='ocr_line' id='line_1_35' title="bbox 2250 1536 3971 1623; baseline 0 -31"><span class='ocrx_word' id='word_1_233' title='bbox 2250 1536 2536 1611; x_wconf 81' lang='grc' dir='ltr'>κτίσματος</span> <span class='ocrx_word' id='word_1_234' title='bbox 2593 1536 2741 1605; x_wconf 82' lang='grc' dir='ltr'>δόξαν</span> <span class='ocrx_word' id='word_1_235' title='bbox 2787 1543 2927 1620; x_wconf 80' lang='grc' dir='ltr'>παρὰ</span> <span class='ocrx_word' id='word_1_236' title='bbox 2980 1551 3070 1600; x_wconf 88' lang='grc' dir='ltr'><strong>τοῦ</strong></span> <span class='ocrx_word' id='word_1_237' title='bbox 3138 1541 3371 1623; x_wconf 78' lang='grc' dir='ltr'>μεγάλου</span> <span class='ocrx_word' id='word_1_238' title='bbox 3448 1539 3720 1598; x_wconf 85' lang='grc' dir='ltr'>Βασιλείου</span> <span class='ocrx_word' id='word_1_239' title='bbox 3785 1558 3892 1593; x_wconf 77' lang='grc' dir='ltr'>κα-</span> <span class='ocrx_word' id='word_1_240' title='bbox 3967 1564 3971 1567; x_wconf 94' lang='grc'><strong>·</strong></span> 
     </span>
    </p>
   </div>
   <div class='ocr_carea' id='block_1_36' title="bbox 2250 1626 3895 1713">
    <p class='ocr_par' dir='ltr' id='par_1_36' title="bbox 2250 1626 3895 1713">
     <span class='ocr_line' id='line_1_36' title="bbox 2250 1626 3895 1713; baseline 0 -32"><span class='ocrx_word' id='word_1_241' title='bbox 2250 1626 2477 1695; x_wconf 81' lang='grc' dir='ltr'>κίζεσθαι</span> <span class='ocrx_word' id='word_1_242' title='bbox 2533 1629 2623 1683; x_wconf 86' lang='grc' dir='ltr'>τὸν</span> <span class='ocrx_word' id='word_1_243' title='bbox 2695 1631 2945 1706; x_wconf 73' lang='grc' dir='ltr'>Εὐνόμιον</span> <span class='ocrx_word' id='word_1_244' title='bbox 3008 1631 3232 1713; x_wconf 80' lang='grc' dir='ltr'>λέγοντα</span> <span class='ocrx_word' id='word_1_245' title='bbox 3300 1632 3361 1688; x_wconf 76' lang='grc' dir='ltr'><strong>ὲκ</strong></span> <span class='ocrx_word' id='word_1_246' title='bbox 3403 1632 3564 1708; x_wconf 83' lang='grc' dir='ltr'>μόνου</span> <span class='ocrx_word' id='word_1_247' title='bbox 3619 1636 3712 1686; x_wconf 91' lang='grc' dir='ltr'><strong>τοῦ</strong></span> <span class='ocrx_word' id='word_1_248' title='bbox 3772 1628 3895 1683; x_wconf 80' lang='grc' dir='ltr'>Υἱοῦ</span> 
     </span>
    </p>
   </div>
   <div class='ocr_carea' id='block_1_37' title="bbox 2190 1714 3899 1819">
    <p class='ocr_par' dir='ltr' id='par_1_37' title="bbox 2190 1714 3899 1819">
     <span class='ocr_line' id='line_1_37' title="bbox 2190 1714 3899 1819; baseline 0.001 -51"><span class='ocrx_word' id='word_1_249' title='bbox 2190 1714 2394 1819; x_wconf 53' lang='grc' dir='ltr'>Βεῖγαι</span> <span class='ocrx_word' id='word_1_250' title='bbox 2437 1717 2498 1772; x_wconf 83' lang='grc' dir='ltr'>τὸ</span> <span class='ocrx_word' id='word_1_251' title='bbox 2549 1718 2782 1819; x_wconf 78' lang='grc' dir='ltr'>Πνεῦμα,</span> <span class='ocrx_word' id='word_1_252' title='bbox 2834 1719 2974 1819; x_wconf 62' lang='grc' dir='ltr'>ἄλλα</span> <span class='ocrx_word' id='word_1_253' title='bbox 3020 1720 3104 1778; x_wconf 81' lang='grc' dir='ltr'><strong>διὰ</strong></span> <span class='ocrx_word' id='word_1_254' title='bbox 3146 1722 3306 1798; x_wconf 86' lang='grc' dir='ltr'>μόνον</span> <span class='ocrx_word' id='word_1_255' title='bbox 3347 1721 3472 1778; x_wconf 75' lang='grc' dir='ltr'>αῦτὸ</span> <span class='ocrx_word' id='word_1_256' title='bbox 3525 1720 3587 1775; x_wconf 80' lang='grc' dir='ltr'>τὸ</span> <span class='ocrx_word' id='word_1_257' title='bbox 3641 1716 3778 1779; x_wconf 84' lang='grc' dir='ltr'>ὅλως</span> <span class='ocrx_word' id='word_1_258' title='bbox 3836 1714 3899 1819; x_wconf 59' lang='grc' dir='ltr'>ἔτι</span> 
     </span>
    </p>
   </div>
   <div class='ocr_carea' id='block_1_38' title="bbox 2255 1803 3899 1889">
    <p class='ocr_par' dir='ltr' id='par_1_38' title="bbox 2255 1803 3899 1889">
     <span class='ocr_line' id='line_1_38' title="bbox 2255 1803 3899 1889; baseline 0.001 -31"><span class='ocrx_word' id='word_1_259' title='bbox 2255 1803 2416 1879; x_wconf 84' lang='grc' dir='ltr'>μόνου</span> <span class='ocrx_word' id='word_1_260' title='bbox 2504 1814 2595 1863; x_wconf 90' lang='grc' dir='ltr'><strong>τοῦ</strong></span> <span class='ocrx_word' id='word_1_261' title='bbox 2693 1812 2815 1865; x_wconf 81' lang='grc' dir='ltr'>Υἱοῦ</span> <span class='ocrx_word' id='word_1_262' title='bbox 2919 1809 3090 1889; x_wconf 89' lang='grc' dir='ltr'>λέγειν</span> <span class='ocrx_word' id='word_1_263' title='bbox 3160 1812 3306 1887; x_wconf 75' lang='grc' dir='ltr'>αὒτὸ,</span> <span class='ocrx_word' id='word_1_264' title='bbox 3363 1808 3790 1888; x_wconf 76' lang='grc' dir='ltr'>συναναραίνεται</span> <span class='ocrx_word' id='word_1_265' title='bbox 3868 1804 3899 1859; x_wconf 97' lang='lat'><strong>6</strong></span> 
     </span>
    </p>
   </div>
   <div class='ocr_carea' id='block_1_39' title="bbox 2257 1889 3901 1979">
    <p class='ocr_par' dir='ltr' id='par_1_39' title="bbox 2257 1889 3901 1979">
     <span class='ocr_line' id='line_1_39' title="bbox 2257 1889 3901 1979; baseline -0.007 -20"><span class='ocrx_word' id='word_1_266' title='bbox 2257 1889 2484 1971; x_wconf 64' lang='grc' dir='ltr'>ἔλεγχος</span> <span class='ocrx_word' id='word_1_267' title='bbox 2566 1895 2670 1951; x_wconf 84' lang='grc' dir='ltr'><strong>τῶν</strong></span> <span class='ocrx_word' id='word_1_268' title='bbox 2723 1894 3128 1979; x_wconf 69' lang='grc' dir='ltr'>διαπορούντων,</span> <span class='ocrx_word' id='word_1_269' title='bbox 3208 1901 3252 1955; x_wconf 82' lang='grc' dir='ltr'><strong>εἰ</strong></span> <span class='ocrx_word' id='word_1_270' title='bbox 3321 1900 3381 1954; x_wconf 81' lang='grc' dir='ltr'>τὸ</span> <span class='ocrx_word' id='word_1_271' title='bbox 3433 1896 3575 1976; x_wconf 75' lang='grc' dir='ltr'>παρὰ</span> <span class='ocrx_word' id='word_1_272' title='bbox 3616 1903 3709 1954; x_wconf 86' lang='grc' dir='ltr'><strong>τοῦ</strong></span> <span class='ocrx_word' id='word_1_273' title='bbox 3779 1893 3901 1949; x_wconf 75' lang='grc' dir='ltr'>Υἶοῦ</span> 
     </span>
    </p>
   </div>
   <div class='ocr_carea' id='block_1_40' title="bbox 2263 1978 3896 2075">
    <p class='ocr_par' dir='ltr' id='par_1_40' title="bbox 2263 1978 3896 2075">
     <span class='ocr_line' id='line_1_40' title="bbox 2263 1978 3896 2075; baseline 0.004 -42"><span class='ocrx_word' id='word_1_274' title='bbox 2263 1979 2402 2075; x_wconf 62' lang='grc' dir='ltr'>εἶναι</span> <span class='ocrx_word' id='word_1_275' title='bbox 2431 1978 2717 2075; x_wconf 51' lang='grc' dir='ltr'>λεγόμενον</span> <span class='ocrx_word' id='word_1_276' title='bbox 2760 1988 2888 2065; x_wconf 82' lang='grc' dir='ltr'>πρὸς</span> <span class='ocrx_word' id='word_1_277' title='bbox 2936 1990 3025 2043; x_wconf 83' lang='grc' dir='ltr'>τὸν</span> <span class='ocrx_word' id='word_1_278' title='bbox 3055 1978 3265 2067; x_wconf 81' lang='grc' dir='ltr'>Πατέρα</span> <span class='ocrx_word' id='word_1_279' title='bbox 3320 1988 3417 2055; x_wconf 79' lang='grc' dir='ltr'><strong>τὴν</strong></span> <span class='ocrx_word' id='word_1_280' title='bbox 3463 1985 3727 2067; x_wconf 74' lang='grc' dir='ltr'>ἀναφορὰν</span> <span class='ocrx_word' id='word_1_281' title='bbox 3756 1980 3896 2061; x_wconf 76' lang='grc' dir='ltr'>ἔχει.</span> 
     </span>
    </p>
   </div>
   <div class='ocr_carea' id='block_1_41' title="bbox 2340 2066 3905 2155">
    <p class='ocr_par' dir='ltr' id='par_1_41' title="bbox 2340 2066 3905 2155">
     <span class='ocr_line' id='line_1_41' title="bbox 2340 2066 3905 2155; baseline -0.002 -26"><span class='ocrx_word' id='word_1_282' title='bbox 2340 2066 2412 2129; x_wconf 72' lang='grc' dir='ltr'><strong>δ’.</strong></span> <span class='ocrx_word' id='word_1_283' title='bbox 2470 2071 2543 2125; x_wconf 82' lang='grc' dir='ltr'><strong>Σὺ</strong></span> <span class='ocrx_word' id='word_1_284' title='bbox 2584 2069 2662 2147; x_wconf 78' lang='grc' dir='ltr'>δὲ,</span> <span class='ocrx_word' id='word_1_285' title='bbox 2709 2075 2752 2129; x_wconf 77' lang='grc' dir='ltr'>εἰ</span> <span class='ocrx_word' id='word_1_286' title='bbox 2813 2076 2889 2150; x_wconf 78' lang='grc' dir='ltr'>μὴ</span> <span class='ocrx_word' id='word_1_287' title='bbox 2935 2066 3228 2155; x_wconf 83' lang='grc' dir='ltr'>ἀρκούντως</span> <span class='ocrx_word' id='word_1_288' title='bbox 3300 2098 3381 2133; x_wconf 90' lang='grc' dir='ltr'><strong>σοι</strong></span> <span class='ocrx_word' id='word_1_289' title='bbox 3438 2066 3587 2133; x_wconf 62' lang='grc' dir='ltr'>δοκεῖ</span> <span class='ocrx_word' id='word_1_290' title='bbox 3614 2077 3642 2130; x_wconf 91' lang='lat'><strong>6</strong></span> <span class='ocrx_word' id='word_1_291' title='bbox 3671 2079 3905 2135; x_wconf 74' lang='grc' dir='ltr'>τοιοῦτος</span> 
     </span>
    </p>
   </div>
   <div class='ocr_carea' id='block_1_42' title="bbox 538 2157 2183 2256">
    <p class='ocr_par' dir='ltr' id='par_1_42' title="bbox 538 2157 2172 2256">
     <span class='ocr_line' id='line_1_42' title="bbox 538 2157 2172 2256; baseline -0.011 -20"><span class='ocrx_word' id='word_1_292' title='bbox 538 2193 713 2256; x_wconf 92' lang='lat' dir='ltr'><strong>quam</strong></span> <span class='ocrx_word' id='word_1_293' title='bbox 766 2157 962 2234; x_wconf 82' lang='lat' dir='ltr'><strong>minus</strong></span> <span class='ocrx_word' id='word_1_294' title='bbox 1010 2157 1263 2233; x_wconf 87' lang='lat' dir='ltr'><strong>validam</strong></span> <span class='ocrx_word' id='word_1_295' title='bbox 1304 2187 1423 2229; x_wconf 88' lang='lat' dir='ltr'><strong>non</strong></span> <span class='ocrx_word' id='word_1_296' title='bbox 1474 2181 1900 2247; x_wconf 89' lang='lat' dir='ltr'><strong>usquequaque</strong></span> <span class='ocrx_word' id='word_1_297' title='bbox 1937 2160 2172 2241; x_wconf 84' lang='lat' dir='ltr'><strong>probas,</strong></span> 
     </span>
    </p>
   </div>
   <div class='ocr_carea' id='block_1_43' title="bbox 2264 2157 3905 2256">
    <p class='ocr_par' dir='ltr' id='par_1_43' title="bbox 2264 2157 3905 2256">
     <span class='ocr_line' id='line_1_43' title="bbox 2264 2157 3905 2256; baseline -0.001 -40"><span class='ocrx_word' id='word_1_298' title='bbox 2264 2157 2485 2256; x_wconf 52' lang='grc' dir='ltr'>ἔλεγχος</span> <span class='ocrx_word' id='word_1_299' title='bbox 2548 2163 2970 2256; x_wconf 19' lang='grc' dir='ltr'>,ἀναφαίνεσθαῇ</span> <span class='ocrx_word' id='word_1_300' title='bbox 3037 2164 3157 2222; x_wconf 79' lang='grc' dir='ltr'>ἀλλ’</span> <span class='ocrx_word' id='word_1_301' title='bbox 3226 2163 3586 2244; x_wconf 77' lang='grc' dir='ltr'>ἀκριϐέστερον</span> <span class='ocrx_word' id='word_1_302' title='bbox 3668 2159 3905 2219; x_wconf 77' lang='grc' dir='ltr'>ἐπελθὼν</span> 
     </span>
    </p>
   </div>
   <div class='ocr_carea' id='block_1_44' title="bbox 537 2247 2183 2338">
    <p class='ocr_par' dir='ltr' id='par_1_44' title="bbox 537 2247 2177 2338">
     <span class='ocr_line' id='line_1_44' title="bbox 537 2247 2177 2338; baseline -0.013 -12"><span class='ocrx_word' id='word_1_303' title='bbox 537 2247 867 2325; x_wconf 67' lang='lat' dir='ltr'><strong>accuratius</strong></span> <span class='ocrx_word' id='word_1_304' title='bbox 913 2259 1265 2323; x_wconf 78' lang='lat' dir='ltr'><strong>examinatis</strong></span> <span class='ocrx_word' id='word_1_305' title='bbox 1321 2275 1451 2338; x_wconf 61' lang='lat' dir='ltr'><strong>quae</strong></span> <span class='ocrx_word' id='word_1_306' title='bbox 1509 2265 1637 2337; x_wconf 88' lang='lat' dir='ltr'><strong>post</strong></span> <span class='ocrx_word' id='word_1_307' title='bbox 1661 2255 1786 2333; x_wconf 90' lang='lat' dir='ltr'><strong>jam</strong></span> <span class='ocrx_word' id='word_1_308' title='bbox 1817 2250 2177 2338; x_wconf 76' lang='lat' dir='ltr'><strong>descriptam</strong></span> 
     </span>
    </p>
   </div>
   <div class='ocr_carea' id='block_1_45' title="bbox 2264 2247 3903 2338">
    <p class='ocr_par' dir='ltr' id='par_1_45' title="bbox 2264 2247 3903 2336">
     <span class='ocr_line' id='line_1_45' title="bbox 2264 2247 3903 2336; baseline 0.011 -33"><span class='ocrx_word' id='word_1_309' title='bbox 2264 2249 2347 2303; x_wconf 82' lang='grc' dir='ltr'><strong>καὶ</strong></span> <span class='ocrx_word' id='word_1_310' title='bbox 2378 2247 2510 2329; x_wconf 41' lang='grc' dir='ltr'>ἅπερ</span> <span class='ocrx_word' id='word_1_311' title='bbox 2540 2252 2568 2307; x_wconf 89' lang='lat'><strong>6</strong></span> <span class='ocrx_word' id='word_1_312' title='bbox 2613 2251 2763 2330; x_wconf 80' lang='grc' dir='ltr'>ἅγιος</span> <span class='ocrx_word' id='word_1_313' title='bbox 2821 2253 3008 2336; x_wconf 70' lang='grc' dir='ltr'>ἐφεξῆς</span> <span class='ocrx_word' id='word_1_314' title='bbox 3065 2261 3163 2323; x_wconf 87' lang='grc' dir='ltr'>τῆς</span> <span class='ocrx_word' id='word_1_315' title='bbox 3221 2252 3690 2334; x_wconf 69' lang='grc' dir='ltr'>ἀναγεγραμμένης</span> <span class='ocrx_word' id='word_1_316' title='bbox 3745 2270 3903 2326; x_wconf 84' lang='grc' dir='ltr'>περι-</span> 
     </span>
    </p>
   </div>
   <div class='ocr_carea' id='block_1_46' title="bbox 540 2332 2183 2433">
    <p class='ocr_par' dir='ltr' id='par_1_46' title="bbox 540 2332 2178 2433">
     <span class='ocr_line' id='line_1_46' title="bbox 540 2332 2178 2433; baseline -0.014 -18"><span class='ocrx_word' id='word_1_317' title='bbox 540 2353 883 2433; x_wconf 87' lang='lat' dir='ltr'><strong>pericopem</strong></span> <span class='ocrx_word' id='word_1_318' title='bbox 942 2358 1180 2411; x_wconf 91' lang='lat' dir='ltr'><strong>sanctus</strong></span> <span class='ocrx_word' id='word_1_319' title='bbox 1236 2332 1416 2407; x_wconf 86' lang='lat' dir='ltr'><strong>verba</strong></span> <span class='ocrx_word' id='word_1_320' title='bbox 1462 2332 2178 2433; x_wconf 36' lang='lat' dir='ltr'><strong>connectit,_adhuc-inllud</strong></span> 
     </span>
    </p>
   </div>
   <div class='ocr_carea' id='block_1_47' title="bbox 2264 2332 3910 2433">
    <p class='ocr_par' dir='ltr' id='par_1_47' title="bbox 2264 2332 3910 2433">
     <span class='ocr_line' id='line_1_47' title="bbox 2264 2332 3910 2433; baseline -0.001 -40"><span class='ocrx_word' id='word_1_321' title='bbox 2264 2342 2433 2433; x_wconf 65' lang='grc' dir='ltr'>διοπῆς</span> <span class='ocrx_word' id='word_1_322' title='bbox 2458 2339 2643 2418; x_wconf 78' lang='grc' dir='ltr'>ἐπάγει</span> <span class='ocrx_word' id='word_1_323' title='bbox 2671 2342 2826 2419; x_wconf 81' lang='grc' dir='ltr'>ῥητὰ,</span> <span class='ocrx_word' id='word_1_324' title='bbox 2862 2332 2951 2400; x_wconf 59' lang='grc' dir='ltr'><strong>⁷ἔτι</strong></span> <span class='ocrx_word' id='word_1_325' title='bbox 2994 2332 3343 2415; x_wconf 77' lang='grc' dir='ltr'>κατανοήσεις</span> <span class='ocrx_word' id='word_1_326' title='bbox 3395 2332 3525 2418; x_wconf 56' lang='grc' dir='ltr'>ὅπερ</span> <span class='ocrx_word' id='word_1_327' title='bbox 3580 2339 3663 2397; x_wconf 79' lang='grc' dir='ltr'><strong>διὰ</strong></span> <span class='ocrx_word' id='word_1_328' title='bbox 3691 2336 3910 2397; x_wconf 81' lang='grc' dir='ltr'>πολλῶν</span> 
     </span>
    </p>
   </div>
   <div class='ocr_carea' id='block_1_48' title="bbox 539 2426 2183 2522">
    <p class='ocr_par' dir='ltr' id='par_1_48' title="bbox 539 2426 2179 2522">
     <span class='ocr_line' id='line_1_48' title="bbox 539 2426 2179 2522; baseline -0.013 -18"><span class='ocrx_word' id='word_1_329' title='bbox 539 2426 861 2522; x_wconf 77' lang='lat' dir='ltr'><strong>percipies,</strong></span> <span class='ocrx_word' id='word_1_330' title='bbox 913 2439 1069 2520; x_wconf 91' lang='lat' dir='ltr'><strong>quod</strong></span> <span class='ocrx_word' id='word_1_331' title='bbox 1118 2437 1318 2498; x_wconf 89' lang='lat' dir='ltr'><strong>multis</strong></span> <span class='ocrx_word' id='word_1_332' title='bbox 1368 2452 1545 2514; x_wconf 87' lang='lat' dir='ltr'><strong>supra</strong></span> <span class='ocrx_word' id='word_1_333' title='bbox 1594 2430 1838 2509; x_wconf 84' lang='lat' dir='ltr'><strong>digestis</strong></span> <span class='ocrx_word' id='word_1_334' title='bbox 1869 2426 2179 2522; x_wconf 76' lang='lat' dir='ltr'><strong>manifesto</strong></span> 
     </span>
    </p>
   </div>
   <div class='ocr_carea' id='block_1_49' title="bbox 2264 2426 3903 2522">
    <p class='ocr_par' dir='ltr' id='par_1_49' title="bbox 2264 2426 3903 2522">
     <span class='ocr_line' id='line_1_49' title="bbox 2264 2426 3903 2522; baseline 0.004 -42"><span class='ocrx_word' id='word_1_335' title='bbox 2264 2426 2742 2522; x_wconf 49' lang='grc' dir='ltr'>ἀναγεγραμμένων</span> <span class='ocrx_word' id='word_1_336' title='bbox 2809 2436 3049 2512; x_wconf 77' lang='grc' dir='ltr'>καθαρῶς</span> <span class='ocrx_word' id='word_1_337' title='bbox 3104 2432 3401 2514; x_wconf 82' lang='grc' dir='ltr'>παρέστησέ</span> <span class='ocrx_word' id='word_1_338' title='bbox 3496 2453 3579 2488; x_wconf 87' lang='grc' dir='ltr'><strong>σοι</strong></span> <span class='ocrx_word' id='word_1_339' title='bbox 3634 2433 3662 2486; x_wconf 90' lang='lat'><strong>6</strong></span> <span class='ocrx_word' id='word_1_340' title='bbox 3717 2427 3903 2507; x_wconf 83' lang='grc' dir='ltr'>λόγος.</span> 
     </span>
    </p>
   </div>
   <div class='ocr_carea' id='block_1_50' title="bbox 542 2516 2183 2610">
    <p class='ocr_par' dir='ltr' id='par_1_50' title="bbox 542 2516 2183 2610">
     <span class='ocr_line' id='line_1_50' title="bbox 542 2516 2183 2610; baseline -0.012 -18"><span class='ocrx_word' id='word_1_341' title='bbox 542 2516 731 2593; x_wconf 77' lang='lat' dir='ltr'><strong>oratio</strong></span> <span class='ocrx_word' id='word_1_342' title='bbox 750 2516 1330 2610; x_wconf 78' lang='lat' dir='ltr'><strong>comprobavit.Cum</strong></span> <span class='ocrx_word' id='word_1_343' title='bbox 1354 2524 1511 2586; x_wconf 90' lang='lat' dir='ltr'><strong>enim</strong></span> <span class='ocrx_word' id='word_1_344' title='bbox 1534 2532 1770 2583; x_wconf 89' lang='lat' dir='ltr'><strong>sanctus</strong></span> <span class='ocrx_word' id='word_1_345' title='bbox 1790 2516 2183 2595; x_wconf 78' lang='lat' dir='ltr'><strong>redarguisset</strong></span> 
     </span>
    </p>
   </div>
   <div class='ocr_carea' id='block_1_51' title="bbox 2264 2516 3911 2610">
    <p class='ocr_par' dir='ltr' id='par_1_51' title="bbox 2273 2517 3911 2610">
     <span class='ocr_line' id='line_1_51' title="bbox 2273 2517 3911 2610; baseline 0.01 -41"><span class='ocrx_word' id='word_1_346' title='bbox 2273 2517 2416 2572; x_wconf 80' lang='grc' dir='ltr'>Μετὰ</span> <span class='ocrx_word' id='word_1_347' title='bbox 2458 2519 2559 2610; x_wconf 75' lang='grc' dir='ltr'><strong>γὰρ</strong></span> <span class='ocrx_word' id='word_1_348' title='bbox 2599 2522 2658 2574; x_wconf 88' lang='grc' dir='ltr'>τὸ</span> <span class='ocrx_word' id='word_1_349' title='bbox 2714 2523 2804 2577; x_wconf 84' lang='grc' dir='ltr'>τὸν</span> <span class='ocrx_word' id='word_1_350' title='bbox 2859 2523 3115 2600; x_wconf 81' lang='grc' dir='ltr'>Εὐνόμιον</span> <span class='ocrx_word' id='word_1_351' title='bbox 3179 2522 3459 2602; x_wconf 79' lang='grc' dir='ltr'>ἆπελέγξαι</span> <span class='ocrx_word' id='word_1_352' title='bbox 3515 2524 3542 2578; x_wconf 90' lang='lat'><strong>6</strong></span> <span class='ocrx_word' id='word_1_353' title='bbox 3584 2520 3754 2598; x_wconf 75' lang='grc' dir='ltr'>ἅγιος,</span> <span class='ocrx_word' id='word_1_354' title='bbox 3817 2518 3911 2573; x_wconf 68' lang='grc' dir='ltr'>καὶ</span> 
     </span>
    </p>
   </div>
   <div class='ocr_carea' id='block_1_52' title="bbox 541 2606 2183 2692">
    <p class='ocr_par' dir='ltr' id='par_1_52' title="bbox 541 2606 2183 2692">
     <span class='ocr_line' id='line_1_52' title="bbox 541 2606 2183 2692; baseline -0.009 -12"><span class='ocrx_word' id='word_1_355' title='bbox 541 2606 923 2692; x_wconf 81' lang='lat' dir='ltr'><strong>Eunomium,</strong></span> <span class='ocrx_word' id='word_1_356' title='bbox 950 2626 1245 2678; x_wconf 89' lang='lat' dir='ltr'><strong>ettantum</strong></span> <span class='ocrx_word' id='word_1_357' title='bbox 1269 2634 1385 2676; x_wconf 92' lang='lat' dir='ltr'><strong>non</strong></span> <span class='ocrx_word' id='word_1_358' title='bbox 1403 2614 1474 2675; x_wconf 89' lang='lat' dir='ltr'><strong>ad</strong></span> <span class='ocrx_word' id='word_1_359' title='bbox 1499 2631 1630 2674; x_wconf 93' lang='lat' dir='ltr'><strong>eum</strong></span> <span class='ocrx_word' id='word_1_360' title='bbox 1659 2609 2016 2691; x_wconf 88' lang='lat' dir='ltr'><strong>protulisset,</strong></span> <span class='ocrx_word' id='word_1_361' title='bbox 2050 2609 2183 2677; x_wconf 72' lang='lat' dir='ltr'><strong>licet</strong></span> 
     </span>
    </p>
   </div>
   <div class='ocr_carea' id='block_1_53' title="bbox 2264 2606 3909 2692">
    <p class='ocr_par' dir='ltr' id='par_1_53' title="bbox 2272 2606 3909 2687">
     <span class='ocr_line' id='line_1_53' title="bbox 2272 2606 3909 2687; baseline 0.004 -27"><span class='ocrx_word' id='word_1_362' title='bbox 2272 2606 2564 2686; x_wconf 81' lang='grc' dir='ltr'>μονονουχί</span> <span class='ocrx_word' id='word_1_363' title='bbox 2608 2610 2738 2684; x_wconf 83' lang='grc' dir='ltr'>πρὸς</span> <span class='ocrx_word' id='word_1_364' title='bbox 2767 2613 2941 2687; x_wconf 72' lang='grc' dir='ltr'><strong>1⁵αὐτὸν</strong></span> <span class='ocrx_word' id='word_1_365' title='bbox 3003 2614 3171 2669; x_wconf 77' lang='grc' dir='ltr'>εἰπεῖν</span> <span class='ocrx_word' id='word_1_366' title='bbox 3215 2615 3310 2687; x_wconf 85' lang='grc' dir='ltr'>ὡς,</span> <span class='ocrx_word' id='word_1_367' title='bbox 3358 2613 3403 2667; x_wconf 79' lang='grc' dir='ltr'>εἰ</span> <span class='ocrx_word' id='word_1_368' title='bbox 3452 2613 3538 2668; x_wconf 81' lang='grc' dir='ltr'>καὶ</span> <span class='ocrx_word' id='word_1_369' title='bbox 3579 2609 3787 2684; x_wconf 81' lang='grc' dir='ltr'>ποίημα</span> <span class='ocrx_word' id='word_1_370' title='bbox 3839 2606 3909 2673; x_wconf 75' lang='grc' dir='ltr'>ἦν</span> 
     </span>
    </p>
   </div>
   <div class='ocr_carea' id='block_1_54' title="bbox 545 2692 2183 2785">
    <p class='ocr_par' dir='ltr' id='par_1_54' title="bbox 545 2696 2183 2785">
     <span class='ocr_line' id='line_1_54' title="bbox 545 2696 2183 2785; baseline -0.01 -14"><span class='ocrx_word' id='word_1_371' title='bbox 545 2720 818 2771; x_wconf 89' lang='lat' dir='ltr'><strong>creatura</strong></span> <span class='ocrx_word' id='word_1_372' title='bbox 838 2715 1000 2768; x_wconf 86' lang='lat' dir='ltr'><strong>esset</strong></span> <span class='ocrx_word' id='word_1_373' title='bbox 1020 2706 1154 2767; x_wconf 90' lang='lat' dir='ltr'><strong>Filii</strong></span> <span class='ocrx_word' id='word_1_374' title='bbox 1195 2704 1540 2785; x_wconf 88' lang='lat' dir='ltr'><strong>Spiritus,ut</strong></span> <span class='ocrx_word' id='word_1_375' title='bbox 1570 2710 1628 2761; x_wconf 91' lang='lat' dir='ltr'><strong>tu</strong></span> <span class='ocrx_word' id='word_1_376' title='bbox 1665 2699 1949 2780; x_wconf 85' lang='lat' dir='ltr'><strong>opinaris,</strong></span> <span class='ocrx_word' id='word_1_377' title='bbox 1984 2696 2183 2756; x_wconf 89' lang='lat' dir='ltr'><strong>Euno-</strong></span> 
     </span>
    </p>
   </div>
   <div class='ocr_carea' id='block_1_55' title="bbox 2264 2692 3910 2785">
    <p class='ocr_par' dir='ltr' id='par_1_55' title="bbox 2272 2692 3910 2781">
     <span class='ocr_line' id='line_1_55' title="bbox 2272 2692 3910 2781; baseline 0.001 -33"><span class='ocrx_word' id='word_1_378' title='bbox 2272 2700 2361 2750; x_wconf 90' lang='grc' dir='ltr'><strong>τοῦ</strong></span> <span class='ocrx_word' id='word_1_379' title='bbox 2410 2698 2530 2751; x_wconf 81' lang='grc' dir='ltr'>Υἱοῦ</span> <span class='ocrx_word' id='word_1_380' title='bbox 2597 2699 2659 2753; x_wconf 85' lang='grc' dir='ltr'>τὸ</span> <span class='ocrx_word' id='word_1_381' title='bbox 2717 2704 2950 2777; x_wconf 89' lang='grc' dir='ltr'>Πνεῦμα,</span> <span class='ocrx_word' id='word_1_382' title='bbox 2998 2701 3243 2781; x_wconf 79' lang='grc' dir='ltr'>Εὒνόμιε,</span> <span class='ocrx_word' id='word_1_383' title='bbox 3304 2702 3436 2757; x_wconf 63' lang='grc' dir='ltr'>κατὰ</span> <span class='ocrx_word' id='word_1_384' title='bbox 3486 2701 3567 2776; x_wconf 79' lang='grc' dir='ltr'>σὲ,</span> <span class='ocrx_word' id='word_1_385' title='bbox 3624 2694 3742 2754; x_wconf 80' lang='grc' dir='ltr'>ἀλλ’</span> <span class='ocrx_word' id='word_1_386' title='bbox 3790 2692 3910 2753; x_wconf 76' lang='grc' dir='ltr'>οῦδὲ</span> 
     </span>
    </p>
   </div>
   <div class='ocr_carea' id='block_1_56' title="bbox 545 2782 2183 2877">
    <p class='ocr_par' dir='ltr' id='par_1_56' title="bbox 545 2782 2183 2877">
     <span class='ocr_line' id='line_1_56' title="bbox 545 2782 2183 2877; baseline -0.01 -18"><span class='ocrx_word' id='word_1_387' title='bbox 545 2798 767 2877; x_wconf 88' lang='lat' dir='ltr'><strong>mi,hac</strong></span> <span class='ocrx_word' id='word_1_388' title='bbox 791 2796 964 2857; x_wconf 89' lang='lat' dir='ltr'><strong>etiam</strong></span> <span class='ocrx_word' id='word_1_389' title='bbox 978 2782 1409 2874; x_wconf 78' lang='lat' dir='ltr'><strong>ratioueneque</strong></span> <span class='ocrx_word' id='word_1_390' title='bbox 1437 2789 2079 2853; x_wconf 83' lang='lat' dir='ltr'><strong>addecebattecausam</strong></span> <span class='ocrx_word' id='word_1_391' title='bbox 2111 2785 2183 2844; x_wconf 94' lang='lat' dir='ltr'><strong>il-</strong></span> 
     </span>
    </p>
   </div>
   <div class='ocr_carea' id='block_1_57' title="bbox 2264 2782 3912 2877">
    <p class='ocr_par' dir='ltr' id='par_1_57' title="bbox 2271 2782 3912 2877">
     <span class='ocr_line' id='line_1_57' title="bbox 2271 2782 3912 2877; baseline 0.002 -39"><span class='ocrx_word' id='word_1_392' title='bbox 2271 2782 2436 2845; x_wconf 78' lang='grc' dir='ltr'>οὕτως</span> <span class='ocrx_word' id='word_1_393' title='bbox 2479 2782 2580 2877; x_wconf 53' lang='grc' dir='ltr'>ἔδει</span> <span class='ocrx_word' id='word_1_394' title='bbox 2611 2808 2669 2841; x_wconf 91' lang='grc' dir='ltr'><strong>σε</strong></span> <span class='ocrx_word' id='word_1_395' title='bbox 2708 2788 2805 2855; x_wconf 75' lang='grc' dir='ltr'><strong>τὴν</strong></span> <span class='ocrx_word' id='word_1_396' title='bbox 2863 2790 3028 2846; x_wconf 79' lang='grc' dir='ltr'>αἰτίαν</span> <span class='ocrx_word' id='word_1_397' title='bbox 3085 2793 3242 2847; x_wconf 77' lang='grc' dir='ltr'>αὐτοῦ</span> <span class='ocrx_word' id='word_1_398' title='bbox 3298 2790 3446 2865; x_wconf 87' lang='grc' dir='ltr'>μόνῳ</span> <span class='ocrx_word' id='word_1_399' title='bbox 3499 2794 3577 2862; x_wconf 81' lang='grc' dir='ltr'>τῷ</span> <span class='ocrx_word' id='word_1_400' title='bbox 3619 2793 3912 2863; x_wconf 79' lang='grc' dir='ltr'>Μονογενετ</span> 
     </span>
    </p>
   </div>
   <div class='ocr_carea' id='block_1_58' title="bbox 547 2873 2183 2964">
    <p class='ocr_par' dir='ltr' id='par_1_58' title="bbox 547 2873 2183 2964">
     <span class='ocr_line' id='line_1_58' title="bbox 547 2873 2183 2964; baseline -0.009 -17"><span class='ocrx_word' id='word_1_401' title='bbox 547 2873 663 2947; x_wconf 84' lang='lat' dir='ltr'><strong>lius</strong></span> <span class='ocrx_word' id='word_1_402' title='bbox 682 2885 994 2964; x_wconf 81' lang='lat' dir='ltr'><strong>Unigenito</strong></span> <span class='ocrx_word' id='word_1_403' title='bbox 1016 2883 1127 2944; x_wconf 92' lang='lat' dir='ltr'><strong>soli</strong></span> <span class='ocrx_word' id='word_1_404' title='bbox 1144 2873 1653 2964; x_wconf 17' lang='lat' dir='ltr'><strong>appin’gere,quod</strong></span> <span class='ocrx_word' id='word_1_405' title='bbox 1677 2876 1963 2959; x_wconf 84' lang='lat' dir='ltr'><strong>quidquid</strong></span> <span class='ocrx_word' id='word_1_406' title='bbox 1986 2894 2019 2935; x_wconf 91' lang='lat' dir='ltr'><strong>a</strong></span> <span class='ocrx_word' id='word_1_407' title='bbox 2040 2875 2183 2937; x_wconf 89' lang='lat' dir='ltr'><strong>Filio</strong></span> 
     </span>
    </p>
   </div>
   <div class='ocr_carea' id='block_1_59' title="bbox 2264 2873 3910 2964">
    <p class='ocr_par' dir='ltr' id='par_1_59' title="bbox 2270 2873 3910 2964">
     <span class='ocr_line' id='line_1_59' title="bbox 2270 2873 3910 2964; baseline 0.002 -38"><span class='ocrx_word' id='word_1_408' title='bbox 2270 2873 2618 2964; x_wconf 79' lang='grc' dir='ltr'>προστιθέναι,</span> <span class='ocrx_word' id='word_1_409' title='bbox 2679 2874 2762 2933; x_wconf 84' lang='grc' dir='ltr'><strong>διὰ</strong></span> <span class='ocrx_word' id='word_1_410' title='bbox 2816 2880 2878 2935; x_wconf 86' lang='grc' dir='ltr'><strong>τό</strong></span> <span class='ocrx_word' id='word_1_411' title='bbox 2929 2885 3032 2937; x_wconf 79' lang='grc' dir='ltr'><strong>πᾶν</strong></span> <span class='ocrx_word' id='word_1_412' title='bbox 3074 2881 3137 2936; x_wconf 87' lang='grc' dir='ltr'>τὸ</span> <span class='ocrx_word' id='word_1_413' title='bbox 3184 2880 3324 2958; x_wconf 80' lang='grc' dir='ltr'>παρὰ</span> <span class='ocrx_word' id='word_1_414' title='bbox 3378 2884 3471 2935; x_wconf 92' lang='grc' dir='ltr'><strong>τοῦ</strong></span> <span class='ocrx_word' id='word_1_415' title='bbox 3524 2878 3645 2933; x_wconf 76' lang='grc' dir='ltr'>Υἶοῦ</span> <span class='ocrx_word' id='word_1_416' title='bbox 3672 2895 3910 2939; x_wconf 85' lang='grc' dir='ltr'>πεποιη-</span> 
     </span>
    </p>
   </div>
   <div class='ocr_carea' id='block_1_60' title="bbox 546 2960 2183 3052">
    <p class='ocr_par' dir='ltr' id='par_1_60' title="bbox 546 2960 2183 3052">
     <span class='ocr_line' id='line_1_60' title="bbox 546 2960 2183 3052; baseline -0.009 -15"><span class='ocrx_word' id='word_1_417' title='bbox 546 2975 760 3037; x_wconf 86' lang='lat' dir='ltr'><strong>factum</strong></span> <span class='ocrx_word' id='word_1_418' title='bbox 794 2960 903 3050; x_wconf 78' lang='lat' dir='ltr'><strong>est,</strong></span> <span class='ocrx_word' id='word_1_419' title='bbox 939 2975 999 3034; x_wconf 91' lang='lat' dir='ltr'><strong>in</strong></span> <span class='ocrx_word' id='word_1_420' title='bbox 1028 2960 1264 3035; x_wconf 73' lang='lat' dir='ltr'><strong>Patrem</strong></span> <span class='ocrx_word' id='word_1_421' title='bbox 1299 2971 1549 3052; x_wconf 89' lang='lat' dir='ltr'><strong>primam</strong></span> <span class='ocrx_word' id='word_1_422' title='bbox 1607 2986 1840 3030; x_wconf 86' lang='lat' dir='ltr'><strong>causam</strong></span> <span class='ocrx_word' id='word_1_423' title='bbox 1876 2966 2183 3040; x_wconf 79' lang='lat' dir='ltr'><strong>referatur,</strong></span> 
     </span>
    </p>
   </div>
   <div class='ocr_carea' id='block_1_61' title="bbox 2264 2960 3912 3052">
    <p class='ocr_par' dir='ltr' id='par_1_61' title="bbox 2271 2960 3912 3052">
     <span class='ocr_line' id='line_1_61' title="bbox 2271 2960 3912 3052; baseline -0.001 -37"><span class='ocrx_word' id='word_1_424' title='bbox 2271 2960 2528 3052; x_wconf 84' lang='grc' dir='ltr'>μένον</span> <span class='ocrx_word' id='word_1_425' title='bbox 2583 2965 2672 3022; x_wconf 83' lang='grc' dir='ltr'><strong>τὸν</strong></span> <span class='ocrx_word' id='word_1_426' title='bbox 2718 2966 2923 3047; x_wconf 79' lang='grc' dir='ltr'>Πατέρα</span> <span class='ocrx_word' id='word_1_427' title='bbox 2980 2971 3078 3038; x_wconf 79' lang='grc' dir='ltr'><strong>τὴν</strong></span> <span class='ocrx_word' id='word_1_428' title='bbox 3148 2969 3362 3045; x_wconf 80' lang='grc' dir='ltr'>πρώτην</span> <span class='ocrx_word' id='word_1_429' title='bbox 3418 2966 3584 3023; x_wconf 76' lang='grc' dir='ltr'>αἰτίαν</span> <span class='ocrx_word' id='word_1_430' title='bbox 3623 2966 3721 3035; x_wconf 74' lang='grc' dir='ltr'><strong>τήν</strong></span> <span class='ocrx_word' id='word_1_431' title='bbox 3776 2963 3912 3019; x_wconf 78' lang='grc' dir='ltr'>ἀνα-</span> 
     </span>
    </p>
   </div>
   <div class='ocr_carea' id='block_1_62' title="bbox 548 3050 2183 3143">
    <p class='ocr_par' dir='ltr' id='par_1_62' title="bbox 548 3050 2183 3143">
     <span class='ocr_line' id='line_1_62' title="bbox 548 3050 2183 3143; baseline -0.007 -17"><span class='ocrx_word' id='word_1_432' title='bbox 548 3066 622 3126; x_wconf 95' lang='lat' dir='ltr'><strong>de</strong></span> <span class='ocrx_word' id='word_1_433' title='bbox 644 3064 949 3127; x_wconf 78' lang='lat' dir='ltr'><strong>divinitate</strong></span> <span class='ocrx_word' id='word_1_434' title='bbox 973 3063 1227 3143; x_wconf 87' lang='lat' dir='ltr'><strong>Spiritus</strong></span> <span class='ocrx_word' id='word_1_435' title='bbox 1247 3050 1584 3122; x_wconf 81' lang='lat' dir='ltr'><strong>sermonem</strong></span> <span class='ocrx_word' id='word_1_436' title='bbox 1626 3057 1860 3137; x_wconf 88' lang='lat' dir='ltr'><strong>arripit,</strong></span> <span class='ocrx_word' id='word_1_437' title='bbox 1896 3054 2183 3137; x_wconf 73' lang='lat' dir='ltr'><strong>constabj—</strong></span> 
     </span>
    </p>
   </div>
   <div class='ocr_carea' id='block_1_63' title="bbox 2264 3050 3912 3143">
    <p class='ocr_par' dir='ltr' id='par_1_63' title="bbox 2271 3050 3912 3143">
     <span class='ocr_line' id='line_1_63' title="bbox 2271 3050 3912 3143; baseline -0.011 -18"><span class='ocrx_word' id='word_1_438' title='bbox 2271 3051 2430 3143; x_wconf 58' lang='grc' dir='ltr'><strong>ξΡίῗράν</strong></span> <span class='ocrx_word' id='word_1_439' title='bbox 2474 3050 2644 3143; x_wconf 50' lang='grc' dir='ltr'>ἔχειν,</span> <span class='ocrx_word' id='word_1_440' title='bbox 2670 3056 2764 3143; x_wconf 9' lang='grc' dir='ltr'>,εἷς</span> <span class='ocrx_word' id='word_1_441' title='bbox 2834 3059 2954 3121; x_wconf 84' lang='grc' dir='ltr'>τοὺς</span> <span class='ocrx_word' id='word_1_442' title='bbox 2997 3060 3115 3138; x_wconf 88' lang='grc' dir='ltr'>περὶ</span> <span class='ocrx_word' id='word_1_443' title='bbox 3168 3057 3418 3124; x_wconf 82' lang='grc' dir='ltr'>θεότητος</span> <span class='ocrx_word' id='word_1_444' title='bbox 3461 3062 3551 3112; x_wconf 90' lang='grc' dir='ltr'><strong>τοῦ</strong></span> <span class='ocrx_word' id='word_1_445' title='bbox 3608 3053 3912 3129; x_wconf 79' lang='grc' dir='ltr'>Πνεύματος</span> 
     </span>
    </p>
   </div>
   <div class='ocr_carea' id='block_1_64' title="bbox 547 3137 2183 3235">
    <p class='ocr_par' dir='ltr' id='par_1_64' title="bbox 547 3137 2183 3235">
     <span class='ocr_line' id='line_1_64' title="bbox 547 3137 2183 3235; baseline -0.007 -19"><span class='ocrx_word' id='word_1_446' title='bbox 547 3154 775 3235; x_wconf 89' lang='lat' dir='ltr'><strong>lireque</strong></span> <span class='ocrx_word' id='word_1_447' title='bbox 804 3137 1069 3228; x_wconf 78' lang='lat' dir='ltr'><strong>studens,</strong></span> <span class='ocrx_word' id='word_1_448' title='bbox 1108 3171 1177 3214; x_wconf 84' lang='lat' dir='ltr'><strong>ex</strong></span> <span class='ocrx_word' id='word_1_449' title='bbox 1210 3153 1383 3214; x_wconf 88' lang='lat' dir='ltr'><strong>Patre</strong></span> <span class='ocrx_word' id='word_1_450' title='bbox 1415 3159 1472 3212; x_wconf 89' lang='lat' dir='ltr'><strong>et</strong></span> <span class='ocrx_word' id='word_1_451' title='bbox 1505 3148 1649 3211; x_wconf 87' lang='lat' dir='ltr'><strong>Filio</strong></span> <span class='ocrx_word' id='word_1_452' title='bbox 1682 3145 2007 3207; x_wconf 89' lang='lat' dir='ltr'><strong>secundum</strong></span> <span class='ocrx_word' id='word_1_453' title='bbox 2042 3162 2183 3235; x_wconf 84' lang='lat' dir='ltr'><strong>pro-</strong></span> 
     </span>
    </p>
   </div>
   <div class='ocr_carea' id='block_1_65' title="bbox 2264 3137 3913 3235">
    <p class='ocr_par' dir='ltr' id='par_1_65' title="bbox 2271 3137 3913 3235">
     <span class='ocr_line' id='line_1_65' title="bbox 2271 3137 3913 3235; baseline -0.003 -35"><span class='ocrx_word' id='word_1_454' title='bbox 2271 3137 2456 3235; x_wconf 73' lang='grc' dir='ltr'>λόγους</span> <span class='ocrx_word' id='word_1_455' title='bbox 2519 3139 2803 3220; x_wconf 79' lang='grc' dir='ltr'>εἰσϐάλλει,</span> <span class='ocrx_word' id='word_1_456' title='bbox 2876 3148 2964 3204; x_wconf 84' lang='grc' dir='ltr'><strong>καὶ</strong></span> <span class='ocrx_word' id='word_1_457' title='bbox 3045 3137 3383 3225; x_wconf 68' lang='grc' dir='ltr'>παραστῆσαι</span> <span class='ocrx_word' id='word_1_458' title='bbox 3461 3144 3628 3201; x_wconf 71' lang='grc' dir='ltr'>θέλων</span> <span class='ocrx_word' id='word_1_459' title='bbox 3689 3141 3749 3197; x_wconf 80' lang='grc' dir='ltr'>ἐκ</span> <span class='ocrx_word' id='word_1_460' title='bbox 3816 3146 3913 3196; x_wconf 90' lang='grc' dir='ltr'><strong>τοῦ</strong></span> 
     </span>
    </p>
   </div>
   <div class='ocr_carea' id='block_1_66' title="bbox 547 3230 2183 3324">
    <p class='ocr_par' dir='ltr' id='par_1_66' title="bbox 547 3230 2183 3324">
     <span class='ocr_line' id='line_1_66' title="bbox 547 3230 2183 3324; baseline -0.007 -20"><span class='ocrx_word' id='word_1_461' title='bbox 547 3230 736 3324; x_wconf 79' lang='lat' dir='ltr'><strong>priam</strong></span> <span class='ocrx_word' id='word_1_462' title='bbox 769 3243 1049 3304; x_wconf 88' lang='lat' dir='ltr'><strong>deitatem</strong></span> <span class='ocrx_word' id='word_1_463' title='bbox 1080 3260 1212 3303; x_wconf 91' lang='lat' dir='ltr'><strong>esse</strong></span> <span class='ocrx_word' id='word_1_464' title='bbox 1246 3241 1715 3319; x_wconf 87' lang='lat' dir='ltr'><strong>illum,tanquam</strong></span> <span class='ocrx_word' id='word_1_465' title='bbox 1749 3236 1850 3316; x_wconf 94' lang='lat' dir='ltr'><strong>qui</strong></span> <span class='ocrx_word' id='word_1_466' title='bbox 1880 3233 2183 3296; x_wconf 70' lang='lat' dir='ltr'><strong>itteﬂabili-</strong></span> 
     </span>
    </p>
   </div>
   <div class='ocr_carea' id='block_1_67' title="bbox 2264 3230 3910 3324">
    <p class='ocr_par' dir='ltr' id='par_1_67' title="bbox 2272 3230 3910 3324">
     <span class='ocr_line' id='line_1_67' title="bbox 2272 3230 3910 3324; baseline -0.006 -29"><span class='ocrx_word' id='word_1_467' title='bbox 2272 3230 2475 3324; x_wconf 42' lang='lat' dir='ltr'><strong>?!“pr</strong></span> <span class='ocrx_word' id='word_1_468' title='bbox 2527 3232 2615 3287; x_wconf 82' lang='grc' dir='ltr'>καὶ</span> <span class='ocrx_word' id='word_1_469' title='bbox 2671 3234 2762 3290; x_wconf 84' lang='grc' dir='ltr'><strong>τοῦ</strong></span> <span class='ocrx_word' id='word_1_470' title='bbox 2821 3238 2940 3292; x_wconf 82' lang='grc' dir='ltr'>Υἱοῦ</span> <span class='ocrx_word' id='word_1_471' title='bbox 2984 3239 3121 3294; x_wconf 77' lang='grc' dir='ltr'>κατὰ</span> <span class='ocrx_word' id='word_1_472' title='bbox 3172 3237 3270 3304; x_wconf 78' lang='grc' dir='ltr'><strong>τὴν</strong></span> <span class='ocrx_word' id='word_1_473' title='bbox 3347 3234 3505 3292; x_wconf 72' lang='grc' dir='ltr'>αὐτοῦ</span> <span class='ocrx_word' id='word_1_474' title='bbox 3546 3232 3772 3300; x_wconf 83' lang='grc' dir='ltr'>θεότητα</span> <span class='ocrx_word' id='word_1_475' title='bbox 3799 3231 3910 3286; x_wconf 76' lang='grc' dir='ltr'>ῦπ-</span> 
     </span>
    </p>
   </div>
   <div class='ocr_carea' id='block_1_68' title="bbox 548 3316 2183 3413">
    <p class='ocr_par' dir='ltr' id='par_1_68' title="bbox 548 3316 2183 3413">
     <span class='ocr_line' id='line_1_68' title="bbox 548 3316 2183 3413; baseline -0.007 -17"><span class='ocrx_word' id='word_1_476' title='bbox 548 3316 639 3396; x_wconf 69' lang='lat' dir='ltr'><strong>ter</strong></span> <span class='ocrx_word' id='word_1_477' title='bbox 668 3354 737 3395; x_wconf 83' lang='lat' dir='ltr'><strong>ex</strong></span> <span class='ocrx_word' id='word_1_478' title='bbox 791 3339 960 3395; x_wconf 90' lang='lat' dir='ltr'><strong>Patre</strong></span> <span class='ocrx_word' id='word_1_479' title='bbox 1009 3351 1116 3413; x_wconf 91' lang='lat' dir='ltr'><strong>per</strong></span> <span class='ocrx_word' id='word_1_480' title='bbox 1144 3332 1358 3394; x_wconf 89' lang='lat' dir='ltr'><strong>Filium</strong></span> <span class='ocrx_word' id='word_1_481' title='bbox 1392 3316 1692 3411; x_wconf 80' lang='lat' dir='ltr'><strong>procedat,</strong></span> <span class='ocrx_word' id='word_1_482' title='bbox 1722 3330 1847 3388; x_wconf 58' lang='lat' dir='ltr'><strong>hac</strong></span> <span class='ocrx_word' id='word_1_483' title='bbox 1878 3325 2183 3407; x_wconf 68' lang='lat' dir='ltr'><strong>ipsissimis</strong></span> 
     </span>
    </p>
   </div>
   <div class='ocr_carea' id='block_1_69' title="bbox 2264 3316 3912 3413">
    <p class='ocr_par' dir='ltr' id='par_1_69' title="bbox 2273 3316 3912 3413">
     <span class='ocr_line' id='line_1_69' title="bbox 2273 3316 3912 3413; baseline 0.004 -42"><span class='ocrx_word' id='word_1_484' title='bbox 2273 3316 2459 3413; x_wconf 29' lang='grc' dir='ltr'>ἆρχε-ιν</span> <span class='ocrx_word' id='word_1_485' title='bbox 2490 3322 2743 3413; x_wconf 58' lang='grc' dir='ltr'>αῦτὸ,ὠς</span> <span class='ocrx_word' id='word_1_486' title='bbox 2788 3323 2849 3379; x_wconf 81' lang='grc' dir='ltr'>ἐκ</span> <span class='ocrx_word' id='word_1_487' title='bbox 2903 3332 2996 3382; x_wconf 91' lang='grc' dir='ltr'><strong>τοῦ</strong></span> <span class='ocrx_word' id='word_1_488' title='bbox 3048 3328 3251 3405; x_wconf 76' lang='grc' dir='ltr'>Πατρὸς</span> <span class='ocrx_word' id='word_1_489' title='bbox 3307 3323 3391 3381; x_wconf 83' lang='grc' dir='ltr'><strong>διὰ</strong></span> <span class='ocrx_word' id='word_1_490' title='bbox 3446 3330 3537 3380; x_wconf 90' lang='grc' dir='ltr'><strong>τοῦ</strong></span> <span class='ocrx_word' id='word_1_491' title='bbox 3594 3325 3713 3378; x_wconf 76' lang='grc' dir='ltr'>Υίοῦ</span> <span class='ocrx_word' id='word_1_492' title='bbox 3742 3319 3912 3399; x_wconf 49' lang='lat' dir='ltr'><strong>appr.-</strong></span> 
     </span>
    </p>
   </div>
   <div class='ocr_carea' id='block_1_70' title="bbox 547 3414 2189 3502">
    <p class='ocr_par' dir='ltr' id='par_1_70' title="bbox 547 3414 2189 3502">
     <span class='ocr_line' id='line_1_70' title="bbox 547 3414 2189 3502; baseline -0.007 -18"><span class='ocrx_word' id='word_1_493' title='bbox 547 3423 743 3484; x_wconf 83' lang='lat' dir='ltr'><strong>verbis</strong></span> <span class='ocrx_word' id='word_1_494' title='bbox 772 3423 1048 3483; x_wconf 85' lang='lat' dir='ltr'><strong>edisserit</strong></span> <span class='ocrx_word' id='word_1_495' title='bbox 1077 3441 1090 3484; x_wconf 91' lang='lat'><strong>:</strong></span> <span class='ocrx_word' id='word_1_496' title='bbox 1132 3446 1157 3477; x_wconf 77' lang='grc' dir='ltr'><strong>α</strong></span> <span class='ocrx_word' id='word_1_497' title='bbox 1192 3421 1316 3493; x_wconf 89' lang='lat' dir='ltr'><strong>Quo</strong></span> <span class='ocrx_word' id='word_1_498' title='bbox 1346 3429 1515 3502; x_wconf 88' lang='lat' dir='ltr'><strong>pacto</strong></span> <span class='ocrx_word' id='word_1_499' title='bbox 1540 3428 1741 3479; x_wconf 78' lang='lat' dir='ltr'><strong>autem</strong></span> <span class='ocrx_word' id='word_1_500' title='bbox 1772 3417 2035 3477; x_wconf 85' lang='lat' dir='ltr'><strong>dividere</strong></span> <span class='ocrx_word' id='word_1_501' title='bbox 2054 3414 2189 3502; x_wconf 81' lang='lat' dir='ltr'><strong>Spi-</strong></span> 
     </span>
    </p>
   </div>
   <div class='ocr_carea' id='block_1_71' title="bbox 549 3501 2189 3585">
    <p class='ocr_par' dir='ltr' id='par_1_71' title="bbox 549 3501 2189 3585">
     <span class='ocr_line' id='line_1_71' title="bbox 549 3501 2189 3585; baseline -0.007 -13"><span class='ocrx_word' id='word_1_502' title='bbox 549 3510 725 3572; x_wconf 90' lang='lat' dir='ltr'><strong>ritum</strong></span> <span class='ocrx_word' id='word_1_503' title='bbox 751 3528 785 3571; x_wconf 90' lang='lat' dir='ltr'><strong>a</strong></span> <span class='ocrx_word' id='word_1_504' title='bbox 813 3509 934 3573; x_wconf 81' lang='lat' dir='ltr'><strong>Deo</strong></span> <span class='ocrx_word' id='word_1_505' title='bbox 965 3529 1081 3571; x_wconf 92' lang='lat' dir='ltr'><strong>non</strong></span> <span class='ocrx_word' id='word_1_506' title='bbox 1134 3511 1309 3571; x_wconf 88' lang='lat' dir='ltr'><strong>habet</strong></span> <span class='ocrx_word' id='word_1_507' title='bbox 1351 3501 1753 3569; x_wconf 78' lang='lat' dir='ltr'><strong>manifestum</strong></span> <span class='ocrx_word' id='word_1_508' title='bbox 1812 3501 2189 3585; x_wconf 87' lang='lat' dir='ltr'><strong>periculum?</strong></span> 
     </span>
    </p>
   </div>
   <div class='ocr_carea' id='block_1_72' title="bbox 553 3593 2193 3680">
    <p class='ocr_par' dir='ltr' id='par_1_72' title="bbox 553 3593 2193 3680">
     <span class='ocr_line' id='line_1_72' title="bbox 553 3593 2193 3680; baseline -0.005 -21"><span class='ocrx_word' id='word_1_509' title='bbox 553 3599 763 3680; x_wconf 87' lang='lat' dir='ltr'><strong>partim</strong></span> <span class='ocrx_word' id='word_1_510' title='bbox 814 3599 1097 3678; x_wconf 80' lang='lat' dir='ltr'><strong>Aposmlo</strong></span> <span class='ocrx_word' id='word_1_511' title='bbox 1154 3599 1515 3677; x_wconf 86' lang='lat' dir='ltr'><strong>conjunctim</strong></span> <span class='ocrx_word' id='word_1_512' title='bbox 1568 3595 1739 3656; x_wconf 91' lang='lat' dir='ltr'><strong>nobis</strong></span> <span class='ocrx_word' id='word_1_513' title='bbox 1797 3593 2088 3671; x_wconf 83' lang='lat' dir='ltr'><strong>tradente,</strong></span> <span class='ocrx_word' id='word_1_514' title='bbox 2132 3597 2193 3680; x_wconf 74' lang='lat' dir='ltr'><strong>et</strong></span> 
     </span>
    </p>
   </div>
   <div class='ocr_carea' id='block_1_73' title="bbox 552 3677 2191 3766">
    <p class='ocr_par' dir='ltr' id='par_1_73' title="bbox 552 3677 2191 3766">
     <span class='ocr_line' id='line_1_73' title="bbox 552 3677 2191 3766; baseline -0.007 -17"><span class='ocrx_word' id='word_1_515' title='bbox 552 3677 730 3749; x_wconf 79' lang='lat' dir='ltr'><strong>modo</strong></span> <span class='ocrx_word' id='word_1_516' title='bbox 764 3677 978 3749; x_wconf 81' lang='lat' dir='ltr'><strong>Christi</strong></span> <span class='ocrx_word' id='word_1_517' title='bbox 1006 3686 1284 3766; x_wconf 89' lang='lat' dir='ltr'><strong>Spiritum</strong></span> <span class='ocrx_word' id='word_1_518' title='bbox 1318 3687 1579 3765; x_wconf 87' lang='lat' dir='ltr'><strong>dicente,</strong></span> <span class='ocrx_word' id='word_1_519' title='bbox 1614 3693 1672 3744; x_wconf 92' lang='lat' dir='ltr'><strong>et</strong></span> <span class='ocrx_word' id='word_1_520' title='bbox 1714 3683 1891 3743; x_wconf 90' lang='lat' dir='ltr'><strong>modo</strong></span> <span class='ocrx_word' id='word_1_521' title='bbox 1924 3680 2052 3750; x_wconf 90' lang='lat' dir='ltr'><strong>Dei,</strong></span> <span class='ocrx_word' id='word_1_522' title='bbox 2090 3677 2191 3739; x_wconf 91' lang='lat' dir='ltr'><strong>ubi</strong></span> 
     </span>
    </p>
   </div>
   <div class='ocr_carea' id='block_1_74' title="bbox 551 3771 2195 3856">
    <p class='ocr_par' dir='ltr' id='par_1_74' title="bbox 551 3771 2195 3856">
     <span class='ocr_line' id='line_1_74' title="bbox 551 3771 2195 3856; baseline -0.004 -19"><span class='ocrx_word' id='word_1_523' title='bbox 551 3776 755 3838; x_wconf 85' lang='lat' dir='ltr'><strong>scribit</strong></span> <span class='ocrx_word' id='word_1_524' title='bbox 787 3794 799 3837; x_wconf 93' lang='lat'>:</span> <span class='ocrx_word' id='word_1_525' title='bbox 851 3800 876 3831; x_wconf 75' lang='grc' dir='ltr'><strong><em>α</em></strong></span> <span class='ocrx_word' id='word_1_526' title='bbox 913 3774 975 3837; x_wconf 89' lang='lat' dir='ltr'><strong>Si</strong></span> <span class='ocrx_word' id='word_1_527' title='bbox 1002 3776 1135 3856; x_wconf 90' lang='lat' dir='ltr'><strong>quis</strong></span> <span class='ocrx_word' id='word_1_528' title='bbox 1164 3783 1359 3836; x_wconf 86' lang='lat' dir='ltr'><strong>autem</strong></span> <span class='ocrx_word' id='word_1_529' title='bbox 1392 3775 1672 3854; x_wconf 81' lang='lat' dir='ltr'><strong>Spiritum</strong></span> <span class='ocrx_word' id='word_1_530' title='bbox 1707 3771 1921 3834; x_wconf 78' lang='lat' dir='ltr'><strong>Christi</strong></span> <span class='ocrx_word' id='word_1_531' title='bbox 1956 3791 2073 3831; x_wconf 93' lang='lat' dir='ltr'><strong>non</strong></span> <span class='ocrx_word' id='word_1_532' title='bbox 2095 3773 2195 3832; x_wconf 88' lang='lat' dir='ltr'><strong>ha-</strong></span> 
     </span>
    </p>
   </div>
   <div class='ocr_carea' id='block_1_75' title="bbox 547 3858 2186 3943">
    <p class='ocr_par' dir='ltr' id='par_1_75' title="bbox 547 3858 2186 3943">
     <span class='ocr_line' id='line_1_75' title="bbox 547 3858 2186 3943; baseline -0.005 -16"><span class='ocrx_word' id='word_1_533' title='bbox 547 3866 668 3936; x_wconf 89' lang='lat' dir='ltr'><strong>bet,</strong></span> <span class='ocrx_word' id='word_1_534' title='bbox 703 3864 799 3924; x_wconf 88' lang='lat' dir='ltr'><strong>hic</strong></span> <span class='ocrx_word' id='word_1_535' title='bbox 828 3883 945 3924; x_wconf 90' lang='lat' dir='ltr'><strong>non</strong></span> <span class='ocrx_word' id='word_1_536' title='bbox 971 3873 1057 3925; x_wconf 89' lang='lat' dir='ltr'><strong>est</strong></span> <span class='ocrx_word' id='word_1_537' title='bbox 1087 3865 1217 3943; x_wconf 86' lang='lat' dir='ltr'><strong>ejus</strong></span> <span class='ocrx_word' id='word_1_538' title='bbox 1244 3864 1324 3926; x_wconf 63' lang='lat'><strong>’9.</strong></span> <span class='ocrx_word' id='word_1_539' title='bbox 1363 3889 1382 3919; x_wconf 74' lang='grc' dir='ltr'><strong>ι</strong></span> <span class='ocrx_word' id='word_1_540' title='bbox 1418 3863 1487 3923; x_wconf 82' lang='grc' dir='ltr'><strong>Ει</strong></span> <span class='ocrx_word' id='word_1_541' title='bbox 1509 3880 1712 3922; x_wconf 88' lang='lat' dir='ltr'><strong>rursus</strong></span> <span class='ocrx_word' id='word_1_542' title='bbox 1746 3877 1760 3921; x_wconf 91' lang='lat'><strong>:</strong></span> <span class='ocrx_word' id='word_1_543' title='bbox 1797 3882 1820 3915; x_wconf 72' lang='grc' dir='ltr'><strong>ιι</strong></span> <span class='ocrx_word' id='word_1_544' title='bbox 1846 3858 1964 3921; x_wconf 90' lang='lat' dir='ltr'><strong>Vos</strong></span> <span class='ocrx_word' id='word_1_545' title='bbox 1993 3869 2186 3921; x_wconf 89' lang='lat' dir='ltr'><strong>autem</strong></span> 
     </span>
    </p>
   </div>
   <div class='ocr_carea' id='block_1_76' title="bbox 549 3947 2194 4033">
    <p class='ocr_par' dir='ltr' id='par_1_76' title="bbox 549 3947 2194 4033">
     <span class='ocr_line' id='line_1_76' title="bbox 549 3947 2194 4033; baseline -0.004 -18"><span class='ocrx_word' id='word_1_546' title='bbox 549 3973 667 4015; x_wconf 89' lang='lat' dir='ltr'><strong>non</strong></span> <span class='ocrx_word' id='word_1_547' title='bbox 699 3953 981 4033; x_wconf 84' lang='lat' dir='ltr'><strong>Spiritum</strong></span> <span class='ocrx_word' id='word_1_548' title='bbox 1034 3953 1241 4014; x_wconf 91' lang='lat' dir='ltr'><strong>mundi</strong></span> <span class='ocrx_word' id='word_1_549' title='bbox 1279 3952 1589 4033; x_wconf 88' lang='lat' dir='ltr'><strong>accepistis</strong></span> <span class='ocrx_word' id='word_1_550' title='bbox 1619 3949 1723 4011; x_wconf 88' lang='lat' dir='ltr'><strong>sed</strong></span> <span class='ocrx_word' id='word_1_551' title='bbox 1748 3948 2054 4029; x_wconf 81' lang='lat' dir='ltr'><strong>Spiritum,</strong></span> <span class='ocrx_word' id='word_1_552' title='bbox 2091 3947 2194 4029; x_wconf 82' lang='lat' dir='ltr'><strong>qui</strong></span> 
     </span>
    </p>
   </div>
   <div class='ocr_carea' id='block_1_77' title="bbox 551 4038 2195 4122">
    <p class='ocr_par' dir='ltr' id='par_1_77' title="bbox 551 4038 2195 4122">
     <span class='ocr_line' id='line_1_77' title="bbox 551 4038 2195 4122; baseline -0.004 -18"><span class='ocrx_word' id='word_1_553' title='bbox 551 4062 619 4104; x_wconf 82' lang='lat' dir='ltr'><strong>ex</strong></span> <span class='ocrx_word' id='word_1_554' title='bbox 643 4042 765 4103; x_wconf 92' lang='lat' dir='ltr'><strong>Deo</strong></span> <span class='ocrx_word' id='word_1_555' title='bbox 786 4052 875 4103; x_wconf 87' lang='lat' dir='ltr'><strong>est</strong></span> <span class='ocrx_word' id='word_1_556' title='bbox 894 4044 978 4105; x_wconf 73' lang='lat'><strong>30:</strong></span> <span class='ocrx_word' id='word_1_557' title='bbox 1010 4065 1038 4102; x_wconf 81' lang='grc'><strong>»</strong></span> <span class='ocrx_word' id='word_1_558' title='bbox 1077 4044 1284 4122; x_wconf 89' lang='lat' dir='ltr'><strong>partim</strong></span> <span class='ocrx_word' id='word_1_559' title='bbox 1307 4061 1443 4103; x_wconf 89' lang='lat' dir='ltr'><strong>vero</strong></span> <span class='ocrx_word' id='word_1_560' title='bbox 1468 4038 2032 4118; x_wconf 87' lang='lat' dir='ltr'><strong>Domino,Sqiritum</strong></span> <span class='ocrx_word' id='word_1_561' title='bbox 2048 4038 2195 4098; x_wconf 90' lang='lat' dir='ltr'><strong>veri-</strong></span> 
     </span>
    </p>
   </div>
   <div class='ocr_carea' id='block_1_78' title="bbox 559 4132 2195 4214">
    <p class='ocr_par' dir='ltr' id='par_1_78' title="bbox 559 4132 2195 4214">
     <span class='ocr_line' id='line_1_78' title="bbox 559 4132 2195 4214; baseline -0.003 -20"><span class='ocrx_word' id='word_1_562' title='bbox 559 4140 692 4194; x_wconf 83' lang='lat' dir='ltr'><strong>tatis</strong></span> <span class='ocrx_word' id='word_1_563' title='bbox 721 4135 999 4213; x_wconf 87' lang='lat' dir='ltr'><strong>quoniam</strong></span> <span class='ocrx_word' id='word_1_564' title='bbox 1034 4134 1161 4214; x_wconf 89' lang='lat' dir='ltr'><strong>ipse</strong></span> <span class='ocrx_word' id='word_1_565' title='bbox 1193 4134 1401 4195; x_wconf 84' lang='lat' dir='ltr'><strong>veritas</strong></span> <span class='ocrx_word' id='word_1_566' title='bbox 1431 4141 1542 4213; x_wconf 86' lang='lat' dir='ltr'><strong>est,</strong></span> <span class='ocrx_word' id='word_1_567' title='bbox 1574 4132 1834 4205; x_wconf 85' lang='lat' dir='ltr'><strong>dicente,</strong></span> <span class='ocrx_word' id='word_1_568' title='bbox 1869 4141 1929 4191; x_wconf 89' lang='lat' dir='ltr'><strong>et</strong></span> <span class='ocrx_word' id='word_1_569' title='bbox 1958 4148 1990 4189; x_wconf 90' lang='lat' dir='ltr'><strong>a</strong></span> <span class='ocrx_word' id='word_1_570' title='bbox 2023 4132 2195 4191; x_wconf 85' lang='lat' dir='ltr'><strong>Patre</strong></span> 
     </span>
    </p>
   </div>
   <div class='ocr_carea' id='block_1_79' title="bbox 551 4217 2195 4305">
    <p class='ocr_par' dir='ltr' id='par_1_79' title="bbox 551 4217 2195 4305">
     <span class='ocr_line' id='line_1_79' title="bbox 551 4217 2195 4305; baseline -0.004 -20"><span class='ocrx_word' id='word_1_571' title='bbox 551 4223 840 4305; x_wconf 83' lang='lat' dir='ltr'><strong>procedit.</strong></span> <span class='ocrx_word' id='word_1_572' title='bbox 881 4248 903 4282; x_wconf 73' lang='grc' dir='ltr'><strong>ο</strong></span> <span class='ocrx_word' id='word_1_573' title='bbox 942 4224 1013 4284; x_wconf 89' lang='lat' dir='ltr'><strong>Et</strong></span> <span class='ocrx_word' id='word_1_574' title='bbox 1045 4225 1166 4284; x_wconf 70' lang='lat' dir='ltr'><strong>haec</strong></span> <span class='ocrx_word' id='word_1_575' title='bbox 1197 4223 1438 4302; x_wconf 90' lang='lat' dir='ltr'><strong>quidem</strong></span> <span class='ocrx_word' id='word_1_576' title='bbox 1471 4220 1767 4300; x_wconf 82' lang='lat' dir='ltr'><strong>ipsissima</strong></span> <span class='ocrx_word' id='word_1_577' title='bbox 1796 4221 1973 4281; x_wconf 88' lang='lat' dir='ltr'><strong>verba</strong></span> <span class='ocrx_word' id='word_1_578' title='bbox 1992 4217 2195 4280; x_wconf 85' lang='lat' dir='ltr'><strong>Basilii</strong></span> 
     </span>
    </p>
   </div>
   <div class='ocr_carea' id='block_1_80' title="bbox 557 4400 2193 4484">
    <p class='ocr_par' dir='ltr' id='par_1_80' title="bbox 557 4400 2193 4484">
     <span class='ocr_line' id='line_1_80' title="bbox 557 4400 2193 4484; baseline 0.001 -21"><span class='ocrx_word' id='word_1_579' title='bbox 557 4412 727 4484; x_wconf 88' lang='lat' dir='ltr'><strong>pacto</strong></span> <span class='ocrx_word' id='word_1_580' title='bbox 754 4402 1021 4463; x_wconf 84' lang='lat' dir='ltr'><strong>dividere</strong></span> <span class='ocrx_word' id='word_1_581' title='bbox 1051 4400 1330 4481; x_wconf 91' lang='lat' dir='ltr'><strong>Spiritum</strong></span> <span class='ocrx_word' id='word_1_582' title='bbox 1361 4422 1392 4465; x_wconf 93' lang='lat' dir='ltr'><strong>a</strong></span> <span class='ocrx_word' id='word_1_583' title='bbox 1442 4402 1588 4477; x_wconf 89' lang='lat' dir='ltr'><strong>Deo,</strong></span> <span class='ocrx_word' id='word_1_584' title='bbox 1625 4401 1998 4463; x_wconf 83' lang='lat' dir='ltr'><strong>manifestum</strong></span> <span class='ocrx_word' id='word_1_585' title='bbox 2033 4406 2193 4478; x_wconf 87' lang='lat' dir='ltr'><strong>peri-</strong></span> 
     </span>
    </p>
   </div>
   <div class='ocr_carea' id='block_1_81' title="bbox 553 4489 2189 4572">
    <p class='ocr_par' dir='ltr' id='par_1_81' title="bbox 553 4489 2189 4572">
     <span class='ocr_line' id='line_1_81' title="bbox 553 4489 2189 4572; baseline 0.002 -21"><span class='ocrx_word' id='word_1_586' title='bbox 553 4492 748 4552; x_wconf 90' lang='lat' dir='ltr'><strong>culum</strong></span> <span class='ocrx_word' id='word_1_587' title='bbox 782 4510 899 4551; x_wconf 89' lang='lat' dir='ltr'><strong>non</strong></span> <span class='ocrx_word' id='word_1_588' title='bbox 930 4490 1149 4552; x_wconf 87' lang='lat' dir='ltr'><strong>habet?</strong></span> <span class='ocrx_word' id='word_1_589' title='bbox 1189 4516 1208 4546; x_wconf 76' lang='grc' dir='ltr'><strong>ι</strong></span> <span class='ocrx_word' id='word_1_590' title='bbox 1240 4489 1441 4572; x_wconf 87' lang='lat' dir='ltr'><strong>Neque</strong></span> <span class='ocrx_word' id='word_1_591' title='bbox 1501 4491 1658 4551; x_wconf 83' lang='lat' dir='ltr'><strong>enim</strong></span> <span class='ocrx_word' id='word_1_592' title='bbox 1708 4501 1947 4552; x_wconf 86' lang='lat' dir='ltr'><strong>sanctus</strong></span> <span class='ocrx_word' id='word_1_593' title='bbox 2000 4493 2142 4553; x_wconf 79' lang='lat' dir='ltr'><strong>dixit</strong></span> <span class='ocrx_word' id='word_1_594' title='bbox 2177 4514 2189 4555; x_wconf 90' lang='lat'>:</span> 
     </span>
    </p>
   </div>
   <div class='ocr_carea' id='block_1_82' title="bbox 554 4579 2192 4661">
    <p class='ocr_par' dir='ltr' id='par_1_82' title="bbox 554 4579 2192 4661">
     <span class='ocr_line' id='line_1_82' title="bbox 554 4579 2192 4661; baseline 0.001 -21"><span class='ocrx_word' id='word_1_595' title='bbox 554 4579 679 4651; x_wconf 89' lang='lat' dir='ltr'><strong>Quo</strong></span> <span class='ocrx_word' id='word_1_596' title='bbox 712 4589 879 4659; x_wconf 89' lang='lat' dir='ltr'><strong>pacto</strong></span> <span class='ocrx_word' id='word_1_597' title='bbox 913 4580 1282 4641; x_wconf 86' lang='lat' dir='ltr'><strong>manifestum</strong></span> <span class='ocrx_word' id='word_1_598' title='bbox 1312 4581 1639 4661; x_wconf 88' lang='lat' dir='ltr'><strong>periculum</strong></span> <span class='ocrx_word' id='word_1_599' title='bbox 1673 4600 1788 4642; x_wconf 92' lang='lat' dir='ltr'><strong>non</strong></span> <span class='ocrx_word' id='word_1_600' title='bbox 1818 4581 2013 4660; x_wconf 81' lang='lat' dir='ltr'><strong>habet,</strong></span> <span class='ocrx_word' id='word_1_601' title='bbox 2048 4601 2192 4642; x_wconf 81' lang='lat' dir='ltr'><strong>con-</strong></span> 
     </span>
    </p>
   </div>
   <div class='ocr_carea' id='block_1_83' title="bbox 550 4668 2194 4750">
    <p class='ocr_par' dir='ltr' id='par_1_83' title="bbox 550 4668 2194 4750">
     <span class='ocr_line' id='line_1_83' title="bbox 550 4668 2194 4750; baseline 0.001 -20"><span class='ocrx_word' id='word_1_602' title='bbox 550 4670 808 4749; x_wconf 77' lang='lat' dir='ltr'><strong>jungere</strong></span> <span class='ocrx_word' id='word_1_603' title='bbox 831 4668 1114 4746; x_wconf 87' lang='lat' dir='ltr'><strong>Spiritum</strong></span> <span class='ocrx_word' id='word_1_604' title='bbox 1130 4668 1444 4743; x_wconf 88' lang='lat' dir='ltr'><strong>Filio,cum</strong></span> <span class='ocrx_word' id='word_1_605' title='bbox 1462 4689 1653 4750; x_wconf 93' lang='lat' dir='ltr'><strong>neque</strong></span> <span class='ocrx_word' id='word_1_606' title='bbox 1674 4688 1778 4749; x_wconf 85' lang='lat' dir='ltr'><strong>per</strong></span> <span class='ocrx_word' id='word_1_607' title='bbox 1797 4670 1986 4750; x_wconf 90' lang='lat' dir='ltr'><strong>ipsum</strong></span> <span class='ocrx_word' id='word_1_608' title='bbox 2003 4689 2194 4750; x_wconf 89' lang='lat' dir='ltr'><strong>neque</strong></span> 
     </span>
    </p>
   </div>
   <div class='ocr_carea' id='block_1_84' title="bbox 557 4758 2192 4841">
    <p class='ocr_par' dir='ltr' id='par_1_84' title="bbox 557 4758 2192 4841">
     <span class='ocr_line' id='line_1_84' title="bbox 557 4758 2192 4841; baseline 0.001 -22"><span class='ocrx_word' id='word_1_609' title='bbox 557 4777 628 4820; x_wconf 75' lang='lat' dir='ltr'><strong>ex</strong></span> <span class='ocrx_word' id='word_1_610' title='bbox 665 4759 795 4839; x_wconf 87' lang='lat' dir='ltr'><strong>ipso</strong></span> <span class='ocrx_word' id='word_1_611' title='bbox 827 4758 923 4829; x_wconf 89' lang='lat' dir='ltr'><strong>sit,</strong></span> <span class='ocrx_word' id='word_1_612' title='bbox 960 4758 1060 4818; x_wconf 90' lang='lat' dir='ltr'><strong>sed</strong></span> <span class='ocrx_word' id='word_1_613' title='bbox 1091 4778 1159 4819; x_wconf 79' lang='lat' dir='ltr'><strong>ex</strong></span> <span class='ocrx_word' id='word_1_614' title='bbox 1194 4759 1317 4819; x_wconf 88' lang='lat' dir='ltr'><strong>solo</strong></span> <span class='ocrx_word' id='word_1_615' title='bbox 1350 4764 1517 4820; x_wconf 83' lang='lat' dir='ltr'><strong>t’atre</strong></span> <span class='ocrx_word' id='word_1_616' title='bbox 1541 4760 1569 4841; x_wconf 63' lang='grc' dir='ltr'><em>ξ’</em></span> <span class='ocrx_word' id='word_1_617' title='bbox 1617 4758 1730 4821; x_wconf 81' lang='lat' dir='ltr'><strong>Sed</strong></span> <span class='ocrx_word' id='word_1_618' title='bbox 1766 4759 1949 4821; x_wconf 86' lang='lat' dir='ltr'><strong>dixit:</strong></span> <span class='ocrx_word' id='word_1_619' title='bbox 2003 4784 2023 4813; x_wconf 75' lang='grc' dir='ltr'><strong>ι</strong></span> <span class='ocrx_word' id='word_1_620' title='bbox 2068 4758 2192 4830; x_wconf 90' lang='lat' dir='ltr'><strong>Quo</strong></span> 
     </span>
    </p>
   </div>
   <div class='ocr_carea' id='block_1_85' title="bbox 556 4847 2193 4928">
    <p class='ocr_par' dir='ltr' id='par_1_85' title="bbox 556 4847 2193 4928">
     <span class='ocr_line' id='line_1_85' title="bbox 556 4847 2193 4928; baseline 0.001 -21"><span class='ocrx_word' id='word_1_621' title='bbox 556 4856 726 4927; x_wconf 88' lang='lat' dir='ltr'><strong>pacto</strong></span> <span class='ocrx_word' id='word_1_622' title='bbox 752 4847 1130 4909; x_wconf 79' lang='lat' dir='ltr'><strong>manifestum</strong></span> <span class='ocrx_word' id='word_1_623' title='bbox 1186 4848 1510 4928; x_wconf 88' lang='lat' dir='ltr'><strong>periculum</strong></span> <span class='ocrx_word' id='word_1_624' title='bbox 1546 4868 1663 4907; x_wconf 90' lang='lat' dir='ltr'><strong>non</strong></span> <span class='ocrx_word' id='word_1_625' title='bbox 1698 4848 1897 4920; x_wconf 75' lang='lat' dir='ltr'><strong>habet,</strong></span> <span class='ocrx_word' id='word_1_626' title='bbox 1932 4848 2193 4910; x_wconf 84' lang='lat' dir='ltr'><strong>dividere</strong></span> 
     </span>
    </p>
   </div>
   <div class='ocr_carea' id='block_1_86' title="bbox 559 4934 2195 5017">
    <p class='ocr_par' dir='ltr' id='par_1_86' title="bbox 559 4934 2195 5017">
     <span class='ocr_line' id='line_1_86' title="bbox 559 4934 2195 5017; baseline 0.001 -21"><span class='ocrx_word' id='word_1_627' title='bbox 559 4934 842 5013; x_wconf 82' lang='lat' dir='ltr'><strong>Spiritum</strong></span> <span class='ocrx_word' id='word_1_628' title='bbox 901 4953 934 4997; x_wconf 89' lang='lat' dir='ltr'><strong>a</strong></span> <span class='ocrx_word' id='word_1_629' title='bbox 988 4938 1161 4998; x_wconf 86' lang='lat' dir='ltr'><strong>Deo?</strong></span> <span class='ocrx_word' id='word_1_630' title='bbox 1222 4961 1243 4994; x_wconf 74' lang='grc' dir='ltr'><strong>υ</strong></span> <span class='ocrx_word' id='word_1_631' title='bbox 1307 4938 1456 4998; x_wconf 85' lang='lat' dir='ltr'><strong>Hinc</strong></span> <span class='ocrx_word' id='word_1_632' title='bbox 1515 4944 1673 5017; x_wconf 89' lang='lat' dir='ltr'><strong>patet</strong></span> <span class='ocrx_word' id='word_1_633' title='bbox 1755 4956 1960 4997; x_wconf 92' lang='lat' dir='ltr'><strong>omnes</strong></span> <span class='ocrx_word' id='word_1_634' title='bbox 2038 4938 2195 4998; x_wconf 86' lang='lat' dir='ltr'><strong>illius</strong></span> 
     </span>
    </p>
   </div>
   <div class='ocr_carea' id='block_1_87' title="bbox 559 5024 2196 5106">
    <p class='ocr_par' dir='ltr' id='par_1_87' title="bbox 559 5024 2196 5106">
     <span class='ocr_line' id='line_1_87' title="bbox 559 5024 2196 5106; baseline 0.001 -23"><span class='ocrx_word' id='word_1_635' title='bbox 559 5033 799 5084; x_wconf 89' lang='lat' dir='ltr'><strong>conatus</strong></span> <span class='ocrx_word' id='word_1_636' title='bbox 857 5024 1059 5098; x_wconf 83' lang='lat' dir='ltr'><strong>fuisse,</strong></span> <span class='ocrx_word' id='word_1_637' title='bbox 1117 5025 1605 5101; x_wconf 87' lang='lat' dir='ltr'><strong>demonstrandi,</strong></span> <span class='ocrx_word' id='word_1_638' title='bbox 1668 5045 1917 5106; x_wconf 90' lang='lat' dir='ltr'><strong>quanam</strong></span> <span class='ocrx_word' id='word_1_639' title='bbox 1968 5026 2196 5086; x_wconf 88' lang='lat' dir='ltr'><strong>ratione</strong></span> 
     </span>
    </p>
   </div>
   <div class='ocr_carea' id='block_1_88' title="bbox 561 5112 2196 5195">
    <p class='ocr_par' dir='ltr' id='par_1_88' title="bbox 561 5112 2196 5195">
     <span class='ocr_line' id='line_1_88' title="bbox 561 5112 2196 5195; baseline 0 -22"><span class='ocrx_word' id='word_1_640' title='bbox 561 5112 837 5190; x_wconf 87' lang='lat' dir='ltr'><strong>Spiritus,</strong></span> <span class='ocrx_word' id='word_1_641' title='bbox 900 5112 1000 5191; x_wconf 93' lang='lat' dir='ltr'><strong>qui</strong></span> <span class='ocrx_word' id='word_1_642' title='bbox 1056 5113 1214 5174; x_wconf 87' lang='lat' dir='ltr'><strong>Patri</strong></span> <span class='ocrx_word' id='word_1_643' title='bbox 1269 5115 1664 5195; x_wconf 78' lang='lat' dir='ltr'><strong>conjungitur,</strong></span> <span class='ocrx_word' id='word_1_644' title='bbox 1715 5123 2088 5194; x_wconf 84' lang='lat' dir='ltr'><strong>separaretur</strong></span> <span class='ocrx_word' id='word_1_645' title='bbox 2124 5113 2196 5174; x_wconf 92' lang='lat' dir='ltr'><strong>ab</strong></span> 
     </span>
    </p>
   </div>
   <div class='ocr_carea' id='block_1_89' title="bbox 561 5202 2203 5282">
    <p class='ocr_par' dir='ltr' id='par_1_89' title="bbox 561 5202 2203 5282">
     <span class='ocr_line' id='line_1_89' title="bbox 561 5202 2203 5282; baseline 0.001 -20"><span class='ocrx_word' id='word_1_646' title='bbox 561 5217 654 5275; x_wconf 90' lang='lat' dir='ltr'><strong>eo,</strong></span> <span class='ocrx_word' id='word_1_647' title='bbox 716 5209 777 5261; x_wconf 91' lang='lat' dir='ltr'><strong>ut</strong></span> <span class='ocrx_word' id='word_1_648' title='bbox 835 5203 1236 5281; x_wconf 76' lang='lat' dir='ltr'><strong>praetendebat</strong></span> <span class='ocrx_word' id='word_1_649' title='bbox 1289 5202 1661 5282; x_wconf 84' lang='lat' dir='ltr'><strong>Eunomius,</strong></span> <span class='ocrx_word' id='word_1_650' title='bbox 1741 5214 1799 5265; x_wconf 92' lang='lat' dir='ltr'><strong>et</strong></span> <span class='ocrx_word' id='word_1_651' title='bbox 1845 5203 2203 5265; x_wconf 88' lang='lat' dir='ltr'><strong>testimoniis</strong></span> 
     </span>
    </p>
   </div>
   <div class='ocr_carea' id='block_1_90' title="bbox 563 5289 2197 5372">
    <p class='ocr_par' dir='ltr' id='par_1_90' title="bbox 563 5289 2197 5372">
     <span class='ocr_line' id='line_1_90' title="bbox 563 5289 2197 5372; baseline 0.004 -23"><span class='ocrx_word' id='word_1_652' title='bbox 563 5289 810 5350; x_wconf 85' lang='lat' dir='ltr'><strong>annexis</strong></span> <span class='ocrx_word' id='word_1_653' title='bbox 860 5293 1050 5370; x_wconf 87' lang='lat' dir='ltr'><strong>palam</strong></span> <span class='ocrx_word' id='word_1_654' title='bbox 1099 5291 1196 5366; x_wconf 91' lang='lat' dir='ltr'><strong>sit,</strong></span> <span class='ocrx_word' id='word_1_655' title='bbox 1266 5301 1387 5353; x_wconf 89' lang='lat' dir='ltr'><strong>tum</strong></span> <span class='ocrx_word' id='word_1_656' title='bbox 1437 5312 1505 5355; x_wconf 87' lang='lat' dir='ltr'><strong>ex</strong></span> <span class='ocrx_word' id='word_1_657' title='bbox 1557 5293 1896 5372; x_wconf 79' lang='lat' dir='ltr'><strong>Evangelia,</strong></span> <span class='ocrx_word' id='word_1_658' title='bbox 1947 5300 2068 5354; x_wconf 89' lang='lat' dir='ltr'><strong>tum</strong></span> <span class='ocrx_word' id='word_1_659' title='bbox 2129 5312 2197 5355; x_wconf 83' lang='lat' dir='ltr'><strong>ex</strong></span> 
     </span>
    </p>
   </div>
   <div class='ocr_carea' id='block_1_91' title="bbox 558 5378 2197 5465">
    <p class='ocr_par' dir='ltr' id='par_1_91' title="bbox 558 5378 2197 5465">
     <span class='ocr_line' id='line_1_91' title="bbox 558 5378 2197 5465; baseline 0.001 -25"><span class='ocrx_word' id='word_1_660' title='bbox 558 5378 861 5458; x_wconf 79' lang='lat' dir='ltr'><strong>Apostolo,</strong></span> <span class='ocrx_word' id='word_1_661' title='bbox 916 5379 1129 5458; x_wconf 90' lang='lat' dir='ltr'><strong>quibus</strong></span> <span class='ocrx_word' id='word_1_662' title='bbox 1178 5381 1564 5465; x_wconf 83' lang='lat' dir='ltr'><strong>demonstrat,</strong></span> <span class='ocrx_word' id='word_1_663' title='bbox 1633 5384 2013 5462; x_wconf 89' lang='lat' dir='ltr'><strong>conjunctum</strong></span> <span class='ocrx_word' id='word_1_664' title='bbox 2066 5400 2197 5443; x_wconf 85' lang='lat' dir='ltr'><strong>esse</strong></span> 
     </span>
    </p>
   </div>
   <div class='ocr_carea' id='block_1_92' title="bbox 563 5465 2197 5554">
    <p class='ocr_par' dir='ltr' id='par_1_92' title="bbox 563 5465 2197 5554">
     <span class='ocr_line' id='line_1_92' title="bbox 563 5465 2197 5554; baseline 0.002 -26"><span class='ocrx_word' id='word_1_665' title='bbox 563 5465 843 5548; x_wconf 89' lang='lat' dir='ltr'><strong>Spiritum</strong></span> <span class='ocrx_word' id='word_1_666' title='bbox 875 5466 1033 5528; x_wconf 89' lang='lat' dir='ltr'><strong>Patri</strong></span> <span class='ocrx_word' id='word_1_667' title='bbox 1066 5476 1124 5528; x_wconf 89' lang='lat' dir='ltr'><strong>et</strong></span> <span class='ocrx_word' id='word_1_668' title='bbox 1152 5468 1299 5530; x_wconf 92' lang='lat' dir='ltr'><strong>Filio</strong></span> <span class='ocrx_word' id='word_1_669' title='bbox 1336 5490 1348 5533; x_wconf 92' lang='lat'>:</span> <span class='ocrx_word' id='word_1_670' title='bbox 1384 5491 1502 5533; x_wconf 91' lang='lat' dir='ltr'><strong>non</strong></span> <span class='ocrx_word' id='word_1_671' title='bbox 1535 5491 1661 5554; x_wconf 59' lang='lat' dir='ltr'><strong>prop</strong></span> <span class='ocrx_word' id='word_1_672' title='bbox 1688 5472 2031 5552; x_wconf 87' lang='lat' dir='ltr'><strong>terea,quod</strong></span> <span class='ocrx_word' id='word_1_673' title='bbox 2066 5472 2197 5534; x_wconf 91' lang='lat' dir='ltr'><strong>Filii</strong></span> 
     </span>
    </p>
   </div>
   <div class='ocr_carea' id='block_1_93' title="bbox 566 5556 2194 5643">
    <p class='ocr_par' dir='ltr' id='par_1_93' title="bbox 566 5556 2194 5643">
     <span class='ocr_line' id='line_1_93' title="bbox 566 5556 2194 5643; baseline 0.003 -24"><span class='ocrx_word' id='word_1_674' title='bbox 566 5556 873 5620; x_wconf 88' lang='lat' dir='ltr'><strong>est.Patris</strong></span> <span class='ocrx_word' id='word_1_675' title='bbox 901 5577 1019 5618; x_wconf 89' lang='lat' dir='ltr'><strong>non</strong></span> <span class='ocrx_word' id='word_1_676' title='bbox 1048 5576 1402 5641; x_wconf 80' lang='lat' dir='ltr'><strong>essezneque</strong></span> <span class='ocrx_word' id='word_1_677' title='bbox 1431 5565 1566 5643; x_wconf 89' lang='lat' dir='ltr'><strong>quia</strong></span> <span class='ocrx_word' id='word_1_678' title='bbox 1585 5582 1652 5625; x_wconf 90' lang='lat' dir='ltr'><strong>ex</strong></span> <span class='ocrx_word' id='word_1_679' title='bbox 1686 5564 1879 5635; x_wconf 89' lang='lat' dir='ltr'><strong>Patre,</strong></span> <span class='ocrx_word' id='word_1_680' title='bbox 1912 5562 2048 5625; x_wconf 88' lang='lat' dir='ltr'><strong>ideo</strong></span> <span class='ocrx_word' id='word_1_681' title='bbox 2078 5581 2194 5624; x_wconf 89' lang='lat' dir='ltr'><strong>non</strong></span> 
     </span>
    </p>
   </div>
   <div class='ocr_carea' id='block_1_94' title="bbox 646 5716 1662 5797">
    <p class='ocr_par' dir='ltr' id='par_1_94' title="bbox 646 5716 1662 5797">
     <span class='ocr_line' id='line_1_94' title="bbox 646 5716 1662 5797; baseline 0.003 -17"><span class='ocrx_word' id='word_1_682' title='bbox 646 5716 706 5770; x_wconf 70' lang='grc' dir='ltr'>ὀ</span> <span class='ocrx_word' id='word_1_683' title='bbox 733 5716 904 5781; x_wconf 82' lang='lat' dir='ltr'><strong>Rom.</strong></span> <span class='ocrx_word' id='word_1_684' title='bbox 936 5733 1061 5797; x_wconf 78' lang='lat' dir='ltr'><strong>VIII,</strong></span> <span class='ocrx_word' id='word_1_685' title='bbox 1094 5718 1156 5783; x_wconf 90' lang='lat'><strong>9.</strong></span> <span class='ocrx_word' id='word_1_686' title='bbox 1185 5720 1302 5783; x_wconf 71' lang='grc'><strong>³01</strong></span> <span class='ocrx_word' id='word_1_687' title='bbox 1336 5723 1468 5786; x_wconf 90' lang='lat' dir='ltr'><strong>Cor.</strong></span> <span class='ocrx_word' id='word_1_688' title='bbox 1499 5733 1541 5785; x_wconf 84' lang='grc' dir='ltr'><strong>ιι</strong></span> <span class='ocrx_word' id='word_1_689' title='bbox 1566 5724 1662 5786; x_wconf 70' lang='grc'><strong>12.</strong></span> 
     </span>
    </p>
   </div>
   <div class='ocr_carea' id='block_1_95' title="bbox 2272 3410 3914 3494">
    <p class='ocr_par' dir='ltr' id='par_1_95' title="bbox 2272 3410 3914 3494">
     <span class='ocr_line' id='line_1_95' title="bbox 2272 3410 3914 3494; baseline 0.002 -33"><span class='ocrx_word' id='word_1_690' title='bbox 2272 3428 2379 3494; x_wconf 65' lang='grc' dir='ltr'><strong>¹τως</strong></span> <span class='ocrx_word' id='word_1_691' title='bbox 2407 3410 2841 3488; x_wconf 76' lang='grc' dir='ltr'>ἒκπορευόμενον,</span> <span class='ocrx_word' id='word_1_692' title='bbox 2876 3415 3038 3470; x_wconf 82' lang='grc' dir='ltr'>ταῦτά</span> <span class='ocrx_word' id='word_1_693' title='bbox 3079 3437 3245 3494; x_wconf 76' lang='grc' dir='ltr'>φησιν</span> <span class='ocrx_word' id='word_1_694' title='bbox 3308 3415 3394 3470; x_wconf 73' lang='grc' dir='ltr'>ἒπὶ</span> <span class='ocrx_word' id='word_1_695' title='bbox 3436 3412 3625 3479; x_wconf 78' lang='grc' dir='ltr'>λέξεων</span> <span class='ocrx_word' id='word_1_696' title='bbox 3660 3428 3674 3442; x_wconf 84' lang='grc'><strong><em>⁸</em></strong></span> <span class='ocrx_word' id='word_1_697' title='bbox 3728 3432 3751 3467; x_wconf 72' lang='grc' dir='ltr'><strong>α</strong></span> <span class='ocrx_word' id='word_1_698' title='bbox 3790 3410 3914 3473; x_wconf 89' lang='grc' dir='ltr'><strong>Πῶς</strong></span> 
     </span>
    </p>
   </div>
   <div class='ocr_carea' id='block_1_96' title="bbox 2273 3492 3916 3582">
    <p class='ocr_par' dir='ltr' id='par_1_96' title="bbox 2273 3492 3916 3582">
     <span class='ocr_line' id='line_1_96' title="bbox 2273 3492 3916 3582; baseline 0.005 -34"><span class='ocrx_word' id='word_1_699' title='bbox 2273 3492 2327 3548; x_wconf 77' lang='grc' dir='ltr'>δὲ</span> <span class='ocrx_word' id='word_1_700' title='bbox 2384 3498 2444 3552; x_wconf 77' lang='grc' dir='ltr'>οὒ</span> <span class='ocrx_word' id='word_1_701' title='bbox 2507 3501 2727 3576; x_wconf 77' lang='grc' dir='ltr'>φανερὸν</span> <span class='ocrx_word' id='word_1_702' title='bbox 2770 3500 2885 3582; x_wconf 78' lang='grc' dir='ltr'>ἔχει</span> <span class='ocrx_word' id='word_1_703' title='bbox 2929 3504 3020 3558; x_wconf 83' lang='grc' dir='ltr'>τὸν</span> <span class='ocrx_word' id='word_1_704' title='bbox 3073 3492 3302 3560; x_wconf 65' lang='grc' dir='ltr'>διίνδυνον</span> <span class='ocrx_word' id='word_1_705' title='bbox 3370 3500 3588 3580; x_wconf 76' lang='grc' dir='ltr'>διαιρεῖν</span> <span class='ocrx_word' id='word_1_706' title='bbox 3658 3502 3763 3557; x_wconf 77' lang='grc' dir='ltr'><strong>ἀπὸ</strong></span> <span class='ocrx_word' id='word_1_707' title='bbox 3818 3505 3916 3556; x_wconf 88' lang='grc' dir='ltr'><strong>τοῦ</strong></span> 
     </span>
    </p>
   </div>
   <div class='ocr_carea' id='block_1_97' title="bbox 2275 3588 3916 3671">
    <p class='ocr_par' dir='ltr' id='par_1_97' title="bbox 2275 3588 3916 3671">
     <span class='ocr_line' id='line_1_97' title="bbox 2275 3588 3916 3671; baseline 0.003 -33"><span class='ocrx_word' id='word_1_708' title='bbox 2275 3590 2403 3640; x_wconf 88' lang='grc' dir='ltr'>Θεοῦ</span> <span class='ocrx_word' id='word_1_709' title='bbox 2457 3588 2518 3642; x_wconf 79' lang='grc' dir='ltr'>τὸ</span> <span class='ocrx_word' id='word_1_710' title='bbox 2574 3594 2784 3665; x_wconf 83' lang='grc' dir='ltr'>Πνεῦμα</span> <span class='ocrx_word' id='word_1_711' title='bbox 2829 3611 2846 3671; x_wconf 80' lang='grc'><strong>;</strong></span> <span class='ocrx_word' id='word_1_712' title='bbox 2918 3599 3070 3649; x_wconf 78' lang='grc' dir='ltr'>τοῦτο</span> <span class='ocrx_word' id='word_1_713' title='bbox 3114 3593 3212 3668; x_wconf 81' lang='grc' dir='ltr'>μὲν</span> <span class='ocrx_word' id='word_1_714' title='bbox 3253 3591 3345 3649; x_wconf 88' lang='grc' dir='ltr'><strong>τοῦ</strong></span> <span class='ocrx_word' id='word_1_715' title='bbox 3400 3589 3728 3649; x_wconf 78' lang='grc' dir='ltr'>Ἀποστόλσυ</span> <span class='ocrx_word' id='word_1_716' title='bbox 3783 3609 3916 3644; x_wconf 91' lang='grc' dir='ltr'>συν-</span> 
     </span>
    </p>
   </div>
   <div class='ocr_carea' id='block_1_98' title="bbox 2274 3673 3917 3763">
    <p class='ocr_par' dir='ltr' id='par_1_98' title="bbox 2274 3673 3917 3763">
     <span class='ocr_line' id='line_1_98' title="bbox 2274 3673 3917 3763; baseline -0.005 -23"><span class='ocrx_word' id='word_1_717' title='bbox 2274 3673 2527 3763; x_wconf 66' lang='grc' dir='ltr'>ῖλμμένως</span> <span class='ocrx_word' id='word_1_718' title='bbox 2597 3679 2731 3751; x_wconf 82' lang='grc' dir='ltr'>ἡμῖν</span> <span class='ocrx_word' id='word_1_719' title='bbox 2774 3679 3170 3763; x_wconf 76' lang='grc' dir='ltr'>παραδιδόντος,</span> <span class='ocrx_word' id='word_1_720' title='bbox 3255 3682 3343 3738; x_wconf 77' lang='grc' dir='ltr'>καὶ</span> <span class='ocrx_word' id='word_1_721' title='bbox 3411 3688 3498 3737; x_wconf 86' lang='grc' dir='ltr'><strong>νῦν</strong></span> <span class='ocrx_word' id='word_1_722' title='bbox 3540 3679 3637 3757; x_wconf 80' lang='grc' dir='ltr'>μὲν</span> <span class='ocrx_word' id='word_1_723' title='bbox 3690 3684 3917 3757; x_wconf 76' lang='grc' dir='ltr'>Χριστοῦ</span> 
     </span>
    </p>
   </div>
   <div class='ocr_carea' id='block_1_99' title="bbox 2275 3761 3914 3853">
    <p class='ocr_par' dir='ltr' id='par_1_99' title="bbox 2275 3761 3914 3853">
     <span class='ocr_line' id='line_1_99' title="bbox 2275 3761 3914 3853; baseline 0.01 -36"><span class='ocrx_word' id='word_1_724' title='bbox 2275 3761 2543 3842; x_wconf 81' lang='grc' dir='ltr'>λέγοντος,</span> <span class='ocrx_word' id='word_1_725' title='bbox 2574 3767 2663 3824; x_wconf 88' lang='grc' dir='ltr'><strong>νῦν</strong></span> <span class='ocrx_word' id='word_1_726' title='bbox 2706 3767 2760 3825; x_wconf 80' lang='grc' dir='ltr'>δὲ</span> <span class='ocrx_word' id='word_1_727' title='bbox 2790 3777 2881 3827; x_wconf 91' lang='grc' dir='ltr'><strong>τοῦ</strong></span> <span class='ocrx_word' id='word_1_728' title='bbox 2923 3779 3075 3847; x_wconf 87' lang='grc' dir='ltr'>Θεοῦ,</span> <span class='ocrx_word' id='word_1_729' title='bbox 3108 3761 3163 3829; x_wconf 73' lang='grc' dir='ltr'>ὲν</span> <span class='ocrx_word' id='word_1_730' title='bbox 3192 3774 3279 3838; x_wconf 76' lang='grc' dir='ltr'>οἷς</span> <span class='ocrx_word' id='word_1_731' title='bbox 3325 3773 3509 3853; x_wconf 76' lang='grc' dir='ltr'>γράφει</span> <span class='ocrx_word' id='word_1_732' title='bbox 3544 3789 3558 3803; x_wconf 82' lang='grc'><strong><em>⁸</em></strong></span> <span class='ocrx_word' id='word_1_733' title='bbox 3600 3795 3627 3827; x_wconf 72' lang='grc' dir='ltr'><strong>ε</strong></span> <span class='ocrx_word' id='word_1_734' title='bbox 3661 3772 3719 3828; x_wconf 75' lang='grc' dir='ltr'><strong>Εἰ</strong></span> <span class='ocrx_word' id='word_1_735' title='bbox 3747 3768 3802 3825; x_wconf 82' lang='grc' dir='ltr'><strong>δέ</strong></span> <span class='ocrx_word' id='word_1_736' title='bbox 3829 3790 3914 3834; x_wconf 82' lang='grc' dir='ltr'><strong>τις</strong></span> 
     </span>
    </p>
   </div>
   <div class='ocr_carea' id='block_1_100' title="bbox 2274 3858 3909 3942">
    <p class='ocr_par' dir='ltr' id='par_1_100' title="bbox 2274 3858 3909 3942">
     <span class='ocr_line' id='line_1_100' title="bbox 2274 3858 3909 3942; baseline 0.006 -36"><span class='ocrx_word' id='word_1_737' title='bbox 2274 3858 2486 3929; x_wconf 80' lang='grc' dir='ltr'>Πνεῦμα</span> <span class='ocrx_word' id='word_1_738' title='bbox 2516 3862 2738 3935; x_wconf 82' lang='grc' dir='ltr'>Χριστοῦ</span> <span class='ocrx_word' id='word_1_739' title='bbox 2787 3859 2900 3933; x_wconf 83' lang='grc' dir='ltr'>οῦκ,</span> <span class='ocrx_word' id='word_1_740' title='bbox 2961 3860 3103 3942; x_wconf 77' lang='grc' dir='ltr'>ἔχει,</span> <span class='ocrx_word' id='word_1_741' title='bbox 3136 3865 3286 3927; x_wconf 78' lang='grc' dir='ltr'>οὗτος</span> <span class='ocrx_word' id='word_1_742' title='bbox 3330 3862 3425 3918; x_wconf 79' lang='grc' dir='ltr'><strong>οὒκ</strong></span> <span class='ocrx_word' id='word_1_743' title='bbox 3464 3859 3606 3918; x_wconf 72' lang='grc' dir='ltr'>ἔστιν</span> <span class='ocrx_word' id='word_1_744' title='bbox 3661 3861 3839 3917; x_wconf 75' lang='grc' dir='ltr'>αὐτοῦ’</span> <span class='ocrx_word' id='word_1_745' title='bbox 3879 3883 3909 3915; x_wconf 71' lang='grc' dir='ltr'><strong><em>ι</em></strong></span> 
     </span>
    </p>
   </div>
   <div class='ocr_carea' id='block_1_101' title="bbox 2274 3939 3915 4027">
    <p class='ocr_par' dir='ltr' id='par_1_101' title="bbox 2274 3939 3915 4027">
     <span class='ocr_line' id='line_1_101' title="bbox 2274 3939 3915 4027; baseline 0.004 -28"><span class='ocrx_word' id='word_1_746' title='bbox 2274 3946 2363 4000; x_wconf 86' lang='grc' dir='ltr'><strong>καὶ</strong></span> <span class='ocrx_word' id='word_1_747' title='bbox 2419 3945 2580 4003; x_wconf 84' lang='grc' dir='ltr'>πάλιν</span> <span class='ocrx_word' id='word_1_748' title='bbox 2617 3967 2630 3981; x_wconf 86' lang='grc'><em>’</em></span> <span class='ocrx_word' id='word_1_749' title='bbox 2684 3977 2706 4007; x_wconf 75' lang='grc' dir='ltr'><strong>ι</strong></span> <span class='ocrx_word' id='word_1_750' title='bbox 2759 3939 2943 4026; x_wconf 61' lang='grc' dir='ltr'><strong>ιΥ’με·ες</strong></span> <span class='ocrx_word' id='word_1_751' title='bbox 2992 3939 3056 4007; x_wconf 17' lang='grc' dir='ltr'><strong>*δὲ</strong></span> <span class='ocrx_word' id='word_1_752' title='bbox 3120 3957 3180 4012; x_wconf 76' lang='grc' dir='ltr'><strong>οῦ</strong></span> <span class='ocrx_word' id='word_1_753' title='bbox 3220 3954 3281 4009; x_wconf 81' lang='grc' dir='ltr'>τὸ</span> <span class='ocrx_word' id='word_1_754' title='bbox 3337 3958 3549 4027; x_wconf 88' lang='grc' dir='ltr'>Πνεῦμα</span> <span class='ocrx_word' id='word_1_755' title='bbox 3595 3959 3687 4009; x_wconf 86' lang='grc' dir='ltr'><strong>τοῦ</strong></span> <span class='ocrx_word' id='word_1_756' title='bbox 3711 3949 3915 4026; x_wconf 78' lang='grc' dir='ltr'>’κόσμον</span> 
     </span>
    </p>
   </div>
   <div class='ocr_carea' id='block_1_102' title="bbox 2275 4031 3913 4117">
    <p class='ocr_par' dir='ltr' id='par_1_102' title="bbox 2275 4031 3913 4117">
     <span class='ocr_line' id='line_1_102' title="bbox 2275 4031 3913 4117; baseline 0.005 -30"><span class='ocrx_word' id='word_1_757' title='bbox 2275 4031 2512 4104; x_wconf 78' lang='grc' dir='ltr'>ἐλάϐετε,</span> <span class='ocrx_word' id='word_1_758' title='bbox 2559 4035 2696 4093; x_wconf 80' lang='grc' dir='ltr'>ἀλλὰ</span> <span class='ocrx_word' id='word_1_759' title='bbox 2738 4041 2800 4095; x_wconf 82' lang='grc' dir='ltr'>τὸ</span> <span class='ocrx_word' id='word_1_760' title='bbox 2842 4046 3055 4117; x_wconf 87' lang='grc' dir='ltr'>Πνεῦμα</span> <span class='ocrx_word' id='word_1_761' title='bbox 3108 4044 3170 4098; x_wconf 80' lang='grc' dir='ltr'><strong>τὸ</strong></span> <span class='ocrx_word' id='word_1_762' title='bbox 3222 4042 3282 4097; x_wconf 80' lang='grc' dir='ltr'><strong>ἐκ</strong></span> <span class='ocrx_word' id='word_1_763' title='bbox 3310 4048 3402 4099; x_wconf 91' lang='grc' dir='ltr'><strong>τοῦ</strong></span> <span class='ocrx_word' id='word_1_764' title='bbox 3458 4049 3609 4100; x_wconf 89' lang='grc' dir='ltr'>Θεοῦ.</span> <span class='ocrx_word' id='word_1_765' title='bbox 3670 4041 3832 4099; x_wconf 87' lang='grc' dir='ltr'>Τοῦτο</span> <span class='ocrx_word' id='word_1_766' title='bbox 3856 4038 3913 4096; x_wconf 80' lang='grc' dir='ltr'>δὲ</span> 
     </span>
    </p>
   </div>
   <div class='ocr_carea' id='block_1_103' title="bbox 2279 4125 3912 4210">
    <p class='ocr_par' dir='ltr' id='par_1_103' title="bbox 2279 4125 3912 4210">
     <span class='ocr_line' id='line_1_103' title="bbox 2279 4125 3912 4210; baseline 0.004 -32"><span class='ocrx_word' id='word_1_767' title='bbox 2279 4130 2369 4210; x_wconf 81' lang='grc' dir='ltr'><strong>τοῦ</strong></span> <span class='ocrx_word' id='word_1_768' title='bbox 2402 4125 2584 4203; x_wconf 85' lang='grc' dir='ltr'>Κυρίου</span> <span class='ocrx_word' id='word_1_769' title='bbox 2612 4128 2674 4182; x_wconf 88' lang='grc' dir='ltr'>τὸ</span> <span class='ocrx_word' id='word_1_770' title='bbox 2732 4134 2943 4205; x_wconf 81' lang='grc' dir='ltr'>Πνεῦμα</span> <span class='ocrx_word' id='word_1_771' title='bbox 2984 4135 3081 4197; x_wconf 79' lang='grc' dir='ltr'>τῆς</span> <span class='ocrx_word' id='word_1_772' title='bbox 3128 4129 3373 4198; x_wconf 72' lang='grc' dir='ltr'>ἂληθείας</span> <span class='ocrx_word' id='word_1_773' title='bbox 3428 4128 3701 4210; x_wconf 84' lang='grc' dir='ltr'>λέγοντος,</span> <span class='ocrx_word' id='word_1_774' title='bbox 3758 4128 3912 4185; x_wconf 77' lang='grc' dir='ltr'>ἒπει-</span> 
     </span>
    </p>
   </div>
   <div class='ocr_carea' id='block_1_104' title="bbox 2276 4209 3910 4299">
    <p class='ocr_par' dir='ltr' id='par_1_104' title="bbox 2276 4209 3910 4299">
     <span class='ocr_line' id='line_1_104' title="bbox 2276 4209 3910 4299; baseline -0.001 -20"><span class='ocrx_word' id='word_1_775' title='bbox 2276 4209 2341 4279; x_wconf 72' lang='grc' dir='ltr'><strong>δῆ</strong></span> <span class='ocrx_word' id='word_1_776' title='bbox 2384 4213 2539 4278; x_wconf 67' lang='grc' dir='ltr'>αὐτὸς</span> <span class='ocrx_word' id='word_1_777' title='bbox 2587 4218 2623 4284; x_wconf 75' lang='grc' dir='ltr'><strong>ἡ</strong></span> <span class='ocrx_word' id='word_1_778' title='bbox 2667 4216 2907 4297; x_wconf 73' lang='grc' dir='ltr'>ἀλήθεια,</span> <span class='ocrx_word' id='word_1_779' title='bbox 2966 4222 3052 4277; x_wconf 85' lang='grc' dir='ltr'>καὶ</span> <span class='ocrx_word' id='word_1_780' title='bbox 3122 4221 3263 4299; x_wconf 84' lang='grc' dir='ltr'>παρὰ</span> <span class='ocrx_word' id='word_1_781' title='bbox 3307 4226 3399 4278; x_wconf 86' lang='grc' dir='ltr'><strong>τοῦ</strong></span> <span class='ocrx_word' id='word_1_782' title='bbox 3470 4209 3690 4299; x_wconf 12' lang='grc' dir='ltr'>Πιτρὸςν</span> <span class='ocrx_word' id='word_1_783' title='bbox 3742 4218 3910 4277; x_wconf 77' lang='grc' dir='ltr'>ἐκπο-</span> 
     </span>
    </p>
   </div>
   <div class='ocr_carea' id='block_1_105' title="bbox 557 4304 2183 4393">
    <p class='ocr_par' dir='ltr' id='par_1_105' title="bbox 557 4311 2183 4393">
     <span class='ocr_line' id='line_1_105' title="bbox 557 4311 2183 4393; baseline -0.004 -19"><span class='ocrx_word' id='word_1_784' title='bbox 557 4322 712 4374; x_wconf 88' lang='lat' dir='ltr'><strong>sunt.</strong></span> <span class='ocrx_word' id='word_1_785' title='bbox 749 4315 826 4374; x_wconf 86' lang='lat' dir='ltr'><strong>At</strong></span> <span class='ocrx_word' id='word_1_786' title='bbox 859 4322 919 4373; x_wconf 95' lang='lat' dir='ltr'><strong>tu</strong></span> <span class='ocrx_word' id='word_1_787' title='bbox 949 4330 1123 4393; x_wconf 89' lang='lat' dir='ltr'><strong>porro</strong></span> <span class='ocrx_word' id='word_1_788' title='bbox 1149 4314 1459 4374; x_wconf 80' lang='lat' dir='ltr'><strong>Considera</strong></span> <span class='ocrx_word' id='word_1_789' title='bbox 1494 4312 1634 4371; x_wconf 91' lang='lat' dir='ltr'><strong>illud</strong></span> <span class='ocrx_word' id='word_1_790' title='bbox 1667 4311 1945 4371; x_wconf 89' lang='lat' dir='ltr'><strong>attentius</strong></span> <span class='ocrx_word' id='word_1_791' title='bbox 1979 4326 1992 4370; x_wconf 76' lang='grc' dir='ltr'><strong>ε</strong></span> <span class='ocrx_word' id='word_1_792' title='bbox 2035 4311 2183 4384; x_wconf 73' lang='grc' dir='ltr'>«ουρ</span> 
     </span>
    </p>
   </div>
   <div class='ocr_carea' id='block_1_106' title="bbox 2264 4304 3911 4393">
    <p class='ocr_par' dir='ltr' id='par_1_106' title="bbox 2279 4304 3911 4388">
     <span class='ocr_line' id='line_1_106' title="bbox 2279 4304 3911 4388; baseline 0.005 -31"><span class='ocrx_word' id='word_1_793' title='bbox 2279 4304 2504 4380; x_wconf 84' lang='grc' dir='ltr'>ρεύεται.</span> <span class='ocrx_word' id='word_1_794' title='bbox 2542 4330 2570 4361; x_wconf 68' lang='grc' dir='ltr'><strong><em>ι</em></strong></span> <span class='ocrx_word' id='word_1_795' title='bbox 2647 4317 2818 4367; x_wconf 86' lang='grc' dir='ltr'>Ταῦτα</span> <span class='ocrx_word' id='word_1_796' title='bbox 2887 4310 2981 4385; x_wconf 80' lang='grc' dir='ltr'>μὲν</span> <span class='ocrx_word' id='word_1_797' title='bbox 3053 4310 3138 4366; x_wconf 80' lang='grc' dir='ltr'>ἐπὶ</span> <span class='ocrx_word' id='word_1_798' title='bbox 3194 4309 3383 4376; x_wconf 75' lang='grc' dir='ltr'>λέξεων</span> <span class='ocrx_word' id='word_1_799' title='bbox 3438 4313 3467 4366; x_wconf 90' lang='lat'><strong>6</strong></span> <span class='ocrx_word' id='word_1_800' title='bbox 3520 4309 3692 4388; x_wconf 74' lang='grc' dir='ltr'>ἅγιος.</span> <span class='ocrx_word' id='word_1_801' title='bbox 3726 4311 3799 4365; x_wconf 85' lang='grc' dir='ltr'><strong>Σῦ</strong></span> <span class='ocrx_word' id='word_1_802' title='bbox 3856 4308 3911 4365; x_wconf 76' lang='grc' dir='ltr'>δὲ</span> 
     </span>
    </p>
   </div>
   <div class='ocr_carea' id='block_1_107' title="bbox 2276 4397 3912 4481">
    <p class='ocr_par' dir='ltr' id='par_1_107' title="bbox 2276 4397 3912 4481">
     <span class='ocr_line' id='line_1_107' title="bbox 2276 4397 3912 4481; baseline 0.004 -32"><span class='ocrx_word' id='word_1_803' title='bbox 2276 4414 2462 4481; x_wconf 80' lang='grc' dir='ltr'>σκοπει</span> <span class='ocrx_word' id='word_1_804' title='bbox 2530 4398 2612 4469; x_wconf 83' lang='grc' dir='ltr'><strong>τὸ,</strong></span> <span class='ocrx_word' id='word_1_805' title='bbox 2669 4404 2790 4462; x_wconf 87' lang='grc' dir='ltr'><strong>Πῶς</strong></span> <span class='ocrx_word' id='word_1_806' title='bbox 2847 4398 2901 4454; x_wconf 79' lang='grc' dir='ltr'>δὲ</span> <span class='ocrx_word' id='word_1_807' title='bbox 2955 4401 3014 4456; x_wconf 78' lang='grc' dir='ltr'><strong>οῦ</strong></span> <span class='ocrx_word' id='word_1_808' title='bbox 3084 4400 3303 4481; x_wconf 80' lang='grc' dir='ltr'>φανερόν</span> <span class='ocrx_word' id='word_1_809' title='bbox 3370 4399 3621 4479; x_wconf 78' lang='grc' dir='ltr'>ἔχειτὸν</span> <span class='ocrx_word' id='word_1_810' title='bbox 3683 4397 3912 4457; x_wconf 83' lang='grc' dir='ltr'>κίνδυνον</span> 
     </span>
    </p>
   </div>
   <div class='ocr_carea' id='block_1_108' title="bbox 2275 4479 3911 4570">
    <p class='ocr_par' dir='ltr' id='par_1_108' title="bbox 2275 4479 3911 4570">
     <span class='ocr_line' id='line_1_108' title="bbox 2275 4479 3911 4570; baseline 0.006 -35"><span class='ocrx_word' id='word_1_811' title='bbox 2275 4479 2497 4559; x_wconf 79' lang='grc' dir='ltr'>διαιρεῖν</span> <span class='ocrx_word' id='word_1_812' title='bbox 2541 4483 2646 4542; x_wconf 77' lang='grc' dir='ltr'>ἀπὸ</span> <span class='ocrx_word' id='word_1_813' title='bbox 2688 4495 2780 4544; x_wconf 88' lang='grc' dir='ltr'><strong>τοῦ</strong></span> <span class='ocrx_word' id='word_1_814' title='bbox 2811 4491 2942 4546; x_wconf 86' lang='grc' dir='ltr'>Θεοῦ</span> <span class='ocrx_word' id='word_1_815' title='bbox 2981 4492 3042 4546; x_wconf 82' lang='grc' dir='ltr'>τὸ</span> <span class='ocrx_word' id='word_1_816' title='bbox 3084 4479 3296 4565; x_wconf 88' lang='grc' dir='ltr'>Πνεῦμα</span> <span class='ocrx_word' id='word_1_817' title='bbox 3329 4509 3345 4570; x_wconf 80' lang='grc'><strong>;</strong></span> <span class='ocrx_word' id='word_1_818' title='bbox 3400 4511 3428 4546; x_wconf 67' lang='grc' dir='ltr'><strong>υ</strong></span> <span class='ocrx_word' id='word_1_819' title='bbox 3460 4491 3533 4547; x_wconf 80' lang='grc' dir='ltr'><strong>Οῦ</strong></span> <span class='ocrx_word' id='word_1_820' title='bbox 3599 4489 3698 4567; x_wconf 81' lang='grc' dir='ltr'>γὰρ</span> <span class='ocrx_word' id='word_1_821' title='bbox 3755 4489 3911 4545; x_wconf 78' lang='grc' dir='ltr'>εἶπεν</span> 
     </span>
    </p>
   </div>
   <div class='ocr_carea' id='block_1_109' title="bbox 2276 4571 3909 4658">
    <p class='ocr_par' dir='ltr' id='par_1_109' title="bbox 2276 4571 3909 4658">
     <span class='ocr_line' id='line_1_109' title="bbox 2276 4571 3909 4658; baseline 0.005 -32"><span class='ocrx_word' id='word_1_822' title='bbox 2276 4573 2302 4626; x_wconf 90' lang='lat'><strong>6</strong></span> <span class='ocrx_word' id='word_1_823' title='bbox 2331 4571 2480 4649; x_wconf 69' lang='grc' dir='ltr'>ἅγιος</span> <span class='ocrx_word' id='word_1_824' title='bbox 2517 4589 2530 4602; x_wconf 86' lang='grc'><strong>⁹</strong></span> <span class='ocrx_word' id='word_1_825' title='bbox 2577 4581 2697 4640; x_wconf 82' lang='grc' dir='ltr'><strong>Πῶς</strong></span> <span class='ocrx_word' id='word_1_826' title='bbox 2728 4574 2782 4633; x_wconf 80' lang='grc' dir='ltr'>δὲ</span> <span class='ocrx_word' id='word_1_827' title='bbox 2811 4580 2871 4635; x_wconf 78' lang='grc' dir='ltr'><strong>οῦ</strong></span> <span class='ocrx_word' id='word_1_828' title='bbox 2901 4578 3120 4658; x_wconf 76' lang='grc' dir='ltr'>φανερὸν</span> <span class='ocrx_word' id='word_1_829' title='bbox 3167 4577 3284 4658; x_wconf 71' lang='grc' dir='ltr'>ἔχει</span> <span class='ocrx_word' id='word_1_830' title='bbox 3313 4580 3403 4635; x_wconf 79' lang='grc' dir='ltr'><strong>τὸν</strong></span> <span class='ocrx_word' id='word_1_831' title='bbox 3458 4575 3690 4634; x_wconf 82' lang='grc' dir='ltr'>κίνδυνον</span> <span class='ocrx_word' id='word_1_832' title='bbox 3739 4600 3909 4656; x_wconf 87' lang='grc' dir='ltr'>προσ-</span> 
     </span>
    </p>
   </div>
   <div class='ocr_carea' id='block_1_110' title="bbox 2275 4662 3909 4744">
    <p class='ocr_par' dir='ltr' id='par_1_110' title="bbox 2275 4662 3909 4744">
     <span class='ocr_line' id='line_1_110' title="bbox 2275 4662 3909 4744; baseline 0.004 -29"><span class='ocrx_word' id='word_1_833' title='bbox 2275 4662 2470 4718; x_wconf 87' lang='grc' dir='ltr'>τιθέναι</span> <span class='ocrx_word' id='word_1_834' title='bbox 2505 4667 2582 4737; x_wconf 84' lang='grc' dir='ltr'>τῴ</span> <span class='ocrx_word' id='word_1_835' title='bbox 2627 4668 2732 4738; x_wconf 80' lang='grc' dir='ltr'><strong>Υἱῷ</strong></span> <span class='ocrx_word' id='word_1_836' title='bbox 2773 4668 2832 4722; x_wconf 88' lang='grc' dir='ltr'>τὸ</span> <span class='ocrx_word' id='word_1_837' title='bbox 2876 4667 3108 4743; x_wconf 88' lang='grc' dir='ltr'>Πνεῦμα,</span> <span class='ocrx_word' id='word_1_838' title='bbox 3143 4670 3278 4744; x_wconf 73' lang='grc' dir='ltr'>μήτε</span> <span class='ocrx_word' id='word_1_839' title='bbox 3308 4664 3374 4723; x_wconf 87' lang='grc' dir='ltr'><strong>δι’</strong></span> <span class='ocrx_word' id='word_1_840' title='bbox 3418 4668 3595 4743; x_wconf 77' lang='grc' dir='ltr'>αὐτοῦ,</span> <span class='ocrx_word' id='word_1_841' title='bbox 3657 4668 3793 4742; x_wconf 76' lang='grc' dir='ltr'>μήτε</span> <span class='ocrx_word' id='word_1_842' title='bbox 3856 4663 3909 4730; x_wconf 78' lang='grc' dir='ltr'><strong>ἐξ</strong></span> 
     </span>
    </p>
   </div>
   <div class='ocr_carea' id='block_1_111' title="bbox 2277 4751 3906 4837">
    <p class='ocr_par' dir='ltr' id='par_1_111' title="bbox 2277 4751 3906 4837">
     <span class='ocr_line' id='line_1_111' title="bbox 2277 4751 3906 4837; baseline 0.003 -31"><span class='ocrx_word' id='word_1_843' title='bbox 2277 4752 2431 4810; x_wconf 71' lang='grc' dir='ltr'>αὐτοῦ</span> <span class='ocrx_word' id='word_1_844' title='bbox 2476 4751 2556 4832; x_wconf 83' lang='grc' dir='ltr'>ὅν,</span> <span class='ocrx_word' id='word_1_845' title='bbox 2603 4753 2722 4811; x_wconf 82' lang='grc' dir='ltr'>ἀλλ’</span> <span class='ocrx_word' id='word_1_846' title='bbox 2752 4757 2814 4812; x_wconf 68' lang='grc' dir='ltr'>ὲκ</span> <span class='ocrx_word' id='word_1_847' title='bbox 2869 4766 2961 4815; x_wconf 90' lang='grc' dir='ltr'><strong>τοῦ</strong></span> <span class='ocrx_word' id='word_1_848' title='bbox 3016 4759 3218 4837; x_wconf 84' lang='grc' dir='ltr'>Πατρὸς</span> <span class='ocrx_word' id='word_1_849' title='bbox 3280 4757 3480 4837; x_wconf 45' lang='grc' dir='ltr'>μόνου,</span> <span class='ocrx_word' id='word_1_850' title='bbox 3554 4754 3702 4812; x_wconf 81' lang='grc' dir='ltr'>Ἀλλ’</span> <span class='ocrx_word' id='word_1_851' title='bbox 3761 4755 3906 4830; x_wconf 76' lang='grc' dir='ltr'>εἷπε,</span> 
     </span>
    </p>
   </div>
   <div class='ocr_carea' id='block_1_112' title="bbox 2283 4828 3913 4924">
    <p class='ocr_par' dir='ltr' id='par_1_112' title="bbox 2283 4828 3913 4924">
     <span class='ocr_line' id='line_1_112' title="bbox 2283 4828 3913 4924; baseline 0.003 -30"><span class='ocrx_word' id='word_1_852' title='bbox 2283 4862 2305 4894; x_wconf 82' lang='grc'><em>‹</em></span> <span class='ocrx_word' id='word_1_853' title='bbox 2342 4845 2462 4903; x_wconf 80' lang='grc' dir='ltr'><strong>Πῶς</strong></span> <span class='ocrx_word' id='word_1_854' title='bbox 2492 4828 2552 4898; x_wconf 47' lang='grc' dir='ltr'><strong>δὲ’</strong></span> <span class='ocrx_word' id='word_1_855' title='bbox 2590 4844 2647 4899; x_wconf 75' lang='grc' dir='ltr'>οὗ</span> <span class='ocrx_word' id='word_1_856' title='bbox 2675 4847 2895 4924; x_wconf 80' lang='grc' dir='ltr'>φανερὸν</span> <span class='ocrx_word' id='word_1_857' title='bbox 2937 4844 3052 4924; x_wconf 77' lang='grc' dir='ltr'>ἔχει</span> <span class='ocrx_word' id='word_1_858' title='bbox 3107 4828 3197 4901; x_wconf 74' lang='grc' dir='ltr'>τὸν</span> <span class='ocrx_word' id='word_1_859' title='bbox 3247 4828 3475 4902; x_wconf 67' lang='grc' dir='ltr'>κίνδυνον</span> <span class='ocrx_word' id='word_1_860' title='bbox 3533 4841 3752 4924; x_wconf 80' lang='grc' dir='ltr'>διαιρεῖν</span> <span class='ocrx_word' id='word_1_861' title='bbox 3807 4828 3913 4902; x_wconf 73' lang='grc' dir='ltr'><strong>ὰπῦ</strong></span> 
     </span>
    </p>
   </div>
   <div class='ocr_carea' id='block_1_113' title="bbox 2276 4928 3911 5009">
    <p class='ocr_par' dir='ltr' id='par_1_113' title="bbox 2276 4928 3911 5009">
     <span class='ocr_line' id='line_1_113' title="bbox 2276 4928 3911 5009; baseline 0.004 -25"><span class='ocrx_word' id='word_1_862' title='bbox 2276 4940 2369 4988; x_wconf 88' lang='grc' dir='ltr'><strong>τοῦ</strong></span> <span class='ocrx_word' id='word_1_863' title='bbox 2394 4934 2525 4987; x_wconf 89' lang='grc' dir='ltr'>Θεοῦ</span> <span class='ocrx_word' id='word_1_864' title='bbox 2574 4936 2635 4989; x_wconf 83' lang='grc' dir='ltr'>τὸ</span> <span class='ocrx_word' id='word_1_865' title='bbox 2691 4936 2936 5009; x_wconf 83' lang='grc' dir='ltr'>Πνεῦμα;</span> <span class='ocrx_word' id='word_1_866' title='bbox 2997 4928 3011 4948; x_wconf 63' lang='grc'>²</span> <span class='ocrx_word' id='word_1_867' title='bbox 3036 4946 3172 4990; x_wconf 85' lang='grc' dir='ltr'>Ωστε</span> <span class='ocrx_word' id='word_1_868' title='bbox 3207 4940 3351 4991; x_wconf 83' lang='grc' dir='ltr'>πᾶσα</span> <span class='ocrx_word' id='word_1_869' title='bbox 3379 4933 3446 5001; x_wconf 80' lang='grc' dir='ltr'><strong>ἧν</strong></span> <span class='ocrx_word' id='word_1_870' title='bbox 3502 4935 3644 5008; x_wconf 73' lang='grc' dir='ltr'>αὐτῷ</span> <span class='ocrx_word' id='word_1_871' title='bbox 3677 4935 3712 5003; x_wconf 81' lang='grc' dir='ltr'><strong>ἡ</strong></span> <span class='ocrx_word' id='word_1_872' title='bbox 3743 4955 3911 4992; x_wconf 89' lang='grc' dir='ltr'>οπου-</span> 
     </span>
    </p>
   </div>
   <div class='ocr_carea' id='block_1_114' title="bbox 2278 5017 3915 5103">
    <p class='ocr_par' dir='ltr' id='par_1_114' title="bbox 2278 5017 3915 5103">
     <span class='ocr_line' id='line_1_114' title="bbox 2278 5017 3915 5103; baseline 0.004 -29"><span class='ocrx_word' id='word_1_873' title='bbox 2278 5017 2366 5093; x_wconf 78' lang='grc' dir='ltr'><strong>δὴ,</strong></span> <span class='ocrx_word' id='word_1_874' title='bbox 2440 5023 2552 5085; x_wconf 86' lang='grc' dir='ltr'><strong>πῶς</strong></span> <span class='ocrx_word' id='word_1_875' title='bbox 2612 5021 2673 5079; x_wconf 76' lang='grc' dir='ltr'>ἄν</span> <span class='ocrx_word' id='word_1_876' title='bbox 2729 5021 3012 5089; x_wconf 79' lang='grc' dir='ltr'>ἀποδείξειε</span> <span class='ocrx_word' id='word_1_877' title='bbox 3067 5025 3127 5079; x_wconf 82' lang='grc' dir='ltr'>τὸ</span> <span class='ocrx_word' id='word_1_878' title='bbox 3185 5024 3396 5099; x_wconf 81' lang='grc' dir='ltr'>Πνεῦμα</span> <span class='ocrx_word' id='word_1_879' title='bbox 3436 5030 3513 5098; x_wconf 84' lang='grc' dir='ltr'><strong>τῷ</strong></span> <span class='ocrx_word' id='word_1_880' title='bbox 3582 5026 3743 5103; x_wconf 81' lang='grc' dir='ltr'>Πατρὶ</span> <span class='ocrx_word' id='word_1_881' title='bbox 3798 5046 3915 5081; x_wconf 86' lang='grc' dir='ltr'>συν-</span> 
     </span>
    </p>
   </div>
   <div class='ocr_carea' id='block_1_115' title="bbox 2282 5109 3914 5191">
    <p class='ocr_par' dir='ltr' id='par_1_115' title="bbox 2282 5109 3914 5191">
     <span class='ocr_line' id='line_1_115' title="bbox 2282 5109 3914 5191; baseline 0.004 -27"><span class='ocrx_word' id='word_1_882' title='bbox 2282 5109 2604 5190; x_wconf 85' lang='grc' dir='ltr'>απτόμενον,</span> <span class='ocrx_word' id='word_1_883' title='bbox 2668 5109 3023 5191; x_wconf 83' lang='grc' dir='ltr'>διαιρεύμενον</span> <span class='ocrx_word' id='word_1_884' title='bbox 3077 5109 3169 5169; x_wconf 83' lang='grc' dir='ltr'><strong>ἀπ’</strong></span> <span class='ocrx_word' id='word_1_885' title='bbox 3225 5116 3381 5170; x_wconf 74' lang='grc' dir='ltr'>αὐτοῦ</span> <span class='ocrx_word' id='word_1_886' title='bbox 3436 5113 3573 5169; x_wconf 79' lang='grc' dir='ltr'>κατὰ</span> <span class='ocrx_word' id='word_1_887' title='bbox 3625 5116 3717 5170; x_wconf 78' lang='grc' dir='ltr'>τὸν</span> <span class='ocrx_word' id='word_1_888' title='bbox 3746 5113 3914 5173; x_wconf 70' lang='grc' dir='ltr'>Εὐνό-</span> 
     </span>
    </p>
   </div>
   <div class='ocr_carea' id='block_1_116' title="bbox 2283 5197 3915 5284">
    <p class='ocr_par' dir='ltr' id='par_1_116' title="bbox 2283 5197 3915 5284">
     <span class='ocr_line' id='line_1_116' title="bbox 2283 5197 3915 5284; baseline 0.006 -32"><span class='ocrx_word' id='word_1_889' title='bbox 2283 5220 2426 5271; x_wconf 87' lang='grc' dir='ltr'>μιον.</span> <span class='ocrx_word' id='word_1_890' title='bbox 2484 5202 2584 5257; x_wconf 83' lang='grc' dir='ltr'>Καὶ</span> <span class='ocrx_word' id='word_1_891' title='bbox 2652 5197 2809 5267; x_wconf 79' lang='grc' dir='ltr'>δῆλον</span> <span class='ocrx_word' id='word_1_892' title='bbox 2874 5200 2925 5267; x_wconf 79' lang='grc' dir='ltr'><strong>ἐξ</strong></span> <span class='ocrx_word' id='word_1_893' title='bbox 2982 5205 3054 5260; x_wconf 81' lang='grc' dir='ltr'>ὢν</span> <span class='ocrx_word' id='word_1_894' title='bbox 3110 5200 3340 5281; x_wconf 75' lang='grc' dir='ltr'>ἐπιφέρει</span> <span class='ocrx_word' id='word_1_895' title='bbox 3407 5208 3727 5284; x_wconf 79' lang='grc' dir='ltr'>μαρτυριῶν,</span> <span class='ocrx_word' id='word_1_896' title='bbox 3772 5203 3915 5262; x_wconf 75' lang='grc' dir='ltr'>ἀπο-</span> 
     </span>
    </p>
   </div>
   <div class='ocr_carea' id='block_1_117' title="bbox 2279 5287 3913 5370">
    <p class='ocr_par' dir='ltr' id='par_1_117' title="bbox 2279 5287 3913 5370">
     <span class='ocr_line' id='line_1_117' title="bbox 2279 5287 3913 5370; baseline 0.001 -22"><span class='ocrx_word' id='word_1_897' title='bbox 2279 5290 2566 5348; x_wconf 82' lang='grc' dir='ltr'>στολικοῶν</span> <span class='ocrx_word' id='word_1_898' title='bbox 2621 5312 2677 5346; x_wconf 88' lang='grc' dir='ltr'><strong>τε</strong></span> <span class='ocrx_word' id='word_1_899' title='bbox 2747 5292 2834 5348; x_wconf 84' lang='grc' dir='ltr'>καὶ</span> <span class='ocrx_word' id='word_1_900' title='bbox 2888 5289 3275 5370; x_wconf 84' lang='grc' dir='ltr'>Εῦαγγελικῶν,</span> <span class='ocrx_word' id='word_1_901' title='bbox 3351 5287 3402 5355; x_wconf 77' lang='grc' dir='ltr'>ἐξ</span> <span class='ocrx_word' id='word_1_902' title='bbox 3456 5292 3531 5348; x_wconf 81' lang='grc' dir='ltr'>ὧν</span> <span class='ocrx_word' id='word_1_903' title='bbox 3585 5290 3913 5350; x_wconf 80' lang='grc' dir='ltr'>ἀποδείκνυσι</span> 
     </span>
    </p>
   </div>
   <div class='ocr_carea' id='block_1_118' title="bbox 2281 5380 3917 5456">
    <p class='ocr_par' dir='ltr' id='par_1_118' title="bbox 2281 5380 3917 5456">
     <span class='ocr_line' id='line_1_118' title="bbox 2281 5380 3917 5456; baseline 0.002 -21"><span class='ocrx_word' id='word_1_904' title='bbox 2281 5380 2630 5456; x_wconf 85' lang='grc' dir='ltr'>συνημμένως</span> <span class='ocrx_word' id='word_1_905' title='bbox 2702 5382 2842 5437; x_wconf 81' lang='grc' dir='ltr'>εἶναι</span> <span class='ocrx_word' id='word_1_906' title='bbox 2911 5382 2973 5436; x_wconf 82' lang='grc' dir='ltr'>τὸ</span> <span class='ocrx_word' id='word_1_907' title='bbox 3064 5386 3276 5455; x_wconf 88' lang='grc' dir='ltr'>Πνεῦμα</span> <span class='ocrx_word' id='word_1_908' title='bbox 3328 5385 3421 5436; x_wconf 91' lang='grc' dir='ltr'><strong>τοῦ</strong></span> <span class='ocrx_word' id='word_1_909' title='bbox 3509 5382 3629 5437; x_wconf 80' lang='grc' dir='ltr'>Υἱοῦ</span> <span class='ocrx_word' id='word_1_910' title='bbox 3698 5383 3917 5439; x_wconf 77' lang='grc' dir='ltr'>καὶτοῦ</span> 
     </span>
    </p>
   </div>
   <div class='ocr_carea' id='block_1_119' title="bbox 2277 5464 3917 5551">
    <p class='ocr_par' dir='ltr' id='par_1_119' title="bbox 2277 5464 3917 5551">
     <span class='ocr_line' id='line_1_119' title="bbox 2277 5464 3917 5551; baseline 0.001 -26"><span class='ocrx_word' id='word_1_911' title='bbox 2277 5472 2504 5548; x_wconf 83' lang='grc' dir='ltr'>Πατρὸς,</span> <span class='ocrx_word' id='word_1_912' title='bbox 2538 5471 2625 5526; x_wconf 85' lang='grc' dir='ltr'>καὶ</span> <span class='ocrx_word' id='word_1_913' title='bbox 2666 5473 2725 5528; x_wconf 83' lang='grc' dir='ltr'>οὒ</span> <span class='ocrx_word' id='word_1_914' title='bbox 2779 5467 2908 5526; x_wconf 88' lang='grc' dir='ltr'>διότι</span> <span class='ocrx_word' id='word_1_915' title='bbox 2957 5471 3052 5525; x_wconf 86' lang='grc' dir='ltr'><strong>τοῦ</strong></span> <span class='ocrx_word' id='word_1_916' title='bbox 3116 5469 3257 5543; x_wconf 80' lang='grc' dir='ltr'>Υίοῦ,</span> <span class='ocrx_word' id='word_1_917' title='bbox 3319 5464 3403 5524; x_wconf 78' lang='grc' dir='ltr'><strong>διὰ</strong></span> <span class='ocrx_word' id='word_1_918' title='bbox 3453 5470 3607 5526; x_wconf 87' lang='grc' dir='ltr'>τοῦτο</span> <span class='ocrx_word' id='word_1_919' title='bbox 3680 5472 3801 5551; x_wconf 84' lang='grc' dir='ltr'>οῦχὶ</span> <span class='ocrx_word' id='word_1_920' title='bbox 3830 5471 3917 5526; x_wconf 80' lang='grc' dir='ltr'>καὶ</span> 
     </span>
    </p>
   </div>
   <div class='ocr_carea' id='block_1_120' title="bbox 2277 5549 3918 5642">
    <p class='ocr_par' dir='ltr' id='par_1_120' title="bbox 2277 5549 3918 5642">
     <span class='ocr_line' id='line_1_120' title="bbox 2277 5549 3918 5642; baseline 0.001 -26"><span class='ocrx_word' id='word_1_921' title='bbox 2277 5566 2371 5617; x_wconf 89' lang='grc' dir='ltr'><strong>τοῦ</strong></span> <span class='ocrx_word' id='word_1_922' title='bbox 2414 5559 2645 5641; x_wconf 75' lang='grc' dir='ltr'>Πατρὸς,</span> <span class='ocrx_word' id='word_1_923' title='bbox 2679 5549 2788 5617; x_wconf 67' lang='grc' dir='ltr'>οὐδ’</span> <span class='ocrx_word' id='word_1_924' title='bbox 2816 5557 2896 5616; x_wconf 81' lang='grc' dir='ltr'><strong>ὅτι</strong></span> <span class='ocrx_word' id='word_1_925' title='bbox 2952 5559 3012 5616; x_wconf 82' lang='grc' dir='ltr'>ἐκ</span> <span class='ocrx_word' id='word_1_926' title='bbox 3059 5565 3152 5616; x_wconf 88' lang='grc' dir='ltr'><strong>τοῦ</strong></span> <span class='ocrx_word' id='word_1_927' title='bbox 3205 5558 3434 5636; x_wconf 83' lang='grc' dir='ltr'>Πατρὸς,</span> <span class='ocrx_word' id='word_1_928' title='bbox 3477 5555 3561 5615; x_wconf 83' lang='grc' dir='ltr'><strong>διὰ</strong></span> <span class='ocrx_word' id='word_1_929' title='bbox 3614 5549 3918 5642; x_wconf 67' lang='grc' dir='ltr'>τοῦτόοῦχὶ</span> 
     </span>
    </p>
   </div>
  </div>
