4178 6286
320 398 436 484 2'05
1417 418 1515 480 DE
1556 410 2063 481 PROGESSIONE
2106 414 2167 477 s.
2216 414 2587 479 SPIRITUS.
2945 445 2953 452 -
3587 412 3708 482 206

323 548 407 607 διὰ
435 556 526 606 τοῦ
568 552 712 624 Υίοῦ,
757 549 792 618 ἢ
821 552 883 606 ὲκ
952 557 1042 606 τοῦ
1069 550 1211 611 Υἱοῦ.
1272 550 1377 613 Τὰς
1437 550 1536 629 γὰρ
1605 549 2007 630 Εὖαγγελικάςέ

2093 565 2159 610 er
2208 549 2446 627 Filium,
2482 559 2580 613 aut
2627 569 2697 613 ex
2745 550 2911 613 Filio.
2974 551 3328 631 Evangelica
3357 551 3516 614 enim
3548 551 3707 614 dicta

324 638 502 719 ῥήσεις
572 639 671 707 τὴν
724 660 783 695 τε
840 636 1096 717 λέγουσαν
1128 655 1142 668 ’
1227 661 1247 694 ι
1286 639 1357 697 Τὸ
1416 645 1627 714 Πνεῦμα
1678 640 1773 707 τῆς
1829 639 1970 705 ἄλη,

2091 658 2176 700 am
2230 642 2385 721 quod
2430 641 2658 717 asserit,
2728 665 2749 697 ι
2815 639 3104 719 Spiritum
3161 642 3451 717 veritatis,
3490 667 3517 698 »
3581 650 3704 704 tum

324 729 464 792 θείας
500 745 513 759 ·
588 730 674 785 καὶ
728 730 827 796 τὴν
879 750 902 785 ι
956 730 1103 808 Παρὰ
1189 735 1283 785 τοῦ
1363 729 1565 807 Πατρός
1623 729 1747 785 αὐτὸ
1802 729 1971 786 ἐκπο-

2091 729 2225 803 llud,
2269 730 2381 791 «Ex
2415 738 2579 811 patre
2645 731 2912 800 rrocedit
2958 732 3043 807 5|,
3106 752 3136 791 ›
3188 732 3250 793 in
3285 733 3409 812 jam
3468 745 3712 796 asserta

328 818 564 896 ρεύεσθαι
604 840 624 871 ι
687 819 760 881 εἰς
828 818 1108 898 μαρτυρίαν
1198 817 1412 876 ἐνταῦθα
1497 823 1595 885 τῆς
1692 818 1972 897 εἰρημένης

2092 820 2496 899 onjunctionis
2529 820 2942 881 testimonium
2996 820 3240 900 profert,
3277 821 3455 901 plane
3483 823 3704 900 sciens,

330 906 605 987 συναφείας
634 909 663 963 6
718 907 868 986 ἅγιος
932 905 1098 987 φέρει,
1160 905 1306 972 εἰδὼς
1347 904 1576 987 ἀκριϐῶς
1618 909 1691 969 ὡς
1754 908 1882 986 ὅπερ
1938 908 1973 975 ἡ

2091 926 2232 987 luam
2261 910 2659 987 processionis
2683 926 2791 972 vox
2814 910 3167 972 sententiam
3217 909 3485 974 insinuat
3512 914 3571 976 in
3599 934 3708 978 na-

329 994 701 1075 ἒμπορεύεναις
767 994 975 1054 δύναται
1034 995 1225 1063 δηλοῦν
1280 996 1416 1062 λέξις
1497 999 1584 1053 ὶπὶ
1658 1002 1726 1073 τῇ
1781 1002 1975 1077 φυσικῇ

2091 997 2233 1058 urali
2261 998 2569 1071 relatione,
2599 1007 2661 1061 et
2689 999 2977 1061 afﬁnitate
3008 998 3266 1079 Spiritus
3318 1002 3389 1063 ad
3448 1005 3709 1082 Patrem,

331 1085 519 1165 σχέσει
588 1105 645 1141 τε
701 1087 789 1141 καὶ
859 1087 1144 1153 οἰκειότητι
1191 1093 1278 1144 τοῦ
1333 1086 1636 1162 Πνεύματος
1699 1088 1829 1165 πρὸς
1886 1086 1975 1140 16v

2096 1087 2327 1148 amdem
2351 1107 2589 1168 quoque
2618 1097 2939 1151 conuolare
2966 1089 3027 1150 in
3060 1092 3611 1159 naturalirelatione
3657 1107 3714 1160 et

332 1174 539 1254 Πατέρα
595 1180 748 1231 τοῦτο
814 1173 1023 1231 δύναται
1091 1173 1283 1242 δηλοῦν
1355 1176 1441 1231 καὶ
1510 1175 1594 1232 ἐπὶ
1663 1181 1732 1252 τῇ
1784 1178 1980 1254 φυσικῇ

2091 1176 2346 1266 λῖῆηίιδῑε
2367 1178 2619 1266 Spiritus
2645 1178 2723 1266 ad
2768 1177 3130 1259 Filium,qua
3175 1191 3552 1257 nuncupatur
3581 1184 3715 1266 Spi-

332 1263 520 1344 σχέσει
566 1285 623 1320 τε
680 1263 769 1321 καὶ
818 1264 1103 1331 οἰκειότητι
1161 1274 1253 1323 τοῦ
1330 1265 1631 1341 Πνεύματος
1689 1265 1820 1341 πρὸς
1889 1264 1977 1318 τὸν

2091 1265 2209 1326 itus
2233 1266 2519 1328 veritatis.
2554 1265 2720 1336 Quod
2742 1266 2792 1326 si
2823 1267 2954 1346 quis
2985 1268 3396 1347 hujuscemodi
3415 1263 3710 1336 dictorum

336 1355 482 1432 ὶἼὸν,
552 1355 589 1421 ἡ
656 1352 883 1432 λέγουσα
953 1353 1078 1411 αὐτὸ
1149 1355 1361 1429 Πνεῦμα
1417 1360 1515 1421 τῆς
1559 1354 1827 1420 ἀληθείας.
1883 1354 1981 1409 Καὶ

337 1446 457 1525 εἴγε
485 1468 564 1509 τις
607 1444 893 1504 διαπιστῶν
922 1446 1033 1503 ἐστι
1084 1454 1161 1522 τῷ
1219 1453 1325 1503 τῶν
1367 1447 1571 1526 ῥήσεων
1624 1448 1822 1504 τούτων
1864 1447 1983 1502 ἰσο-

337 1538 571 1616 δδνάμῳ,
633 1538 684 1607 ἐξ
762 1543 835 1598 ὧν
893 1543 964 1605 είς
1051 1544 1332 1624 μαρτυρίαν
1402 1543 1544 1621 παρὰ
1617 1552 1708 1600 τοῦ
1750 1540 1984 1620 μεγάλου

2066 1359 2323 1438 aequales
2345 1359 2498 1419 vires
2528 1377 2659 1420 esse
2700 1378 2820 1419 non
2864 1358 3172 1435 suadetur,
3202 1361 3420 1441 quibus
3450 1364 3512 1427 in
3543 1368 3711 1430 testi-

2068 1448 2330 1508 monium
2364 1465 2398 1509 a
2423 1466 2635 1527 magno
2689 1448 2904 1509 Basilio
2944 1448 3213 1512 adductis
3260 1464 3530 1532 apparet,
3563 1475 3712 1519 con-

2061 1537 2338 1616 juncum
2371 1555 2501 1598 esse
2532 1537 2824 1614 Spiritum
2856 1537 3006 1600 Filio
3038 1546 3096 1599 et
3136 1538 3319 1624 Patri,
3347 1552 3545 1622 partes
3570 1546 3716 1609 alias

338 1628 612 1685 Βασιλείου
691 1630 1077 1710 παραγομένων
1180 1632 1545 1713 ἀναφαίνεται,
1634 1629 1984 1705 συνημμένως

2091 1626 2424 1705 ιοτὶριοτιιῐῐι
2479 1627 2674 1702 magni
2730 1627 2932 1688 Basilii
2989 1628 3286 1710 inquirat,
3345 1632 3561 1711 quibus
3613 1636 3717 1697 ille

338 1718 482 1776 εἶναι
525 1720 588 1775 16
642 1724 854 1794 Πνεῦμα
905 1723 998 1776 τοῦ
1058 1724 1180 1779 Υίοῦ
1232 1724 1319 1779 καὶ
1374 1729 1464 1779 τοῦ
1522 1723 1723 1800 Πατρὸς
1764 1722 1987 1776 κάκεῖνα

2094 1718 2337 1777 nsinuat
2364 1734 2379 1778 :
2422 1714 2599 1777 «Cum
2627 1718 2800 1778 Patre
2833 1717 3075 1793 quidem
3105 1718 3455 1782 afﬁnitatem
3486 1723 3713 1788 intelli-

340 1809 409 1863 τὰ
464 1808 600 1888 μέρη
674 1809 987 1880 ἐπιζητείτω
1039 1817 1145 1867 τῶν
1240 1819 1331 1869 τοῦ
1409 1811 1642 1891 μεγάλου
1717 1808 1988 1867 Βασιλείου

2091 1824 2142 1882 go
2174 1804 2410 1885 quando
2440 1823 2473 1865 a
2504 1810 2676 1869 Patre
2709 1806 2999 1879 procedit,
3032 1826 3169 1868 cum
3200 1808 3349 1870 Filio
3378 1829 3539 1887 vero,
3572 1814 3713 1875 dum

343 1872 600 1979 γραφῶν,
628 1900 683 1956 ἰν
742 1872 828 1964 οἷς
881 1902 1168 1979 εὒρίσκεται
1223 1872 1420 1984 λέγων,
1455 1872 1502 1960 α.
1535 1905 1644 1971 Τὴν
1702 1902 1798 1978 μὲν
1853 1902 1983 1980 πρὸς

2091 1872 2271 1984 iudio,
2307 1894 2582 1976 «Siquis
2612 1872 2893 1975 Spiritum
2950 1872 3166 1957 Christi
3218 1916 3338 1959 non
3384 1872 3716 1978 δεδὲιξὶιίἒ

348 1987 553 2067 Πατέρα
623 1990 920 2058 οἰκειότητα
976 1998 1101 2065 νοῶ,
1202 1982 1383 2061 ἐπειδὴ
1453 1993 1594 2071 παρὰ
1649 2000 1739 2050 τοῦ
1784 1991 1984 2064 Πατρὸς

2091 1982 2226 2044 llius
2276 2004 2393 2045 non
2456 1994 2565 2047 est.
2608 1985 2728 2045 nEt
2782 1984 3150 2047 ratiocinatio
3180 1987 3456 2067 equidem
3518 1998 3719 2054 nostra

345 2081 703 2159 ἒκπορεύεται,
762 2082 862 2148 τὴν
904 2085 1032 2162 πρὸς
1092 2087 1209 2141 Υἱὸν
1265 2084 1341 2159 δὲ,
1402 2082 1583 2151 ἐπειδὴ
1626 2084 1818 2159 ὀηιιούω⁶
1857 2105 1884 2136 α
1918 2079 1986 2139 Εἴ

2091 2074 2350 2136 ιάνθτευε
2387 2093 2511 2154 eos,
2562 2074 2663 2154 qui
2716 2074 3009 2155 haesitant,
3053 2094 3126 2135 an
3156 2077 3314 2153 quod
3345 2096 3379 2139 a
3406 2077 3556 2141 Filio
3587 2099 3717 2143 esse

348 2191 427 2232 τις
460 2175 671 2245 Πνεῦμα
714 2177 937 2249 Χριστοῦ
1000 2172 1095 2231 οὒκ
1148 2172 1289 2255 ἕχει,
1352 2177 1500 2239 οὗτος
1556 2177 1651 2231 οὔκ
1705 2171 1844 2227 ἔστιν
1886 2169 1985 2225 αὒ-

2091 2163 2308 2255 licitur,
2343 2164 2413 2226 ad
2447 2163 2681 2255 Patrem
2711 2164 3109 2255 refertur,hoc
3140 2165 3317 2255 modo
3348 2168 3492 2255 satis
3522 2169 3715 2232 abun-

350 2280 461 2320 του.
510 2283 539 2314 ι»
573 2261 671 2318 Καὶ
700 2262 728 2317 6
772 2261 871 2337 μὲν
911 2251 1466 2342 ἡαέπροςζᾶπόλογος
1508 2265 1640 2342 πρὸς
1696 2262 1814 2324 τοὺς
1869 2256 1988 2315 δια-

2091 2251 2291 2342 leque,
2348 2260 2411 2312 ut
2458 2251 2588 2330 ipse
2638 2254 2929 2342 existimo,
2985 2254 3315 2342 expeditur.
3350 2254 3493 2327 Quae
3519 2268 3717 2321 autem

346 2354 655 2427 ποροῦντας,
690 2350 735 2405 εὶ
890 2353 1033 2430 παρὰ
1079 2333 1195 2410 τοῦ.
1221 2354 1344 2411 Υἱοῦ
1385 2333 1527 2409 εἶναι
1552 2333 1561 2342 Ι
1584 2350 1871 2429 λεγόμενον
1916 2349 1988 2410 εἷς

2091 2340 2536 2417 :ubnectentur,
2593 2340 2767 2401 dictis
2835 2341 3053 2402 nostris
3108 2343 3286 2406 veluti
3338 2347 3716 2410 corollarium

346 2440 437 2493 τὸν
469 2438 673 2516 Πατέρα
714 2440 814 2506 τὴν
859 2439 1120 2521 ἀναφορὰν
1175 2442 1315 2522 ἔχει,
1364 2444 1535 2512 οὗτος,
1582 2444 1775 2502 ἱκανῶς
1835 2452 1989 2513 οἶμαι

2091 2430 2484 2509 :onjungenda
2506 2436 2661 2492 sunt.
2695 2432 2838 2493 Cum
2872 2429 3030 2491 enim
3063 2441 3301 2494 sanctus
3332 2453 3720 2518 summopere

346 2526 640 2591 ἆποδοθείς.
690 2537 787 2586 Δεῖ
843 2528 898 2586 δὲ
1087 2533 1152 2588 τὰ
1324 2531 1658 2611 ῥηθησόμενα
1715 2532 1789 2592 ὡς
1832 2527 1988 2606 πόρι-

2091 2525 2250 2598 itque
2276 2537 2346 2580 ex
2377 2520 2605 2595 integro
2634 2518 3005 2580 incumberet
3033 2519 3446 2584 demonstrare
3473 2544 3592 2586 non
3618 2545 3719 2588 es-

348 2616 461 2692 σμά
527 2639 578 2673 τι
647 2631 763 2682 τοῖς
828 2616 928 2686 ἤδη
969 2620 1205 2697 ῥηθεῖσιν
1248 2607 1563 2700 ἐπαγαγεῖν.
1621 2617 1768 2676 Ἐπεὶ
1822 2618 1921 2695 γὰρ
1963 2618 1992 2670 6

2091 2626 2139 2667 se
2186 2616 2515 2670 creaturam
2557 2607 2694 2669 Filii
2749 2607 3060 2689 Spiritum:
3124 2609 3179 2672 si
3228 2610 3718 2691 demonstrasset,

346 2704 500 2784 ἅγιος
568 2711 743 2762 πᾶσαν
814 2708 914 2775 τὴν
985 2708 1215 2777 σπουδὴν
1273 2698 1510 2767 ἐποιεΐτο
1595 2704 1992 2785 ἀποδεδειχέναι

2091 2699 2239 2760 ωΙΙο
2271 2704 2448 2760 modo
2499 2717 2631 2759 eum
2687 2716 2819 2760 esse
2873 2716 2944 2760 ex
2993 2698 3164 2775 Filio,
3209 2701 3333 2781 jam
3368 2704 3543 2765 etiam
3574 2704 3721 2768 illud

350 2797 432 2872 μὴ
470 2795 667 2871 κτίσμα
722 2798 843 2854 Υἱοῦ
900 2798 1043 2855 εἶναι
1097 2802 1159 2856 τό
1218 2807 1453 2876 Πνεῦμα,
1516 2798 1669 2878 εἴπερ
1722 2792 1994 2854 ἀποδεδεί-

2091 2788 2545 2849 lemonstratum
2574 2788 2803 2867 fuisset,
2829 2806 3024 2867 neque
3047 2798 3375 2851 creaturam
3401 2792 3567 2855 illum
3592 2813 3725 2856 esse

348 2906 468 2964 χει,
502 2882 750 2959 μηδόλως
780 2884 842 2942 ἐκ
895 2894 1011 2946 106'
1051 2889 1174 2945 Υἱοῦ
1219 2889 1360 2946 εἶναι
1417 2888 1566 2962 αὐτὸ,
1629 2876 1991 2943 συναποδεδεί-

2091 2878 2229 2938 Filii.
2259 2876 2490 2937 Etenim
2509 2876 2666 2956 quod
2701 2876 2859 2937 nullo
2892 2877 3066 2937 modo
3093 2894 3160 2941 ex
3191 2878 3319 2958 ipso
3347 2889 3720 2962 est,quanam

347 2974 547 3051 γμένον
588 2971 650 3029 ἂν
694 2973 914 3049 ἔμελλεν
944 2975 1112 3057 ἔχειν,
1168 2978 1256 3033 καὶ
1310 2979 1372 3034 τὸ
1413 2975 1548 3053 μηδὲ
1605 2975 1798 3050 κτίσμα
1856 2972 1998 3033 εἶναι

2091 2968 2306 3027 ratione
2337 2975 2609 3027 creatura
2634 2965 2794 3026 illius
2827 2965 3158 3027 diceretur?
3176 2967 3386 3030 Aditus
3408 2971 3566 3031 enim
3600 2971 3720 3033 Eu-

352 3065 481 3120 αὖτὸ
509 3069 603 3119 τοῦ
658 3065 800 3126 Υἱοὺ.
847 3066 918 3123 T6
972 3054 1071 3145 γὰρ
1127 3063 1373 3141 μηδόλως
1425 3064 1478 3131 ἒξ
1521 3068 1679 3124 αὒτοῦ
1732 3065 1996 3142 ὕπαρχον,

2091 3055 2282 3117 noznio
2314 3056 2387 3115 ad
2419 3054 2804 3116 asserendum
2859 3054 3143 3131 Spiritum
3202 3065 3531 3120 creaturam
3562 3060 3721 3136 Filii,

355 3158 473 3215 πῶς
529 3151 591 3207 ἄν
635 3152 765 3231 εἶχε
820 3143 993 3227 λόγον
1032 3143 1243 3229 ποιημα
1294 3155 1452 3211 αὒτοῦ
1507 3152 1797 3232 λέγεσθαι,
1869 3150 2000 3227 πάρ-

2091 3145 2278 3206 nullus
2306 3145 2455 3206 alius
2485 3144 2611 3217 fuit,
2646 3162 2822 3223 quam
2876 3143 2971 3203 hic
2998 3165 3045 3232 ,ν
3072 3145 3225 3224 quod
3278 3147 3471 3225 palam
3502 3148 3574 3209 ab
3606 3149 3720 3224 bis,

356 3237 476 3304 οδος
507 3240 607 3319 γὰρ
677 3224 915 3316 έῦνομίιρ
978 3244 1108 3322 πρὸς
1164 3224 1223 3300 τὸ
1281 3245 1451 3301 εἰπεῖν
1525 3224 1595 3299 τὸ·
1644 3224 1856 3314 Πνεῦμα
1909 3224 2001 3293 106

2091 3234 2182 3315 qui
2216 3254 2285 3295 eo
2319 3245 2585 3315 tempore
2616 3232 2908 3310 vivebant,
2926 3251 2994 3294 ex
3024 3231 3194 3295 Patre
3217 3224 3325 3314 per
3356 3236 3565 3297 Filium
3595 3256 3726 3299 esse

370 3331 489 3385 Υἱοῦ
531 3328 736 3405 ποίημα
780 3328 993 3405 οὐδεμία
1033 3354 1113 3396 τις
1155 3331 1371 3411 γέγονεν
1422 3331 1561 3399 ἄλλη
1618 3329 1736 3387 ἀλλ’
1762 3329 1798 3397 ἢ
1842 3326 2003 3404 μόνον

2091 3323 2367 3404 Spiritum
2419 3322 2849 3401 enuntiaretur,
2885 3330 2943 3382 et
2971 3331 3405 3403 consequenter
3451 3344 3522 3387 ex
3552 3326 3722 3389 Filio.

356 3419 506 3490 a616,
581 3420 643 3474 16
694 3416 972 3497 διαρρήδην
1027 3409 1308 3485 1010161:
1362 3422 1748 3500 θεολογεϊσθαι,
1796 3418 1857 3475 ἐκ
1911 3424 2003 3473 τοῦ

2091 3416 2216 3476 Νοη
2249 3412 2408 3473 enim
2441 3410 2617 3471 veluti
2650 3428 2721 3471 ex
2753 3409 2942 3490 prima
3001 3429 3176 3472 causa
3226 3420 3284 3473 et
3332 3413 3623 3495 principio
3654 3434 3728 3478 ex

358 3508 566 3587 Πατρὸς
636 3505 720 3564 διὰ
790 3518 883 3567 τοῦ
934 3512 1055 3567 Υἱοῦ
1108 3511 1248 3567 εἶναι
1323 3513 1377 3568 τὸ
1435 3518 1667 3587 Πνεῦμα,
1720 3510 1807 3566 καὶ
1869 3507 2004 3563 κατὰ

357 3602 516 3652 τοῦτο
555 3598 641 3652 καὶ
670 3597 731 3652 ἐκ
771 3604 864 3654 τοῦ
914 3602 1056 3661 ι’ἱοῦ.
1088 3599 1159 3657 Οὒ
1195 3601 1292 3678 γὰρ
1352 3603 1426 3665 ὡς
1469 3603 1530 3657 ἑκ
1570 3601 1779 3679 πρώτη,
1837 3596 2002 3659 αἰτίας

360 3686 451 3740 καὶ
480 3684 657 3763 ἆαχῆς
690 3684 748 3742 ἔκ
774 3694 867 3743 τοῦ
919 3691 1040 3745 Υἱοῦ
1095 3690 1156 3744 16
1202 3690 1411 3766 Πνεῦμα
1462 3691 1624 3765 ἐστιν,
1669 3685 1788 3745 ἀλλ’
1826 3688 1899 3750 ὡς
1945 3684 2005 3740 ἐκ

360 3780 454 3830 τοῦ
496 3776 697 3852 Πατρὸς
765 3775 1006 3856 ὑπάρχον
1058 3774 1124 3833 δι’
1186 3780 1327 3839 Υἱοῦ.
1363 3780 1462 3837 Καὶ
1518 3781 1578 3835 06
1631 3780 1788 3854 μόνον
1832 3776 2004 3832 τοιαύ-

358 3884 460 3928 την
502 3860 563 3917 ἄν
604 3863 762 3943 εἶχεν
804 3866 833 3920 6
862 3863 1021 3943 λόγος
1051 3867 1149 3933 τὴν
1191 3864 1430 3945 δύναμιν,
1492 3867 1632 3924 ὥστε
1662 3865 2003 3944 ἀναφέρεσθαι

357 3954 423 4008 τὸ
455 3957 683 4025 Πνεῦμα,
747 3953 826 4027 μὴ
869 3953 1011 4010 εἶναι
1052 3962 1145 4012 τοῦ
1197 3959 1318 4013 Υἱοῦ
1371 3958 1592 4037 κτίσμα,
1651 3956 1740 4011 ἐὰν
1771 3957 1798 4010 6
1853 3954 2004 4031 ἅγιος

355 4037 633 4106 ἀποδεῖξαι
663 4041 817 4120 εἶχε,
864 4044 941 4117 μὴ
973 4043 1115 4101 εἶναι
1152 4051 1247 4101 τοῦ
1299 4048 1415 4102 Υἱοῦ
1470 4046 1612 4101 εἶναι
1662 4043 1811 4105 αὒτό.
1840 4041 2009 4099 Ἀλλὰ

355 4128 450 4187 καί
490 4151 542 4185 τι
594 4127 725 4185 ἄλλο
782 4130 1059 4213 βαθότερον
1114 4147 1231 4199 τοῖς
1289 4134 1773 4213 ἐξεταστικωτέροις
1828 4132 2007 4188 ἐντεῦ-

352 4223 445 4276 θεν
472 4218 540 4286 ἦν
572 4217 823 4280 συνιδεῖν.
888 4210 948 4281 Ὀ
973 4210 982 4212 ἡ
1007 4224 1106 4303 γὰρ
1162 4223 1420 4300 Εόνόμιος
1459 4210 1675 4300 ποίημα.
1722 4229 1813 4280 τοῦ
1891 4224 2013 4277 Υἱοῦ

356 4307 536 4387 λέγων
567 4310 629 4364 16
678 4315 912 4384 Πνεῦμα,
974 4314 1063 4369 καὶ
1103 4312 1196 4369 106
1254 4319 1567 4393 Μονογενοῦ,
1641 4311 1880 4383 ἔλαττον,
1911 4311 2010 4377 τὴν

359 4403 458 4453 103
488 4397 638 4475 ἁγίου
696 4399 1000 4474 Πνεύματος
1072 4399 1399 4467 ἐξουδένωσιν
1449 4405 1523 4467 ὡς
1581 4400 2012 4479 ὁμολογουμένην

361 4482 675 4561 λαμϐάνων,

789 4486 1019 4546 ἐντεῦθεν

1127 4492 1258 4563 πρὸς
1371 4488 1633 4556 ἀπόδειξιν

2083 3502 2234 3565 Filio
2296 3500 2553 3581 Spiritus
2608 3507 2718 3571 est,
2780 3498 2884 3559 sed
2945 3518 3022 3560 ex
3078 3499 3247 3562 Patre
3300 3502 3591 3565 exsistens
3624 3523 3731 3585 per

2086 3591 2323 3654 Filium.
2360 3594 2430 3653 Et
2458 3606 2652 3669 neque
2699 3588 2758 3648 id
2790 3589 3197 3650 tantummodo
3230 3609 3424 3653 sermo
3456 3591 3725 3670 inferret,

2089 3688 2547 3741 utassereretur
2590 3677 2845 3758 Spiritus
2892 3696 3010 3738 non
3069 3696 3201 3741 esse
3255 3681 3389 3741 Filii
3434 3690 3725 3763 creatura,

2090 3769 2141 3831 si
2166 3777 2406 3830 sanctus
2465 3767 2876 3827 demonstrare
2932 3767 3238 3846 potuisset,
3290 3788 3359 3832 ex
3406 3769 3555 3832 Filio
3592 3790 3728 3832 eum

2089 3878 2208 3920 non
2239 3876 2391 3919 esse.
2454 3855 2571 3918 Sed
2611 3856 2772 3919 aliud
2804 3875 3037 3936 quoque
3066 3866 3125 3917 et
3152 3858 3210 3919 id
3244 3860 3428 3921 multo
3482 3878 3729 3922 accura-

2090 3948 2226 4020 tius,
2283 3946 2384 4027 qui
2431 3945 2760 4007 accuratius
2814 3964 2911 4006 res
2965 3947 3353 4027 expendunt,
3413 3951 3731 4030 concipere

2093 4036 2437 4117 potuissent.
2491 4038 2627 4096 Fam
2688 4034 3011 4096 Eunumius
3057 4045 3388 4099 creaturam
3430 4038 3565 4100 Filii
3592 4039 3736 4119 Spi-

2093 4125 2268 4187 ritum
2305 4125 2565 4197 tradens,
2598 4132 2654 4185 et
2682 4122 2996 4203 Unigenito
3031 4125 3347 4207 minOrem,
3383 4128 3564 4189 sancti
3595 4129 3736 4208 Spi-

2090 4215 2240 4275 ritus
2294 4222 2695 4293 contemptum
2764 4221 3037 4293 tauquam
3095 4214 3369 4275 omnibus
3426 4215 3737 4295 probatum

2094 4303 2415 4384 accipiens,
2470 4304 2607 4363 hinc
2635 4299 2705 4363 ad
2739 4302 3259 4362 demonstrandam
3318 4302 3736 4381 Unigenitidi-

2098 4393 2487 4455 minutionem
2573 4391 3097 4470 proficiscebatur,
3161 4397 3225 4451 ut
3282 4398 3525 4454 testatur
3579 4393 3737 4454 idem

1741 4489 1837 4556 τῆς
1921 4493 2014 4543 τοῦ
2099 4500 2342 4563 magnus
2371 4481 2623 4543 Basilius
2653 4481 2826 4560 paulo
2857 4488 2991 4540 ante
3015 4480 3142 4559 jam
3164 4480 3234 4540 ad
3261 4499 3502 4542 examen
3529 4500 3741 4561 propo-

364 4581 694 4652 Μοιογενοῦς
749 4575 1089 4643 ἐλαττώσεως
1168 4579 1345 4659 ὥρμα,
1429 4582 1501 4646 ὡς
1542 4580 1698 4642 αὐτὸς
1761 4580 1790 4635 6
1846 4577 2007 4654 μέγας

2097 4572 2267 4632 sitam
2302 4586 2663 4651 perncopem,
2699 4568 2824 4630 haec
2859 4568 3144 4629 verbatim
3179 4568 3518 4630 edisserens
3549 4588 3563 4630 :
3602 4594 3630 4626 or
3666 4572 3741 4633 Et

365 4661 640 4729 Βασίλειος
680 4680 938 4745 μαρτυρεῖ
986 4666 1151 4746 ὀλίγῳ
1204 4669 1456 4749 πρότερον
1509 4674 1606 4736 τῆς
1666 4669 1737 4732 εἷς
1782 4666 2012 4732 ἐξέτασιν

362 4753 726 4834 πρρκειμένης
808 4761 1106 4834 περικοπῆς
1166 4756 1332 4822 οὕτως
1400 4756 1485 4814 ἐπὶ
1546 4756 1734 4825 λέξεων
1789 4755 1959 4834 λέγων
1995 4771 2008 4784 ³

372 4832 417 4899 «ί
441 4832 499 4900 Ὀ
530 4842 629 4919 μὲν
664 4843 847 4923 Κύριος
879 4832 996 4925 περὶ
1038 4851 1131 4903 τοῦ
1185 4845 1555 4927 Παρακλήτου,
1594 4870 1622 4901 ι
1681 4832 1885 4908 ἒκεϊνος
1919 4844 2013 4919 ἐμὲ

362 4928 594 5006 δοξάσει,
644 4955 672 4988 ι
711 4934 891 5014 φησὶν,
930 4957 957 4990 ι
1002 4937 1036 5003 ἡ
1068 4933 1123 4991 δὲ
1181 4937 1477 5015 κατήγορος
1539 4933 1776 5014 γλῶσσα,
1838 4932 2011 5009 ἐμπο-

369 5018 478 5076 διον
508 5033 647 5077 εἴναι
676 5026 753 5095 τῷ
805 5026 911 5097 Υἱῷ
940 5028 1038 5091 τῆς
1085 5026 1216 5104 πρὸς
1300 5027 1391 5081 τὸν
1449 5024 1655 5103 Πατέρα
1698 5023 2014 5101 συγκρίσεως

372 5108 718 5188 ἀποφαίνεται
761 5128 779 5147 °
866 5108 1083 5180 Ἐπειδὴ
1149 5115 1249 5193 γὰρ
1316 5120 1409 5171 τοῦ
1477 5114 1802 5192 Πνεύματος,
1862 5113 2011 5191 φησὶ,

377 5198 601 5266 ποιητὴς
629 5201 658 5256 ὁ
709 5201 854 5273 Υἱὸς,
887 5198 1049 5267 ἴσεως
1091 5200 1146 5258 δὲ
1201 5206 1360 5280 ἡμῖν,
1409 5203 1589 5281 Κύριε,
1646 5214 1763 5266 τοῖς
1820 5199 2018 5257 λαλου-

377 5285 557 5358 μένοις
609 5285 751 5366 εἴης,
797 5295 953 5347 τοῦτο
1010 5288 1065 5347 δὲ
1120 5292 1356 5349 τοιοῦτόν
1413 5290 1577 5366 ἔστιν,
1636 5292 1710 5354 ὡς
1754 5288 2016 5366 μηδεμίαν

381 5377 681 5449 σεμνότητα
781 5385 862 5454 τῷ
944 5378 1395 5461 δημιουργήσαντι
1493 5380 1848 5461 προστιθέναι,
1934 5377 2018 5433 διὰ

375 5470 533 5521 τοῦτο
562 5464 677 5525 οὐδὲ
722 5466 1081 5547 συγκρίνεσθαι
1111 5476 1190 5545 τῷ
1244 5472 1406 5549 Πατρὶ
1450 5468 1613 5543 ἄξιος,
1673 5469 1733 5525 ἐκ
1802 5470 1900 5535 τῆς
1944 5467 2018 5523 ὧν

375 5552 623 5622 εποίησεν
667 5554 956 5637 εὐτελείας,
1000 5559 1062 5614 16
1090 5561 1345 5637 ὁμότιμον
1390 5564 1488 5627 τῆς
1544 5556 1687 5633 ἀξίας
1731 5554 2018 5639 ἀφῃρημέ-

449 5722 507 5775 3‘
546 5723 716 5789 loan.
747 5740 870 5803 xw,
904 5725 982 5787 l7
1012 5743 1030 5805 ;
1059 5740 1161 5807 xv,
1192 5724 1293 5792 26.

2094 4660 2385 4722 Dominus
2414 4659 2655 4738 quidem
2692 4656 2767 4717 de
2794 4656 3097 4717 Paracleto
3128 4657 3293 4727 dicit,
3326 4657 3429 4719 ille
3454 4676 3547 4719 me
3563 4658 3744 4738 glori-

2096 4749 2318 4822 ﬁcabit,
2374 4756 2432 4807 at
2476 4747 2587 4806 ista
2652 4746 2940 4806 maledica
2996 4745 3216 4824 lingua,
3249 4747 3742 4826 impedimentum

2099 4856 2229 4899 esse
2259 4836 2448 4917 ipsum
2482 4834 2631 4897 Filio
2665 4843 2887 4909 censet,
2923 4851 2996 4894 ne
3027 4853 3160 4895 cum
3196 4837 3370 4897 Patre
3424 4854 3740 4915 compare-

2099 4934 2215 4988 tur.
2249 4925 2493 4998 Quando
2523 4926 2679 4984 enim
2713 4923 2988 5004 Spiritus,
3023 4923 3431 5004 iuquit,factor
3447 4933 3537 4986 est
3559 4923 3741 4986 Filius

2099 5017 2405 5099 (propitius
2449 5023 2646 5076 autem
2700 5022 2784 5089 tu,
2835 5013 3105 5085 Domine,
3139 5014 3198 5074 in
3234 5014 3349 5088 lllS,
3385 5033 3515 5097 qua;
3543 5014 3741 5096 loqui-

2101 5125 2257 5180 mur,
2309 5105 2479 5166 nobis
2536 5105 2640 5175 sis)
2684 5105 2796 5165 hoc
2854 5122 2991 5164 vero
3051 5104 3475 5183 hujuscemodi
3524 5114 3633 5178 est,
3679 5112 3744 5165 ut

2103 5196 2329 5257 nullum
2360 5195 2542 5256 decus
2572 5193 2746 5254 addat
2768 5192 3052 5267 Creatori,
3089 5202 3399 5272 propterea
3448 5213 3556 5255 nec
3589 5193 3745 5256 Patri

2100 5283 2433 5366 comparari
2460 5284 2673 5360 dignus
2714 5282 3108 5363 est,quoniam
3159 5283 3490 5344 humilitate
3510 5301 3741 5358 eorum,

2100 5392 2231 5455 quae
2260 5373 2418 5445 fecit,
2450 5370 2750 5450 dignitatis
2772 5373 3102 5453 aequalitate
3118 5373 3371 5451 privatus
3401 5382 3510 5434 est.
3550 5398 3578 5430 ι
3613 5373 3751 5434 Haec

2102 5471 2343 5524 sanctus
2374 5460 2658 5521 verbatim
2692 5461 3028 5536 enuntians,
3061 5460 3131 5521 Et
3160 5461 3437 5525 Eunomii
3470 5461 3749 5543 blasphe-

2104 5552 2281 5615 miam
2322 5551 2511 5632 palam
2554 5550 2831 5613 omnibus
2871 5550 3279 5633 deprazdicans
3313 5569 3385 5615 ac
3407 5567 3752 5614 commons-
