4220 6292
508 363 625 430 207
1568 362 1817 429 JOANN
1828 413 1841 427 .
1877 363 2098 427 VECGI
2126 384 2129 411 ί

2214 373 2240 425 ’.
2277 361 2819 425 ΡΑΤΡιΙΑΡιϐΗλΕ.
3767 357 3884 422 208

503 512 798 575 rans,quo
811 502 980 577 pacto
992 494 1265 559 eamdem
1287 514 1424 557 cum
1444 493 1619 557 Patre
1652 493 1997 573 dignitatem
2010 492 2121 556 Fili

2230 516 2341 557 νος.
2389 517 2416 549 »
2455 502 2629 552 Ταῦτα
2658 493 2830 573 λέγων
2873 494 2959 551 ἐπὶ
2987 493 3177 561 λέξεων
3221 497 3249 551 6
3299 494 3477 574 ἅγιος,
3536 494 3625 551 καὶ
3666 495 3763 562 τὴν
3792 500 3886 549 τοῦ

506 601 576 644 ex
607 583 719 645 hoc
750 584 1002 646 convelli
1032 583 1379 665 comprobet
1399 582 1745 656 Eunomius,
1767 583 1922 663 quod
1955 583 2147 663 Spiri-

504 679 599 734 tus
627 690 662 733 a
679 670 827 735 Filio
847 672 1031 735 factus
1062 682 1172 753 est,
1193 672 1566 752 postmodum
1588 672 1912 753 saepissime
1934 672 2149 750 repeti-

500 768 618 822 tam
640 761 982 843 pericopem
1014 765 1334 841 connectit,
1371 760 1614 823 dicens:
1659 785 1685 816 α
1722 761 1869 823 Illud
1906 779 2040 822 vero
2058 760 2151 821 cui

2232 584 2485 657 Εὗνομίου
2557 581 2899 663 βλασφημίαν
3004 582 3355 660 ἐκπομπεύων
3451 585 3537 641 καὶ
3616 588 3884 660 παριστῶν

2231 672 2304 733 ὡς
2333 674 2394 727 τὸ
2420 672 2549 751 πρὸς
2599 673 2686 728 τὸν
2746 671 2952 750 Πατέρα
3003 673 3259 749 ὁμότιμον
3289 681 3381 730 τοῦ
3452 676 3574 729 Υἱοῦ
3643 672 3704 728 ἐκ
3753 672 3882 728 τού-

2232 782 2322 816 του
2366 760 2689 840 ἀναιρεῖσθαι
2763 761 3137 834 κατασκευάζει
3198 765 3225 819 6
3271 761 3528 839 Εὐνόμιος
3587 762 3648 818 ἐκ
3688 768 3781 818 τοῦ
3823 762 3882 833 τὸ

501 867 618 910 non
642 858 818 930 patet,
852 851 1005 930 quod
1041 850 1200 911 nulla
1226 850 1489 929 operatio
1522 849 1655 912 Filii
1685 868 1719 910 a
1752 852 1925 911 Patre
1966 848 2129 910 divisa

2234 855 2446 924 Πνεῦμα
2518 850 2659 929 παρὰ
2717 852 2810 907 τοῦ
2887 853 3009 908 Υἱοῦ
3102 854 3448 926 πεποιῆσθαι,
3533 846 3724 931 ἐφεξῆς
3781 850 3880 917 τὴν

496 937 636 999 est?
668 964 695 995 ι
725 937 800 1000 Ει
829 958 958 1021 qua:
1003 949 1337 1020 sequuntur
1394 940 1725 1019 pericopes.
1778 939 1921 1001 Cum
1952 938 2150 1019 itaque

496 1036 734 1090 sanctus
762 1027 826 1090 in
857 1037 1261 1109 contemptum
1287 1027 1590 1107 Unigeniti
1620 1026 1842 1105 gloriae,
1871 1040 1925 1088 et
1960 1026 2039 1087 im
2053 1045 2150 1106 pe-

493 1115 825 1178 dimentum
845 1117 1084 1198 aequalis
1115 1136 1249 1179 cum
1287 1116 1453 1179 Patre
1476 1117 1778 1196 dignitatis
1808 1116 1967 1177 illius
1987 1117 2146 1177 exis-

498 1204 735 1267 timaret
753 1204 1108 1268 Eunomium
1142 1205 1365 1287 dicere,
1391 1205 1674 1285 Spiritum
1696 1224 1730 1265 a
1751 1204 1899 1266 Filio
1926 1204 2148 1267 factum

493 1294 711 1368 esse,si
726 1293 1431 1375 potnissetexScripturis
1453 1293 2012 1374 comprobare,eum
2028 1310 2147 1356 non

495 1401 566 1444 ex
595 1381 745 1445 Filio
770 1403 1109 1465 esse,quam
1129 1383 1304 1446 aliam
1330 1383 1833 1445 Eunomianarum
1864 1382 2146 1461 blasphe-

493 1470 748 1534 miarum
794 1473 1209 1535 refutationem
1272 1474 1560 1553 aptiorem
1622 1473 1935 1545 attulisset,
1970 1489 2146 1551 quam

491 1558 1146 1633 demonstrando,nullo
1181 1562 1357 1623 modo
1390 1581 1459 1623 ex
1487 1560 1638 1623 Filio
1671 1560 1956 1641 Spiritum
1984 1558 2148 1620 esse?

489 1646 725 1710 Etenim
757 1650 1295 1711 sidemonstratum
1326 1649 1755 1723 fuissset,nollo
1785 1647 1958 1708 modo
1985 1647 2145 1710 exFi-

490 1737 571 1799 lio
591 1756 723 1800 esse
743 1739 1051 1820 Spiritum,
1087 1738 1300 1799 similis
1338 1739 1764 1800 demonstratio
1790 1735 2145 1797 maledicum

2232 938 2489 1003 πολλάκις
2586 940 2837 1016 ῥηθεῖσαν
2945 941 3238 1019 περικοπὴν
3324 939 3574 1020 ἀποφέρει
3678 938 3873 1017 λέγων,

2300 1026 2316 1051 ν
2367 1050 2378 1059 ,
2581 1027 2596 1045 κ
2860 1033 2887 1043 -ι
3046 1028 3058 1047 ι
3262 1025 3320 1047 »ιλ
3697 1030 3712 1051 ν
3831 1027 3840 1047 r

2239 1050 2266 1082 α
2328 1035 2518 1084 Εκετνο
2549 1024 2604 1082 δε
2662 1049 2763 1083 τινι
2820 1049 2925 1083 των
2988 1048 3200 1084 παντων
3258 1025 3475 1107 αοηλον,
3537 1027 3617 1083 ὅτι
3661 1025 3876 1101 ουδεμια

2230 1115 2463 1195 ἐνέργεια
2492 1125 2582 1174 τοῦ
2620 1119 2739 1173 Υἱοῦ
2781 1115 3195 1191 ἀποτετμημένη
3258 1114 3367 1171 ἔστι
3408 1122 3503 1173 τοῦ
3547 1116 3750 1193 Πατρός
3790 1136 3806 1191 ;
3842 1135 3869 1172 ι

2230 1227 2321 1262 κα-
2346 1208 2413 1261 τὰ
2453 1204 2614 1262 λοιπὰ
2640 1210 2739 1273 τῆς
2791 1210 3111 1284 περικοπῆς.
3171 1203 3320 1262 Ἐπεὶ
3379 1204 3468 1261 οὖν
3526 1207 3554 1261 6
3619 1203 3767 1283 ἅγιος
3801 1205 3872 1266 εἷς

2229 1294 2517 1351 ἐλάττωσιν
2588 1299 2683 1361 τῆς
2764 1301 2857 1350 τοῦ
2928 1300 3256 1373 Μονογενοῦς
3346 1291 3525 1373 δόξης,
3626 1294 3714 1350 καὶ
3804 1294 3876 1355 εἷς

2231 1382 2481 1459 ἐμπόδιον
2550 1388 2647 1450 τῆς
2705 1386 2833 1461 πρὸς
2904 1384 2996 1438 τὸν
3080 1381 3287 1462 Πατέρα
3372 1382 3652 1458 ὁμοτιμίας
3722 1385 3878 1439 αὒτοῦ

2230 1470 2463 1527 κατενόει
2510 1473 2599 1527 τὸν
2659 1470 2912 1546 Εὐνόμιον
2965 1469 3186 1548 λέγοντα
3243 1472 3306 1526 16
3365 1477 3576 1546 Πνεῦμα
3606 1469 3747 1545 παρὰ
3788 1475 3879 1524 τοῦ

2239 1562 2359 1615 Υἱοῦ
2440 1561 2783 1633 πεποιῆσθαι,
2889 1556 3042 1636 εἴπερ
3126 1558 3254 1638 εἶχε
3345 1559 3685 1635 παραστῆσαι
3772 1555 3876 1611 ἀπὸ

2229 1653 2447 1727 Γραφῶν
2493 1648 2568 1722 μὴ
2651 1648 2710 1704 ἐκ
2748 1653 2841 1703 τοῦ
2891 1648 3015 1703 Υἱοῦ
3067 1647 3328 1727 ὑπάρχειν
3374 1649 3526 1721 αὐτὸ,
3599 1646 3755 1703 ποίαν
3811 1644 3873 1701 ἄν

2228 1733 2397 1801 ἄλλην
2439 1737 2583 1815 εἶρεν
2645 1736 2945 1816 ἀνατροπὴν
3014 1742 3118 1792 τῶν
3178 1737 3432 1813 Εῦνομίου
3487 1735 3868 1816 βλασφημιῶν,

488 1827 840 1892 Eunomiios
856 1831 1233 1892 obstructura
1243 1828 2129 1902 erat,asserentis,humilitatem

2229 1830 2379 1905 εἰμὴ
2437 1831 2497 1885 τὸ
2554 1828 2828 1927 ἀποδεῖξαι
2891 1826 3138 1904 μηδόλως
3196 1828 3256 1885 ἐκ
3310 1839 3403 1889 τοῦ
3450 1832 3571 1886 Υἱοῦ
3610 1831 3865 1909 ὑπάρχειν

488 1936 522 1979 a
541 1917 690 1980 Filio
705 1918 841 1980 facti
865 1917 1118 1999 Spiritus
1132 1937 1250 1979 non
1276 1919 1717 2001 permittere,ut
1732 1916 1916 1978 Filius
1933 1919 2142 1979 eadem

487 2005 567 2069 sit
592 2027 660 2069 ac
683 2006 857 2070 Pater
880 2008 1162 2088 dignitate
1194 2007 1410 2070 Etsane
1432 2017 1700 2069 sanctum
1726 2007 2143 2069 demonstrare

489 2096 653 2157 nullo
678 2097 852 2158 modo
884 2115 954 2158 ex
995 2096 1142 2158 Filio
1188 2095 1471 2178 Spiritum
1504 2106 1775 2159 sanctum
1809 2113 1963 2169 esse,
1994 2094 2142 2156 adeo

484 2185 889 2247 necessarium
918 2184 993 2247 ad
1022 2185 1366 2247 refutandas
1414 2186 1693 2247 Eunomii
1738 2183 2142 2264 blasphemias

484 2272 833 2357 videbatur;
866 2274 971 2336 sed
1028 2274 1089 2337 id
1139 2294 1272 2336 cum
1322 2275 1734 2337 demonstrare
1764 2292 1881 2335 non
1915 2280 2136 2354 posset,

483 2360 669 2439 illud,
732 2381 802 2424 ex
854 2362 1007 2424 Filio
1059 2362 1347 2443 Spiritum
1424 2382 1577 2438 esse,
1646 2370 1884 2423 sanctus
1941 2378 2137 2440 neque

483 2458 681 2531 negat,
710 2470 905 2531 neque
935 2452 1292 2513 eontradicit
1319 2452 1636 2527 Eunomio,
1690 2450 2020 2532 saepissime
2070 2450 2131 2509 in

482 2542 741 2621 propriis
796 2539 1245 2603 commentariis
1300 2541 1361 2603 id
1411 2540 1605 2621 ipsum
1656 2547 1714 2601 et
1760 2537 2132 2620 apertissime

478 2632 796 2709 repetenti;
820 2629 967 2690 illud
996 2648 1236 2704 vero,ex
1268 2630 1392 2691 solo
1426 2649 1561 2691 eum
1585 2629 1785 2691 dicere
1804 2628 1976 2702 Filio,
2005 2645 2128 2706 pes-

475 2717 626 2779 simo
666 2718 777 2780 Dei
805 2718 964 2780 hosti
992 2718 1194 2780 multis
1224 2717 1475 2799 objectis
1515 2724 1823 2799 pernegat.
1856 2715 1967 2787 Qui
1995 2734 2131 2777 vero

476 2824 597 2868 non
627 2805 703 2869 ad
733 2806 982 2881 illud,ex
1000 2806 1288 2888 Filio,sed
1311 2808 1383 2869 ad
1411 2807 1657 2884 illud,ex
1681 2806 1806 2868 solo
1827 2805 1976 2868 Filio
2002 2822 2133 2866 esse

476 2894 759 2976 Spiritum
772 2895 1739 2977 sanctumcontradicit,quumodo
1766 2895 2130 2971 hic,exutro-

475 3003 591 3067 que
605 2986 916 3047 manifesto
931 3005 1051 3047 non
1063 2985 1477 3048 constabilit?N
1485 3004 1637 3066 eque
1656 2986 1815 3047 enim
1840 2982 2131 3064 quispiam

2226 1920 2288 1973 16
2332 1924 2565 1994 Πνεῦμα·
2599 1916 2691 1975 Ἂν
2733 1920 2831 1998 γὰρ
2874 1916 3185 1998 ἀπεδείχθη,
3246 1918 3476 1983 οὒδόλως
3526 1922 3588 1975 εκ
3619 1926 3711 1976 τοῦ
3751 1921 3871 1975 Υἱοῦ

2226 2007 2467 2088 ὑπάρχον
2529 2010 2590 2064 τὸ
2674 2013 2909 2083 Πνεῦμα,
2980 2009 3014 2075 ἡ
3074 2006 3292 2075 τοιαύτη
3351 2005 3613 2073 ἀπόδειξις
3680 2007 3870 2084 ἔμελλε

2226 2096 2286 2151 1:6
2346 2096 2649 2176 κατώγορον
2735 2096 2988 2172 Εὖνομίου
3046 2095 3216 2170 στόμα
3275 2095 3562 2176 ἀμφράξαι,
3625 2095 3873 2175 λέγοντος

2226 2186 2297 2247 ὡς
2328 2186 2362 2253 ἦ
2392 2185 2625 2241 εὐτέλεια
2654 2192 2745 2241 τοῦ
2801 2186 2944 2264 παρὰ
2987 2192 3078 2241 τοῦ
3153 2186 3276 2242 Υἱοῦ
3330 2185 3642 2254 ποιηθέντος
3703 2189 3872 2244 Πνεῦ-

2223 2294 2388 2347 ματος
2458 2278 2517 2332 οὒ
2578 2285 2854 2353 συγχωρεῖ
2923 2275 3012 2331 τὸν
3090 2274 3210 2330 Υἱὸν
3255 2273 3513 2350 ὁμότιμον
3570 2280 3647 2349 τῷ
3710 2278 3874 2356 Πατρὶ

2218 2361 2385 2424 εἶναι,
2421 2363 2519 2420 Καὶ
2566 2365 2626 2419 τὸ
2667 2363 2765 2437 μὲν
2835 2360 3107 2429 ἀποδεῖξαι
3149 2367 3242 2420 16v
3300 2364 3454 2443 ἅγιον
3514 2362 3765 2441 μηδόλως
3810 2365 3871 2421 ὲκ

2215 2460 2308 2509 τοῦ
2346 2450 2466 2506 Υἱοῦ
2494 2451 2735 2530 ὑπάρχον
2789 2452 2851 2507 16
2909 2457 3122 2525 Πνεῦμα
3181 2453 3241 2508 τὸ
3287 2452 3439 2531 ἅγιον
3497 2452 3637 2510 οὕτω
3664 2455 3865 2534 χρήσι-

2213 2561 2314 2615 μον
2383 2537 2601 2615 ἔμελλεν
2647 2541 2720 2604 εἰς
2772 2539 3072 2614 ἀνατροπὴν
3125 2547 3230 2598 τῶν
3280 2543 3534 2616 Εὐνομίου
3597 2541 3863 2622 ἀναφανῆ-

2213 2652 2296 2686 ναι
2354 2628 2709 2710 βλασφημιῶν
2758 2649 2771 2665 ⁸
2807 2632 2836 2686 6
2878 2628 2932 2686 δὲ
3006 2631 3156 2709 ἅγιος
3234 2629 3508 2697 ἀποδεῖξαι
3577 2640 3729 2690 τοῦτο
3784 2636 3859 2709 μὴ

2214 2717 2382 2798 ἔχων,
2413 2721 2543 2798 πρὸς
2575 2718 2669 2795 μὲν
2727 2721 2788 2775 τὸ
2859 2719 2919 2776 ὲκ
2969 2727 3058 2777 τοῦ
3132 2723 3245 2777 Γὶοῦ
3275 2721 3415 2778 εἶναι
3502 2722 3564 2778 16
3626 2727 3858 2802 Πνεῦμα,

2215 2807 2309 2864 οὒκ
2362 2806 2621 2885 ἀντιλέγει
2691 2814 2767 2883 τῷ
2823 2809 3080 2885 Εὐνομίῳ,
3174 2818 3437 2890 μυριαχοῦ
3492 2816 3594 2866 τῶν
3662 2812 3863 2868 οἰκείων

2215 2897 2642 2975 συγγραμμάτων
2689 2903 2844 2954 τοῦτο
2899 2899 3190 2976 τρανότατα
3234 2898 3463 2976 λέγοντι·
3525 2903 3654 2976 πρὸς
3697 2901 3860 2976 μόνον

2215 2983 2270 3041 δέ
2300 2988 2360 3042 τὸ
2390 2985 2450 3042 ἐκ
2479 2986 2638 3060 μόνου
2665 2984 2840 3065 λέγειν
2868 2989 2994 3045 αῦτὸ
3023 2994 3114 3044 τοῦ
3173 2990 3293 3044 Υἱοῦ
3322 2986 3589 3067 ἀντιλέγει
3632 2996 3708 3064 τῷ
3769 3012 3863 3046 κα-

476 3073 1110 3152 dicet,sauctum,dum
1140 3095 1211 3135 ex
1234 3075 1359 3137 solo
1380 3073 1528 3135 Filio
1552 3092 1671 3135 non
1693 3092 1824 3136 esse
1847 3071 2129 3151 Spiritum

2217 3074 2381 3148 κίστῳ
2399 3076 2487 3131 καὶ
2515 3075 2791 3155 θεομάχῳ.
2820 3073 2877 3134 Ὀ
2896 3073 2950 3132 δὲ
2982 3078 3059 3152 μὴ
3080 3078 3211 3155 πρὸς
3241 3079 3303 3133 16
3329 3076 3389 3134 ἐκ
3417 3085 3507 3134 τοῦ
3560 3081 3679 3135 Υἱοῦ
3724 3077 3859 3135 ἀλλὰ

470 3164 701 3245 astruit,
737 3165 1119 3236 conﬁrmare,
1154 3182 1287 3225 eum
1312 3182 1445 3225 esse
1469 3182 1540 3225 ex
1562 3163 1689 3224 solo
1726 3166 2120 3242 Patre,neque

2214 3166 2339 3244 πρὸς
2356 3166 2416 3219 16
2444 3165 2503 3220 ἐκ
2527 3164 2688 3239 μόνου
2711 3172 2801 3222 τοῦ
2832 3169 2950 3222 Υἱοῦ
2980 3167 3122 3223 εἶναι
3148 3169 3209 3222 τὸ
3258 3173 3470 3241 Πνεῦμα
3496 3169 3556 3222 16
3584 3166 3736 3245 ἅγιον
3758 3168 3855 3224 ὄιν-

473 3252 587 3314 hoc
601 3262 767 3333 pacto
790 3252 1260 3316 ratiocinandum
1287 3252 1458 3328 est,si
1471 3272 1541 3314 ex
1553 3252 1679 3314 solo
1700 3253 1847 3315 Filio
1871 3250 2125 3331 Spiritus

2214 3252 2450 3333 τιλὲγων,
2481 3258 2597 3316 πῶς
2621 3257 2680 3312 οὒ
2702 3256 2764 3309 16
2792 3254 2843 3319 ἐξ
2871 3255 3077 3333 ἀμφοῖν
3123 3253 3401 3334 προδήλως
3427 3258 3576 3320 οὗτος
3598 3257 3854 3325 συνίστη-

476 3358 596 3402 non
619 3349 810 3416 est,ex
831 3343 960 3404 solo
987 3360 1128 3420 ergo
1146 3341 1320 3403 Patre
1344 3341 1572 3412 est,sed
1587 3342 1922 3421 sciendum,
1959 3359 2119 3418 eum,

2214 3364 2285 3397 σιν
2311 3362 2326 3423 ;
2351 3342 2410 3398 οὔ
2430 3342 2529 3421 γάρ
2554 3340 2617 3412 δή
2668 3342 2854 3421 ἐρεϊὼς
2882 3345 2910 3398 6
2928 3342 3102 3421 ἅγιος,
3156 3352 3214 3400 εκ
3275 3344 3440 3419 μόνου
3494 3353 3588 3402 τοῦ
3632 3347 3751 3402 rios
3775 3348 3852 3422 μῆ

468 3428 573 3509 qui
601 3427 884 3509 Spiritum
915 3449 1035 3492 non
1052 3449 1184 3492 esse
1202 3449 1270 3492 ex
1293 3431 1418 3491 solo
1438 3430 1583 3492 Filio
1606 3437 1904 3491 asseverat
1933 3427 2124 3488 mani—

2214 3428 2359 3485 εἶναι
2381 3427 2550 3506 λέγων
2572 3430 2632 3484 16
2644 3435 2856 3505 Πνεῦμα
2904 3431 3201 3497 συνίστησιν
3232 3430 3293 3487 ἐκ
3312 3453 3472 3507 μονον)
3500 3440 3595 3489 τοῦ
3650 3435 3854 3513 Πατρὸς

472 3517 621 3579 festo
652 3537 722 3579 ex
752 3527 1004 3599 utroque
1034 3537 1169 3580 eum
1206 3536 1339 3580 esse
1360 3518 1885 3599 comprobarezqui
1902 3534 2038 3577 vero
2052 3535 2119 3578 ex

2214 3518 2356 3573 εἶναι
2386 3517 2511 3573 αὐτό
2542 3533 2555 3546 ⁸
2593 3517 2707 3574 οῦδὲ
2738 3517 3127 3597 συλλογίζεσθαι
3181 3516 3267 3578 δεῖ
3323 3523 3420 3595 ὡς,
3484 3524 3528 3577 εἱ
3565 3521 3626 3578 ἐκ
3691 3522 3856 3597 μόνω

471 3606 600 3668 solo
638 3605 811 3669 Patre
837 3625 971 3669 esse
1006 3607 1290 3688 Spiritum
1322 3607 1728 3669 demonstrare
1772 3604 2121 3680 conatur,ad

2214 3615 2292 3664 τοῦ
2330 3608 2449 3665 Υἱοῦ
2488 3609 2549 3664 16
2607 3615 2817 3685 Πνεῦμα
2874 3610 2967 3666 ὠκ
3037 3609 3200 3691 ἔστιν,
3262 3610 3323 3668 ἐκ
3391 3611 3553 3687 μόνου
3598 3608 3697 3691 ἄρα
3740 3611 3849 3669 ἐστὶ

470 3692 848 3772 probandum
882 3695 971 3755 illi
1000 3713 1123 3767 non
1147 3694 1231 3756 ita
1244 3695 1414 3757 facile
1432 3693 1838 3771 futurum,nisi
1855 3693 1929 3753 ad
1948 3693 2122 3754 refel-

2214 3706 2292 3755 εοῦ
2320 3699 2548 3772 Πατρὸς.
2579 3696 2698 3754 ἀλλ’
2742 3697 2927 3755 εἰδέναι
2984 3701 3057 3764 ὡς
3116 3701 3144 3755 6
3205 3699 3282 3767 μὴ
3328 3700 3471 3757 εἶναι
3531 3702 3593 3757 τὸ
3637 3708 3849 3779 Πνεῦμα

472 3781 717 3844 lendum
738 3782 802 3844 in
832 3790 1022 3845 semet
1054 3784 1408 3864 susceperit,
1445 3802 1684 3863 prorsus
1706 3802 1775 3845 ex
1796 3780 1961 3862 _Filio
1981 3780 2115 3870 Spie

2214 3786 2261 3840 ἐκ
2290 3785 2451 3861 μόνου
2508 3793 2599 3842 τοῦ
2648 3787 2768 3844 Υἱοὸ
2836 3786 3010 3870 λέγων
3079 3786 3357 3865 προδήλως
3416 3792 3478 3845 τὸ
3538 3790 3589 3856 ἐξ
3649 3791 3850 3870 ἀμφοῖν

468 3870 644 3933 ritum
679 3890 798 3932 non
830 3889 983 3936 esse.
1034 3871 1163 3934 Hoc
1194 3873 1350 3934 enim
1384 3873 1788 3936 tantummodo
1819 3889 1930 3932 nec
1958 3869 2117 3932 aliud

2214 3875 2323 3930 ιῦτὸ
2366 3874 2508 3931 εἶναι
2568 3876 2892 3943 συνίστησιν.
2951 3867 3007 3934 ιΟ
3068 3874 3121 3931 δὲ
3172 3876 3232 3933 ἐκ
3284 3878 3448 3953 μόνου
3501 3886 3593 3934 τοῦ
3641 3867 3847 3959 Πατρὸς

469 3960 852 4023 constabilire
882 3962 1124 4043 poterit,
1159 3981 1230 4023 ex
1258 3961 1899 4042 solo.Patre‘Spiritum
1958 3978 2111 4022 esse.

2214 3962 2338 4019 ι’ίναι
2367 3961 2532 4019 θέλων
2588 3961 2850 4030 ἀποδείξαι
2903 3966 2964 4021 16
3008 3970 3243 4041 Πνεῦμα,
3289 3965 3465 4032 ἄλλως
3520 3970 3623 4047 οὐχ
3655 3965 3753 4032 ἔξει
3786 3980 3845 4034 τὸ

467 4054 564 4121 τῆς
606 4052 854 4130 τοιαύτης
898 4050 1209 4118 ἀποδείξεως
1255 4054 1497 4134 εὐχερὲς,
1542 4055 1585 4108 εἰ
1630 4054 1706 4121 μὴ
1750 4054 1878 4131 πρὸς
1910 4050 2209 4130 ἀνατροπὴν
2253 4051 2565 4110 ἆποδύσεται
2595 4065 2687 4113 τοῦ
2728 4053 2869 4118 ὅλως
2912 4054 2973 4111 ἐκ
3014 4061 3107 4111 τοῦ
3172 4056 3294 4114 Υῖοῦ
3322 4057 3464 4113 εῖναι
3506 4057 3567 4113 τό
3612 4063 3843 4133 Πνεῦμα.

468 4148 632 4199 Τοῦτο
661 4142 759 4221 γὰρ
791 4141 950 4218 μόνον
983 4144 1070 4199 καὶ
1099 4144 1192 4199 οὐκ
1234 4140 1365 4199 ἀλλο
1396 4147 1653 4209 συστῆσαι
1684 4140 1783 4207 ἕξει
1812 4142 1874 4196 τὸ
1918 4140 1978 4197 ἐκ
2006 4141 2169 4215 μόνου
2196 4147 2289 4198 τοῦ
2318 4144 2526 4221 Πατρὸς
2556 4143 2699 4200 εἶναι
2729 4146 2791 4200 τὸ
2835 4150 3071 4221 Πνεῦμα.

1112 4246 1354 4312 CAPUT
1391 4247 1462 4312 V.

464 4343 563 4405 Ad
583 4359 679 4407 eos
706 4344 811 4424 qui
834 4342 1140 4424 dubitant,
1193 4365 1215 4401 (ι
1245 4342 1560 4420 Quomodo
1589 4341 1872 4423 Spiritus
1898 4357 2109 4421 proce-

1011 4423 1099 4484 dit
1124 4423 1234 4504 per
1262 4426 1488 4486 Filium
1513 4424 1540 4484 ?
1572 4447 1599 4479 ιι

546 4519 606 4579 1.
640 4517 785 4581 Cum
817 4516 1134 4579 dubiorum
1167 4516 1491 4579 absurdum
1548 4523 1746 4577 mente
1809 4512 2108 4593 concipio,

463 4626 597 4690 qua:
620 4606 889 4689 plerique
918 4604 1721 4686 deincomprehensaTriade
1753 4606 2107 4683 excogitant,

462 4698 604 4760 dum
632 4696 1296 4776 interrogationes,quas
1313 4695 1667 4775 cogitatione
1697 4692 1977 4772 consequi
1992 4709 2109 4752 non

456 4790 680 4859 valeas,
710 4805 946 4848 mecum
971 4786 1229 4859 revolvo,
1264 4794 1326 4847 et
1352 4785 1509 4866 quod
1552 4782 1938 4864 ipsifpelagus
1970 4798 2108 4860 per-

460 4875 712 4938 transire
742 4885 994 4951 tentant,
1026 4883 1085 4937 et
1113 4884 1394 4957 quantam
1429 4872 1888 4955 profunditatem
1915 4874 2112 4931 inves-

455 4966 646 5043 tigare
670 4966 912 5037 audent,
941 4966 1221 5046 projectaa
1250 4973 1306 5026 et
1330 4964 1403 5026 ad
1437 4962 1654 5024 similia
1678 4962 1927 5022 concita:
1955 4958 2117 5039 cupi-

457 5052 661 5116 ditatis
717 5054 1142 5115 confidentiam
1193 5053 1476 5125 demiror,
1512 5060 1569 5113 et
1599 5049 1771 5130 quasi
1801 5049 1929 5128 ipse
2003 5066 2110 5126 ego

456 5142 779 5223 essem,qui
816 5141 953 5204 talia
999 5142 1254 5205 ﬁdenter
1311 5140 1689 5222 aggrederer,
1726 5146 1879 5198 totus
1909 5144 2109 5198 mente

454 5231 774 5310 animoque
815 5239 1088 5294 metuens
1144 5233 1515 5294 inhorresco.
1551 5228 1695 5301 Qum
1728 5245 1905 5308 porro
1941 5233 2100 5306 sunt,

456 5337 585 5401 qum
607 5320 693 5382 illi
723 5321 801 5383 de
830 5320 1211 5400 processione
1240 5318 1593 5384 sanctissimi
1623 5315 1877 5397 Spiritus
1907 5314 2100 5376 addu-

453 5407 677 5472 bitant?
694 5410 1360 5490 Nos,inquiunt,Filium
1383 5418 1440 5470 et
1462 5407 1747 5485 Spiritum
1778 5422 1894 5465 una
1921 5402 2098 5465 simul

454 5516 525 5561 ex
540 5498 713 5562 Patre
742 5500 1080 5561 emanantia
1107 5500 1450 5573 didicimus,
1473 5497 1544 5558 Et
1573 5513 1689 5577 qua
1742 5494 1971 5555 ratione
1998 5491 2098 5573 qui

452 5606 588 5650 cum
616 5589 766 5653 Filio
797 5587 975 5649 simul
1008 5596 1242 5651 emanat
1270 5607 1341 5651 ex
1369 5586 1682 5665 Patre,per
1706 5582 1921 5646 Filium
1953 5598 2096 5660 pro-

455 5674 664 5741 cedit?
692 5678 768 5741 Et
793 5674 859 5738 hi
887 5679 1128 5756 quidem
1158 5678 1306 5742 hac.

2134 4393 2176 4442 D

2829 4239 3201 4313 AE¢AA.EZ

2202 4361 2227 4397 ι
2302 4343 2439 4421 Πρὸς
2505 4343 2626 4408 τοὺς
2684 4341 3081 4422 διαποροῦντας.
3167 4345 3286 4407 Πῶς
3349 4343 3684 4423 ἐκπορεύεται
3769 4346 3831 4401 16

2556 4494 2563 4501 ,
2637 4434 2846 4508 Πνεῦμα
2889 4430 2973 4488 διὰ
3022 4440 3114 4489 τοῦ
3170 4435 3325 4508 Υἱοῦς
3363 4454 3392 4488 ι

2275 4512 2350 4586 α’.
2411 4512 2549 4581 ”Οτε
2606 4523 2667 4578 16
2722 4526 2827 4579 τῶν
2892 4522 3126 4601 ἀποριῶν
3198 4521 3578 4599 ὰναλογίσομαι
3636 4521 3837 4579 ἄτοπον

2193 4611 2256 4677 ἃς
2340 4616 2388 4668 οἱ
2457 4610 2649 4669 πολλοὶ
2721 4612 2838 4690 περὶ
2897 4613 2994 4678 τῆς
3060 4610 3438 4682 ἂκαταλήπτου
3514 4610 3836 4669 διανοοῦνταὶ

2193 4699 2409 4779 Τριάδος
2443 4717 2457 4731 ⁸
2532 4701 2619 4757 ὅτε
2661 4701 2722 4756 16
2791 4705 2895 4755 τῶν
2952 4700 3259 4780 ἐρωτήσεων
3337 4701 3473 4757 κατὰ
3521 4702 3638 4756 νοῦν
3688 4697 3837 4755 λάϐω

2196 4791 2491 4871 ἀνέφικτον,
2551 4790 2638 4846 καὶ
2681 4792 2795 4846 οἷον
2847 4789 3203 4870 ἐπιχειροῦσιν
3245 4791 3388 4847 οὗτοι
3431 4788 3662 4867 πέλαγος
3729 4790 3830 4858 νή-

2196 4883 2405 4960 χεσθαι,
2518 4878 2607 4935 καὶ
2634 4876 2755 4933 ὅσον
2806 4878 3100 4957 ἆνιχυεύειν
3142 4876 3485 4955 ἇποτολμῶσι
3541 4879 3693 4954 βυθὸν
3735 4881 3834 4945 τῆς

2195 4969 2324 5046 πρὸς
2396 4969 2463 5026 τὰ
2521 4974 2736 5023 τοιαῦτα
2788 4966 3102 5041 κινουμένης
3172 4966 3400 5029 διανοίας
3483 4966 3837 5042 ἆποθαυμάζω

2197 5078 2293 5123 την
2324 5053 2549 5135 τόλμαν,
2583 5055 2671 5111 καὶ
2714 5057 2787 5120 ὡς
2844 5055 2998 5118 αὐτὸς
3055 5057 3164 5134 εγὼ
3219 5055 3499 5136 τυγχάνων
3559 5056 3587 5110 6
3642 5054 3840 5113 τούτων

2189 5142 2540 5220 κατατολμῶν
2641 5165 2838 5224 φριττω
2894 5145 2981 5199 καὶ
3036 5146 3153 5200 νοῦν
3240 5146 3329 5201 καὶ
3422 5142 3676 5202 διάνοιαν.
3727 5142 3837 5201 Οἷα

2187 5234 2287 5312 γὰρ
2342 5230 2647 5313 διαποροῦσι
2679 5309 2687 5313 _
2717 5234 2832 5311 περὶ
2888 5237 2985 5300 τῆς
3042 5240 3133 5290 τοῦ
3202 5233 3460 5312 παναγίου
3528 5232 3831 5308 Πνεύματος

2186 5309 2595 5401 ἐκπορεύσεως;
2677 5309 2861 5397 Ἠμεῒς
2918 5322 3092 5401 φασὶν,
3136 5322 3255 5379 Υἱὸν
3310 5309 3397 5378 καὶ
3450 5328 3662 5397 Πνεῦμα
3714 5319 3825 5396 ἅμα

2179 5411 2551 5490 προερχόμενα
2596 5411 2656 5468 ἐκ
2714 5412 2916 5490 Πατρὸς
2987 5412 3392 5487 μεμαθήκαμεν.
3459 5412 3556 5469 Καὶ
3612 5410 3724 5476 πῶς
3755 5409 3823 5466 δι’

2190 5501 2307 5556 Υἱοῦ
2393 5498 2725 5577 ἐκπορεύεται
2808 5501 2868 5555 τὸ
2938 5497 3052 5575 ἅμα
3122 5500 3229 5576 Υἱῷ
3306 5499 3704 5581 προερχόμενον
3761 5498 3822 5556 ἐκ

2180 5589 2378 5667 Πατρὸς
2408 5607 2424 5668 ;
2474 5590 2572 5646 Καὶ
2603 5590 2649 5646 οἱ
2674 5591 2769 5662 μὲν
2795 5594 2976 5650 ταῦτα.

4197 2530 4213 2720 z

4198 2730 4208 2959 ξ
