4178 6286
379 288 497 360 109

1495 301 1594 365 DE
1634 297 2142 365 PROCESSIONE
2186 299 2245 359 S.
2301 301 2672 364 SPIRITUS.

3644 287 3764 357 210

456 419 529 508 β’.
581 420 771 509 Ἠμεῖς
828 432 907 514 δὲ,
966 434 1113 492 λύσιν
1167 440 1274 492 τῶν
1345 434 1596 492 τοιούτων
1651 433 2001 509 ἀπαιτούμενο

2189 433 2247 495 2.
2280 432 2399 495 Nos
2420 453 2560 496 vero
2578 436 2654 497 de
2683 434 2967 496 similium
2997 432 3434 496 dubitationum
3466 426 3761 491 solutione

376 520 632 601 ἀποριῶν,
694 520 912 580 ἄλλοθεν
965 523 1061 582 οὒκ
1142 523 1344 605 ἔχομεν
1420 523 1720 603 ἐμφευρεῖν,
1793 521 1913 580 ἀλλ’
1971 521 2021 588 ἐξ

376 610 756 689 ἐπερωτήσεως
827 612 1002 675 ἄλλων
1059 614 1293 692 ἀποριῶν
1361 627 1482 677 ταῖς
1553 613 1793 685 ἀπορίαις
1854 616 2023 670 αὐτῶν

373 701 845 781 ἀντεπαγομένων.
903 704 1027 760 Τίνα
1083 704 1184 782 γὰρ
1254 701 1316 758 ἅν
1399 726 1480 766 τις
1551 704 1639 759 καὶ
1681 701 2022 772 ἐπινοήσαιτο

375 788 520 846 λύσιν
578 790 664 848 ἐπ’
759 791 1001 863 ἐκείνοις,
1074 794 1151 847 ὧν
1225 791 1385 870 λόγος
1440 794 1657 870 φυσικὸς
1730 790 2022 872 ἐφικνεῖται

376 877 562 950 οὒδεὶς,
639 881 729 937 καὶ
772 880 904 959 ἅπερ
960 883 1148 944 αἰωνος
1216 883 1413 945 παντὸς
1468 882 1556 938 καὶ
1622 881 1819 960 χρόνου
1876 880 2021 936 ἀνώ-

375 989 524 1045 τερα,
573 970 659 1027 καὶ
714 972 789 1025 ὧν
862 967 1006 1029 οὖδέν
1052 969 1407 1040 καταλήψεως
1465 969 1702 1049 μέτρον,
1749 979 1877 1032 Τοῖς
1922 970 2022 1049 γὰρ

375 1057 512 1114 πάνυ
580 1060 699 1138 περὶ
768 1059 930 1116 ταῦτα
985 1059 1301 1130 ζητητικοῖς
1344 1058 1518 1116 πολλὰ
1586 1065 1812 1135 καμοῦσι
1855 1056 2017 1137 πέρας

375 1148 633 1203 ἱπιθεῖναι
678 1153 758 1225 ,τῇ
805 1150 922 1227 περὶ
1006 1150 1174 1206 αὒτῶν
1245 1149 1461 1228 γνώσει,
1541 1149 1626 1204 καὶ
1715 1144 2018 1222 κατάληψιν

373 1234 637 1316 ἐφωρεῖν,
670 1235 726 1293 ἔν
769 1260 820 1293 τι
876 1237 1037 1317 πέρας
1091 1239 1179 1295 καὶ
1222 1239 1315 1314 μία
1370 1235 1672 1313 κατάληψις
1730 1236 2015 1314 ἒπιγῖνεται

373 1323 551 1399 μόλις,
626 1324 813 1405 ἄπειρα
910 1333 1104 1403 γνῶναι
1214 1333 1376 1383 mou
1473 1327 1560 1382 καὶ
1638 1325 1989 1393 ἀκατάληπτα

373 1414 495 1471 Ἐπὶ
552 1416 677 1491 γοῦν
732 1428 851 1478 τοῖς
891 1415 1057 1480 οὕτως
1128 1415 1523 1485 ἀκαταλήπτοις
1582 1416 1670 1471 καὶ
1723 1415 2013 1494 ἀπερινοή-

368 1524 479 1567 τοις
522 1503 637 1560 τίνα
664 1503 727 1559 ἅν
784 1527 863 1570 τις
905 1504 1052 1561 λύσιν
1105 1518 1225 1567 τοῖς
1280 1505 1562 1584 ἀποροῦσιν
1621 1503 2008 1585 ἐπινοήσαιτος

369 1592 588 1656 Πάντως
691 1594 808 1657 τοὺς
923 1594 1006 1651 ἐπὶ
1115 1594 1320 1657 τούτοις
1422 1591 1815 1671 διαποροῦντας,
1918 1597 2013 1651 οὐκ

368 1680 510 1737 ’ἐστιν
576 1680 793 1740 ἂλλοθεν
836 1688 1021 1749 στῆναι
1091 1689 1184 1739 τοῦ
1242 1683 1461 1761 ἀπορεῖν
1504 1680 1624 1738 ἀλλ’
1669 1681 1703 1749 ἢ
1761 1680 1812 1746 ἐξ
1870 1679 2009 1737 ἐπα-

2104 521 2563 599 rogati,aliunde
2594 541 2723 603 eam
2749 523 3104 603 conquirere
3141 539 3259 583 non
3285 518 3547 580 valemus
3575 533 3754 597 quam

2107 628 2175 671 ex
2228 610 2472 673 aliarum
2527 612 2961 674 dubitationum
3024 606 3612 688 interrogationibus,
3646 604 3756 667 ad-

2104 717 2310 761 versus
2340 701 2436 781 obj
2446 708 2602 763 ectas
2623 701 3025 765 dubitationes
3047 695 3574 782 propositis.Quam
3594 693 3756 782 enim

2107 780 2463 851 solutionem
2485 790 2777 871 quispiam
2804 780 3062 871 unquam
3091 786 3384 851 invenerit
3415 800 3646 857 eorum,
3680 780 3754 844 ad

2106 898 2235 964 quae
2263 881 2423 942 nulla
2474 882 2622 943 ratio
2674 883 2955 944 naturalis
3006 879 3305 962 pertingit,
3339 883 3397 939 et
3426 893 3562 957 quae
3593 871 3759 934 omni

2104 987 2224 1030 avo
2249 977 2304 1029 et
2331 979 2596 1050 tempore
2640 970 2868 1050 potiora
2893 980 3051 1045 sunt,
3089 977 3147 1030 et
3179 983 3434 1048 quorum
3470 979 3751 1050 compref

2102 1058 2409 1119 hensionis
2437 1048 2717 1122 mensura
2745 1060 2905 1122 nulla
2936 1048 3760 1140 praescribitur‘iNamquequi

2100 1145 2175 1206 de
2199 1146 2319 1207 illis
2347 1147 2520 1208 anxie
2551 1138 2961 1225 investigando
3015 1165 3150 1209 sese
3203 1143 3546 1217 sollicitant,
3605 1138 3754 1200 licet

2102 1235 2347 1296 multum
2384 1235 2800 1315 defatigentur,
2857 1246 2919 1298 ut
2968 1234 3293 1316 cognitioni
3323 1232 3399 1295 de
3443 1230 3516 1292 iis
3567 1228 3745 1291 ﬁnem

2096 1324 2493 1405 imponant,et
2521 1326 3117 1406 comprehensionem
3147 1323 3405 1410 aliquam
3423 1335 3747 1410 assequen-

2095 1413 2452 1492 tur,tandem
2478 1413 2594 1475 illis
2626 1434 2779 1476 unus
2811 1415 3103 1477 terminus
3128 1424 3190 1476 et
3206 1429 3323 1474 una
3353 1409 3748 1490 comprehen-

2098 1500 2187 1562 sio
2218 1503 2473 1580 accedit,
2525 1503 2915 1566 immoderata
2945 1523 3014 1565 ea
3041 1517 3425 1581 cognoscere,
3479 1496 3746 1576 nullique

2097 1591 2419 1670 cognitioni
2466 1591 2740 1658 obnoxia.
2802 1593 2888 1656 De
2944 1594 3037 1655 his
3092 1593 3316 1673 itaque,
3378 1606 3510 1670 quae
3549 1603 3746 1664 neque

2096 1690 2296 1742 mente
2324 1682 2773 1762 comprehendi,
2809 1701 3001 1764 neque
3053 1679 3408 1760 cogitatione
3465 1678 3749 1764 cognosci

373 1774 556 1847 γωγῆς
589 1768 764 1829 ἄλλων
820 1771 1076 1851 ἀποριῶν,
1148 1774 1219 1836 ὡς
1279 1768 1339 1827 ἄν
1411 1769 1807 1848 διαπορηθέντες
1875 1771 2001 1825 οὗτοι

2096 1775 2341 1846 quem“.
2376 1787 2491 1849 qua
2520 1770 2812 1850 quispiam
2845 1762 3140 1832 solutione
3162 1766 3410 1830 incertis
3427 1772 3604 1845 atque
3627 1762 3744 1824 du-

370 1859 453 1939 ἔφ’
496 1861 583 1924 οἶς
616 1864 711 1919 οῦκ
763 1860 903 1917 ἔστιν
959 1862 1141 1925 αὖτοὺς
1202 1860 1348 1917 λύσιν
1391 1859 1611 1939 ἀπορίας
1670 1858 1845 1918 δοῦναί
1871 1858 2010 1931 τινά,

371 1947 506 2005 οὕτω
530 1955 624 2006 τοῦ
652 1948 871 2027 ἀπορεῖν
903 1949 1053 2025 μόλις
1082 1950 1449 2029 ἀπόσχνωται.

2098 1854 2421 1918 bitantibus
2452 1855 2831 1920 satisfecerit?
2851 1859 3032 1922 Plane
3062 1877 3186 1931 eos,
3212 1856 3313 1938 qui
3342 1856 3417 1917 de
3448 1851 3743 1915 similibus

2099 1942 2393 2020 dubitant,
2430 1965 2547 2007 non
2578 1947 2816 2009 aliunde
2842 1948 2974 2029 quis
3004 1944 3322 2024 coercebit,
3356 1958 3551 2023 neque
3573 1939 3743 2002 dubi-

368 2036 643 2098 tationem
678 2037 919 2112 eximet,
954 2058 1130 2119 quam
1161 2057 1230 2101 ex
1260 2038 1510 2100 aliarum
1541 2034 1977 2098 dubitationum
2010 2033 2378 2106 inductione,
2412 2044 2476 2095 ut
2502 2036 2586 2096 sic
2631 2036 2718 2098 illi
2748 2037 2806 2098 in
2839 2037 3021 2098 dubia
3051 2034 3329 2116 conjecti,
3389 2033 3464 2093 de
3520 2029 3741 2112 quibus

370 2126 590 2221 nullam
622 2127 972 2190 solationem
1005 2127 1379 2191 comminisci
1413 2134 1675 2208 possunt,
1713 2124 1950 2187 tandem
1982 2121 2797 2221 aliquandoﬁdubitationibus
2828 2126 3364 2221 ﬁnemimponant.

443 2218 513 2293 γι
596 2218 693 2275 Καὶ
762 2226 884 2295 γοῦν
956 2218 1218 2298 ἐρωτῶσιν
1262 2221 1396 2294 ἡμῖν
1479 2218 1775 2274 εἰπάτωσαν
1832 2218 1996 2289 οὗτοι,

368 2310 478 2371 πῶς
504 2308 564 2362 τὸ
622 2313 837 2382 Πνεῦμα
903 2309 964 2364 τὸ
1019 2307 1170 2387 ἅγιον
1240 2306 1573 2386 ἐκπορεύεται
1631 2306 1692 2362 ἐκ
1742 2306 1997 2383 Πατρός;

366 2403 489 2457 Τοῖς
519 2393 889 2471 δυνησομένοις
939 2394 1115 2452 δοῦναι
1174 2394 1333 2473 λόγον
1376 2398 1511 2472 ἡμῖν
1543 2400 1659 2458 πῶς
1699 2395 1763 2450 τὸ
1792 2398 2002 2467 Πνεῦμα

366 2484 672 2564 ἐκπορύεται
762 2484 824 2542 ἐκ
910 2488 1111 2566 Πατρὸς
1190 2485 1392 2561 ἕτοιμοι
1490 2485 1648 2563 λόγον
1724 2481 2003 2541 ἀποδοῦναι

362 2575 526 2648 ἡμεῖς
581 2580 697 2638 πῶς
741 2574 1048 2653 ἐκπορύεται
1117 2576 1179 2631 τὸ
1255 2580 1464 2649 Πνεῦμα
1539 2571 1606 2630 δι’
1676 2576 1816 2634 Υἱοῦ,
1864 2574 1922 2630 Εἰ
1950 2570 2005 2627 δὲ

361 2658 453 2717 διὰ
494 2664 556 2719 τὸ
596 2662 708 2737 ἅμα
751 2665 856 2738 Υἱῷ
904 2666 966 2719 ὲκ
1022 2665 1227 2739 Πατρὸς
1285 2665 1347 2720 τὸ
1405 2670 1616 2739 Πνεῦμα
1656 2660 2001 2742 προέρχεσθαι

360 2750 591 2826 γίνονται
636 2804 649 2825 ε
675 2753 807 2820 πρὸς
848 2753 910 2807 τὸ
946 2752 1208 2832 ἀπορεῖν,
1265 2757 1378 2814 πῶς
1442 2749 1508 2808 δι’
1566 2754 1708 2832 Υἱοῦ,
1753 2749 1837 2811 διά
1889 2771 2006 2807 τινα

360 2838 588 2918 ἔμφασιν
672 2840 868 2919 χρόνου
949 2841 1199 2921 οἰόμενοι,
1282 2842 1370 2897 καὶ
1452 2841 1633 2916 πάλιν,
1709 2841 2003 2897 εἰπάτωσαν

356 2926 492 3001 τημῖν
537 2930 679 2984 αὐτοὶ
722 2929 996 3010 πρότερον,
1029 2935 1143 2994 πῶς
1202 2933 1231 2987 ὁ
1276 2932 1395 2993 Υἱὸς
1450 2931 1536 2986 καὶ
1592 2928 1729 3006 ὀίμαῖ
1763 2928 1870 2986 ἐστὶ
1927 2936 2003 3004 τῷ

2164 2210 2221 2274 3.
2283 2210 2473 2284 Quare
2528 2212 3027 2294 interrogantibus
3080 2214 3255 2276 nobis
3305 2205 3734 2291 respondeant,

2083 2319 2337 2380 quanam
2362 2304 2591 2363 ratione
2605 2300 2862 2382 Spiritus
2885 2311 3128 2367 sanctus
3149 2300 3431 2384 procedat
3450 2317 3520 2362 ex
3539 2298 3738 2359 Patre?

2083 2387 2206 2449 Illis
2237 2389 2336 2470 qui
2365 2390 2650 2453 rationem
2677 2391 2844 2453 nobis
2862 2392 3118 2455 reddere
3134 2385 3736 2473 poterunt,quomodo

2088 2477 2343 2558 Spiritus
2398 2479 2663 2559 procedit
2719 2499 2788 2542 ex
2830 2480 3028 2555 Patre,
3083 2479 3340 2561 prompti
3391 2494 3596 2539 sumus
3628 2493 3736 2537 nos

2088 2585 2325 2647 quoque
2348 2568 2639 2630 rationem
2672 2569 3253 2651 reddere,quomodo
3310 2566 3564 2649 Spiritus
3595 2582 3733 2645 pro-

2089 2656 2258 2717 cedat
2278 2674 2386 2736 per
2403 2657 2643 2718 Filium.
2677 2656 2846 2731 Quod
2877 2658 2929 2721 si
2958 2676 3027 2723 ex
3053 2677 3147 2731 eo,
3179 2656 3335 2738 quod
3369 2654 3546 2718 simul
3597 2671 3732 2715 cum

2087 2743 2238 2806 Filio
2267 2745 2521 2824 Spiritus
2561 2765 2629 2808 ex
2682 2747 2853 2810 Patre
2905 2755 3161 2818 emanat,
3210 2747 3272 2808 in
3301 2743 3728 2808 dubitationem

2088 2834 2654 2915 veniunt,quomodo
2678 2856 2783 2917 per
2799 2836 3199 2918 Filium.quod
3227 2834 3467 2915 aliquod
3492 2841 3730 2913 tempo-

2086 2922 2560 2985 risintervallum
2590 2924 2855 2987 videatur
2876 2926 3267 3000 intercedere,
3292 2941 3500 2986 rursus
3530 2921 3732 2983 dicant

360 3017 543 3094 Πατρὶ,
574 3017 659 3075 καὶ
690 3016 749 3072 ἐκ
778 3009 987 3096 Πατρὸς
1012 3017 1129 3098 ἔχει
1177 3019 1239 3074 τὸ
1296 3018 1438 3075 εἶναι
1495 3020 1582 3075 καὶ
1641 3018 1805 3093 τημεῖς
1848 3018 1999 3095 ἐροῦ-

2092 3011 2196 3093 ipsi
2228 3012 2395 3074 nobis
2425 3014 2591 3094 prius
2618 3032 2629 3076 :
2663 3014 2927 3087 Quanam
2957 3016 3186 3076 ratione
3244 3013 3430 3076 Filius
3461 3018 3519 3072 et
3548 3009 3725 3071 simul

352 3126 472 3183 μεν,
504 3110 617 3169 πῶς
660 3106 722 3161 τὸ
764 3112 975 3180 Πνεῦμα
1030 3107 1139 3181 ἅμα
1181 3107 1290 3164 ἐστὶ
1346 3112 1424 3180 τῷ
1467 3110 1594 3181 mp,
1652 3108 1739 3163 καὶ
1777 3105 1861 3163 διὰ
1886 3106 2001 3185 ξτοῦ

2092 3109 2169 3163 est
2193 3121 2328 3164 cum
2360 3107 2562 3179 Patre,
2596 3112 2654 3164 et
2685 3123 2755 3165 ex
2787 3103 2958 3166 Patre
2987 3104 3165 3165 habet
3197 3102 3353 3185 quod
3384 3099 3504 3162 sit?
3532 3099 3731 3161 Etnos

362 3196 484 3249 Υἱοῦ
552 3192 671 3273 ἔχει
726 3197 789 3250 τὸ
845 3196 1010 3257 εἶναι,
1059 3197 1116 3253 Ei
1157 3197 1256 3274 γὰρ
1314 3194 1430 3276 ἔχει
1474 3195 1667 3276 χρόνου
1724 3192 1993 3271 δύναμινή

2092 3194 2771 3272 3xponemus,quomodo
2803 3192 3059 3274 Spiritus
3072 3192 3249 3254 simul
3272 3198 3362 3253 est
3380 3208 3515 3253 cum
3549 3187 3722 3276 Filio,

350 3278 439 3336 διὰ
482 3281 539 3337 ἐν
581 3286 651 3358 τῇ
716 3279 781 3337 δι’
844 3285 962 3341 Υἱοῦ
1030 3284 1329 3364 ἐκπορεύσει
1373 3275 1468 3342 τοῦ
1505 3275 1847 3363 Πνεύματος,
1894 3282 1994 3350 ἕξει

2092 3288 2136 3340 3t
2164 3298 2233 3341 ex
2265 3279 2413 3342 Filio
2446 3280 2804 3361 habet.quod
2840 3282 2936 3343 sit.
2970 3281 3199 3343 Etenim
3225 3280 3276 3343 si
3303 3296 3417 3359 per
3445 3277 3509 3338 in
3539 3275 3720 3357 Spiri~

354 3368 571 3432 πάντως
602 3370 691 3426 καὶ
748 3372 783 3438 ἡ
830 3370 890 3427 ἐκ
945 3373 1188 3449 πρόθεσις
1254 3373 1355 3439 τὴν
1410 3373 1573 3441 αὐτὴν
1641 3379 1732 3430 τοῦ
1800 3372 1994 3452 χρόνου

2092 3384 2171 3430 ius
2202 3367 2583 3447 processione
2603 3389 2709 3449 per
2725 3370 2939 3432 Filium
2960 3379 3193 3450 tempus
3224 3367 3497 3443 includit,
3530 3364 3722 3427 habe-

348 3453 564 3532 δύναμιν
617 3459 753 3515 κατὰ
822 3460 921 3526 τὴν
978 3460 1038 3517 ἐκ
1120 3464 1324 3541 Πατρὸς
1403 3462 1646 3541 γέννησιν
1703 3468 1796 3520 τοῦ
1846 3465 1989 3524 Υἱοῦ.

2092 3456 2159 3518 )it
2188 3475 2428 3537 prorsus
2455 3466 2512 3519 et
2541 3476 2618 3520 ea:
2649 3460 2971 3541 propositio
3001 3460 3240 3522 easdem
3270 3459 3449 3533 vires,
3479 3464 3534 3519 et
3566 3466 3723 3519 tem-

351 3540 499 3601 Ἀλλ’
529 3544 692 3611 οὖδεὶς
723 3546 973 3624 εὐσεϐῶν,
1020 3552 1063 3606 εἰ
1113 3552 1189 3626 μὴ
1236 3540 1394 3608 κατὰ
1420 3540 1538 3608 τὸν
1613 3540 1834 3631 ’Ἄρειον
1877 3573 1989 3625 μα-

2092 3562 2184 3623 ius
2217 3546 2507 3625 exprimet
2536 3545 2596 3607 in
2627 3540 3007 3624 generatione
3020 3547 3238 3610 Filiiex
3256 3550 3454 3611 Patre.
3478 3545 3594 3609 Sed
3614 3562 3724 3606 ne-

348 3636 482 3707 νείη,
539 3636 627 3692 καὶ
701 3638 980 3713 Εὐνόμιον,
1026 3643 1281 3720 χρονικὴν
1325 3640 1525 3697 ἔννοιαν
1580 3642 1678 3707 τῆς
1720 3647 1815 3697 τοῦ
1867 3641 1990 3697 Υἱοῦ

352 3726 720 3801 προεπινοήσει
775 3728 1094 3803 γεννήσεως.
1160 3734 1267 3789 Οὔκ
1355 3727 1452 3807 ἄρα
1521 3726 1635 3786 οὐδὲ
1690 3731 1846 3804 κατὰ,
1890 3729 1987 3796 τὴν

349 3810 415 3869 δι’
459 3817 576 3872 ficii
639 3815 946 3891 ἐκπόρευσιν
999 3826 1093 3876 τοῦ
1141 3821 1398 3900 παναγίω
1481 3821 1779 3894 Πνεύματος
1848 3842 1987 3900 χρο-

346 3902 465 3971 νική
531 3925 612 3967 τις
682 3902 857 3962 ἔννοια
927 3905 1153 3986 πάροδον
1224 3908 1325 3975 ἔξει
1383 3907 1523 3971 τινα,
1593 3911 1664 3967 Οὒ
1732 3906 1814 3966 δεῖ
1868 3916 1991 3986 γοῦν

346 3989 562 4070 ἀπορεῖν
645 3995 739 4049 καὶ
826 3994 1235 4075 ἀνταπορεῖσθαι
1325 3986 1410 4077 ἐφ’
1480 4001 1566 4061 οἷς
1622 3995 1761 4060 ἅπας
1830 3996 1990 4076 λόγος

2075 3652 2170 3695 mo
2201 3633 2522 3697 dummodo
2557 3636 2833 3716 pietatem
2865 3638 3262 3715 colat,etcum
3290 3637 3429 3700 Ario
3453 3644 3510 3697 et
3529 3634 3722 3697 Euno-

2074 3722 2193 3783 mio
2251 3742 2369 3784 non
2427 3722 2914 3806 insanit,tempus
2941 3734 3078 3789 ante
3111 3726 3243 3791 Filii
3271 3724 3717 3806 generationem

2072 3813 2611 3893 praeiutelligeLSic
2636 3815 2833 3896 itaque
2863 3835 3056 3898 neque
3085 3816 3147 3879 in
3175 3815 3557 3898 processione
3570 3831 3711 3876 san-

2076 3901 2326 3964 ctissimi
2345 3902 2602 3983 Spiritus
2630 3923 2736 3984 per
2763 3903 2973 3967 Filium
2997 3906 3283 3987 temporis
3304 3905 3500 3985 aliqua
3528 3902 3720 3964 inter-

2075 3991 2298 4070 capedo
2329 3991 2523 4053 locum
2555 3992 2817 4055 habebit.
2854 3998 2988 4059 Non
3019 4014 3157 4075 ergo
3186 3992 3574 4057 dubitandum
3604 3997 3717 4067 est,

2075 4099 2267 4159 neque
2305 4080 2501 4143 dubiis
2551 4082 2731 4145 dubia
2786 4086 3131 4164 reponenda
3181 4084 3257 4146 de
3309 4083 3489 4145 rebus
3518 4082 3615 4151 iis,
3646 4082 3722 4143 de

344 4079 562 4156 ἀπορίας
634 4081 811 4161 ἀργεῖ,
868 4082 963 4140 ἵνα
1020 4086 1097 4161 μὴ
1174 4087 1220 4143 οἱ
1292 4085 1605 4164 ἀποροῦντες
1677 4087 1765 4143 καὶ
1821 4087 1989 4144 ἀντα-

2073 4168 2290 4248 quibus
2319 4169 2607 4232 dubitatio
2652 4172 2847 4233 omnis
2877 4181 3088 4244 cessat;
3122 4192 3198 4235 ne
3226 4180 3285 4235 et
3314 4172 3358 4233 ii
3388 4171 3489 4251 qui
3533 4169 3715 4233 dubi-

342 4167 655 4253 πορεύμενοι
712 4168 902 4226 δοκῶσι
980 4174 1334 4252 παρακύπτειν
1390 4176 1463 4238 εἰς
1546 4175 1807 4253 μυστήρια
1861 4180 1990 4232 Θεοῦ

342 4251 495 4321 δίκην
543 4258 861 4332 μεμηνότων
931 4262 1019 4317 καὶ
1060 4251 1464 4341 παραπλτγων,
1537 4265 1610 4321 Ού
1651 4251 1756 4339 μὴν
1814 4261 1894 4319 ὅτι
1923 4265 1984 4321 τὸ

2098 4264 2196 4318 ant
2224 4265 2281 4319 et
2309 4257 2350 4318 ii
2382 4259 2480 4339 qui
2512 4269 2716 4321 contra
2738 4261 3106 4337 addubitant,
3133 4279 3348 4324 arcana
3364 4259 3473 4321 Dei
3496 4267 3716 4339 myste-

340 4343 515 4401 πάντα
596 4343 888 4426 διαπορεῖν
922 4353 1037 4427 περὶ
1110 4325 1238 4410 Θεοῦ
1304 4325 1625 4410 ἔπικίνδυδον
1651 4325 1662 4339 ⁸
1690 4353 1777 4408 καὶ
1856 4354 1981 4408 ἔπι-

2092 4347 2175 4419 ιίο,
2210 4366 2374 4428 mque
2399 4325 2598 4429 latque
2637 4351 3013 4414 insanientes
3059 4325 3116 4415 et
3144 4351 3287 4413 fatui
3316 4350 3510 4412 obiter
3537 4325 3718 4430 atque

341 4431 565 4512 σφαλὶς,
626 4436 1014 4516 ἀπαγορευτέον
1070 4440 1245 4520 λέγειν
1317 4444 1405 4499 καὶ
1483 4442 1685 4498 ἀκούειν
1733 4463 1783 4496 τι
1864 4442 1982 4519 περὶ

2092 4455 2173 4497 νει·
2198 4443 2576 4500 transennam
2613 4440 2831 4502 intueri
2861 4441 3193 4504 videantur.
3230 4441 3345 4503 Sed
3376 4457 3497 4502 non
3527 4456 3711 4519 prop-

336 4528 492 4611 βεοῦ,
523 4523 617 4580 ἵνα
687 4527 765 4601 μὴ
823 4530 884 4584 τὸ
927 4528 1012 4585 ἐπὶ
1067 4532 1221 4587 παντὶ
1291 4530 1438 4609 λόγῳ
1490 4532 1589 4597 τῆς
1664 4529 1979 4608 θεογνωσίας

2092 4543 2229 4586 erea
2251 4527 2405 4604 quod
2439 4528 2514 4588 de
2541 4528 2981 4611 omnibus,quze
3011 4531 3085 4592 de
3117 4533 3238 4593 Deo
3265 4529 3566 4603 dicuntur,
3600 4527 3712 4589 du-

328 4609 744 4692 ἀνεπιχείρητον
811 4618 884 4681 εἰς
943 4620 1004 4674 τὸ
1074 4619 1247 4687 πάντη
1336 4620 1485 4677 ἀθεον
1556 4618 1972 4697 ἀντιπερισταίη.

2092 4614 2407 4675 litationem
2441 4616 2661 4679 habere
2692 4609 2943 4682 multum
2980 4620 3119 4681 mali
3151 4621 3519 4699 multumque
3548 4616 3711 4697 peri-
3790 4633 3793 4636 ‘

325 4697 482 4756 ’Ἀλλ’
510 4701 623 4757 ἐπεὶ
653 4701 736 4761 δια
776 4705 837 4760 τὸ
899 4705 960 4763 ἐκ
1016 4706 1204 4786 μέρους
1247 4710 1549 4787 γινώσκειν,
1608 4708 1694 4764 κάὶ
1752 4706 1812 4762 ἐκ
1868 4705 1970 4781 μέ.-

2097 4703 2175 4764 uli
2208 4703 2637 4775 continet,ideo
2669 4716 2727 4768 et
2754 4708 2829 4769 de
2857 4708 2977 4771 Deo
3003 4728 3332 4780 sermones,
3360 4697 3705 4770 etvauditio-

323 4811 469 4877 pou;
494 4790 922 4867 καταλαμϐάνειν
984 4798 1046 4851 τὸ
1095 4800 1212 4875 περὶ
1266 4805 1358 4854 τοῦ
1390 4805 1520 4855 Θεοῦ
1562 4804 1742 4868 ζητεῖν
1802 4794 1835 4851 ἃ
1863 4793 1967 4868 δεῖ,

2092 4810 2161 4853 es
2194 4793 2366 4870 longe
2396 4795 2666 4857 amanda;
2695 4805 2856 4877 sunt,
2885 4817 2961 4860 ne
2980 4800 3118 4860 dum
3141 4799 3216 4861 de
3236 4798 3341 4861 Dei
3365 4796 3707 4874 cognitione

323 4876 594 4935 ακίνὲυνον
654 4882 740 4936 καὶ
809 4882 1104 4964 ἐπωφελές,
1170 4884 1310 4941 ἔστιν
1379 4885 1438 4941 οὗ
1487 4884 1569 4941 δεῖ
1611 4887 1818 4965 φεύγειν
1911 4885 1972 4939 τὸ

2095 4880 2255 4941 mnia
2280 4881 2560 4944 intentata
2607 4876 3047 4966 relinquuntur,
3083 4885 3385 4966 negotium
3421 4885 3482 4947 in
3513 4886 3701 4947 Deum

335 4965 350 4982 ς.
498 4982 523 4993 ,
611 4967 635 4987 ,ι
827 4971 854 4991 τ
889 4969 913 4989 κ
1304 4976 1317 4996 κ
1572 4980 1598 4991 -

328 4986 577 5046 απορε.ν,
613 4990 751 5024 εστιν
796 4992 855 5027 ο·)
884 4984 968 5027 οεῖ
995 4978 1199 5044 ζητεῖν,
1233 4995 1320 5031 και
1358 4975 1653 5053 ἀνερευνᾳν.

2094 4971 2232 5031 tiam
2249 4988 2489 5050 prorsus
2512 4965 2943 5036 sustollendum
2958 4965 3702 5038 referatur.Verumtamen

325 5072 483 5135 cum,
516 5074 585 5117 ex
622 5065 786 5137 parte
810 5059 1050 5139 quidem
1080 5080 1530 5142 cognoscamus,
1569 5070 1626 5124 et
1650 5080 1718 5123 ex
1753 5067 1917 5140 parte
1949 5060 2552 5139 comprehendamus,
2586 5063 2661 5124 de
2718 5064 2839 5128 Deo
2895 5084 3184 5146 quaerere,
3249 5083 3382 5146 quas
3411 5072 3708 5145 oporteat,

327 5150 384 5204 ct
412 5147 678 5235 periculo
709 5155 768 5209 et
800 5168 950 5211 noxa
978 5160 1160 5227 caret,
1195 5152 1512 5234 aliquando
1535 5151 1717 5214 dubia
1751 5148 1991 5212 vitanda
2039 5157 2199 5229 sunt,
2232 5149 2549 5230 aliquando
2580 5172 2652 5214 ea
2701 5155 3019 5235 movenda,
3048 5162 3106 5216 et
3150 5153 3405 5216 sollicite
3459 5152 3708 5216 investi-

326 5232 554 5310 ganda.

405 5321 472 5386 δ’.
507 5327 605 5383 Διὰ
648 5335 772 5405 γοῦν
826 5336 989 5387 ταῦτα
1058 5334 1155 5388 κάν
1212 5346 1329 5397 τοῖς
1376 5339 1628 5411 παροῦσιν
1683 5333 1851 5405 ἡμεῖς
1914 5329 1976 5384 τὸ

325 5413 423 5502 μὲν
465 5414 866 5502 γᾶκατείληπτον
922 5427 1279 5500 παριστῶντες
1362 5423 1449 5480 καὶ
1545 5420 1818 5502 ἀνέφικτον
1877 5423 1974 5484 τῆς

322 5500 571 5581 ἀκριϐοῦς
602 5504 691 5563 ἐπὶ
759 5512 830 5583 τῇ
884 5508 1062 5588 Τριοίδι
1120 5513 1395 5582 ζητήσεοοις
1456 5525 1576 5577 ταῖς
1633 5500 1975 5588 ἀναγεγραμ-

314 5613 495 5665 μενοις
554 5594 796 5672 ἀπορίαις
867 5598 961 5661 τὰς
1020 5606 1126 5655 τῶν
1205 5600 1587 5680 ἀντιλεγόντων
1673 5597 1975 5676 διεκρουσά-

2141 5327 2199 5389 4.
2235 5323 2321 5388 Ob
2349 5327 2472 5390 haec
2504 5349 2612 5392 nos
2641 5335 2967 5417 quoque,in
2995 5332 3296 5414 praesenti,
3326 5329 3485 5413 quod
3511 5340 3714 5412 neque

2061 5417 2514 5506 comprehendi,
2549 5439 2740 5502 neque
2771 5425 2900 5506 capi
2944 5424 3249 5487 intellectu
3280 5428 3474 5504 potest
3503 5418 3711 5501 exqui-

2061 5504 2200 5596 sitae
2218 5503 2517 5596 deTriade
2540 5503 2883 5589 quaestionis
2921 5503 3375 5596 proposito,jam
3398 5507 3717 5589 descriptis

2061 5591 2221 5653 dubi:
2236 5591 2955 5666 ationibusdubitauones
2969 5591 3718 5666 co'ntradicentiumretun-
