4220 6292
472 282 579 354 211

1548 291 1759 354 JOAN.
1805 287 2027 353 VECCI
2066 285 2177 348 CP.
2226 282 2742 348 PATRIARCHIE

3726 274 3853 343 212
3893 372 3897 377 ε

470 424 701 499 (limus;
736 424 1269 487 nihilominuscum
1301 423 1676 505 paucaetiam
1699 420 1873 483 nobis
1892 438 2114 502 suppe-

2212 422 2331 476 ιεθα
2363 435 2379 451 ⁸
2413 418 2630 500 ἔχοντες
2662 416 2715 475 δέ
2763 416 2909 494 ὅμως
2967 418 3053 474 καὶ
3110 416 3247 495 ὀλίγ’
3305 414 3436 475 ἅττα
3497 417 3692 491 εἰπεῖν,
3725 413 3855 473 ὅσον

470 514 837 595 tant,quibus
856 514 1249 575 dubitantium
1266 513 1582 576 desideriis
1612 530 1898 573 occurere
1932 510 2113 570 mini-

2212 510 2384 589 ιικρόν
2438 532 2489 566 τι
2575 511 2673 577 τὴν
2770 517 2861 567 τοῦ
2957 509 3277 589 ἀποροῦντος
3376 508 3855 585 παραμυθήσασθαι

3684 598 3710 617 το

472 593 659 676 mum,
690 621 1213 683 possumus,eaque
1246 622 1363 663 non
1398 601 1471 662 de
1495 601 1739 680 nostris,
1764 599 1867 661 sed
1901 599 2116 679 quibus

2212 602 2395 679 ἐφεσιν,
2451 601 2539 655 καὶ
2595 606 2757 655 ταῦτα
2840 596 3034 664 οὒκ·ἐξ
3090 599 3313 674 ἑαυτῶν,
3373 597 3493 655 ἀλλ’
3562 593 3616 663 ἒξ
3672 598 3746 652 ὧν
3798 597 3855 650 αἱ

473 710 656 754 sacrae
686 691 1006 767 Scripturae
1065 711 1172 753 nos
1231 692 1568 753 conducere
1620 707 2007 761 consuevere,
2041 687 2112 750 ad

2212 688 2339 744 δεῖαι
2400 689 2599 767 Γραφαὶ
2662 688 2762 755 τὴν
2835 687 3190 767 ψυχαγωγίαν
3260 688 3412 761 ἡμῶν
3503 683 3854 765 πραγματεύ-

472 782 597 843 veri
630 781 1086 843 declarationem
1120 781 1460 861 quamdam,
1496 798 1745 860 eamque
1789 778 2117 839 subobscu-

472 889 628 952 ram,
670 872 798 932 hac
824 870 894 931 ad
927 871 1109 931 animi
1141 870 1352 932 dubios
1382 868 2116 950 incertosque.profamur.

478 961 596 1020 Vos
618 957 920 1031 dubitatis,
948 959 1244 1036 quomodo
1275 959 1449 1021 simul
1509 979 1641 1021 cum
1692 958 1840 1021 Filio
1870 958 2121 1037 Spiritus

475 1065 544 1109 ex
578 1046 769 1122 Patre,
802 1056 861 1108 et
893 1049 1189 1128 quomodo
1216 1066 1319 1128 per
1348 1048 1560 1111 Filium
1594 1068 1663 1109 ex
1698 1052 1865 1109 Patre
1907 1065 2119 1127 proce-

477 1134 682 1197 ditYAt
706 1145 905 1196 nostra
933 1136 1120 1197 oratio
1153 1136 1356 1198 Patres
1386 1146 1626 1199 nostros
1649 1136 1954 1212 theologos
1994 1142 2123 1195 cate

479 1223 661 1296 novit,
689 1225 749 1285 in
778 1224 1076 1304 aliquibus
1110 1225 1289 1286 rebus
1334 1226 1677 1304 theologicis
1729 1223 2118 1304 exponendis,

481 1312 769 1393 imagines
794 1314 1078 1394 quasdam
1092 1315 1652 1396 usurpasse,quibus
1674 1313 1901 1394 concipi
1924 1314 2121 1387 datur,

478 1419 595 1464 non
655 1420 785 1463 esse
842 1421 1083 1482 prorsus
1132 1402 1477 1477 absurdum,
1517 1423 1647 1464 esse
1676 1404 1824 1464 duos
1856 1403 2119 1477 eﬂ‘ectus,

479 1489 583 1570 qui
612 1489 788 1551 simul
820 1508 854 1550 a
885 1489 1073 1569 prima
1103 1510 1279 1553 causa
1307 1500 1605 1565 emanent,
1644 1499 1699 1551 et
1721 1490 1870 1551 alius
1904 1488 2125 1551 nihilo-

479 1579 677 1639 minus
707 1597 813 1658 per
839 1579 1017 1640 alium
1069 1579 1166 1643 sit.
1226 1583 1381 1644 Ante
1413 1582 1558 1643 alios
1587 1580 1922 1659 bregorius,
1961 1578 2057 1640 cui
2095 1598 2129 1639 a

480 1667 772 1745 theologia
803 1686 1131 1747 cognomen
1163 1679 1274 1742 est,
1306 1672 1518 1744 solem,
1555 1670 1808 1743 radium,
1834 1676 1891 1728 et
1920 1669 2127 1729 lumen

2202 799 2346 833 ονται
2408 779 2538 855 πρὸς
2597 775 2828 854 ἀμυδράν
2909 798 3026 832 τινα
3115 784 3207 832 τοῦ
3303 775 3527 843 ἀληθοῦς
3623 773 3854 852 ἔμφασιν

2202 864 2323 921 τάδε
2373 865 2502 944 πρὸς
2557 866 2677 928 τοὺς
2741 863 3113 944 διαποροῦντάς
3173 886 3365 944 φαμεν,
3427 856 3613 940 Ὑμεῖς
3703 862 3851 917 ἆπο-

2203 968 2367 1034 ρεϊτε,
2417 961 2531 1017 πῶς
2574 954 2686 1029 ἅμα
2711 954 2847 1032 (Υίῷ
2916 956 2976 1010 τὸ
3026 960 3237 1029 Πνεῦμα
3267 954 3326 1010 ἐκ
3383 960 3474 1010 τοῦ
3531 951 3733 1034 [ἰατρὸς
3762 949 3855 1006 καὶ

2203 1033 2317 1107 πῶς
2354 1033 2359 1034 ⁷
2398 1041 2465 1100 δι’
2568 1047 2690 1100 Υίοῦ
2761 1044 3095 1123 ἐκπορεύεται
3194 1042 3255 1099 ἐκ
3324 1042 3578 1122 Πατρός;
3654 1033 3711 1098 Ὀ
3796 1035 3855 1092 δὲ

2203 1133 2457 1212 ἡμέτερος
2526 1131 2684 1211 λόγος
2744 1134 2866 1197 τοὺς
2926 1131 3201 1211 θεολόγους
3292 1133 3446 1208 ἡμῶν
3502 1129 3616 1189 οἶδε
3673 1126 3852 1186 Πατέ-

2205 1244 2323 1300 ρας,
2353 1221 2557 1284 εἰκόνας
2614 1222 2758 1286 τινὰς
2817 1219 3218 1301 παραλαϐόντας
3279 1221 3427 1279 ἔστιν
3482 1220 3541 1277 οὗ
3594 1226 3699 1277 τῶν
3728 1221 3855 1275 θεο-

2205 1311 2423 1389 λογιῶν,
2486 1309 2537 1376 ἐξ
2585 1314 2658 1366 ὦν
2704 1309 2812 1366 ἔστι
2884 1308 3255 1380 διανοήσασθαι
3332 1312 3408 1386 μὴ
3465 1311 3639 1376 πάντη
3708 1307 3853 1364 εἶναι

2207 1401 2516 1479 ἀμήχανον,
2580 1400 2720 1457 εἶναί
2788 1421 2906 1456 τινα
2977 1398 3064 1456 δύο
3138 1400 3368 1474 αἰτιατὰ,
3428 1400 3514 1456 καὶ
3583 1397 3692 1474 ἅμα
3761 1404 3858 1453 τοῦ

2206 1488 2415 1568 πρώτου
2471 1488 2634 1544 αἰτίου
2704 1488 3099 1567 προερχόμενα,
3170 1489 3258 1544 καὶ
3353 1486 3498 1563 ὅμως
3558 1483 3642 1542 διὰ
3695 1481 3855 1540 θατέ-

2207 1599 2295 1655 ρου
2324 1576 2384 1632 τὰ
2455 1575 2652 1655 ἕτερον,
2730 1578 2925 1634 Αὐτίκα
2992 1577 3281 1656 Γρηγόριος
3340 1580 3367 1634 ὁ
3424 1582 3523 1643 τῆς
3581 1570 3856 1649 θεολογίας

2208 1665 2507 1745 ἐπώνυμος,
2564 1665 2738 1741 ἥλιον,
2798 1665 3013 1739 ἆκτΐνα,
3073 1667 3161 1723 καὶ
3214 1673 3325 1745 φῶς
3397 1667 3469 1731 εἰς
3526 1665 3699 1721 εἰκόνα
3751 1664 3853 1726 τῆς

477 1757 551 1818 ad
589 1757 986 1836 eﬂingendum
1030 1759 1178 1820 nulli
1212 1758 2126 1821 assimilandamTriademassu-

2212 1753 2560 1810 ἂνεικονίστου
2616 1751 3016 1833 παραλαμϐάνει
3094 1753 3333 1833 Τριάδος,
3406 1761 3529 1818 Φῶς
3588 1760 3709 1831 γοῦν
3765 1750 3857 1805 καὶ

481 1846 840 1909 mit.Lumen
868 1848 1064 1928 itaque
1086 1858 1144 1909 et
1172 1849 1375 1911 radius
1401 1868 1432 1911 e
1464 1849 1643 1910 solari
1665 1848 1830 1909 disco
1857 1866 1973 1908 una
1996 1865 2129 1926 pro-

479 1943 741 2010 manant,
767 1954 1070 1998 necunum
1106 1936 1238 1998 sine
1266 1938 1588 2010 altero,sed
1619 1937 1776 1998 aliud
1806 1955 1911 2017 per
1940 1936 2120 1998 aliud:

478 2040 733 2102 namque
760 2042 866 2104 per
896 2024 1126 2086 radium
1161 2026 1381 2089 lumen:
1421 2036 1476 2087 et
1506 2026 1685 2105 hujus
1704 2024 2126 2086 demonstratio

484 2120 592 2192 est,
625 2112 756 2193 ipse
786 2122 992 2175 noster
1037 2133 1253 2177 sensus
1284 2115 1718 2196 improbabilis.
1750 2114 1815 2175 In
1847 2133 1962 2194 quo
1989 2132 2128 2192 ergo

478 2202 748 2263 vulnerat
794 2202 955 2263 illius
1006 2204 1197 2266 simul
1241 2207 1553 2276 rationem,
1590 2222 1703 2284 que
1763 2221 1869 2283 per
1896 2203 2127 2263 radium

481 2290 724 2353 luminis
753 2292 1048 2354 emanatio
1080 2294 1164 2355 ﬁt.
1218 2292 1384 2365 Quod
1416 2294 1506 2354 vel
1541 2311 1723 2353 unum
1754 2291 2127 2353 solummodo

479 2380 812 2459 exemplum
845 2399 879 2441 a
909 2382 1238 2456 nomine,et
1268 2380 1908 2459 cognitioneTlieologo
1938 2379 2121 2440 tradi-

482 2477 605 2531 tum
619 2469 857 2530 abunde
873 2470 1366 2550 persundabit,ne
1396 2470 1455 2530 in
1489 2479 1787 2550 posterum
1820 2469 1881 2529 in
1899 2476 2131 2529 contro-

481 2556 735 2617 versiam
766 2574 960 2633 voces,
987 2557 1163 2618 simul
1193 2577 1325 2620 cum
1356 2557 1505 2620 Filio
1540 2565 1596 2619 et
1624 2576 1727 2638 per
1760 2556 1969 2618 Filium
1997 2573 2127 2618 esse

484 2644 768 2724 Spiritum
817 2663 888 2706 ex
947 2644 1293 2708 Patre.Item
1324 2665 1553 2720 rursus,
1589 2649 1846 2719 oculum,
1883 2645 2125 2720 fontem,

483 2733 800 2794 etﬂuvium
825 2734 1118 2796 sententia
1160 2753 1266 2796 sua
1311 2735 1647 2815 exemplare
1668 2735 1787 2810 dat,
1823 2742 1879 2795 et
1911 2732 2133 2794 notitiae

483 2820 725 2900 vestigia
756 2840 769 2884 :
801 2829 858 2883 et
890 2830 1027 2884 sunt
1051 2823 1330 2904 equidem
1361 2843 1428 2885 ex
1463 2824 1633 2885 oculo
1690 2822 1819 2883 fons
1843 2831 1900 2883 et
1921 2822 2131 2883 ﬂuvius

482 2910 683 2986 simul,
720 2912 986 2991 quamvis
1042 2914 1101 2972 in
1151 2914 1420 2974 confesso
1473 2912 1548 2975 sit
1606 2911 1759 2993 apud
1791 2930 1997 2972 omnes
2028 2929 2134 2992 per

480 2997 703 3059 fontem
734 2999 976 3060 ﬂuvium
1008 3018 1281 3072 esse,nec
1309 2999 1455 3061 illud
1486 3018 1595 3079 per
1626 3001 1844 3060 fontem
1876 3019 1943 3060 ex
1961 2999 2132 3059 oculo

482 3086 724 3148 ﬂuvium
756 3088 1019 3159 exsilire,
1055 3089 1232 3151 simul
1264 3108 1395 3151 esse
1425 3061 1559 3150 (nim
1592 3089 1751 3151 fonte
1774 3089 1952 3151 liedit.
1984 3088 2056 3150 Et
2082 3061 2190 3150 siC

482 3193 602 3236 non
633 3175 930 3255 displicet,
965 3177 1139 3239 dictis
1172 3196 1241 3240 ea
1270 3197 1528 3259 quoque,
1567 3198 1698 3259 qua;
1719 3179 1894 3241 aliter
1910 3178 2133 3240 aliised

480 3266 542 3326 in
572 3265 843 3328 eamdem
875 3268 1228 3330 sententiam
1281 3267 1537 3346 exempli
1599 3286 1778 3329 causa
1807 3268 2130 3343 dictarunt,

481 3352 829 3434 subdantur,
861 3354 1015 3432 fons,
1049 3356 1283 3431 ﬂuvius,
1317 3374 1495 3437 aqua,
1532 3356 1722 3432 radix,
1749 3376 1974 3436 ramus,
2012 3356 2131 3417 fru-

482 3447 631 3517 ctus,
660 3459 817 3517 rosa,
853 3444 983 3522 ﬂos,
1018 3446 1187 3507 odor.
1219 3443 1453 3506 Similia
1481 3446 1750 3526 exempla
1781 3447 1978 3506 animo
2002 3447 2127 3507 vol-

486 3537 712 3611 ventes,
744 3532 847 3610 qui
877 3526 1252 3607 addubitant,
1282 3552 1397 3613 qua
1426 3534 1655 3595 ratione
1685 3542 1742 3595 et
1788 3534 1964 3594 simul
1995 3553 2129 3595 cum

481 3618 628 3680 Filio
660 3626 718 3680 et
748 3637 859 3699 per
885 3619 1101 3682 Filium
1133 3622 1386 3703 Spiritus
1415 3640 1487 3684 ex
1524 3625 1721 3703 Patre,
1752 3622 1903 3684 ultra
1952 3642 2129 3703 quam

482 3726 590 3789 par
626 3716 736 3785 est,
773 3709 995 3771 curiosi
1023 3727 1155 3773 esse
1185 3711 1479 3773 desinent.
1534 3709 1688 3773 Satis
1746 3711 1906 3772 enim
1965 3711 2132 3773 vobis

482 3803 595 3871 est,
618 3796 689 3857 ad
722 3799 1214 3878 compescendam
1247 3799 1674 3874 curiositatem,
1706 3802 1860 3862 scire
1890 3801 2132 3880 eos,qui

480 3902 588 3966 per
615 3884 830 3948 Filium
883 3888 1325 3967 processionem
1382 3890 1795 3970 decreverunt,
1828 3907 1956 3951 eam
1990 3889 2131 3950 abs-

479 3991 596 4054 que
626 3980 893 4054 tempore
927 3984 984 4036 et
1012 3995 1192 4056 supra
1250 3983 1484 4058 tempus
1529 3977 1813 4053 tenuisse,
1867 3985 1921 4038 et
1974 3997 2128 4039 nun-

480 4061 784 4143 quippiam
842 4063 963 4125 sive
1021 4065 1443 4145 periculosum,
1479 4065 1603 4129 sive
1633 4066 1823 4129 errori
1871 4066 2129 4148 implici-

479 4158 602 4212 tum
635 4150 996 4217 decrevisse.

1115 4350 1359 4415 CAPUT
1406 4351 1506 4416 VI.

2211 1843 2357 1907 ἀκτὶς
2410 1852 2502 1900 τοῦ
2570 1843 2792 1911 ἡλιακοῦ
2863 1842 3040 1900 δίσκου
3118 1841 3226 1921 ἅμα
3310 1844 3683 1924 προέρχονται,
3767 1840 3859 1895 καὶ

2212 1930 2474 2012 οὐδέτερον
2544 1941 2635 1989 τοῦ
2684 1932 2861 2011 ἑτέρου
2910 1933 3101 2013 χωρίς,
3162 1928 3299 1990 ἀλλὰ
3378 1932 3461 1990 διὰ
3525 1930 3739 2009 θατέρου
3793 1929 3858 1983 τὸ

2211 2020 2408 2099 ἕτερον,
2464 2021 2562 2077 Διὰ
2619 2021 2717 2099 γὰρ
2774 2026 2873 2088 τῆς
2933 2022 3147 2086 ἀκτῖνος
3204 2024 3266 2079 τὸ
3322 2030 3455 2103 φῶς.
3522 2023 3619 2079 Καὶ
3672 2018 3860 2103 τούτοῦ

2211 2097 2474 2175 ἀπόδειξις
2546 2097 2698 2177 αὐτὴν
2749 2108 3125 2174 ἀναπόδεικτος
3198 2097 3353 2185 ἡμῶν
3437 2110 3707 2177 αἴσθησις.
3794 2097 3860 2165 Τί

2212 2206 2334 2276 γοῦν
2364 2198 2662 2274 ἐλυμήνατο
2704 2201 2795 2255 τὸν
2822 2207 2912 2257 τοῦ
2956 2196 3067 2276 ἅμα
3125 2200 3284 2280 λόγον
3314 2201 3350 2268 in
3406 2199 3489 2257 διὰ
3542 2205 3641 2266 τῆς
3691 2198 3855 2255 ἀκτῖ-

2211 2309 2297 2350 νος
2326 2296 2418 2345 τοῦ
2473 2290 2646 2369 φωτὸς
2692 2286 2957 2369 πρόοδος,
3021 2291 3118 2348 Καὶ
3169 2288 3273 2358 ἤδη
3328 2289 3380 2346 ἔν
3438 2287 3590 2348 τοῦτό
3632 2310 3713 2345 σοι
3742 2308 3857 2344 πα-

2211 2374 2464 2454 ράδειγμα
2511 2377 2781 2455 πρόκειται
2852 2378 2995 2456 παρὰ
3043 2386 3133 2436 τοῦ
3195 2380 3283 2438 καὶ
3350 2380 3448 2447 τὴν
3491 2376 3707 2452 κλῆσιν,
3769 2377 3858 2432 καὶ

2210 2465 2307 2532 τὴν
2396 2471 2589 2543 γνῶσιν
2686 2463 2947 2543 Θεολόγου
3034 2464 3201 2541 δοθὲν,
3275 2469 3453 2524 ἱκανὸν
3522 2478 3728 2540 πεῖσαι,
3774 2464 3857 2539 μὴ

2212 2550 2560 2632 ἂμφιϐάλλειν
2603 2575 2685 2633 σε,
2746 2552 2855 2629 ἅμα
2921 2556 3029 2628 rh}.
3081 2558 3167 2612 καὶ
3242 2553 3324 2612 διά
3378 2563 3469 2613 τοῦ
3540 2558 3659 2614 Υἱοῦ
3715 2566 3855 2609 εἶναι

2212 2644 2273 2697 τὸ
2296 2648 2507 2717 Πνεῦμα
2566 2642 2626 2699 ἐκ
2669 2651 2759 2699 τοῦ
2815 2644 3041 2713 Πατρός,
3106 2642 3269 2702 Ἀλλὰ
3323 2648 3411 2702 καὶ
3467 2644 3624 2702 πάλιν
3697 2646 3725 2700 ὁ
3756 2644 3854 2700 αὒ-

2213 2732 2300 2793 τὸς
2373 2731 2664 2811 ὀφθαλμὸν,
2739 2734 2945 2812 πηγὴν,
3019 2736 3103 2789 καὶ
3154 2736 3396 2810 ποταμὸν
3455 2737 3526 2799 εἰς
3597 2731 3851 2813 παραδεί-

2213 2842 2391 2898 γματα
2431 2827 2530 2887 τῆς
2587 2821 2750 2889 αὒτῆς
2794 2822 2994 2885 ἐννοίας
3038 2820 3294 2898 λαμϐάνει
3352 2825 3439 2881 καὶ
3496 2824 3592 2880 εἶσὶ
3654 2821 3750 2897 μὲν
3791 2821 3852 2878 ἐκ

2213 2917 2305 2966 τοῦ
2386 2908 2652 2990 ὀφθαλμοῦ
2710 2914 2744 2980 ἡ
2788 2912 2963 2990 πηγὴ,
3015 2913 3102 2969 καὶ
3171 2915 3199 2968 ὁ
3254 2914 3495 2987 ποταμὸς
3552 2912 3660 2988 ἅμα
3716 2909 3852 2966 ἀλλὰ

2214 2997 2297 3057 διὰ
2366 3005 2463 3065 τῆς
2508 3005 2691 3077 πηγῆς
2741 3000 3179 3079 ὁμολογουμένως
3242 3004 3269 3058 ὁ
3310 3004 3548 3077 ποταμὸς
3604 3003 3692 3058 καὶ
3760 3001 3851 3057 οὒ-

2216 3086 2296 3144 δέν
2348 3111 2397 3144 τι
2441 3088 2744 3164 λυμαίνεται
2816 3093 2905 3147 τὸν
2958 3097 3049 3147 τοῦ
3121 3090 3231 3166 ἅμα
3284 3090 3443 3169 λόγον
3505 3092 3565 3147 τὸ
3620 3089 3704 3146 διὰ
3756 3090 3851 3157 τῆς

2216 3182 2397 3256 πηγῆς
2469 3178 2528 3234 ἐκ
2584 3186 2674 3236 τοῦ
2741 3178 3010 3258 ὀφθαλμοῦ
3069 3177 3310 3258 προϊέναι
3364 3181 3453 3236 τὸν
3499 3179 3762 3254 ποταμόν.
3797 3180 3857 3236 Εἰ

2216 3265 2271 3322 δὲ
2320 3265 2590 3343 βούλεσθε,
2650 3280 2766 3332 τοῖς
2838 3267 3133 3345 εἰρημένοις
3204 3266 3700 3348 ἐπισυναφθήτωσαν
3769 3268 3858 3324 καὶ

2219 3354 2349 3436 ἅπερ
2378 3354 2527 3413 ἄλλοι
2586 3356 2785 3431 ἄλλως,
2832 3358 2903 3422 εἷς
2960 3354 3013 3412 δὲ
3061 3356 3158 3423 τὴν
3216 3357 3378 3425 αὐτὴν
3436 3358 3594 3414 εἶπον
3651 3357 3851 3414 ἔννοιαν

2217 3443 2730 3524 παραδειγματικῶς,
2819 3446 2997 3524 πηγὴ,
3068 3446 3329 3520 ποταμὸς,
3458 3443 3613 3524 ὕδωρ,
3716 3447 3851 3523 ῥίζα,

2214 3531 2426 3615 κλάδος,
2489 3537 2709 3613 καρπὸς,
2768 3533 2937 3614 ῥόδον,
3011 3534 3189 3607 ἄνθος,
3237 3535 3408 3609 ὀσμή,
3476 3536 3551 3593 Τὰ
3612 3556 3852 3608 τοιαυτα,

2214 3620 2543 3700 λογιζόμενοι
2628 3622 3025 3703 παραδείγματα
3099 3625 3145 3678 οἱ
3250 3621 3639 3700 διαποροῦντες,
3740 3630 3855 3686 πῶς

2215 3716 2301 3769 καὶ
2371 3711 2481 3788 ἅμα
2538 3717 2664 3789 Υἱῷ,
2739 3718 2826 3771 καὶ
2883 3712 2966 3770 διὰ
3022 3721 3117 3771 τοῦ
3199 3715 3322 3771 Υἱοῦ
3404 3715 3465 3769 τὸ
3533 3720 3743 3790 Πνεῦμα
3799 3714 3859 3770 ἐκ

2213 3809 2302 3858 τοῦ
2372 3805 2599 3882 Πατρὸς,
2686 3803 2821 3883 πέρα
2913 3810 3004 3859 τοῦ
3088 3804 3298 3881 μετρίου
3397 3800 3856 3881 πολυπραγμονεῖν

2213 3889 2616 3954 ὺποστέλλεσθε,
2679 3889 2881 3950 ’ἰκανὸν
2938 3893 3037 3971 γὰρ
3091 3893 3228 3968 ἡμῖν
3274 3894 3346 3954 εἰς
3430 3892 3528 3958 τὴν
3585 3897 3682 3959 τῆς
3756 3916 3856 3949 πο-

2218 3978 2658 4059 λυπραγμοσύνης
2712 3982 3019 4061 ἀποτροπὴν
3077 3982 3137 4036 τὸ
3192 3978 3375 4037 εἰδέναι
3439 3982 3515 4043 ὡς
3560 3984 3608 4038 οἱ
3663 3981 3760 4049 τὴν
3789 3979 3855 4037 δι’

2220 4072 2340 4125 Υίοῦ
2398 4067 2831 4145 δεδογματικότες
2885 4071 3189 4149 ἒκπόρευσιν
3257 4067 3511 4149 ἄχρονον,
3557 4072 3644 4127 καὶ
3694 4070 3854 4147 ὑπὲρ·

2215 4179 2410 4237 χρονον
2452 4159 2647 4226 ταύτην
2678 4159 2941 4240 ἐφρόνουν,
2978 4159 3063 4216 καὶ
3112 4158 3205 4215 οὒκ
3246 4155 3307 4213 ἄν
3336 4179 3462 4214 ποτε
3492 4156 3775 4238 ἔπισφαλές
3805 4181 3854 4215 τι

2212 4249 2328 4326 περὶ
2355 4251 2518 4315 αὐτῆς
2549 4247 2915 4327 ὲδογμάτισαν.

2836 4356 3084 4412 ΚΕΦΑΛ.
3131 4340 3233 4424 ς’.

518 4441 621 4503 Ad
650 4459 750 4525 eos
780 4445 887 4522 qui
919 4444 1170 4508 dicunt:
1215 4469 1238 4501 «
1275 4444 1351 4507 Si
1373 4464 1484 4525 per
1531 4446 1761 4508 Filium
1806 4445 2089 4524 procedit,

2220 4439 2355 4515 Πρὸς
2397 4439 2833 4525 τοὺςλλέγοντας,
2876 4442 3008 4525 ιιμεῖ
3054 4438 3120 4496 δι’
3178 4441 3304 4525 Υἱοῦ
3352 4439 3708 4520 ἐκπορεύεται,
3743 4447 3855 4504 πῶς

578 4521 759 4585 modo
787 4521 915 4586 non
945 4530 1088 4588 sunt
1117 4525 1254 4587 duae
1281 4521 1623 4589 existentiw
1654 4521 1972 4606 Spiritus?
2005 4549 2027 4583 ν

559 4617 617 4678 1.
649 4614 722 4677 Et
748 4634 867 4696 quo
899 4626 1095 4694 pacto,
1130 4619 1425 4699 inquiunt,
1465 4638 1777 4699 possumus
1809 4619 2011 4680 dicere
2026 4627 2136 4699 per

2535 4521 2550 4553 ρ
2610 4523 2624 4544 \
2661 4520 2709 4543 κν
2860 4523 2872 4541 l
2913 4520 2934 4558 ζ
3121 4528 3142 4538 ν
3293 4521 3304 4541 ο
3498 4540 3511 4553 ,

2504 4543 2626 4602 οδχι
2655 4536 2744 4579 ουο
2773 4524 3014 4601 ὑπαρςεις
3056 4544 3146 4578 του
3176 4526 3513 4600 Πνευματος,
3557 4542 3580 4577 ι

2303 4608 2376 4680 α’.
2414 4622 2511 4678 Καὶ
2536 4627 2649 4686 πῶς
2678 4620 2812 4689 ἔστι,
2863 4621 3008 4698 φασὶ,
3038 4615 3105 4674 δι’
3140 4621 3260 4675 Υἱοῦ
3316 4617 3490 4697 λεγειν
3547 4621 3606 4675 τὸ
3648 4626 3858 4694 Πνεῦμα

473 4701 693 4766 Filium
729 4705 1016 4784 Spiritum
1049 4707 1631 4789 procedere.absque
1662 4726 1731 4770 eo
1763 4708 1920 4789 quod
1941 4707 2129 4768 conci'

2221 4709 2654 4789 ἐκπορευόμενον,
2730 4711 2816 4766 καὶ
2888 4709 2963 4784 μή
3050 4704 3137 4764 δύο
3219 4720 3362 4764 νοεῖν
3455 4706 3697 4787 ὑπάρξεις
3767 4715 3857 4765 τοῦ

482 4790 713 4872 piamus
728 4791 878 4854 duas
896 4794 1151 4874 Spiritus
1170 4794 1564 4869 exsistenlias,
1592 4814 1781 4856 unam
1835 4812 1905 4855 ex
1936 4796 2131 4857 Patre.

476 4880 719 4942 alteram
754 4900 860 4961 per
888 4882 1134 4944 Filium?
1180 4883 1563 4963 Ecquisnam,
1597 4904 1631 4946 o
1671 4882 2007 4963 amici,ba2c
2036 4884 2137 4944 vos

479 4967 724 5030 edocuit
776 4970 1129 5050 improbatis
1199 4980 1375 5054 atque
1432 4973 1686 5045 sivltitiaa
1745 4972 1967 5053 plcna‘?
2026 4971 2137 5044 Qui

479 5056 637 5119 enim
667 5056 895 5120 similia
924 5061 1221 5137 eﬂ'utiunt,
1259 5081 1379 5123 non
1409 5080 1618 5124 omnes
1651 5070 1903 5142 utroque
1926 5061 2128 5137 modo,

479 5144 585 5208 sed
614 5145 675 5207 hi
707 5147 946 5227 quidem
983 5150 1365 5231 malitiose,hi
1390 5150 2131 5231 veroimprudenter,mul-

479 5233 752 5295 titudinis
783 5235 1030 5298 auribus
1059 5238 1436 5318 obstrepunt.
1471 5238 1736 5320 Namque
1765 5239 1865 5320 qui
1895 5246 2137 5299 conten-

481 5321 746 5385 tionibus
764 5324 1146 5401 addicuntur,
1182 5327 1566 5409 reliquosque
1607 5346 1815 5390 omnes
1853 5345 2137 5407 superare

482 5429 862 5493 summopere
892 5414 1201 5490 anhelant,
1240 5416 1299 5476 in
1331 5435 1478 5496 quos
1509 5435 1642 5480 sese
1672 5417 2137 5496 inferuut,atque

481 5499 886 5576 intrudunt,bi
916 5503 1172 5583 maligne
1193 5505 1396 5566 omnia
1426 5514 1483 5567 et
1512 5505 2139 5572 comminiscuntur.et

483 5590 811 5655 enuntiant.
836 5590 950 5654 Alii
981 5601 1250 5656 naturam
1285 5594 1443 5656 nacti
1473 5595 1831 5676 simplicem,
1858 5594 2139 5675 nullaque

2221 4800 2545 4874 Πνεύματος,
2606 4801 2728 4874 μίαν
2798 4799 2858 4854 ἐκ
2916 4804 3005 4853 τοῦ
3090 4798 3310 4875 Πατρὸς,
3391 4798 3479 4854 καὶ
3530 4796 3709 4877 ἑτέραν
3775 4795 3858 4853 διὰ

2218 4894 2308 4944 τοῦ
2380 4890 2547 4967 Υἱοῦς
2612 4889 2708 4946 Καὶ
2790 4886 2891 4965 τίς,
2964 4888 3009 4941 ὧ
3120 4884 3334 4962 ἐτοτροι,
3407 4883 3627 4950 ἐδίδαξεν
3724 4888 3857 4961 ὑμᾶς

2216 4983 2403 5056 ταῦτα,
2437 4976 2472 5044 ἢ
2521 4976 2857 5055 κανουργίας,
2901 4973 2939 5040 ἦ
2994 4973 3244 5040 ἀνοησίας
3309 4972 3434 5031 ὄντα
3493 4976 3708 5051 μεστά,
3746 4980 3859 5032 Τῶν

2215 5064 2313 5143 γὰρ
2383 5064 2815 5144 άπερευγομέδων
2900 5070 3061 5120 ταῦτα
3141 5061 3198 5117 οὗ
3290 5062 3482 5126 πάντες
3564 5063 3854 5142 ἀμφότερα,

2215 5150 2336 5208 ἀλλ’
2395 5156 2441 5210 οἱ
2514 5155 2610 5229 μὲν
2669 5152 2998 5231 κακούργως,
3059 5151 3105 5206 οἱ
3188 5147 3242 5205 δὲ
3327 5150 3566 5220 ἀνοήτως
3613 5155 3712 5219 τῆς
3758 5155 3860 5208 τῶν

2217 5240 2428 5298 πολλῶν
2486 5243 2651 5311 ἀκοῆς
2706 5238 3155 5320 καταφλυαροῦσιν
3212 5237 3360 5298 αὐτά.
3440 5244 3539 5303 Οἱς
3612 5239 3709 5314 μὲν
3764 5240 3862 5318 γὰρ

2217 5331 2251 5397 ἡ
2323 5332 2514 5409 γνώμη
2559 5333 2873 5413 φιλόνεικος,
2920 5329 3007 5383 καὶ
3092 5323 3533 5405 περισπούδαστον
3606 5329 3667 5384 τὸ
3722 5328 3862 5384 πάν-

2218 5440 2309 5485 τας
2382 5427 2527 5494 νικᾷν
2575 5412 2671 5486 οἷς
2742 5415 2881 5483 ἅπαξ
2933 5416 3019 5472 καὶ
3076 5412 3423 5485 είσωδίζουσιν
3474 5416 3712 5496 ἑαυτοὺς,
3769 5415 3863 5472 οὗ·

2218 5530 2300 5565 τοι
2361 5511 2666 5591 κακούργως
2734 5508 2906 5565 πάντα
2947 5505 3035 5561 καὶ
3088 5502 3410 5561 διανοοῦνται
3467 5505 3555 5562 καὶ
3596 5504 3857 5584 λέγουσιν.

2225 5587 2424 5655 ’Ἄλλοι
2469 5587 2537 5656 δὲ’
2567 5587 2787 5679 γνώμης
2836 5594 3089 5677 τυχόντες
3140 5591 3529 5673 ἆπερισκὲπτου
3588 5595 3677 5650 καὶ
3737 5593 3863 5672 ἀφε-
