4178 6286
366 349 481 425 213

1451 360 1549 424 DE
1593 356 2104 424 PROCESSIONE
2148 361 2206 423 S.
2288 360 2656 425 SPIRITUS.

3627 356 3759 431 214‘

367 484 490 551 λοῦς
546 487 607 545 ἐκ
657 489 762 548 τῶν
818 493 1067 551 τοιούτων
1120 494 1359 567 ἀνοήτως
1412 497 1838 576 κακουργούμενα
1876 507 1992 563 δια·
2012 512 2035 547 1

2122 495 2831 556 rudentiacommunitam
2848 514 2918 557 ex
2948 495 3244 558 similibus
3277 498 3572 561 malitiose
3592 519 3734 561 con-

373 573 642 655 δέχονται,
716 582 802 638 καὶ
858 584 919 638 τὸ
977 589 1072 650 τῆς
1142 589 1455 665 κακουργίας
1521 573 1675 663 βάθος
1738 587 1816 662 μὴ
1872 608 2007 642 κατ-

2122 593 2254 651 ;esta
2280 585 2643 664 excipientes
2674 584 3102 664 imprudenter,
3145 593 3203 646 et
3250 586 3556 666 ingentem
3607 588 3729 648 im-

377 666 710 749 οπτεῦοντες,
766 672 840 734 ὡς
900 671 1145 750 εὖλόγους
1202 674 1421 752 ἀπορίας
1478 678 1607 755 πρὸς
1655 678 1743 739 οὒς
1815 674 1876 730 ἄν
1925 676 2012 730 καὶ

2122 673 2357 735 irobalis
2385 692 2674 736 summam
2729 693 2846 735 non
2894 675 3354 755 conspicientes,
3389 682 3667 756 tanquam
3709 696 3744 738 a

376 754 665 830 βούλωνται
703 765 866 816 ταῦτα
906 763 1302 843 προσφέρουσιν,

462 924 537 1010 β’.
577 923 767 1010 Ἠμεϊς
826 937 879 995 δὲ
948 938 1115 1016 μηδὲν
1169 942 1458 1017 ἔμπροσθεν
1500 950 1596 1012 τῆς
1652 942 1897 1010 ἀληθείας
1942 965 2016 998 τι’

2098 763 2325 824 ratione
2384 782 2501 825 non
2552 764 2771 824 alienas
2828 763 3259 845 dubitationes,
3291 764 3368 827 ad
3400 785 3548 846 quos
3598 766 3745 846 ipsis

2101 852 2446 913 collubitum
2476 860 2586 925 est,
2625 853 2950 932 proferunt.

2183 940 2240 1000 2.
2277 941 2393 1002 Nos
2449 960 2585 1002 vero
2639 941 2787 1003 nihil
2824 943 3091 1004 veritatis
3140 950 3573 1023 prmponentes,
3610 942 3750 1005 licet

385 1020 617 1113 θέμενοι,
686 1025 783 1081 κᾶν
864 1032 950 1085 καὶ
1024 1032 1076 1085 αἱ
1155 1033 1437 1111 κατήγοροι
1524 1033 1759 1109 γλῶσσαι
1844 1032 2022 1089 ἐκεῖνα

2122 1031 2495 1091 iccusatrices
2527 1030 2741 1107 linguae
2769 1050 2838 1091 ea
2864 1030 3034 1092 nobis
3064 1020 3169 1092 sed
3207 1020 3349 1093 falso
3384 1032 3689 1113 objiciunt,
3716 1051 3751 1094 a

387 1111 544 1186 ἡμῶν
597 1113 1051 1197 καταψεύδωνται,
1110 1123 1185 1176 ὧν
1229 1123 1391 1197 ἡμεῖς
1465 1122 1641 1201 πόῤῥω
1727 1124 1813 1179 καὶ
1883 1122 2021 1200 πρά-

2122 1120 2322 1200 ιυὶὺυε
2353 1138 2459 1180 nos
2489 1128 2548 1181 et
2588 1120 2953 1198 operatione,
2986 1128 3042 1181 et
3071 1140 3366 1183 sermone.
3408 1132 3469 1183 et
3520 1111 3747 1200 cogita-

390 1196 486 1291 ξει,
559 1204 645 1258 καὶ
687 1201 852 1283 λόγῳ,
920 1208 1007 1263 καὶ
1036 1196 1260 1281 ίδιανοίᾳ
1316 1196 1650 1290 τυγχανόμεν
1724 1214 1853 1291 πρὸς
1907 1196 2024 1276 τοὺς

391 1284 783 1377 διαποροῦντας,
844 1302 958 1358 πῶς
1029 1294 1137 1353 ἔστι
1191 1297 1363 1376 λέγειν
1390 1284 1486 1356 ’,δι’
1524 1284 1643 1358 Ῠὶοῦ
1698 1284 1776 1357 τὸ,
1816 1308 2028 1377 Πνεῦμα

393 1375 804 1457 ἐκπορευόμενον
907 1386 994 1441 καὶ
1077 1386 1155 1460 μὴ
1232 1386 1319 1444 δύο
1376 1403 1517 1445 νοεῖν
1613 1388 1852 1469 ὑπάρξεις
1936 1393 2026 1446 τοῦ

394 1464 514 1560 ἑνὸς
572 1472 923 1560 Πνεύματος,
1014 1472 1238 1552 λέγομεν
1320 1478 1393 1539 ὡς
1452 1467 1605 1534 ’Ἔδει
1702 1464 1798 1555 μὲν
1856 1482 2023 1560 ἡμᾶς,

390 1556 437 1609 ὦ
479 1642 492 1645 Α
546 1556 707 1635 φίλοι,
812 1559 947 1626 ἅπαξ
1050 1561 1529 1641 ἐπαγγειλαμένους
1611 1570 1671 1624 τὸ
1765 1556 2022 1645 εὖσεϐεἴν,

389 1642 575 1719 μηδενὶ
630 1653 737 1703 τῶν
779 1652 919 1729 παρὰ
947 1656 1043 1718 τῆς
1091 1654 1229 1718 Θείας
1279 1655 1568 1734 εἰρημένων
1623 1664 1834 1737 Γραφῆς
1886 1642 2026 1727 iam;

389 1741 676 1811 ρεαστικῶς
732 1740 1032 1819 ὲπιφύεσθαι
1067 1760 1081 1775 ·

390 1845 549 1890 νητον
606 1831 704 1893 τῆς
774 1827 880 1884 ἀπὸ
943 1834 1048 1884 τῶν
1120 1837 1336 1913 Γραφῶν
1396 1835 1622 1898 πίστεως
1692 1836 2029 1917 ἐκφαυλίζον-

390 1932 498 1983 τες,
531 1911 619 1969 δύο
688 1916 928 1995 ὑπάρξεις
996 1926 1087 1977 τοῦ
1146 1911 1260 1984 ἑνὸς
1332 1924 1645 2003 emicem
1704 1911 2025 2004 Πνεύματος,

395 2002 437 2096 εἰ
494 2001 562 2096 of?
621 2005 743 2062 Υίοῦ
825 2008 886 2063 τὸ
923 2095 930 2096 7
966 2015 1179 2084 Πνεῦμα
1265 2001 1599 2091 ἐκπορεύεται
1682 2017 1742 2072 ὲκ
1801 2001 2027 2096 Πααρὸς,

398 2089 652 2149 ἀκούσατε
722 2098 796 2162 ὡς
855 2095 968 2154 οὐδὲ
1012 2099 1064 2155 ἐν
1134 2113 1250 2166 τοῖς
1306 2089 1452 2158 κάτω
1515 2104 1719 2170 τούτοις
1774 2108 1861 2163 καὶ
1914 2089 2032 2187 qut-

399 2180 650 2256 νομένοις,
688 2183 770 2265 ἐφ’
824 2188 895 2242 ὧν
952 2190 1277 2267 πραγμάτων
1321 2192 1415 2247 είσί
1483 2215 1599 2250 τινα
1668 2192 1758 2251 δύο
1827 2180 2034 2252 αἰτιατᾶ

407 2269 463 2325 ἐκ
519 2274 733 2351 πρώτου
788 2277 952 2334 αἰτίου
1002 2279 1278 2357 προϊόντα,
1365 2283 1439 2337 ὧν
1520 2281 1604 2340 διὰ
1669 2284 1884 2364 θατέρου
1978 2289 2038 2342 τὸ

398 2357 595 2441 ἕτερον,
627 2360 716 2420 δύο
746 2364 989 2443 ὑπάρξεις
1020 2366 1159 2423 ἔστιν
1216 2371 1385 2427 εἰπεῖν
1414 2379 1505 2429 τοῦ
1558 2372 1732 2453 τρίτου
1786 2383 1853 2453 τῇ
1895 2376 2038 2448 τάξει

393 2450 479 2547 καὶ
522 2452 599 2525 μὴ
630 2455 911 2547 πρωεχῶς
954 2455 1014 2513 ἐκ
1067 2464 1161 2513 τοῦ
1214 2459 1421 2538 πρώτον
1464 2450 1627 2519 αἰτίου
1686 2450 2034 2545 ὑπάρχοντος,

442 2548 529 2596 Ινα
598 2541 845 2631 γὰρᾼκαὶ
898 2543 1055 2602 πάλιν
1112 2548 1184 2612 είς
1270 2547 1528 2616 ἀπόδειξιν
1598 2553 1672 2607 ὦν
1754 2541 2035 2631 βούλομαι,

392 2641 514 2723 τοῖς
569 2628 953 2723 παραβείγμασι
1008 2637 1324 2716 χρήσωμαι,
1368 2642 1453 2704 οἷς
1518 2640 1615 2696 κάν
1672 2628 2027 2723 τῷ-προεκτεέ

386 2716 527 2774 θέντι
570 2719 862 2802 κεφαλαίῳ,
936 2723 1124 2781 εἴπατε
1178 2728 1314 2802 ἡμῖν
1369 2730 1416 2784 οἱ
1486 2737 1647 2786 ταῦτα
1718 2716 2029 2814 διαποροῦν-

389 2828 508 2881 τες,
582 2807 671 2864 ἐὰν
742 2807 830 2866 δύο
884 2818 976 2868 τοῦ
1043 2812 1270 2882 ἡλιακοῦ
1344 2818 1518 2897 cpta-:3:
1600 2819 1839 2894 ὑπάρξεις
1876 2807 2023 2893 ἐίσὶ,

388 2896 485 2971 μία
557 2899 618 2953 ὲκ
684 2905 775 2955 τοῦ
844 2897 1037 2975 δίσκου,
1099 2905 1185 2960 καὶ
1256 2896 1365 2962 διὰί
1407 2913 1505 2974 τῆς
1575 2909 1792 2975 ἀκτῖνος
1850 2912 2028 2992 ἐτέρας

390 2987 684 3061 Γνωρίσατε
721 2989 879 3061 ἡμῖν,
912 2989 1000 3046 ἐὰν
1045 2989 1131 3049 δύο
1178 2995 1419 3074 ὑπάρξεις
1475 3005 1566 3055 τοῦ
1620 2998 1734 3063 ἑνός
1794 3005 1891 3058 εἱσι
1922 2987 2027 3058 πο-

2111 1210 2268 1271 tione
2302 1209 2472 1287 longe
2505 1208 2810 1287 absumus,
2842 1209 2913 1269 ad
2974 1228 3075 1271 eos
3129 1212 3229 1290 qui
3287 1210 3578 1284 haesitant,
3632 1229 3748 1291 quo

2112 1306 2277 1377 pacto
2309 1298 2505 1358 dicere
2562 1316 2877 1376 possumus
2909 1317 3015 1377 per
3038 1298 3251 1359 Filium
3285 1298 3570 1379 Spiritum
3607 1318 3747 1377 pro-

2110 1387 2346 1459 cedere,
2382 1395 2438 1447 et
2488 1405 2602 1446 non
2647 1387 2791 1447 duas
2836 1388 3011 1447 unius
3071 1385 3326 1467 Spiritus
3378 1389 3754 1450 exsistentias

2112 1476 2448 1555 concipere,
2494 1475 2769 1536 dicimus.
2829 1476 3172 1538 Addecebat
3230 1477 3508 1555 equidem
3559 1495 3682 1552 vos,
3718 1497 3752 1538 o

2110 1565 2509 1644 amici,semel,
2531 1566 2804 1643 pietatem
2837 1567 3037 1628 colere
3070 1565 3387 1645 professos,
3414 1566 3752 1646 nihil,quod

2111 1654 2170 1713 in
2203 1654 2399 1714 divina
2428 1652 2733 1733 Scriptura
2766 1654 3414 1723 traditur.calumniose
3444 1656 3748 1721 invadere.

1151 1742 1264 1799 ἐπεὶ
1347 1742 1402 1800 δὲ
1456 1748 1516 1802 τὸ
1597 1735 2019 1826 ἀπολυπραγμό-

2122 1744 2221 1805 Sed
2252 1763 2384 1803 cum
2418 1743 2660 1804 minime
2683 1743 3007 1817 curiosum,
3044 1762 3174 1823 quae
3202 1762 3271 1804 ex
3295 1742 3618 1823 Scripturis
3648 1744 3755 1805 ha-

2114 1832 2304 1906 betur,
2341 1832 2478 1893 ﬁdei
2510 1841 2981 1911 contemnentes,
3003 1832 3148 1892 duas
3178 1832 3549 1893 exsistentias
3579 1835 3754 1894 unius

2111 1922 2363 1999 Spiritus
2394 1920 2729 2000 concipitis,
2755 1921 2804 1980 si
2838 1939 2941 1999 per
2969 1920 3176 1984 Filium
3213 1919 3464 2000 Spiritus
3491 1940 3560 1981 ex
3585 1924 3757 1983 Patre

2116 2010 2403 2090 procedit,
2439 2009 2655 2077 audite.
2696 2027 2891 2088 neque
2946 2009 3006 2069 in
3060 2010 3225 2070 hisce
3255 2008 3661 2083 inferioribus,
3700 2016 3759 2071 et

2114 2099 2313 2160 sensui
2347 2098 2653 2177 subjectis,
2686 2097 2745 2158 in
2777 2096 2995 2177 quibus
3047 2098 3163 2159 duo
3225 2098 3469 2159 effectus
3515 2100 3757 2179 conspi-

2120 2187 2354 2248 ciuntur
2382 2206 2450 2248 ex
2482 2187 2669 2267 prima
2701 2205 2876 2247 causa
2899 2187 3590 2267 provenientes,quorhm
3606 2207 3757 2250 unus

2122 2296 2227 2358 per
2251 2277 2429 2338 alium
2476 2284 2579 2337 est
2638 2276 2784 2337 duas
2816 2276 3188 2338 exsistentias
3219 2276 3336 2337 dici
3370 2296 3542 2355 posse
3576 2277 3753 2353 Illius,

2120 2367 2274 2447 quod
2309 2373 2398 2428 est
2426 2366 2665 2428 tertium
2698 2365 2931 2441 ordine,
2965 2373 3023 2427 et
3078 2385 3196 2426 non
3256 2366 3631 2429 continenter
3687 2386 3757 2428 ex

2122 2457 2311 2538 prima
2342 2475 2513 2518 causa
2543 2455 2948 2535 subsequitur.
2987 2458 3053 2515 Et
3087 2465 3145 2517 ut
3176 2475 3382 2518 rursus
3407 2457 3478 2517 ad
3513 2458 3759 2518 demon-

2122 2546 2326 2608 franda
2356 2564 2444 2615 ea,
2479 2564 2610 2625 quae
2636 2544 2834 2625 cupio,
2867 2544 3151 2624 exemplis
3185 2556 3319 2607 utar
3340 2545 3410 2605 iis
3431 2546 3597 2622 ipsis,
3628 2566 3759 2627 quae

2113 2638 2173 2697 in
2212 2634 2565 2714 prascedonti
2600 2634 2788 2711 rapite
2810 2634 3305 2714 usurpavi.Dicite
3334 2635 3525 2716 nobis,
3556 2636 3654 2716 qui
3676 2636 3752 2698 de

2115 2725 2411 2786 similibus
2468 2722 2864 2783 dubitationes
2913 2724 3183 2803 injicitis,
3218 2743 3291 2785 an
3350 2725 3482 2786 duae
3542 2725 3753 2787 solaris
3850 2766 3854 2771 -

2116 2813 2356 2875 luminis
2385 2811 2746 2873 exsistentiaz
2776 2821 2932 2886 sunt,
2966 2832 3082 2874 una
3111 2832 3180 2874 ex
3211 2814 3398 2885 disco,
3434 2814 3619 2875 altera
3650 2832 3755 2894 per

2113 2903 2388 2963 radium?
2416 2901 2614 2962 Palam
2645 2900 2819 2964 facite
2848 2900 3044 2975 nobis,
3090 2921 3164 2963 an
3217 2902 3349 2964 dum
3394 2903 3755 2965 exsistentiae

2112 2991 2286 3052 unius
2316 2999 2450 3051 sunt
2478 2990 2655 3061 ﬂuvii,
2692 3008 2807 3050 una
2838 3009 2907 3051 ex
2938 2991 3131 3066 oculo,
3168 2999 3225 3052 et
3246 2992 3430 3053 altera
3461 3011 3530 3053 cx
3555 2991 3755 3053 fonte?

389 3083 585 3156 ταμοῦ,
623 3076 717 3151 μία
749 3077 809 3134 ἐκ
838 3086 928 3136 τοῦ
957 3079 1243 3161 ὀφθαλμοῦ,
1282 3086 1367 3140 καὶ
1399 3085 1548 3163 ἑτέρα
1616 3086 1645 3153 ἦ
1676 3086 1758 3147 διὰ
1787 3095 1884 3156 τῆς
1928 3114 2033 3157 πη-

2122 3079 2238 3151 Qod
2289 3079 2338 3139 si
2392 3078 2451 3139 in
2488 3077 2779 3139 similibus
2828 3080 3034 3141 sensui
3088 3080 3386 3151 obnoxiis,
3444 3090 3502 3142 et
3534 3088 3759 3143 natura;

393 3168 498 3241 γῆς
533 3183 549 3243 ;
587 3168 643 3223 Εἰ
673 3163 727 3222 δὲ
772 3165 855 3223 ἐπὶ
904 3169 1104 3225 τούτων
1148 3173 1408 3239 αἰσθητῶν
1463 3173 1650 3250 ὄντων,
1682 3179 1769 3234 καὶ
1810 3185 2028 3246 κτιστῆς

392 3256 603 3323 φύσεως
659 3254 801 3334 ὅροις
851 3259 1232 3340 ὑποκειμένων,
1292 3266 1385 3321 οὐκ
1440 3262 1578 3321 ἔστιν
1609 3266 1779 3323 εὶπεῖν
1807 3266 1894 3326 δύο
1936 3270 2029 3332 τὰς

388 3341 642 3422 ὑπάρξεις
704 3358 842 3402 εἶναι
896 3354 987 3405 τοῦ
1047 3348 1160 3413 ἐνὸς
1217 3352 1550 3430 πράγματος,
1619 3353 1747 3431 ὅπερ
1803 3354 1886 3411 διὰ
1942 3363 2033 3412 τοῦ

390 3433 779 3524 συμπροϊόντος
839 3437 980 3510 αὖτῷ
1034 3439 1268 3524 αἰτιατοῦ
1324 3440 1384 3496 ἐκ
1438 3444 1653 3520 πρώτης
1710 3444 1870 3508 αἷτίος
1917 3444 2035 3524 ἔχει

394 3522 499 3588 τὴν
534 3519 771 3602 ὕπαρξιν,
840 3529 955 3589 πῶς
1026 3523 1107 3605 ἐφ’
1167 3530 1241 3582 ὧν
1308 3528 1446 3596 ἅπας
1483 3519 1654 3609 γάργεϊ
1710 3534 1909 3612 φύσεως
1941 3519 2035 3589 λό-

395 3633 521 3690 γος,
591 3619 808 3669 τοιαῦτα
862 3611 1185 3697 διαπορεῗτε,
1258 3618 1453 3697 οἷάπερ
1507 3611 1806 3700 διαπορεῒτέ
1854 3642 1869 3702 ;
1929 3624 2035 3678 Σὺ-

391 3721 535 3772 νετε,
568 3702 639 3767 ὡς
689 3704 756 3790 Δοὑ
808 3703 920 3781 χρὴ
974 3705 1065 3759 τὸν
1122 3702 1353 3764 εὑσεϐετν
1409 3709 1678 3787 ᾑρημένον
1750 3711 2042 3790 περαιτέρω

396 3794 507 3846 τῶν
538 3787 974 3868 παραδεδομένων
1013 3797 1153 3868 αύτῷ
1208 3794 1694 3876 πολυπραγμονεῖν,
1741 3787 1859 3857 ἀλλ’
1889 3787 2042 3857 ἁκού-

403 3900 532 3936 οντα
563 3876 631 3936 δι’
692 3882 809 3938 ι’ἶοῦ
862 3883 925 3937 τὸ
990 3887 1202 3939 Πνεῦμα
1256 3883 1668 3965 ἐκπορευόμενον
1722 3889 1784 3946 ὲκ
1812 3892 2040 3969 Πατρὸς,

402 3968 665 4025 πιστεύειν
721 3971 794 4028 ὡς
854 3968 906 4026 ἕν
963 3972 1023 4027 τὸ
1080 3978 1311 4050 Πνεῦμα,
1383 3978 1469 4033 καὶ
1540 3978 1635 4053 μία
1674 3980 1709 4046 ἡ
1780 3987 1870 4036 τοῦ
1926 3968 2039 4043 ἐνὸς

408 4058 708 4134 Πνεύματος
736 4058 951 4139 ὕπαρξις
962 4110 974 4123 .

1043 4164 1405 4237 ΚΕΦΑΑ.Ζᾎ

413 4298 441 4329 ι
482 4274 626 4358 Πρὸς.
672 4275 796 4338 τοὺς
851 4283 1136 4348 ζητοῦντας
1195 4283 1404 4355 μαθεῖν.
1492 4283 1567 4344 τίς
1623 4282 1763 4339 ἐστιν
1833 4286 1865 4351 ἡ
1944 4306 2045 4358 με-

494 4353 661 4443 σιτεία
729 4362 819 4443 τοῦ
876 4358 1015 4431 Υίοῦ,
1088 4359 1156 4427 ἢν
1197 4353 1248 4417 ήὸ
1306 4362 1513 4428 Νύσσης
1584 4364 1868 4443 Γρηγόριος
1924 4353 2045 4420 θεο-

493 4433 673 4513 λογεϊ,
766 4435 959 4515 λέγων,

493 4516 663 4589 ἐαυτῷ
760 4516 819 4571 τό
926 4522 1206 4597 μονογενὲς
1318 4516 1697 4599 φυλαττούσης,
1797 4525 1884 4580 καὶ
1989 4528 2049 4581 τὸ

497 4601 708 4683 Πνεῦμα
733 4600 836 4683 τῆς
867 4604 1088 4677 φυσικῆς
1118 4601 1246 4679 πρὸς
1299 4601 1390 4657 τὸν
1449 4601 1653 4681 Πατέρα
1702 4605 1938 4683 σχέσεως
1970 4606 2047 4679 μὴ

497 4675 849 4754 ἂπειργούσης
943 4698 970 4735 ι

495 4765 571 4835 α’.
607 4775 666 4833 Τί
721 4797 802 4831 σοι
858 4778 1176 4856 ποιήσομεν,
1251 4777 1511 4857 ἄνθρωπε,
1573 4780 1709 4846 ἅπαξ
1780 4784 2047 4862 alpes-nx—

407 4888 561 4943 μενῳ
586 4864 684 4930 τὴν
725 4862 1137 4943 πολυπράγμονα
1191 4866 1436 4947 ζήτησιν,
1499 4870 1586 4924 καὶ
1640 4872 1835 4934 παντὸς
1896 4867 2052 4927 ἔλλου

407 4953 835 5035 προύργιαίτερον
903 4957 1157 5032 τιθεμένῳ
1211 4960 1272 5014 τὸ
1328 4959 1498 5015 πάντλ
1556 4954 1870 5039 διαπορεῖν,
1948 4959 2052 5015 Λό-

409 5067 527 5124 γοις
558 5042 808 5107 ἀπαιτεῖς
870 5045 1012 5120 ἡμᾶς
1069 5046 1150 5127 ἐφ’
1196 5051 1277 5112 οἷς
1333 5048 1361 5103 ὀ
1393 5045 1649 5123 Θεολόγος
1709 5044 2050 5124 δεδογμάτικε

414 5134 624 5199 Nom;
681 5132 947 5207 μεσιτείαν
1008 5137 1167 5191 εἰπὼν
1201 5142 1291 5192 τοῦ
1321 5138 1440 5192 Υίοῦ
1482 5134 1539 5191 ἐκ
1589 5141 1665 5209 τῷ
1721 5138 1836 5215 περὶ
1888 5139 2050 5214 Τρια-

413 5221 499 5286 δος
526 5220 801 5301 θεολογεϊν
835 5236 848 5250 ’
885 5225 971 5279 καὶ
1001 5225 1047 5279 οἱ
1075 5223 1223 5302 λόγοι
1280 5226 1417 5300 μήτε
1445 5246 1505 5303 γε
1554 5225 1652 5291 τὴν
1707 5226 1860 5299 ἡμῶν
1891 5227 2048 5305 ὑπερ.

413 5308 642 5369 ϐαίνουσι
699 5314 917 5388 γνῶσιν,
976 5315 1063 5369 καὶ
1129 5319 1235 5369 τῶν
1292 5311 1406 5369 καθ’
1476 5316 1619 5388 ἡμᾶς
1674 5310 2050 5387 ἷλυσπωμένων

413 5413 532 5465 το”ς
561 5404 729 5479 duo,
761 5401 848 5456 καὶ
918 5403 1092 5480 χαμαὶ
1148 5400 1469 5481 συρομένην,
1535 5400 1670 5457 ἀλλὰ
1714 5403 1800 5456 καὶ
1856 5404 2050 5464 παντὸς

413 5487 601 5567 ἄλλο),
758 5488 848 5544 καὶ
889 5487 1034 5568 λόγῳ
1062 5494 1288 5569 καθαροῦ
1335 5511 1393 5546 τε
1451 5491 1537 5547 καὶ
1593 5487 1801 5564 ὁψηλοῦ
1835 5506 1847 5519 ⁸

413 5579 519 5657 γὰρ
570 5578 613 5632 εί
678 5577 768 5631 καὶ
838 5578 991 5640 αὑτὸς
1051 5579 1254 5643 ἐκετνος
1312 5584 1485 5657 παρῆν
1535 5581 1562 5633 ὁ
1632 5578 1728 5643 τὴν
1789 5579 2054 5651 μεσιτείαν

414 5667 613 5733 ταύτην
658 5661 1009 5743 θεολογήσας.
1067 5669 1154 5723 καὶ
1209 5666 1393 5745 λόγους
1464 5666 1725 5742 immane
1781 5664 2055 5744 ἑρμηνείας

1908 5490 2053 5568 τέχα

1064 4444 1173 4506 Τῆς
1271 4447 1363 4497 τοῦ
1448 4444 1567 4499 Υίοῦ
1625 4433 1904 4518 ’μεσιτείας
1964 4433 2115 4501 min
2213 4433 2413 4493 (limis
2460 4450 2480 4489 .'

2112 3175 2323 3229 creatae
2353 3166 2567 3229 ﬁnibus
2627 3167 2956 3229 terminalis
3006 3187 3124 3230 non
3184 3188 3499 3250 possumus
3528 3169 3757 3250 dicere,

2114 3256 2259 3318 duas
2290 3274 2418 3317 esse
2449 3256 2622 3319 unius
2649 3256 2739 3316 rei
2767 3256 3160 3343 exsistentias,
3187 3275 3319 3337 quae
3349 3275 3453 3336 per
3482 3258 3758 3318 eﬂ‘ectum

2116 3362 2235 3406 una
2264 3362 2464 3405 secum
2498 3353 2869 3406 emanantem
2924 3364 2995 3408 cx
3025 3347 3217 3425 prima
3245 3365 3423 3408 causa
3454 3346 3757 3408 exsisten-

2119 3432 2258 3493 tiam
2290 3432 2574 3513 possidet,
2608 3434 2906 3513 quomodo
2937 3434 3011 3496 de
3058 3434 3151 3509 iis,
3188 3435 3261 3497 de
3292 3435 3506 3517 quibus
3536 3442 3763 3497 natura;

2118 3523 2266 3582 ratio
2299 3530 2482 3595 nutat,
2515 3522 2755 3596 similia,
2792 3531 2849 3583 et
2880 3540 3248 3604 quaacunque
3278 3524 3378 3584 illa
3404 3524 3545 3598 sint,
3580 3523 3763 3585 dubi-

2124 3611 2255 3671 tatis
2274 3617 2299 3673 ?
2330 3610 2824 3690 Comprehendite
2858 3631 2971 3674 non
3004 3622 3280 3691 oportere
3309 3632 3469 3687 eum,
3501 3612 3603 3695 qui
3630 3612 3763 3693 pie-

2123 3706 2304 3761 tatem
2335 3700 2521 3760 semel
2579 3700 2956 3762 exosculatus
3011 3710 3121 3777 est,
3174 3705 3327 3763 ultra
3381 3702 3490 3763 sibi
3525 3701 3760 3777 tradita,

2123 3789 2361 3850 curiose
2417 3789 2761 3869 perquirere
2797 3808 2810 3851 :
2843 3791 2947 3852 sed
2992 3791 3134 3852 dum
3178 3793 3364 3871 audit,
3400 3809 3506 3872 per
3550 3790 3765 3852 Filium

2126 3876 2405 3957 Spiritum
2436 3878 2761 3958 procedere
2793 3897 2860 3939 ex
2894 3877 3086 3953 Patre,
3116 3882 3367 3943 credere
3420 3896 3603 3942 unum
3634 3893 3767 3942 esse

2125 3966 2426 4046 Spiritum,
2461 3975 2519 4027 et
2548 3985 2723 4028 unam
2759 3968 2932 4030 unius
2963 3969 3218 4050 Spiritus
3248 3968 3682 4034 exsistentiam.

2747 4164 2987 4228 CAPUT
3033 4165 3161 4230 VII.

2130 4271 2229 4332 Ad
2251 4289 2349 4333 eos
2351 4272 2487 4411 Igui
2514 4271 2824 4335 addiscere
2851 4275 3124 4355 cupiunt,
3154 4291 3429 4353 quamam
3450 4275 3528 4338 sit
3549 4265 3793 4335 media?

2212 4352 2293 4411 tio
2409 4351 2523 4411 ilii.
2572 4370 2751 4411 quam
2800 4355 3112 4411 Nussenus
3170 4354 3504 4411 Greaorius
3556 4354 3769 4411 tradit.

2212 4352 2293 4412 tio
2351 4351 2523 4431 Filii,
2572 4370 2751 4431 quam
2800 4351 3119 4432 Ngssenus'
3161 4351 3504 4430 Gregorius
3556 4354 3769 4429 tradit,

2530 4456 2555 4486 α
2606 4433 2751 4493 Filii
2805 4435 3188 4508 mediatione,
3246 4432 3341 4494 illi
3388 4437 3772 4512 unigenitum

2213 4517 2627 4591 Conservamc,
2661 4521 2719 4571 et
2750 4515 3053 4591 Spiritum
3083 4532 3120 4574 (ι
3147 4512 3421 4575 naturali
3450 4511 3595 4588 efga
3642 4511 3770 4573 Pa-

2215 4598 2364 4652 trem
2390 4589 2676 4652 relatione
2707 4589 2959 4653 minime
2987 4597 3272 4656 arcente?
3308 4618 3334 4647 η

2222 4768 2273 4828 1.
2309 4764 2458 4837 Quid
2494 4765 2597 4827 tibi
2629 4767 2975 4845 faciemus,o
3009 4771 3206 4850 homo,
3240 4770 3341 4850 qui
3372 4769 3557 4831 semel
3580 4770 3776 4831 curio-

2136 4854 2217 4914 sis
2240 4854 2662 4934 quaestionibus
2687 4858 2948 4919 animum
2981 4858 3279 4932 addixisti,
3314 4866 3372 4919 et
3399 4858 3581 4919 rebus
3631 4859 3775 4920 reli-

2135 4944 2266 5023 quis
2298 4942 2474 5003 veluti
2514 4946 2706 5023 potius
2733 4947 2921 5023 ducis,
2956 4948 3030 5009 de
3059 4949 3338 5010 omnibus
3377 4947 3777 5011 dubitationes

2138 5032 2513 5111 praponere‘?
2544 5035 2824 5098 Rationes
2881 5056 2913 5098 a
2970 5037 3139 5099 nobis
3169 5037 3467 5117 deposcis,
3502 5036 3576 5098 ob
3628 5057 3777 5117 quas

2134 5117 2468 5196 Theologus
2492 5119 2893 5201 Nyssenus,de
2923 5127 3134 5187 Triade
3157 5144 3491 5187 sermonem
3526 5125 3773 5205 habens,

2134 5206 2267 5267 Filii
2295 5207 2709 5270 mediationem
2738 5212 3098 5277 insinuat.Et
3125 5215 3388 5277 rationes
3407 5234 3526 5276 non
3550 5224 3777 5277 tantum

2136 5295 2511 5386 cognitonem
2568 5309 2850 5376 nostram,
2887 5322 3233 5386 eorumque,
3268 5304 3366 5386 qui
3395 5322 3564 5384 asque
3602 5313 3778 5385 atque

2138 5402 2244 5444 nos
2268 5402 2465 5445 rerum
2502 5384 2707 5447 harum
2740 5389 3090 5453 inferiorum
3116 5384 3129 5386 ⁷
3156 5384 3303 5455 Ιυιό
3324 5393 3566 5454 volutati
3598 5384 3777 5455 cons-

2139 5482 2476 5549 purcantur,
2514 5474 2616 5533 sed
2652 5485 2708 5538 et
2743 5480 2987 5543 alterius
3045 5483 3470 5563 cujuscunque,
3507 5482 3607 5562 qui
3662 5483 3778 5544 vita

2140 5568 2455 5639 menteque
2486 5579 2630 5640 pura
2659 5574 2834 5647 atque
2874 5570 3111 5632 sublimi
3141 5572 3779 5649 condecoratur,exsu-

2141 5659 2367 5729 perant.
2405 5649 2577 5711 Forte
2610 5656 2764 5717 enim
2799 5658 2848 5719 si
2881 5659 3039 5723 idem
3070 5661 3199 5743 ipse
3233 5678 3492 5742 praesens
3524 5660 3776 5739 adesset,
