4220 6292
461 336 579 404 215

1542 347 1755 412 JOAN.
1804 346 2027 411 VECCI
2051 347 2183 417 .CP.
2230 344 2746 411 ΡΑΤΒΙΑΗΟΗᾹΕ

3732 334 3854 402 216

460 475 562 556 qui
596 476 1026 540 mediationem
1057 481 1229 542 istam
1260 480 1541 552 decrevit,
1577 489 1635 543 et
1662 482 1737 544 de
1762 481 1918 543 dicta
1934 482 2109 543 ratio-

2195 476 2278 535 ἐπὶ
2321 484 2387 555 τῇ
2444 478 2669 555 τοιαύτῃ
2712 479 2886 559 ῥήσει,
2935 479 3024 536 καὶ
3082 478 3225 542 αὖθις
3281 475 3585 557 ἐξηγήσεως
3657 473 3850 551 λόγους

460 582 573 626 nes
604 566 1117 646 interpretationis
1142 570 1638 651 expostularetur,
1666 589 1872 633 rursus
1891 570 2121 651 exposi-

468 652 647 716 tionis
672 674 983 719 sermones
1019 658 1166 720 alios
1199 659 1271 720 de
1303 659 1818 740 interpretatione,
1853 661 2118 741 aliasque

462 760 674 805 rursus
700 748 1104 808 enarrationes
1134 766 1316 828 super
1344 750 1735 829 expositione,
1771 769 1887 811 non
1919 751 2000 810 ita
2027 749 2116 810 fa-

464 831 582 893 cile
610 834 1018 897 curiositatem
1053 844 1212 897 tuam
1246 839 1734 917 compescuisset,
1760 839 1821 900 ni
1854 839 1926 900 ad
1960 839 2122 909 theo-

461 919 631 997 logiae
655 923 951 1002 refugium
973 924 1120 986 illud
1155 925 1643 1006 confugisset,res
1672 928 1902 989 divinas
1924 945 2117 1009 neque

461 1010 762 1087 cognosci,
814 1031 1006 1093 neque
1061 1016 1494 1094 comprehendi
1553 1034 1745 1095 posse.
1792 1015 2118 1079 Sermones

458 1096 619 1159 enim
651 1097 724 1159 de
746 1099 1141 1182 dogmatibus,
1169 1122 1300 1164 cum
1335 1105 1793 1167 necessitatibus
1824 1105 2113 1166 naturali-

457 1184 569 1247 bus
595 1205 713 1247 non
743 1187 1110 1268 subjaceant,
1145 1191 1480 1273 prolatique
1513 1196 1633 1254 sint
1656 1194 1731 1255 de
1760 1194 2110 1273 incompre-

456 1273 736 1335 hensibili
764 1278 1023 1338 essentia
1048 1283 1108 1341 et
1139 1286 1370 1355 natura,
1408 1281 1653 1358 pietatis
1684 1280 1943 1343 cultores
1966 1281 2107 1356 ﬁde,

457 1380 591 1442 quae
619 1362 1131 1428 demonstratione
1162 1386 1279 1427 non
1312 1376 1467 1448 eget,
1500 1377 1563 1430 ut
1607 1370 1929 1450 plurimum
1978 1389 2109 1432 am-

453 1450 811 1530 plectentur.
874 1453 1043 1526 Quod
1103 1456 1153 1516 si
1202 1456 1522 1536 aliquando
1575 1477 1917 1520 sermonum
1968 1477 2113 1538 cpus

452 1538 633 1602 fuerit
664 1539 874 1620 iis.qui
907 1542 1365 1624 disciplinarum
1391 1545 1611 1627 studio,
1642 1555 1700 1608 et
1722 1566 1838 1607 non
1870 1554 2114 1608 conten-

453 1627 634 1688 tionis
662 1628 1077 1693 addubitant.a
1096 1652 1213 1713 quo
1245 1651 1557 1695 sermones
1582 1635 2114 1716 deposcuntur,ille

456 1734 703 1796 prorsus
733 1719 912 1794 dicet,
946 1740 1079 1800 quae
1134 1721 1389 1802 probare
1444 1723 1659 1803 poterit
1686 1743 1719 1785 a
1748 1724 1967 1786 sanctis
1998 1726 2111 1787 Pa-

2201 567 2285 624 ἐπὶ
2338 572 2407 644 τῇ
2475 567 2748 647 ἑρμηνείᾳ,
2812 569 2896 625 καὶ
2979 567 3159 647 ἑτέρας
3226 564 3384 623 πάλιν
3481 562 3855 644 ὲπεξηγήσεως

2202 656 2286 714 ἐπὶ
2357 664 2424 734 τῇ
2509 655 2783 736 ἐξηγήσει,
2832 659 2925 715 οὐκ
2961 658 3022 713 ἃν
3093 656 3276 722 ἆπλῶς
3348 654 3540 722 ’έστησέ
3598 676 3694 712 σου
3746 652 3848 719 τὴν

2200 745 2734 825 πολυπραγμοσύνην,
2768 747 2919 822 εἰμὴ
2962 747 3092 825 πρὸς
3124 748 3185 803 τὸ
3255 749 3351 812 τῆς
3403 743 3674 822 θεολογίας
3718 763 3852 797 κατ-

2203 837 2387 917 έφυγεν
2457 837 2818 903 ἀκατανόητον
2873 838 2961 894 καὶ
3023 835 3424 903 ἀκατάληπτον.
3471 836 3530 891 Εἰ
3581 833 3680 912 γᾶρ
3747 837 3853 888 τῶν

2200 923 2476 1005 δογμάτων
2517 924 2689 1004 λόγοι,
2723 925 2836 983 ἐπεὶ
2908 927 2985 1002 μὴ
3015 926 3268 1003 ἆνσίγκαις
3318 923 3522 981 εἴκουσι
3579 934 3846 1003 φυσικαῖς,

2198 1019 2295 1071 καὶ
2352 1016 2471 1094 περὶ
2540 1013 2917 1085 ἆκαταλήπτου
2976 1016 3101 1071 εἰσὶν
3174 1012 3442 1092 εἰρημένοι
3502 1012 3677 1075 οὐσίας
3760 1011 3848 1066 καὶ

2197 1104 2419 1182 φύσεως,
2494 1117 2611 1168 τοϊς
2670 1101 2904 1161 εὐσεϐεῖν
2968 1102 3292 1183 αἱρουμένοις
3374 1103 3545 1158 πίστει
3638 1099 3843 1156 ἀναπο-

2195 1189 2381 1265 δείκτῳ
2409 1193 2836 1262 ἆσπασθήσονται
2877 1193 2944 1249 τὰ
2970 1190 3143 1251 πολλὰ
3178 1210 3190 1223 °
3226 1192 3271 1246 εἶ
3321 1187 3376 1246 δὲ
3405 1189 3494 1246 καί
3550 1210 3633 1251 τις
3690 1187 3843 1268 χρεία

2192 1280 2365 1359 λόγων
2408 1280 2553 1338 ἔσται
2614 1295 2731 1345 τοῖς
2777 1280 3105 1361 φιλομαθῶς,
3168 1284 3260 1339 οὐκ
3319 1279 3616 1358 ἐριστικῶς,
3650 1275 3842 1333 διαπο-

2194 1392 2490 1449 ρουμενοις,
2550 1372 2578 1426 ὁ
2677 1370 2828 1433 οὗτος
2927 1369 3117 1448 λόγους
3202 1368 3582 1443 ἀπαιτούμενος
3667 1365 3847 1421 ἐκεῖνα

2195 1459 2328 1539 ἐρεῖ,
2389 1457 2521 1537 ἅπερ
2605 1458 2938 1537 παραστῆσαι
3027 1456 3303 1529 δυνήσεται
3392 1456 3542 1535 ἅγιος
3634 1450 3844 1532 ἀνδράσι

2193 1549 2281 1603 καὶ
2316 1546 2583 1624 θεολόγοις
2625 1546 3005 1626 προειρημένα,
3065 1548 3175 1620 οὒς,
3235 1548 3269 1613 ἡ
3333 1543 3629 1611 Ἐκκλησία
3686 1539 3844 1597 διδα-

2196 1634 2420 1700 σκλίλους
2478 1632 2740 1700 εὐσεϐείας
2837 1636 2925 1691 καὶ
2993 1632 3283 1714 παρέλαϐε,
3388 1635 3476 1690 καὶ
3558 1629 3847 1709 ὁμολογεῖ,

2196 1724 2324 1802 ὅπερ
2353 1725 2441 1781 οὖν
2483 1726 2570 1781 καὶ
2598 1726 2760 1800 ἡμεῖς
2791 1727 2879 1781 νῦν
2935 1724 3257 1800 ποιήσομεν,
3319 1723 3409 1779 σὺν
3472 1728 3588 1796 Θεῷ
3647 1719 3728 1799 ἐφ’
3760 1718 3847 1781 οἷς

456 1803 645 1892 tribus
676 1807 1144 1890 theologicisque
1175 1811 1337 1891 viris,
1364 1830 1512 1891 quos
1535 1811 1803 1874 Ecclesia
1837 1821 1897 1875 et
1927 1812 2113 1892 pieta-

2205 1812 2534 1890 διηπόρηκας
2544 1858 2556 1871 .

454 1890 540 1957 tis
557 1894 871 1972 magistros
902 1905 963 1959 et
983 1899 1299 1978 accepit,et
1326 1890 1795 1978 agnoscit,antea
1820 1890 2000 1963 fuisse
2018 1898 2324 1964 dictata.ld
2350 1919 2460 1962 nos
2488 1918 2724 1982 quoque
2749 1918 2929 1982 opere
2957 1898 3517 1982 prastabimus,Deo
3545 1897 3627 1960 ita
3652 1915 3845 1959 annu-

456 1992 597 2046 ente
624 2001 806 2064 super
841 1984 940 2066 iis,
964 1986 1039 2047 de
1064 1987 1282 2067 quibus
1315 2006 1423 2049 nos
1454 1988 1815 2069 interrogas.

538 2070 595 2132 2.
632 2072 1005 2136 Mediationis
1048 2094 1268 2138 nomen
1300 2085 1468 2139 tuum
1499 2078 1763 2140 animum
1804 2077 1979 2140 anxie
2010 2078 2108 2139 ni-

455 2160 688 2241 misque
724 2163 1138 2225 conturbatum
1189 2174 1357 2228 tenet
1392 2167 1567 2228 :hinc
1593 2168 1902 2230 intervalla
1936 2186 2107 2229 exco-

454 2249 631 2331 gitas,
655 2257 714 2312 et
742 2252 966 2312 realem
998 2255 1466 2332 separationem,
1512 2257 2018 2336 quemadmodum
2050 2255 2113 2316 in

451 2339 670 2400 nostris
703 2339 1024 2402 individuis
1056 2342 1144 2414 ﬁt,
1179 2353 1378 2405 mente
1411 2345 1909 2421 comminisceris,
1947 2353 2007 2405 et
2041 2363 2111 2405 eo

454 2448 644 2511 usque
673 2431 1004 2511 corporalia
1031 2433 1159 2494 haec
1190 2433 1457 2514 concipis
1505 2443 1748 2515 propter
1797 2436 2114 2497 hanc'dic-

457 2518 707 2593 tionem,
750 2528 815 2580 ut
866 2539 983 2581 non
1034 2522 1294 2583 verearis
1353 2524 1528 2584 etiam
1581 2524 1914 2600 enuntiare,
1948 2523 2108 2605 quod

463 2608 637 2687 plane
690 2609 1015 2671 christiana
1072 2609 1261 2691 pietas
1315 2612 1538 2692 borret,
1579 2612 1737 2674 idem
1801 2632 1934 2675 esse
1986 2621 2108 2674 tres

458 2695 614 2759 Deos
643 2708 999 2774 asserere,et
1030 2700 1483 2762 meditationem
1513 2701 1650 2763 Filii
1677 2701 1738 2763 in
1767 2701 1983 2764 Triade
2002 2710 2115 2763 sta-

459 2792 653 2848 tuere.
680 2787 758 2848 Et
789 2795 847 2847 tu
864 2788 1107 2867 quidem
1143 2790 1265 2850 haec
1296 2789 1793 2866 comminisceris,
1826 2801 1882 2854 et
1899 2791 2117 2853 similia

460 2893 533 2937 ex
564 2874 763 2936 animo
794 2876 902 2937 tibi
931 2878 1201 2940 conﬁctis
1233 2878 1403 2940 eﬂ‘ari
1435 2880 1767 2961 praesumis,
1809 2899 1943 2942 cum
1976 2898 2113 2961 per-

463 2980 668 3025 sonam
703 2983 895 3026 meam
942 2966 1126 3045 magis
1180 2968 1496 3031 calumniis
1530 2978 1830 3049 patentem
1865 2970 2115 3031 invene-

456 3050 632 3131 ris,et
663 3071 767 3132 per
793 3073 887 3116 me
916 3055 1210 3118 dictorum
1240 3058 1475 3118 auctori
1506 3057 1729 3120 bellum
1771 3056 2117 3140 infers.lpse

2270 2069 2346 2156 β’.
2379 2082 2451 2138 Τὸ
2477 2086 2575 2147 τῆς
2634 2078 2900 2155 μεσιτείας
2959 2078 3127 2155 ὄνομα
3196 2076 3369 2136 πολλά
3411 2100 3505 2135 σου
3555 2076 3845 2155 συνταράτ-

2192 2190 2273 2224 τει
2332 2170 2422 2224 τὸν
2466 2167 2748 2247 λογισμὸν,
2814 2170 2896 2225 καὶ
2968 2166 3362 2243 διαστηματικὰ
3432 2167 3495 2223 σὺ
3581 2166 3841 2247 φαντάζῃ.

2193 2260 2281 2314 καὶ
2346 2260 2590 2334 νοήματα
2664 2258 3069 2336 πραγμαστικὴν
3161 2256 3432 2337 διαίρεσιν,
3463 2259 3537 2320 ὡς
3592 2256 3676 2313 ἐπὶ
3742 2260 3848 2311 τῶν

2193 2344 2310 2410 καθ’
2369 2350 2512 2422 ἡμᾶς
2570 2347 2907 2403 ὑποστάσεων
2978 2347 3269 2410 ἆνατυποϊς
3366 2345 3419 2401 ἐν
3489 2352 3566 2420 τῷ
3609 2349 3708 2420 νῷ,
3755 2345 3847 2399 καὶ

2195 2436 2355 2515 μέχρι
2424 2437 2672 2494 τοσούτου
2737 2436 2804 2492 τὰ
2861 2437 3140 2511 σωματικά
3210 2444 3373 2494 ταῦτα
3468 2435 3701 2515 φαντάζη
3759 2431 3848 2488 διὰ

2194 2530 2293 2592 τῆς
2324 2523 2537 2605 λέξεως,
2572 2528 2644 2589 ὡς
2699 2522 2834 2601 μηδὲ
2876 2524 3282 2582 ὑποστέλλεσθαι
3327 2522 3502 2600 λέγειν
3561 2523 3735 2579 ἐκεῖνο
3784 2521 3845 2577 τὸ

2197 2616 2383 2696 φρίκης
2413 2614 2599 2693 γέμον,
2659 2616 2732 2677 ὡς
2792 2614 2983 2671 ταύτόν
3038 2617 3177 2694 ἔστι,
3229 2627 3375 2692 τροϊς
3431 2610 3654 2683 δοξάζειν
3686 2611 3844 2671 Θεοὺς

2196 2704 2283 2759 καὶ
2328 2703 2593 2777 μεσιτείαν
2651 2705 2773 2759 Υἱοῦ
2832 2701 3008 2780 λέγειν
3049 2704 3136 2759 ἰπὶ
3204 2699 3443 2781 Τριάδος.
3491 2700 3588 2759 Καὶ
3644 2699 3704 2755 σὺ
3748 2698 3843 2773 μὲν

2197 2798 2360 2848 ταῦτα
2390 2791 2651 2871 φαντᾰζῃ,
2724 2793 2811 2849 καὶ
2881 2799 3099 2848 τοιαῦτα
3156 2789 3207 2857 ἐξ
3276 2792 3350 2847 ὧν
3407 2789 3641 2870 φαντάζῃ
3671 2785 3843 2865 λέγειν

2198 2880 2527 2960 ἀποτολμᾷς,
2579 2883 2639 2937 τὸ
2697 2881 2824 2957 ἐμὸν
2880 2880 3164 2960 πρόσωπον
3208 2877 3507 2937 εὐεπίϐατον
3565 2890 3688 2940 ταῖς
3744 2898 3840 2932 συ-

2198 2958 2498 3049 κοφαντίαις
2556 2971 2742 3051 εὑρών,
2795 2972 2882 3027 καὶ
2927 2958 3020 3026 δι’
3091 2971 3219 3047 ἐμοῦ
3261 2972 3391 3048 πρὸς
3446 2969 3537 3025 τὸν
3596 2966 3841 3045 εἰρηκότα

2199 3057 2517 3130 διαϐιϐάζων
2562 3061 2651 3116 τὸν
2696 3057 2933 3134 πόλεμον
2968 3076 2982 3089 ⁸
3031 3059 3136 3138 ἐγὼ
3191 3057 3247 3115 δὲ
3299 3063 3393 3118 οὐκ
3448 3057 3695 3132 ἐμαυτοῦ,
3728 3053 3843 3110 ἀλλ’

459 3159 639 3223 porro
670 3161 790 3203 non
821 3144 938 3205 mei
967 3146 1072 3207 sed
1102 3146 1260 3207 illius
1290 3146 1706 3210 defensionem
1752 3149 2112 3228 suscipiens,

2201 3147 2397 3205 ἐκείνου
2453 3146 3017 3227 ὑπεραπολογούμενος
3078 3149 3241 3205 ταῦτά
3292 3170 3373 3204 σοι
3432 3146 3549 3225 περί
3596 3148 3693 3211 τῆς
3747 3164 3850 3217 με-

460 3230 587 3293 haec
605 3231 712 3293 tibi
735 3231 809 3293 de
835 3233 1317 3297 mediationehac
1340 3235 1577 3298 tradere
1601 3256 1801 3316 cogor.
1825 3237 1977 3298 Dum
2002 3256 2113 3298 ma-

2204 3237 2399 3299 σιτείας
2472 3238 2668 3303 ταύτης
2727 3236 2908 3315 λέγειν
2980 3242 3277 3317 πρὸῆγμαι.
3335 3235 3485 3294 Ἐπεὶ
3539 3237 3567 3291 ὑ
3609 3231 3851 3307 θεολογι-

457 3319 659 3382 ximue
689 3320 750 3381 in
778 3321 960 3384 rebus
981 3325 1332 3403 theologicis
1355 3326 1791 3404 pertractandis
1814 3324 2113 3406 Nyssenus

2200 3325 2437 3389 κώτατος
2466 3326 2711 3391 Νύσσσης
2755 3325 2809 3381 ἐν
2862 3333 2939 3400 τῷ
2992 3328 3121 3404 πρὸς
3182 3322 3463 3382 Ἀϐλάϐιον
3492 3322 3638 3399 λόγῳ
3698 3321 3847 3401 φησὶ,

459 3409 730 3470 oratione
780 3410 855 3471 ad
908 3411 1227 3474 Ablabium
1280 3413 1547 3476 scribat:
1578 3439 1599 3469 ι
1632 3412 1839 3475 Simile
1891 3430 2116 3476 natura;

460 3496 832 3574 conﬁtentes,
868 3499 1216 3573 discrimen,
1240 3501 1396 3582 quod
1431 3520 1499 3562 ex
1531 3520 1708 3563 causa
1741 3502 1930 3563 oritur
1959 3510 2016 3563 et
2035 3502 2117 3565 ef-

463 3584 644 3661 fectu,
664 3604 781 3647 non
804 3587 1032 3649 inﬁcias
1066 3588 1317 3665 imus,in
1347 3608 1462 3669 quo
1496 3590 1620 3651 solo
1654 3609 1837 3651 unum
1887 3590 1959 3651 ab
1999 3590 2113 3655 alio

459 3672 722 3736 discerni
753 3675 1451 3757 deprehendimus,quod
1484 3679 1596 3739 hoc
1611 3678 1849 3757 quidem
1875 3697 2112 3739 causam

457 3779 592 3829 esse
622 3762 957 3839 credamus,
982 3765 1097 3826 hoc
1125 3782 1263 3826 vero
1296 3785 1366 3826 ex
1397 3784 1574 3827 causa
1601 3786 1615 3826 :
1650 3767 1931 3846 illiusque
1954 3767 2109 3849 quod

460 3872 532 3916 ex
549 3870 724 3914 causa
741 3852 1034 3927 est,aliam
1055 3872 1259 3917 rursus
1277 3854 1671 3916 differentiam
1697 3856 2102 3935 intelligimus:

458 3944 574 4005 hoc
605 3940 764 4002 enim
798 3949 887 4002 est
910 3942 1291 4005 continenter
1320 3963 1389 4005 ex
1424 3945 1768 4025 primo,hoc
1800 3963 1940 4007 vero
1954 3965 2021 4007 ex
2040 3963 2109 4007 eo

464 4030 621 4113 quod
654 4030 1028 4093 continenter
1051 4040 1141 4093 est
1171 4051 1239 4094 ex
1274 4033 1464 4111 primo
1504 4055 1517 4093 :
1549 4032 1630 4094 ita
1651 4043 1716 4096 ut
1743 4034 2107 4113 unigenitum

464 4117 594 4181 sine
623 4118 740 4179 ulla
770 4118 1142 4181 haesitatione
1170 4119 1230 4180 in
1263 4120 1411 4182 Filio
1442 4128 1695 4195 maneat,
1742 4130 1801 4183 et
1838 4142 1909 4183 ex
1938 4124 2113 4185 Patre

460 4225 597 4271 esse
620 4205 908 4287 Spiritum
934 4208 1180 4271 minime
1213 4209 1680 4281 dubitetur,Fi|ii
1718 4211 2001 4273 mediati;

457 4305 517 4360 et
548 4297 663 4378 ipsi
692 4298 1065 4375 unigenitum
1117 4308 1507 4361 conservante
1538 4308 1596 4361 et
1626 4298 1907 4380 Spiritum
1943 4319 1978 4362 a
2006 4321 2114 4362 ua-

458 4387 637 4451 turali
662 4406 800 4468 erga
829 4392 1060 4450 Patrem
1086 4388 1372 4451 relatione
1406 4409 1526 4451 non
1557 4398 1858 4466 arcente;»
1896 4391 2114 4453 media-

460 4477 686 4540 tionem
718 4478 870 4540 hanc
899 4478 1049 4540 nihil
1078 4478 1234 4540 aliud
1253 4497 1385 4539 esse
1425 4478 1542 4553 aio,
1577 4497 1750 4560 quam
1786 4481 2111 4542 naturalem

2198 4477 2462 4552 μεσιτείαν
2531 4478 2726 4545 ταύτην
2781 4476 2927 4535 οὐδὲν
2982 4476 3112 4534 ἄλλο

460 4564 836 4639 relationem,
869 4585 985 4646 qua
1028 4565 1141 4629 Per
1197 4566 1412 4629 Filium
1476 4566 1726 4648 Spiritus
1774 4567 1932 4629 Patri
1962 4587 2112 4629 con-

456 4653 750 4735 jungitur,
794 4663 1066 4737 tanquam
1099 4655 1201 4736 qui
1255 4674 1325 4717 ex
1380 4658 1555 4719 Patre
1586 4675 1693 4738 per
1742 4656 1937 4739 ipsum
1972 4676 2113 4737 pro-

467 4742 648 4804 cedit.

546 4832 606 4897 3.
637 4831 806 4905 Quod
838 4832 889 4894 si
931 4839 990 4893 tu
1024 4832 1449 4895 mediationem
1484 4833 1812 4911 hypostasis
1840 4833 1974 4895 Filii
2005 4853 2112 4895 au-

467 4920 664 4992 diens,
697 4922 759 4982 in
784 4922 893 4982 tria
922 4921 1120 5002 aliqua
1151 4922 1459 4984 essentiali
1483 4922 1771 4985 divisione
1805 4923 2113 4994 distincta,

467 5020 588 5071 tres
618 5009 866 5072 Deitatis
891 5010 1234 5091 hypostases
1258 5010 1571 5090 discerpis,
1601 5013 1712 5072 hoc
1737 5010 1992 5072 absurde
2014 5011 2120 5072 tibi

466 5098 664 5161 animo
689 5099 936 5177 ﬁngere,
964 5102 1317 5161 sententiam
1351 5108 1476 5161 cate
1508 5098 1998 5179 examinans,qua
2018 5099 2119 5159 Fi-

467 5187 584 5249 lius
610 5189 907 5248 secundus
936 5188 1154 5249 dicitur
1183 5208 1218 5249 a
1241 5192 1430 5261 Patre,
1469 5188 1778 5268 percipies.
1812 5186 1928 5249 Has
1962 5188 2118 5249 enim

467 5276 760 5339 secundas
790 5282 984 5355 partes
1016 5276 1197 5357 probe
1221 5276 1807 5350 discutiens,facilem
1830 5277 1931 5337 tibi
1964 5276 2117 5337 fece«

461 5366 548 5427 ris
606 5373 664 5426 et
715 5363 1094 5426 mediationis
1152 5365 1311 5426 i'lius
1370 5366 1787 5444 cognitionem.
1851 5365 2115 5445 Namque

465 5455 765 5533 interrogo
800 5462 877 5516 te.
913 5452 1060 5525 Quid
1123 5462 1293 5534 putas-
1322 5472 1475 5529 esse,
1513 5454 1655 5513 dum
1707 5454 2033 5515 secundum
2083 5472 2115 5514 a

465 5543 637 5606 Patre
668 5543 878 5607 Filium
913 5542 1080 5604 audis
1103 5543 1128 5603 Υ
1155 5541 1298 5604 Nam
1335 5542 1633 5603 secundus
1669 5561 1702 5603 a
1733 5545 1902 5605 Patre
1926 5542 2114 5606 Filius

464 5631 699 5696 dicetur
731 5640 1081 5713 tempore,et
1105 5630 1163 5692 in
1195 5631 1323 5711 ipso
1362 5638 1627 5710 tempore
1657 5634 1938 5711 producta
1953 5630 2114 5694 exsi-

2205 3437 2234 3470 α
2275 3417 2345 3473 Τὸ
2417 3413 2822 3492 ἀπαράλλακτον
2878 3417 2975 3481 τῆς
3016 3415 3223 3495 ,φύσεως
3281 3412 3691 3491 ὁμολογοῦντες,
3746 3410 3847 3477 τὴν

2196 3504 2333 3561 κατὰ
2385 3504 2445 3559 τὸ
2502 3501 2675 3560 αἴτιον
2743 3506 2830 3561 καὶ
2884 3505 3117 3561 αἰτιατὸν
3203 3501 3451 3582 διαφορὰν
3508 3502 3602 3557 οὐκ
3656 3499 3848 3577 ἀρνού-

2197 3594 2352 3666 μεθα,
2388 3590 2442 3646 ἐν
2481 3594 2527 3664 ᾧ
2556 3592 2707 3666 μόνῳ
2765 3591 3108 3671 διακρίνεσθαι
3166 3592 3227 3646 τὸ
3281 3589 3456 3667 ἕτερον
3512 3589 3604 3644 τοῦ
3670 3586 3847 3664 ἑτέρου

2194 3676 2695 3755 καταλαμϐάνομεν,
2742 3688 2818 3756 τῷ
2878 3682 2939 3737 τὸ
3001 3680 3099 3755 μὲν
3129 3678 3302 3735 αἴτιον
3359 3677 3622 3734 πιστεύειν
3678 3676 3842 3748 εἶναι,

2194 3770 2256 3825 τὸ
2288 3765 2342 3823 δὲ
2374 3769 2435 3824 έκ
2459 3768 2551 3824 τοῦ
2593 3770 2778 3829 αἰτίου.
2840 3770 2939 3827 Καὶ
2980 3776 3070 3825 τοῦ
3099 3766 3151 3833 ἐξ
3205 3770 3372 3830 αἱτιας
3436 3765 3587 3830 ὄντος
3670 3762 3839 3831 ἄλλην

2192 3857 2351 3915 πάλιν
2394 3854 2643 3937 διαφορὰν
2673 3858 2948 3934 ἐννοοῦμεν
2981 3875 2998 3893 ⁸
3043 3859 3105 3913 τὸ
3163 3856 3260 3931 μὲν
3317 3858 3415 3935 γὰρ
3458 3860 3739 3934 προσεχῶς
3783 3852 3843 3908 ἐκ

2192 3952 2284 4002 τοῦ
2325 3945 2559 4025 πρώτου,
2593 3947 2654 4002 τὸ
2683 3944 2737 4002 δὲ
2768 3944 2852 4003 διὰ
2905 3955 2995 4005 τοῦ
3023 3949 3304 4025 προσεχῶς
3362 3944 3422 4000 ἐκ
3469 3943 3560 4001 τοῦ
3584 3943 3794 4022 πρώτου
3826 3958 3840 3973 ⁸

2195 4033 2331 4091 ὥστε
2389 4035 2476 4090 καὶ
2536 4036 2598 4091 τὸ
2675 4034 2958 4113 μονογενὲς
3016 4031 3373 4114 ἀναμφίϐολον
3433 4032 3518 4089 ἐπὶ
3581 4031 3673 4088 τοῦ
3732 4034 3850 4086 Γὶοῦ

2198 4122 2393 4199 μένειν,
2442 4124 2529 4179 καὶ
2571 4125 2631 4179 τὸ
2678 4126 2738 4181 ὲκ
2794 4127 2886 4181 τοῦ
2941 4124 3151 4202 Πατρὸς
3222 4123 3362 4178 εἶναι
3420 4123 3479 4178 τὸ
3539 4122 3747 4196 Πνεῦμα
3777 4118 3854 4194 μὴ

2105 4266 2111 4275 .
2196 4210 2570 4292 ἀμφιϐάλλειν,
2636 4218 2736 4280 τῆς
2803 4220 2893 4270 τοῦ
2946 4212 3067 4270 1⁸ἱοῦ
3120 4212 3384 4287 μεσιτείας
3439 4210 3527 4267 καὶ
3570 4208 3739 4282 ἑαυτῷ
3792 4208 3851 4262 τὸ

2198 4299 2479 4377 μονογενές
2524 4300 2897 4381 φυλαττούσης
2924 4302 3012 4360 καὶ
3067 4302 3129 4357 τὸ
3201 4306 3410 4375 Πνεῦμα
3466 4300 3563 4365 τῆς
3624 4300 3850 4377 φυσικῆς

2196 4389 2326 4465 πρὸς
2378 4390 2469 4443 τὸν
2520 4389 2728 4469 Πατέρα
2793 4388 3031 4469 σχέσεως
3093 4389 3171 4463 μὴ
3241 4385 3616 4465 ἀπειργούσης.
3653 4407 3680 4439 ι
3742 4383 3848 4449 Τὴν

3200 4476 3343 4532 εἶναί
3407 4496 3545 4555 φημι
3608 4472 3645 4540 ἢ
3694 4493 3847 4551 φυσι·

2195 4566 2297 4632 κήν
2327 4564 2514 4646 σχέσιν
2577 4565 2694 4623 καθ’
2747 4567 2814 4632 ἣν
2871 4567 2984 4624 ἐστι
3044 4563 3128 4621 διὰ
3179 4572 3269 4621 τοῦ
3324 4566 3446 4621 Υἱοῦ
3512 4563 3572 4618 τὸ
3637 4566 3848 4633 Πνεῦμα

2197 4655 2586 4730 συναπτόμενον
2638 4663 2714 4730 τῷ
2776 4657 2961 4736 Πατρὶ,
3034 4657 3105 4721 ὡς
3172 4654 3231 4709 ἐκ
3286 4660 3378 4709 τοῦ
3420 4652 3621 4731 Πατρὸς
3681 4650 3845 4705 ἐκπο-

2197 4744 2474 4822 ρευόμενον
2504 4741 2571 4799 δι’
2619 4749 2800 4805 αὐτοῦ.

2279 4824 2356 4910 γ’.
2396 4835 2452 4890 Εἰ
2522 4830 2577 4887 δὲ
2633 4835 2694 4889 σὺ
2738 4833 3003 4908 μεσιτείαν
3046 4838 3145 4900 τῆς
3200 4838 3293 4887 τοῦ
3352 4831 3471 4886 rio?)
3509 4827 3845 4888 ὑποστάσεως

2202 4921 2402 4978 ἀκούων
2446 4923 2518 4984 εἰς
2550 4923 2664 5000 τρία
2716 4920 3010 5000 διῃρημένα
3065 4921 3201 4978 κατά
3241 4941 3360 4975 τινα
3417 4914 3646 4983 οὐσιώδη
3704 4913 3846 4971 διαί-

2203 5032 2346 5087 ρεσιν
2391 5011 2485 5070 τὰς
2556 5010 2702 5088 τρεῖς
2773 5010 3006 5089 φαντάζῃ
3050 5016 3148 5075 τῆς
3189 5009 3438 5075 θεότητος
3503 5005 3843 5083 ὑποστάσεις,

2203 5097 2338 5155 ἄλλα
2387 5102 2569 5177 γνώσῃ
2625 5099 2702 5173 μὴ
2745 5096 2922 5160 καλῶς
2995 5099 3338 5177 φαντάζεσθαι
3392 5103 3567 5166 τοῦτο,
3631 5094 3720 5150 ἐὰν
3749 5093 3847 5153 τὴν

2202 5186 2404 5244 ἔννοιαν
2461 5185 2825 5257 διασκοπήσης
2882 5186 3081 5257 καλῶς,
3127 5186 3242 5243 καθ’
3298 5185 3365 5251 ἣν
3408 5187 3436 5241 ὁ
3490 5185 3608 5247 Υἱὸς
3668 5181 3846 5238 δεύνε-

2203 5296 2288 5351 ρος
2319 5275 2534 5353 εἶ’ρηται
2596 5283 2688 5330 τοῦ
2740 5274 2943 5354 Πατρός
2985 5291 2997 5303 ⁸
3074 5277 3135 5331 τὸ
3196 5275 3295 5352 γὰρ
3365 5282 3600 5332 τοιοῦτον
3666 5269 3847 5326 δευτε-

2200 5368 2346 5442 ρεῖον
2402 5362 2816 5433 διασκοπήσαντί
2883 5384 2963 5419 σοι
3041 5363 3242 5442 καλῶς,
3301 5362 3527 5440 εὐχερὴς
3578 5359 3722 5416 ἔσται
3763 5379 3845 5414 σοι

2199 5454 2286 5510 καὶ
2327 5455 2360 5520 ἡ
2405 5475 2503 5519 της
2566 5453 2830 5528 μεσιτείας
2890 5454 3047 5510 αὐτοῦ
3106 5458 3319 5531 γνῶσις.
3389 5447 3602 5529 Ἐρωτῶ
3631 5447 3731 5528 γάρ
3761 5468 3843 5509 σε.

2199 5541 2258 5621 Il
2300 5540 2432 5608 δῆτα
2477 5540 2604 5621 οἴει,
2637 5539 2871 5619 δεύτερον
2902 5548 2995 5597 τοῦ
3030 5543 3230 5620 Πατρὺς
3277 5539 3482 5595 ἀκούων
3510 5541 3599 5596 τὸν
3673 5537 3790 5592 Υίὸν
3826 5552 3845 5606 ;

2200 5618 2346 5710 ’Ἄρα
2395 5653 2453 5709 γε
2524 5618 2758 5709 δεύτερος
2816 5630 2844 5686 ὁ
2917 5632 3033 5696 Υἱὸς
3115 5618 3398 5700 ὁηθήσεται
3483 5635 3574 5685 τοῦ
3644 5626 3843 5704 Πατρὸς
