4220 6292
384 350 498 414 217
1167 389 1171 392 ~
1479 359 1576 421 DE
1614 354 2010 420 PBOCESSIO

2095 356 2122 416 Ε
2168 355 2227 417 8.
2276 357 2649 420 SPIRITUS.
3648 354 3764 419 248

380 483 560 573 χρόνῳ
587 486 677 573 καί
704 491 774 562 τῇ
826 487 964 544 κατὰ
1031 488 1227 568 χρόνον
1271 488 1484 568 ὑπάρξει
1520 510 1535 571 ;
1592 489 1727 548 ἀλλὰ
1772 489 1986 566 δυνάμει

2095 535 2098 546 .
2127 491 2378 555 stentia?
2408 511 2545 554 num
2578 492 2883 555 facultate?
2913 511 3053 554 num
3090 491 3406 573 dignitate?
3436 510 3576 555 num
3609 510 3724 573 quo
3750 525 3762 536 -

381 572 513 631 ἀλλὰ
568 572 685 647 ἀξίᾳ
739 576 840 631 τινί
874 595 890 648 ;
934 574 1071 633 ἀλλὰ
1115 600 1220 634 τινι
1249 585 1355 635 τῶν
1388 578 1566 636 ἄλλων
1586 587 1716 660 τῶν,
1750 581 1846 638 ὅσα
1875 581 2010 661 ὓπερ

2115 579 2271 659 piam
2303 581 2441 656 alio,
2474 581 2628 662 quod
2663 582 3072 645 excellentiam
3128 599 3362 656 eorum,
3396 598 3528 661 quae
3569 579 3762 659 prima

378 664 516 742 οχὴν
572 662 788 730 δηλοῦσι
859 663 964 721 τῶν
1021 668 1151 746 πρὸς
1181 668 1247 724 τὰ
1278 670 1451 726 οἰκεῖα
1496 667 1708 748 δεύτερα
1752 670 1976 751 πρώτων
2008 690 2023 751 ;

379 753 474 811 Καὶ
529 751 608 814 τίς
666 751 785 808 ἄνευ
846 752 1070 835 Ἀρείου,
1128 758 1215 813 καὶ
1282 764 1390 815 τῶν
1459 759 1594 819 κατὰ
1649 760 1739 815 τὸν
1810 748 2026 837 ’Ἄρειον

374 839 740 918 παραπλήγων
834 844 922 898 καὶ
1009 851 1272 921 μανικῶν,
1360 848 1611 914 τοιαύτην
1693 847 2025 928 ἀπερεύξεται

371 929 762 1013 βλασφημίαν;
848 935 1095 991 Δείπεται
1177 937 1344 995 τοίνυν
1426 939 1562 995 κατὰ
1622 939 1780 1013 μόνον
1828 941 1889 996 τὸ
1971 940 2030 997 ἐκ

370 1023 573 1097 Πατρὸς
603 1022 838 1078 αἰτιατὸν
904 1020 1139 1102 δεύτερον
1199 1033 1291 1083 τοῦ
1335 1029 1541 1104 Πατρὸς
1604 1030 1696 1084 τὸν
1766 1030 1885 1085 Υἱὸν
1944 1031 2030 1085 καὶ

370 1112 603 1166 νοεῖσθαι
659 1111 747 1166 καὶ
787 1108 1027 1189 λέγεσθαι
1065 1132 1079 1146 ·
1153 1112 1283 1191 ὅπερ
1342 1118 1430 1171 καὶ
1460 1118 1488 1171 6
1544 1116 1712 1194 μέγας
1758 1115 2027 1180 Βασίλειος

368 1198 680 1276 παρίστησιν
762 1198 1019 1277 ἐναργῶς,
1104 1224 1132 1257 ε
1192 1201 1427 1281 δεύτερον
1498 1214 1591 1264 τοῦ
1647 1207 1850 1284 Πατρὸς
1932 1209 2020 1263 τὸν

372 1289 490 1343 Υἱὸν
546 1286 687 1352 τάξει
743 1310 800 1344 τε
854 1290 942 1345 καὶ
984 1288 1242 1365 αξιώματι
1295 1290 1488 1369 λέγων,
1547 1292 1627 1349 ὅτι
1683 1294 1743 1349 ὲκ
1782 1301 1874 1351 τοῦ
1904 1302 2020 1351 Πα-

366 1377 512 1452 τρὸς.
589 1373 757 1455 Εἴπερ
824 1385 948 1455 γοῦν
1037 1379 1269 1437 ἐντεῦθεν
1341 1379 1597 1460 λαμπρῶς
1682 1383 2018 1463 ἀναφαίνεται

364 1466 426 1521 τὺ
497 1465 572 1540 μὴ
645 1463 818 1530 ἄλλως
878 1469 968 1523 τὸν
1025 1471 1144 1525 Υἶὸν
1198 1467 1434 1548 δεύτερον
1475 1479 1568 1529 τοῦ
1625 1475 1828 1549 Πατρὸς
1873 1472 2019 1551 λέγε-

366 1558 503 1627 σθαι,
539 1552 618 1610 ὅτι
675 1556 754 1630 μὴ
797 1558 932 1613 κατὰ
976 1558 1136 1631 μόνον
1190 1560 1251 1614 τὸ
1309 1559 1368 1614 ἐκ
1424 1565 1627 1639 Πατρὸς
1659 1563 1890 1619 αἷτιατὸν
1922 1563 2014 1619 εἷ-

365 1664 447 1698 ναι
493 1642 669 1714 αὐτὸν,
704 1642 830 1723 ὅπερ
886 1649 1039 1703 εἷπον
1097 1648 1185 1703 καὶ
1228 1647 1387 1704 πάλιν
1418 1652 1577 1729 φημὶ,
1611 1650 1700 1706 ἐὰν
1755 1652 1814 1706 τὸ
1883 1654 2015 1731 πρὸς

362 1734 455 1789 τὸν
512 1731 720 1811 Πατέρα
815 1732 1109 1812 δευτερεὋν
1159 1744 1253 1793 τοῦ
1309 1739 1431 1793 Υἶοῦ
1481 1735 1851 1815 διασκοπήσῃς
1912 1762 2014 1797 κα-

2114 678 2250 730 sunt
2280 687 2417 748 erga
2446 670 2709 733 secunda
2746 680 2803 733 et
2827 671 3263 751 afﬁnia,infert?
3292 668 3507 750 Ecquis
3539 668 3761 749 absque

2112 757 2277 830 Ario,
2314 767 2372 819 et
2425 758 2520 831 iis,
2575 761 2673 839 qui
2706 779 2873 840 aeque
2926 769 3105 840 atque
3154 760 3334 823 Arius
3385 756 3762 820 dementiunt

2112 854 2287 927 atque
2315 848 2640 924 insaniunt,
2674 850 2929 911 similem
2964 850 3387 930 blasphemiam
3423 846 3761 908 eructabit?

2113 935 2440 1015 Reliquum
2496 946 2582 999 est
2640 939 2818 1017 igitur
2865 948 2927 1001 ut
2983 937 3388 1001 tantummodo
3429 935 3755 997 secundum

2111 1024 2384 1086 effectum
2410 1045 2478 1087 ex
2512 1030 2678 1089 Patre
2702 1030 2997 1089 secundus
3026 1047 3060 1089 a
3092 1030 3264 1091 Patre
3290 1027 3471 1089 Filius
3523 1024 3753 1086 intelli-

2108 1121 2295 1192 gatur,
2330 1122 2391 1175 et
2421 1115 2672 1177 dicatur.
2700 1116 2865 1189 Quod
2899 1124 2956 1178 et
3002 1136 3248 1196 magnus
3273 1115 3526 1177 Basilius
3554 1121 3756 1191 aperte

2107 1202 2467 1276 constabilit,
2498 1227 2521 1259 α
2554 1206 2885 1265 secundum
2919 1226 2952 1267 a
2979 1209 3152 1268 Patre
3180 1206 3415 1277 Filium,
3451 1211 3509 1264 et
3542 1201 3755 1262 ordine

2104 1291 2496 1369 etdignitate,
2536 1318 2561 1348 ι
2600 1293 2827 1369 dicens,
2899 1320 2924 1349 α
2957 1295 3112 1375 quod
3149 1313 3218 1355 ex
3268 1293 3440 1354 Patre
3473 1299 3583 1353 est.
3626 1316 3647 1345 ι
3686 1290 3752 1350 Si

2100 1398 2237 1457 ergo
2268 1382 2580 1444 manifesto
2612 1383 2753 1444 hinc
2778 1391 3045 1463 apparet,
3085 1402 3201 1444 non
3236 1382 3350 1443 alia
3382 1381 3615 1441 ratione
3646 1378 3749 1439 Fi-

2098 1466 2240 1529 lium
2300 1470 2626 1531 secundum
2669 1489 2703 1531 a
2760 1475 2926 1533 Patre
2984 1471 3125 1543 dici,
3180 1471 3290 1531 nisi
3342 1466 3749 1529 tantummodo

2099 1558 2255 1638 quod
2292 1576 2359 1619 ex
2391 1560 2563 1621 Patre
2594 1566 2871 1639 tanquam
2906 1579 3081 1622 causa
3113 1561 3238 1641 ipse
3273 1572 3384 1632 est,
3421 1557 3578 1637 quod
3604 1556 3752 1617 alias

2098 1646 2390 1721 dixeram,
2427 1656 2486 1708 et
2518 1668 2679 1709 nunc
2710 1658 2940 1729 repeto,
2975 1649 3022 1709 si
3048 1648 3344 1710 secundas
3388 1654 3586 1727 partes
3614 1643 3752 1705 Filii

2098 1750 2237 1811 erga
2259 1734 2492 1796 Patrem
2512 1746 2789 1798 accurate
2808 1738 3307 1812 eonsideraveris,
3339 1734 3561 1814 poteris
3578 1753 3748 1793 com-

364 1821 493 1893 λῶς,
550 1819 750 1887 ἐξέσται
816 1845 897 1879 σοι
941 1824 1171 1881 ἐντεῦθεν
1227 1824 1553 1883 καταλαϐεῖν
1599 1830 1672 1891 ὡς
1702 1830 1789 1884 καὶ
1818 1830 1854 1896 ὴ
1912 1850 2010 1900 με-

2100 1823 2475 1901 prehendere
2501 1826 2925 1888 metliationem
2958 1825 3092 1886 Filii
3115 1825 3443 1887 secundum
3478 1822 3747 1883 eamdem

365 1910 531 1966 σιτεία
596 1918 690 1968 τοῦ
756 1915 879 1968 Υἱοῦ
927 1910 1011 1968 διὰ
1067 1916 1157 1969 τὸν
1213 1916 1369 1971 αὖτὸν
1415 1914 1573 1994 λόγον
1633 1923 1725 1973 τοῦ
1782 1919 2013 1975 αἰτιατοῦ

363 1999 616 2078 εἰρημένη
659 2000 797 2056 ἐστίν
829 2017 843 2031 ⁸
907 2002 1021 2058 ἐπεὶ
1073 2004 1173 2081 γὰρ
1227 2002 1337 2059 ἐστι
1390 2006 1477 2061 καὶ
1542 2012 1635 2062 τοῦ
1680 2008 1802 2062 Υἱοῦ
1839 2008 2011 2085 πρόσ-

362 2110 507 2145 ωπον
590 2091 827 2146 αἰτιατὸν
910 2091 971 2148 ὲκ
1030 2093 1257 2170 Πατρὸς,
1347 2091 1456 2151 ἔστι
1514 2092 1569 2149 δὲ
1638 2095 1725 2151 καὶ
1796 2096 1856 2150 τὸ
1919 2103 2010 2152 τοῦ

362 2179 685 2252 Πνεύματος,
748 2178 884 2236 ἀλλὰ
926 2182 985 2236 τὸ
1029 2180 1126 2255 μὲν
1156 2181 1265 2237 ἐστι
1328 2189 1611 2262 προσεχῶς
1660 2182 1721 2240 ἐκ
1775 2185 2004 2262 πρώτου,

360 2269 422 2324 τὸ
446 2264 500 2322 δὲ
530 2265 621 2322 διὰ
674 2274 766 2323 τοῦ
819 2275 1104 2349 προσεχῶς
1161 2270 1225 2326 ἐκ
1281 2278 1371 2328 τοῦ
1429 2273 1663 2348 πρώτου,
1708 2274 1769 2328 τὸ
1799 2280 1890 2329 τοῦ
1930 2275 2013 2329 αὶ-

361 2363 542 2413 τιατοῦ
571 2357 835 2437 προσεχὲς
908 2355 1144 2435 δεύτερον
1202 2381 1259 2414 τε
1320 2368 1411 2417 τοῦ
1466 2363 1669 2440 Πατρὸς
1730 2362 1821 2417 τὸν
1893 2364 2013 2418 Υἱὸι

362 2447 653 2525 ἀναφαίῃι,
725 2448 812 2502 καὶ
871 2446 1034 2521 μέσον
1104 2450 1307 2526 Πατρὸς
1395 2470 1453 2505 τε
1521 2451 1611 2506 καὶ
1685 2450 2007 2525 Πνεύματος,

363 2540 649 2614 Προσεχῶς
690 2534 789 2608 μὲν
844 2536 945 2613 γὰρ
996 2534 1158 2593 ὢνέκ
1186 2545 1278 2594 τοῦ
1350 2540 1553 2617 Πατρὸς
1599 2540 1735 2595 κατὰ
1798 2541 1860 2595 16
1918 2541 2008 2595 αἰ-

358 2626 537 2681 τιατὸν
593 2627 622 2681 6
666 2626 785 2689 Υἱὸς
840 2622 1075 2705 δεύτερος
1118 2630 1274 2685 αὐτοῦ
1302 2625 1536 2706 λέγεται.
1596 2631 1694 2687 Καὶ
1752 2633 1846 2687 οῦκ
1901 2628 2010 2685 ἔστι

362 2719 684 2787 σωματικῶς
754 2713 971 2771 ἐνταῦθα
1013 2730 1154 2772 νοεῖν
1217 2718 1269 2772 τὸ
1331 2723 1540 2795 πρῶτον
1609 2720 1693 2775 καὶ
1746 2716 2006 2795 δεύτερον,

363 2799 476 2859 οῦδὲ
542 2800 855 2879 διῃρημένον
911 2803 1018 2859 ἄπο
1072 2810 1165 2860 τοῦ
1221 2805 1429 2882 πρώτου
1510 2808 1572 2862 τὸ
1623 2806 1881 2886 δεύτερον,
1942 2805 2009 2863 δι’

362 2890 545 2947 ἑαυτοῦ
597 2889 653 2946 δὲ
724 2897 801 2964 τῷ
874 2893 1033 2971 Πατρὶ
1087 2894 1147 2948 τὸ
1212 2900 1423 2968 Πνεῦμα
1487 2896 1787 2969 συνάπτων,
1849 2896 2009 2971 μέσος

361 2980 564 3058 Πατρὸς
594 2980 684 3035 καὶ
737 2980 1040 3054 Πνεύματος
1097 2979 1330 3058 λέγεται,
1365 2983 1453 3038 καὶ
1508 2986 1568 3039 τὸ
1596 2990 1807 3060 Πνεῦμα
1838 2984 2009 3062 τρίτον

364 3068 466 3125 ἀπὸ
522 3069 727 3143 Πατρὸς
799 3070 887 3125 καὶ
956 3067 1097 3135 τάξει
1184 3073 1268 3127 καὶ
1328 3070 1586 3147 ἀξιώματι
1646 3072 1881 3153 λέγεται,
1927 3072 2010 3130 διὰ

361 3160 421 3213 τὸ
466 3156 528 3213 ἐκ
583 3158 788 3236 Πατρὸς
846 3155 912 3214 δι’
970 3161 1091 3216 Υἱοῦ
1153 3158 1545 3239 ἐκπορεύεσθαι.
1607 3165 1704 3221 Καὶ
1762 3168 1858 3223 οὒκ
1900 3164 2009 3221 ἔστι

361 3249 673 3322 emuniuit;
737 3244 844 3306 οὔδ’
888 3247 1105 3305 ἐνταῦθα
1176 3250 1237 3304 16
1301 3249 1472 3328 τρίτον
1504 3264 1672 3330 νοεῖν,
1719 3252 1835 3309 οῦδὲ
1885 3251 2008 3329 διῃ-

359 3334 588 3413 ρημένον
646 3335 754 3391 ἀπὸ
810 3338 901 3392 τοῦ
930 3336 1141 3415 πρώτου
1196 3339 1258 3394 τὸ
1288 3339 1461 3417 τρίτον
1504 3337 1586 3395 διὰ
1641 3342 1739 3408 τὴν
1768 3350 1861 3398 τοῦ
1888 3340 2009 3398 δευ-

357 3446 508 3504 τερου
564 3424 851 3500 μεσιτείαν,
912 3423 1035 3482 ἀλλ’
1092 3426 1364 3501 ἡνωμένον
1420 3431 1721 3506 Θεοπρεπῶς
1760 3430 1845 3505 έεῖς
1888 3430 2010 3487 ἐνό-

358 3535 494 3580 τητα
549 3513 724 3576 οὒσίας
778 3512 1100 3593 ἀσύγχυτον.
1154 3523 1318 3573 Τοῦτο
1358 3513 1519 3583 δηλοῖ
1561 3520 1589 3573 6
1618 3517 2008 3597 θεολογικώτα-

357 3624 447 3665 τος
519 3602 730 3668 Νύσσης
814 3601 1009 3680 λέγων,
1097 3604 1193 3671 τῆς
1260 3611 1351 3660 τοῦ
1416 3608 1539 3662 Υἰοῦ
1588 3607 1854 3680 μεσιτείας
1923 3610 2009 3663 καὶ

359 3689 527 3764 ἐαυτῷ
581 3692 643 3746 τὸ
701 3698 982 3769 μονογενὲς
1051 3690 1441 3772 φυλαττούσης,
1522 3696 1609 3751 καὶ
1664 3697 1726 3751 τὸ
1799 3702 2007 3770 Πνεῦμα

356 3782 454 3847 τῆς
515 3785 740 3859 φυσικῆς
794 3782 925 3859 πρὸς
981 3782 1073 3837 τὸν
1129 3780 1335 3861 Πατέρα
1387 3782 1624 3863 σχέσεως
1686 3784 1762 3859 μὴ
1812 3784 2008 3864 ἀπειρ-

358 3868 577 3946 γούσης.
645 3870 700 3925 Εἰ
771 3875 896 3945 γοῦν
941 3869 1004 3924 τὸ
1061 3876 1153 3926 τοῦ
1196 3871 1432 3927 αἰτιατοῦ
1498 3872 1788 3952 προσεχὲς,
1848 3873 1910 3929 τό
1951 3894 2009 3928 τε

360 3955 485 4032 πρὸς
514 3956 608 4010 τὸν
668 3954 874 4034 Πατέρα
930 3952 1222 4034 δευτερεῖον
1264 3960 1355 4015 τοῦ
1398 3960 1517 4017 ι’ίοῦ
1563 3964 1795 4017 νοεῖσθαι
1852 3957 2002 4016 δίδω-

361 4063 432 4115 σι,
466 4044 554 4099 καὶ
637 4046 737 4111 τήν
806 4045 937 4121 πρὸς
994 4044 1125 4112 ὅλην
1168 4048 1267 4114 τὴν
1312 4047 1462 4125 ἁγίαν
1517 4046 1711 4127 Τριάδα
1744 4050 2008 4124 μεσιτείαν

360 4134 535 4211 αὖτοῦ,
592 4130 728 4189 διανί
784 4135 845 4189 σὺ
901 4136 1057 4211 τριῶν
1115 4141 1259 4191 Θεῶν
1289 4136 1578 4215 φαντασίαν
1608 4140 1682 4201 ὡς
1712 4138 1818 4194 ἀπὸ
1876 4139 2007 4194 ταύ-

357 4241 453 4285 της
497 4220 809 4298 ἀναπλαττῃ
866 4225 966 4290 τῆς
1022 4221 1236 4295 λέξεως,
1293 4226 1430 4299 μήτε
1462 4227 1525 4281 τὸ
1558 4234 1650 4283 τοῦ
1677 4234 1807 4283 Θεοῦ
1835 4224 2009 4282 δυσω-

358 4309 619 4384 πούμενος
673 4307 919 4390 φοϐερὸν,
966 4313 1103 4387 μήτε
1161 4314 1222 4368 τὸ
1293 4321 1385 4370 τοῦ
1447 4316 1717 4394 εἰρηκότος
1765 4314 2007 4390 αἰδούμε-

360 4419 445 4460 νος
473 4395 810 4465 ἀδιάϐλητον,

439 4483 508 4544 δ’.
553 4489 653 4545 Καὶ
688 4485 863 4551 ἄλλως
923 4485 999 4550 δέ.
1060 4490 1147 4554 Τίς
1197 4512 1325 4547 ποτε
1361 4489 1570 4549 δύναται
1603 4515 1719 4571 τρια
1747 4492 2006 4570 πρόσωπα

363 4574 545 4642 νοῆσαι
596 4576 890 4656 ὑφεστῶτα,
936 4579 1024 4635 καὶ
1074 4576 1192 4636 καθ’
1249 4579 1407 4638 ἑαυτὰ
1444 4582 1580 4638 κατὰ
1634 4583 1694 4637 τὸ
1735 4586 1831 4649 τῆς
1880 4603 2003 4640 συν-

358 4660 579 4743 αλοιφῆ.
636 4663 896 4744 ἀνώτερον
952 4668 1040 4722 καὶ
1110 4670 1444 4747 συγχὺσεως,
1521 4671 1605 4725 καὶ
1677 4670 1753 4744 μὴ
1822 4675 2007 4736 νοῆσαι

359 4753 624 4828 μεσιτείαν
684 4753 738 4809 ἐν
802 4767 923 4817 τοῖς
971 4756 1183 4835 τρισίνς
1242 4758 1300 4814 Εἰ
1348 4758 1446 4836 γὰρ
1506 4759 1581 4833 μή
1641 4758 1751 4815 ἑστι
1825 4759 2004 4832 μέσον,

359 4840 471 4898 οῦδὲ
514 4842 672 4921 Τριάς
708 4861 722 4875 ⁶
786 4845 873 4900 καὶ
925 4846 968 4899 εἰ
1011 4846 1089 4921 μὴ
1123 4844 1410 4925 συναλοιφὴ
1440 4852 1509 4923 τῇ
1552 4846 1729 4927 Τριάδι
1784 4869 2008 4927 παρεισ-

361 4932 599 5010 φθαρείη,
647 4933 710 4988 τὸ
753 4931 913 5006 μέσον
976 4932 1028 4989 ἐν
1089 4934 1221 5010 αὐτῇ
1288 4936 1499 4998 πάντως
1556 4926 1715 4994 ἐστίν.
1779 4926 1837 4991 Ἠ
1884 4942 2008 5013 γοῦν

361 5017 479 5096 ἁγία
532 5023 621 5076 καὶ
704 5022 934 5100 μακαρία
1017 5022 1196 5099 Τριὰς,
1284 5021 1396 5078 ἐπεὶ
1450 5023 1576 5101 ὑπὲρ
1632 5023 1801 5080 πάντα
1849 5023 2008 5101 λόγον

361 5108 444 5163 καὶ
484 5114 658 5165 πᾶσαν
711 5107 1016 5185 κατάληψιν
1059 5112 1147 5166 καὶ
1192 5112 1353 5186 μονάς
1399 5112 1511 5169 ἐστι
1542 5113 1628 5169 καὶ
1658 5115 1838 5192 Τριὰς,
1883 5112 1999 5170 καθ’

361 5192 388 5248 ὅ
466 5197 563 5271 μὲν
618 5195 776 5274 λόγον
835 5196 973 5254 ἐστὶν
1030 5198 1188 5277 Τριας
1244 5198 1449 5267 ἀληθὴς
1531 5201 1620 5257 καὶ
1673 5201 1995 5280 ἆσύγχυτος,

360 5281 470 5362 ἔχει
520 5288 580 5341 τὸ
625 5285 813 5362 μέσον,
846 5283 963 5343 καθ’
1022 5288 1080 5342 ὃν
1113 5285 1165 5343 δὲ
1195 5286 1355 5366 λόγον
1399 5290 1562 5364 μοδάς
1604 5288 1763 5364 ἐστιν,
1798 5290 1913 5345 οὔτε
1941 5292 2000 5346 τὸ

354 5372 442 5428 τοῦ
470 5370 733 5454 δευτέρου,
795 5372 909 5431 οὔτε
964 5376 1025 5430 τὸ
1085 5383 1173 5433 τοῦ
1228 5379 1424 5457 τρίτου,
1472 5379 1587 5435 οὐτε
1625 5379 1685 5434 τύ
1714 5385 1805 5435 τοῦ
1838 5380 2000 5453 μέσου

352 5458 519 5537 ὄνομα
547 5460 791 5543 δέχεται.
869 5465 968 5521 Καί
1009 5462 1121 5520 ἐπεὶ
1177 5467 1205 5521 6
1247 5473 1353 5523 τῶν
1382 5468 1679 5545 προσώπων
1710 5465 1867 5545 λόγος
1894 5466 2000 5522 ἐστὶ

348 5548 465 5608 καθ’
519 5550 581 5606 ὅν
626 5553 741 5607 εστι
796 5552 951 5629 Τριὰς
995 5553 1024 5606 6
1054 5554 1203 5629 Θεὸς,
1249 5556 1384 5612 κατὰ
1428 5558 1517 5611 τὸν
1548 5562 1781 5611 τοιοῦτον
1838 5555 2000 5633 λόγον

349 5641 562 5707 νοηθείη
593 5640 657 5697 ἄν
704 5640 792 5697 καὶ
819 5642 881 5696 τὸ
931 5638 1091 5714 μέσον
1135 5657 1149 5672 ⁸
1197 5645 1332 5699 κατὰ
1361 5641 1414 5700 δὲ
1480 5646 1568 5700 τὸν
1632 5647 1728 5710 τῆς
1764 5649 1887 5719 μιᾶς
1918 5647 1999 5702 οὗ·

2092 1911 2386 1972 rationetn
2421 1930 2615 1974 causa:
2646 1922 2703 1975 et
2736 1915 2981 1975 effectus
3010 1914 3225 1975 dictam
3274 1932 3429 1987 esse,
3472 1910 3748 1991 quando-

2094 1999 2333 2080 quidem
2368 2010 2455 2062 est
2509 2011 2568 2062 ct
2613 2003 2742 2065 Filii
2800 2022 3052 2081 persona
3082 2025 3148 2065 ex
3185 2007 3357 2066 Patre
3410 2000 3693 2081 producta
3732 2023 3744 2057 :

2093 2098 2183 2149 est
2216 2089 2393 2150 etiam
2424 2097 2479 2151 et
2512 2092 2900 2171 Spiritus,sed
2955 2094 3055 2154 illa
3097 2092 3334 2173 quidem
3374 2088 3752 2152 continenter

2092 2195 2160 2237 ex
2194 2180 2414 2256 prima.
2446 2180 2572 2241 haec
2596 2199 2732 2241 vero
2767 2200 2834 2244 ex
2864 2200 2955 2252 eo,
2993 2182 3090 2263 qui
3121 2181 3504 2242 continenter
3553 2185 3641 2238 est
3679 2196 3747 2239 ex

2097 2267 2635 2347 primo,contiuens
2664 2270 2823 2331 illius
2854 2275 3010 2352 quod
3041 2291 3107 2331 ex
3141 2272 3261 2332 alio
3296 2267 3741 2340 est,secundum

2093 2375 2126 2415 a
2159 2358 2326 2418 Patre
2349 2358 2558 2419 Filium
2575 2360 3248 2440 ostendit,mediumque
3275 2359 3667 2420 interl’atrem
3690 2363 3749 2416 et

2094 2440 2399 2520 Spiritum.
2438 2446 2831 2509 (Iontinenter
2878 2448 3036 2509 enim
3080 2467 3215 2509 cum
3251 2447 3325 2508 sit
3357 2464 3426 2507 ex
3457 2444 3652 2512 Patre,
3686 2450 3750 2503 ut

2092 2531 2551 2603 etfectus,FiEius
2581 2535 2882 2597 secundus
2912 2536 2984 2597 ab
3015 2555 3086 2597 eo
3128 2533 3576 2611 dicitur.Neqne
3607 2549 3745 2595 cor-

2099 2621 2391 2693 poreeltir.
2417 2623 2669 2700 primum
2703 2633 2759 2685 et
2791 2627 3116 2687 secundum
3150 2622 3602 2701 intelligendum
3628 2628 3740 2693 est,

2095 2727 2290 2788 neque
2323 2711 2573 2772 divisum
2608 2731 2641 2773 a
2673 2714 2865 2794 primo
2895 2714 3250 2787 secundum;
3285 2713 3442 2794 quod
3475 2729 3614 2772 vero
3634 2727 3742 2790 per

2094 2798 2466 2877 se-Spiritum
2501 2804 2655 2861 Patri
2685 2804 3019 2883 conjungit,
3054 2804 3286 2865 medius
3314 2802 3470 2863 inter
3505 2800 3739 2861 Patrem

2096 2897 2154 2947 et
2183 2886 2461 2966 Spiritum
2494 2890 2731 2967 dicitur,
2767 2902 2823 2953 et
2854 2894 3107 2973 Spiritus
3160 2892 3369 2953 tertius
3401 2910 3434 2950 a
3467 2892 3637 2952 Patre
3684 2896 3743 2949 et

2093 2977 2301 3039 ordine
2326 2986 2383 3038 et
2412 2977 2883 3061 dignitate,quod
2918 3000 2987 3042 ex
3015 2980 3184 3042 Patre
3218 2997 3324 3061 per
3351 2978 3563 3041 Filtum
3597 2994 3741 3055 pro-

2095 3065 2284 3128 cedat.
2320 3067 2527 3149 Neque
2560 3068 2654 3129 hic
2686 3087 2972 3148 corporee
3006 3069 3239 3130 tertium
3282 3064 3735 3145 intelligendum

2096 3162 2407 3235 est,neque
2430 3157 2682 3218 divisum
2701 3177 2732 3220 a
2759 3159 2947 3237 primo
2969 3159 3204 3219 tertium
3228 3165 3474 3236 prepter
3493 3152 3739 3214 secundi

2095 3245 2541 3320 mediationem,
2568 3248 2673 3308 sed
2709 3248 3115 3327 conjunctum,
3148 3254 3209 3307 ut
3242 3249 3423 3308 Deum
3459 3242 3732 3311 addecet.

2094 3332 2152 3393 iu
2185 3334 2405 3395 unitate
2455 3334 2727 3395 essentiae
2789 3326 3185 3398 inconfusnm.
3239 3333 3363 3395 Hoc
3416 3330 3633 3393 indicat
3680 3326 3739 3387 in

2094 3420 2276 3483 rebus
2328 3423 2678 3502 theologicis
2729 3424 3018 3485 maximus
3060 3422 3378 3503 Nyssenus,
3418 3439 3549 3482 eum
3607 3418 3736 3479 ait:

2098 3531 2122 3568 ι
2166 3512 2291 3573 Filii
2318 3513 2681 3576 metliatione
2713 3523 2771 3575 et
2801 3515 2883 3575 illi
2921 3514 3287 3591 unigenitum
3322 3519 3736 3581 consn-rvante,

2090 3608 2149 3661 et
2179 3601 2461 3680 Spiritum
2495 3621 2527 3664 a
2560 3603 2811 3665 naturali
2846 3622 2984 3681 erga
3014 3603 3247 3666 Patrem
3302 3602 3590 3663 relatione
3620 3616 3739 3660 non

2088 3699 2349 3753 arcente.
2386 3717 2405 3747 ι
2446 3691 2505 3755 Si
2540 3711 2677 3772 erga
2701 3694 3034 3773 continens,
3065 3703 3123 3755 et
3155 3693 3402 3757 etl‘ectus
3451 3708 3589 3768 erga
3621 3693 3735 3752 Pa-

2092 3787 2239 3839 trem
2266 3781 2557 3843 secundas
2592 3782 2722 3844 Filii
2759 3790 2950 3860 partes
2980 3784 3082 3844 dat
3114 3782 3470 3858 intelligere,
3510 3789 3631 3839 tum
3666 3780 3736 3840 ad

2091 3868 2424 3931 universam
2457 3878 2716 3932 sanctam
2750 3870 3024 3933 Triadem
3075 3872 3235 3932 illius
3288 3868 3737 3938 mediationem,

2091 3975 2204 4037 qua
2236 3966 2292 4018 tu
2323 3958 2553 4020 ratione
2586 3959 2762 4020 trium
2796 3959 3051 4021 Deorum
3082 3959 3422 4039 imaginem,
3454 3966 3729 4038 tauquam

2093 4064 2161 4107 ex
2196 4047 2303 4107 hac
2335 4047 2594 4109 dictione
2620 4048 2675 4109 id
2711 4048 3057 4124 haberetur,
3094 4049 3197 4110 tibi
3244 4047 3498 4126 efﬁngis,
3538 4066 3735 4126 neque

2092 4135 2199 4197 Dei
2226 4140 2437 4198 timore
2469 4137 3040 4218 perterritus,neque
3071 4138 3331 4199 auctoris
3365 4136 3729 4215 inculpatum

2091 4227 2378 4287 reveritus
2398 4224 2429 4284 ?

2170 4496 2231 4552 4.
2260 4492 2388 4553 Alia
2417 4510 2651 4571 quoque
2683 4489 3083 4562 ratione.Quis
3115 4509 3370 4569 unquam
3403 4489 3732 4569 intelligere

2091 4581 2307 4663 poterit
2338 4588 2455 4639 tres
2482 4597 2765 4659 personas
2787 4588 2844 4640 et
2873 4598 2936 4640 se
2969 4580 3114 4659 ipsis
3146 4578 3729 4648 subsistentes,ontni

2092 4668 2508 4732 commistione
2557 4676 2614 4727 et
2655 4668 3003 4729 confusione
3063 4668 3426 4745 superiores,
3466 4675 3523 4727 et
3575 4666 3735 4727 inter

2094 4757 2330 4821 easdem
2349 4755 2789 4817 meditationem
2816 4757 3035 4817 nullam
3065 4755 3413 4834 concipere?
3434 4754 3662 4815 Etenim
3682 4755 3728 4815 si

2094 4848 2350 4908 medium
2375 4863 2490 4904 non
2522 4853 2612 4904 est
2644 4864 2836 4924 neque
2868 4845 2983 4906 erit
3011 4843 3199 4911 Trias.
3235 4853 3293 4905 et
3314 4845 3362 4904 si
3396 4844 3730 4904 commistio

2090 4935 2288 4997 Triadi
2323 4951 2438 4995 non
2471 4933 3128 5008 inferatur,tnediumin
3155 4933 3360 4994 eadem
3398 4933 3585 4993 modis
3608 4953 3732 4993 om-

2093 5025 2266 5086 nibus
2295 5024 2492 5087 fuerit.
2528 5022 2740 5085 Sancta
2772 5024 2968 5099 itaque
2999 5031 3057 5084 et
3084 5023 3250 5083 beata
3280 5022 3560 5097 Trinitas,
3595 5041 3726 5084 cum

2083 5131 2391 5174 sermones
2422 5120 2718 5177 omnes.et
2765 5110 3361 5191 comprehensionem
3394 5121 3727 5191 exsuperet,

2083 5204 2276 5265 unitas
2299 5208 2385 5263 est
2408 5209 2464 5261 et
2487 5201 2745 5261 Trinitas
2774 5221 2786 5261 :
2820 5209 2875 5262 et
2905 5200 3374 5261 secundumeam
3411 5201 3726 5269 rationem,

2083 5310 2197 5372 qua
2228 5290 2486 5351 Trinitas
2511 5301 2598 5349 est
2630 5308 2763 5349 tera
2796 5300 2852 5349 et
2880 5289 3211 5359 inconfusa,
3238 5290 3495 5349 medium
3528 5288 3724 5362 habet;

2083 5381 2409 5442 secundum
2439 5397 2577 5439 vero
2610 5380 3047 5460 rationem,qua
3078 5378 3273 5440 unitas
3295 5388 3384 5439 cst
3416 5397 3607 5456 neque
3628 5397 3726 5437 se-

2084 5468 2285 5539 cundi,
2322 5485 2514 5545 neque
2543 5467 2723 5546 tertii,
2761 5485 2952 5545 neque
2986 5466 3165 5527 medii
3201 5485 3415 5529 nomen
3447 5466 3722 5526 admittit.

2083 5556 2155 5619 Et
2184 5574 2316 5617 cum
2351 5572 2735 5635 personarum
2792 5555 2942 5616 ratio
2975 5555 3072 5628 sit,
3123 5574 3239 5635 qua
3287 5553 3540 5615 Trinitas
3573 5553 3728 5613 Deus

2084 5642 2531 5722 est,secuudum
2562 5643 2718 5706 hunc
2748 5642 3037 5706 rationem
3057 5642 3397 5706 etmedium
3428 5640 3726 5721 intell'ge-
