4178 6286
443 338 559 405 219

1514 343 1782 412 JOAN‘N.
1817 340 2037 411 VECCI
2073 339 2186 401 GP.
2221 334 2760 402 PATRIARCHIE.

3705 338 3824 405 220

444 471 539 537 lur
567 497 580 537 :
615 484 673 538 et
697 480 1029 543 secundum
1062 482 1244 544 unius
1268 479 1543 545 essentiaa
1568 487 1628 541 et
1647 476 1893 540 Deitatis
1917 475 2089 538 ratio-

2177 496 2291 538 σιας
2322 476 2410 533 καὶ
2466 475 2716 544 θεότητος
2773 475 2953 555 λόγον,
2999 476 3113 534 καθ’
3159 476 3218 534 ὃν
3247 478 3358 536 ἐστι
3389 480 3554 555 μονὰς
3599 481 3626 537 ὁ
3661 482 3814 561 Θεὸς,

444 583 726 647 nem.qua
755 567 913 632 Deus
945 571 1109 632 unita
1141 581 1461 653 est,neque
1489 568 1869 645 intelligetur,
1896 583 2091 639 neque

444 655 848 719 enuntiabitur
900 660 963 720 in
1014 660 1302 722 Trinitate
1353 659 1640 721 medium.
1671 656 1990 736 Propterea
2020 673 2091 716 ex

445 761 619 805 causa
640 748 813 809 Patre
838 749 1213 811 continenter
1236 749 1851 828 effectum,personam
1874 762 2090 825 nempe

446 830 581 893 Filii
601 834 923 897 secundam
957 855 990 898 a
1019 836 1195 900 Patre
1224 836 1502 917 dicimus,
1536 834 1939 914 theologorum
1973 836 2089 896 Pa-

447 928 600 982 trum
633 931 898 986 nostrum
942 926 1202 1002 vestigiis
1245 928 1607 999 insistentes,
1641 932 1699 986 et
1738 942 1846 1005 per
1875 922 2088 986 Filium

447 1026 513 1071 ex
550 1012 723 1073 Patre
782 1014 1203 1093 procedentem
1255 1015 1563 1095 Spiritum,
1588 1012 1822 1075 tertium
1856 1031 1889 1073 a
1919 1010 2089 1073 Patre

444 1097 720 1171 dicimus.
754 1110 817 1163 ut
867 1111 955 1165 est
984 1123 1017 1165 a
1068 1103 1380 1167 Servatore
1411 1111 1615 1164 nostro
1645 1102 1706 1163 in
1741 1101 2091 1183 baptismate

447 1188 592 1250 ordo
619 1190 888 1252 traditus.
922 1193 1196 1275 Hincque
1227 1192 1555 1254 indubitata
1580 1191 1728 1252 fides
1759 1199 1960 1252 nostra
1987 1209 2088 1252 se-

2169 566 2286 624 οὔτε
2316 569 2552 644 νοηθείη,
2626 565 2742 624 οὔτε
2773 568 2956 647 ῥηθείη
2989 568 3053 625 ἅν
3091 570 3153 626 τὸ
3184 570 3344 646 μὲσον
3389 570 3444 629 ὲν
3498 578 3565 650 τῇ
3610 572 3811 652 Τριάδι,

2176 657 2272 712 Διᾶ
2328 665 2478 715 τοῦτο
2532 659 2592 714 τὸ
2636 658 2734 734 μὲν
2771 655 2823 723 ἐξ
2853 657 3019 715 αἰτίου
3047 657 3248 738 Πατρός
3315 668 3597 742 προσεχιῖκ
3640 663 3812 718 αἷτια-

2170 747 2261 803 τὸν
2303 745 2587 826 πρόσωπον
2646 753 2740 803 τοῦ
2795 748 2939 815 Υἱοῦ,
2993 745 3227 827 δεύτερον
3281 746 3507 827 λέγομεν
3556 757 3648 808 τοῦ
3700 756 3813 808 Πα-

2171 837 2315 911 τρὺς,
2378 848 2496 900 τοῖς
2553 834 2822 915 θεολόγοις
2878 838 3032 913 ἡμῶν
3090 839 3350 917 Πατράσιν
3406 839 3675 916 ἑπόμενοι,
3727 841 3816 897 καὶ

2172 927 2234 982 τὸ
2263 923 2346 982 διὰ
2373 932 2466 982 τοῦ
2524 927 2646 985 Υἱοῦ
2706 925 2766 982 ἐκ
2807 934 2899 983 τοῦ
2951 928 3152 1006 Πατρὸς
3181 926 3590 1004 ἐκπορευόμενον
3646 934 3815 987 Πνεῦ-

2175 1036 2249 1088 μα
2276 1015 2447 1094 τρίτον
2499 1014 2605 1070 ἀπὸ
2653 1016 2854 1093 Πατρὸς
2900 1013 3145 1094 λέγομεν,
3179 1016 3315 1075 κατὰ
3382 1016 3478 1084 τὴν
3516 1015 3570 1073 ἐν
3599 1024 3675 1094 τῷ
3704 1025 3815 1077 Βα-

2172 1105 2425 1179 πτίσματι
2499 1101 2927 1183 παραδεδομένην
3013 1105 3114 1161 ὑπὸ
3181 1110 3275 1161 τοῦ
3346 1110 3597 1186 Σωτῆρος
3665 1107 3818 1182 ἡμῶν

2172 1192 2432 1269 σὺνταξιν,
2495 1193 2583 1250 καὶ
2638 1190 2992 1273 ἀναμφίϐολος
3047 1193 3275 1251 ἐντεῦθεν
3332 1193 3504 1259 πίστις
3547 1198 3703 1271 ἡμῖν,
3758 1198 3819 1253 τὸ

447 1276 702 1338 cundum
738 1287 796 1341 et
828 1289 1063 1344 tertium
1110 1282 1341 1345 ratione
1395 1299 1786 1362 personarum
1820 1280 1878 1340 in
1929 1279 2093 1342 beata

2178 1278 2414 1361 δεύτερον
2441 1283 2528 1338 καὶ
2589 1281 2758 1361 τρίτον
2813 1304 2949 1340 κατα
3015 1284 3107 1339 τὸν
3160 1288 3265 1339 τῶν
3308 1284 3646 1343 ὑποστάσεων
3723 1283 3821 1341 λό-

449 1364 687 1449 Triade,
723 1376 781 1430 et
805 1369 1101 1451 intelligit,
1142 1380 1198 1433 et
1218 1371 1445 1434 asserit.
1494 1371 1637 1431 Cum
1670 1388 1807 1432 vero
1837 1368 2093 1431 Trinitas

2178 1392 2272 1451 γον
2300 1371 2352 1426 ἐν
2396 1376 2464 1449 τῇ
2509 1370 2741 1450 μακαρίᾳ
2787 1369 2965 1450 Τριάδι
2995 1372 3082 1429 καὶ
3141 1375 3375 1429 νοεῖσθαι
3416 1374 3504 1429 καὶ
3553 1372 3820 1451 λέγεσθαι.

447 1454 633 1517 deitas
656 1476 773 1519 una
804 1459 899 1531 sit,
936 1450 1233 1542 nunquam
1265 1460 1419 1522 Deus
1453 1457 1773 1520 secunduS‘
1797 1458 2093 1520 diceretur

2182 1450 2323 1518 ’Ότι
2366 1457 2420 1515 δὲ
2493 1459 2586 1534 μία
2640 1462 2675 1529 ἡ
2718 1465 2816 1528 τῆς
2862 1459 3079 1538 Τριάδος
3135 1460 3323 1528 θεότης
3395 1460 3527 1537 ἐστὶ,
3588 1450 3824 1542 δεύτερος

446 1542 649 1619 Filius,
677 1565 870 1628 neque
903 1550 1111 1611 tertius
1144 1549 1306 1611 Deus
1358 1547 1611 1629 Spiritus
1668 1555 1904 1609 sanctus
1939 1565 1951 1610 :
1987 1548 2091 1608 sed

2181 1552 2308 1613 Θεὸς
2352 1546 2616 1608 οὐδέποτ’
2674 1548 2736 1605 ἂν
2764 1550 2944 1628 ῥηθείη
3002 1553 3031 1607 6
3074 1552 3218 1625 Υἱὸς,
3277 1548 3393 1608 οῦδὲ
3463 1554 3633 1630 τρίτος
3693 1553 3822 1617 Θεὸς

447 1652 642 1715 neque
686 1637 919 1699 medius
976 1639 1133 1700 inter
1185 1642 1416 1701 Patrem
1451 1646 1510 1698 et
1538 1637 1822 1717 Spiritum
1887 1636 2091 1713 Filius,

2177 1640 2235 1695 τὸ
2298 1645 2508 1714 Πνεῦμα
2562 1640 2623 1694 τὸ
2665 1635 2834 1720 ἂὶγιον³
2908 1636 3027 1695 ἀλλ’
3087 1637 3201 1696 οῦδὲ
3270 1639 3430 1715 μέσος
3477 1642 3680 1720 Πατρὸς
3738 1643 3825 1700 καὶ

449 1722 777 1784 secundum
812 1724 1054 1788 Deitatis
1083 1725 1567 1798 rationem.Quod
1595 1722 1752 1786 enim
1780 1744 1959 1785 unum
1980 1733 2089 1801 est,

2177 1728 2478 1803 Πνεόματος
2536 1730 2564 1784 6
2608 1729 2727 1791 Υἱὸς
2783 1728 2920 1784 κατὰ
2976 1730 3069 1784 τὸν
3119 1730 3219 1795 τῆς
3260 1729 3510 1796 θεότητος
3550 1727 3734 1809 λόγον’
3763 1732 3824 1788 τὸ

450 1772 777 1784 -νν....ι......
812 1772 875 1785 ,μ
902 1772 1054 1788 ...ηω
1085 1772 1567 1798 .ι...ν..ν...,κ..ν..
1980 1772 2089 1801 νυ,

450 1828 690 1887 prorsus
740 1813 1003 1875 medium
1061 1815 1343 1877 excludit.
1377 1813 1503 1875 Non
1543 1814 1678 1875 ideo
1713 1823 1905 1875 tamen
1936 1815 2092 1896 quod

2177 1772 2476 1803 ...ηρηηνς
2537 1772 2564 1784 ν
2616 1772 2724 1791 ..νς
2786 1772 2920 1784 η-.-
2987 1772 3066 1784 ,υ
3130 1772 3216 1795 ...ς
3263 1772 3508 1796 ..-νυμνς
3550 1772 3708 1809 ..νιν
3775 1772 3823 1788 ..ν

2177 1818 2276 1895 γὰρ
2334 1816 2388 1872 ἐν
2444 1816 2654 1880 πάντως
2708 1817 2795 1872 καὶ
2854 1816 3072 1893 ἄμεσον,
3118 1821 3178 1875 οὒ
3221 1818 3330 1892 μὴν
3374 1817 3454 1874 ὅτι
3527 1820 3605 1894 μὴ
3662 1819 3823 1895 μέσος

449 1897 607 1961 inter
640 1902 869 1962 Patrem
898 1911 955 1964 et
977 1903 1264 1983 Spiritum
1283 1903 1607 1964 secundum
1633 1902 2097 1983 unius,ideoque

452 1989 708 2050 medium
736 2010 851 2052 non
876 1992 1249 2053 admittentis
1272 1991 1547 2053 essentia;
1570 2010 1637 2052 ac
1659 1991 1903 2053 Deitatis
1924 1992 2097 2054 ratio-

448 2078 804 2149 nem,Filius
834 2081 1066 2143 medius
1098 2101 1290 2163 neque
1324 2080 1692 2160 intelligitur,
1718 2100 1910 2161 neque
1939 2082 2096 2143 dici-

451 2173 890 2247 tur,propterea
940 2190 1135 2251 neque
1191 2170 1529 2232 essentialis
1588 2171 1700 2230 erit
1745 2170 1930 2250 ipsius
1957 2189 2099 2250 erga

452 2257 683 2318 Patrem
717 2267 777 2320 et
805 2260 1091 2339 Spiritum
1116 2261 1395 2322 mediatio
1423 2281 1436 2320 :
1462 2260 1566 2320 sed
1592 2260 1748 2339 quod
1770 2260 2097 2321 secundum

447 2346 738 2409 rationem
795 2367 1207 2429 personarum,
1244 2367 1381 2427 qua,
1426 2356 1489 2408 ut
1520 2350 1743 2410 dictum
1796 2357 1904 2421 est,
1942 2352 2099 2409 Deus

446 2433 704 2497 Trinitas
759 2445 869 2515 est,
902 2456 1008 2499 sua
1067 2437 1324 2499 essentia
1379 2445 1438 2497 et
1487 2436 1781 2517 hypostasi
1835 2436 2095 2499 Verbum

449 2523 704 2585 mediam
764 2534 854 2586 est
901 2525 1057 2587 inter
1112 2528 1346 2589 Patrem
1398 2544 1503 2586 sua
1562 2524 1840 2598 essentia,
1877 2536 1937 2588 et
1990 2545 2097 2587 sua

448 2612 744 2692 bypostasi
799 2614 1252 2687 subsistentem,
1319 2622 1377 2675 et
1438 2616 1595 2675 inter
1644 2613 1934 2693 Spiritum
1991 2633 2094 2675 sua

447 2720 683 2783 quoque
710 2705 966 2766 essentia
997 2712 1055 2765 et
1085 2705 1383 2784 hypostasi
1413 2704 1838 2766 subsistentem
1870 2727 1885 2778 ;
1919 2712 2094 2765 natu-

447 2790 590 2851 ralis
644 2810 780 2854 vero
847 2800 1026 2874 atque
1075 2793 1432 2866 essentialis,
1482 2802 1541 2853 et
1592 2813 1706 2854 non
1768 2794 2094 2854 secundm

2180 1907 2384 1984 Πατρὸς
2441 1906 2528 1961 καὶ
2583 1905 2886 1980 Πνεύματος
2957 1907 3092 1963 κατὰ
3144 1907 3235 1963 τὸν
3307 1905 3464 1984 λόγον
3516 1913 3616 1977 της
3672 1916 3821 1989 μιᾶς,

2178 1996 2266 2051 καὶ
2334 1992 2416 2049 διὰ
2469 1995 2622 2051 τοῦτο
2679 1993 2875 2069 ἀμέσου
2937 1995 3112 2060 οῦσίας
3174 1997 3260 2051 καὶ
3313 1997 3565 2063 θεότητος
3621 2000 3649 2054 6
3707 1999 3825 2062 Υἱὸς

2181 2083 2289 2139 ἐστί
2338 2104 2396 2139 τε
2427 2084 2513 2140 καὶ
2583 2081 2816 2161 λέγεται,
2864 2081 2954 2140 δια
2985 2086 3139 2142 τοῦτο
3179 2082 3295 2141 οῦδὲ
3327 2084 3584 2153 οὖσιώδης
3615 2086 3760 2144 ἔσται
3791 2089 3827 2156 ἡ

2181 2171 2311 2247 πρὸς
2356 2172 2446 2226 τὸν
2502 2168 2728 2249 Πατέρα,
2776 2171 2864 2226 καὶ
2916 2173 2977 2228 τὸ
3035 2179 3246 2248 Πνεῦμα
3316 2174 3550 2249 μεσιτεία
3606 2174 3762 2232 αὐτοῦ
3809 2193 3822 2208 ⁸

2181 2258 2299 2315 ἀλλ’
2357 2259 2439 2316 ὅτι
2493 2260 2628 2316 κατὰ
2680 2262 2772 2315 τὸν
2814 2265 2917 2316 τῶν
2960 2262 3300 2319 ὑποστέσεων
3355 2261 3536 2343 λογον,
3596 2261 3711 2322 καθ’
3767 2265 3826 2321 ὅν

2181 2347 2361 2426 λόγον,
2395 2349 2474 2403 ὡσ
2517 2347 2753 2426 εἴρηται⁷
2788 2349 2943 2426 Τριάς
3001 2349 3140 2407 ἐστιν
3197 2353 3224 2407 6
3269 2353 3397 2417 Θεὸς
3441 2353 3696 2432 ἑνούσιος,
3741 2355 3830 2411 καὶ

2181 2435 2529 2499 ἐνυπόστατος
2594 2435 2754 2513 λόγος
2831 2437 2987 2513 μέσος
3044 2438 3272 2497 ἒνουσίου
3342 2443 3429 2498 καὶ
3477 2442 3827 2501 ἐνυποστάτου

2182 2527 2410 2605 Πατρὸς,
2459 2527 2545 2581 καὶ
2606 2526 2837 2583 ἐνουσίου
2881 2529 2967 2583 καὶ
3024 2528 3377 2588 ἐνυποστάτου
3420 2530 3528 2587 ἐστὶ
3584 2532 3829 2606 Πνεῦμα-

2180 2637 2294 2694 τος,
2349 2615 2541 2693 φυσική
2617 2635 2674 2669 τε
2716 2616 2805 2671 καὶ
2860 2614 3140 2697 οὖσιώδης,
3186 2619 3272 2674 καὶ
3315 2620 3437 2698 οῦχὶ
3487 2618 3619 2675 κατᾶ
3662 2619 3824 2696 ψιλὴν

2182 2703 2352 2781 μόνην
2382 2706 2563 2783 φωνὴν
2634 2702 2898 2783 σχέσεως,
2961 2704 3034 2769 ὥς
3105 2726 3244 2769 τινες
3276 2707 3445 2763 εἰπεῖν
3485 2706 3825 2784 τετολμήκα-

2182 2816 2287 2866 σιν,
2318 2794 2354 2860 ἡ
2400 2794 2634 2867 μεσιτεία
2692 2791 2835 2849 ἔσται
2884 2796 3061 2854 αὐτοῦ.
3129 2785 3190 2863 Ἡ
3248 2795 3346 2872 γὰρ
3389 2796 3582 2876 φυσικῦ⁶
3614 2796 3822 2877 σχέσις,

450 2878 664 2940 nudam
698 2881 886 2943 solam
915 2900 1117 2945 vocem
1147 2882 1547 2957 relationis,ut
1576 2881 1812 2962 quidam
1833 2901 2093 2944 asserere

2182 2883 2298 2939 καθ’
2329 2883 2396 2951 ἣν
2446 2885 2472 2938 ὁ
2519 2883 2636 2944 Υἱὸς
2696 2890 2787 2938 τοῦ
2831 2883 2928 2957 μὲν
2997 2885 3202 2962 Πατρὸς
3261 2884 3371 2940 ἐστι
3429 2884 3682 2963 δεύτερος,
3742 2884 3826 2945 διὰ

451 2987 570 3029 non
596 2969 966 3039 dubitarunt,
988 2971 1267 3033 mediatio
1304 2972 1492 3050 ipsius
1525 2970 1656 3033 erit.
1691 2970 1835 3032 Nam
1871 2980 2093 3033 natura-

2182 2974 2241 3027 τὸ
2285 2969 2336 3036 ἐξ
2393 2972 2548 3027 αὖτοῦ
2629 2972 2912 3051 προσεχῶς
2997 2972 3164 3045 εἶναι,
3223 2971 3316 3029 τοῦ
3373 2970 3428 3028 δὲ
3480 2975 3682 3052 Πατρὸς
3737 2976 3826 3031 καὶ

449 3057 524 3118 lis
554 3059 913 3140 relatio.qua
940 3060 1122 3122 Filius
1154 3061 1451 3121 secundus
1473 3069 1561 3121 est
1589 3079 1623 3120 a
1649 3062 2002 3142 Patrequod
2025 3080 2092 3122 ex

2183 3062 2478 3136 Πνεύματος
2522 3059 2700 3135 μέσος,
2734 3057 2817 3115 διὰ
2867 3061 2926 3116 τὸ
2969 3059 3028 3117 ἐκ
3083 3061 3287 3139 Πατρὸς
3347 3058 3412 3116 δι’
3475 3065 3593 3119 Υἶοῦ
3661 3063 3829 3121 ἐκπο-

451 3165 521 3209 eo
545 3149 924 3211 continenter
955 3157 1068 3222 est,
1106 3149 1210 3211 sed
1245 3149 1399 3211 inter
1430 3152 1666 3212 Patrem
1700 3158 1759 3212 et
1811 3150 2093 3231 Spiritum

2181 3150 2411 3230 ρεύεσθαι
2454 3150 2516 3205 τὸ
2572 3150 2782 3223 Πνεῦμα
2834 3149 2894 3204 τὸ
2958 3147 3130 3227 ἅγιον,
3179 3148 3281 3228 οῦχ
3324 3148 3506 3215 ἁπλῶς
3564 3151 3672 3207 ἐστι
3729 3149 3832 3219 δη-

450 3237 871 3319 mediusquod
909 3259 976 3301 ex
1010 3241 1184 3301 Patre
1212 3257 1316 3318 per
1340 3238 1554 3300 Filium
1576 3237 1829 3319 Spiritus
1860 3249 2093 3301 sanctus

2181 3238 2412 3313 λουμένη
2443 3237 2497 3293 ὲν
2528 3236 2666 3313 ψιλῇ
2701 3243 2850 3315 φωνῇ
2878 3237 3039 3313 μόνῃ,
3087 3236 3225 3294 ἀλλὰ
3260 3237 3488 3308 δήλωσιν
3542 3237 3661 3319 ἔχει
3690 3262 3834 3319 πρα-

450 3327 746 3407 procedit,
782 3348 898 3389 non
933 3327 1286 3409 simpliciter
1320 3327 1615 3389 indicatur
1648 3328 1803 3388 nuda
1832 3347 1973 3390 voce
2002 3347 2093 3389 so-

2183 3329 2402 3406 γμάτων
2473 3325 2876 3400 συναπτομένων
2960 3332 3192 3406 σχετῶς,
3266 3328 3564 3406 προσώπων
3632 3326 3835 3396 δηλαδὴ

451 3415 780 3489 lummodo,
814 3417 916 3479 sed
942 3420 1201 3497 res,quae
1229 3417 1473 3477 relative
1506 3435 1622 3478 una
1646 3416 1821 3478 simul
1846 3418 2093 3497 conjun-

2186 3417 2430 3473 ἐνουσίων
2478 3416 2566 3471 καὶ
2623 3413 3008 3471 ένυποστᾶτων.
3072 3417 3170 3471 Καὶ
3252 3415 3365 3471 ἐπεὶ
3414 3417 3442 3471 6
3502 3418 3623 3480 Υἱὸς
3682 3415 3834 3473 ἐνού-

459 3513 700 3583 guutur,
738 3525 1021 3585 personas
1079 3506 1329 3583 scilicet,
1367 3505 1623 3567 essentia
1687 3514 1743 3565 et
1798 3507 2093 3586 hypostasi

2186 3528 2299 3570 σιος
2354 3505 2441 3560 καὶ
2494 3503 2845 3566 ἐνυπόστατος
2927 3502 3000 3559 ὢν
3049 3524 3334 3583 προσεχως
3387 3503 3496 3559 ἐστι
3551 3505 3640 3560 καὶ
3695 3505 3836 3580 ἆμὲ-
3920 3529 3928 3537 ⁸

455 3592 850 3655 subsistentes
879 3604 1084 3673 aperte
1117 3593 1489 3674 exprimitEt
1520 3613 1652 3654 cum
1689 3594 1876 3656 Filius
1902 3614 2093 3656 essent

2189 3616 2292 3657 σως
2349 3593 2408 3648 ἒκ
2468 3593 2668 3670 Πατρὸς
2747 3591 2975 3648 ἐνουσίου
3028 3593 3117 3648 καὶ
3201 3591 3573 3671 ἐνυποστάτου,
3659 3594 3720 3649 τὸ
3778 3592 3834 3650 δὲ

453 3681 555 3755 tia,
592 3690 649 3742 et
672 3682 969 3762 hypostasi
1001 3682 1316 3755 exsistens,
1351 3683 1727 3744 continenter
1751 3683 1827 3744 sit
1877 3694 1934 3743 et
1981 3683 2093 3744 im-

2188 3684 2399 3757 Πνεῦμα
2456 3682 2516 3737 τὸ
2587 3677 2735 3758 ἅγιον
2790 3680 3018 3738 ἰνουσίον
3087 3679 3177 3737 καί
3220 3680 3573 3739 ἐνυπόστατον
3627 3681 3688 3737 ὃν
3753 3679 3838 3738 διά

454 3770 712 3833 mediate
738 3791 771 3833 a
805 3771 1268 3852 Patre,essentia
1299 3781 1354 3831 et
1386 3772 1680 3852 hypostasi
1717 3770 2093 3847 subsistente,

2177 3775 2278 3854 ’τοῦ
2336 3773 2454 3827 ι’ίοῦ
2506 3769 2566 3826 ὲκ
2610 3771 2811 3849 Πκτρὸς
2856 3770 3216 3849 ἐκπορεύεται,
3259 3771 3294 3838 ἡ
3337 3771 3428 3826 τοῦ
3500 3771 3623 3827 Υῐοῦ
3676 3790 3837 3846 μεσι-
3888 3783 3893 3787 ’

454 3860 714 3939 Spiritus
744 3869 940 3923 autem
964 3871 1202 3922 sanctus
1232 3862 1491 3922 essentia
1521 3870 1579 3923 et
1615 3861 1912 3941 hypostasi
1955 3861 2093 3923 sub-

2186 3862 2299 3918 τεία
2341 3866 2452 3926 πῶς
2484 3861 2544 3917 οὒ
2572 3861 2766 3940 φυσικὴ
2810 3861 2898 3917 καὶ
2940 3857 3224 3932 οὖσιώδης,
3270 3857 3405 3915 ἀλλὰ
3461 3859 3598 3915 κατὰ
3668 3857 3835 3934 ψιλὴν

466 3944 680 4012 siStens
711 3968 816 4030 per
845 3949 1057 4012 Filium
1115 3968 1183 4012 ex
1244 3953 1417 4013 Patre
1447 3951 1771 4032 procedat,
1827 3950 2093 4012 mediatic

2192 3951 2361 4025 μόνην
2419 3950 2584 4028 φυνὴν
2657 3947 2897 4029 σχέσεως
2970 3949 3311 4028 νοηθήσεται,
3369 3949 3458 4003 καὶ
3498 3947 3833 4028 pumicum;

468 4038 599 4100 Filii
630 4058 882 4120 quanam
903 4039 1130 4100 ratione
1161 4059 1278 4101 non
1303 4041 1411 4101 erit
1439 4030 1721 4101 naturalis
1738 4047 1795 4101 et
1813 4039 2093 4102 essentia-

2199 4030 2393 4105 ιὈτιτως
2463 4036 2519 4094 δὲ
2603 4041 2631 4095 6
2703 4036 3167 4118 θεωρητικώτατος
3250 4038 3337 4094 καὶ
3398 4032 3838 4103 διαϐατικώτατος

468 4125 564 4207 lis,
597 4127 700 4189 sed
731 4127 858 4189 sola
889 4127 1048 4189 nuda
1084 4145 1225 4191 voce
1272 4127 1577 4190 relationis
1634 4127 2019 4207 intelligetur,
2054 4145 2088 4189 e

2196 4138 2312 4192 νοῦς
2345 4128 2405 4186 οὒ
2433 4127 2611 4208 φθάνει
2667 4127 2728 4184 τὸ
2775 4127 2910 4183 κατᾶ
2964 4126 3063 4194 τὴν
3121 4122 3319 4203 μονάδα
3375 4129 3562 4192 νοῆσαι
3619 4122 3840 4206 ἔμεσον,

465 4215 900 4280 οηυηιίεὺίιιῑνῖ
930 4216 1168 4280 Modum
1205 4235 1490 4299 vero,quo
1526 4235 1694 4280 mens
1725 4217 2089 4298 speculation

2195 4219 2282 4274 καὶ
2334 4219 2396 4274 τὸ
2456 4216 2593 4273 κατὰ
2660 4215 2759 4284 τὴν
2843 4213 3035 4294 Τριᾰίδα
3125 4214 3435 4295 φαντάζεται
3497 4212 3680 4289 μέσον⁹
3754 4215 3843 4271 καὶ

463 4305 889 4380 addictissima,
924 4315 981 4369 et
1008 4325 1105 4368 res
1130 4307 1279 4369 alias
1307 4306 1710 4369 intentissime
1767 4315 2093 4388 penetrans

2195 4305 2341 4370 ὅπως
2386 4304 2445 4362 οὔ
2500 4305 2676 4385 φθάνει
2753 4305 2814 4361 τὸ
2886 4304 3023 4360 κατὰ
3078 4303 3177 4370 τὴν
3248 4299 3439 4381 Τριάδα
3481 4305 3840 4380 φαντασασθαι

466 4414 584 4456 non
641 4404 729 4458 est
767 4398 941 4477 potis.
981 4396 1137 4477 quod
1176 4396 1235 4458 in
1270 4397 1523 4459 monade
1555 4405 1666 4476 est,
1703 4396 2093 4458 immediatun

2198 4396 2379 4472 μέσον,
2413 4395 2502 4451 καὶ
2531 4401 2608 4469 τῷ
2661 4393 2843 4470 ὰμέσῳ
2884 4398 2981 4461 τῆς
3023 4389 3247 4469 μονλδος
3291 4388 3644 4467 ἒλλάμπεται,
3676 4389 3836 4470 λόγος

464 4484 814 4580 concipere,
849 4485 997 4580 et_i_n
1019 4485 1235 4550 Triade
1269 4485 1524 4549 medium
1553 4484 1833 4580 concipit,
1868 4495 1929 4580 et
1958 4504 2093 4568 quor

2177 4506 2181 4532 ν
2200 4485 2414 4565 φυσικὸς
2444 4484 2769 4563 παραστήσει
2800 4480 2984 4546 οὐδείς.
3771 4566 3808 4580 η

464 4572 524 4633 in
558 4566 773 4637 Triade
804 4575 1062 4637 medium
1097 4584 1205 4653 est,
1240 4595 1357 4638 non
1390 4584 1479 4638 est
1503 4574 1654 4657 potis
1682 4566 2527 4655 animadvertere,etrnonadis
2561 4568 2904 4634 immediate
2961 4569 3312 4645 illustratur,
3356 4566 3523 4632 nulla
3558 4566 3845 4631 naturalis

465 4661 655 4725 oratio
687 4665 1092 4747 consequitur.

546 4751 604 4815 5.
637 4741 1038 4815 Nihilominus
1062 4773 1195 4816 cum
1232 4760 1454 4816 naturae
1485 4754 1644 4816 illius
1677 4752 1824 4815 nulli
1866 4751 2087 4832 imagin

2275 4742 2343 4814 ε’.
2381 4741 2415 4764 υ
2458 4760 2615 4826 Ομως
2669 4748 2781 4806 ἐπεὶ
2822 4754 2921 4817 τῆς
2978 4748 3333 4807 ἄνεικονίστου
3393 4748 3597 4816 ἐκείνης
3641 4747 3843 4827 φύσεως

465 4840 752 4910 obnoxiae.
787 4842 1073 4922 imagines
1104 4843 1406 4905 nonnullae
1436 4842 1831 4905 desumuntur
1860 4840 1933 4903 ab
1964 4840 2093 4913 illis

2193 4840 2401 4899 εἷκόνκσ
2443 4841 2552 4897 ἐστὶ
2622 4836 3053 4918 παραλαμϐάνειν
3107 4839 3256 4903 τινὰς
3299 4839 3420 4901 τοῦς
3448 4839 3522 4901 εἰς
3549 4836 3648 4905 τήν
3698 4839 3846 4914 γνῶ-

466 4931 566 5012 qui
597 4951 828 5013 eorum,
860 4953 991 5015 quae
1019 4952 1199 5015 supra
1231 4953 1336 4995 nos
1366 4941 1522 5009 sunt,
1579 4944 1641 4994 et
1680 4930 2093 5011 comprehend:

2194 4955 2274 4989 σιν
2357 4927 2807 5015 ἆνατεινομένουςῗ
2843 4932 2948 4984 τῶν
3020 4928 3150 5006 ὑπὲρ
3218 4930 3363 5003 ἡμᾶς
3420 4927 3508 4982 καὶ
3564 4923 3844 5015 ἀκαταλή-

465 5029 790 5100 nequount,
823 5014 1220 5102 cognitionem
1252 5022 1542 5095 ambiunt,
1574 5041 1647 5084 ex
1677 5021 1844 5083 hisce
1889 5018 2093 5081 nostris

2192 5042 2359 5093 πτων,
2409 5019 2469 5075 ἐκ
2520 5023 2628 5073 τῶν
2697 5014 2812 5073 καθ’
2882 5018 3024 5092 ἡμᾶς
3079 5019 3168 5074 καὶ
3224 5015 3545 5086 κατλήπτων
3587 5014 3672 5070 ἐπὶ
3713 5019 3844 5071 πᾶσι

463 5099 816 5189 cogitatione
846 5099 1316 5192 comprehensis,
1364 5112 1518 5173 ultra
1558 5111 1682 5190 jam
1736 5109 1915 5183 dicta,
1959 5107 2093 5169 illud

2188 5121 2306 5173 τοῖς
2378 5106 2679 5187 εἰρημένοις
2760 5106 2851 5163 καὶ
2919 5107 3075 5163 τοῦτο
3147 5106 3389 5192 ἐροῦμεν,
3452 5106 3495 5159 εἱ
3552 5104 3640 5192 καὶ
3682 5099 3848 5192 μηδέν

461 5216 695 5279 quoque
723 5190 1113 5279 apponemus.
1152 5190 1313 5265 Licet
1373 5201 1516 5263 nihil
1550 5221 1619 5262 ex
1651 5200 1746 5271 iis,
1781 5217 1913 5280 quae
1941 5205 2093 5275 sunt,

2188 5205 2295 5255 τῶν
2350 5196 2515 5253 ὄντων
2570 5195 2656 5251 καὶ
2712 5194 2840 5273 ὑπὲρ
2903 5193 3075 5254 πάντα
3146 5195 3211 5250 τὰ
3278 5191 3403 5250 ὄντα
3441 5194 3476 5260 ἡ
3532 5190 3643 5247 θεία
3692 5190 3849 5280 οὐσία

462 5284 564 5346 sed
599 5278 779 5366 Super
805 5278 1008 5347 omnia
1042 5289 1240 5351 divina
1269 5290 1528 5352 essentia
1555 5289 1767 5358 sit,nos
1797 5278 2093 5348 nihilomi-

2191 5287 2351 5348 ἐστίν.
2414 5281 2561 5342 Ἀλλ’
2592 5284 2755 5359 ἡμεῖς
2784 5282 3097 5357 ὑποθώμεθα
3155 5284 3234 5339 ὡσ
3284 5280 3565 5377 ἐνοεῖκόνι
3620 5278 3707 5377 καὶ
3731 5300 3848 5377 ’παι

460 5392 571 5434 nus
599 5363 902 5453 imaginis,
933 5378 1312 5459 exemplique
1352 5380 1541 5459 gratia
1570 5379 1763 5457 ignem
1800 5391 2093 5457 suppone-

2198 5374 2499 5456 ραδείγματι
2542 5382 2641 5450 πῦρ
2697 5371 2733 5440 ἢ
2785 5375 2896 5453 cpth
2927 5371 3069 5427 εἶναι
3100 5370 3291 5441 αὐτήν.
3359 5363 3372 5377 ⁷
3416 5378 3457 5427 0
3487 5374 3613 5459 γοῦν
3628 5363 3849 5459 ,διαϐαίσ-

466 5480 618 5533 mus,
654 5473 752 5524 aut
784 5464 983 5525 lumen
1015 5455 1385 5546 ipsam—esse.
1422 5467 1534 5542 Qui
1571 5455 1768 5547 itaque
1800 5455 2093 5547 adspecu-

2200 5455 2304 5522 νειν
2337 5464 2634 5543 ἆπιχειρών
2692 5466 2811 5524 νοῦς
2859 5460 2932 5522 εἷς
3001 5459 3218 5538 θεωρίαν
3269 5464 3361 5515 τοῦ
3387 5456 3636 5547 τοιούτου
3659 5455 3844 5547 πυρὸς,

469 5552 708 5614 landum
740 5552 906 5615 hunc,
930 5541 1128 5633 ignem
1160 5541 1520 5635 aggreditur,
1555 5541 1689 5619 curn
1718 5555 1778 5616 in
1802 5541 2093 5636 illo,'qu01

2200 5553 2326 5613 ὅταν
2356 5541 2478 5629 μὲνζ
2536 5552 2608 5614 εἷς
2646 5551 2708 5607 τὸ
2761 5547 2999 5629 ἄναρχον
3027 5549 3115 5605 καὶ
3178 5545 3530 5636 ἀτελεύτητον
3586 5541 3850 5636 ἑξαπλού-

470 5659 663 5724 neque
692 5632 1009 5722 principio,
1045 5632 1389 5724 neque—ﬁne
1422 5646 1540 5709 ullo
1583 5632 2093 5707 circumscribitur

2203 5665 2386 5721 μενος,
2444 5642 2538 5697 οὒκ
2589 5636 2730 5719 ἔχει,
2780 5638 2901 5695 ὅποι
2972 5644 3099 5715 στῇ,
3161 5638 3249 5694 καὶ
3299 5635 3626 5714 ἀπερείσεται
3694 5632 3849 5711 ἀόρι-
