4178 6286
362 302 471 368 2'21

1451 312 1547 373 DE
1590 309 2097 374 PROCESSIONE
2141 305 2203 371 S.
2252 310 2622 373 SPIRITUS.

3631 270 3747 368 κιρ

362 464 484 500 στον
539 442 738 518 μονάδα
808 445 869 502 τὸ
909 451 1011 502 πᾶν
1053 445 1229 503 ἐκεῖνο
1297 450 1394 512 τῆς
1452 445 1625 510 οὖσίας
1692 446 1998 527 φαντάζεται

2088 446 2262 526 longe
2298 446 2531 529 lateque
2557 457 2814 527 vagatus,
2847 468 2963 510 non
3015 448 3261 530 reperit,
3297 446 3397 508 ubi
3429 445 3733 514 subsistat,

361 530 591 610 πέλαγος
641 550 654 563 ·
701 534 791 590 καὶ
821 532 929 591 ἔστι
985 556 1046 614 γε
1089 535 1252 611 μονὰς
1301 536 1542 613 ἀόρνστος
1587 533 1824 607 ἀληθῶς,
1870 538 2006 612 μήτε

362 623 523 679 ποθὲν
551 622 853 702 ἀργομένη,
898 625 1035 699 μήτε
1092 628 1192 681 ποῖ
1247 622 1483 701 λήγουσα
1517 640 1530 654 ⁶
1593 622 1717 682 ὅταν
1774 622 1827 680 δὲ
1873 626 2009 681 κατὰ

362 711 535 768 πίστιν
592 709 929 776 ὰνεξέταστόν
997 734 1056 769 τε
1100 714 1188 769 καὶ
1257 710 1651 787 ἀναπόδεικτον,
1715 713 1839 770 ποία
1909 715 2008 792 γὰρ

364 799 426 856 ἂν
480 798 574 867 εἴη
629 803 686 857 ἒν
740 815 860 865 τοῖς
912 801 1041 882 ὑπὲρ
1096 802 1245 882 φύσιν
1320 799 1629 882 ἀπόδειξις;
1689 804 1762 867 εἰς
1820 801 2010 881 Τριάδα

362 889 661 963 προσώπων
747 889 942 948 διελεῖν
1025 892 1237 970 ὁρμήσῃ
1294 897 1392 958 τὴν
1463 892 1712 958 τοιαύτην
1784 890 2004 966 μονάδα,

362 976 486 1042 ὅλος
544 980 642 1047 τῆς
698 977 814 1037 κατ’
857 981 1088 1038 ἒπίνοιαν
1146 982 1342 1059 γίνεται
1382 977 1707 1058 διαιρέσεως,
1738 987 1843 1037 πᾶν
1873 982 2006 1047 νόη-

364 1090 439 1142 μα
494 1067 795 1143 οὖσιώδους,
867 1072 955 1127 καὶ
1026 1073 1403 1149 πραγματικῆς
1480 1066 1778 1146 διαιρέσεως
1850 1070 2006 1126 ἀπω-

359 1150 632 1239 θούμενος,
690 1159 779 1215 καὶ
860 1158 1043 1216 τούτου
1099 1157 1250 1221 ὄντος
1316 1180 1376 1236 γε
1460 1157 1884 1237 ὁμολογουμένου
1953 1160 2007 1215 ἐν

358 1247 492 1323 αὒτῇ
548 1253 618 1324 τῇ
670 1247 789 1305 κατ’
850 1248 1082 1305 ἐπίνοιαν
1150 1250 1427 1324 θαυμαστῇ
1474 1245 1742 1326 διαιρέσει,
1776 1253 1890 1310 πῶς
1945 1246 2005 1303 ἂν

363 1335 454 1403 εἴη
496 1337 642 1416 τριὰς
685 1339 720 1405 ἡ
764 1338 945 1417 Τριὰς,
992 1338 1035 1393 εἰ
1066 1339 1142 1412 μὴ
1173 1338 1233 1394 τὸ
1272 1336 1433 1411 μέσον
1463 1334 1554 1403 εἴη
1595 1336 1649 1392 ἐν
1673 1338 1804 1413 αὒτῇ
1837 1357 1852 1417 ς
1914 1327 2000 1399 Ὠς

360 1426 458 1504 γὰρ
514 1428 601 1483 καὶ
645 1428 1067 1507 προειρήκαμεν,
1156 1427 1199 1481 εἰ
1277 1425 1355 1501 μὴ
1440 1424 1549 1481 ἐστι
1621 1424 1803 1501 μέσον.
1889 1425 2002 1485 οὐδὲ

360 1515 539 1592 Τριὰς,
595 1517 683 1572 καὶ
720 1518 763 1571 εἱ
807 1515 883 1591 μὴ
939 1514 1049 1571 ἐστι
1094 1512 1278 1589 μέσον,
1337 1535 1483 1592 ταχα
1539 1512 1600 1569 ἂν
1631 1515 1868 1591 ἂναζήσῃ
1900 1522 2002 1571 Σα-

356 1601 588 1671 ϐέλλιος,
619 1607 706 1662 καὶ
735 1607 770 1673 ἡ
798 1611 889 1661 τοῦ
920 1601 1207 1661 Σαϐελλίου
1236 1601 1553 1683 συναλοιφή.

2091 544 2191 598 aut
2246 536 2573 613 accumbat,
2629 538 2912 600 unitatem
2973 536 3111 600 ullis
3173 534 3444 599 terminis
3473 533 3736 596 circum-

2091 621 2742 703 scriptam,universum
2775 624 2917 686 illud
2949 624 3223 688 essentia;
3253 623 3495 705 pelagus
3526 638 3740 699 cogno-

2091 711 2203 772 scit
2228 731 2242 771 :
2270 721 2327 773 et
2347 721 2436 774 est
2457 732 2592 775 vere
2614 714 2810 775 unitas
2830 714 3233 789 interminata,
3251 731 3444 794 neque
3464 708 3740 772 alicunde

2093 800 2448 882 principium
2468 822 3026 885 agnoscens,neque
3048 803 3177 865 loco
3201 803 3260 864 in
3283 802 3478 881 aliquo
3495 798 3734 860 ﬁniens:

2093 889 2196 950 sed
2221 909 2354 953 cum
2382 892 2496 953 ﬁde
2521 893 2683 954 omni
2714 893 2985 955 examine
3036 902 3094 957 et
3115 889 3623 955 demonstratione
3640 905 3736 948 su-

2092 981 2514 1062 periore.(quae
2530 983 2686 1044 enim
2710 984 2768 1045 in
2795 984 2890 1064 iis,
2924 1004 3055 1065 quae
3078 1002 3260 1065 supra
3288 990 3552 1043 naturam
3573 985 3734 1054 sunt,

2091 1069 2516 1133 demonstratio
2575 1091 2705 1134 esse
2765 1074 3055 1154 poterit?)
3105 1075 3255 1135 hanc
3306 1069 3619 1132 monadem
3672 1067 3730 1128 in

2088 1159 2363 1220 Triadem
2385 1160 2652 1223 dividere
2674 1163 3006 1237 tentaverit,
3042 1171 3198 1224 totus
3228 1163 3289 1222 in
3320 1159 3611 1222 divisione
3630 1174 3736 1236 per

2087 1247 2450 1310 intellectum
2489 1250 2817 1330 excogitata
2852 1252 3179 1328 tit,omnem
3212 1246 3568 1321 essentialis,
3593 1264 3731 1307 rea-
3808 1292 3811 1295 ι

2087 1336 2277 1417 lisque
2309 1338 2617 1403 divisionis
2668 1340 3086 1420 cogitationem
3148 1339 3451 1421 expellens
3490 1358 3500 1396 :
3538 1346 3595 1397 et
3623 1335 3734 1397 hoc

2086 1444 2217 1487 cum
2261 1428 2387 1506 jam
2435 1428 2497 1489 in
2555 1429 2842 1490 confessis
2870 1430 2966 1503 sit,
3001 1430 3059 1490 in
3090 1430 3199 1491 hac
3231 1446 3336 1510 per
3364 1426 3729 1489 intellectum

2088 1523 2415 1595 pertentata
2437 1517 2771 1580 admirabili
2807 1519 3118 1594 divisione,
3153 1515 3452 1599 quomodo
3474 1513 3732 1575 Trinitas

2085 1604 2317 1667 trinitas
2336 1606 2660 1682 fuerit,nisi
2678 1618 2836 1671 esset
2856 1609 2917 1669 in
2940 1608 3066 1688 ipsa
3091 1607 3352 1669 medium
3370 1612 3398 1668 ‘?
3427 1603 3730 1676 Quemad-

360 1692 601 1754 modum
635 1698 793 1754 enim
824 1700 997 1756 antea
1024 1692 1301 1764 diximus,
1333 1691 1383 1753 si
1417 1691 1679 1753 medium
1709 1711 1823 1752 non
1857 1701 1966 1768 est,
1998 1712 2189 1774 neque
2218 1693 2476 1757 Trinitas
2513 1695 2627 1758 erit
2654 1716 2667 1756 :
2707 1704 2763 1758 et
2791 1697 2841 1757 si
2873 1697 3137 1759 medium
3199 1715 3316 1757 non
3370 1693 3572 1766 fuerit,
3598 1691 3723 1754 for-

362 1791 515 1846 tasse
541 1780 854 1855 Sabellius,
890 1780 1249 1862 Sabelliique
1282 1785 1606 1845 contractio
1627 1781 1956 1844 reviviscet.

438 1864 543 1946 ς’.
578 1874 636 1929 Εἰ
677 1870 732 1927 δὲ
775 1873 836 1928 σὺ
891 1874 990 1940 τὴν
1047 1870 1164 1929 κατ’
1219 1872 1449 1928 ἐπίνοιαν
1493 1871 1698 1928 ἀκούων
1728 1870 1994 1951 διαίρεσιν,

2160 1872 2219 1940 6ο
2253 1871 2422 1945 Quod
2452 1874 2502 1935 si
2543 1883 2605 1935 tu
2657 1873 2961 1936 intellectu
2994 1875 3199 1937 factam
3233 1871 3583 1936 divisionem
3613 1888 3723 1932 au-

359 1964 417 2020 οὐ
458 1962 680 2042 φυσικὴν
735 1963 823 2018 καὶ
906 1959 1132 2029 οὒσιώδη
1216 1961 1314 2028 τὴν
1371 1972 1461 2020 τοῦ
1531 1962 1894 2036 μεσιτεύὸντος
1948 1961 2002 2017 ἐν

357 2058 426 2128 τῇ
500 2049 619 2108 κατ’
702 2050 954 2121 ἐπίνοιαν,
1042 2049 1285 2129 διαιρέσει
1369 2050 1653 2129 προσώπου
1738 2050 2001 2125 μεσιτεῖαν

363 2139 605 2222 δέχεσθαι
669 2139 860 2221 θέλεις,
933 2138 1071 2197 ἀλλὰ
1146 2138 1317 2219 λέγεις
1400 2141 1500 2219 ὡς,
1577 2138 1690 2195 ἐπεὶ
1757 2136 1999 2217 διαίρεσίς

363 2230 470 2288 ἔστι
492 2228 608 2287 κατ’
681 2229 937 2303 ἐπίνοιαν,
997 2230 1085 2286 καὶ
1126 2234 1160 2297 ἡ
1218 2229 1455 2305 μεσιτεία
1523 2227 1709 2285 λοιπὸν
1755 2228 1808 2284 ἐν
1866 2227 1998 2305 ψιλῇ

368 2321 502 2397 μόνῃ
557 2320 664 2376 ἐστὶ
733 2325 908 2400 φωνῇ,
986 2318 1124 2375 ἀλλὰ
1180 2317 1385 2385 πολλῆς
1444 2317 1552 2375 ἴσθι
1608 2317 1790 2395 γέμειν
1845 2328 1999 2377 τοῦτο

358 2409 451 2476 τῆς
509 2408 742 2481 πλάνῆς,
813 2410 901 2465 καὶ
998 2408 1055 2465 οὔ
1147 2408 1208 2464 τὸ
1277 2409 1440 2487 τυχὸν
1496 2405 1830 2482 λυμαίνεσθαι
1898 2409 1997 2474 τὴν

359 2494 641 2556 εὐσέϐειαν.
690 2499 749 2555 Εἰ
796 2498 896 2576 γὰρ
958 2495 1039 2554 διὰ
1107 2498 1204 2565 τὴν
1268 2496 1386 2553 κατ’
1444 2495 1674 2553 ἐπίνοιαν
1725 2493 1991 2570 διαίρεσιν,

355 2588 443 2645 καὶ
482 2588 580 2654 τὴν
662 2586 716 2642 ἐν
759 2599 876 2651 τοϊς
932 2583 1306 2665 διαιρουμένοις
1377 2585 1676 2665 προσώποις
1707 2584 1996 2661 ,μεσιτείαν

360 2679 413 2733 ἒν
482 2674 617 2752 ψιλῇ
678 2676 815 2753 μόνῃ
871 2680 1020 2755 φωνῇ
1061 2673 1244 2743 διανοῆ
1294 2676 1379 2731 καὶ
1436 2674 1694 2754 φαντάζῃ,
1728 2675 1786 2731 τὸ
1827 2675 1994 2754 κειρά-

358 2764 508 2823 λαιον
563 2764 843 2844 οἰχήσεταί
919 2785 1002 2820 σοι
1072 2769 1169 2831 τῆς
1253 2760 1537 2835 εὐσεϐείας,
1618 2765 1705 2820 καὶ
1761 2764 1796 2831 ἡ
1844 2764 2001 2841 Τριὰς

358 2854 531 2913 οὒκέτι
586 2854 883 2933 προσώπων
966 2853 1209 2912 ἑνουσίων
1277 2855 1366 2909 καὶ
1438 2852 1801 2909 ἐνυποστάτων
1855 2851 2001 2908 ἔσται

362 2945 541 3023 Τριὰς,
618 2943 821 3015 ἐπινοίᾳ
889 2941 943 2999 δὲ
1011 2945 1098 2999 καὶ
1174 2941 1307 3018 ψιλῆ
1351 2942 1489 3018 μόνη
1549 2943 1800 3022 φωνῇ”ἶτὸ
1857 2942 1999 2998 εἶναι

368 3033 625 3112 ἐχόντων.
685 3031 853 3089 Ἀλλὰ
935 3045 1092 3097 ποῖος
1174 3030 1303 3104 ᾅδης
1367 3033 1618 3098 τοιαύτην
1667 3030 1999 3109 ἀπερεύξεται

364 3102 746 3201 βίασφημίαν;
802 3123 861 3179 Εἰ
916 3122 1015 3200 γὰρ
1083 3102 1195 3178 καὶ.
1230 3123 1264 3188 ἡ
1329 3128 1433 3177 τῶν
1476 3102 1782 3200 εἶρημένων
1832 3142 1998 3199 προς-

2085 1955 2279 2043 diens,
2317 1965 2648 2026 naturalem
2681 1974 2740 2026 et
2767 1965 3146 2026 essentialem
3179 1980 3471 2046 personae,
3507 1977 3636 2041 qua;
3664 1959 3724 2019 in

2083 2049 2373 2114 divisione
2407 2054 2737 2114 secundum
2757 2054 3122 2116 intellectum
3153 2053 3349 2115 media
3376 2058 3485 2126 est,
3507 2046 3727 2110 media-

2084 2139 2305 2201 tionem
2324 2141 2639 2204 admittere
2656 2143 2991 2224 renuis,sed
3015 2141 3491 2221 contendis,oum
3515 2136 3722 2200 divisio

2082 2230 2566 2308 perintellectum
2591 2232 3105 2307 tit,mediationem
3121 2249 3356 2314 quoque
3373 2247 3504 2291 esse
3530 2229 3586 2289 in
3603 2226 3726 2287 sola

2084 2320 2236 2379 nuda
2272 2339 2437 2403 voce,
2488 2322 2636 2383 scito
2690 2323 2804 2384 hoc
2849 2322 3021 2403 plane
3052 2322 3308 2384 maxime
3340 2316 3721 2381 temerarium

2081 2425 2235 2481 esse,
2270 2410 2611 2493 errorisque
2644 2411 2908 2490 plenum,
2963 2430 3073 2473 nec
3114 2418 3412 2489 utcunque
3443 2407 3720 2487 pietatem

2079 2497 2658 2562 vulnerare.Etenim
2672 2499 2721 2560 si
2747 2508 2987 2581 propter
3005 2499 3337 2561 secundum
3359 2496 3720 2557 intellectum

2081 2585 2452 2664 divisionem,
2483 2597 2543 2649 et
2573 2589 2632 2650 in
2665 2589 2870 2650 divisis
2913 2595 3180 2667 personis
3212 2585 3630 2648 mediationem
3659 2583 3720 2644 in

2080 2676 2238 2736 nuda
2260 2678 2383 2738 sola
2412 2697 2555 2741 voce
2586 2678 2967 2757 intelligis,ac
2987 2675 3725 2750 comminisceris,summa

2086 2764 2190 2825 tibi
2214 2764 2445 2845 pietatis
2470 2768 2984 2848 periclitabitur,et
3012 2768 3271 2830 Trinitas
3300 2784 3417 2828 non
3448 2764 3560 2826 erit
3592 2782 3723 2845 per-

2084 2874 2359 2919 sonarum
2395 2861 2652 2920 essentia
2679 2869 2737 2922 et
2759 2859 3053 2941 hypostasi
3072 2858 3518 2920 subsistentium
3541 2855 3719 2917 trini-

2085 2946 2302 3021 tas,sed
2327 2948 2682 3027 cogitatione
2713 2949 3142 3021 tantummodo,
3166 2956 3224 3009 et
3247 2946 3408 3007 nuda
3428 2947 3554 3005 sola
3575 2962 3721 3005 voce

2084 3035 2513 3098 exsistentium.
2545 3041 2621 3098 At
2651 3037 2922 3118 quisnam
2946 3055 3119 3098 orcus
3144 3035 3398 3097 similem
3436 3032 3717 3112 blasphe-

2084 3123 2260 3185 miam
2294 3126 2585 3187 eructabit
2605 3128 2630 3184 ‘!
2652 3127 2815 3188 Licet
2836 3126 2995 3187 enim
3016 3127 3309 3188 dicturum
3335 3139 3716 3200 personarum

358 3210 519 3267 ώπων
576 3209 822 3289 διαίρεσις
865 3207 981 3265 κατ’
1040 3209 1270 3266 ἐπίνοιαν
1326 3210 1435 3266 ἐστι
1493 3231 1550 3265 τε
1603 3210 1691 3266 καὶ
1761 3207 1990 3288 λέγεται,

2086 3212 2289 3274 divisio
2324 3216 2654 3276 secundum
2687 3215 3049 3277 intellectum
3083 3213 3179 3286 sit,
3210 3220 3269 3274 et
3293 3218 3611 3285 asseratur,
3629 3217 3722 3271 est

360 3297 496 3355 ἀλλὰ
578 3319 639 3378 γε
696 3298 867 3355 αύτῶν
950 3296 1169 3355 ἕκαστον
1250 3299 1533 3377 πρόσωπόν
1603 3298 1741 3356 ἐστιν
1784 3297 1994 3364 ἀληθῶς

2086 3312 2272 3364 tamen
2306 3323 2670 3384 unaquaeque
2727 3322 2927 3366 earum
2973 3321 3230 3383 persona
3260 3319 3422 3376 vero,
3459 3296 3722 3360 essentia

355 3388 585 3446 ἐνούσιον
638 3388 727 3444 καὶ
768 3386 1143 3468 ένυπόστατον,
1215 3389 1303 3448 καὶ
1375 3389 1479 3468 οὔχ
1535 3387 1615 3444 ὅτι
1661 3390 1695 3456 ἡ
1751 3386 1994 3466 διαίρεσις

2086 3399 2136 3453 et
2166 3392 2463 3472 hypOSlasi
2489 3393 2844 3456 subsistens.
2863 3391 2930 3454 Et
2949 3412 3067 3453 non
3088 3393 3245 3473 quod
3265 3389 3473 3451 divisio
3506 3403 3725 3448 secun-

352 3476 471 3535 κατ’
544 3476 799 3548 ἐπίνοιαν,
878 3475 982 3545 ἢδη
1058 3479 1147 3533 καὶ
1227 3481 1263 3547 ἡ
1346 3479 1544 3535 τούτων
1610 3475 1821 3555 ὕπαρξις
1879 3475 1994 3533 κατ’

351 3566 610 3629 ἐπίνοιαν.
697 3567 796 3626 Καὶ
891 3565 975 3623 διὰ
1044 3567 1209 3624 ταῦτα
1276 3570 1309 3636 ἡ
1384 3576 1474 3626 τοῦ
1558 3571 1679 3626 Υἱοῦ
1759 3566 1997 3643 μεσιτεία

349 3657 544 3737 φυσικὴ
618 3656 707 3713 καὶ
787 3654 1043 3724 οὒσιώδης
1109 3655 1216 3714 ἐστὶ
1300 3659 1459 3734 μέσον
1532 3659 1734 3735 Πατρὸς
1786 3677 1843 3712 τε
1907 3650 1997 3715 κειιἰ

348 3745 517 3820 Πνεύμ
528 3767 652 3808 ατος
661 3789 675 3803 .

432 3825 503 3906 ζ’.
576 3834 802 3898 Τούτους
856 3834 965 3913 ἐγω
1006 3835 1100 3903 τῆς
1159 3838 1424 3911 μεσιτείας
1494 3833 1676 3911 δίδωμί
1732 3859 1814 3894 σοι
1872 3838 1990 3901 τοὺς

353 3922 563 4004 λόγους,
622 3924 821 3990 ταύτης
876 3924 1142 4002 ἐξηγητὴν
1197 3925 1353 3983 αὒτδν
1428 3924 1630 3982 ἐκεῖνον
1687 3928 1779 3983 τὸν
1839 3928 1989 4005 εἰρη-

352 4013 478 4070 κότα
553 4012 761 4090 Πατέρα
824 4012 1093 4090 εὑρίσκων,
1170 4015 1406 4092 Εἶρηκὼς
1480 4015 1579 4094 γὰρ
1622 4014 1871 4094 πρότερον
1927 4017 1989 4072 τὸ

360 4125 387 4158 α
442 4100 523 4162 διὰ
578 4108 672 4159 τοῦ
735 4108 1040 4182 προσεχῶς,
1088 4122 1119 4161 ι
1212 4101 1347 4160 οὕτω
1427 4105 1489 4161 τὸ
1547 4108 1645 4171 τῆς
1727 4106 1990 4179 μεσιτείας

350 4190 622 4270 ἐπήγαγεν
692 4188 882 4267 ὄνομα,
956 4188 1155 4255 δεικνὺς
1241 4192 1470 4251 ἐντεῦθεν
1527 4193 1598 4255 ὡς
1657 4192 1829 4250 αἴτιον
1902 4200 1992 4249 τοῦ

2080 3478 2219 3539 dum
2282 3481 2649 3543 intellectum
2709 3490 2818 3558 est,
2875 3500 3077 3542 earum
3109 3498 3345 3562 quoque
3376 3477 3719 3539 exsistentia

2081 3569 2409 3632 secundum
2464 3570 2828 3634 intellectum
2899 3570 3032 3632 erit.
3088 3572 3526 3649 l’rOptereaque
3588 3564 3721 3628 Filii

2086 3659 2219 3718 med
2248 3658 2363 3720 alio
2409 3662 2691 3723 naturalis
2741 3669 2798 3722 et
2818 3659 3151 3723 essentialis
3183 3666 3272 3720 est
3299 3657 3456 3718 inter
3480 3659 3715 3719 Patrem

2076 3757 2132 3809 et
2163 3746 2470 3827 Spiritum.

2153 3838 2188 3899 7
2247 3840 2365 3899 Hos
2380 3856 2490 3918 ego
2508 3838 3006 3900 tibimediationis
3028 3838 3192 3901 trado
3217 3834 3724 3917 sermones,illius

2072 3925 2458 4008 interpretem
2512 3929 2678 3990 illum
2713 3927 2906 4008 ipsum
2943 3930 3197 4000 i‘atrem,
3231 3927 3330 4008 qui
3370 3924 3716 3999 tradiderat,

2076 4028 2306 4080 nactus.
2342 4015 2608 4098 Namque
2640 4036 2775 4078 cum
2813 4017 2975 4097 prius
3028 4016 3274 4078 dixisset
3310 4036 3322 4074 :
3357 4040 3379 4071 ιι
3413 4017 3528 4078 Per
3556 4030 3714 4082 eum,

2076 4106 2175 4186 qui
2202 4106 2582 4168 continenter
2614 4115 2723 4179 est,
2767 4130 2789 4160 ››
2853 4104 3051 4166 statim
3093 4104 3471 4166 mediationis
3501 4119 3717 4163 nomen

2074 4196 2511 4275 adjunxit,inde
2541 4202 3039 4272 commonstrans,
3069 4189 3721 4257 mediationisnominis

346 4280 439 4349 τῆς
486 4281 755 4356 μεσιτείας
810 4279 1067 4356 ὀνόματος
1126 4278 1266 4338 τοῦτ’
1312 4282 1438 4338 αὐτὸ
1495 4282 1561 4349 ἦν
1619 4284 1679 4338 τὸ
1748 4280 1830 4343 διὰ
1900 4291 1990 4341 τοῦ

2086 4273 2305 4347 :ausam
2340 4304 2473 4347 esse
2506 4286 2618 4345 hoc
2649 4281 2998 4365 ipsum,Per
3024 4282 3238 4343 Filium
3274 4301 3342 4343 ex
3377 4283 3551 4343 Patre
3582 4275 3719 4358 Spi—

347 4370 469 4427 Υἱοῦ
526 4368 586 4424 ἐκ
646 4375 740 4425 τοῦ
806 4371 1009 4449 Πατρὸς
1075 4370 1216 4427 εἶναι
1272 4372 1333 4428 τὸ
1416 4377 1648 4446 Πνεῦμα,
1735 4373 1808 4427 Σὺ
1862 4380 1986 4451 γοῦν

2086 4373 2248 4435 “itum
2276 4392 2427 4436 esse.
2455 4372 2543 4435 Tu
2567 4392 2705 4452 ergo
2732 4391 2805 4433 ne
2829 4371 2977 4431 solis
2998 4369 3240 4431 vocibus
3267 4369 3558 4431 malitiose
3579 4367 3719 4427 insi-

346 4459 426 4534 μὴ
454 4457 639 4533 μόναις
700 4458 825 4522 ταῖς
883 4458 1051 4526 λέξεσι
1093 4461 1399 4540 πανούργως
1443 4460 1829 4532 ἐπικαθήμενος
1913 4463 1985 4523 εἷς

2086 4463 2430 4545 stens,quasi
2461 4474 2579 4524 tres
2612 4469 2851 4524 naturas
2882 4459 3172 4521 inferrent
3194 4459 3352 4521 dicta
3373 4456 3716 4531 criminare,

346 4544 538 4627 Τριᾶδα
601 4547 806 4626 φῦσεων
860 4549 926 4606 τὰ
1010 4548 1260 4629 εἰρημένα
1317 4547 1587 4628 διάϐαλλε,
1649 4551 1783 4625 μηδὲ
1829 4573 1993 4633 φύσι-

2086 4570 2273 4626 neque
2301 4571 2335 4613 a
2367 4561 2573 4614 natura
2603 4549 2799 4633 petitis
2856 4548 3207 4621 rationibus,
3249 4565 3379 4629 qua;
3402 4564 3579 4627 supra
3607 4564 3718 4605 na-

345 4649 466 4699 κοϊς
523 4634 703 4714 λόγοις
761 4638 829 4694 τὰ
880 4636 1008 4717 ὒπὲρ
1060 4628 1223 4717 φύσιν
1295 4636 1412 4695 θέλε
1474 4652 1755 4696 κατανοεῖν
1844 4628 1994 4721 ᾖΑλλῗ

2086 4650 2267 4702 turam
2302 4628 2783 4721 sunt,percipere
2802 4636 3240 4720 prmsume.Sed
3272 4628 3490 4716 gnarus
3522 4634 3720 4696 omni-

344 4723 494 4791 εἰδὼς
555 4724 831 4804 ἀνέφικτον
901 4727 1043 4783 εἶναι
1116 4728 1272 4784 παντὶ
1314 4731 1661 4799 κατανοῆσαι,
1723 4733 1837 4791 πῶς
1909 4718 1993 4783 καιὶ

2086 4729 2187 4791 bus
2219 4718 2950 4811 incomprehensum'esse
2983 4727 3470 4807 coguitionc,qua
3491 4727 3720 4785 ratione

342 4815 457 4894 τρία
514 4816 603 4871 καὶ
668 4813 722 4869 ἕν
791 4816 835 4869 ὡ
891 4815 1077 4883 θεότης
1149 4816 1281 4889 ἐστὶ,
1340 4818 1427 4873 καὶ
1491 4818 1581 4873 τὸν
1635 4822 1732 4883 τῆς
1777 4814 1992 4895 Τριάδος

2086 4818 2276 4881 Deitas
2295 4828 2353 4881 et
2375 4839 2552 4881 unum
2579 4827 2636 4880 et
2676 4818 2787 4879 tria
2816 4825 2972 4890 sunt,
3009 4825 3067 4878 et
3095 4815 3398 4879 Trinitatis
3429 4814 3717 4877 rationem

341 4901 565 4991 ιρύλαττε
621 4900 804 4982 λόγον,
851 4905 977 4960 καθὸ
1035 4906 1190 4984 Τριὰς
1241 4908 1268 4961 ὁ
1317 4907 1465 4979 Θεὸς,
1530 4902 1697 4980 μηδεν
1726 4903 1989 4962 ὑποστελ-

2086 4927 2380 4987 conserva,
2414 4929 2528 4991 qua
2558 4908 2713 4970 Deus
2743 4906 3006 4969 Trinitas
3037 4915 3147 4981 est,
3183 4926 3298 4968 non
3328 4907 3627 4985 refugiens
3658 4903 3718 4964 in

341 4989 561 5068 λόμενος
591 4994 653 5049 τὸ
715 4992 874 5066 μέςον
933 4992 1104 5073 λέγειν
1154 4998 1210 5051 ἓν
1239 5002 1307 5072 τῇ
1349 4993 1547 5074 Τριάδι,
1605 4998 1692 5052 καὶ
1747 4996 1839 5052 τὸν
1894 5001 1991 5063 τῆς

2086 4998 2362 5061 l'rinilate
2421 4989 2682 5061 medium
2741 4996 2970 5069 dicere,
3027 5004 3083 5057 et
3122 4995 3359 5058 unitatis
3386 4994 3714 5058 ﬁnitionem

346 5079 561 5169 μονάδος
624 5082 837 5169 πίστευε
910 5081 1055 5162 ὅρον,
1128 5086 1259 5141 καθὸ
1345 5086 1507 5160 μονὰς
1556 5084 1694 5142 ἐστιν
1751 5089 1779 5142 ὁ
1835 5087 1985 5156 Θεὸς,

2086 5095 2421 5169 ieneto,qua
2444 5088 2635 5150 unitas
2650 5086 2809 5149 Deus
2840 5094 2949 5159 est,
2971 5084 3133 5146 nullo
3168 5084 3343 5146 modo
3364 5086 3621 5160 audens,
3658 5085 3717 5145 in

346 5167 585 5243 μηδόλως
642 5168 963 5245 ἂποτολμῶν
1012 5174 1074 5228 τὸ
1130 5171 1288 5246 μέσον
1339 5171 1512 5251 λέγειν
1556 5174 1607 5230 ἐν
1663 5175 1731 5241 τῆ
1785 5173 1986 5251 Τριάὸι.

2086 5177 2297 5238 unitate
2326 5167 2593 5240 medium
2627 5173 3112 5255 interponere.Et
3133 5175 3219 5236 sic
3246 5193 3363 5237 non
3387 5174 3719 5250 vocibus,ut

347 5265 387 5315 Κ
421 5258 436 5279 \
538 5259 562 5280 ν
764 5260 779 5279 \
1350 5263 1362 5282 Ω
1466 5260 1489 5281 Ἰ
1828 5264 1841 5286 Ι

347 5342 360 5348 Α
390 5279 439 5314 αι
508 5282 642 5317 ουτω
715 5283 793 5337 μη
849 5272 1000 5348 ,ταῖς
1056 5259 1276 5342 λέξεσιν,
1337 5283 1410 5326 ως
1466 5285 1618 5343 εφην,
1682 5285 1986 5343 πανουργως

2086 5264 2213 5346 lixi,
2236 5265 2546 5348 insistens,
2583 5266 2692 5326 sed
2723 5264 2782 5325 in
2816 5263 3141 5325 sententias
3170 5264 3497 5327 dictionum
3529 5284 3715 5345 pene-

343 5342 748 5426 ἐπικαθήμενος,
810 5347 946 5406 ἀλλὰ
1031 5350 1157 5413 ταῖς
1228 5349 1448 5414 ἐννοίαις
1503 5353 1606 5407 τῶν
1648 5350 1836 5416 λέξεων
1880 5353 1981 5427 ἐμ-

2092 5342 2251 5435 rans,
2304 5342 2544 5435 capies,
2589 5372 2706 5415 non
2753 5360 3067 5433 propterea
3093 5354 3248 5433 quod
3286 5342 3632 5416 naturali—ter
3662 5363 3718 5415 et

342 5437 594 5509 καθύνωι,
633 5437 834 5516 γνῶναι
890 5438 1040 5518 ἔχεις
1081 5440 1152 5504 ὡς
1204 5437 1326 5518 οὐχὶ
1369 5437 1452 5495 διὰ
1522 5442 1583 5497 τὸ
1639 5444 1867 5521 φυσικῶς
1897 5444 1983 5497 καὶ

2086 5443 2468 5504 ;·δεθηιίειιίιθι·
2493 5441 2681 5505 Filius
2704 5440 2925 5503 mediat
2942 5440 3004 5501 in
3026 5440 3285 5521 Spiritus
3308 5461 3376 5503 ex
3398 5442 3568 5505 Patre
3588 5461 3719 5524 pro-

336 5520 592 5590 οὗσιωδῶς
654 5527 950 5602 μεσιτεύειν
1010 5528 1101 5583 τὸν
1173 5529 1290 5585 Υἰὸν
1351 5535 1420 5605 τῇ
1492 5528 1552 5584 ἐκ
1632 5520 1722 5586 τοῦ
1779 5532 1980 5608 Πατρὸς

2086 5530 2362 5612 :essione,
2400 5540 2666 5592 naturam
2700 5529 2961 5592 divinam
3003 5520 3206 5609 dividi,
3243 5530 3346 5591 sed
3378 5531 3535 5611 quod
3566 5520 3714 5593 con-

337 5607 630 5695 ἒκπορεύσει
672 5621 766 5673 τοῦ
839 5617 1164 5692 Πνεῦματος,
1227 5616 1258 5686 ἣ
1324 5617 1435 5673 θεία
1491 5617 1642 5698 φύσις
1702 5607 1975 5697 διῄρησαι,

2092 5607 2358 5698 ungatur"
2377 5618 2633 5702 Spiritus
2664 5616 3064 5682 essentialiter
3093 5607 3253 5682 Patri
3274 5637 3380 5699 per
3397 5607 3634 5698 Filium,
3652 5621 3711 5682 in
