4220 6292
468 329 591 402 223
1538 348 1748 411 JOAN.
1799 346 2018 410 VECCI
2066 342 2092 403 Ε

2176 388 2178 396 .
2237 343 2751 411 PATRIARCHE
3717 341 3833 406 224

468 474 750 540 unitatem
777 481 1053 544 essentiaa
1072 482 1349 545 Triadem
1372 482 1638 563 cogi.His
1651 482 1725 544 de
1751 481 2092 544 mediationt

2194 473 2328 533 ἀλλὰ
2397 477 2481 535 διὰ
2534 481 2596 536 τὸ
2653 482 2999 540 συνάπτεσθαι
3055 484 3117 539 τὸ
3173 488 3385 556 Πνεῦμα
3435 478 3696 544 οὑσιωδῶς
3752 475 3837 533 διὰ

467 566 858 665 ecposilis,ad
886 570 1060 634 aliam
1084 571 1510 635 dubitationem
1532 579 1942 637 convertamus
1971 588 2111 633 ora-

467 663 715 721 tionem.

1068 852 1309 917 CAPUT
1354 852 1504 915 VIII.

465 947 767 1011 Adversus
788 969 909 1034 eos.
932 956 1038 1034 qui
1062 955 1332 1017 ordinem
1357 957 1421 1017 in
1447 955 1756 1017 Illrinitate
1774 961 2069 1034 respuunt
2092 974 2105 1014 :

501 1046 689 1106 neque
716 1050 827 1109 per
848 1032 1083 1096 Filium
1108 1038 1394 1099 exsistere
1409 1036 1713 1116 Spir-itum
1731 1032 2067 1115 acceptant.

544 1221 599 1283 1.
636 1220 746 1294 Qui
776 1226 1004 1288 ordinis
1062 1246 1277 1299 nomen
1314 1230 1373 1290 in
1406 1236 1607 1290 sancta
1638 1227 1927 1289 Trinitate
1966 1225 2106 1288 inﬁ-

460 1309 710 1383 ciantur,
759 1323 1121 1396 sanctorum,
1184 1326 1245 1378 ut
1276 1317 1964 1398 videturscriptionibus
1991 1317 2109 1377 mi-

462 1399 622 1460 nime
654 1404 921 1470 exerciti.
944 1424 1072 1484 qum
1103 1413 1155 1465 et
1189 1406 1451 1467 rrdinem
1486 1407 1600 1468 dici
1636 1417 1693 1469 et
1725 1407 2108 1486 modum,quo

458 1487 711 1574 dicatur,
748 1502 952 1571 aperte
984 1494 1318 1574 explanant.
1359 1497 1502 1558 illud
1538 1496 1966 1570 indignabundi
1997 1515 2107 1555 au-

459 1573 718 1656 diunt,et
747 1573 1090 1661 divisiones,
1128 1602 1257 1662 quae
1290 1585 1468 1646 nulla;
1499 1585 1727 1649 sunt.in
1763 1584 2107 1644 indivisibili

460 1674 666 1726 natura
696 1671 1059 1749 conﬁngunt.
1096 1671 1213 1732 Nos
1271 1692 1410 1734 vero
1441 1674 1713 1735 ordinem
1749 1672 1864 1734 dici
1899 1672 1974 1734 ab
2007 1672 2101 1752 iis,

461 1753 560 1832 qui
593 1774 689 1815 res
721 1756 1079 1837 theologicas
1114 1760 1284 1822 nobis
1316 1761 1706 1835 tradiderunt,
1741 1762 1957 1822 sanctis
1993 1760 2103 1821 Pa-

460 1842 674 1930 tribus,
707 1843 767 1904 in
820 1848 1010 1926 primo
1067 1858 1265 1910 nostro
1316 1851 1698 1929 Apologetico
1722 1850 1845 1930 jam
1882 1849 2101 1929 publici

452 1929 606 2009 juris
636 1931 810 2007 facto,
847 1946 1117 1998 accurate
1148 1938 1677 2000 constaliilivimus.
1702 1929 1932 1999 Modum
1965 1956 2102 1999 vero

460 2038 567 2109 qao
605 2021 653 2081 is
682 2026 1129 2106 asseratur,jam
1159 2027 1767 2109 exponamus.Verum
1802 2046 2105 2107 opponen-

456 2108 600 2170 tium
636 2111 798 2190 prius
840 2112 1207 2175 dubitatione
1241 2108 1564 2197 preposita,
1601 2135 1708 2177 nos
1742 2124 1944 2195 postea
1973 2136 2103 2197 qua).

454 2197 524 2258 ad
559 2199 690 2278 ejus
722 2201 1140 2264 refutationem
1178 2205 1417 2279 faciunt,
1464 2205 1522 2266 in
1553 2205 1815 2266 medium
1849 2206 2098 2267 afferre-

457 2287 947 2361 mus.Quomodo,
973 2292 1271 2373 inquiunt,
1300 2294 1446 2355 ordo
1479 2295 1536 2355 in
1569 2293 1785 2355 Triade
1817 2294 2099 2355 dicendas

457 2389 566 2447 est,
602 2376 824 2459 absque
856 2397 925 2440 eo
957 2383 1112 2461 quod
1146 2383 1205 2443 in
1235 2393 1353 2445 tres
1383 2383 1539 2445 Deos
1568 2383 1841 2444 divinitas
1866 2384 2096 2443 discer-

455 2467 670 2544 patur?

531 2553 588 2612 2.
618 2558 1010 2639 Atten’lc,qui
1034 2559 1461 2622 dubitationem
1485 2579 1682 2621 moves
1706 2567 2097 2640 etcognosces

455 2650 510 2702 te
542 2644 791 2706 maxime
822 2647 896 2707 ab
928 2647 1024 2727 iis,
1068 2668 1199 2728 qua:
1229 2649 1286 2709 in
1318 2649 1563 2710 dubium
1591 2651 2094 2719 xncas,aberrare.

453 2728 519 2793 Ol
541 2732 614 2793 do
639 2735 910 2814 equidem
938 2738 1422 2811 malediceretur,
1458 2740 1506 2799 si
1540 2738 1868 2810 indeﬁnite,
1894 2748 1948 2800 et
1981 2758 2096 2818 qua

453 2820 705 2901 quisque
738 2824 913 2885 vellet
941 2828 1258 2901 sententia,
1295 2847 1428 2889 eum
1457 2829 1644 2890 sancti
1671 2829 2088 2890 tradidissent:

452 2918 509 2969 at
538 2929 696 2972 nunc
723 2932 855 2974 cum
883 2914 967 2976 illi
997 2926 1197 2996 aperte
1233 2917 1467 2978 modum
1496 2917 2091 2996 praedetermiuariut.

452 3018 566 3074 quo
600 3020 818 3064 nomen
850 3004 1078 3066 ordinis
1126 3006 1642 3086 prmscripserunt,
1669 3015 1726 3067 et
1757 3010 1968 3067 modus
1994 3006 2089 3079 sit,

2193 571 2287 622 τοῦ
2341 570 2464 628 rio?)
2516 575 2591 643 τῷ
2649 568 2832 651 Πατρτ,
2894 573 2967 636 εἰς
3006 568 3204 647 μονάδα
3263 570 3439 633 οὐσίας
3506 566 3835 646 θεολογετται

2193 657 2227 722 ἡ
2313 657 2493 737 Τριάς.
2582 667 2807 717 Τοιαῦτα
2880 662 2997 741 περὶ
3068 665 3168 728 τῆς
3251 660 3521 736 μεσιτείας
3603 656 3836 719 εἰπόντες

2193 742 2277 825 ἔφ’
2320 745 2501 825 ὲτέραν
2530 747 2752 828 ἀπορίαν
2775 750 3115 829 τραπώμεθα,

2836 857 3061 910 ΚΕΦΑΛ
3105 840 3195 911 H'.

2195 952 2331 1030 Πρὸς
2390 1030 2424 1034 Α
2450 954 2568 1018 τούς
2663 956 2740 1029 μὴ
2822 953 3179 1034 ,δεχομήνους
3273 953 3417 1019 τάξιν
3503 951 3668 1030 λέγειν
3750 950 3835 1034 επὶ

2276 1030 2511 1113 Τριάδος,
2599 1034 2734 1108 μηδὲ
2815 1030 3083 1091 81"“1‘105
3161 1035 3421 1113 ὑπάρχειν
3489 1035 3549 1088 ὲκ
3634 1031 3834 1110 [πατρὸς

2274 1111 2596 1192 δεχομένους
2656 1117 2717 1172 τὸ
2775 1122 3010 1190 Πνευμα.

2274 1214 2346 1284 α’.
2405 1227 2465 1282 Οἱ
2517 1226 2579 1281 τὸ
2633 1231 2732 1293 τῆς
2814 1224 3010 1292 τάξεως
3097 1225 3183 1281 ἐπὶ
3250 1230 3349 1292 τῆς
3407 1224 3559 1302 ἀγίας
3620 1219 3834 1301 Τριάδος

2192 1311 2577 1390 ἀπαρνούμενοι
2648 1314 2837 1390 ὄνόμα,
2923 1328 3047 1378 ταῖς
3104 1321 3208 1370 τῶν
3281 1314 3467 1393 ἁγίων,
3510 1314 3583 1376 ὡς
3640 1310 3830 1388 ἔοικεν,

2192 1403 2285 1458 οὒκ
2339 1401 2647 1482 ἐντυχόντες
2707 1419 2958 1483 γραφαῖς,
3012 1402 3072 1459 αἵ
3127 1405 3215 1459 καὶ
3258 1401 3336 1459 ὅτι
3388 1401 3597 1478 λέγεται
3665 1397 3832 1469 τάξις,

2190 1494 2282 1547 καὶ
2335 1490 2479 1555 ὅπως
2523 1491 2731 1571 λέγεταί
2799 1491 3149 1572 διετράνωσαν
3204 1494 3334 1572 πρὸς
3391 1491 3518 1547 «ora
3560 1487 3837 1569 δυσχεραί-

2191 1603 2357 1660 νουσι,
2442 1582 2529 1642 καὶ
2611 1580 2885 1660 διαιρέσεις
2976 1582 3070 1644 τὰς
3156 1583 3250 1637 οὒκ
3331 1578 3487 1643 οὔσας
3569 1581 3656 1635 ἒπὶ
3737 1579 3835 1643 τῆς

2189 1667 2478 1749 ἀδιαιρέτου
2557 1669 2878 1729 πλάττονται
2923 1671 3152 1751 φύσεως,
3203 1662 3396 1745 Ἠμεϊς
3461 1667 3539 1743 δὲ,
3585 1667 3666 1724 ὅτι
3738 1664 3834 1741 μὲν

2188 1757 2397 1836 λέγεται
2444 1758 2587 1824 τάξις
2670 1760 2811 1839 παρά
2882 1767 2987 1816 τῶν
3042 1760 3140 1827 τὴν
3207 1757 3479 1837 θεολογίαν
3533 1754 3832 1836 παραδεδω-

2186 1863 2356 1905 κότων
2412 1851 2547 1925 ἡμῖν
2647 1849 2810 1928 ἀγίων
2896 1848 3142 1928 Πατὲρων
3228 1849 3282 1904 ὲν
3345 1854 3421 1921 τῷ
3492 1844 3613 1925 παρ’
3679 1848 3834 1920 ἡμῶν

2186 1936 2438 1995 ἐκτεθέντι
2492 1938 2686 2015 πρώτῳ
2743 1936 3173 2015 ξἈπολογητικῷ
3225 1938 3633 2015 παρεστήσαμεν
3688 1935 3832 2012 ἀκρι-

2185 2024 2290 2089 ϐῶς
2323 2044 2339 2059 ⁶
2387 2026 2529 2092 ὅπως
2573 2026 2627 2083 δὲ
2656 2026 2888 2104 λέγεται,
2936 2029 3108 2083 εἰπεῖν
3136 2024 3239 2094 ἤδη
3273 2028 3603 2104 προήγμεθα.
3665 2021 3832 2081 Ἀλλὰ

2182 2116 2281 2182 τὴν
2336 2123 2439 2172 τῶν
2524 2115 2905 2194 ἀντιλεγόντων
2976 2116 3196 2192 ἀπορίαν
3266 2116 3630 2194 προτείναντες
3685 2117 3826 2193 πρὶν,

2182 2203 2368 2279 ἐφεξῆς
2447 2211 2551 2260 τῶν
2640 2206 2711 2268 εἰς
2808 2204 3117 2272 ἀνατροπὴν
3198 2208 3359 2271 αὐτῆς
3460 2204 3826 2261 συντεινόντων

2181 2292 2544 2372 φροντίσωμεν.
2620 2300 2739 2357 Πῶς
2820 2293 2953 2366 ἔστι,
3040 2293 3186 2373 φασὶ,
3279 2292 3422 2358 τάξιν
3500 2291 3674 2371 λέγειν
3743 2292 3828 2348 ἐπὶ

2180 2379 2420 2461 Τριάδος,
2479 2384 2564 2437 καὶ
2623 2382 2699 2457 μὴ
2771 2383 2843 2444 εἰς
2951 2394 3095 2460 τρεῖς
3164 2384 3313 2446 θεοὺς
3383 2381 3481 2447 τὴν
3554 2380 3827 2460 θεολογίαν

2180 2471 2535 2550 περιίστασθαι
2573 2490 2588 2550 ;

2261 2548 2335 2635 β’,
2370 2548 2609 2639 Πρόσεχε
2652 2558 2794 2623 ὅστις
2854 2558 2915 2616 ἂν
2945 2561 3066 2628 εἰής
3115 2564 3143 2618 ὁ
3186 2559 3469 2640 διαπορῶν,
3493 2562 3588 2640 διαὶ
3618 2560 3817 2638 γνώσῃ,

2182 2652 2257 2725 μὴ
2324 2655 2430 2705 τῶν
2508 2637 2914 2727 διηπορημένων
3011 2656 3412 2731 κατευστοχῶν,
3488 2637 3582 2707 Ἠν
3657 2647 3719 2705 ἂν
3787 2649 3821 2715 ἡ

2175 2734 2318 2803 τάξις
2374 2739 2432 2794 οὗ
2500 2736 2677 2801 καλῶς
2735 2738 3015 2818 εἰρημένη,
3082 2741 3125 2795 εἰ
3208 2737 3669 2819 ἀπροσδιορίστως,
3735 2738 3823 2793 καὶ

2176 2823 2291 2881 καθ’
2345 2826 2411 2893 ἢν
2465 2824 2525 2881 ἂν
2590 2848 2670 2891 τις
2723 2825 2952 2883 διάνοιαν
3010 2827 3252 2905 βούλοιτο
3304 2827 3401 2895 τήν
3455 2826 3598 2892 τάξιν
3652 2848 3821 2905 προσ-

2178 2913 2374 2993 φέρειν,
2424 2912 2739 2971 ἐκδεδώκασι
2811 2914 3054 2993 λέγεσθαι
3104 2918 3301 2983 ταύτην
3374 2919 3420 2973 οἰ
3482 2913 3646 2994 ἅγιοι.
3719 2920 3819 2973 Νῦν

2179 3001 2222 3058 δ’
2282 3003 2394 3060 ἐπεὶ
2462 3008 2701 3081 καθαρῶς
2773 3005 2870 3071 τὴν
2921 3004 3120 3062 ἔννοιαν
3180 3003 3644 3085 προσδιωρίσαντο,
3705 3002 3821 3060 καθ’

452 3088 600 3150 nihil
636 3090 793 3152 aliud
851 3093 1124 3155 ordinem
1188 3105 1391 3157 notare
1442 3095 1553 3156 nisi
1587 3095 1769 3157 solam
1802 3097 2091 3157 rationem

2178 3091 2244 3158 ἣν
2314 3092 2448 3159 ὅλως
2512 3095 2572 3148 τὸ
2622 3098 2720 3159 τῆς
2779 3092 2972 3158 τάξεως
3044 3093 3473 3174 παραδεδώκασιν
3528 3093 3715 3170 ὄνομα,
3787 3095 3821 3162 ἡ

451 3196 645 3241 causae
667 3181 973 3243 relationis
995 3187 1066 3243 ad
1092 3184 1359 3259 effectus,
1395 3203 1507 3265 qua
1528 3185 1818 3246 relatione
1847 3184 2002 3246 inter
2031 3204 2092 3245 se

2178 3178 2233 3236 δὲ
2291 3180 2462 3239 ἔννοια
2534 3184 2596 3237 τὸ
2681 3181 2847 3256 μηδὲν
2930 3181 3060 3238 ἄλλο
3131 3184 3408 3259 σημαίνειν
3472 3183 3570 3250 τὴν
3653 3180 3818 3255 τάξιν,

448 3268 929 3347 conjunctionem
957 3283 1077 3333 tres
1099 3272 1345 3334 Deitatis
1378 3292 1644 3354 personae
1668 3274 1993 3355 possident,
2012 3272 2095 3333 fas

450 3363 541 3416 est
561 3358 805 3420 cuilibet
825 3360 1198 3439 dignoscere,
1225 3362 1325 3442 qui
1359 3364 1516 3424 circa
1540 3363 1665 3424 hmo
1691 3371 1850 3423 recto
1868 3362 2091 3440 jUtllCIO

448 3446 537 3525 nti
563 3445 831 3508 vult.non
851 3457 970 3509 tres
992 3450 1149 3513 Dens
1173 3452 1402 3512 ordinis
1435 3471 1650 3512 nomen
1686 3450 2093 3521 inferre,indi—

445 3550 673 3606 careve,
704 3536 807 3596 sed
841 3556 1106 3616 personae
1127 3549 1453 3613 causam,et
1477 3541 1727 3599 duorum
1755 3540 2087 3606 eﬂ'ectuum‘.

448 3640 697 3698 quorum
728 3625 877 3685 alter
900 3646 1005 3704 per
1024 3628 1274 3689 alterum
1304 3647 1336 3688 a
1361 3629 1544 3708 prima
1572 3647 1746 3688 causa
1767 3627 2089 3705 dependet,

446 3711 731 3772 unionem
793 3713 1167 3776 indiscissam
1226 3726 1403 3798 atque
1438 3716 1795 3796 infragilem.
1834 3715 1898 3802 Et
1931 3715 2089 3775 idem

443 3799 626 3862 fuerit
687 3802 844 3863 hunc
893 3803 1163 3864 ordinem
1219 3805 1292 3865 de
1325 3804 1520 3865 medio
1554 3805 1783 3878 tollere,
1827 3799 1884 3865 et
1916 3803 2087 3864 trium

447 3907 836 3970 personarum
929 3911 1104 3954 unam
1192 3903 1463 3955 naturam
1521 3892 2090 3972 continuitatemque

447 3996 623 4039 unam
678 3990 1039 4059 pervertere.
1101 3983 1337 4045 Etenim
1387 3983 1609 4063 absque
1642 3983 1755 4042 hoc
1785 3980 1994 4044 ordine
2028 3982 2086 4042 in

444 4084 617 4128 unam
655 4069 977 4131 essentiam
1007 4090 1076 4131 ac
1099 4070 1465 4134 divinitatem
1489 4072 1663 4133 trium
1692 4071 2085 4152 hypostaseon

2176 3269 2255 3326 ὅτι
2327 3272 2404 3346 μὴ
2451 3272 2610 3346 μόνον
2680 3272 2770 3329 τὸν
2828 3269 2987 3349 λόγον
3030 3278 3122 3328 τοῦ
3175 3273 3338 3328 αἰτίου
3369 3273 3494 3351 πρὸς
3525 3272 3591 3328 τὰ
3619 3270 3823 3327 αἰτιατὰ

2174 3359 2438 3439 σχέσεως,
2472 3359 2587 3415 καθ’
2660 3359 2877 3426 ἥντινα
2910 3359 3100 3439 σχέσιν
3152 3364 3212 3416 τὸ
3253 3363 3383 3440 πρὸς
3446 3358 3655 3427 ἄλληλα
3684 3381 3823 3434 συμ-

2173 3457 2293 3527 φυὲς
2350 3449 2416 3504 τὰ
2472 3449 2586 3526 τρία
2670 3449 2919 3526 πρόσωτα
2984 3454 3083 3515 τῆς
3135 3449 3384 3517 θεότητος
3441 3448 3677 3529 ἔχουσιν,
3736 3446 3823 3512 ἕξ-

2174 3557 2285 3592 εστι
2360 3535 2643 3623 διαγνῶναι
2716 3544 2794 3610 τῷ
2875 3535 3184 3613 βουλομένῳ
3239 3538 3654 3616 εύθυγνωμονεῖν
3708 3539 3826 3616 περὶ

2171 3626 2237 3680 τὰ
2282 3632 2519 3696 τοιαῦτα,
2566 3626 2639 3688 ὡς
2712 3626 2834 3704 οὐχὶ
2892 3632 3051 3705 τριῶν
3128 3629 3260 3683 θεῶν
3303 3625 3528 3707 ἔμφασις
3596 3628 3674 3702 τῷ
3723 3631 3822 3692 τῆς

2171 3714 2363 3779 τοίξεως
2420 3715 2641 3786 ὀνόματι
2714 3712 3074 3793 ἀναφαίνεται,
3133 3713 3252 3770 ἀλλ’
3328 3714 3492 3771 αἰτίου
3540 3715 3824 3794 προσώπου

2172 3805 2259 3859 καὶ
2312 3801 2399 3858 δύο
2453 3803 2723 3873 αἰτιατῶν,
2797 3804 2872 3856 ὧν
2939 3800 3023 3861 διὰ
3110 3802 3325 3882 θατέρου
3381 3806 3444 3860 τὸ
3487 3802 3662 3883 ἕτερον
3725 3803 3823 3871 τῆς

2170 3891 2386 3967 πρώτης
2458 3891 2622 3955 αἰτίας
2694 3888 3010 3971 ἐξήρτηται,
3079 3889 3335 3973 ἄσχιστος
3413 3893 3502 3949 καὶ
3563 3890 3821 3971 ἀδιάῤῥη-

2169 4004 2293 4045 κτος
2355 3981 2564 4042 ἒνωσις.
2657 3981 2753 4037 Καὶ
2821 3980 3010 4036 ταύτόν
3080 3979 3189 4037 ἐστι
3256 3982 3317 4037 τὸ
3399 3981 3501 4047 τὴν
3573 3982 3825 4046 τοιαύτην

2168 4068 2313 4136 τάξιθ
2385 4071 2728 4149 ἀρνήσασθαι,
2801 4071 2889 4126 καὶ
2957 4071 3019 4126 τὸ
3102 4077 3207 4126 τῶν
3277 4077 3433 4148 τριῶν
3517 4070 3823 4148 προσώπων

443 4157 804 4221 continuitas
836 4178 951 4220 non
974 4162 1439 4224 conservabitur.
1462 4163 1536 4224 Et
1558 4180 1811 4241 quanam
1836 4161 1889 4222 id
1915 4161 2092 4222 fuerit

2176 4159 2403 4240 συμφυές
2480 4180 2537 4214 τε
2605 4160 2694 4214 καὶ
2766 4160 2990 4239 συνεχὲς
3071 4158 3494 4237 ἀπαρνήσασθαι.
3565 4160 3822 4227 Τοιαύτης

438 4244 874 4322 ratione,nobis
895 4249 1395 4313 considerandum
1420 4262 1531 4314 est.
1570 4251 1752 4314 Filius
1772 4268 1904 4311 sese
1929 4249 2088 4312 l’atri

2176 4251 2271 4328 γὰρ
2333 4246 2527 4314 τάξεως
2604 4247 2726 4306 ἄνευ
2794 4248 2868 4311 εἰς
2929 4248 3051 4322 μίαν
3104 4247 3281 4304 οὐσίαν
3322 4250 3409 4306 καὶ
3474 4248 3702 4315 θεότητα
3759 4248 3821 4303 τὸ

440 4335 829 4416 conjungens,
864 4339 1207 4401 naturaliter
1238 4349 1295 4403 et
1318 4341 1715 4402 essentialiter
1735 4339 2089 4418 conjunclus

2176 4342 2274 4395 τνῦν
2370 4340 2527 4409 τριῶν
2611 4336 2946 4393 ὕποστάσεων
3018 4336 3241 4411 συναφὲς
3309 4340 3369 4396 οὗ
3420 4335 3818 4406 διασωθήσεται,

443 4441 592 4529 Esse.
610 4424 762 4527 Patri
795 4441 852 4529 et
880 4427 1104 4529 dicitur
1135 4439 1191 4491 et
1222 4430 1505 4504 creditur,
1542 4429 1695 4510 quod
1736 4448 1804 4490 ex
1830 4430 2087 4529 essentia

2180 4430 2274 4486 Καὶ
2332 4425 2500 4498 ὅπως,
2560 4424 2856 4493 σκοπητέον
2920 4427 3081 4500 ἡμῖν.
3145 4417 3201 4483 Ὀ
3247 4427 3367 4488 Υἱὸς
3426 4427 3705 4501 ἑνούμενος
3746 4428 3823 4499 τῷ

441 4511 630 4575 Patris
678 4515 773 4589 sit,
809 4516 967 4579 illius
1015 4519 1310 4598 genuinus
1338 4520 1514 4584 fetus.
1568 4520 1636 4581 Et
1666 4519 1760 4581 hic
1792 4527 1898 4588 est,
1938 4518 2092 4580 inter

2176 4518 2339 4596 Πατρί
2382 4516 2513 4572 κατὰ
2583 4524 2738 4572 τοῦτο
2767 4519 3004 4593 φυσικῶς
3074 4535 3130 4570 τε
3200 4515 3287 4570 καὶ
3371 4512 3631 4580 οὗσιωδῶς
3671 4515 3822 4582 ἡνῶ-

440 4601 670 4664 Patrem
719 4614 777 4664 ct
809 4604 1017 4667 Filium
1053 4618 1315 4670 asserlus
1346 4610 1515 4681 ordo,
1542 4628 1716 4691 quem
1752 4615 1813 4672 et
1842 4627 2091 4686 magnus

2176 4611 2288 4664 σθαι
2358 4612 2435 4679 τῷ
2505 4604 2668 4682 Πατρὶ
2740 4604 2828 4658 καὶ
2886 4600 3097 4681 λέγεται
3186 4603 3273 4659 καὶ
3342 4604 3664 4679 πιστεύεται,
3735 4604 3824 4660 καὶ

443 4692 692 4755 Basilius
722 4693 1204 4770 insinuavit,cum
1229 4699 1478 4773 diceret,
1523 4699 1816 4779 «priorem
1843 4716 1974 4759 esse
1995 4716 2091 4757 or-

2176 4700 2233 4755 τὸ
2287 4697 2346 4753 ἐκ
2406 4701 2504 4762 τῆς
2556 4695 2731 4758 οὔσίας
2784 4699 2877 4749 τοῦ
2920 4694 3125 4770 Πατρὸς
3187 4693 3328 4749 εἶναι
3386 4697 3550 4763 αὐτῆς
3605 4695 3823 4771 γνήσιον

440 4780 579 4843 dine
596 4780 765 4844 Patre
790 4792 850 4845 et
870 4784 1383 4859 Filio,secundum
1408 4806 1719 4862 causarum
1743 4787 1814 4848 ad
1841 4805 1930 4861 ea,
1956 4805 2089 4867 quae

2176 4786 2430 4866 γέννημα.
2479 4785 2577 4842 Καὶ
2619 4792 2771 4840 τοῦτο
2833 4780 2972 4837 ἐστιν
3016 4784 3051 4852 ἡ
3096 4780 3260 4855 μέσον
3296 4784 3501 4861 Πατρὸς
3551 4783 3639 4837 καὶ
3703 4782 3823 4838 Υἰοῦ

441 4888 510 4931 ex
541 4871 686 4950 ipsis
716 4882 875 4947 sunt,
910 4875 1285 4939 relationem.
1326 4902 1347 4935 υ
1408 4876 1657 4955 Spiritus
1709 4895 1842 4937 esse
1872 4876 2078 4955 adjun-

441 4977 586 5036 gens
615 4958 785 5035 Filio,
823 4964 1169 5027 naturaliter
1200 4982 1250 5027 et
1284 4966 1680 5028 essentialiter
1713 4965 1800 5027 illi
1828 4966 2078 5043 conjun-

441 5055 569 5108 ctus
593 5066 739 5109 esse.
783 5059 840 5111 et
869 5052 1083 5115 dicitur
1114 5063 1171 5115 et
1224 5055 1512 5128 creditur,
1546 5056 1698 5135 quod
1730 5071 1836 5135 per
1866 5054 2076 5116 Filium

442 5143 553 5207 est,
587 5145 643 5198 et
689 5138 785 5198 hic
818 5149 909 5200 est
964 5142 1123 5202 inter
1153 5142 1362 5204 Filium
1407 5156 1463 5206 et
1504 5143 1785 5223 Spiritum
1821 5152 2081 5204 assertus

441 5225 608 5295 ordo,
638 5244 812 5305 quem
832 5234 890 5288 et
911 5228 1210 5309 Nyssenus
1229 5233 1732 5313 approbavit,cum
1760 5241 2077 5312 assereret,

444 5338 468 5368 ει
501 5314 873 5404 prmintelligi
896 5318 1107 5379 Filium
1136 5321 1432 5401 liypustasi
1464 5323 1715 5404 Spiritus
1747 5320 2075 5383 secundum

437 5420 628 5464 causze
669 5403 982 5469 rationem.
1019 5433 1044 5462 »
1081 5408 1183 5469 Tri
1214 5430 1287 5469 tm
1322 5403 1519 5492 itaque
1549 5429 1935 5492 personarum
1963 5427 2080 5471 una

436 5499 660 5568 natura,
699 5500 755 5554 et
809 5512 922 5554 una
965 5496 1349 5568 continuitas,
1400 5501 1731 5561 secundum
1766 5516 2077 5562 causarum

434 5579 506 5641 ad
540 5597 628 5656 ea,
664 5599 795 5661 qua:
826 5600 894 5643 ex
950 5584 1143 5645 causis
1173 5596 1331 5660 sunt,
1388 5589 1758 5665 relationem,
1797 5608 1865 5651 ex
1899 5586 2079 5648 simili

441 5667 648 5735 ordine
676 5680 995 5755 Cumparct,
1020 5673 1173 5753 quod
1202 5680 1442 5736 cxi'atre
1468 5697 1571 5757 per
1590 5678 1805 5739 Filium
1827 5677 2081 5759 Spiritus

2167 4875 2432 4954 λεγομένη
2463 4871 2628 4945 τάξις,
2689 4872 2855 4949 ἣνπερ
2906 4872 2995 4927 καὶ
3047 4873 3075 4926 ὁ
3133 4870 3302 4949 μέγας
3359 4871 3461 4952 ἔφη
3521 4869 3818 4942 Βασίλειος,

2167 4965 2220 5022 ἐν
2264 4968 2349 5027 οἷς
2405 4961 2554 5039 ἔλεγε
2618 4982 2645 5015 α
2706 4959 3062 5038 προτετάχθαι
3138 4970 3233 5019 τοῦ
3290 4961 3412 5018 Υίοῦ
3467 4961 3557 5017 τὸν
3615 4960 3822 5040 Πατέρα

2165 5054 2300 5110 κατὰ
2356 5052 2454 5117 τὴν
2509 5050 2612 5104 τῶν
2658 5049 2836 5103 αἰτίων
2897 5049 3028 5125 πρὸς
3082 5048 3148 5103 τὰ
3190 5048 3243 5114 ἐξ
3296 5049 3465 5107 αὐτῶν
3539 5048 3747 5129 σχέσιν,
3788 5073 3815 5105 »

2164 5144 2234 5200 Τὸ
2276 5146 2489 5214 Πνεῦμα
2544 5137 2821 5212 ἐνοῦμενον
2892 5143 2968 5209 τῷ
3018 5140 3145 5211 Υἱῷ,
3192 5138 3329 5194 κατὰ
3382 5144 3537 5194 τοῦτο
3585 5141 3819 5205 ἡνῶσθαι

2164 5232 2306 5303 αύτῴ
2375 5230 2608 5306 φυσικῶς
2665 5245 2721 5279 τε
2791 5225 2880 5280 καὶ
2949 5222 3215 5289 οὗσιωδῶς
3283 5227 3371 5282 καὶ
3451 5224 3661 5306 λέγεται
3734 5230 3821 5284 καὶ

2163 5316 2463 5375 πιστεύεται
2507 5314 2641 5370 κατὰ
2683 5314 2743 5369 τὸ
2815 5312 2959 5369 εἶναι
3002 5310 3070 5369 δι’
3124 5315 3245 5370 Υἱοῦ
3282 5330 3296 5346 '
3343 5316 3431 5371 καὶ
3472 5322 3627 5373 τοῦτο
3677 5314 3820 5373 ἐστιν

2162 5411 2197 5476 ἡ
2255 5405 2417 5483 μέσον
2483 5405 2603 5459 Υἱοῦ
2644 5404 2732 5458 καὶ
2785 5403 3085 5478 Πνεύματος
3130 5402 3395 5483 λεγομένη
3438 5404 3604 5478 τάξις,
3652 5405 3819 5484 ἥνπερ

2160 5498 2246 5555 καὶ
2306 5498 2334 5552 ὁ
2392 5493 2602 5559 Νύσσης
2664 5490 2790 5571 ἔφη,
2855 5490 2910 5548 ἐν
2954 5495 3037 5559 οἷς
3091 5491 3242 5573 ἔλεγε
3304 5516 3332 5550 α
3405 5499 3817 5574 προθεωρετσθαι

2161 5588 2252 5643 τὸν
2319 5584 2436 5640 Υἶὸν
2500 5587 2598 5650 νῆς
2653 5588 2747 5639 τοῦ
2817 5583 3119 5660 Πνεύματος
3165 5583 3504 5650 ὑποστάσεως
3535 5585 3671 5643 κατὰ
3726 5586 3819 5642 τὸν

2165 5676 2260 5743 τῆς
2305 5674 2471 5738 αἰτίας
2501 5671 2683 5751 λόγον.
2734 5694 2761 5727 ι»
2814 5661 2852 5685 ”
2878 5680 3003 5731 Em
3032 5671 3220 5730 λοιπὸν
3249 5675 3309 5731 τὸ
3340 5679 3444 5733 τῶν
3469 5675 3630 5755 τριῶν
3658 5696 3820 5754 προσ-
