4220 6292
352 345 465 412 223
1150 384 1154 388 ›
1446 341 1542 405 DE
1584 337 2094 405 PROCESSIONE
2138 338 2199 399 S.
2249 338 2623 404 SPIRITUS.
3594 344 3712 409 226

350 481 504 537 ώπων
550 480 772 560 συνεχές
828 500 885 535 τε
931 480 1019 535 καὶ
1079 477 1307 556 συμφυὲς
1352 475 1487 533 κατὰ
1535 476 1633 542 τὴν
1670 479 1776 531 τῶν
1819 471 1991 530 αἰτίων

2080 475 2321 560 sanctus
2350 472 2605 554 pocedit,
2641 482 2697 536 et
2730 493 2801 537 eo
2836 492 2942 552 per
2975 473 3191 536 Filium
3223 474 3426 537 unitur
3465 478 3723 557 conjun-

349 571 473 649 πρὸς
529 570 597 625 τὰ
652 558 863 625 αἰτιατὰ
919 567 1106 646 σχέσιν
1164 568 1226 622 ὲκ
1280 569 1378 632 τῆς
1421 564 1667 630 τοιαύτης
1698 560 1988 642 ἀναφαινό-

2074 558 2354 649 giturque
2401 580 2535 623 cum
2589 566 2782 627 Patre.
2807 561 2865 626 Si
2926 564 3124 643 itaque
3146 583 3279 625 cum
3316 566 3485 626 Pater
3515 566 3725 628 ordine

349 646 505 733 μενον
574 656 772 724 τάξεως
814 655 899 712 διὰ
950 658 1011 711 τὸ
1069 655 1128 711 ἐκ
1186 655 1387 732 Πατρὸς
1435 650 1500 708 δι’
1569 655 1688 709 Υἱοῦ
1739 650 1990 726 ἐκπορεύ-

2076 646 2239 727 prior
2269 656 2356 709 est
2388 650 2557 732 Filio,
2582 661 2640 714 et
2670 652 2854 715 Filius
2887 650 3137 732 Spiritus
3167 653 3463 733 hypustasi
3507 655 3724 734 praain-

348 751 488 804 εσθαι
571 749 633 803 τὸ
716 752 928 820 Πνεῦμα
1010 747 1072 800 τὸ
1154 744 1330 822 ἅγιον,
1413 744 1502 798 καὶ
1564 763 1729 817 ταυτῃ
1770 739 1854 795 διὰ
1902 743 1991 794 τοῦ

2079 734 2386 813 telligitur,
2421 759 2535 801 una
2565 741 2742 803 trium
2777 759 3160 822 personarum
3205 748 3439 817 natura,
3490 761 3724 824 unaque

357 838 474 893 Υἱοῦ
515 836 772 910 ἡνῶσθαι,
832 836 918 891 καὶ
987 834 1335 893 συνάπτεσθαι
1371 832 1520 912 ξαῦτὸ
1574 837 1651 905 τῷ
1693 828 1877 907 Πατρί.
1936 826 1991 883 Ei

2076 824 2434 888 continuitas
2465 829 2779 892 manifesto
2809 830 3379 910 apparet.quomodo
3410 831 3555 894 ordo
3581 833 3727 894 divi-

341 935 467 1004 γῡῦν
511 926 567 982 έν
650 931 731 1000 τῷ
816 926 907 980 τὸν
991 922 1197 1002 Πατέρα
1280 920 1606 1003 προτετέχαι
1705 940 1796 975 του
1874 916 1991 971 Υἱοῦ

2077 913 2326 1004 sionem,
2351 924 2409 976 et
2434 935 2550 978 non
2585 920 2777 999 potius
2803 919 3130 980 naturalem
3162 920 3444 982 unionem
3469 920 3725 983 indicat?

339 1003 430 1072 καὶ
459 1014 515 1070 ἐν
543 1020 623 1088 τῷ
651 1015 744 1070 τὸν
781 1015 901 1070 Υἱὸν
922 1015 1335 1093 προθεωρεϊσθαι
1365 1012 1461 1080 τῆς
1486 1016 1579 1068 τοῦ
1608 1007 1910 1081 Πνεύματος
1939 1003 2278 1067 ὑποστάσεως
2305 1007 2365 1061 τὸ
2396 1009 2617 1088 συνεχὲς
2645 1030 2702 1064 τε
2733 1010 2817 1065 καὶ
2844 1011 3071 1089 συμφυὲς
3103 1016 3207 1065 τῶν
3236 1012 3393 1089 τριῶν
3425 1012 3723 1089 προσώπων

341 1103 439 1170 τῆς
483 1102 738 1169 θεότητος
768 1088 1142 1180 ἀναφαίνεται(
1163 1108 1279 1166 πῶς
1309 1100 1556 1179 διαίρεσιν
1584 1099 1618 1164 ἡ
1668 1093 1834 1172 τάξις,
1866 1092 1955 1148 καὶ
1997 1090 2121 1169 οὐχὶ
2176 1091 2377 1149 μᾶλλον
2435 1098 2663 1175 φυσικὴν
2708 1099 3018 1177 παρίστησιν
3078 1097 3260 1154 ἕνωσιν
3295 1119 3311 1178 ς
3370 1088 3452 1154 ’Ἄ
3510 1100 3606 1174 μὲν
3636 1102 3724 1158 οὖν

346 1193 516 1249 εἰπεῖν
547 1194 692 1267 ἡμᾶς
736 1189 839 1247 ἔδει
870 1177 961 1247 τὸν
989 1196 1085 1258 τῆς
1111 1187 1307 1255 τάξεως
1336 1188 1494 1266 λόγον
1536 1182 1888 1263 βουλομένους
1917 1177 2262 1260 διασαφῆσαι²
2296 1190 2482 1245 ταῦτα.

423 1269 502 1357 γ’.
552 1282 610 1337 Ei
652 1278 706 1336 δὲ
736 1300 798 1358 γε
842 1282 889 1337 οἱ
940 1278 1300 1357 ἀντιλέγοντες
1353 1278 1509 1334 πλντὶ
1567 1295 1768 1354 τροπῳ,
1799 1270 1991 1334 ταύτην

2109 1355 2119 1358 _
2159 1269 2218 1330 3.
2252 1267 2394 1341 Quae
2416 1270 2592 1349 igitur
2618 1290 2770 1334 asset
2789 1273 2943 1335 enda
2966 1271 3136 1333 nobis
3165 1282 3353 1347 erant,
3383 1275 3609 1337 ordinis
3629 1295 3724 1338 ra-

343 1355 654 1449 ἆνατρέπειν
706 1355 1047 1445 βουλόμενοι,
1111 1355 1234 1447 οὐχὶ
1291 1365 1362 1423 δι’
1413 1366 1532 1422 Υἱοῦ
1574 1363 1634 1420 ἐκ
1662 1369 1751 1418 τοῦ
1792 1359 1991 1449 Πατρὸς

2082 1355 2303 1449 tionem
2335 1360 2633 1440 explicare
2663 1361 3133 1442 intendentibus,
3169 1363 3294 1424 haec
3316 1363 3649 1436 sunt.Quod
3672 1366 3723 1427 si

342 1479 470 1537 φασι
531 1459 595 1513 τὸ
662 1464 874 1533 Πνεῦμα
932 1459 993 1513 τὸ
1093 1454 1242 1534 ἅγιον
1311 1454 1699 1533 ἐκπορεύεσθαι,
1777 1450 1863 1504 καὶ
1898 1444 1991 1537 ᾆδιᾷ

2081 1445 2182 1525 qui
2213 1448 2655 1526 contradicunt,
2689 1451 2882 1511 modis
2932 1450 3210 1513 omnibus
3259 1470 3395 1513 eum
3457 1462 3725 1517 evertere

339 1534 495 1604 τοῦτο
543 1544 659 1603 οὐδὲ
715 1549 949 1615 ἡνῶσθαι
1004 1545 1088 1602 διὰ
1143 1554 1235 1603 τοῦ
1305 1547 1423 1602 rtus
1465 1550 1542 1617 τῷ
1618 1541 1801 1619 Πατρὶ,
1862 1535 1991 1592 ἀλλὰ

2083 1534 2539 1615 cupientes,non
2561 1557 2666 1619 per
2685 1538 2900 1600 Filium
2925 1557 2993 1600 ex
3017 1542 3188 1602 Patre
3219 1540 3420 1603 dicant
3437 1541 3722 1622 Spiritum

341 1642 629 1716 προσεχιῖκ
732 1638 821 1692 καὶ
914 1636 1039 1695 αὐτό
1131 1634 1546 1714 ἐκπορευόμενον
1641 1629 1701 1685 ἐκ
1770 1626 1991 1716 Πατρὸς,

2078 1634 2345 1685 sanctum
2380 1629 2733 1705 procedere,
2772 1636 3202 1709 proptereaque
3225 1648 3419 1709 neque
3439 1630 3723 1711 conjungi

342 1714 552 1799 ἅμεσον
600 1728 790 1806 αὐχεῖν
871 1728 959 1783 καὶ
1030 1727 1154 1784 αὐτὸ
1184 1724 1281 1791 τὴν
1325 1725 1454 1802 πρὸς
1486 1724 1575 1777 τὸν
1610 1717 1815 1797 Πατέρα
1872 1715 1991 1806 ένόέ

2082 1714 2371 1806 Paterper
2406 1715 2749 1791 Filium,sed
2780 1717 3154 1779 continenter
3184 1726 3242 1778 et
3274 1718 3467 1798 ipsum
3507 1739 3720 1800 proce-

340 1835 480 1881 τητα
514 1832 527 1844 ⁸
588 1801 882 1882 σκοπητὲον
966 1816 1177 1890 μήποτε
1246 1801 1491 1891 διαίρεσιν
1565 1809 1815 1874 θεότητος
1886 1804 1990 1860 ἀπὸ

2079 1801 2315 1891 dentem
2351 1822 2418 1864 ex
2455 1807 2644 1879 l’atre,
2665 1806 3065 1867 immediatam
3090 1814 3147 1867 et
3176 1806 3371 1887 ipsum
3399 1826 3532 1870 cum
3554 1808 3724 1872 Patre

339 1908 438 1969 τῆς
496 1902 877 1983 παραδοθείσης
944 1905 1084 1983 παρὰ
1139 1909 1245 1959 τῶν
1314 1890 1475 1980 ἁγίων
1531 1896 1724 1962 τάξεως
1785 1916 1986 1976 φαντα-

2074 1890 2358 1983 unionem
2405 1892 2659 1971 jactare,
2685 1894 3186 1957 considerandum
3221 1904 3332 1969 est,
3373 1915 3449 1958 ne
3479 1896 3725 1960 Deitatis

338 1978 587 2066 ζόμενοις
650 1993 793 2051 αὐτοὶ
865 1978 1067 2068 μᾶλλον
1126 1989 1354 2057 οὺσιώδη
1413 1987 1657 2066 διαίρεσιν
1728 1989 1847 2042 Υἱοῦ
1898 1985 1987 2040 καὶ

2072 1978 2422 2068 divisionem
2453 2001 2522 2043 ex
2564 1983 2779 2044 tradito
2806 2003 2838 2043 a
2872 1984 3095 2044 sanctis
3125 1983 3339 2045 ordine
3370 1987 3721 2067 conﬁngen-

341 2084 646 2155 Πνεῦματος
699 2081 1085 2162 ἆπλεγχθεῖεν
1140 2078 1462 2159 δοξάζοντες,
1498 2070 1535 2088 Η
1564 2086 1715 2134 Εστω
1744 2076 1863 2154 γὰρ,
1911 2075 1983 2135 ὡς

340 2169 490 2226 αὐτοί
542 2193 725 2250 φασιν,
797 2174 919 2251 οὐχὶ
988 2169 1072 2226 διὰ
1129 2177 1218 2227 τοῦ
1293 2172 1413 2225 Υἱοῦ
1468 2171 1530 2225 τὸ
1574 2172 1784 2239 Πνεῦμα
1825 2163 1991 2218 ἐκπο-

339 2260 623 2335 ρευόμενον
680 2261 741 2316 ἐκ
793 2262 1021 2338 Πατρὸς,
1080 2257 1217 2314 ἀλλᾶ
1273 2264 1556 2337 προσεχῶς
1610 2257 1695 2310 καὶ
1754 2251 1987 2328 ἀμέσως,

337 2351 409 2413 ὡς
457 2351 487 2405 ὁ
555 2352 673 2414 Υἱὸς
728 2352 791 2406 ὲκ
842 2356 932 2407 τοῦ
988 2349 1192 2428 Πατρὸς
1233 2349 1448 2426 προϊὸν,
1479 2345 1561 2425 ἆρ’
1605 2344 1727 2423 οὒχί
1757 2340 1991 2418 δεύτερον

338 2439 421 2494 καὶ
456 2438 586 2494 αὖτό
641 2444 733 2494 τοῦ
791 2440 1035 2517 Πατρὸς;
1114 2440 1210 2495 Καὶ
1257 2437 1553 2493 εἰπάτωσαν
1596 2435 1686 2489 τὸν
1747 2429 1993 2509 εἰρηκότα

335 2525 592 2605 θεολόγον
672 2527 898 2606 Πατέρα,
997 2528 1085 2582 καὶ
1182 2525 1475 2598 πείσουσιν,
1558 2522 1595 2590 ἢ
1640 2524 1717 2597 μὴ
1774 2518 1992 2598 ἔχοντες

338 2614 501 2672 ἐπεῖν
586 2638 643 2673 τε
732 2619 819 2673 καὶ
908 2613 1204 2688 ἀποδεῖξαι,
1279 2614 1662 2691 πειθέσθωσαν,
1723 2611 1810 2666 καὶ
1878 2623 1992 2668 τοῖς

336 2703 513 2783 ἆγίοις
570 2704 863 2785 ἀντιλέγειν
933 2704 1269 2762 ὀκνείτωσαν.
1326 2695 1515 2776 Ἠμεϊς
1584 2701 1707 2779 γὰρ,
1778 2700 1839 2755 τὸ
1928 2694 1995 2751 δι’

345 2796 472 2850 Υἱοῦ
530 2793 896 2870 ἐκπορεύεσθαι
988 2792 1261 2871 λέγοντες,
1335 2791 1421 2847 ἐπὶ
1492 2798 1585 2847 τοῦ
1655 2791 1817 2864 μέσου
1874 2787 1994 2847 τοὺς

337 2881 593 2946 εἰπόντας
650 2885 954 2963 παράγομεν
991 2898 1004 2911 ⁸
1060 2881 1231 2960 τρίτον
1260 2880 1365 2937 ἀπὸ
1422 2881 1625 2958 Πατρὸς
1685 2880 1743 2934 τὸ
1787 2883 1997 2950 Πνεῦμα

338 2972 600 3051 τετάχθαι
676 2974 1047 3051 κηρῦττοντες,
1124 2971 1246 3034 τοὺς
1330 2968 1606 3047 εἰρηκότας
1676 2966 1853 3045 ἁγίους
1924 2966 1995 3027 εἷς

337 3060 542 3139 πίστιν,
628 3063 701 3117 ὧν
780 3061 1144 3140 προτείνομεν,
1232 3055 1633 3137 προϐαλλόμεθα
1667 3075 1680 3088 ·
1755 3053 1836 3110 διὰ
1906 3061 1996 3110 τοῦ

293 3200 303 3208 .
348 3152 473 3208 Υἱοῦ
521 3157 601 3225 τῷ
646 3151 809 3229 Πατρὶ
851 3152 913 3206 τὸ
967 3155 1180 3226 Πνεῦμα
1229 3148 1576 3204 συνάπτεσθαι
1607 3145 1872 3224 λέγοντες,
1905 3145 1998 3199 οὒκ

341 3237 537 3317 ὀλίγας
591 3241 849 3320 γραφικὰς
903 3240 999 3304 τὰς
1054 3239 1173 3317 περὶ
1212 3238 1392 3294 τούτου
1457 3238 1679 3317 χρήσεις
1722 3233 1994 3315 προτείνο-

340 3349 436 3402 μεν
482 3348 497 3362 ’
527 3330 619 3385 καὶ
647 3331 675 3384 ὃ
730 3327 894 3385 θέλων
961 3331 1022 3385 τὸ
1065 3329 1147 3385 ἐπὶ
1179 3341 1300 3391 τοϊς
1357 3327 1654 3407 εἰρημένοις
1685 3325 1850 3382 ἅπασι
1882 3345 1992 3399 μα-

339 3419 453 3475 θεῖν
512 3416 739 3490 ἀληθὲς,
824 3430 939 3481 τοῖς
1023 3418 1179 3496 παρ”
1218 3419 1372 3492 ἡμῶν
1427 3415 1818 3494 διατρανωθεῒσι
1877 3414 1992 3491 περὶ

340 3507 545 3563 τούτων
608 3506 663 3562 ἐν
736 3505 921 3569 ἇλΑοις
1009 3506 1416 3585 συγγράμμασιν
1471 3505 1730 3584 ἒντυχὼν,
1792 3500 1991 3558 εἵσεται

341 3594 598 3676 ἀκριϐῶς.

419 3764 490 3838 δ’.
585 3778 740 3833 Οὗτοι
799 3773 877 3854 δὲ,
939 3774 1092 3854 εἴπερ
1161 3773 1246 3831 ἐπ’
1328 3773 1600 3853 ἀνατροπῇ
1652 3778 1751 3839 τῆς
1804 3768 1997 3835 τάξεως

347 3862 681 3943 σπεύδοντες,
730 3865 852 3945 οὐχὶ
923 3864 1081 3939 μόνον
1148 3867 1239 3920 τὸν
1331 3866 1471 3943 rit»,
1570 3861 1704 3918 ἀλλὰ
1781 3860 1869 3916 καὶ
1937 3858 1998 3912 τὸ

353 3957 564 4028 Πνεῦμα
608 3951 847 4032 δεύτερον
887 3960 981 4009 τοῦ
1026 3954 1229 4031 Πατρὸς
1297 3954 1552 4031 τετάχθαι
1595 3953 1764 4007 εἰπεῖν
1821 3950 1995 4005 ἀπαν-

347 4043 818 4123 αισχυντήσουσιν,
902 4041 1260 4099 σκοπείτωσαν
1344 4045 1578 4119 μήποτε⁷
1659 4042 1732 4104 ὡς
1832 4038 1986 4119 ἔφην,

342 4127 592 4207 διαίρεσιν
658 4135 778 4189 rio-3
821 4133 908 4188 καὶ
961 4133 1263 4208 Πνεῦματος
1314 4130 1698 4210 ἀπελεγχθετεν
1742 4125 1988 4198 δοξάζον-

339 4240 447 4284 τες.
499 4220 605 4277 Καὶ
632 4218 804 4300 ὅπως,
837 4217 995 4288 δῆλον
1055 4221 1308 4279 ἐντεῦθεν.
1370 4222 1441 4277 Τὸ
1472 4226 1680 4294 Πνεῦμα
1710 4218 1771 4274 τὸ
1841 4215 1988 4295 ἅγιον

339 4312 382 4367 εἶ
438 4309 684 4391 δεύτερον
739 4314 850 4370 ἐστι
894 4320 987 4371 τοῦ
1040 4316 1243 4394 Πατρὸς
1285 4312 1421 4375 κατὰ
1461 4312 1561 4379 τὴν
1608 4318 1701 4369 τοῦ
1757 4311 1990 4371 αἰτιατοῦ

339 4399 557 4482 σχέσιν,
604 4398 821 4469 εωηλον
877 4404 949 4466 ὡς
981 4403 1103 4483 οὐχὶ
1146 4400 1230 4460 διὰ
1281 4401 1373 4460 105
1415 4407 1537 4461 Υἰοῦ
1577 4404 1718 4457 εστιν
1774 4402 1837 4457 ὲκ
1905 4413 1995 4462 τοῦ

337 4493 571 4569 Πατρὸς.
661 4489 951 4570 Ἀναίρεσις
1028 4494 1127 4572 γὰρ
1209 4492 1481 4573 προφανὴς
1546 4500 1637 4549 τοῦ
1706 4491 1848 4547 εἶναι
1931 4496 1993 4551 τὸ

340 4584 556 4656 Πνεῦμα
587 4578 672 4637 διὰ
738 4588 833 4638 τοῦ
875 4583 1017 4662 Υἶοῦ,
1066 4583 1126 4638 τό
1178 4584 1308 4661 πρὸς
1376 4582 1466 4638 τὸν
1498 4580 1703 4659 Πατέρα
1730 4583 1865 4637 κατὰ
1894 4604 1993 4644 την

334 4674 427 4726 τοῦ
478 4669 719 4729 αἰτιατοῦ
761 4668 949 4750 σχέσιν
1002 4669 1294 4752 δευτερεῖον
1336 4673 1431 4728 τοῦ
1486 4671 1788 4745 Πνεῦματος
1819 4670 1987 4734 ἔσται,

335 4754 486 4815 Ἀλλ’
590 4761 635 4816 εί
702 4759 858 4817 τοῦτο
927 4758 1122 4835 δοθείη,
1182 4760 1293 4818 ἔστι
1363 4760 1418 4817 δὲ
1468 4758 1990 4839 προωμολογημένον

331 4848 476 4926 παρὰ
550 4854 624 4921 τῇ
680 4854 789 4905 τῶν
871 4848 1117 4930 Πατάρων
1193 4850 1459 4928 θεολογίᾳ,
1538 4846 1675 4923 μηδὲ
1732 4849 1873 4905 εἶναι
1929 4852 1991 4906 τὸ

334 4943 556 5014 Πνεῦμα
613 4935 766 4994 δοτὸν
813 4944 882 5014 τῇ
949 4949 1043 4998 τοῦ
1100 4940 1224 4998 Υἱοῦ
1271 4939 1419 5011 οὗσίᾳ
1459 4938 1549 4995 καὶ
1598 4937 1845 5013 θεόμητι,
1875 4944 1991 5002 πῶς

331 5026 393 5083 ἂν
478 5026 640 5103 πηγὴ
699 5028 792 5083 τοῦ
860 5028 1165 5103 Πνεῦματος
1236 5027 1421 5106 ῥηθείη
1492 5029 1519 5083 ὁ
1586 5027 1731 5107 Υἱὸς⁷
1786 5028 1874 5084 καὶ
1928 5029 1991 5084 τὸ

332 5120 553 5190 Πνεῦμα
625 5116 868 5193 πηγάζω
924 5118 1013 5175 καὶ
1076 5113 1362 5188 ἀναϐλύζον
1419 5114 1479 5173 ἐκ
1559 5116 1655 5184 τῆς
1723 5122 1816 5172 τοῦ
1870 5117 1991 5173 Υίοῦ

329 5203 512 5268 οὐσίας
572 5205 663 5262 καὶ
729 5204 1021 5286 θεότητοςς
1082 5207 1142 5263 Ei
1183 5204 1238 5262 δὲ
1294 5206 1432 5282 μήτε
1484 5209 1513 5264 ὁ
1566 5207 1684 5269 Υἱὸς
1896 5211 1990 5262 τοῦ

329 5293 671 5368 Πνεῦματος,
746 5295 884 5369 μήτε
939 5296 1001 5351 τὸ
1056 5301 1269 5370 Πνεῦμα
1311 5294 1571 5372 πηγάζον,
1630 5296 1718 5352 καὶ
1754 5291 1987 5350 ἀναϐλύ-

328 5386 419 5452 ζον
447 5381 637 5459 ῥηθείη
692 5384 755 5439 ὲκ
808 5389 902 5440 τοῦ
953 5384 1097 5463 Υἱοῦ,
1153 5389 1270 5447 πῶς
1313 5384 1407 5440 οὒκ
1432 5382 1494 5440 ἂν
1526 5384 1619 5451 εἴη
1660 5383 1721 5440 τὰ
1780 5389 1990 5457 Πνεῦμα

338 5465 668 5550 διῃρημένον
723 5469 985 5538 οὖσιωδῶς
1036 5471 1128 5529 τοῦ
1170 5472 1292 5529 Υἱοῦ
1325 5491 1342 5548 ;
1378 5463 1438 5530 Ἠ
1470 5469 1525 5529 δὲ
1565 5470 1811 5552 διαίρεσις
1855 5472 1988 5539 αὕτη

328 5557 492 5615 πόθεν
535 5558 968 5628 ὶπηκολούθησεν
1021 5559 1236 5619 ἄλλοθεν
1293 5560 1374 5618 ὅτι
1433 5561 1510 5638 μὴ
1567 5560 1627 5619 ἐκ
1655 5566 1754 5629 τῆς
1782 5559 1987 5637 τόλμης

2069 2067 2301 2151 tes,ipsi
2331 2071 2522 2149 potius
2551 2072 2925 2133 essentialem
2960 2072 3305 2134 divisionem
3325 2073 3458 2136 Filii
3502 2077 3721 2157 etSpi-

2077 2158 2224 2219 ritus
2262 2170 2465 2222 tenere
2513 2162 3222 2242 deprehendantur.Esto
3283 2163 3466 2237 enim,
3501 2174 3563 2225 ut
3609 2166 3724 2246 ipsi

2076 2246 2352 2320 fatentur,
2408 2270 2521 2310 non
2557 2252 2838 2330 procedat
2893 2268 2997 2331 per
3041 2251 3253 2314 Filium
3282 2269 3346 2312 ex
3380 2252 3551 2315 Patre
3577 2252 3720 2334 Spi-

2076 2337 2250 2413 ritus,
2282 2344 2385 2402 sed
2417 2342 2797 2404 continenter
2846 2341 3306 2423 immediateque
3334 2345 3418 2405 uti
3449 2353 3508 2405 et
3539 2345 3722 2407 Filius

2075 2444 2144 2490 ex
2187 2432 2356 2490 Patre
2379 2440 2636 2503 emanet,
2670 2449 2744 2491 an
2776 2449 2895 2491 non
2944 2440 2998 2492 et
3030 2430 3157 2510 ipse
3199 2433 3499 2495 secnndus
3548 2436 3660 2497 erit
3688 2454 3723 2498 a

2077 2517 2295 2579 Patre?
2327 2523 2391 2581 Et
2424 2520 2768 2600 producant,
2805 2519 2904 2600 qui
2953 2520 3169 2581 similia
3212 2521 3450 2598 dixerit,
3485 2527 3720 2587 Patrem

2077 2607 2439 2688 theologum,
2484 2617 2541 2669 et
2580 2609 3064 2690 persuadebunt:
3101 2611 3254 2689 quod
3284 2611 3333 2672 si
3358 2630 3476 2674 non
3499 2614 3723 2675 habent

2078 2714 2274 2775 neque
2319 2697 2541 2769 dicere,
2597 2716 2790 2778 neque
2821 2708 3313 2780 commonstrare,
3362 2700 3724 2763 suadeantur

2080 2784 2216 2865 ipsi,
2253 2794 2308 2845 et
2340 2786 2610 2847 Patribus
2640 2786 3057 2848 contradicere
3091 2806 3207 2847 non
3238 2805 3405 2869 aeque
3439 2791 3714 2853 audeant.

2078 2877 2198 2938 Nos
2211 2876 2368 2939 enim
2387 2896 2494 2957 per
2518 2877 2728 2938 Filium
2755 2879 3079 2958 procedere
3092 2892 3502 2942 asseverantes
3526 2882 3584 2943 in
3601 2902 3723 2944 me-

2080 2963 2241 3025 dium
2265 2965 2645 3044 producimus
2667 2966 2935 3027 dicentes
2966 2967 3201 3026 tertium
3240 2966 3656 3048 csseSpiritum
3689 2990 3723 3031 a

2015 3043 2054 3093 C
2080 3043 2472 3132 Patrepalam
2513 3056 2854 3133 evulgantes
2894 3064 3153 3134 sanctos,
3206 3043 3490 3118 similium
3524 3076 3721 3119 enun-

2080 3143 2352 3204 tiaturum
2385 3154 2676 3211 auctores.
2705 3163 2956 3222 quorum
2995 3145 3371 3220 testimoniis,
3407 3165 3539 3227 qua;
3568 3166 3717 3210 con-

2079 3232 2399 3305 tendimus,
2435 3232 2913 3311 comprobamus.
2949 3234 3062 3294 Per
3089 3231 3303 3294 Filium
3342 3235 3496 3296 Patri
3526 3236 3724 3316 Spiri-

2080 3328 2201 3381 tum
2235 3321 2391 3381 uniri
2423 3321 2743 3393 tradentes,
2779 3340 2895 3382 non
2931 3340 3115 3401 pauca
3144 3323 3365 3402 scripto
3400 3325 3610 3387 tradita
3641 3335 3723 3387 te-

2077 3410 2356 3470 stimonia
2411 3410 2816 3489 producimus,
2855 3420 2911 3471 et
2941 3411 3042 3490 qui
3071 3419 3202 3471 avet
3236 3412 3531 3474 dictorum
3560 3414 3720 3475 veri-

2078 3505 2194 3559 tem
2226 3498 2559 3572 addiscere,
2590 3517 2719 3579 quae
2749 3517 2782 3559 a
2811 3499 2983 3559 nobis
3005 3499 3081 3560 de
3108 3499 3290 3561 rebus
3322 3501 3484 3563 hisce
3508 3504 3567 3564 in
3589 3504 3721 3565 aliis

2074 3588 2536 3649 Commentariis
2565 3588 2829 3669 exposita
2853 3597 3014 3666 sunt,
3040 3606 3421 3669 percurrens,
3445 3600 3721 3655 accurate

2083 3686 2418 3756 cognoscet.

2163 3770 2220 3829 4.
2256 3766 2324 3827 Hi
2346 3768 2599 3846 porro,si
2624 3767 2695 3828 ad
2718 3766 3172 3830 conwllendum
3205 3768 3722 3832 ordinemincum-

2082 3858 2308 3927 bentes,
2372 3878 2488 3919 non
2549 3867 2772 3920 tantum
2822 3859 3059 3935 Filium,
3123 3862 3227 3923 sed
3262 3871 3319 3923 et
3349 3861 3637 3944 Spiritum
3688 3882 3722 3924 a

2081 3946 2476 4011 Patreordine
2493 3950 2818 4009 secundum
2852 3969 2985 4012 esse
3008 3952 3307 4013 afﬁrmare
3326 3952 3722 4015 inverecunde

2076 4046 2457 4118 przesumant,
2490 4038 2860 4099 conﬁderent
2916 4058 3014 4113 ne,
3069 4053 3133 4103 ut
3175 4041 3318 4121 dixn,
3362 4041 3723 4104 divisionem

2077 4125 2211 4187 Filii
2238 4135 2296 4187 et
2326 4124 2579 4206 Spiritus
2613 4134 2913 4188 insinuare
2936 4129 3560 4208 deprehendantur.Et
3582 4148 3721 4210 qua-

2073 4233 2208 4275 nam
2265 4216 2521 4289 ratione,
2580 4214 2744 4277 hisce
2794 4217 3173 4278 manifestum
3226 4217 3425 4279 fuerit.
3464 4216 3721 4299 Spiritus

2074 4301 2703 4372 sanctus,sisecundus
2724 4313 2816 4364 est
2846 4323 2880 4365 a
2913 4309 3101 4381 Patre,
3136 4305 3426 4367 relatione
3442 4306 3712 4379 eﬂ‘ectus,

2015 4394 2061 4445 D
2083 4393 2271 4472 palam
2295 4402 2383 4455 est
2404 4412 2518 4455 non
2544 4412 2674 4457 esse
2708 4412 2815 4474 per
2842 4392 3060 4453 Filium
3090 4413 3158 4455 ex
3183 4392 3720 4456 Patre.Destructio

2076 4482 2234 4543 enim
2295 4482 2606 4544 manifesto
2656 4482 2821 4544 illius
2874 4490 3036 4559 sunt,
3088 4483 3370 4563 Spiritum
3418 4500 3550 4545 esse
3613 4501 3719 4563 per

2075 4571 2312 4652 Filium,
2346 4573 2625 4633 secundm
2656 4571 2911 4651 Spiritus
2966 4580 3160 4650 partes
3208 4590 3345 4650 erga
3381 4574 3617 4634 Patrem
3667 4570 3721 4631 si

2073 4661 2319 4722 eti‘ectus
2348 4661 2556 4722 relatio
2587 4658 3016 4722 attendatur.Id
3051 4660 3100 4722 si
3130 4660 3509 4736 concedatur,
3545 4668 3604 4721 et
3644 4658 3722 4721 sit

2076 4757 2358 4827 praeterea
2402 4750 2524 4830 jam
2581 4749 2642 4809 in
2684 4749 2974 4812 confessis
3003 4767 3072 4812 ex
3100 4752 3336 4811 Patrum
3369 4747 3721 4827 theologicis

2074 4838 2332 4920 scriptis,
2350 4838 2622 4901 exhiberi
2652 4838 2943 4919 Spiritum
2976 4857 3010 4900 a
3041 4837 3175 4900 Filii
3207 4839 3467 4900 essentia
3498 4846 3556 4899 et
3588 4837 3720 4899 Dei-

2073 4938 2213 5005 tate,
2249 4947 2363 5010 quo
2395 4938 2564 5009 pacto
2595 4930 2724 4989 fons
2754 4928 3006 5008 Spiritus
3038 4927 3269 4989 dicetur
3301 4926 3725 5009 Filius,etSpi-

2071 5020 2218 5082 ritus
2272 5036 2558 5081 emanans
2590 5027 2765 5098 atque
2797 5017 3079 5079 exsdiens
3108 5036 3178 5077 ex
3209 5015 3343 5079 Filii
3373 5016 3631 5078 essentia
3663 5023 3722 5078 et

2072 5106 2419 5170 divinitate?
2449 5107 2615 5181 Quod
2651 5108 2703 5168 si
2736 5124 2929 5187 neque
2944 5105 3128 5169 Filius
3159 5117 3250 5169 est
3278 5106 3409 5168 fons
3438 5104 3719 5186 Spiritus,

2073 5217 2267 5280 neque
2293 5196 2547 5279 Spiritus
2576 5215 2859 5257 emanans
2882 5210 2940 5258 et
2972 5195 3252 5258 exsiliens
3283 5215 3352 5258 ex
3381 5195 3529 5259 Filio
3555 5195 3719 5257 dice-

2074 5298 2191 5360 tur,
2226 5287 2522 5367 quomodo
2554 5284 2809 5365 Spiritus
2840 5303 2958 5346 non
2988 5285 3102 5347 erit
3129 5285 3359 5348 divisus
3379 5284 3723 5346 essentiali-

2074 5374 2411 5439 teraFilio.
2445 5373 2516 5435 Et
2547 5374 2672 5435 hazc
2703 5373 2913 5435 divisio
2966 5374 3267 5437 undenam
3302 5372 3545 5437 aliunde
3572 5372 3721 5433 sub-

2073 5473 2278 5529 secuta
2307 5471 2415 5539 est,
2452 5481 2626 5543 quam
2657 5481 2727 5526 ex
2757 5462 3007 5525 audacia
3037 5462 3366 5526 dicentium
3391 5460 3722 5523 secundum

2078 5553 2368 5637 Spiritum
2395 5570 2430 5613 a
2455 5554 2629 5615 Patre
2657 5551 2866 5614 ordine
2896 5569 3028 5615 esse
3058 5551 3348 5614 relatione
3374 5549 3619 5611 eﬂ‘ectus
3641 5546 3672 5608 ?

332 5654 441 5704 τῶν
482 5646 757 5726 λεγόντων
785 5655 878 5705 τοῦ
923 5651 1126 5732 Πατρδς
1157 5651 1216 5707 τὸ
1259 5656 1472 5728 Πνεῦμα
1501 5651 1635 5708 κατᾶ
1664 5651 1762 5719 τὴν
1790 5650 1881 5708 τοῦ
1912 5656 2149 5715 αἰτιατοῦ
2179 5643 2364 5726 σχέσιν
2405 5642 2653 5722 τετάχθαι
2678 5662 2695 5727 ;
