  <div class='ocr_page' id='page_1' title='image "/cluster/home/n/w/nwhite01/storage/ocr_20150623/141/mdp.39015078384206/123.png"; bbox 0 0 4178 6286; ppageno 0'>
   <div class='ocr_carea' id='block_1_1' title="bbox 498 326 609 392">
    <p class='ocr_par' dir='ltr' id='par_1_1' title="bbox 498 326 609 392">
     <span class='ocr_line' id='line_1_1' title="bbox 498 326 609 392; baseline 0.027 -3"><span class='ocrx_word' id='word_1_1' title='bbox 498 326 609 392; x_wconf 68' lang='grc'>931</span> 
     </span>
    </p>
   </div>
   <div class='ocr_carea' id='block_1_2' title="bbox 1598 320 2792 390">
    <p class='ocr_par' dir='ltr' id='par_1_2' title="bbox 1598 320 2792 390">
     <span class='ocr_line' id='line_1_2' title="bbox 1598 320 2792 390; baseline -0.002 -1"><span class='ocrx_word' id='word_1_2' title='bbox 1598 325 1806 390; x_wconf 79' lang='lat' dir='ltr'>JOAN.</span> <span class='ocrx_word' id='word_1_3' title='bbox 1855 325 2077 388; x_wconf 79' lang='lat' dir='ltr'><strong>VECCI</strong></span> <span class='ocrx_word' id='word_1_4' title='bbox 2117 322 2228 387; x_wconf 81' lang='grc' dir='ltr'>ΟΡ.</span> <span class='ocrx_word' id='word_1_5' title='bbox 2279 320 2792 389; x_wconf 74' lang='lat' dir='ltr'>PATRIARCHA!</span> 
     </span>
    </p>
   </div>
   <div class='ocr_carea' id='block_1_3' title="bbox 3763 327 3881 394">
    <p class='ocr_par' dir='ltr' id='par_1_3' title="bbox 3763 327 3881 394">
     <span class='ocr_line' id='line_1_3' title="bbox 3763 327 3881 394; baseline 0.017 -2"><span class='ocrx_word' id='word_1_6' title='bbox 3763 327 3881 394; x_wconf 74' lang='lat'>23?</span> 
     </span>
    </p>
   </div>
   <div class='ocr_carea' id='block_1_4' title="bbox 486 454 2126 542">
    <p class='ocr_par' dir='ltr' id='par_1_4' title="bbox 486 454 2126 542">
     <span class='ocr_line' id='line_1_4' title="bbox 486 454 2126 542; baseline -0.001 -25"><span class='ocrx_word' id='word_1_7' title='bbox 486 476 650 532; x_wconf 91' lang='lat' dir='ltr'>nare,</span> <span class='ocrx_word' id='word_1_8' title='bbox 686 466 745 523; x_wconf 88' lang='lat' dir='ltr'>et</span> <span class='ocrx_word' id='word_1_9' title='bbox 776 459 1086 542; x_wconf 86' lang='lat' dir='ltr'>progredi,</span> <span class='ocrx_word' id='word_1_10' title='bbox 1121 456 1450 520; x_wconf 89' lang='lat' dir='ltr'>secundum</span> <span class='ocrx_word' id='word_1_11' title='bbox 1487 474 1653 518; x_wconf 88' lang='lat' dir='ltr'>suam</span> <span class='ocrx_word' id='word_1_12' title='bbox 1684 474 1754 516; x_wconf 87' lang='lat' dir='ltr'>ex</span> <span class='ocrx_word' id='word_1_13' title='bbox 1783 454 1951 516; x_wconf 84' lang='lat' dir='ltr'>Patre</span> <span class='ocrx_word' id='word_1_14' title='bbox 1984 455 2126 517; x_wconf 84' lang='lat' dir='ltr'>exsi-</span> 
     </span>
    </p>
   </div>
   <div class='ocr_carea' id='block_1_5' title="bbox 2213 454 3878 542">
    <p class='ocr_par' dir='ltr' id='par_1_5' title="bbox 2232 460 3878 541">
     <span class='ocr_line' id='line_1_5' title="bbox 2232 460 3878 541; baseline 0.004 -28"><span class='ocrx_word' id='word_1_15' title='bbox 2232 471 2698 536; x_wconf 70' lang='grc' dir='ltr'>συμπαρομαρτεῖν</span> <span class='ocrx_word' id='word_1_16' title='bbox 2768 465 2845 531; x_wconf 83' lang='grc' dir='ltr'>τῷ</span> <span class='ocrx_word' id='word_1_17' title='bbox 2910 461 3014 531; x_wconf 83' lang='grc' dir='ltr'>Υἱῷ</span> <span class='ocrx_word' id='word_1_18' title='bbox 3067 460 3203 514; x_wconf 86' lang='grc' dir='ltr'>κατά</span> <span class='ocrx_word' id='word_1_19' title='bbox 3256 460 3356 527; x_wconf 79' lang='grc' dir='ltr'>τὴν</span> <span class='ocrx_word' id='word_1_20' title='bbox 3414 463 3474 517; x_wconf 73' lang='grc' dir='ltr'>ὲκ</span> <span class='ocrx_word' id='word_1_21' title='bbox 3548 463 3753 541; x_wconf 86' lang='grc' dir='ltr'>Ηατρὸς</span> <span class='ocrx_word' id='word_1_22' title='bbox 3785 469 3878 523; x_wconf 72' lang='grc' dir='ltr'>αὒ-</span> 
     </span>
    </p>
   </div>
   <div class='ocr_carea' id='block_1_6' title="bbox 486 544 2140 629">
    <p class='ocr_par' dir='ltr' id='par_1_6' title="bbox 486 544 2140 629">
     <span class='ocr_line' id='line_1_6' title="bbox 486 544 2140 629; baseline 0 -23"><span class='ocrx_word' id='word_1_23' title='bbox 486 547 788 629; x_wconf 85' lang='lat' dir='ltr'>stentiam,</span> <span class='ocrx_word' id='word_1_24' title='bbox 823 556 881 610; x_wconf 92' lang='lat' dir='ltr'>et</span> <span class='ocrx_word' id='word_1_25' title='bbox 901 548 960 609; x_wconf 91' lang='lat' dir='ltr'>in</span> <span class='ocrx_word' id='word_1_26' title='bbox 987 547 1281 609; x_wconf 75' lang='lat' dir='ltr'>confessis</span> <span class='ocrx_word' id='word_1_27' title='bbox 1311 564 1552 626; x_wconf 90' lang='lat' dir='ltr'>quoque</span> <span class='ocrx_word' id='word_1_28' title='bbox 1585 544 1983 617; x_wconf 89' lang='lat' dir='ltr'>est,eumdem</span> <span class='ocrx_word' id='word_1_29' title='bbox 2010 563 2140 606; x_wconf 83' lang='lat' dir='ltr'>esse</span> 
     </span>
    </p>
   </div>
   <div class='ocr_carea' id='block_1_7' title="bbox 2226 543 3877 628">
    <p class='ocr_par' dir='ltr' id='par_1_7' title="bbox 2226 543 3877 628">
     <span class='ocr_line' id='line_1_7' title="bbox 2226 543 3877 628; baseline 0.004 -28"><span class='ocrx_word' id='word_1_30' title='bbox 2226 545 2332 600; x_wconf 80' lang='grc' dir='ltr'>τῶν</span> <span class='ocrx_word' id='word_1_31' title='bbox 2386 544 2624 625; x_wconf 74' lang='grc' dir='ltr'>ὕπαρξιν,</span> <span class='ocrx_word' id='word_1_32' title='bbox 2697 543 2833 601; x_wconf 80' lang='grc' dir='ltr'>ἀλλὰ</span> <span class='ocrx_word' id='word_1_33' title='bbox 2904 544 3342 624; x_wconf 82' lang='grc' dir='ltr'>συνωμολόγηται</span> <span class='ocrx_word' id='word_1_34' title='bbox 3414 548 3673 628; x_wconf 77' lang='grc' dir='ltr'>ὑπάρχειν</span> <span class='ocrx_word' id='word_1_35' title='bbox 3751 551 3877 606; x_wconf 72' lang='grc' dir='ltr'>αὐτὸ</span> 
     </span>
    </p>
   </div>
   <div class='ocr_carea' id='block_1_8' title="bbox 487 632 2126 718">
    <p class='ocr_par' dir='ltr' id='par_1_8' title="bbox 487 634 2126 716">
     <span class='ocr_line' id='line_1_8' title="bbox 487 634 2126 716; baseline 0 -21"><span class='ocrx_word' id='word_1_36' title='bbox 487 644 543 695; x_wconf 82' lang='lat' dir='ltr'>et</span> <span class='ocrx_word' id='word_1_37' title='bbox 574 654 682 716; x_wconf 91' lang='lat' dir='ltr'>per</span> <span class='ocrx_word' id='word_1_38' title='bbox 710 638 945 713; x_wconf 88' lang='lat' dir='ltr'>Filium,</span> <span class='ocrx_word' id='word_1_39' title='bbox 981 649 1036 698; x_wconf 91' lang='lat' dir='ltr'>et</span> <span class='ocrx_word' id='word_1_40' title='bbox 1066 646 1343 699; x_wconf 90' lang='lat' dir='ltr'>neutrum</span> <span class='ocrx_word' id='word_1_41' title='bbox 1376 634 1548 695; x_wconf 80' lang='lat' dir='ltr'><strong>alteri</strong></span> <span class='ocrx_word' id='word_1_42' title='bbox 1575 634 2126 715; x_wconf 61' lang='lat' dir='ltr'>adversatumnequt</span> 
     </span>
    </p>
   </div>
   <div class='ocr_carea' id='block_1_9' title="bbox 2213 632 3879 718">
    <p class='ocr_par' dir='ltr' id='par_1_9' title="bbox 2225 632 3879 718">
     <span class='ocr_line' id='line_1_9' title="bbox 2225 632 3879 718; baseline 0.004 -30"><span class='ocrx_word' id='word_1_43' title='bbox 2225 635 2310 689; x_wconf 79' lang='grc' dir='ltr'>καὶ</span> <span class='ocrx_word' id='word_1_44' title='bbox 2368 632 2452 693; x_wconf 80' lang='grc' dir='ltr'>διὰ</span> <span class='ocrx_word' id='word_1_45' title='bbox 2507 642 2601 691; x_wconf 92' lang='grc' dir='ltr'>τοῦ</span> <span class='ocrx_word' id='word_1_46' title='bbox 2664 636 2804 705; x_wconf 78' lang='grc' dir='ltr'>Υἱοῦ,</span> <span class='ocrx_word' id='word_1_47' title='bbox 2862 636 2948 695; x_wconf 71' lang='grc' dir='ltr'>καὶ</span> <span class='ocrx_word' id='word_1_48' title='bbox 3003 632 3267 714; x_wconf 66' lang='grc' dir='ltr'>οὐδέτερον</span> <span class='ocrx_word' id='word_1_49' title='bbox 3337 643 3413 711; x_wconf 85' lang='grc' dir='ltr'>τῷ</span> <span class='ocrx_word' id='word_1_50' title='bbox 3454 636 3615 715; x_wconf 70' lang='grc' dir='ltr'>ἐτέρνρ</span> <span class='ocrx_word' id='word_1_51' title='bbox 3643 638 3879 718; x_wconf 62' lang='grc' dir='ltr'>μάχεται</span> 
     </span>
    </p>
   </div>
   <div class='ocr_carea' id='block_1_10' title="bbox 483 723 2136 804">
    <p class='ocr_par' dir='ltr' id='par_1_10' title="bbox 483 723 2136 804">
     <span class='ocr_line' id='line_1_10' title="bbox 483 723 2136 804; baseline -0.001 -19"><span class='ocrx_word' id='word_1_52' title='bbox 483 724 734 786; x_wconf 89' lang='lat' dir='ltr'>alterum</span> <span class='ocrx_word' id='word_1_53' title='bbox 766 726 1068 799; x_wconf 90' lang='lat' dir='ltr'>convellit,</span> <span class='ocrx_word' id='word_1_54' title='bbox 1102 734 1161 785; x_wconf 93' lang='lat' dir='ltr'>et</span> <span class='ocrx_word' id='word_1_55' title='bbox 1191 724 1347 804; x_wconf 91' lang='lat' dir='ltr'>quod</span> <span class='ocrx_word' id='word_1_56' title='bbox 1375 741 1443 784; x_wconf 85' lang='lat' dir='ltr'>ex</span> <span class='ocrx_word' id='word_1_57' title='bbox 1486 742 1603 782; x_wconf 92' lang='lat' dir='ltr'>uno</span> <span class='ocrx_word' id='word_1_58' title='bbox 1637 723 1890 783; x_wconf 90' lang='lat' dir='ltr'>alterum</span> <span class='ocrx_word' id='word_1_59' title='bbox 1921 742 2136 784; x_wconf 89' lang='lat' dir='ltr'>conse-</span> 
     </span>
    </p>
   </div>
   <div class='ocr_carea' id='block_1_11' title="bbox 483 811 2131 893">
    <p class='ocr_par' dir='ltr' id='par_1_11' title="bbox 483 811 2131 893">
     <span class='ocr_line' id='line_1_11' title="bbox 483 811 2131 893; baseline 0.001 -20"><span class='ocrx_word' id='word_1_60' title='bbox 483 813 702 893; x_wconf 82' lang='lat' dir='ltr'>quitur,</span> <span class='ocrx_word' id='word_1_61' title='bbox 734 814 890 876; x_wconf 92' lang='lat' dir='ltr'>inter</span> <span class='ocrx_word' id='word_1_62' title='bbox 918 833 1051 875; x_wconf 87' lang='lat' dir='ltr'>sese</span> <span class='ocrx_word' id='word_1_63' title='bbox 1087 823 1333 892; x_wconf 86' lang='lat' dir='ltr'>utraque</span> <span class='ocrx_word' id='word_1_64' title='bbox 1361 811 1741 873; x_wconf 82' lang='lat' dir='ltr'>concorditer</span> <span class='ocrx_word' id='word_1_65' title='bbox 1775 823 2131 888; x_wconf 78' lang='lat' dir='ltr'>congruunt.</span> 
     </span>
    </p>
   </div>
   <div class='ocr_carea' id='block_1_12' title="bbox 483 899 2129 981">
    <p class='ocr_par' dir='ltr' id='par_1_12' title="bbox 483 899 2129 981">
     <span class='ocr_line' id='line_1_12' title="bbox 483 899 2129 981; baseline -0.002 -18"><span class='ocrx_word' id='word_1_66' title='bbox 483 903 554 963; x_wconf 91' lang='lat' dir='ltr'>Et</span> <span class='ocrx_word' id='word_1_67' title='bbox 584 903 658 964; x_wconf 92' lang='lat' dir='ltr'>de</span> <span class='ocrx_word' id='word_1_68' title='bbox 688 903 762 965; x_wconf 76' lang='lat' dir='ltr'>iis</span> <span class='ocrx_word' id='word_1_69' title='bbox 778 913 1115 967; x_wconf 80' lang='lat' dir='ltr'>accuratum</span> <span class='ocrx_word' id='word_1_70' title='bbox 1143 919 1481 963; x_wconf 85' lang='lat' dir='ltr'>sermonem</span> <span class='ocrx_word' id='word_1_71' title='bbox 1506 899 1877 976; x_wconf 76' lang='lat' dir='ltr'>haberi,ﬁuri</span> <span class='ocrx_word' id='word_1_72' title='bbox 1909 900 2129 981; x_wconf 89' lang='lat' dir='ltr'>nequit,</span> 
     </span>
    </p>
   </div>
   <div class='ocr_carea' id='block_1_13' title="bbox 482 988 2130 1072">
    <p class='ocr_par' dir='ltr' id='par_1_13' title="bbox 482 988 2130 1072">
     <span class='ocr_line' id='line_1_13' title="bbox 482 988 2130 1072; baseline -0.001 -21"><span class='ocrx_word' id='word_1_73' title='bbox 482 990 554 1051; x_wconf 90' lang='lat' dir='ltr'>ab</span> <span class='ocrx_word' id='word_1_74' title='bbox 589 991 788 1072; x_wconf 90' lang='lat' dir='ltr'>iis,qui</span> <span class='ocrx_word' id='word_1_75' title='bbox 817 993 1056 1069; x_wconf 83' lang='lat' dir='ltr'>callent,</span> <span class='ocrx_word' id='word_1_76' title='bbox 1077 1008 1255 1071; x_wconf 88' lang='lat' dir='ltr'>supra</span> <span class='ocrx_word' id='word_1_77' title='bbox 1286 1008 1524 1050; x_wconf 91' lang='lat' dir='ltr'>omnem</span> <span class='ocrx_word' id='word_1_78' title='bbox 1560 988 2130 1051; x_wconf 79' lang='lat' dir='ltr'>demonstrationem</span> 
     </span>
    </p>
   </div>
   <div class='ocr_carea' id='block_1_14' title="bbox 482 1078 2130 1159">
    <p class='ocr_par' dir='ltr' id='par_1_14' title="bbox 482 1078 2130 1159">
     <span class='ocr_line' id='line_1_14' title="bbox 482 1078 2130 1159; baseline -0.002 -19"><span class='ocrx_word' id='word_1_79' title='bbox 482 1080 1040 1159; x_wconf 85' lang='lat' dir='ltr'>esse,etnaturalem</span> <span class='ocrx_word' id='word_1_80' title='bbox 1075 1080 1362 1140; x_wconf 89' lang='lat' dir='ltr'>rationem</span> <span class='ocrx_word' id='word_1_81' title='bbox 1389 1096 1743 1156; x_wconf 86' lang='lat' dir='ltr'>exsuperare</span> <span class='ocrx_word' id='word_1_82' title='bbox 1769 1078 1929 1139; x_wconf 91' lang='lat' dir='ltr'>illius</span> <span class='ocrx_word' id='word_1_83' title='bbox 1955 1087 2130 1138; x_wconf 91' lang='lat' dir='ltr'>natu-</span> 
     </span>
    </p>
   </div>
   <div class='ocr_carea' id='block_1_15' title="bbox 481 1164 2130 1247">
    <p class='ocr_par' dir='ltr' id='par_1_15' title="bbox 481 1164 2130 1247">
     <span class='ocr_line' id='line_1_15' title="bbox 481 1164 2130 1247; baseline 0 -21"><span class='ocrx_word' id='word_1_84' title='bbox 481 1185 605 1229; x_wconf 89' lang='lat' dir='ltr'>ram</span> <span class='ocrx_word' id='word_1_85' title='bbox 637 1168 891 1229; x_wconf 86' lang='lat' dir='ltr'>divinam</span> <span class='ocrx_word' id='word_1_86' title='bbox 924 1177 1098 1247; x_wconf 88' lang='lat' dir='ltr'>atque</span> <span class='ocrx_word' id='word_1_87' title='bbox 1123 1167 1712 1246; x_wconf 88' lang='lat' dir='ltr'>incomprehensam.</span> <span class='ocrx_word' id='word_1_88' title='bbox 1744 1164 2035 1228; x_wconf 86' lang='lat' dir='ltr'>Ubienim</span> <span class='ocrx_word' id='word_1_89' title='bbox 2062 1166 2130 1226; x_wconf 84' lang='lat' dir='ltr'>il-</span> 
     </span>
    </p>
   </div>
   <div class='ocr_carea' id='block_1_16' title="bbox 481 1254 2128 1338">
    <p class='ocr_par' dir='ltr' id='par_1_16' title="bbox 481 1254 2128 1338">
     <span class='ocr_line' id='line_1_16' title="bbox 481 1254 2128 1338; baseline -0.001 -21"><span class='ocrx_word' id='word_1_90' title='bbox 481 1256 595 1317; x_wconf 92' lang='lat' dir='ltr'>lius</span> <span class='ocrx_word' id='word_1_91' title='bbox 623 1256 818 1319; x_wconf 91' lang='lat' dir='ltr'>incom</span> <span class='ocrx_word' id='word_1_92' title='bbox 830 1258 1188 1338; x_wconf 88' lang='lat' dir='ltr'>prehensum</span> <span class='ocrx_word' id='word_1_93' title='bbox 1206 1254 1459 1333; x_wconf 80' lang='lat' dir='ltr'>fuerit,si</span> <span class='ocrx_word' id='word_1_94' title='bbox 1475 1255 1606 1335; x_wconf 86' lang='lat' dir='ltr'><strong>quis</strong></span> <span class='ocrx_word' id='word_1_95' title='bbox 1623 1275 1686 1315; x_wconf 88' lang='lat' dir='ltr'>se</span> <span class='ocrx_word' id='word_1_96' title='bbox 1711 1255 1864 1315; x_wconf 85' lang='lat' dir='ltr'>scire</span> <span class='ocrx_word' id='word_1_97' title='bbox 1882 1263 2128 1315; x_wconf 85' lang='lat' dir='ltr'>conten-</span> 
     </span>
    </p>
   </div>
   <div class='ocr_carea' id='block_1_17' title="bbox 481 1343 2133 1426">
    <p class='ocr_par' dir='ltr' id='par_1_17' title="bbox 481 1343 2133 1426">
     <span class='ocr_line' id='line_1_17' title="bbox 481 1343 2133 1426; baseline -0.001 -21"><span class='ocrx_word' id='word_1_98' title='bbox 481 1346 601 1417; x_wconf 85' lang='lat' dir='ltr'>dat,</span> <span class='ocrx_word' id='word_1_99' title='bbox 629 1366 744 1426; x_wconf 89' lang='lat' dir='ltr'>quo</span> <span class='ocrx_word' id='word_1_100' title='bbox 774 1355 943 1426; x_wconf 86' lang='lat' dir='ltr'>pacto</span> <span class='ocrx_word' id='word_1_101' title='bbox 976 1344 1231 1425; x_wconf 81' lang='lat' dir='ltr'>Spiritus</span> <span class='ocrx_word' id='word_1_102' title='bbox 1256 1363 1369 1404; x_wconf 89' lang='lat' dir='ltr'>una</span> <span class='ocrx_word' id='word_1_103' title='bbox 1384 1363 1516 1404; x_wconf 88' lang='lat' dir='ltr'>cum</span> <span class='ocrx_word' id='word_1_104' title='bbox 1541 1343 1687 1405; x_wconf 79' lang='lat' dir='ltr'>Filio</span> <span class='ocrx_word' id='word_1_105' title='bbox 1710 1359 2133 1423; x_wconf 86' lang='lat' dir='ltr'>emanans,per</span> 
     </span>
    </p>
   </div>
   <div class='ocr_carea' id='block_1_18' title="bbox 484 1429 2129 1515">
    <p class='ocr_par' dir='ltr' id='par_1_18' title="bbox 484 1429 2129 1515">
     <span class='ocr_line' id='line_1_18' title="bbox 484 1429 2129 1515; baseline -0.001 -20"><span class='ocrx_word' id='word_1_106' title='bbox 484 1433 698 1495; x_wconf 89' lang='lat' dir='ltr'>Filium</span> <span class='ocrx_word' id='word_1_107' title='bbox 731 1452 797 1495; x_wconf 83' lang='lat' dir='ltr'>ex</span> <span class='ocrx_word' id='word_1_108' title='bbox 823 1438 996 1497; x_wconf 87' lang='lat' dir='ltr'>Patre</span> <span class='ocrx_word' id='word_1_109' title='bbox 1029 1432 1432 1515; x_wconf 75' lang='lat' dir='ltr'>progreditur?</span> <span class='ocrx_word' id='word_1_110' title='bbox 1461 1429 1877 1493; x_wconf 83' lang='lat' dir='ltr'>Verumtamen</span> <span class='ocrx_word' id='word_1_111' title='bbox 1902 1451 2034 1493; x_wconf 91' lang='lat' dir='ltr'>cum</span> <span class='ocrx_word' id='word_1_112' title='bbox 2057 1432 2129 1493; x_wconf 89' lang='lat' dir='ltr'>ad</span> 
     </span>
    </p>
   </div>
   <div class='ocr_carea' id='block_1_19' title="bbox 480 1519 2129 1603">
    <p class='ocr_par' dir='ltr' id='par_1_19' title="bbox 480 1519 2129 1603">
     <span class='ocr_line' id='line_1_19' title="bbox 480 1519 2129 1603; baseline -0.001 -21"><span class='ocrx_word' id='word_1_113' title='bbox 480 1522 906 1585; x_wconf 85' lang='lat' dir='ltr'>subobscuram</span> <span class='ocrx_word' id='word_1_114' title='bbox 934 1524 1251 1603; x_wconf 86' lang='lat' dir='ltr'>quamdam</span> <span class='ocrx_word' id='word_1_115' title='bbox 1287 1519 1644 1598; x_wconf 82' lang='lat' dir='ltr'>cognitionis</span> <span class='ocrx_word' id='word_1_116' title='bbox 1674 1540 1871 1581; x_wconf 91' lang='lat' dir='ltr'>rerum</span> <span class='ocrx_word' id='word_1_117' title='bbox 1899 1521 2129 1582; x_wconf 92' lang='lat' dir='ltr'>incom-</span> 
     </span>
    </p>
   </div>
   <div class='ocr_carea' id='block_1_20' title="bbox 483 1609 2134 1692">
    <p class='ocr_par' dir='ltr' id='par_1_20' title="bbox 483 1609 2134 1692">
     <span class='ocr_line' id='line_1_20' title="bbox 483 1609 2134 1692; baseline -0.001 -20"><span class='ocrx_word' id='word_1_118' title='bbox 483 1612 904 1691; x_wconf 89' lang='lat' dir='ltr'>prehensarum</span> <span class='ocrx_word' id='word_1_119' title='bbox 931 1612 1195 1692; x_wconf 74' lang='lat' dir='ltr'>speciem</span> <span class='ocrx_word' id='word_1_120' title='bbox 1224 1611 1924 1690; x_wconf 81' lang='lat' dir='ltr'>consequendum,supra</span> <span class='ocrx_word' id='word_1_121' title='bbox 1942 1609 2134 1688; x_wconf 85' lang='lat' dir='ltr'>diges-</span> 
     </span>
    </p>
   </div>
   <div class='ocr_carea' id='block_1_21' title="bbox 478 1697 2133 1777">
    <p class='ocr_par' dir='ltr' id='par_1_21' title="bbox 478 1697 2133 1777">
     <span class='ocr_line' id='line_1_21' title="bbox 478 1697 2133 1777; baseline -0.001 -18"><span class='ocrx_word' id='word_1_122' title='bbox 478 1706 568 1760; x_wconf 87' lang='lat' dir='ltr'>tas</span> <span class='ocrx_word' id='word_1_123' title='bbox 599 1698 1096 1776; x_wconf 76' lang='lat' dir='ltr'>imaginesPatres</span> <span class='ocrx_word' id='word_1_124' title='bbox 1138 1697 1586 1770; x_wconf 82' lang='lat' dir='ltr'>tradiderint,ex</span> <span class='ocrx_word' id='word_1_125' title='bbox 1612 1698 1822 1758; x_wconf 88' lang='lat' dir='ltr'>iisdem</span> <span class='ocrx_word' id='word_1_126' title='bbox 1862 1697 2002 1777; x_wconf 86' lang='lat' dir='ltr'>ipsis</span> <span class='ocrx_word' id='word_1_127' title='bbox 2025 1716 2133 1757; x_wconf 92' lang='lat' dir='ltr'>nos</span> 
     </span>
    </p>
   </div>
   <div class='ocr_carea' id='block_1_22' title="bbox 2223 723 3873 805">
    <p class='ocr_par' dir='ltr' id='par_1_22' title="bbox 2223 723 3873 805">
     <span class='ocr_line' id='line_1_22' title="bbox 2223 723 3873 805; baseline 0.004 -26"><span class='ocrx_word' id='word_1_128' title='bbox 2223 724 2296 788; x_wconf 81' lang='grc' dir='ltr'>εἷς</span> <span class='ocrx_word' id='word_1_129' title='bbox 2354 724 2681 805; x_wconf 77' lang='grc' dir='ltr'>ἀνατροπὴν,</span> <span class='ocrx_word' id='word_1_130' title='bbox 2749 723 2867 781; x_wconf 87' lang='grc' dir='ltr'>ἀλλ’</span> <span class='ocrx_word' id='word_1_131' title='bbox 2929 723 3009 781; x_wconf 77' lang='grc' dir='ltr'>ὅτι</span> <span class='ocrx_word' id='word_1_132' title='bbox 3076 725 3278 804; x_wconf 85' lang='grc' dir='ltr'>θατέρῳ</span> <span class='ocrx_word' id='word_1_133' title='bbox 3318 728 3380 783; x_wconf 89' lang='grc' dir='ltr'>τὸ</span> <span class='ocrx_word' id='word_1_134' title='bbox 3425 726 3598 805; x_wconf 78' lang='grc' dir='ltr'>ἕτερον</span> <span class='ocrx_word' id='word_1_135' title='bbox 3670 728 3873 802; x_wconf 76' lang='grc' dir='ltr'>ἕπεται,</span> 
     </span>
    </p>
   </div>
   <div class='ocr_carea' id='block_1_23' title="bbox 2220 811 3878 896">
    <p class='ocr_par' dir='ltr' id='par_1_23' title="bbox 2220 811 3878 896">
     <span class='ocr_line' id='line_1_23' title="bbox 2220 811 3878 896; baseline 0.004 -29"><span class='ocrx_word' id='word_1_136' title='bbox 2220 814 2478 891; x_wconf 70' lang='grc' dir='ltr'>σύμφωνα</span> <span class='ocrx_word' id='word_1_137' title='bbox 2574 811 2829 882; x_wconf 83' lang='grc' dir='ltr'>ἀλλήλοις</span> <span class='ocrx_word' id='word_1_138' title='bbox 2928 814 3148 893; x_wconf 79' lang='grc' dir='ltr'>ἑκάτερα</span> <span class='ocrx_word' id='word_1_139' title='bbox 3229 816 3590 896; x_wconf 68' lang='grc' dir='ltr'>ἀναφαίνεται.</span> <span class='ocrx_word' id='word_1_140' title='bbox 3664 819 3763 875; x_wconf 83' lang='grc' dir='ltr'>Καὶ</span> <span class='ocrx_word' id='word_1_141' title='bbox 3816 820 3878 874; x_wconf 87' lang='grc' dir='ltr'>τὸ</span> 
     </span>
    </p>
   </div>
   <div class='ocr_carea' id='block_1_24' title="bbox 2219 899 3874 981">
    <p class='ocr_par' dir='ltr' id='par_1_24' title="bbox 2219 899 3874 981">
     <span class='ocr_line' id='line_1_24' title="bbox 2219 899 3874 981; baseline 0.005 -26"><span class='ocrx_word' id='word_1_142' title='bbox 2219 900 2318 975; x_wconf 85' lang='grc' dir='ltr'>μὲν</span> <span class='ocrx_word' id='word_1_143' title='bbox 2358 899 2567 981; x_wconf 80' lang='grc' dir='ltr'>ἀκριϐές</span> <span class='ocrx_word' id='word_1_144' title='bbox 2637 924 2686 958; x_wconf 88' lang='grc' dir='ltr'>τι</span> <span class='ocrx_word' id='word_1_145' title='bbox 2763 900 2937 980; x_wconf 85' lang='grc' dir='ltr'>λέγειν</span> <span class='ocrx_word' id='word_1_146' title='bbox 3014 904 3130 981; x_wconf 85' lang='grc' dir='ltr'>περὶ</span> <span class='ocrx_word' id='word_1_147' title='bbox 3187 906 3358 962; x_wconf 71' lang='grc' dir='ltr'>αὖτῶν</span> <span class='ocrx_word' id='word_1_148' title='bbox 3430 906 3525 961; x_wconf 73' lang='grc' dir='ltr'>οὒκ</span> <span class='ocrx_word' id='word_1_149' title='bbox 3582 903 3691 960; x_wconf 74' lang='grc' dir='ltr'>ἔστι</span> <span class='ocrx_word' id='word_1_150' title='bbox 3755 919 3874 968; x_wconf 87' lang='grc' dir='ltr'>τοῖς</span> 
     </span>
    </p>
   </div>
   <div class='ocr_carea' id='block_1_25' title="bbox 2217 988 3871 1074">
    <p class='ocr_par' dir='ltr' id='par_1_25' title="bbox 2217 988 3871 1074">
     <span class='ocr_line' id='line_1_25' title="bbox 2244 988 3657 1024; baseline 0.002 -16"><span class='ocrx_word' id='word_1_151' title='bbox 2244 988 2290 1012; x_wconf 52' lang='grc' dir='ltr'>’Ν</span> <span class='ocrx_word' id='word_1_152' title='bbox 2309 990 2319 1010; x_wconf 81' lang='grc' dir='ltr'><strong><em>Ι</em></strong></span> <span class='ocrx_word' id='word_1_153' title='bbox 2474 992 2486 1011; x_wconf 67' lang='grc' dir='ltr'><strong>ε</strong></span> <span class='ocrx_word' id='word_1_154' title='bbox 2514 1013 2534 1024; x_wconf 61' lang='grc'>-</span> <span class='ocrx_word' id='word_1_155' title='bbox 2852 991 2865 1009; x_wconf 69' lang='grc' dir='ltr'>ν</span> <span class='ocrx_word' id='word_1_156' title='bbox 3012 988 3047 1011; x_wconf 64' lang='grc' dir='ltr'>ΙΓ</span> <span class='ocrx_word' id='word_1_157' title='bbox 3486 993 3498 1015; x_wconf 72' lang='grc'><strong><em>1</em></strong></span> <span class='ocrx_word' id='word_1_158' title='bbox 3645 995 3657 1011; x_wconf 67' lang='grc' dir='ltr'><strong><em>ο</em></strong></span> 
     </span>
     <span class='ocr_line' id='line_1_26' title="bbox 2217 988 3871 1074; baseline 0.004 -30"><span class='ocrx_word' id='word_1_159' title='bbox 2217 1006 2404 1046; x_wconf 85' lang='grc' dir='ltr'>ειοοσιν</span> <span class='ocrx_word' id='word_1_160' title='bbox 2461 1013 2532 1053; x_wconf 75' lang='grc' dir='ltr'>ω,</span> <span class='ocrx_word' id='word_1_161' title='bbox 2592 991 2768 1057; x_wconf 81' lang='grc' dir='ltr'>πάσης</span> <span class='ocrx_word' id='word_1_162' title='bbox 2842 988 3152 1056; x_wconf 68' lang='grc' dir='ltr'>αποδειςεως</span> <span class='ocrx_word' id='word_1_163' title='bbox 3194 993 3229 1060; x_wconf 79' lang='grc' dir='ltr'>ἡ</span> <span class='ocrx_word' id='word_1_164' title='bbox 3291 992 3401 1048; x_wconf 87' lang='grc' dir='ltr'>θεία</span> <span class='ocrx_word' id='word_1_165' title='bbox 3434 1015 3585 1071; x_wconf 75' lang='grc' dir='ltr'>φυσις</span> <span class='ocrx_word' id='word_1_166' title='bbox 3640 1015 3871 1074; x_wconf 89' lang='grc' dir='ltr'>υπεραν-</span> 
     </span>
    </p>
   </div>
   <div class='ocr_carea' id='block_1_26' title="bbox 2214 1079 3867 1162">
    <p class='ocr_par' dir='ltr' id='par_1_26' title="bbox 2214 1079 3867 1162">
     <span class='ocr_line' id='line_1_27' title="bbox 2214 1079 3867 1162; baseline 0.002 -28"><span class='ocrx_word' id='word_1_167' title='bbox 2214 1079 2460 1152; x_wconf 84' lang='grc' dir='ltr'>ᾠκισται,</span> <span class='ocrx_word' id='word_1_168' title='bbox 2522 1080 2610 1135; x_wconf 83' lang='grc' dir='ltr'>καὶ</span> <span class='ocrx_word' id='word_1_169' title='bbox 2664 1080 2736 1144; x_wconf 85' lang='grc' dir='ltr'>ὡς</span> <span class='ocrx_word' id='word_1_170' title='bbox 2808 1079 2979 1136; x_wconf 80' lang='grc' dir='ltr'>πάντα</span> <span class='ocrx_word' id='word_1_171' title='bbox 3036 1083 3259 1159; x_wconf 77' lang='grc' dir='ltr'>φυσικὸν</span> <span class='ocrx_word' id='word_1_172' title='bbox 3328 1079 3490 1159; x_wconf 92' lang='grc' dir='ltr'>λόγον</span> <span class='ocrx_word' id='word_1_173' title='bbox 3550 1084 3867 1162; x_wconf 72' lang='grc' dir='ltr'>ὑπερεκτρέ-</span> 
     </span>
    </p>
   </div>
   <div class='ocr_carea' id='block_1_27' title="bbox 2212 1167 3867 1250">
    <p class='ocr_par' dir='ltr' id='par_1_27' title="bbox 2212 1167 3867 1250">
     <span class='ocr_line' id='line_1_28' title="bbox 2212 1167 3867 1250; baseline 0.003 -27"><span class='ocrx_word' id='word_1_174' title='bbox 2212 1189 2303 1247; x_wconf 91' lang='grc' dir='ltr'>χει</span> <span class='ocrx_word' id='word_1_175' title='bbox 2346 1168 2541 1235; x_wconf 80' lang='grc' dir='ltr'>ταύτης</span> <span class='ocrx_word' id='word_1_176' title='bbox 2611 1169 2671 1224; x_wconf 91' lang='grc' dir='ltr'>τὸ</span> <span class='ocrx_word' id='word_1_177' title='bbox 2740 1167 3114 1235; x_wconf 79' lang='grc' dir='ltr'>ἀκατάληπτον</span> <span class='ocrx_word' id='word_1_178' title='bbox 3246 1179 3347 1229; x_wconf 88' lang='grc' dir='ltr'>ποῦ</span> <span class='ocrx_word' id='word_1_179' title='bbox 3414 1171 3513 1250; x_wconf 78' lang='grc' dir='ltr'>γὰρ</span> <span class='ocrx_word' id='word_1_180' title='bbox 3567 1173 3629 1227; x_wconf 91' lang='grc' dir='ltr'>τὸ</span> <span class='ocrx_word' id='word_1_181' title='bbox 3676 1174 3867 1238; x_wconf 80' lang='grc' dir='ltr'>ταύτης</span> 
     </span>
    </p>
   </div>
   <div class='ocr_carea' id='block_1_28' title="bbox 2214 1254 3868 1339">
    <p class='ocr_par' dir='ltr' id='par_1_28' title="bbox 2214 1254 3868 1339">
     <span class='ocr_line' id='line_1_29' title="bbox 2214 1254 3868 1339; baseline 0.004 -28"><span class='ocrx_word' id='word_1_182' title='bbox 2214 1255 2599 1330; x_wconf 74' lang='grc' dir='ltr'>ἀκατάλεπτον,</span> <span class='ocrx_word' id='word_1_183' title='bbox 2659 1257 2813 1335; x_wconf 75' lang='grc' dir='ltr'>εἴπερ</span> <span class='ocrx_word' id='word_1_184' title='bbox 2882 1254 3067 1313; x_wconf 85' lang='grc' dir='ltr'>εἰδέναι</span> <span class='ocrx_word' id='word_1_185' title='bbox 3165 1280 3243 1321; x_wconf 86' lang='grc' dir='ltr'>τις</span> <span class='ocrx_word' id='word_1_186' title='bbox 3304 1258 3544 1339; x_wconf 80' lang='grc' dir='ltr'>ἐνσταίη,</span> <span class='ocrx_word' id='word_1_187' title='bbox 3603 1258 3748 1324; x_wconf 78' lang='grc' dir='ltr'>ὅπως</span> <span class='ocrx_word' id='word_1_188' title='bbox 3808 1264 3868 1317; x_wconf 87' lang='grc' dir='ltr'>τὸ</span> 
     </span>
    </p>
   </div>
   <div class='ocr_carea' id='block_1_29' title="bbox 2212 1344 3869 1428">
    <p class='ocr_par' dir='ltr' id='par_1_29' title="bbox 2212 1344 3869 1428">
     <span class='ocr_line' id='line_1_30' title="bbox 2212 1344 3869 1428; baseline 0.004 -27"><span class='ocrx_word' id='word_1_189' title='bbox 2212 1347 2505 1424; x_wconf 78' lang='grc' dir='ltr'>συμπροϊὸν</span> <span class='ocrx_word' id='word_1_190' title='bbox 2546 1352 2621 1419; x_wconf 82' lang='grc' dir='ltr'>τῷ</span> <span class='ocrx_word' id='word_1_191' title='bbox 2698 1346 2825 1420; x_wconf 78' lang='grc' dir='ltr'>Υξῷ,</span> <span class='ocrx_word' id='word_1_192' title='bbox 2911 1344 2994 1403; x_wconf 74' lang='grc' dir='ltr'>διὰ</span> <span class='ocrx_word' id='word_1_193' title='bbox 3048 1349 3139 1403; x_wconf 74' lang='grc' dir='ltr'>τοῦ</span> <span class='ocrx_word' id='word_1_194' title='bbox 3194 1351 3315 1404; x_wconf 85' lang='grc' dir='ltr'>Υἱοῦ</span> <span class='ocrx_word' id='word_1_195' title='bbox 3369 1348 3479 1404; x_wconf 81' lang='grc' dir='ltr'>ἐστι</span> <span class='ocrx_word' id='word_1_196' title='bbox 3565 1351 3752 1428; x_wconf 82' lang='grc' dir='ltr'>προϊὸν</span> <span class='ocrx_word' id='word_1_197' title='bbox 3807 1349 3869 1407; x_wconf 82' lang='grc' dir='ltr'>ἐκ</span> 
     </span>
    </p>
   </div>
   <div class='ocr_carea' id='block_1_30' title="bbox 2214 1433 3864 1517">
    <p class='ocr_par' dir='ltr' id='par_1_30' title="bbox 2214 1433 3864 1517">
     <span class='ocr_line' id='line_1_31' title="bbox 2214 1433 3864 1517; baseline 0.003 -29"><span class='ocrx_word' id='word_1_198' title='bbox 2214 1437 2466 1513; x_wconf 68' lang='grc' dir='ltr'>Πατρὸς,</span> <span class='ocrx_word' id='word_1_199' title='bbox 2517 1433 2663 1491; x_wconf 87' lang='grc' dir='ltr'>Ἐπεὶ</span> <span class='ocrx_word' id='word_1_200' title='bbox 2719 1433 2773 1490; x_wconf 75' lang='grc' dir='ltr'>δὲ</span> <span class='ocrx_word' id='word_1_201' title='bbox 2826 1436 2900 1498; x_wconf 81' lang='grc' dir='ltr'>εἰς</span> <span class='ocrx_word' id='word_1_202' title='bbox 2961 1433 3192 1513; x_wconf 79' lang='grc' dir='ltr'>ἀμυδράν</span> <span class='ocrx_word' id='word_1_203' title='bbox 3248 1459 3364 1492; x_wconf 86' lang='grc' dir='ltr'>τινα</span> <span class='ocrx_word' id='word_1_204' title='bbox 3422 1439 3710 1517; x_wconf 74' lang='grc' dir='ltr'>φαντασίαν</span> <span class='ocrx_word' id='word_1_205' title='bbox 3766 1442 3864 1505; x_wconf 76' lang='grc' dir='ltr'>τῆς</span> 
     </span>
    </p>
   </div>
   <div class='ocr_carea' id='block_1_31' title="bbox 2210 1522 3869 1605">
    <p class='ocr_par' dir='ltr' id='par_1_31' title="bbox 2210 1522 3869 1605">
     <span class='ocr_line' id='line_1_32' title="bbox 2210 1522 3869 1605; baseline 0.003 -27"><span class='ocrx_word' id='word_1_206' title='bbox 2210 1526 2316 1579; x_wconf 80' lang='grc' dir='ltr'>τῶν</span> <span class='ocrx_word' id='word_1_207' title='bbox 2374 1522 2767 1594; x_wconf 75' lang='grc' dir='ltr'>ἀκαταλήπτων</span> <span class='ocrx_word' id='word_1_208' title='bbox 2824 1523 3036 1581; x_wconf 79' lang='grc' dir='ltr'>ἐκείνων</span> <span class='ocrx_word' id='word_1_209' title='bbox 3078 1525 3326 1602; x_wconf 89' lang='grc' dir='ltr'>γνώσεως</span> <span class='ocrx_word' id='word_1_210' title='bbox 3382 1527 3479 1590; x_wconf 87' lang='grc' dir='ltr'>τάς</span> <span class='ocrx_word' id='word_1_211' title='bbox 3519 1526 3869 1605; x_wconf 83' lang='grc' dir='ltr'>ἀναγεγραμ-</span> 
     </span>
    </p>
   </div>
   <div class='ocr_carea' id='block_1_32' title="bbox 2214 1610 3872 1693">
    <p class='ocr_par' dir='ltr' id='par_1_32' title="bbox 2214 1610 3872 1693">
     <span class='ocr_line' id='line_1_33' title="bbox 2214 1610 3872 1693; baseline 0.003 -27"><span class='ocrx_word' id='word_1_212' title='bbox 2214 1610 2374 1686; x_wconf 87' lang='grc' dir='ltr'>μένας</span> <span class='ocrx_word' id='word_1_213' title='bbox 2445 1613 2648 1674; x_wconf 81' lang='grc' dir='ltr'>εἰκόνας</span> <span class='ocrx_word' id='word_1_214' title='bbox 2706 1615 2753 1669; x_wconf 83' lang='grc' dir='ltr'>οἱ</span> <span class='ocrx_word' id='word_1_215' title='bbox 2811 1613 3043 1693; x_wconf 89' lang='grc' dir='ltr'>Πατέρος</span> <span class='ocrx_word' id='word_1_216' title='bbox 3098 1612 3554 1692; x_wconf 80' lang='grc' dir='ltr'>παραδεδώκασιν,</span> <span class='ocrx_word' id='word_1_217' title='bbox 3607 1615 3658 1681; x_wconf 80' lang='grc' dir='ltr'>ἐξ</span> <span class='ocrx_word' id='word_1_218' title='bbox 3701 1620 3872 1675; x_wconf 78' lang='grc' dir='ltr'>αὐτῶν</span> 
     </span>
    </p>
   </div>
   <div class='ocr_carea' id='block_1_33' title="bbox 2213 1701 3870 1782">
    <p class='ocr_par' dir='ltr' id='par_1_33' title="bbox 2213 1701 3870 1782">
     <span class='ocr_line' id='line_1_34' title="bbox 2213 1701 3870 1782; baseline 0.001 -24"><span class='ocrx_word' id='word_1_219' title='bbox 2213 1701 2408 1758; x_wconf 85' lang='grc' dir='ltr'>τούτων</span> <span class='ocrx_word' id='word_1_220' title='bbox 2478 1703 2648 1758; x_wconf 80' lang='grc' dir='ltr'>εἰπεῖν</span> <span class='ocrx_word' id='word_1_221' title='bbox 2711 1703 2798 1757; x_wconf 85' lang='grc' dir='ltr'>καὶ</span> <span class='ocrx_word' id='word_1_222' title='bbox 2897 1702 3062 1776; x_wconf 71' lang='grc' dir='ltr'>ὴμεῖς</span> <span class='ocrx_word' id='word_1_223' title='bbox 3121 1703 3499 1782; x_wconf 72' lang='grc' dir='ltr'>πειρασόμεθα,</span> <span class='ocrx_word' id='word_1_224' title='bbox 3570 1711 3685 1768; x_wconf 79' lang='grc' dir='ltr'>πῶς</span> <span class='ocrx_word' id='word_1_225' title='bbox 3762 1704 3870 1760; x_wconf 80' lang='grc' dir='ltr'>ἔστι</span> 
     </span>
    </p>
   </div>
   <div class='ocr_carea' id='block_1_34' title="bbox 482 1787 2126 1874">
    <p class='ocr_par' dir='ltr' id='par_1_34' title="bbox 482 1787 2126 1869">
     <span class='ocr_line' id='line_1_35' title="bbox 482 1787 2126 1869; baseline -0.001 -21"><span class='ocrx_word' id='word_1_226' title='bbox 482 1806 714 1869; x_wconf 90' lang='lat' dir='ltr'>quoque</span> <span class='ocrx_word' id='word_1_227' title='bbox 743 1807 1020 1850; x_wconf 85' lang='lat' dir='ltr'>enarrare</span> <span class='ocrx_word' id='word_1_228' title='bbox 1051 1788 1733 1867; x_wconf 85' lang='lat' dir='ltr'>couabimur,quomodo</span> <span class='ocrx_word' id='word_1_229' title='bbox 1763 1787 2126 1865; x_wconf 85' lang='lat' dir='ltr'>possitiutel-</span> 
     </span>
    </p>
   </div>
   <div class='ocr_carea' id='block_1_35' title="bbox 2213 1787 3870 1874">
    <p class='ocr_par' dir='ltr' id='par_1_35' title="bbox 2215 1791 3870 1872">
     <span class='ocr_line' id='line_1_36' title="bbox 2215 1791 3870 1872; baseline 0.004 -29"><span class='ocrx_word' id='word_1_230' title='bbox 2215 1803 2355 1846; x_wconf 87' lang='grc' dir='ltr'>νοεῖν</span> <span class='ocrx_word' id='word_1_231' title='bbox 2401 1791 2485 1845; x_wconf 68' lang='grc' dir='ltr'>καὶ</span> <span class='ocrx_word' id='word_1_232' title='bbox 2554 1792 2870 1870; x_wconf 87' lang='grc' dir='ltr'>συμπροϊὸν,</span> <span class='ocrx_word' id='word_1_233' title='bbox 2918 1793 3014 1847; x_wconf 86' lang='grc' dir='ltr'>καὶ</span> <span class='ocrx_word' id='word_1_234' title='bbox 3052 1794 3531 1870; x_wconf 68' lang='grc' dir='ltr'>συμπαρομαρτῶν</span> <span class='ocrx_word' id='word_1_235' title='bbox 3582 1800 3659 1867; x_wconf 83' lang='grc' dir='ltr'>τῷ</span> <span class='ocrx_word' id='word_1_236' title='bbox 3716 1794 3870 1872; x_wconf 84' lang='grc' dir='ltr'>Λόγῳ</span> 
     </span>
    </p>
   </div>
   <div class='ocr_carea' id='block_1_36' title="bbox 480 1873 2126 1955">
    <p class='ocr_par' dir='ltr' id='par_1_36' title="bbox 480 1873 2126 1955">
     <span class='ocr_line' id='line_1_37' title="bbox 480 1873 2126 1955; baseline 0.001 -19"><span class='ocrx_word' id='word_1_237' title='bbox 480 1876 603 1955; x_wconf 79' lang='lat' dir='ltr'>ligi,</span> <span class='ocrx_word' id='word_1_238' title='bbox 639 1897 755 1939; x_wconf 89' lang='lat' dir='ltr'>una</span> <span class='ocrx_word' id='word_1_239' title='bbox 786 1877 962 1938; x_wconf 91' lang='lat' dir='ltr'>simul</span> <span class='ocrx_word' id='word_1_240' title='bbox 1010 1895 1294 1939; x_wconf 76' lang='lat' dir='ltr'>emnnans</span> <span class='ocrx_word' id='word_1_241' title='bbox 1352 1894 1485 1936; x_wconf 87' lang='lat' dir='ltr'>cum</span> <span class='ocrx_word' id='word_1_242' title='bbox 1523 1873 1720 1936; x_wconf 88' lang='lat' dir='ltr'>Verbo</span> <span class='ocrx_word' id='word_1_243' title='bbox 1754 1874 2034 1954; x_wconf 85' lang='lat' dir='ltr'>Spiritus,</span> <span class='ocrx_word' id='word_1_244' title='bbox 2070 1887 2126 1938; x_wconf 89' lang='lat' dir='ltr'>et</span> 
     </span>
    </p>
   </div>
   <div class='ocr_carea' id='block_1_37' title="bbox 479 1963 2126 2046">
    <p class='ocr_par' dir='ltr' id='par_1_37' title="bbox 479 1963 2126 2046">
     <span class='ocr_line' id='line_1_38' title="bbox 479 1963 2126 2046; baseline -0.001 -20"><span class='ocrx_word' id='word_1_245' title='bbox 479 1984 596 2027; x_wconf 89' lang='lat' dir='ltr'>una</span> <span class='ocrx_word' id='word_1_246' title='bbox 625 1967 799 2027; x_wconf 91' lang='lat' dir='ltr'>simul</span> <span class='ocrx_word' id='word_1_247' title='bbox 834 1986 967 2027; x_wconf 92' lang='lat' dir='ltr'>cum</span> <span class='ocrx_word' id='word_1_248' title='bbox 1000 1985 1068 2027; x_wconf 92' lang='lat' dir='ltr'>eo</span> <span class='ocrx_word' id='word_1_249' title='bbox 1088 1963 1497 2046; x_wconf 81' lang='lat' dir='ltr'>progrediens,</span> <span class='ocrx_word' id='word_1_250' title='bbox 1538 1973 1593 2023; x_wconf 68' lang='lat' dir='ltr'>vt</span> <span class='ocrx_word' id='word_1_251' title='bbox 1630 1983 1734 2045; x_wconf 90' lang='lat' dir='ltr'>per</span> <span class='ocrx_word' id='word_1_252' title='bbox 1764 1964 2027 2025; x_wconf 86' lang='lat' dir='ltr'>Verbum</span> <span class='ocrx_word' id='word_1_253' title='bbox 2059 1983 2126 2025; x_wconf 79' lang='lat' dir='ltr'>ex</span> 
     </span>
    </p>
   </div>
   <div class='ocr_carea' id='block_1_38' title="bbox 478 2052 2129 2137">
    <p class='ocr_par' dir='ltr' id='par_1_38' title="bbox 478 2052 2129 2137">
     <span class='ocr_line' id='line_1_39' title="bbox 478 2052 2129 2137; baseline -0.002 -20"><span class='ocrx_word' id='word_1_254' title='bbox 478 2057 652 2117; x_wconf 84' lang='lat' dir='ltr'>Patre</span> <span class='ocrx_word' id='word_1_255' title='bbox 684 2055 961 2137; x_wconf 81' lang='lat' dir='ltr'>efﬂuens,</span> <span class='ocrx_word' id='word_1_256' title='bbox 995 2064 1053 2116; x_wconf 91' lang='lat' dir='ltr'>et</span> <span class='ocrx_word' id='word_1_257' title='bbox 1077 2055 1377 2135; x_wconf 89' lang='lat' dir='ltr'>quomodo</span> <span class='ocrx_word' id='word_1_258' title='bbox 1412 2052 1638 2113; x_wconf 92' lang='lat' dir='ltr'>nullum</span> <span class='ocrx_word' id='word_1_259' title='bbox 1693 2072 1761 2115; x_wconf 81' lang='lat' dir='ltr'>ex</span> <span class='ocrx_word' id='word_1_260' title='bbox 1821 2053 1914 2115; x_wconf 86' lang='lat' dir='ltr'>his</span> <span class='ocrx_word' id='word_1_261' title='bbox 1954 2053 2129 2115; x_wconf 89' lang='lat' dir='ltr'>dictis</span> 
     </span>
    </p>
   </div>
   <div class='ocr_carea' id='block_1_39' title="bbox 478 2142 1529 2206">
    <p class='ocr_par' dir='ltr' id='par_1_39' title="bbox 478 2142 1529 2206">
     <span class='ocr_line' id='line_1_40' title="bbox 478 2142 1529 2206; baseline -0.005 0"><span class='ocrx_word' id='word_1_262' title='bbox 478 2145 549 2206; x_wconf 89' lang='lat' dir='ltr'>ad</span> <span class='ocrx_word' id='word_1_263' title='bbox 578 2143 736 2206; x_wconf 86' lang='lat' dir='ltr'>aliud</span> <span class='ocrx_word' id='word_1_264' title='bbox 769 2144 1194 2206; x_wconf 91' lang='lat' dir='ltr'>destruendum</span> <span class='ocrx_word' id='word_1_265' title='bbox 1225 2142 1529 2204; x_wconf 84' lang='lat' dir='ltr'>conducit.</span> 
     </span>
    </p>
   </div>
   <div class='ocr_carea' id='block_1_40' title="bbox 562 2230 2101 2311">
    <p class='ocr_par' dir='ltr' id='par_1_40' title="bbox 562 2230 2101 2311">
     <span class='ocr_line' id='line_1_41' title="bbox 562 2230 2101 2311; baseline -0.002 -17"><span class='ocrx_word' id='word_1_266' title='bbox 562 2233 618 2295; x_wconf 81' lang='grc'>3.</span> <span class='ocrx_word' id='word_1_267' title='bbox 648 2235 792 2295; x_wconf 91' lang='lat' dir='ltr'>Nam</span> <span class='ocrx_word' id='word_1_268' title='bbox 824 2241 959 2295; x_wconf 86' lang='lat' dir='ltr'>ante</span> <span class='ocrx_word' id='word_1_269' title='bbox 980 2232 1093 2294; x_wconf 83' lang='lat' dir='ltr'>alia</span> <span class='ocrx_word' id='word_1_270' title='bbox 1127 2233 1186 2292; x_wconf 92' lang='lat' dir='ltr'>in</span> <span class='ocrx_word' id='word_1_271' title='bbox 1218 2235 1342 2293; x_wconf 75' lang='lat' dir='ltr'>sole</span> <span class='ocrx_word' id='word_1_272' title='bbox 1377 2250 1490 2292; x_wconf 89' lang='lat' dir='ltr'>una</span> <span class='ocrx_word' id='word_1_273' title='bbox 1513 2231 1689 2292; x_wconf 88' lang='lat' dir='ltr'>simul</span> <span class='ocrx_word' id='word_1_274' title='bbox 1723 2230 2101 2311; x_wconf 86' lang='lat' dir='ltr'>prosilit,una</span> 
     </span>
    </p>
   </div>
   <div class='ocr_carea' id='block_1_41' title="bbox 480 2320 2126 2403">
    <p class='ocr_par' dir='ltr' id='par_1_41' title="bbox 480 2320 2126 2403">
     <span class='ocr_line' id='line_1_42' title="bbox 480 2320 2126 2403; baseline -0.001 -21"><span class='ocrx_word' id='word_1_275' title='bbox 480 2340 595 2403; x_wconf 92' lang='lat' dir='ltr'>que</span> <span class='ocrx_word' id='word_1_276' title='bbox 642 2321 822 2382; x_wconf 89' lang='lat' dir='ltr'>simul</span> <span class='ocrx_word' id='word_1_277' title='bbox 853 2322 1239 2402; x_wconf 87' lang='lat' dir='ltr'>consequitur</span> <span class='ocrx_word' id='word_1_278' title='bbox 1261 2340 1392 2383; x_wconf 90' lang='lat' dir='ltr'>cum</span> <span class='ocrx_word' id='word_1_279' title='bbox 1419 2320 1583 2381; x_wconf 87' lang='lat' dir='ltr'>radio</span> <span class='ocrx_word' id='word_1_280' title='bbox 1620 2322 1838 2394; x_wconf 88' lang='lat' dir='ltr'>lumen,</span> <span class='ocrx_word' id='word_1_281' title='bbox 1866 2329 1923 2382; x_wconf 93' lang='lat' dir='ltr'>et</span> <span class='ocrx_word' id='word_1_282' title='bbox 1952 2320 2126 2381; x_wconf 88' lang='lat' dir='ltr'>nihil-</span> 
     </span>
    </p>
   </div>
   <div class='ocr_carea' id='block_1_42' title="bbox 480 2409 2126 2492">
    <p class='ocr_par' dir='ltr' id='par_1_42' title="bbox 480 2409 2126 2492">
     <span class='ocr_line' id='line_1_43' title="bbox 480 2409 2126 2492; baseline -0.001 -21"><span class='ocrx_word' id='word_1_283' title='bbox 480 2411 716 2472; x_wconf 91' lang='lat' dir='ltr'>ominus</span> <span class='ocrx_word' id='word_1_284' title='bbox 733 2430 837 2492; x_wconf 88' lang='lat' dir='ltr'>per</span> <span class='ocrx_word' id='word_1_285' title='bbox 859 2411 1091 2472; x_wconf 86' lang='lat' dir='ltr'>radium</span> <span class='ocrx_word' id='word_1_286' title='bbox 1110 2411 1308 2471; x_wconf 91' lang='lat' dir='ltr'>lumen</span> <span class='ocrx_word' id='word_1_287' title='bbox 1328 2428 1675 2490; x_wconf 88' lang='lat' dir='ltr'>promanare</span> <span class='ocrx_word' id='word_1_288' title='bbox 1701 2409 2126 2489; x_wconf 83' lang='lat' dir='ltr'>conspicimus,</span> 
     </span>
    </p>
   </div>
   <div class='ocr_carea' id='block_1_43' title="bbox 481 2497 2127 2579">
    <p class='ocr_par' dir='ltr' id='par_1_43' title="bbox 481 2497 2127 2579">
     <span class='ocr_line' id='line_1_44' title="bbox 481 2497 2127 2579; baseline -0.001 -18"><span class='ocrx_word' id='word_1_289' title='bbox 481 2499 610 2561; x_wconf 90' lang='lat' dir='ltr'>etin</span> <span class='ocrx_word' id='word_1_290' title='bbox 630 2500 788 2561; x_wconf 80' lang='lat' dir='ltr'>fonte</span> <span class='ocrx_word' id='word_1_291' title='bbox 805 2500 966 2560; x_wconf 89' lang='lat' dir='ltr'>ﬂuvii</span> <span class='ocrx_word' id='word_1_292' title='bbox 993 2509 1051 2559; x_wconf 90' lang='lat' dir='ltr'>et</span> <span class='ocrx_word' id='word_1_293' title='bbox 1082 2498 1456 2579; x_wconf 62' lang='lat' dir='ltr'>aquaa,simul</span> <span class='ocrx_word' id='word_1_294' title='bbox 1495 2497 1923 2576; x_wconf 86' lang='lat' dir='ltr'>prosilitetuna</span> <span class='ocrx_word' id='word_1_295' title='bbox 1953 2498 2127 2559; x_wconf 87' lang='lat' dir='ltr'>simul</span> 
     </span>
    </p>
   </div>
   <div class='ocr_carea' id='block_1_44' title="bbox 479 2587 2128 2669">
    <p class='ocr_par' dir='ltr' id='par_1_44' title="bbox 479 2587 2128 2669">
     <span class='ocr_line' id='line_1_45' title="bbox 479 2587 2128 2669; baseline -0.002 -20"><span class='ocrx_word' id='word_1_296' title='bbox 479 2588 870 2669; x_wconf 88' lang='lat' dir='ltr'>consequitur</span> <span class='ocrx_word' id='word_1_297' title='bbox 917 2590 1126 2649; x_wconf 91' lang='lat' dir='ltr'>ﬂuvius</span> <span class='ocrx_word' id='word_1_298' title='bbox 1168 2605 1377 2666; x_wconf 88' lang='lat' dir='ltr'>aquam</span> <span class='ocrx_word' id='word_1_299' title='bbox 1425 2597 1483 2649; x_wconf 88' lang='lat' dir='ltr'>et</span> <span class='ocrx_word' id='word_1_300' title='bbox 1531 2602 1727 2646; x_wconf 82' lang='lat' dir='ltr'>tamen</span> <span class='ocrx_word' id='word_1_301' title='bbox 1757 2605 1861 2665; x_wconf 91' lang='lat' dir='ltr'>per</span> <span class='ocrx_word' id='word_1_302' title='bbox 1889 2587 2128 2647; x_wconf 88' lang='lat' dir='ltr'>ﬂuvium</span> 
     </span>
    </p>
   </div>
   <div class='ocr_carea' id='block_1_45' title="bbox 477 2674 2129 2758">
    <p class='ocr_par' dir='ltr' id='par_1_45' title="bbox 477 2674 2129 2758">
     <span class='ocr_line' id='line_1_46' title="bbox 477 2674 2129 2758; baseline -0.001 -21"><span class='ocrx_word' id='word_1_303' title='bbox 477 2694 691 2757; x_wconf 86' lang='lat' dir='ltr'>aquam</span> <span class='ocrx_word' id='word_1_304' title='bbox 724 2677 1012 2758; x_wconf 88' lang='lat' dir='ltr'>deﬂuere,</span> <span class='ocrx_word' id='word_1_305' title='bbox 1048 2684 1106 2737; x_wconf 92' lang='lat' dir='ltr'>et</span> <span class='ocrx_word' id='word_1_306' title='bbox 1135 2694 1275 2737; x_wconf 87' lang='lat' dir='ltr'>vere</span> <span class='ocrx_word' id='word_1_307' title='bbox 1297 2674 1779 2753; x_wconf 86' lang='lat' dir='ltr'>concipimus.Et</span> <span class='ocrx_word' id='word_1_308' title='bbox 1811 2694 1925 2735; x_wconf 90' lang='lat' dir='ltr'>non</span> <span class='ocrx_word' id='word_1_309' title='bbox 1950 2694 2129 2756; x_wconf 90' lang='lat' dir='ltr'>prop-</span> 
     </span>
    </p>
   </div>
   <div class='ocr_carea' id='block_1_46' title="bbox 479 2764 2129 2845">
    <p class='ocr_par' dir='ltr' id='par_1_46' title="bbox 479 2764 2129 2845">
     <span class='ocr_line' id='line_1_47' title="bbox 479 2764 2129 2845; baseline 0.001 -21"><span class='ocrx_word' id='word_1_310' title='bbox 479 2773 639 2826; x_wconf 88' lang='lat' dir='ltr'>terea</span> <span class='ocrx_word' id='word_1_311' title='bbox 682 2766 837 2845; x_wconf 91' lang='lat' dir='ltr'>quod</span> <span class='ocrx_word' id='word_1_312' title='bbox 861 2766 1038 2826; x_wconf 88' lang='lat' dir='ltr'>simul</span> <span class='ocrx_word' id='word_1_313' title='bbox 1071 2783 1204 2826; x_wconf 93' lang='lat' dir='ltr'>cum</span> <span class='ocrx_word' id='word_1_314' title='bbox 1229 2765 1393 2825; x_wconf 90' lang='lat' dir='ltr'>radio</span> <span class='ocrx_word' id='word_1_315' title='bbox 1427 2766 1623 2825; x_wconf 92' lang='lat' dir='ltr'>lumen</span> <span class='ocrx_word' id='word_1_316' title='bbox 1648 2775 1903 2841; x_wconf 89' lang='lat' dir='ltr'>emanat,</span> <span class='ocrx_word' id='word_1_317' title='bbox 1930 2764 2129 2826; x_wconf 92' lang='lat' dir='ltr'>lumen</span> 
     </span>
    </p>
   </div>
   <div class='ocr_carea' id='block_1_47' title="bbox 478 2854 2128 2935">
    <p class='ocr_par' dir='ltr' id='par_1_47' title="bbox 478 2854 2128 2935">
     <span class='ocr_line' id='line_1_48' title="bbox 478 2854 2128 2935; baseline 0 -21"><span class='ocrx_word' id='word_1_318' title='bbox 478 2872 610 2914; x_wconf 87' lang='lat' dir='ltr'>esse</span> <span class='ocrx_word' id='word_1_319' title='bbox 642 2873 748 2935; x_wconf 91' lang='lat' dir='ltr'>per</span> <span class='ocrx_word' id='word_1_320' title='bbox 776 2854 1009 2916; x_wconf 89' lang='lat' dir='ltr'>radium</span> <span class='ocrx_word' id='word_1_321' title='bbox 1052 2855 1307 2916; x_wconf 77' lang='lat' dir='ltr'>refellit:</span> <span class='ocrx_word' id='word_1_322' title='bbox 1345 2873 1542 2934; x_wconf 92' lang='lat' dir='ltr'>neque</span> <span class='ocrx_word' id='word_1_323' title='bbox 1599 2855 1753 2934; x_wconf 90' lang='lat' dir='ltr'>quod</span> <span class='ocrx_word' id='word_1_324' title='bbox 1800 2873 1953 2934; x_wconf 89' lang='lat' dir='ltr'>aqua</span> <span class='ocrx_word' id='word_1_325' title='bbox 1996 2873 2128 2915; x_wconf 91' lang='lat' dir='ltr'>cum</span> 
     </span>
    </p>
   </div>
   <div class='ocr_carea' id='block_1_48' title="bbox 480 2943 2128 3024">
    <p class='ocr_par' dir='ltr' id='par_1_48' title="bbox 480 2943 2128 3024">
     <span class='ocr_line' id='line_1_49' title="bbox 480 2943 2128 3024; baseline 0 -20"><span class='ocrx_word' id='word_1_326' title='bbox 480 2943 655 3004; x_wconf 87' lang='lat' dir='ltr'>ﬂuvio</span> <span class='ocrx_word' id='word_1_327' title='bbox 708 2943 964 3024; x_wconf 82' lang='lat' dir='ltr'>prosilit,</span> <span class='ocrx_word' id='word_1_328' title='bbox 996 2944 1172 3006; x_wconf 90' lang='lat' dir='ltr'>simul</span> <span class='ocrx_word' id='word_1_329' title='bbox 1208 2945 1506 3024; x_wconf 79' lang='lat' dir='ltr'>proﬂuere</span> <span class='ocrx_word' id='word_1_330' title='bbox 1537 2944 1809 3005; x_wconf 89' lang='lat' dir='ltr'>destruit.</span> <span class='ocrx_word' id='word_1_331' title='bbox 1848 2943 2128 3006; x_wconf 85' lang='lat' dir='ltr'>Sedenim</span> 
     </span>
    </p>
   </div>
   <div class='ocr_carea' id='block_1_49' title="bbox 476 3033 2125 3113">
    <p class='ocr_par' dir='ltr' id='par_1_49' title="bbox 476 3033 2125 3113">
     <span class='ocr_line' id='line_1_50' title="bbox 476 3033 2125 3113; baseline 0.001 -20"><span class='ocrx_word' id='word_1_332' title='bbox 476 3033 742 3094; x_wconf 79' lang='lat' dir='ltr'>rationes</span> <span class='ocrx_word' id='word_1_333' title='bbox 767 3035 1101 3094; x_wconf 84' lang='lat' dir='ltr'>accuratius</span> <span class='ocrx_word' id='word_1_334' title='bbox 1132 3034 1557 3106; x_wconf 80' lang='lat' dir='ltr'>examinantes,</span> <span class='ocrx_word' id='word_1_335' title='bbox 1586 3042 1640 3093; x_wconf 90' lang='lat' dir='ltr'>et</span> <span class='ocrx_word' id='word_1_336' title='bbox 1677 3034 1932 3113; x_wconf 89' lang='lat' dir='ltr'>penitius</span> <span class='ocrx_word' id='word_1_337' title='bbox 1963 3034 2125 3095; x_wconf 87' lang='lat' dir='ltr'>inda-</span> 
     </span>
    </p>
   </div>
   <div class='ocr_carea' id='block_1_50' title="bbox 2211 1877 3867 1960">
    <p class='ocr_par' dir='ltr' id='par_1_50' title="bbox 2211 1877 3867 1960">
     <span class='ocr_line' id='line_1_51' title="bbox 2211 1877 3867 1960; baseline 0.004 -27"><span class='ocrx_word' id='word_1_338' title='bbox 2211 1880 2271 1933; x_wconf 90' lang='grc' dir='ltr'>τὸ</span> <span class='ocrx_word' id='word_1_339' title='bbox 2318 1884 2526 1953; x_wconf 79' lang='grc' dir='ltr'>Πνεῦμα</span> <span class='ocrx_word' id='word_1_340' title='bbox 2554 1880 2641 1935; x_wconf 87' lang='grc' dir='ltr'>καὶ</span> <span class='ocrx_word' id='word_1_341' title='bbox 2698 1877 2783 1933; x_wconf 80' lang='grc' dir='ltr'>διὰ</span> <span class='ocrx_word' id='word_1_342' title='bbox 2836 1900 2928 1935; x_wconf 73' lang='grc' dir='ltr'>το)</span> <span class='ocrx_word' id='word_1_343' title='bbox 2982 1880 3154 1958; x_wconf 82' lang='grc' dir='ltr'>Λόγου</span> <span class='ocrx_word' id='word_1_344' title='bbox 3184 1883 3374 1960; x_wconf 84' lang='grc' dir='ltr'>προϊὸν</span> <span class='ocrx_word' id='word_1_345' title='bbox 3417 1880 3478 1937; x_wconf 85' lang='grc' dir='ltr'>ἐκ</span> <span class='ocrx_word' id='word_1_346' title='bbox 3508 1887 3734 1960; x_wconf 86' lang='grc' dir='ltr'>Πατρος,</span> <span class='ocrx_word' id='word_1_347' title='bbox 3779 1891 3867 1944; x_wconf 89' lang='grc' dir='ltr'>καὶ</span> 
     </span>
    </p>
   </div>
   <div class='ocr_carea' id='block_1_51' title="bbox 2210 1965 3865 2050">
    <p class='ocr_par' dir='ltr' id='par_1_51' title="bbox 2210 1965 3865 2050">
     <span class='ocr_line' id='line_1_52' title="bbox 2210 1965 3865 2050; baseline 0.004 -27"><span class='ocrx_word' id='word_1_348' title='bbox 2210 1974 2324 2030; x_wconf 83' lang='grc' dir='ltr'>πῶς</span> <span class='ocrx_word' id='word_1_349' title='bbox 2379 1965 2640 2046; x_wconf 55' lang='grc' dir='ltr'>υωέτερον</span> <span class='ocrx_word' id='word_1_350' title='bbox 2696 1973 2801 2023; x_wconf 75' lang='grc' dir='ltr'>τῶν</span> <span class='ocrx_word' id='word_1_351' title='bbox 2858 1968 3033 2045; x_wconf 78' lang='grc' dir='ltr'>ῥητῶν</span> <span class='ocrx_word' id='word_1_352' title='bbox 3092 1968 3351 2046; x_wconf 79' lang='grc' dir='ltr'>ἑκατέρων</span> <span class='ocrx_word' id='word_1_353' title='bbox 3409 1971 3483 2034; x_wconf 78' lang='grc' dir='ltr'>εἰς</span> <span class='ocrx_word' id='word_1_354' title='bbox 3524 1970 3622 2037; x_wconf 78' lang='grc' dir='ltr'>τὴν</span> <span class='ocrx_word' id='word_1_355' title='bbox 3650 1969 3865 2050; x_wconf 75' lang='grc' dir='ltr'>θατέρου</span> 
     </span>
    </p>
   </div>
   <div class='ocr_carea' id='block_1_52' title="bbox 2210 2057 2895 2135">
    <p class='ocr_par' dir='ltr' id='par_1_52' title="bbox 2210 2057 2895 2135">
     <span class='ocr_line' id='line_1_53' title="bbox 2210 2057 2895 2135; baseline 0.003 -25"><span class='ocrx_word' id='word_1_356' title='bbox 2210 2057 2524 2112; x_wconf 83' lang='grc' dir='ltr'>συντείνεται</span> <span class='ocrx_word' id='word_1_357' title='bbox 2569 2059 2802 2135; x_wconf 86' lang='grc' dir='ltr'>ἀνατροπ</span> <span class='ocrx_word' id='word_1_358' title='bbox 2814 2058 2895 2124; x_wconf 71' lang='grc' dir='ltr'>ὴν,</span> 
     </span>
    </p>
   </div>
   <div class='ocr_carea' id='block_1_53' title="bbox 2289 2223 3863 2316">
    <p class='ocr_par' dir='ltr' id='par_1_53' title="bbox 2289 2223 3863 2316">
     <span class='ocr_line' id='line_1_54' title="bbox 2289 2223 3863 2316; baseline 0.003 -26"><span class='ocrx_word' id='word_1_359' title='bbox 2289 2223 2364 2310; x_wconf 76' lang='grc' dir='ltr'>γ’.</span> <span class='ocrx_word' id='word_1_360' title='bbox 2424 2234 2615 2292; x_wconf 71' lang='grc' dir='ltr'>Αὐτίκα</span> <span class='ocrx_word' id='word_1_361' title='bbox 2688 2234 2787 2312; x_wconf 78' lang='grc' dir='ltr'>γὰρ</span> <span class='ocrx_word' id='word_1_362' title='bbox 2840 2234 2924 2290; x_wconf 84' lang='grc' dir='ltr'>ἐπὶ</span> <span class='ocrx_word' id='word_1_363' title='bbox 2994 2242 3085 2291; x_wconf 85' lang='grc' dir='ltr'>τοῦ</span> <span class='ocrx_word' id='word_1_364' title='bbox 3140 2233 3293 2303; x_wconf 80' lang='grc' dir='ltr'>ἡλίου</span> <span class='ocrx_word' id='word_1_365' title='bbox 3350 2236 3685 2316; x_wconf 82' lang='grc' dir='ltr'>συμπρόεισι,</span> <span class='ocrx_word' id='word_1_366' title='bbox 3774 2239 3863 2294; x_wconf 83' lang='grc' dir='ltr'>καὶ</span> 
     </span>
    </p>
   </div>
   <div class='ocr_carea' id='block_1_54' title="bbox 2210 2323 3865 2405">
    <p class='ocr_par' dir='ltr' id='par_1_54' title="bbox 2210 2323 3865 2405">
     <span class='ocr_line' id='line_1_55' title="bbox 2210 2323 3865 2405; baseline 0.002 -27"><span class='ocrx_word' id='word_1_367' title='bbox 2210 2335 2648 2401; x_wconf 84' lang='grc' dir='ltr'>συμπαρομαρτεῖ</span> <span class='ocrx_word' id='word_1_368' title='bbox 2708 2331 2777 2400; x_wconf 73' lang='grc' dir='ltr'>τῇ</span> <span class='ocrx_word' id='word_1_369' title='bbox 2826 2323 3027 2403; x_wconf 90' lang='grc' dir='ltr'>ἀκτῖνι,</span> <span class='ocrx_word' id='word_1_370' title='bbox 3084 2325 3145 2380; x_wconf 87' lang='grc' dir='ltr'>τὸ</span> <span class='ocrx_word' id='word_1_371' title='bbox 3203 2326 3339 2405; x_wconf 78' lang='grc' dir='ltr'>φῶς,</span> <span class='ocrx_word' id='word_1_372' title='bbox 3400 2325 3520 2382; x_wconf 87' lang='grc' dir='ltr'>ἀλλ’</span> <span class='ocrx_word' id='word_1_373' title='bbox 3563 2324 3710 2402; x_wconf 84' lang='grc' dir='ltr'>ὅμως</span> <span class='ocrx_word' id='word_1_374' title='bbox 3781 2325 3865 2383; x_wconf 78' lang='grc' dir='ltr'>διὰ</span> 
     </span>
    </p>
   </div>
   <div class='ocr_carea' id='block_1_55' title="bbox 2209 2411 3865 2492">
    <p class='ocr_par' dir='ltr' id='par_1_55' title="bbox 2209 2411 3865 2492">
     <span class='ocr_line' id='line_1_56' title="bbox 2209 2411 3865 2492; baseline 0.002 -25"><span class='ocrx_word' id='word_1_375' title='bbox 2209 2416 2306 2478; x_wconf 79' lang='grc' dir='ltr'>τῆς</span> <span class='ocrx_word' id='word_1_376' title='bbox 2376 2411 2593 2477; x_wconf 80' lang='grc' dir='ltr'>ἀκτῖνος</span> <span class='ocrx_word' id='word_1_377' title='bbox 2675 2415 2802 2470; x_wconf 80' lang='grc' dir='ltr'>αὐτὸ</span> <span class='ocrx_word' id='word_1_378' title='bbox 2886 2413 3127 2492; x_wconf 78' lang='grc' dir='ltr'>προϊέναι</span> <span class='ocrx_word' id='word_1_379' title='bbox 3202 2415 3690 2490; x_wconf 78' lang='grc' dir='ltr'>καταμανθάνομεν.</span> <span class='ocrx_word' id='word_1_380' title='bbox 3767 2417 3865 2474; x_wconf 81' lang='grc' dir='ltr'>Καὶ</span> 
     </span>
    </p>
   </div>
   <div class='ocr_carea' id='block_1_56' title="bbox 2212 2500 3863 2580">
    <p class='ocr_par' dir='ltr' id='par_1_56' title="bbox 2212 2500 3863 2580">
     <span class='ocr_line' id='line_1_57' title="bbox 2212 2500 3863 2580; baseline 0.004 -24"><span class='ocrx_word' id='word_1_381' title='bbox 2212 2500 2297 2557; x_wconf 79' lang='grc' dir='ltr'>ἐπὶ</span> <span class='ocrx_word' id='word_1_382' title='bbox 2353 2507 2450 2568; x_wconf 77' lang='grc' dir='ltr'>τῆς</span> <span class='ocrx_word' id='word_1_383' title='bbox 2515 2506 2700 2580; x_wconf 79' lang='grc' dir='ltr'>πηγῆς</span> <span class='ocrx_word' id='word_1_384' title='bbox 2755 2502 2848 2558; x_wconf 83' lang='grc' dir='ltr'>τοῦ</span> <span class='ocrx_word' id='word_1_385' title='bbox 2903 2512 3147 2577; x_wconf 79' lang='grc' dir='ltr'>ποταμοῦ</span> <span class='ocrx_word' id='word_1_386' title='bbox 3212 2504 3300 2559; x_wconf 85' lang='grc' dir='ltr'>καὶ</span> <span class='ocrx_word' id='word_1_387' title='bbox 3349 2514 3439 2562; x_wconf 84' lang='grc' dir='ltr'>τοῦ</span> <span class='ocrx_word' id='word_1_388' title='bbox 3480 2502 3863 2580; x_wconf 76' lang='grc' dir='ltr'>ὕδατος’συμ-</span> 
     </span>
    </p>
   </div>
   <div class='ocr_carea' id='block_1_57' title="bbox 2213 2589 3860 2672">
    <p class='ocr_par' dir='ltr' id='par_1_57' title="bbox 2213 2589 3860 2672">
     <span class='ocr_line' id='line_1_58' title="bbox 2213 2589 3860 2672; baseline 0.003 -27"><span class='ocrx_word' id='word_1_389' title='bbox 2213 2590 2416 2666; x_wconf 89' lang='grc' dir='ltr'>πρόεισι</span> <span class='ocrx_word' id='word_1_390' title='bbox 2473 2591 2560 2646; x_wconf 89' lang='grc' dir='ltr'>καὶ</span> <span class='ocrx_word' id='word_1_391' title='bbox 2618 2604 3059 2670; x_wconf 84' lang='grc' dir='ltr'>συμπαρομαρτεῖ</span> <span class='ocrx_word' id='word_1_392' title='bbox 3127 2593 3188 2646; x_wconf 86' lang='grc' dir='ltr'>τὸ</span> <span class='ocrx_word' id='word_1_393' title='bbox 3244 2589 3379 2672; x_wconf 72' lang='grc' dir='ltr'>ὕδωρ</span> <span class='ocrx_word' id='word_1_394' title='bbox 3447 2614 3524 2667; x_wconf 88' lang='grc' dir='ltr'>τῳ</span> <span class='ocrx_word' id='word_1_395' title='bbox 3608 2600 3860 2670; x_wconf 84' lang='grc' dir='ltr'>ποταμῷ,</span> 
     </span>
    </p>
   </div>
   <div class='ocr_carea' id='block_1_58' title="bbox 2213 2680 3865 2763">
    <p class='ocr_par' dir='ltr' id='par_1_58' title="bbox 2213 2680 3865 2763">
     <span class='ocr_line' id='line_1_59' title="bbox 2213 2680 3865 2763; baseline 0.004 -27"><span class='ocrx_word' id='word_1_396' title='bbox 2213 2681 2332 2738; x_wconf 86' lang='grc' dir='ltr'>ἀλλ’</span> <span class='ocrx_word' id='word_1_397' title='bbox 2389 2681 2534 2756; x_wconf 86' lang='grc' dir='ltr'>ὅμως</span> <span class='ocrx_word' id='word_1_398' title='bbox 2565 2680 2647 2737; x_wconf 75' lang='grc' dir='ltr'>διὰ</span> <span class='ocrx_word' id='word_1_399' title='bbox 2703 2691 2796 2739; x_wconf 80' lang='grc' dir='ltr'>τοῦ</span> <span class='ocrx_word' id='word_1_400' title='bbox 2853 2693 3095 2758; x_wconf 78' lang='grc' dir='ltr'>ποταμοῦ</span> <span class='ocrx_word' id='word_1_401' title='bbox 3147 2684 3271 2740; x_wconf 74' lang='grc' dir='ltr'>αὐτὸ</span> <span class='ocrx_word' id='word_1_402' title='bbox 3338 2685 3581 2763; x_wconf 78' lang='grc' dir='ltr'>προϊέναι</span> <span class='ocrx_word' id='word_1_403' title='bbox 3635 2708 3865 2744; x_wconf 82' lang='grc' dir='ltr'>κατανο-</span> 
     </span>
    </p>
   </div>
   <div class='ocr_carea' id='block_1_59' title="bbox 2213 2770 3861 2854">
    <p class='ocr_par' dir='ltr' id='par_1_59' title="bbox 2213 2770 3861 2854">
     <span class='ocr_line' id='line_1_60' title="bbox 2213 2770 3861 2854; baseline 0.004 -29"><span class='ocrx_word' id='word_1_404' title='bbox 2213 2772 2368 2845; x_wconf 81' lang='grc' dir='ltr'>οὖμεν</span> <span class='ocrx_word' id='word_1_405' title='bbox 2402 2786 2414 2799; x_wconf 88' lang='grc'>⁶</span> <span class='ocrx_word' id='word_1_406' title='bbox 2476 2773 2564 2827; x_wconf 89' lang='grc' dir='ltr'>καὶ</span> <span class='ocrx_word' id='word_1_407' title='bbox 2620 2770 2735 2826; x_wconf 70' lang='grc' dir='ltr'>οὔτε</span> <span class='ocrx_word' id='word_1_408' title='bbox 2779 2773 2838 2827; x_wconf 89' lang='grc' dir='ltr'>τὸ</span> <span class='ocrx_word' id='word_1_409' title='bbox 2885 2771 3232 2849; x_wconf 62' lang='grc' dir='ltr'>συμπροϊέναι</span> <span class='ocrx_word' id='word_1_410' title='bbox 3291 2779 3358 2849; x_wconf 77' lang='grc' dir='ltr'>τῇ</span> <span class='ocrx_word' id='word_1_411' title='bbox 3411 2774 3587 2830; x_wconf 81' lang='grc' dir='ltr'>ἀκτῖνι</span> <span class='ocrx_word' id='word_1_412' title='bbox 3630 2776 3691 2831; x_wconf 89' lang='grc' dir='ltr'>τὸ</span> <span class='ocrx_word' id='word_1_413' title='bbox 3748 2781 3861 2854; x_wconf 79' lang='grc' dir='ltr'>φῶς</span> 
     </span>
    </p>
   </div>
   <div class='ocr_carea' id='block_1_60' title="bbox 2212 2858 3859 2938">
    <p class='ocr_par' dir='ltr' id='par_1_60' title="bbox 2212 2858 3859 2938">
     <span class='ocr_line' id='line_1_61' title="bbox 2212 2858 3859 2938; baseline 0.002 -24"><span class='ocrx_word' id='word_1_414' title='bbox 2212 2858 2587 2938; x_wconf 79' lang='grc' dir='ltr'>ἆνατρεπτικὸν</span> <span class='ocrx_word' id='word_1_415' title='bbox 2644 2867 2735 2916; x_wconf 86' lang='grc' dir='ltr'>τοῦ</span> <span class='ocrx_word' id='word_1_416' title='bbox 2796 2859 2939 2916; x_wconf 79' lang='grc' dir='ltr'>εἶναι</span> <span class='ocrx_word' id='word_1_417' title='bbox 2983 2858 3067 2915; x_wconf 79' lang='grc' dir='ltr'>διὰ</span> <span class='ocrx_word' id='word_1_418' title='bbox 3119 2865 3218 2927; x_wconf 81' lang='grc' dir='ltr'>τῆς</span> <span class='ocrx_word' id='word_1_419' title='bbox 3274 2861 3492 2926; x_wconf 84' lang='grc' dir='ltr'>ἀκτῖνος</span> <span class='ocrx_word' id='word_1_420' title='bbox 3560 2864 3709 2935; x_wconf 75' lang='grc' dir='ltr'>αὒτὸ,</span> <span class='ocrx_word' id='word_1_421' title='bbox 3742 2862 3859 2919; x_wconf 59' lang='grc' dir='ltr'>οὔτε</span> 
     </span>
    </p>
   </div>
   <div class='ocr_carea' id='block_1_61' title="bbox 2210 2946 3864 3029">
    <p class='ocr_par' dir='ltr' id='par_1_61' title="bbox 2210 2946 3864 3029">
     <span class='ocr_line' id='line_1_62' title="bbox 2210 2946 3864 3029; baseline 0.003 -26"><span class='ocrx_word' id='word_1_422' title='bbox 2210 2949 2271 3003; x_wconf 91' lang='grc' dir='ltr'>τὸ</span> <span class='ocrx_word' id='word_1_423' title='bbox 2324 2946 2408 3003; x_wconf 82' lang='grc' dir='ltr'>διὰ</span> <span class='ocrx_word' id='word_1_424' title='bbox 2450 2958 2541 3006; x_wconf 88' lang='grc' dir='ltr'>τοῦ</span> <span class='ocrx_word' id='word_1_425' title='bbox 2598 2957 2842 3023; x_wconf 87' lang='grc' dir='ltr'>ποταμοῦ</span> <span class='ocrx_word' id='word_1_426' title='bbox 2883 2949 3126 3028; x_wconf 79' lang='grc' dir='ltr'>προϊέναι</span> <span class='ocrx_word' id='word_1_427' title='bbox 3175 2951 3236 3005; x_wconf 88' lang='grc' dir='ltr'>τὸ</span> <span class='ocrx_word' id='word_1_428' title='bbox 3305 2947 3438 3029; x_wconf 67' lang='grc' dir='ltr'>ὕδωρ</span> <span class='ocrx_word' id='word_1_429' title='bbox 3493 2952 3725 3007; x_wconf 74' lang='grc' dir='ltr'>ἒναντίον</span> <span class='ocrx_word' id='word_1_430' title='bbox 3768 2959 3864 3008; x_wconf 83' lang='grc' dir='ltr'>τοῦ</span> 
     </span>
    </p>
   </div>
   <div class='ocr_carea' id='block_1_62' title="bbox 2212 3035 3862 3117">
    <p class='ocr_par' dir='ltr' id='par_1_62' title="bbox 2212 3035 3862 3117">
     <span class='ocr_line' id='line_1_63' title="bbox 2212 3035 3862 3117; baseline 0.002 -26"><span class='ocrx_word' id='word_1_431' title='bbox 2212 3037 2557 3115; x_wconf 84' lang='grc' dir='ltr'>συμπροϊέναι</span> <span class='ocrx_word' id='word_1_432' title='bbox 2643 3035 2896 3107; x_wconf 77' lang='grc' dir='ltr'>ἀλλήλοις</span> <span class='ocrx_word' id='word_1_433' title='bbox 2978 3059 3141 3093; x_wconf 89' lang='grc' dir='ltr'>ταυτα</span> <span class='ocrx_word' id='word_1_434' title='bbox 3196 3035 3630 3117; x_wconf 85' lang='grc' dir='ltr'>διαγινώσκομεν.</span> <span class='ocrx_word' id='word_1_435' title='bbox 3692 3041 3762 3097; x_wconf 87' lang='grc' dir='ltr'>Τὸ</span> <span class='ocrx_word' id='word_1_436' title='bbox 3808 3039 3862 3095; x_wconf 77' lang='grc' dir='ltr'>δὲ</span> 
     </span>
    </p>
   </div>
   <div class='ocr_carea' id='block_1_63' title="bbox 474 3114 2126 3207">
    <p class='ocr_par' dir='ltr' id='par_1_63' title="bbox 474 3122 2126 3201">
     <span class='ocr_line' id='line_1_64' title="bbox 474 3122 2126 3201; baseline 0.003 -22"><span class='ocrx_word' id='word_1_437' title='bbox 474 3128 699 3199; x_wconf 74' lang='lat' dir='ltr'>gantes,</span> <span class='ocrx_word' id='word_1_438' title='bbox 734 3122 1033 3201; x_wconf 91' lang='lat' dir='ltr'>quomodo</span> <span class='ocrx_word' id='word_1_439' title='bbox 1068 3141 1181 3183; x_wconf 90' lang='lat' dir='ltr'>una</span> <span class='ocrx_word' id='word_1_440' title='bbox 1212 3122 1385 3182; x_wconf 91' lang='lat' dir='ltr'>simul</span> <span class='ocrx_word' id='word_1_441' title='bbox 1436 3141 1567 3182; x_wconf 91' lang='lat' dir='ltr'>cum</span> <span class='ocrx_word' id='word_1_442' title='bbox 1620 3123 1787 3183; x_wconf 82' lang='lat' dir='ltr'>radio</span> <span class='ocrx_word' id='word_1_443' title='bbox 1822 3122 2036 3198; x_wconf 75' lang='lat' dir='ltr'>eXsilit,</span> <span class='ocrx_word' id='word_1_444' title='bbox 2072 3132 2126 3184; x_wconf 90' lang='lat' dir='ltr'>et</span> 
     </span>
    </p>
   </div>
   <div class='ocr_carea' id='block_1_64' title="bbox 2213 3114 3865 3207">
    <p class='ocr_par' dir='ltr' id='par_1_64' title="bbox 2213 3114 3865 3207">
     <span class='ocr_line' id='line_1_65' title="bbox 2213 3114 3865 3207; baseline 0.002 -26"><span class='ocrx_word' id='word_1_445' title='bbox 2213 3132 2316 3181; x_wconf 82' lang='grc' dir='ltr'>τῶν</span> <span class='ocrx_word' id='word_1_446' title='bbox 2363 3114 2564 3204; x_wconf 85' lang='grc' dir='ltr'>λόγων</span> <span class='ocrx_word' id='word_1_447' title='bbox 2649 3125 3111 3205; x_wconf 76' lang='grc' dir='ltr'>ἐξεταστικώτερον</span> <span class='ocrx_word' id='word_1_448' title='bbox 3201 3114 3699 3207; x_wconf 15' lang='grc' dir='ltr'>μετγαχιροζόμενοι,</span> <span class='ocrx_word' id='word_1_449' title='bbox 3773 3130 3865 3185; x_wconf 85' lang='grc' dir='ltr'>καὶ</span> 
     </span>
    </p>
   </div>
   <div class='ocr_carea' id='block_1_65' title="bbox 475 3209 2127 3292">
    <p class='ocr_par' dir='ltr' id='par_1_65' title="bbox 475 3209 2127 3292">
     <span class='ocr_line' id='line_1_66' title="bbox 475 3209 2127 3292; baseline 0.002 -22"><span class='ocrx_word' id='word_1_450' title='bbox 475 3228 581 3290; x_wconf 89' lang='lat' dir='ltr'>per</span> <span class='ocrx_word' id='word_1_451' title='bbox 607 3209 837 3271; x_wconf 89' lang='lat' dir='ltr'>radium</span> <span class='ocrx_word' id='word_1_452' title='bbox 871 3230 940 3272; x_wconf 83' lang='lat' dir='ltr'>ex</span> <span class='ocrx_word' id='word_1_453' title='bbox 968 3212 1092 3272; x_wconf 92' lang='lat' dir='ltr'>sole</span> <span class='ocrx_word' id='word_1_454' title='bbox 1124 3211 1323 3272; x_wconf 89' lang='lat' dir='ltr'>lumen</span> <span class='ocrx_word' id='word_1_455' title='bbox 1357 3220 1678 3283; x_wconf 82' lang='lat' dir='ltr'>elnanat,et</span> <span class='ocrx_word' id='word_1_456' title='bbox 1707 3213 2005 3292; x_wconf 90' lang='lat' dir='ltr'>quomodo</span> <span class='ocrx_word' id='word_1_457' title='bbox 2039 3213 2127 3272; x_wconf 79' lang='lat' dir='ltr'>si-</span> 
     </span>
    </p>
   </div>
   <div class='ocr_carea' id='block_1_66' title="bbox 476 3299 2125 3380">
    <p class='ocr_par' dir='ltr' id='par_1_66' title="bbox 476 3299 2125 3380">
     <span class='ocr_line' id='line_1_67' title="bbox 476 3299 2125 3380; baseline 0.003 -23"><span class='ocrx_word' id='word_1_458' title='bbox 476 3299 597 3359; x_wconf 93' lang='lat' dir='ltr'>mul</span> <span class='ocrx_word' id='word_1_459' title='bbox 628 3318 760 3359; x_wconf 88' lang='lat' dir='ltr'>cum</span> <span class='ocrx_word' id='word_1_460' title='bbox 807 3299 982 3360; x_wconf 90' lang='lat' dir='ltr'>ﬂuvio</span> <span class='ocrx_word' id='word_1_461' title='bbox 1014 3299 1225 3368; x_wconf 80' lang='lat' dir='ltr'>el&#39;ﬂuit.</span> <span class='ocrx_word' id='word_1_462' title='bbox 1260 3309 1317 3360; x_wconf 91' lang='lat' dir='ltr'>et</span> <span class='ocrx_word' id='word_1_463' title='bbox 1351 3319 1455 3379; x_wconf 91' lang='lat' dir='ltr'>per</span> <span class='ocrx_word' id='word_1_464' title='bbox 1476 3300 1718 3361; x_wconf 88' lang='lat' dir='ltr'>ﬂuvium</span> <span class='ocrx_word' id='word_1_465' title='bbox 1753 3299 1945 3361; x_wconf 81' lang='lat' dir='ltr'>exsilit</span> <span class='ocrx_word' id='word_1_466' title='bbox 1975 3319 2125 3380; x_wconf 82' lang='lat' dir='ltr'>aqua</span> 
     </span>
    </p>
   </div>
   <div class='ocr_carea' id='block_1_67' title="bbox 475 3387 2124 3467">
    <p class='ocr_par' dir='ltr' id='par_1_67' title="bbox 475 3387 2124 3467">
     <span class='ocr_line' id='line_1_68' title="bbox 475 3387 2124 3467; baseline 0.002 -22"><span class='ocrx_word' id='word_1_467' title='bbox 475 3403 547 3446; x_wconf 82' lang='lat' dir='ltr'>ex</span> <span class='ocrx_word' id='word_1_468' title='bbox 576 3387 753 3461; x_wconf 75' lang='lat' dir='ltr'>fonte,</span> <span class='ocrx_word' id='word_1_469' title='bbox 789 3395 845 3446; x_wconf 92' lang='lat' dir='ltr'>et</span> <span class='ocrx_word' id='word_1_470' title='bbox 876 3389 1174 3467; x_wconf 89' lang='lat' dir='ltr'>quomodo</span> <span class='ocrx_word' id='word_1_471' title='bbox 1233 3398 1511 3450; x_wconf 89' lang='lat' dir='ltr'>neutrum</span> <span class='ocrx_word' id='word_1_472' title='bbox 1570 3407 1639 3449; x_wconf 84' lang='lat' dir='ltr'>ex</span> <span class='ocrx_word' id='word_1_473' title='bbox 1690 3389 1813 3467; x_wconf 85' lang='lat' dir='ltr'>jam</span> <span class='ocrx_word' id='word_1_474' title='bbox 1848 3388 2023 3450; x_wconf 75' lang='lat' dir='ltr'>dictis</span> <span class='ocrx_word' id='word_1_475' title='bbox 2054 3389 2124 3449; x_wconf 89' lang='lat' dir='ltr'>ad</span> 
     </span>
    </p>
   </div>
   <div class='ocr_carea' id='block_1_68' title="bbox 473 3475 2119 3550">
    <p class='ocr_par' dir='ltr' id='par_1_68' title="bbox 473 3475 2119 3550">
     <span class='ocr_line' id='line_1_69' title="bbox 473 3475 2119 3550; baseline 0.002 -16"><span class='ocrx_word' id='word_1_476' title='bbox 473 3475 631 3536; x_wconf 90' lang='lat' dir='ltr'>aliud</span> <span class='ocrx_word' id='word_1_477' title='bbox 689 3477 1143 3536; x_wconf 89' lang='lat' dir='ltr'>convellendum</span> <span class='ocrx_word' id='word_1_478' title='bbox 1196 3480 1446 3550; x_wconf 84' lang='lat' dir='ltr'>confert,</span> <span class='ocrx_word' id='word_1_479' title='bbox 1487 3488 1611 3536; x_wconf 86' lang='lat' dir='ltr'>tum</span> <span class='ocrx_word' id='word_1_480' title='bbox 1645 3477 1901 3537; x_wconf 88' lang='lat' dir='ltr'>subinde</span> <span class='ocrx_word' id='word_1_481' title='bbox 1933 3478 2019 3539; x_wconf 90' lang='lat' dir='ltr'>rei</span> <span class='ocrx_word' id='word_1_482' title='bbox 2051 3478 2119 3537; x_wconf 87' lang='lat' dir='ltr'>ﬁ-</span> 
     </span>
    </p>
   </div>
   <div class='ocr_carea' id='block_1_69' title="bbox 475 3564 2124 3646">
    <p class='ocr_par' dir='ltr' id='par_1_69' title="bbox 475 3564 2124 3646">
     <span class='ocr_line' id='line_1_70' title="bbox 475 3564 2124 3646; baseline 0.002 -23"><span class='ocrx_word' id='word_1_483' title='bbox 475 3583 610 3625; x_wconf 91' lang='lat' dir='ltr'>nem</span> <span class='ocrx_word' id='word_1_484' title='bbox 645 3564 1032 3643; x_wconf 86' lang='lat' dir='ltr'>imponimus.</span> <span class='ocrx_word' id='word_1_485' title='bbox 1066 3566 1397 3641; x_wconf 89' lang='lat' dir='ltr'>Poscimus,</span> <span class='ocrx_word' id='word_1_486' title='bbox 1435 3566 1494 3626; x_wconf 91' lang='lat' dir='ltr'>in</span> <span class='ocrx_word' id='word_1_487' title='bbox 1527 3566 1860 3645; x_wconf 83' lang='lat' dir='ltr'>eﬂ‘ectibus,</span> <span class='ocrx_word' id='word_1_488' title='bbox 1895 3567 1996 3646; x_wconf 91' lang='lat' dir='ltr'>qui</span> <span class='ocrx_word' id='word_1_489' title='bbox 2044 3567 2124 3628; x_wconf 90' lang='lat' dir='ltr'>ita</span> 
     </span>
    </p>
   </div>
   <div class='ocr_carea' id='block_1_70' title="bbox 474 3651 2120 3734">
    <p class='ocr_par' dir='ltr' id='par_1_70' title="bbox 474 3651 2120 3734">
     <span class='ocr_line' id='line_1_71' title="bbox 474 3651 2120 3734; baseline 0.002 -21"><span class='ocrx_word' id='word_1_490' title='bbox 474 3670 538 3713; x_wconf 92' lang='lat' dir='ltr'>se</span> <span class='ocrx_word' id='word_1_491' title='bbox 567 3651 806 3724; x_wconf 87' lang='lat' dir='ltr'>habent,</span> <span class='ocrx_word' id='word_1_492' title='bbox 840 3661 1029 3733; x_wconf 90' lang='lat' dir='ltr'>potest</span> <span class='ocrx_word' id='word_1_493' title='bbox 1060 3673 1132 3714; x_wconf 94' lang='lat' dir='ltr'>ne</span> <span class='ocrx_word' id='word_1_494' title='bbox 1164 3673 1317 3715; x_wconf 90' lang='lat' dir='ltr'>unus</span> <span class='ocrx_word' id='word_1_495' title='bbox 1349 3655 1478 3715; x_wconf 92' lang='lat' dir='ltr'>sine</span> <span class='ocrx_word' id='word_1_496' title='bbox 1508 3654 1654 3714; x_wconf 87' lang='lat' dir='ltr'>alios</span> <span class='ocrx_word' id='word_1_497' title='bbox 1685 3672 1815 3715; x_wconf 89' lang='lat' dir='ltr'>esse</span> <span class='ocrx_word' id='word_1_498' title='bbox 1836 3661 1863 3716; x_wconf 85' lang='lat'>?</span> <span class='ocrx_word' id='word_1_499' title='bbox 1892 3659 1965 3716; x_wconf 78' lang='lat' dir='ltr'>At</span> <span class='ocrx_word' id='word_1_500' title='bbox 1994 3655 2120 3734; x_wconf 86' lang='lat' dir='ltr'>pla-</span> 
     </span>
    </p>
   </div>
   <div class='ocr_carea' id='block_1_71' title="bbox 473 3742 2123 3824">
    <p class='ocr_par' dir='ltr' id='par_1_71' title="bbox 473 3742 2123 3824">
     <span class='ocr_line' id='line_1_72' title="bbox 473 3742 2123 3824; baseline 0.003 -22"><span class='ocrx_word' id='word_1_501' title='bbox 473 3760 548 3802; x_wconf 88' lang='lat' dir='ltr'>ne</span> <span class='ocrx_word' id='word_1_502' title='bbox 580 3742 975 3802; x_wconf 77' lang='lat' dir='ltr'>discernimus</span> <span class='ocrx_word' id='word_1_503' title='bbox 1022 3760 1216 3823; x_wconf 89' lang='lat' dir='ltr'>neque</span> <span class='ocrx_word' id='word_1_504' title='bbox 1246 3744 1498 3805; x_wconf 84' lang='lat' dir='ltr'>fradium</span> <span class='ocrx_word' id='word_1_505' title='bbox 1532 3761 1703 3822; x_wconf 89' lang='lat' dir='ltr'>posse</span> <span class='ocrx_word' id='word_1_506' title='bbox 1736 3761 1871 3804; x_wconf 68' lang='lat' dir='ltr'>esse</span> <span class='ocrx_word' id='word_1_507' title='bbox 1902 3749 2123 3824; x_wconf 89' lang='lat' dir='ltr'>absque</span> 
     </span>
    </p>
   </div>
   <div class='ocr_carea' id='block_1_72' title="bbox 473 3830 2119 3913">
    <p class='ocr_par' dir='ltr' id='par_1_72' title="bbox 473 3830 2119 3913">
     <span class='ocr_line' id='line_1_73' title="bbox 473 3830 2119 3913; baseline 0.003 -24"><span class='ocrx_word' id='word_1_508' title='bbox 473 3830 721 3903; x_wconf 90' lang='lat' dir='ltr'>lumine,</span> <span class='ocrx_word' id='word_1_509' title='bbox 757 3849 950 3911; x_wconf 85' lang='lat' dir='ltr'>neque</span> <span class='ocrx_word' id='word_1_510' title='bbox 978 3832 1171 3894; x_wconf 89' lang='lat' dir='ltr'>solare</span> <span class='ocrx_word' id='word_1_511' title='bbox 1199 3833 1402 3893; x_wconf 87' lang='lat' dir='ltr'>lumen</span> <span class='ocrx_word' id='word_1_512' title='bbox 1432 3832 1654 3911; x_wconf 88' lang='lat' dir='ltr'>absque</span> <span class='ocrx_word' id='word_1_513' title='bbox 1700 3832 1893 3905; x_wconf 85' lang='lat' dir='ltr'>radio,</span> <span class='ocrx_word' id='word_1_514' title='bbox 1928 3852 2119 3913; x_wconf 91' lang='lat' dir='ltr'>neque</span> 
     </span>
    </p>
   </div>
   <div class='ocr_carea' id='block_1_73' title="bbox 474 3919 2123 3999">
    <p class='ocr_par' dir='ltr' id='par_1_73' title="bbox 474 3919 2123 3999">
     <span class='ocr_line' id='line_1_74' title="bbox 474 3919 2123 3999; baseline 0.002 -20"><span class='ocrx_word' id='word_1_515' title='bbox 474 3919 768 3979; x_wconf 89' lang='lat' dir='ltr'>ﬂuvialem</span> <span class='ocrx_word' id='word_1_516' title='bbox 798 3938 1010 3998; x_wconf 88' lang='lat' dir='ltr'>aquam</span> <span class='ocrx_word' id='word_1_517' title='bbox 1041 3921 1168 3981; x_wconf 87' lang='lat' dir='ltr'>sine</span> <span class='ocrx_word' id='word_1_518' title='bbox 1218 3920 1415 3996; x_wconf 91' lang='lat' dir='ltr'>ﬂuvio,</span> <span class='ocrx_word' id='word_1_519' title='bbox 1451 3937 1644 3999; x_wconf 90' lang='lat' dir='ltr'>neque</span> <span class='ocrx_word' id='word_1_520' title='bbox 1701 3920 1943 3980; x_wconf 89' lang='lat' dir='ltr'>ﬂuvium</span> <span class='ocrx_word' id='word_1_521' title='bbox 1991 3924 2123 3983; x_wconf 91' lang='lat' dir='ltr'>sine</span> 
     </span>
    </p>
   </div>
   <div class='ocr_carea' id='block_1_74' title="bbox 472 4008 2125 4090">
    <p class='ocr_par' dir='ltr' id='par_1_74' title="bbox 472 4008 2125 4090">
     <span class='ocr_line' id='line_1_75' title="bbox 472 4008 2125 4090; baseline 0.002 -21"><span class='ocrx_word' id='word_1_522' title='bbox 472 4025 623 4087; x_wconf 87' lang='lat' dir='ltr'>aqua</span> <span class='ocrx_word' id='word_1_523' title='bbox 654 4016 712 4068; x_wconf 89' lang='lat' dir='ltr'>et</span> <span class='ocrx_word' id='word_1_524' title='bbox 742 4009 1038 4069; x_wconf 88' lang='lat' dir='ltr'>curiosius</span> <span class='ocrx_word' id='word_1_525' title='bbox 1068 4009 1493 4088; x_wconf 90' lang='lat' dir='ltr'>conquirentes</span> <span class='ocrx_word' id='word_1_526' title='bbox 1540 4008 1830 4069; x_wconf 87' lang='lat' dir='ltr'>rationem</span> <span class='ocrx_word' id='word_1_527' title='bbox 1884 4019 2125 4090; x_wconf 91' lang='lat' dir='ltr'>propter</span> 
     </span>
    </p>
   </div>
   <div class='ocr_carea' id='block_1_75' title="bbox 477 4096 2120 4178">
    <p class='ocr_par' dir='ltr' id='par_1_75' title="bbox 477 4096 2120 4178">
     <span class='ocr_line' id='line_1_76' title="bbox 477 4096 2120 4178; baseline 0.002 -20"><span class='ocrx_word' id='word_1_528' title='bbox 477 4115 653 4177; x_wconf 89' lang='lat' dir='ltr'>quam</span> <span class='ocrx_word' id='word_1_529' title='bbox 684 4097 744 4157; x_wconf 91' lang='lat' dir='ltr'>in</span> <span class='ocrx_word' id='word_1_530' title='bbox 776 4096 1069 4158; x_wconf 84' lang='lat' dir='ltr'>similibus</span> <span class='ocrx_word' id='word_1_531' title='bbox 1099 4098 1409 4159; x_wconf 80' lang='lat' dir='ltr'>eﬂectibus</span> <span class='ocrx_word' id='word_1_532' title='bbox 1440 4115 1593 4158; x_wconf 91' lang='lat' dir='ltr'>unus</span> <span class='ocrx_word' id='word_1_533' title='bbox 1616 4099 1842 4178; x_wconf 81' lang='lat' dir='ltr'>absque</span> <span class='ocrx_word' id='word_1_534' title='bbox 1873 4100 1987 4160; x_wconf 88' lang='lat' dir='ltr'>alio</span> <span class='ocrx_word' id='word_1_535' title='bbox 2021 4119 2120 4161; x_wconf 87' lang='lat' dir='ltr'>es-</span> 
     </span>
    </p>
   </div>
   <div class='ocr_carea' id='block_1_76' title="bbox 477 4186 2119 4268">
    <p class='ocr_par' dir='ltr' id='par_1_76' title="bbox 477 4186 2119 4268">
     <span class='ocr_line' id='line_1_77' title="bbox 477 4186 2119 4268; baseline 0.002 -21"><span class='ocrx_word' id='word_1_536' title='bbox 477 4203 542 4247; x_wconf 90' lang='lat' dir='ltr'>se</span> <span class='ocrx_word' id='word_1_537' title='bbox 572 4194 846 4268; x_wconf 89' lang='lat' dir='ltr'>nequeat,</span> <span class='ocrx_word' id='word_1_538' title='bbox 881 4195 1085 4267; x_wconf 90' lang='lat' dir='ltr'>aperte</span> <span class='ocrx_word' id='word_1_539' title='bbox 1133 4186 1545 4265; x_wconf 85' lang='lat' dir='ltr'>cognoscimus</span> <span class='ocrx_word' id='word_1_540' title='bbox 1588 4188 1807 4248; x_wconf 87' lang='lat' dir='ltr'>nullam</span> <span class='ocrx_word' id='word_1_541' title='bbox 1839 4189 2011 4251; x_wconf 78' lang='lat' dir='ltr'>aliam</span> <span class='ocrx_word' id='word_1_542' title='bbox 2044 4189 2119 4251; x_wconf 89' lang='lat' dir='ltr'>ob</span> 
     </span>
    </p>
   </div>
   <div class='ocr_carea' id='block_1_77' title="bbox 477 4276 2121 4356">
    <p class='ocr_par' dir='ltr' id='par_1_77' title="bbox 477 4276 2121 4356">
     <span class='ocr_line' id='line_1_78' title="bbox 477 4276 2121 4356; baseline 0.001 -20"><span class='ocrx_word' id='word_1_543' title='bbox 477 4294 713 4337; x_wconf 88' lang='lat' dir='ltr'>causam</span> <span class='ocrx_word' id='word_1_544' title='bbox 744 4276 804 4337; x_wconf 89' lang='lat' dir='ltr'>id</span> <span class='ocrx_word' id='word_1_545' title='bbox 839 4278 1207 4355; x_wconf 77' lang='lat' dir='ltr'>contingere,</span> <span class='ocrx_word' id='word_1_546' title='bbox 1237 4296 1411 4356; x_wconf 89' lang='lat' dir='ltr'>quam</span> <span class='ocrx_word' id='word_1_547' title='bbox 1443 4276 1598 4356; x_wconf 92' lang='lat' dir='ltr'>quod</span> <span class='ocrx_word' id='word_1_548' title='bbox 1630 4296 1813 4337; x_wconf 90' lang='lat' dir='ltr'>unum</span> <span class='ocrx_word' id='word_1_549' title='bbox 1840 4297 1907 4338; x_wconf 81' lang='lat' dir='ltr'>ex</span> <span class='ocrx_word' id='word_1_550' title='bbox 1934 4279 2121 4341; x_wconf 84' lang='lat' dir='ltr'>altero</span> 
     </span>
    </p>
   </div>
   <div class='ocr_carea' id='block_1_78' title="bbox 476 4363 2119 4448">
    <p class='ocr_par' dir='ltr' id='par_1_78' title="bbox 476 4363 2119 4448">
     <span class='ocr_line' id='line_1_79' title="bbox 476 4363 2119 4448; baseline 0.002 -22"><span class='ocrx_word' id='word_1_551' title='bbox 476 4373 585 4427; x_wconf 92' lang='lat' dir='ltr'>est.</span> <span class='ocrx_word' id='word_1_552' title='bbox 620 4363 745 4427; x_wconf 90' lang='lat' dir='ltr'>Hoc</span> <span class='ocrx_word' id='word_1_553' title='bbox 769 4365 927 4426; x_wconf 90' lang='lat' dir='ltr'>enim</span> <span class='ocrx_word' id='word_1_554' title='bbox 961 4385 1071 4427; x_wconf 89' lang='lat' dir='ltr'>nec</span> <span class='ocrx_word' id='word_1_555' title='bbox 1099 4366 1258 4426; x_wconf 88' lang='lat' dir='ltr'>aliud</span> <span class='ocrx_word' id='word_1_556' title='bbox 1289 4365 1593 4444; x_wconf 89' lang='lat' dir='ltr'>potissima</span> <span class='ocrx_word' id='word_1_557' title='bbox 1621 4385 1796 4428; x_wconf 90' lang='lat' dir='ltr'>causa</span> <span class='ocrx_word' id='word_1_558' title='bbox 1822 4378 2119 4448; x_wconf 88' lang='lat' dir='ltr'>censetur,</span> 
     </span>
    </p>
   </div>
   <div class='ocr_carea' id='block_1_79' title="bbox 2210 3204 3864 3285">
    <p class='ocr_par' dir='ltr' id='par_1_79' title="bbox 2210 3204 3864 3285">
     <span class='ocr_line' id='line_1_80' title="bbox 2210 3204 3864 3285; baseline 0.002 -24"><span class='ocrx_word' id='word_1_559' title='bbox 2210 3204 2771 3285; x_wconf 85' lang='grc' dir='ltr'>πολυπραγμονοῦντες</span> <span class='ocrx_word' id='word_1_560' title='bbox 2825 3211 3172 3280; x_wconf 78' lang='grc' dir='ltr'>κατανοῆσαι,</span> <span class='ocrx_word' id='word_1_561' title='bbox 3254 3204 3379 3270; x_wconf 72' lang='grc' dir='ltr'>πῶς</span> <span class='ocrx_word' id='word_1_562' title='bbox 3408 3204 3496 3262; x_wconf 46' lang='grc' dir='ltr'>“τε</span> <span class='ocrx_word' id='word_1_563' title='bbox 3552 3204 3864 3285; x_wconf 84' lang='grc' dir='ltr'>συμπρόεισι</span> 
     </span>
    </p>
   </div>
   <div class='ocr_carea' id='block_1_80' title="bbox 2209 3291 3866 3375">
    <p class='ocr_par' dir='ltr' id='par_1_80' title="bbox 2209 3291 3866 3375">
     <span class='ocr_line' id='line_1_81' title="bbox 2209 3291 3866 3375; baseline 0.003 -27"><span class='ocrx_word' id='word_1_564' title='bbox 2209 3300 2279 3370; x_wconf 77' lang='grc' dir='ltr'>τῇ</span> <span class='ocrx_word' id='word_1_565' title='bbox 2349 3294 2546 3367; x_wconf 80' lang='grc' dir='ltr'>ἀκτῖνι,</span> <span class='ocrx_word' id='word_1_566' title='bbox 2612 3295 2698 3350; x_wconf 86' lang='grc' dir='ltr'>καὶ</span> <span class='ocrx_word' id='word_1_567' title='bbox 2758 3291 2842 3350; x_wconf 75' lang='grc' dir='ltr'>διὰ</span> <span class='ocrx_word' id='word_1_568' title='bbox 2896 3297 2995 3361; x_wconf 72' lang='grc' dir='ltr'>τῆς</span> <span class='ocrx_word' id='word_1_569' title='bbox 3027 3294 3244 3359; x_wconf 78' lang='grc' dir='ltr'>ἀκτῖνος</span> <span class='ocrx_word' id='word_1_570' title='bbox 3279 3296 3515 3375; x_wconf 83' lang='grc' dir='ltr'>πρόεισιν</span> <span class='ocrx_word' id='word_1_571' title='bbox 3545 3295 3596 3361; x_wconf 79' lang='grc' dir='ltr'>ἐξ</span> <span class='ocrx_word' id='word_1_572' title='bbox 3625 3295 3775 3363; x_wconf 75' lang='grc' dir='ltr'>ἡλίου</span> <span class='ocrx_word' id='word_1_573' title='bbox 3804 3297 3866 3353; x_wconf 87' lang='grc' dir='ltr'>τό</span> 
     </span>
    </p>
   </div>
   <div class='ocr_carea' id='block_1_81' title="bbox 2210 3383 3866 3461">
    <p class='ocr_par' dir='ltr' id='par_1_81' title="bbox 2210 3383 3866 3461">
     <span class='ocr_line' id='line_1_82' title="bbox 2210 3383 3866 3461; baseline 0.004 -25"><span class='ocrx_word' id='word_1_574' title='bbox 2210 3385 2345 3461; x_wconf 69' lang='grc' dir='ltr'>φῶς,</span> <span class='ocrx_word' id='word_1_575' title='bbox 2384 3385 2472 3439; x_wconf 89' lang='grc' dir='ltr'>καὶ</span> <span class='ocrx_word' id='word_1_576' title='bbox 2536 3383 2650 3446; x_wconf 78' lang='grc' dir='ltr'>πῶς</span> <span class='ocrx_word' id='word_1_577' title='bbox 2733 3383 3045 3461; x_wconf 87' lang='grc' dir='ltr'>συμπρόεισι</span> <span class='ocrx_word' id='word_1_578' title='bbox 3099 3390 3176 3459; x_wconf 86' lang='grc' dir='ltr'>τῷ</span> <span class='ocrx_word' id='word_1_579' title='bbox 3218 3388 3466 3461; x_wconf 78' lang='grc' dir='ltr'>ποταμῷ,</span> <span class='ocrx_word' id='word_1_580' title='bbox 3511 3387 3600 3442; x_wconf 84' lang='grc' dir='ltr'>καὶ</span> <span class='ocrx_word' id='word_1_581' title='bbox 3647 3384 3730 3441; x_wconf 83' lang='grc' dir='ltr'>διὰ</span> <span class='ocrx_word' id='word_1_582' title='bbox 3770 3394 3866 3443; x_wconf 83' lang='grc' dir='ltr'>τοῦ</span> 
     </span>
    </p>
   </div>
   <div class='ocr_carea' id='block_1_82' title="bbox 2209 3470 3865 3552">
    <p class='ocr_par' dir='ltr' id='par_1_82' title="bbox 2209 3470 3865 3552">
     <span class='ocr_line' id='line_1_83' title="bbox 2209 3470 3865 3552; baseline 0.003 -26"><span class='ocrx_word' id='word_1_583' title='bbox 2209 3479 2450 3545; x_wconf 87' lang='grc' dir='ltr'>ποταμοῦ</span> <span class='ocrx_word' id='word_1_584' title='bbox 2506 3472 2710 3551; x_wconf 83' lang='grc' dir='ltr'>πρόεισι</span> <span class='ocrx_word' id='word_1_585' title='bbox 2780 3471 2842 3527; x_wconf 80' lang='grc' dir='ltr'>τὰ</span> <span class='ocrx_word' id='word_1_586' title='bbox 2900 3470 3034 3551; x_wconf 71' lang='grc' dir='ltr'>ὕδωρ</span> <span class='ocrx_word' id='word_1_587' title='bbox 3090 3472 3151 3529; x_wconf 84' lang='grc' dir='ltr'>ἐκ</span> <span class='ocrx_word' id='word_1_588' title='bbox 3183 3478 3283 3540; x_wconf 77' lang='grc' dir='ltr'>τῆς</span> <span class='ocrx_word' id='word_1_589' title='bbox 3338 3479 3545 3552; x_wconf 81' lang='grc' dir='ltr'>πηγῆς,</span> <span class='ocrx_word' id='word_1_590' title='bbox 3604 3476 3692 3531; x_wconf 87' lang='grc' dir='ltr'>καὶ</span> <span class='ocrx_word' id='word_1_591' title='bbox 3746 3477 3865 3539; x_wconf 81' lang='grc' dir='ltr'>πῶς</span> 
     </span>
    </p>
   </div>
   <div class='ocr_carea' id='block_1_83' title="bbox 2205 3557 3862 3641">
    <p class='ocr_par' dir='ltr' id='par_1_83' title="bbox 2205 3557 3862 3641">
     <span class='ocr_line' id='line_1_84' title="bbox 2205 3557 3862 3641; baseline 0.004 -28"><span class='ocrx_word' id='word_1_592' title='bbox 2205 3557 2471 3639; x_wconf 69' lang='grc' dir='ltr'>οὐδέτερον</span> <span class='ocrx_word' id='word_1_593' title='bbox 2541 3568 2645 3617; x_wconf 85' lang='grc' dir='ltr'>τῶν</span> <span class='ocrx_word' id='word_1_594' title='bbox 2694 3560 2982 3640; x_wconf 81' lang='grc' dir='ltr'>εἰρημένων</span> <span class='ocrx_word' id='word_1_595' title='bbox 3059 3562 3129 3626; x_wconf 74' lang='grc' dir='ltr'>εἷς</span> <span class='ocrx_word' id='word_1_596' title='bbox 3186 3562 3285 3629; x_wconf 82' lang='grc' dir='ltr'>τὴν</span> <span class='ocrx_word' id='word_1_597' title='bbox 3352 3572 3444 3621; x_wconf 88' lang='grc' dir='ltr'>τοῦ</span> <span class='ocrx_word' id='word_1_598' title='bbox 3498 3563 3674 3641; x_wconf 78' lang='grc' dir='ltr'>ἐτέρου</span> <span class='ocrx_word' id='word_1_599' title='bbox 3730 3584 3862 3620; x_wconf 88' lang='grc' dir='ltr'>συν-</span> 
     </span>
    </p>
   </div>
   <div class='ocr_carea' id='block_1_84' title="bbox 2205 3648 3857 3729">
    <p class='ocr_par' dir='ltr' id='par_1_84' title="bbox 2205 3648 3857 3729">
     <span class='ocr_line' id='line_1_85' title="bbox 2205 3648 3857 3729; baseline 0.004 -26"><span class='ocrx_word' id='word_1_600' title='bbox 2205 3663 2358 3703; x_wconf 86' lang='grc' dir='ltr'>τεινει</span> <span class='ocrx_word' id='word_1_601' title='bbox 2418 3648 2743 3729; x_wconf 68' lang='grc' dir='ltr'>ἀνατροπὴν,</span> <span class='ocrx_word' id='word_1_602' title='bbox 2830 3651 2903 3715; x_wconf 77' lang='grc' dir='ltr'>εἰς</span> <span class='ocrx_word' id='word_1_603' title='bbox 2962 3648 3116 3706; x_wconf 76' lang='grc' dir='ltr'>τοῦτο</span> <span class='ocrx_word' id='word_1_604' title='bbox 3170 3648 3504 3729; x_wconf 85' lang='grc' dir='ltr'>διαγνώσεως</span> <span class='ocrx_word' id='word_1_605' title='bbox 3591 3650 3857 3729; x_wconf 80' lang='grc' dir='ltr'>λήγομεν.</span> 
     </span>
    </p>
   </div>
   <div class='ocr_carea' id='block_1_85' title="bbox 2207 3736 3861 3820">
    <p class='ocr_par' dir='ltr' id='par_1_85' title="bbox 2207 3736 3861 3820">
     <span class='ocr_line' id='line_1_86' title="bbox 2207 3736 3861 3820; baseline 0.005 -29"><span class='ocrx_word' id='word_1_606' title='bbox 2207 3744 2473 3813; x_wconf 86' lang='grc' dir='ltr'>Ζητοῦμεν</span> <span class='ocrx_word' id='word_1_607' title='bbox 2503 3740 2546 3794; x_wconf 77' lang='grc' dir='ltr'>εἰ</span> <span class='ocrx_word' id='word_1_608' title='bbox 2603 3737 2742 3793; x_wconf 79' lang='grc' dir='ltr'>’ἐστιν</span> <span class='ocrx_word' id='word_1_609' title='bbox 2773 3738 2858 3795; x_wconf 84' lang='grc' dir='ltr'>ἐπὶ</span> <span class='ocrx_word' id='word_1_610' title='bbox 2915 3746 3020 3795; x_wconf 84' lang='grc' dir='ltr'>τῶν</span> <span class='ocrx_word' id='word_1_611' title='bbox 3071 3736 3234 3803; x_wconf 70' lang='grc' dir='ltr'>οὕτως</span> <span class='ocrx_word' id='word_1_612' title='bbox 3294 3741 3530 3820; x_wconf 80' lang='grc' dir='ltr'>ἐχόντων</span> <span class='ocrx_word' id='word_1_613' title='bbox 3588 3740 3736 3796; x_wconf 74' lang='grc' dir='ltr'>αἴτια</span> <span class='ocrx_word' id='word_1_614' title='bbox 3765 3750 3861 3799; x_wconf 78' lang='grc' dir='ltr'>τοῦ</span> 
     </span>
    </p>
   </div>
   <div class='ocr_carea' id='block_1_86' title="bbox 2208 3825 3860 3909">
    <p class='ocr_par' dir='ltr' id='par_1_86' title="bbox 2208 3825 3860 3909">
     <span class='ocr_line' id='line_1_87' title="bbox 2208 3825 3860 3909; baseline 0.002 -27"><span class='ocrx_word' id='word_1_615' title='bbox 2208 3826 2349 3883; x_wconf 80' lang='grc' dir='ltr'>εἶναι</span> <span class='ocrx_word' id='word_1_616' title='bbox 2379 3829 2440 3883; x_wconf 87' lang='grc' dir='ltr'>τὸ</span> <span class='ocrx_word' id='word_1_617' title='bbox 2496 3825 2666 3905; x_wconf 77' lang='grc' dir='ltr'>ἕτερον</span> <span class='ocrx_word' id='word_1_618' title='bbox 2712 3837 2807 3883; x_wconf 70' lang='grc' dir='ltr'>τοῦ</span> <span class='ocrx_word' id='word_1_619' title='bbox 2881 3825 3056 3907; x_wconf 77' lang='grc' dir='ltr'>ἕτέρου</span> <span class='ocrx_word' id='word_1_620' title='bbox 3105 3850 3302 3909; x_wconf 85' lang='grc' dir='ltr'>χωρις,</span> <span class='ocrx_word' id='word_1_621' title='bbox 3372 3831 3459 3886; x_wconf 87' lang='grc' dir='ltr'>καὶ</span> <span class='ocrx_word' id='word_1_622' title='bbox 3504 3829 3621 3886; x_wconf 77' lang='grc' dir='ltr'>οὕτε</span> <span class='ocrx_word' id='word_1_623' title='bbox 3666 3831 3860 3887; x_wconf 82' lang='grc' dir='ltr'>ἀκτῖνα</span> 
     </span>
    </p>
   </div>
   <div class='ocr_carea' id='block_1_87' title="bbox 2204 3913 3856 3999">
    <p class='ocr_par' dir='ltr' id='par_1_87' title="bbox 2204 3913 3856 3999">
     <span class='ocr_line' id='line_1_88' title="bbox 2204 3913 3856 3999; baseline 0.001 -29"><span class='ocrx_word' id='word_1_624' title='bbox 2204 3913 2621 3994; x_wconf 86' lang='grc' dir='ltr'>διαγινώσκομεν</span> <span class='ocrx_word' id='word_1_625' title='bbox 2680 3915 2917 3973; x_wconf 83' lang='grc' dir='ltr'>δύνασθαι</span> <span class='ocrx_word' id='word_1_626' title='bbox 2989 3917 3131 3974; x_wconf 81' lang='grc' dir='ltr'>εἶναι</span> <span class='ocrx_word' id='word_1_627' title='bbox 3216 3915 3343 3996; x_wconf 81' lang='grc' dir='ltr'>δίχὰ</span> <span class='ocrx_word' id='word_1_628' title='bbox 3438 3921 3636 3999; x_wconf 77' lang='grc' dir='ltr'>φωτὸς,</span> <span class='ocrx_word' id='word_1_629' title='bbox 3737 3917 3856 3974; x_wconf 68' lang='grc' dir='ltr'>οὔτε</span> 
     </span>
    </p>
   </div>
   <div class='ocr_carea' id='block_1_88' title="bbox 2206 4003 3857 4086">
    <p class='ocr_par' dir='ltr' id='par_1_88' title="bbox 2206 4003 3857 4086">
     <span class='ocr_line' id='line_1_89' title="bbox 2206 4003 3857 4086; baseline 0.001 -26"><span class='ocrx_word' id='word_1_630' title='bbox 2206 4005 2316 4085; x_wconf 58' lang='lat' dir='ltr'>apth</span> <span class='ocrx_word' id='word_1_631' title='bbox 2375 4003 2597 4072; x_wconf 78' lang='grc' dir='ltr'>ἡλιακὸν</span> <span class='ocrx_word' id='word_1_632' title='bbox 2680 4005 2897 4070; x_wconf 78' lang='grc' dir='ltr'>ἀκτῖνος</span> <span class='ocrx_word' id='word_1_633' title='bbox 2956 4007 3146 4086; x_wconf 85' lang='grc' dir='ltr'>χωρὶς,</span> <span class='ocrx_word' id='word_1_634' title='bbox 3219 4004 3335 4061; x_wconf 69' lang='grc' dir='ltr'>οὔτε</span> <span class='ocrx_word' id='word_1_635' title='bbox 3395 4009 3657 4081; x_wconf 81' lang='grc' dir='ltr'>ποτάμιον</span> <span class='ocrx_word' id='word_1_636' title='bbox 3719 4005 3857 4086; x_wconf 73' lang='grc' dir='ltr'>ὕδωρ</span> 
     </span>
    </p>
   </div>
   <div class='ocr_carea' id='block_1_89' title="bbox 2206 4093 3859 4176">
    <p class='ocr_par' dir='ltr' id='par_1_89' title="bbox 2206 4093 3859 4176">
     <span class='ocr_line' id='line_1_90' title="bbox 2206 4093 3859 4176; baseline 0.001 -26"><span class='ocrx_word' id='word_1_637' title='bbox 2206 4101 2448 4170; x_wconf 89' lang='grc' dir='ltr'>ποταμοῦ</span> <span class='ocrx_word' id='word_1_638' title='bbox 2531 4093 2681 4175; x_wconf 85' lang='grc' dir='ltr'>δίχα,</span> <span class='ocrx_word' id='word_1_639' title='bbox 2767 4093 2881 4150; x_wconf 73' lang='grc' dir='ltr'>οὔτε</span> <span class='ocrx_word' id='word_1_640' title='bbox 2960 4096 3201 4170; x_wconf 84' lang='grc' dir='ltr'>ποταμὸν</span> <span class='ocrx_word' id='word_1_641' title='bbox 3280 4093 3468 4159; x_wconf 78' lang='grc' dir='ltr'>ὕδατος</span> <span class='ocrx_word' id='word_1_642' title='bbox 3538 4095 3684 4176; x_wconf 84' lang='grc' dir='ltr'>δίχα,</span> <span class='ocrx_word' id='word_1_643' title='bbox 3759 4098 3859 4155; x_wconf 83' lang='lat' dir='ltr'>Kal</span> 
     </span>
    </p>
   </div>
   <div class='ocr_carea' id='block_1_90' title="bbox 2203 4181 3859 4263">
    <p class='ocr_par' dir='ltr' id='par_1_90' title="bbox 2203 4181 3859 4263">
     <span class='ocr_line' id='line_1_91' title="bbox 2203 4181 3859 4263; baseline 0.002 -25"><span class='ocrx_word' id='word_1_644' title='bbox 2203 4181 2765 4263; x_wconf 85' lang='grc' dir='ltr'>πολυπραγμονοῦντες</span> <span class='ocrx_word' id='word_1_645' title='bbox 2817 4186 2907 4241; x_wconf 90' lang='grc' dir='ltr'>τὸν</span> <span class='ocrx_word' id='word_1_646' title='bbox 2964 4182 3149 4262; x_wconf 91' lang='grc' dir='ltr'>λόγον,</span> <span class='ocrx_word' id='word_1_647' title='bbox 3213 4181 3327 4243; x_wconf 87' lang='grc' dir='ltr'>καθ’</span> <span class='ocrx_word' id='word_1_648' title='bbox 3375 4183 3433 4241; x_wconf 80' lang='grc' dir='ltr'>ὅν</span> <span class='ocrx_word' id='word_1_649' title='bbox 3484 4185 3624 4241; x_wconf 83' lang='grc' dir='ltr'>ἐστιν</span> <span class='ocrx_word' id='word_1_650' title='bbox 3667 4182 3859 4241; x_wconf 75' lang='grc' dir='ltr'>ἀδῦνα-</span> 
     </span>
    </p>
   </div>
   <div class='ocr_carea' id='block_1_91' title="bbox 2204 4273 3858 4353">
    <p class='ocr_par' dir='ltr' id='par_1_91' title="bbox 2204 4273 3858 4353">
     <span class='ocr_line' id='line_1_92' title="bbox 2204 4273 3858 4353; baseline 0.002 -25"><span class='ocrx_word' id='word_1_651' title='bbox 2204 4294 2294 4329; x_wconf 88' lang='grc' dir='ltr'>τον</span> <span class='ocrx_word' id='word_1_652' title='bbox 2353 4273 2407 4329; x_wconf 83' lang='grc' dir='ltr'>ὲν</span> <span class='ocrx_word' id='word_1_653' title='bbox 2450 4288 2568 4338; x_wconf 82' lang='grc' dir='ltr'>τοῖς</span> <span class='ocrx_word' id='word_1_654' title='bbox 2620 4275 2879 4336; x_wconf 82' lang='grc' dir='ltr'>τοιούτοις</span> <span class='ocrx_word' id='word_1_655' title='bbox 2929 4275 3213 4353; x_wconf 86' lang='grc' dir='ltr'>αἰτιατοῖς,</span> <span class='ocrx_word' id='word_1_656' title='bbox 3259 4274 3404 4330; x_wconf 78' lang='grc' dir='ltr'>εἶναι</span> <span class='ocrx_word' id='word_1_657' title='bbox 3446 4282 3509 4330; x_wconf 91' lang='grc' dir='ltr'>τὸ</span> <span class='ocrx_word' id='word_1_658' title='bbox 3563 4274 3737 4351; x_wconf 76' lang='grc' dir='ltr'>ἕτερον</span> <span class='ocrx_word' id='word_1_659' title='bbox 3765 4282 3858 4331; x_wconf 88' lang='grc' dir='ltr'>τοῦ</span> 
     </span>
    </p>
   </div>
   <div class='ocr_carea' id='block_1_92' title="bbox 2208 4361 3858 4443">
    <p class='ocr_par' dir='ltr' id='par_1_92' title="bbox 2208 4361 3858 4443">
     <span class='ocr_line' id='line_1_93' title="bbox 2208 4361 3858 4443; baseline 0.002 -27"><span class='ocrx_word' id='word_1_660' title='bbox 2208 4362 2383 4439; x_wconf 76' lang='grc' dir='ltr'>ἐτέρου</span> <span class='ocrx_word' id='word_1_661' title='bbox 2454 4366 2642 4443; x_wconf 82' lang='grc' dir='ltr'>χωρὶς,</span> <span class='ocrx_word' id='word_1_662' title='bbox 2715 4362 2766 4428; x_wconf 81' lang='grc' dir='ltr'>ἐξ</span> <span class='ocrx_word' id='word_1_663' title='bbox 2823 4361 3049 4437; x_wconf 68' lang='grc' dir='ltr'>οὐδενὸς,</span> <span class='ocrx_word' id='word_1_664' title='bbox 3130 4361 3293 4419; x_wconf 72' lang='grc' dir='ltr'>ἄλλου</span> <span class='ocrx_word' id='word_1_665' title='bbox 3361 4371 3513 4420; x_wconf 81' lang='grc' dir='ltr'>τοῦτο</span> <span class='ocrx_word' id='word_1_666' title='bbox 3556 4362 3858 4440; x_wconf 80' lang='grc' dir='ltr'>συμϐαίνειν</span> 
     </span>
    </p>
   </div>
   <div class='ocr_carea' id='block_1_93' title="bbox 477 4449 2126 4537">
    <p class='ocr_par' dir='ltr' id='par_1_93' title="bbox 477 4454 2126 4537">
     <span class='ocr_line' id='line_1_94' title="bbox 477 4454 2126 4537; baseline 0.003 -23"><span class='ocrx_word' id='word_1_667' title='bbox 477 4471 662 4534; x_wconf 89' lang='lat' dir='ltr'>quare</span> <span class='ocrx_word' id='word_1_668' title='bbox 690 4455 752 4515; x_wconf 93' lang='lat' dir='ltr'>in</span> <span class='ocrx_word' id='word_1_669' title='bbox 776 4455 900 4534; x_wconf 86' lang='lat' dir='ltr'>jam</span> <span class='ocrx_word' id='word_1_670' title='bbox 935 4454 1109 4516; x_wconf 85' lang='lat' dir='ltr'>dictis</span> <span class='ocrx_word' id='word_1_671' title='bbox 1141 4456 1449 4517; x_wconf 71' lang='lat' dir='ltr'>effectibus</span> <span class='ocrx_word' id='word_1_672' title='bbox 1501 4474 1685 4517; x_wconf 90' lang='lat' dir='ltr'>unum</span> <span class='ocrx_word' id='word_1_673' title='bbox 1745 4456 1969 4537; x_wconf 91' lang='lat' dir='ltr'>absque</span> <span class='ocrx_word' id='word_1_674' title='bbox 2013 4458 2126 4519; x_wconf 90' lang='lat' dir='ltr'>a&#39;lio</span> 
     </span>
    </p>
   </div>
   <div class='ocr_carea' id='block_1_94' title="bbox 2213 4449 3857 4537">
    <p class='ocr_par' dir='ltr' id='par_1_94' title="bbox 2213 4449 3857 4533">
     <span class='ocr_line' id='line_1_95' title="bbox 2213 4449 3857 4533; baseline 0.002 -27"><span class='ocrx_word' id='word_1_675' title='bbox 2213 4449 2645 4530; x_wconf 88' lang='grc' dir='ltr'>διαγινώσκομεν,</span> <span class='ocrx_word' id='word_1_676' title='bbox 2707 4450 2824 4509; x_wconf 70' lang='grc' dir='ltr'>ἀλλ’</span> <span class='ocrx_word' id='word_1_677' title='bbox 2878 4452 2913 4519; x_wconf 74' lang='grc' dir='ltr'><strong>ἢ</strong></span> <span class='ocrx_word' id='word_1_678' title='bbox 2969 4450 3029 4507; x_wconf 80' lang='grc' dir='ltr'>ἐϐ</span> <span class='ocrx_word' id='word_1_679' title='bbox 3082 4460 3172 4508; x_wconf 87' lang='grc' dir='ltr'>τοῦ</span> <span class='ocrx_word' id='word_1_680' title='bbox 3214 4452 3354 4508; x_wconf 83' lang='grc' dir='ltr'>εἶναι</span> <span class='ocrx_word' id='word_1_681' title='bbox 3386 4451 3470 4509; x_wconf 80' lang='grc' dir='ltr'>διὰ</span> <span class='ocrx_word' id='word_1_682' title='bbox 3523 4453 3739 4533; x_wconf 85' lang='grc' dir='ltr'>θατέρου</span> <span class='ocrx_word' id='word_1_683' title='bbox 3793 4455 3857 4510; x_wconf 86' lang='grc' dir='ltr'>τὸ</span> 
     </span>
    </p>
   </div>
   <div class='ocr_carea' id='block_1_95' title="bbox 476 4545 2127 4626">
    <p class='ocr_par' dir='ltr' id='par_1_95' title="bbox 476 4545 2127 4626">
     <span class='ocr_line' id='line_1_96' title="bbox 476 4545 2127 4626; baseline 0.001 -22"><span class='ocrx_word' id='word_1_684' title='bbox 476 4561 608 4604; x_wconf 89' lang='lat' dir='ltr'>esse</span> <span class='ocrx_word' id='word_1_685' title='bbox 637 4553 915 4624; x_wconf 91' lang='lat' dir='ltr'>nequeat.</span> <span class='ocrx_word' id='word_1_686' title='bbox 950 4545 1011 4606; x_wconf 89' lang='lat' dir='ltr'>Id</span> <span class='ocrx_word' id='word_1_687' title='bbox 1042 4545 1200 4605; x_wconf 90' lang='lat' dir='ltr'>enim</span> <span class='ocrx_word' id='word_1_688' title='bbox 1231 4549 1276 4606; x_wconf 90' lang='lat' dir='ltr'>si</span> <span class='ocrx_word' id='word_1_689' title='bbox 1313 4563 1430 4606; x_wconf 92' lang='lat' dir='ltr'>non</span> <span class='ocrx_word' id='word_1_690' title='bbox 1462 4554 1641 4619; x_wconf 88' lang='lat' dir='ltr'>esset,</span> <span class='ocrx_word' id='word_1_691' title='bbox 1688 4545 1834 4605; x_wconf 90' lang='lat' dir='ltr'>nihil</span> <span class='ocrx_word' id='word_1_692' title='bbox 1866 4547 2127 4626; x_wconf 87' lang='lat' dir='ltr'>impedi-</span> 
     </span>
    </p>
   </div>
   <div class='ocr_carea' id='block_1_96' title="bbox 473 4633 2125 4716">
    <p class='ocr_par' dir='ltr' id='par_1_96' title="bbox 473 4633 2125 4716">
     <span class='ocr_line' id='line_1_97' title="bbox 473 4633 2125 4716; baseline 0.002 -23"><span class='ocrx_word' id='word_1_693' title='bbox 473 4640 587 4708; x_wconf 91' lang='lat' dir='ltr'>ret,</span> <span class='ocrx_word' id='word_1_694' title='bbox 621 4652 736 4714; x_wconf 93' lang='lat' dir='ltr'>quo</span> <span class='ocrx_word' id='word_1_695' title='bbox 760 4633 955 4695; x_wconf 90' lang='lat' dir='ltr'>minus</span> <span class='ocrx_word' id='word_1_696' title='bbox 986 4653 1167 4694; x_wconf 91' lang='lat' dir='ltr'>unum</span> <span class='ocrx_word' id='word_1_697' title='bbox 1201 4634 1426 4715; x_wconf 88' lang='lat' dir='ltr'>absque</span> <span class='ocrx_word' id='word_1_698' title='bbox 1456 4634 1570 4695; x_wconf 90' lang='lat' dir='ltr'>alio</span> <span class='ocrx_word' id='word_1_699' title='bbox 1622 4644 1799 4710; x_wconf 88' lang='lat' dir='ltr'>esset,</span> <span class='ocrx_word' id='word_1_700' title='bbox 1836 4637 2125 4716; x_wconf 89' lang='lat' dir='ltr'>quemad-</span> 
     </span>
    </p>
   </div>
   <div class='ocr_carea' id='block_1_97' title="bbox 475 4722 2122 4805">
    <p class='ocr_par' dir='ltr' id='par_1_97' title="bbox 475 4722 2122 4805">
     <span class='ocr_line' id='line_1_98' title="bbox 475 4722 2122 4805; baseline 0.004 -24"><span class='ocrx_word' id='word_1_701' title='bbox 475 4722 714 4782; x_wconf 92' lang='lat' dir='ltr'>modum</span> <span class='ocrx_word' id='word_1_702' title='bbox 748 4723 822 4785; x_wconf 90' lang='lat' dir='ltr'>de</span> <span class='ocrx_word' id='word_1_703' title='bbox 852 4722 1083 4785; x_wconf 89' lang='lat' dir='ltr'>duobus</span> <span class='ocrx_word' id='word_1_704' title='bbox 1114 4742 1184 4785; x_wconf 79' lang='lat' dir='ltr'>ex</span> <span class='ocrx_word' id='word_1_705' title='bbox 1216 4743 1333 4784; x_wconf 92' lang='lat' dir='ltr'>uno</span> <span class='ocrx_word' id='word_1_706' title='bbox 1364 4723 1489 4784; x_wconf 90' lang='lat' dir='ltr'>sole</span> <span class='ocrx_word' id='word_1_707' title='bbox 1519 4723 1723 4805; x_wconf 89' lang='lat' dir='ltr'>radiis,</span> <span class='ocrx_word' id='word_1_708' title='bbox 1780 4732 1839 4785; x_wconf 91' lang='lat' dir='ltr'>et</span> <span class='ocrx_word' id='word_1_709' title='bbox 1869 4725 1944 4786; x_wconf 91' lang='lat' dir='ltr'>de</span> <span class='ocrx_word' id='word_1_710' title='bbox 1970 4725 2122 4787; x_wconf 91' lang='lat' dir='ltr'>duo-</span> 
     </span>
    </p>
   </div>
   <div class='ocr_carea' id='block_1_98' title="bbox 476 4808 1732 4894">
    <p class='ocr_par' dir='ltr' id='par_1_98' title="bbox 476 4808 1732 4894">
     <span class='ocr_line' id='line_1_99' title="bbox 476 4808 1732 4894; baseline 0.003 -24"><span class='ocrx_word' id='word_1_711' title='bbox 476 4808 585 4872; x_wconf 92' lang='lat' dir='ltr'>bus</span> <span class='ocrx_word' id='word_1_712' title='bbox 614 4832 684 4874; x_wconf 83' lang='lat' dir='ltr'>ex</span> <span class='ocrx_word' id='word_1_713' title='bbox 715 4831 833 4874; x_wconf 92' lang='lat' dir='ltr'>uno</span> <span class='ocrx_word' id='word_1_714' title='bbox 863 4812 1024 4876; x_wconf 82' lang='lat' dir='ltr'>fonte</span> <span class='ocrx_word' id='word_1_715' title='bbox 1060 4812 1488 4894; x_wconf 90' lang='lat' dir='ltr'>proﬂuentibus</span> <span class='ocrx_word' id='word_1_716' title='bbox 1517 4813 1732 4874; x_wconf 91' lang='lat' dir='ltr'>ﬂuviis.</span> 
     </span>
    </p>
   </div>
   <div class='ocr_carea' id='block_1_99' title="bbox 554 4989 2120 5072">
    <p class='ocr_par' dir='ltr' id='par_1_99' title="bbox 554 4989 2120 5072">
     <span class='ocr_line' id='line_1_100' title="bbox 554 4989 2120 5072; baseline 0.004 -23"><span class='ocrx_word' id='word_1_717' title='bbox 554 4989 751 5051; x_wconf 81' lang='lat' dir='ltr'>4.Jam</span> <span class='ocrx_word' id='word_1_718' title='bbox 783 4989 980 5072; x_wconf 87' lang='lat' dir='ltr'>itaque</span> <span class='ocrx_word' id='word_1_719' title='bbox 1001 5010 1135 5053; x_wconf 91' lang='lat' dir='ltr'>cum</span> <span class='ocrx_word' id='word_1_720' title='bbox 1165 4991 1655 5066; x_wconf 88' lang='lat' dir='ltr'>didicerimus,ex</span> <span class='ocrx_word' id='word_1_721' title='bbox 1677 5010 1746 5053; x_wconf 91' lang='lat' dir='ltr'>eo</span> <span class='ocrx_word' id='word_1_722' title='bbox 1767 4993 1922 5072; x_wconf 90' lang='lat' dir='ltr'>quod</span> <span class='ocrx_word' id='word_1_723' title='bbox 1939 5012 2120 5055; x_wconf 92' lang='lat' dir='ltr'>unum</span> 
     </span>
    </p>
   </div>
   <div class='ocr_carea' id='block_1_100' title="bbox 474 5078 2117 5163">
    <p class='ocr_par' dir='ltr' id='par_1_100' title="bbox 474 5078 2117 5163">
     <span class='ocr_line' id='line_1_101' title="bbox 474 5078 2117 5163; baseline 0.004 -27"><span class='ocrx_word' id='word_1_724' title='bbox 474 5094 580 5157; x_wconf 88' lang='lat' dir='ltr'>per</span> <span class='ocrx_word' id='word_1_725' title='bbox 595 5078 754 5138; x_wconf 89' lang='lat' dir='ltr'>aliud</span> <span class='ocrx_word' id='word_1_726' title='bbox 778 5081 1029 5156; x_wconf 84' lang='lat' dir='ltr'>est,ﬂeri</span> <span class='ocrx_word' id='word_1_727' title='bbox 1044 5099 1162 5142; x_wconf 91' lang='lat' dir='ltr'>non</span> <span class='ocrx_word' id='word_1_728' title='bbox 1186 5090 1644 5163; x_wconf 90' lang='lat' dir='ltr'>posse,utunum</span> <span class='ocrx_word' id='word_1_729' title='bbox 1660 5082 1791 5144; x_wconf 89' lang='lat' dir='ltr'>sine</span> <span class='ocrx_word' id='word_1_730' title='bbox 1815 5083 2000 5143; x_wconf 87' lang='lat' dir='ltr'>altero</span> <span class='ocrx_word' id='word_1_731' title='bbox 2019 5084 2117 5160; x_wconf 91' lang='lat' dir='ltr'>sit,</span> 
     </span>
    </p>
   </div>
   <div class='ocr_carea' id='block_1_101' title="bbox 473 5164 2119 5245">
    <p class='ocr_par' dir='ltr' id='par_1_101' title="bbox 473 5164 2119 5245">
     <span class='ocr_line' id='line_1_102' title="bbox 473 5164 2119 5245; baseline 0.004 -18"><span class='ocrx_word' id='word_1_732' title='bbox 473 5164 671 5227; x_wconf 85' lang='lat' dir='ltr'>statim</span> <span class='ocrx_word' id='word_1_733' title='bbox 684 5168 1012 5232; x_wconf 85' lang='lat' dir='ltr'>certissima</span> <span class='ocrx_word' id='word_1_734' title='bbox 1027 5171 1535 5234; x_wconf 89' lang='lat' dir='ltr'>demonstratione</span> <span class='ocrx_word' id='word_1_735' title='bbox 1548 5178 1928 5245; x_wconf 88' lang='lat' dir='ltr'>constat,una</span> <span class='ocrx_word' id='word_1_736' title='bbox 1941 5171 2119 5233; x_wconf 90' lang='lat' dir='ltr'>simul</span> 
     </span>
    </p>
   </div>
   <div class='ocr_carea' id='block_1_102' title="bbox 472 5255 2127 5341">
    <p class='ocr_par' dir='ltr' id='par_1_102' title="bbox 472 5255 2127 5341">
     <span class='ocr_line' id='line_1_103' title="bbox 472 5255 2127 5341; baseline 0.005 -26"><span class='ocrx_word' id='word_1_737' title='bbox 472 5255 754 5315; x_wconf 90' lang='lat' dir='ltr'>continuo</span> <span class='ocrx_word' id='word_1_738' title='bbox 782 5258 1168 5336; x_wconf 82' lang='lat' dir='ltr'>progredi.Ea</span> <span class='ocrx_word' id='word_1_739' title='bbox 1181 5260 1758 5341; x_wconf 86' lang='lat' dir='ltr'>siquidem,quorum</span> <span class='ocrx_word' id='word_1_740' title='bbox 1789 5278 1970 5321; x_wconf 92' lang='lat' dir='ltr'>unum</span> <span class='ocrx_word' id='word_1_741' title='bbox 1994 5260 2127 5323; x_wconf 92' lang='lat' dir='ltr'>sine</span> 
     </span>
    </p>
   </div>
   <div class='ocr_carea' id='block_1_103' title="bbox 471 5343 2123 5429">
    <p class='ocr_par' dir='ltr' id='par_1_103' title="bbox 471 5343 2123 5429">
     <span class='ocr_line' id='line_1_104' title="bbox 471 5343 2123 5429; baseline 0.004 -25"><span class='ocrx_word' id='word_1_742' title='bbox 471 5343 586 5404; x_wconf 88' lang='lat' dir='ltr'>alio</span> <span class='ocrx_word' id='word_1_743' title='bbox 610 5360 740 5404; x_wconf 89' lang='lat' dir='ltr'>esse</span> <span class='ocrx_word' id='word_1_744' title='bbox 754 5347 1102 5427; x_wconf 91' lang='lat' dir='ltr'>nequit,quo</span> <span class='ocrx_word' id='word_1_745' title='bbox 1125 5361 1293 5429; x_wconf 90' lang='lat' dir='ltr'>pacto</span> <span class='ocrx_word' id='word_1_746' title='bbox 1316 5349 1492 5411; x_wconf 92' lang='lat' dir='ltr'>simul</span> <span class='ocrx_word' id='word_1_747' title='bbox 1514 5367 1627 5409; x_wconf 91' lang='lat' dir='ltr'>non</span> <span class='ocrx_word' id='word_1_748' title='bbox 1641 5348 1970 5411; x_wconf 81' lang='lat' dir='ltr'>fuerint?Et</span> <span class='ocrx_word' id='word_1_749' title='bbox 1989 5369 2123 5411; x_wconf 92' lang='lat' dir='ltr'>cum</span> 
     </span>
    </p>
   </div>
   <div class='ocr_carea' id='block_1_104' title="bbox 473 5433 2123 5520">
    <p class='ocr_par' dir='ltr' id='par_1_104' title="bbox 473 5433 2123 5520">
     <span class='ocr_line' id='line_1_105' title="bbox 473 5433 2123 5520; baseline 0.004 -26"><span class='ocrx_word' id='word_1_750' title='bbox 473 5449 591 5494; x_wconf 89' lang='lat' dir='ltr'>una</span> <span class='ocrx_word' id='word_1_751' title='bbox 620 5433 798 5494; x_wconf 91' lang='lat' dir='ltr'>simul</span> <span class='ocrx_word' id='word_1_752' title='bbox 816 5452 1122 5519; x_wconf 90' lang='lat' dir='ltr'>emanare,</span> <span class='ocrx_word' id='word_1_753' title='bbox 1143 5447 1539 5520; x_wconf 89' lang='lat' dir='ltr'>consequatur</span> <span class='ocrx_word' id='word_1_754' title='bbox 1561 5456 1630 5499; x_wconf 81' lang='lat' dir='ltr'>ex</span> <span class='ocrx_word' id='word_1_755' title='bbox 1662 5439 1920 5519; x_wconf 90' lang='lat' dir='ltr'>eo,quod</span> <span class='ocrx_word' id='word_1_756' title='bbox 1941 5456 2123 5502; x_wconf 87' lang='lat' dir='ltr'>unum</span> 
     </span>
    </p>
   </div>
   <div class='ocr_carea' id='block_1_105' title="bbox 470 5523 2125 5609">
    <p class='ocr_par' dir='ltr' id='par_1_105' title="bbox 470 5523 2125 5609">
     <span class='ocr_line' id='line_1_106' title="bbox 470 5523 2125 5609; baseline 0.006 -26"><span class='ocrx_word' id='word_1_757' title='bbox 470 5523 692 5603; x_wconf 87' lang='lat' dir='ltr'>absque</span> <span class='ocrx_word' id='word_1_758' title='bbox 705 5523 820 5585; x_wconf 90' lang='lat' dir='ltr'>alio</span> <span class='ocrx_word' id='word_1_759' title='bbox 835 5543 965 5587; x_wconf 88' lang='lat' dir='ltr'>esse</span> <span class='ocrx_word' id='word_1_760' title='bbox 980 5538 1313 5607; x_wconf 86' lang='lat' dir='ltr'>nequeat.et</span> <span class='ocrx_word' id='word_1_761' title='bbox 1325 5547 1507 5591; x_wconf 92' lang='lat' dir='ltr'>unum</span> <span class='ocrx_word' id='word_1_762' title='bbox 1520 5527 2125 5609; x_wconf 88' lang='lat' dir='ltr'>absquealioessenon</span> 
     </span>
    </p>
   </div>
   <div class='ocr_carea' id='block_1_106' title="bbox 484 5616 2123 5702">
    <p class='ocr_par' dir='ltr' id='par_1_106' title="bbox 484 5616 2123 5702">
     <span class='ocr_line' id='line_1_107' title="bbox 484 5616 2123 5702; baseline 0.005 -28"><span class='ocrx_word' id='word_1_763' title='bbox 484 5622 994 5697; x_wconf 83' lang='lat' dir='ltr'>posse,comparet</span> <span class='ocrx_word' id='word_1_764' title='bbox 1024 5634 1094 5678; x_wconf 90' lang='lat' dir='ltr'>eo</span> <span class='ocrx_word' id='word_1_765' title='bbox 1124 5617 1281 5698; x_wconf 90' lang='lat' dir='ltr'>quod</span> <span class='ocrx_word' id='word_1_766' title='bbox 1313 5636 1492 5680; x_wconf 90' lang='lat' dir='ltr'>unum</span> <span class='ocrx_word' id='word_1_767' title='bbox 1520 5634 1626 5697; x_wconf 88' lang='lat' dir='ltr'>per</span> <span class='ocrx_word' id='word_1_768' title='bbox 1652 5616 1832 5679; x_wconf 84' lang='lat' dir='ltr'>alium</span> <span class='ocrx_word' id='word_1_769' title='bbox 1868 5620 2123 5702; x_wconf 82' lang='lat' dir='ltr'>sit,qua-</span> 
     </span>
    </p>
   </div>
   <div class='ocr_carea' id='block_1_107' title="bbox 2210 4538 3856 4620">
    <p class='ocr_par' dir='ltr' id='par_1_107' title="bbox 2210 4538 3856 4620">
     <span class='ocr_line' id='line_1_108' title="bbox 2210 4538 3856 4620; baseline 0.002 -25"><span class='ocrx_word' id='word_1_770' title='bbox 2210 4538 2408 4612; x_wconf 75' lang='grc' dir='ltr'>ἕτερον.</span> <span class='ocrx_word' id='word_1_771' title='bbox 2464 4548 2626 4599; x_wconf 79' lang='grc' dir='ltr'>Τοῦτο</span> <span class='ocrx_word' id='word_1_772' title='bbox 2678 4542 2777 4620; x_wconf 80' lang='grc' dir='ltr'>γὰρ</span> <span class='ocrx_word' id='word_1_773' title='bbox 2840 4541 3001 4616; x_wconf 91' lang='grc' dir='ltr'>μόνον</span> <span class='ocrx_word' id='word_1_774' title='bbox 3069 4542 3157 4597; x_wconf 89' lang='grc' dir='ltr'>καὶ</span> <span class='ocrx_word' id='word_1_775' title='bbox 3210 4538 3353 4598; x_wconf 68' lang='grc' dir='ltr'>οὗδὲι</span> <span class='ocrx_word' id='word_1_776' title='bbox 3384 4540 3515 4599; x_wconf 73' lang='grc' dir='ltr'>ἄλλο</span> <span class='ocrx_word' id='word_1_777' title='bbox 3543 4544 3856 4599; x_wconf 86' lang='grc' dir='ltr'>αἰτιώτατὸν</span> 
     </span>
    </p>
   </div>
   <div class='ocr_carea' id='block_1_108' title="bbox 2210 4628 3856 4707">
    <p class='ocr_par' dir='ltr' id='par_1_108' title="bbox 2210 4628 3856 4707">
     <span class='ocr_line' id='line_1_109' title="bbox 2210 4628 3856 4707; baseline 0.001 -21"><span class='ocrx_word' id='word_1_778' title='bbox 2210 4631 2320 4687; x_wconf 76' lang='grc' dir='ltr'>ἐστι</span> <span class='ocrx_word' id='word_1_779' title='bbox 2371 4636 2463 4686; x_wconf 86' lang='grc' dir='ltr'>τοῦ</span> <span class='ocrx_word' id='word_1_780' title='bbox 2533 4631 2612 4705; x_wconf 79' lang='grc' dir='ltr'>μὴ</span> <span class='ocrx_word' id='word_1_781' title='bbox 2668 4628 2910 4686; x_wconf 84' lang='grc' dir='ltr'>δύνασθαι</span> <span class='ocrx_word' id='word_1_782' title='bbox 2981 4628 3035 4684; x_wconf 80' lang='grc' dir='ltr'>ἐν</span> <span class='ocrx_word' id='word_1_783' title='bbox 3117 4641 3235 4694; x_wconf 84' lang='grc' dir='ltr'>τοῖς</span> <span class='ocrx_word' id='word_1_784' title='bbox 3305 4630 3543 4707; x_wconf 75' lang='grc' dir='ltr'>ῥηθεῖσιν</span> <span class='ocrx_word' id='word_1_785' title='bbox 3587 4630 3856 4696; x_wconf 79' lang='grc' dir='ltr'>αὒτιατοῖς</span> 
     </span>
    </p>
   </div>
   <div class='ocr_carea' id='block_1_109' title="bbox 2210 4717 3857 4799">
    <p class='ocr_par' dir='ltr' id='par_1_109' title="bbox 2210 4717 3857 4799">
     <span class='ocr_line' id='line_1_110' title="bbox 2210 4717 3857 4799; baseline 0.001 -24"><span class='ocrx_word' id='word_1_786' title='bbox 2210 4721 2350 4776; x_wconf 80' lang='grc' dir='ltr'>εἶναι</span> <span class='ocrx_word' id='word_1_787' title='bbox 2393 4721 2454 4775; x_wconf 90' lang='grc' dir='ltr'>τὸ</span> <span class='ocrx_word' id='word_1_788' title='bbox 2497 4718 2671 4797; x_wconf 80' lang='grc' dir='ltr'>ἕτερον</span> <span class='ocrx_word' id='word_1_789' title='bbox 2722 4725 2814 4776; x_wconf 84' lang='grc' dir='ltr'>τοῦ</span> <span class='ocrx_word' id='word_1_790' title='bbox 2871 4717 3047 4797; x_wconf 76' lang='grc' dir='ltr'>ἑτέρου</span> <span class='ocrx_word' id='word_1_791' title='bbox 3114 4720 3304 4799; x_wconf 85' lang='grc' dir='ltr'>χωρὶς,</span> <span class='ocrx_word' id='word_1_792' title='bbox 3376 4722 3449 4783; x_wconf 89' lang='grc' dir='ltr'>ὡς</span> <span class='ocrx_word' id='word_1_793' title='bbox 3504 4719 3589 4776; x_wconf 83' lang='grc' dir='ltr'>ἐπὶ</span> <span class='ocrx_word' id='word_1_794' title='bbox 3640 4723 3744 4776; x_wconf 77' lang='grc' dir='ltr'>τῶν</span> <span class='ocrx_word' id='word_1_795' title='bbox 3802 4720 3857 4786; x_wconf 77' lang='grc' dir='ltr'>ἐξ</span> 
     </span>
    </p>
   </div>
   <div class='ocr_carea' id='block_1_110' title="bbox 2206 4807 3855 4889">
    <p class='ocr_par' dir='ltr' id='par_1_110' title="bbox 2206 4807 3855 4889">
     <span class='ocr_line' id='line_1_111' title="bbox 2206 4807 3855 4889; baseline -0.008 -15"><span class='ocrx_word' id='word_1_796' title='bbox 2206 4809 2319 4872; x_wconf 69' lang='grc' dir='ltr'>ἐνὸς</span> <span class='ocrx_word' id='word_1_797' title='bbox 2362 4807 2516 4875; x_wconf 75' lang='grc' dir='ltr'>ἡλίου</span> <span class='ocrx_word' id='word_1_798' title='bbox 2564 4807 2650 4865; x_wconf 83' lang='grc' dir='ltr'>δύο</span> <span class='ocrx_word' id='word_1_799' title='bbox 2719 4809 2964 4880; x_wconf 78' lang='grc' dir='ltr'>ἀκτίνων,</span> <span class='ocrx_word' id='word_1_800' title='bbox 3036 4810 3125 4863; x_wconf 85' lang='grc' dir='ltr'>καὶ</span> <span class='ocrx_word' id='word_1_801' title='bbox 3177 4808 3262 4864; x_wconf 80' lang='grc' dir='ltr'>ἐπὶ</span> <span class='ocrx_word' id='word_1_802' title='bbox 3332 4812 3436 4866; x_wconf 77' lang='grc' dir='ltr'>τῶν</span> <span class='ocrx_word' id='word_1_803' title='bbox 3493 4815 3616 4885; x_wconf 85' lang='grc' dir='ltr'>μιᾶς</span> <span class='ocrx_word' id='word_1_804' title='bbox 3669 4811 3855 4889; x_wconf 80' lang='grc' dir='ltr'>πηγῆς</span> 
     </span>
    </p>
   </div>
   <div class='ocr_carea' id='block_1_111' title="bbox 2204 4897 3023 4977">
    <p class='ocr_par' dir='ltr' id='par_1_111' title="bbox 2204 4897 3023 4977">
     <span class='ocr_line' id='line_1_112' title="bbox 2204 4897 3023 4977; baseline -0.006 -21"><span class='ocrx_word' id='word_1_805' title='bbox 2204 4897 2587 4977; x_wconf 82' lang='grc' dir='ltr'>προχεομένων</span> <span class='ocrx_word' id='word_1_806' title='bbox 2615 4897 2703 4954; x_wconf 82' lang='grc' dir='ltr'>δύο</span> <span class='ocrx_word' id='word_1_807' title='bbox 2745 4904 3023 4973; x_wconf 83' lang='grc' dir='ltr'>ποταμῶν,</span> 
     </span>
    </p>
   </div>
   <div class='ocr_carea' id='block_1_112' title="bbox 2284 4980 3856 5066">
    <p class='ocr_par' dir='ltr' id='par_1_112' title="bbox 2284 4980 3856 5066">
     <span class='ocr_line' id='line_1_113' title="bbox 2284 4980 3856 5066; baseline 0.001 -23"><span class='ocrx_word' id='word_1_808' title='bbox 2284 4982 2352 5049; x_wconf 86' lang='grc' dir='ltr'>δ’.</span> <span class='ocrx_word' id='word_1_809' title='bbox 2398 4980 2433 5002; x_wconf 88' lang='grc'>”</span> <span class='ocrx_word' id='word_1_810' title='bbox 2461 4984 2575 5053; x_wconf 85' lang='grc' dir='ltr'>Ηδη</span> <span class='ocrx_word' id='word_1_811' title='bbox 2618 4992 2741 5064; x_wconf 85' lang='grc' dir='ltr'>γοῦν</span> <span class='ocrx_word' id='word_1_812' title='bbox 2798 4984 2859 5040; x_wconf 78' lang='grc' dir='ltr'>ἐκ</span> <span class='ocrx_word' id='word_1_813' title='bbox 2905 4984 2996 5042; x_wconf 72' lang='grc' dir='ltr'>τοῦ</span> <span class='ocrx_word' id='word_1_814' title='bbox 3037 4985 3177 5045; x_wconf 79' lang='grc' dir='ltr'>εἶναι</span> <span class='ocrx_word' id='word_1_815' title='bbox 3208 4982 3293 5041; x_wconf 79' lang='grc' dir='ltr'>διὰ</span> <span class='ocrx_word' id='word_1_816' title='bbox 3331 4985 3547 5066; x_wconf 87' lang='grc' dir='ltr'>θατέρου</span> <span class='ocrx_word' id='word_1_817' title='bbox 3587 4988 3648 5042; x_wconf 86' lang='grc' dir='ltr'>τὸ</span> <span class='ocrx_word' id='word_1_818' title='bbox 3679 4984 3856 5064; x_wconf 74' lang='grc' dir='ltr'>ἕτερον</span> 
     </span>
    </p>
   </div>
   <div class='ocr_carea' id='block_1_113' title="bbox 2202 5072 3861 5155">
    <p class='ocr_par' dir='ltr' id='par_1_113' title="bbox 2202 5072 3861 5155">
     <span class='ocr_line' id='line_1_114' title="bbox 2202 5072 3861 5155; baseline -0.002 -18"><span class='ocrx_word' id='word_1_819' title='bbox 2202 5078 2593 5155; x_wconf 84' lang='grc' dir='ltr'>καταμαθόντες</span> <span class='ocrx_word' id='word_1_820' title='bbox 2650 5078 2711 5130; x_wconf 90' lang='grc' dir='ltr'>τὸ</span> <span class='ocrx_word' id='word_1_821' title='bbox 2765 5072 3011 5132; x_wconf 81' lang='grc' dir='ltr'>ἀδύνατον</span> <span class='ocrx_word' id='word_1_822' title='bbox 3067 5080 3157 5131; x_wconf 85' lang='grc' dir='ltr'>τοῦ</span> <span class='ocrx_word' id='word_1_823' title='bbox 3209 5073 3351 5130; x_wconf 77' lang='grc' dir='ltr'>εἶναι</span> <span class='ocrx_word' id='word_1_824' title='bbox 3403 5077 3466 5131; x_wconf 89' lang='grc' dir='ltr'>τὸ</span> <span class='ocrx_word' id='word_1_825' title='bbox 3521 5073 3694 5155; x_wconf 81' lang='grc' dir='ltr'>ἕτερον</span> <span class='ocrx_word' id='word_1_826' title='bbox 3764 5087 3861 5135; x_wconf 86' lang='grc' dir='ltr'>τοῦ</span> 
     </span>
    </p>
   </div>
   <div class='ocr_carea' id='block_1_114' title="bbox 2203 5152 3859 5248">
    <p class='ocr_par' dir='ltr' id='par_1_114' title="bbox 2203 5152 3859 5248">
     <span class='ocr_line' id='line_1_115' title="bbox 2203 5152 3859 5248; baseline -0.002 -23"><span class='ocrx_word' id='word_1_827' title='bbox 2203 5152 2379 5248; x_wconf 59' lang='grc' dir='ltr'>ἐτέρου</span> <span class='ocrx_word' id='word_1_828' title='bbox 2434 5167 2624 5246; x_wconf 84' lang='grc' dir='ltr'>χωρὶς,</span> <span class='ocrx_word' id='word_1_829' title='bbox 2686 5161 3216 5243; x_wconf 87' lang='grc' dir='ltr'>συναποδεδειγμένον</span> <span class='ocrx_word' id='word_1_830' title='bbox 3258 5246 3277 5248; x_wconf 5' lang='grc' dir='ltr'>Α,</span> <span class='ocrx_word' id='word_1_831' title='bbox 3301 5152 3445 5230; x_wconf 76' lang='grc' dir='ltr'>εὐθὺς</span> <span class='ocrx_word' id='word_1_832' title='bbox 3512 5152 3713 5244; x_wconf 76' lang='grc' dir='ltr'>ἔχομεν</span> <span class='ocrx_word' id='word_1_833' title='bbox 3767 5167 3859 5222; x_wconf 80' lang='grc' dir='ltr'>καὶ</span> 
     </span>
    </p>
   </div>
   <div class='ocr_carea' id='block_1_115' title="bbox 2208 5246 3857 5335">
    <p class='ocr_par' dir='ltr' id='par_1_115' title="bbox 2208 5246 3857 5335">
     <span class='ocr_line' id='line_1_116' title="bbox 2208 5246 3857 5335; baseline -0.002 -21"><span class='ocrx_word' id='word_1_834' title='bbox 2208 5259 2268 5314; x_wconf 91' lang='grc' dir='ltr'>τὸ</span> <span class='ocrx_word' id='word_1_835' title='bbox 2291 5246 2664 5335; x_wconf 19' lang='grc' dir='ltr'>Ῠσυμπροϊέναι</span> <span class='ocrx_word' id='word_1_836' title='bbox 2708 5251 2963 5322; x_wconf 84' lang='grc' dir='ltr'>ἀλλήλοις</span> <span class='ocrx_word' id='word_1_837' title='bbox 3034 5254 3187 5312; x_wconf 78' lang='grc' dir='ltr'>αὐτὰ.</span> <span class='ocrx_word' id='word_1_838' title='bbox 3250 5246 3345 5309; x_wconf 70' lang='grc' dir='ltr'>Ὧν</span> <span class='ocrx_word' id='word_1_839' title='bbox 3414 5254 3514 5333; x_wconf 79' lang='grc' dir='ltr'>γὰρ</span> <span class='ocrx_word' id='word_1_840' title='bbox 3567 5256 3631 5310; x_wconf 87' lang='grc' dir='ltr'>τὸ</span> <span class='ocrx_word' id='word_1_841' title='bbox 3678 5253 3857 5333; x_wconf 75' lang='grc' dir='ltr'>ἕτερον</span> 
     </span>
    </p>
   </div>
   <div class='ocr_carea' id='block_1_116' title="bbox 2206 5340 3860 5424">
    <p class='ocr_par' dir='ltr' id='par_1_116' title="bbox 2206 5340 3860 5424">
     <span class='ocr_line' id='line_1_117' title="bbox 2206 5340 3860 5424; baseline -0.002 -22"><span class='ocrx_word' id='word_1_842' title='bbox 2206 5356 2299 5405; x_wconf 88' lang='grc' dir='ltr'>τοῦ</span> <span class='ocrx_word' id='word_1_843' title='bbox 2355 5346 2531 5424; x_wconf 80' lang='grc' dir='ltr'>ἐτέρου</span> <span class='ocrx_word' id='word_1_844' title='bbox 2598 5343 2764 5423; x_wconf 84' lang='grc' dir='ltr'>χωρὶς</span> <span class='ocrx_word' id='word_1_845' title='bbox 2820 5345 2959 5398; x_wconf 85' lang='grc' dir='ltr'>εἶναι</span> <span class='ocrx_word' id='word_1_846' title='bbox 3008 5340 3279 5416; x_wconf 82' lang='grc' dir='ltr'>ἀδύνατον,</span> <span class='ocrx_word' id='word_1_847' title='bbox 3346 5348 3460 5405; x_wconf 83' lang='grc' dir='ltr'>πῶς</span> <span class='ocrx_word' id='word_1_848' title='bbox 3516 5343 3681 5399; x_wconf 78' lang='grc' dir='ltr'>ταῦτα</span> <span class='ocrx_word' id='word_1_849' title='bbox 3751 5345 3860 5424; x_wconf 67' lang='grc' dir='ltr'>οὐχ</span> 
     </span>
    </p>
   </div>
   <div class='ocr_carea' id='block_1_117' title="bbox 2207 5430 3860 5512">
    <p class='ocr_par' dir='ltr' id='par_1_117' title="bbox 2207 5430 3860 5512">
     <span class='ocr_line' id='line_1_118' title="bbox 2207 5430 3860 5512; baseline -0.002 -20"><span class='ocrx_word' id='word_1_850' title='bbox 2207 5436 2319 5512; x_wconf 73' lang='grc' dir='ltr'>ἅμα</span> <span class='ocrx_word' id='word_1_851' title='bbox 2352 5452 2369 5512; x_wconf 88' lang='grc'>;</span> <span class='ocrx_word' id='word_1_852' title='bbox 2404 5435 2501 5493; x_wconf 81' lang='grc' dir='ltr'>Καὶ</span> <span class='ocrx_word' id='word_1_853' title='bbox 2566 5431 2679 5489; x_wconf 77' lang='grc' dir='ltr'>ἐπεὶ</span> <span class='ocrx_word' id='word_1_854' title='bbox 2753 5434 2814 5488; x_wconf 90' lang='grc' dir='ltr'>τὸ</span> <span class='ocrx_word' id='word_1_855' title='bbox 2871 5431 2967 5507; x_wconf 81' lang='grc' dir='ltr'>μὲν</span> <span class='ocrx_word' id='word_1_856' title='bbox 3006 5430 3355 5512; x_wconf 86' lang='grc' dir='ltr'>συμπροϊέναι</span> <span class='ocrx_word' id='word_1_857' title='bbox 3413 5430 3667 5501; x_wconf 79' lang='grc' dir='ltr'>ἀλλήλοις</span> <span class='ocrx_word' id='word_1_858' title='bbox 3726 5435 3860 5491; x_wconf 62' lang='lat' dir='ltr'>asta</span> 
     </span>
    </p>
   </div>
   <div class='ocr_carea' id='block_1_118' title="bbox 2207 5518 3864 5602">
    <p class='ocr_par' dir='ltr' id='par_1_118' title="bbox 2207 5518 3864 5602">
     <span class='ocr_line' id='line_1_119' title="bbox 2207 5518 3864 5602; baseline -0.004 -20"><span class='ocrx_word' id='word_1_859' title='bbox 2207 5524 2565 5595; x_wconf 79' lang='grc' dir='ltr'>ἠκολοῦθησεν</span> <span class='ocrx_word' id='word_1_860' title='bbox 2608 5523 2712 5579; x_wconf 83' lang='grc' dir='ltr'>ἀπὸ</span> <span class='ocrx_word' id='word_1_861' title='bbox 2760 5530 2854 5580; x_wconf 89' lang='grc' dir='ltr'>τοῦ</span> <span class='ocrx_word' id='word_1_862' title='bbox 2931 5520 3008 5597; x_wconf 78' lang='grc' dir='ltr'>μὴ</span> <span class='ocrx_word' id='word_1_863' title='bbox 3072 5518 3313 5577; x_wconf 80' lang='grc' dir='ltr'>δύνασθαι</span> <span class='ocrx_word' id='word_1_864' title='bbox 3383 5522 3551 5602; x_wconf 87' lang='grc' dir='ltr'>χωρὶς</span> <span class='ocrx_word' id='word_1_865' title='bbox 3610 5519 3864 5592; x_wconf 78' lang='grc' dir='ltr'>ἀλλήλων</span> 
     </span>
    </p>
   </div>
   <div class='ocr_carea' id='block_1_119' title="bbox 2209 5607 3866 5692">
    <p class='ocr_par' dir='ltr' id='par_1_119' title="bbox 2209 5607 3866 5692">
     <span class='ocr_line' id='line_1_120' title="bbox 2209 5607 3866 5692; baseline -0.003 -21"><span class='ocrx_word' id='word_1_866' title='bbox 2209 5616 2350 5672; x_wconf 78' lang='grc' dir='ltr'>εἶναι</span> <span class='ocrx_word' id='word_1_867' title='bbox 2381 5613 2535 5690; x_wconf 70' lang='grc' dir='ltr'>αὐτὰ,</span> <span class='ocrx_word' id='word_1_868' title='bbox 2585 5614 2649 5669; x_wconf 88' lang='grc' dir='ltr'>τὸ</span> <span class='ocrx_word' id='word_1_869' title='bbox 2695 5611 2774 5689; x_wconf 74' lang='grc' dir='ltr'>μὴ</span> <span class='ocrx_word' id='word_1_870' title='bbox 2830 5612 2998 5692; x_wconf 84' lang='grc' dir='ltr'>χωρὶς</span> <span class='ocrx_word' id='word_1_871' title='bbox 3064 5608 3314 5681; x_wconf 77' lang='grc' dir='ltr'>ἀλλήλων</span> <span class='ocrx_word' id='word_1_872' title='bbox 3376 5610 3517 5667; x_wconf 72' lang='grc' dir='ltr'>εἶναι</span> <span class='ocrx_word' id='word_1_873' title='bbox 3575 5608 3707 5667; x_wconf 73' lang='grc' dir='ltr'>αὒτὰ</span> <span class='ocrx_word' id='word_1_874' title='bbox 3766 5607 3866 5667; x_wconf 75' lang='grc' dir='ltr'>δύο</span> 
     </span>
    </p>
   </div>
  </div>
