4178 6286
312 274 432 340 233

1424 281 1520 344 DE
1562 277 2071 345 PROCESSIONE
2116 282 2177 344 S.
2223 282 2599 348 SPIRITUS.

3580 283 3696 349 234

312 417 518 479 νασθαι,
598 412 933 493 ἀναφαίνεται
976 413 1080 470 ἀπὸ
1136 416 1231 469 τοῦ
1286 414 1428 470 εῖναι
1491 411 1574 471 διὰ
1642 414 1857 494 θατέρου
1912 414 1972 469 τὸ

2063 433 2190 476 nam
2223 417 2453 480 ratione
2483 437 2600 481 una
2631 417 2829 498 simul,
2865 434 3144 480 emanare
3177 418 3606 501 adversabitur,
3636 427 3694 483 et

311 500 505 577 ἕτερων
534 507 650 565 πῶς
700 504 761 557 τὸ
821 501 1172 581 συμπροϊέναι
1229 500 1485 572 ἀλλήλοις
1545 503 1676 561 αὖτᾶ
1741 502 1970 559 ἐναντίον

312 586 374 645 ἅν
406 588 497 650 εἴη
541 598 618 666 τῷ
677 590 761 646 διὰ
816 590 1031 671 θατέρου
1085 593 1146 647 τὸ
1202 589 1378 671 ἕτερον
1447 594 1615 650 αὐτῶν
1659 592 1852 672 εἶναις
1901 593 1972 649 Τὸ

312 678 413 758 γὰρ
454 682 528 745 ὡς
572 679 850 759 ἡγουμένῳ
881 682 975 737 τινὶ
1018 680 1275 755 ἑπόμενον
1333 681 1429 736 οὗκ
1479 680 1540 736 ἄν
1594 680 1685 749 εἴη
1716 681 1969 761 ἐναντίον,

311 772 458 848 ᾧπερ
529 768 733 831 ἕπεται.
782 774 889 828 Οὐκ
943 768 1040 848 ἄρα
1095 770 1157 826 τὸ
1210 772 1271 827 τὸ
1354 777 1566 847 Πνεῦμα
1621 770 1969 849 συμπροϊὲναι

313 861 391 932 τῷ
420 861 525 934 Υἱῷ
555 858 615 916 ἐκ
668 861 871 932 Πατρὸς
933 860 1073 917 εἶναι
1132 860 1278 921 αὐτό.
1336 862 1432 918 Καὶ
1489 861 1672 920 τούτου
1728 859 1967 940 δειχθέν-

312 969 428 1027 τος,
530 946 983 1007 συναποδέδεικταί
1036 970 1086 1004 τι
1167 948 1454 1030 ἐπισφαλὲς
1523 957 1628 1007 τῶν
1714 949 1968 1024 οἰομένων

315 1034 571 1106 ἂλλήλοις
642 1037 845 1093 ἐναντία
892 1038 1035 1093 εἶναι
1093 1036 1244 1112 αὕτα,
1295 1040 1382 1094 καὶ
1427 1036 1509 1094 διὰ
1563 1045 1719 1095 τοῦτο
1775 1036 1966 1116 λεγόν-

315 1146 424 1180 των
520 1127 615 1198 ὡς,
714 1124 825 1182 ἐπεὶ
896 1125 1242 1205 συμπροϊὲναι
1356 1128 1442 1183 καὶ
1534 1138 1967 1203 συμπαροματετν

318 1213 536 1292 λέγεται
590 1217 651 1271 τὸ
708 1214 920 1290 Πνεῦμα
962 1222 1039 1289 τῷ
1084 1217 1207 1291 Υίῷ,
1283 1220 1379 1275 οῦκ
1432 1214 1541 1272 ἔστι
1584 1215 1668 1271 διὰ
1696 1222 1788 1271 τοῦ
1822 1218 1963 1275 Υἱοῦ.

320 1305 422 1361 Καὶ
487 1301 572 1360 δεῖ
626 1307 887 1360 πεπαυθαι
949 1302 1135 1361 λοιπὸν
1176 1306 1298 1368 τοὺς
1386 1303 1757 1367 ἀνυποστόλως
1827 1302 1963 1359 ἄπε-

319 1391 661 1470 ρευγομένους
733 1392 943 1467 σύμπαν
1016 1394 1079 1449 τὸ
1161 1394 1570 1471 παριστάμενον,
1662 1394 1721 1449 Εἰ
1788 1389 1843 1447 δὲ
1907 1392 1968 1446 τὸ

318 1478 654 1559 παράδειγμα
715 1486 813 1548 τῆς
883 1479 1099 1556 διδύμου
1168 1483 1385 1547 ἀκτῖνος
1441 1485 1527 1539 καὶ
1595 1481 1687 1538 106
1740 1479 1967 1559 διῤῥύτου

318 1576 587 1644 ποταμοῦ,
618 1568 702 1626 διὰ
744 1572 803 1626 τὸ
858 1570 912 1627 ἐν
970 1585 1089 1635 τοῖς
1141 1570 1259 1628 κατ’
1316 1574 1447 1629 αὐτα
1495 1573 1751 1635 αἰτιατοῖς
1812 1568 1968 1625 δύνα-

2054 504 2539 579 destruet,unum
2573 527 2639 569 ex
2663 508 2735 569 iis
2760 526 2864 587 per
2886 507 3043 569 aliud
3072 506 3235 569 esse?
3257 506 3523 590 Namque
3536 508 3691 590 quod

2054 612 2122 654 ex
2158 595 2353 675 aliquo
2376 604 2650 676 tanquam
2670 615 2740 658 ex
2765 596 2947 677 priori
2971 596 3375 677 consequitur,
3396 615 3691 678 nunquam

2053 682 2417 744 contrarium
2446 684 2662 747 eritilli
2692 705 2759 747 ex
2783 704 2897 765 quo
2929 684 3469 766 consequitur.Non
3492 686 3693 767 igitur,

2053 768 2338 851 Spiritum
2361 792 2475 834 una
2507 791 2637 836 cum
2673 775 2823 837 Filio
2852 793 2919 836 ex
2949 774 3123 837 Patre
3158 775 3433 855 prosilire
3455 783 3696 836 contra-

2051 860 2198 922 riam
2232 861 2408 923 fuerit
2429 862 2537 938 illi,
2585 864 2905 944 perFiIium
2932 883 3000 925 ex
3031 862 3206 925 Patre
3225 865 3505 926 eumdem
3536 882 3692 928 esse.

2049 947 2234 1029 quue
2266 970 2396 1011 cum
2429 952 2899 1014 demonstratum
2949 952 3049 1027 sit,
3083 971 3203 1015 una
3238 953 3413 1015 simul
3461 971 3697 1034 quoque

2052 1056 2221 1100 error
2249 1041 2684 1103 demonstratus
2716 1049 2807 1104 est
2838 1043 3177 1123 eorum,qui
3205 1061 3275 1105 ea
3295 1042 3412 1105 sibi
3440 1042 3694 1104 invicem

2051 1130 2351 1191 adversari
2383 1134 2742 1210 opinantur;
2779 1138 3214 1211 proptereaque
3275 1131 3691 1207 asserentium,

2052 1235 2185 1277 cum
2220 1219 2396 1279 simul
2429 1239 2562 1280 cum
2594 1219 2742 1281 Filio
2775 1237 3080 1298 emanare,
3116 1228 3174 1282 et
3205 1219 3384 1284 simul
3421 1220 3697 1300 progredi

2053 1303 2307 1385 Spiritus
2335 1306 2567 1369 dicatur
2616 1327 2750 1369 cum
2799 1308 2972 1385 Filio,
3003 1327 3121 1370 non
3153 1326 3285 1370 esse
3317 1327 3424 1390 per
3451 1308 3693 1372 Filium.
3772 1316 3785 1331 '

2050 1393 2203 1456 Hinc
2251 1396 2312 1456 in
2344 1407 2645 1476 posterum
2692 1397 2809 1459 illis
2855 1396 3386 1460 obmutescendum
3419 1405 3530 1472 est,
3592 1397 3698 1479 qui

2052 1483 2339 1566 quidquid
2365 1486 2424 1547 in
2448 1485 2694 1548 buccam
2717 1485 3377 1568 venerit,inverecunde
3389 1487 3695 1549 effutiunt.

2055 1572 2221 1647 Quod
2256 1573 2304 1634 si
2335 1577 2671 1651 exemplum
2702 1575 2956 1656 duplicis
3002 1575 3176 1653 radii,
3229 1583 3285 1638 et
3327 1575 3390 1637 in
3420 1577 3537 1638 duo
3571 1576 3695 1638 dis-

322 1662 439 1714 σθαι
471 1659 611 1714 εἶναι
661 1662 721 1715 τὸ
777 1658 953 1739 ἕτερον
1007 1667 1099 1717 τοῦ
1167 1660 1343 1739 ἑτέρου
1402 1662 1593 1741 χωρὶς,
1668 1657 1966 1739 προϐάλλε-

2063 1661 2249 1741 partiti
2278 1662 2462 1737 ﬂuvii,
2513 1664 2667 1744 quod
2714 1664 2777 1725 in
2824 1664 3131 1727 eﬂ‘ectibus
3172 1666 3501 1727 secundum
3537 1667 3697 1747 ipsos

324 1750 441 1803 σθαι
526 1747 760 1806 θέλουσιν
845 1752 917 1813 εἷς
970 1750 1368 1829 ἐναντιοφωνίαν
1452 1750 1599 1830 τάχα
1666 1750 1784 1805 τινὰ
1862 1754 1966 1805 τῶν

2063 1770 2235 1848 [ΙΠΠΔῙΠ
2270 1751 2507 1848 absque
2523 1753 2637 1814 alio
2670 1771 2802 1848 esse
2836 1761 3051 1835 potest,
3093 1753 3440 1848 obtendent,
3473 1753 3695 1848 aliquid

322 1836 586 1914 ῥηθέντων
620 1856 635 1872 ⁸
680 1836 816 1895 ἀλλὰ
885 1840 1169 1917 γνώτωσαν
1213 1841 1311 1908 ὡς,
1357 1838 1470 1894 ἐπεὶ
1520 1834 1769 1895 ἀδύνατόν
1827 1837 1967 1893 ἐστιν

2063 1840 2325 1919 proferri,
2356 1841 2510 1921 quod
2544 1843 2904 1903 contrarium
2931 1834 3101 1904 sonet
3124 1843 3247 1923 jam
3280 1834 3694 1923 dictis,sciant,

327 1927 775 2008 ἐναντιοφωνῆσαι
829 1930 965 1984 κατὰ
1017 1951 1068 1985 τι
1122 1929 1332 1991 ἑαυτοῖς
1385 1929 1509 1991 τοὺς
1583 1928 1852 2007 ἀμφότερα
1907 1927 1971 1982 τὰ

2063 1946 2187 1989 cum
2204 1930 2333 1991 ﬁeri
2348 1929 2969 2011 nequeat.utsibiipsis
2990 1931 3694 2012 adversentur.quiamb0

324 2018 466 2093 μὲλη
562 2025 667 2075 τῶν
726 2018 1166 2100 παραδειγμάτων
1234 2018 1678 2101 θεολογήσαντας,
1740 2020 1806 2076 τὰ
1875 2018 1971 2093 μὲν

2063 2019 2179 2080 haec
2211 2018 2644 2099 dictaexempli
2676 2037 2851 2081 causa
2884 2019 3603 2099 produxerunt,nonnulla
3625 2039 3695 2083 ex

326 2109 433 2164 τῶν
503 2108 945 2188 παραδειγμάτων
1011 2109 1268 2191 ἐξεληφθη
1325 2111 1541 2174 ἐκείνοις
1572 2112 1644 2173 εἷς
1694 2118 1973 2183 παράστα-

2063 2108 2343 2188 exemplis
2374 2107 2443 2170 ad
2464 2108 2580 2168 illis
2598 2115 2898 2186 assumpta
2917 2126 3049 2169 esse
3076 2107 3148 2168 ad
3181 2107 3693 2188 comprobandum

330 2220 411 2252 σιν
451 2200 544 2254 τοῦ
580 2199 722 2254 εἶναι
769 2205 873 2257 τῶν
915 2197 1003 2256 δύο
1045 2202 1292 2258 αἰτιατῶν
1333 2202 1394 2256 τὸ
1452 2201 1547 2276 μέν
1603 2198 1885 2279 προσεχῶς
1917 2196 1975 2252 ἐκ

2063 2214 2126 2257 ex
2150 2196 2243 2258 bis
2261 2195 2491 2258 duobus
2522 2195 3108 2269 eﬂectibus,alterum
3127 2196 3368 2277 quidem
3391 2197 3699 2259 continen-

330 2296 419 2344 τοῦ
441 2287 669 2364 πρώτου,
703 2289 763 2343 τὸ
792 2286 846 2342 δὲ
889 2286 972 2344 διὰ
1000 2296 1091 2345 τοῦ
1143 2294 1425 2369 προπχῶς
1484 2289 1545 2344 ἐκ
1586 2294 1679 2345 τοῦ
1705 2287 1916 2365 πρώτου
1951 2307 1964 2321 ·

2063 2292 2149 2347 ter
2177 2303 2246 2347 ex
2280 2285 2493 2366 primo,
2526 2286 2781 2347 alterum
2826 2303 2932 2365 per
2982 2303 3140 2361 eum,
3188 2285 3286 2365 qui
3318 2286 3696 2349 continenter

331 2377 398 2431 τὰ
476 2374 529 2431 δὲ
612 2374 870 2457 ὲξελήφθη
955 2377 1171 2442 ἐκείνοις
1250 2379 1321 2440 εἰς
1447 2378 1775 2455 παράστασιν
1880 2381 1971 2429 τοῦ

2063 2387 2146 2435 est
2176 2392 2247 2435 ex
2280 2376 2470 2455 primo
2505 2392 2518 2433 :
2553 2374 2668 2436 alia
2695 2374 2768 2435 ad
2798 2374 3326 2436 demonstrandum
3380 2393 3452 2437 ex
3485 2376 3578 2438 bis
3604 2374 3693 2438 ef-

332 2466 478 2522 εἶναι
558 2466 779 2522 ἕκαστον
835 2467 941 2524 τῶν
1009 2467 1259 2523 τοιούτων
1350 2469 1595 2523 αἱτιατῶν
1676 2465 1794 2521 καθ’
1849 2463 1972 2520 αὐτό

2063 2463 2310 2526 iectibus
2342 2481 2826 2543 unumquemque
2856 2480 2988 2524 esse
3017 2462 3344 2524 secundum
3378 2473 3529 2544 se,et
3555 2482 3696 2545 pro-

329 2576 386 2611 τε
454 2556 539 2609 καὶ
619 2553 1034 2611 ἷδιοῦπόστατον.
1097 2565 1260 2614 Τοῦτο
1330 2556 1429 2634 γὰρ
1513 2553 1852 2629 σημαίνουσιν
1936 2550 1972 2617 ἡ

2063 2553 2184 2633 pria
2233 2552 2535 2633 hypostasi
2582 2551 3026 2613 subsistentem.
3083 2551 3207 2613 Hoc
3253 2551 3409 2613 enim
3459 2553 3698 2615 denotat

330 2641 540 2718 δίδυμος
573 2645 717 2707 ὰκτὶς
776 2644 864 2699 καὶ
920 2646 947 2699 ἑ,
1006 2640 1234 2722 διῤῥυτος
1291 2642 1551 2716 ποταμός,
1601 2642 1697 2700 Καὶ
1741 2641 1975 2697 πείσειαν

2063 2643 2274 2723 duplex
2303 2641 2526 2715 radius,
2560 2649 2618 2703 et
2648 2642 2967 2722 dupliciter
2994 2653 3196 2705 sectus
3227 2641 3530 2705 ﬂuvius.Id
3554 2662 3696 2723 quo-

327 2731 392 2788 ἂν
423 2735 554 2812 πρὸς
583 2740 735 2789 τοῦτο
762 2734 853 2789 τὸν
910 2732 1250 2811 ἀρτιλέγοντα
1305 2735 1392 2789 καὶ
1444 2734 1507 2788 τὸ
1548 2730 1842 2804 τρισήλιον,
1889 2731 1976 2785 καὶ

2063 2752 2170 2812 que
2198 2731 2536 2792 adversario
2571 2729 2975 2811 persuadebit,
3010 2738 3069 2791 et
3100 2729 3413 2806 trisolium,
3443 2740 3499 2793 et
3528 2731 3694 2794 trira-

326 2823 391 2877 τὸ
433 2821 760 2898 τρισάκτίνον
801 2827 901 2889 τῆς
962 2823 1247 2902 Θεότητος,
1308 2823 1576 2900 γραφικῶς
1605 2819 1853 2899 εἰρημένα
1893 2815 1977 2872 διὰ

2063 2820 2219 2881 dium
2252 2819 2495 2880 Deitatis
2526 2821 2808 2900 graphice
2860 2836 3143 2899 expressa
3192 2829 3434 2901 propter
3476 2821 3698 2883 trinum

323 2913 388 2967 τὸ
416 2912 850 2989 τρισυπόστατον.

972 3029 1220 3085 smn.
1262 3012 1325 3084 ι’.

2058 2909 2479 2990 hypostaseon.

2691 3019 2930 3085 CAPUT
2972 3021 3042 3083 X.

339 3149 368 3180 α
402 3126 538 3204 Πρὸς
596 3126 717 3188 τοὺς
774 3123 1028 3202 λέγοντας
1063 3146 1078 3161 ο
1159 3146 1182 3180 ι
1245 3121 1464 3191 Ἐπειδὴ
1496 3204 1510 3216 ⁸
1533 3118 1833 3216 ἀναϐλύξειν
1871 3123 1975 3216 ,καὶ

2063 3124 2671 3216 Αὰτςοεηριιὶηάἱριιῃι
2694 3144 2713 3183 ;
2750 3147 2771 3179 ι
2811 3123 2968 3216 Clin;
3000 3122 3278 3204 efﬂuere,
3323 3133 3384 3187 et
3423 3142 3703 3216 emanare

1163 3210 1376 3280 Πνεῦμα
1428 3204 1516 3261 γαὶ
1571 3203 1629 3261 ὲκ
1683 3208 1776 3259 τοῦ
1830 3203 1972 3275 Υἱοῦ,

414 3206 672 3283 πηγάνζειν
730 3205 947 3283 λέγεται
1014 3206 1077 3261 τὸ
1163 3210 1376 3280 Πνεῦμα
1428 3205 1516 3261 γαὶ
1571 3205 1629 3261 ὲκ
1683 3208 1776 3259 τοῦ
1830 3205 1972 3275 Υἱοῦ,

414 3283 550 3338 δια-εί
621 3285 697 3338 μὴ
770 3285 1139 3338 ἐκπορεύεσθαι
1236 3283 1448 3338 λέγεται
1544 3285 1632 3338 καὶ
1743 3282 1803 3338 ἐκ
1884 3281 1976 3338 τοῦ

1770 3306 1803 3340 κ
1884 3304 1978 3339 του

414 3283 550 3343 διατί
620 3285 698 3358 μὴ
770 3285 1139 3364 ἐκπορεύεσθαι
1236 3283 1448 3363 λέγεται
1544 3285 1632 3342 καὶ

414 3369 558 3424 Υἱοῦ.
602 3390 626 3423 ι

414 3459 490 3528 α’.
522 3467 593 3525 ’Ἃ
622 3471 720 3546 μὲν
748 3471 865 3548 περὶ
891 3471 990 3537 τῆς
1046 3488 1076 3528 τι
1106 3469 1441 3548 ἐκπορεύεται
1476 3492 1503 3524 ι
1565 3465 1755 3533 λέξεως
1813 3465 1977 3540 ἡμεῖς

336 3558 588 3637 εἴπομεν,
630 3560 694 3615 τὸ
751 3561 881 3638 πρὸς
950 3560 1013 3615 τὸ
1066 3556 1392 3635 ἆναϐλύζειν,
1443 3557 1531 3613 καὶ
1586 3556 1861 3633 πηγάζειν,
1893 3554 1981 3610 καὶ

330 3653 654 3731 προχεῖσθαι
711 3648 1019 3725 ἱσοδύναμον
1106 3648 1268 3716 αὐτῆς
1362 3646 1873 3720 διασκοπησάμενοι,
1931 3643 1981 3700 ἐν

333 3740 533 3818 ἑτέροις
602 3741 758 3814 ἡμῶν
826 3738 1006 3814 λόγοις
1060 3736 1242 3816 ἐῤῥέθη
1276 3754 1290 3768 '
1378 3735 1490 3793 ἐπεὶ
1566 3734 1620 3791 δὲ
1678 3735 1818 3810 παρὰ
1876 3740 1983 3789 τῶν

337 3829 746 3904 διενισταμένων
834 3827 1274 3908 φιλονεικότερον,
1356 3849 1443 3883 και
1532 3824 1608 3881 ἔτι
1690 3825 1808 3901 περὶ
1877 3829 1982 3879 τῶν

343 3923 512 3978 αὒτῶν
564 3917 880 3998 σαφέστερόν
936 3939 987 3973 τι
1066 3916 1237 3994 λέγειν
1307 3914 1828 3995 προσαπαιτούμεθα,
1915 3912 1982 3967 τὰ

342 4006 585 4065 δοκοῦντα
625 4010 714 4064 καὶ
750 4006 909 4067 πάλιν
964 4007 1094 4085 πρὸς
1152 4006 1211 4060 τὸ
1252 4010 1350 4072 τῆς
1395 4004 1595 4065 ἐννοίας
1664 3998 1981 4078 συμϐάλλειν

340 4099 474 4170 ἡμῖν
521 4096 901 4173 καθαρώτερον,
985 4093 1225 4169 οὐδαμῶς
1305 4095 1560 4167 ὀκνοῦμεν
1622 4089 1974 4170 ἐπεξεργάζε-

306 4189 483 4254 ,σθαι.
538 4184 685 4242 Ἐπεὶ
738 4186 839 4263 γὰρ
896 4187 944 4241 οἱ
999 4184 1315 4262 ἀποροῦντες
1372 4180 1696 4259 διαποροῦσι,
1753 4186 1866 4244 πῶς
1922 4179 1983 4234 τὸ

341 4274 404 4332 ἐκ
445 4281 537 4331 τοῦ
581 4277 699 4331 Tia)
729 4271 1036 4348 ἆναὸλύζον,
1064 4274 1152 4329 καὶ
1179 4268 1440 4351 πηγέζον,
1500 4271 1588 4326 καὶ
1617 4268 1982 4349 προχεόμενον

2141 3205 2391 3267 dicatur
2419 3204 2695 3283 Spiritus
2724 3222 2802 3266 ea:
2830 3204 3017 3283 Filio,
3053 3220 3245 3284 quare
3294 3223 3416 3268 non
3463 3206 3701 3269 dicatur

2139 3286 2325 3349 etiam
2354 3285 2675 3364 procedere
2704 3290 2760 3347 et
2797 3301 2874 3347 ea:
2902 3284 3061 3347 Filio
3082 3283 3113 3342 ἵ
3147 3310 3170 3342 υ

2150 3472 2202 3525 1.
2237 3462 2379 3535 Quae
2408 3463 2481 3524 de
2515 3463 2912 3544 processionis
2936 3464 3196 3526 dictione
3217 3464 3702 3549 diximus,aaquas

2063 3554 2223 3616 illius
2252 3573 2386 3615 cum
2416 3555 2814 3634 emanatione,
2848 3552 3181 3629 efﬂuxione,
3204 3562 3262 3615 et
3286 3558 3700 3635 progressione

2068 3644 2221 3704 vires
2251 3642 2747 3717 examinaniesjn
2779 3642 2913 3705 aliis
2944 3642 3163 3706 nostris
3194 3644 3561 3707 orationibus
3590 3648 3702 3709 ha-

2064 3732 2302 3794 bentur.
2335 3731 2478 3793 Cum
2508 3749 2642 3794 vero
2669 3731 2740 3793 ab
2789 3731 2887 3807 iis,
2936 3732 3035 3812 qui
3068 3732 3495 3796 contentiosius
3522 3736 3705 3799 rebus

2066 3822 2194 3882 istis
2224 3821 2534 3887 obsistunt.
2566 3821 2640 3881 de
2672 3820 2885 3882 iisdem
2916 3822 3164 3902 aliquid,
3196 3823 3352 3903 quod
3384 3825 3705 3887 dilucidius

2064 3912 2225 3982 sit,et
2254 3929 2378 3971 rem
2403 3911 3033 3990 reprazsentet,aﬂ'erre
3057 3913 3116 3972 in
3136 3911 3395 3974 medium
3423 3923 3706 3993 praeterea

2063 3998 2379 4077 exigimur,
2428 4018 2558 4079 quae
2608 3999 2779 4061 nobis
2820 4007 3182 4082 occurrunt,
3234 4001 3308 4062 ad
3351 4003 3706 4064 sententiam

2064 4090 2322 4169 apertius
2371 4089 2741 4150 enodandam
2795 4097 3150 4171 opportuna,
3185 4089 3494 4152 elaborare
3546 4093 3708 4154 nullo

2067 4180 2243 4241 modo
2276 4178 2709 4240 cunctabimur.
2740 4176 2809 4238 Et
2838 4179 3104 4259 cum,qui
3134 4178 3580 4255 addubitant,in
3601 4180 3710 4243 du-

2066 4267 2228 4329 bium
2287 4275 2533 4337 vertant,
2589 4267 2885 4347 quomodo
2934 4268 3036 4347 qui
3087 4286 3155 4328 ex
3201 4268 3350 4329 Filio
3405 4285 3706 4349 emanare,

340 4371 574 4440 Πνεῦμα,
621 4366 744 4443 οὐχὶ
797 4365 885 4421 καὶ
951 4362 1360 4443 ἐκπορευόμενον
1417 4358 1627 4439 λέγεται
1670 4357 1722 4423 ἐξ
1777 4362 1980 4436 αὐτοῦ,

2067 4357 2335 4429 efﬂuere,
2368 4365 2426 4417 et
2455 4356 2677 4417 eﬂ‘undi
2705 4355 2926 4418 dicitur
2955 4356 3357 4439 Spiritus,n0n
3389 4357 3531 4418 item
3552 4358 3709 4421 dica-

338 4451 474 4513 τάδε
522 4454 805 4533 σαφηνείας
841 4453 999 4532 χάριν
1042 4452 1237 4532 φαμέν,

424 4622 499 4708 β’.
558 4631 617 4690 Ὀ
701 4630 1006 4711 ἐκπόρευσις
1077 4654 1136 4688 ου
1202 4632 1265 4688 τὸ
1331 4628 1512 4695 ἅπλῶς
1553 4630 1618 4684 ὲκ
1664 4627 1868 4706 Πατρὸς
1925 4627 1986 4682 τὸ

341 4733 561 4800 Πνεῦμα
615 4722 794 4797 δηλοῖ,
841 4724 977 4781 ἀλλὰ
1026 4725 1089 4781 τὰ
1144 4726 1260 4788 πῶς
1303 4723 1466 4780 εἶναι.
1535 4721 1632 4777 Διὰ
1682 4721 1783 4800 γὰρ
1835 4728 1990 4778 τοῦτο

341 4817 432 4873 καὶ
514 4813 708 4893 τρόπος
749 4813 1044 4893 ὑπάρξεως,
1135 4815 1164 4870 ὃ
1219 4813 1333 4871 ἐστι
1418 4809 1635 4891 διαφορὰ
1725 4808 1990 4887 ὑπάρξεως

342 4904 488 4983 παρὰ
528 4918 648 4966 τοῖς
691 4904 921 4983 Πατράσι
977 4906 1038 4960 τὸ
1109 4909 1206 4971 τῆς
1262 4902 1618 4982 ἐκπορεύσεως
1674 4896 1995 4976 τεθεολόγη-

345 5015 431 5050 ται
455 4992 647 5064 ὄνομα.
700 4994 795 5051 Καὶ
845 4991 982 5049 ἔστιν
1032 4995 1069 5062 ἡ
1126 4993 1264 5050 κατὰ
1303 4991 1402 5059 τὴν
1442 4990 1753 5069 ἐκπόρευσιν
1809 4984 1993 5053 δηλου-

348 5082 483 5157 μένη
565 5079 781 5160 ὕπαρξις
878 5079 1189 5162 διαφέρουσα
1272 5081 1404 5157 πρός
1466 5099 1524 5135 τε
1589 5078 1689 5145 τὴν
1765 5072 1997 5154 ἄναρχον

349 5169 570 5250 ὕπαρξιν
631 5180 724 5229 τοῦ
774 5172 979 5249 Πατρὸς
1026 5176 1104 5245 τῷ
1167 5176 1259 5227 τοῦ
1309 5168 1601 5247 ἁγεννῄτου
1668 5163 2007 5239 δηλουμένην

349 5259 594 5335 ὀνόματι,
642 5261 733 5316 καὶ
787 5261 918 5337 πρὸς
974 5260 1074 5328 τὴν
1130 5257 1345 5337 ὕπαρξιν
1399 5264 1492 5314 τοῦ
1548 5254 1668 5312 Υἶοῦ
1721 5251 1993 5319 ἐξιδιώσα-

348 5349 515 5425 μένην
570 5350 634 5405 τὸ
683 5348 960 5426 γεννητόν.
1023 5348 1149 5426 Τρία
1192 5355 1316 5426 γοῦν
1346 5352 1507 5403 ταῦτα
1572 5344 1807 5419 ὀνόματα
1872 5354 1994 5406 ταῖς

345 5443 452 5495 τῶν
576 5442 736 5516 τριῶν
850 5437 1150 5517 προσώπων
1246 5434 1615 5517 ἀφωρίσθησαν
1716 5429 1994 5505 ἰδιότησιν,

349 5527 572 5583 ἑκάστου
639 5533 746 5584 τῶν
828 5526 1103 5603 ὀνομάτων
1175 5523 1310 5585 οὕτω
1377 5546 1439 5602 γε
1560 5519 1843 5597 δυναμένου
1939 5521 2000 5576 τὸ

348 5613 727 5692 ὠνομασμένον
799 5614 853 5683 ἐξ
906 5615 1063 5675 αὐτοῦ
1114 5617 1397 5696 πρόσωπον
1505 5610 1560 5668 ἓν
1643 5616 1714 5688 τῇ
1771 5609 2002 5687 μακαρίᾳ

1002 5754 1264 5816 Parnm.
1310 5748 1424 5815 Gn.
1471 5744 1674 5811 CXLI-

2006 4424 2163 4506 l)tur
2191 4454 2249 4506 et
2277 4424 2345 4507 ei
2387 4444 2598 4507 eodem
2647 4424 3018 4525 procedere‘l
3062 4424 3233 4522 haec;
3262 4454 3328 4509 ut
3377 4445 3563 4525 magis
3612 4465 3715 4509 res

2069 4534 2384 4607 elucescat,
2418 4533 2833 4614 proponimus.

2151 4625 2210 4686 ἓ.
2256 4625 2542 4686 Processo
2600 4640 2718 4683 non
2773 4630 2936 4684 notat
2991 4621 3366 4703 simpliciter,
3422 4641 3493 4683 ex
3542 4625 3714 4685 Patre

2075 4712 2358 4794 Spiritum
2404 4729 2558 4785 esse,
2593 4710 2694 4773 sed
2723 4711 2989 4787 modum,
3025 4731 3143 4792 quo
3175 4720 3285 4775 est.
3318 4713 3569 4791 Propter
3601 4712 3715 4773 hoc

2078 4802 2238 4866 enim
2294 4808 2349 4862 et
2406 4800 2615 4861 modus
2664 4800 3048 4874 exsistentiaa,
3083 4818 3215 4880 quae
3243 4808 3332 4862 est
3361 4799 3715 4862 exsistentiee

2076 4889 2475 4965 diﬂerentia,a
2504 4888 2776 4950 Patribus
2806 4889 3205 4970 processionis
3234 4906 3450 4950 nomen
3482 4889 3713 4949 consti-

2079 4988 2269 5045 tutum
2303 4986 2412 5041 est.
2442 4977 2512 5039 Et
2540 4978 2867 5040 secundum
2898 4979 3341 5060 processionem
3385 4977 3716 5055 signiﬁcata

2078 5068 2421 5132 exsistentia
2447 5067 2733 5139 diﬂert,et
2761 5067 2834 5129 ab
2867 5067 3211 5130 exsistentia
3239 5067 3366 5128 sine
3396 5066 3710 5148 principio,

2080 5158 2329 5238 ingeniti
2371 5160 2614 5219 nomine
2664 5166 3000 5231 conn0tata,
3027 5167 3085 5219 et
3111 5159 3185 5219 ab
3214 5156 3562 5219 exsistentia
3584 5154 3718 5217 Filii

2083 5250 2200 5311 sibi
2246 5248 2507 5328 genitum
2558 5246 2919 5310 vindicante.
2970 5246 3107 5308 Haec
3155 5264 3294 5326 ergo
3327 5246 3440 5307 tria
3482 5245 3722 5307 nomina

2080 5341 2254 5402 trium
2313 5357 2698 5419 personarum
2751 5339 3210 5419 proprietatibus
3267 5338 3512 5399 decreta
3562 5346 3723 5411 sunt,

2079 5448 2212 5492 cum
2233 5427 2463 5506 singula
2484 5429 2610 5489 haec
2631 5426 2872 5488 nomina
2894 5427 3119 5489 viribus
3141 5427 3222 5487 ita
3250 5427 3530 5506 polleant,
3558 5432 3625 5487 ut
3655 5443 3726 5487 ex

2083 5536 2148 5580 se
2171 5535 2480 5599 personam
2505 5525 2899 5596 nuncupatam
2922 5517 2982 5578 in
3008 5514 3395 5579 beataTriade
3415 5513 3723 5576 denotent.

2082 5605 2160 5672 Ut
2187 5599 2348 5669 idem
2377 5606 2552 5688 plane
2580 5604 2656 5668 sit
2695 5606 3026 5685 ingenitum
3063 5613 3122 5670 et
3167 5601 3637 5683 Pater,genitum
3669 5607 3727 5662 et

3288 5738 3326 5802 8
