4178 6286
474 286 591 351 ‘235
1567 284 1833 347 .IOANN.
1861 278 2080 346 VECCI
2113 281 2228 342 GP.
2262 277 2784 341 PATRIARCH/E
3731 273 3849 336 ‘236

471 417 681 491 Filius,
743 417 1073 499 procedens
1131 426 1188 478 et
1248 416 1520 498 Spiritus.
1586 413 1851 493 Namque
1899 415 1999 492 qui
2051 413 2101 474 in

3813 388 3834 406 ﬂ

2197 411 2607 492 Τριάδιδηλοῦν,
2668 416 2740 477 ὡς
2797 416 2987 470 ταυτὸν
3048 414 3187 469 εἶναι
3244 412 3526 487 ἀγέννητον
3585 413 3779 481 εἰπεῖν,
3811 411 3847 453 η

472 489 687 570 Triade
730 489 1054 586 ingenitam
1110 489 1425 586 personam
1477 502 1714 576 dixerit,
1755 489 1935 562 nihil—
1963 503 2101 563 aliut

2203 500 2516 580 ἐκπορευτὸν
2573 504 2766 573 εἰπεῖν,
2828 505 2914 558 καὶ
2974 502 3181 576 Πνεῦμα
3257 502 3447 557 εἰπεῖν.
3499 489 3555 556 Ὀ
3613 499 3712 578 γὰρ
3769 500 3850 554 εἷ-

472 615 647 676 quam
702 596 897 677 ipsum
953 597 1182 657 Patrem
1235 594 1499 674 notavit;
1548 600 1607 654 et
1655 591 1754 672 qui
1804 590 2018 652 dixerit
2059 591 2101 651 ir

2202 591 2318 646 πὼν
2388 592 2448 645 τὸ
2521 590 2574 644 ἐν
2629 593 2697 666 τῇ
2770 591 2945 668 Τριάδι
2999 591 3282 667 ἀγέννητον
3352 589 3632 666 πρόσωπον
3704 586 3849 643 οὐδὲν

467 685 684 747 Triade
731 684 988 764 genitam
1038 701 1375 764 personam,
1427 681 1656 742 nullum
1716 679 1897 740 alium
1941 698 2101 759 quan

2202 678 2462 750 ἐδήλωσεν
2506 679 2681 758 ἕτερον
2725 679 2760 747 ἢ
2791 683 2880 735 τὸν
2936 681 3141 758 Πατέρα
3175 695 3189 709 ⁸
3250 679 3335 734 καὶ
3379 681 3406 733 6
3465 679 3622 733 εἰπὼν
3681 679 3739 732 τὸ
3793 679 3848 732 ἓν

467 771 680 834 Filium
707 771 1018 852 expressit;
1052 780 1111 832 et
1138 771 1240 851 qui
1270 771 1328 831 in
1365 769 1580 850 Triade
1605 767 1936 849 procedens
1957 767 2101 830 dixe-

2199 779 2267 848 τῇ
2311 770 2486 848 Τριάδι
2544 773 2795 848 γεννητὸν
2849 771 3169 851 πρόσωπων,
3231 769 3374 828 οὐδὲν
3433 767 3694 838 ἐδήλωσεν
3722 768 3844 823 ἕτε-

467 861 565 935 rit,
602 861 826 922 nullum
859 859 1037 921 alium
1071 878 1244 939 quam
1284 857 1572 939 Spiritum
1605 865 1870 918 sanctum
1897 855 2101 934 signiﬁ-

2199 883 2288 940 ρον
2316 861 2351 923 ἢ
2377 862 2468 916 τὸν
2516 861 2643 916 Υῗόν
2690 883 2706 897 ο
2740 863 2825 918 καὶ
2886 863 2912 916 6
2956 861 3116 916 εἰπὼν
3145 861 3204 914 τὸ
3249 859 3300 914 ἐν
3358 864 3424 934 τῇ
3481 854 3643 936 τριλδι
3675 856 3842 913 ἐκπο-

466 950 616 1011 cavit
643 972 656 1010 :
681 956 740 1011 et
767 956 990 1022 contra,
1027 949 1126 1029 qui
1158 947 1391 1009 Patrem
1424 947 1664 1015 dixerit,
1690 944 1750 1005 in
1769 942 1987 1005 Triade
2024 944 2101 1005 in-

2195 951 2397 1026 ρευτὸν,
2470 946 2614 1004 οὐδὲν
2667 946 2941 1017 ἒδήλωσεν
3012 946 3186 1025 ἕτερον
3266 947 3299 1012 ἢ
3371 949 3432 1001 τὸ
3506 951 3714 1018 Πνεῦμα
3782 946 3844 1000 τὸ

463 1039 721 1118 genitam
755 1054 1070 1118 personam
1095 1035 1398 1116 indicavit;
1428 1034 1604 1115 etqui
1633 1033 1844 1095 Filium
1867 1033 2106 1110 dixerit,

463 1127 721 1206 genitam
756 1143 1068 1206 personam
1096 1125 1488 1205 innuit,etqui
1505 1122 1786 1202 Spiritum
1805 1122 2113 1184 intellexe-

462 1215 559 1290 rit,
595 1214 754 1297 quod
784 1214 845 1274 in
874 1213 1094 1277 Triade
1125 1213 1412 1292 procedit,
1446 1221 1706 1273 actutum
1732 1211 1930 1271 animo
1963 1229 2106 1272 con-

463 1303 718 1386 cepit.Et
748 1323 884 1365 cum
906 1302 1092 1364 semel
1121 1321 1155 1363 a
1178 1302 1467 1380 theologis
1487 1299 1759 1363 Patribus
1788 1300 2108 1379 unicuique

462 1411 756 1472 personae,
790 1409 923 1472 quae
973 1410 1041 1452 ex
1086 1409 1265 1452 causa
1309 1398 1418 1464 est,
1453 1388 1813 1450 exsistentiae
1844 1389 2107 1465 nomina,

465 1481 809 1544 earumdem
843 1481 999 1541 inter
1019 1498 1081 1539 se
1105 1479 1426 1540 discrimen
1451 1476 2109 1553 indicantia,generatio

463 1589 680 1651 nempe
711 1576 769 1632 et
800 1567 1100 1648 processio
1134 1567 1376 1629 decreta
1415 1575 1577 1646 sunt,
1625 1574 1683 1626 et
1713 1565 1842 1626 Filii
1892 1585 2106 1626 nomen

460 1659 724 1739 genitum
739 1657 1675 1736 sibiasciscit,etquandocunque
1689 1666 1746 1716 et
1762 1655 1938 1716 etiam
1951 1656 2110 1716 dica-

460 1757 558 1808 tur
588 1746 662 1808 de
693 1745 947 1827 Spiritus
979 1744 1450 1819 nomine,statim
1475 1743 1806 1824 procedens
1838 1745 2106 1823 concipi-

458 1835 703 1916 tur,sive
735 1834 1213 1915 pronuntiatione
1245 1834 1529 1896 orationis
1559 1833 1826 1894 enuntiet
1855 1829 2104 1910 genera-

456 1925 675 1985 tionem
701 1924 777 1985 de
807 1922 980 1997 Filio,
1014 1923 1114 2004 qui
1146 1922 1312 1993 dicit,
1349 1939 1651 1995 emanare,
1693 1931 1793 1981 aut
1827 1921 2097 1997 efﬂuere,

451 2023 550 2076 aut
579 2012 827 2087 effundi,
881 2021 980 2072 aut
1011 2010 1289 2093 progredi
1319 2030 1456 2073 eum
1489 2031 1560 2072 ex
1601 2009 1797 2081 Patre,
1826 2010 1949 2071 sive
1982 2030 2101 2071 non

453 2099 1082 2174 enuntiet,secundum
1115 2118 1355 2160 omnem
1378 2098 1820 2161 consecutionis
1847 2099 2105 2159 necessi-

451 2199 651 2266 tatem,
676 2189 940 2269 genitum
972 2189 1338 2269 deprehendi
1373 2189 1551 2261 illius,
1581 2189 1681 2268 qui
1713 2196 1971 2260 emanat,
2007 2195 2104 2248 aut

451 2279 660 2354 efﬂuit,
692 2286 790 2340 aut
820 2276 1166 2347 effunditur,
1199 2286 1300 2338 aut
1351 2276 1748 2355 progreditur,
1786 2277 1920 2337 Filii
1963 2295 2098 2356 pro-

450 2385 756 2447 gressum;
789 2376 843 2428 et
883 2365 984 2446 qui
1013 2365 1156 2427 dicit
1203 2384 1505 2427 emanare.
1541 2374 1639 2424 aut
1686 2365 1949 2439 efﬂuere,
2003 2373 2103 2425 aut

457 2455 808 2536 eﬂ‘undi,aut
839 2454 1118 2535 progredi
1151 2453 1439 2532 Spiritum
1459 2472 1530 2514 ex
1562 2451 1888 2527 Patre,sive
1913 2455 2099 2532 prola-

457 2547 618 2610 tione
660 2547 820 2608 vocis
847 2545 1289 2626 proces~ionem
1324 2545 1581 2624 Spiritus
1627 2545 1942 2623 exprimat.
1982 2546 2103 2606 sive

458 2654 578 2698 non
609 2636 1172 2716 exprimat,prorsus
1197 2633 1534 2694 necessario
1557 2633 1945 2712 consequitur
1975 2653 2105 2712 pro-

461 2724 772 2787 cedentem
805 2723 1056 2802 intelligi
1086 2722 1376 2802 illtus,qui
1408 2730 1766 2797 emanat,aut
1797 2722 2108 2794 etﬂuit,aut

456 2813 797 2885 eﬂ'unditur,
831 2820 927 2873 aut
967 2810 1360 2892 progreditur,
1391 2809 1646 2890 Spiritus
1697 2829 2097 2890 progressum.

454 2902 692 2964 Etenim
722 2900 908 2963 Filius
930 2918 1214 2960 emanans
1246 2918 1376 2960 cum
1408 2918 1512 2959 sua
1537 2901 1896 2978 proprietate
1929 2919 2096 2960 ema-

450 3002 571 3066 nat,
605 2991 781 3053 modo
811 2990 1040 3051 scilicet
1069 2989 1488 3068 generationis,
1519 3008 1633 3047 non
1669 2989 2088 3067 processionis.

2477 1039 2564 1093 καὶ
2619 1036 2876 1093 ἀνάπαλιν
2934 1040 2961 1092 6
3021 1035 3229 1114 Πατέρα
3301 1036 3460 1090 εἰπὼν
3531 1035 3592 1088 τὸ
3649 1036 3703 1090 ἒν
3777 1033 3843 1108 τῇ

3655 1125 3739 1179 καὶ
3814 1126 3841 1178 6

3674 1215 3762 1268 καὶ
3816 1215 3844 1267 ὁ

2192 1038 2344 1116 ἅγιον
2394 1055 2404 1066 ·

2193 1125 2367 1204 Τριάδι
2428 1126 2712 1204 ἀγέννητον
2803 1126 3112 1204 πρόσωπον,
3185 1123 3529 1204 παρεδήλωσε
3567 1140 3580 1153 ⁸

2192 1216 2311 1270 Υἱὸν
2341 1215 2502 1271 εἰπὼν
2548 1217 2609 1271 τὸ
2657 1217 2908 1293 γεννητὸν
2980 1214 3214 1286 ἐσήμανε
3269 1213 3552 1292 πρόσωπον
3587 1228 3599 1241 ’

2191 1309 2401 1378 Πνεῦμα
2435 1305 2683 1378 ἀκούσας,
2716 1305 2777 1360 τὸ
2807 1303 2859 1359 ἐν
2918 1309 2984 1379 τῇ
3043 1300 3218 1381 Τριάδι
3258 1301 3572 1379 ἐκπορευτὸν
3620 1303 3838 1367 νενόηκε

2192 1413 2322 1470 παρε
2356 1393 2467 1456 θύς.
2563 1395 2657 1449 Καὶ
2754 1393 2866 1448 ἐπεὶ
2946 1389 3081 1455 ἅπαξ
3170 1393 3310 1468 παρὰ
3391 1396 3497 1446 τῶν
3579 1389 3844 1466 θεολόγων

2192 1480 2438 1560 Πατέρων
2494 1488 2561 1557 τῇ
2626 1481 2846 1538 ἑκάστου
2904 1487 3005 1536 τῶν
3077 1478 3164 1536 δύο
3225 1482 3471 1536 αἰτιατῶν
3534 1479 3835 1557 προσώπων

2189 1569 2398 1648 ὑπάρξει
2430 1570 2665 1643 όνοματα
2723 1568 2991 1636 δηλωτικὰ
3044 1573 3142 1634 τῆς
3211 1569 3335 1646 πρὸς
3396 1565 3605 1632 ἄλληλα
3648 1565 3837 1646 διαφο-

2193 1665 2284 1736 ρᾶς
2337 1661 2506 1715 αὐτῶν
2564 1661 2597 1724 ἡ
2655 1659 2898 1735 γέννησις
2939 1659 3027 1713 καὶ
3179 1657 3479 1733 ἐκπόρευσις
3537 1657 3837 1735 ἀφωρίσθη-

2191 1768 2308 1807 σαν.
2344 1749 2519 1803 καὶτὸ
2577 1753 2666 1803 τοῦ
2730 1749 2850 1802 Tisia
2894 1745 3059 1820 ὄνομα
3115 1746 3202 1800 τόν
3261 1748 3518 1823 γεννητὸν
3562 1747 3836 1820 προσεπά-

2188 1856 2358 1911 γεται,
2394 1835 2622 1902 ὁπηνίκα
2651 1833 2711 1890 ἅν
2766 1836 2853 1889 καὶ
2909 1835 3112 1912 ῥηθείη,
3173 1836 3260 1890 καὶ
3313 1841 3389 1908 τῷ
3445 1842 3538 1890 τοῦ
3596 1835 3838 1890 Πνεύαα-

2185 1945 2273 1988 τος
2357 1925 2574 1998 ὀνόματι
2673 1925 2732 1979 τὸ
2818 1923 3132 2002 ἐκπορευτὸν
3230 1937 3643 1995 συνεπινοετται,
3744 1922 3840 1979 κᾶν

2183 2013 2474 2091 προενέγκῃ
2523 2019 2591 2087 τῇ
2646 2019 2885 2091 προφορᾷ
2941 2019 3034 2068 τοῦ
3106 2012 3276 2088 Λόγου
3323 2012 3422 2079 τὴν
3486 2012 3728 2090 γέννησιν
3756 2015 3843 2068 επὶ

2183 2110 2274 2158 τοῦ
2306 2105 2423 2159 ι’ἱοῦ
2472 2105 2498 2157 6
2542 2101 2713 2178 λέγων
2771 2097 3100 2175 ἀναϐλύζειν,
3259 2099 3547 2180 πηγάζειν,
3609 2101 3644 2168 ii
3701 2125 3839 2180 προ-

2185 2194 2420 2269 χεῖσθαι,
2455 2190 2490 2258 ἢ
2520 2189 2764 2268 προϊέναι
2798 2188 2953 2245 αὐτὸν
3011 2190 3071 2245 ἐκ
3126 2191 3354 2268 Πατρὸς,
3419 2191 3518 2246 κᾶν
3564 2192 3641 2265 μὴ
3699 2214 3828 2269 προ-

2953 1391 2976 1406 ῚΙ

2953 1391 2976 1406 Ἰ

2946 1389 3081 1455 απαξ

2185 2283 2398 2360 ενέγκῃ,
2442 2283 2576 2337 κατὰ
2627 2287 2799 2337 πᾶσαν
2859 2280 3134 2336 ἁκοὶουθεϊ
3187 2281 3285 2349 τὴν
3341 2282 3578 2360 ἀνάγκην
3635 2303 3831 2360 γεννη-

2183 2372 2282 2437 τὴν
2353 2373 2582 2426 νοεῖσθαι
2653 2371 2750 2436 τὴν
2833 2376 2923 2426 τοῦ
2996 2368 3398 2445 ἀναϐλύζαντος,
3473 2372 3828 2450 πηγὲζοντος,

2186 2459 2222 2525 ἢ
2251 2457 2636 2537 προχεομένου,
2684 2457 2718 2524 ἢ
2774 2457 3170 2536 προερχομένου
3238 2461 3354 2515 Υἱοῦ
3412 2457 3654 2536 πρόοδον.
3734 2460 3831 2516 Καὶ

2187 2551 2214 2602 6
2245 2545 2413 2625 λέγων
2463 2543 2784 2621 ἂναϐλύζειν,
2843 2546 2878 2612 ἢ
2954 2547 3236 2626 πηγάζειν,
3298 2548 3333 2614 ἢ
3390 2549 3731 2627 προχεῖσθαι,
3793 2548 3830 2615 ἢ

2187 2634 2430 2714 προϊέναι
2480 2637 2540 2690 τὸ
2584 2641 2794 2709 Πνεῦμα
2849 2635 2910 2690 ἐκ
2951 2643 3041 2691 τοῦ
3101 2637 3323 2712 Πατρὸς²
3383 2637 3480 2691 κᾶν
3537 2637 3830 2715 προενέγκῃ

2187 2731 2255 2801 τῇ
2341 2731 2576 2802 προφορᾷ
2660 2731 2750 2780 τοῦ
2818 2722 2978 2802 λόγου
3048 2724 3133 2780 ἐπὶ
3203 2747 3294 2780 του
3375 2727 3675 2801 Πνεύματος
3733 2727 3833 2794 τὴν

2187 2813 2510 2892 ὲκπόρευσιν,
2570 2811 2669 2868 κᾶν
2737 2813 2814 2888 μὴ
2872 2814 3188 2890 προενέγκῃ,
3264 2815 3398 2869 κατὰ
3460 2820 3630 2871 πᾶσαν
3695 2815 3830 2871 ἀκο-

2183 2902 2360 2959 λουθεῖ
2442 2915 2538 2968 την
2588 2901 2825 2978 ἀνάγκην
2883 2901 3200 2979 ἐκπορευτὴν
3260 2905 3490 2958 νοεῖσθαι
3568 2906 3665 2970 τὴν
3736 2912 3829 2960 τοῦ

2179 2989 2583 3069 ἀναϐλύζοντος,
2627 2991 2662 3057 ἡ
2714 2989 3069 3067 πηγαζοντος·
3129 2990 3164 3057 ἢ
3236 2991 3601 3070 προχεομὲνου
3656 2994 3822 3048 Πνεύ-

444 3078 516 3142 Et
546 3079 798 3161 Spiritus
823 3096 1108 3141 emanans
1133 3096 1266 3137 cum
1298 3095 1403 3138 sua
1435 3077 1790 3156 proprietate
1834 3089 2089 3153 emanat,

2184 3102 2345 3156 ματος
2416 3077 2661 3157 πρόοδον.
2719 3079 2834 3142 Υἱὸς
2890 3079 2988 3156 γὰρ
3048 3077 3348 3150 ἁναϐλύζων
3392 3081 3527 3156 μετὰ
3581 3087 3679 3148 τῆς
3740 3085 3824 3137 οἱ-

439 3169 612 3230 mndo
645 3186 862 3249 nempe
892 3165 1313 3248 processionis,
1354 3185 1470 3226 non
1503 3166 1937 3244 generationis.

445 3265 657 3338 ρευτῶς,
717 3260 804 3314 καὶ
859 3264 1066 3332 Πνεῦμα
1138 3254 1448 3330 ἀναϐλύζον,
1485 3259 1618 3331 μετὰ
1667 3257 1765 3322 τῆς
1851 3259 2044 3319 οἰκείας
2109 3257 2417 3340 Ιίδιότητος
2493 3253 2765 3324 ἀναϐλύζει
2796 3274 2808 3287 ’

445 3368 604 3426 γεννη
613 3369 735 3410 τως.

527 3435 847 3514 3.Propter
870 3432 1209 3514 haecitaque
1233 3453 1370 3496 cum
1388 3452 1597 3494 omnes
1621 3434 1745 3496 fere
1775 3435 2090 3518 dictiones,

451 3542 574 3605 qaae
625 3521 973 3602 simpliciter
1023 3540 1154 3583 esse
1205 3522 1576 3601 significant,
1608 3523 1982 3586 inveniantur
2019 3527 2093 3587 de

452 3613 674 3692 Spiritu
707 3630 775 3673 ex
801 3610 973 3684 Filio,
1004 3629 1245 3689 prorsus
1277 3612 1609 3692 periculose
1645 3613 1788 3672 mihi
1819 3613 2095 3675 videntur

451 3701 744 3762 obsistere
793 3699 1213 3760 ecclesiasticae
1261 3698 1408 3778 paci,
1443 3699 1545 3779 qui
1578 3701 1770 3760 modis
1819 3702 2093 3763 omnibus

2173 3171 2318 3232 κείας
2374 3166 2634 3233 ἰδιότητος
2686 3164 2959 3237 ἀναϐλύζει
3004 3170 3270 3244 γεννητῶς
3327 3170 3446 3247 γὰρ,
3505 3171 3596 3227 οὒκ
3653 3172 3822 3227 ἔκπο-

2898 3255 3228 3334 ἐκπορεστῶς
3311 3259 3430 3337 γὰρ³
3529 3256 3648 3315 ἀλλ’
3760 3262 3822 3316 οῦ

2254 3427 2328 3514 γ’.
2380 3438 2477 3492 Διὰ
2507 3444 2629 3514 γοῦν
2670 3443 2856 3509 ταῦτα,
2923 3436 3036 3491 ἒπεὶ
3092 3435 3300 3496 ἁπάσας
3353 3433 3546 3513 σχεδὸν
3577 3437 3668 3500 τας
3713 3435 3819 3503 δη-

2175 3525 2366 3588 λούσας
2423 3527 2485 3580 τὸ
2541 3523 2722 3590 ἁπλῶς
2791 3524 3050 3603 ὑπάρχειν
3119 3521 3282 3588 λέξεις
3340 3521 3476 3580 ἔστιν
3536 3525 3706 3601 εῦρεῖν
3737 3524 3825 3580 ἐπὶ

2174 3622 2265 3670 τοῦ
2321 3615 2621 3688 Πνεύματος
2681 3613 2732 3678 ἐξ
2814 3612 2954 3687 Υἱοῦ,
3017 3613 3191 3678 πάντη
3242 3610 3545 3692 ἐπισφαλῶς
3617 3613 3826 3670 δηιοῦσί

2176 3725 2266 3776 μοι
2337 3702 2678 3758 διενίστασθαι
2726 3703 2856 3780 πρὸς
2939 3701 3036 3768 τὴν
3109 3699 3553 3769 ἐκκλησιαστικήν
3611 3704 3824 3781 εἰρήνην

2177 3795 2223 3849 οἱ
2283 3793 2368 3847 καὶ
2425 3790 2757 3868 ἀμωσγέπως
2829 3789 3164 3864 λυμαίνεσθαι
3223 3790 3318 3856 τὴν
3402 3795 3500 3856 τῆς
3560 3789 3823 3856 εὐσεϐείας

2177 3879 2406 3953 οἰόμενοι
2483 3879 2682 3935 ἔννοιαν
2737 3879 2840 3934 ἀπὸ
2893 3885 2982 3934 τοῦ
3039 3877 3210 3956 λέγειν
3265 3877 3384 3940 τοὺς
3473 3876 3701 3943 ἰταλοῦς
3762 3881 3824 3935 ἐκ

449 3966 845 4049 progreditur,
874 3974 929 4027 et
960 3965 1249 4026 emittitur
1274 3964 1554 4042 Spiritus.
1581 3964 2090 4037 Quemadmodum

2184 3977 2264 4024 τοῦ
2333 3972 2450 4024 Υἱοῦ
2520 3968 2888 4046 ἐκπορεύεσθαι
2932 3969 2992 4023 τὸ
3060 3965 3114 4031 ἒξ
3170 3965 3327 4022 αὐτοῦ
3397 3965 3684 4038 ἀναϐλύζον
3733 3971 3824 4025 καὶ

447 4057 605 4118 enim
637 4055 822 4116 Filius
851 4072 1136 4115 emanans
1163 4061 1216 4116 et
1253 4054 1501 4114 efﬂuens
1533 4072 1603 4114 ex
1654 4059 1845 4134 Patre,
1881 4057 2082 4137 Filius,

2184 4058 2434 4135 πηγαζον,
2501 4057 2688 4134 προϊόν
2754 4078 2832 4130 τε,
2915 4056 3002 4110 καὶ
3099 4054 3495 4134 προερχόμενον
3582 4059 3819 4132 Πνεῦμα,

443 4154 778 4223 generatus,
815 4162 932 4204 non
963 4160 1100 4203 vero
1125 4143 1453 4222 procedens
1483 4141 1897 4218 eﬂ'unditur,et
1919 4135 2085 4207 emaé

2184 4136 2392 4218 ιὨσπερ
2449 4148 2547 4223 γὰρ
2602 4146 2629 4200 ό
2706 4147 2848 4218 Υἱὸς,
2924 4141 3208 4214 ἀναϐλύζον
3265 4145 3350 4200 καὶ
3423 4147 3820 4225 προερχόμενος

446 4241 568 4305 nat,
593 4233 674 4292 ita
704 4240 762 4293 et
779 4230 1032 4312 Spiritus
1061 4250 1131 4292 ex
1159 4235 1326 4292 Patre
1358 4238 1414 4290 et
1443 4228 1591 4292 Filio
1623 4231 1933 4305 eﬂ'usus,et
1956 4252 2087 4313 pro-

2184 4255 2231 4288 ίκ
2289 4236 2491 4313 Πατρὸς
2575 4237 2692 4296 Υἱὸς
2777 4240 3064 4311 γεννητῶς,
3147 4230 3399 4307 οῦμενουν
3494 4234 3823 4312 ἐκπορευτῶς

447 4321 676 4396 siliens,
703 4319 959 4402 Spiritus
989 4326 1081 4380 est
1109 4319 1464 4400 procedens,
1496 4331 1556 4380 et
1586 4319 1748 4381 nullo
1781 4322 1952 4381 modo
1987 4343 2083 4401 go-

2184 4337 2482 4403 προχεῖται,
2539 4326 2624 4379 καὶ
2679 4320 2952 4393 ἀναϐλύζει
2988 4337 3000 4350 ⁸
3053 4321 3190 4377 οὕτω
3245 4322 3332 4376 καὶ
3384 4322 3444 4378 τό
3505 4329 3715 4398 Πνεῦμα
3761 4325 3823 4382 ὲκ

447 4417 709 4473 neratus.
2171 4415 2372 4490 Πατρὸς
2435 4414 2520 4467 καὶ
2601 4413 2721 4469 Υἱοῦ
2778 4409 3144 4490 προχεόμενόν
3223 4430 3281 4465 τε
3382 4413 3470 4475 καὶ
3528 4410 3819 4484 ἀναϐλύζον

2171 4505 2381 4575 Πνεῦμα
2410 4499 2743 4579 ἔκπορευτὸν,
2778 4497 3026 4573 οὔμενουν
3055 4498 3309 4577 γεννητόν
3339 4501 3504 4558 ἔστιν.

1073 4589 1309 4653 CAPUT
1358 4590 1454 4652 Xl.

2792 4603 2826 4649 Κ
2839 4599 3041 4650 ΕΦΑΑ.
3092 4588 3174 4647 ΙΑ’
3187 4634 3202 4648 .

445 4682 750 4745 Adversus
776 4697 899 4752 eos,
931 4680 1038 4760 qui
1064 4681 1295 4750 dicunt,
1326 4678 1984 4762 emqnergetAcfﬂuei-e
2012 4696 2089 4741 ea;

2184 4700 2208 4742 ι
2240 4685 2374 4761 Πρὸς
2408 4685 2528 4749 τοὺς
2581 4682 2858 4762 λέγοντας,
2933 4683 2992 4737 τὸ
3053 4676 3359 4751 ἀναϐλύζειν
3419 4684 3503 4738 καὶ
3565 4685 3828 4761 πηγάζειν

527 4763 687 4824 Filio
710 4757 1044 4843 Spiritum,
1072 4778 1193 4822 non
1221 4761 1555 4821 secundum
1603 4757 1771 4843 Verbi
1797 4760 2084 4820 divinita-

2255 4764 2314 4820 ἐκ
2370 4763 2460 4820 τοῦ
2501 4765 2618 4820 Υἱοῦ
2656 4757 2748 4818 ’τὸ
2808 4768 3023 4835 Π-ιτῦμα
3073 4764 3133 4819 οῦ
3203 4763 3338 4816 κατὰ
3411 4762 3510 4830 τὴν
3568 4757 3670 4819 τοῦ
3713 4764 3830 4820 Λό-

527 4850 664 4906 tem.
694 4837 795 4904 sed
823 4841 1151 4923 secundum
1173 4857 1300 4902 rem
1330 4845 1704 4918 assumptum
1733 4837 1877 4912 dici,
1911 4857 2089 4918 prop-

2215 4876 2219 4880 -
2254 4866 2348 4923 γου
2385 4844 2633 4918 θεότητα,
2668 4842 2804 4898 ἀλλὰ
2832 4845 2968 4898 κατὰ
3009 4843 3070 4897 τὸ
3125 4839 3454 4921 πρόσλημμα
3517 4844 3717 4922 εἱρηται
3744 4843 3830 4901 διὰ

531 4930 624 4984 ter
646 4922 950 5002 spiritalia
976 4921 1164 4982 dona.

2254 4921 2319 4980 τὰ
2348 4925 2682 4996 πνεύματικὰ
2711 4923 3038 5003 χαρίσματα,
3091 4944 3118 4976 n

533 5014 736 5072 1.Cum
768 5029 905 5072 vero
938 5029 1057 5070 non
1087 5008 1285 5070 desint
1315 5006 1416 5069 alii
1443 5007 1542 5087 qui
1574 5027 1640 5069 ex
1673 5007 1822 5069 Filio
1853 5008 2084 5071 effusio-

2254 5004 2330 5074 α’,
2365 5011 2514 5069 Ἐπεὶ
2558 5012 2611 5068 δὲ
2645 5014 2772 5068 εἰσιν
2827 5010 2994 5088 ἕτεροι
3042 5011 3136 5077 τὴν
3193 5009 3252 5066 ἐκ
3306 5017 3396 5067 τοῦ
3458 5014 3595 5071 ,Υἱοὺ
3623 5014 3829 5092 πρόχυ-

450 5117 586 5160 nem
612 5109 670 5160 et
693 5099 967 5161 efﬂuxum
991 5097 1245 5178 Spiritus
1269 5116 1388 5158 non
1418 5097 2087 5159 secumlumVerbidivi-

2184 5123 2250 5159 ην
2279 5103 2370 5157 καὶ
2401 5098 2703 5174 ἀνάϐλυσιν,
2775 5101 2867 5156 τὸν
2910 5099 3196 5177 πηγασμόν
3251 5121 3309 5156 τε
3366 5106 3457 5156 τοῦ
3513 5102 3820 5177 Πνεύματος

445 5186 692 5249 nitatem
715 5206 786 5248 ex
816 5205 886 5248 eo
917 5204 1049 5248 esse
1079 5185 1568 5264 contendant,sed
1600 5186 1926 5246 secundum
1950 5203 2082 5246 car-

2184 5191 2246 5257 L'ii
2291 5192 2425 5248 κατὰ
2481 5191 2580 5258 τὴν
2641 5197 2729 5246 τοῦ
2798 5188 2968 5266 Λόγου
3023 5188 3248 5254 θεότητα
3329 5187 3380 5254 ἐξ
3441 5189 3594 5245 αὐτοῦ
3673 5189 3817 5246 εἶναι

445 5293 582 5337 nem
615 5284 673 5338 et
719 5294 848 5338 rem
899 5284 1284 5354 assumptam,
1321 5273 1479 5354 quod
1535 5273 1840 5354 spiritalia,
1875 5283 1936 5335 ut
1971 5275 2087 5356 ipsi

2184 5279 2568 5355 Ξιενιστάμενοι,
2603 5278 2739 5336 ἀλλὰ
2771 5279 2906 5334 κατὰ
2965 5277 3062 5344 τὴν
3091 5278 3256 5355 σάρκα
3287 5299 3343 5333 τε
3400 5279 3487 5334 καὶ
3541 5280 3602 5334 τὸ
3644 5280 3821 5358 πρόσ-

445 5365 706 5446 tradunt,
739 5364 894 5425 dona
922 5363 1234 5441 significet,
1260 5381 1331 5424 ex
1361 5361 1507 5425 Filio
1539 5382 1824 5424 emanans
1860 5371 1918 5424 et
1942 5384 2082 5444 pro-

2184 5374 2385 5443 l-npqm,
2444 5367 2529 5424 διὰ
2597 5371 2658 5425 τὸ
2719 5368 2784 5426 τὰ
2866 5368 3217 5442 πνευματικὰ,
3277 5370 3350 5430 ὡς
3434 5369 3575 5423 αὐτοὶ
3659 5390 3812 5449 φασι,

444 5454 611 5514 fusus
643 5453 1232 5534 Spiritus,certamen
1258 5451 1592 5512 adeundum
1628 5460 1803 5522 est,et
1824 5471 1954 5533 qua:
1974 5453 2086 5533 ipsi

2184 5456 2359 5524 ῖηλοῦν
2429 5458 2754 5537 χαρίσματα,
2815 5478 2876 5512 το
2944 5455 3004 5510 ὲκ
3072 5463 3161 5511 τοῦ
3217 5458 3336 5514 Υἱοῦ
3390 5455 3668 5527 ἀναϐλύζον
3725 5459 3818 5514 καὶ

443 5545 518 5607 de
549 5543 1174 5624 similibus,inquiunt,
1202 5541 1612 5604 examinanda.
1649 5545 1956 5617 Joannem,
1978 5563 2080 5605 au-

2184 5547 2531 5625 τροχεόμενον
2587 5555 2818 5621 Πνεῦμα,
2878 5545 3201 5620 γυμναστέον
3261 5543 3323 5611 δὴ
3370 5549 3453 5600 καὶ
3515 5545 3647 5600 ἔπεα
3719 5549 3815 5601 οὗ·

448 3790 604 3871 piam
628 3789 980 3850 sententiam
1014 3788 1149 3849 laedi
1171 3788 1512 3868 opinantur,
1547 3790 1703 3868 quod
1737 3790 1938 3851 dicant
1968 3790 2094 3852 Itali

452 3897 523 3941 ex
552 3879 701 3940 Filio
735 3877 1192 3960 procedere,qui
1235 3896 1304 3938 ex
1350 3877 1477 3956 ipso
1528 3887 1764 3938 emanat
1796 3888 1852 3939 et
1881 3879 2087 3954 efﬂuit,
