4178 6286
518 372 636 437 239
1584 375 1857 438 JOANN.
1903 371 2118 435 VECCI
2162 369 2274 433 GP.
2321 369 2834 434 PATRIARCH/‘E
3778 358 3894 423 240

519 503 740 584 ubique
768 501 1115 581 signiﬁcari,
1148 501 1212 562 in
1243 519 1593 582 quacunque
1625 520 1808 563 sacra:
1845 501 2224 581 Scriptura”

2307 504 2687 581 γματίζεινκαὶ
2738 502 3137 581 ἀποφαίνεσθαι,
3197 501 3258 556 τὸ
3344 498 3698 571 πνευματικὸν
3783 494 3892 572 χά-

519 582 684 677 parte
713 594 927 655 dicitur
955 592 1227 673 Spiritus,
1264 611 1710 668 esse,emanare
1745 602 1804 654 et
1835 594 2075 656 exsilire
2100 614 2167 656 ex

2307 615 2413 667 σμα
2483 590 2761 657 δηλοῦσθαι
2818 591 3154 669 ἁπανταχοῦ,
3230 590 3283 645 ἐν
3343 585 3602 659 οἶῳδίξτινι
3661 583 3719 639 ἄν
3804 582 3896 649 τῆς

525 674 673 745 Filio
699 685 724 744 ?
750 682 822 743 Et
842 701 916 743 ne
947 682 1152 744 diutus
1183 699 1414 755 eorum,
1447 685 1547 760 qui
1579 682 1793 743 similia
1826 682 2167 743 inconside-

2312 683 2389 746 ίας
2464 682 2674 759 Γραφῆς
2745 680 2890 758 μέρει
2946 677 3155 755 λέγεται
3212 680 3272 733 τὸ
3366 683 3575 749 Πνεῦμα
3632 674 3894 750 ῦπὰρχον,

524 781 650 834 rate
697 771 1053 851 prmﬁniunt,
1107 770 1528 832 refutationem
1585 771 2014 850 protrahamus,
2072 772 2172 833 illa

2307 774 2339 827 ιὶ
2388 769 2671 840 ἁναϐλύζον
2732 771 2820 825 καὶ
2890 769 3127 845 πηγὰζον
3171 768 3230 823 ἐκ
3287 769 3378 823 τοῦ
3436 767 3603 833 Υἱοῦ;
3664 763 3762 820 Καὶ
3810 760 3901 815 ’ίνα

527 850 735 923 eadem
766 879 800 922 a
828 860 1248 939 Chrysostomo
1298 858 1677 938 pronuntiata
1726 860 1800 920 de
1832 858 2171 919 nominibus

2307 859 2448 927 ὴέπὶ
2477 857 2637 914 πλέον
2687 861 2713 914 ὁ
2777 856 2935 937 λόγος
2991 857 3081 912 τὸν
3126 856 3351 935 ἔλεγχον
3404 851 3768 918 ἀναϐάλληται
3798 850 3901 904 τῶν

528 948 782 1029 Spiritus
810 949 873 1009 in
903 948 1110 1009 eadem
1141 965 1319 1027 supra
1350 947 1586 1008 laudata
1614 949 1907 1019 oratione,
1943 966 2011 1009 ex
2039 946 2170 1028 qui-

2307 949 2651 1029 τερισκέπτως
2752 950 2817 1003 τὰ
2912 954 3128 1004 τοιαῦτα
3240 945 3687 1024 δογματιζόντων,
3776 940 3903 997 αῦτὰ

528 1037 769 1118 bus,qui
794 1035 994 1098 omnia
1026 1054 1131 1116 pro
1161 1035 1503 1110 libidine,et
1530 1036 1601 1096 ad
1630 1037 1787 1119 quod
1836 1036 2168 1113 allubescit,

530 1126 902 1206 detorquent,
945 1124 1038 1186 sui
1094 1123 1387 1185 enuntiati
1429 1142 1631 1186 ansam
1677 1127 2052 1203 arripuerunt
2111 1132 2175 1184 ut

530 1233 663 1276 sese
694 1215 935 1288 habent,
967 1212 1251 1273 verbatim
1286 1214 1383 1273 hic
1413 1212 1884 1289 digerentur.Sic
1902 1214 2063 1274 enim
2085 1213 2176 1272 lo-

532 1304 760 1385 quitur:
791 1302 1034 1383 «Operae
1050 1301 1303 1379 pretium
1317 1309 1518 1362 autem
1541 1310 1707 1364 estut
1730 1320 2178 1384 perseveremus

534 1393 755 1454 diutius
783 1392 844 1452 in
874 1391 1063 1451 sancti
1081 1389 1470 1470 adorantique
1495 1390 1753 1469 Spiritus
1776 1390 2175 1465 enarratione,

536 1496 596 1543 et
627 1480 997 1542 manifestius
1019 1477 1244 1558 aliquid
1270 1479 1345 1539 de
1364 1488 1567 1539 sancta
1589 1480 1963 1561 gloriosaque
1995 1479 2182 1540 facul-

3240 945 3687 1024 δογματιζόντων,

2256 1040 2435 1097 ἐκεῖνα
2505 1039 2571 1093 τὰ
2639 1037 2888 1117 εἰρημένα
2940 1044 3016 1112 τῷ
3112 1035 3503 1117 Χρυσορῤήμονι
3602 1034 3719 1109 περὶ
3800 1034 3903 1085 τῶν

2255 1129 2527 1203 ὀνομάτων
2596 1134 2687 1182 τοῦ
2747 1126 3052 1200 Πνεῦματος
3098 1126 3150 1180 έν
3222 1129 3364 1199 αῦτῷ
3436 1129 3511 1197 τῷ
3564 1121 3902 1198 ἀναγεγραμ-

2257 1216 2400 1292 μένῳ
2428 1215 2571 1294 λόγῳ
2638 1217 2813 1289 αὐτοῦ,
2878 1214 2928 1279 ἐξ
2985 1218 3142 1294 οὗπερ
3195 1215 3290 1278 τὰς
3350 1213 3586 1293 ἀφορμὰς
3634 1210 3794 1289 ἔσχον
3862 1210 3907 1262 οἱ

2258 1307 2429 1362 πάντα
2486 1302 2941 1382 διαστρεϐλοῦντες
3000 1306 3129 1382 πρὸς
3188 1305 3251 1360 τὸ
3309 1301 3491 1358 δοκοῦν
3552 1300 3790 1371 ἑαυτοῖς,
3838 1298 3908 1359 ὡς

2259 1393 2472 1472 ἔχουσιν
2568 1393 2653 1450 ἐπὶ
2734 1391 2924 1458 λέξεων
3036 1394 3253 1449 ἐνταῦθα
3357 1390 3905 1468 καταστρωθήσονται.

2260 1485 2399 1549 Φησὶ
2429 1483 2526 1561 γὰρ
2599 1482 2765 1545 οὕτως
2800 1498 2813 1511 ⁸
2879 1506 2902 1536 ‹‹
2965 1479 3288 1558 Ἀναγκαῖον
3346 1479 3400 1536 δέ
3457 1480 3597 1535 ἐστιν
3642 1477 3909 1552 ἐπιμεῖναι

538 1577 655 1631 tate
683 1570 975 1643 dicamus,
998 1584 1117 1628 non
1152 1583 1256 1644 per
1287 1583 1379 1641 ea,
1412 1585 1543 1645 quae
1572 1569 1919 1649 cogitamus,
1946 1573 2049 1629 sed
2076 1584 2184 1647 per

2307 1578 2454 1648 ῇτοῦ
2498 1572 2647 1649 ἁγίου
2700 1572 2788 1627 καὶ
2847 1578 3209 1650 προσκιηητοῦ
3268 1570 3575 1643 Πνεύματος
3635 1566 3907 1643 ἐξηγήσει,

540 1676 671 1739 qua;
700 1654 1298 1733 docemur,Spiritum
1322 1662 1589 1715 sanctum
1622 1665 1830 1718 natura
1861 1674 1995 1720 es:e
2022 1659 2182 1715 inse-

2307 1662 2352 1716 αὶ
2421 1660 2739 1739 σαφέστερόν
2781 1682 2831 1715 τι
2902 1661 3019 1738 περὶ
3062 1665 3159 1725 τῆς
3205 1660 3355 1737 ἁγίας
3412 1659 3500 1714 καὶ
3557 1654 3763 1720 ἐνδόξου
3819 1652 3910 1708 δυ-

540 1745 1095 1827 parabilem,utpote
1116 1741 1218 1821 qui
1236 1761 1301 1803 ex
1330 1742 1712 1823 inseparabili
1743 1754 1805 1807 et
1837 1743 2224 1807 indivisibilil

2307 1750 2473 1824 ίμεως
2506 1743 2700 1825 εἰπεῖν,
2730 1752 2822 1807 οὐκ
2894 1748 2945 1813 ἐξ
3000 1750 3072 1803 ὧν
3145 1747 3482 1825 λογιζόμεθα,
3544 1744 3663 1802 ἀλλ’
3724 1743 3775 1808 ἐξ
3843 1743 3914 1797 ὧν

543 1845 751 1898 natura
779 1851 1125 1915 progressus
1156 1842 1266 1906 est,
1288 1850 1509 1893 nomen
1541 1844 1738 1895 autem
1773 1836 1903 1915 ejus
1931 1834 2184 1915 Spiritus

2307 1836 2635 1913 δασκόμεθα.
2711 1839 2782 1895 Τὸ
2854 1840 3065 1912 Πνεῦμα
3120 1839 3181 1892 τὸ
3239 1836 3389 1913 ἂγιον
3444 1837 3542 1902 τὴν
3603 1835 3698 1910 μὲν
3769 1832 3916 1911 φύσιν

543 1934 803 2004 sanctus,
834 1921 1090 2002 Spiritus
1119 1921 1406 1997 veritatis,
1441 1920 1698 2001 Spiritus
1754 1924 1883 2005 Dei,
1934 1922 2187 2004 Spiritus

2307 1929 2402 1982 ττὶν
2472 1924 2780 2007 ἀδιαίρετον,
2841 1925 2931 1981 ἅτε
3026 1924 3091 1992 δὴ
3161 1926 3219 1981 ἐκ
3287 1931 3385 1992 τῆς
3456 1923 3750 2001 ἀδιαιρέτου
3835 1923 3918 1974 xui

550 2015 807 2089 Domini,
850 2012 1105 2092 Spiritus
1153 2011 1367 2086 Patris,
1423 2008 1676 2092 Spiritus
1716 2013 1876 2088 Filii,
1935 2014 2190 2093 Spiritus

2307 2015 2547 2095 μερίστου
2578 2018 2779 2094 φύσεως
2847 2013 3122 2093 προελθὸν,
3186 2013 3352 2090 ὄνομα
3395 2011 3449 2068 δὲ
3505 2012 3665 2069 αὒτοῦ
3709 2012 3917 2083 Πνεῦμα

546 2104 783 2166 Christi.
823 2125 847 2160 ιι
882 2101 953 2163 Et
985 2109 1116 2179 post
1146 2118 1439 2181 perpauca
1471 2118 1485 2162 :
1528 2125 1550 2157 ιι
1586 2100 1788 2183 Itaque
1819 2103 2038 2164 dicitur
2059 2100 2191 2182 Spi-

2307 2104 2447 2183 ’γιον,
2491 2106 2700 2177 Πνεῦμα
2757 2102 3024 2183 ἀληθείας,
3087 2110 3300 2179 Πνεῦμα
3356 2112 3447 2160 τοῦ
3507 2109 3661 2173 Θεοῦ,
3710 2106 3919 2170 Πνεῦμα

548 2193 697 2254 ritus
726 2189 1108 2254 sanctus.lsta
1128 2192 1284 2252 enim
1317 2198 1427 2267 est_
1436 2192 1622 2271 prima
1648 2201 1707 2253 et
1729 2193 1966 2272 propria
1994 2191 2192 2272 appel-

2307 2192 2483 2269 Lupiou,
2538 2198 2749 2266 Πνεῦμα
2803 2194 2894 2248 τοῦ
2980 2194 3199 2268 Πατρὸς,
3288 2198 3499 2265 Πνεῦμα
3582 2197 3673 2245 τοῦ
3774 2189 3916 2264 Υἱοῦ,

552 2285 715 2358 latio,
748 2291 808 2343 et
862 2289 926 2341 ut
983 2279 1405 2341 evidentiorem
1461 2279 1689 2341 habens
1744 2280 2192 2359 intelligentiam

2307 2286 2487 2355 [νεῦμα
2520 2279 2764 2352 Χριστοῦ,
2804 2303 2828 2334 n
2896 2282 2992 2337 Καὶ
3047 2278 3163 2354 μετ’
3236 2280 3387 2357 ὀλίγα
3421 2299 3435 2312 ⁸
3504 2303 3531 2333 α
3565 2278 3788 2356 Λέγεται
3818 2277 3920 2331 τοί-

556 2371 807 2453 Spiritus
833 2369 1023 2431 sancti
1054 2378 1327 2429 naturam
1358 2370 1751 2430 demonstrat.
1801 2394 1825 2425 η
1869 2368 1941 2429 Et
1990 2366 2197 2449 paucis

2307 2392 2363 2425 υν
2435 2375 2644 2443 Πνεῦμα
2718 2367 2888 2444 ἅγιον.
2952 2367 3089 2435 Αὕτη
3159 2369 3257 2448 γάρ
3341 2369 3479 2424 ἐστιν
3550 2370 3585 2435 ἡ
3648 2374 3798 2445 κυρία
3840 2364 3924 2419 καὶ

558 2460 916 2541 interjectis:
943 2481 966 2514 α
1002 2458 1063 2520 Si
1095 2458 1228 2538 quis
1255 2467 1450 2519 autem
1499 2456 1778 2537 Spiritum
1829 2456 2047 2519 Christi
2079 2474 2197 2516 non

2307 2457 2463 2536 πρώτη
2520 2457 2867 2535 προσηγορία,
2936 2459 2971 2524 ἡ
3042 2456 3498 2536 ἐμφαντικωτέραν
3569 2456 3771 2536 ἔχουσα
3830 2454 3926 2517 τὴν

559 2550 823 2632 habet,et
841 2566 985 2611 sane
1002 2549 1312 2627 Oportebat
1342 2549 1567 2623 dicere,
1599 2548 1649 2607 si
1674 2547 1805 2628 quis
1833 2557 2026 2609 autem
2059 2547 2191 2626 Spi-

2308 2546 2528 2625 ιὰνοιαν,
2600 2546 2688 2601 καὶ
2757 2546 3068 2624 παριστῶσα
3118 2554 3211 2601 τοῦ
3268 2548 3414 2624 ἁγίου
3470 2547 3774 2621 Πνεύματος
3833 2545 3925 2608 τὴν

560 2639 741 2702 ritum
770 2637 878 2700 Dei
897 2655 1015 2697 non
1041 2637 1240 2711 habet,
1273 2638 1380 2697 sed
1430 2636 1595 2712 dixit,
1646 2638 1927 2718 Spiritum
1957 2635 2192 2699 Christi.

2307 2636 2452 2695 ώσιν,
2493 2658 2514 2688 ι
2554 2635 2651 2691 Καὶ
2679 2633 2795 2709 μετ’
2854 2634 3001 2713 ὀλίγα
3039 2654 3050 2664 ·
3119 2656 3141 2690 ιι
3180 2638 3236 2691 Ei
3292 2633 3346 2691 δέ
3403 2658 3479 2698 τις
3536 2642 3752 2710 Πνεῦμα
3797 2641 3923 2711 Χρι-

563 2729 782 2791 Verum
813 2727 927 2788 hoc
958 2725 1127 2805 dixit,
1160 2734 1223 2784 ut
1252 2727 1584 2786 ostenderet
1619 2726 1777 2788 idem
1828 2744 1958 2787 esse
2003 2725 2204 2786 dicere

2307 2730 2409 2779 ττοῦ
2478 2723 2572 2779 οὒκ
2640 2721 2779 2802 ἔχει,
2840 2725 2927 2779 καὶ
2995 2724 3103 2798 μην
3147 2723 3313 2803 ἐχρῆν
3386 2727 3579 2787 εἰπεῖν,
3643 2726 3685 2779 εἰ
3743 2720 3795 2779 δέ
3850 2741 3926 2781 τις

567 2816 848 2898 Spiritum
882 2813 1013 2894 Dei,
1047 2823 1106 2874 et
1134 2812 1422 2899 Spiritum
1476 2815 1717 2879 Christi.
1780 2818 1918 2878 Haec
1967 2815 2209 2876 nomina

2307 2818 2500 2887 Ινεῦμα
2548 2810 2678 2866 Θεοῦ
2726 2815 2820 2869 οὒκ
2878 2810 3016 2891 ἔχει,
3075 2811 3192 2867 ἁλλ’
3250 2813 3399 2892 εἶπε,
3446 2813 3696 2892 Χριστοῦ.
3770 2809 3931 2867 Ἀλλὰ

573 2915 790 2968 sanctas
817 2913 875 2965 et
902 2898 1293 2965 immaculatae
1322 2904 1549 2965 virtutis
1591 2906 1773 2967 sancti
1806 2913 1942 2966 sunt
1970 2914 2029 2967 et
2057 2904 2205 2964 ado-

2307 2910 2441 2957 τοῦτο
2471 2901 2650 2972 εἶπεν,
2680 2900 2772 2956 ’ίνα
2822 2898 2961 2976 δείξῃ
3019 2900 3097 2957 ὅτι
3156 2901 3273 2959 ἴσον
3320 2902 3455 2959 ἔστὶν
3510 2905 3683 2959 εἰπεῖν
3727 2908 3931 2972 [haupt

573 2996 743 3058 randi
773 2994 1208 3074 Spiritus.Sunt
1234 3011 1371 3053 vero
1404 3002 1461 3053 et
1488 2994 1602 3054 alia
1633 2994 1873 3054 nomina
1901 3013 2017 3054 non
2036 3003 2208 3053 natu-

2307 2996 2422 3045 350C)
2451 2989 2537 3044 καὶ
2594 2994 2804 3063 Πνεῦμα
2877 2997 3120 3067 Χριστοῦ.
3195 3001 3367 3050 Ταῦτα
3424 2992 3491 3046 τὰ
3544 2992 3782 3066 ὀνόματα
3836 2993 3928 3053 τῆς

574 3102 655 3148 rae
683 3082 1113 3156 convenientia,
1132 3083 1236 3142 sed
1259 3082 1609 3162 operationi.
1636 3083 1962 3144 l’rotundus
1990 3097 2206 3156 sermo,

2307 3079 2443 3158 ἱγέας
2494 3080 2581 3136 καὶ
2650 3078 2916 3157 ἁχράντου
2972 3077 3237 3154 δυνάμεως
3308 3088 3402 3137 τοῦ
3483 3080 3633 3158 ἁγίου
3676 3080 3783 3135 ἐστὶ
3850 3078 3934 3132 καὶ

573 3185 632 3239 et
660 3192 809 3255 opus
834 3171 1012 3233 habet
1032 3173 1274 3232 auribus
1298 3159 1804 3245 attentis,munitis
1831 3181 1888 3233 et
1908 3172 2204 3232 ﬁdelibus.

2307 3174 2652 3244 τροσκυνητοῦ
2714 3169 3039 3243 Πνεύματος.
3100 3159 3261 3225 ’Ἐστι
3356 3167 3411 3224 δὲ
3482 3167 3617 3225 ἄλλα
3702 3167 3933 3241 ὀνόματα

579 3265 809 3328 Dicitur
836 3264 1058 3324 etenim
1089 3262 1342 3342 Spiritus
1374 3260 1627 3342 Spiritus
1656 3263 1805 3335 vitae,
1840 3282 1975 3323 cum
2010 3263 2209 3321 Salva-

2307 3259 2353 3313 )νό
2419 3263 2488 3332 τῇ
2540 3258 2686 3335 φύσει
2744 3259 3098 3336 προσήκοντα,
3159 3256 3295 3313 ἁλλὰ
3350 3265 3417 3334 τῇ
3463 3258 3718 3335 ἐνεργείᾳ.
3781 3256 3937 3342 Βαθὺς

582 3364 671 3416 tor
705 3354 885 3427 dicat,
924 3373 947 3405 α
978 3350 1097 3427 Ego
1128 3330 1255 3411 sum
1300 3330 1514 3412 veri-tas
1564 3360 1623 3413 et
1652 3353 1765 3412 vita
1789 3330 1871 3410 34.
1904 3376 1927 3409 ι)
1991 3351 2216 3412 Dicitur

2307 3330 2675 3423 Βλόγος,’καὶ
2730 3330 2918 3424 χρῄζει
2976 3346 3142 3413 ἁκοῆς
3187 3330 3481 3425 προσεχοῦς
3679 3330 3937 3426 ἀσφαλοῦς

582 3441 833 3522 Spiritus
859 3441 1008 3514 vitae,
1046 3447 1105 3498 ut
1134 3438 1348 3501 Paulus
1378 3440 1544 3521 dicit,
1576 3465 1602 3495 (ι
1635 3440 1750 3501 Lex
1777 3441 1931 3501 enim
1965 3439 2217 3519 Spiritus

2307 3437 2386 3491 καὶ
2472 3435 2684 3500 πιστῆς.
2748 3437 2968 3512 Λέγεται
3024 3433 3079 3491 δὲ
3161 3437 3319 3492 πάλιν
3377 3439 3436 3491 τὸ
3535 3442 3754 3510 Πνεῦμα
3794 3438 3931 3505 ζωῆς

584 3528 990 3596 vitaa55.»ﬂaac
1013 3528 1247 3587 numina
1274 3529 1542 3606 ejusdem
1564 3539 1702 3590 sunt
1738 3529 2126 3601 auctoritatis,
2163 3534 2220 3586 et

2307 3530 2536 3599 Πνεῦμα,
2567 3522 2747 3591 ἐπειδὴ
2778 3528 2805 3580 ὂ
2863 3526 3051 3603 Σωτὴρ
3080 3524 3244 3602 λέγει,
3314 3545 3337 3580 α
3372 3524 3513 3602 Ἐγὼ
3568 3528 3675 3600 εἰμι
3710 3527 3745 3592 ἦ
3805 3523 3940 3592 ἁλή-

587 3619 851 3700 ejusdem
885 3627 1128 3677 naturaa.
1161 3614 1309 3676 Sunt
1356 3626 1413 3677 et
1454 3617 1569 3677 alia
1618 3618 1877 3691 nomina,
1931 3635 2061 3697 quae
2106 3634 2222 3675 non

2307 3617 2416 3669 θεια
2446 3614 2532 3668 καὶ
2560 3614 2751 3682 ἡζωή.
2798 3635 2823 3667 ιι
2889 3613 3104 3700 Λέγεται
3161 3616 3246 3669 οῦν
3290 3621 3501 3690 Πνεῦμα
3556 3620 3725 3684 ζωῆς,
3774 3615 3939 3673 καθὼς

588 3694 961 3770 ast-ribuntur
992 3704 1238 3784 Spiritui
1269 3716 1497 3781 sancto,
1553 3707 1655 3767 sed
1707 3706 1904 3766 virtuti
1947 3694 2130 3777 illius,
2169 3711 2224 3764 et

2307 3703 2394 3757 καὶ
2440 3705 2467 3757 ὁ
2500 3700 2703 3765 Παῦλος
2734 3700 2877 3779 λέγει
2924 3721 2938 3735 ·
3004 3726 3031 3756 α
3070 3694 3124 3760 εΟ
3154 3705 3254 3780 γὰρ
3305 3706 3465 3778 νόμος
3525 3712 3618 3759 τοῦ
3650 3704 3941 3769 Πνεύματος

591 3794 1013 3877 operationi,ut
1045 3802 1182 3853 sunt
1218 3793 1373 3854 dona
1403 3796 1553 3873 ejus.
1588 3795 1731 3856 Dico
1760 3795 1956 3875 itaque
1979 3804 2037 3855 et
2059 3796 2224 3854 insu-

2310 3793 2409 3856 τῆς
2464 3791 2629 3861 ζωῆς,
2668 3815 2693 3845 ι)
2766 3799 2938 3847 Ταῦτα
2992 3794 3057 3847 τα
3113 3792 3343 3868 ὀνόματα
3400 3793 3563 3858 αὐτῆς
3634 3798 3731 3859 τῆς
3784 3796 3952 3849 abes»:-

591 3871 699 3968 per
723 3871 960 3945 declaro
991 3885 1371 3955 sententiam,
1381 3871 1583 3962 postea
1600 3871 1996 3945 testiinonium
2015 3882 2224 3944 subin-

2312 3882 2654 3959 τίας,ἷαῦτῆφ
2698 3885 2792 3946 τῆς
2838 3882 3062 3960 φύσεως.
3128 3871 3289 3938 ’Ἐστι
3341 3879 3394 3937 δὲ
3456 3881 3589 3941 ἄλλα
3619 3883 3873 3957 ὀνόματα,
3922 3879 3951 3932 ἃ

594 3978 901 4037 ducturus.
945 3969 1190 4042 Quando
1229 3970 1329 4031 dat
1375 3973 1628 4051 Spiritus
1666 3984 1905 4034 sanctus
1956 3971 2224 4053 precibus

2317 3971 2375 4027 οὔ
2439 3970 2826 4049 προσγρὰφεται
2882 3977 2959 4043 τῷ
3016 3970 3149 4047 ἁγίῳ
3201 3972 3485 4046 Πνεύματι,
3556 3970 3693 4026 ἄλλα
3742 3978 3806 4047 τῇ
3863 3968 3950 4023 δυ-

597 4070 938 4124 sanctorum
970 4060 1063 4120 vel
1093 4058 1260 4130 mihi,
1286 4060 1375 4121 vel
1406 4062 1573 4123 alteri
1595 4063 2068 4125 Christianorum
2092 4080 2224 4122 san-

2320 4062 2471 4136 νὰμει
2508 4061 2595 4115 καὶ
2624 4064 2692 4135 τῇ
2720 4059 2947 4137 ἐνεργείᾳ
2990 4064 3162 4132 αὺτοῦ,
3224 4063 3340 4115 οἷον
3393 4062 3481 4117 καὶ
3534 4058 3721 4138 δωρεαὶ
3777 4063 3947 4118 αᾷτοῦ.

597 4149 1156 4221 ctiﬁcationem,acci
1163 4150 1260 4228 pio
1272 4150 1585 4229 donumita
1600 4160 1941 4214 utsanctum
1958 4152 2224 4226 habeam,

2318 4150 2472 4227 Λέγω
2529 4145 2583 4202 δὲ
2648 4149 2733 4203 καὶ
2790 4147 3276 4227 προσδιασαφηνίζω
3367 4149 3464 4215 τὴν
3546 4148 3748 4205 ἔννοιαν

598 4251 658 4304 et
684 4258 901 4321 corpus
914 4248 975 4299 et
994 4238 1512 4300 animam.Donum
1544 4239 1686 4302 mihi
1719 4241 2043 4302 exhibitum
2061 4260 2224 4302 voca-

2319 4239 2503 4316 ὲπὰγω
2588 4239 2685 4304 τὴν
2782 4240 3082 4316 μαρτυρίαν,
3185 4238 3427 4294 Ἐπειδὰν
3511 4241 3796 4317 χαρίσηται
3896 4238 3953 4291 τὸ

600 4340 694 4392 tur
732 4329 985 4409 Spiritus
1014 4328 1377 4390 sanctitatis:
1413 4329 1523 4389 hoc
1573 4338 1661 4389 est
1689 4349 1925 4392 munus.
1961 4331 2021 4391 Si
2050 4330 2224 4390 dede-

2320 4336 2532 4400 Πνεῦμα
2563 4329 2622 4383 τὸ
2679 4325 2826 4404 ἅγιον
2884 4332 3074 4405 εὒχὰῖς
3128 4327 3233 4384 τῶν
3292 4328 3452 4404 ἁγίων
3484 4327 3519 4394 ἢ
3569 4328 3685 4402 ἐμοὶ
3741 4328 3775 4395 ἢ
3807 4325 3959 4404 ἑτέρῳ

600 4422 679 4481 rit
702 4420 959 4500 Spiritus
989 4427 1243 4515 sanctus
1273 4419 1526 4498 cuipiam
1562 4419 1782 4479 donum
1827 4437 1944 4484 non
2002 4420 2219 4480 habent

2307 4424 2621 4502 ΙΧριστιανῷ
2670 4417 2951 4494 ἁγιασμὸν,
3012 4418 3097 4472 καὶ
3150 4413 3325 4471 λὰϐων
3397 4414 3582 4495 διῦρον,
3653 4417 3788 4473 ὥστε
3820 4416 3958 4493 ἅγιον

607 4511 983 4590 sapientiam,
1011 4525 1129 4567 non
1151 4505 1393 4567 habenti
1419 4507 1895 4586 intelligentiam,
1919 4511 2019 4570 sed
2040 4510 2140 4569 det
2160 4509 2222 4569 ill

2330 4509 2477 4589 ἔχειν
2506 4507 2566 4563 τὰ
2611 4513 2767 4582 σῶμα
2830 4509 2916 4563 καὶ
2969 4507 3065 4573 τὴν
3129 4508 3334 4585 ψυχὴν,
3390 4509 3423 4573 ἡ
3475 4505 3639 4585 δωρεὰ
3670 4509 3704 4575 ἡ
3760 4506 3962 4560 δοθεῖσα

614 4602 796 4661 solam
830 4596 1249 4676 ﬁdein,quales
1277 4604 1413 4657 sunt
1443 4598 1608 4657 multi
1634 4598 1915 4658 habentes
1934 4596 2222 4670 donum,u

2332 4620 2423 4672 μοι
2463 4595 2707 4653 καλεῖται
2762 4595 2972 4671 Πνεῦμα
3043 4596 3360 4673 ἁγιωσύνης,
3421 4597 3653 4652 τουτέστι
3706 4593 3961 4675 χάρισμα.

615 4689 863 4751 credant
881 4687 1070 4746 solum
1105 4685 1413 4765 Stipturis,
1453 4690 1787 4764 ignorantes
1815 4685 2172 4767 Scripturas,
2194 4705 2224 4747 e

2336 4686 2459 4744 Ἐὰν
2488 4684 2562 4761 δῷ
2592 4687 2652 4741 τὸ
2709 4691 2917 4759 Πνεῦμα
2973 4684 3034 4738 τὸ
3088 4683 3239 4761 ἅγιον
3287 4680 3479 4762 δωρεάν
3510 4706 3610 4739 τινι
3655 4688 3732 4759 μὴ
3792 4683 3962 4760 ἔχοντι

618 4775 941 4859 Scripturis
969 4773 1460 4850 credentes,illud
1491 4777 1713 4837 donum
1746 4785 2008 4855 vocatur,
2042 4776 2224 4856 ειδρὶ

2335 4777 2541 4855 σοφίαν,
2589 4776 2664 4850 μή
2696 4773 2875 4853 ἔχοντι
2906 4778 3124 4852 γνῶσιν,
3158 4770 3293 4827 ἁλλὰ
3350 4771 3423 4847 δῷ
3478 4773 3619 4847 αὒτῷ
3675 4775 3839 4848 μόνην
3877 4770 3963 4826 πί-

616 4869 765 4929 ritus
815 4862 1049 4926 ﬁdei.Si
1098 4864 1233 4943 quis
1288 4863 1539 4943 accipiat
1582 4866 1893 4939 donuin,et
1921 4867 2193 4925 virtutem
2223 4883 2258 4926 a

621 4956 843 5037 Spiritu
888 4961 1114 5029 sancto,
1163 4961 1225 5013 ut
1272 4955 1477 5013 credat
1523 4954 1898 5033 promissioni
1943 4954 2254 5031 bonorum,

624 5064 756 5127 quae
785 5045 999 5105 dantur
1018 5044 1079 5103 in
1100 5042 1294 5103 futuro
1318 5042 1665 5116 saeculo,ille
1690 5043 1972 5124 Spiritum
2000 5044 2258 5124 promis-

626 5135 811 5196 sionis
837 5132 1087 5212 accepit.
1127 5132 1188 5193 Si
1219 5131 1352 5211 quis
1399 5132 1613 5212 accipit
1656 5132 1958 5213 sapientiae
2011 5132 2257 5208 donum,

630 5224 852 5285 donum
877 5221 1024 5281 illud
1057 5227 1300 5281 vocatur
1319 5217 1575 5301 Spiritus
1604 5221 1926 5300 sapientia,
1963 5230 2022 5283 et
2066 5224 2264 5284 omnia

630 5311 786 5375 bona
814 5309 1067 5391 Spiritus
1087 5310 1276 5370 sancti
1310 5319 1724 5390 nuncupantur
1751 5312 2025 5391 Spiritus.
2059 5310 2130 5370 Et
2172 5318 2263 5371 at-

632 5401 811 5463 tende
840 5401 1174 5478 diligenter,
1208 5398 1345 5479 quia
1370 5399 1495 5459 haac
1525 5400 1702 5461 modo
1754 5400 1859 5462 tibi
1906 5399 2266 5480 speculativo

634 5488 1282 5560 declaramus.Quando
1311 5489 1442 5571 quis
1470 5489 1649 5552 habet
1677 5491 1897 5553 donum
1938 5489 2263 5567 charitatis,

3758 4197 3773 4227 ,
3872 4147 3955 4201 καὶ

3185 4236 3427 4294 Ἐπειδὰν
3511 4241 3796 4317 χαρίσηται

2339 4887 2472 4935 στιν,
2502 4866 2608 4921 οἷοί
2636 4864 2778 4920 εἶναι
2806 4860 2993 4918 πολλοὶ
3022 4862 3261 4941 χάρισμα
3318 4859 3534 4941 ἔχοντες
3592 4870 3685 4919 τοῦ
3715 4863 3966 4919 πιστεύειν

2341 4956 2502 5021 μόνον
2559 4960 2819 5033 Γραφαῗς,
2884 4953 2977 5007 οῦκ
3046 4949 3238 5014 εἰδότες
3293 4951 3387 5014 τὰς
3450 4952 3680 5031 Γραφὰς,
3714 4953 3799 5006 καὶ
3851 4960 3966 5011 ταῖς

2342 5042 2456 5099 ἐκεῖ
2551 5048 2785 5120 Γραφαῒς
2863 5041 3219 5114 πιστεύοντες,
3316 5049 3559 5094 καλεῖται
3652 5037 3819 5118 δωρεὰ
3891 5036 3969 5093 καὶ

2342 5139 2555 5208 Πνεῦμα
2622 5131 2872 5192 πίστεως.
2920 5127 3042 5188 Ἐὰν
3109 5129 3187 5191 τίς
3242 5125 3380 5205 λάϐῃ
3431 5125 3626 5204 δωρεὰν
3680 5130 3767 5183 καὶ
3821 5125 3973 5182 δύνα-

2349 5247 2440 5299 μιν
2483 5220 2624 5300 παρὰ
2670 5226 2762 5275 τοῦ
2817 5220 2966 5297 ἁγίου
3017 5218 3317 5295 Πνεύματος
3376 5219 3638 5273 πιστεύειν
3697 5223 3763 5293 τῇ
3807 5216 3970 5291 ἐπαγ-

2347 5313 2499 5393 γελίᾳ
2544 5299 2649 5368 τῶν
2690 5308 2969 5385 διδομένων
3019 5302 3225 5385 ἀγαθῶν
3277 5308 3331 5362 ἐν
3374 5314 3449 5381 τῷ
3501 5304 3766 5385 μέλλοντι,
3830 5305 3875 5358 ἔ)
3890 5299 3973 5358 αϐε

2349 5392 2561 5478 Πνεῦμα)
2620 5398 2961 5477 ἒπαγγελίας,
3034 5396 3157 5454 Ἐὰν
3214 5398 3290 5459 τίς
3347 5394 3485 5472 λάϐῃ
3557 5396 3738 5475 σοφίας
3793 5392 3970 5470 δίῦρον,

2350 5491 2594 5549 καλεῖται
2650 5490 2685 5557 ἡ
2757 5486 2923 5568 δωρεὰ
2965 5492 3177 5563 Πνεῦμα
3247 5486 3429 5566 σοφίας
3484 5501 3496 5515 ⁸
3557 5486 3643 5542 καὶ
3698 5485 3864 5540 πάντα
3917 5480 3976 5535 τὰ

636 5673 778 5748 μηδι
801 5672 970 5735 Joan.
1005 5686 1119 5742 xxv,
1156 5669 1213 5730 6.
1244 5669 1307 5718 35
1339 5670 1509 5730 Hom.
1544 5684 1665 5744 vni,
1699 5669 1763 5735 ‘2.
