4220 6292
380 322 483 386 ⁸241

384 460 693 537 χαρίσματα
766 460 856 516 τοῦ
944 461 1243 536 Πνεύματος

384 547 621 627 πρόσεχε
680 548 839 603 τύπον
937 547 1416 627 διασαφτ,νιζόντων
1511 549 1664 622 ἡμῶν
1733 547 1793 602 ὲκ
1851 546 2038 624 μέρους

384 637 479 699 τας
511 637 758 714 θεωρίας.
794 628 970 694 μΟταν
998 659 1078 700 τις
1300 640 1540 717 χάρισμα
1611 637 1848 716 ἀγάπης,
1878 634 2036 713 λέγε-

384 747 474 779 ται
507 725 586 780 ὅτι
648 732 858 799 Πνεῦμα
902 727 1112 802 ἀγάπης
1172 726 1309 805 ἔχει,
1372 726 1537 785 Ὅταν
1597 722 1733 801 λάϐῃ
1761 747 1839 786 τις
1873 724 2039 803 χάρι-

389 835 501 886 σμα
557 814 858 890 μαρτυρίου,
936 812 1145 890 λέγεται
1239 816 1447 889 Πνεῦμα
1516 812 1784 888 δυνάμεως
1868 813 2039 891 ἒχειν,

388 900 630 957 τουτέστι
662 904 901 980 χάρισμα
937 921 951 936 ⁸
1019 901 1301 978 ἐπειδήπερ
1346 905 1397 959 ..ὸ
1453 902 1775 980 δωρούμενον
1832 909 2042 975 Πνεῦμα

388 989 543 1066 ἅγιον
573 989 843 1063 καλεῖται,
916 993 1004 1047 καὶ
1057 993 1118 1048 τὸ
1189 990 1354 1070 δῶρον
1409 992 1705 1066 ὁμωνύμως
1763 998 1839 1064 τῷ
1882 990 2043 1069 Ἇ²Ρί⁹

389 1088 553 1149 ζοντι.
598 1103 619 1133 η
698 1082 793 1136 Καὶ
849 1078 971 1154 μετ’
1013 1080 1164 1159 ὀλίγα
1198 1097 1209 1110 ·
1280 1104 1306 1134 α
1369 1081 1518 1139 Οὕτω
1577 1082 1664 1136 καὶ
1716 1083 1743 1135 ὁ
1786 1080 2042 1157 μακάριος

392 1169 602 1230 Ἰσαίας
637 1186 654 1203 ·
707 1193 730 1222 α
797 1167 1176 1247 Ἐξελεύσεται,
1212 1172 1362 1249 φησὶ,
1423 1167 1605 1247 ῥάϐδος
1660 1168 1722 1225 ἐκ
1773 1174 1869 1234 τῆς
1902 1168 2043 1245 ῥίζης

393 1254 608 1329 Ἰεσσαὶ,
658 1259 744 1312 καὶ
803 1257 954 1319 ἄντος
1000 1257 1049 1322 ἐξ
1108 1260 1269 1324 αὑτῆς
1338 1257 1655 1327 ἀναϐήσεται
1697 1259 1785 1313 καὶ
1842 1256 2043 1312 ἐπανα-

392 1347 649 1401 παύσεται
710 1345 794 1401 ἐπ’
867 1348 1017 1404 αὺτὸν
1079 1354 1287 1421 Πνεῦμα
1350 1357 1441 1405 τοῦ
1511 1355 1663 1409 Θεοῦ.
1727 1369 1754 1401 ιι
1813 1334 1936 1400 'oae
1985 1346 2044 1400 τὸ

394 1432 565 1508 ὄνομα
593 1440 692 1499 τῆς
736 1436 937 1513 φύσεως
997 1439 1151 1493 αὒτοῦ
1206 1443 1299 1491 τοῦ
1354 1436 1658 1510 Πνεῦμα-ξος
1692 1454 1703 1466 ⁸
1765 1432 1949 1490 λοιπὸν
1992 1432 2045 1489 δὲ

394 1524 459 1577 τὰ
490 1524 798 1600 χαρίσματα
832 1539 846 1553 ⁶
881 1534 1085 1599 πνεῦμα
1143 1526 1323 1603 σοφίας
1353 1527 1441 1580 καὶ
1499 1524 1780 1592 συνέσεωῆ
1841 1526 2045 1595 πνεῦμα

394 1610 593 1686 βουλῆς
652 1614 737 1668 καὶ
791 1614 999 1692 ἰσχύος,
1056 1620 1263 1688 πνεῦμα
1321 1614 1591 1691 γνώσεως,
1639 1619 1847 1687 πνεῦμα
1889 1616 2042 1670 εὗσε-

391 1698 563 1779 ὅείας,
622 1704 826 1775 πνεῦμα
897 1699 1057 1781 φόϐου

405 1811 427 1844 a
465 1779 707 1846 ’Ἔλαϐεν
752 1794 779 1845 ὁ
823 1788 1078 1847 διδάσκων
1123 1802 1327 1865 πνεῦμα
1383 1794 1590 1871 σιφίας,
1637 1795 1665 1849 ὁ
1734 1790 2048 1866 διδασκόμε-

396 1902 486 1941 νος
531 1889 737 1953 πνεῦμα
796 1881 1077 1960 συνέσεως,
1134 1881 1227 1937 ’ίνα
1286 1888 1436 1958 συνῇ.
1486 1884 1584 1938 Διὰ
1638 1892 1790 1940 τοῦτο
1845 1882 2045 1943 Ἰσαΐας

393 1968 497 2034 τὴν
559 1970 743 2046 σοφίαν
816 1968 1097 2050 ἐπιγράφει
1156 1977 1232 2044 τῷ
1273 1970 1502 2049 λέγοντι,
1562 1971 1660 2039 τὴν
1706 1972 1908 2026 σύνεσιν
1974 1974 2051 2042 τῷ

399 2056 642 2114 ἀκούοντι
701 2060 789 2114 καί
816 2082 971 2139 φησι,
1044 2060 1210 2140 σοφὴν
1266 2060 1637 2138 ἀρχιτέκτονα,
1699 2061 1785 2115 καὶ
1840 2058 2050 2113 συνετὸν

402 2147 693 2225 ἀκροατήν.
775 2154 984 2223 Πνεῦμα
1053 2148 1246 2225 βουλῆς
1303 2147 1494 2205 δίδοται
1535 2156 1611 2222 τῷ
1654 2146 2049 2226 γνωμοδοτοῦν-

399 2258 474 2309 τι,
512 2244 716 2311 πνεῦμα
748 2239 929 2316 ἰσχύος
961 2245 1036 2311 τῷ
1090 2239 1187 2303 τὴν
1255 2236 1474 2315 γνώμην
1530 2236 1823 2317 δεχομένῳ.
1861 2258 1884 2291 ι
1932 2236 2050 2295 ,Καὶ

398 2327 537 2400 μετά
585 2348 699 2381 τινα
758 2331 856 2392 τῆς
901 2326 1190 2401 περικοπῆς
1228 2345 1240 2357 ³
1312 2348 1334 2380 α
1371 2323 1831 2400 Ἐπαναλαμϐἀνω
1882 2323 2050 2379 τοίνυν

401 2418 465 2470 τα
538 2415 774 2489 ὀνόματα
829 2419 924 2483 τῆς
994 2415 1260 2493 ἀφράστοιο
1354 2414 1584 2493 φύσεως,
1630 2413 1836 2488 πνεῧμα
1892 2420 2047 2491 Θεοῦ,

401 2507 610 2578 πνεῦμα
679 2506 741 2559 τὸ
809 2503 868 2559 ὲκ
924 2511 1014 2560 τοῦ
1085 2511 1234 2579 Θεοῦ,
1308 2511 1514 2578 πνεῦμα
1582 2502 1788 2581 Κυρίου,
1845 2510 2051 2577 πνεῦμα

404 2597 633 2671 Πατρὸς,
687 2600 894 2667 πνεῦμα
967 2595 1107 2665 Υἱοῦ,
1166 2595 1370 2669 πνεῦμα
1420 2594 1662 2671 Χριστοῦ,
1710 2599 1914 2665 πνεῦμα
1964 2596 2055 2646 τοῦ

401 2685 723 2761 ἐγείραντος,
794 2684 884 2737 τὸν
982 2687 1225 2761 Χριστὸν,
1316 2692 1521 2757 πνεῦμα
1600 2681 1763 2752 ζωῆς,
1853 2677 2058 2754 πνεῦμα

1487 327 1584 389 DE
1628 322 2135 388 PROCESSIONE
2180 326 2241 387 S.
2288 321 2658 387 SPIRITUS.

3645 322 3761 386 242

1330 458 1573 516 καλεῖται
1643 465 1877 534 Πνεῦμα.
1937 460 2034 515 Καὶ
2053 509 2055 515 ,

2139 456 2332 517 licitur
2362 456 2582 517 habere
2613 454 2896 538 Spiritum
2913 454 3491 528 charitatis.Quando
3510 455 3645 536 quis
3667 473 3764 517 ac-

2120 545 2348 623 ceperit
2395 545 2616 607 donum
2667 547 2952 627 martyrii,
2998 544 3220 608 dicitur
3265 544 3491 609 habere
3533 544 3765 607 virtutis

2122 636 2429 712 Spiritum,
2486 636 2597 695 hoc
2629 643 2717 697 est
2763 635 3027 699 donum:
3064 635 3221 716 quod
3269 635 3468 697 datum
3514 634 3767 714 Spiritus

2122 733 2361 785 sanctus
2390 724 2741 805 appellatur,
2781 734 2837 786 et
2863 725 3085 786 donum
3113 743 3182 787 eo
3202 724 3325 785 lem
3358 722 3620 803 nomine,
3647 742 3764 803 quo

2124 812 2195 887 is,
2233 813 2328 891 qui
2355 812 2558 875 donat.
2594 834 2623 873 ε
2661 813 2731 873 Ει
2761 814 2961 894 paucis
2993 813 3340 893 interjectis.
3379 812 3516 873 «Ita
3545 821 3597 873 et
3630 811 3767 873 bea-

2127 909 2218 960 tus
2248 900 2426 962 Isaias
2457 922 2471 961 :
2508 927 2533 957 α
2567 903 2944 980 Egredietur,
2980 903 3190 983 inquit,
3244 902 3319 963 de
3371 902 3572 965 radice
3599 901 3768 965 Jesse

2125 990 2306 1068 virga,
2331 999 2389 1051 et
2416 992 2525 1052 ﬂos
2553 1010 2617 1051 ex
2636 1010 2704 1064 ea
2733 993 3037 1065 ascendet,
3069 1000 3128 1053 et
3179 990 3515 1072 requiescet
3589 1008 3770 1071 super

2127 1097 2259 1139 eum
2294 1079 2548 1158 Spiritus
2580 1080 2943 1144 Deiw.»Hic
2974 1088 3064 1142 est
3092 1099 3309 1141 nomen
3340 1080 3527 1153 ipsius
3548 1088 3773 1142 natura

2125 1167 2401 1246 Spiritus,
2446 1169 2731 1248 deinceps
2760 1178 3089 1249 sequuntur
3113 1170 3269 1230 dona
3290 1191 3303 1229 :
3322 1168 3575 1249 Spiritus
3606 1169 3769 1248 sapi-

2127 1256 2301 1317 entize
2332 1266 2387 1317 et
2416 1257 3037 1338 intellectus,Spiritus
3052 1258 3358 1321 consiliiet
3384 1258 3766 1333 fortitudinis,

2127 1345 2380 1424 Spiritus
2412 1347 2790 1426 cognitionis,
2822 1348 3078 1427 Spiritus
3119 1346 3372 1427 pietatis,
3407 1347 3661 1427 Spiritus
3691 1346 3771 1407 ti-

2131 1435 2312 1494 moris
2340 1434 2467 1496 Dei.
2501 1460 2522 1492 η
2551 1435 2620 1497 Et
2652 1446 2783 1516 post
2814 1455 2998 1515 pauca
3032 1455 3045 1499 :
3086 1436 3368 1515 «Accepit
3394 1435 3771 1514 docensSpi-

2128 1524 2304 1584 ritum
2336 1525 2733 1604 sapientiast
2757 1525 3073 1587 addiscens
3102 1523 3389 1605 Spiritum
3432 1523 3772 1603 intelligen-

2131 1611 2317 1685 tite,ut
2349 1612 2987 1694 intelligat.Propterea
3017 1611 3194 1674 Isaias
3225 1612 3572 1691 sapientiam
3593 1612 3777 1674 ascri-

1161 1703 1313 1762 Θεοῦ.
1379 1727 1407 1758 ι)
1485 1705 1582 1761 Καὶ
1652 1702 1769 1778 μετ’
1842 1702 1994 1779 ὀλίγα
2026 1716 2040 1731 '

2139 1700 2213 1760 bit
2242 1699 2485 1779 dicenti,
2520 1702 2887 1763 intellectum
2910 1700 3276 1763 audienti.Et
3306 1700 3775 1781 inquit,sapien-

2134 1798 2249 1849 tem
2273 1790 2747 1863 architectum,et
2768 1790 3201 1867 intelligentem
3226 1788 3777 1868 auditoremSpiri-

2134 1887 2224 1936 tus
2249 1878 2480 1937 consilii
2512 1879 2683 1938 datur
2711 1878 3075 1949 consiliario,
3123 1876 3379 1955 Spiritus
3417 1877 3777 1939 fortitudinis

2132 1965 2443 2025 consilium
2476 1966 2819 2045 accipienti.
2849 1965 2920 2027 Et
2944 1974 3073 2045 post
3097 1965 3210 2027 alia
3228 1965 3517 2025 nonnulla
3548 1965 3779 2045 perico-

2135 2071 2237 2133 pes
2272 2072 2285 2115 :
2326 2053 2598 2133 «Repeto
2656 2054 2836 2129 igitur
2885 2055 3127 2115 nomina
3182 2053 3506 2115 ineffaliilis
3552 2065 3776 2116 natura

2134 2144 2375 2222 spiritus
2406 2143 2534 2221 Dei,
2568 2143 2815 2223 spiritus
2841 2144 2942 2224 qui
2976 2162 3043 2204 ex
3077 2144 3222 2216 Deo,
3246 2142 3490 2221 spiritus
3518 2141 3774 2219 Domini,

2132 2233 2371 2310 Spiritus
2397 2232 2602 2303 Patris,
2637 2232 2879 2311 spiritus
2910 2231 3067 2311 Filii,
3101 2230 3346 2311 spiritus
3379 2230 3622 2304 Christi,
3646 2231 3778 2308 spi-

2132 2321 2278 2381 ritus
2309 2321 2410 2401 qui
2442 2321 2712 2381 excitavit
2742 2321 3063 2397 Christum,
3084 2321 3327 2401 spiritus
3358 2321 3510 2392 vitze,
3536 2320 3781 2400 spiritus

2132 2410 2412 2473 veritatis.
2445 2410 2593 2472 Dein
2624 2412 2801 2483 dona,
2827 2410 3067 2489 spiritus
3099 2409 3355 2483 virtutis,
3383 2409 3629 2490 spiritus
3646 2411 3781 2472 cha-

2136 2498 2596 2579 ritatis,spiritus
2620 2499 3047 2579 temperantiae,
3070 2499 3312 2579 spiritus
3343 2498 3775 2579 promissionis,

2138 2588 2380 2667 spiritus
2411 2587 2570 2661 fidei,
2606 2588 2846 2668 spiritus
2876 2587 3277 2663 revelationis,
3312 2586 3560 2668 spiritus
3588 2586 3780 2667 adop-

2140 2677 2316 2737 tionis
2348 2677 2624 2738 filiorum.
2668 2702 2690 2735 υ

402 2772 678 2837 ἀληθείας.
714 2773 909 2827 Λοιπὸν
933 2773 998 2826 τὰ
1028 2771 1353 2851 χαρίσματα,
1387 2777 1592 2845 πνεῦμα
1622 2768 1913 2845 δυνάμεως,
1962 2774 2166 2842 πνεῦμα
2222 2766 2460 2845 ἀγάπης,
2503 2774 2696 2829 πνεῦμα
2752 2774 3139 2847 σωφρονισμοῦ,
3188 2773 3391 2841 πνεῦμα
3433 2765 3773 2845 ἐπαγγελίας,

403 2870 612 2935 πνεῦμα
642 2861 892 2939 πίστεως,
928 2868 1128 2934 πνεῦμα
1149 2858 1556 2935 ἀποκαλύψεως,
1591 2866 1795 2934 πνεῦμα
1823 2856 2108 2920 υἷόθεσίας.
2147 2879 2174 2910 ι

486 2950 561 3028 γ’,
649 2957 824 3007 Ταῦτα
881 2950 1061 3028 σαφῶς
1117 2956 1211 3005 τοῦ

407 3039 843 3117 διτιυκρινηκότος
943 3039 1031 3093 καὶ

1314 2947 1732 3027 κρυσοῤῥιξμονος
1838 2947 2041 3023 Πατρὸς

404 3130 622 3185 ἀκοῦσαι
653 3125 748 3182 rb"
777 3135 869 3183 τοῦ
911 3126 1205 3190 πνεύματος
1266 3125 1455 3200 ὄνομα,
1515 3126 1603 3181 καὶ
1673 3130 1859 3192 νοῆσαι
1903 3122 2056 3179 αὐτόν

404 3222 497 3274 τὸν
532 3215 901 3296 Παρακλητον,
935 3221 1012 3281 πῆ
1061 3212 1116 3269 δὲ
1169 3215 1385 3271 ὰκοῦσαι
1432 3213 1590 3270 πάλιν
1658 3216 1825 3289 ὄνομα
1892 3212 2055 3268 πνεύ-

406 3329 598 3384 ματος,
662 3307 749 3361 καὶ
808 3307 994 3371 νοήσαι
1054 3303 1213 3382 χάριν
1265 3304 1381 3359 τινὰ
1436 3300 1768 3378 δηλουμένην
1814 3322 2056 3377 πνευμα-

406 3398 594 3463 τικὴν,
633 3397 739 3451 Ποῦ
781 3397 906 3449 εἰσιν
952 3396 998 3450 οἱ
1039 3393 1248 3466 σύμπαν
1306 3393 1365 3448 τὸ
1422 3391 1605 3449 δοκοῦν
1660 3394 1843 3456 αὺτοῖς
1915 3390 2056 3449 ἀπυ-

1179 3481 1423 3555 στόματι,
1500 3482 1587 3537 καὶ
1681 3478 2057 3554 διενιστάμενοι

410 3577 534 3654 οὖχὶ
587 3574 686 3640 τὴν
757 3574 905 3652 φύσιν
979 3577 1069 3626 τοῦ
1159 3571 1305 3648 ἁγίου
1395 3571 1695 3644 Πνεύμαοιος
1754 3566 2057 3646 δηλοῦσθαι,

408 3664 549 3719 ἀλλὰ
618 3664 682 3720 τὰ
751 3660 1079 3735 πνευματικὰ
1128 3657 1434 3738 χαρίσματα
1489 3667 1767 3737 πανταχοῦ
1819 3656 1871 3714 ἐν
1930 3659 2058 3730 οἱῳ-

409 3752 583 3822 δήτινι
642 3753 703 3807 ἄν
788 3754 887 3815 τῆς
944 3749 1083 3812 θείας
1156 3745 1365 3827 Γραιρῆς
1410 3745 1556 3825 μέρει
1629 3747 1929 3823 εὑρίσκηται
1998 3746 2061 3800 τὸ

412 3849 627 3917 Πνεῦμα
658 3843 718 3896 τὸ
778 3840 929 3916 ἅγιον
982 3837 1248 3916 ὑπάρχον,
1294 3837 1381 3891 καὶ
1438 3832 1746 3908 ἁναϐλζζον,
1794 3836 1880 3890 καὶ
1923 3855 2061 3913 προ-

413 3932 675 4012 χεόμενον
706 3928 757 3994 ἐξ
802 3931 942 3999 Υίοῦ,
992 3928 1063 3987 ὡς
1095 3925 1155 3980 ἅν
1214 3926 1348 3980 κατα
1404 3925 1466 3978 τὸ
1522 3922 1702 3980 δοκοῦν
1760 3923 1941 3986 αὒτοθς
1972 3921 2061 3977 ἐν·

413 4024 588 4077 τεῦθεν
632 4016 974 4096 ἀποδειχθείη
1006 4016 1082 4089 μὴ
1138 4014 1237 4079 τὴν
1293 4013 1428 4068 κατᾶ
1484 4019 1575 4068 τοῦ
1616 4014 1785 4089 Λόγου
1840 4012 2063 4077 θεότητα

412 4112 473 4167 ἐκ
531 4118 626 4168 τοῦ
666 4111 788 4163 Υἱοῦ
829 4106 927 4172 τὴν
964 4105 1113 4184 φῦσιν
1163 4103 1304 4157 εἶναι
1360 4109 1453 4158 τοῦ
1527 4102 1853 4175 Πνεύματος,
1927 4097 2062 4171 μηδὲ

414 4200 740 4279 προγετσθαι
803 4195 1000 4259 ταύτην
1067 4192 1155 4247 καὶ
1209 4189 1259 4256 ἐξ
1329 4189 1507 4261 αὖτοῦ,
1578 4190 1811 4268 καθάπερ
1878 4188 2063 4264 ἀμέλει

412 4312 497 4346 τοι
545 4289 633 4343 καὶ
662 4287 721 4341 ἐκ
747 4286 839 4342 τοῦ
882 4281 1132 4360 Πατρός,
1195 4280 1251 4336 Εἰ
1303 4280 1401 4355 γὰρ
1455 4279 1545 4333 τὸν
1596 4279 1713 4355 περὶ
1764 4283 1880 4360 τῶν
1939 4278 2062 4332 ὀνο-

417 4381 604 4454 μάτων
632 4375 791 4452 λόγον
853 4376 880 4427 ὁ
945 4359 1124 4447 ἅγιος
1164 4369 1475 4442 ποιούμενος
1526 4388 1685 4446 φησιν
1727 4382 1740 4395 ·
1807 4388 1830 4423 α
1869 4359 2067 4440 Ὀνομα

418 4470 475 4524 δὲ
536 4466 712 4536 αὒτοῦ,
766 4465 975 4536 Πνεῖμα
1025 4459 1198 4537 ἅγιον,
1246 4467 1450 4530 πνεῦμα
1536 4455 1803 4535 ἀληθείας,
1864 4457 2068 4528 πνεῦμα

422 4566 516 4615 τοῦ
572 4554 721 4613 Θεοῦ.
770 4558 976 4623 πνεῦμα
1029 4557 1121 4605 τοῦ
1192 4547 1393 4623 Πατρὸς
1450 4547 1655 4619 πνεῦμα
1709 4552 1800 4601 τοῦ
1859 4545 2000 4605 fiat").
2040 4564 2062 4599 ι)

426 4648 529 4706 Καὶ
599 4643 936 4722 προστίθησιν
973 4655 985 4667 °
1055 4660 1077 4692 ι
1114 4638 1255 4700 Αὕτη
1329 4634 1429 4711 γάρ
1500 4633 1639 4688 ἐστιν
1705 4635 1738 4699 ἡ
1783 4631 1930 4711 κυρία
1982 4637 2072 4690 καὶ

422 4736 613 4814 πρώτη
643 4720 1011 4806 νπρῶσηγορία
1080 4727 1115 4791 ἡ
1165 4722 1623 4802 ἐμφαντικωτὲραν
1688 4720 1885 4801 ἔχουσα
1973 4720 2072 4786 τὴν

423 4808 682 4894 δίάνοιαν,
755 4819 845 4875 καὶ
925 4818 1232 4893 παριστῶσα
1274 4818 1364 4867 τοῦ
1407 4812 1551 4888 ἁγίου
1609 4811 1908 4882 Πνεύματος
1976 4808 2073 4872 τὴν

422 4917 601 4991 φύσιν,
670 4912 756 4967 καὶ
800 4907 985 4982 ἐπάγει
1042 4912 1203 4960 ταῦτα
1232 4903 1297 4958 τα
1354 4900 1588 4974 ὀνόματα
1646 4900 1805 4965 αὐτῆς
1848 4899 1943 4963 τῆς
1974 4897 2072 4952 αὗ-

419 4978 647 5072 ὀεντίίς,
685 4999 848 5063 αὑτῆς
903 4993 996 5060 τῆς
1055 4999 1145 5047 τοῦ
1189 4988 1336 5067 ἁγίου
1393 4988 1695 5063 Πνεύματος
1754 4988 1954 5063 φῦσεως
1991 5004 2003 5017 ⁶
2047 5008 2067 5040 ι

420 5096 502 5157 τίς
550 5089 610 5145 ἄν
636 5071 719 5163 μὴ
761 5084 1078 5163 βουλόμενος
1136 5080 1232 5145 τὴν
1276 5076 1524 5147 ἀλήθειαν
1583 5076 1899 5155 ἀπηρεάζειν
1929 5071 2075 5163 -δια-

422 5183 586 5246 κενῆς
619 5160 722 5257 «hx
762 5160 1132 5248 ’ὁμολογήσειε
1190 5167 1250 5221 τὸ
1308 5164 1361 5220 ἐν
1416 5178 1538 5228 ταῖς
1598 5171 1830 5243 Γραφαϊς
1887 5160 2076 5240 ἀδιορί-

423 5293 564 5333 στως
626 5252 899 5344 εἶρῆμένον
962 5259 1112 5337 ἅγιον
1172 5262 1383 5328 Πνευμα
1462 5254 1625 5320 αὐτῆς
1682 5252 1777 5321 τῆς
1849 5252 2074 5331 φύσεως,

423 5362 592 5425 αὐτῆς
634 5340 731 5423 τῆς
788 5350 1052 5411 αὖθεντίας
1124 5344 1215 5401 τοῦ
1267 5341 1616 5420 Πιρακλήτου
1667 5342 1834 5417 ὄνομα
1885 5340 2073 5419 εῖναις

424 5452 525 5510 Καὶ
585 5449 629 5502 εἰ
673 5445 849 5521 τοῦτο,
910 5445 1022 5503 πῶς
1078 5436 1137 5492 ἄν
1216 5431 1534 5507 τολμήσειεν
1606 5433 1774 5488 εἰπεῖν
1835 5429 2076 5508 χάρισμα

413 3487 571 3560 λώτῳ
669 3485 770 3539 ἀπε
776 3483 1078 3561 ρευγόμενοι

495 5615 705 5679 5615a.
740 5627 826 5685 ιι,
863 5611 920 5683 1,
952 5606 1013 5669 2.

2209 2945 2269 3005 3.
2304 2943 2439 3005 Haec
2466 2943 2656 3022 palam
2681 2942 3098 3023 Chrysostomo
3127 2941 3780 3017 discernente,traden-

1113 3034 1565 3115 παραδεδωκότος,
1640 3042 1717 3103 πῆ
1790 3034 1886 3110 μέν
1916 3034 2055 3090 ἐστιν

2140 3040 2312 3113 teque
2342 3031 2657 3111 aliquando
2689 3031 2962 3093 audimus
2993 3031 3238 3111 spiritus
3269 3038 3579 3102 nomen,et
3606 3034 3780 3095 Para-

2140 3121 2356 3182 cletum
2382 3122 2572 3201 ipsum
2600 3120 3005 3199 intelligimus,
3039 3118 3354 3199 aliquando
3374 3136 3581 3179 rursus
3609 3118 3779 3180 audi-

2141 3228 2271 3270 mus
2301 3228 2519 3271 nomen
2536 3208 3110 3290 spiritus,etaliquod
3128 3207 3395 3287 spiritale
3416 3207 3657 3269 domum
3679 3224 3788 3287 per

2140 3298 2282 3359 illud
2298 3298 2619 3359 indicatum
2642 3297 3076 3376 cognoscimus.
3094 3295 3345 3359 Ubinam
3365 3304 3500 3356 sunt
3521 3295 3631 3371 illi,
3655 3296 3782 3377 qui,

2140 3386 2423 3469 quidquid
2456 3386 2643 3447 visum
2674 3386 2872 3461 fuerit,
2903 3385 3113 3447 effreni
3164 3403 3268 3446 ore
3296 3385 3601 3454 eﬂ‘utiunt.
3636 3404 3784 3448 con-

2142 3477 2656 3555 tenduntque,non
2692 3483 2961 3537 naturam
2983 3473 3173 3536 sancti
3208 3473 3462 3554 Spiritus
3483 3473 3780 3551 denotari,

2141 3566 2246 3628 sed
2278 3584 2518 3646 semper
2541 3564 2828 3646 spiritalia
2845 3564 3000 3626 dona
3018 3564 3078 3625 in
3096 3581 3449 3644 quacunque
3464 3564 3789 3643 Scriptura;

2143 3662 2309 3735 parte
2341 3656 2656 3733 reperitur,
2691 3651 2975 3734 Spiritum
3007 3661 3275 3714 sanctum
3310 3671 3465 3727 esse,
3505 3670 3791 3714 emanare

2145 3744 2447 3805 eteﬂ'undi
2473 3761 2539 3805 ex
2574 3742 2745 3823 Filio,
2777 3752 2842 3804 ut
2871 3743 3031 3823 inde,
3088 3760 3192 3822 pro
3224 3741 3488 3806 arbitrio.
3525 3750 3789 3822 nutuque

2147 3851 2252 3893 suo
2284 3832 2840 3907 demonstrent,non
2857 3829 3787 3912 secundumVerbidivinitatem,

2148 3940 2214 3983 ex
2251 3922 2395 3985 Filio
2427 3930 2696 3982 naturam
2726 3939 2858 3983 esse
2888 3919 3163 3999 Spiritus,
3198 3938 3309 3982 nec
3335 3918 3790 3981 eﬂ‘undieamex

2149 4013 2302 4090 ipso,
2329 4008 2830 4090 quemadmodum
2863 4010 3166 4071 scilicetet
3185 4027 3255 4069 ex
3285 4007 3489 4070 Patre?
3506 4006 3780 4087 Namque

2147 4100 2196 4159 si
2226 4097 2299 4158 de
2331 4099 2675 4159 nominibus
2700 4095 2953 4177 Spiritus
2975 4096 3154 4158 verba
3173 4095 3399 4158 faciens
3419 4097 3787 4171 sanctus,ait,

2155 4210 2177 4243 ιι
2212 4185 2439 4248 Nomen
2470 4206 2605 4248 vero
2633 4186 2840 4266 ipsius,
2868 4186 3127 4266 Spiritus
3156 4183 3667 4263 sanctizs,spiritus
3686 4202 3783 4245 ve-

2088 4276 2357 4362 Dritatis,
2393 4276 2638 4357 spiritus
2668 4275 2796 4350 Dei,
2822 4275 3063 4355 spiritus
3093 4274 3552 4353 Patris,spiritus
3582 4272 3737 4334 Filii.
3759 4292 3788 4332 ι

2148 4364 2219 4425 Et
2242 4365 2448 4427 addit:
2495 4389 2516 4422 ι
2559 4364 2694 4427 Hzec
2743 4365 2898 4425 enim
2933 4372 3022 4424 est
3054 4363 3292 4443 propria
3340 4373 3400 4422 et
3444 4362 3632 4441 prima
3681 4379 3791 4441 ap-

2152 4453 2409 4533 pellatio.
2449 4473 2580 4534 quae
2609 4455 2961 4514 sententiam
3000 4451 3181 4513 habet
3229 4449 3685 4530 expressiorem,
3737 4457 3795 4512 et

2152 4550 2420 4603 naturam
2459 4542 2711 4622 Spiritus
2740 4540 2928 4602 sancti
2958 4546 3364 4617 repraesentat.
3398 4563 3424 4594 ιο
3469 4536 3617 4598 Tum
3647 4536 3794 4599 sub-

2153 4631 2470 4692 ditdeinde
2498 4650 2511 4694 :
2538 4656 2561 4685 α
2584 4630 2720 4691 Haec
2751 4638 2885 4689 sunt
2914 4629 3154 4689 nomina
3178 4626 3365 4707 ipsius
3394 4624 3579 4686 sancti
3608 4623 3792 4706 Spiri-

2156 4728 2246 4779 tus
2277 4728 2519 4790 naturae,
2553 4744 2577 4774 υ
2614 4718 2771 4799 quis,
2818 4716 3142 4779 dummodo
3195 4714 3508 4776 veritatem
3571 4714 3793 4777 frustra

2156 4826 2496 4889 oppugnare
2527 4826 2643 4868 non
2674 4805 2918 4886 appetit,
2950 4824 3068 4865 non
3099 4802 3396 4878 fatebitur,
3429 4801 3610 4882 quiin
3641 4801 3798 4865 Scri-

2159 4897 2344 4978 pturis
2374 4895 2716 4958 indistincte
2740 4893 2996 4975 Spiritus
3019 4899 3257 4954 sanctus
3276 4890 3588 4966 vocitatur,
3610 4890 3796 4972 ipsius

2158 4994 2397 5047 naturae.
2434 4984 2617 5065 ipsius
2645 4983 2984 5044 dominatus
3016 4979 3307 5044 Paracleti
3352 4998 3569 5040 nomen
3616 4978 3796 5042 esse?

2157 5074 2228 5136 Et
2257 5074 2305 5135 si
2340 5075 2393 5135 id
2418 5081 2786 5153 esl,quanam
2819 5071 3048 5132 ratione
3075 5068 3316 5130 audebit
3357 5067 3653 5130 afﬁrmare
3682 5068 3795 5129 do-

2159 5182 2297 5224 num
2323 5162 2589 5243 spiritale
2619 5158 2887 5222 denotari
2915 5177 3047 5219 cum
3076 5175 3260 5237 prope
3291 5156 3436 5217 locis
3472 5158 3797 5237 Scripturae

2162 5252 2488 5314 innumeris
2510 5248 2998 5329 reperitur,nunc
3026 5245 3267 5326 quidem
3281 5245 3539 5326 Spiritus
3560 5253 3797 5306 sanctus

2161 5360 2230 5402 ex
2260 5340 2430 5402 Patre
2452 5347 2511 5401 et
2533 5338 2675 5398 Filio
2707 5334 3117 5417 progrediens,
3143 5353 3301 5395 nunc
3327 5354 3397 5396 ex
3428 5342 3678 5415 utroque
3698 5351 3793 5394 ex-

2160 5428 2461 5509 sistens,et
2486 5445 2643 5489 nunc
2687 5443 2756 5487 ex
2802 5427 2975 5487 Patre
3011 5440 3482 5499 emanans,nunc
3531 5439 3601 5484 ex
3648 5419 3798 5483 Filio
