4178 6286
318 343 428 409 245
1411 357 1509 419 DE
1552 354 1952 419 PROCESSIO

2035 357 2059 417 ἓ
2104 358 2164 418 S.
2207 357 2576 421 SPIRITUS.
3574 351 3693 420 246

313 492 428 543 τοῖς
499 482 794 549 εἰρημένοις
866 484 1334 567 ἐπιστατικώτερον
1419 488 1720 563 ἐμϐαθύνων
1806 488 1952 546 αὐτὸν

2045 491 2137 545 tus
2168 504 2410 562 nomen,
2443 487 2814 552 Paracletum
2858 488 3167 552 insinuare
3197 487 3537 563 afﬁrmabit,
3569 484 3687 549 nisi

309 567 422 644 ἐρεῖ
489 571 583 625 τὸν
625 571 972 650 Παράκλητον
1041 572 1231 642 δηλοῦν
1288 577 1350 632 τὸ
1406 576 1680 658 εἰρημένον
1743 575 1952 633 ἐνταῦθα

2044 574 2202 636 enim
2236 575 2331 637 hic
2358 577 2614 657 Spiritus
2645 596 2861 640 nomen
2895 577 3264 641 Paracletum
3295 577 3689 658 indicat,quo-

306 665 403 714 τοῦ
446 646 750 731 Πνεύματος
782 660 971 737 ὄνομα.
1010 665 1067 720 Εἰ
1130 664 1206 738 μὴ
1235 665 1333 744 γὰρ
1385 646 1474 721 τὸν
1502 646 1848 743 Παράκλητον
1878 667 1952 721 ἐν-

2043 663 2218 725 modo
2243 683 2311 725 ex
2341 646 2592 743 persona
2616 667 2851 728 Domini
2879 675 3117 729 sanctus
3144 667 3243 729 ait:
3290 668 3412 731 «De
3443 646 3582 726 meo
3596 682 3689 727 ac-

305 750 467 803 ταῦθα
490 745 652 815 δηλοῖ
680 752 740 805 τὸ
768 760 861 809 τοῦ
893 753 1191 826 πνεύματος
1222 751 1411 833 ὄνομα,
1443 756 1559 817 πῶς
1592 755 1697 811 ἀπὸ
1724 764 1816 812 τοῦ
1848 765 1952 813 Κυ-

2041 752 2240 832 οἰρίρι,
2275 754 2350 815 de
2380 754 2493 828 his,
2528 774 2661 836 quae
2692 754 2836 817 mihi
2864 755 3092 817 homini
3121 755 3432 818 Dominico
3459 771 3682 835 suppe-

304 836 414 925 ρίου
443 838 471 892 6
513 836 664 915 ἅγιος
694 836 837 916 λέγει
868 839 947 894 ὅτι
999 864 1022 895 ιι
1064 838 1157 898 Ἐκ
1214 843 1305 897 τοῦ
1356 841 1484 917 ἐμοῦ
1513 842 1766 918 λήψεται,
1803 841 1853 908 ἐξ
1883 845 1952 897 ὧν

2041 841 2265 915 ditavit,
2300 841 2450 924 ipse,
2487 844 2586 924 qui
2618 844 2805 925 dedit,
2842 844 2945 925 qui
2973 843 3154 925 venit,
3189 855 3251 907 et
3294 843 3459 907 stetit
3503 859 3685 924 super

303 922 708 1002 ἐχορήγησέμοι
741 933 817 1000 τῷ
857 936 1100 1007 Κυριακῴ
1129 928 1340 1009 ἆνθρώπ
1358 954 1407 1009 μ,
1440 933 1567 989 αὐτὸ
1624 933 1685 987 τὸ
1731 929 1954 993 δεδωκὸς

301 1013 365 1067 τὸ
402 1010 574 1093 ἐλθὸν,
609 1017 695 1071 καὶ
727 1028 918 1089 μεῖναν
948 1015 1002 1072 ἐν
1029 1016 1169 1092 ἐμοὶ,
1202 1020 1263 1074 τὸ
1293 1021 1491 1099 χρϊσάν
1521 1041 1605 1093 με,
1645 1021 1705 1076 τὸ
1734 1021 1954 1098 ἀγιάσαν

303 1120 422 1180 μες
470 1121 499 1160 )
553 1104 638 1170 Μὴ
682 1104 927 1183 χάρισμα
985 1107 1154 1184 ἐρεῖτε
1232 1108 1373 1165 εἶναι
1417 1110 1771 1184 πνευματικὸν
1829 1110 1954 1167 αῦτὸ

301 1190 363 1246 τὸ
395 1188 619 1255 δεδωκὸς
688 1200 764 1268 τῷ
820 1194 1200 1273 προσλήμματι
1246 1198 1309 1253 τὰ
1366 1199 1693 1278 χαρίσματα,
1756 1199 1815 1253 τὸ
1859 1196 1953 1253 ἐλ-

299 1280 416 1348 θὸν,
464 1280 551 1335 καὶ
604 1295 795 1356 μεῖναν
838 1281 891 1337 ἐν
949 1284 1113 1361 αὒτῷ,
1158 1286 1219 1341 τὸ
1249 1285 1460 1365 χρίσαν,
1505 1287 1566 1342 τὸ
1618 1285 1839 1363 ἁγιάσαν
1894 1286 1955 1341 τὸ

301 1367 635 1446 πρόσλημμα
668 1390 684 1450 ;
722 1362 977 1449 ’Ἔγνωτε
1021 1362 1347 1446 πάντωςξεί
1402 1375 1481 1450 μὴ
1510 1362 1681 1431 ἐκοντὶ
1723 1376 1952 1450 μυωπά-

300 1462 411 1527 ζειν
431 1460 562 1536 πρὸς
593 1459 692 1514 τὴν
735 1458 984 1529 ἀλήθειαν
1015 1460 1285 1536 βούλεσθε,
1327 1464 1399 1527 ὡς
1430 1465 1490 1518 τὸ
1520 1463 1579 1518 ἐκ
1636 1473 1726 1521 τοῦ
1766 1473 1955 1541 Κυρια-

298 1551 394 1602 κοῦ
424 1545 696 1625 ἀνθρώπου
724 1546 992 1623 λαμϐάνον
1045 1556 1254 1624 Πνεῦμα
1309 1551 1464 1615 αὐτός
1520 1551 1659 1608 ἐστιν
1702 1554 1729 1608 6
1772 1552 1955 1630 Παρά-

298 1632 523 1700 κλητος.
570 1638 628 1693 Εἰ
659 1634 736 1706 δὲ,
799 1636 878 1692 ὅτι
938 1636 1039 1717 ἔφη
1098 1641 1125 1694 6
1170 1640 1553 1717 Χρυσορῥήμων
1612 1639 1692 1696 ὅτι
1749 1640 1807 1695 οὗ
1867 1643 1959 1696 τοῦ

298 1722 450 1800 ἁγίου
500 1725 795 1799 Πνεύματος
851 1728 1264 1801 ἐμνημόνευσεν,
1326 1727 1462 1785 ἀλλά
1560 1736 1667 1784 τῶν
1722 1726 1951 1808 δωρεῶν,

301 1812 373 1874 εἷς
444 1816 804 1888 πνευματικὸν
872 1813 1113 1895 χάρισμα
1170 1816 1347 1873 Θέλετε
1443 1815 1791 1894 ἐκλαμϐάνειν
1866 1820 1954 1872 ἐν-

302 1904 462 1957 ταῦθα
489 1903 551 1958 τὸ
602 1902 695 1959 τοῦ
762 1904 1067 1978 Πνεύματος
1128 1904 1297 1981 ὄνομα
1327 1921 1341 1935 ⁸
1404 1905 1524 1961 ἀλλ’
1582 1904 1809 1985 ἀκριϐῶς
1841 1920 1955 1969 τοῖς

304 1999 390 2049 νῦν
456 1991 841 2069 ῥηθησομένοις
914 1995 1293 2074 προσεχόντες,
1367 2008 1641 2074 γνωριεῖτε
1712 1996 1956 2072 ἑκάτερον

305 2078 375 2144 εἷς
416 2080 520 2146 τὴν
577 2080 718 2154 αὒτῷ
786 2081 1025 2160 προσφυῆ
1097 2080 1296 2139 ἔννοιαν
1386 2082 1690 2141 ἂποτεϊνον.
1741 2085 1835 2141 Καὶ
1889 2081 1953 2151 δὴ

304 2168 600 2247 προσέχετε
661 2165 908 2244 ἀκριϐῶς.
936 2158 946 2160 7
976 2158 1034 2227 Ὀ
1107 2170 1256 2248 ἅγιος
1328 2170 1492 2250 ὀλίγῳ
1548 2174 1796 2251 πρότερον
1852 2178 1951 2239 τῆς

304 2259 598 2338 περικοπῆς
651 2262 871 2334 ταύτης,
939 2263 1056 2341 περὶ
1095 2262 1161 2330 ἧς
1221 2266 1248 2319 6
1294 2262 1451 2341 λόγος
1501 2266 1659 2339 ἡμῖν,
1730 2265 1791 2319 τὸ
1846 2270 1951 2320 τῶν

308 2350 580 2427 αἱρετικὼν
636 2350 832 2428 εἰσάγει
903 2354 1207 2432 πρόσωπον,
1266 2350 1541 2430 διαποροῦν
1599 2355 1729 2433 πρὸς
1796 2353 1950 2409 αὐτὸν

307 2438 389 2493 καὶ
454 2435 614 2516 λέγον
648 2454 662 2470 ·
712 2436 866 2504 Εἶδες
936 2440 1050 2504 πῶς
1109 2439 1197 2521 ἀφ’
1270 2442 1456 2498 ἑαυτοῦ
1538 2442 1599 2499 οὐ
1665 2441 1822 2499 λαλεῖ
1889 2443 1950 2498 1:6

304 2530 540 2602 Πνεῦμα,
618 2524 738 2583 ἁλλ’
777 2530 841 2584 ἐκ
896 2535 988 2584 τοῦ
1044 2532 1166 2586 Υἱοῦ
1234 2527 1489 2605 λαμϐάνει
1527 2551 1543 2604 ;
1600 2531 1688 2598 Μὴ
1740 2528 1948 2587 δύναται

300 2613 335 2680 ἡ
365 2614 608 2670 αὗθεντία
662 2613 934 2695 δειχθῆναι
978 2623 1071 2673 τοῦ
1112 2618 1461 2692 Πνεύματοςς
1520 2620 1612 2675 οὐκ
1670 2618 1856 2684 ἔδειξεν
1912 2621 1948 2687 ἡ

305 2704 487 2781 Γραφῆ
548 2705 927 2779 -ὑποκείμενον
982 2707 1108 2764 οὐτὸ
1189 2714 1258 2783 τῇ
1345 2706 1546 2780 ἐξουσίᾳ
1638 2715 1733 2765 τοῦ
1804 2710 1944 2783 ι’ἱοῦ,

299 2788 669 2866 δανειζόμενον
739 2792 864 2872 παρ’
947 2795 1123 2869 αὐτοῦ,
1190 2797 1278 2852 καὶ
1374 2794 1555 2860 ἄλλοις
1625 2796 1946 2877 χορηγοῦνς

299 2882 513 2948 Ταύτην
558 2882 658 2947 τὴν
714 2881 934 2960 ἀπορίαν
988 2885 1129 2962 παρὰ
1186 2890 1291 2940 τῶν
1346 2886 1619 2963 αἷρετικῶν
1672 2906 1951 2963 προτεινο-

300 2967 466 3042 μένην
543 2971 571 3025 6
626 2968 774 3047 ἅγιος
846 2976 924 3045 τῷ
989 2970 1133 3050 λόγῳ
1190 2974 1602 3053 καταστρωννῦς,
1665 2976 1786 3054 οὒχὶ
1836 2975 1953 3052 περὶ

2040 947 2159 1001 me,
2215 930 2314 1011 qui
2358 933 2523 993 unxit
2554 951 2670 1006 me,
2706 933 2808 1014 qui
2842 934 3229 996 sanctiﬁcavit
3272 939 3418 997 me?
3445 931 3681 995 Annum

2037 1017 2258 1079 donum
2283 1039 2414 1082 esse
2440 1022 2813 1084 attirmatibis
2839 1021 3128 1102 spiritale,
3167 1023 3365 1103 ipsum
3387 1020 3488 1103 qui
3515 1018 3685 1083 dedit

2036 1105 2261 1168 homini
2292 1119 2591 1189 assumpto
2622 1110 2912 1191 dona,qui
2943 1111 3123 1187 venit,
3150 1117 3213 1174 et
3239 1111 3404 1174 stetit
3432 1108 3494 1170 in
3526 1108 3679 1188 ipso,

2037 1196 2137 1275 qui
2170 1196 2355 1272 unxit,
2393 1197 2493 1278 qui
2524 1198 2914 1263 sanctiﬁcavit
2941 1198 3356 1280 assumptum?
3384 1195 3682 1260 Noveritis

2035 1294 2238 1364 aperte
2253 1286 2329 1352 ,ni
2350 1294 2558 1366 sponte
2573 1286 2630 1347 in
2652 1286 3176 1368 veritate,soleque
3192 1286 3453 1364 caligare
3472 1283 3678 1361 vultis,

2035 1373 2314 1451 Spiritum
2349 1393 2417 1435 ex
2449 1374 2762 1436 Dominico
2792 1375 3040 1437 homine
3068 1381 3468 1436 assumentem
3486 1372 3681 1453 ipsum

2038 1461 2406 1524 Paracletum
2433 1480 2588 1525 esse.
2623 1463 2699 1525 Et
2728 1461 2806 1540 si,
2839 1462 2997 1543 quod
3029 1464 3483 1544 Chrysostomus
3511 1459 3684 1534 dixit,

2040 1548 2297 1630 Spiritus
2321 1551 2507 1613 sancti
2533 1570 2651 1612 non
2671 1550 3151 1632 meminisse,sed
3183 1547 3569 1629 donorum,in
3586 1548 3687 1611 d0-

2039 1658 2174 1701 nam
2208 1639 2303 1701 hic
2333 1638 2846 1720 spiritale,nomen
2875 1639 3134 1722 Spiritus
3162 1638 3439 1719 accipere
3463 1655 3684 1719 praesu-

1976 1767 2017 1817 B
2040 1727 2224 1801 mitis,
2259 1728 2541 1790 attentius
2570 1734 2829 1817 actutum
2855 1726 3150 1817 dicendis
3169 1727 3432 1790 animum
3465 1729 3682 1789 adver-

2042 1824 2257 1897 tentes,
2295 1816 2664 1897 intelligetis,
2692 1825 3015 1898 utrumque
3041 1815 3283 1877 sibimet
3312 1823 3507 1895 aptam
3536 1833 3676 1877 sen-

2041 1906 2307 1978 tentiam,
2343 1905 2736 1978 continere,et
2768 1903 3177 1966 attentissimis
3203 1903 3419 1965 animis
3448 1902 3674 1966 audite.

2038 1992 2292 2056 Sanctus
2303 1994 2475 2074 paulo
2501 2002 2637 2055 ante
2670 1994 2890 2055 dictam
2916 1991 3367 2073 pericopem,de
3389 2010 3506 2072 qua
3523 2009 3680 2053 nunc

2038 2082 2212 2143 nobis
2234 2100 2433 2144 sermo
2450 2082 2988 2155 est,h:ereticorum
3011 2098 3328 2143 nersonam
3356 2079 3686 2143 introducit

2035 2171 2429 2246 haesitantem,
2453 2172 2764 2253 ipsumque
2789 2171 3212 2252 alloquentem.
3245 2167 3463 2242 Viden,
3500 2187 3617 2229 non
3648 2187 3685 2231 a

2034 2260 2231 2341 seipso
2264 2261 2547 2341 Spiritum
2572 2260 2756 2341 loqui,
2792 2258 2896 2323 sed
2928 2277 2963 2320 a
2991 2258 3144 2322 Filio
3174 2255 3498 2338 accipere?
3527 2255 3679 2319 Num

2034 2358 2226 2429 potest
2254 2350 2591 2411 dominatus
2621 2348 2880 2429 Spiritus
2903 2344 3463 2410 demonstrari?Non
3485 2355 3679 2407 osten-

2033 2437 2117 2500 dit
2151 2438 2347 2513 ipsum
2379 2438 2683 2519 Scriptura
2715 2435 3041 2498 dominatui
3072 2434 3209 2497 Filii
3239 2433 3586 2510 obnoxium,
3621 2443 3683 2496 et

2032 2524 2108 2588 ab
2143 2526 2241 2588 illo
2268 2536 2631 2589 mutuantem
2661 2526 2908 2607 reliquis
2938 2523 3350 2606 suppeditare?
3379 2522 3541 2585 Hauc
3562 2524 3677 2585 du-

2033 2613 2377 2678 bitationem
2391 2615 2464 2677 ab
2479 2613 2773 2677 haereticis
2807 2616 3167 2695 propositam
3200 2620 3439 2674 sanctus
3463 2611 3524 2673 in
3547 2630 3677 2674 ora-

2036 2704 2196 2765 tione
2234 2704 2532 2783 digerens,
2566 2722 2685 2765 non
2718 2703 2793 2765 de
2825 2703 2955 2782 ipso
2987 2701 3229 2764 nomine
3256 2700 3679 2763 contradictio-

2035 2811 2199 2873 nem,
2228 2794 2684 2873 orditur,neque
2708 2791 3002 2854 haereticis
3017 2789 3339 2872 respondet
3365 2789 3677 2871 Spiritum,

2035 2880 2141 2959 qui
2170 2899 2239 2944 ex
2262 2880 2413 2943 Filio
2437 2881 3051 2962 accipit,Paracletum
3077 2898 3196 2941 non
3212 2879 3482 2960 esse,sed
3500 2876 3687 2961 Spiri-

2037 2971 2154 3033 tale
2184 2970 2509 3033 donum.Et
2537 2988 2791 3051 quanam
2820 2970 2880 3031 id
2901 2969 3132 3031 ratione
3161 2966 3485 3050 peragit?Si
3506 2986 3682 3030 eum-

301 3055 457 3114 αὒτου
544 3064 635 3114 τοῦ
693 3058 950 3134 ὀνόματος
1034 3047 1121 3117 τοι
1206 3062 1302 3129 τῆς
1388 3047 1767 3140 άπιρῥησεως-
1794 3047 1952 3141 λόγον

2041 3062 2175 3121 dem
2208 3060 2404 3140 ipsum
2435 3047 2572 3121 esse
2593 3060 2878 3140 Spiritum
2908 3057 3075 3133 dicit,
3102 3047 3204 3140 qui
3231 3056 3422 3131 dedit,
3455 3055 3558 3138 qui
3578 3074 3682 3119 ve-

299 3159 562 3221 ποιεῖται,
622 3146 736 3205 οὐδὲ
792 3149 922 3227 πρὸς
975 3151 1097 3213 τοὺς
1177 3152 1463 3230 αἱρετικοὺς
1521 3150 1688 3229 λέγει,
1750 3153 1821 3215 ὡς
1896 3152 1958 3207 τὸ

299 3234 360 3290 ἐκ
400 3238 494 3292 τοῦ
554 3238 675 3294 Υἶοῦ
729 3234 997 3312 λαμϐάνον
1072 3242 1303 3316 Πνεῦμα,
1362 3242 1466 3320 οὔχ
1539 3243 1567 3296 6
1611 3239 1957 3319 Παράκλητος

304 3322 471 3397 ἐστιν,
509 3323 648 3381 ἀλλὰ
709 3326 769 3382 τὸ
821 3327 1174 3402 πνεύματικὸν
1231 3330 1492 3410 χάρισμα.
1550 3331 1647 3387 Καὶ
1675 3336 1788 3393 πῶς
1816 3329 1956 3409 γοίρς

299 3410 454 3491 εἴπερ
497 3416 629 3472 αὖτό
699 3412 874 3471 ἐκεῖνο
945 3416 1089 3473 εἶναι
1157 3419 1219 3473 τὸ
1276 3419 1480 3493 πνεῦμά
1535 3440 1687 3499 φησι,
1744 3419 1806 3474 τὸ
1860 3417 1951 3474 δε-

300 3498 488 3582 δωκὸς,
554 3505 615 3558 τὸ
682 3502 856 3583 ἐλθὸν,
913 3506 1001 3561 καὶ
1059 3519 1249 3581 μείναν
1306 3506 1360 3563 ἐν
1432 3514 1511 3582 τῷ
1552 3498 1810 3586 Κυριακῴ
1854 3507 1953 3563 ἆν-

298 3592 514 3671 θρώπῳ,
603 3594 665 3648 τὸ
709 3595 922 3673 χρίσαν,
980 3596 1204 3674 ἀγιάσαν
1298 3597 1506 3669 αὗτόνς
1578 3596 1663 3653 λλ⁹
1735 3600 1807 3660 ὡς
1891 3598 1956 3655 τὰ

300 3682 433 3757 βάθη
533 3690 629 3741 τοῦ
714 3684 1015 3760 Πνεύματος
1096 3687 1230 3759 μετὰ
1303 3689 1395 3743 τοῦ
1437 3687 1736 3766 Πνεύματος
1805 3686 1954 3766 ἐρευ-

302 3776 427 3842 νῶν,
490 3771 608 3829 ἐπεὶ
712 3773 831 3836 τοὺς
920 3774 1209 3852 αιρετικοὺς
1293 3772 1407 3850 ᾔδει
1464 3757 1548 3830 ἐπ’
1580 3782 1668 3830 τοῦ
1708 3757 1955 3830 ταπεινοῦ

302 3860 396 3925 τῆς
451 3860 686 3937 λήψεται
768 3860 957 3927 λέξεως
1029 3863 1101 3926 εἷς
1180 3863 1278 3930 τὴν
1359 3867 1457 3929 τῆς
1541 3862 1952 3940 παρεξηγήσεως

305 3947 507 4016 ἂπάτην
582 3948 828 4014 ἐλθόντας
898 3952 984 4007 ἐπὶ
1051 3958 1129 4025 τῷ
1178 3961 1272 4010 τοῦ
1348 3953 1648 4027 Πνεύματος
1704 3951 1947 4026 ὀνόματι,

307 4041 586 4119 μονονουχὶ
643 4038 782 4095 οὕτω
848 4039 1093 4120 προφέρει
1154 4041 1245 4095 τὸν
1298 4038 1481 4119 λόγον,
1551 4031 1643 4103 Ὠς
1671 4042 1715 4096 εἰ
1744 4042 1832 4096 καὶ
1888 4041 1949 4096 τὸ

304 4130 542 4184 ταπεινὸν
586 4132 686 4194 τῆς
742 4129 968 4203 Αήψεται
1039 4127 1229 4194 λέξεως
1286 4130 1421 4203 ὑμᾶς
1478 4142 1618 4186 κινεῖ
1668 4130 1789 4192 τούς
1861 4131 1948 4186 αἱ·-

304 4217 534 4290 ρετικοὺς
595 4218 693 4284 τὴν
750 4224 842 4285 τοῦ
901 4218 1202 4292 Πνεύματος
1272 4218 1535 4274 αῦθεντίαν
1590 4215 1951 4288 καταϐιϐάζειν

2044 3148 2151 3217 nit.
2186 3147 2285 3228 qui
2315 3149 2473 3210 stetit
2500 3149 2559 3209 in
2585 3148 2892 3211 Dominico
2923 3147 3188 3220 homine,
3215 3145 3320 3226 qui
3357 3144 3545 3220 unxit,
3579 3144 3685 3226 qui

2042 3237 2432 3299 sanctiﬁcavit
2480 3237 2669 3311 illum,
2722 3236 2827 3298 sed
2875 3233 3222 3297 altitudines
3259 3232 3516 3314 Spiritus
3544 3250 3682 3295 cum

2043 3324 2265 3406 Spiritu
2288 3326 2670 3406 investigans,
2693 3343 2829 3387 cum
2848 3324 3032 3387 sciret
3051 3322 3466 3397 bzereticos,ex
3491 3321 3685 3383 tenui-

2044 3423 2163 3477 tate
2212 3414 2489 3476 dictionis
2537 3417 2793 3494 accipiet
2834 3412 2896 3475 in
2946 3430 3135 3493 pravae
3179 3409 3685 3490 interpretationis

2036 3503 2301 3565 fraudem
2335 3503 2579 3583 gradum
2614 3502 2852 3577 fecisse,
2883 3501 2959 3564 de
2995 3500 3250 3581 Spiritus
3274 3500 3514 3561 nomine
3543 3505 3676 3561 tan-

2037 3600 2163 3653 tum
2194 3592 2519 3653 orationem
2553 3589 2632 3652 ita
2662 3588 3013 3652 instituit.Et
3043 3589 3096 3652 si
3124 3587 3400 3650 dictionis
3425 3586 3679 3667 accipiet

2040 3680 2399 3755 exilitas,vos
2422 3679 2733 3742 haereticos
2752 3678 2824 3741 ad
2849 3676 3103 3760 Spiritus
3126 3676 3522 3757 principatum
3544 3673 3682 3737 sub-

2037 3768 2391 3831 movendum
2434 3768 2673 3837 excitat.
2704 3767 2872 3849 quasi
2917 3767 3019 3828 ille
3045 3765 3322 3828 subesset
3349 3762 3681 3825 dominatui

2035 3860 2170 3933 Fili,
2209 3866 2690 3939 mutuareturque
2715 3856 2789 3919 ab
2820 3875 2915 3932 eo,
2951 3864 3010 3918 et
3057 3854 3190 3917 aliis
3237 3853 3675 3935 suppeditaret,

2034 3966 2153 4009 non
2182 3947 2319 4008 ideo
2347 3958 2541 4010 tamen
2574 3956 2783 4008 natura
2810 3963 2915 4007 sua
2944 3944 3141 4007 divina
3160 3961 3196 4005 a
3221 3941 3535 4005 Dominico
3565 3942 3678 4003 bo-

2036 4035 2195 4097 mine
2228 4034 2480 4113 Spiritus
2510 4043 2771 4107 sanctus,
2803 4032 3077 4114 acccipit,
3114 4050 3231 4113 quo
3259 4038 3453 4094 vester
3480 4046 3677 4092 sermo

2034 4142 2155 4185 non
2185 4132 2341 4185 esset
2369 4142 2403 4185 a
2432 4124 2663 4187 ratione
2709 4123 2961 4185 alienus.
3014 4120 3130 4185 Sed
3163 4139 3297 4183 cum
3343 4117 3678 4183 secundum

2033 4219 2268 4293 tempus
2293 4212 2438 4275 citra
2468 4211 2825 4294 principium
2852 4208 3105 4291 Spiritus
3126 4206 3495 4289 sanctus,qui
3513 4205 3680 4268 habi-

301 4304 372 4366 εἰς
414 4302 619 4385 ὕφεσιν,
682 4307 755 4371 ὡς
812 4307 1154 4381 ὑποκείμενον
1209 4304 1360 4374 ’δῆθεν
1419 4308 1573 4364 αὐτοῦ
1629 4312 1697 4384 τῇ
1749 4305 1950 4379 ἐξουσίᾳ

2035 4303 2170 4364 tavit
2200 4304 2260 4362 in
2291 4320 2386 4383 eo,
2419 4302 2519 4383 qui
2549 4300 3016 4382 assumptionem
3037 4297 3266 4378 accepit
3285 4304 3679 4385 conceptacu-

301 4403 391 4451 τοῦ
436 4396 581 4468 ι’ἱοῦ,
645 4397 728 4451 καὶ
798 4392 1161 4470 δανειζομένου
1215 4394 1338 4474 παρ’
1384 4400 1564 4476 αὐτοῦ,
1622 4396 1708 4451 καὶ
1764 4392 1946 4460 ἄλλοις

2035 4393 2150 4455 lum
2183 4391 2348 4453 illum
2374 4382 2650 4452 omnium
2706 4388 3083 4470 propriorum
3118 4385 3428 4476 donorum
3446 4382 3674 4476 ,eﬂ‘ecit.

302 4490 687 4561 χορηγοῦντος,
763 4482 884 4539 ἀλλ’
944 4485 1067 4563 οὐχὶ
1111 4485 1247 4541 κατὰ
1286 4472 1386 4552 τὴν
1428 4472 1566 4541 θείαν
1608 4484 1764 4540 αὒτου
1796 4484 1945 4563 φύσιν

2035 4480 2350 4561 Oportebat
2363 4498 2495 4541 vero
2510 4478 2848 4558 omnes,qui
2865 4474 3238 4557 postmodum
3253 4472 3676 4563 credidissent,

301 4569 358 4625 ἐκ
400 4579 492 4627 τοῦ
517 4580 774 4643 Κυριακοῦ
816 4572 1087 4651 ἀνθρώπου
1141 4574 1203 4629 τὸ
1257 4577 1402 4630 θετον
1475 4574 1685 4649 Πνεῦμα
1725 4570 1938 4647 λαμϐά-

2035 4589 2098 4636 ex
2131 4578 2295 4650 parte
2324 4568 2502 4631 veluti
2529 4566 2949 4648 conceptaculo
2990 4582 3024 4627 a
3053 4562 3365 4651 Dominico
3417 4578 3676 4642 corpore

298 4681 384 4715 νον
414 4659 586 4731 ἐστιν,
619 4658 691 4714 ἵν’
742 4660 848 4741 ἔχῃ
896 4650 956 4717 τὸ
1000 4660 1213 4739 εὔλογον
1270 4665 1298 4718 6
1352 4661 1511 4741 λόγος
1566 4664 1735 4733 ὑμῶν,
1791 4659 1940 4717 Ἀλλ’

2035 4656 2406 4739 accipere.Ex
2438 4656 2876 4738 complemento
2908 4653 3067 4716 enim
3100 4653 3263 4715 illius
3288 4650 3554 4741 Joannes
3572 4667 3677 4713 ve-

297 4745 478 4815 ἐπειδὴ
523 4751 587 4803 τὸ
617 4750 751 4805 κατὰ
792 4750 984 4829 χρόνον
1015 4748 1247 4830 ἄναρχον
1303 4740 1454 4823 ἅγιον
1488 4750 1696 4826 Πνεῦμα
1728 4747 1939 4824 λαμϐά-

2035 4749 2213 4810 ritatis
2246 4764 2436 4826 praeco
2467 4763 2677 4807 omnes
2706 4744 2986 4824 accipere
3029 4741 3241 4803 astruit
3271 4758 3287 4803 τ
3315 4740 3574 4821 ideoque
3603 4757 3675 4802 ex

298 4840 465 4896 κῆσαν
495 4843 574 4911 τῷ
620 4837 717 4904 τὴν
763 4839 940 4919 ἀρχὴν
995 4836 1205 4895 λαϐόντι
1261 4838 1662 4917 προσλήμματι,
1717 4836 1941 4914 δεξαμε-

2035 4833 2337 4899 Dominico
2367 4851 2619 4915 corpore
2648 4833 2921 4915 accipere
2952 4830 3150 4893 dictus
3183 4839 3294 4893 est.

300 4925 392 4994 νήν
450 4925 579 4981 αὐτὸ
637 4927 847 4981 πάντων
901 4934 1006 4984 τῶν
1057 4928 1261 4984 οἱκείων
1318 4928 1662 5007 χαρισμάτων
1720 4924 1978 5000 ἀπέδειξε,
2041 4925 2198 5006 χρεία
2268 4924 2322 4981 δὲ
2378 4927 2446 4992 ἦν
2501 4926 2701 4987 πάντας
2796 4925 2917 4987 τοὺς
3004 4920 3344 4983 πιστεύοντας
3402 4919 3675 4999 ἐσύστερον

301 5009 588 5086 λαμϐάνειν
618 5016 678 5070 ἐκ
707 5015 894 5092 μέρους
951 5016 1055 5071 ἀπὸ
1092 5024 1201 5096 τοῦ,
1243 5024 1498 5096 Κυριακοῦ
1540 5016 1786 5091 σώματος
1875 5017 1948 5078 ὡς
2022 5014 2128 5070 ἀπὸ
2213 5013 2518 5089 δεξαμενῆς.
2607 5012 2701 5072 Ἐκ
2779 5015 2878 5093 γὰρ
2961 5018 3053 5068 τοῦ
3107 5008 3466 5088 πληρώματος
3522 5008 3678 5067 αῦτοῦ

303 5102 498 5166 πάντας
530 5101 820 5179 λαμϐάνειν
841 5104 1090 5172 Ἰωάννης
1121 5109 1149 5161 6
1192 5095 1289 5173 τῆς
1319 5093 1564 5172 άληθείας
1597 5117 1849 5183 μαρτυρεῖ
1914 5099 2093 5182 adipi)?
2148 5101 2231 5159 διὰ
2288 5111 2439 5161 τοῦτο
2501 5103 2560 5160 ἐκ
2620 5112 2711 5161 τοῦ
2768 5107 3023 5179 Κυριακοῦ
3075 5097 3348 5180 ἀνθρώπου
3388 5093 3674 5172 λαμϐάνειν

305 5188 478 5269 ἑρρἐη
513 5191 663 5251 αὐτό,

378 5271 484 5354 ς’.
517 5280 653 5359 Οὖχὶ
682 5284 744 5337 τὸ
771 5281 936 5356 ὄνομα
987 5290 1108 5360 γοῦν
1162 5290 1253 5340 τοῦ
1312 5285 1462 5361 ἁγίου
1517 5283 1819 5357 Πνεύματος
1875 5284 1946 5346 εἰς

2112 5283 2172 5344 6.
2206 5279 2337 5341 Non
2368 5278 2571 5359 itaque
2595 5297 2812 5341 nomen
2844 5279 3033 5342 sancti
3081 5276 3338 5358 Spiritus
3359 5272 3435 5337 ad
3460 5280 3676 5336 notan-

302 5365 532 5437 δήλωσιν
592 5376 948 5444 πνευματιιοῦ
1015 5372 1345 5450 χαρίσματος
1403 5373 1430 5427 ὁ
1472 5371 1625 5434 ἅλιος
1684 5367 1949 5446 ἐκλαμϐά-

2035 5369 2173 5430 dum
2201 5367 2466 5445 spiritale
2497 5367 2717 5431 donum
2751 5374 2988 5430 sanctus
3029 5382 3364 5439 assumens,
3396 5363 3473 5425 de
3498 5380 3678 5425 acce-

307 5480 410 5513 νων
461 5460 528 5513 τὰ
571 5460 691 5537 περὶ
732 5463 830 5526 τῆς
889 5458 1105 5535 λήψεως
1174 5461 1367 5528 ταύτης
1436 5459 1559 5541 ἔφη,
1631 5457 1746 5516 ἀλλ’
1782 5462 1950 5527 αὖ.ην

2035 5456 2236 5538 ptione
2263 5456 2361 5517 illa
2403 5456 2620 5518 similia
2652 5455 2917 5532 tradidit,
2952 5455 3059 5519 sed
3090 5455 3251 5517 illam
3280 5452 3470 5541 ipsam
3498 5468 3677 5514 acce-

304 5544 507 5616 ἐκείνην
552 5545 655 5612 τὴν
723 5544 888 5621 λῆψιν
942 5549 1013 5610 εἷς
1056 5546 1287 5618 δήλωσιν
1343 5549 1439 5616 τῆς
1478 5539 1601 5604 ἡτῶν
1658 5569 1950 5625 πνευματι-

2037 5545 2300 5626 ptionem
2331 5545 2402 5607 ad
2436 5545 2883 5625 signiﬁcandam
2937 5542 3334 5628 spiritualium
3384 5539 3675 5628 donorum

307 5639 415 5690 κῶν
527 5633 879 5713 χαρισμάτων
987 5633 1237 5713 διανομῆς
1324 5636 1700 5716 ἐξηγούμενος,
1781 5636 1952 5718 ἀφῆκε

2036 5627 3380 5719 distributionem,exponens,considerandum
3409 5627 3672 5708 reliquit,
