4220 6292
431 316 546 383 247

1532 321 1742 386 JOAN.
1788 320 2005 385 VECCI
2050 321 2162 383 GP.
2214 321 2725 384 PATRIARCHE

3724 309 3867 378 248

435 452 629 532 ipsum
659 452 1059 527 Paracletum,
1092 453 1190 534 qui
1222 453 1283 514 in
1317 460 1620 533 assumpto
1670 451 1865 526 datus,
1913 452 2080 513 iuve-

2187 457 2421 533 ιοεῒσθαι,
2456 455 2529 516 ὡς
2561 453 2717 517 αὐτὸς
2765 452 2968 517 ἐκεῖνος
3004 456 3031 509 ὁ
3092 452 3437 532 Παράκλητος
3470 452 3497 508 ὀ
3540 458 3621 524 τῷ
3660 468 3865 528 προσ-

434 550 686 622 ctusque
715 541 1083 616 inhabitavit,
1120 542 1396 603 eumdem
1432 559 1585 616 esse,
1621 542 1718 621 qui
1751 540 1822 603 ab
1850 559 2082 601 assum-

2187 544 2409 618 ιήμματι
2439 541 2603 606 δοεῶς
2662 541 2971 616 ένοικήσας,
3020 544 3107 598 καὶ
3161 541 3428 620 έπακτῶς,
3464 541 3635 603 αὒτός
3698 538 3868 593 ἐστιν

437 637 536 712 pto
568 631 747 693 veluti
766 649 800 693 a
822 631 1246 713 conceptaculo
1278 630 1763 692 distributionem
1793 631 2084 691 donorum

438 720 638 782 eli‘ecit
670 739 683 784 :
718 727 783 781 ut
804 722 927 799 jam
962 721 1059 796 sit,
1086 728 1143 781 ct
1166 720 1466 800 accipiens
1517 716 1790 799 Spiritus,
1821 728 1879 780 et
1907 737 2085 780 acce-

439 818 598 890 ptus,
634 818 692 870 et
722 810 832 871 hoc
862 809 1100 889 quidem
1135 809 1384 871 iunuere
1404 808 1902 888 Paracletum,qui
1927 809 2088 869 acci-

440 897 524 977 pit
556 916 672 958 non
706 898 1148 970 mutuatus,hoc
1170 916 1309 959 vero
1338 899 1516 971 dona,
1550 915 1681 977 quas
1712 896 1783 957 ab
1820 898 1948 975 ipso
1981 915 2086 958 ex-

439 985 687 1047 bihente
739 984 1042 1049 Paracleto
1106 986 1499 1067 accipiuntur.
1536 990 1608 1049 Et
1653 984 1909 1046 addiscit
1960 987 2089 1046 haec

440 1073 744 1154 latius,qui
764 1074 964 1137 omnia
989 1074 1317 1137 secundum
1344 1082 1543 1154 partes
1568 1073 2092 1154 percurrerit,quae

443 1181 548 1245 pro
580 1165 891 1225 sententias
919 1163 1332 1244 hujuscemodi
1375 1171 1696 1235 structura,
1731 1162 1791 1222 in
1821 1163 1945 1242 jam
1973 1181 2087 1223 sa:-

444 1251 577 1332 pius
607 1252 847 1314 laudata
881 1253 1149 1314 oratione
1179 1251 1560 1332 explicuit.Et
1581 1260 1819 1313 sanctus
1848 1251 2090 1331 quidem

445 1358 566 1402 non
597 1344 709 1401 alio
741 1349 909 1419 pacto
942 1341 1017 1403 de
1049 1341 1366 1416 similibus,
1414 1360 1542 1422 quae
1592 1340 1651 1401 in
1702 1340 1954 1402 addut-ta
1984 1358 2090 1417 pe-

444 1428 647 1509 ricope
672 1429 988 1504 habentur,
1014 1430 1074 1490 in
1106 1431 1347 1509 prOpria
1378 1430 1645 1491 oratione
1676 1428 1938 1492 tradidit.
1973 1428 2091 1491 Vos

446 1536 608 1592 vero,
634 1518 734 1598 qui
757 1525 969 1579 cuncta
997 1524 1221 1581 temere
1241 1520 1622 1600 pronuntiare
1654 1538 1772 1579 nou
1800 1518 2091 1580 veremini

447 1607 600 1688 quod
633 1608 919 1687 spiritalia
938 1608 1094 1670 dona
1122 1607 1462 1671 iudicentur
1491 1608 1752 1670 dictione
1810 1609 2084 1687 accipiet,

448 1696 643 1776 ipsum
676 1695 931 1777 Spiritus
973 1715 1191 1759 nomen
1238 1698 1391 1759 male
1422 1697 1902 1778 interpretantes,
1937 1697 2090 1757 hanc

452 1802 685 1866 pravam
744 1786 1006 1847 nominis
1057 1786 1612 1867 interpretationem
1675 1785 1961 1865 airipitis,
2023 1785 2096 1846 ad

450 1873 895 1936 decernendum
949 1893 1069 1936 non
1114 1875 1338 1956 absque
1383 1894 1604 1944 errore.
1643 1894 1762 1935 non
1802 1893 1870 1935 ex
1900 1873 2095 1936 Verbo

451 1981 583 2025 esse
634 1962 940 2042 Spiritum.
976 1983 1081 2025 sua
1137 1974 1346 2026 natura
1379 1982 1448 2025 ac
1479 1964 1806 2025 divinitate.
1843 1962 2095 2026 Verum-

452 2060 649 2114 tamen
681 2053 1186 2128 contentionibus,
1224 2065 1283 2115 et
1312 2052 1481 2116 vobis
1512 2053 1658 2134 ipsis
1687 2053 2095 2133 complacendi

456 2141 649 2202 studio
682 2142 981 2222 sepositis,
1031 2142 1081 2203 si
1130 2142 1347 2223 aptatis
1380 2143 1708 2216 addiscere,
1739 2161 1811 2202 an
1846 2160 1912 2202 ex
1945 2142 2093 2204 Filio

452 2230 711 2309 Spiritus
740 2231 838 2308 sit,
870 2230 1015 2292 illud
1060 2240 1394 2311 procurate,
1430 2249 1500 2292 ex
1530 2231 1745 2294 divinis
1776 2230 2094 2310 Scripturis

454 2335 837 2399 cognoscere,
880 2320 1177 2381 undenam
1229 2321 1358 2401 ipse
1418 2318 1674 2401 Spiritus
1733 2330 1974 2381 sanctus
2004 2322 2092 2382 rei

454 2417 772 2489 assumpta;
801 2427 907 2489 per
940 2407 1257 2471 Dominum
1286 2408 1581 2470 exhibitus
1608 2408 1735 2469 est?
1784 2408 1951 2471 Unde
1983 2427 2094 2471 ex-

455 2497 673 2559 sistens
727 2497 1074 2558 naturaliter
1105 2505 1164 2558 et
1193 2497 1607 2569 essentialiter,
1664 2497 1837 2560 datus
1892 2499 2095 2560 invec-

458 2594 671 2666 tusque
708 2595 797 2647 est
825 2586 1133 2647 Dominico
1159 2584 1425 2666 corpori?
1454 2588 1608 2649 Num
1640 2605 1712 2648 ex
1746 2591 1915 2649 Patre
1944 2588 2091 2660 solo,

455 2681 736 2755 tanquam
773 2692 841 2735 ex
874 2693 946 2736 eo
964 2675 1089 2736 solo
1117 2675 1408 2737 exsistens
1436 2676 1527 2736 rei
1557 2684 1873 2756 assumpta;
1902 2677 2096 2757 Spiri-

459 2771 552 2824 tus
582 2762 834 2824 douatus
863 2771 983 2827 est?
1015 2768 1091 2827 At
1118 2782 1365 2844 magnus
1394 2765 1748 2827 Athanasius
1780 2766 1993 2827 clamat
2022 2766 2098 2829 de

463 2851 612 2915 Filio
639 2871 654 2913 :
695 2876 722 2908 ¢
749 2851 832 2915 Ex
864 2853 991 2933 ipso
1019 2853 1218 2935 itaque
1253 2855 1313 2914 in
1344 2855 1620 2915 eumdem
1669 2855 2095 2931 descendebat,

461 2959 535 3002 ex
559 2940 867 3003 divinitate
915 2960 1041 3022 sua,
1074 2942 1140 3003 iu
1190 2944 1619 3004 humanitatem
1655 2962 1845 3006 suam.
1885 2969 1910 3001 »
1948 2946 2102 3007 Num

2120 1735 2158 1785 Β
2180 1695 2611 1773 ἀποτολμῶντες,

2168 634 2196 687 ὁ
2225 633 2312 688 καὶ
2360 632 2458 699 τὴν
2515 632 2621 688 ἀπὸ
2678 630 2969 706 δεξαμενῆς
3026 631 3118 688 τοῦ
3174 629 3594 710 προσλήμματος
3647 626 3867 683 διανο-

2170 720 2277 796 μὴν
2344 728 2445 777 τῶν
2489 721 2836 800 χαρισμάτων
2879 721 3195 795 ποιούμενος
3230 735 3243 749 ⁸
3308 721 3379 784 ὡς
3437 720 3579 776 εἶναι
3635 716 3741 773 καὶ
3793 714 3868 770 τὸ

2169 808 2438 885 λαμϐάνον
2493 811 2727 886 Πνεῦμα,
2799 811 2888 867 καὶ
2973 813 3030 866 νὸ
3086 808 3486 885 λαμϐανόμενον
3583 812 3862 882 Πνεῦμα,

2170 899 2258 953 καὶ
2285 900 2346 953 τὸ
2390 899 2486 973 μὲν
2530 897 2723 965 δηλοῦν
2774 899 2864 955 τὸν
2919 896 3286 977 Παράκλητον,
3349 897 3406 959 ὃς
3461 893 3739 971 λαμϐένει
3772 894 3865 966 μὴ

2172 983 2560 1061 δανειζόμενος,
2606 988 2667 1042 τὸ
2698 985 2752 1042 δὲ
2807 988 2872 1043 τὰ
2930 988 3263 1066 χαρῖσματα,
3325 983 3457 1064 ἅπερ
3502 1007 3608 1062 παρ
3674 982 3864 1038 ανότοῦ

2170 1080 2262 1130 τοῦ
2329 1073 2557 1137 διδόντος
2618 1073 2965 1154 Παρακλήτου
3016 1072 3394 1150 λαμϐάνονται.
3457 1074 3554 1132 Καὶ
3621 1070 3863 1127 εἴσεται

2170 1165 2236 1219 τὰ
2302 1165 2418 1243 περὶ
2486 1164 2672 1222 τούτου
2739 1162 3058 1244 πλατύτερον
3134 1168 3162 1221 ὁ
3217 1170 3378 1221 πᾶσιν
3454 1160 3862 1235 ἐντευξόμενος

2171 1252 2308 1308 κατά
2378 1252 2535 1332 μέρος
2593 1266 2710 1318 τοῖς
2767 1255 2883 1332 περὶ
2953 1258 3284 1320 κατασκευῆς
3376 1258 3469 1308 τοῦ
3547 1252 3860 1324 νοήματος

2172 1341 2353 1397 τούτου
2383 1343 2618 1419 ῥηθεῖσιν
2662 1341 2716 1397 ἐν
2768 1349 2844 1417 τῷ
2903 1340 3159 1405 πολλάκις
3220 1340 3426 1420 ῥηθέντι
3468 1339 3612 1417 λόγῳ
3644 1341 3857 1398 αὐτοῦ.

2174 1432 2272 1487 Καὶ
2342 1432 2369 1486 ὁ
2440 1430 2534 1505 μὲν
2594 1429 2741 1508 ἅγιος
2815 1430 2950 1487 οὕτω
3006 1432 3094 1487 καὶ
3152 1431 3237 1488 ἐπὶ
3308 1431 3563 1492 τοιούτοις
3625 1428 3697 1483 τὰ
3745 1431 3859 1492 τῆς

2171 1517 2647 1598 ἀναγεγραμμένης
2730 1526 3024 1599 περικοπῆς
3097 1519 3150 1576 ἐν
3235 1527 3312 1595 τῷ
3396 1518 3571 1593 οἰκείῳ
3690 1514 3863 1594 λόγῳ

2172 1609 2523 1688 προήνεγκεν,
2598 1610 2752 1683 ὑμεῖς
2812 1607 2869 1665 δὲ
2937 1612 2984 1665 οἱ
3041 1609 3234 1689 πάντα,
3298 1610 3372 1674 ὡς
3416 1608 3599 1687 ἔτυχε,
3654 1605 3861 1683 λέγειν

2709 1697 2792 1754 διὰ
2862 1700 2921 1754 τὸ
3001 1699 3067 1754 τα
3134 1698 3463 1774 πνευματικὰ
3545 1694 3860 1763 δηλοῦσθαι

2182 1786 2484 1864 χαρίσματα
2544 1786 2604 1843 ἐκ
2672 1790 2769 1856 τῆς
2828 1786 3056 1862 λήψεται
3139 1785 3348 1855 λέξεως,
3425 1785 3552 1841 αὐτὸ
3622 1785 3689 1839 τὸ
3756 1788 3863 1839 τοῦ

2180 1876 2480 1950 Πνεύματος
2536 1874 2988 1955 παρεξηγούμενοι
3052 1874 3240 1950 ὄνομα,
3324 1874 3564 1955 ἀφορμὴν
3651 1884 3861 1929 ποιεῖ-

2178 1967 2265 2021 σθε
2295 1962 2654 2044 παρεξήγησιν
2725 1972 2817 2021 τοῦ
2870 1965 3126 2040 ὀνόματος
3193 1972 3284 2022 τοῦ
3338 1963 3673 2042 δογματίζειν
3710 1961 3859 2017 ἐπι-

2176 2055 2421 2132 σφαώς,
2484 2055 2563 2128 μὴ
2605 2056 2669 2110 ἒκ
2724 2059 2816 2110 τοῦ
2874 2054 3046 2132 Λόγου
3102 2053 3243 2110 εἶναι
3312 2054 3372 2109 τὸ
3422 2051 3631 2125 Πνεῦμα
3703 2049 3860 2106 κατὰ

2174 2142 2274 2210 τὴν
2330 2146 2485 2201 αὐτοῦ
2542 2143 2690 2220 φύσιν
2748 2164 2803 2198 τε
2855 2144 2945 2199 καὶ
2998 2143 3245 2209 θεότητα.
3306 2140 3454 2199 Ἀλλ’
3512 2139 3856 2215 ἀποθέμενοι

2173 2232 2235 2287 τὸ
2278 2230 2574 2310 φιλόνεικον
2615 2231 2703 2288 καὶ
2767 2232 3107 2311 αῦτάρεσκον.
3165 2233 3208 2287 εἰ
3264 2238 3477 2303 ζητεῖτε
3513 2230 3695 2291 ὀιτως
3735 2249 3859 2303 μα-

2173 2319 2313 2399 θεῖν,
2372 2319 2432 2375 ἐκ
2514 2326 2604 2376 τοῦ
2688 2323 2808 2376 Υἱοῦ
2895 2323 2955 2376 τὸ
3023 2321 3231 2392 Πνεῦμά
3327 2321 3460 2393 ἐστι,
3555 2319 3851 2389 ζητήσατε

2177 2413 2373 2488 γνῶναι
2404 2407 2508 2464 ἀπὸ
2538 2411 2642 2464 τῶν
2687 2409 2837 2465 θείων
2891 2412 3164 2488 Γραφῶν,,
3224 2411 3349 2465 αὖτὸ
3406 2410 3465 2465 τὸ
3511 2413 3733 2480 Πνεῦμα
3786 2406 3856 2459 τὸ

2179 2497 2330 2575 ἅγιον
2439 2497 2596 2553 πόθεν
2694 2504 2771 2572 τῷ
2872 2496 3254 2577 προσλτεμματι
3354 2497 3542 2576 Κυρίου
3648 2494 3818 2560 ἐδόθη
3830 2540 3847 2566 ,

2181 2588 2336 2643 πόθεν
2433 2587 2672 2667 ὕπαρχον
2736 2589 2970 2666 φυσικῶς
3041 2609 3097 2642 τε
3181 2588 3268 2644 καὶ
3366 2584 3654 2654 οὖσιωδῶς,
3738 2583 3845 2639 δο-

2178 2677 2269 2732 τὸν
2338 2676 2426 2731 καὶ
2483 2676 2710 2733 ἐπακτὸν
2797 2683 2872 2751 τῷ
2958 2683 3201 2754 Κυριακῷ
3285 2676 3490 2750 σώματι
3544 2672 3848 2752 ἐγεγόνεις

2179 2752 2293 2844 ’Ἆρ’
2323 2763 2382 2821 ὲκ
2423 2770 2513 2820 τοῦ
2544 2766 2747 2844 Πατρδς
2783 2766 2967 2839 μόνου,
3026 2752 3099 2828 ὧς
3144 2765 3194 2830 ἐξ
3246 2767 3402 2821 αὖτοῦ
3446 2764 3607 2839 μόνου
3661 2763 3853 2836 ὕπαρο-

2185 2874 2287 2933 χον
2354 2860 2432 2928 τῷ
2505 2852 2883 2933 προσλήμματι
2958 2852 3114 2921 ἐδόθη
3185 2856 3245 2910 τὸ
3289 2860 3550 2933 Πνεῦμας
3611 2850 3766 2909 Ἀλλ’
3823 2855 3852 2907 ὁ

2187 2943 2355 3020 μέγας
2389 2943 2695 3005 Ἀθανάσιος
2753 2944 2851 3019 βοᾷ
2907 2945 3024 3021 περὶ
3078 2947 3172 3000 τοῦ
3216 2945 3337 3000 Υἱοῦ
3372 2958 3385 2972 ’
3466 2966 3492 2995 «
3551 2941 3639 3006 ἘΞ
3686 2944 3853 2998 αὐτοῦ

461 3046 669 3093 rursus
699 3048 770 3092 ex
800 3030 948 3093 Filio
981 3031 1387 3111 solo,perinde
1416 3050 1484 3093 ac
1515 3031 1566 3092 si
1595 3050 1665 3093 ex
1695 3032 1823 3112 ipso
1846 3033 1972 3095 solo
1996 3051 2096 3094 ex-

2190 3031 2278 3088 οῦν
2335 3032 2407 3095 εἷς
2464 3033 2619 3087 αὐτὸν
2688 3033 2900 3108 κατῄει,
2947 3032 3007 3089 ἐκ
3061 3038 3159 3099 τῆς
3229 3032 3476 3098 θεότητος
3556 3030 3715 3089 αὖτοῦ
3772 3032 3849 3092 εἰς

461 3120 722 3200 sisteret,
751 3119 837 3181 rei
871 3128 1194 3199 assumpta
1249 3119 1568 3182 attributus
1600 3128 1688 3181 est
1718 3121 2005 3201 Spiritus?
2035 3124 2111 3182 At

461 3207 1000 3288 Chrysostomus,in
1032 3208 1248 3289 saepius
1280 3208 1509 3270 laudata
1540 3209 1807 3269 oratione
1830 3208 1982 3270 inter
1999 3209 2114 3272 alia

465 3297 593 3358 haec
623 3316 857 3378 quoque
887 3306 1091 3378 aperte
1114 3298 1328 3359 tradit:
1362 3297 1555 3360 «Deus
1574 3298 2108 3359 sanctiﬁcavitcar-

466 3402 601 3446 nem
635 3384 853 3465 Spiritu
878 3395 1104 3461 sancto,
1138 3395 1195 3449 et
1227 3387 1387 3449 misit
1408 3386 1628 3447 donum
1654 3384 1910 3466 Spiritus
1946 3390 2113 3448 Pater

464 3472 527 3534 in
557 3491 799 3535 carnem
830 3474 1047 3537 Christi
1079 3496 1093 3536 :
1132 3484 1188 3536 et
1223 3495 1355 3538 cum
1407 3475 1728 3536 adveniens
1765 3475 1950 3554 gratia
1973 3476 2113 3536 uui-

468 3580 639 3623 versa
674 3562 833 3626 dona
857 3563 1078 3626 Christi
1107 3562 1603 3646 indidit,dicit:De
1629 3581 1761 3625 meo
1790 3564 2117 3644 accipietet

466 3650 840 3715 auuuntiabit
869 3651 1063 3718 vobis.
1102 3677 1126 3709 ι»

548 3919 611 3982 7.
640 3917 712 3980 Et
740 3917 883 3981 hinc
914 3919 1107 4000 palam
1136 3917 1444 4001 probatum
1502 3926 1792 3994 remanet,
1820 3938 2016 3999 neque
2045 3939 2113 3981 ex

468 4006 593 4069 solo
627 4010 818 4081 Patre,
852 4025 1045 4089 neque
1079 4026 1150 4070 ex
1187 4008 1313 4069 solo
1346 4007 1798 4083 Filiotdiviuum
1831 4007 2114 4089 Spiritum

466 4095 667 4158 datnm
699 4096 1117 4177 iuvectumque
1151 4096 1478 4160 Dominicae
1509 4096 1674 4158 carni
1711 4097 2028 4173 fuisse,sed
2047 4116 2117 4159 ex

466 4192 719 4268 utroque
748 4202 762 4247 :
806 4192 865 4246 et
905 4202 1155 4266 prorsus
1213 4192 1490 4266 tanquam
1523 4203 1591 4247 ex
1624 4184 1893 4247 ambolus
1924 4185 2114 4248 exsis-

468 4283 619 4350 teus,
673 4291 744 4335 ex
785 4273 1079 4337 ambobus
1122 4274 1290 4336 datus
1337 4282 1427 4337 est
1472 4274 1658 4336 carni.
1693 4273 1861 4347 Quod
1891 4275 1940 4335 si
1968 4276 2117 4337 forte

2191 3120 2290 3186 τὴν
2321 3119 2701 3198 ἀνθρωπότητα
2732 3121 2908 3180 αὐτοῦ.
2952 3144 2975 3179 ι)
3034 3117 3182 3177 Ἀλλ’
3240 3119 3299 3176 ὲκ
3326 3127 3416 3177 τοῦ
3460 3122 3580 3178 Υίοῦ
3651 3122 3850 3193 μόνου,

2193 3211 2265 3271 ὡς
2296 3207 2347 3273 ἐξ
2377 3208 2534 3264 αὐτοῦ
2563 3208 2726 3283 μόνου
2795 3210 3036 3288 ὑπάρχον
3091 3232 3167 3284 τῳ
3222 3207 3626 3288 προσλήμματι,
3686 3207 3849 3274 ἐδόθη

2194 3299 2255 3353 τὸ
2284 3303 2495 3372 Πνεῦμα
2530 3316 2546 3376 ;
2581 3296 2729 3353 Ἀλλ’
2762 3299 2789 3353 ὁ
2821 3297 3207 3377 Χρυσοῤῥήμων
3267 3298 3321 3354 ἐν
3364 3299 3509 3373 μέρει
3559 3306 3651 3356 τοῦ
3702 3296 3845 3354 πολ-

2196 3385 2347 3450 λάκις
2376 3386 2620 3464 ῥηθέντος
2652 3385 2820 3464 λόγου
2847 3386 2990 3464 λέγει
3014 3393 3241 3466 τρανῶς,
3302 3411 3329 3442 σ
3380 3380 3437 3444 Ὀ
3469 3388 3598 3451 Θεὸς
3648 3388 3849 3463 ἡγίασε

2194 3475 2294 3541 τὴν
2323 3475 2489 3552 σάρκα
2541 3475 2802 3550 Πνεύματι
2859 3477 3013 3553 ἁγίῳ,
3073 3477 3162 3531 καὶ
3243 3474 3518 3532 ἀπέστειλε
3574 3476 3673 3541 τὴν
3733 3474 3850 3531 δω-

2197 3564 2316 3642 ρεὰν
2372 3569 2464 3618 τοῦ
2519 3563 2821 3637 Πνεύματος
2879 3567 2908 3619 ὁ
2965 3564 3147 3642 Πατὴρ
3204 3564 3274 3628 εἰς
3328 3565 3425 3630 τὴν
3510 3564 3675 3642 σάρκα
3751 3571 3850 3621 τοῦ

2196 3658 2419 3731 Χριστοῦ
2467 3670 2483 3687 ⁸
2526 3653 2614 3708 καὶ
2668 3651 2850 3718 ἐπειδὴ
2907 3650 3121 3710 ἐλθοῦσα
3165 3654 3199 3720 ἡ
3250 3653 3404 3732 χάρις
3457 3650 3555 3708 ὅλα
3608 3653 3675 3707 τὰ
3703 3650 3850 3731 δῶρα

2196 3740 2409 3809 ἐνέθηκε
2449 3747 2527 3815 τῷ
2557 3747 2787 3820 Χριστῷ,
2839 3741 3002 3821 λέγει,
3061 3765 3089 3796 α
3149 3738 3245 3800 Ἐκ
3286 3748 3379 3799 τοῦ
3408 3742 3536 3817 ἐμοῦ
3578 3739 3842 3821 λήψεται,

2194 3831 2282 3888 καὶ
2308 3829 2596 3908 ἀναγγελεῖ
2635 3831 2784 3907 ὑμῖν.
2822 3852 2848 3887 ι

2277 3908 2329 3989 ζ’
2357 3920 2454 3977 Καὶ
2523 3916 2776 3975 δέδεικται
2828 3917 3013 3975 λοιπὸν
3071 3919 3300 3976 ἐντεῦθεν
3357 3924 3536 3997 σαφῶς
3594 3921 3666 3983 ὡς
3724 3917 3847 3974 οὕτε

2197 4005 2302 4062 ἀπὸ
2345 4007 2509 4083 μόνου
2535 4015 2628 4064 τοῦ
2692 4009 2903 4086 Πατρὸςη
2949 4007 3065 4062 οὔτε
3126 4007 3232 4064 ἀπὸ
3288 4007 3452 4083 μόνου
3484 4014 3575 4064 τοῦ
3633 4009 3755 4064 Υἱοῦ
3784 4010 3846 4063 τὸ

2197 4099 2342 4153 θεῖον
2373 4102 2581 4172 Πνεῦμα
2637 4093 2787 4152 δοτὸν
2840 4096 2930 4152 καὶ
2988 4095 3215 4152 ἐπακτὸν
3275 4102 3343 4172 τῇ
3402 4096 3552 4174 σαρκὶ
3605 4103 3695 4152 τοῦ
3736 4106 3842 4154 Κυ-

2199 4185 2306 4251 ρίου
2366 4183 2628 4264 ἕγεγονεϊ,
2676 4182 2797 4241 ἀλλ’
2853 4184 3077 4264 ἀμφοῖν,
3151 4184 3238 4239 καὶ
3327 4185 3539 4246 πάντως
3598 4185 3671 4249 ὡς
3741 4185 3845 4260 ἀμ-

2197 4287 2321 4353 φοῖν
2341 4275 2606 4354 ὑπάρχον,
2639 4276 2728 4331 καὶ
2777 4272 2828 4339 ἐξ
2869 4273 3070 4352 ἀμφοῖν
3126 4270 3274 4329 δοτὸν
3331 4272 3514 4351 γέγονε
3558 4278 3626 4350 τῇ
3668 4276 3840 4353 σαρκὶ.

469 4382 540 4425 ex
571 4366 742 4471 Patre
772 4364 1014 4464 quidem
1046 4363 1135 4425 rei
1167 4363 1914 4464 assumptzezdatu'mlfuisse
1935 4362 2103 4464 Spiri-

2204 4363 2260 4420 Εἰ
2308 4360 2352 4418 δ’
2399 4361 2531 4425 ἴσως
2591 4362 2651 4418 ἐκ
2709 4363 2805 4437 μὲν
2856 4369 2945 4419 τοῦ
3002 4363 3205 4440 Πατρὸς
3274 4359 3482 4429 δοθῆναι
3540 4368 3615 4436 τῷ
3684 4384 3849 4442 προσο

2204 4450 2224 4471 \
2257 4453 2269 4471 I
2529 4452 2557 4471 η
2604 4450 2643 4471 n
2717 4454 2744 4471 Λ
2863 4448 2884 4471 \
2910 4451 2919 4467 ι
3171 4451 3185 4469 κ
3303 4454 3348 4471 π
3402 4458 3425 4466 ν
3651 4452 3661 4465 ν
3798 4450 3845 4471 ψν

473 4461 620 4525 tum,
645 4452 832 4514 veluti
855 4471 923 4515 ex
954 4472 1024 4515 eo
1057 4454 1465 4525 exsistentem;
1489 4472 1556 4515 ex
1589 4453 1738 4516 Filio
1778 4471 1917 4514 vero
1949 4453 2120 4514 exhi-

476 4540 816 4615 bitum,uou
836 4542 1011 4604 veluti
1036 4562 1105 4605 ex
1128 4560 1197 4604 eo
1212 4542 1588 4605 exsisteutem
1610 4542 1907 4604 afﬁrmare
1920 4542 2118 4618 vultis,

470 4629 628 4691 haud
662 4630 809 4707 scio,
856 4650 931 4692 an
976 4632 1268 4713 quispiam
1323 4649 1581 4712 unquam
1615 4631 1845 4692 futurus
1876 4639 1985 4704 est,
2021 4632 2120 4711 qui

470 4717 611 4779 inde
637 4728 1041 4799 emergentem
1076 4721 1439 4801 impietatem
1481 4739 1600 4798 non
1635 4727 1915 4799 agnoscat
1973 4721 2119 4783 Cum

472 4825 579 4886 ego
614 4805 901 4888 Spiritum
934 4820 1199 4872 sanctum
1229 4817 1288 4870 et
1310 4828 1378 4870 ex
1402 4808 1575 4870 Patre
1604 4817 1661 4869 et
1695 4827 1762 4871 ex
1788 4807 1935 4869 Filio
1958 4809 2124 4871 exhi-

472 4894 658 4956 bitum
692 4914 823 4958 esse
852 4896 941 4958 rei
972 4905 1288 4979 assumpta;
1319 4896 1629 4977 nemo,qui
1649 4898 1884 4958 divinas
1910 4895 2117 4977 Scrip-

474 4990 637 5044 turas
666 4984 901 5057 evolvit,
928 4987 1163 5047 nescius
1186 4992 1296 5066 est,
1332 4985 1394 5045 ni
1422 4985 1718 5049 exhibitus
1761 4984 1838 5046 sit
1868 5003 1937 5047 ex
1971 4984 2119 5047 Filio

472 5071 652 5133 veluti
692 5089 764 5133 ex
818 5091 888 5134 eo
932 5076 1244 5149 exsisteus,
1281 5074 1776 5154 quemadmodum
1810 5073 2039 5135 scilicet
2064 5081 2123 5135 et

475 5178 545 5224 ex
576 5161 773 5235 Patre,
800 5162 1176 5225 manifestum
1200 5163 1298 5237 sit,
1327 5162 1773 5238 ministratorio,
1803 5162 2120 5242 servilique

476 5249 656 5310 modo
689 5266 760 5310 ex
788 5248 939 5313 Filio
967 5252 1257 5327 exhiberi,
1288 5270 1404 5331 quo
1436 5251 1576 5331 quid
1607 5250 1943 5327 absurdius,
1978 5251 2120 5332 quid

477 5337 966 5402 contumeliosius
979 5339 1097 5402 dici
1114 5339 1479 5422 potest‘lHtec
1507 5340 1687 5420 igitur
1713 5340 1969 5402 absurda
1992 5357 2123 5421 quae

476 5424 619 5487 inde
650 5426 1016 5504 exoriuntur,
1044 5428 1261 5500 edocti,
1303 5430 1542 5489 tandem
1578 5447 1700 5510 vos,
1742 5429 1841 5510 qui
1872 5448 1942 5490 ex
1974 5428 2121 5492 Filio

476 5532 600 5576 non
629 5531 762 5576 esse
784 5512 1067 5596 Spiritum
1103 5517 1454 5579 naturaliter
1481 5527 1542 5579 et
1563 5518 1957 5580 essentialiter
1977 5534 2125 5580 cou-

2203 4450 2445 4526 λήμματι
2528 4450 2772 4527 βούλεσθε
2863 4448 3038 4527 λέγειν
3135 4451 3196 4504 τὸ
3303 4454 3523 4529 Πνιῦκα,
3637 4452 3710 4513 ὡς
3795 4450 3847 4514 ἐξ

2203 4540 2359 4597 αὐτοῦ
2427 4540 2687 4619 ὑπάρχον,
2749 4541 2810 4594 εκ
2864 4536 2917 4593 δὲ
2975 4545 3067 4595 τοῦ
3119 4540 3238 4594 Υἱοῦ
3315 4535 3551 4611 δοθῆναι,
3616 4541 3718 4618 οὐχ
3774 4542 3848 4601 ὡς

2203 4628 2254 4695 ἐξ
2306 4629 2462 4685 αὐτοῦ
2519 4629 2781 4708 ὑπάρχον,
2839 4629 2932 4683 οὐκ
2989 4624 3112 4683 οἶδα
3183 4624 3236 4682 εἴ
3278 4649 3358 4690 τις
3416 4626 3478 4681 ἂν
3531 4628 3848 4708 ἒναπολειφ-

2202 4720 2315 4786 θείη
2392 4717 2582 4775 λοιπὸν
2651 4721 2750 4785 τὴν
2791 4721 3024 4774 εντεῦθεν
3081 4716 3501 4797 ἀναφαινομένην
3584 4718 3850 4795 ἀγνοήσας

2204 4806 2468 4887 ἀσέϐειαν,
2530 4808 2676 4864 Ἐπεὶ
2728 4807 2826 4886 γὰρ
2873 4808 2932 4861 τὸ
2990 4805 3131 4861 εἶναι
3185 4807 3246 4860 τὸ
3306 4811 3515 4879 Πνεῦμα
3583 4806 3644 4860 τὸ
3698 4806 3850 4883 ἅγιον

2203 4898 2291 4952 καὶ
2333 4895 2394 4952 ἐκ
2436 4904 2526 4952 τοῦ
2559 4898 2757 4974 Πατρὸς
2803 4896 2891 4950 καὶ
2951 4893 3010 4949 ἐκ
3048 4900 3140 4949 τοῦ
3198 4894 3317 4950 Υἱοῦ
3365 4891 3514 4949 δοτὸν
3572 4901 3647 4968 τῷ
3674 4916 3844 4973 προσ-

2202 4983 2467 5064 λήμματι,
2526 4983 2686 5049 οὔδεὶς
2736 4990 2841 5039 τίυν
2887 4983 2980 5044 τας
3066 4981 3205 5043 θείας
3289 4981 3543 5038 ἐπιόντων
3638 4983 3846 5061 Γραφάς

2202 5073 2408 5151 ἀγνοεῖ,
2468 5074 2512 5128 εἰ
2570 5073 2648 5148 μὴ
2719 5069 2868 5128 δοτὸν
2928 5069 3019 5137 εἴη
3064 5072 3152 5126 καὶ
3204 5068 3263 5125 ἐκ
3320 5077 3409 5126 τοῦ
3481 5072 3621 5143 Υίοῦ,
3667 5073 3739 5134 ὡς
3799 5069 3851 5135 ἐξ

2204 5160 2360 5218 αὐτοῦ
2414 5161 2677 5240 ὑπάρχον,
2756 5158 3034 5236 καθώσπερ
3117 5156 3301 5232 ἀμέλει
3346 5179 3426 5213 τοι
3509 5159 3597 5214 καὶ
3648 5158 3708 5214 ἐκ
3763 5165 3852 5215 τοῦ

2205 5250 2409 5322 Πατρὸς
2486 5247 2748 5328 πρόδηλον
2808 5250 2882 5310 ὡς
2960 5246 3268 5311 διακονικῶς
3350 5246 3438 5302 καὶ
3518 5247 3850 5326 πηρετικῶς

2204 5336 2264 5393 ἐκ
2318 5345 2409 5394 τοῦ
2465 5341 2586 5394 Υἱοῦ
2642 5335 2909 5414 διδόμενόν
2963 5334 3129 5409 ἐστιν,
3179 5335 3239 5389 οὗ
3292 5336 3342 5389 τί
3398 5333 3756 5415 ἀτοπώτερον,
3817 5335 3851 5403 ἢ

2204 5425 2686 5507 βλασφημότερον;
2748 5424 2905 5483 Ταῦτ’
2964 5426 3051 5481 οὖν
3121 5424 3187 5478 τὰ
3264 5420 3426 5487 οὕτως
3484 5422 3850 5482 ἀνακύπτοντα

2208 5514 2380 5577 ἄτοπα
2444 5517 2696 5592 μαθόντες
2770 5513 2923 5591 μόλις
2990 5513 3147 5586 ὑμεῖς
3193 5513 3241 5568 οἱ
3333 5510 3392 5567 ἐκ
3447 5519 3538 5568 τοῦ
3598 5513 3717 5570 Υίοῦ
3774 5512 3848 5588 μὴ

479 5601 827 5685 tenditis,ne
883 5606 1177 5670 malitiose
1227 5604 1422 5667 verbis
1460 5603 2021 5687 Chrysostomi,quae
2053 5605 2103 5665 d4

2208 5605 2466 5685 ὑπάρχειν
2524 5606 2586 5661 τὸ
2655 5609 2866 5678 Πνεῦμα
2939 5599 3316 5675 διενιστάμενοι
3374 5604 3605 5678 φυσικῶς
3662 5623 3718 5656 τε
3762 5600 3853 5658 καὶ
