4220 6292
502 368 607 432 251

1599 366 1808 431 JOAN.
1845 364 2066 430 VECCI
2098 363 2210 423 GP.
2244 357 2758 423 PATRIARCH/E

3768 357 3912 421 ‘25?

496 499 631 563 sitio
649 500 793 561 satis
816 498 1203 580 fuerit,quam
1229 498 1328 561 ille
1351 498 1412 560 in
1438 498 1741 560 nonnullis
1762 495 1936 557 dictis
1955 512 2140 557 evan-

2228 496 2411 552 τούτου
2481 494 2691 574 ἀρκέσει
2775 494 3048 576 ἐξήγησις,
3130 498 3196 565 ἢν
3249 494 3303 551 ἓν
3362 516 3467 551 τισι
3537 500 3644 550 τῶν
3701 497 3915 569 Εὔαγ-

493 589 705 669 gelicis
730 589 1068 669 digessit,in
1100 588 1319 665 quibus
1352 606 1568 649 nomen
1603 586 1942 648 Patriseum
1968 585 2149 645 addi-

498 679 660 741 tione
699 701 721 736 ιι
758 678 942 740 solius
980 702 1001 734 ο
1042 676 1480 741 circumfertur.
1515 675 1585 737 ad
1612 673 2145 755 comprobandum,

499 786 617 829 non
639 767 710 828 ad
736 766 1168 828 excludendum
1192 764 1431 828 Filium.
1457 763 1647 824 Patris
1671 779 1884 824 nomen
1906 761 2148 841 referri,

497 857 556 918 in
590 855 804 937 quibus
860 855 1021 915 solus
1079 852 1298 914 dicitur
1354 855 1548 925 Pater,
1583 851 1985 913 Nihilominus
2010 850 2152 912 licet

499 954 773 1025 tanquam
801 944 1199 1005 certissimum
1248 960 1319 1004 ex
1353 943 1545 1020 magni
1580 941 1782 1005 Basilii
1814 939 2147 1019 expositio-

498 1033 673 1094 nibus
704 1034 1060 1095 conﬁrmare
1091 1031 1416 1112 possimus,
1451 1050 1565 1091 non
1606 1032 1675 1092 ad
1709 1029 2146 1092 excludendum

496 1122 711 1184 Filium
755 1121 1079 1183 dictionem
1111 1121 1249 1201 poni
1288 1138 1392 1181 «ex
1424 1120 1553 1181 solo
1589 1123 1763 1182 Patre
1795 1118 2143 1198 Spiritum,»

495 1209 919 1284 insinuantem,
964 1235 989 1265 α
1028 1209 1397 1286 procedere;
1442 1234 1465 1263 η
1502 1228 1577 1269 ne
1611 1209 1847 1270 interim
1883 1206 2149 1267 inconsi-

496 1299 704 1359 derate
736 1307 793 1359 et
813 1300 945 1360 sine
977 1298 1098 1358 ullo
1156 1296 1430 1358 examine
1463 1297 1747 1378 quidquid
1779 1316 1812 1357 a
1843 1294 2148 1356 contradi-

495 1386 767 1448 centibus
799 1384 1354 1466 proponitur,sequi
1385 1386 2006 1465 videatur,antequam
2042 1402 2149 1461 ag-

495 1475 837 1552 grediamur
890 1473 1217 1534 secundum
1274 1473 1688 1535 obsistentiam
1741 1493 1809 1534 ex
1868 1471 2085 1534 habitis
2116 1489 2150 1530 a

500 1582 710 1642 magno
746 1562 959 1623 Basilio
993 1562 1482 1642 expositionibus.
1531 1564 1965 1633 demonstrare,
2000 1559 2148 1620 nihil

495 1653 759 1724 diﬁ‘errc,
794 1652 920 1712 sive
973 1651 1289 1731 aliquando
1340 1650 1586 1724 dixeris,
1653 1677 1676 1706 α
1715 1670 1782 1711 ex
1819 1651 1987 1711 Patre
2021 1648 2147 1708 solo

495 1739 805 1820 Spiritum.
852 1764 869 1794 ι
911 1742 1031 1801 sive
1064 1759 1169 1801 «ex
1204 1742 1372 1802 Patre
1405 1747 1460 1800 et
1497 1741 1703 1821 Filio,»
1743 1737 2142 1820 protendenti-

496 1829 604 1890 bus
637 1827 805 1889 nobis
833 1854 859 1883 α
890 1846 960 1889 ex
992 1828 1141 1896 solo,
1173 1853 1197 1882 η
1235 1827 1521 1888 instanter
1552 1829 1675 1889 haec
1708 1829 1965 1889 diclmus

2235 582 2469 662 γιλικῶν
2550 585 2729 663 ῥητῶν
2789 585 3100 654 ἐποιήσατο,
3182 582 3234 640 ἐν
3279 585 3367 648 οἷς
3424 583 3484 640 τό
3533 584 3627 639 τοῦ
3679 581 3920 648 Πατρός

2233 673 2401 748 ὄνομα
2446 675 2582 746 μετὰ
2637 680 2736 742 τῆς
2820 675 2913 730 τοῦ
2941 674 3104 747 μόνου
3132 674 3437 753 προσθήκης
3468 671 3756 752 ἐμφέρεται
3827 671 3916 735 εἷς

2233 763 2557 841 παράστασιν
2600 770 2692 820 τοὺ
2750 763 2828 839 μὴ
2885 762 3014 840 πρός
3071 760 3353 829 διαστολὴν
3395 762 3487 819 τοῦ
3550 762 3670 820 ι’ἱοῦ
3728 761 3913 839 εἰρῆ-

2233 854 2348 906 σθαι
2406 851 2466 907 τό
2522 858 2614 908 τοῦ
2682 852 2884 930 Πατρὸς
2941 850 3107 927 ὄνομα
3153 850 3233 932 ἐφ’
3279 855 3365 914 οἷς
3408 850 3567 926 μόνος
3598 848 3828 928 λέγεται
3879 851 3914 905 ὁ

2233 939 2434 1017 Πατὴρ,
2474 939 2621 1007 Πλὴν
2664 938 2783 997 ἀλλ’
2843 942 2886 996 εἷ
2934 941 3020 996 καὶ
3062 942 3198 996 κατὰ
3249 962 3311 997 το
3340 940 3511 1006 πάντη
3555 936 3775 1014 βέϐαιον
3844 934 3916 993 ἐς

2232 1032 2336 1082 τῶν
2389 1038 2481 1087 τοῦ
2537 1028 2771 1107 μεγάλου
2821 1028 3092 1085 Βασιλείου
3148 1028 3453 1108 ἐξηγήσεων
3501 1027 3701 1107 ἔχομεν
3774 1049 3911 1084 πα-

2233 1120 2515 1196 ραστῆσαι,
2578 1120 2654 1192 μὴ
2726 1119 2856 1197 πρὸς
2929 1115 3211 1185 διαστολὴν
3280 1126 3374 1175 τοῦ
3449 1121 3569 1176 1⁸ἱοῦ
3638 1116 3912 1194 λέγεσθαι

2231 1207 2328 1271 τὴν
2386 1206 2566 1283 φωνὴν
2608 1207 2705 1273 τὴν
2763 1206 2823 1262 ἐκ
2893 1207 3054 1281 μόνου
3098 1217 3188 1266 τοῦ
3230 1209 3432 1286 Πατρὸς
3487 1207 3548 1263 τό
3606 1212 3836 1281 Πνεῦμα
3871 1224 3906 1264 ι

2232 1292 2488 1371 λέγουσαν
2538 1318 2562 1348 α
2627 1294 3018 1375 ἐκπορεύεσθαι,
3072 1319 3098 1351 1v
3167 1294 3258 1352 ἴνα
3306 1295 3438 1361 τέως
3511 1295 3589 1371 μὴ
3647 1292 3913 1369 δόξωμεν

2233 1380 2545 1460 ἀλογίστως,
2635 1386 2723 1439 καὶ
2818 1383 3230 1464 ὰνεξερευνήτως
3328 1398 3445 1448 τοῖς
3523 1381 3914 1462 ἀντιλέγουσιν

2233 1468 2443 1527 ἔπεσθαι
2496 1474 2626 1549 πρὸς
2708 1479 2811 1528 πᾶν
2880 1474 2940 1529 τό
3016 1474 3140 1551 παρ’
3186 1473 3357 1531 αὐτῶν
3457 1472 3905 1552 προτεινόμενον,

2230 1561 2388 1637 πρινὴ
2482 1560 2924 1640 μεταλειρίζεσθαι
3031 1560 3148 1617 κατ’
3265 1562 3711 1639 ἄντιπαράστασιν
3835 1563 3907 1617 τὸ

2228 1645 2499 1713 ἀποδεῖξαι
2556 1650 2659 1705 ἀπὸ
2720 1656 2823 1707 τῶν
2886 1651 3142 1728 ῥηθεισῶν
3214 1673 3291 1724 τῳ
3346 1648 3564 1728 μεγάλῳ
3618 1648 3904 1729 Βασιλείῳ

2226 1735 2553 1816 ἐξηγήσεων,
2601 1735 2766 1812 μηδέν
2823 1760 2873 1793 τι
2927 1736 3210 1819 διαφέρειν,
3256 1738 3365 1797 ἔστι
3418 1740 3515 1815 μὲν
3557 1740 3618 1794 06
3669 1737 3729 1795 ἐκ
3793 1746 3901 1796 τοῦ

2228 1826 2426 1902 Πατρὸς
2459 1826 2621 1894 μόνου
2684 1850 2710 1880 ιι
2767 1825 2941 1905 λέγειν
3003 1849 3025 1882 α
3070 1829 3132 1883 τὸ
3190 1830 3422 1902 Πνεύμα,
3474 1850 3501 1882 n
3548 1826 3658 1883 ’ἐστι
3717 1825 3775 1882 δὲ
3829 1829 3901 1884 οὗ

501 1943 527 1972 ι
594 1916 685 1975 Ἐκ
715 1926 805 1975 τοῦ
840 1921 1036 1996 ΙΙατρὸς
1068 1920 1275 1974 καὶτοῦ
1324 1921 1435 1975 ι”ιοῦ
1464 1943 1482 1968 1
1523 1918 1693 1995 λέγειν
1729 1921 1871 1991 αὐτὸ,
1897 1918 2028 1996 πρὸς
2087 1914 2206 1974 τοὺς
2237 1914 2297 1967 τὸ
2358 1935 2385 1966 α
2439 1914 2498 1970 ἐκ
2548 1917 2709 1990 μόνου
2744 1938 2771 1969 ι
2834 1918 3217 1994 προτείνοντας,
3271 1915 3389 1974 κατ’
3450 1915 3688 1973 ἔνστασιν
3738 1914 3899 1972 οὕτω

539 2030 685 2083 ιμῐν.

539 2032 561 2062 ι
614 2032 685 2064 εν.

492 2032 529 2089 φ
563 2032 739 2187 ΞηΙέι
769 2103 1087 2187 quopacto
1120 2114 1219 2157 vos
1253 2095 1523 2187 probare,
1544 2097 1815 2176 poteritis
1843 2095 1915 2187 ab
1940 2093 2135 2187 δοιοί--

493 2183 664 2246 raliili
724 2184 949 2264 C)rillo
1006 2186 1287 2247 dictatum
1350 2183 1555 2265 fuisse,
1624 2210 1647 2238 ‹‹
1683 2204 1751 2245 ex
1810 2184 1936 2243 solo
1970 2186 2139 2243 Patre

487 2272 769 2352 Spiritum
802 2282 1074 2335 sanctum
1127 2273 1453 2353 procedere
1476 2273 1506 2332 ‘?
1542 2300 1565 2328 ι
1612 2273 1692 2334 Ex
1723 2274 2013 2344 oratione,
2042 2272 2139 2331 in-

490 2363 907 2443 quiunt,quam
932 2362 1355 2441 divusCyrillus
1377 2362 1449 2422 de
1473 2361 1757 2422 Trinitate
1782 2360 2136 2441 composuit,

486 2452 887 2531 continuoque
916 2451 1218 2511 chartulas
1246 2468 1363 2530 praa
1399 2450 1676 2511 manibus
1714 2459 1939 2511 tenent.
1972 2469 2139 2510 com-

490 2539 689 2620 plures
751 2556 851 2600 eas
906 2539 1174 2620 quidem,
1226 2539 1381 2619 quod
1442 2540 1573 2600 aliae
1622 2557 1689 2600 ex
1758 2538 1889 2599 aliis
1920 2557 1989 2599 eo
2023 2538 2139 2598 ﬁne

489 2628 801 2707 descripta;
830 2627 1124 2700 sint,nihil
1159 2646 1301 2689 vero
1351 2627 1422 2689 arl
1456 2627 1632 2689 ﬁdem
1662 2628 1776 2688 sibi
1804 2627 2134 2690 concilian-

489 2717 621 2777 dam
659 2714 899 2791 habent,
934 2716 1092 2796 quod
1126 2716 1371 2794 dignum
1425 2716 1909 2778 consideratione
1940 2719 2036 2776 sit.
2075 2718 2135 2778 In

490 2809 651 2870 nulla
676 2807 833 2869 enim
860 2826 931 2869 ex
954 2808 1045 2868 bis
1070 2807 1375 2870 schedulis
1393 2826 1460 2869 ea
1483 2828 1658 2886 quam
1686 2808 1795 2888 ipsi
1817 2808 2137 2869 commini-

489 2905 764 2970 scuntur,
820 2896 1298 2977 inscriptionem,
1360 2898 1548 2959 sancti
1598 2897 1800 2977 Cyrilli
1852 2898 2037 2957 oratio
2065 2896 2141 2957 de

488 2986 783 3049 Trinitate
812 2987 1109 3067 reperitur
1162 2989 1389 3065 integre
1443 2987 1766 3068 descripta,
1813 2985 2131 3066 prommiis.

489 3063 940 3157 certaminibus,
975 3084 1033 3137 et
1062 3063 1311 3156 epilogis
1374 3063 1663 3155 perfecta,
1697 3063 1912 3157 quibus
1946 3063 2197 3136 tabulaC

491 3165 861 3246 deprehendi
895 3174 1112 3245 posset.
1149 3164 1297 3226 Tum
1332 3166 1490 3226 enim
1521 3165 1751 3226 facilius
1809 3165 2003 3227 fabula
2027 3164 2137 3225 de-

492 3257 789 3335 prehensa
811 3254 1043 3334 fuisset,
1075 3254 1123 3315 si
1151 3254 1281 3334 quis
1313 3254 1601 3333 integram
1624 3256 1954 3316 orationem
1991 3274 2136 3314 con—

488 3344 810 3418 cinnasset,
840 3352 1115 3424 tanquam
1140 3363 1273 3423 qua:
1305 3354 1366 3406 et
1391 3346 1567 3405 modo
1592 3344 1855 3417 dicendi,
1892 3354 1950 3404 et
1984 3342 2137 3403 scri-

494 3432 713 3512 ptionis
743 3440 1047 3494 caractcre
1076 3434 1262 3493 sancti
1284 3433 1487 3513 Cyrilli
1514 3434 1674 3493 nullo
1709 3433 1942 3512 negotio
1975 3434 2140 3492 inno-

491 3520 787 3593 tuisset,et
819 3520 1163 3597 ﬁgmentum
1194 3531 1390 3600 posset
1419 3522 1685 3599 dignosci
1719 3520 1922 3583 Oratio
1946 3521 2140 3601 itaque

489 3609 718 3686 integra
737 3608 895 3668 nulla
919 3619 1232 3688 propterea
1258 3613 1553 3689 reperitur
1573 3610 1630 3669 in
1650 3607 2142 3670 sclieludismaxi-

493 3716 587 3758 mo
620 3714 866 3757 numero
892 3697 1287 3776 productis,ut
1307 3698 1525 3759 dictum
1553 3706 1664 3761 est.
1688 3696 1803 3760 Sed
1825 3697 2137 3758 lrnstulum

492 3784 802 3860 orationis,
864 3793 1144 3864 tanquam
1196 3795 1565 3863 segmentum
1601 3787 1783 3866 illius,
1817 3804 1993 3866 quam
2029 3785 2139 3864 ipsi

491 3874 688 3934 ferunt
718 3872 1105 3951 compositam
1165 3872 1351 3933 fuisse
1381 3893 1415 3934 a
1462 3885 1665 3935 sancto
1716 3876 2045 3935 orationem
2078 3875 2137 3935 in

492 3961 786 4022 similibus
810 3960 1086 4022 omnibus
1106 3962 1409 4023 scheludis
1428 3964 1708 4023 invenitu-
1734 3962 1824 4025 .Et
1845 3964 2142 4025 schedulze

493 4049 737 4132 quidem
775 4053 1077 4130 productae
1127 4062 1496 4129 segmentum
1547 4054 1657 4113 hoc
1697 4053 1987 4122 referunt,
2026 4072 2142 4132 quo

494 4142 677 4217 magis
697 4156 764 4199 ac
792 4138 977 4217 magis
999 4137 1396 4200 Ecclesiarum
1427 4140 1735 4201 dissidinm
1776 4137 2143 4201 constabiliri

490 4228 741 4290 videtur.
804 4228 1007 4309 quue
1065 4231 1387 4290 adversarii
1432 4228 1785 4291 instantibus
1816 4229 1987 4289 nobis
2019 4247 2143 4290 res-

2301 2082 2375 2168 γ’.
2415 2094 2510 2150 Καὶ
2569 2099 2707 2171 πῶς,
2752 2094 2797 2150 ὦ
2844 2095 3019 2169 ὑμεῖς,
3057 2094 3209 2174 ἔχετε
3241 2100 3574 2175 παραστῆσαι
3607 2115 3683 2167 τῳ
3738 2096 3890 2149 θαυ-

2222 2185 2409 2253 μαστῷ
2464 2180 2847 2260 θεολογηθῆναι
2928 2182 3157 2264 Κυρῖλλφ
3221 2202 3250 2243 (
3329 2185 3390 2239 ἰὀ
3444 2183 3505 2241 ἐκ
3559 2204 3722 2258 μονου
3795 2184 3901 2239 τού

2224 2270 2427 2346 Πατρὸς
2482 2272 2541 2325 τὸ
2598 2268 2751 2347 ἂγιον
2808 2271 3176 2351 ἐκπορεύεσθαι
3235 2279 3487 2353 Πνεῦμα,
3566 2296 3588 2325 ι
3653 2270 3746 2328 Ἐκ
3782 2273 3892 2327 τοῦ

2223 2354 2408 2433 λόγου,
2470 2359 2616 2436 φασὶ,
2708 2361 2798 2414 τοῦ
2866 2362 2983 2439 περὶ
3053 2359 3269 2439 Τριάδος
3329 2360 3719 2435 συντεθειμένου
3806 2381 3894 2432 τῳ

2224 2444 2358 2521 ἁγιῳ
2432 2444 2670 2523 Κυριλλῳ
2733 2448 2820 2503 καὶ
2874 2451 3128 2527 παρευθὺς
3186 2448 3430 2528 δελτάρια
3479 2450 3613 2524 μετὰ
3675 2461 3882 2528 χεῖρας

2225 2534 2433 2616 αὐτοῖς,
2490 2534 2664 2591 πολλὰ
2721 2537 2819 2611 μὲν
2862 2535 2942 2593 ὅτι
3011 2535 3147 2594 ἄλλα
3202 2538 3254 2603 ἐξ
3324 2536 3500 2594 ἄλλων
3558 2538 3874 2617 μετεγράφη

2222 2623 2357 2677 κατὰ
2413 2621 2668 2694 σπουδὴν,
2746 2623 2890 2682 οὒδὲν
2958 2624 3013 2681 δὲ
3071 2628 3157 2682 καὶ
3212 2628 3284 2690 εἷς
3354 2627 3528 2683 πίστιν
3582 2623 3886 2703 εὒπαράδε-

2224 2730 2346 2765 κτον
2378 2710 2594 2791 ἔχοντα.
2660 2710 2747 2768 Ἐν
2814 2713 2913 2791 γὰρ
2972 2712 3136 2770 οοᾜενὶ
3194 2720 3300 2770 τῶν
3342 2712 3647 2793 δελταρίων,
3679 2712 3708 2769 ὅ
3736 2715 3885 2770 κατὰ

2223 2799 2320 2867 τὰν
2380 2797 2504 2879 παρ’
2556 2802 2724 2856 αὒτῶν
2783 2805 3119 2859 συντεθεῖσαν
3205 2803 3503 2881 ἐπιγραφὴν
3565 2809 3652 2858 τοῦ
3720 2802 3883 2879 ἁγίου

2226 2886 2481 2965 Κυρέλλου
2549 2886 2704 2965 λόγος
2776 2892 2891 2969 περὶ
2962 2890 3175 2970 Τριᾶδος
3233 2894 3445 2971 εὕρηται
3493 2889 3559 2947 δι’
3591 2890 3715 2946 ὅλου
3758 2889 3879 2956 ἐξυ-

2223 2975 2513 3057 φασμένος,
2598 2979 2912 3056 προοιμίοις,
3001 2981 3088 3037 καὶ
3172 2981 3364 3059 ἆγῶσι,
3451 2982 3537 3035 καὶ
3595 2977 3871 3058 ἐπιλόγοις

2225 3065 2657 3149 ἀπαρτιζόμενος,
2719 3064 2770 3131 ἐξ
2828 3065 2983 3146 οὕπερ
3052 3071 3112 3125 τὸ
3173 3067 3342 3149 δρᾶμα
3401 3067 3589 3145 ἔμελλε
3637 3067 3878 3146 γενέσθαι

2225 3154 2545 3233 εὒφὼρατον.
2612 3145 2760 3226 Ῥᾷον
2815 3157 2914 3234 γὰρ
2957 3145 3017 3211 ἄν
3103 3145 3345 3238 ἐφώράθη
3399 3161 3459 3213 τὸ
3510 3145 3720 3237 δρᾶμα,
3772 3154 3867 3212 εἴ-

2223 3263 2319 3321 περ
2348 3241 2507 3321 λόγον
2571 3242 2691 3301 πλον
2736 3244 3097 3303 συνέπλασατό
3152 3269 3257 3327 τις,
3325 3248 3396 3312 ὡς
3438 3247 3544 3303 ἀπὸ
3600 3254 3692 3302 τοῦ
3725 3246 3877 3323 ἁγίου

2227 3329 2476 3408 Κυρίλλου
2533 3331 2627 3399 τῆς
2708 3333 2970 3412 φράσεως,
3018 3337 3223 3392 καὶτοῦ
3271 3340 3367 3402 τῆς
3429 3336 3641 3414 Γραφῆς
3688 3354 3873 3413 χαρα-

2221 3418 2411 3496 κτῆρος
2463 3418 2763 3495 δυναμένων
2847 3425 3152 3500 εὖελεγιτον
3238 3429 3460 3491 ποιῆσαι
3516 3425 3577 3479 τὸ
3662 3420 3873 3500 δραμα-

2224 3510 2522 3587 τούργημα.
2582 3514 2749 3589 Λόγος
2804 3512 2901 3587 μὲν
2972 3515 3060 3570 οὖν
3103 3514 3226 3579 ὃλος
3301 3515 3405 3595 οὔχ
3487 3513 3699 3593 εὕρηται
3779 3510 3865 3569 διὰ

2222 3606 2386 3654 ταῦτα
2412 3606 2465 3654 εν
2526 3614 2643 3663 τοῖς
2702 3602 2774 3664 εἷς
2820 3601 3021 3670 πλῆθος
3076 3605 3497 3683 προτεινομένοις
3546 3600 3862 3680 δελταρίοις,

2222 3688 2293 3751 ὡς
2325 3686 2556 3765 εἴρηται,
2590 3690 2850 3770 τεμάχιον
2898 3690 2952 3748 δέ
3006 3716 3056 3750 τι
3113 3692 3272 3772 λόγου
3327 3694 3400 3756 ὡς
3451 3692 3597 3771 τάχα
3644 3708 3869 3769 περικο-

2223 3776 2325 3847 πὴν
2377 3784 2469 3833 τοῦ
2522 3780 2594 3841 ὡς
2653 3780 2797 3838 αὐτοί
2853 3804 2979 3861 φασι
3033 3783 3406 3858 πεπονημένου
3451 3787 3528 3855 τῷ
3582 3780 3715 3858 ἁγίῳ
3770 3777 3871 3834 λό-

2224 3886 2319 3942 γου
2349 3867 2405 3919 ἒν
2460 3873 2590 3922 πᾶσι
2647 3881 2765 3932 τοῖς
2823 3872 3078 3936 τοιούτοις
3132 3871 3346 3942 εὕρηται
3398 3867 3706 3948 δελταρίοις.
3769 3867 3868 3924 Καὶ

2223 3955 2289 4008 τά
2346 3953 2442 4029 μὲν
2498 3953 2741 4034 δελτάρια
2795 3960 3172 4037 προτεινόμενα
3270 3962 3367 4028 τὴν
3419 3955 3716 4034 περικοπὴν
3775 3954 3876 4034 φέ-

2226 4063 2365 4120 ρουσι
2398 4044 2617 4122 ταύτην,
2665 4045 2779 4102 καθ’
2829 4047 2895 4115 ἢν
2952 4047 3209 4105 ἐπι-πλέον
3261 4051 3322 4105 τὸ
3378 4048 3482 4103 τῶν
3541 4041 3873 4111 Ἐκκλησιῶν

2226 4132 2431 4210 σχίσμα
2516 4136 2919 4211 συγκροτεῖσθαι
2973 4134 3120 4195 δοκεῖ
3164 4153 3178 4168 ⁸
3238 4160 3325 4194 και
3414 4133 3497 4192 διὰ
3579 4133 3773 4200 ταύτης
3824 4134 3871 4187 οἱ

2226 4218 2585 4298 ἀντιλέγοντες
2644 4224 2776 4301 πρὸς
2833 4225 2933 4291 τὴν
3005 4228 3157 4302 ἡμῶν
3218 4226 3456 4283 ἔνστασιν
3540 4223 3867 4293 ἀπαντῶσιν,

494 4318 783 4397 pendent,
815 4306 955 4379 dum
981 4317 1054 4379 ab
1079 4319 1197 4380 illis
1218 4321 1620 4400 exposcimus,
1653 4330 1711 4380 ut
1734 4320 2143 4381 demonstrent

2228 4306 2341 4365 καθ’
2373 4311 2435 4377 ἢν
2466 4309 2745 4376 ἀποδεῖξαν
2777 4310 3092 4390 ἅπαιτοῦμεν
3152 4317 3362 4396 αὖτοὺς,
3396 4316 3438 4369 εἰ
3482 4312 3542 4367 EI.
3585 4310 3746 4386 μόνου
3775 4315 3868 4365 τοῦ

490 4425 563 4467 an
586 4425 651 4466 ex
683 4406 809 4467 solo
840 4409 1011 4468 Patre
1045 4406 1300 4490 Spiritus
1336 4419 1445 4470 est.

581 4495 630 4557 ι.
667 4498 789 4559 Nos
820 4495 1093 4558 veroillis
1125 4499 1361 4578 propria
1380 4499 1791 4574 reddentes,et
1816 4498 2136 4567 undenam,

492 4585 816 4665 inquimus,
847 4585 1025 4647 ﬁdem
1060 4598 1428 4669 assequetur.
1460 4590 1683 4651 dictum
1724 4588 1916 4650 sancti
1940 4587 2141 4668 Cyrilli

492 4693 648 4748 esse,
682 4673 837 4754 quod
872 4674 974 4749 ait,
1018 4699 1040 4731 ιι
1078 4694 1148 4737 ex
1205 4679 1329 4738 solo
1388 4677 1562 4741 Patre
1611 4679 1893 4758 Spiritum
1932 4696 2140 4758 prere-

491 4765 635 4825 dere
656 4765 686 4824 ?
724 4790 744 4820 ι
773 4763 1128 4827 Undenam?
1150 4768 1245 4828 isti
1279 4768 1642 4841 aiunt.Qu0d
1670 4768 1811 4830 illud
1838 4769 1896 4829 in
1920 4766 2144 4829 codici-

494 4852 602 4915 bus
620 4855 1393 4929 vircumferatur,annorum
1417 4860 1765 4940 antiquitate
1780 4857 2140 4937 conspicuis,

493 4945 646 5024 quod
673 4944 743 5004 ad
770 4946 1231 5024 promerendum
1254 4947 1363 5008 sibi
1391 4948 1567 5009 ﬁnem
1593 4948 1829 5008 abunde
1858 4955 1964 5008 est.
1996 4944 2065 5007 Et
2084 4945 2142 5006 hi

493 5032 734 5112 quidem
766 5033 838 5093 ad
869 5044 1128 5096 nostram
1163 5036 1709 5117 instantiam,quam
1745 5036 2142 5097 demonsrari

493 5120 567 5181 ab
592 5120 801 5182 iisdem
827 5121 1394 5202 inquirimus,ﬁdem
1418 5137 1608 5188 aucto:
1630 5126 1952 5204 itatemque
1970 5124 2140 5203 dicti,

493 5209 765 5271 codicum
792 5211 1224 5292 antiquitatem,
1259 5217 1313 5276 in
1361 5216 1575 5296 quibus
1612 5215 1832 5276 dirtum
1867 5214 2145 5287 habetur,

495 5298 823 5359 obtendunt
854 5300 928 5361 At
961 5319 1068 5361 nos
1100 5303 1257 5373 ﬁdei,
1294 5324 1468 5385 quam
1503 5304 1642 5366 inde
1686 5303 1796 5364 sibi
1845 5312 2144 5373 astruunt,

491 5399 880 5468 opponentes,
922 5389 1133 5451 tadhuc
1155 5394 1314 5452 enim
1345 5405 1652 5455 certamen
1688 5391 2019 5454 secundum
2046 5391 2146 5451 ob-

492 5476 821 5537 sistentiam
847 5479 1335 5542 contradictiuuis
1353 5485 2144 5561 continuantes,recusamus

493 5576 551 5627 et
581 5566 722 5626 illud
762 5591 784 5619 «ι
825 5584 894 5628 ex
922 5568 1046 5627 solo
1087 5593 1107 5623 ι
1140 5569 1478 5645 admittere,
1530 5582 1587 5632 et
1618 5571 1945 5632 secundum
1978 5569 2144 5631 obsi-

491 5654 765 5717 stentiam
795 5654 1233 5740 demonstrare,
1260 5660 1395 5721 licet
1421 5680 1487 5721 ex
1516 5663 1642 5723 solo
1667 5659 1837 5721 Patre
1851 5657 2144 5740 quispiam

2166 4397 2206 4447 D
2225 4401 2427 4475 Πατρὸς
2457 4400 2517 4454 τὸ
2549 4400 2757 4469 Πνεῦμα
2788 4400 2951 4464 ἐστιν,

2302 4482 2371 4571 δ’)
2446 4482 2637 4566 Ἡμεῖς
2735 4490 2789 4547 δέ
2859 4495 3062 4559 τούτοις
3138 4495 3580 4577 ἀνθυποφέροντες
3641 4491 3707 4546 τὰ
3747 4486 3870 4566 παρ’

2224 4580 2445 4654 ἑαυτῶν,
2490 4582 2575 4636 καὶ
2620 4581 2776 4637 πόθεν
2802 4581 2925 4663 ἕξει,
3000 4588 3197 4667 φαμὲν,
3241 4588 3301 4642 τὸ
3372 4585 3559 4641 πιστὸν
3600 4580 3751 4658 ῥῆσιν
3780 4584 3872 4633 τοῦ

2226 4670 2374 4749 ἁγίου
2408 4668 2660 4749 Κυρίλλου
2702 4671 2861 4746 ,εἶναι
2893 4673 2990 4741 τὴν
3061 4681 3213 4755 ρῆσιν
3272 4673 3386 4743 ἥτις
3435 4692 3466 4727 α
3523 4670 3585 4728 ἐκ
3624 4667 3788 4745 μόνου
3813 4666 3874 4755 τὸ

2226 4765 2439 4833 Πνεῦμα
2488 4786 2512 4818 ι
2558 4756 2702 4836 λέγει
2741 4778 2765 4812 ι
2834 4761 2925 4818 τοῦ
2986 4753 3189 4839 Πατρὸς
3246 4762 3616 4843 ἐκπορεύεσθαι
3652 4775 3668 4832 ;
3700 4778 3726 4810 ο
3761 4753 3872 4810 Πό-

2224 4851 2311 4905 θεν
2343 4867 2358 4927 ;
2395 4848 2534 4904 οὔτοί
2560 4868 2715 4922 φασιν
2748 4848 2764 4878 ‘
2816 4850 2878 4906 ἐκ
2917 4860 3008 4908 τοῦ
3064 4851 3265 4930 βίὸλοις
3322 4852 3519 4917 ταύτην
3563 4844 3871 4927 ἐμφέρεσθαι

2227 4937 2422 5016 χρόνου
2490 4936 2810 5003 παΑαιότητι
2863 4943 3336 5022 συγκρατουμέναις
3415 4941 3545 5020 πρὸς
3621 4937 3683 4991 τὸ
3733 4930 3875 4997 ἀξιό-

2227 5047 2432 5084 πιστον.
2495 5027 2591 5083 Καὶ
2620 5026 2666 5082 οἱ
2723 5027 2820 5102 μὲν
2870 5033 2999 5112 πρὸς
3041 5055 3141 5103 την
3197 5037 3517 5095 ἓνστατικῶς
3604 5025 3867 5083 ἆπαιτου-

2228 5117 2393 5191 μένην
2436 5112 2560 5192 παρ’
2604 5115 2758 5190 ἡμῶν
2813 5110 3075 5189 ἀπόδειξιν
3126 5131 3219 5181 τοῦ
3260 5128 3354 5200 τῇς
3407 5122 3611 5201 ῥήσεως
3654 5110 3868 5179 ἀξιοπί-

2231 5227 2356 5263 στου
2398 5209 2496 5276 τὴν
2522 5205 2627 5259 τῶν
2679 5210 2871 5289 βίϐλων
2939 5211 3325 5293 προϐάλλονται
3368 5204 3726 5282 παλαιότητα,
3781 5201 3869 5293 αἷς

2230 5299 2267 5365 ἦ
2321 5298 2471 5376 ῥῆσις
2543 5302 2833 5384 ἐμφέρηται
2882 5320 2895 5334 ⁸
2958 5290 3122 5376 ἧμετς
3180 5298 3257 5377 δὲ,
3313 5302 3440 5379 πρὸς
3510 5298 3571 5353 τὸ
3640 5290 3872 5384 ἐντεῦθεν

2234 5385 2534 5452 ἆξιόπιστον
2594 5380 2775 5456 αὖτοϊς
2828 5391 3194 5471 ἀντιλέγοντες
3279 5389 3357 5446 ἔτι
3414 5389 3512 5467 γὰρ
3564 5385 3655 5442 τὸν
3697 5380 3876 5456 ἀγῶνα

2234 5477 2330 5546 τῆς
2388 5481 2524 5537 κατὰ
2581 5482 2678 5550 τὴν
2743 5479 2986 5538 ἔνστασιν
3027 5470 3033 5471 ⁷
3079 5478 3435 5559 ἆντιρῤἤσεως
3506 5470 3875 5559 ὑποδύομενοι,

2229 5567 2369 5625 οὕτω
2395 5568 2693 5649 βουλόμεθα
2764 5572 2853 5629 καὶ
2931 5572 2993 5627 τὸ
3065 5552 3241 5647 μόνον·
3283 5566 3544 5640 δέξκσθαι,
3615 5561 3704 5618 καὶ
3759 5552 3876 5611 κατ’

2233 5658 2683 5740 ἀντιπαράστασιν
2738 5659 3011 5728 ἀποδεῖξαι
3072 5663 3172 5741 ὡς,
3230 5659 3274 5715 ei
3327 5659 3414 5714 καὶ
3482 5654 3541 5712 ἐκ
3596 5650 3759 5730 μόνου
3785 5648 3877 5699 τοῦ
