4178 6286
236 364 347 431 253
1314 364 1411 425 DE
1456 357 1968 423 PROCESSIONE
2014 358 2074 419 S.
2123 357 2498 420 SPIRITUS.
3502 365 3615 429 254

235 499 435 575 Πατρὸς
493 499 782 578 εὖρίσκεταί
836 519 916 561 τις
973 497 1083 554 τῶν
1139 494 1304 573 ἆγίων
1361 491 1531 568 λέγων
1556 492 1615 548 τὸ
1646 498 1879 567 Πνευμα,

1970 498 2306 553 sanctorum
2338 493 2667 556 inveniatur
2710 494 2911 557 dicere
2966 494 3271 576 Spiritum.
3339 501 3481 564 nihil
3513 500 3633 563 dif-

238 583 353 643 ἀλλ’
413 585 559 645 οὐδὲν
614 589 744 668 φησὶ
801 585 1043 666 διααέροι
1084 584 1216 663 πρὸς
1297 582 1359 638 τό
1416 579 1476 637 ἐκ
1533 583 1737 660 Πατρὸς
1794 582 1882 638 καὶ

1970 578 2119 641 ferre
2147 580 2219 641 ab
2255 600 2346 654 eo,
2383 600 2448 644 ex
2476 585 2649 646 Patre
2680 602 2896 664 nempe
2944 594 3003 647 et
3058 585 3212 649 Filio
3242 588 3408 651 i'lum
3445 602 3635 666 esse,i

248 677 367 732 Υἱοῦ
420 675 666 756 ὑπάρχον
750 676 903 748 αὐτὸ,
973 672 1216 749 ἀξιοῦμεν
1284 672 1402 736 τοὺς
1457 676 1559 726 τῶν
1624 669 1881 750 ἑκατέρων

1970 685 2245 747 rogamus
2276 679 2662 753 utrorumque
2713 691 3052 735 sermonem
3111 676 3435 751 auditores,
3461 681 3629 738 omni

240 762 413 842 λόγων
481 765 742 844 ἀκροατὰς
817 764 1169 840 ἇπροσπαθῶς
1254 759 1550 827 διατεθῆναι
1604 762 1731 838 πρὸς
1787 760 1884 826 τὴν

238 851 538 931 διάγνωσιν.
613 858 673 914 Οἱ
730 854 826 928 μὲν
880 853 973 920 ’ῆν
1001 852 1153 929 ῥῆσιν
1179 847 1601 929 προϐαλλόμενοι
1663 850 1883 923 ταύτην,

238 942 297 999 ἐκ
350 942 515 1018 μόνου
557 949 653 1001 τοῦ
710 943 913 1022 Πατρὸς
957 942 1017 997 τὸ
1073 946 1310 1017 Πνεῦμα,
1395 937 1651 1017 λέγουσαν
1721 939 1885 1013 εἶναι,

238 1031 399 1107 μόνου
469 1039 563 1089 τοῦ
619 1032 782 1111 κάγίου
849 1029 1100 1107 Κυρίλλου
1143 1050 1338 1094 ταυτην
1395 1028 1537 1084 εἶναι
1581 1050 1731 1107 φασι,
1803 1029 1890 1083 καὶ

240 1121 293 1176 ἒν
336 1126 435 1195 μιᾷ
475 1127 743 1199 περικοπῆ
802 1120 907 1176 τῶν
980 1121 1139 1178 αὐτοῦ
1206 1116 1634 1194 συγίραμμάτων
1688 1115 1888 1191 ὁμολο-

242 1216 393 1287 γοῦσι
447 1210 644 1277 ταύτην
702 1208 1047 1289 εὒρίσκεσθαι,
1092 1229 1180 1263 και
1228 1203 1487 1270 ἀπόδειξιν
1540 1212 1632 1262 τοῦ
1694 1206 1891 1273 ταύτης

246 1297 547 1363 ἀξιοπίστου
611 1297 756 1355 οὐδὲν
839 1297 1017 1376 ἕτερον
1089 1292 1472 1374 προϐάλλεσθαι
1531 1293 1766 1375 ἔχουσιν,
1855 1294 1891 1361 ἣ

240 1386 337 1453 τὴν
381 1387 486 1444 τῶν
544 1384 786 1464 βίϐλιων,
847 1386 941 1450 αἷς
971 1388 1005 1453 ἦ
1066 1385 1219 1462 ῥῆσις
1287 1383 1593 1464 ἐμφέρεται,
1654 1382 1887 1441 παλαιό-

240 1498 399 1542 τητα.

320 1554 386 1624 ε’.
441 1555 631 1639 Ἡμεῖς
676 1562 730 1620 δὲ
784 1563 1207 1644 ἀνθυποφέρομεν
1265 1565 1337 1626 ὡς
1398 1563 1510 1619 ἐπεὶ
1566 1564 1708 1641 παρὰ
1756 1565 1891 1620 πάν-

235 1677 340 1711 των
423 1653 622 1709 τούτων
694 1660 886 1718 κοινῶς
972 1649 1320 1728 ὡμολόγηται
1378 1651 1541 1726 μόνου
1593 1659 1684 1708 τοῦ
1740 1652 1891 1730 ἆγίου

1971 757 2289 819 affectione
2341 768 2590 834 semota,
2619 761 2677 822 in
2699 761 2990 841 judicium
3016 764 3240 829 venire.
3266 764 3379 838 Qui
3401 766 3621 827 dictum

1969 849 2085 908 hoc
2127 856 2486 928 proponunt,
2521 867 2588 910 ex
2646 850 2771 911 solo
2801 852 2971 912 Patre
3001 850 3286 932 Spiritum
3320 874 3450 916 esse
3474 854 3623 915 insi-

1972 953 2182 1009 nuans,
2217 936 2399 996 solius
2430 938 2619 999 sancti
2648 937 2845 1019 Cyrilli
2867 939 3014 1001 illud
3063 960 3193 1003 esse
3238 951 3532 1023 asserunt,
3570 951 3627 1003 et

1971 1025 2032 1086 in
2064 1044 2182 1087 uno
2207 1038 2512 1106 segmento
2536 1030 2696 1091 illius
2719 1029 3105 1111 scriptionum
3141 1035 3396 1096 inveniri
3440 1035 3629 1096 faten-

1973 1123 2155 1185 tur,et
2181 1116 2251 1176 ad
2282 1117 2456 1177 ﬁdem
2480 1117 2565 1179 illi
2596 1120 3125 1200 auctoritatemque
3154 1123 3618 1198 conciliandam,

1974 1203 2120 1264 nihil
2147 1203 2308 1265 aliud
2339 1206 2614 1281 afferunt,
2649 1226 2826 1287 quam
2860 1211 3132 1271 codicum
3187 1211 3246 1272 in
3279 1211 3493 1291 quibus
3525 1231 3620 1274 re-

1976 1292 2222 1372 peritur,
2263 1294 2698 1375 antiquitatem.

2055 1563 2107 1624 5.
2149 1559 2267 1623 Nos
2298 1578 2435 1626 vero
2467 1572 2671 1626 contra
2727 1564 3069 1645 objicimus.
3102 1568 3249 1627 Cum
3298 1568 3452 1648 apud
3516 1569 3623 1630 hos

1975 1667 2185 1711 omnes
2208 1650 2340 1711 unis
2388 1652 2602 1714 animis
2652 1655 2709 1715 in
2771 1655 3046 1715 confesso
3102 1654 3198 1726 sit,
3258 1657 3368 1717 hoc
3399 1656 3617 1717 dictum

238 1740 494 1820 Κυρίλλου
558 1745 692 1798 εἴνῦι
742 1742 941 1808 ταύτην
983 1741 1081 1807 τὴν
1122 1741 1297 1818 ῥῆσιν,
1345 1746 1462 1802 ωῶς
1512 1739 1655 1804 ἰέντις
1686 1742 1746 1796 τὸ
1787 1747 1882 1809 τῆς

1970 1738 2156 1799 sancti
2194 1739 2391 1820 Cyrilli
2424 1741 2607 1802 solius
2664 1762 2816 1821 esse,
2880 1761 3138 1823 quanam
3194 1744 3423 1805 ratione
3453 1745 3619 1825 quis-

233 1829 381 1897 δίκης
443 1827 612 1909 φιλῶν
678 1828 898 1908 ἆῤῥεπὲς
979 1829 1036 1886 οὔ
1093 1830 1159 1884 τὰ
1216 1830 1495 1907 νικητήρια
1553 1827 1692 1886 δύσει
1768 1844 1885 1894 τοῖς

233 1918 452 1999 ἔχουσιν
482 1917 758 1984 ἀποδεῖξαι
828 1925 1007 1999 σαφῶς
1051 1918 1191 1997 παρά
1232 1939 1289 1973 τε
1346 1924 1438 1975 τοῦ
1481 1916 1713 1995 μεγάλου
1735 1916 1886 1975 Ἀθα-

229 2010 430 2083 νασίου,
506 2009 652 2087 παρά
704 2029 762 2063 τε
828 2015 922 2066 τοῦ
977 2004 1211 2085 μεγάλου
1272 2005 1574 2080 Βασιλείου,
1646 2008 1786 2084 παρά
1829 2029 1884 2064 τε

229 2107 322 2156 τοῦ
407 2099 645 2177 Νύσσης,
741 2098 882 2176 παρά
968 2119 1026 2152 τε
1066 2102 1159 2152 τοῦ
1204 2094 1591 2175 Χρυσοστόμου,
1639 2096 1779 2174 παρά
1827 2118 1882 2152 τε

230 2193 320 2243 τοῦ
391 2185 630 2265 μεγάλου
703 2184 1010 2266 Ἐπιφανίου
1093 2186 1494 2263 θεολογηθῆναι,
1542 2186 1629 2241 καὶ
1685 2184 1744 2242 ἐκ
1792 2193 1883 2243 τοῦ

240 2278 361 2332 Υἱοῦ
404 2278 468 2333 τὸ
539 2281 750 2351 Πνεῦμα
805 2276 1064 2354 ὑπάρχειν
1134 2273 1494 2338 ἐνυποστάτως
1556 2275 1643 2331 καὶ
1686 2279 1879 2333 οὗσιω-

234 2360 387 2443 δῶς;
437 2364 727 2440 Σκεπτέον,
793 2368 926 2444 πρὸς
980 2369 1079 2430 τῆς
1131 2361 1378 2430 ἀληθείας
1425 2366 1609 2439 αὐτῆς,
1672 2366 1715 2420 εἰ
1744 2363 1882 2421 ἔστιν

230 2450 368 2518 ὅλως
415 2455 453 2522 ῆ
528 2460 620 2510 τοῦ
679 2454 793 2516 ένὸς
867 2453 1121 2532 μαρτυρία
1160 2457 1317 2525 τριῶν
1360 2453 1449 2508 καὶ
1504 2451 1579 2516 δὶς
1621 2455 1884 2511 τοσούτων

228 2541 300 2602 είς
341 2539 673 2606 ἀξιοπιστίαν
725 2540 1103 2621 προτιμοτέρα.
1162 2542 1220 2597 Εἰ
1277 2538 1331 2596 δὲ
1388 2542 1476 2597 καὶ
1528 2540 1682 2597 αὐτὸν
1732 2542 1880 2598 ἐκεῖ·

224 2650 335 2703 νον,
397 2629 461 2686 ’ὃν
526 2632 580 2687 ὲν
650 2637 748 2707 μιᾷ
805 2634 970 2707 ταῦτῃ
1040 2631 1145 2685 τῶν
1199 2630 1401 2686 οἰκείων
1457 2641 1881 2708 συγγραμμάτων

223 2724 494 2797 περικοπῇ
549 2741 708 2799 φασιν
738 2718 878 2776 οὗτοι
922 2721 983 2775 τὸ
1046 2724 1256 2793 Πνεῦμα
1298 2717 1357 2773 ἐκ
1414 2717 1577 2792 μόνου
1619 2726 1709 2776 τοὺ
1767 2726 1880 2775 Πα-

216 2808 340 2884 τρὸς
400 2809 578 2864 εἰπεῖν
635 2807 1023 2885 ἐκπορεύεσθαι,
1084 2805 1415 2885 παραστῆσαι
1462 2804 1560 2871 ἕξει
1600 2809 1628 2863 ὁ
1682 2808 1884 2866 τούτοις

222 2895 642 2976 ἀλτιιρερόμενος
700 2896 910 2975 πολλαχ
922 2896 981 2953 οὔ
1052 2902 1158 2953 τῶν
1232 2896 1659 2973 συγγραμμάτων
1728 2897 1884 2955 αὖτοῦ

219 2982 513 3063 διαῤῥήδην
594 2984 964 3065 διατρανοῦντα
1045 2988 1107 3042 εκ
1189 2993 1277 3042 τοῦ
1362 2986 1562 3064 Πατρὸς
1643 2986 1729 3043 καὶ
1794 2993 1884 3043 τώ

222 3075 341 3129 ﬁeri}
442 3081 681 3155 φυσικῶς
791 3075 880 3131 καὶ
966 3074 1332 3135 ἐνυποστὶτως
1444 3074 1533 3129 καὶ
1617 3073 1883 3138 οὖσιωδῶς

218 3161 365 3219 εἶναι
428 3165 492 3219 τὸ
559 3169 790 3243 Πνεῦμα,
863 3163 943 3227 τίς
1002 3161 1064 3218 ἂν
1134 3162 1457 3218 πιστεύσειεν
1516 3163 1668 3219 α’›τὸν
1713 3163 1882 3238 ἐαυτῷ

216 3249 429 3331 ἐναντία
458 3253 559 3309 τὸν
601 3251 751 3331 ἅγιον
781 3250 1055 3331 θεολογεϊν
1088 3271 1104 3330 ;

297 3330 407 3415 ς’.
473 3342 614 3420 Πρὸς
665 3340 764 3416 μὲν
835 3343 920 3397 οὖν
978 3341 1038 3396 τὸ
1089 3340 1231 3417 παρὰ
1274 3346 1365 3396 τοῦ
1408 3340 1556 3418 ἁγίου
1630 3340 1879 3419 Κυρίλλου

215 3428 381 3502 μόνου
409 3430 641 3508 ῥηθῆναι
671 3430 771 3496 τὴν
807 3451 834 3484 α
883 3428 942 3485 ἐκ
978 3428 1141 3504 μόνου
1189 3439 1282 3487 τοῦ
1314 3431 1513 3506 Πατρὸς
1561 3452 1588 3485 α
1622 3427 1878 3507 λέγουσαν

214 3517 369 3595 ῥῆσιν
427 3521 506 3583 εἷς
594 3516 895 3597 ἆντιῤῥησιν
978 3515 1379 3597 προϐαλλόμεθα
1451 3520 1511 3575 τὸ
1568 3521 1708 3597 παρὰ
1776 3525 1881 3576 τῶν

214 3605 718 3686 ἀναγεγραμμένων
811 3605 1074 3685 θεολόγων
1184 3606 1428 3686 Πατέρων
1526 3608 1747 3683 ῥηθῆναι
1822 3612 1883 3665 τὸ

221 3717 248 3747 α
291 3696 355 3751 ἶῖκ
429 3696 643 3775 Πατρὸς
682 3698 770 3752 καὶ
804 3699 925 3755 Υἱοῦ
959 3713 972 3727 ⁵
1026 3719 1049 3753 ι
1106 3698 1178 3760 εἰς
1222 3695 1277 3753 δὲ
1323 3694 1583 3763 ἀπόδειξιν
1626 3700 1719 3754 τοῦ
1747 3697 1883 3773 μηδὲ

214 3782 268 3839 ἐν
315 3790 386 3860 τῇ
444 3789 549 3860 μιᾷ
631 3784 800 3850 ταύτη
857 3792 1124 3865 περικοπῇ
1195 3792 1270 3860 τῷ
1332 3786 1467 3864 ἁγίῳ
1522 3785 1758 3864 Κορίλλῃ)
1784 3787 1883 3854 τῆν

215 3872 397 3950 φωνὴν
444 3873 657 3939 ταύτην
712 3873 935 3951 ῥηθῆναι
990 3876 1049 3931 τὸ
1113 3872 1296 3949 μηδενὶ
1355 3882 1458 3932 τῶν
1492 3875 1737 3933 ἁπάντων
1795 3899 1875 3931 πι-

216 3963 488 4019 στεύεσθαι
536 3963 713 4019 εἰπεῖν
754 3983 804 4018 τι
854 3964 945 4018 τὸν
1000 3962 1150 4041 ἅγιον
1209 3962 1464 4041 Κύριλλον
1496 3964 1665 4038 ἐαυτῷ
1703 4011 1715 4025 ,
1752 3969 1881 4040 πρὸς

221 4047 273 4104 δὲ
327 4050 428 4117 τὴν
484 4073 618 4130 παρ⁴
676 4051 846 4108 αὒτῶν
900 4049 1337 4130 προϐεϐλημένην
1393 4051 1724 4119 παλαιότητα
1778 4057 1885 4109 τῶν

219 4136 409 4214 βίϐλων
485 4141 799 4209 παλαιότης
898 4140 1448 4222 ἀντιπροϐληθήσεται
1514 4140 1729 4217 βίϐλων,
1789 4142 1885 4199 Καὶ

223 4228 337 4306 εἴγε
407 4252 460 4286 τι
518 4229 660 4294 ἴσως
692 4228 810 4311 ἔχει
839 4228 1034 4306 βίϐλων
1091 4230 1387 4298 παλαιότης
1433 4228 1625 4308 βίϐλων
1656 4228 1886 4287 παλαιό-

215 4338 335 4385 τητι
406 4318 714 4399 μάχεσθαι,
799 4318 934 4375 ἀλλὰ
1016 4321 1277 4377 κάνταῦθα
1334 4322 1775 4400 ὑπερεκπερισσοῦ
1827 4321 1887 4375 τὸ

1970 1829 2124 1909 piam
2154 1830 2308 1911 aequi
2337 1850 2563 1905 amans,
2599 1842 2656 1893 et
2712 1837 2949 1910 gemina
2995 1834 3219 1911 justum
3280 1834 3452 1895 lance
3482 1854 3618 1896 sus-

1969 1918 2261 1998 pendens,
2302 1919 2608 1982 tictoriam
2634 1941 2749 1982 non
2784 1922 2901 1983 illis
2948 1921 3258 1995 concedet,
3293 1923 3391 2002 qui
3427 1924 3615 2003 palam

1967 2007 2396 2080 demonstrant,
2433 2022 2490 2070 et
2521 2029 2554 2069 a
2586 2028 2796 2087 magno
2851 2009 3199 2084 Athanasio,
3256 2021 3313 2071 et
3341 2029 3373 2073 a
3408 2030 3617 2089 magno

1966 2094 2206 2170 Basilio,
2242 2115 2350 2157 nec
2374 2116 2490 2159 non
2514 2096 2983 2179 Ny~seno,atque
3015 2099 3458 2179 Chrysostomo.
3492 2108 3614 2162 tum

1967 2185 2143 2246 etiam
2160 2207 2189 2243 ιι
2215 2204 2427 2265 magno
2449 2186 2774 2267 Epiphanio
2793 2187 3069 2249 traditum
3095 2188 3363 2261 fuisse,et
3387 2207 3453 2250 ex
3467 2188 3616 2250 Filio

1963 2274 2246 2354 Spiritum
2286 2293 2418 2336 esse
2484 2295 2589 2336 sua
2621 2276 2938 2356 hypestasi,
2979 2285 3038 2337 et
3063 2276 3353 2337 essentia?
3376 2285 3432 2337 et
3464 2298 3612 2338 con-

1965 2363 2348 2425 siderandum
2382 2363 2583 2443 utique
2630 2379 2742 2437 est,
2794 2383 2904 2445 per
2953 2363 3256 2426 veritatem
3305 2364 3491 2444 ipsam
3541 2385 3615 2426 au

1967 2450 2601 2527 uninstestimonium,
2661 2453 2836 2513 trium
2888 2454 2976 2514 vel
3021 2471 3125 2513 sex
3165 2462 3509 2514 auctoritate
3541 2457 3614 2515 ad

1966 2540 2142 2601 ﬁdem
2170 2542 2635 2621 comparandum
2662 2540 2853 2621 potius
2874 2541 3000 2602 sit?
3045 2539 3210 2613 Quod
3243 2541 3293 2602 si
3343 2551 3400 2602 et
3447 2541 3612 2602 illum

1966 2629 2160 2710 ipsum
2188 2650 2361 2709 quem
2389 2630 2449 2689 in
2472 2648 2586 2690 una
2611 2640 2835 2690 tantum
2857 2628 3230 2709 propriorum
3254 2639 3615 2691 commenta-

1968 2717 2189 2779 riorum
2219 2718 2496 2799 pericopa
2522 2727 2791 2781 asserunt
2816 2716 3191 2797 hi,Spiritnm
3216 2737 3282 2779 ex
3303 2717 3427 2778 solo
3443 2717 3617 2781 Patre

1969 2807 2295 2888 procedere
2364 2807 2712 2872 uftiamasse.
2794 2805 3184 2886 comprobare
3244 2807 3458 2887 poterit
3513 2807 3615 2888 qui

1968 2895 2089 2956 illis
2146 2896 2485 2976 opponitur,
2549 2894 2937 2957 multis'aliis
3018 2893 3408 2975 scriptionum
3470 2894 3614 2956 locis

1966 2993 2168 3064 aperte
2201 2986 2563 3055 edicentem,
2598 3004 2664 3045 ex
2723 2983 2891 3045 Patre
2951 2991 3007 3044 et
3057 2982 3208 3045 Filio
3238 2983 3610 3056 naturaliter,

1971 3072 2358 3153 bypostalice,
2394 3081 2452 3134 et
2502 3071 2901 3133 essentialiter
2958 3070 3239 3150 Spiritum
3292 3088 3446 3151 esse,
3483 3070 3617 3151 quis

1969 3162 2174 3223 credet
2206 3164 2478 3223 eumdem
2542 3174 2807 3222 sanetum
2866 3158 3224 3238 sibimetipsi
3256 3159 3612 3221 adversari?

2040 3343 2102 3400 6.
2138 3338 2229 3401 Ad
2264 3337 2410 3400 illud
2439 3339 2633 3419 itaque
2682 3337 2870 3399 sancti
2929 3334 3128 3415 Cyrilli
3181 3336 3363 3396 solius
3392 3334 3614 3395 dictum

1960 3426 2301 3502 insinuans,
2363 3449 2389 3487 α
2425 3447 2494 3490 ex
2546 3427 2668 3488 solo
2700 3425 2895 3497 Patre,
2935 3451 2957 3481 υ
3025 3435 3233 3485 contra
3262 3423 3616 3504 opponimus

1966 3518 2120 3597 quod
2154 3536 2185 3576 a
2234 3518 2358 3595 jam
2409 3516 2662 3578 laudatis
2713 3513 2989 3577 Patribus
3022 3513 3309 3591 theologis
3340 3512 3612 3583 traditur,

1972 3628 1995 3662 ι
2032 3623 2101 3667 ex
2132 3609 2301 3669 Patre
2335 3616 2391 3668 et
2418 3605 2571 3668 Filio
2604 3625 2618 3665 ε
2664 3631 2687 3663 υ
2727 3604 2799 3665 ad
2828 3604 3358 3664 demonstrandum
3415 3621 3610 3683 neque

1966 3694 2026 3756 in
2058 3714 2174 3756 una
2229 3714 2298 3757 ac
2357 3696 2634 3776 pericopa
2688 3712 2721 3757 a
2780 3708 2985 3755 sancto
3021 3692 3234 3773 Cyrillo
3291 3690 3609 3753 dictionem

1965 3783 2118 3846 hanc
2148 3784 2335 3845 fuisse
2370 3785 2677 3856 insertam,
2738 3782 2894 3863 quod
2954 3781 3151 3842 nullus
3210 3800 3278 3842 ex
3331 3781 3610 3842 omnibus

1964 3873 2189 3948 credet,
2223 3884 2489 3934 sanctum
2521 3872 2796 3953 Cyrillum
2850 3870 3225 3931 adversantia
3254 3869 3614 3950 sibimetipsi

1967 3966 2331 4028 enuntiasse.
2366 3967 2456 4028 Ad
2483 3975 2829 4046 praetensam
2856 3983 2961 4045 per
2980 3963 3140 4043 ipsos
3162 3962 3433 4023 codicum
3457 3963 3615 4023 anti-

1969 4054 2274 4133 quitatem,
2301 4055 2571 4116 codicum
2601 4054 2847 4115 aliorum
2876 4052 3197 4131 antiquitas
3221 4059 3605 4130 proponetur.

1969 4141 2040 4205 Et
2061 4144 2109 4203 si
2135 4144 2275 4223 quid
2301 4144 2449 4205 forte
2472 4144 2742 4205 codicum
2777 4143 3102 4221 antiquitas
3149 4140 3418 4201 codicum
3451 4142 3610 4200 anti-

1971 4235 2278 4313 quitatem,
2316 4235 2686 4295 Contundere
2707 4234 2886 4310 valet,
2908 4233 3043 4291 hinc
3067 4248 3300 4310 quoque
3320 4229 3612 4309 multis'ex

1972 4321 2234 4400 partibus
2267 4323 2617 4403 palmauium
2670 4320 2906 4383 dabitur
2956 4320 3065 4392 illi,
3103 4319 3203 4397 qui
3257 4317 3465 4397 majori
3500 4337 3613 4377 nu-

215 4413 363 4479 νικᾷν
420 4404 933 4487 ὲπιὸραϐευθήσεται
992 4416 1067 4483 τῷ
1115 4411 1173 4466 τὸ
1216 4408 1405 4466 πλεῖον
1460 4409 1622 4476 ἕξοντι
1667 4409 1752 4466 ἐπὶ
1809 4416 1882 4483 τῷ

1972 4428 2133 4470 mero
2158 4411 2520 4490 constipatus
2545 4410 2811 4471 accedet.
2850 4409 3008 4469 Licet
3053 4408 3213 4466 enim
3261 4406 3371 4485 ipSI
3403 4406 3614 4467 multas

217 4496 447 4574 ἀριθμῷ.
538 4498 599 4554 Εἰ
656 4497 755 4574 γὰρ
796 4498 884 4553 καὶ
938 4496 1110 4556 πολλὰ
1161 4500 1513 4577 προτείνουσιν
1574 4498 1714 4554 οὗτοι
1758 4495 1880 4553 δελ-

211 4581 389 4663 τάρια,
463 4581 611 4639 ἄλλα
659 4584 711 4649 ἐξ
765 4582 941 4642 ἄλλων
1014 4587 1435 4666 μεταγραφέντα,
1505 4588 1593 4649 οἷς
1634 4588 1670 4654 ἡ
1731 4587 1881 4664 ῥῆσις

215 4668 349 4739 αὕτη
394 4671 709 4753 ἐμφέρεται,
758 4671 876 4729 ἀλλ’
921 4673 1049 4752 ἐγὼ,
1097 4678 1161 4741 νὴ
1198 4676 1257 4731 τὸ
1300 4680 1396 4742 τῆς
1453 4675 1700 4743 ἀληθείας
1746 4675 1879 4754 κρά-

215 4780 329 4833 τος,
403 4760 492 4817 ἐπὶ
568 4764 773 4841 μακρὸν
816 4760 919 4829 ἤδη
975 4763 1166 4843 χρόνον
1223 4770 1315 4819 τοῦ
1357 4766 1665 4838 ζητήματος
1696 4785 1878 4820 κινου-

221 4858 402 4924 μένου,
466 4848 615 4915 ἅπαξ
662 4849 735 4907 ἐνὶ
789 4851 936 4925 μόνῳ
990 4851 1242 4931 δελταρίῳ
1298 4852 1722 4926 πεπαλαιωμένῳ
1785 4852 1878 4912 τὰς

220 4934 367 5012 ὅψεις
426 4936 722 5013 ἐπέϐαλον,
781 4940 881 5008 τὴν
923 4940 1071 5018 ῥῆσιν
1143 4940 1350 5021 φέροντι
1408 4942 1629 5016 ταύτην,
1692 4943 1778 4996 καὶ
1822 4940 1881 4994 τὸ

220 5022 513 5106 δελτάριον,
600 5028 677 5091 ὡς
760 5027 810 5094 ἐξ
882 5028 1063 5107 ἐράνου
1120 5033 1207 5087 καὶ
1290 5029 1552 5108 συλλογῆς
1624 5028 1880 5109 διαιρόρων

221 5118 660 5197 συγγραμμάτων
716 5120 1074 5198 συγκείμενον,
1133 5123 1193 5178 οὔ
1264 5122 1420 5200 μέρος
1480 5119 1645 5178 ἐδόκει
1703 5118 1880 5196 βίϐλου

218 5206 343 5279 τῶν,
389 5210 583 5265 ὁποῖαι
662 5207 852 5266 πολλαὶ
904 5216 981 5280 τῷ
1050 5212 1289 5289 θεηγὸρῳ
1349 5209 1584 5290 Κυρίλλῳ
1626 5208 1876 5278 ’διεπονή-

215 5296 398 5362 θησαν.
458 5295 597 5356 ουδὲ
672 5299 771 5375 γὰρ
828 5296 942 5354 ὡδὶ
994 5302 1150 5357 τοῦτο
1222 5301 1409 5379 μικρὸν
1453 5300 1525 5364 εἰς
1569 5300 1878 5378 ἀποτροπὴν

214 5388 311 5451 τῆς
339 5386 581 5462 ῥησεως,
647 5386 709 5441 τὸ
739 5386 794 5441 ὲν
851 5384 1087 5463 μηδεμιᾷ
1156 5395 1262 5446 τῶν
1318 5385 1510 5465 βίϐλων
1558 5387 1754 5454 ταύτην
1786 5389 1876 5443 εἰδ-

212 5473 474 5553 ρίσκεσθαι
579 5476 661 5529 ὧν
758 5473 979 5532 Exime)
1036 5477 1100 5532 τὰ
1141 5484 1233 5533 τοῦ
1291 5477 1440 5555 ἀγίου
1495 5477 1879 5556 συγγράμματα

214 5560 388 5621 διόλου
446 5564 647 5644 αὗχετ.
708 5563 847 5626 Τέως
893 5563 1035 5639 ὅμως
1094 5568 1139 5622 εἰ
1205 5568 1291 5623 καὶ
1334 5563 1525 5622 παλιὸν
1566 5568 1634 5632 ἦν
1678 5567 1737 5621 τὶ
1774 5564 1875 5640 ἐμ-

216 5653 460 5733 φανισθέν
521 5676 619 5730 μοι
678 5654 829 5718 τοῦτο
886 5649 1172 5736 δελτάριον,
1237 5652 1374 5712 ἀλλᾶ
1435 5655 1544 5713 τίνα
1586 5651 1874 5735 παραδέξε-

1965 4498 2279 4560 schedulas
2315 4500 2633 4574 proferant,
2682 4498 2830 4559 alias
2886 4516 2949 4557 ex
2987 4496 3117 4556 aliis
3171 4494 3519 4574 desiriptas,
3551 4494 3613 4555 in

1964 4587 2183 4667 quibus
2212 4589 2434 4648 dictum
2471 4590 2581 4649 huc
2652 4587 3085 4649 circumfertur,
3122 4584 3223 4643 sed
3293 4583 3457 4656 lllilll,
3496 4582 3611 4642 vim

1962 4675 2151 4756 ipsam
2211 4677 2474 4739 veritatis
2539 4685 2740 4755 testor,
2802 4694 2933 4736 cum
2993 4672 3239 4753 quwsio
3299 4672 3611 4732 lucernul-

1966 4771 2055 4826 tos
2110 4766 2228 4844 jam
2289 4785 2475 4827 annos
2534 4767 2594 4827 in
2654 4765 3054 4826 controversia
3110 4763 3205 4833 sit,
3261 4761 3442 4821 semel
3501 4781 3615 4821 una

1963 4853 2334 4916 solummodo
2393 4855 2680 4916 srhedula
2746 4861 3095 4914 vetustatem
3155 4850 3375 4923 ferens,
3436 4861 3494 4909 et
3554 4851 3609 4908 in

1966 4962 2079 5022 qua
2109 4944 2330 5005 dictum
2364 4945 2690 5023 legebatur,
2725 4942 2957 5023 objecta
3016 4961 3047 5002 e
3087 4950 3104 5000 t
3180 4959 3368 5020 eaque
3430 4942 3611 5002 veluti

1967 5049 2036 5092 ex
2094 5051 2248 5094 vara
2314 5034 2688 5108 eollectione,
2792 5030 3191 5109 congeriique
3249 5029 3610 5090 diversarum

1965 5120 2356 5200 scriptionum
2410 5124 2686 5196 conﬂata,
2746 5141 2861 5182 non
2917 5137 3050 5199 pars
3101 5118 3235 5178 libri
3281 5117 3611 5190 videbatur,

1966 5214 2169 5290 quales
2204 5213 2532 5292 mullzeper
2583 5211 2927 5290 deiloquum
2977 5206 3256 5288 Cyrillum
3302 5206 3619 5269 elaboratae

1962 5307 2098 5359 sunt
2150 5301 2284 5362 Haec
2308 5302 2489 5362 etiam
2519 5321 2635 5361 non
2658 5298 2821 5378 parvi
2842 5299 3126 5358 inonienti
3151 5297 3415 5359 fueritad
3448 5296 3615 5357 refel-

1964 5387 2205 5450 landum
2233 5389 2481 5469 dictum,
2516 5389 2670 5470 quod
2708 5407 2763 5448 in
2791 5387 2953 5448 nullo
3005 5387 3113 5447 cod
3145 5408 3211 5447 Le
3260 5406 3307 5448 rt
3331 5385 3610 5466 perlator,

1963 5476 2132 5556 quis.
2158 5479 2274 5539 neti
2309 5479 2529 5557 scripta
2579 5496 2687 5558 per
2742 5495 2950 5537 onincs
2999 5493 3137 5536 suas
3189 5483 3385 5556 partis
3445 5494 3612 5534 con;-

1962 5565 2280 5646 plectatnr,
2314 5566 2550 5648 illisque
2572 5565 2900 5647 superbiat.
2933 5562 3168 5626 Interea
3201 5565 3338 5625 licet
3373 5572 3615 5623 vetusta-

1960 5661 2079 5717 tem
2109 5675 2231 5738 prae
2257 5674 2319 5717 se
2347 5654 2571 5717 ferebat
2627 5664 2931 5736 comperta
2988 5672 3093 5735 per
3151 5673 3247 5716 me
3302 5649 3607 5729 schedula,
