4178 6286
252 334 351 400 ἓθί

1342 332 1437 393 DE
1483 327 1995 392 PROCESSIONE
2041 324 2101 387 S.
2150 320 2521 389 SPIRITUS.

3500 325 3616 393 £62

246 470 337 537 τὴν
383 470 511 547 πρὸς
567 470 660 525 τὸν
716 467 835 523 Υἱόν
906 462 1213 539 διαστολὴν,
1273 461 1333 517 ἑκ
1388 461 1550 538 μόνου
1607 460 1765 518 αὒτοῦ
1794 461 1874 539 ἦνἸ

1973 458 2265 521 distinctio
2296 478 2580 541 nusquam
2615 462 2672 534 in
2705 462 3045 524 thSlSlenlla
3073 463 3323 543 Spiritus
3346 480 3418 525 ex
3446 465 3618 525 Patre

246 556 337 614 οὐκ
391 556 456 613 ἄν
483 579 614 614 ποτε
643 553 709 612 δι’
772 555 892 614 Υἷοῦ
947 554 1184 632 πεφηνὸς
1229 552 1296 620 ῆν
1355 553 1429 616 ὼς
1473 555 1571 618 τῆς
1639 552 1732 607 τοῦ
1774 549 1874 606 Υίοί

1977 547 2120 609 illud
2156 567 2259 628 per
2289 548 2498 612 Filium
2532 550 2892 614 admisisset.

246 645 520 713 διαστολῆς
579 645 686 703 ἀπὸ
744 652 832 703 τοῦ
903 644 1134 722 Πατρὸς,
1184 641 1278 698 οὒκ
1332 639 1393 697 ἄν
1455 663 1583 697 ποτε
1639 637 2064 721 παραδεξομένης
2143 638 2194 695 ἒν
2242 644 2308 715 τῇ
2389 640 2447 696 ἐκ
2501 643 2702 720 Πατρὸς
2759 641 3000 721 ὑπάρξειν
3055 650 3147 699 τοῦ
3197 642 3497 718 Πνεύματος
3557 642 3616 697 τὸ

244 732 306 790 δι’
343 736 487 792 Υἶοῦ.

319 811 411 902 ιγ’.
471 824 545 879 Σὺ
600 829 747 901 γοῦν,
778 823 873 886 τὰς
934 820 1157 888 Ωηθεῖς
1196 820 1409 895 ταύτας,
1441 820 1528 875 καὶ
1555 821 1709 877 παντὶ
1739 821 1875 896 ψεύ-

240 909 309 967 δει
362 908 820 983 ἄνεπισκιὶστους,
880 909 1079 972 ἑννοίας
1140 907 1457 989 δεχόμενος,
1506 906 1691 984 μηδενὶ
1742 907 1878 965 δίδου

239 1000 300 1056 τὰ
325 1001 437 1057 ὦτα
478 1006 583 1058 τῶν
639 998 873 1074 οἴκοθεν,
914 1001 1002 1056 καὶ
1047 999 1124 1067 μὴ
1169 997 1272 1055 απὸ
1302 998 1554 1077 χρήσεων
1609 1000 1880 1077 γραφικῶν

237 1089 331 1156 τὴν
356 1086 442 1145 διὰ
473 1095 564 1146 τοῦ
618 1090 740 1148 1ἱοῦ
795 1089 857 1145 ἑκ
905 1090 1000 1145 τοῦ
1057 1087 1259 1163 Πατρός
1304 1087 1608 1165 ἑκπόρευσιν
1654 1087 1880 1165 ἓξηγου-

240 1177 404 1251 μένωδ
432 1183 526 1235 τοῦ
553 1179 877 1256 Πνεύματος,
911 1178 1017 1235 τῶν
1047 1178 1143 1250 μὲν
1183 1175 1421 1256 σχέσεως
1454 1177 1594 1232 εἶναι
1625 1199 1880 1252 σημαντι-

238 1267 335 1333 κῆν
386 1266 489 1334 τῆν
544 1268 727 1345 φωνὴν
766 1264 1168 1341 διατενομένων,
1226 1272 1329 1321 τῶν
1375 1264 1428 1321 δὲ
1484 1275 1577 1325 τοῦ
1607 1263 1737 1341 ἅμα,
1770 1266 1879 1322 ἔστι

240 1352 291 1411 δὲ
342 1358 416 1410 ὧν
485 1357 572 1434 καὶ
615 1354 729 1412 ἀντὶ
759 1360 857 1420 τῆς
890 1357 1046 1434 μετὰ,
1078 1355 1175 1421 τὴν
1206 1353 1282 1412 διὸ
1319 1355 1563 1433 πρόθεσιν
1615 1354 1877 1434 λεγόντων

240 1448 488 1506 νοεῖσθαι.
522 1432 554 1457 ’
584 1455 657 1500 Ων
700 1447 735 1512 ἡ
775 1443 1006 1501 ἀναίδεια
1031 1432 1185 1500 κατὰ
1231 1454 1323 1503 τοῦ
1364 1432 1607 1523 μεγάλου
1652 1432 1878 1523 προχω-

239 1545 319 1611 ρεῖ
372 1530 669 1607 Βασιλείου,
728 1532 890 1590 πολὺν
947 1532 1144 1589 ἐκείνου
1212 1531 1525 1608 ποιουμένου
1587 1532 1677 1588 τδν
1720 1530 1877 1609 λόγον

240 1623 308 1685 εἷς
349 1622 407 1678 τό
462 1627 820 1701 παραστῆσαι,
882 1622 954 1686 ὡς
1004 1621 1040 1687 ³η
1110 1619 1193 1676 διὰ
1236 1619 1477 1700 πρόθεσις
1508 1620 1561 1677 ἑν
1604 1634 1725 1683 ταῖς
1756 1623 1877 1676 θεο⁹

236 1708 483 1788 λογικαῖς
540 1711 747 1789 φωναῖς
805 1717 874 1787 τῇ
933 1711 993 1767 ἑκ
1043 1710 1282 1789 προθέσει
1336 1710 1520 1767 εἷ’ωθεν
1570 1711 1875 1790 ἀντεπιχω-

2044 813 2136 875 t3.
2171 813 2259 875 Tu
2313 816 2486 895 igitur
2546 836 2717 879 veras
2762 820 2941 880 hasce
2987 817 3252 897 nullique
3304 817 3615 880 mendacio

1962 902 2271 966 obvolutas
2302 910 2628 968 sententias
2656 908 2984 987 amplexus,
3021 907 3243 967 nemini
3300 923 3474 968 aures
3506 906 3612 967 ad-

1965 1000 2178 1064 vertas,
2214 995 2312 1073 qui
2358 1012 2428 1054 ex
2482 997 2760 1075 propriis,
2824 1012 2884 1058 et
2942 1013 3060 1059 non
3116 997 3335 1074 scripto
3387 995 3619 1057 traditis

1962 1081 2431 1155 auctoritatibus,
2472 1102 2577 1162 per
2609 1083 2820 1145 Filium
2852 1103 2921 1146 ex
2952 1087 3122 1147 Patre
3173 1084 3614 1162 processionem

1964 1169 2449 1249 interpretantur,
2481 1180 2759 1234 eteorum
2790 1173 2998 1251 partim
3031 1189 3237 1232 vocem
3266 1171 3612 1232 relationem

1963 1256 2247 1318 denotare
2270 1262 2656 1340 contendunt,
2688 1261 2897 1339 partim
2925 1259 3128 1333 simul;
3147 1259 3416 1320 nonnulli
3437 1264 3614 1321 etiam

1964 1345 2094 1406 loco
2112 1364 2245 1408 cum
2272 1350 2568 1427 propositi:
2596 1368 2729 1409 nein
2749 1367 2855 1429 per
2873 1350 3118 1425 intelligi
3141 1355 3433 1409 astruunt.
3461 1346 3615 1420 Quo-

1963 1453 2092 1494 rum
2120 1436 2291 1514 plane
2317 1437 2681 1517 impudentia
2722 1438 3003 1498 adversus
3026 1453 3305 1513 magnum
3334 1435 3614 1497 Basilium

1963 1522 2385 1598 debacchatur,
2412 1527 2507 1605 qui
2558 1526 2783 1606 prolixa
2827 1526 3098 1587 oratione
3142 1526 3392 1604 probare
3420 1526 3618 1585 studet

1962 1629 2077 1689 per
2130 1617 2591 1692 propositionem
2642 1619 2697 1677 in
2727 1616 3073 1693 theologicis
3096 1612 3433 1686 dictis,loco
3456 1612 3616 1675 illius

1963 1718 2042 1760 ex:
2077 1706 2341 1782 usurpari
2365 1723 2778 1783 saepenumero
2802 1706 3018 1766 solere.
3046 1702 3117 1764 Et
3146 1705 3339 1780 magni
3376 1703 3615 1782 quidem

237 1800 445 1874 ριάζειν.
510 1801 606 1857 Καὶ
658 1798 737 1855 ὅτι
790 1801 887 1875 μὲν
915 1800 975 1855 τό
1007 1806 1098 1856 τοῦ
1140 1798 1380 1877 μεγάλου
1427 1797 1697 1854 Βασιλείου
1731 1797 1874 1863 ἄξιό-

1968 1788 2140 1851 Basili
2173 1795 2582 1853 auctoritatem
2627 1793 3096 1874 dignitatemque
3151 1799 3357 1872 aperte
3409 1809 3615 1851 eorum

235 1910 415 1946 πιστον
473 1887 737 1968 πρόδηλον
768 1902 1001 1947 ποιεῖται
1054 1891 1145 1945 τὸν
1174 1888 1401 1968 ἔλεγχον
1428 1893 1534 1944 τῶν
1577 1886 1874 1968 ἐπισφαλῶς

1965 1879 2327 1954 convellere,
2360 1882 2459 1961 qui
2491 1882 2647 1943 haud
2705 1893 2867 1943 recte
2919 1882 2995 1943 de
3043 1898 3151 1959 per
3207 1878 3615 1968 propositione

234 1964 526 2055 λεγόντων,
561 1979 628 2033 τὰ
681 1980 799 2057 περὶ
868 1984 965 2045 τῆς
1022 1976 1105 2034 διὰ
1156 1964 1474 2052 προθέσεως,
1530 1978 1602 2041 εἷς
1660 1964 1758 2042 τῆν
1814 1967 1874 2031 δι’

1962 1982 2238 2029 sermone
2287 1979 2631 2046 (ongerunt,
2676 1988 2896 2051 eosque
2947 1969 3021 2030 ad
3054 1969 3455 2029 exsistentiam
3487 1964 3617 2047 Spi-

1967 2058 2113 2116 ritus
2174 2075 2280 2137 per
2324 2059 2535 2119 Filium
2569 2058 3048 2131 accommodmt,
3079 2055 3359 2117 omnibus
3416 2059 3611 2118 mani-

1965 2145 2174 2205 festum
2233 2154 2348 2208 est.
2409 2145 2702 2208 Praeterea
2776 2147 3113 2209 testimonio
3193 2144 3612 2223 Nyssaensium

1964 2232 2204 2296 luminis
2238 2234 2534 2313 Giegorii,
2570 2239 2750 2315 magis
2797 2254 2867 2297 ac
2916 2235 3104 2314 magis
3153 2235 3604 2311 redarguantur.

235 2069 350 2122 Υἱοῦ
430 2074 527 2123 τοῦ
591 2068 894 2141 Πνεύματος
990 2065 1229 2147 ὕπαρξιν,
1299 2066 1455 2123 παντί
1512 2087 1612 2121 που
1692 2064 1876 2132 δῆλον.

238 2143 393 2211 ’Ἐστι
464 2154 521 2211 δέ
588 2158 675 2213 καί
730 2155 835 2213 ἀπό
878 2179 1018 2221 τινος
1063 2157 1267 2233 ῥήσεως
1325 2162 1418 2212 τοῦ
1462 2162 1568 2211 τῶν
1601 2153 1878 2214 Νυσσαέων

241 2248 520 2324 φωστῆρος
589 2244 840 2302 ἔπιπλὲον
926 2244 1248 2325 ἐλεγχθῆναι
1308 2249 1514 2307 αὐτοῖς,
1577 2245 1737 2307 Οὗτος
1782 2244 1880 2321 γὰρ

237 2333 287 2387 ἐν
340 2340 417 2407 τῷ
476 2334 674 2409 πρώτῷ
729 2337 834 2390 τῶν
914 2333 1318 2412 ’Λντιῤῥητικῶν
1388 2330 1509 2389 τάδε
1565 2331 1706 2410 λέγει
1764 2333 1880 2411 περὶ

236 2427 322 2478 τοῦ
364 2422 697 2497 Πνεύματος.
777 2447 804 2479 ι
851 2430 937 2498 Τῷ
986 2424 1143 2502 Πατρὶ
1172 2424 1307 2479 κατᾶ
1348 2423 1409 2479 τὸ
1454 2420 1697 2477 ἐίκτιστον
1730 2443 1880 2478 συνα-

234 2510 516 2583 πτόμενον,
573 2512 733 2567 πάλιν
792 2511 948 2569 αὐτοῦ
989 2520 1066 2587 τῷ
1111 2512 1189 2587 μὴ
1247 2513 1429 2589 Πατὴρ
1474 2511 1615 2567 εῖναι
1644 2511 1879 2588 καθάπερ

1962 2320 2068 2382 Hic
2101 2323 2322 2384 etenim
2351 2328 2407 2385 in
2437 2327 2629 2403 primo
2659 2326 2943 2386 adversus
3001 2322 3356 2385 Eunonzium
3409 2324 3608 2383 Antir-

1961 2411 2189 2472 rhetico
2222 2412 2295 2472 de
2330 2410 2553 2493 Spiritu
2603 2415 2714 2475 hac
2746 2414 2924 2476 habet
2956 2430 2968 2475 :
3011 2440 3034 2467 «
3076 2411 3231 2472 Patri
3272 2411 3606 2474 secundum

1961 2500 2282 2561 increatum
2310 2502 2905 2581 conjunctus,rursus
2933 2501 3008 2563 ab
3039 2510 3252 2563 eodem
3278 2498 3613 2578 quodl’ater

234 2596 454 2679 ἐκεῖνος,
519 2598 908 2680 διαχωρίςεται.
951 2586 1045 2678 Τῇν
1180 2602 1310 2674 πρὸς
1341 2586 1430 2656 τὸν
1479 2602 1596 2656 Υίόν
1651 2600 1787 2655 κατὰ
1818 2586 1874 2655 τὸ

1960 2607 2077 2648 non
2107 2592 2724 2677 est,quemadmodum
2751 2592 2923 2653 etille
2950 2599 3275 2671 separatur;
3293 2586 3366 2647 ad
3391 2586 3603 2651 Filium

230 2686 467 2745 ἄκτιστον
530 2679 800 2769 συναφείᾳ,
846 2691 933 2746 καὶ
994 2689 1048 2746 ἑν
1100 2697 1175 2750 τῶ
1220 2691 1320 2757 τὴν
1351 2690 1517 2746 αἰτίαν
1574 2693 1671 2755 τῆς
1702 2688 1874 2766 ὑπάρ-

1960 2694 2095 2739 vero
2141 2680 2466 2740 secundum
2516 2681 2843 2744 iiicreatum
2892 2679 3334 2759 conjunctione,
3366 2684 3440 2769 .et
3467 2697 3600 2742 cum

228 2772 351 2840 ξεως
382 2776 440 2833 ἑκ
497 2780 592 2834 τοῦ
648 2785 779 2835 Θεοῦ
807 2786 913 2835 τῶν
970 2777 1107 2834 ὅλων
1140 2778 1309 2859 ἔχειν,
1384 2778 1658 2857 ἀφίσταται
1712 2776 1871 2833 πάλιν

1960 2784 2191 2828 causam
2219 2768 2578 2831 exsistentiaa
2599 2790 2669 2830 ex
2690 2789 2889 2831 rerum
2919 2769 3184 2831 omnium
3219 2772 3338 2830 Deo
3362 2760 3597 2859 habeat.

228 2871 301 2938 τῷ
338 2864 613 2940 ἰδιάζοντι,
659 2868 713 2924 ἑν
782 2874 857 2942 τῷ
909 2868 1047 2943 μῆτε
1091 2853 1391 2946 μονδγενῶς
1433 2853 1507 2923 ’ἑκ
1549 2873 1640 2923 τοῦ
1669 2868 1870 2945 Πατρὸς

1960 2873 2163 2946 rursus
2181 2859 2540 2946 proprietate
2562 2861 2915 2938 sejnngitur,
2972 2859 3128 2939 quod
3160 2877 3275 2919 non
3307 2869 3369 2920 ut
3403 2853 3608 2937 Unige-

228 2953 540 3033 ὑποστῆναι,
601 2958 685 3012 καὶ
742 2955 797 3011 ἑν
853 2963 930 3031 τῷ
975 2954 1041 3012 δι’
1082 2960 1241 3016 αἶ)τοῦ
1274 2963 1367 3013 τοῦ
1398 2958 1519 3013 Υἱοῦ
1561 2955 1871 3036 πεφηνέναι.

613 3043 638 3054 η

1958 2944 2115 3006 nitus
2146 2966 2217 3007 ex
2245 2945 2417 3008 Patre
2439 2946 2718 3024 substitit,
2749 2957 2805 3009 tl.
2834 2948 2991 3030 quod
3022 2966 3128 3027 per
3160 2946 3359 3025 ipsum
3393 2947 3604 3009 Filium
3680 2956 3687 2961 '

232 3040 390 3098 Πάλιν
463 3041 520 3099 δὲ
574 3043 674 3112 τῆς
731 3046 952 3109 κτίσεως
988 3043 1071 3101 διὰ
1126 3052 1219 3103 τοῦ
1278 3052 1605 3124 Μονογενοῦς
1636 3034 1874 3121 δποστά-

1960 3035 2487 3115 εριιει-υίῌίυιέυε
2514 3055 2650 3098 vero
2674 3056 2807 3098 cum
2840 3037 3059 3099 creatio
3090 3053 3197 3115 per
3224 3034 3605 3116 Uuigenitum

234 3152 352 3210 σης,
384 3133 455 3195 ὡς
525 3131 589 3189 ἂν
647 3135 724 3210 μὴ
786 3135 1071 3200 κοινότητα
1139 3157 1257 3192 τινα
1295 3136 1357 3191 τὸ
1388 3140 1600 3210 Πνεῦμα
1657 3137 1874 3211 νομισθῇ

1960 3114 2323 3186 substitisset
2348 3144 2421 3186 ne
2442 3127 2925 3188 communionem
2944 3114 3200 3206 aliquam
3232 3114 3366 3185 cum
3388 3145 3457 3188 ea
3478 3124 3608 3205 Spi-

230 3222 357 3297 πρὸς
401 3222 603 3289 ταύτην
690 3222 860 3303 ἔχειν,
925 3227 1002 3298 τῷ
1059 3221 1143 3279 διά
1195 3226 1288 3281 τοῦ
1342 3226 1462 3281 Υἱοὺ
1491 3222 1780 3304 πεφηνέναι
1825 3222 1877 3280 ἑν

230 3312 305 3381 τῷ
356 3309 609 3386 ἀτρέπτῳ
688 3315 777 3368 καὶ
843 3311 1208 3393 ἀναλλοιώτῳ,
1280 3315 1367 3370 καὶ
1442 3311 1725 3392 ἂπροσδεεῐ
1778 3317 1879 3379 τῆς

230 3395 474 3476 ἑτέρωθεν
531 3400 884 3479 ἆγαθότητος,
962 3399 1276 3481 διακρίνεται
1361 3404 1423 3459 τὸ
1495 3403 1704 3476 Πνεῦμα
1773 3401 1878 3457 ἀπὸ

228 3485 354 3551 τῆςσ
381 3488 628 3555 κτίσεως.
687 3490 885 3547 Σκόπει
955 3491 1044 3547 καὶ
1084 3491 1184 3558 τὴν
1234 3492 1328 3548 τοῦ
1354 3491 1502 3569 ἁγίου
1544 3490 1728 3547 τούτου
1758 3486 1877 3545 διά-

229 3596 392 3649 νοιαν,
452 3578 602 3642 ὅπως
646 3578 707 3634 ἂν
764 3578 869 3635 ἀπο
925 3581 1110 3659 ψυχῆς
1162 3585 1428 3658 κρταγνῷς
1458 3586 1560 3635 τῶν
1591 3580 1669 3655 μὴ
1699 3575 1875 3635 αἰδου-

230 3664 398 3736 μένων
440 3668 535 3732 τὰς
594 3666 818 3747 ἀλόγους
872 3667 1151 3748 ἐξηγήσεις
1212 3670 1284 3734 εἰς
1316 3669 1412 3736 τὴν
1468 3666 1553 3724 διὰ
1606 3678 1698 3727 τοῦ
1757 3666 1876 3723 Υἱοῦ

228 3757 489 3811 ποιεῖσθαι
534 3758 743 3836 φωνὴν.
795 3780 823 3812 ι
862 3748 919 3815 Ὀ
950 3755 1099 3835 ἅγιος
1149 3758 1232 3814 κοὶ
1286 3759 1348 3814 τὸ
1402 3756 1611 3833 Πνεῦμα
1652 3754 1736 3812 διὰ
1783 3763 1875 3812 τοῦ

230 3843 347 3900 rion
372 3844 669 3924 πεφηνέναι
727 3847 879 3926 φησὶ,
936 3848 1024 3903 καὶ
1078 3847 1178 3915 τὴν
1232 3845 1397 3902 κτίσιν
1440 3844 1522 3901 διὰ
1562 3852 1650 3902 τοῦ
1695 3852 1870 3903 Μονο-

235 3936 404 4005 γενοῦς
458 3925 807 4001 ὑποστῆναι·
872 3925 995 3990 εῗτα
1052 3933 1143 3991 ἵνα
1197 3935 1273 4010 μὴ
1325 3935 1610 4001 κοινότητά
1654 3956 1770 3990 τινα
1810 3935 1870 3990 τὸ

235 4020 434 4094 Πνεῦμα
476 4025 704 4100 νομισθῇ
751 4024 883 4100 πρὸς
938 4024 1036 4091 τὴν
1078 4026 1244 4081 κτίτιν
1300 4023 1446 4104 ἔχειν
1503 4024 1562 4081 ἑκ
1616 4034 1729 4095 τοῦ,
1788 4021 1872 4080 διὰ

237 4106 349 4193 ξ’ἷοῠ
413 4130 434 4159 ι
497 4114 590 4169 καὶ
674 4111 838 4179 αὐτὴν
906 4113 1218 4192 πεφηνέναι,
1295 4115 1395 4180 τὴν
1465 4110 1712 4193 διαφορὰν
1771 4117 1869 4180 τῆς

237 4182 593 4264 ’Υπόστάσεως
652 4208 745 4258 τοῦ
799 4222 857 4257 τε
928 4202 1226 4277 Πνεύματος
1268 4207 1366 4269 τῆς
1404 4223 1456 4258 τε
1503 4207 1722 4266 κτίσεως
1751 4199 1871 4257 δια-

230 4291 480 4361 τρανῶσαι
536 4288 731 4365 θέλων,
818 4288 999 4370 διακρίε
1017 4294 1184 4365 εσθαι,
1254 4290 1355 4371 ἔφη
1397 4292 1459 4347 τὸ
1515 4296 1725 4367 Πνεῦμα
1767 4290 1873 4346 ἀπὸ

225 4378 319 4440 τῆς
358 4378 581 4445 κτίσεως
642 4378 695 4435 ἑν
753 4383 830 4453 τῷ
905 4380 1171 4461 ἀτρέπτῳ,
1226 4382 1316 4437 καὶ
1363 4378 1728 4460 ἀναλλοιώτῳ,
1786 4381 1872 4436 καὶ

1959 3210 2106 3273 ritus
2138 3212 2357 3274 habere
2414 3214 2868 3290 existimaretur,
2903 3216 3060 3295 quod
3111 3231 3219 3294 per
3251 3214 3462 3275 Filium
3493 3232 3605 3296 ap-

1960 3310 2184 3380 pareat,
2205 3304 2265 3363 in
2295 3306 2793 3386 constanti,atque
2814 3301 3187 3379 immutabili,
3217 3309 3276 3363 et
3300 3302 3601 3379 bonitatis,

1960 3408 2089 3469 quae
2117 3390 2362 3452 alterius
2390 3395 2486 3467 sit,
2551 3394 2797 3454 minime
2852 3392 3178 3471 indigente,
3242 3391 3606 3454 discernitur

1959 3477 2212 3559 Spiritus
2245 3498 2280 3541 a
2307 3491 2598 3544 creatura.
2635 3507 2661 3538 in
2715 3481 3045 3543 Considera
3089 3481 3340 3560 hujusce
3369 3501 3603 3562 quoque

1958 3572 2144 3631 sancti
2172 3572 2549 3648 sententiam,
2581 3580 2645 3633 ut
2692 3590 2761 3633 ex
2818 3572 3017 3633 animo
3064 3571 3601 3632 inverecundorum

1957 3659 2243 3720 absurdas
2271 3659 2814 3741 interpretationes,
2841 3679 2988 3741 quas
3012 3660 3098 3722 illi
3131 3660 3192 3720 in
3221 3678 3423 3721 vocem
3462 3679 3604 3741 «per

1959 3747 2170 3809 Filium
2188 3776 2207 3804 υ
2233 3751 2920 3827 aggerunt,condemnes
2953 3748 3205 3812 Sanctus
3227 3758 3286 3809 et
3311 3747 3600 3827 Spiritum

1954 3854 2062 3915 per
2082 3836 2293 3897 Filium
2318 3857 2605 3918 apparere
2633 3841 2895 3912 tradit,et
2915 3849 3222 3900 creaturas
3245 3857 3350 3918 per
3378 3836 3595 3917 Uiiige-

1953 3925 2140 3985 nitum
2168 3927 2518 3989 substiti'Sse:
2547 3931 2921 4008 postmodum
2954 3926 3290 4007 neSpiritus
3322 3946 3594 3990 cominu-

1953 4012 2192 4074 nionem
2209 4015 2463 4095 aliquam
2479 4018 2697 4080 habere
2710 4037 2844 4078 cum
2859 4028 3127 4080 creatura
3141 4017 3595 4093 existimaretur,

1953 4103 2107 4181 quod
2134 4121 2239 4182 per
2258 4106 2468 4166 Filium
2509 4117 2568 4167 et
2606 4108 2705 4169 illa
2745 4109 3375 4187 appareat,discriinen
3408 4107 3597 4186 hypo-

1952 4191 2663 4273 stasistumSpiritus,tum
2682 4196 2999 4257 creationis
3012 4213 3309 4275 exponere
3322 4202 3588 4270 studens,

1952 4280 2233 4359 distingui
2259 4283 2496 4344 tradidit
2527 4282 2809 4365 Spiritum
2828 4302 2862 4344 a
2886 4298 3156 4346 creatura
3187 4284 3247 4343 in
3271 4286 3592 4365 constanti,

1953 4379 2126 4450 atque
2149 4373 2501 4433 immutabili
2525 4383 2582 4433 et
2603 4373 3039 4454 bonitatis,qua3
3063 4372 3306 4433 alterius
3319 4374 3599 4447 sit,mini-

226 4461 501 4543 ἂπροσδεεϊ
558 4474 661 4536 τῆς
728 4458 979 4547 ἑτέρωθεν
1005 4458 1358 4549 ἀγαθότητος.
1395 4472 1466 4529 Τὸ
1495 4475 1622 4548 γοῦν
1653 4458 1865 4545 Πνεῦμα

1960 4477 2046 4519 me
2061 4458 2648 4541 indigente.Spiritus
2667 4464 2863 4543 itaque
2875 4464 3189 4524 distinctus
3206 4480 3241 4522 a
3254 4462 3595 4525 creaturain

223 4549 615 4633 διακρινόμενον
698 4558 805 4615 ἀπὸ
889 4559 985 4628 τῆς
1076 4560 1297 4623 κτίσεως
1366 4561 1422 4616 ἑν
1490 4565 1568 4634 τῷ
1623 4557 1870 4639 ἑτέρωθεν

223 4640 574 4726 armum,
640 4649 749 4710 πῶς
802 4651 862 4707 οὗ
918 4647 1121 4724 μᾶλλον
1193 4647 1257 4705 ἂν
1300 4648 1585 4729 διεκρίνετο
1633 4668 1805 4727 προχε
1818 4671 1868 4703 ι-

220 4730 430 4811 ρότερον
481 4736 574 4791 καὶ
644 4735 705 4791 ὲκ
743 4742 835 4792 τοῦ
907 4737 1003 4806 τῆν
1052 4736 1136 4796 διὰ
1178 4738 1264 4795 ἐπὶ
1314 4737 1411 4815 μὲν
1440 4738 1539 4804 τῆς
1566 4743 1660 4795 τοῦ
1700 4737 1870 4793 Πνεύ-

223 4841 383 4894 ματος
465 4823 737 4904 ὑπάρξεως
820 4823 1176 4902 λαμϐάνεσθαι
1262 4828 1376 4885 ἀντὶ
1449 4835 1543 4886 τοῦ
1612 4822 1746 4902 ἅμα,
1831 4825 1868 4894 ἢ

225 4913 331 4967 αντὶ
371 4915 465 4971 τοῦ
517 4914 664 4991 μετὰ
718 4915 754 4982 ῆ
811 4916 885 4980 είς
942 4913 1159 4986 δήλοσιν
1207 4916 1473 4998 σχέσεως,
1506 4915 1591 4972 ἑπὶ
1645 4912 1701 4971 δὲ
1769 4919 1870 4982 τῆς

226 4999 438 5067 κτίσεως
511 5005 587 5067 εἷς
651 5001 818 5060 ἄλλαν
874 5005 990 5061 τινὰ
1038 5002 1302 5087 δόναμινς
1350 5007 1458 5065 Οὔκ
1509 5003 1619 5062 ἔστι
1689 5010 1870 5078 τοῦτο,

229 5089 314 5146 οὐκ
339 5091 500 5167 ἑστιν,
578 5091 701 5149 ἀλλ’
750 5092 859 5151 ἔστι
901 5096 964 5151 τὸ
1008 5095 1106 5170 μὶν
1149 5097 1361 5170 Πνεῦμα
1414 5090 1482 5151 δι’
1540 5094 1664 5151 Υίοῦ
1729 5093 1874 5167 παρὰ

230 5182 441 5259 Πατρὸς,
504 5188 742 5261 φυσικῶς
788 5180 1031 5263 διαφέρον
1084 5184 1181 5252 τῆς
1251 5184 1495 5258 κτίσεως,
1566 5189 1644 5258 τῷ
1712 5181 1871 5263 ἀτρέ-

228 5288 358 5345 πτῳ,
415 5273 505 5330 καὶ
560 5270 929 5348 ἀναλλοιώτῳ,
999 5275 1089 5331 καὶ
1139 5272 1413 5353 ἑπροσδεεῐ
1481 5278 1582 5341 τῆς
1626 5272 1874 5352 ἑτὲρωθεν

226 5355 545 5443 ᾇγαθὸτητος
632 5362 671 5429 ἡ
728 5358 783 5417 δὲ
836 5363 1002 5426 κτίσις
1052 5362 1161 5419 ἑστι
1192 5360 1259 5418 δι’
1304 5364 1425 5420 Υἱοῦ
1466 5364 1609 5443 παρὰ
1668 5363 1871 5442 Πατρὸς

226 5441 642 5530 δημιοῳγικῶς,
688 5450 724 5518 ἡ
777 5451 967 5519 κτιστῆ
1039 5453 1127 5508 καὶ
1177 5450 1359 5526 δούλη,
1417 5441 1711 5510 ἀποδέουσα
1779 5457 1872 5507 τοῦ

227 5538 492 5595 Δεσπότου
548 5539 645 5595 καὶ
711 5545 959 5618 ποιητοῦ,
1014 5539 1090 5615 τῷ
1157 5547 1366 5620 τρεπτῷ
1418 5542 1507 5598 καὶ
1566 5539 1865 5615 ἀλλοιωτῷ,

223 5625 310 5681 καὶ
346 5626 549 5685 ὶπιδσιῐ
581 5631 686 5693 τῆς
731 5625 791 5683 ἑκ
819 5633 950 5684 Θεοῦ
980 5626 1329 5708 ἀγαθότητος.

1952 4549 2240 4609 constanti
2264 4567 2442 4630 atque
2468 4551 2843 4621 immutabili,
2882 4560 2939 4613 et
2964 4549 3262 4632 bonitatis,
3291 4569 3420 4631 quae
3442 4551 3591 4612 alte-

1952 4635 2075 4697 rius
2105 4639 2202 4713 sit,
2232 4638 2481 4700 minime
2528 4641 2851 4719 indigente,
2907 4640 3205 4721 quomodo
3255 4658 3370 4700 non
3406 4643 3596 4721 potius

1952 4725 2417 4806 distingueretur
2436 4736 2495 4789 et
2513 4729 2728 4810 aptius,
2750 4750 2820 4792 ex
2844 4749 2919 4792 eo
2948 4729 3104 4810 quod
3133 4746 3247 4809 per
3274 4726 3595 4809 inSpiritus

1952 4815 2188 4896 quidem
2220 4816 2533 4879 existentia
2566 4827 2989 4894 assumeretur,
3023 4820 3153 4879 loco
3176 4816 3332 4879 illius
3360 4818 3590 4894 simul,

1953 4906 2043 4966 vel
2075 4905 2204 4966 loco
2234 4923 2392 4983 cum,
2449 4915 2548 4967 aut
2594 4910 2665 4969 ad
2724 4909 3050 4969 notandum
3092 4907 3485 4970 relationem:
3533 4908 3595 4970 in

1953 5005 2227 5057 creatura
2255 5013 2391 5056 vero
2420 4996 2493 5058 ad
2525 4996 2697 5058 aliam
2712 4996 3027 5080 quamdam
3048 4995 3383 5057 facultatem
3409 5003 3437 5059 ?
3466 4994 3597 5059 Non

1956 5092 2047 5145 est
2076 5085 2209 5161 hoc,
2245 5103 2364 5146 non
2396 5094 2505 5149 est.
2539 5088 2656 5149 Sed
2688 5097 2775 5149 est
2824 5086 3079 5168 Spiritus
3131 5103 3237 5166 per
3277 5083 3493 5148 Filium
3525 5103 3597 5148 ex

1954 5174 2128 5236 Patre
2148 5175 2518 5257 naturaliter,
2551 5194 2587 5237 a
2634 5186 2904 5238 creatura
2952 5176 3257 5249 diﬂ‘erens,
3304 5174 3598 5239 cOnstanti

1956 5271 2129 5344 atque
2160 5263 2535 5346 immutabili,
2587 5274 2644 5326 et
2690 5264 2989 5340 bonitatis,
3045 5284 3179 5348 quas
3224 5265 3467 5327 alterius
3496 5264 3593 5343 sit,

1955 5352 2204 5415 minime
2241 5355 2564 5432 indigente.
2590 5355 2874 5417 Creatura
2894 5374 3033 5418 vero
3065 5365 3162 5417 est
3195 5374 3303 5436 per
3327 5353 3538 5416 Filium
3566 5371 3600 5415 a

1958 5446 2149 5516 Patre,
2186 5456 2250 5503 ut
2283 5443 2609 5523 opilicium,
2668 5454 2891 5521 creata,
2934 5454 2994 5506 et
3020 5463 3213 5520 serva,
3250 5446 3437 5507 multo
3475 5443 3596 5506 Do-

1957 5533 2120 5594 mino
2152 5541 2211 5593 et
2242 5532 2455 5613 opitice
2484 5532 2752 5604 inferior,
2785 5533 3143 5597 inconstanti
3197 5543 3255 5596 et
3308 5531 3597 5610 mutabili,

1954 5629 2033 5696 et,
2063 5638 2195 5702 quae
2226 5639 2297 5683 ec
2330 5619 2451 5681 Deo
2476 5628 2586 5698 est,
2616 5622 2899 5686 bonitatis
2925 5625 3249 5705 indigente.
