4178 6286
297 285 414 355 265

1392 296 1492 359 DE
1532 284 2045 358 PROCESSIONE
2088 291 2147 354 S.
2194 296 2567 363 SPIRITUS.

3533 293 3652 359 266

290 421 467 480 αἴτιον
510 425 604 482 τὸν
644 427 848 508 Πατέρα
902 429 1043 489 εἶναι
1096 451 1153 487 τε
1206 429 1295 486 καὶ
1349 431 1604 490 νοεῖσθαι.
1664 428 1721 485 Ei
1754 424 1809 481 δὲ
1863 442 1912 478 σε

2005 418 2054 477 si
2088 435 2145 483 Ie
2177 426 2391 500 turbat,
2445 438 2502 490 et
2533 430 2604 491 ad
2637 430 2824 491 varias
2858 429 3355 492 ‘comminiscendi
3405 428 3647 491 dubita-

288 516 536 595 ταράττει
605 521 692 575 καὶ
746 520 874 598 πρὸς
931 519 1246 599 ἀμφιϐολίας
1274 519 1560 598 λογισμοὺς
1611 520 1787 595 εναγει
1847 537 1920 571 τι·

289 604 405 684 νὰς,
439 607 517 681 μή
559 628 687 664 ποτε
714 610 800 686 16,
852 628 875 660 ι
907 607 1080 673 Οὒδεὶς
1111 609 1303 687 ἀγαθὸς
1333 610 1378 664 εἰ
1423 610 1501 682 μὴ
1530 611 1611 672 εἷς
1642 609 1670 663 6
1700 608 1850 670 Θεὸς.
1888 628 1916 658 ιν

288 694 352 751 o6
390 695 578 752 ταυτόν
645 718 696 752 τι
751 694 960 752 δύναται
1016 704 1093 773 τῷ
1133 696 1280 776 λόγῳ
1337 703 1433 771 τῷ,
1489 720 1512 752 α
1576 694 1751 759 Οὒδεὶς
1783 694 1922 771 ἀγα-

284 784 400 856 θὸς,
446 784 491 840 εἰ
518 784 597 859 μὴ
627 785 788 858 μόνος
844 786 872 841 6
901 784 1031 849 Θεός
1065 805 1078 818 ⁸
1142 806 1165 836 I
1215 788 1278 843 οὗ
1317 787 1416 864 γὰρ
1471 786 1590 863 περὶ
1642 791 1733 841 106
1781 783 1919 860 ἐνὸς,

284 870 424 928 ἀλλὰ
476 874 594 949 περὶ
624 880 718 930 τοῦ
765 872 932 951 μόγου
985 875 1015 930 6
1056 871 1217 952 λόγος
1274 876 1411 949 ἡμῖν
1441 892 1456 907 ·
1515 875 1577 929 16
1633 874 1731 950 γὰρ
1789 870 1924 926 κατὰ

283 958 422 1017 πολῦ
452 961 725 1040 περίεργον
778 966 886 1016 τῶν
953 960 1335 1039 ἀντιλεγόντων
1392 959 1528 1026 ἴσως
1572 960 1923 1039 προχωρῆσαι

282 1047 451 1128 μέχρι
532 1049 620 1104 καὶ
704 1048 953 1104 τοιούτων
1054 1047 1405 1127 ἀντιῤῥήσεων
1495 1052 1589 1107 οὒκ
1685 1046 1921 1116 ὀκνήσει,

280 1136 403 1194 ἀλλ’
434 1137 465 1194 ό
493 1139 647 1200 αὐτος
673 1134 941 1214 ἔξηγητῆς
972 1133 1117 1192 λύσει
1160 1158 1242 1193 σοι
1297 1137 1557 1194 κάνταῦθα
1615 1136 1675 1192 τὸ
1724 1132 1922 1190 διαπό-

282 1247 432 1305 ρημα
470 1228 527 1282 ὲν
571 1230 642 1301 τῇ
696 1226 813 1299 περὶ
858 1229 957 1292 τῆς
997 1225 1390 1304 ὑποχωρήσεως
1446 1227 1603 1282 αὖτοῠ
1644 1224 1774 1301 πρὸς
1803 1222 1922 1285 τοὺς

286 1322 575 1393 Καισαρεῖς
614 1311 981 1390 ἂπολογῃτικῇ
1021 1311 1279 1379 ἑπιστολῆ
1321 1315 1387 1379 ἧς
1446 1314 1481 1381 ἡ
1512 1312 1682 1392 ἀρχὴ,
1715 1328 1738 1359 α
1773 1309 1918 1366 Πολ-

283 1399 435 1467 λάκις
501 1402 795 1477 ὶθαύμασα,
857 1402 909 1457 τί
949 1423 1078 1459 ποτε
1120 1403 1251 1480 πρὸς
1319 1403 1463 1475 ἡμᾶς
1537 1401 1852 1469 πεπόνθατε,
1888 1421 1916 1454 ι

282 1489 454 1569 λέγων
488 1506 504 1521 ⁸
585 1509 609 1538 I
677 1490 775 1548 Καὶ
828 1490 929 1568 γὰρ
983 1489 1070 1546 ἐπὶ
1143 1494 1244 1556 τῆς
1311 1491 1450 1554 θείας
1508 1490 1713 1568 φύσεως
1772 1489 1922 1565 εἰρη-

283 1579 418 1656 μένα
477 1586 718 1656 νοοῦμεν,
787 1580 873 1653 τὸ,
920 1577 984 1635 Ἠ
1041 1577 1200 1653 μόνος
1244 1576 1390 1658 ἔχων
1458 1577 1763 1649 ἀθανασίαν,
1836 1581 1927 1635 καὶ

283 1668 437 1745 μόνῳ
466 1671 613 1749 σοφῴ
642 1674 780 1742 Θεῷ,
825 1669 1024 1739 καὶτὸ,
1057 1688 1081 1720 α
1123 1665 1299 1729 Οὐδεὶς
1358 1668 1573 1746 ἀγαθὸς,
1632 1667 1677 1722 εἰ
1731 1668 1809 1741 μὴ
1843 1669 1925 1727 εἷς

2006 510 2194 574 tiones
2247 527 2595 592 commovet,
2650 539 2747 591 an,
2785 542 2814 576 α
2848 518 3033 580 Nemo
3098 518 3290 579 bonus
3337 518 3445 581 nisi
3491 538 3644 581 unus

2004 596 2184 676 Deus,
2213 629 2237 657 ι)
2274 624 2439 685 mque
2470 610 2656 669 valeat
2685 607 2979 669 sententia
3000 616 3175 687 atque
3217 608 3351 680 hoc,
3392 633 3417 662 α
3454 606 3638 670 Nemo

2009 689 2196 751 bonus
2221 694 2328 754 nisi
2360 698 2519 756 solus
2548 697 2705 758 Deus
2739 716 2752 759 :
2791 721 2817 752 ι
2857 715 3049 777 neque
3086 696 3245 758 enim
3268 697 3343 758 de
3371 717 3510 778 uno,
3535 698 3639 761 sed

2005 776 2079 837 de
2109 782 2232 840 solo
2268 784 2435 844 nobis
2467 803 2661 845 sermo
2685 782 3005 847 est.Nimia
3033 785 3193 846 enim
3221 776 3640 850 contradicen-

2007 865 2149 927 lium
2183 871 2490 934 curiositas
2513 874 2658 934 forte
2685 875 2756 934 ad
2788 875 3013 935 similes
3040 873 3404 953 objectiones
3437 896 3642 956 proce-

2007 955 2148 1016 dere
2182 977 2294 1019 non
2330 963 2649 1042 verebitur,
2696 964 2850 1024 idem
2903 983 3009 1025 nec
3040 964 3190 1024 alius
3221 955 3515 1045 interpres
3548 968 3643 1031 hic

2006 1061 2242 1135 quoque
2272 1050 2471 1110 dubita
2503 1052 2622 1112 iuni
2662 1062 2774 1114 tua;
2804 1051 3140 1127 satisfaciet,
3190 1054 3249 1113 in
3282 1056 3645 1135 apologetica

2006 1134 2247 1210 epistola
2282 1140 2352 1197 ad
2386 1140 2772 1200 Caesarientes
2807 1141 2881 1201 de
2919 1160 3025 1201 sua
3068 1134 3432 1223 secessione,
3469 1145 3642 1225 cujus

2004 1223 2383 1305 principium,
2422 1249 2447 1284 «
2483 1225 2904 1307 Saepenumero
2934 1228 3264 1290 admiralus
3292 1250 3446 1304 sum,
3472 1223 3645 1312 quid-

2005 1328 2139 1370 nam
2172 1313 2401 1373 animos
2427 1325 2654 1376 vestros
2685 1335 2823 1393 erga
2856 1333 2967 1376 nos
2997 1316 3282 1389 aﬂ‘eceril,
3321 1343 3347 1373 »
3383 1319 3592 1381 dicens
3624 1338 3639 1384 ε

2011 1419 2034 1452 ιι
2070 1396 2152 1458 Ita
2181 1400 2335 1460 enim
2364 1403 2748 1479 intelligimus
2771 1412 2828 1463 et
2855 1404 2950 1464 illa
2968 1404 3043 1465 de
3069 1414 3274 1466 natura
3294 1406 3490 1468 divina
3512 1426 3643 1489 pro-

2008 1487 2499 1569 nuntiata,utpote
2521 1492 2619 1571 qui
2651 1492 2812 1553 solus
2844 1492 3021 1554 habet
3053 1487 3553 1569 immortaliatem.
3585 1505 3645 1560 et

2006 1576 2118 1636 soli
2150 1577 2395 1656 sapienti
2422 1581 2568 1655 Deo,
2602 1590 2659 1641 et
2692 1581 2857 1648 illud.
2893 1583 3114 1643 uNemo
3140 1581 3330 1644 bonus
3361 1583 3643 1647 nisiunus

2008 1662 2206 1725 Deus:
2236 1688 2262 1724 ι
2297 1687 2427 1728 nam
2463 1669 2557 1729 hic
2582 1669 2821 1730 unitatis
2850 1669 3031 1731 dictio
3063 1669 3221 1732 idem
3253 1671 3545 1751 signiﬁcat
3574 1693 3644 1736 ac

282 1759 312 1814 6
340 1756 474 1821 Θεός
522 1777 534 1790 ο
572 1778 602 1811 ι
630 1758 702 1813 Τὸ
728 1756 827 1833 γὰρ
862 1755 947 1820 εἷς
999 1757 1219 1812 ενταῦθα
1260 1760 1336 1828 τῷ
1381 1777 1539 1829 μονος
1582 1755 1769 1811 ταυτὸν
1828 1751 1912 1820 δη-

2003 1752 2337 1824 sidixisset,
2371 1776 2398 1815 ι
2424 1756 2713 1817 niStsolus
2746 1758 2902 1818 Deus
2952 1780 2974 1815 η
3015 1757 3162 1831 Quid
3215 1760 3313 1821 hic
3357 1761 3481 1823 ais?
3527 1761 3641 1825 Sa—

277 1845 392 1904 λοτ.
429 1869 455 1901 ι
490 1844 549 1903 Τί
602 1843 754 1923 φῄςς
792 1836 849 1901 Ὀ
906 1842 1068 1905 πολὺς
1112 1843 1266 1922 ἀρκεῖ
1334 1865 1415 1899 σοι
1470 1842 1759 1914 Βασίλείος,
1831 1842 1950 1915 16,‘

281 1961 309 1997 ς
340 1935 385 1991 εἰ
428 1934 511 2009 μὴ
542 1932 626 1995 εἷς
667 1933 696 1988 6
754 1932 908 2003 Θεὸς,
960 1954 982 1987 ι
1057 1931 1171 1988 ἀντὶ
1219 1938 1331 2002 τοῦ,
1398 1952 1421 1984 ε
1478 1933 1523 1987 εἰ
1580 1931 1658 2005 μὴ
1703 1931 1864 2005 μόνος
1893 1931 1920 1985 6

275 2025 434 2103 Θεὸς,
487 2044 513 2078 ι
560 2026 740 2101 σαφῶς
806 2019 1156 2097 ὶξηγούμενος
1190 2038 1206 2098 ;
1239 2019 1378 2078 Οἶδα
1445 2021 1518 2082 ὡς
1573 2018 1668 2074 οὒκ
1724 2017 1785 2073 ἂν
1825 2018 1918 2074 ἆν-

272 2111 478 2175 τείποις
538 2111 703 2188 αὐτῷ,
758 2110 821 2164 16
888 2112 987 2174 τῆς
1070 2106 1344 2186 θεολογίας
1398 2107 1555 2164 αὐτοῦ
1614 2105 1920 2182 αἰδούμενος

273 2196 619 2265 ἀδιάϐλητον,
654 2197 751 2255 Καὶ
818 2194 1005 2252 λοιπὸν
1059 2194 1213 2274 εἴπερ
1269 2215 1327 2251 σε
1384 2197 1445 2252 16
1499 2195 1684 2251 τούτου
1712 2192 1920 2260 ἀξιόπι-

276 2312 400 2347 στον
456 2285 716 2361 δυσωπεῖ,
764 2282 1172 2364 προηγουμένως
1225 2283 1345 2361 μὲν,
1395 2285 1456 2339 16
1520 2312 1543 2342 ι
1571 2284 1615 2339 εἰ
1661 2284 1739 2358 μὴ
1795 2284 1921 2345 εἰςίὸ

283 2380 440 2457 Θεὸς,
481 2402 505 2432 ο
542 2375 655 2431 ἀντὶ
682 2381 798 2453 τοῦ,
837 2396 859 2428 ιι
887 2374 931 2429 εἰ
960 2374 1037 2449 μὴ
1067 2372 1227 2448 μόνος
1249 2374 1277 2428 6
1299 2373 1452 2436 Θεὸς.
1488 2400 1509 2430 ι
1542 2386 1707 2444 νοεῖν,
1738 2371 1921 2451 εφεξῆς

282 2466 338 2525 δὲ
379 2466 466 2523 διὰ
492 2467 579 2539 16,
617 2485 641 2517 ι
684 2462 800 2521 0666
831 2463 930 2542 γὰρ
984 2463 1100 2518 btet
1147 2461 1331 2518 ἑαυτὸν
1382 2458 1479 2526 ἔξω
1518 2462 1674 2525 τιθεὶς
1704 2466 1801 2527 τῆς
1830 2471 1923 2520 106

281 2557 503 2635 ἀγαθοῦ,
555 2555 758 2635 φύσεως
784 2573 812 2610 ι
852 2554 881 2610 6
956 2551 1073 2613 Υἱὸς
1129 2557 1291 2607 ταῦτα
1346 2547 1487 2627 λέγει
1531 2550 1609 2617 μὴ
1650 2551 1779 2626 πρὸς
1835 2550 1922 2606 ἆν-

271 2643 618 2712 τιδιαστολὴν
687 2647 779 2699 τοῦ
824 2642 948 2698 Υἱοῦ
994 2636 1370 2715 ἑαλαμϐάνσιν,
1427 2636 1757 2707 ὁπουδήποτε
1811 2645 1917 2695 τῶν

269 2739 493 2814 Γραφῶν
552 2731 840 2808 εὖρὶσκεται
910 2728 1150 2804 κείμενον
1221 2729 1304 2801 16,
1377 2744 1399 2776 ι
1471 2726 1632 2803 μόνος
1676 2728 1705 2783 ό
1761 2731 1911 2814 Θεὸς,

268 2824 356 2880 καὶ
384 2813 550 2898 μόνος
580 2821 609 2877 6
674 2818 879 2896 Πατὴρ,
907 2838 931 2870 ι
994 2815 1140 2897 ἔχεις
1192 2815 1456 2895 δέξασθαι,
1509 2816 1583 2877 ὡς
1631 2815 1792 2871 εἶκαὶ
1835 2813 1913 2871 εἴ·

266 2911 396 2990 ρτριέ
446 2930 556 2968 που
621 2911 727 2965 τῶν
779 2907 964 2963 ἑαυτοῦ
999 2910 1215 2986 γραφῶν
1270 2902 1475 2983 ἐφάπαξ
1532 2904 1561 2960 6
1615 2904 1970 2992 θαμμάσιοςο

269 2997 547 3078 Κύριλλος,
606 2996 669 3053 16
727 3018 754 3050 ι
795 2996 859 3051 ἔκ
915 2993 1077 3069 μόνου
1130 2999 1220 3050 106
1278 2996 1506 3070 Πατρὸς,
1555 3018 1579 3049 ι
1630 2990 1766 3047 ἄλλᾶ
1822 2993 1909 3048 καὶ

272 3088 432 3153 οὕτως
483 3085 654 3146 οὐδενὶ
711 3083 857 3165 λόγῳ
906 3084 1139 3141 ἒναπίον
1191 3083 1254 3140 τὸ
1317 3090 1552 3141 τοιοῦτον
1620 3081 1906 3162 ἀναφανείη

266 3178 425 3258 ῥητὸν
452 3190 573 3243 τοῖς
601 3173 728 3255 παρ’
762 3174 920 3231 αὗτοῦ
947 3194 1004 3229 τε
1032 3173 1240 3245 τούτου,
1272 3171 1553 3251 πολλαχοῦ
1617 3178 1723 3228 τῶν
1780 3193 1908 3249 συγ-

268 3267 597 3348 γραμμάτων
665 3265 822 3321 0:6106
873 3264 1226 3342 ἒκφωνηθεϊσι
1268 3260 1454 3339 ῥητοῖς
1510 3261 1584 3323 εἰς
1637 3258 1908 3348 θεολογίαν

268 3346 380 3435 106,
434 3356 497 3412 ἐκ
545 3355 753 3431 Πατρὸς
806 3353 895 3409 καὶ
959 3354 1078 3408 Υἱοῦ
1142 3349 1401 3429 ὑπάρχειν
1440 3350 1501 3405 τὸ
1556 3354 1766 3423 Πνεῦμα
1822 3346 1909 3403 καὶ

268 3459 383 3510 τοῖς
411 3445 558 3523 παρὰ
598 3449 707 3499 τῶν
776 3436 951 3497 ἄλλων
1004 3438 1271 3518 Πατὲρων,
1335 3438 1549 3502 ὁπόσοις
1595 3438 1696 3515 πρὸ
1754 3437 1911 3493 αὐτοῦ

269 3534 354 3590 καὶ
395 3522 516 3609 μετ’
546 3533 729 3604 αὔτὸν,
759 3531 822 3586 τὸ
877 3532 1002 3587 αὐτὸ
1055 3525 1489 3604 τεθεολογήκασι,
1545 3522 1629 3581 διὰ
1696 3526 1759 3580 16
1815 3526 1907 3579 τὸν

267 3620 489 3700 λέγοντα
527 3644 551 3675 ι
582 3624 645 3678 ὲκ
675 3618 837 3694 μόνου
865 3624 958 3674 τοῦ
985 3618 1207 3694 Πατρός.
1248 3643 1272 3674 ι
1311 3612 1525 3682 Ἐπειδὴ
1555 3614 1654 3692 γὰρ
1684 3611 1910 3700 ὁπουδή-

266 3699 393 3769 ποτε
436 3712 496 3768 16
520 3709 687 3786 μόνος
706 3703 1028 3782 λαμϐάνεται
1054 3706 1141 3761 επὶ
1182 3710 1273 3761 106
1328 3704 1553 3781 Πατρὸς,
1615 3703 1689 3765 εἰς
1736 3699 1908 3770 δήλω·-

266 3822 345 3858 σιν
369 3807 460 3858 106
525 3800 735 3871 πρῶτος
766 3799 794 3851 6
863 3796 1044 3871 Πατὴρ
1086 3790 1430 3869 λαμϐάνεται,
1491 3788 1637 3848 οἰδὲν
1678 3787 1904 3870 διαφέρει

265 3889 325 3944 ὲκ
362 3888 525 3963 μόνου
552 3893 649 3944 106
676 3885 879 3963 Πατρὸς
933 3884 1019 3938 καὶ
1071 3881 1131 3937 ἐκ
1184 3882 1400 3959 πρώτης
1456 3880 1622 3943 αἰτίας
1676 3885 1768 3935 τοῦ
1797 3884 1906 3934 Πα-

268 3978 379 4055 τρὸς
406 3976 607 4054 εἰπεῖν,
639 3974 759 4030 οἷον
790 3972 949 4046 μόνος
1005 3970 1199 4048 ἀγαθὸς
1243 3971 1270 4025 ὁ
1314 3968 1518 4046 Πατὴρ,
1572 3966 1652 4022 ὅτι
1696 3974 1902 4055 πρῶτον

271 4054 454 4142 αγαθὸν
521 4068 551 4120 6
602 4063 807 4138 Πατήρ,
855 4060 1013 4135 μόνος
1058 4054 1174 4115 οἶδε
1225 4058 1287 4112 τὸ
1344 4058 1460 4112 Υἱὸν
1513 4057 1541 4111 6
1582 4056 1788 4132 Πατὴρ,
1820 4054 1900 4111 ὅτι

268 4159 463 4226 πρῶτος
495 4149 616 4209 οἶδε
646 4152 737 4206 16v
775 4149 892 4204 ι’ἶὸν
922 4150 949 4202 6
994 4146 1194 4224 Πατὴρ.
1231 4144 1302 4203 T6
1347 4145 1445 4222 γὰρ
1488 4146 1698 4218 Πνεῦμα
1739 4146 1783 4198 εἰ
1813 4143 1901 4199 καὶ

2006 1839 2276 1933 tisneest
2320 1843 2428 1933 tibi
2478 1863 2721 1923 magnus
2768 1847 3107 1927 multusque
3148 1848 3423 1922 Basilius,
3470 1849 3639 1933 illud,

2010 1953 2033 1986 ι
2071 1930 2183 1991 nisi
2210 1950 2361 1993 unus
2403 1931 2582 2009 Deus,
2621 1958 2644 1991 υ
2684 1952 2787 2012 pro
2833 1953 2926 2006 eo,
2969 1961 2994 1990 (ι
3031 1934 3144 1996 nisi
3187 1937 3347 1999 solus
3396 1940 3571 2016 Deus,
3606 1930 3637 2001 ὁ

2001 2028 2204 2097 aperte
2228 2019 2652 2102 interpretans?
2681 2023 2818 2083 Scio
2838 2020 2995 2083 teilli
3023 2041 3138 2084 non
3171 2025 3639 2104 reductaturum,

2001 2106 2164 2168 illius
2196 2110 2522 2188 theologica
2546 2111 2727 2189 dicta,
2764 2111 2926 2172 omni
2956 2113 3442 2191 reprehensionis
3476 2115 3645 2178 calu-

2005 2198 2164 2258 mnia
2185 2208 2441 2259 extracta
2465 2198 3007 2271 reveritum.Quare
3038 2200 3088 2261 si
3113 2201 3361 2279 hujusce
3400 2203 3646 2267 infracta

2003 2286 2322 2346 auctoritas
2354 2286 2455 2346 tibi
2488 2288 2716 2359 suadet,
2747 2288 3171 2351 antecedenter
3200 2291 3440 2369 quidem
3495 2292 3645 2358 illud

2008 2396 2036 2428 (ι
2071 2373 2181 2433 nisi
2215 2394 2367 2435 unus
2400 2377 2576 2456 Deus,
2602 2402 2627 2432 ι
2662 2378 2788 2437 loco
2820 2377 3002 2450 illius,
3036 2399 3060 2435 ιι
3095 2378 3207 2441 nisi
3230 2380 3392 2441 solus
3415 2383 3637 2458 Deus,»

2001 2460 2145 2523 iutel
2172 2462 2355 2541 igere,
2392 2464 2761 2542 postmodum
2791 2484 2928 2526 vero
2952 2466 3093 2548 illis,
3126 2490 3151 2524 ι
3179 2487 3546 2549 nequaquam
3566 2490 3639 2535 eo

2000 2549 2116 2612 loci
2137 2570 2268 2613 sese
2300 2551 2487 2614 Filius
2517 2563 2811 2633 statuens,
2845 2563 3007 2616 extra
3036 2575 3274 2618 omnem
3303 2558 3442 2620 boni
3463 2561 3645 2624 ratio-

2001 2656 2135 2700 nem
2158 2639 2372 2701 similia
2393 2641 2684 2716 enuntiat,
2715 2666 2739 2697 ι)
2776 2658 2894 2704 non
2930 2642 3001 2704 ad
3034 2643 3475 2708 distinctionem
3502 2647 3637 2713 Filii

1997 2726 2595 2810 desumi,ubicunque
2618 2731 2855 2792 tandem
2879 2730 2942 2794 in
2964 2733 3288 2813 Scripturis
3316 2737 3634 2815 reperitur,

2001 2838 2025 2874 ι
2064 2817 2226 2878 solus
2278 2817 2451 2894 Deus,
2500 2828 2559 2880 et
2618 2819 2779 2881 solus
2811 2822 3005 2893 Pater,
3045 2846 3068 2879 ι
3107 2822 3328 2901 poteris
3359 2832 3496 2885 item
3531 2827 3640 2890 tibi

1996 2904 2432 2983 persuadere,si
2462 2905 2633 2967 simel
2658 2907 2714 2967 in
2747 2908 2870 2967 suis
2899 2908 3323 2987 scriptionibus
3338 2912 3633 2976 admiran-

1992 2993 2103 3053 dus
2150 2993 2400 3073 Cyrillus
2449 2995 2865 3073 pronuntiavit,
2914 3014 2983 3057 ex
3042 2996 3168 3057 solo
3219 2997 3406 3059 Patre.
3450 3024 3479 3056 ιι
3514 2998 3631 3064 Sed

1989 3080 2098 3141 hac
2115 3100 2347 3160 quoque
2366 3082 2784 3145 ratione.nullo
2815 3084 2991 3144 modo
3013 3084 3237 3146 dictum
3260 3087 3514 3150 similem
3529 3090 3629 3152 ad-

1990 3179 2327 3231 versaretur
2358 3170 2494 3243 illis,
2549 3189 2681 3250 quaa
2709 3171 2782 3232 ab
2812 3172 3023 3233 eodem
3059 3174 3361 3255 plerisque
3393 3177 3451 3237 in
3482 3178 3631 3241 locis

1990 3260 2232 3318 subru'n
2270 3256 2841 3320 Commentariorum
2874 3262 3089 3322 dictata
3110 3270 3267 3335 sunt,
3303 3264 3632 3329 afﬁrmante

1990 3362 2062 3407 ex
2094 3344 2265 3408 Patre
2292 3354 2350 3407 et
2374 3347 2519 3409 Filio
2550 3366 2681 3408 esse
2711 3347 3084 3428 Spiritumet
3111 3351 3358 3413 aliorum
3391 3373 3627 3435 quoque

1994 3435 2546 3515 Patrum,qu0tquot
2572 3447 2708 3496 ante
2736 3456 2892 3511 eum,
2930 3448 2985 3498 et
3018 3446 3149 3517 post
3170 3458 3305 3501 eum
3338 3440 3449 3503 boc
3466 3442 3625 3505 idem

1990 3523 2423 3605 stabiliverunt,
2461 3524 3002 3606 testimoniis.qund
3034 3528 3134 3607 qui
3164 3530 3623 3609 asscruerit,«ex

1988 3611 2113 3671 solo
2168 3615 2354 3691 l’atre,
2386 3638 2412 3669 ι)
2447 3632 2579 3673 cum
2627 3612 2963 3694 ubicunque
3007 3614 3167 3676 solus
3202 3617 3495 3695 accipitur
3550 3619 3631 3682 de

1992 3702 2183 3781 Patre,
2215 3701 2427 3780 innuit,
2465 3701 2716 3780 primum
2748 3703 2980 3764 Patrem
3013 3705 3473 3784 assumi,e0dem
3494 3726 3627 3770 sen-

1985 3806 2154 3854 su.ex
2188 3791 2313 3850 solo
2350 3789 2538 3861 Patre,
2562 3800 2619 3850 et
2645 3808 2711 3851 ex
2739 3791 2931 3870 prima
2965 3811 3140 3853 causa
3174 3793 3341 3855 Patre
3372 3796 3622 3879 diceret,

1985 3877 2163 3939 veluti
2193 3878 2353 3938 solus
2387 3878 2576 3938 bonus
2609 3880 2969 3959 Pater,quod
3000 3880 3253 3960 primum
3280 3881 3498 3944 bonum
3522 3877 3627 3948 Pa;-

1990 3976 2083 4029 ter
2110 3966 2208 4041 sit;
2241 3966 2399 4028 solus
2429 3971 2539 4027 scit
2569 3965 2783 4027 Filium
2820 3968 3014 4042 Pater,
3068 3970 3223 4049 quod
3257 3971 3479 4049 primus
3511 3975 3627 4036 scit

1986 4055 2198 4118 Filium
2254 4057 2443 4116 Pater.
2476 4054 2740 4134 Namque
2773 4054 3025 4134 Spiritus
3059 4059 3197 4118 licet
3235 4059 3381 4120 sciat
3408 4059 3624 4124 Filium

1985 4162 2116 4203 cum
2155 4146 2274 4205 Pat'
2296 4144 2469 4214 e,sed
2492 4144 2644 4222 quod
2680 4145 2852 4205 Pater
2883 4147 3105 4224 primus
3137 4148 3626 4227 novit,cognoscit

264 4239 371 4297 οἶδε
399 4243 490 4297 σὺν
516 4247 596 4313 τῷ
629 4238 792 4315 Πατρὶ
832 4238 923 4291 16v
959 4238 1100 4306 Υὶὸν,
1135 4232 1271 4290 ἀλλὰ
1323 4231 1408 4288 διὰ
1460 4234 1523 4289 16
1577 4234 1666 4289 τὸν
1696 4231 1902 4311 Πατέρα

1994 4241 2041 4293 et
2076 4232 2200 4310 ipse
2228 4231 2479 4301 Filium;
2530 4231 2690 4291 solus
2739 4232 2851 4293 scit
2898 4233 3055 4292 diem
3108 4235 3239 4294 linis
3270 4234 3437 4295 Pater
3464 4240 3622 4318 quod

264 4335 467 4407 πρῶτον
517 4326 742 4396 εϊδὲναι,
814 4322 930 4382 οἶδε
983 4324 1072 4380 καὶ
1130 4321 1256 4377 αὖτὸ
1326 4323 1417 4377 τὸν
1482 4322 1602 4376 Υἶὸν
1662 4335 1680 4353 ⁸
1742 4321 1900 4390 μόνος

262 4416 376 4475 οἶδε
419 4418 522 4485 τὴν
580 4414 786 4492 ἡμέραν
843 4419 935 4468 106
987 4409 1167 4474 τέλους
1234 4411 1263 4466 6
1322 4409 1525 4488 Πατὴρ,
1582 4407 1663 4465 ὅτι
1745 4414 1897 4487 πρῶ-

255 4525 341 4569 τος
370 4504 523 4563 οἶκεν
548 4503 767 4569 αὖε-ὃδνὸ
829 4499 1010 4576 Πατήρ
1049 4514 1063 4528 ⁸
1141 4499 1185 4555 εἰ
1239 4497 1339 4575 γὰρ
1394 4497 1482 4553 καὶ
1536 4497 1565 4553 6
1631 4498 1749 4560 Υἱὸς
1781 4495 1897 4553 οἶδε

256 4594 448 4659 ταύτην
503 4594 598 4648 σὺν
652 4590 731 4665 τῷ
784 4590 965 4668 Πατρὶ,
1026 4585 1163 4643 ἆ).λὰ
1245 4584 1329 4641 διὰ
1409 4586 1471 4642 16
1547 4585 1636 4642 16v
1691 4586 1898 4666 Πατέρα

1985 4320 2210 4401 primus
2242 4338 2368 4379 eam
2405 4322 2577 4380 Pater
2602 4319 2792 4399 novit;
2830 4320 2965 4379 licet
2988 4320 3147 4381 enim
3175 4331 3232 4381 et
3255 4321 3437 4384 Filius
3463 4326 3622 4387 illam

1981 4408 2126 4469 sciat
2157 4426 2287 4468 cum
2324 4407 2514 4479 Patre,
2550 4407 2653 4468 sed
2699 4411 2855 4487 quod
2894 4412 3060 4467 Pater
3088 4427 3216 4470 eam
3249 4410 3474 4490 primus
3505 4432 3619 4475 no-

1981 4496 2080 4575 vit,
2118 4496 2277 4558 novit
2301 4496 2459 4555 illam
2493 4505 2550 4556 et
2582 4495 2707 4576 ipse
2742 4517 2755 4555 :
2792 4495 3101 4558 scientiam
3150 4498 3308 4558 enim
3358 4502 3625 4580 possidet

1979 4585 2166 4649 Filius
2197 4604 2229 4645 a
2259 4588 2450 4647 Patre.

256 4688 459 4759 πρῶτον
498 4679 715 4759 εἰδέναι,
760 4675 876 4735 οἶδε
908 4677 994 4732 καὶ
1025 4676 1180 4740 αὐτὸς
1222 4676 1318 4742 τὴν
1360 4676 1564 4752 ἡμέραν
1604 4674 1801 4743 ταύτην
1834 4696 1846 4708 ·
1895 4680 1956 4735 οὔ
1983 4681 2082 4755 γὰρ
2114 4675 2298 4731 εἰδέναι
2330 4678 2355 4729 ὁ
2395 4676 2513 4738 Υἱὸς
2543 4674 2603 4729 ἐκ
2632 4680 2724 4729 τού
2766 4677 2969 4752 Πχτρξς
3000 4674 3140 4755 ἔχει,

332 4758 453 4844 ις’.
518 4770 619 4828 Καὶ
658 4758 771 4846 εγὼ
823 4766 919 4840 μὲν
974 4768 1130 4841 οἶμαι
1215 4761 1448 4829 δέξασθαί
1503 4785 1563 4819 σε
1617 4766 1683 4820 τὰ
1739 4766 1892 4843 εἰρη-

259 4858 408 4936 μένα,
452 4870 579 4921 ταῖς
651 4854 754 4922 ἤδη
824 4854 1083 4933 ῥηθείσαις
1139 4849 1420 4930 ἐξηγήσεσι
1489 4861 1582 4910 106
1659 4853 1893 4930 μεγάλου

256 4947 524 5004 Βασιλείου
567 4944 846 5002 πεισθέντα
900 4962 915 4979 ·
960 4943 1022 4998 σὺ
1068 4939 1123 4997 δὲ
1179 4941 1296 5018 εἴγε
1367 4940 1534 5015 μήπω
1578 4943 1743 4998 ταῦτα
1800 4939 1891 4997 δὲ-

264 5033 436 5102 ξασθαι
478 5034 672 5113 θέλεις,
732 5032 868 5090 ἀλλὰ
908 5034 995 5089 καὶ
1050 5030 1126 5088 ’ἐτι
1184 5028 1386 5088 πλείοσι
1429 5045 1746 5108 περικοπαῒς
1786 5036 1891 5087 τῶν

264 5126 497 5205 περὶιτῆς
542 5134 640 5182 τοῦ
666 5123 827 5198 μόνου
856 5121 1034 5201 φωνῆς
1082 5119 1382 5197 ἐξηγήσεων
1425 5126 1670 5183 ἀπαιτεῖς
1724 5122 1891 5193 ἡμᾶς,

261 5218 611 5293 συγκροτῆσαι
642 5213 740 5279 τὴν
781 5209 1041 5280 δήλουσαν
1089 5208 1309 5266 ἔννοιαν.
1355 5208 1433 5282 μὴ
1477 5210 1609 5286 πρὸς
1669 5206 1896 5264 ἀντιδια-

260 5300 447 5370 στολὴν
487 5308 583 5358 τοῦ
636 5302 777 5373 Tim),
806 5302 868 5357 16
911 5297 1073 5373 μόνος
1115 5299 1143 5354 6
1174 5298 1353 5374 Πατὴρ
1411 5297 1643 5374 εἰρῆσθαι
1675 5295 1728 5351 ὲν
1770 5310 1893 5361 τανς

257 5393 510 5471 Γραφαῐς,
555 5387 696 5445 ἀλλὰ
723 5391 850 5457 πρὸς
916 5385 1151 5457 δήλωσιν
1219 5392 1311 5441 τοῦ
1366 5386 1560 5463 πρώτῳ
1612 5391 1689 5458 τῷ
1731 5386 1890 5463 Πατρὶ

252 5492 523 5558 προσεῖναι
584 5478 685 5546 τὴν
745 5477 1068 5556 ἂγαθότητα,
1125 5472 1246 5532 ὅσον
1290 5474 1448 5549 μόνος
1505 5473 1699 5551 ἀγαθὸς
1743 5473 1893 5553 λέγει·

2061 4765 2235 4825 16.Εῑ
2260 4782 2365 4840 ego
2396 4762 2636 4841 quidem
2671 4761 2883 4842 opinor
2914 4773 2967 4822 te
2997 4764 3116 4824 haec
3150 4781 3279 4824 mea
3307 4764 3462 4826 dicta
3486 4784 3611 4829 am-

1976 4850 2567 4934 plexaturumallatis
2585 4869 2781 4929 magni
2804 4852 3001 4912 Basilii
3021 4853 3616 4932 interpretationibus

1978 4959 2320 5021 persuasmn
2352 4939 2515 5011 Quod
2551 4939 2598 4999 si
2632 4959 2732 4999 eas
2754 4940 2954 5018 rejicis
2983 4950 3040 5001 et
3073 4944 3536 5025 coutcmnis,sed
3559 4954 3622 5008 et

1976 5033 2168 5091 adhuc
2194 5028 2457 5108 pluribus
2479 5029 2609 5088 aliis
2634 5027 2703 5087 di-
2731 5028 2804 5088 tis
2818 5035 2890 5089 de
2917 5032 3104 5091 solius
3126 5050 3265 5092 voce
3282 5033 3614 5111 significatu

1978 5139 2084 5180 nos
2112 5121 2377 5197 exqowis
2426 5117 2807 5177 constabilire
2849 5120 3201 5181 sententiam
3240 5122 3609 5202 innuentem,

1978 5227 2093 5268 non
2122 5208 2190 5267 ad
2217 5205 2657 5268 distinctionem
2701 5206 2829 5268 Filii
2859 5210 3015 5269 solus
3058 5212 3238 5271 Pater
3261 5211 3315 5269 in
3342 5210 3612 5292 Scriptu-

1974 5297 2057 5356 ris
2088 5296 2335 5359 iliciseil
2371 5298 2441 5354 ait
2469 5294 2994 5357 manil'estatinni-m
3024 5298 3212 5377 primo
3244 5299 3398 5363 Patri
3436 5301 3609 5363 boui-

1976 5394 2154 5446 tatem
2196 5384 2412 5443 inesse.
2453 5383 2551 5443 ubi
2592 5383 2754 5443 SUIUS
2808 5391 2974 5445 l'ater
3022 5387 3214 5449 bonus
3261 5390 3505 5471 dicitur,
3560 5398 3619 5453 et

1975 5474 2166 5556 primo
2218 5472 2374 5534 Patri
2423 5471 2625 5533 inesse
2658 5472 3081 5555 cognitionem,
3118 5477 3213 5537 ubi
3246 5479 3409 5539 solus
3443 5480 3615 5541 Pater

251 5584 334 5623 ται
360 5570 390 5625 6
430 5567 645 5647 Πατὴρ,
678 5567 768 5625 καὶ
794 5564 888 5623 106
926 5564 1121 5643 πρώτῳ
1160 5570 1237 5639 τῷ
1277 5564 1441 5641 Πατρὶ
1473 5575 1748 5641 προσεῖναι
1789 5565 1888 5633 τὴν

1994 5563 2126 5626 ιοὶτθ
2157 5560 2463 5637 asset-itur,
2495 5569 2553 5622 et
2585 5560 2779 5641 primo
2812 5563 2967 5627 Patri
2996 5583 3232 5629 causam
3262 5566 3486 5649 inesse,
3510 5566 3618 5630 ubi

565 5691 826 5759 Ριαεοι..
870 5697 985 5759 Gn.
1033 5694 1231 5759 CXLI.

3132 5698 3169 5762 9
