4178 6286
265 390 378 457 269
1355 394 1454 459 DE
1495 391 2004 460 PROCESSIONE
2048 394 2109 454 S.
2155 396 2528 458 SPIBITUS.
3446 340 3451 345 ἢ
3507 399 3627 464 270

259 520 404 581 Ἀλλ’
432 524 593 579 εἶκαὶ
625 524 687 578 σὺ
734 536 971 600 κρεῖττον
1014 523 1051 591 ἢ
1094 525 1229 581 κατὰ
1270 525 1360 579 τὸν
1390 523 1557 601 μέγαν
1624 526 1885 583 Βασίλειον

1980 525 2156 588 ritus?
2190 528 2606 588 Verumtamen
2639 527 2873 589 etiamsi
2907 535 2967 589 tu
2998 529 3127 609 ipso
3160 527 3378 591 Basilio
3409 531 3623 594 melius

259 614 505 694 φαντάζει
547 628 673 679 ταῖς
751 621 847 682 τῆς
878 614 1149 693 θεολογίας
1209 619 1398 693 αῦγαϊς
1431 616 1885 694 ἐναστραπτέσθαι.

1983 616 2289 691 theologia:
2319 616 2736 695 spteniloribus
2772 617 3093 677 illuminari
3120 617 3619 696 imaginaris,ego

259 703 367 780 ἐγὼ
410 701 464 759 δέ
532 704 636 760 τῶν
670 708 809 778 αὒτῴ
862 703 1279 780 θεολογηθέντων
1348 704 1577 783 ὁλοσχερ
1596 708 1652 768 ὗς
1710 706 1885 784 ἐξέχε.

1981 702 2372 764 nihilominus
2428 704 2502 763 ab
2552 704 2710 764 illius
2766 705 3114 781 theologicis
3169 706 3344 766 dictis
3378 725 3622 786 prorsus

259 794 375 848 σθαι
420 797 516 850 οὒκ
584 790 896 867 ἀναδύομαι,
957 794 1045 847 καὶ
1112 793 1212 848 ὑπὸ
1280 795 1563 870 καθηγητῇ
1617 795 1704 849 καὶ
1745 792 1885 849 διδα-

1978 788 2319 868 depeudere
2353 810 2467 852 non
2491 809 2845 873 recuso,quo
2872 794 3150 871 magistro
3171 813 3238 854 ac
3261 806 3622 876 praeceptore

255 879 437 953 σκάλῳ
471 882 612 954 αὒτῷ
638 885 729 936 16v
779 880 936 958 λόγον
997 878 1119 936 οἶδα
1174 880 1288 936 καθ’
1352 882 1409 936 ὃν
1465 883 1525 937 τὸ
1557 881 1715 955 μόνος
1747 881 1885 957 λαμ-

1984 878 2224 938 modum
2250 900 2483 959 quoque
2518 881 2795 960 n0vi,quu
2829 880 2987 941 solus
3008 881 3299 959 accipitur
3323 884 3398 942 de
3423 886 3617 945 Patre.

256 965 467 1024 ϐἆνεται
535 968 623 1025 ἐπὶ
691 979 781 1027 τοῦ
850 969 1072 1046 Πατρός.
1137 970 1297 1030 A616:
1355 969 1454 1047 γὰρ
1504 968 1654 1032 ὦτος
1714 972 1742 1025 6
1801 972 1885 1036 τῆι

1985 969 2119 1046 lpse
2177 969 2335 1028 enim
2389 970 2700 1046 theologia;
2747 970 2947 1029 lumen
2998 969 3395 1048 interpretans
3447 971 3618 1045 illud,

254 1055 526 1134 θεολογίας
555 1056 772 1135 φωστὴρ
812 1057 1189 1135 ἐξηγούμενος,
1233 1057 1295 1112 τὸ
1343 1081 1370 1110 α
1405 1054 1581 1118 Οὐδεὶς
1625 1055 1737 1112 οἶδε
1807 1060 1885 1113 16x

1988 1078 2011 1109 ι
2067 1054 2253 1114 Nemo
2285 1057 2452 1118 noxit
2488 1057 2699 1117 Filium
2734 1056 2845 1115 nisi
2880 1055 3074 1128 Pater,
3114 1080 3137 1112 ι)
3175 1058 3257 1116 ait
3292 1076 3305 1115 :
3336 1082 3362 1111 ιι
3398 1055 3480 1118 Eo
3508 1058 3624 1118 loci

250 1149 369 1203 Υξὸν
425 1148 551 1222 εἰμῆ
606 1150 634 1203 6
691 1149 893 1224 [11169,
931 1171 958 1202 ι
1005 1146 1171 1225 λέγει,
1251 1166 1280 1205 ‹
1312 1145 1438 1204 033%.
1468 1148 1567 1226 γὰρ
1622 1146 1737 1203 ἐκεῖ
1790 1147 1885 1224 ἅγ-

1980 1161 2095 1202 nun
2154 1143 2477 1221 ignorantia
2534 1143 3017 1224 SpiritusaFilio
3077 1144 3451 1223 praedicatur,
3515 1146 3620 1207 sed

257 1255 403 1292 νοιαν
481 1243 576 1292 τοῦ
640 1236 943 1309 Πνεόματος
1042 1247 1334 1313 κατηγορεῖ
1418 1237 1447 1290 6
1547 1237 1685 1299 Υἱὸς,
1755 1234 1885 1291 ἀλλὰ

1978 1229 2166 1308 primo
2204 1232 2363 1293 Patri
2399 1233 2595 1292 inesse
2627 1233 3022 1310 cognitionem
3058 1233 3217 1293 illius
3248 1242 3472 1293 naturae
3498 1240 3620 1294 tes-

257 1324 451 1402 πρώτσρ
507 1328 585 1397 τῷ
641 1324 803 1389 Πατρὶ
851 1323 1165 1401 ἐνυπάρχειν
1205 1324 1305 1389 τὴν
1374 1329 1566 1399 γνῶσιν
1637 1329 1735 1389 τῆς
1765 1323 1881 1381 ἐαυ·

1973 1323 2147 1388 tatur,
2191 1344 2211 1374 ι
2244 1329 2301 1379 et
2331 1320 2497 1394 illud,
2540 1342 2562 1375 α
2600 1320 2714 1380 nisi
2769 1339 2922 1380 unus
2959 1323 3137 1393 Deus,
3181 1345 3201 1374 ι
3251 1320 3383 1381 loco
3437 1321 3620 1395 illius,

257 1415 347 1469 106
374 1411 578 1490 φ’ὂσεως
610 1424 885 1490 μαρτυρεῖ,
923 1434 951 1466 ι
990 1413 1086 1468 Καὶ
1128 1413 1211 1484 τὸ,
1271 1412 1315 1466 εἰ
1370 1422 1447 1485 μη
1479 1412 1564 1475 εἷς
1595 1414 1622 1468 6
1654 1414 1805 1491 Θεὸς,
1858 1436 1882 1467 υ

1978 1428 2005 1460 α
2042 1408 2151 1466 nisi
2178 1411 2339 1469 solus
2372 1408 2599 1486 Pater,»
2637 1409 2960 1488 accipiens,
2996 1417 3053 1469 et
3082 1427 3387 1486 exponens
3420 1409 3621 1490 tradit,

257 1499 372 1556 ἀντι
429 1503 542 1570 τοῦ,
597 1521 621 1551 σ
681 1500 845 1572 εἰμὴ
921 1499 1080 1574 μόνος
1153 1501 1180 1556 6
1264 1502 1468 1579 Πατὴρ,
1528 1524 1554 1555 ι
1616 1499 1885 1575 ἐκλαμϐά-

1971 1492 2362 1570 signiﬁcatum
2401 1496 2749 1569 iurazseferre
2780 1496 3102 1557 dictionem
3129 1497 3619 1577 illam,«primum

253 1610 381 1662 νων,
457 1588 515 1644 ἐν
743 1586 991 1663 ἐξηγήσει
1072 1588 1199 1666 φησί
1285 1586 1514 1656 δήλωσιν
1602 1588 1746 1669 ἔχειν
1825 1592 1885 1647 16

1970 1579 2189 1643 bonum
2223 1602 2354 1645 esse
2390 1583 2768 1646 Patrem.»Et
2798 1602 2932 1645 cum
2965 1603 3032 1644 ex
3057 1584 3356 1645 similibus
3379 1586 3619 1665 exposi-

250 1676 395 1754 ῥῆμα
454 1677 550 1733 106
607 1680 815 1754 πρῶτον
907 1676 1101 1753 ἀγαθὸν
1145 1675 1287 1732 εἶναι
1330 1680 1421 1731 16v
1493 1676 1721 1755 Πατέρα.
1802 1688 1885 1736 Κα

1984 1670 2243 1732 tionibus
2273 1674 2635 1752 comperiam
2666 1676 2832 1734 solus
2863 1671 2936 1733 de
2970 1674 3142 1735 Patre
3169 1692 3273 1752 pro
3297 1678 3499 1753 primo
3528 1694 3622 1737 ac-

256 1763 369 1820 ἐπεὶ
420 1763 485 1819 ἐκ
523 1769 632 1820 τῶν
686 1761 995 1841 ἐξηγήσεων
1036 1762 1232 1818 τούτων
1296 1761 1417 1819 οἴδα
1470 1767 1531 1820 16
1589 1766 1747 1839 μόνος
1816 1765 1885 1821 ἐπ’

1981 1757 2119 1838 cipi,
2159 1781 2349 1841 neque
2381 1763 2493 1822 nisi
2527 1761 2692 1822 solus
2734 1764 2913 1824 Pater
2939 1780 3115 1822 causa
3145 1761 3389 1834 dicitur,
3422 1772 3522 1823 aut
3549 1782 3620 1824 ex

252 1860 345 1910 106
404 1854 610 1931 Πατρὸς
679 1851 793 1908 ἆντί
873 1859 965 1908 τοῦ
1057 1851 1264 1928 πρώτου
1331 1850 1708 1927 λαμϐάνεσθαι,
1781 1852 1885 1910 οὒδέ

1982 1849 2107 1907 solo
2142 1851 2606 1928 Patre,ignorem
2640 1849 2818 1909 verba
2846 1849 3152 1923 denotare,
3190 1849 3445 1928 primam
3472 1868 3617 1911 cau-

254 1940 384 1999 ὅπου
414 1941 577 2013 μόνος
623 1942 651 1995 6
697 1939 877 2017 Πατὴρ
920 1939 1093 2000 αἴτιος
1124 1938 1360 2016 λέγεται,
1416 1940 1451 2009 ἢ
1511 1940 1571 1998 ἐκ
1615 1941 1775 2014 μόνου
1804 1952 1885 2000 τοί

1979 1954 2101 1994 sam
2136 1934 2364 1996 Patrem
2400 1936 2812 2015 intelligi;cum
2855 1937 3014 1996 enim
3048 1935 3195 1996 nihil
3248 1954 3314 1996 ex
3369 1936 3465 2009 iis,
3488 1954 3620 2016 qua;

258 2032 489 2109 Πατρὸς,
534 2027 711 2105 ἄγνοῶ
756 2025 984 2096 δήλωσιν
1015 2026 1189 2105 ἔχθειν
1237 2029 1297 2083 τὰ
1359 2028 1571 2105 ῥήματα
1597 2039 1687 2088 τοῦ
1742 2029 1893 2109 πρώο

253 2140 351 2185 την
392 2118 565 2174 αἰτίαν
616 2118 707 2171 τὸν
761 2114 967 2194 Πατέρα
1008 2117 1263 2178 νοεῖσθαι,
1327 2115 1472 2173 Ἐπεὶ
1526 2120 1624 2194 γὰρ
1652 2116 1801 2173 οῦδὲν
1843 2140 1893 2175 τι

247 2210 351 2264 τῶν
393 2212 489 2262 τοῦ
523 2208 639 2260 Υἱου
678 2202 819 2266 ἰδίως
863 2206 1003 2278 αὐτῷ
1034 2203 1224 2284 ἔνεστι,
1270 2206 1358 2261 καὶ
1407 2203 1548 2261 ονἨὲν
1578 2227 1627 2261 τι
1657 2207 1762 2262 τῶν
1802 2206 1895 2262 106

251 2299 370 2354 Υἱοῦ
428 2296 505 2359 ὡς
558 2291 658 2349 ἰδία
706 2292 939 2370 ἐνεργειά
993 2292 1103 2348 ἐστι
1160 2294 1298 2370 παρὰ
1340 2295 1438 2360 τὴν
1495 2293 1753 2372 ἐνέργειαν
1803 2302 1893 2351 τοῦ

251 2383 479 2457 Πατρός,
527 2383 642 2445 πῶς
674 2385 768 2439 οῦκ
821 2379 885 2436 ἄν
929 2380 1088 2455 μόνος
1134 2381 1329 2445 ¹αἴτιος
1385 2382 1566 2457 ῥηθείη
1609 2385 1637 2439 ὃ
1665 2385 1887 2459 Πχτάρ;

251 2461 432 2551 ἸΟπερ
477 2471 579 2549 γαρ
608 2473 636 2525 6
666 2469 831 2548 μέγας
892 2471 1037 2530 0610;
1070 2473 1253 2545 Hz1n9
1315 2471 1434 2547 περὶ
1490 2472 1587 2538 τῆς
1643 2471 1889 2549 γνώσεως

246 2557 388 2637 λέγει
445 2580 546 2625 της
604 2558 721 2635 περὶ
789 2561 889 2624 τῆς
945 2555 1148 2632 ἡμέρας
1195 2557 1399 2623 ἐκείνης
1454 2559 1541 2614 καὶ
1609 2564 1708 2625 τῆς
1752 2559 1889 2635 ὥρας

251 2654 433 2728 σαφῶς
507 2643 856 2724 δογματίξων,
904 2644 1012 2702 οὐδ’
1078 2641 1142 2698 ἄν
1194 2647 1223 2701 6
1298 2647 1416 2709 Υἱὸς
1462 2645 1599 2724 ἔγνω
1654 2647 1886 2728 ἐκείνην,

248 2736 291 2792 εἰ
320 2735 403 2810 μὴ
433 2736 463 2791 6
507 2735 690 2811 Πατὴρ
739 2730 897 2809 ἔγνω,
942 2744 1059 2805 τοῖς
1113 2730 1309 2789 ἐκείνου
1361 2731 1539 2811 λόγοις
1582 2733 1887 2814 ἀποθαῤῥή-

245 2846 367 2903 σας,
426 2829 583 2880 τοῦτο
623 2822 713 2878 καὶ
768 2822 921 2883 αὐτὸς
965 2822 1083 2899 περὶ
1137 2826 1237 2887 τῆς
1276 2831 1369 2881 τοῦ
1409 2824 1709 2897 Πνεύματος
1752 2847 1890 2903 προ-

1975 2022 2108 2083 Filii
2138 2033 2293 2092 sunt.
2346 2025 2580 2104 proprie
2611 2025 2724 2103 ipsi
2758 2024 2928 2084 inest.
2966 2034 3023 2083 et
3053 2024 3197 2084 nihil
3233 2043 3299 2084 ex
3327 2024 3467 2095 illis,
3488 2043 3621 2105 qua

1979 2112 2111 2174 Filii
2157 2122 2315 2187 sunt,
2352 2113 2586 2193 propria
2634 2112 2901 2191 operatio
2959 2121 3069 2185 est,
3123 2131 3241 2191 prae
3269 2113 3618 2192 operatione

1976 2199 2444 2280 Patris,quanam
2479 2201 2709 2261 ratione
2741 2201 2903 2260 solus
2934 2217 3112 2260 causa
3146 2203 3315 2261 Pater
3362 2219 3480 2261 non
3516 2201 3614 2262 di-

1975 2289 2335 2360 ceturYQuod
2373 2305 2619 2365 magnus
2650 2288 2746 2349 hic
2784 2289 2957 2349 Pater
2989 2287 3061 2348 de
3093 2288 3431 2365 cognitione
3457 2288 3618 2351 illius

1975 2377 2094 2439 diei
2125 2387 2184 2438 et
2216 2379 2372 2437 horai
2402 2378 2674 2445 afﬁrmat.
2707 2377 2881 2455 plane
2931 2375 3110 2436 veluti
3158 2377 3372 2454 dogma
3400 2376 3615 2438 coasti-

1973 2473 2165 2539 tuens,
2201 2484 2500 2545 nunquam
2534 2463 2747 2525 Filium
2781 2465 2986 2524 horam
3025 2464 3186 2525 illam
3210 2463 3615 2544 cogniturum,

1972 2554 2262 2614 nisil’ater
2292 2551 2850 2630 cognovisset.illius
2883 2551 3261 2613 sermonibus
3285 2551 3615 2627 conﬁdens,

1974 2643 2086 2702 hoc
2115 2644 2305 2720 ipsum
2336 2647 2397 2702 et
2428 2659 2537 2717 ego
2556 2637 2891 2719 deSpiritus
2924 2656 3245 2719 progressu
3268 2640 3614 2702 enuntiabo:

1970 2728 2280 2810 Nunquam
2314 2731 2564 2806 Spiritus
2598 2746 2947 2808 progressus
2968 2728 3180 2789 fuisset
3212 2746 3281 2788 ex
3312 2726 3484 2803 Filio,
3504 2728 3620 2790 nisi

1981 2837 2326 2897 progressus
2356 2818 2560 2877 fuisset
2590 2834 2659 2877 ex
2703 2820 2895 2877 Patre.
2933 2814 3099 2878 Unde
3133 2815 3295 2877 enim
3327 2817 3615 2896 Spiritum

240 2910 360 2972 όδω
386 2911 516 2989 ἐρῶ,
577 2908 684 2967 Οὔκ
742 2905 805 2963 ἄν
862 2930 993 2965 ποτε
1034 2911 1096 2965 16
1129 2915 1342 2986 Πνεῦμα
1397 2910 1658 2990 προῆλθεν
1720 2912 1779 2968 ἐκ
1806 2924 1885 2971 τοῐ

1980 2904 2162 2967 Filius
2186 2906 2614 2985 habuisset,qui
2649 2905 2795 2965 nihil
2828 2907 3275 2984 praterPatrem
3310 2906 3616 2985 proPrium

243 3002 388 3071 Ποῦ,
418 3000 465 3053 εἰ
510 2997 589 3073 μὴ
618 2994 881 3076 προῆλθεν
936 2996 996 3053 ἐκ
1035 3005 1125 3054 τοῦ
1182 2999 1406 3077 Πατρός.
1471 3000 1630 3058 Πόθεν
1696 3000 1795 3079 γάρ
1837 2999 1885 3056 ἄη

1980 2993 2302 3067 habet,nisi
2331 3012 2364 3054 a
2394 2996 2564 3056 Patre
2596 2992 2946 3054 naturaliter
2973 2992 3141 3052 illum
3176 2990 3618 3079 possideret?Et

246 3088 335 3144 καί
384 3086 553 3165 ἔσχεν
587 3090 798 3158 Πνεῦμα
841 3086 871 3141 6
916 3086 1031 3147 Υἱὸς
1073 3087 1102 3142 6
1173 3084 1338 3162 μηδὲν
1390 3085 1534 3167 ἔχων
1588 3085 1725 3145 ἴδιον
1754 3078 1885 3167 παρᾶ

1980 3100 2115 3142 cum
2142 3084 2618 3161 omnia,quurum
2649 3080 2834 3142 Filius
2882 3098 3065 3141 causa
3097 3086 3211 3155 est,
3270 3080 3342 3140 ad
3383 3078 3615 3141 Patrem

242 3178 333 3233 τὸν
362 3174 598 3253 Πατέρα,
630 3174 675 3229 εἰ
718 3178 797 3249 μη
850 3175 991 3252 παρὰ
1054 3182 1150 3234 τοῦ
1202 3177 1404 3252 Πατρὸς
1465 3183 1693 3248 φυσικῶς
1735 3176 1885 3256 εἶχεν

1977 3169 2229 3249 primam
2253 3188 2488 3230 causam
2521 3170 2880 3243 referantur,
2910 3185 3170 3249 quanam
3202 3167 3436 3228 ratione
3496 3186 3615 3229 non

244 3263 421 3343 αὑτός
476 3264 577 3320 Καὶ
606 3261 718 3318 ἐπεὶ
759 3262 954 3341 πάντα,
1012 3263 1087 3316 ὧν
1138 3260 1280 3319 ἐστιν
1337 3266 1365 3319 6
1426 3266 1544 3328 Υἱὸς
1588 3265 1785 3335 αἴτιος,
1818 3267 1889 3329 εἰς

240 3353 332 3409 τὸν
376 3350 590 3429 Πατέρα
618 3353 716 3417 τὴν
773 3349 988 3430 πρώτην
1046 3350 1222 3407 αἴτίαν
1291 3352 1390 3418 τὴν
1439 3354 1697 3433 ἀναφορὰν
1749 3353 1887 3434 ἔχει,

240 3442 354 3503 πῶς
398 3441 529 3519 οὐχὶ
559 3439 720 3513 μόνος
748 3438 922 3501 αἴτιος
964 3441 993 3495 6
1036 3440 1218 3517 Πατὴρ
1245 3441 1380 3495 κατᾶ
1434 3442 1525 3497 τὸν
1584 3443 1644 3497 ὲκ
1698 3452 1887 3511 Δαμα-

238 3538 368 3589 σκοῦ
447 3527 705 3605 θεολόγον
767 3526 1096 3607 ῥηθήσεται;
1159 3527 1307 3585 Ἐπεὶ
1367 3527 1422 3584 δὲ
1467 3528 1625 3587 πάλιν
1676 3532 1886 3587 πάντων

235 3624 341 3674 τῶν
404 3638 501 3674 του
570 3616 776 3693 Πατρὸς
847 3621 1085 3693 φυσικῶν
1180 3614 1386 3693 ἀγαθῶν
1474 3619 1725 3681 κοινωνός
1790 3621 1886 3675 ἐσ-

236 3726 315 3762 τιν
346 3707 376 3762 6
405 3706 552 3777 Υἱὸς,
614 3709 728 3764 πῶς
778 3704 900 3782 οὐχὶ
965 3704 1026 3759 τὸ
1058 3697 1066 3706 ’
1094 3702 1155 3759 ἐκ
1208 3703 1300 3759 106
1367 3706 1573 3780 Πατρός
1603 3704 1890 3783 λεγόμενον

238 3797 406 3870 εἶναι,
462 3797 555 3852 καὶ
627 3793 686 3850 ἐκ
752 3803 844 3851 τοῦ
902 3796 1019 3850 Υἱου
1068 3794 1353 3871 ῥηθήσεται
1410 3795 1602 3871 sim;
1657 3800 1744 3853 καὶ
1774 3806 1887 3860 πῶς

240 3886 300 3940 16
365 3890 459 3941 106
534 3883 741 3960 H1196:
801 3887 1009 3955 Πνεῦμα
1077 3881 1199 3962 οὒχὶ
1269 3884 1358 3938 καὶ
1408 3889 1499 3940 τοῦ
1556 3887 1674 3942 Υἱοῦ
1728 3885 1889 3963 ῥηθή-

243 3993 387 4029 σεται
448 3977 670 4045 Πνεῦμα
706 3991 724 4045 ;
754 3971 842 4026 καὶ
896 3970 1011 4034 πῶς
1072 3971 1131 4025 ἐκ
1171 3973 1263 4027 106
1304 3973 1507 4048 Πιτρὸς
1558 3974 1795 4053 ὑπάρχον
1825 3976 1887 4031 16

247 4066 450 4135 Πνεῦμα
504 4061 588 4136 μὴ
659 4061 745 4114 καὶ
796 4057 858 4115 ἐκ
916 4064 1008 4115 τοῦ
1064 4060 1187 4115 Υῐοῦ
1240 4060 1499 4139 ῦπάρχειν
1556 4062 1884 4142 ρηθήσεταις

243 4148 298 4205 Εἰ
326 4149 423 4226 γὰρ
450 4149 533 4223 μὴ
575 4143 720 4203 τοῦτ’
764 4147 855 4217 ἦν,
903 4149 998 4203 οὒκ
1071 4144 1134 4201 ἂν
1185 4147 1214 4202 6
1268 4146 1437 4225 μέγας
1496 4146 1801 4214 Ἀθανάσιος
1835 4150 1888 4207 ἐν

235 4241 303 4311 τῇ
342 4239 473 4315 πρὸς
502 4235 817 4314 Σεραπίωνα
873 4236 993 4312 περὶ
1022 4242 1115 4292 τοῦ
1168 4232 1318 4311 ἆγίου
1388 4237 1690 4312 Πνεύματος
1760 4238 1884 4295 ἐπι-

235 4324 402 4401 στολῇ
428 4326 499 4392 ἧς
534 4326 572 4393 ἡ
622 4322 791 4402 ἀρχὴ,
845 4344 872 4377 α
907 4322 1190 4403 Ἐνέτυχον
1220 4325 1308 4380 καὶ
1362 4330 1429 4400 τῇ
1501 4334 1587 4384 νῦν
1629 4329 1883 4405 γραφείσῃ

1972 3257 2134 3318 solus
2159 3276 2333 3319 causa
2359 3259 2532 3321 Pater
2561 3266 2856 3318 astruetur
2918 3266 2981 3318 ut
3010 3256 3410 3317 Damascenus
3441 3257 3613 3318 theo-

1971 3348 2140 3426 logus
2162 3345 2542 3426 indigitat?Et
2570 3365 2704 3406 cum
2739 3364 2946 3407 rursus
2979 3345 3244 3405 omnium
3280 3346 3467 3407 Patris
3497 3363 3612 3408 na-

1972 3436 2247 3497 turalium
2280 3435 2571 3496 bonorum
2610 3434 2791 3495 Filius
2825 3434 3118 3514 particeps
3150 3440 3259 3507 est,
3295 3452 3410 3514 quo
3445 3442 3612 3514 pacto

1967 3524 2070 3604 qui
2117 3543 2187 3584 ex
2234 3523 2406 3584 Patre
2459 3522 2675 3585 dicitur
2703 3541 2858 3595 esse,
2892 3541 3010 3582 non
3039 3521 3261 3582 dicitur
3292 3540 3423 3583 esse
3454 3530 3509 3584 et
3540 3540 3612 3586 ex

1971 3613 2150 3677 Filio?
2211 3621 2269 3674 et
2297 3613 2591 3694 quomodo
2647 3613 2836 3674 Patris
2862 3610 3117 3693 Spiritus
3146 3631 3265 3673 non
3296 3612 3529 3675 dicetur
3559 3621 3619 3675 et

1972 3703 2106 3764 Filii
2136 3701 2421 3782 Spiritus?
2441 3701 2512 3762 Et
2542 3721 2655 3783 qua
2683 3702 2913 3763 ratione
2944 3699 3199 3781 Spiritus
3222 3701 3513 3762 exsistens
3546 3721 3617 3765 ex

1972 3795 2295 3862 Patre,non
2328 3790 2542 3851 dicitur
2572 3810 2640 3851 ex
2673 3790 2828 3861 Filio
2851 3809 3084 3869 quoque
3114 3788 3617 3853 exsistere?Nam-

1972 3901 2083 3962 que
2118 3881 2172 3942 id
2208 3881 2256 3940 si
2291 3899 2404 3940 non
2437 3889 2925 3958 esset,nunquam
2966 3897 3211 3957 magnus
3259 3878 3616 3941 Athanasius

1972 3972 2042 4031 ad
2067 3968 2452 4047 Serapionem
2478 3967 2752 4047 epistola,
2784 3967 2952 4046 cujus
2980 3966 3363 4047 principium,
3398 3993 3421 4021 υ
3452 3969 3617 4031 Bed-

1972 4060 2093 4119 dita
2124 4067 2214 4117 est
2244 4056 2387 4116 mihi
2417 4048 2577 4116 nunc
2609 4075 2644 4117 a
2676 4065 2769 4115 tua
2803 4056 3020 4133 pietate
3048 4055 3265 4134 scripta
3303 4056 3613 4135 epistola,-

1970 4148 2309 4226 scripsisset
2339 4165 2352 4206 :
2386 4169 2413 4199 α
2450 4144 2717 4204 Profecto
2752 4143 2922 4203 Patre
2981 4144 3252 4204 mittente
3302 4141 3617 4226 Spiritum,

1967 4234 2153 4296 Filius
2184 4233 2427 4293 sufflans
2458 4232 2631 4292 tradit
2665 4231 2829 4291 illum
2861 4230 3193 4310 discipulis,
3246 4250 3382 4291 cum
3415 4230 3616 4293 omnia

1967 4342 2095 4404 quze
2129 4322 2306 4382 habet
2335 4324 2506 4383 Pater
2537 4319 2673 4382 Filii
2718 4327 2943 4383 sunt.)

232 4413 491 4489 ἐπιστολῇ
521 4413 667 4491 παρὰ
695 4416 793 4478 τῆς
835 4408 1128 4484 εὐλαϐείας,
1181 4435 1209 4467 ι
1240 4410 1340 4491 ἔφη
1377 4432 1401 4468 ι
1439 4411 1652 4487 Ἀμέλει
1684 4414 1774 4471 106
1804 4418 2007 4495 Πατρὸς
2038 4413 2339 4487 πέμποντος
2372 4412 2429 4465 16
2462 4416 2695 4483 Πνεῦμα,
2742 4410 2770 4464 6
2824 4410 2940 4470 Υἱὸς
2988 4407 3229 4487 ἐμφυσῶν
3258 4406 3463 4464 δίδωσιν
3492 4411 3618 4468 0:616

230 4514 345 4567 τοῖς
376 4505 679 4577 μαθηταῖς,
725 4497 909 4567 ἐπειδὴ
940 4500 1111 4557 πάντα
1136 4499 1233 4556 ὅσα
1260 4500 1383 4580 ἔχει
1415 4499 1450 4558 ὅ
1476 4504 1656 4579 Πατὴρ
1686 4514 1777 4563 τοῦ
1816 4508 1937 4563 Υἱοῦ
1970 4505 2134 4563 ἐστιν,
2187 4523 2214 4556 ι)

313 4585 416 4660 ιη’.
493 4592 555 4648 Εἰ
598 4587 652 4645 δὲ
695 4590 756 4646 σὺ
798 4588 858 4644 ἐκ
914 4595 1006 4646 τοῦ
1055 4592 1255 4667 Πατρὸς
1313 4589 1516 4646 ἀκούων
1570 4593 1632 4647 16
1677 4593 1885 4668 Πνεῦμα

2049 4591 2146 4651 18.
2176 4586 2340 4659 Quod
2375 4586 2504 4646 situ
2534 4605 2601 4647 ex
2653 4588 2825 4649 Patre
2849 4584 3098 4646 audiens
3142 4584 3427 4661 Spiritum
3461 4593 3518 4645 et
3546 4601 3619 4649 ex

231 4684 319 4738 καὶ
348 4681 410 4738 ἐκ
437 4687 533 4737 τοῦ
602 4680 741 4751 Υἰοῦ,
803 4675 889 4733 δύο
943 4680 1079 4735 κατὰ
1108 4684 1277 4734 πᾶσαν
1330 4679 1565 4756 ἀνάγκην
1608 4682 1674 4737 1‘1
1730 4680 1878 4739 αἴτιι

233 4768 404 4834 θέλεις
448 4780 625 4838 νοεῖν,
681 4765 818 4821 ἀλλὰ
872 4764 980 4845 ἐγὼ
1020 4767 1183 4823 ταῦτα
1224 4789 1306 4824 σοι
1348 4769 1652 4843 ὑποτιθημι.
1699 4768 1879 4827 Ἐπεί..

1964 4678 2140 4749 Filio,
2173 4676 2317 4735 duas
2350 4692 2592 4752 prorsus
2635 4674 2971 4735 necessario
3010 4691 3215 4733 causas
3277 4671 3617 4749 intelligere

1962 4770 2189 4840 vis,ego
2224 4766 2347 4825 haec
2380 4763 2483 4823 tibi
2519 4781 2788 4841 suggero.
2829 4761 3074 4834 Quando
3109 4762 3349 4843 quidem
3383 4761 3614 4841 pietatis

232 4881 331 4938 περ
390 4860 422 4915 ὁ
464 4863 571 4923 τῆς
642 4852 902 4917 εῦσεὸείας
962 4856 1180 4911 ἀπαιτεῖ
1235 4855 1394 4934 λόγος
1473 4855 1683 4914 ἕπεσθαι
1764 4873 1881 4922 τοϊς

1969 4856 2109 4916 ratio
2154 4851 2445 4932 deposcit,
2473 4870 2603 4932 qua)
2634 4872 2666 4911 a
2695 4852 2918 4912 sanctis
2962 4851 3234 4913 Patribus
3286 4849 3457 4911 nobis
3489 4858 3611 4911 tra-

230 4949 373 5021 παρὰ
442 4947 554 5002 τῶν
616 4942 775 5020 ἅγίων
844 4943 1091 5021 Πατέρων
1162 4943 1533 5022 παραδοθεϊσιν
1584 4947 1718 5019 ἡμῖν
1760 4951 1882 5004 θεο-

234 5032 492 5112 λογικῶς.
557 5030 778 5108 πρώτην
845 5031 1034 5110 αἰτίαν,
1069 5032 1159 5087 τὸν
1230 5033 1434 5112 Πατέρα
1518 5033 1744 5108 ἆκοῦεις,
1796 5038 1884 5092 καὶ

231 5124 353 5197 μίαν
394 5122 622 5182 πάντως
665 5118 855 5197 αἰτίαν,
914 5117 998 5174 διὰ
1040 5121 1104 5176 16
1144 5127 1247 5177 πᾶν
1305 5122 1367 5175 16
1409 5123 1549 5199 παρὰ
1611 5130 1702 5179 τοῦ
1766 5128 1881 5180 ι’ἱου

234 5210 528 5289 λεγόμενον
578 5206 724 5264 εἶναι
781 5208 851 5271 εἰς
908 5209 1062 5264 αὺτὸν
1126 5207 1492 5288 ἀναφέρεσθαι,
1551 5213 1638 5266 καὶ
1690 5234 1879 5291 περαι-

229 5299 365 5378 τέρω
390 5296 888 5375 πολυπραγμονεῖν,
935 5316 994 5351 σε
1052 5300 1110 5355 οὗ
1166 5296 1269 5367 δεῖ,
1328 5296 1494 5360 θέλεις
1540 5300 1613 5360 εἰς
1670 5297 1877 5356 διαστο-

229 5386 330 5455 λὴν
378 5393 477 5444 τοῦ
564 5386 690 5440 Υἱοῦ
774 5381 1144 5465 ἐκλαμϐάνειν,
1221 5384 1352 5444 ὅπου
1402 5387 1464 5441 16
1532 5397 1625 5446 106
1678 5391 1881 5467 Πιτρὸς

230 5472 399 5551 ὄνομα
444 5475 589 5551 μετὰ
663 5473 965 5548 προσθήκης
1019 5480 1112 5531 τοῦ
1166 5474 1329 5549 μόνου
1384 5476 1691 5551 εὑρίσκεται.
1730 5476 1874 5533 Ἀλλ’

230 5566 260 5622 6
307 5565 479 5644 μέγας
539 5560 818 5623 Βασίλειος
876 5559 1268 5639 ἐξηγησάμενος
1322 5564 1405 5641 16,
1469 5585 1495 5618 α
1534 5563 1731 5636 063514,
1766 5564 1880 5621 οἶδε

230 5653 320 5712 τὸν
375 5656 504 5711 Υἰδν
533 5654 589 5738 εἰ.
614 5650 698 5727 μὴ
725 5651 755 5706 6
782 5650 983 5727 Πατὴρ,
1018 5671 1045 5707 ι
1107 5651 1195 5707 καὶ
1260 5652 1604 5729 παραστήσας
1657 5653 1753 5711 ούκ
1808 5656 1883 5717 εἱς

1965 4944 2087 5004 dita
2116 4951 2277 5017 sunt,
2313 4941 2645 5016 theologica
2674 4941 2831 5001 dicta
2859 4939 3049 5019 sequi,
3097 4939 3346 5019 primam
3374 4957 3609 4999 causam

1965 5030 2198 5093 Patrem
2257 5030 2453 5101 audis,
2488 5039 2546 5090 et
2603 5048 2777 5089 unam
2828 5028 3095 5088 omnium
3157 5045 3418 5094 causam.
3453 5027 3610 5107 quod

1962 5119 2250 5200 quidquid
2284 5136 2316 5177 a
2350 5117 2495 5180 Filio
2520 5136 2652 5179 esse
2684 5118 2926 5195 dicitur,
2962 5117 3022 5176 in
3057 5116 3254 5196 ipsum
3297 5115 3609 5190 referatur,

1966 5209 2239 5288 ultraque
2269 5207 2561 5267 curiosius
2599 5206 2878 5284 indagare
2911 5224 3026 5265 non
3053 5204 3335 5277 addecet,
3363 5214 3617 5266 conten-

1965 5296 2056 5357 dis
2085 5299 2157 5357 al
2190 5294 2633 5355 distinctionem
2668 5292 2802 5353 Filii
2828 5292 3149 5371 accipi,ubi
3183 5292 3369 5354 Patris
3399 5311 3618 5355 nomen

1964 5405 2096 5446 cum
2123 5387 2314 5446 solius
2342 5383 2646 5444 adililione
2677 5384 3084 5462 reperitur.At
3113 5381 3619 5461 magnusBasilius

1964 5474 2388 5551 interpretans,
2421 5469 2639 5533 «Nemo
2675 5472 2833 5533 novit
2863 5471 3079 5532 Filium
3110 5472 3223 5532 nisi
3259 5474 3453 5543 Pater,
3490 5494 3518 5526 ι
3562 5483 3623 5536 et

1962 5566 2325 5627 confirmans
2371 5584 2489 5624 non
2547 5564 2617 5625 ad
2680 5563 3125 5627 distinctionem
3152 5564 3286 5628 Filii
3311 5564 3456 5624 illud
3488 5581 3622 5624 esse

1966 5653 2367 5720 enuntiatum.
2402 5654 2509 5714 sed
2550 5652 2625 5715 ad
2686 5653 3139 5731 insinuandum,
3174 5654 3430 5734 primum
3466 5651 3624 5715 Patri
