4178 6286
555 381 664 450 271

1631 385 1843 452 JOAN.
1892 387 2111 452 VECCI
2152 391 2264 454 ΟΡ.
2314 390 2824 456 ΡΑΤΒΙΑΒΟΗΑΞ

3789 387 3897 451 2‘72

557 519 950 599 cognitionem
985 521 1146 584 illius
1197 529 1422 583 naturae
1451 520 1652 582 [nesse
1675 540 1696 597 ;~
1724 521 1982 602 itemque
2013 538 2185 596 expo-

2278 520 2560 590 διαστολὴν
2614 531 2705 581 τοῦ
2760 525 3062 598 Πνεύματος
3118 530 3270 581 τοῦτο
3340 525 3585 601 ῥηθῆναι,
3647 523 3760 580 ἀλλ’
3829 525 3894 584 εἷς

558 626 731 689 nens,
768 634 790 664 ι
823 608 1025 689 Neque
1069 609 1254 671 Filius
1284 611 1655 688 cognovisset
1704 610 1860 670 diem
1911 610 2044 669 ﬁnis
2084 608 2185 668 nisi

2277 609 2506 680 δήλωσιν
2554 621 2645 669 τοῦ
2686 622 2878 690 πρώτῳ
2935 637 3011 687 τῳ
3069 616 3228 691 III-cpi
3282 615 3380 679 την
3443 616 3636 690 γν·ὖσιν
3691 619 3784 679 τὴς
3814 618 3896 668 τοῦ

558 694 988 778 Palem-eoque
1003 709 1204 778 aperte
1232 697 1778 778 professusFilium
1827 717 1940 758 non
1965 699 2194 758 secerni

555 801 591 846 α
617 784 924 851 Patre.sed
971 787 1376 848 tantummodo
1433 786 1590 849 Patri
1624 787 1873 865 primam
1899 785 2193 863 cognitio-

558 893 694 937 nem
723 877 1148 956 attribuiquod
1181 897 1249 937 ex
1282 881 1456 940 Patre
1486 878 1667 938 Filius
1703 878 1916 937 habeat
1956 895 2192 936 omnem

556 964 978 1041 cognitionem,
1012 983 1127 1024 non
1178 965 1470 1044 permittit
1495 975 1607 1026 tuae
1650 965 2000 1043 curiositati,
2035 964 2191 1043 quod

555 1067 624 1114 ex
656 1050 781 1113 solo
811 1054 1005 1124 Patre,
1043 1053 1227 1115 semel
1259 1061 1316 1113 et
1357 1053 1418 1114 in
1467 1072 1585 1113 una
1633 1061 1854 1112 tantum
1889 1053 2189 1131 pericopa,

555 1147 615 1198 ut
647 1138 904 1211 tradunt,
936 1141 1292 1219 reperiatur,
1338 1139 1536 1200 omnia
1580 1139 1807 1218 reliqua
1852 1148 2193 1199 sanctorum

555 1226 884 1303 theologica
913 1228 1070 1289 dicta
1097 1246 1406 1308 respuere,
1438 1245 1569 1306 quae
1597 1237 1799 1307 aperte
1835 1245 1904 1288 ex
1938 1230 2110 1289 Patre
2134 1235 2194 1287 et

551 1311 987 1396 FilioSpiritum
1021 1334 1154 1378 esse
1183 1317 1864 1396 decernunt.Propterea
1888 1323 1944 1374 tu
1963 1325 2191 1375 sancto-

555 1417 685 1462 rum
716 1402 878 1464 dicta
905 1403 1160 1464 invicem
1195 1404 1533 1483 conferens,
1566 1413 1622 1464 et
1674 1403 1843 1481 illud,
1881 1427 1908 1458 α
1943 1421 2011 1463 ex
2064 1403 2189 1464 solo

553 1491 749 1564 Patre,
785 1515 813 1545 »
849 1491 1056 1564 semel,
1094 1500 1153 1553 ut
1183 1492 1436 1556 aiunt.et
1465 1491 1525 1551 in
1556 1510 1673 1552 uno
1695 1492 1883 1551 solum
1917 1491 2187 1550 testimo-

562 1577 658 1639 nio
696 1577 1094 1652 habetur,non
1124 1579 1194 1641 ad
1228 1579 1553 1641 refellenda
1579 1579 1726 1640 adeo
1759 1578 1940 1639 multa
1965 1577 2191 1638 confer-

550 1677 812 1751 taque,et
832 1672 1054 1752 scripto
1088 1671 1387 1750 tradita,et
1436 1672 1497 1732 in
1556 1671 1957 1750 superioribus
1987 1670 2189 1748 diges-

550 1766 606 1820 ta
637 1760 1136 1842 testimonia,quae
1165 1779 1232 1820 ex
1265 1762 1436 1822 Patre
1459 1767 1516 1820 et
1542 1759 1692 1821 Filio
1733 1757 2014 1838 Spiritum
2058 1777 2186 1818 esse

550 1846 959 1928 comprobant,
992 1847 1414 1928 pervestigans,
1448 1867 1581 1909 cum
1627 1850 1892 1908 Romana
1923 1845 2188 1908 Ecclesia

2289 704 2406 758 Υἱοῦ
2489 701 2688 779 φύσεως
2760 702 3093 782 ἐνυπάρχειν.
3159 703 3254 758 Καὶ
3322 701 3478 757 πάλιν
3535 700 3896 778 διερμηνεύσας

2309 789 2322 808 \
2512 787 2581 810 ’ἢν
2623 789 2647 808 ν
2873 792 2904 808 ος
3005 788 3027 810 Ἰ
3237 792 3247 806 I
3360 793 3373 812 (
3445 789 3454 806 Ι
3677 799 3695 807 ν
3769 791 3776 802 ι

2281 809 2357 866 το,
2394 813 2414 841 ι
2464 798 2563 846 Ουο
2617 813 2677 845 αν
2724 792 2752 846 6
2830 798 2946 852 Υιος
3005 812 3140 866 εγνω
3196 813 3294 856 την
3353 811 3555 867 ημεραν
3609 812 3700 846 του
3727 789 3894 854 τελους

2277 879 2318 930 εἰ
2351 880 2426 941 μὴ
2459 879 2486 931 6
2527 878 2731 955 Πατὴρ,
2772 901 2792 933 ι
2827 880 2914 934 καὶ
2943 878 2995 932 ἐν
3049 879 3218 951 τούτῳ
3271 875 3645 955 διατρανώσχς,
3711 880 3785 952 μὴ
3812 880 3897 934 τὸν

2287 966 2402 1020 Υἱὸν
2432 962 2819 1021 διαστέλλεσθαι
2877 966 2981 1021 ἀπὸ
3029 974 3120 1023 τοῦ
3172 968 3394 1044 Πατρὸς,
3448 965 3584 1021 ἀλλὰ
3611 973 3686 1040 τῷ
3739 966 3889 1041 Πατρῖ

2275 1053 2371 1120 τὴν
2442 1055 2656 1128 πρώτην
2713 1061 2905 1130 γνῶσιν
2982 1056 3512 1132 προσμαρωρεῖσθαι,
3572 1053 3656 1109 διὰ
3727 1057 3787 1109 16
3846 1062 3899 1110 εκ

2272 1148 2364 1196 τοῦ
2437 1144 2637 1213 Πατρὸς
2681 1141 2823 1220 ἔχειν
2878 1146 2965 1197 καὶ
3032 1144 3123 1198 τὸν
3190 1144 3309 1198 Υἱὸν
3355 1144 3417 1198 16
3475 1140 3683 1214 εἰδέναι,
3730 1142 3818 1200 οὒκ
3847 1141 3901 1214 ἐᾷ

2273 1232 2370 1295 τὴν
2397 1230 2495 1295 «av
2551 1229 3058 1307 πολυπραγμοσύνην
3101 1228 3183 1286 διὰ
3251 1232 3310 1286 τὸ
3367 1230 3427 1288 ἐκ
3477 1237 3568 1287 τοῦ
3619 1232 3780 1304 μόνου
3821 1237 3905 1288 τοῦ

2274 1319 2476 1394 Πατρὸς
2525 1316 2682 1389 ἅπαξ,
2717 1319 2886 1375 καὶέν
2930 1325 3023 1392 μιᾷ
3077 1341 3178 1374 τινι
3238 1326 3526 1396 περικοπῇ,
3585 1319 3659 1384 ὥς
3731 1344 3901 1400 φασιν,

2273 1408 2661 1484 εὕρισκόμενον,
2743 1409 2837 1469 τὰς
2933 1406 3094 1472 ἄλλας
3177 1408 3348 1470 πάσας
3426 1407 3731 1485 θεολογικὰς
3804 1414 3901 1465 τῶν

2271 1493 2433 1571 ἅγίων
2502 1497 2678 1573 φωνὰς
2728 1495 2954 1569 ἀθετεῖν,
2998 1497 3055 1550 αἳ
3120 1493 3397 1572 διαρρήδην
3441 1497 3499 1551 ὲκ
3573 1499 3776 1575 Πατρὸς
3818 1499 3899 1552 καὶ

2282 1585 2402 1639 Υἱοῦ
2446 1581 2776 1660 θεολογοῦσιν
2808 1583 2948 1639 εἶναι
3006 1585 3064 1638 τὸ
3122 1589 3354 1657 Πνεῦμα,
3420 1585 3516 1640 Διὰ
3558 1592 3680 1661 γοῦν
3742 1591 3898 1641 ταῦτα

2271 1672 2400 1747 πρὸς
2461 1669 2669 1738 ἄλληλα
2725 1669 3054 1746 συμϐιϐάζων
3131 1672 3192 1728 σὺ
3246 1675 3312 1726 τὰ
3358 1678 3462 1729 τῶν
3546 1672 3710 1750 ἁγίων
3751 1672 3903 1750 ῥητὰ,

2270 1758 2361 1814 καί
2394 1761 2454 1815 16
2487 1787 2510 1817 ι
2544 1759 2602 1815 ὲκ
2633 1760 2794 1833 μόνου
2848 1759 3050 1828 Πατρὸς
3081 1783 3106 1816 ι
3169 1758 3324 1832 ἅπαξ,
3371 1759 3444 1822 ὥς
3501 1782 3651 1840 φασι,
3708 1761 3796 1817 καὶ
3855 1759 3905 1814 ἐν

2270 1846 2364 1921 μιᾷ
2421 1853 2683 1925 περικοπῇ
2735 1849 3122 1926 εὖρισκόμενον,
3185 1848 3261 1922 μὴ
3332 1849 3404 1911 εἰς
3462 1847 3766 1926 ἀνατροπὴν
3816 1849 3905 1905 ἐκ-

549 1933 738 1997 facilis
776 1953 846 1998 ac
899 1937 1221 1998 benevolus
1261 1937 1560 2017 antiquam
1609 1936 1668 1996 in
1727 1936 1970 2015 gratiam
2032 1935 2183 2007 redi,

2271 1932 2556 2010 λαμϐάνειν
2616 1935 2780 1992 θέλων
2845 1943 2948 1992 τῶν
3007 1938 3080 1998 εἰς
3161 1935 3296 1991 πολὺ
3377 1935 3575 2002 πλῆθος
3663 1936 3910 2005 ὲξηπλωο

553 2041 682 2105 quae
702 2024 1011 2106 asserit,ex
1026 2024 1197 2087 Patre
1217 2033 1274 2087 et
1311 2025 1461 2088 Filio
1513 2023 1794 2104 Spiritum
1838 2022 2184 2102 procedere,

553 2121 612 2174 et
639 2131 816 2175 unam
847 2132 1106 2190 causam,
1155 2121 1214 2174 et
1268 2133 1450 2176 unum
1493 2113 1844 2196 principium
1896 2114 1957 2173 in
2012 2110 2183 2172 beata

550 2197 767 2264 Triade
796 2203 1126 2283 proﬁtetur.

2272 2024 2442 2099 μένων
2511 2025 2685 2101 ῥητῶν
2729 2032 2998 2103 γραφικῶν
3055 2025 3160 2080 τῶν
3217 2024 3276 2081 ἐκ
3325 2027 3529 2103 Πατρὸς
3615 2029 3705 2083 καὶ
3799 2029 3915 2083 Υἱοῦ

2267 2113 2328 2169 τὸ
2399 2119 2610 2186 Πνεῦμα
2652 2113 2908 2191 ὅπάρχειν
2967 2112 3375 2190 θεολογούντων,
3430 2117 3530 2180 τὴν
3592 2117 3692 2182 τῆς
3781 2106 3909 2172 Ῥω-

2267 2202 2472 2277 μαϊκῆς
2519 2201 2838 2268 Ἐκκλησίας
2870 2200 3213 2280 καταλλαγὴν
3265 2201 3496 2278 εὖμενῶς
3558 2205 3646 2260 καὶ
3690 2201 3914 2282 Ἑνστόρ·

539 2312 648 2368 γως
680 2291 944 2370 προσίεσο,
973 2293 1035 2347 16
1065 2297 1276 2366 Πνεῦμα
1304 2290 1559 2368 λεγούσης
1588 2290 1646 2345 ἐκ
1677 2291 1880 2367 [ἰατρὸς
1910 2289 1996 2344 καὶ
2036 2289 2156 2344 Υἱοῦ
2182 2287 2576 2365 ἐκπορεύεσθαι,
2634 2291 2722 2346 καὶ
2751 2289 2873 2364 μίαν
2922 2289 3112 2362 αἰτίαν,
3173 2290 3262 2345 καὶ
3324 2291 3447 2365 μίαν
3489 2289 3670 2370 ἀρχὴν
3699 2293 3785 2348 ἐπὶ
3812 2297 3908 2358 τῆς

537 2381 796 2458 μακαρίας
825 2376 1221 2457 πρεσϐευούσης
1265 2376 1507 2458 Τριάδος.

627 2467 725 2530 19.
744 2465 967 2539 Quodsi
996 2465 1245 2527 laudatis
1265 2464 1725 2545 expositionibus
1739 2463 2018 2524 attentius
2049 2463 2181 2523 ani-

550 2571 708 2616 mum
724 2556 1079 2633 advertas,et
1101 2560 1360 2614 mutuam
1382 2552 1675 2615 dictorum
1699 2550 1922 2630 scripto
1941 2568 2180 2611 concre-

550 2641 812 2705 ditorum
833 2641 1311 2704 conciliationem
1336 2642 1872 2720 examines,neque
1897 2639 2118 2700 dictum
2148 2658 2182 2700 a

555 2731 922 2796 Damasceno
941 2729 1210 2808 tlieologo
1236 2728 1682 2810 prolatum,aEx
1708 2727 1858 2790 Filio
1888 2745 2021 2789 vero
2044 2725 2180 2807 Spi-

561 2818 741 2881 ritum
777 2837 895 2881 non
925 2818 1200 2894 dicimus,
1225 2841 1248 2877 ο
1275 2816 1475 2879 turbas
1504 2816 1979 2897 ciebit.Namque
2001 2815 2190 2891 abiis,

559 2907 661 2988 qui
697 2929 721 2965 ι
758 2925 826 2970 ex
859 2905 988 2968 solo
1019 2909 1192 2968 Patre
1226 2930 1251 2962 η
1283 2923 1485 2968 vocem
1531 2906 1590 2968 in
1639 2905 1996 2968 sententiam
2028 2905 2192 2966 Basi-

553 2994 725 3059 lianw
754 2994 1137 3076 expositionis
1166 2994 1466 3075 accipiunt
1493 2993 2191 3074 dignoscetur,quemad-

550 3086 792 3148 modum
821 3083 1000 3145 etiam
1029 3083 1198 3144 initio
1229 3083 1515 3146 orationis
1545 3083 1683 3144 fassi
1714 3101 2062 3162 sumus,qua
2089 3099 2185 3142 ra-

557 3174 719 3237 tione
749 3181 808 3235 et
827 3172 925 3236 hic
940 3174 1343 3236 Damascenus
1374 3173 1709 3253 theologus,
1743 3190 1859 3233 non
1910 3179 2184 3251 tanquam

2344 2455 2433 2528 ιϐ’.
2465 2465 2647 2544 Είγᾶρ
2699 2478 2820 2529 ταῖς
2871 2464 3130 2544 ῥηθείσαις
3184 2466 3476 2545 προσέχειν
3545 2467 3910 2526 ἔπιστατικώ-

2261 2574 2408 2630 τερον
2440 2553 2743 2632 ἐξηγήσεσι,
2803 2556 2890 2610 καὶ
2948 2555 3037 2610 τὸν
3095 2555 3228 2631 πρὸς
3301 2553 3510 2621 ἄλληλα
3542 2556 3912 2632 συμϐιϐασμὸν

2261 2647 2366 2699 τῶν
2398 2645 2662 2722 γραφικιῦν
2693 2643 2898 2720 ῥήσεων
2941 2642 3171 2722 ἐρευνᾷς,
3224 2640 3339 2698 οὐδὲ
3395 2645 3456 2699 16
3503 2644 3663 2722 ῥητὸν
3707 2646 3911 2718 ἐκεῖνο,

2270 2729 2399 2809 ὅπερ
2468 2731 2529 2787 ἐκ
2568 2737 2664 2799 τῆς
2718 2737 3000 2805 Δαμασκοῦ
3065 2730 3313 2808 θεολόγος
3380 2730 3504 2811 ἔφη,
3578 2735 3664 2812 τὸ,
3723 2757 3752 2788 ι
3820 2733 3913 2790 Ἐκ

2269 2827 2362 2877 τοῦ
2402 2820 2520 2876 Υίοῦ
2548 2818 2603 2874 δὲ
2659 2821 2720 2876 16
2776 2826 2985 2894 Πνεῦμα
3015 2823 3074 2878 οὐ
3140 2820 3386 2900 λέγομεν,
3423 2841 3448 2873 ι
3507 2823 3786 2901 ταραγμόν
3831 2843 3910 2878 σοι

2273 2910 2552 2985 ἓμποιήσει
2582 2909 2728 2968 τινά.
2761 2919 2886 2972 Το·’ς
2917 2907 3016 2987 γάρ
3071 2909 3169 2974 τὴν
3235 2931 3257 2965 ι
3321 2909 3381 2965 ἐκ
3436 2909 3597 2984 μόνου
3649 2919 3747 2968 τοῦ
3793 2917 3906 2967 Πα-

2272 2999 2391 3076 τρὸς
2428 3019 2452 3054 n
2489 3000 2670 3077 φωνὴν
2700 2998 2772 3061 εἷς
2829 2998 2927 3065 τὴν
2998 2995 3170 3052 ἔνοιαν
3225 2999 3590 3074 προσιεμένοις
3642 3007 3747 3067 τῆς
3807 3000 3909 3078 ῥη-

2270 3086 2446 3153 θείσης
2512 3087 2655 3164 παρὰ
2736 3093 2828 3142 τοῦ
2922 3084 3152 3164 μεγάλου
3235 3086 3504 3145 Βασιλείου
3573 3086 3910 3168 ἒξηγήσεως,

2267 3172 2824 3255 συνδιαγνωσθήσεται,
2880 3175 2953 3239 ὡς
2997 3176 3083 3229 καὶ
3143 3176 3200 3230 ἓν
3243 3189 3542 3254 καταρχατς
3600 3187 3694 3236 τοῦ
3754 3177 3914 3256 λόγου

557 3278 630 3324 ex
650 3261 914 3343 ipso,sed
945 3268 1222 3341 tanquam
1251 3278 1358 3341 per
1385 3259 1581 3341 ipsum
1611 3259 2028 3338 procedentem
2055 3257 2185 3338 Spi-

2268 3264 2584 3342 εἷρήκειμεν,
2641 3263 2785 3325 ὅπως
2841 3266 2929 3320 καὶ
3012 3265 3162 3327 οὗτος
3232 3265 3260 3319 6
3329 3266 3390 3320 εκ
3445 3271 3543 3332 τῆς
3619 3272 3915 3342 Δαμασκοῦ

552 3348 729 3414 ritum
759 3351 991 3423 asserit,
1011 3357 1069 3412 et
1087 3348 1382 3428 quomodo
1412 3347 1543 3408 aliis
1572 3349 1633 3408 in
1659 3347 1825 3419 locis,
1865 3370 1887 3403 ι
1929 3346 2011 3408 Ex
2035 3345 2184 3407 Filio

549 3446 746 3500 autem
776 3436 1059 3518 Spiritum
1092 3455 1206 3497 non
1238 3436 1515 3510 dicimus,
1545 3457 1570 3494 ιο
1607 3436 1888 3497 decrevit.
1919 3433 2185 3514 Namque

555 3545 692 3589 cum
726 3525 800 3587 ad
832 3527 1066 3588 Patrem
1095 3525 1371 3586 universa
1398 3524 1712 3586 causalitas
1743 3523 2186 3603 d«-feratur,pri-

559 3633 658 3677 ma
691 3631 868 3676 causa
887 3612 1060 3676 Pater
1087 3613 1464 3684 asseritur,et
1490 3631 1624 3674 cum
1660 3612 1854 3690 prima
1880 3628 2057 3673 causa
2082 3612 2178 3686 sit,

550 3710 862 3783 propterea
891 3708 948 3761 et
977 3700 1101 3760 sola
1127 3718 1304 3761 causa
1330 3701 1404 3759 ab
1435 3699 1618 3779 requis
1667 3699 2091 3778 cognitoribus,
2125 3708 2184 3760 et

554 3790 652 3866 iis,
683 3790 784 3871 qui
811 3788 951 3850 ﬁdei
975 3788 1216 3850 decreta
1271 3788 1680 3868 praescribunt,
1715 3786 1994 3849 creditur.
2031 3786 2180 3848 Nul-

554 3878 644 3940 lus
671 3879 870 3959 itaque
893 3876 1202 3939 dubitandi
1231 3877 1395 3938 locus
1425 3875 1794 3956 relinquitur,
1829 3893 1904 3936 ne
1959 3893 2180 3954 cogno-

550 3986 808 4042 scamus,
836 3975 1169 4048 propterea,
1200 3987 1224 4024 ιι
1251 3965 1332 4028 Ex
1367 3964 1514 4026 Filio
1545 3963 1827 4045 Spiritum
1876 3982 1994 4025 non
2025 3964 2181 4025 dici-

553 4074 705 4128 mus,
735 4079 762 4112 ι
797 4053 1226 4118 Damascenum
1253 4053 1576 4134 dixisse,ne
1593 4056 1726 4133 quis
1756 4053 2002 4130 primam
2037 4071 2180 4113 cau-

549 4168 675 4211 sam
723 4155 782 4209 et
823 4147 1178 4230 principium
1224 4146 1481 4227 Spiritus
1530 4146 1739 4209 Filium
1793 4144 2177 4208 existimaret.

545 4241 618 4305 Et
643 4242 692 4304 si
717 4241 902 4316 enim,
937 4248 997 4301 ut
1024 4239 1292 4301 nonnulli
1321 4239 1659 4318 opinantur,
1695 4247 2006 4319 propterea
2036 4257 2178 4298 san-

543 4340 671 4393 ctus
700 4331 864 4404 dixit,
893 4328 1006 4390 «Ex
1037 4327 1184 4390 Filio
1217 4339 1411 4390 autem
1441 4326 1722 4406 Spiritum
1757 4345 1872 4387 non
1899 4327 2172 4399 dicimus,

2263 3350 2507 3430 θεολόγος
2566 3355 2668 3429 οῦχ
2698 3353 2768 3414 ὡς
2799 3349 2854 3416 ἒξ
2908 3355 3080 3424 αὖτοῦ,
3137 3350 3238 3407 ἀλλ
3313 3353 3387 3417 ὡς
3438 3351 3504 3407 δι’
3550 3352 3710 3410 αύτοῦ
3754 3357 3916 3412 ἔκπο-

2265 3441 2540 3520 ρευύμενον
2571 3439 2693 3519 ἔφη,
2725 3441 2811 3495 καὶ
2855 3438 3021 3517 ὅπως,
3064 3468 3086 3498 α
3119 3439 3214 3496 Ἐκ
3241 3446 3335 3496 τοῦ
3375 3441 3492 3497 Υἱοῦ
3520 3438 3575 3496 δὲ
3604 3443 3664 3497 τὸ
3695 3448 3915 3517 Πνεῦμα

2265 3528 2323 3584 οὗ
2379 3528 2621 3606 λέγομεν,
2690 3551 2711 3583 ο
2773 3530 2830 3584 ἒν
2899 3527 3078 3591 ἄλλοις
3151 3527 3517 3605 ἒθεολογησεν,
3591 3528 3744 3587 Ἐπεὶ
3814 3532 3914 3609 γὰρ

2263 3615 2348 3673 διὰ
2389 3619 2448 3672 τὸ
2500 3618 2570 3672 εἷ’·
2621 3619 2712 3672 τὸν
2762 3616 2904 3672 Πατέ
3078 3618 3088 3637 '
3150 3620 3206 3673 σθ
3339 3620 3366 3672 6
3457 3625 3481 3634 “”
3589 3622 3618 3653 -"
3815 3621 3826 3642 '

2547 3655 2568 3679 ε.
2907 3638 2968 3692 pa
3012 3637 3143 3672 τεινε
3215 3639 3262 3672 αι
3306 3639 3336 3673 τ
3409 3641 3512 3674 παν
3556 3641 3655 3686 της
3716 3621 3913 3697 αἰτιας,

2263 3711 2469 3783 πρῶτον
2527 3703 2698 3762 αἴτιον
2756 3703 2963 3783 λέγεται
3025 3707 3053 3762 6
3099 3706 3300 3783 Πατὴρ,
3353 3708 3441 3762 καὶ
3496 3706 3626 3763 διότι
3691 3715 3912 3788 πρῶτον

2264 3792 2457 3864 αἴτιον,
2492 3791 2580 3848 διὰ
2629 3801 2783 3850 τοῦτο
2850 3794 2938 3850 καὶ
3006 3794 3164 3869 μόνον
3218 3808 3334 3858 τοῖς
3378 3797 3734 3873 εὖθυγνώμοσι
3810 3819 3910 3853 πι-

2261 3883 2496 3937 στεύεται
2579 3884 2682 3937 τῶν
2753 3881 3139 3960 δογματιστῶν,
3199 3881 3408 3957 οὐδεμία
3486 3882 3671 3940 λοιπὸν
3733 3884 3912 3962 ἀμφι-

2263 3968 2441 4034 ὄολίας
2497 3970 2756 4049 πρόφασις
2808 3971 3066 4049 λείπεται,
3123 3971 3200 4045 μὴ
3258 3969 3644 4052 διαγινώσκειν,
3703 3975 3782 4036 ὼς
3830 3972 3915 4029 διὰ

2262 4070 2438 4140 τοῦτο,
2471 4078 2496 4110 α
2528 4059 2627 4116 Ἐκ
2653 4066 2746 4115 τοῦ
2786 4060 2901 4114 rho
2943 4061 3003 4114 τὸ
3047 4066 3255 4133 Πνεῦμα
3287 4062 3344 4115 (ιύ
3374 4059 3626 4139 λέγομεν,
3665 4082 3686 4112 ι
3740 4065 3771 4118 6
3808 4071 3918 4118 Δα-

2262 4149 2535 4226 μασκηνὸς
2606 4147 2730 4227 ἔφη,
2774 4147 2866 4202 ἵνα
2909 4147 2984 4222 μή
3025 4170 3104 4211 τις
3161 4150 3259 4214 τὴν
3303 4151 3518 4225 πρώτην
3575 4151 3749 4206 αἰτίαν
3827 4151 3917 4207 καὶ

2259 4241 2436 4320 ἀρχὴν
2466 4238 2556 4294 τοῦ
2584 4238 2886 4312 Πνεύματος
2929 4237 2989 4291 τὸ
3052 4237 3166 4290 Υἱὸν
3217 4241 3355 4293 εἶναι
3385 4236 3599 4314 δοξάσῃ.
3658 4242 3718 4296 Εἰ
3779 4242 3907 4318 γὰρ,

2258 4329 2330 4394 ὥς
2374 4350 2508 4391 τινες
2539 4325 2877 4402 ὑπειληφασι.
2923 4322 3006 4378 διὰ
3057 4333 3208 4380 τοῦτο
3262 4329 3289 4382 6
3345 4327 3495 4403 ἅγιος
3549 4326 3672 4407 ἔφη,
3745 4353 3774 4384 (ι
3811 4328 3914 4385 Ἐκ

544 4428 606 4482 ut
651 4419 863 4482 Filium
893 4436 927 4479 a
952 4421 1122 4478 Patre
1161 4418 1522 4496 sejungeret,
1551 4433 1850 4495 nunquam
1907 4414 2172 4488 dixisset,

2268 4427 2348 4476 τοῦ
2402 4421 2515 4474 Υἱοὸ
2545 4415 2599 4470 δὲ
2666 4413 2726 4468 τὰ
2770 4419 2979 4486 Πνεῦμα
3010 4411 3068 4468 οὒ
3120 4412 3367 4490 λέγομεν,
3423 4436 3445 4469 ι
3481 4414 3572 4470 ’ίνα
3627 4413 3908 4492 διαστείλῃ

546 4532 575 4564 ι
604 4527 724 4568 non
755 4517 1030 4586 tanquam
1062 4523 1132 4566 ex
1162 4505 1313 4585 ipso,
1347 4505 1447 4565 sed
1485 4505 1661 4563 veluti
1691 4521 1795 4583 per
1821 4505 2010 4582 ipsum
2047 4521 2176 4581 pro-

2268 4511 2351 4564 τὸν
2392 4510 2506 4562 ι’ἱὸν
2550 4505 2654 4559 ἀπὸ
2701 4508 2790 4557 τοῦ
2847 4502 3072 4579 Πατρὸς,
3135 4505 3228 4559 οῦκ
3255 4501 3316 4556 ἄν
3373 4525 3498 4558 ποτε
3557 4503 3678 4584 ἔφη,
3737 4530 3766 4561 α
3803 4510 3912 4584 οὐχ

538 4598 820 4659 cedens.»
849 4595 995 4656 Nam
1028 4614 1061 4655 a
1090 4597 1263 4657 Patre
1294 4592 1426 4653 Filii
1456 4592 2169 4671 sejunctio,quemadmo-

2268 4603 2328 4661 ﬁ);
2397 4594 2451 4660 ἒξ
2521 4595 2694 4662 αὐτοῦ,
2761 4587 2878 4644 ἀλλ’
2945 4592 3016 4650 ὡς
3061 4587 3124 4643 δι’
3171 4592 3325 4645 αὐτοῦ
3389 4594 3839 4670 ὲκπορευόμενον,
3885 4617 3907 4646 ι

537 4684 678 4746 dum
700 4704 734 4746 a
760 4703 856 4745 me
875 4684 1098 4745 dictum
1131 4691 1550 4760 est,nunquam
1567 4683 1624 4740 in
1643 4680 1894 4761 Spiritus
1915 4697 1983 4740 ex
2007 4681 2174 4740 Patre

2268 4678 2322 4743 Ἠ
2353 4707 2450 4762 γαρ
2502 4683 2606 4736 ἀπὸ
2649 4683 2740 4733 τοῦ
2795 4678 3000 4753 Πατρὸς
3069 4674 3319 4745 διαστολὴ
3375 4679 3466 4735 τοῦ
3519 4682 3661 4752 Υἱοῦ,
3727 4683 3918 4761 ὥσπερ

537 4774 906 4852 oxsistentia,
940 4773 1082 4833 illud
1119 4798 1136 4826 ι
1193 4790 1298 4852 per
1339 4770 1548 4832 Filium
1584 4797 1608 4827 η
1654 4769 2171 4830 admittet.Verum

2268 4798 2349 4849 μοι
2381 4774 2466 4828 καὶ
2495 4769 2823 4848 προείρηται,
2883 4765 2978 4820 οὒκ
3038 4762 3100 4818 ἄν
3168 4787 3295 4821 ποτε
3351 4769 3408 4822 ὲν
3452 4775 3520 4844 τῇ
3583 4771 3642 4824 ὲκ
3699 4773 3919 4849 Πχτρὸς

537 4880 820 4943 ego,quas
848 4862 952 4922 tibi
986 4860 1180 4939 magni
1236 4859 1437 4921 Basilii
1494 4858 1894 4937 expositiones
1927 4857 2001 4917 de
2031 4875 2174 4918 voce

2268 4860 2469 4940 ,πάρξει
2545 4868 2634 4915 τοῦ
2693 4856 2991 4928 Πνεύματος
3052 4852 3394 4930 παραδέξαιτο
3461 4858 3522 4912 τὸ
3609 4856 3675 4912 δι’
3766 4859 3917 4922 riui},

533 4941 723 5013 solius
755 4951 813 5010 in
840 4949 1240 5012 testimonium
1271 4949 1714 5021 adduceremon
1748 4946 1816 5007 ad
1841 4943 2170 5006 distinctio-

2268 4949 2404 5007 Ἀλλ’
2448 4949 2558 5026 εγὼ
2613 4944 2709 5020 μὲν
2765 4945 2837 5006 ὡς
2890 4941 3288 5018 ὶπεγγειλάμην
3381 4967 3462 5002 σοι
3518 4953 3610 5002 τοῦ
3669 4947 3922 5024 μεγαίλου

533 5056 672 5102 nem
703 5038 836 5100 Filii
868 5041 1020 5101 hanc
1071 5038 1392 5101 dictionem
1447 5038 1698 5111 assumi,
1749 5036 2164 5115 promiseram,

2268 5039 2522 5096 Βασιλείου
2552 5033 2833 5111 ἒΞηγήσεις
2863 5032 2980 5108 περὶ
3010 5036 3105 5097 τῆς
3143 5061 3165 5091 ε
3221 5043 3311 5092 τοῦ
3361 5035 3522 5109 μόνου
3555 5059 3578 5084 ,
3612 5041 3804 5114 φωνῆς
3839 5040 3917 5102 εἷς

532 5127 674 5190 satis
690 5128 1047 5209 abundeque
1079 5126 1350 5207 produxi.

2268 5129 2536 5208 ιαρτιερῗαν
2618 5135 2948 5201 παραγαγεῖν
3009 5127 3122 5209 ,τοῦ
3173 5122 3282 5209 ⁸μὴ
3365 5125 3495 5201 πρὸς
3611 5121 3919 5195 διαστολὴν

2253 5206 2344 5273 τοῦ
2383 5206 2505 5272 Υἱοῦ
2533 5215 2629 5280 τὴν
2689 5232 2868 5290 φωνην
2923 5207 3120 5275 ταύτην
3172 5206 3554 5292 λαμϐάνεσθαι,
3599 5212 3916 5292 ἀρκούντως

2255 5306 2589 5384 παρήγαγονο

617 5393 714 5456 20.
743 5391 910 5466 Quod
943 5393 991 5455 si
1025 5403 1086 5455 tu
1115 5403 1294 5456 temet
1330 5391 1682 5454 trahendum
1715 5389 2025 5450 concredis
2073 5388 2169 5464 iis,

2333 5381 2425 5452 κ’(
2483 5393 2541 5449 Εἰ
2623 5387 2676 5443 δὲ
2769 5387 2831 5442 σὺ
2886 5381 3036 5446 δίδως
3110 5385 3294 5441 ἑαυτὸν
3349 5389 3734 5465 παρασύρεσθαι
3782 5392 3919 5456 τοῖς

530 5482 631 5562 qui
662 5483 838 5546 veluti
865 5501 992 5545 rem
1025 5483 1240 5544 bonam
1269 5481 1675 5545 Ecclesiarum
1697 5478 2006 5540 dissidium
2041 5497 2171 5558 pro-

2268 5482 2438 5560 ὥσπερ
2496 5503 2545 5536 τι
2604 5475 2765 5533 καλὸν
2825 5475 3014 5553 χρῆμα
3069 5475 3164 5542 τὴν
3239 5482 3344 5531 τῶν
3399 5475 3738 5543 Ἐκκλησιῶν
3803 5477 3928 5538 διέ-

530 5583 762 5652 curant,
790 5581 847 5633 et
877 5571 1110 5632 dissidii
1137 5591 1442 5633 causarum
1478 5591 1590 5630 non
1623 5570 1883 5629 inﬁmam
1931 5576 2174 5647 proten-

2268 5593 2444 5626 r11cnv
2527 5563 2909 5632 ἐπισπεύδουσι,
2995 5563 3082 5616 καὶ
3156 5562 3311 5638 μέρος
3366 5565 3700 5639 ποιουμένοις
3812 5575 3931 5625 τῶν

525 5659 696 5735 dunt,
719 5681 754 5724 a
779 5662 941 5724 nullo
967 5661 1435 5723 Christianorum
1465 5664 1676 5736 dogma
1723 5657 2171 5738 approbantium

2268 5665 2349 5726 τῆς
2393 5657 2713 5720 διαστάσεως
2773 5653 3023 5732 ἀφορμῶν
3062 5653 3126 5708 τὸ
3171 5653 3252 5728 μὴ
3320 5652 3434 5710 δεῖν
3501 5653 3670 5734 λέγειν
3700 5655 3932 5731 μηδένα
