4178 6286
282 299 400 372 273

1356 312 1457 378 DE
1494 309 2002 379 PROCESSIONE
2051 309 2112 372 5.
2160 311 2534 377 SPIRITUS.

3520 299 3640 370 274

274 442 602 514 Χριστιανῶν
690 439 860 519 δόγμα
939 452 1016 519 τῷ
1084 445 1422 523 παραδοδὲντι
1492 446 1752 522 Συμϐόλῳ
1820 451 1918 512 τῆς

2004 445 2229 515 esse.in
2263 446 2474 509 tradito
2503 446 2643 510 ﬁdei
2673 445 2953 526 Symbolo
2984 463 3101 506 non
3160 443 3479 522 inclusum,
3523 457 3640 522 quo

285 526 510 592 πίστεως
578 530 656 604 μὴ
709 530 1084 613 ἐμφερόμενον,
1141 534 1271 591 πότε
1325 534 1388 592 ἂν
1457 538 1486 592 ὁ
1525 535 1729 603 ἀληθὴς
1759 535 1918 614 λόγος

276 620 377 704 τῆς
458 621 559 683 σῆς
623 616 850 681 διανοίας
934 620 1270 698 ἐναυγασθείη
1352 637 1470 686 τοῖς
1564 622 1914 704 ὀφθαλμοῖςς

280 703 431 769 Πλὴν
464 706 508 760 εἰ
536 707 623 762 καὶ
671 708 757 776 σὺ,
805 706 949 772 ὅστις
1006 708 1067 765 ἂν
1138 708 1287 779 εἴης,
1342 713 1370 767 ὁ
1425 710 1560 767 οῧτω
1616 710 1915 769 διακεῖσθαι

280 790 618 867 βουλόμενος,
692 795 834 871 βύεις
878 797 943 852 τὰ
1009 799 1122 853 ὦτα
1188 800 1319 876 πρὸς
1372 805 1477 855 πᾶν
1540 800 1603 856 τὸ
1644 802 1774 878 πρὸς
1814 803 1913 867 τὴν

282 883 498 958 εἰρήνην
524 903 582 938 σε
610 882 1016 960 ἐκκαλούςιενον,
1077 884 1213 942 ἀλλὰ
1268 885 1352 942 διὰ
1406 888 1527 951 τοὺς
1582 888 1920 964 εὒγνώμοναξ

278 975 388 1025 τῶν
414 969 683 1046 ἀκροατῶν
713 971 822 1048 ἐγὼ
879 974 967 1029 καὶ
990 972 1102 1029 ’πάλ
1118 996 1164 1028 ιν
1214 972 1335 1052 ἐρῶ,
1370 975 1404 1030 ἃ
1466 996 1524 1032 τε
1567 977 1915 1054 προτεινομέ-

277 1080 403 1120 νους
473 1059 702 1135 ἀκήκοα,
756 1061 876 1126 τοὺς
918 1058 1001 1117 διὰ
1029 1065 1247 1128 ταυτηνὶ
1300 1065 1400 1130 τὴν
1441 1064 1607 1120 αἰτίαν
1662 1064 1761 1132 τὴν
1810 1072 1916 1121 τῶν

281 1138 608 1216 Ἐκκλησιῶν
676 1149 1073 1226 ἀπωθουμένους
1143 1153 1377 1228 εἰρήνην,
1438 1155 1525 1209 καὶ
1605 1151 1737 1232 ἅπερ
1805 1155 1920 1230 ἐμοὶ

275 1238 605 1295 συντείνοντα
687 1236 838 1295 δοκεῖ
905 1242 1037 1318 πρὸς
1134 1240 1233 1307 τὴν
1318 1241 1516 1298 τούτων
1592 1239 1915 1324 ἂνατροπήν,

274 1326 691 1406 προηγουμένως
772 1327 871 1401 μὲν
931 1325 1238 1405 παραϐάτην
1297 1330 1438 1385 εἶναι
1488 1328 1584 1397 τῆς
1653 1329 1915 1399 εὖσεϐείας

276 1416 420 1494 φασὶ.
480 1416 571 1472 τὸν
602 1416 762 1495 μέχρι
804 1423 926 1493 γοῦν
979 1418 1068 1473 καὶ
1135 1423 1261 1491 μιᾶς
1316 1418 1524 1496 κεραίας
1578 1417 1914 1493 τολμήσοντα

275 1506 583 1582 προσθεῒναι
652 1504 736 1561 ἐπὶ
803 1505 880 1579 τῷ
948 1503 1210 1579 Συμϐόλῳ
1250 1506 1346 1574 τῆς
1414 1506 1663 1571 πίστεως.
1742 1499 1914 1576 Ὀππ-⁹

279 1588 399 1645 νίκα
467 1587 523 1646 δὲ
579 1590 872 1648 ἀκούσωσιν
942 1591 1107 1649 Ἀλλὰ
1163 1594 1292 1657 Θεὸς
1349 1595 1409 1651 τὸ
1452 1601 1662 1670 Πνεῦμα
1738 1595 1790 1652 ἐν
1844 1606 1918 1674 τῷ

2001 533 2237 593 tandem
2272 542 2547 611 tempore
2576 555 2713 598 vera
2742 545 2860 599 tute
2882 533 3100 596 mentis
3126 532 3276 595 ratio
3317 529 3642 609 oculusque

1998 620 2481 686 collustrabitur?
2520 624 2591 685 Et
2624 624 2676 685 si
2707 631 2791 697 tu,
2830 622 3097 704 quisquis
3127 619 3367 685 tandem
3425 616 3634 692 fueris,

1997 708 2097 786 qui
2125 707 2205 769 ita
2227 711 2572 784 aﬂ‘ectus,ad
2604 730 2778 774 voces
2811 730 3040 784 omnes,
3078 726 3281 791 pacem
3311 707 3635 770 adhortan-

1997 805 2086 857 tes
2111 815 2284 860 aures
2305 797 2950 865 claudis.nihilominus
2980 807 3223 880 propter
3249 814 3453 878 mquos
3472 791 3639 856 audi-

1999 886 2154 945 tores
2176 888 2525 966 rursusipse
2555 898 2984 969 repetam,quaa
3007 904 3111 948 eos
3141 901 3475 966 proponere
3523 900 3637 943 au-

1999 974 2248 1056 divi.qui
2279 989 2522 1059 propter
2554 980 2709 1042 hanc
2742 997 2978 1041 causam
3007 995 3216 1059 pacem
3239 974 3638 1038 Ecclesiarum

1998 1064 2297 1141 rejiciunt,
2326 1085 2573 1147 qumque
2601 1068 2873 1146 apprime
2894 1065 2967 1127 ad
2999 1084 3102 1127 eos
3130 1062 3489 1127 refellendos
3518 1059 3639 1123 uti-

2001 1148 2080 1212 lia
2126 1162 2301 1234 atque
2345 1155 2746 1219 conducibilia
2795 1155 3090 1217 videntur.
3123 1155 3280 1216 Ante
3327 1151 3444 1214 alia
3498 1166 3639 1212 vero

2000 1239 2233 1319 pietatis
2260 1261 2392 1304 esse
2414 1244 2757 1306 violatorem
2786 1241 3181 1316 asserunt,vel
3198 1258 3380 1302 unum
3403 1238 3637 1319 apicem

1997 1326 2057 1387 in
2088 1329 2365 1408 Symbolo
2390 1332 2524 1392 fidei
2549 1331 2768 1393 addere
2809 1336 3294 1411 praesumentem.
3324 1324 3644 1390 Verumta-

2000 1433 2135 1476 men
2168 1436 2302 1479 cum
2332 1419 2600 1496 audiunt,
2628 1419 2743 1481 Sed
2776 1419 2934 1481 Deus
2961 1416 3215 1498 Spiritus
3257 1414 3319 1476 in
3365 1411 3643 1495 Symbolo

2002 1522 2118 1565 non
2146 1505 2586 1590 legitur,neque
2631 1505 3157 1570 consubstantialis
3188 1502 3350 1568 Patri
3374 1510 3433 1564 et
3460 1500 3634 1590 Filio,

1999 1602 2435 1675 oporteretque,
2490 1589 2552 1659 ut
2610 1595 2757 1677 ipsis
2797 1595 3134 1669 allubescit,
3168 1590 3401 1674 pietatis
3452 1589 3644 1652 \iola-

282 1675 546 1770 Συμϐόλῳ
568 1681 669 1770 οὐκ
697 1679 929 1760 εἴρηται,
975 1680 1082 1740 οὐδ’
1137 1682 1413 1770 δμοούσιον
1443 1686 1604 1763 Πατρὶ
1656 1686 1745 1742 καὶ
1790 1690 1913 1762 Υἱῷ,

2004 1681 2181 1743 tinnis
2204 1684 2433 1746 crimen
2464 1675 3011 1763 inuri—theologiam
3057 1680 3323 1770 hanciin
3364 1677 3645 1760 Symbolo

282 1769 370 1823 καὶ
427 1765 513 1824 δεῖ
567 1766 756 1826 λοιπὸν
814 1771 950 1827 κατὰ
1015 1771 1076 1827 τὸ
1144 1769 1327 1829 δοκοῦν
1383 1773 1565 1835 αὐτοῖς
1656 1773 1917 1839 εῦσιεείας

281 1854 623 1934 ἐγκαλεῖσθαι
682 1856 1007 1937 παραϐασίαν
1062 1860 1183 1923 τοὺς
1237 1860 1336 1927 τὴν
1389 1859 1659 1939 θεολογίαν
1724 1863 1921 1932 ταύτην

279 1944 358 2018 μὴ
401 1950 483 2018 τῷ
551 1942 811 2019 Συμϐόλῳ
863 1946 1227 2025 ἐμφερομένην
1296 1947 1668 2026 θεολογοῦντας
1724 1950 1919 2032 δέχον-

277 2053 362 2088 ται
435 2032 535 2107 μὲν
605 2033 798 2110 μηκέτι
855 2036 1077 2113 κρίνεθαι
1136 2034 1372 2100 ἀσεϐείας
1416 2037 1536 2102 τοὺς
1579 2039 1667 2095 καὶ
1724 2040 1789 2096 τὰ
1843 2042 1920 2116 μή

276 2119 614 2200 ἐμφερόμεθα
693 2128 772 2196 τῷ
827 2121 1086 2198 Συμϐὁλῳ
1137 2123 1516 2202 θεολογοῦντας
1561 2128 1633 2190 εἷς
1718 2125 1919 2184 ἔννοιαν

279 2205 474 2275 εὐσεϐῆ
513 2227 526 2241 ·
587 2209 772 2288 ἐφεξῆς
828 2208 881 2266 δὲ
936 2214 1009 2275 ὡς
1060 2213 1279 2292 ἰσχυρον
1322 2235 1369 2268 τι
1426 2212 1573 2292 τάχα
1629 2217 1717 2271 καὶ
1773 2215 1918 2290 ἅμα·

280 2319 385 2377 χον
443 2298 801 2372 προτείνουσιν
856 2301 928 2363 εἰς
983 2298 1297 2378 ἀντίρρησιν,
1359 2299 1507 2357 Ἀλλ’
1565 2305 1593 2359 ὁ
1674 2304 1922 2381 μέγιστος

287 2383 544 2462 Κύριλλος
597 2388 696 2453 τῆς
776 2389 955 2466 τρίτης
1011 2388 1223 2445 συνόδου
1291 2390 1535 2469 ἀρχηγὸς
1615 2390 1711 2462 ὢν,
1770 2391 1923 2471 εἴπερ

285 2473 399 2550 ᾔδει
442 2475 509 2530 ἐκ
535 2482 627 2532 τοῦ
658 2477 775 2535 1⁸ἱοῦ
800 2479 863 2533 τὸ
918 2484 1128 2551 Πνεῦμα
1180 2478 1444 2558 ὑπάρχον,
1474 2485 1589 2542 πῶς
1640 2482 1700 2537 οῦ
1752 2502 1923 2561 προσ·-

286 2562 429 2650 εἶθετο
504 2562 558 2621 ἐν
626 2585 701 2638 τῳ
767 2565 1050 2646 Συμϐόλῳ,
1143 2590 1165 2621 ι
1236 2570 1322 2623 καὶ
1374 2569 1437 2623 ἐκ
1509 2573 1602 2625 τοῦ
1659 2571 1826 2650 Fiet”);
1891 2592 1918 2625 ι

286 2648 600 2716 Ἀκούοννες
668 2652 722 2709 δὲ
792 2657 880 2711 καὶ
936 2656 1021 2712 ἐπὶ
1080 2657 1206 2720 ταῖς
1263 2658 1526 2721 τοιαύταις
1601 2655 1922 2722 ἀντιλογίαις

286 2741 456 2795 αοότῶν
519 2743 590 2807 ὡς
636 2745 682 2799 οἱ
712 2745 971 2822 εΠατὲρες
1019 2749 1119 2812 τῆς
1172 2742 1408 2823 δευτέρας
1467 2744 1678 2802 συνόδου
1733 2745 1802 2802 δι’
1830 2749 1923 2805 οὒ-

284 2825 369 2883 δὲν
413 2827 617 2906 ἕτερον,
670 2830 788 2887 ἀλλ’
848 2832 877 2898 ἦ
915 2830 998 2889 διὰ
1054 2835 1147 2890 τὸν
1200 2835 1336 2891 κατὰ
1375 2840 1483 2889 τῶν
1538 2836 1925 2911 Πνευματομά-

282 2939 399 2997 χων
456 2917 814 2994 ἁθροισθέντες
868 2920 1071 3003 ἂγὼνα,
1128 2925 1215 2980 καὶ
1270 2924 1467 2980 σκοπὸν
1536 2922 1659 2981 ὅλον
1712 2934 1808 2991 τῆς
1853 2928 1925 2988 εἰς

2001 1786 2120 1829 non
2154 1770 2428 1834 traditam
2476 1772 2967 1854 decernentibus,
2999 1771 3115 1852 ipsi
3145 1769 3387 1851 quidem
3416 1783 3646 1854 conce-

2002 1856 2147 1918 dunt
2172 1878 2291 1921 non
2319 1879 2452 1923 esse
2480 1860 2807 1942 impietatis
2836 1853 3226 1939 accusandos,
3268 1874 3390 1918 non
3424 1853 3650 1917 tradita

2003 1944 2064 2005 in
2092 1948 2368 2028 Symbolo
2398 1947 3287 2028 praescribentesaerumtamen
3310 1962 3493 2006 sensu
3528 1960 3644 2005 non

2003 2050 2037 2094 a
2065 2038 2280 2114 pietate
2309 2036 2665 2112 alieno,tum
2688 2036 2973 2116 deinceps
2995 2033 3178 2096 veluti
3200 2031 3455 2095 validum
3475 2030 3643 2113 quid,

2004 2128 2060 2183 et
2089 2122 2186 2184 cui
2213 2125 2580 2205 respondere
2603 2119 3328 2205 nequeas,objiciunt.Sed
3358 2119 3649 2182 maximus

2005 2209 2277 2290 Cyrillus,
2330 2213 2431 2293 qui
2464 2212 2694 2293 praefuit
2724 2211 2912 2274 tertia;
2940 2210 3184 2293 synodo,
3218 2208 3271 2270 si
3320 2207 3546 2271 sciebat
3574 2225 3645 2270 ex

2006 2296 2156 2359 Filio
2186 2296 2469 2379 Spiritum
2498 2317 2845 2381 esse,quare
2896 2318 3011 2361 non
3065 2296 3340 2378 apposuit
3366 2295 3427 2358 in
3470 2293 3642 2377 Sym-

2006 2384 2167 2453 bolo,
2205 2409 2228 2444 α
2256 2396 2314 2448 et
2336 2406 2406 2451 ex
2438 2388 2585 2451 Filio
2605 2387 2638 2448 ?
2670 2412 2697 2444 ιι
2724 2390 2874 2450 Cum
2910 2393 3115 2468 postea
3145 2384 3528 2464 audiunt,pro
3547 2383 3643 2444 di-

2006 2474 2115 2537 ctis
2145 2475 2270 2537 suis
2302 2476 2970 2555 objectionibus,Patres
3001 2472 3278 2537 secundae
3304 2471 3536 2554 synodi,
3568 2471 3645 2533 ob

2006 2563 2225 2624 nullam
2248 2567 2423 2626 aliam
2446 2583 2683 2628 causam
2709 2584 2883 2646 quam
2916 2573 2979 2626 ut
3009 2581 3144 2626 cum
3177 2560 3435 2642 Spiritus
3465 2559 3646 2624 hosti-

2007 2650 2119 2713 bus
2160 2661 2459 2715 certamen
2511 2653 2802 2729 subirent,
2849 2652 3037 2716 coacti
3059 2659 3116 2713 et
3138 2650 3209 2712 ad
3238 2668 3371 2712 eum
3397 2648 3644 2723 exitum,

2008 2742 2107 2819 qui
2139 2741 2255 2802 illis
2282 2741 2689 2804 tantummodo
2736 2741 2841 2804 fuit
2872 2740 3228 2822 propositus,
3264 2756 3645 2817 congressum

2011 2828 2175 2890 illum
2235 2838 2412 2911 atque
2468 2831 2789 2892 sententias
2846 2830 3193 2909 dirigentes,
3247 2836 3309 2889 ut
3368 2826 3648 2888 divinita-

2012 2925 2129 2978 tem
2159 2919 2415 2999 Spiritus
2436 2918 2827 2995 declararent,
2853 2918 3010 2999 quod
3039 2917 3263 2979 clarum
3291 2923 3560 2978 remanet
3576 2932 3645 2975 ex

284 3007 343 3061 τὸ
372 3006 499 3063 αῦτὸ
583 3005 877 3085 συνδρομῆς
932 3012 1030 3078 τὴν
1057 3002 1168 3078 τῆς
1222 3009 1491 3090 θεολογίας
1555 3019 1648 3069 τοῦ
1690 3020 1920 3088 Πνεῦμα-

2007 3004 2335 3080 additione,
2367 3006 2741 3068 solummodo
2770 3008 2844 3068 de
2873 3005 3097 3087 Spiritu
3158 3005 3331 3075 facta,
3366 3022 3542 3084 quam
3572 3002 3649 3063 ob

285 3114 372 3157 τος
414 3093 761 3172 διατρανωσιν
819 3095 1059 3177 ἔχοντες,
1108 3097 1235 3177 ὅπερ
1301 3097 1462 3167 δῆλον
1532 3099 1638 3156 ἀπὸ
1679 3122 1770 3157 του
1840 3104 1925 3159 καὶ

281 3181 380 3249 τὴν
456 3184 768 3261 προσθήκην
838 3192 1012 3242 πᾶσαν
1095 3188 1210 3266 περὶ
1288 3187 1448 3262 μόνου
1542 3189 1776 3267 γενέσθαι
1838 3198 1925 3247 τοῦ

282 3271 610 3351 Πνεῦματος,
644 3270 780 3329 διατί
854 3274 931 3349 μὴ
1003 3277 1133 3331 Θεὸν
1187 3276 1248 3331 τὸ
1306 3281 1537 3351 Πνεῦμα,
1601 3278 1688 3334 καὶ
1725 3280 1923 3352 ὁμοο·5-

284 3380 394 3416 σιον
426 3362 589 3440 Πατρὶ
638 3363 726 3418 καὶ
785 3365 890 3436 Υἱῷ
959 3363 1012 3420 ἐν
1079 3370 1157 3437 τῷ
1197 3360 1445 3439 συμϐόλῳ
1502 3372 1735 3445 φανερῶς
1797 3368 1924 3423 ἆνε-

285 3448 529 3525 κήρυξαν,
594 3448 724 3529 ὅπερ
779 3450 939 3508 πλέον
996 3458 1101 3509 τῶν
1143 3456 1526 3531 προπεθεισῶν
1568 3453 1787 3511 ἀπασῶν
1830 3456 1923 3512 λέ-

284 3532 411 3600 ξεων
465 3538 588 3615 περὶ
632 3541 809 3614 αὐτοῦ,
858 3538 1048 3615 ἔμελλε
1089 3540 1186 3608 τὴν
1240 3541 1423 3618 ξαῦτοῦ
1463 3542 1688 3609 θεότητα
1769 3566 1928 3623 παρι-

284 3630 405 3698 στᾷν
464 3629 553 3683 καὶ
625 3624 925 3707 διατρανοῦν
970 3648 986 3708 ς
1045 3626 1350 3693 Ἀκούοντες
1421 3634 1543 3708 γοῦν
1613 3630 1799 3702 ταῦτα,
1854 3631 1926 3689 ἔτι

283 3712 335 3771 δὲ
394 3718 482 3773 καὶ
540 3718 1023 3795 προσεπακούοντες
1103 3720 1175 3784 ὡς
1231 3720 1259 3774 ὂ
1302 3718 1600 3793 θαυμαστὸς
1676 3720 1927 3799 Κύριλλος

280 3807 367 3861 τὸν
434 3810 535 3873 τῆς
608 3807 789 3885 τρίτης
859 3803 1071 3862 συνόδου
1129 3804 1389 3883 σύλλογον,
1443 3804 1529 3862 διὰ
1592 3807 1757 3882 μόνην
1828 3813 1924 3877 τὴν

283 3896 534 3959 Θεοτόκος
592 3894 833 3951 ἐποιεῖτο
900 3895 1105 3974 φωνὴν,
1161 3896 1248 3951 καὶ
1315 3894 1408 3951 ’ίνα
1476 3895 1526 3951 τί
1597 3896 1674 3971 μὴ
1743 3896 1797 3953 ἐν
1849 3904 1925 3973 τῷ

288 3981 540 4057 Συμϐόλρ
627 3981 904 4062 προδήλως
959 3984 1212 4040 Θεοτόκον
1301 3984 1621 4062 ἀνηγόρευσε
1680 3985 1778 4053 τὴν
1833 3994 1925 4044 τοῦ

293 4073 467 4148 Κυρίου
529 4072 760 4152 μητέρα,
863 4070 1001 4128 ἀλλὰ
1084 4073 1285 4149 Μαρίαν
1370 4072 1652 4149 Παρθένον,
1727 4076 1921 4157 αἰσχύ-

289 4181 452 4217 νονται
530 4161 658 4239 μὲν,
729 4158 1040 4239 δεδογμένον
1111 4159 1165 4217 δὲ
1222 4158 1359 4228 ἅπαξ
1414 4164 1594 4226 αὐτοῖς
1649 4165 1781 4239 πρὸς
1825 4167 1922 4232 τὴν

286 4247 733 4318 ἐκκλησιαστικὴν
760 4251 972 4326 εἰρήνην
1018 4249 1342 4332 ἂιρηνιᾶζειν,
1391 4251 1485 4317 εῆς
1544 4257 1688 4328 σφῶι
1759 4253 1927 4309 αὐτῶν

285 4344 578 4411 πισμο-ιῆς
623 4341 715 4395 οῦκ
738 4338 1068 4419 ἀφίστανται,

362 4418 470 4486 κα’.
504 4425 659 4485 Ἀλλ’
687 4418 828 4484 οὗτοι
857 4429 954 4504 μὲν
1013 4428 1036 4484 ἐ
1042 4429 1269 4509 λόντων,

282 4510 334 4571 δὲ
367 4518 462 4573 κᾶν
523 4524 652 4594 γοῦν
695 4517 795 4592 ἐιψέ
850 4524 942 4575 τοῦ
995 4518 1190 4597 χρόνου
1236 4519 1325 4574 καὶ
1368 4519 1552 4582 αὺτούς
1609 4516 1917 4595 ἐπιγνόνῖας

279 4605 370 4666 τὰς
440 4605 579 4661 κατᾶ
648 4604 858 4684 καιροὺς
913 4606 1197 4683 γενομένας
1255 4607 1397 4682 παρὰ
1458 4604 1704 4674 Πχτὲριον
1762 4608 1915 4681 ἡμῶν

280 4691 510 4770 μεγάλας
573 4695 897 4768 οἰκονομίας,
941 4695 1032 4749 τὸν
1081 4695 1158 4768 μὴ
1215 4693 1334 4750 κατ’
1390 4694 1678 4771 ἐπίγνωσιν
1754 4717 1911 4774 παρι-

278 4777 386 4835 δεῖν
416 4781 604 4852 ζῆλον,
656 4783 743 4837 καὶ
789 4784 918 4860 πρὸς
988 4783 1085 4850 τὴν
1138 4785 1242 4838 τ’ὖν
1312 4782 1644 4851 Ἐκκλησιῶν
1702 4785 1913 4863 εἶρήνην

279 4868 593 4948 ἱλαρώτερον
662 4869 976 4932 ἐνατενίσαι.
1055 4863 1239 4946 ’Υμετς
1316 4870 1390 4929 δὲ.
1464 4875 1509 4927 ὦ
1593 4872 1921 4950 εῦγνῦμονες

281 4964 381 5014 τῶν
476 4961 517 5030 ἒ,
551 4965 629 5014 ὧι
699 4958 871 5037 λόγων
927 4959 1195 5038 ἀκροαταὶ,
1275 4961 1404 5016 αὕτα
1485 4961 1550 5016 τὰ
1630 4962 1922 5037 φαινόμενα

282 5045 456 5113 ἐξότου
511 5050 547 5117 ἡ
610 5047 770 5122 μέσον
811 5050 965 5124 ἡμῶν
1021 5070 1076 5104 τε
1160 5053 1247 5105 καὶ
1312 5047 1529 5107 Ἰταλῶν
1598 5050 1778 5127 εἰρήνη
1835 5050 1923 5127 γέ-

282 5158 424 5213 γονε,
539 5139 808 5214 μάρτυρας
900 5137 1339 5218 ἆπαραγράπτους
1424 5136 1922 5216 παραλαμϐὶνοντες

282 5228 376 5292 τῆς
444 5232 553 5281 τῶν
606 5224 887 5303 δογμάτων
966 5229 1120 5300 ἡμῶν
1199 5227 1589 5304 συνιηρήσεως,
1669 5228 1754 5281 καὶ
1830 5227 1921 5282 τοῦ

283 5312 686 5385 ἀμεταποιήτου
740 5319 844 5369 τῶν
899 5314 1167 5392 ἡμετέρων
1227 5316 1379 5393 ἐθῶν,
1454 5316 1538 5370 καὶ
1605 5315 1777 5381 πάσης
1825 5319 1920 5382 τῆς

281 5401 746 5481 πατροπαραδότου
815 5404 968 5479 ημῶν
1024 5401 1257 5469 εόταξίας
1352 5426 1411 5460 τε
1487 5406 1572 5460 καὶ
1621 5404 1915 5477 κοσμιότη-

277 5510 390 5569 τος,
462 5490 773 5571 ὁλοσχερῶς
826 5494 925 5560 τῆς
981 5494 1193 5567 εἰρήνης
1253 5491 1518 5571 ἐξέχεσθε,
1592 5491 1917 5556 ἀδις.·.ἒ.ιττος

283 5577 362 5634 ἐπὶ
400 5587 476 5654 τῷ
534 5582 832 5661 εἰρηνάρχῃ
885 5582 1223 5646 πεποιθόντες
1280 5589 1509 5662 Χριστῷ,
1554 5589 1631 5656 τῷ
1688 5585 1748 5635 τα
1806 5581 1917 5637 διε-

2009 3109 2244 3156 causam
2276 3094 2558 3177 Spiritum
2586 3094 2772 3157 Deum
2807 3104 2866 3157 et
2893 3094 3049 3158 Patri
3100 3102 3160 3156 et
3207 3091 3355 3155 Filio
3387 3090 3649 3153 consub-

2008 3183 2337 3244 stantialem
2369 3184 2560 3263 palam
2594 3192 2919 3264 aperteque
2970 3201 3088 3244 non
3144 3180 3644 3261 depraadicarunt,

2009 3272 2163 3351 quod
2195 3273 2375 3352 magis
2404 3292 2471 3333 ac
2503 3272 2821 3334 dilucidius
2841 3272 2974 3333 aliis
2994 3266 3650 3331 omnibus'dictiouibus

2009 3362 2084 3421 de
2116 3378 2185 3420 eo
2205 3361 2680 3441 appositis,illius
2701 3361 2978 3423 deitatem
3010 3358 3648 3433 demonstrasset,con-

2008 3447 2495 3529 stabilissetque?
2548 3449 2685 3511 Haec
2716 3448 2893 3528 igitur
2943 3446 3280 3521 audientes,
3329 3463 3563 3507 necnon
3594 3453 3652 3507 et

2015 3535 2111 3597 illa
2143 3546 2452 3617 praeterea,
2487 3537 2896 3599 admirabilem
2923 3534 3201 3618 Cyrillum
3223 3533 3414 3597 tertiae
3441 3531 3649 3615 synodi

2012 3644 2392 3706 congressum
2424 3626 2499 3689 ob
2521 3626 2980 3708 solamDeiparte
3004 3643 3205 3688 vocem
3228 3622 3655 3698 celebrasse,et

2013 3721 2206 3775 tamen
2238 3715 2298 3775 in
2330 3715 2595 3796 symbolo
2627 3716 2788 3778 nullo
2831 3716 3006 3776 modo
3050 3712 3363 3775 manifeste
3413 3710 3651 3774 Domini

2010 3801 2254 3866 Matrem
2291 3803 2603 3884 Deiparam
2634 3802 3140 3884 nuncupasse,sed
3173 3803 3417 3867 Mariam
3443 3801 3645 3882 Virgi-

2008 3907 2169 3969 nem,
2204 3892 2430 3970 pudore
2460 3892 2735 3972 equidem
2768 3893 3212 3961 suﬂ'unduntur;
3236 3897 3647 3954 verumtamen

2007 3996 2139 4038 cum
2174 3981 2359 4042 semel
2393 3980 3258 4055 decreverint,ecclesiasticam
3291 3997 3497 4061 pacem
3518 3987 3648 4039 tur-

2007 4066 2109 4127 bas
2139 4068 2348 4129 ciemlu
2381 4087 2686 4149 respuere,
2717 4087 2748 4129 a
2782 4069 3019 4149 propria
3043 4068 3367 4149 pertinacia
3398 4085 3515 4130 non
3546 4066 3652 4127 de-

2005 4154 2251 4219 sistunt.

1329 4430 1401 4495 ὡς
1456 4428 1663 4508 ἔχουσι,
1712 4429 1855 4486 Γένοι
1863 4451 1917 4486 το

2079 4422 2180 4482 21.
2207 4420 2277 4482 Et
2304 4420 2364 4484 hi
2394 4421 2635 4503 quidem
2690 4422 3058 4504 prolebidine
3089 4440 3195 4484 sua
3224 4439 3358 4483 sese
3414 4428 3645 4508 gerant,

2000 4519 2171 4589 agant
2194 4508 2572 4590 que.Utinam
2596 4511 2903 4573 vero.licet
2931 4529 3301 4591 ser-imarum
3322 4507 3642 4589 aliquando

2000 4598 2458 4677 contingeret,ut
2486 4599 2861 4680 agnitis,quaa
2891 4619 2925 4662 a
2954 4598 3232 4663 Patribus
3261 4597 3478 4660 uostris
3508 4615 3645 4659 cer-

1999 4688 2073 4746 tis
2125 4687 2492 4767 temporibus
2540 4706 2767 4766 magnze
2812 4688 3292 4769 dispensationes
3340 4682 3645 4749 transacta

2003 4777 2359 4851 sunt,zelum
2381 4781 2709 4840 secundum
2735 4778 3133 4857 cognitionem
3164 4795 3281 4838 non
3315 4775 3643 4855 negligant,

2003 4866 2107 4925 sed
2158 4865 2230 4926 ad
2291 4864 2685 4927 Ecclesiarum
2743 4884 2949 4947 pacem
3011 4866 3196 4927 multo
3268 4864 3520 4928 alacrius
3575 4881 3648 4927 ac

2004 4953 2332 5035 promptius
2364 4955 2564 5016 oculos
2590 4955 2917 5031 ligant.Vos
2947 4972 3385 5027 vero,meorum
3409 4972 3646 5017 sermo-

2006 5061 2146 5104 num
2190 5043 2341 5123 aequi
2396 5044 2694 5104 auditores
2749 5052 2810 5106 et
2860 5043 3120 5125 judices,
3174 5062 3271 5105 res
3299 5043 3479 5124 ipsas,
3513 5062 3647 5126 quae

2005 5132 2193 5193 oculis
2213 5132 2785 5212 contemplamur,ex
2810 5152 2926 5214 quo
2950 5133 3106 5194 inter
3129 5151 3236 5195 nos
3254 5141 3313 5194 et
3326 5132 3505 5196 Italos
3535 5151 3643 5214 pax

2005 5220 2363 5288 intercessit.
2400 5221 2575 5282 veluti
2605 5228 2785 5283 testes
2817 5222 2981 5283 omni
3012 5221 3361 5302 exceptione
3390 5228 3645 5301 majores

2003 5310 2387 5387 accipientes,
2420 5309 2758 5389 dogmatum
2810 5320 3145 5372 nostrorum
3180 5310 3645 5373 conservationis

2004 5408 2335 5460 nostrarum
2357 5399 2851 5461 consuetudinum
2877 5399 3640 5481 permanentisretinentiaa,

2003 5508 2114 5552 nec
2146 5506 2263 5550 non
2297 5485 2610 5551 t‘i'niversia
2639 5488 2915 5552 Patribus
2945 5488 3120 5553 nobis
3147 5489 3349 5552 traditi
3395 5487 3648 5552 instituti

2002 5586 2176 5659 atque
2209 5584 2449 5639 ornatus
2476 5576 2601 5657 paci
2626 5576 3041 5653 adhaerescite,
3076 5578 3224 5643 citra
3254 5577 3433 5641 ullam
3463 5576 3642 5641 besi-
