4178 6286
536 347 653 413 275

1603 352 1814 415 JOAN.
1863 352 2082 416 VECCI
2129 352 2242 412 GP.
2296 350 2812 413 PATRIARCHIE

3766 344 3878 410 276

533 484 818 546 tationem
852 504 961 562 spe
991 497 1186 548 veSIra
1208 486 1266 547 in
1298 486 1528 547 Christo
1564 485 1830 564 principe
1864 485 2043 564 pacis,
2069 501 2137 561 qu

2218 510 2231 537 ι
2252 484 2425 538 στῶτα
2479 479 2789 551 συνδήσαντι
2858 484 2946 538 καὶ
3020 482 3330 559 συνάψαντι,
3415 479 3580 538 πολὺν
3659 478 3876 537 ἐντεῦθεν

532 570 825 650 disjuncta
879 573 1170 651 colligavit
1229 582 1401 654 atque
1472 573 1799 652 conjunxit,
1859 573 2164 639 collocata,

2248 569 2302 626 ἐν
2345 578 2421 646 τῷ
2473 574 2571 638 τῆς
2636 568 3043 645 μισθαποδοσίας
3139 574 3306 648 καιρῷ
3359 570 3529 649 εὒρεῒν
3572 571 3663 626 τὸν
3703 569 3875 644 μισθὸν

532 658 774 721 ubcrem
806 659 945 721 inde
979 661 1478 741 mercedem,cum
1514 680 1741 722 merces
1757 659 2137 740 persolvitur,‘

2248 659 2388 737 παρὰ
2428 669 2521 717 τοῦ
2549 656 2932 735 μισθαποδότου
2960 665 3113 717 Θεοῦ.

528 757 983 811 remuneratore
1002 748 1125 812 Deo
1155 772 1170 808 t
1190 748 1557 811 onsecuturi.

1620 1052 2019 1217 ΤΟΥ
2120 963 2805 1216 ΑΥΤΟΥ

2018 1336 2189 1389 ΠΡΟΣ
2245 1336 2372 1387 TON

795 1528 1950 1660 ΑΓΑΛΛΙΑΝΟΝ
2056 1528 2721 1661 ΚΥΡΙΟΝ
2823 1527 3607 1659 ΑΛΕΞΙΟΝ

1526 1778 1658 1831 ΤΗΣ

1721 1776 2037 1831 ΜΕΓΑΛΗΣ
2103 1775 2490 1832 ΕΚΚΑΗΣΙΑΣ
2551 1779 2889 1834 ΔΙᾹΚΟΝΟΝ

1893 1957 2504 2053 ΕΠΙΣΤΟΛΗ.

1758 2308 2623 2459 EJUSDEM

1003 2747 1910 2861 AGALLIANUM
2005 2745 2666 2860 DOMINUM
2756 2750 3383 2880 ALEXIUM

1632 2968 1792 3036 MAG
1802 2970 1930 3035 ΝιΕ
1972 2970 2230 3035 ECCLSI
2268 2968 2663 3037 DIACONUM

1863 3163 2499 3259 EPISTULA.

580 3496 842 3562 Joannes
872 3503 1251 3567 miseratione
1281 3502 1478 3566 divina
1527 3502 1770 3565 humilis
1810 3506 2145 3586 archiepis-
2166 3515 2207 3565 Β

501 3604 687 3665 copus
716 3586 1536 3672 Constantinopolitanus,sed
1570 3593 1643 3653 ob
1675 3613 1875 3655 verum
1907 3598 2141 3658 Patrum

498 3673 733 3752 dogma,
754 3695 823 3738 ex
851 3681 1026 3741 Patre
1057 3700 1271 3760 nempe
1298 3699 1405 3759 per
1438 3681 1646 3743 Filium
1682 3680 1933 3760 Spiritus
1956 3684 2141 3744 sancti

499 3765 967 3849 processionem,
1002 3769 1240 3848 propria
1268 3770 1407 3829 sede
1440 3769 1666 3849 pulsus,
1690 3779 1750 3830 et
1778 3771 1836 3831 in
1867 3772 2138 3832 exsilium

497 3861 853 3931 perpetuum
890 3864 947 3915 et
969 3874 1294 3931 carcerem,
1324 3856 1494 3939 utihi
1527 3856 1791 3918 inclusus
1824 3877 2010 3938 usque
2040 3859 2143 3919 de-

495 3948 684 4021 geret,
715 3940 908 4003 donec
937 3944 1116 4005 tinem
1148 3949 1279 4005 vitae
1309 3946 1626 4023 posuisset,
1684 3947 2135 4027 condemnatus,

492 4028 696 4091 Alexio
729 4030 980 4093 diacono
1038 4033 1258 4094 dilecto
1298 4033 1623 4094 secundum
1657 4037 1939 4115 Spiritum
1992 4037 2135 4112 ﬁlio,

494 4116 971 4182 benedictionem
1013 4120 1072 4182 in
1108 4121 1360 4199 Christo,
1393 4131 1449 4184 et
1481 4132 1780 4201 paternam
1835 4125 2138 4188 salutatio-

498 4224 659 4269 nem.

575 4297 628 4359 1.
663 4296 978 4379 Nunquam
1010 4300 1207 4361 animo
1237 4299 1588 4377 agitaveram
1614 4300 1707 4362 iis.
1744 4320 1874 4382 quae
1897 4321 2051 4364 nunc
2083 4311 2139 4365 te

489 4385 663 4446 audio
693 4387 991 4468 proloqui,
1028 4407 1201 4449 aures
1239 4408 1400 4450 meas
1429 4389 1747 4469 aliquando
1779 4393 2133 4455 onerandas.

488 4476 911 4538 Verumtamen
948 4496 1081 4537 cum
1116 4478 1441 4538 nuntiatum
1476 4478 1738 4551 fuerit,te
1762 4470 2135 4540 adversario;

488 4582 619 4625 rum
653 4574 992 4625 nostrorum
1047 4574 1244 4645 partes
1292 4576 1552 4627 tuentem
1586 4570 1972 4637 contendere,
1999 4587 2137 4630 rere

490 4662 733 4733 propter
746 4653 1020 4714 eamdem
1050 4664 1314 4715 naturam
1329 4678 1362 4716 a
1381 4655 1598 4715 sanctis
1616 4654 1890 4717 Patribus
1912 4657 2133 4717 dictum

483 4741 690 4810 fuisse.
724 4760 791 4802 ex
825 4742 1087 4803 essentia
1138 4742 1274 4804 Filii
1332 4763 1462 4805 esse
1513 4742 1796 4822 Spiritum
1839 4754 2131 4817 sanctum,

2309 3503 2558 3570 Ἰωάννης
2655 3504 2909 3568 ταπεινὸς
3005 3504 3139 3580 ἐλέῳ
3235 3512 3365 3563 Θεοῦ
3449 3508 3871 3588 ἀρχιεπίσκοπος

2227 3591 2858 3666 Κωνσταντινονπὸλεως,
2919 3589 3002 3648 διὰ
3058 3591 3111 3648 δὲ
3154 3595 3216 3650 τὸ
3285 3593 3480 3661 ἀληθὲς
3547 3597 3653 3653 τῶν
3698 3594 3870 3652 Πατέ-

2225 3702 2328 3757 ρων
2361 3678 2552 3757 δόγμα,
2598 3681 2698 3747 τὴν
2740 3681 2802 3735 ἐκ
2871 3682 3073 3760 Πατρδς
3127 3679 3373 3749 δηλονότι
3423 3681 3490 3739 δι’
3536 3687 3657 3742 Υἱοῦ
3710 3681 3874 3740 hac-trd-

2224 3790 2393 3846 ρευσιν
2444 3776 2535 3825 τοῦ
2578 3769 2880 3845 Πνεύματος
2921 3777 3014 3827 τοῦ
3069 3770 3238 3848 ἁγίου,
3299 3777 3391 3828 τοῦ
3446 3772 3636 3829 οἰκείου
3684 3772 3867 3850 θρόνου

2223 3856 2519 3921 ἀπελαθεὶς.
2568 3859 2655 3913 καὶ
2722 3859 2820 3925 τὴν
2861 3857 2962 3923 ἕως
3029 3861 3250 3916 θανάτου
3315 3859 3515 3938 ἒξορίαν
3555 3862 3643 3917 καὶ
3686 3858 3860 3941 φυλα-

2220 3945 2322 4012 κὴν
2370 3944 2764 4011 καταδικασθεὶς
2821 3943 3039 4019 Ἀλεξῖῳ
3133 3946 3357 4021 διακόνῳ
3409 3948 3672 4029 ἀγαπητῷ
3730 3945 3864 4005 κατᾶ

2186 4039 2430 4107 ’Πνεῦμα
2470 4034 2565 4108 atq,
2610 4034 2849 4114 εὔλογίαν
2904 4037 3000 4104 τὴν
3054 4034 3114 4092 ἐκ
3186 4042 3416 4116 Χριστῷ,
3474 4041 3562 4094 καὶ
3604 4036 3864 4116 πατρικὸν

2220 4121 2524 4199 ἀσπασμόν.

2300 4290 2375 4358 α’.
2424 4298 2566 4377 Ἐγὼ
2594 4302 2692 4374 μὲν
2722 4299 2815 4358 οὐκ
2845 4300 2907 4355 ἄν
2959 4322 3088 4359 ποτε
3132 4302 3347 4359 ἀκοῦσαι
3390 4302 3569 4376 ᾠήθην
3627 4309 3863 4375 τοιαῦτα,

2220 4389 2412 4463 οἷάπερ
2455 4392 2541 4445 καὶ
2588 4388 2789 4456 ἥκουσα
2844 4388 3017 4467 λέγειν
3046 4411 3103 4446 σε
3140 4406 3153 4421 ·
3215 4391 3327 4447 ἐπεὶ
3389 4390 3442 4446 δὲ
3500 4389 3705 4457 ἥκουσα
3760 4395 3867 4448 τῶν

2219 4478 2355 4550 ἡμῖν
2450 4477 2849 4535 ἀντιδικούντων
2945 4480 3387 4559 ὺπερμαχόμενον
3498 4476 3864 4557 διατείνεσθαι,

2219 4566 2255 4634 ἦ
2300 4573 2404 4639 μὴν
2488 4564 2570 4621 διὰ
2626 4568 2687 4622 τὸ
2765 4566 3041 4641 ὅμοούσιον
3110 4581 3227 4631 τοῖς
3280 4567 3449 4644 ἁγίοις
3494 4567 3748 4643 εἰρῆσθαι,
3808 4568 3868 4623 τὸ

2219 4653 2280 4710 ἐκ
2350 4658 2448 4720 τῆς
2519 4656 2693 4718 οὗσὲας
2749 4661 2841 4712 τοῦ
2916 4658 3033 4713 1⁸ἱοῦ
3114 4657 3174 4712 τὸ
3276 4661 3484 4730 Πνεῦμα
3566 4656 3708 4711 εἶναι
3807 4655 3867 4711 τὸ

2219 4741 2394 4820 ἅγιον,
2467 4744 2525 4799 οὒ
2581 4741 2692 4799 δεῖν
2762 4742 2921 4799 πάλιν
2991 4745 3174 4819 ᾠήθην
3215 4749 3341 4822 σιγῇ
3397 4745 3463 4800 τὰ
3504 4742 3866 4818 ἦκουτισμένα

487 4850 604 4891 non
652 4830 791 4891 duxi
823 4831 1073 4909 pretium
1110 4849 1306 4910 opera;
1337 4852 1430 4892 me
1471 4832 1788 4903 facturum,
1824 4835 1872 4893 si
1906 4853 2034 4909 quae
2063 4834 2131 4895 ad

2218 4832 2603 4912 πκραδραμεϊν.
2669 4837 2765 4893 Καὶ
2819 4834 2883 4912 δῃ
2941 4835 3082 4914 λέγω
3138 4836 3265 4913 ἐγὼ,
3320 4835 3475 4892 ἄκουε
3517 4833 3572 4891 δὲ
3617 4840 3700 4896 σύ.
3759 4838 3866 4892 Οὔκ

485 4937 659 4980 aures
691 4937 855 4979 meas
882 4920 1545 4999 pervenerunt,silentio
1572 4921 2136 4999 praeterieroQuare

486 5008 732 5088 eloquar
760 5008 911 5087 ipse,
946 5017 1004 5069 tu
1039 5025 1180 5073 vero
1210 5010 1467 5085 attende,
1512 5019 1685 5089 atque
1728 5010 1989 5069 animum
2023 5012 2131 5071 ad-

484 5099 1079 5158 verte.Annontenes
1093 5116 1189 5157 me
1203 5116 1615 5177 saepenumero
1642 5097 1745 5156 tibi
1770 5097 2130 5170 declarasse,

486 5203 602 5245 non
628 5183 980 5262 simpliciter
999 5195 1240 5265 propter
1257 5186 1524 5247 eamdam
1561 5194 1981 5266 naturam,qnaa
2005 5188 2103 5247 nul

485 5273 605 5333 lum
642 5272 1075 5351 praepositionis
1102 5292 1177 5334 ea:
1206 5274 1278 5335 ad
1335 5276 1426 5336 sui
1486 5275 1946 5336 insinuationem
1981 5276 2134 5335 inter

483 5359 718 5423 Triadis
775 5378 1057 5439 personas
1112 5380 1283 5423 usum
1341 5363 1538 5438 habet,
1598 5383 1664 5425 ex
1712 5364 1968 5424 essentia
2002 5365 2134 5426 Filii

483 5449 771 5529 Spiritum
801 5449 1090 5511 aSanctis
1118 5469 1270 5526 esse,
1308 5453 1490 5514 fuisse
1526 5453 1992 5533 pronuntiatum,
2029 5454 2130 5514 sed

484 5544 729 5620 propter
786 5539 1059 5600 eamdem
1117 5549 1412 5617 naturam,
1450 5562 1581 5622 quae
1614 5552 1771 5603 certe
1806 5551 1861 5602 et
1890 5543 2132 5605 definite

483 5628 755 5692 effectum
788 5626 1020 5691 innuit?
1050 5626 1119 5690 Et
1151 5648 1309 5693 nunc
1340 5631 1517 5694 dicito
1573 5631 1738 5711 mihi,
1774 5650 1882 5713 per
1918 5632 2125 5709 Deum,

484 5736 602 5783 uno
633 5718 787 5782 malo
813 5725 1316 5799 raptus,meorum
1346 5720 1609 5784 omnium
1637 5720 1984 5784 memoriam
2014 5723 2125 5783 ab-

2216 4920 2370 4986 οἶδας
2418 4925 2491 4986 ὡς
2556 4922 2665 5000 ἐγὼ
2728 4923 2987 4989 πολλάκις
3059 4946 3139 4981 σοι
3184 4922 3498 5003 διεσάφησα,
3557 4924 3633 4998 μὴ
3678 4921 3762 4977 διὰ
3803 4922 3863 4977 τὸ

2214 5011 2399 5074 ἁπλῶς
2444 5011 2745 5084 ὃμοούσιον,
2821 5012 2949 5090 ὅπερ
3007 5010 3248 5087 οὒδεμίαν
3311 5017 3410 5078 τῆς
3461 5015 3521 5067 ὲκ
3564 5010 3862 5090 προθέσεως

2216 5101 2288 5163 εἷς
2335 5100 2434 5166 τὴν
2502 5100 2687 5155 ἑαυτοῦ
2767 5097 2998 5170 δήλωσιν
3070 5099 3261 5175 μεταξὺ
3331 5106 3436 5155 τῶν
3492 5105 3591 5165 τῆς
3648 5097 3862 5174 Τριεξδος

2215 5187 2511 5265 προσώπων
2553 5185 2669 5266 ἔχει
2712 5187 2811 5254 τὴν
2858 5190 3067 5268 χρείαν,
3114 5190 3173 5245 ἐκ
3216 5193 3312 5255 τῆς
3355 5188 3530 5252 οὖσίας
3586 5190 3677 5243 τοῦ
3742 5190 3862 5243 Υξοῠ

2215 5277 2275 5333 τὸ
2309 5282 2516 5349 Πνεῦμα
2547 5289 2661 5339 τοῖς
2704 5277 2872 5354 ἁγίοις
2922 5279 3181 5353 εἰρῆσθαι,
3226 5275 3311 5333 διὰ
3369 5276 3422 5332 δέ
3464 5298 3524 5354 γε
3571 5279 3632 5333 τὸ
3661 5276 3861 5352 ὃμοούο

2217 5389 2329 5423 σιον
2394 5366 2698 5444 ὡρισμένως
2788 5368 3063 5447 αἷτιατόνς
3142 5371 3238 5426 Καὶ
3309 5374 3396 5425 νῦν
3469 5367 3581 5423 εἷπὲ
3660 5389 3772 5442 μοι,
3818 5367 3862 5421 ὦ

2215 5458 2346 5533 πρὸς
2417 5462 2573 5533 Θεοῦ,
2618 5455 2665 5510 τί
2708 5455 2925 5513 παθόντι
2970 5480 3050 5513 σοι
3108 5464 3214 5513 τῶν
3297 5458 3396 5533 μὲν
3459 5456 3602 5532 ἐμῶν
3672 5454 3855 5511 ἐπιλα-

2213 5543 2386 5601 θέσθαι
2447 5543 2629 5620 γέγονε
2676 5545 2908 5618 πάντων,
2956 5547 3063 5602 τῶν
3117 5545 3172 5601 δὲ
3212 5544 3476 5626 λεγόντων
3531 5546 3592 5601 ἐκ
3631 5549 3729 5611 τῆς
3761 5547 3856 5602 οὖ-

2212 5636 2327 5698 σίας
2369 5640 2461 5691 τοῦ
2512 5636 2630 5690 1⁸ἱοῦ
2672 5635 2732 5690 τὸ
2778 5640 2989 5711 Πνεῦμα
3031 5634 3274 5715 λέγεσθαι
3329 5633 3415 5692 διὰ
3471 5636 3530 5691 τὸ
3576 5633 3861 5709 ὁμοούσιον

2210 5722 2467 5780 meum:
2500 5722 2776 5794 στιζὸντων
2807 5723 3142 5805 ὑπερμαχεῖν
3174 5744 3189 5801 ς
