4178 6286
348 343 466 409 277

1532 351 1773 415 EPIST.
1821 347 1922 410 AD
1961 346 2487 414 AGALLIANUM.

3577 346 3695 415 278

338 477 535 557 jicere
555 480 943 542 asserentium
975 466 1113 543 vero
1144 499 1213 544 ex
1243 482 1502 544 essentia
1531 480 1665 545 Filii
1698 479 1985 560 Spiritum
2016 482 2256 555 propter
2281 478 2554 541 eamdem
2612 486 2880 542 naturam
2936 479 3083 562 dici,
3128 488 3305 560 atque
3361 480 3446 542 sic
3477 488 3697 561 puncto

341 566 727 661 signantium,
760 569 1167 632 defensionem
1202 572 1508 649 suscipere
1538 570 1805 661 anjmum
1842 562 2184 661 induxisti}i

421 645 501 733 β’.
534 659 591 715 ει
630 660 727 725 τὴν
781 658 835 714 ἐν
891 661 1055 731 τούτῷ
1111 659 1314 727 πλάνην
1369 645 1563 723 ἐθέλεις
1608 645 1818 736 μαθεῖν,
1865 656 1977 712 ἐπεὶ

2140 652 2199 715 2.
2233 651 2295 716 Si
2337 669 2629 734 errorem,
2678 674 2795 738 quo
2848 657 2909 718 in
2939 656 3231 720 similibus
3259 655 3524 731 aberras,
3557 672 3698 718 aves

341 748 443 811 τῆς
494 744 764 823 θεολογίας
838 749 930 804 οὔκ
980 748 1120 804 ἔστιν
1178 748 1452 827 ἀλλότριον
1536 749 1596 803 ἐκ
1691 753 1794 803 τῶν
1863 741 1978 802 καθ’

342 832 489 908 ἡμᾶς
557 832 747 901 δηλοῦν
786 840 928 910 ἡμᾶς
977 837 1043 893 τὰ
1097 838 1226 916 ὑπὲρ
1282 840 1446 913 ἡμᾶς,
1508 836 1650 893 ἔστιν
1701 837 1762 891 οῦ
1801 855 1975 911 παρα-

345 919 585 1000 δείγμασι
615 937 730 988 τοῖς
790 924 986 988 ὑλαιοις
1042 926 1351 1005 χρωμένους
1407 926 1493 982 καὶ
1546 926 1817 991 αἰσθητοῖς
1876 928 1981 977 τῶν

344 1008 520 1066 ἀΰλων
588 1011 800 1068 ἐκείνων
851 1015 939 1069 καὶ
994 1016 1123 1094 ὑπὲρ
1174 1025 1312 1087 νοῦν,
1399 1014 1665 1093 πρόσσχες
1710 1011 1794 1068 ἐπὶ
1874 1015 1980 1066 τῶν

345 1097 631 1179 ἀνθρώπων
686 1103 840 1175 ἡμῶν
874 1118 888 1133 ⁸
946 1104 998 1159 τί
1039 1105 1160 1177 μὲν,
1232 1103 1356 1160 ὅταν
1409 1108 1507 1170 τῆς
1589 1106 1749 1169 αὐτῆς
1804 1099 1979 1162 οὒσίας

344 1187 435 1243 τὸν
464 1187 689 1245 ’Παυλον
728 1191 868 1247 εἶναι
926 1195 1004 1264 τῷ
1051 1192 1232 1270 Πέτρῳ
1285 1194 1476 1267 φαμὲν,
1536 1191 1675 1248 ἔστιν
1734 1192 1869 1265 ἡμῖν
1916 1190 1978 1244 τὸ

343 1272 661 1350 δηλούμενον
700 1296 712 1309 ·
782 1278 834 1335 τί
888 1277 965 1351 δὲ,
1039 1280 1163 1336 ὃταν
1219 1280 1281 1336 ἐκ
1350 1286 1447 1347 τῆς
1503 1286 1594 1337 τοῦ
1635 1279 1830 1357 Πέτρου
1886 1278 1975 1334 τὸν

342 1363 550 1421 Παῦλον
607 1366 749 1422 εἶναι
807 1366 981 1430 οὖσίας
1016 1383 1031 1397 ⁸
1095 1370 1183 1423 καὶ
1240 1368 1446 1433 πάντως
1487 1368 1872 1446 προσεσχηκὼς
1903 1372 1979 1440 τῷ

346 1454 777 1531 παρατηρήματι,
822 1457 924 1513 ὐπὸ
994 1456 1089 1529 μὲν
1132 1456 1228 1522 τῆς
1283 1461 1389 1511 τῶν
1451 1456 1650 1532 ῥήσεων
1706 1461 1828 1530 μιᾶς
1888 1457 1979 1512 εῦ-

344 1540 525 1616 ῥήσεις
593 1539 914 1617 δηλο-Βμενον
970 1545 1031 1600 τὸ
1111 1545 1201 1601 τὸν
1245 1542 1448 1600 Παῦλον
1509 1544 1781 1619 ὁμοούσιον
1839 1543 1979 1599 εἶναι

348 1628 532 1706 Πέτρῳ
557 1631 690 1686 κατᾶ
760 1632 821 1687 τὸ
889 1629 1153 1706 ὁμοειδές.
1213 1630 1382 1710 ’Ὅπερ
1430 1629 1495 1698 δὴ
1554 1631 1849 1706 ὁμοούσιον,
1894 1625 1981 1687 καὶ

342 1717 430 1773 ἒπὶ
471 1722 578 1774 τῶν
631 1718 885 1794 ὁμοειδῶν
926 1720 1102 1776 ἄλλων
1170 1722 1385 1778 πάντων
1439 1720 1724 1788 ἀνθρώπων
1781 1718 1975 1793 διήκει,

343 1806 432 1860 καὶ
499 1805 821 1887 ἀντιστρέφει
890 1812 926 1877 ἡ
995 1810 1168 1886 ῥῆσις.
1243 1812 1349 1877 Τῆς
1418 1810 1519 1889 γὰρ
1575 1812 1738 1875 αὒτῆς
1802 1810 1977 1871 obuia:

2061 741 2395 818 addiscere,
2430 763 2563 805 cum
2612 763 2648 829 a
2693 746 3028 825 theologica
3056 745 3407 809 tractatione
3436 744 3698 807 alienum

2063 849 2180 891 non
2211 831 2306 904 sit,
2332 851 2440 893 nos
2468 851 2535 894 ex
2570 836 2730 896 hisce
2790 833 3032 909 nostris,
3064 851 3136 898 ea
3184 853 3313 915 quae
3354 851 3535 914 supra
3590 849 3699 895 nos

2060 926 2221 999 sunt,
2250 938 2406 1000 saepe
2436 922 2663 984 scilicet
2685 941 2755 984 ex
2787 923 3051 985 materia;
3066 942 3134 984 ac
3158 926 3358 985 sensui
3381 922 3564 984 rebus
3588 920 3697 983 obo

2064 1008 2275 1081 noxiis,
2307 1009 2544 1070 illorum
2576 1030 2707 1091 quae.
2735 1020 2897 1072 extra
2930 1011 3237 1074 materiam
3265 1018 3424 1091 sunt,
3461 1019 3699 1072 etmen-

2065 1104 2179 1156 tem
2214 1096 2532 1157 humanam
2564 1099 3068 1177 superant,ductis
3096 1099 3384 1178 exemplis
3409 1097 3699 1175 indicare,

2060 1190 2280 1244 attento
2312 1187 2509 1246 animo
2540 1186 2677 1247 audi
2707 1188 2780 1248 de
2806 1187 2985 1249 rebus
3024 1186 3299 1248 humanis
3329 1203 3700 1253 sermonem.

2060 1268 2209 1342 Quid
2254 1291 2387 1333 cum
2432 1274 2704 1352 ejusdem
2752 1293 2884 1336 esse
2914 1275 3188 1337 essentiaa
3216 1274 3463 1338 Paulum
3498 1282 3556 1336 et
3582 1274 3702 1337 Pe-

2064 1367 2219 1419 trum
2254 1376 2268 1420 :
2302 1360 2444 1440 quid
2476 1380 2609 1421 cum
2644 1379 2716 1422 ex
2758 1362 2922 1423 Petri
2968 1361 3228 1424 essentia
3282 1362 3525 1422 Paulum
3571 1376 3703 1423 esse

2063 1445 2385 1520 dicimus,a
2418 1448 2590 1510 nobis
2618 1449 2916 1511 indicatur
2949 1470 2964 1511 :
2992 1457 3050 1511 et
3083 1448 3278 1511 modis
3300 1448 3698 1520 omnibus.si—

2062 1534 2301 1615 quidem
2326 1545 2662 1614 perattente
2690 1537 3170 1600 observationem
3204 1555 3397 1599 meam
3427 1536 3706 1600 conside-

2060 1626 2305 1696 raveris,
2341 1625 2733 1706 percipies,ab
2761 1645 2877 1688 uno
2909 1627 3118 1687 borum
3152 1624 3449 1688 dictorum
3481 1625 3705 1706 signiﬁ-

2062 1711 2205 1784 cari,
2239 1714 2480 1774 Paulum
2511 1732 2646 1776 es~e
2676 1714 2942 1794 ejusdem
2974 1733 3041 1775 ac
3072 1716 3316 1778 Petrum
3346 1723 3573 1776 natura
3601 1732 3703 1777 se-

2061 1800 2317 1862 cundum
2346 1802 2614 1865 eamdem
2648 1805 2939 1885 speciem,
2970 1822 3102 1884 quae
3128 1810 3337 1865 natura
3367 1812 3425 1864 et
3453 1802 3527 1864 ad
3556 1802 3706 1864 alios

344 1892 548 1949 Παῦλον
600 1902 677 1969 τῷ
746 1895 950 1976 Πέτρῳ,
1008 1898 1095 1953 καὶ
1155 1897 1352 1976 Πέτρον
1393 1898 1457 1953 αὖ
1541 1902 1637 1961 τῆς
1681 1900 1845 1962 αὖτῆς
1900 1898 1976 1969 τῷ

2062 1906 2291 1976 quoque
2322 1909 2531 1952 omnes
2563 1892 2835 1970 ejusdem
2866 1892 3087 1973 speciei
3110 1892 3384 1955 homines
3406 1891 3707 1953 transitzet

345 1981 557 2061 Παύλῳ,
627 1983 853 2060 λέγομεν
949 1985 1394 2065 ἂντιστρέφοντες,
1478 1985 1608 2042 ἐπὰν
1706 1987 1767 2041 τὸ
1849 1985 1984 2041 κατὰ

342 2070 403 2151 τὸ
473 2069 709 2146 ὁμοειδὲς
780 2076 951 2130 αὐτῶν
1016 2076 1288 2151 σημαίνειν
1359 2072 1599 2150 θέλοιμεν
1680 2073 1981 2147 ὃμοούσιον.

347 2148 478 2215 Ὑπὸ
547 2156 601 2215 δέ
658 2167 757 2228 τῆς
826 2148 1101 2240 λεγούσηςγ
1155 2161 1214 2218 ἐκ
1275 2167 1375 2229 τῆς
1474 2148 1565 2221 τοῦ
1634 2161 1829 2240 Πέτρου
1894 2163 1983 2217 τὸν

341 2246 546 2303 Παῦλον
605 2250 748 2306 εἶναι
821 2253 1019 2330 οὗσίας,
1087 2251 1237 2330 εἶπε,
1292 2250 1492 2328 πατέρα
1574 2250 1784 2307 Παύλου
1839 2249 1981 2306 εἶναι

339 2335 495 2415 τύχοι
527 2338 615 2394 τὸν
685 2341 902 2417 Πέτρον,
966 2341 1021 2396 Εἰ
1077 2339 1176 2418 γὰρ
1236 2340 1312 2414 μὴ
1355 2346 1530 2405 τοῦτο,
1588 2336 1704 2397 οῦδὲ
1759 2336 1819 2394 ἐκ
1885 2342 1983 2403 τῆς

337 2432 431 2482 τοῦ
498 2426 694 2504 Πέτρου
749 2427 812 2483 ἂν
854 2447 986 2485 ποτε
1041 2426 1222 2505 ῥηθείη
1280 2425 1484 2516 Παυλιξς
1561 2428 1735 2490 οὖσίας
1831 2419 1981 2483 Ἀλλ’

338 2511 419 2569 ὅτι
476 2516 713 2594 εὒρήσεις
782 2514 1107 2591 δηλούμενον
1205 2517 1267 2572 τὸ
1325 2517 1413 2572 τὸν
1439 2511 1456 2516 ⁷
1509 2514 1715 2573 Παῦλον
1780 2512 1983 2584 δηλαδὴ

336 2602 572 2661 αἰτιατὸν
641 2604 694 2670 ἐξ
764 2606 926 2663 αἰτίου
972 2604 1113 2662 εἶναι
1177 2614 1272 2663 τοῦ
1352 2604 1570 2682 Πέτρου,
1645 2607 1746 2683 οὔχ
1799 2606 1873 2666 ὡς
1907 2602 1983 2659 »ἕν

336 2712 442 2748 τινι
511 2699 616 2749 τῶν
670 2696 745 2750 ὧν
800 2694 1145 2774 ἐξωτερικῶς,
1214 2692 1373 2761 ἤτουν
1442 2693 1733 2759 ποιητικῶς
1805 2691 1979 2755 αἴτιος

338 2780 484 2837 εἶναι
577 2781 774 2863 πέφυκε
872 2783 1089 2856 Πέτρος,
1176 2780 1296 2839 ἀλλ’
1367 2782 1642 2858 ὁμοούσιον
1719 2782 1971 2855 αἰτιατὸν,

336 2869 425 2925 καὶ
490 2874 588 2936 τῆς
658 2869 785 2936 ἰδίας
828 2878 906 2945 τῷ
961 2870 1111 2946 αἰτίῳ
1190 2871 1348 2928 αὐτοῦ
1433 2872 1635 2951 φύσεως
1706 2870 1972 2949 γέννημα,

342 2958 441 3015 Καὶ
522 2960 557 3025 ἡ
624 2959 778 3037 ῥῆσις
826 2958 927 3016 ὦδε
1007 2959 1100 3016 οὒκ
1155 2958 1480 3038 ἀντιστρέφει
1514 2973 1531 2991 ⁸
1591 2961 1663 3022 εἷς
1754 2959 1974 3030 ταύτην,

338 3045 411 3110 ὡς
471 3043 585 3121 ἐμοὶ
642 3046 811 3127 δοκεῖ,
869 3048 1106 3123 εὒρήσεις
1165 3048 1503 3126 μεριζόμενον
1577 3047 1676 3114 τὴν
1728 3045 1975 3126 διαφυρῆιν

288 3178 295 3183 .
335 3130 440 3189 ὖπό
482 3140 587 3191 τῶν
615 3136 904 3215 εἰρημένων
933 3134 1021 3193 δύο
1063 3136 1267 3214 ῥήσεων
1297 3158 1358 3192 το
1413 3135 1605 3213 μεταξὺ
1658 3135 1860 3193 Παῦλον
1889 3137 1977 3193 καὶ

338 3222 535 3301 Πέτρον
564 3223 849 3303 λεγόμενον
877 3224 1175 3301 ὁμοοΰσιον.

419 3513 453 3567 γ
480 3537 494 3553 .
570 3492 627 3548 Εἰ
698 3491 796 3566 μὲν
853 3492 941 3549 οὖν
983 3493 1071 3547 καὶ
1140 3512 1223 3548 σοι
1278 3500 1441 3548 ταῦτα
1497 3488 1761 3570 συνδοκεῖ,
1834 3492 1984 3546 τινῶν

334 3574 515 3633 ἄλλων
561 3577 735 3657 λόγων
793 3582 868 3645 εἷς
920 3580 1019 3648 τὴν
1073 3585 1173 3646 τῆς
1228 3577 1476 3659 διαφορᾶς
1529 3580 1862 3646 κατασκευὴν
1904 3579 1980 3653 μὴ

285 3659 292 3665 ’
335 3662 607 3741 δεόμενος,
665 3669 877 3726 αὓτόθεν
929 3670 1031 3727 ὑπὸ
1084 3675 1176 3725 τοῦ
1258 3667 1548 3747 ληφθέντος
1601 3667 1653 3732 ἐξ
1695 3667 1981 3746 ἀνθρώπων

332 3755 473 3827 ἡμῖν
528 3755 949 3834 παραδείγματος
1029 3755 1262 3833 λάμϐανε
1342 3757 1437 3827 καὶ⁴
1500 3758 1562 3813 τὸ
1640 3763 1851 3830 Πνεῦμα
1919 3756 1980 3813 τὸ

331 3842 510 3920 ἅγιον,
570 3847 704 3901 κατᾶ
754 3847 850 3920 μὲν
892 3849 953 3902 τὸ
994 3850 1122 3924 πρὸς
1179 3847 1269 3902 τὸν
1328 3847 1448 3901 rte”
1520 3845 1824 3926 σύμμορφον
1883 3851 1980 3913 τῆς

333 3933 499 4001 αὗτῆς
563 3937 639 4011 τῷ
710 3940 814 4010 Υἱῴ
872 3936 1233 4016 θεολογεῖσθαι
1298 3935 1499 4009 οὔσίας,
1562 3939 1649 3993 καὶ
1705 3937 1978 4016 ἀντιστρέ-

336 4043 451 4099 φειν
494 4022 591 4091 τὴν
646 4025 821 4105 ῥῆσιν,
878 4029 950 4089 ὡς
1020 4028 1107 4082 καὶ
1175 4028 1266 4082 τὸν
1338 4027 1455 4081 Υἱὸν
1513 4030 1610 4091 τῆς
1669 4024 1830 4092 αὒτῆς
1905 4029 1981 4098 τῷ

339 4115 601 4186 Πνεῦματι
658 4112 898 4192 λέγεσθαι
931 4133 948 4151 ⁸
1018 4115 1151 4171 κατᾶ
1233 4113 1287 4169 δὲ
1358 4116 1418 4170 τὸ
1490 4120 1719 4193 φυσικῶς
1776 4114 1863 4170 καὶ
1920 4115 1980 4170 οὐ

338 4208 636 4266 ποιητικῶς
708 4205 941 4259 αἰτιατὸν
1037 4203 1088 4268 ἐξ
1171 4207 1313 4278 Υἱοῦ,
1389 4203 1622 4260 τουτέστι
1705 4201 1773 4259 δι’
1859 4205 1979 4262 Υἱοῦ

336 4288 499 4345 εἶναι.
542 4291 686 4362 αὐτὸ,
733 4290 794 4347 ἐκ
846 4297 942 4361 τῆς
1011 4300 1105 4349 τοῦ
1162 4295 1282 4348 Υἱοῦ
1334 4294 1694 4369 θεολογεῖσθαι
1766 4293 1973 4357 οὒσέας,

334 4378 424 4432 καὶ
485 4379 580 4445 τὴν
631 4380 784 4457 ῥῆσιν
868 4383 944 4451 μὴ
1019 4379 1405 4460 ἀντιστρέφει-ι,
1486 4382 1578 4436 Καὶ
1632 4379 1767 4437 οῦτω
1819 4391 1977 4439 ταῦτι

334 4465 623 4540 λαμϐάνων
703 4471 799 4539 τῆς
851 4472 1056 4538 πλάνης
1131 4470 1464 4530 ἀπαλλάττου
1549 4474 1750 4533 καλῶς.
1826 4474 1881 4530 Εἰ
1924 4472 1978 4527 δέ

2066 1975 2286 2039 dictum
2311 1978 2423 2039 hoc
2455 1977 2711 2041 vicissim
2741 1979 3272 2059 vertiturznamque
3303 1978 3572 2058 ejusdem
3603 1995 3705 2041 es-

2066 2065 2269 2128 sentia;
2299 2065 2542 2129 Paulum
2566 2086 2703 2129 cum
2726 2067 3242 2145 l’etro,etPetrum
3266 2066 3411 2129 item
3436 2067 3705 2147 ejusdem

2067 2171 2199 2215 cum
2251 2155 2427 2217 Paulo
2459 2156 2736 2238 dicimus,
2769 2156 3014 2218 nomina
3058 2157 3529 2237 reciprocantes,
3571 2174 3702 2217 cum

2067 2262 2240 2305 unam
2268 2247 2612 2307 eorumdem
2633 2247 2950 2308 essentiam
2976 2246 3302 2308 secundum
3325 2244 3587 2327 speciem
3609 2244 3706 2307 in-

2065 2332 2356 2396 dicamus.
2389 2334 2464 2397 At
2494 2334 2552 2395 in
2584 2336 2741 2397 dicto
2770 2335 2909 2412 alio,
2941 2353 3059 2416 quo
3089 2334 3513 2406 asserimus,ex
3545 2333 3707 2398 Petri

2068 2421 2329 2483 essentia
2362 2420 2609 2484 Paulum
2635 2423 2961 2499 esse,Pauli
2989 2431 3319 2504 parentem,
3352 2422 3404 2485 si
3436 2422 3516 2485 ita
3539 2421 3703 2485 obti-

2064 2510 2216 2587 gerit
2245 2510 2974 2591 esse.notamus.Namque
3002 2513 3054 2574 si
3082 2511 3141 2573 id
3173 2530 3292 2573 non
3324 2519 3707 2592 esset,neque

2064 2616 2134 2659 ex
2165 2599 2322 2660 Petri
2353 2600 2608 2662 essentia
2652 2599 2867 2662 Paulus
2914 2618 3175 2681 unquam
3210 2599 3536 2662 diceretur.
3571 2597 3701 2673 Quo

2063 2685 2208 2747 item
2257 2687 2526 2749 invenies
2561 2688 2815 2751 indicari
2841 2686 3109 2769 Paulum,
3152 2705 3368 2769 nempe
3396 2687 3698 2766 effectum,

2059 2791 2128 2836 ex
2159 2777 2338 2839 Petro
2371 2777 2460 2838 sui
2482 2795 2659 2839 causa
2679 2778 3016 2857 esse,cujus
3046 2794 3165 2839 non
3198 2776 3282 2838 uti
3311 2775 3489 2839 unius
3510 2794 3581 2839 ex
3600 2775 3697 2858 iis,

2057 2882 2191 2944 quae
2220 2874 2463 2927 externa
2487 2865 2872 2935 sunt,factitia
2904 2883 3328 2946 nempe,causa
3351 2869 3557 2927 Petrus
3587 2883 3697 2927 na-

2060 2960 2189 3013 tura
2214 2972 2320 3015 sna
2352 2954 2575 3025 est,sed
2602 2955 2868 3034 ejusdem
2903 2954 3176 3016 essentiaa
3206 2952 3695 3025 eﬁectus,unius-

2058 3059 2174 3120 que
2205 3052 2427 3104 naturae
2455 3061 2587 3104 cum
2622 3042 2714 3103 sui
2754 3061 2931 3104 causa
2989 3040 3283 3105 factus.Et
3331 3039 3555 3102 dictum
3587 3041 3699 3103 hac

2059 3130 2285 3191 ratione
2315 3141 2669 3209 conceptum
2694 3150 2811 3192 non
2842 3131 3225 3210 convertitur,
3257 3136 3315 3191 et
3344 3129 3406 3193 in
3435 3130 3549 3190 hoc
3568 3128 3698 3191 dis-

1995 3248 2036 3300 c
2063 3220 2289 3279 crimen
2320 3217 2682 3280 dividentem
2716 3218 3052 3298 comperies
3078 3216 3515 3296 eamdem,quze
3544 3215 3704 3279 inter

2060 3306 2298 3368 Petrum
2329 3314 2388 3368 et
2412 3307 2656 3369 Paulum
2689 3314 2800 3388 est,
2826 3316 3121 3381 naturam,
3155 3312 3218 3366 nt
3250 3304 3397 3366 mihi
3447 3303 3701 3381 videtur,

2060 3396 2227 3458 hisce
2258 3395 2491 3457 duobus
2523 3396 2696 3458 dictis
2739 3414 3113 3478 expressum.

2142 3482 2376 3556 3.Quod
2410 3484 2462 3545 si
2492 3485 2617 3547 haec
2641 3487 2847 3548 eadem
2880 3493 2939 3547 tu
2967 3503 3203 3568 quoque
3234 3481 3554 3564 probas,ad
3577 3501 3710 3544 cor-

2068 3573 2474 3634 roborandum
2507 3575 2617 3636 hoc
2649 3574 2997 3650 discrimen,
3021 3575 3131 3635 alis
3159 3570 3490 3634 rationibus
3517 3578 3575 3634 et
3603 3588 3706 3633 ar-

2062 3663 2358 3743 gumentis
2387 3662 2771 3746 omissis,hoc
2798 3683 2866 3726 ex
2900 3662 3242 3726 hominibus
3263 3663 3576 3741 desumpto
3602 3678 3709 3742 per

2065 3770 2173 3812 nos
2196 3751 2465 3832 exemplo
2500 3759 3003 3822 tenelo.sanctum
3037 3751 3214 3813 etiam
3243 3748 3529 3830 Spiritum
3559 3767 3705 3827 pro-

2066 3849 2194 3919 pter
2225 3858 2400 3900 unam
2435 3859 2566 3901 cum
2609 3840 2757 3903 Filio
2814 3842 3061 3902 formam
3092 3839 3361 3920 ejusdem
3393 3856 3528 3900 cum
3558 3837 3707 3899 Filio

2063 3929 2409 3989 substantia;
2439 3928 2706 4001 decerni,
2741 3940 2799 3991 et
2823 3929 3042 3991 dictum
3084 3931 3201 3991 hoc
3231 3925 3613 4007 contraverti,
3646 3935 3710 3988 ut

2060 4017 2246 4079 Filius
2276 4036 2507 4098 quoque
2539 4020 2808 4098 ejusdem
2842 4038 2973 4080 cum
2994 4016 3219 4099 Spiritu
3247 4015 3522 4077 essentia:
3550 4033 3708 4076 asse—

2061 4114 2261 4182 ratur;
2294 4107 2396 4167 sed
2428 4108 2756 4169 secundum
2791 4106 3122 4169 naturalem
3166 4115 3224 4167 et
3255 4123 3371 4165 non
3422 4102 3706 4165 factitium

2063 4196 2334 4256 eﬂ‘ectum
2373 4214 2439 4256 ex
2466 4198 2753 4269 Filio,hoc
2784 4212 2874 4257 est
2907 4214 3012 4274 per
3038 4195 3247 4258 Filium
3281 4210 3415 4254 esse
3444 4192 3609 4253 illum
3636 4210 3709 4254 ex

2063 4285 2197 4347 Filii
2225 4285 2484 4347 essentia
2513 4286 2885 4366 afﬁrmari,et
2917 4285 3141 4345 dictum
3169 4300 3283 4343 non
3317 4278 3702 4341 contraverti.

2061 4373 2131 4434 Et
2154 4378 2307 4435 hunc
2336 4375 2393 4435 in
2427 4377 2665 4435 modum
2699 4376 2822 4435 haec
2845 4371 3292 4452 concipiens,ab
3326 4370 3532 4429 errore
3556 4375 3708 4436 te,ut

2063 4463 2233 4522 decet
2267 4463 2566 4523 hominem
2600 4457 3264 4542 probum,libera.Quod
3283 4456 3332 4516 si
3357 4463 3705 4531 nugalorum

333 4576 396 4630 γε
466 4563 564 4623 τῆς
613 4566 716 4615 των
774 4560 1141 4637 ματαιολόγων
1198 4560 1333 4625 ἃπαξ
1390 4561 1628 4627 ἡττηθεὶς
1700 4549 3117 4646 φλυαρίας,ονειιιίιυιιυθηιίδιηιιυοιυεηηοῐηθηῐιι
3140 4546 3435 4607 rationum
3459 4547 3528 4604 ad
3558 4542 3707 4646 duos

334 4645 424 4699 καὶ
453 4710 459 4714 ν
485 4645 656 4723 λόγων
714 4656 818 4705 τῶν
874 4652 945 4713 εἰς
1002 4650 1330 4715 κατασέιευην
1387 4655 1490 4704 τῶν
1546 4650 1832 4727 εἰρημένων
1889 4648 1977 4706 δύο

2062 4640 2178 4718 jam
2203 4640 2394 4700 dictos
2416 4639 2623 4700 modos
2647 4639 2962 4720 proposita:
2984 4636 3154 4697 nobis
3178 4631 3702 4727 consubstantiali-

334 4733 547 4812 τρόπων
579 4742 675 4803 τῆς
703 4740 857 4812 ἡμῶν
904 4740 1123 4818 χρῄζεις
1182 4738 1613 4813 ὃμοουσιότητος.
1670 4738 1742 4792 ἵν’
1796 4737 1974 4794 ἐντεῦ-

333 4827 422 4880 θεν
452 4828 583 4903 πρὸς
626 4829 688 4882 τὸ
717 4825 958 4905 διαφορὸν
1004 4827 1224 4903 βεϐαίως
1281 4826 1554 4903 ὁδηγηθεὶς
1616 4832 1712 4893 τῆς
1770 4847 1827 4881 τε
1880 4825 1975 4882 λε-

333 4912 534 4989 γούσης
564 4913 791 4988 ῥήσεως,
817 4921 914 4982 τῆς
959 4920 1120 4982 αὒτῆς
1172 4920 1249 4987 τῷ
1316 4917 1418 4989 Υἱῴ
1462 4916 1519 4969 τὸ
1569 4920 1777 4972 Πνεῦμα
1833 4912 1974 4968 εἶναι

336 5001 538 5072 οὗσίας,
584 5001 699 5060 καθ’
734 5005 798 5072 ἢν
853 5008 914 5062 τὸ
971 5005 1149 5062 ἁπλῶς
1205 5005 1371 5059 αὐτῶν
1428 5003 1742 5076 σημαίνετκι
1773 5001 1974 5075 ὁμοού-

336 5110 476 5168 σιον,
509 5090 604 5157 τῆς
644 5113 701 5147 τε
773 5092 832 5148 ἐκ
885 5100 978 5150 τοῦ
1048 5094 1166 5149 Υἱοῦ
1214 5090 1473 5169 λεγούσης
1524 5087 1766 5166 προῖένκι
1800 5091 1977 5151 οΒσίας

336 5179 484 5248 αὐτὸ,
539 5178 654 5236 καθ’
708 5180 776 5249 ἣν
835 5184 896 5237 τὸ
951 5180 1034 5237 διὰ
1074 5188 1165 5237 τοῦ
1233 5181 1352 5237 Υἱοῦ
1395 5179 1672 5253 ὁμοούσιον
1746 5179 1976 5233 αἱτιατὺν

334 5263 585 5330 δηλοῦται
643 5269 823 5348 αὖτοὺ,
885 5270 1012 5347 πρὸς
1082 5266 1478 5335 ἀντιδιαστολὴν
1523 5272 1627 5320 τῶν
1684 5273 1977 5332 ποιητικῶς

337 5352 404 5410 δι’
484 5358 605 5416 Υἱοῦ
664 5359 934 5437 αἰτιατῶν,
993 5359 1100 5436 ἐγώ
1156 5381 1236 5415 σοι
1294 5359 1380 5414 γαὶ
1461 5356 1579 5417 τοὺς
1647 5357 1743 5420 τῆς
1808 5377 1977 5411 κατα-

337 5448 529 5513 σκευῆς
585 5446 670 5503 διὰ
738 5447 1010 5526 βραχέων,
1058 5451 1129 5516 di,-
1190 5448 1308 5504 οἶόν
1366 5466 1423 5500 τε
1477 5443 1664 5522 λόγους
1712 5441 1977 5522 παραδοῦ-

338 5558 418 5592 ναι
446 5536 540 5593 οὒκ
570 5536 881 5605 ἆποκνήσω.
946 5537 1041 5593 Καὶ
1096 5535 1249 5618 ᾅκουε
1304 5534 1392 5604 δή.
1459 5534 1514 5589 Εἰ
1572 5531 1734 5607 μηδὲν
1778 5554 1827 5589 τι
1872 5532 1983 5590 διέ-

336 5647 455 5706 φερε
509 5625 607 5693 τῆς
665 5623 833 5691 αῦτῆς
878 5625 1052 5687 οὖσίας
1109 5631 1186 5699 τῷ
1244 5624 1429 5703 Πάτρεμ
1482 5623 1573 5678 τὸν
1632 5621 1859 5696 tholo»,
1897 5626 1980 5680 καὶ

2063 4728 2194 4787 tatis
2250 4729 2616 4789 roborandos
2664 4728 2956 4808 exposcis,
2993 4734 3055 4786 ut
3084 4724 3223 4785 inde
3255 4732 3383 4783 cate
3429 4732 3486 4782 et
3515 4721 3705 4783 solide

2058 4817 2405 4878 discrimine
2435 4826 2869 4899 percepto,tum
2904 4817 3045 4878 dicti
3069 4809 3705 4891 asserentis,Spiritum

2058 4908 2266 4967 eadem
2300 4925 2431 4968 esse
2462 4926 2529 4968 ac
2564 4907 2773 4969 Filium
2807 4905 3211 4984 essen=ia,quo
3236 4900 3584 4982 simpliciter
3606 4916 3708 4961 eo-

2059 5013 2189 5056 rum
2214 5014 2329 5055 una
2357 5004 2564 5057 natura
2590 4995 2961 5075 exprimitur,
2997 5003 3116 5055 tum
3141 4990 3509 5063 affirmantis,
3535 4988 3703 5051 illum

2060 5101 2129 5142 ex
2160 5081 2295 5143 Filii
2333 5086 2588 5144 essentia
2614 5084 3032 5164 progredi,quo
3069 5099 3174 5162 per
3189 5079 3404 5142 Filium
3434 5077 3700 5159 ejusdem

2061 5171 2338 5234 essentia;
2372 5173 2623 5233 etfectus
2652 5172 2810 5233 illius
2841 5169 3243 5244 indicatur,ad
3258 5166 3700 5231 distinctionem

2062 5280 2291 5335 eorum,
2326 5280 2456 5341 quae
2503 5271 2639 5321 sunt
2667 5280 2774 5342 per
2810 5261 3024 5322 Filium
3058 5268 3333 5339 tanquam
3360 5276 3395 5319 a
3424 5259 3707 5318 Creatore

2065 5350 2484 5429 producta,ego
2544 5350 2651 5411 tibi
2685 5360 2744 5410 et
2774 5347 3141 5429 probationis
3199 5344 3567 5428 hujusmodi,
3621 5345 3707 5406 uti

2064 5437 2192 5498 ﬁeri
2231 5446 2436 5519 potest,
2472 5438 2732 5499 rationes
2762 5438 3000 5501 tradere
3032 5455 3150 5498 non
3171 5435 3481 5515 gravabor.
3505 5434 3585 5496 Et
3610 5441 3704 5495 at-

2066 5536 2261 5588 tentus
2291 5546 2468 5589 aures
2494 5526 2819 5608 porrige.Si
2850 5526 2994 5589 nihil
3022 5520 3704 5606 discreparet,ejusdem

2068 5618 2342 5681 essentiae
2372 5635 2505 5678 cum
2550 5618 2721 5679 Petro
2755 5618 2998 5681 Paulum
3030 5632 3189 5693 esse,
3243 5621 3300 5674 et
3346 5630 3416 5674 ex
3447 5609 3706 5674 essentia
