4178 6286
520 304 636 370 283

527 535 592 586 ut
622 529 695 586 ab
728 545 798 586 eo
831 527 1076 598 festuca,
1113 547 1242 607 qua!
1300 530 1351 584 ol
1374 527 1599 605 jicitur,
1633 533 1690 584 et
1721 525 1906 600 ipsam
1942 523 2166 582 trabem

526 624 859 694 exsuperat,
899 635 1002 694 per
1029 617 1243 676 idonea
1275 615 1410 676 fidei
1463 614 1738 687 dogmata
1769 629 2172 689 germanaque

531 703 823 778 dematur,
861 715 920 764 ut
985 725 1055 764 eo
1081 709 1201 784 jam
1237 724 1268 766 a
1301 703 1506 764 morbo
1541 701 1748 772 libero,
1781 711 1839 761 et
1870 701 1927 760 in
1963 699 2170 778 pristi-

534 811 670 851 num
701 802 913 852 statum
962 794 1238 854 restituto
1276 794 1475 852 lumen
1509 791 1842 870 splendeat,
1879 788 2174 848 teuebrm-

533 899 650 961 que
680 881 974 958 fugentur.
1010 883 1223 942 Verum
1251 883 1322 942 ad
1358 901 1504 960 (ιιιοκ
1533 899 1670 940 cuia
1703 879 1810 938 ista
1835 889 1889 937 et
1913 877 2173 954 diligen-

529 969 605 1029 tia
643 970 826 1044 magis
881 971 1228 1041 pertinebit,
1288 988 1461 1048 quam
1503 969 1570 1029 ad
1605 987 1710 1027 uos
1746 969 1926 1046 ipsos,
1959 967 2176 1035 quibus

533 1058 916 1119 miseratione
948 1059 1053 1120 Dei
1091 1059 1323 1120 Patrum
1361 1061 1570 1120 horum
1603 1056 2034 1117 administratio
2067 1057 2176 1115 de-

532 1147 803 1207 mandata
835 1156 945 1218 est,
981 1167 1214 1208 necnon
1251 1149 1378 1208 alim
1407 1167 1614 1206 omnes
1646 1146 1972 1204 (livmarum
2001 1147 2176 1205 Litte-

529 1252 726 1295 rarum
761 1245 814 1296 et
850 1238 1088 1297 Patrum
1125 1237 1496 1314 traditiones,
1531 1244 1590 1293 ut
1623 1247 1894 1314 tanquam
1933 1231 2176 1308 legitimi

530 1322 666 1396 ﬁlii,
702 1333 1082 1402 paternorum
1117 1332 1606 1382 testamentorum
1641 1320 2176 1400 deprava'ioue,vel

535 1413 734 1491 potius
783 1413 1126 1472 bmredilate
1205 1413 1278 1473 ab
1349 1412 1468 1472 illis
1539 1411 1710 1471 nobis
1771 1410 2175 1489 provenit-nte,

531 1519 741 1578 magna
797 1503 1074 1581 equidem
1131 1501 1536 1579 co:.tinuoque
1607 1501 1904 1560 duratura.
1960 1500 2178 1578 injuste

528 1589 790 1661 si-oliati,
849 1608 1228 1670 summopere
1286 1591 1682 1660 indoleamus,
1735 1598 1790 1649 et
1849 1606 2030 1662 super
2061 1589 2178 1652 illis

533 1677 926 1756 potissimum,
964 1679 1022 1738 in
1051 1680 1270 1756 quibus
1305 1679 1466 1758 pacis
1492 1677 1866 1755 pulchritudo
1899 1677 2173 1756 resplen-

1579 302 1847 368 JOANN.
1881 299 2104 367 VECCI
2139 300 2253 363 GP.
2285 301 2822 370 PATRIARCHJE.

523 444 632 516 est,
665 437 750 497 uti
807 437 938 498 ﬁeri
998 444 1218 512 potest,
1247 438 1631 514 Studiumque
1671 433 2162 514 impendendum,

2259 433 2529 509 ὃλομελείᾳ
2606 445 2697 494 τοῦ

3771 303 3894 370 284

2793 439 3039 512 σώματος
3121 438 3479 512 ἆποκαθιστᾷν
3519 458 3530 470 ·
3609 438 3751 496 οὕτω
3812 438 3902 493 καὶ

2250 530 2432 581 τοῦτον
2483 523 2622 590 ἄξιον
2677 531 2894 584 καθοσον
2935 529 3052 586 οἷόν
3090 551 3148 586 τε
3191 531 3673 605 περικοποιεῗσθαι,
3723 527 3905 582 καὶτὸ

2251 615 2567 691 φαινόμενον
2609 617 2707 692 μὲν
2761 619 2986 698 κάρφος,
3055 615 3382 696 ὑπερϐάλλον
3452 615 3507 673 δὲ
3576 617 3663 673 καὶ
3736 615 3902 681 αὒτὴν

2252 705 2348 766 τὴν
2397 699 2574 782 δοκὸν,
2665 704 3050 784 ὗπεξαιρεῒσθαι
3147 705 3232 762 διά
3309 707 3372 762 τὸ
3439 710 3546 761 τῶν
3615 701 3903 782 δογμήτων

2253 787 2563 868 ἆξιοπρεπὲς
2620 795 2707 849 καὶ
2764 794 3059 868 ἀνόθευτον,
3133 796 3206 857 ὡς
3271 791 3334 850 ἂν
3389 793 3712 871 ὑγιαίνοντος
3773 788 3902 847 τού-

2253 897 2362 934 του.
2411 880 2498 934 καὶ
2553 883 2725 946 καθὼς
2780 881 2848 949 ἦν
2930 883 3420 956 ἆποκαταστάντος,
3489 883 3548 938 τὸ
3603 883 3717 960 φῶς
3776 878 3903 935 ἔπι-

2257 960 2444 1041 λέμπῃ
2489 970 2575 1024 καὶ
2630 973 2664 1038 ἡ
2719 971 2929 1026 σκοτεία
2999 969 3277 1036 διώκηται.
3337 973 3450 1028 Τίσι
3493 967 3538 1026 δ’
3595 967 3656 1026 ἂν
3719 966 3904 1029 ἄλλοις

2257 1053 2350 1118 τῆς
2411 1059 2656 1124 τοιαύτης
2754 1057 3004 1134 μελήσειε
3094 1061 3488 1138 περιποιήσεως
3568 1058 3606 1126 ἢ
3689 1056 3906 1118 πάντως

2257 1140 2392 1214 ἡμῖν
2441 1159 2558 1208 τους
2613 1145 2668 1202 ἐν
2721 1168 2798 1219 τῳ
2825 1147 2960 1204 ἐλέει
3001 1155 3096 1204 τοῦ
3144 1151 3248 1204 τνῦν
3301 1149 3544 1227 Πατέρων
3588 1151 3745 1219 Θεοῦ,
3805 1145 3906 1211 τὴν

2257 1237 2363 1284 τὼν
2419 1234 2674 1290 τοιούτων
2743 1237 3038 1312 οἰκονομίαν
3100 1234 3353 1316 λαχοῦσι,
3412 1239 3498 1294 καὶ
3549 1235 3629 1317 ἐφ’
3690 1233 3904 1312 ἑτέραις

2261 1319 2489 1384 ἁπάσαις
2583 1339 2866 1403 γραφικαϊς
2961 1347 3020 1381 τε
3101 1331 3188 1381 καὶ
3257 1339 3540 1404 πατρικαῖς
3595 1321 3905 1401 παραδόσε-

2260 1429 2364 1486 σιν,
2421 1411 2495 1475 ὡς
2549 1409 2612 1467 ἂν
2679 1415 2779 1470 υἱοὶ
2861 1415 3162 1492 φαινώμεθα
3217 1415 3424 1492 γνήσιοι
3490 1420 3596 1468 τῶν
3637 1409 3905 1489 πατρῴων

2257 1494 2521 1564 διαθηκῶν
2647 1503 3203 1584 παραχαραττομένων
3317 1500 3762 1582 ὑπεραλγοῦντες,
3869 1495 3906 1564 ἢ

2261 1585 2461 1660 μᾶλλον
2531 1591 2684 1663 ἡμῶν
2753 1591 2952 1648 ἑαυτῶν
3004 1589 3380 1669 ἂδικουμὲνων,
3405 1593 3504 1658 τὴν
3553 1587 3642 1645 ἀπ’
3687 1586 3908 1644 ἐκείνων

2264 1673 2615 1752 κληρονομίαν
2676 1681 2773 1746 τὴν
2858 1679 3098 1758 μεγάλην
3154 1680 3316 1744 ὄντως
3369 1679 3456 1734 καὶ
3495 1678 3574 1733 ἀεὶ
3615 1674 3905 1750 διαμενουο

530 1751 652 1842 det,
692 1783 750 1830 et
810 1751 1209 1830 Ecclesia'rum
1271 1751 1678 1830 reconcilia=io
1732 1751 2089 1850 roboravit;
2121 1777 2175 1829 et

2260 1751 2378 1834 σαν,
2425 1763 2608 1838 πολλῷ
2630 1763 2685 1822 δὲ
2726 1751 2887 1823 πλέον
2919 1751 2998 1848 ἐρ’
3055 1768 3150 1829 αἶς
3219 1768 3282 1824 τὸ
3309 1773 3406 1834 τῆς
3437 1768 3648 1846 εἰρήνης
3677 1761 3908 1837 ἐπιλάμ-

530 1859 784 1919 maxime
838 1859 889 1918 si
945 1859 1344 1921 inverecunde
1373 1859 1491 1920 illa;
1537 1867 1595 1918 et
1658 1857 1884 1936 perﬁde
1945 1870 2175 1934 pertra-

2260 1871 2346 1906 πει
2405 1851 2568 1908 καλὸν
2647 1857 2734 1911 καὶ
2776 1862 2812 1924 ἡ
2865 1863 2970 1912 τῶν
3030 1855 3360 1922 Ἐκκλησιῶν
3429 1853 3743 1930 καταλλαγὴ
3814 1851 3904 1908 ἐν·

526 1953 800 2016 ctantur;
835 1955 896 2007 ut
956 1955 1134 2008 multa
1189 1948 1539 2027 contingunt
1600 1966 1631 2006 a
1662 1945 2040 2026 quihusdam,
2076 1942 2174 2024 qui

2262 1942 2500 2020 ισχύεται
2533 1959 2550 1974 ⁹
2595 1945 2680 2000 καὶ
2737 1951 2982 2002 τοσοῦτον
3039 1943 3194 2018 ἴσως,
3257 1943 3382 2001 ὅσον
3437 1945 3524 2000 καὶ
3573 1952 3905 2020 κακουργεῖ·-

530 2035 838 2096 veritatem
873 2035 1243 2116 discerpunt,
1305 2055 1409 2116 pro
1443 2035 1692 2095 lilmline
1749 2034 1899 2094 adeo
1954 2034 2175 2094 immu-

2263 2034 2379 2087 σθαι
2421 2033 2613 2096 ταύτας
2649 2047 2664 2063 ⁶
2725 2037 2800 2098 ὡς
2867 2034 2933 2094 τὰ
2986 2033 3162 2090 πολλα
3215 2031 3488 2108 συμϐαίνει
3543 2031 3684 2109 παρὰ
3743 2049 3905 2088 τινων

532 2129 734 2198 tatam,
773 2132 838 2183 ut
881 2143 998 2184 non
1053 2133 1282 2186 tantum
1343 2125 1586 2204 impune
1618 2124 1830 2184 veritas
1862 2124 2020 2182 omni
2050 2141 2175 2183 sce-

2260 2119 2360 2185 τὴν
2415 2120 2664 2189 ἀλήθειαν
2722 2123 3146 2201 σπαραττύντων,
3198 2121 3626 2198 μεταποιούντων
3713 2119 3898 2184 αὐτὰς,

529 2213 655 2274 lere
703 2213 1024 2290 laceretur,
1077 2214 1178 2274 sed
1240 2213 1371 2292 ﬂagi
1406 2213 1526 2272 ium
1589 2213 1779 2291 ipsum
1837 2230 1904 2271 ex
1957 2211 2178 2270 divinis

527 2318 762 2381 quoque
801 2299 1041 2363 Litteris
1087 2299 1272 2360 robur
1314 2298 1845 2378 auctoritatemque
1901 2299 2172 2377 accipiat,

525 2387 750 2461 Quodsi
780 2397 838 2449 et
888 2390 1313 2468 Nyss-aensium
1345 2389 1544 2449 lumen
1587 2387 1908 2465 injuriaa,v-t
1941 2388 2056 2446 ﬁde
2087 2387 2171 2446 di-

527 2495 678 2556 gnus
707 2476 860 2537 liber
889 2477 1292 2556 antiquusque
1313 2475 1718 2556 depravationi
1757 2474 2048 2536 obnoxius
2072 2475 2172 2548 ﬁt;

528 2574 810 2646 quantum
843 2565 900 2624 id
951 2566 1126 2626 addat
1155 2567 1227 2626 ad
1259 2565 1439 2626 animi
1470 2563 1905 2643 aegritudinem,
1943 2564 2176 2623 animas

527 2653 688 2733 ipsas
745 2652 1198 2726 eﬁundentium,
1252 2673 1327 2714 ne
1380 2653 1618 2734 aliquod
1654 2651 1998 2713 scandalum
2031 2652 2175 2712 reli—

527 2759 709 2822 quum
741 2740 836 2813 sit,
893 2742 1048 2821 quod
1111 2742 1566 2803 ecclesiasticam
1605 2759 1808 2821 pacem
1843 2740 2177 2820 impediat?

527 2829 809 2902 Quaenam
845 2849 1049 2890 rursus
1077 2831 1384 2909 diligentia
1411 2831 1756 2890 inteneanda
1788 2838 1898 2897 est,
1933 2839 1990 2890 et
2021 2848 2173 2910 qua-

532 2935 668 2981 nam
695 2917 926 2978 ratione
989 2923 1352 2999 conandum,
1401 2928 1461 2980 ut
1493 2929 1704 2980 veritas
1736 2918 1926 2979 libere
1955 2925 2012 2979 et
2042 2938 2174 2978 cum

531 3007 749 3068 ﬁducia
781 3017 1082 3086 appareat,
1115 3009 1496 3088 futurumque
1534 3009 1590 3068 in
1627 3017 1853 3086 tempus
1885 3008 2176 3068 securita—

2262 2209 2390 2285 πρὸς
2448 2209 2577 2288 ὅπερ
2628 2211 2716 2267 καὶ
2785 2210 3085 2286 βούλονται,
3131 2211 3220 2267 ἵνα
3267 2211 3344 2286 μὴ
3413 2211 3572 2286 μόνον
3625 2207 3902 2264 ἀνεύθυνον

2256 2295 2292 2372 ᾗ
2335 2297 2397 2352 τὸ
2452 2302 2569 2376 περὶ
2625 2300 2686 2355 τὸ
2737 2298 2932 2367 ἀληθὲς
2986 2300 3304 2378 ἁμαρτάνειν
3373 2303 3584 2372 αὐτοῖς,
3629 2294 3772 2353 ἀλλὰ
3815 2294 3906 2350 καὶ

2257 2384 2318 2440 ἐκ
2358 2387 2464 2440 τῶν
2523 2389 2672 2445 θείων
2731 2394 2948 2468 Γραφῶν
3027 2387 3300 2466 λογζηται
3369 2387 3901 2468 ίσχυροποιούμενον.

2260 2474 2318 2530 Εἰ
2371 2471 2427 2530 δὲ
2467 2476 2552 2530 καὶ
2609 2478 2636 2531 ὁ
2679 2479 2784 2532 τῶν
2832 2475 3112 2535 Νυσσαέων
3180 2477 3398 2556 φωστὴρ
3467 2477 3496 2532 ὁ
3557 2472 3904 2546 ἆδικοῦμενός

2260 2561 2393 2637 ἐστι,
2450 2565 2536 2620 καὶ
2566 2563 2866 2630 ἀξιόπιστος
2921 2564 3097 2643 βίϐλος
3151 2567 3240 2622 καὶ
3292 2563 3518 2643 παλαιὰ,
3569 2565 3606 2632 ἡ
3660 2565 3902 2619 παθοῦσα

2256 2652 2357 2718 τὴδ
2397 2651 2783 2732 παραχέραξιν,
2855 2655 3044 2711 ὁποῖον
3097 2660 3274 2724 τοῦτο,
3345 2655 3420 2716 εἷς
3477 2651 3665 2720 ὀδύνην
3719 2649 3904 2730 ψυχῆς

2255 2753 2376 2802 τοῖς
2443 2742 2785 2820 προϊεμένοις
2869 2745 2957 2799 καὶ
3011 2743 3168 2806 αὐτὰς
3222 2743 3318 2804 τὰς
3365 2741 3568 2822 ψυχὰς,
3627 2739 3764 2817 ὑπὲρ
3816 2743 3908 2794 τοῦ

2345 2827 2392 2860 θλ
2485 2832 2497 2848 ρ
2706 2845 2732 2858 ,
3018 2833 3029 2845 ι
3161 2832 3174 2849 ι
3697 2829 3712 2848 \
3855 2829 3869 2850 ν

2259 2849 2423 2905 μηοεν
2479 2831 2878 2912 υπολελειφθαι,
2960 2829 3045 2888 δια
3120 2854 3220 2912 την
3308 2830 3763 2900 ἐκκλησιαστικην
3829 2849 3902 2884 ει-

2261 2919 2450 2998 ρήνην,
2503 2917 2685 2994 μεδενὶ
2745 2911 3056 2980 σκάνδαλον.
3118 2911 3330 2978 Ὀποίαν
3398 2917 3452 2974 δὲ
3517 2917 3676 2976 πάλιν
3763 2937 3904 2997 πρα-

2259 3007 2580 3085 γματευτέον
2611 3009 2706 3076 τὴν
2736 3007 3066 3084 ἐπιμέλειαν,
3115 3009 3204 3065 καὶ
3235 3007 3380 3074 ὅπως
3423 3004 3800 3081 σπουδαστέον,
3833 3005 3904 3066 ὡς

532 3104 649 3157 tem
683 3095 1004 3156 obtineat?
1033 3098 1286 3158 Prorsus
1319 3115 1491 3176 quam
1528 3099 1804 3168 maxima,
1853 3105 1914 3158 et
1943 3097 2174 3175 qualem

2261 3096 2321 3152 ἂν
2363 3098 2424 3153 τὸ
2492 3096 2684 3164 ἄληθες
2716 3100 2836 3166 -τὴν
2885 3099 3176 3177 παρῥησίαν
3237 3092 3368 3178 ἔχῃ,
3423 3097 3512 3154 καὶ
3564 3097 3626 3152 τὸ
3671 3092 3906 3174 ἀσφαλὲς

531 3201 644 3249 nos
701 3185 954 3246 addecet
1010 3184 1070 3245 in
1129 3185 1422 3246 similibus
1455 3205 1696 3264 ponere,
1732 3193 1790 3247 et
1823 3203 1924 3264 pro
1958 3185 2177 3245 viribus

532 3274 744 3336 effectu
804 3294 1038 3354 quoque
1093 3275 1221 3352 ipso
1283 3275 1594 3355 perﬁcere.
1627 3273 1954 3346 Quemnam
1983 3274 2178 3353 itaque

529 3379 868 3423 successum
901 3381 998 3424 res
1029 3363 1322 3443 habuerit,
1359 3378 1414 3423 et
1449 3365 1623 3443 quale
1658 3361 2040 3441 principium,
2066 3364 2179 3424 hoc

535 3459 734 3512 nostro
765 3469 1040 3512 sermone
1070 3451 1446 3532 apertissime
1476 3450 1856 3514 indicabitur.

610 3625 671 3686 2.
704 3623 834 3686 Jam
883 3625 1066 3687 divini
1123 3627 1398 3690 Numinis
1451 3645 1564 3707 ope
1597 3626 2002 3689 ecclesiastica
2035 3647 2180 3706 pace

536 3714 818 3793 perfecta,
884 3723 942 3774 et
997 3716 1314 3776 multorum
1348 3735 1642 3776 annorum
1679 3717 1960 3777 scandalo
1992 3717 2181 3796 gratia

535 3803 724 3863 sancti
779 3801 1033 3880 Spiritus
1089 3805 1426 3884 prapulsato
1485 3805 1822 3884 (oportebat
1876 3805 2032 3866 enim
2065 3805 2178 3867 ali-

533 3889 772 3970 quando
799 3891 1056 3952 similem
1090 3893 1403 3971 caliginem
1459 3894 1720 3966 dissolvi,
1758 3903 1814 3953 et
1845 3895 2181 3956 concordia:

538 3979 738 4040 lumen
773 3979 1146 4062 illucescere,
1180 3991 1238 4042 et
1290 4000 1360 4042 ex
1413 4001 1772 4060 supervacuo
1802 3983 1986 4043 Deum
2021 3983 2179 4062 pacis

533 4068 852 4136 devincire)
873 4069 1238 4131 debebamus
1260 4091 1366 4132 nos
1387 4071 1560 4132 etiam
1592 4091 1694 4151 pro
1719 4073 1941 4132 viribus
1974 4090 2176 4151 pacem

533 4177 910 4237 promovere,
971 4168 1027 4220 et
1061 4179 1127 4221 ex
1161 4163 1346 4222 sacris
1395 4161 1744 4240 Scripturis,
1779 4170 1836 4220 ut
1871 4160 2180 4221 videbatur

2261 3187 2322 3242 τὸ
2376 3185 2637 3243 εἷσέπειτα
2689 3187 2900 3251 πάντως
2959 3188 3236 3265 μεγίστην,
3301 3187 3386 3242 καὶ
3447 3184 3570 3242 οἵαν
3623 3184 3767 3248 εἰκὸς
3824 3180 3906 3238 ἐπὶ

2262 3274 2523 3330 τοιούτοισ
2574 3277 2718 3344 ἡμᾶς
2750 3275 3064 3351 ἐκπονῆσαι,
3117 3278 3206 3332 καὶ
3253 3275 3388 3332 κατὰ
3430 3275 3491 3330 τὸ
3518 3271 3733 3330 δυνατὸν
3789 3267 3906 3326 δια-

2263 3360 2570 3440 πράξασθαι.
2662 3362 2850 3428 ’Ὀπως
2917 3364 3091 3422 τοίνυν
3167 3362 3392 3442 προέϐη,
3450 3363 3539 3420 καὶ
3600 3361 3722 3418 οἵαν
3780 3359 3906 3438 ἔσχε

2261 3450 2360 3517 τὴν
2393 3452 2898 3532 καταρχὴνηαὺτὸς
2957 3455 2986 3510 ὁ
3015 3451 3192 3532 ,λόγος
3235 3453 3438 3532 προϊὼν
3479 3449 3707 3518 δηλώσει
3739 3447 3904 3525 σαφέ-

2263 3561 2450 3597 στατα.

2342 3617 2418 3703 β’.
2468 3615 2503 3639 ﬂ
2547 3627 2658 3694 Ηδη
2691 3629 2789 3703 μὲν
2845 3631 2938 3686 σὺν
2981 3639 3096 3705 Θεῴ
3139 3635 3244 3710 τῆς.
3281 3627 3726 3698 ἐκκλησιαστικῆς
3752 3622 3906 3682 τελε-

2264 3717 2471 3782 σθείσης
2529 3717 2763 3794 εἰρήνης,
2823 3721 2910 3776 καὶ
2993 3728 3084 3778 τοῦ
3129 3719 3410 3784 πολυετοῦς
3466 3713 3757 3773 σκανδάλου
3810 3715 3903 3768 ὲκ-

2263 3802 2436 3859 ποδὼν
2465 3805 2744 3882 γεγονότος
2781 3815 2850 3884 τῇ
2906 3816 2998 3865 τοῦ
3053 3811 3356 3882 Πνεύματος
3401 3808 3606 3887 χάριτι,
3648 3801 3778 3880 (ἔδει
3809 3801 3905 3879 γὰρ

2263 3914 2389 3948 ποτε
2434 3894 2532 3960 τὴν
2601 3896 2849 3964 τοιαύτην
2913 3897 3216 3966 διαλυθῆναι
3260 3898 3633 3972 σκοτύμαιναν,
3707 3893 3795 3948 καὶ
3843 3891 3904 3944 τὸ

2257 3987 2357 4048 τῆς
2401 3983 2646 4056 ὁμονοίας
2701 3983 2999 4061 ἐπιλάμψαι
3055 3989 3192 4068 φῶς,
3237 3987 3326 4042 καὶ
3369 3983 3544 4060 πολλῇ
3581 3989 3647 4060 τῇ
3690 4001 3902 4059 περιου-

2260 4069 2346 4142 σία
2375 4073 2462 4124 τὸν
2492 4076 2589 4136 τῆς
2653 4073 2864 4149 εἰρήνης
2905 4079 3118 4141 νικήσαι
3151 4073 3330 4152 Θεὸν),
3375 4073 3440 4140 ἧν
3485 4071 3580 4146 μὲν
3609 4073 3745 4146 ἡμῖν
3801 4088 3902 4122 κα-

2259 4158 2413 4214 θόσον
2468 4159 2588 4215 οἶόν
2632 4181 2688 4215 τε
2742 4163 3067 4240 συναίρεσθαι
3123 4169 3192 4240 τῇ
3220 4163 3424 4239 εἰρήνῃ,
3459 4162 3546 4217 καὶ
3587 4163 3647 4216 ὲκ
3687 4160 3902 4238 Γραφῶν

535 4259 1068 4328 peropportunum,
1131 4269 1260 4311 eam
1320 4252 1726 4326 constabilire,
1765 4271 1838 4312 ne
1869 4269 1940 4312 ex
1973 4259 2175 4310 ventre.

2263 4247 2446 4324 ἁγίων,
2480 4248 2652 4311 καθὼς
2695 4251 2780 4305 καὶ
2833 4252 2902 4316 ἦν
2952 4251 3115 4326 ἄξιον,
3177 4251 3340 4318 αὖτήν
3389 4255 3651 4322 συνιστᾷν,
3685 4246 3776 4301 ἵνα
3827 4241 3901 4320 μὴ

532 4337 694 4417 loqui
743 4337 1249 4414 insimularemur,
1304 4340 1409 4401 sed
1475 4359 1542 4400 ex
1603 4341 1947 4402 ﬂuminibus
1995 4359 2026 4398 a
2059 4339 2175 4400 Deo

2263 4338 2324 4389 ὲκ
2390 4335 2592 4399 κοιλίας
2636 4334 2878 4416 λὲγοντες
2926 4339 3302 4419 ἐλεγχοίμεθα,
3372 4337 3490 4394 ἀλλ’
3539 4340 3597 4394 ἒν
3652 4337 3902 4410 ποταμῶν

533 4427 772 4506 paratis,
834 4435 892 4486 et
921 4427 1226 4489 ventribus
1257 4428 1382 4489 viva
1426 4447 1576 4509 aqua
1609 4428 1875 4508 repletis.
1908 4427 2175 4505 Quapro-

2264 4426 2651 4502 θεοκροτήτων,
2731 4431 2818 4486 καὶ
2899 4429 3114 4488 κοιλιῶν
3193 4437 3385 4502 ζῶντος
3470 4425 3898 4506 πεπληρωμένων

535 4522 664 4594 pter
695 4533 850 4576 nunc
885 4517 1036 4576 hanc
1093 4517 1273 4592 viam,
1335 4507 1494 4579 nunc
1525 4507 1707 4588 illam,
1736 4517 1885 4577 alias
1917 4517 2092 4576 aliam
2130 4529 2175 4578 et

2267 4511 2474 4578 ὕδατος.
2553 4507 2590 4538 ν
2633 4521 2762 4574 Οθεν
2815 4521 2900 4576 καὶ
2933 4523 3017 4575 νῦν
3073 4521 3168 4596 μὲν
3199 4521 3414 4594 ταύτην,
3463 4527 3549 4576 νῦν
3580 4517 3633 4574 δὲ
3673 4519 3897 4584 ὲκείιην,

538 4619 784 4682 prorsus
818 4605 1121 4666 universas
1153 4607 1213 4667 in
1269 4607 1432 4669 auris
1473 4607 1860 4686 obsequentis
1892 4606 2175 4674 auditum,

2272 4601 2450 4658 ἄλλοτ’
2497 4604 2688 4684 ἄλλην,
2749 4611 2836 4664 καὶ
2893 4607 3214 4674 ἁπαξαπλῶς
3269 4609 3497 4683 ἁπάσας,
3573 4611 3646 4670 εἰς
3741 4604 3899 4667 ἀκοήν

533 4690 781 4770 singulis
809 4693 932 4754 fere
961 4694 1170 4756 diebus
1228 4696 1658 4775 dirigebamus,
1692 4695 1892 4755 divina
1939 4693 2175 4754 miseri-

2274 4691 2428 4750 ὠτίου
2485 4693 2790 4774 δεχόμενοι,
2855 4698 3180 4774 εὖοδούμενοι
3236 4699 3351 4756 καθ’
3391 4699 3620 4766 ἑκάστην
3647 4697 3782 4772 ἦμεν
3829 4698 3900 4765 τῷ

537 4780 740 4840 cordia
775 4781 846 4842 ad
893 4783 1015 4862 jam
1077 4784 1399 4864 perfectam
1462 4803 1691 4864 pacem,
1733 4792 1790 4844 et
1842 4785 1972 4843 aliis
2023 4783 2171 4844 viam

2259 4794 2352 4842 τοῦ
2407 4792 2540 4842 Θεοῦ
2593 4787 2724 4861 ἐλέῳ
2779 4791 2909 4868 πρὸς
2962 4789 3058 4856 τὴν
3120 4789 3454 4846 τελεσθεῖσαν
3527 4789 3759 4868 εἰρήνην,
3818 4781 3898 4838 καὶ

533 4869 895 4947 aperientes.
951 4871 1020 4932 Et
1071 4873 1207 4934 licet
1239 4875 1394 4934 inter
1425 4891 1458 4934 e
1485 4892 1526 4932 ~s
1557 4873 1630 4933 ob
1661 4873 1916 4952 aliqurm
1957 4882 2172 4933 metum

535 4955 891 5019 laudabilem
918 4962 1258 5023 scandalum
1279 4963 1798 5042 irrepsisset,facili
1825 4981 1925 5020 eos
1943 4961 2175 5038 negotio

537 5063 780 5121 semper
823 5051 1212 5130 obsequiosos
1280 5071 1388 5111 nec
1423 5051 1592 5110 nobis
1625 5069 1737 5110 nec
1765 5050 1980 5109 nostris
2015 5049 2175 5110 relu-

533 5144 758 5198 ctantes
790 5137 1127 5202 habuimus.
1181 5141 1298 5202 Sed
1346 5161 1378 5200 ο
1409 5139 1816 5217 invidentiam,
1852 5147 1908 5198 et
1942 5136 2176 5200 Satanih-

532 5244 631 5287 cas
657 5227 999 5288 machinas!
1032 5229 1313 5290 Nonnulii
1348 5249 1416 5290 ex
1449 5234 1666 5290 nostris
1695 5228 2005 5289 contrariae
2030 5231 2176 5308 parti

532 5315 920 5390 addicti,cum
959 5337 1076 5378 non
1107 5317 1394 5380 absonum
1426 5320 1480 5380 id
1518 5321 1634 5380 illis
1657 5319 1840 5378 visum
1866 5319 2090 5390 fu'sset,
2129 5319 2180 5378 si

534 5403 734 5482 aliquo
767 5404 942 5464 modo
1002 5406 1132 5486 paci
1180 5407 1656 5488 adversarentur,
1723 5425 1854 5466 sese
1914 5427 1944 5466 a
1981 5415 2181 5467 nostra

532 5493 798 5558 Ecclesia
828 5497 986 5557 inter
1042 5515 1106 5558 se
1139 5501 1593 5577 congredientes
1639 5500 2019 5570 avulserunt;
2081 5507 2180 5580 qui

495 5663 499 5666 .
531 5583 814 5649 continuo
850 5602 955 5666 pro
1007 5605 1150 5665 pace
1175 5590 1360 5649 sacris
1392 5591 1712 5672 Scripturis
1741 5590 1955 5653 oblatis
1988 5609 2178 5670 angu-

2261 4874 2438 4937 ἄλλοις
2467 4875 2890 4940 ὑποδεικνύοντες
2947 4880 3043 4947 τὴν
3101 4879 3240 4941 ὁδόν,
3295 4877 3361 4936 Εἴ
3389 4881 3437 4934 τῖ
3467 4900 3565 4934 που
3594 4879 3684 4933 καὶ
3738 4873 3894 4930 σκαν-

2261 4966 2416 5024 δαλον
2446 4967 2511 5035 ἦν
2560 4968 2614 5022 ἐν
2671 4969 2852 5032 αὒτοῒς
2895 4967 2992 5024 ’διὰ
3043 4991 3160 5025 τινα
3202 4968 3360 5048 φοϐον
3391 4967 3686 5036 ἐπαινετὸν,
3720 4960 3898 5042 ῥᾳδίως

2262 5057 2490 5134 εἶ’-(ομεν
2559 5057 2745 5120 αὖτοὺς
2801 5059 3062 5136 ἀπειθεῖς,
3119 5059 3206 5113 καὶ
3276 5057 3440 5132 μηδὲν
3497 5056 3726 5119 ἀντίξουν
3775 5049 3895 5128 πρὸς

2262 5149 2405 5222 ἡμᾶς
2449 5148 2536 5202 καὶ
2577 5148 2644 5203 τα
2699 5147 2930 5227 ἡμέτερα
2973 5148 3245 5228 φέροντας.
3296 5145 3470 5217 Ἀλλ’,
3504 5145 3548 5202 ὢ
3585 5167 3678 5201 του
3720 5143 3897 5221 φθόνου

2265 5237 2352 5292 καὶ
2403 5242 2507 5290 τῶν
2564 5243 2856 5297 σατανικῶν
2911 5241 3213 5316 μηχανῶνι
3272 5235 3502 5301 ἔνησαν
3548 5237 3622 5296 εἷς
3673 5230 3898 5290 ἐναντίαν

2264 5338 2460 5402 μοῖραν
2517 5326 2604 5382 ναὶ
2657 5326 2764 5380 τῶν
2820 5325 3124 5401 ἡμετέροων
3169 5325 3333 5396 τινὲσ,
3391 5327 3480 5380 καὶ
3515 5321 3662 5388 δόξαν
3707 5321 3898 5380 τούτοις

2264 5415 2459 5492 ἅγαθόν
2541 5437 2591 5471 τι
2690 5427 2892 5487 ποιεῖν,
2969 5411 3142 5476 εῗπως
3199 5411 3575 5487 διαπολεμοῒεν
3633 5412 3760 5489 πρὸς
3812 5407 3899 5473 τὴν

2264 5505 2500 5585 εἷρήνην,
2555 5503 2777 5584 ἔσχισαν
2834 5502 3017 5566 αὖτοὺς
3074 5505 3171 5570 τῆς
3237 5501 3499 5580 ἡμετερας
3562 5498 3895 5566 Ἐκκλησιας,

2264 5595 2349 5650 καὶ
2401 5593 2518 5650 καθ’
2589 5593 2802 5656 ἑαυτοὺς
2860 5591 3196 5671 ξγαγόνεισαν
3237 5605 3253 5622 ⁶
3317 5589 3375 5647 οῗ
3442 5591 3529 5648 καὶ
3604 5601 3725 5654 ταῖς
3778 5585 3897 5661 ὑπὲρ
