4178 6286
250 347 405 413 285'

1492 347 1930 441 SENTENTIA
1970 348 2393 414 SYNODALIS

3510 354 3629 421 286

257 486 355 549 τῆς
410 482 629 559 εἰρήνης
658 482 828 560 ἁγίαις
883 488 1119 562 Γραφαϊς
1170 484 1255 541 διὰ
1309 486 1505 549 παντὸς
1549 485 1894 564 καταγχόμε-

1986 480 2116 539 stati
2150 480 2279 541 debr
2308 481 2447 543 bant
2476 483 2715 564 quidem
2749 485 3064 564 aliquando
3087 484 3631 567 procedere,depo-

252 592 354 649 νοι,
413 569 641 644 ἔμελλον
696 570 795 645 μέν
852 593 981 629 ποτε
1063 575 1395 653 προσελθεῖν,
1476 575 1563 630 καὶ
1620 573 1902 630 ἀποθέσθαι

251 658 350 736 μὲν
407 660 469 715 τὸ
521 660 868 733 πεισματικὸν
925 663 1014 717 καὶ
1068 661 1334 741 δυσήνιον,
1367 662 1643 739 ἀγαπῆσαι
1696 661 1749 717 δὲ
1806 663 1904 728 τὴν

251 745 366 824 μεθ’
416 748 575 820 ἡμῶν
632 749 870 823 εἰρήνην,
915 751 1003 805 καὶ
1056 755 1125 825 τῇ
1170 750 1458 826 ὀλοκληρίᾳ
1522 755 1618 816 τῆς
1669 748 1902 816 Ἐκκλη-

253 837 370 899 σίας
439 833 866 912 συγκολληθῆναι
903 851 918 866 °
979 835 1008 892 ὅ
1091 837 1145 894 δὲ
1214 840 1301 895 καὶ
1383 839 1589 916 ἐγένετο
1671 839 1904 917 ὕστερον,

250 922 421 981 Ἀλλᾶ
471 924 594 980 τότε
636 925 749 981 καθ’
813 923 873 979 ὃν
930 926 1027 1000 μὲν
1080 928 1263 1005 καιρὸν
1331 929 1365 995 ἡ
1426 928 1625 984 τούτων
1676 927 1751 982 ἔτι
1794 948 1909 983 πει-

251 1012 428 1088 σμονή
488 1014 673 1091 χώραν
720 1012 872 1092 εἶχε,
931 1015 1019 1069 καὶ
1073 1017 1191 1093 περὶ
1238 1014 1475 1077 πλείονος
1533 1015 1628 1083 τῆς
1662 1014 1907 1083 ἀληθείας

253 1100 353 1169 την
413 1097 546 1157 ἰδίαν
631 1101 828 1158 ἐτίθουν
909 1100 1208 1185 ἀρέσκειαν,
1294 1104 1343 1160 τί
1415 1104 1587 1182 ἕτερον
1641 1104 1726 1160 ἐπὶ
1786 1120 1906 1170 ταῖς

248 1186 517 1251 τοιαύταις
604 1201 834 1268 γραφαῖς
904 1189 973 1257 ἧν
1055 1192 1238 1254 αὖτοτς
1308 1191 1571 1271 εὕπορονς
1638 1199 1753 1249 Τῶν
1810 1192 1908 1269 γὰρ

1988 588 2250 647 uereque
2301 575 2664 649 pervicacem
2725 575 3131 654 etl‘renemque
3204 574 3510 650 animum,
3572 583 3632 637 et

1990 657 2295 718 nobiscum
2324 680 2434 719 una
2468 681 2667 740 pacem
2718 663 3018 740 amplecti,
3081 671 3138 723 et
3194 681 3328 724 cum
3381 664 3630 744 reliquis

1989 744 2267 808 Ecclesiae
2295 750 2482 825 partib
2531 769 2557 809 s
2588 750 3008 828 cnnglutinari;
3040 752 3196 830 quod
3230 751 3467 812 tandem
3500 750 3627 814 fac-

1994 845 2112 894 tum
2147 845 2234 895 est
2292 838 2710 899 Verumtamen
2774 859 2905 898 cum
2938 858 3141 899 eorum
3177 839 3497 917 pertinacia
3528 839 3626 899 in-

1990 924 2330 1004 valesceret,
2368 928 2597 1005 ipsique
2645 928 2879 1007 propria
2937 929 3147 1006 placita
3204 928 3432 988 veritati
3468 946 3623 1008 pra;-

1990 1023 2304 1089 ponrrent,
2340 1016 2479 1092 quid
2513 1017 2665 1075 aliud
2699 1017 2757 1076 in
2790 1016 3015 1077 similes
3044 1018 3368 1095 scripturas
3425 1014 3626 1077 ausuri

1989 1109 2176 1175 erant,
2211 1121 2384 1181 quam
2409 1105 2559 1183 quod
2593 1104 2736 1179 ipsis
2766 1106 3005 1166 otl'erret
3033 1107 3266 1166 occasio
3288 1112 3316 1168 ?
3343 1105 3522 1166 Erant
3542 1103 3623 1165 si-

1989 1189 2227 1267 quidem
2262 1191 2367 1250 viri
2394 1192 2479 1250 illi
2509 1203 2565 1252 et
2596 1211 2872 1253 sermone
2903 1202 2959 1252 et
2989 1194 3322 1270 cognitione
3372 1191 3621 1252 versati-

252 1274 534 1344 ἐπηϐόλων
577 1275 753 1354 λόγων
809 1278 896 1333 καὶ
960 1277 1209 1354 γνώσεως
1280 1283 1326 1335 οἱ
1383 1276 1561 1355 ἄνδρες
1618 1280 1779 1357 ἦσαν,
1842 1280 1894 1343 ἅς

1986 1277 2096 1355 les,
2130 1278 2234 1339 has
2260 1279 2359 1358 qui
2389 1280 2501 1340 iem
2548 1280 2608 1340 in
2638 1281 2815 1339 alium
2848 1299 3113 1354 sensum,
3148 1289 3207 1341 et
3252 1289 3312 1340 ut
3344 1280 3461 1340 illis
3493 1278 3620 1359 pla-

251 1364 351 1439 μὲν
408 1364 607 1439 ἄλλως,
650 1364 738 1421 καὶ
806 1365 880 1429 ὡς
942 1369 1125 1429 αὐτοῖς
1188 1367 1447 1442 βουλητὸν
1504 1367 1894 1445 ἐπεξηγεῖσθαι,

1984 1366 2171 1438 cebat,
2203 1377 2458 1447 raptare,
2493 1370 2597 1429 has
2627 1388 2764 1430 vero
2798 1377 3073 1449 tanquam
3104 1369 3334 1447 spurias
3366 1378 3617 1429 conten-

251 1451 314 1518 ἅς
355 1450 413 1509 δὲ
464 1455 552 1509 καὶ
602 1454 784 1516 νόθους
848 1456 987 1509 εἶναι
1057 1451 1486 1534 διισχυρίζεσθαι,
1560 1457 1668 1513 ἐστι
1737 1455 1784 1512 δ’
1839 1459 1894 1512 οὗ

1982 1454 2188 1515 dentes
2268 1457 2540 1535 rejicere,
2604 1457 2918 1536 aliquando
2986 1456 3161 1517 etiam
3217 1456 3500 1537 quasdam
3548 1472 3620 1516 ex

250 1543 338 1599 καὶ
391 1564 539 1605 τινας
597 1544 883 1618 ὁμολογεῖν
940 1542 1038 1617 μὲν
1080 1545 1185 1600 τῶν
1230 1546 1473 1624 Πιτέρων
1520 1547 1683 1618 εἶναι,
1741 1552 1894 1602 τοῦτο

1978 1543 2093 1603 illis
2122 1547 2389 1605 conﬁteri
2425 1545 2654 1605 Patrum
2687 1565 2841 1624 esse,
2871 1546 2980 1605 hoc
3011 1545 3418 1606 tantummodo
3450 1552 3617 1606 recte

251 1632 415 1707 μόνον
494 1632 653 1708 ὑγιῶς
726 1628 1002 1709 λέγοντας,
1100 1634 1376 1713 προφέρειν
1457 1632 1511 1690 δὲ
1581 1634 1890 1712 ἀπολογίαν,

1978 1633 2267 1712 dicentes,
2300 1637 2511 1697 afferre
2566 1644 2760 1695 autem
2821 1653 3168 1713 responsum
3214 1633 3483 1694 terribile
3540 1649 3623 1693 va)

250 1716 478 1800 φοϐερὰν
533 1717 683 1794 οἴμοι
755 1720 843 1776 καὶ
927 1719 1137 1786 ἀναξίαν
1192 1720 1331 1787 ὅλως
1400 1728 1499 1789 τῆς
1550 1730 1656 1779 τῶν
1728 1723 1892 1779 Πατέ-

1980 1722 2126 1782 mihi
2157 1725 2395 1797 misero,
2425 1734 2480 1783 et
2513 1742 2749 1802 prorsus
2781 1723 3088 1801 indignum
3119 1721 3354 1784 Patrum
3396 1738 3616 1801 propo-

251 1829 356 1877 ρων
412 1807 737 1889 προθέσεως,

250 1896 439 1975 λόγους
524 1898 667 1975 παρὰ
759 1897 865 1953 τῶν
973 1898 1334 1974 αίρετιζόντων
1417 1901 1720 1976 ποιούμενοι
1801 1901 1896 1965 τὰς

250 1986 478 2067 γραφας,
536 1984 677 2042 ἔστιν
734 1987 794 2043 οὗ
844 1987 931 2042 καὶ
986 1994 1078 2044 τοῦ
1108 1987 1310 2052 εἰκότος
1353 1990 1399 2046 οἱ
1442 1990 1669 2068 Πατέρες
1722 1987 1895 2045 διέπι-

250 2095 380 2130 πτον
413 2089 429 2105 ⁸
504 2079 609 2131 τῶν
675 2072 811 2131 οὕτω
879 2073 1144 2152 λεγόντων
1201 2075 1279 2152 μὴ
1351 2077 1682 2155 συνορώντων
1738 2078 1811 2140 ὡς
1841 2080 1901 2135 οῦ

248 2160 369 2229 δόξα
425 2161 570 2226 ὅλως
640 2169 771 2220 Θεοῦ
811 2164 896 2220 καὶ
939 2163 1184 2228 σύστασις
1242 2163 1488 2231 ἀληθείας
1545 2167 1605 2222 τὸ
1634 2165 1718 2222 διὰ
1759 2173 1895 2237 ψευ-

249 2248 351 2306 δῶν
426 2272 588 2308 τινων
670 2255 1067 2329 συγκροτετσθαι
1146 2254 1235 2309 καὶ
1316 2252 1533 2320 ἀναξίων
1589 2261 1681 2311 τοῦ
1739 2254 1899 2310 Πνεύ-

246 2360 443 2414 ματος.
492 2336 643 2395 Ἀλλ’
725 2338 855 2418 ὅπερ
907 2338 1186 2421 ἐλέγομεν,
1229 2340 1344 2398 ὅλοι
1413 2344 1475 2399 τὸ
1542 2363 1599 2399 τε
1639 2349 1732 2399 τοῦ
1770 2340 1899 2399 ἰδίου

244 2426 546 2504 θελήματος
613 2426 762 2491 ὅντες
818 2431 867 2484 οἱ
934 2429 1226 2508 εἰρημένοι,
1283 2430 1401 2488 καθ’
1462 2431 1658 2488 ἐαυτῶν
1715 2431 1895 2510 ἐσοφί-

244 2522 416 2592 ζοντο,
465 2517 555 2573 καὶ
583 2513 757 2576 ἄδειαν
826 2516 987 2596 εἶχον
1027 2516 1224 2595 λόγων,
1283 2516 1365 2597 ἐφ’
1422 2519 1512 2584 οἷς
1552 2518 1750 2583 ὶνδεεῖς
1794 2541 1898 2576 κα-

242 2604 487 2661 θίσταντο
565 2605 661 2660 τοῦ
759 2604 1137 2684 συμφέροντος,
1211 2604 1387 2663 πολλά
1472 2607 1570 2683 μὲν
1637 2608 1725 2664 καὶ
1776 2606 1898 2664 διά-

826 1805 908 1865 δτι
986 1811 1119 1887 πρὸς
1186 1812 1309 1874 τοὺς
1377 1812 1495 1869 τότε
1560 1811 1894 1888 κινουμένους

1980 1811 2118 1882 sito,
2146 1813 2304 1892 quod
2338 1814 2395 1872 in
2429 1814 2808 1891 quzestiones,
2844 1831 2914 1873 eo
2944 1811 3048 1872 aevi
3082 1820 3267 1872 motas
3295 1829 3331 1870 a
3360 1817 3615 1870 sectato-

1982 1898 2149 1961 ribus
2182 1900 2607 1963 commentaria
2662 1900 2927 1979 edentes,
2973 1899 3153 1961 fuisse
3182 1917 3315 1960 cum
3348 1916 3415 1959 ex
3448 1914 3614 1976 aequo

1981 1986 2186 2049 Patres
2221 1989 2578 2050 decederent
2632 1987 2722 2049 An
2753 1988 2833 2061 hi,
2868 1988 2966 2067 qui
2998 1988 3132 2049 talia
3159 1987 3460 2067 loquntur,
3494 2002 3615 2047 non

1980 2076 2562 2155 intelligunt,nullam
2587 2079 2829 2138 omnino
2854 2076 2957 2138 Dei
2980 2077 3252 2155 gloriam,
3277 2074 3617 2155 nullamque

1980 2164 2195 2225 divina;
2251 2165 2336 2224 rei
2391 2164 2869 2226 constitutionem
2926 2182 3080 2237 esse,
3116 2181 3311 2244 quaaa
3360 2160 3524 2223 falsis
3551 2170 3615 2222 et
3676 2158 3682 2165 ’

1979 2254 2198 2330 Spiritu
2228 2253 2483 2331 indignis
2509 2252 2856 2333 prometur?
2887 2251 3004 2315 Sed
3035 2252 3190 2332 quod
3214 2252 3336 2331 jam
3368 2250 3610 2312 diceba-

1980 2359 2135 2421 mus,
2194 2359 2400 2402 omnes
2443 2351 2567 2401 tum
2628 2342 2847 2421 proprii
2903 2341 3135 2402 arbitrii
3191 2340 3351 2414 facti,
3404 2345 3610 2399 contra

1980 2430 2329 2509 semetipsos
2358 2430 2617 2510 captiose
2646 2430 2919 2506 agebant,
2952 2430 3459 2508 abutebanturque
3488 2426 3608 2488 otio

1980 2519 2217 2580 dicendi
2244 2538 2336 2595 ea,
2388 2538 2457 2583 ex
2488 2519 2703 2600 quibus
2750 2519 2977 2580 nullum
3033 2518 3179 2598 ipsis
3230 2515 3608 2578 commodum

1980 2606 2331 2682 emanabat;
2366 2609 2546 2669 multa
2578 2608 2818 2686 quidem
2850 2626 2918 2668 ac
2946 2607 3105 2668 varia
3139 2607 3197 2667 in
3231 2603 3490 2665 medium
3518 2600 3609 2663 af-

243 2714 378 2772 φορα
421 2690 697 2771 λέγοντες,
741 2693 814 2757 είς
872 2690 926 2748 ἔν
993 2691 1048 2749 δὲ
1103 2695 1191 2750 καὶ
1228 2696 1292 2750 τὸ
1344 2694 1470 2752 αῦτὸ
1511 2702 1894 2775 καταντῶντες,

1978 2695 2256 2758 ferentes.
2294 2698 2353 2757 in
2386 2716 2568 2758 unum
2622 2715 2761 2757 vero
2808 2715 2876 2757 ac
2933 2695 3089 2756 idem
3119 2694 3510 2761 collimantes,
3547 2697 3613 2750 ut

242 2782 303 2838 τὸ
344 2779 641 2860 ἀντιλέγειν
707 2785 776 2857 τῇ
831 2782 1037 2859 εἰρήνῇ,
1082 2783 1169 2838 καὶ
1228 2784 1358 2861 πρὸς
1386 2783 1486 2847 τὴν
1515 2789 1620 2838 τῶν
1675 2787 1894 2860 Γραπῶν

1981 2786 2108 2863 paci
2130 2786 2624 2856 contradicerent,
2650 2794 2710 2847 et
2740 2784 2909 2864 Scrip
2939 2802 3178 2845 urarum
3240 2781 3470 2843 veritati
3501 2777 3611 2840 ad-

246 2869 502 2939 ἀλήθειαν
563 2866 939 2947 διαμάχεσθαι,
1013 2868 1112 2925 ὅσα
1193 2872 1280 2926 καὶ
1347 2869 1610 2952 διαφόροις
1679 2873 1892 2951 τρόποις

1978 2876 2556 2947 versarentur,variis
2591 2874 2907 2953 multisque
2941 2872 3134 2932 modis
3166 2870 3461 2951 propriam
3494 2864 3610 2928 sibi

246 2960 335 3015 τὸν
376 2959 582 3014 οἰκεῖον
650 2957 1141 3035 πραγματευόμενοι
1220 2958 1453 3037 ὄλεθρον.
1518 2958 1682 3017 Ἀλλὰ
1730 2968 1893 3017 ταῦτα

1978 2973 2365 3043 procurantes
2403 2962 2778 3024 ruinamﬁed
2815 2964 2937 3029 haec
2954 2961 3154 3021 omnia
3181 2956 3608 3037 erantquidem

250 3046 416 3103 πάντα
464 3045 604 3113 ἦσαν
657 3046 816 3117 ἡμῖν,
870 3047 1031 3102 ταυτὸ
1083 3044 1138 3102 δὲ
1179 3048 1349 3103 εἰπεῖν
1419 3051 1504 3104 καὶ
1566 3055 1634 3125 τῇ
1676 3048 1893 3122 ἀληθείᾳ

1979 3052 2146 3111 nobis
2177 3052 2343 3131 ipsis,
2375 3051 2531 3130 quod
2565 3051 2721 3110 idem
2749 3058 2837 3110 est
2866 3050 3155 3121 dicere,et
3197 3047 3429 3109 vei-ttati
3460 3048 3610 3106 tole-

250 3133 460 3214 ἀνεκτὰ,
520 3133 632 3190 τῶν
728 3139 948 3213 Γραφῶν
1016 3134 1353 3215 σωζομένων,
1437 3136 1610 3215 λέγειν
1668 3137 1892 3201 ἐκείνους

246 3222 345 3287 τήν
414 3219 763 3300 ἐπεξήγησιν,
823 3220 944 3277 οἵαν
988 3220 1285 3288 ἐϐούλοντο.
1328 3226 1398 3282 Τὸ
1428 3224 1481 3280 δὲ
1511 3227 1595 3283 καὶ
1639 3228 1712 3290 εἰς
1742 3225 1896 3293 σίδη-

246 3332 335 3390 ρον
376 3308 617 3384 ἀπιδεῖν,
665 3310 751 3365 καὶ
806 3310 906 3377 τὴν
963 3311 1170 3390 γραφὴν
1222 3310 1484 3388 ἀποξύειν,
1532 3314 1643 3371 ἔστι
1698 3316 1796 3390 μὲν
1839 3315 1900 3372 ἐκ

246 3400 533 3479 προχείρου
618 3403 944 3465 κατανοῆσαι
1036 3398 1273 3475 γενέσθαι
1330 3399 1413 3458 διὰ
1483 3406 1668 3482 ψυχῆς
1728 3403 1898 3478 μόνης

245 3485 431 3563 ὄρεξιν,
494 3493 572 3560 τῷ
644 3482 700 3541 δὲ
760 3506 821 3562 γε
901 3484 1182 3553 ἐπηϐόλως
1249 3497 1586 3546 κατανοοῦντι
1667 3491 1895 3548 ἐντεῦθεν

243 3573 696 3653 διαγνωσθήσεται
767 3576 855 3631 καὶ
924 3578 1024 3653 ὡς,
1085 3576 1195 3632 ἐπεὶ
1264 3577 1510 3651 μηδόλως
1580 3582 1627 3636 οἱ
1669 3588 1894 3638 τοιοῦτοι

244 3663 513 3720 ἀντειπεῖν
571 3665 704 3739 πρὸς
733 3662 871 3721 οὕτω
926 3665 1151 3743 φανερὰν
1208 3665 1458 3735 ἀλήθειαν
1509 3668 1688 3746 εἶχον,
1750 3669 1893 3725 ἀπα-

241 3751 436 3833 λείφειν
484 3752 687 3818 ταύτην
757 3749 1063 3828 διέγνωσαν.
1136 3754 1224 3817 Τίς
1309 3753 1363 3809 δὲ
1418 3757 1446 3811 ὁ
1514 3759 1730 3838 τρόπος,
1805 3760 1893 3815 καὶ

240 3846 378 3923 παρὰ
420 3844 590 3917 τίνος,
627 3843 717 3899 καὶ
771 3840 940 3915 ὅπως,
998 3844 1027 3900 ὁ
1082 3842 1244 3922 λόγος
1274 3843 1376 3912 ἤδη
1408 3845 1537 3924 ἐρεῖ.

315 4009 393 4097 γ’.
443 4022 661 4096 Προσῆν
705 4015 787 4098 ἐφ’
846 4016 1043 4096 ἒτέροις
1099 4018 1307 4095 β’ὅλοις
1362 4025 1439 4095 τῷ
1507 4028 1601 4078 τοῦ
1657 4020 1889 4100 μεγάλου

238 4107 520 4181 οἰκονόμου
602 4105 802 4163 ἐκείνου
868 4113 962 4164 τοῦ
1015 4106 1291 4187 Ξιφιλίνου
1358 4107 1602 4188 γαμϐρῷ,
1647 4111 1709 4165 οὗ
1750 4117 1889 4166 Πεν-

235 4195 614 4262 τεκλησιώτης
670 4196 733 4250 τὸ
772 4194 1018 4269 ἐπικλην,
1092 4195 1151 4259 ὃς
1204 4198 1290 4254 καὶ
1346 4197 1501 4261 άῦτὸς
1546 4203 1750 4273 σῦναμα
1815 4208 1890 4275 τῷ

238 4281 567 4362 συγ-(ἀμϐρῳ
637 4285 795 4341 αὐτοῦ
862 4289 939 4357 τῷ
989 4284 1088 4350 τῆς
1170 4283 1287 4340 καθ’
1368 4286 1512 4361 ημᾶς
1572 4284 1890 4355 Ἐκκλησίας

1978 3141 2210 3215 rabilia,
2244 3142 2292 3200 si
2323 3140 2498 3201 salvis
2528 3138 2867 3218 Scripturis,
2908 3156 3141 3216 pravam
3175 3137 3285 3217 ipsi
3318 3153 3483 3196 suam
3514 3132 3612 3193 in-

1981 3229 2489 3308 terpretationem,
2521 3246 2888 3307 quaecunque
2918 3226 3020 3287 illa
3055 3228 3225 3295 foret,
3261 3224 3614 3304 adjicerent.

1978 3318 2051 3378 At
2079 3318 2235 3378 enim
2266 3319 2322 3377 in
2357 3317 2574 3379 ferrum
2603 3316 2865 3376 animum
2898 3315 3230 3388 intendere,
3250 3313 3614 3390 eradereque

1978 3407 2471 3486 scriptum,l‘acile
2507 3404 2797 3486 quispiam
2831 3404 3168 3484 adverterit,
3227 3421 3331 3482 pro
3363 3399 3613 3462 libidine

1982 3496 2409 3561 tantummodo.
2445 3504 2502 3554 et
2549 3496 2754 3554 atlecta
2784 3494 3106 3573 cupiditate
3134 3501 3328 3553 actum
3379 3490 3558 3550 fuisse
3593 3506 3608 3551 :

1976 3592 2032 3643 at
2064 3586 2133 3655 is,
2170 3585 2269 3663 qui
2306 3583 2627 3662 prudenter
2678 3599 2774 3642 res
2807 3581 3122 3659 examinat,
3174 3580 3313 3641 hinc
3347 3577 3605 3663 colliget,

1976 3662 2203 3731 similis,
2232 3673 2409 3731 sortis
2460 3670 2732 3730 homines
2780 3689 2911 3730 cum
2946 3669 3166 3749 patenti
3197 3670 3346 3730 adeo
3380 3662 3610 3728 veritati

1973 3762 2268 3821 adversari
2302 3780 2415 3819 non
2452 3768 2713 3839 possent,
2748 3776 2880 3819 eam
2914 3777 2946 3818 e
2981 3759 3177 3818 medio
3231 3757 3436 3817 tollere
3476 3753 3609 3815 ani-

1976 3868 2132 3908 mum
2168 3849 2490 3909 induxisse.
2528 3849 2789 3927 Modum,
2844 3855 3168 3918 auctorem,
3203 3846 3613 3924 rationemque

1972 3938 2157 4016 ipsam
2194 3940 2315 3998 haec
2348 3947 2544 3997 nostra
2574 3937 2763 3997 oratio
2798 3947 3207 4016 prosequetur.

2055 4027 2113 4088 3.
2143 4025 2357 4086 Habuit
2396 4025 2551 4085 inter
2588 4026 2738 4086 alios
2772 4026 2956 4087 libros
3003 4042 3248 4103 magnus
3268 4036 3612 4085 mconomus

1970 4111 2504 4193 Xiphitinnsasuo
2562 4133 2782 4193 genero
2842 4122 3234 4193 cognomento
3294 4109 3609 4173 Pentecle-

1974 4202 2147 4283 siota,
2180 4202 2281 4282 qui
2330 4202 2506 4263 simul
2538 4223 2670 4263 cum
2707 4204 2905 4263 uxoris
2955 4220 3074 4263 suae
3122 4201 3342 4262 sororis
3374 4198 3608 4277 marito,

1974 4301 2188 4351 nostra:
2238 4291 2517 4352 Ecclesia;
2571 4290 3002 4361 referendario,
3045 4290 3610 4351 Escammatnsmeno

236 4370 644 4451 ραιφερενόαρίῷ
740 4376 818 4444 τῷ
899 4368 1414 4448 Ἐσκαμματισμένῳ
1469 4374 1591 4447 ξτῆς
1661 4375 1894 4441 ἐναντίας

1981 4388 2340 4458 nunrupato,
2374 4379 2655 4441 adversus
2687 4390 2881 4458 partes
2914 4380 3204 4451 tuebatur,
3230 4378 3610 4446 volumen,ex

240 4459 419 4538 μοίρας
488 4460 615 4515 τότε
672 4460 972 4531 καθίστατο,
1020 4462 1107 4516 καὶ
1149 4458 1327 4536 βίϐλος
1378 4461 1585 4531 πολλὴν
1640 4464 1737 4532 τὴν
1795 4487 1891 4521 σε-

239 4548 475 4619 μνότητα
502 4547 565 4603 ἐκ
595 4551 694 4613 τῆς
742 4546 1101 4626 ἀρχαιότητος
1145 4548 1348 4627 ἔχουσα
1403 4549 1458 4605 ἐν
1513 4551 1549 4626 ᾗ
1606 4553 1892 4627 πονήματα

236 4633 369 4699 ἦσαν
428 4633 656 4713 διάφορα
709 4636 1027 4712 θεοκρότητα
1091 4644 1186 4693 τοῦ
1267 4644 1371 4693 τῶν
1434 4640 1705 4696 Νυσσαίων
1774 4666 1892 4721 φω-

237 4726 449 4802 στῆρος,
514 4724 806 4801 Γρηγορίου
860 4721 1063 4791 δηλαδὴ
1131 4732 1222 4781 τοῦ
1264 4725 1498 4803 μεγάλου
1544 4729 1630 4783 καὶ
1682 4731 1890 4804 θαυμα-

238 4812 349 4866 σίου
391 4812 630 4889 Πατρὸς.
685 4810 783 4874 Εἷς
839 4811 926 4867 οὖν
969 4819 1075 4867 τῶν
1118 4811 1292 4869 ἐκεῖσε
1325 4813 1499 4893 λόγων
1552 4817 1620 4881 ἧν
1688 4819 1775 4873 καὶ
1818 4822 1891 4883 εἰς

236 4899 318 4979 τὸ,
380 4899 556 4977 Πάτερ
621 4899 798 4973 ημῶν,
844 4898 1047 4973 ὁμιλία,
1082 4904 1148 4969 ἧς
1194 4904 1229 4969 ἡ
1261 4903 1433 4982 ἁρχὴ,
1487 4924 1510 4959 α
1553 4893 1688 4961 ’Ότε
1717 4928 1888 4982 προσ-

235 4988 360 5065 ῆγεν
417 4990 447 5044 ὁ
520 4986 698 5063 μέγας
741 4988 934 5054 Μωσῆς
991 4994 1060 5065 τῇ
1088 4990 1223 5046 κατὰ
1266 4994 1328 5046 τὸ
1385 4991 1503 5069 ὅρος
1548 4996 1888 5073 μυσταγωγίᾳ

235 5078 321 5133 τὸν
381 5072 724 5153 Ἰσραηλίτην
794 5075 922 5131 λαὸν
960 5095 975 5108 ⁸
1052 5102 1077 5130 ι
1164 5080 1282 5135 καθ’
1359 5080 1417 5134 ὅθ
1488 5081 1757 5158 γενομένῳ

326 5162 392 5183 -κ
625 5164 640 5182 ἢ
795 5165 810 5184 \
985 5171 1011 5181 η-
1246 5166 1269 5185 κ
1445 5175 1459 5183 ~
1581 5175 1606 5184 ν

234 5180 417 5238 τοιῳοε
473 5170 644 5240 Πατρι
697 5184 813 5241 περι
859 5184 1050 5220 κοινων
1093 5168 1180 5223 καὶ
1222 5169 1361 5223 ίοίων
1398 5191 1503 5223 των
1545 5192 1644 5235 της
1677 5173 1883 5238 Θεότη-

234 5273 318 5315 τος
387 5251 737 5309 ὓποστάσεων
791 5250 1106 5330 θεολογῆσαι
1162 5277 1219 5311 τε
1262 5258 1347 5312 καὶ
1379 5255 1597 5332 διδάξαι,
1659 5259 1883 5326 ἐπῆλθεν

235 5341 403 5396 εἰπεῖν
436 5357 451 5371 ⁸
490 5362 521 5394 ι
570 5340 647 5397 Τὸ
694 5336 749 5393 δὲ
792 5345 1003 5413 Πνεῦμα
1057 5343 1118 5398 τὸ
1146 5340 1295 5421 ἅγιον
1336 5347 1423 5401 καὶ
1455 5347 1516 5401 ira:
1543 5355 1634 5404 τοῦ
1679 5351 1881 5427 Πατρὸς

236 5426 469 5508 λέγεται,
547 5428 639 5483 καὶ
698 5428 759 5482 ὲκ
814 5436 907 5484 τοῦ
952 5431 1072 5486 Υἱοῦ
1127 5435 1264 5488 εἶναι
1311 5450 1814 5514 προσμαρτυρεῖται.
1850 5461 1878 5494 ››

234 5519 303 5575 Τὸ
326 5514 530 5574 τοιόνδε
576 5513 669 5571 οὖν
713 5514 975 5595 τεμάχιον
1041 5527 1133 5576 τοῦ
1175 5519 1357 5599 ῥητοῦ,
1414 5525 1500 5580 καὶ
1549 5513 1645 5591 τὴν
1715 5525 1885 5583 ἐντεῦ-

231 5606 313 5660 θεν
382 5605 454 5668 εἷς
526 5604 633 5671 τὴν
705 5602 916 5683 εἰρήνην
1000 5610 1373 5686 συγκρότησιν,
1432 5612 1729 5671 συνετέλεσε
1789 5616 1885 5689 μὶν

1974 4467 2101 4545 ipsa
2130 4469 2474 4546 antiquitate
2522 4468 2868 4543 dignitatem
2928 4467 3173 4539 habens,
3210 4466 3270 4526 in
3304 4483 3417 4544 quo
3449 4462 3609 4523 varia

1974 4557 2398 4616 commentaria
2471 4556 2751 4616 divinitus
2806 4556 3089 4633 inspirata
3152 4553 3613 4618 continebantur

1974 4645 2387 4723 Nyssaensium
2419 4644 2661 4704 luminis
2707 4643 2997 4721 Gregorii,
3029 4643 3222 4722 magni
3254 4641 3411 4702 illius
3436 4649 3611 4719 atque

1975 4733 2345 4792 admirabilis
2377 4730 2753 4792 Patrislnter
2773 4750 2873 4795 eas
2894 4732 3195 4793 orationes
3226 4729 3530 4808 legebatur
3553 4733 3613 4789 et

1973 4821 2163 4885 illa.in
2192 4821 2381 4882 Palcr
2409 4828 2627 4895 noster,
2660 4820 2936 4900 Homilia,
2974 4821 3140 4899 cujus
3195 4818 3552 4899 principium
3592 4835 3605 4875 :

1978 4935 2002 4967 α
2064 4910 2208 4971 Cum
2260 4910 2585 4970 adduceret
2644 4928 2888 4993 magnus
2942 4911 3170 4988 Moyses
3226 4905 3608 4987 my~tagngia,

1970 4998 2222 5079 quamin
2258 5008 2455 5058 monte
2486 5009 2817 5077 acceperat,
2874 5002 3154 5079 populum
3209 4996 3600 5058 Israelitem.»

1969 5088 2031 5149 In
2066 5106 2134 5147 ea
2163 5106 2295 5147 cum
2328 5086 2403 5147 de
2451 5087 2865 5146 communibus
2894 5097 2950 5147 et
2983 5086 3234 5166 propriis
3275 5085 3607 5145 divinarum

1972 5177 2357 5257 hypostaseon
2418 5184 2664 5234 tractare
2702 5224 2716 5248 ,
2779 5176 3151 5255 edocereque
3208 5176 3602 5251 contingeret,

1967 5266 2297 5336 subinlulit,
2365 5286 2387 5320 α
2449 5263 2704 5336 Spiritus
2736 5282 2875 5325 vero
2907 5274 3147 5325 sanctus
3191 5272 3248 5325 et
3300 5283 3364 5324 ex
3438 5265 3610 5326 Patre

1966 5354 2203 5426 dicitur,
2239 5359 2296 5412 et
2347 5370 2415 5411 ex
2460 5350 2605 5411 Filio
2657 5370 2787 5412 esse
2835 5345 3158 5413 afﬁrmatur
3192 5377 3218 5408 ι)
3273 5351 3437 5414 Hanc
3468 5370 3607 5413 sen-

1972 5442 2170 5502 tentiae
2219 5438 2589 5519 particulam,
2641 5439 2901 5520 indeque
2941 5450 3276 5521 comparata
3333 5458 3438 5520 prp
3467 5458 3608 5519 pace

1967 5529 2254 5601 subsidia,
2306 5529 2365 5588 in
2399 5527 2777 5588 commodum
2837 5529 3137 5610 publicum
3183 5529 3375 5590 attulit
3423 5529 3608 5589 beatae

1973 5618 2271 5681 momorize
2296 5617 2393 5679 ille
2428 5634 2670 5696 magnus
2695 5635 3037 5682 mconomus
3065 5618 3425 5698 Xiphilinus,
3453 5616 3609 5677 volu-
