4178 6286
528 338 646 403 299

1621 337 1829 401 JOAN.
1876 334 2097 399 VECCI
2139 333 2249 395 GP.
2285 332 2799 436 PATBIARCHIE

3769 324 3884 391 300

533 516 666 559 esse
700 496 1038 558 indivisam.
1078 520 1102 550 »
1137 496 1207 558 Et
1235 495 1587 575 quibusdam
1635 494 1882 556 annexis
1918 516 1931 557 :
1973 519 2001 551 α
2035 494 2180 557 Cum

2277 499 2356 549 τοῦ
2414 493 2545 550 Θεοῦ
2599 494 2802 573 φύσεως
2871 492 3176 572 ἀχώριστον
3236 492 3379 547 εῖναι
3471 490 3573 556 τὴν
3647 489 3899 565 ἐνέργειαν

531 605 672 647 vero
707 587 853 647 vivat
891 593 1101 646 natura
1131 584 1352 665 divina,
1389 585 1553 645 vivas
1585 585 1766 645 habet
1798 592 1855 645 et
1877 582 2178 664 operatio—

530 693 682 750 nes;
720 681 780 736 et
808 673 1031 753 absque
1062 673 1319 734 essentia
1376 673 1503 734 fieri
1543 673 1769 754 nequit,
1803 680 1867 733 ut
1917 670 2180 752 operatio

536 771 799 842 emergat
831 781 843 823 :
882 761 981 823 ubi
1009 762 1271 841 operatio
1297 761 1659 841 apparuerit,
1698 760 1876 821 simul
1910 779 2024 820 una
2047 778 2180 820 cum

539 871 608 913 ea
642 861 700 913 et
727 850 984 912 essentia
1016 869 1086 912 ex
1122 870 1232 931 qua
1266 857 1521 922 emanat,
1565 848 2004 911 consideratur.
2044 873 2070 903 ι›
2106 849 2182 909 Ει

533 947 664 1020 post
696 957 908 1019 pauca:
951 963 971 993 α
1004 936 1186 1016 Igitur
1218 958 1333 998 non
1364 941 1710 1019 operatione
1763 944 1991 998 tantum
2030 939 2184 998 Deus

531 1027 710 1089 rebus
743 1045 1005 1107 praesens
1036 1035 1148 1101 est,
1173 1028 1275 1089 sed
1312 1028 1591 1088 essentia.
1626 1025 1892 1105 Namque
1926 1025 2182 1086 demon-

533 1124 780 1178 stratum
812 1127 900 1178 est
920 1115 1148 1197 absque
1173 1116 1433 1177 essentia
1463 1116 1687 1177 nullam
1719 1133 1849 1175 esse
1881 1116 2181 1195 operatio-

537 1224 736 1266 nem.»
774 1203 841 1264 Et
871 1205 1075 1285 paucis
1106 1205 1326 1265 additis
1354 1224 1368 1263 :
1405 1227 1427 1259 ιι
1457 1203 1766 1275 Quomodo
1798 1201 2182 1282 itaque,quod

537 1293 779 1369 dicitur,
810 1313 1009 1355 verum
1032 1293 1534 1373 fuerit,Spiritum
1568 1291 1807 1355 Domini
1838 1292 2039 1354 orbem
2073 1290 2182 1351 ad-

536 1381 867 1462 implesse‘.’
923 1380 1192 1444 Essentia
1246 1381 1403 1442 Deus
1477 1400 1612 1441 cum
1665 1380 1778 1454 sit,
1839 1398 1968 1460 quae
2049 1386 2188 1439 sunt

540 1472 762 1537 omnia.
802 1477 1008 1530 natura
1040 1468 1237 1531 divina
1266 1469 1639 1549 adimplevit,
1677 1476 1734 1528 et
1790 1469 1851 1529 in
1906 1466 2184 1529 omnibus

542 1566 653 1620 est.
696 1583 718 1613 υ
755 1557 820 1618 Et
854 1557 1225 1637 postmodum
1259 1575 1272 1620 :
1309 1583 1333 1613 ι(
1368 1555 1649 1643 Operatio
1681 1557 1904 1638 absque
1924 1554 2181 1617 essentia

542 1666 658 1708 non
716 1655 1038 1719 cmanat,et
1094 1649 1151 1708 in
1212 1647 1490 1707 omnibus
1517 1654 1625 1726 est;
1658 1645 1919 1708 essentia
1959 1664 2098 1723 ergo
2125 1644 2186 1705 in

2264 584 2440 642 αὐτοῦ.
2480 604 2506 637 ι
2568 583 2664 640 Καὶ
2722 582 2856 658 μετά
2911 602 3029 637 τινα
3059 597 3074 612 ⁶
3132 609 3155 639 ι
3189 577 3403 646 Ἐπειδὴ
3447 577 3502 635 δὲ
3543 585 3685 650 ζῶσα
3712 581 3748 646 ἡ
3795 578 3898 634 θεία

2264 670 2437 750 φύσις,
2494 671 2667 741 ζώσας
2741 669 2931 726 ἔλουσα
2980 670 3067 724 καὶ
3142 670 3235 732 τὰς
3295 667 3580 750 ἐνεργείας,
3621 668 3784 746 χωρὶς
3850 663 3901 720 δὲ

2264 745 2439 823 οὖσίας
2535 755 2784 815 ἀδύνατον
2841 754 3121 836 προελθεῖν
3202 745 3487 835 ἐνέργειαν.
3523 745 3722 812 ’Ἔνθα
3752 752 3811 808 ἂν
3866 753 3898 818 ἡ

2264 845 2497 925 ἐνέργεια
2551 851 2713 926 φανῇ,
2777 849 3147 924 συνθεωρεϊται
3190 845 3355 919 ταύτῃ
3411 844 3499 899 καὶ
3546 844 3580 911 ἡ
3633 842 3799 917 οὗσία,
3856 836 3902 905 ἐξ

2262 936 2327 1001 ἧς
2373 934 2715 1014 προέρχεται,
2755 958 2779 992 ι)
2819 935 2917 991 Καὶ
2950 935 3085 1009 μετά
3132 955 3272 991 τινα.
3330 955 3359 987 α
3392 933 3588 989 Οῦκοῦν
3640 932 3700 988 οὐ
3753 928 3903 1004 μόνον

2263 1028 2331 1098 τῇ
2385 1021 2615 1101 ἐνεργείᾳ
2669 1023 2883 1103 πάρεστι
2942 1035 3060 1087 τοῖς
3122 1021 3235 1078 οὖσι
3309 1023 3463 1101 Θεὸς³
3521 1019 3660 1078 ἀλλὰ
3700 1021 3787 1076 καὶ
3840 1023 3903 1095 τῇ

2266 1114 2433 1191 οὐσίᾳ,
2484 1109 2737 1171 δέδεικται
2807 1113 2905 1191 γὰρ
2962 1111 3067 1190 οὐχ
3141 1109 3221 1167 ὅτι
3306 1111 3471 1190 χωρὶς
3529 1110 3706 1172 οὗσίας
3777 1107 3905 1163 ἐστὶν

2266 1199 2518 1278 ἐνέργεια.
2562 1224 2590 1255 »
2680 1202 2777 1259 Καὶ
2850 1199 2987 1276 μετέ
3039 1221 3155 1255 τινα
3183 1215 3197 1228 ⁸
3266 1218 3290 1254 ιι
3324 1206 3442 1265 Πῶς
3499 1198 3586 1256 οὖν
3644 1198 3787 1255 ’ἐσται
3848 1197 3903 1251 τὸ

2265 1287 2550 1366 λεγόμενον
2607 1288 2823 1359 ἀληθὲς,
2902 1289 2982 1344 ὃτι
3049 1287 3274 1362 Πμεῦμα
3344 1288 3531 1367 Κυρίου
3592 1285 3902 1364 πεπλήρωκε

2266 1380 2364 1442 τὴν
2410 1377 2772 1457 οἱκουμένηνς
2835 1376 2995 1435 Οὖσία
3054 1379 3182 1442 Θεὸς
3256 1377 3351 1447 ὢν,
3414 1377 3583 1434 πάντα
3640 1378 3709 1433 τὰ
3789 1372 3907 1429 ὄντα

2266 1467 2363 1533 τῖ,ς
2413 1467 2554 1530 θείας
2625 1466 2803 1529 οῦσίας
2887 1464 3231 1544 πεπλήρωκε,
3309 1466 3396 1521 καὶ
3478 1465 3533 1522 ὲν
3612 1471 3743 1521 πᾶσι
3797 1473 3907 1523 τοῖς

2268 1554 2409 1609 (ιῦσιν
2468 1554 2599 1613 ἐστί.
2664 1577 2689 1611 ι
2756 1555 2854 1612 Καὶ
2950 1554 3085 1629 μετά
3177 1575 3294 1609 τινα
3328 1569 3341 1582 ⁸
3380 1577 3401 1608 ι
3472 1545 3535 1611 Ἠ
3577 1551 3632 1609 δὲ
3686 1552 3908 1629 ἐνέργεια

2266 1644 2435 1722 χωρὶς
2507 1643 2680 1707 οὐσίας
2762 1644 2822 1699 οῦ
2899 1640 3104 1720 πρόεισι
3162 1643 3248 1698 καὶ
3311 1641 3366 1697 ἐν
3426 1644 3584 1699 πᾶσίν
3639 1641 3782 1697 ἔστιν
3816 1659 3829 1671 ⁸
3875 1638 3908 1704 ἡ

542 1735 819 1796 omnibus
878 1742 985 1809 est,
1039 1741 1101 1795 ut
1160 1753 1193 1796 a
1253 1736 1544 1815 propheta
1602 1733 1857 1796 dicitur:
1917 1733 2187 1795 (Nonne

2277 1731 2417 1787 οὐσία
2466 1731 2568 1810 ἄρα
2623 1729 2677 1786 ἐν
2731 1736 2892 1787 πᾶσιν
2934 1730 3072 1805 ἐστι,
3112 1731 3247 1786 κατὰ
3275 1732 3365 1786 τὸν
3396 1728 3479 1787 διὰ
3508 1737 3599 1787 τοῦ
3642 1729 3912 1808 Προφήτου

542 1823 754 1885 ccelum
815 1833 874 1884 et
926 1831 1142 1884 terram
1197 1809 1306 1902 ego
1362 1809 1582 1903 impleo
1617 1823 1761 1884 dicit
1789 1821 2125 1884 Dominus?
2158 1842 2182 1880 ι

2277 1809 2581 1897 λεγόμενον,
2659 1842 2687 1873 α
2749 1819 2885 1897 Οὐχὶ
2935 1821 3026 1874 τὸν
3077 1820 3293 1897 οὗρανὸν
3362 1821 3450 1875 καὶ
3505 1820 3603 1885 την
3659 1822 3763 1896 γῆν
3813 1814 3915 1892 ὶγὼ

546 1915 683 1977 Ηεεο
706 1912 1057 1975 Sanctorum
1092 1911 1493 1990 pronuntiata,
1528 1911 1598 1972 ad
1628 1930 1730 1971 ora
1761 1930 1965 1972 eorum
2013 1909 2193 1971 obtu-

543 2003 727 2065 randa
757 2000 855 2082 qui
889 2020 956 2061 ex
990 1999 1139 2060 Filio
1196 1999 1532 2080 provenire,
1567 1999 1792 2061 effundi
1849 2008 1907 2062 et
1955 1998 2194 2060 exsilire

544 2091 722 2152 veluti
754 2091 976 2151 donum
1031 2087 1353 2166 quoddam,
1389 2087 1676 2166 Spititum
1735 2100 2001 2149 sanctum
2047 2105 2192 2149 con-

547 2180 821 2252 tendunt,
846 2176 1255 2257 maximopere
1286 2178 1645 2240 conducent.

635 2361 693 2418 5.
729 2355 896 2428 Quod
926 2355 978 2415 si
1002 2362 1061 2416 et
1091 2354 1250 2415 dicto
1278 2353 1363 2415 illi
1393 2355 1554 2416 inter
1581 2353 1696 2415 alia
1742 2354 1941 2434 Cyrilli
1974 2354 2058 2434 (4)
2089 2373 2195 2416 ac-

553 2447 814 2509 curatius
846 2451 1104 2504 mentem
1138 2443 1357 2513 fixeris,
1392 2442 1547 2522 quod
1607 2442 1729 2517 ille,
1782 2443 1922 2502 dum
1981 2444 2194 2505 Filium

554 2535 777 2598 habere
815 2532 1102 2612 Spiritum
1140 2540 1478 2612 pertractat,
1517 2530 1883 2611 pronuntiat,
1926 2554 1948 2587 ο
1986 2531 2196 2593 eodem

555 2644 669 2705 quo
702 2632 758 2683 et
791 2624 962 2684 Pater
995 2617 1459 2697 modoSpiritum
1487 2618 1706 2680 habere
1737 2619 1911 2681 veluti
1934 2621 2198 2680 omnium

556 2711 912 2774 naturalium
948 2711 1136 2771 Patris
1167 2706 1457 2768 bonorum
1493 2707 1866 2788 participem,
1902 2727 2019 2769 non
2039 2707 2199 2770 asci-

556 2801 746 2862 titium
809 2816 1002 2878 neque
1059 2806 1427 2869 extraneum,
1483 2797 1586 2857 sed
1648 2806 1710 2858 ut
1763 2797 2013 2877 quisque
2059 2815 2200 2858 nos-

2273 1907 2487 1987 πληρῶ,
2552 1906 2696 1986 λέγει
2756 1908 2993 1987 Κύριος;
3045 1933 3070 1967 ι
3146 1909 3253 1965 Οὔκ
3323 1906 3501 1986 ὀλίγον
3555 1928 3636 1964 σοι
3711 1905 3915 1964 πάντως

2275 2000 2327 2054 αἱ
2396 1998 2619 2076 χρήσεις
2677 1995 2827 2052 αὗται
2913 1997 3042 2074 πρὸς
3111 1993 3497 2072 ἔπιστομισμὸν
3551 2000 3658 2051 τῶν
3704 1994 3765 2051 ἐκ
3829 1991 3917 2048 τοῦ

2278 2088 2398 2142 Υἱοῦ
2454 2084 2723 2164 προϊέναι³
2775 2086 2862 2140 καὶ
2925 2087 3268 2164 προχεῖσθαι,
3325 2086 3414 2141 καὶ
3468 2081 3798 2157 ἀναϐλύζειν,
3851 2082 3918 2145 ὡς

2277 2171 2519 2255 χάρισμα
2590 2195 2641 2229 τι
2698 2173 3053 2249 πνευματικὸν
3129 2173 3192 2229 τὸ
3261 2178 3472 2250 Πνεῦμα
3527 2172 3793 2252 λεγόντων
3857 2173 3914 2226 τὸ

2278 2262 2450 2343 ἅγιον,
2483 2260 2897 2323 συντελέσουσιν.

2356 2341 2442 2414 ε’,⁷
2483 2348 2634 2407 Ἀλλ’
2666 2352 2710 2407 εἰ
2766 2352 2853 2407 καὶ
2903 2373 3004 2407 τινι
3069 2358 3174 2409 τῶν
3233 2358 3327 2408 τοῦ
3382 2350 3615 2429 μεγάλου
3675 2347 3920 2429 Κυρίλλου

2277 2440 2747 2518 ἐπιστατικώτερον
2832 2437 3105 2505 ἐπιϐαλεῖς
3184 2441 3388 2518 ῥήσεων
3465 2445 3533 2516 τῇ
3587 2436 3716 2516 παρ’
3774 2439 3924 2495 αὐτοῦ

2280 2529 2554 2604 εἰρημένῃ,
2613 2526 2747 2585 ὅπου
2802 2530 2864 2584 τὸ
2913 2534 3124 2605 Πνεῦμα
3165 2530 3256 2586 τὸν
3304 2530 3423 2585 Υἱὸν
3473 2528 3620 2609 ἔχειν
3691 2525 3924 2603 θεολογεῐ

2285 2641 2307 2673 ιι
2359 2615 2474 2673 καθ’
2524 2615 2583 2672 ὃν
2651 2616 2847 2694 τρόπον
2902 2616 2989 2673 καὶ
3053 2619 3081 2673 ὁ
3147 2618 3351 2697 Πατὴρ,
3412 2619 3484 2680 ὡς
3555 2616 3770 2673 πάντων
3824 2616 3927 2670 τῶν

2281 2707 2510 2782 φυσικῶν
2580 2703 2787 2782 ἀγαθῶν
2857 2715 2951 2765 τοῦ
3033 2707 3237 2784 Πατρὸς
3292 2706 3567 2780 κοινωνὸν,
3640 2706 3739 2761 οῦκ
3793 2702 3926 2759 ἐπα-

2281 2796 2407 2851 κτὸν
2460 2790 2727 2866 δηλονότι,
2783 2791 2892 2849 οὐδ’
2936 2791 3146 2873 ἔξωθεν³
3203 2792 3325 2850 ἀλλ’
3368 2796 3441 2859 ὡς
3497 2793 3719 2856 ἕκαστος
3776 2793 3926 2866 ἡμῶν

557 2899 711 2950 trum
748 2886 1050 2967 proprium
1085 2885 1146 2945 in
1179 2884 1499 2964 semetipso
1531 2885 1801 2965 spiritum
1835 2887 2117 2959 continet,
2143 2894 2194 2947 el

2284 2884 2346 2939 τὸ
2414 2879 2552 2938 ἴδιον
2634 2881 2689 2938 ὲν
2758 2881 2926 2957 ἑαυτῷ
2982 2883 3194 2958 Πνεῦμα
3251 2882 3487 2963 συνέχει,
3570 2883 3660 2939 καὶ
3732 2880 3794 2937 ἑκ
3827 2884 3927 2936 τῶν

560 2998 628 3041 ex
660 2976 883 3039 intimis
913 2973 1237 3036 visceribus
1270 2974 1326 3033 in
1360 2983 1602 3035 externa
1625 2974 1908 3050 effundit;
1948 3000 1973 3029 »
2010 2975 2194 3036 maxi-

2285 2969 2571 3031 ἒνδυτάτων
2622 2968 2948 3050 σπλάγχνων
3003 2972 3076 3035 εἰς
3130 2971 3192 3027 τὸ
3257 2969 3357 3035 ἔξω
3429 2969 3649 3050 προχέει
3686 2986 3702 3001 ·
3742 2988 3769 3022 ι
3826 2989 3924 3044 με-

560 3086 721 3130 mum
756 3083 991 3146 quoque
1046 3061 1148 3123 tibi
1196 3062 1336 3123 inde
1385 3071 1590 3123 contra
1619 3062 1957 3142 importuna
1987 3063 2194 3125 discri-

2289 3057 2459 3139 γᾶλην
2513 3059 2788 3117 κάντεῦθεν
2862 3058 2992 3125 ἔξεις
3080 3061 3215 3116 κατὰ
3270 3065 3377 3115 τῶν
3441 3057 3763 3146 παραλόγων
3813 3056 3926 3113 δια-

563 3158 720 3218 mina
748 3154 1159 3234 adjumentum
1193 3150 1463 3212 habebis.
1497 3150 1729 3213 Etenim
1762 3149 1811 3212 si
1844 3159 2081 3212 sanctus
2096 3151 2207 3233 Cy-

563 3246 764 3308 rillus'
791 3241 1050 3304 hominis
1099 3239 1434 3318 exemplum
1488 3255 1798 3320 usurpans,
1833 3237 2068 3307 Filium,
2102 3241 2207 3315 ait,

563 3334 850 3415 Spiritum
887 3329 1216 3409 effundere,
1251 3327 2047 3408 quemadmodummostrum
2080 3328 2208 3390 sin-

564 3423 685 3502 guli
710 3422 1013 3502 proprium
1046 3418 1317 3498 spiritum
1348 3436 1415 3477 ex
1451 3415 1674 3476 intimis
1698 3415 2027 3478 visceribus
2054 3417 2212 3478 foras

569 3507 1062 3587 eﬂ'undunt;quid
1097 3505 1250 3566 aliud
1278 3504 1490 3565 similis
1523 3504 1732 3566 effusio
1756 3504 1890 3584 erit,
1924 3524 2097 3584 quam
2143 3526 2210 3566 ex

568 3601 718 3664 Filio
752 3597 1033 3659 naturalis
1060 3593 1317 3674 Spiritus
1340 3593 1715 3654 exsistenlia?
1747 3592 1893 3654 Nam
1925 3603 1983 3655 et
2010 3595 2070 3654 in
2104 3597 2213 3655 ho-

571 3687 854 3757 minibus,
882 3694 938 3745 et
970 3684 1028 3744 in
1059 3682 1337 3744 omnibus
1365 3682 1661 3762 aliis,quze
1694 3682 1963 3763 spiritum
1999 3682 2217 3744 habent

573 3774 936 3856 corruptioni
992 3771 1336 3832 obnoxium.
1374 3770 1843 3851 uniuscujusque
1895 3770 2140 3850 spiritus
2186 3789 2219 3832 a

574 3865 835 3946 spirante
867 3858 1269 3922 exsistentiam
1303 3858 1588 3938 possidet.

655 3956 715 4014 6.
755 3958 1072 4030 Propterea
1098 3966 1344 4025 magnus
1391 3948 1643 4009 Basilius
1673 3948 1734 4008 in
1767 3948 2067 4010 nonnullis
2095 3951 2218 4010 suis

577 4040 928 4117 theologicis
959 4036 1134 4098 dictis
1170 4037 1246 4117 t5)
1280 4056 1413 4097 cum
1443 4037 1573 4117 quis
1607 4034 1892 4116 Spiritum
1935 4036 2038 4098 Dei
2074 4054 2215 4116 pro-

2292 3153 2465 3228 φορῶν
2540 3148 2640 3216 τὴν
2722 3149 3091 3227 συγκρότησιν.
3192 3149 3249 3205 El.
3302 3149 3402 3227 γὰρ
3477 3147 3535 3204 ὲν
3588 3145 3929 3226 ὑποδείγματι

2293 3237 2596 3311 ἀνθρωπίνῳ
2682 3240 2710 3294 ὁ
2780 3236 2928 3317 ἅγιος
3026 3235 3278 3317 Κύριλλος
3355 3239 3448 3294 τὸν
3510 3239 3629 3295 Υίὸν
3686 3257 3819 3318 φησι
3872 3236 3930 3290 τὸ

2296 3332 2505 3402 Πνεῦμα
2561 3325 2835 3405 προχέειν²
2895 3327 2969 3390 ὡς
2999 3322 3217 3391 ἕκαστος
3257 3326 3412 3400 ἡμῶν
3440 3326 3503 3382 τὸ
3527 3322 3663 3383 ἴδιον
3731 3331 3929 3399 πνεῦμα

2295 3417 2355 3473 ἐκ
2410 3421 2516 3471 τῶν
2559 3412 2847 3472 ἐνδοτάτων
2916 3415 3073 3472 αὐτοῦ
3100 3413 3427 3495 σπλάγχνων
3455 3415 3527 3479 είς
3558 3416 3619 3470 τὸ
3649 3412 3752 3480 ἔξω
3802 3434 3934 3493 προ-

2294 3503 2435 3583 χέει,
2467 3502 2518 3558 τί
2568 3501 2631 3558 ἂν
2673 3501 2803 3560 ἄλλο
2858 3504 2894 3571 ἡ
2950 3503 3168 3570 τοιαύτη
3219 3503 3478 3583 πρόχυσις
3517 3500 3610 3570 εἴη
3664 3506 3811 3583 παρὰ
3840 3504 3934 3569 τὴν

2297 3593 2348 3658 ἐξ
2404 3593 2526 3650 Υἱοῦ
2590 3591 2817 3672 φυσικὴν
2872 3599 2966 3648 τοῦ
3020 3591 3322 3664 Πνεύματος
3389 3589 3652 3672 ὕπαρξινς
3716 3594 3816 3651 Καὶ
3856 3588 3935 3648 ἐπ’

2297 3683 2582 3761 ἀνθρώπων
2623 3682 2746 3763 γὰρ,
2819 3682 2908 3737 καὶ
2964 3680 3049 3739 ἐπὶ
3076 3682 3288 3738 πάντων
3323 3679 3522 3756 ἄλλων⁹
3558 3680 3656 3737 ὅσα
3730 3689 3933 3748 πνεῦμα

2300 3771 2417 3851 ἔχει
2475 3773 2721 3851 φθαρτὸν,
2804 3771 2867 3826 τὸ
2942 3769 3165 3827 ἑκάστου
3240 3777 3445 3846 πνεῦμα
3499 3770 3641 3849 παρὰ
3695 3778 3793 3829 τοῦ
3846 3770 3937 3827 ἰκ-

2300 3860 2544 3924 πνέοντος
2599 3858 2714 3939 ἕχει
2743 3858 2841 3926 τὴν
2867 3857 3106 3937 ὕπαρξιν.

2379 3938 2482 4022 ς’.
2519 3949 2616 4004 Διὰ
2644 3938 2797 4004 τοῦτο
2827 3949 2855 4004 ὁ
2900 3946 3069 4026 μέγας
3115 3946 3385 4011 Βασίλειος
3442 3947 3498 4004 ἔν
3548 3970 3653 4005 τισι
3708 3955 3815 4007 τῶν
3859 3950 3940 4006 ol-

2300 4039 2454 4094 κείων
2512 4036 2816 4116 θεολογιῶν,
2872 4035 2997 4093 ὅταν
3051 4058 3129 4098 τις
3199 4035 3333 4115 λέγῃ
3402 4039 3613 4113 Πνεῦμα
3641 4044 3795 4114 Θεοῦ,
3853 4038 3944 4117 ἆρ-

578 4129 832 4199 nuntiat,
863 4130 1003 4189 satis
1049 4144 1202 4200 esse,
1243 4125 1439 4197 tradit,
1494 4143 1709 4186 nomen
1763 4124 1874 4185 hoc
1925 4127 2194 4187 exsisten-

2303 4139 2421 4182 κεῖν
2477 4148 2604 4208 φησι
2682 4127 2770 4183 καὶ
2825 4132 2978 4183 τοῦτο
3017 4126 3078 4181 τὸ
3134 4124 3303 4202 ὄνομα
3363 4130 3463 4193 τὴν
3516 4124 3735 4205 ὕπαρξιν
3792 4127 3945 4185 αὐτοῦ

581 4221 714 4280 tiam
752 4219 906 4280 illius
939 4233 1004 4276 ex
1041 4218 1160 4277 Deo
1188 4222 1414 4276 notare.
1448 4214 1594 4277 Cum
1629 4213 1806 4293 igitur
1835 4214 1894 4274 in
1931 4214 2194 4295 plerisqu

2305 4213 2539 4282 δηλῶσαι
2572 4215 2669 4282 τὴν
2711 4214 2772 4272 lx
2815 4221 2964 4275 Θεοῦ.
3017 4216 3074 4271 Εἰ
3128 4221 3252 4293 γοῦν
3306 4213 3584 4295 πολλαχοῦ
3608 4216 3708 4284 τῆς
3740 4215 3943 4296 Γραφῆς

581 4307 901 4387 Scriptura;
953 4304 1100 4365 locis
1152 4301 1408 4382 Spiritus
1460 4302 1671 4373 Patris,
1706 4301 1961 4383 Spiritus
1992 4323 2188 4384 quoqu

2308 4306 2443 4374 πνοή
2501 4304 2597 4379 μὲν
2651 4311 2741 4360 τοῦ
2772 4305 2995 4383 Πατρὸς,
3042 4303 3181 4371 πνοὴ
3236 4302 3291 4359 δὲ
3328 4305 3413 4360 καὶ
3438 4312 3532 4362 τοῦ
3563 4307 3681 4363 Υἶοῦ
3709 4308 3772 4362 τὸ
3799 4305 3945 4384 ἅγιον

581 4397 712 4459 Filii
758 4394 1015 4475 Spiritus
1062 4403 1302 4453 sanctus
1337 4392 1652 4467 vocitatur,
1686 4393 1733 4452 si
1766 4393 1943 4453 veluti
1976 4391 2194 4472 Spiritu

2277 4393 2523 4472 )εἶ’ρηται
2615 4399 2849 4471 Πνεῦμα³
2934 4392 3025 4448 ἐὰν
3079 4394 3153 4456 ὡς
3211 4392 3352 4460 πνοὴ
3407 4401 3499 4452 τοῦ
3553 4395 3817 4470 στόματος
3859 4399 3945 4452 τοῦ

580 4488 705 4547 oris
737 4485 926 4547 Patris
957 4483 1361 4544 exsistentiam
1395 4500 1464 4543 ex
1500 4502 1572 4544 eo
1602 4482 1829 4544 habere
1857 4481 2095 4550 dicitur,
2132 4484 2194 4543 ha

2315 4483 2517 4561 Πιτρὸς
2572 4482 2669 4549 τὴν
2699 4479 2751 4546 ἐξ
2782 4480 2938 4538 αὐτοῦ
2994 4479 3142 4561 ἔχειν
3195 4478 3409 4561 ὕπαρξιν
3460 4481 3695 4562 λέγοιτο³
3726 4482 3819 4550 εἴη
3887 4482 3944 4539 ἂν

582 4575 745 4636 hebit
796 4576 999 4653 utique
1055 4581 1112 4632 et
1164 4572 1420 4632 similem
1481 4591 1549 4632 ex
1595 4571 1743 4632 Filio
1802 4571 2194 4632 exsistentiam

2314 4574 2415 4636 τὴν
2467 4570 2715 4635 τοιαύτην
2769 4571 2857 4627 καὶ
2912 4569 2975 4624 ἐκ
3018 4576 3111 4626 τοῦ
3190 4571 3310 4626 Υἱου
3376 4567 3591 4651 ὕπαρξιν
3652 4570 3808 4652 ἔχον⁹
3878 4573 3944 4636 ὡς

583 4664 759 4725 veluti
786 4649 1009 4736 vivens,
1035 4670 1091 4722 et
1122 4660 1456 4722 essentialis
1485 4660 1619 4722 Filii
1666 4659 1938 4740 Spiritus,
1993 4659 2150 4740 quod
2176 4680 2194 4722 ε

2315 4666 2458 4729 ζῶσα
2506 4659 2594 4714 καὶ
2649 4656 2903 4725 οὖσιώδης
2947 4659 3084 4725 πνοή
3128 4665 3217 4714 τοῦ
3275 4661 3415 4720 Υίοῦ.
3449 4649 3583 4718 ’Ὅτι
3640 4649 3730 4719 καί
3780 4662 3942 4736 στόμα

584 4772 649 4813 os
688 4755 875 4814 l’atris
898 4753 981 4825 t6)
1013 4749 1193 4811 Filius
1217 4751 1271 4810 in
1296 4748 1509 4810 divinis
1544 4748 1869 4830 Srripturis
1918 4748 2194 4812 asseritur

2316 4755 2407 4831 τοῦ
2449 4748 2654 4826 Πατρὸς
2684 4748 2713 4803 ὁ
2761 4748 2883 4810 Υἱὸς
2938 4759 3060 4810 ταῖς
3128 4746 3285 4807 θείαις
3313 4746 3648 4827 θεολογεϊται
3687 4755 3941 4831 Γραφαῖς.

584 4841 654 4902 Ει
702 4841 787 4901 sic
821 4843 945 4920 jam
977 4837 1161 4900 habes
1184 4837 1624 4911 absolutum,ad
1662 4827 1911 4916 primam
1945 4845 2103 4898 tuam
2136 4838 2194 4899 in

2316 4827 2512 4917 ’Ἔχεις
2544 4834 2767 4899 ἐντελῶς
2796 4833 2899 4902 ἤδη
2967 4835 3066 4902 τὴν
3122 4834 3208 4891 ἐπὶ
3357 4837 3542 4916 πρώτῃ
3577 4860 3669 4895 σου
3696 4827 3941 4920 ἐρισιήσει

590 4930 1069 5008 terrogationem,
1127 4946 1519 5006 restionsum,
1581 4925 1814 5006 scriptis
1873 4926 2194 4988 testimonii

2308 4926 2589 5005 ἀπόκρισιν
2655 4925 2760 4982 ἀπὸ
2843 4930 3113 5005 γραφικῶν
3202 4926 3694 5006 συγκεκροτημένην
3750 4950 3945 5009 μαρτυ-

668 5079 700 5126 4
729 5081 842 5140 .It-r.
879 5095 1045 5150 χχιιι,
1080 5078 1176 5138 ‘24.

681 5208 1866 5289 minexpositionelivangeliitJoannis,
1900 5205 1971 5267 ad
1995 5205 2243 5289 illai:_L_‘t
2325 5203 2655 5289 dogmatica
2707 5201 3008 5289 Theodori
3058 5201 3385 5289 presbyteri
3442 5204 3755 5289 Raytheni,
3787 5206 3951 5289 cujus

590 5312 699 5370 ego
755 5282 981 5372 rogabo
1036 5291 1298 5370 Patrem,
1332 5298 1388 5353 et
1417 5282 1609 5351 Filium
1648 5288 2017 5351 Paret-letum
2067 5287 2241 5348 dabit
2325 5282 2680 5372 principium
2710 5300 2724 5346 :
2749 5282 3097 5372 Absurdugn
3124 5282 3427 5372 existimo,
3459 5295 3515 5372 et
3536 5282 3952 5372 probe'_méid

592 5362 852 5455 song
1287 5362 1297 5370 ⁷
1442 5450 1451 5455 _
1718 5451 1752 5455 __
1947 5447 1957 5455 _
2322 5362 2898 5455 ἑξςεὶεῑίὴιαγεηάιιεο.
2919 5362 3116 5455 Αδοξῑο
3155 5381 3328 5455 porro
3358 5362 3723 5455 Orationem,
3751 5366 3951 5455 inqua

679 5454 763 5527 (ὅ)
796 5450 856 5512 In
890 5459 1095 5530 quarta
1126 5449 1355 5511 scilicet
1387 5450 1668 5511 adversus
1717 5447 2064 5508 Eunomiutn
2096 5464 2233 5506 ora-
2320 5443 2540 5530 dictum
2573 5443 2767 5530 simile
2797 5443 3226 5530 contineturjn
3249 5443 3547 5507 nonnullis
3563 5443 3954 5509 voluminibus

598 5521 777 5592 tione.
912 5521 921 5530 ’
1603 5546 1605 5549 ’
2320 5524 2452 5589 divo
2479 5522 2796 5587 Anastasio
2836 5521 3077 5586 ascribi.

684 5614 761 5695 [6)
793 5610 1002 5673 Filium
1038 5631 1104 5672 ος
1136 5608 1324 5670 Patris
1354 5627 1509 5679 esse,
1556 5608 1822 5688 reperies
1872 5608 1930 5668 in
1971 5605 2238 5667 oratione
