4178 6286
320 346 440 414 309

1203 346 1305 419 AD
1346 353 1816 419 THEODOBUM
1862 354 2200 418 SUGDrExE
2247 356 2479 419 EPISC.
2530 356 2674 419 LIB.
2725 357 2800 419 II.

3580 357 3698 422 310

321 483 400 557 μὴ
455 482 809 545 ὗποστέλλου.
873 476 1065 562 Ἡμεῖς
1109 485 1164 543 δὲ
1195 488 1290 550 τὰς
1349 488 1433 545 ἐπὶ
1491 501 1613 551 ’ταῖς
1640 489 1806 566 τρισὶν
1849 488 2037 568 ὲρωσΑ
2063 506 2138 568 qu

2066 487 2202 568 quid
2232 488 2415 560 aliud,
2445 496 2755 570 postquam
2807 489 2868 550 in
2891 489 3100 551 urbem
3126 491 3227 552 tibi
3253 499 3412 553 sorte
3439 511 3699 555 conces-

333 573 557 641 τῆσεσιν
615 574 914 654 ἀποκρίσεις
968 578 1074 634 ἀπὸ
1131 579 1236 632 τῶν
1281 580 1455 657 θείων,
1515 579 1588 642 ὡς
1645 575 1745 644 ἤδη
1789 578 1979 656 ἔγνως,

325 660 547 740 Γραφῶν
630 664 1122 742 συγκεκροτημένας
1197 665 1630 744 προενεγκόντες,
1676 665 1734 724 εἴ
1789 667 1839 722 τί
1894 690 1978 724 σοι

322 746 521 826 ἕτερον,
588 753 724 815 μετά
765 754 824 808 τὸ
867 755 940 818 εἷς
969 753 1067 821 τὴν
1106 753 1380 834 λαχοῠσάν
1410 775 1467 809 σε
1496 753 1769 828 ἀπελθεῖν,
1815 754 1979 834 λόγου

324 839 417 893 καὶ
483 839 795 916 ἐρωτήσεως
839 839 1001 911 ἄξιον,
1064 844 1152 898 καὶ
1193 844 1379 902 τούτου
1433 843 1530 910 τὴν
1561 841 1704 900 λύσιν
1749 842 1815 899 δι’
1859 845 1979 900 ἐτέ-

2067 595 2189 637 sam
2223 578 2576 658 accesseris,
2599 578 2671 638 ab
2703 578 2797 657 iis,
2832 578 2930 658 qui
2961 597 3093 640 sese
3123 589 3447 661 opponunt,
3481 600 3701 660 propo-

2067 666 2242 727 situm
2273 666 2472 738 fuerit,
2507 667 2986 729 consideratione
3035 677 3094 732 et
3123 669 3586 749 interrogatione
3616 669 3702 729 di-

2065 773 2270 835 gnum,
2295 755 2453 816 illius
2485 772 2719 836 quoque
2750 755 3107 818 solutionem
3137 777 3414 820 sermone
3444 758 3557 820 alio
3593 756 3701 818 tibi

2066 862 2174 904 nos
2205 843 2572 905 exhibituros
2601 845 2990 925 spondemus.

324 947 416 1005 ρου
457 926 620 1006 λόγον)
661 929 983 1000 ποιήσασθαί
1023 953 1106 986 σοι
1135 930 1588 1010 ἐπαγγελλόμεθα.

1435 1246 1833 1412 ΤΟΥ
1971 1245 2658 1412 ΑΥΤΟΥ

464 1722 934 1853 ΠΡΟΣ
1042 1727 1398 1859 TON
1501 1725 2474 1859 ΣΟΥΓΔΑΙΑΣ
2586 1731 3542 1861 ΘΕΟΔΩΡΟΝ

1589 2007 1733 2095 ΤΟ
1835 2007 2416 2093 ΔΕΥΤΕΡΟΝ

1627 2315 2398 2447 EJUSDEM

1973 2569 2077 2632 AD

461 2765 1272 2896 SUGD/EzE
1381 2769 2385 2899 EHISCOPUM
2456 2774 3556 2901 THEODORUM

1439 3043 1813 3142 LIBER
1936 3043 2581 3149 SECUNDUS

405 3347 484 3418 α’.
545 3357 617 3412 Σὺ
661 3357 780 3432 μὲν,
857 3356 1102 3436 ἀγαπητέ
1157 3355 1370 3438 ἀδελφὲ,
1415 3354 1510 3421 τὰς
1540 3353 1813 3437 διαφόρους
1872 3358 1974 3414 τῶν
2000 3363 2037 3413 Β

2145 3354 2199 3417 1.
2231 3353 2318 3418 Tu
2351 3356 2616 3439 quidem,
2651 3356 2834 3419 frater
2861 3356 3274 3431 dilectissime,
3299 3357 3488 3418 varias
3515 3353 3589 3416 ab
3614 3353 3712 3416 ad-

324 3444 812 3520 ἀντιδιατιθεμένων
886 3467 967 3503 σοι
1037 3443 1386 3525 ἀντιῤῥήσεις,
1456 3445 1544 3502 καὶ
1615 3443 1670 3518 ἃ,
1744 3446 1820 3514 πῆ
1878 3446 1976 3521 μὲν
2059 3461 2143 3503 vel

2066 3445 2335 3506 versariis
2358 3445 2582 3507 nostris
2600 3445 3122 3523 0bjectiones,tum
3143 3446 3476 3524 Scripturas
3494 3443 3714 3506 calum-

327 3535 422 3591 ἐπὶ
467 3531 743 3597 διαϐολαῖς
813 3539 920 3590 τῶν
976 3539 1220 3614 Γραφῶν,
1280 3534 1356 3602 πῆ
1411 3532 1464 3589 δὲ
1521 3534 1606 3589 ἐπὶ
1664 3533 1974 3595 ἀλλοκότοις
2057 3531 2143 3594 nia

2066 3531 2381 3609 niantibus,
2417 3542 2541 3596 tum
2597 3533 2872 3595 absurdis
2905 3545 2960 3597 et
2989 3544 3214 3598 temere
3243 3533 3591 3614 excogitatis
3615 3531 3711 3591 in-

327 3627 472 3682 οὗτοι
571 3622 963 3702 παρεξηγήσεσι
1055 3622 1289 3700 λέγουσι,
1375 3619 1442 3678 δι’
1495 3621 1758 3702 ἐγγράφου
1843 3625 1976 3698 ἡμῖν
2061 3629 2143 3682 ter

2066 3623 2582 3700 terpretationibus
2641 3641 2767 3684 rem
2819 3623 3380 3697 interturbantibus,
3433 3621 3538 3684 tibi
3573 3639 3712 3701 pro-

327 3713 618 3792 ἐγνώρισας
668 3713 1020 3786 ὑπομνήσεως
1055 3731 1072 3748 ⁸
1133 3713 1297 3785 ἡμεῖς
1355 3709 1408 3766 δὲ
1479 3733 1560 3766 σοι
1607 3710 1974 3790 ἀφοσιούμενοι
2064 3729 2143 3790 ρο

2066 3711 2304 3790 positas,
2334 3712 2486 3773 datis
2519 3711 2729 3773 litteris
2761 3711 2832 3772 ad
2868 3713 3053 3774 nostri
3109 3713 3454 3775 memoriam
3517 3728 3710 3771 anno-

323 3805 387 3859 τὸ
418 3800 754 3879 ἐπάγγελμα,
812 3801 911 3856 τάσ
937 3803 1012 3856 ὧν
1040 3799 1186 3856 αὐτοί
1227 3821 1352 3880 φασι
1401 3799 1616 3856 πάντων
1660 3799 1978 3873 ἀνασκευάς⁹
2065 3807 2143 3860 tas

2066 3799 2220 3862 tasti.
2256 3802 2377 3863 Nos
2405 3819 2540 3862 vero
2573 3821 2687 3880 quo
2745 3799 3011 3863 obstricti
3065 3821 3292 3882 sumus,
3355 3799 3712 3881 promissum

323 3890 411 3948 διὰ
495 3891 763 3968 γραφικῶν
878 3889 1368 3968 συγκεκροτημένας
1467 3887 1774 3967 παρέχομεν
1876 3896 1980 3944 τῶν
2063 3887 2143 3948 sol

2066 3887 2384 3956 solventes,
2418 3907 2549 3970 quae
2580 3887 2694 3968 ipsi
2736 3888 3096 3966 injmedium
3130 3891 3408 3962 aderunt,
3443 3887 3710 3950 omnium

323 3984 646 4057 μαρτυριῶν,
697 3979 770 4040 ὼς
810 3976 872 4032 ἂν
903 4000 983 4034 σοι
1027 3977 1257 4034 ἐντεῦθεν
1312 3978 1398 4034 καὶ
1442 3977 1652 4054 γένοιτο
1720 3978 1786 4034 τά
1841 3979 1982 4055 παρὰ
2062 3979 2143 4036 ret

2066 3976 2449 4039 refutationes
2497 3978 2719 4058 scripto
2754 3978 2984 4041 traditis
3039 3979 3396 4042 teSIimoniis
3450 3980 3714 4039 ﬁrmatas

322 4076 433 4125 τῶν
517 4064 896 4145 ἀντιλεγόντων
976 4066 1341 4145 ἀναισχύντως
1398 4064 1560 4121 πλέον
1631 4065 1666 4134 ἢ
1736 4065 1977 4136 ἀνοήτως
2065 4066 2143 4126 ex}

2066 4065 2509 4141 exhibemus,ut
2532 4066 2634 4127 tibi
2667 4077 3002 4148 promptum
3029 4068 3294 4142 sit,dicta
3312 4064 3714 4128 inverecunde

323 4155 590 4234 λεγόμενα
619 4159 871 4219 εὖσθενῶς
914 4154 1258 4235 ἀπελέγχειν,
1310 4157 1408 4213 Καὶ
1437 4153 1593 4211 ἄκουε
1638 4153 1727 4225 δή,
2061 4173 2143 4215 ma

2066 4155 2268 4234 magis,
2303 4175 2477 4235 quam
2522 4156 2750 4218 insulse
2775 4157 3096 4237 praposita,
3130 4160 3372 4218 robuste
3403 4155 3713 4234 valideque

2061 4243 2356 4305 refellere.
2398 4244 2464 4306 Et
2495 4253 2719 4305 attento
2751 4249 2834 4306 sis
2865 4246 3085 4306 animo.

409 4324 484 4412 β’.
544 4332 738 4390 Αὖτίκα
791 4334 893 4411 πρὸ
947 4339 1053 4389 τῶν
1138 4330 1335 4411 ἄλλων,
1397 4331 1510 4387 ἐπεὶ
1555 4330 1839 4412 κεφάλαιον
1883 4332 1977 4400 τῆς

2147 4333 2206 4394 2.
2243 4333 2391 4394 Ante
2443 4336 2663 4402 omnia.
2733 4353 2866 4394 cum
2922 4343 3094 4413 caput
3149 4341 3262 4393 ture
3315 4332 3387 4394 ad
3448 4349 3556 4392 nos
3613 4348 3709 4392 re-

326 4427 590 4502 ἀναφορᾶς
670 4422 879 4501 πρῶτόν
933 4443 1020 4477 σοι
1077 4419 1316 4499 γέγονεν,
1375 4418 1441 4486 ἢν
1519 4419 1659 4476 οὗτοι
1714 4429 1984 4477 ποιεῦνται
2067 4419 2143 4481 lat

2067 4419 2304 4482 lationis
2336 4422 2590 4502 primum
2637 4421 2835 4491 fuerit,
2899 4421 3241 4482 eorumdem
3273 4419 3607 4481 criminatio
3637 4419 3710 4480 dc

329 4509 606 4580 διαϐολὴν,
667 4507 748 4589 ἐφ’
777 4509 866 4573 οἷς
923 4511 951 4565 ὁ
981 4507 1146 4571 πολὺς
1197 4508 1262 4563 τὰ
1317 4510 1439 4563 θεῖα
1468 4507 1742 4571 Βασίλειος
1799 4508 1851 4564 ἐν
1908 4516 1984 4582 τῷ
2067 4511 2139 4572 iis

2067 4511 2164 4590 iis,
2200 4529 2332 4590 qua;
2369 4529 2611 4590 magnus
2642 4510 2699 4570 in
2732 4509 2911 4570 rebus
2941 4510 3156 4570 divinis
3188 4506 3712 4589 apprehendendis

331 4609 438 4658 τῶν
507 4601 638 4678 πρὸς
698 4599 951 4674 Εὒνόμιον
1032 4595 1415 4675 ἀντιῤῥητικῶν
1499 4597 1657 4675 τρίτῳ
1709 4597 1975 4676 θεολογεῖ,
2000 4646 2039 4694 C
2067 4616 2132 4660 ex

2067 4597 2548 4679 exponendisque
2573 4597 2824 4658 Basilius
2846 4598 3021 4659 tertio
3044 4597 3327 4658 adversus
3353 4595 3708 4656 Eunomium

326 4694 364 4757 ἡ
428 4690 645 4754 τοιαύτη
713 4687 956 4765 θεολογία
1010 4693 1103 4742 του
1163 4683 1349 4764 λόγου,
1401 4687 1474 4746 ὡς
1505 4685 1589 4740 ἐπὶ
1618 4683 1810 4750 λέξεών
1841 4683 2039 4742 ἐστινυ
2067 4688 2143 4748 Αῐ

2067 4686 2474 4748 Antirrlietico
2509 4686 2707 4759 tradit,
2742 4685 2842 4746 ille
2896 4686 2970 4746 de
3002 4685 3178 4746 rebus
3208 4684 3552 4762 tbeologicis
3582 4684 3709 4744 dis-

325 4781 553 4859 ἔχωσα,
627 4776 1081 4854 προανατετάχθω
1140 4797 1252 4850 μοι,
1314 4775 1387 4838 ὠς
1447 4773 1509 4830 ἂν
1566 4781 1672 4830 τῶν
1728 4777 1799 4839 εἷς
1847 4775 1982 4830 ἀνει-
2069 4795 2139 4836 Cll

2069 4794 2277 4836 cursus
2308 4775 2645 4847 universus,
2680 4779 2762 4836 uti
2797 4793 2930 4835 sese
2981 4773 3177 4850 habet,
3215 4774 3481 4853 ejusdem
3516 4772 3712 4832 verbis

325 4868 523 4933 σκευὴν
608 4871 706 4932 τῆς
792 4863 1043 4931 διαϐολῆς
1128 4863 1400 4943 ἐχομένως
1457 4861 1720 4938 ῥηθέντων
1781 4887 1869 4937 μοι
1921 4866 1985 4919 τὰ
2068 4883 2141 4924 an

2068 4871 2206 4924 ante
2226 4863 2339 4923 alia
2372 4862 2735 4942 digerendus
2767 4872 2877 4937 est,
2910 4870 2992 4938 ut,
3029 4881 3159 4943 qum
3186 4871 3320 4942 apta
3350 4869 3486 4922 sunt
3515 4862 3584 4923 ad
3616 4879 3710 4922 re-

329 4956 520 5031 ἐφεξῆς
571 4957 669 5023 τὴν
724 4956 889 5012 οὶκίαν
943 4952 1044 5018 ἕξει
1115 4954 1250 5009 κατὰ
1307 4950 1448 5016 τάξιν
1519 4951 1616 5018 τὴν
1669 4950 1978 5028 ἀπολογίαν,
2071 4962 2143 5012 tUI

2071 4951 2426 5012 tundeudam
2459 4951 2955 5028 criminationem,
3015 4958 3217 5031 postea
3247 4949 3584 5031 propositis,
3618 4967 3709 5010 re-

332 5021 508 5124 ’Ἔχει
573 5021 636 5100 62
697 5045 732 5112 ἡ
788 5041 1032 5121 θεολογία
1089 5041 1173 5098 ἐπὶ
1229 5039 1418 5106 λέξεων
1478 5041 1616 5096 οὕτω
1650 5059 1664 5074 ο
1706 5062 1732 5093 α
1765 5021 1982 5120 ΤῖςἿγάρ
2065 5041 2143 5120 liq

2066 5041 2226 5120 liqua
2256 5058 2360 5102 suo
2412 5040 2623 5102 ordine
2681 5021 2978 5122 propriam
3012 5021 3461 5119 responsionem
3495 5021 3709 5100 conse-

327 5114 563 5213 ἀνάγκη,
632 5134 676 5188 εἱ
717 5139 794 5206 τῷ
837 5130 1091 5206 ἀξιώματι
1134 5133 1222 5186 καὶ
1264 5135 1331 5206 τῇ
1391 5128 1530 5194 τάξει
1587 5128 1756 5205 τρίτον
1810 5130 1982 5208 ὑπάρ-
2067 5148 2143 5208 qu

2067 5114 2342 5208 quantur.
2391 5114 2701 5192 Πὶειισυνδυὲ
2722 5114 2940 5202 autem,
2970 5114 3130 5190 illius
3153 5127 3367 5202 verbis,
3404 5147 3520 5195 non
3553 5128 3706 5206 aliis,

327 5245 422 5304 χει
483 5225 545 5278 τὸ
614 5227 847 5300 Πνεῦμα³
906 5222 1073 5298 τρίτον
1132 5219 1274 5276 εἶναι
1334 5220 1456 5276 αὐτὸ
1499 5218 1587 5272 καὶ
1655 5223 1723 5293 τῇ
1781 5218 1976 5297 φ·3σει;
2067 5217 2143 5298 dig

2067 5217 2406 5298 digeretur:
2451 5216 2625 5289 «Quae
2656 5217 2815 5279 enim
2855 5217 3173 5279 neces.~itas
3204 5227 3315 5290 est,
3348 5217 3397 5277 si
3427 5216 3710 5296 dignitate

329 5311 629 5386 Ἀξιώματι
694 5311 791 5385 μὲν
835 5311 933 5388 γὰρ
1000 5307 1313 5387 δευτερεύειν
1343 5315 1434 5364 τοῦ
1480 5309 1620 5385 Υἷοῦ,
1667 5305 1793 5385 παρ’
1826 5311 1983 5366 αὐτου
2067 5315 2124 5367 et

2067 5315 2124 5367 et
2155 5306 2364 5368 ordine
2397 5307 2602 5367 tertius
2626 5315 2714 5368 est
2745 5306 3020 5387 Spiritus,
3047 5306 3284 5367 tertium
3313 5315 3370 5368 et
3391 5307 3555 5367 illum
3577 5325 3709 5369 esse

329 5405 392 5460 τὸ
447 5402 590 5458 εἶναι
619 5403 772 5484 ἔχον³
802 5399 893 5455 καὶ
937 5397 1064 5477 παρ’
1119 5398 1278 5454 αὒτοῦ
1328 5393 1623 5476 λαμϐάνον²
1683 5399 1771 5453 καὶ
1816 5397 1986 5474 ἀναγ-
2070 5414 2141 5455 na

2070 5404 2326 5458 natura?
2358 5394 2620 5476 Namque
2652 5395 2936 5475 dignitate
2970 5395 3356 5475 posteriorem
3383 5413 3512 5456 esse
3532 5395 3702 5477 Filio,

328 5490 521 5571 γέλλον
578 5485 858 5568 ἡμῖν,”καὶ
889 5486 1031 5550 ὅλως
1085 5487 1287 5552 ἐκείνῆς
1337 5491 1433 5552 τῆς
1466 5487 1633 5548 αἳτίας
1664 5485 1978 5565 ἐξημμένον,
2067 5493 2143 5545 la]

2067 5493 2343 5558 tanquam
2370 5485 2469 5564 qui
2492 5484 2563 5544 ab
2587 5503 2681 5559 eo,
2717 5485 2872 5565 quod
2911 5485 3011 5558 sit,
3037 5484 3235 5564 habet,
3271 5500 3325 5546 et
3352 5485 3426 5545 ab
3448 5503 3517 5545 eo
3547 5485 3706 5546 acci—

328 5577 682 5660 παραδίδωσιν
724 5579 754 5634 ὁ
809 5580 909 5643 τῆς
966 5573 1227 5638 εὒσεϐείας
1272 5573 1430 5652 λόγος
1461 5578 1478 5604 ⁶
1554 5576 1703 5653 φύσει
1749 5573 1803 5629 δὲ
1832 5575 1980 5652 τρίτῃ
2066 5574 2143 5654 pit

2066 5574 2170 5654 pit,
2208 5582 2262 5634 et
2319 5573 2492 5635 nobis
2548 5577 2968 5648 communicat,
3002 5585 3062 5637 et
3115 5593 3358 5654 prorsus
3385 5573 3472 5634 illi
3517 5593 3706 5637 causae

329 5673 562 5750 χρῆσθαι
605 5666 724 5725 οὔτε
782 5667 923 5746 παρὰ
976 5673 1082 5722 τῶν
1141 5664 1306 5743 ἀγίων
1349 5666 1565 5743 Γραφῶν
1615 5661 1977 5741 δεδιδαγμεθα,
2068 5663 2138 5724 ad

2068 5663 2348 5728 adhaeret.
2384 5661 2554 5725 nobis
2585 5664 2814 5744 pietatis
2844 5682 3038 5727 sermo
3073 5664 3287 5726 tradit:
3331 5671 3539 5723 natura
3566 5681 3705 5724 vero

329 5749 443 5818 οὔτε
503 5759 565 5816 ἔκ
629 5758 737 5813 τῶν
807 5754 1099 5835 εἰρημᾶνων
1168 5753 1303 5812 κατὰ
1347 5753 1410 5809 τὸ
1451 5750 1736 5811 ἀκόλουθον
1769 5749 1985 5810 δυνατὸν
2072 5761 2143 5813 tet

2072 5752 2240 5813 tertia
2272 5753 2375 5828 uti,
2406 5770 2598 5833 nepue
2621 5771 2652 5814 a
2673 5752 2886 5817 divinis
2909 5752 3230 5836 Scripturis
3257 5751 3453 5814 edocti
3475 5768 3700 5831 sumus,
