4178 6286
509 315 616 383 311

1573 317 1846 385 JOANN.
1878 317 2097 383 vacc1
2126 320 2237 382 ap.
2273 319 2805 385 PATRIABCM.
2922 306 2944 335 '

3780 320 3891 387 312

506 467 729 530 neque,
761 471 830 513 ex
850 452 973 531 jam
1033 451 1210 513 dictis
1238 459 1676 533 consequenter
1712 451 1911 530 colligi
1944 455 2153 530 potest.

2247 448 2667 528 συλλογισασθαι.
2733 442 2824 517 Ὠς
2876 454 2976 533 γὰρ
3033 457 3061 511 6
3121 457 3240 520 Υἱὸς
3288 442 3430 520 τάξει
3490 455 3590 530 μὲν
3646 453 3890 534 δεύτερος

513 536 1031 610 Quemadmodum
1065 542 1221 603 enim
1253 541 1440 603 Filius
1484 541 1692 602 ordine
1721 539 1959 620 quidem
1994 558 2029 600 a
2054 537 2164 599 Pa-

508 633 600 687 tre
633 629 934 690 secundus
966 638 1076 703 est,
1109 629 1391 709 quoniam
1424 628 1496 690 ab
1524 629 1626 690 illo
1659 638 1836 703 est,et
1858 628 2163 707 dignitate,

511 715 794 795 quoniam
816 716 1184 799 origo,atque
1207 736 1387 779 causa
1402 717 1561 798 quod
1595 717 1697 779 ille
1718 718 1816 792 sit,
1854 720 2023 779 Pater
2055 725 2164 790 est,

510 812 569 865 et
597 805 757 885 quod
784 825 888 886 per
917 807 1113 887 ipsum
1149 823 1452 881 accessus,
1489 814 1548 868 et
1579 806 1856 867 adductio
1878 805 1950 867 ad
1982 806 2167 867 Deum

508 892 744 954 Patrem
775 915 791 974 ;
826 904 1036 956 natura
1083 913 1222 956 vero
1256 895 1419 956 nullo
1450 894 1628 956 modo
1652 894 1977 968 secundus,
2010 892 2167 973 quod

511 980 571 1042 in
596 990 847 1062 utroque
872 1000 989 1045 una
1013 982 1214 1045 Deitas
1262 993 1351 1045 est
1377 1006 1390 1044 :
1418 984 1498 1044 ita
1542 984 1818 1045 videlicet
1841 991 1894 1043 et
1917 980 2170 1061 Spiritus

510 1078 776 1144 sanctus,
811 1080 867 1132 et
896 1071 949 1131 si
981 1071 1266 1149 dignitate
1292 1081 1352 1134 et
1397 1072 1607 1133 ordine
1637 1072 1936 1134 secundus
1958 1090 1992 1131 a
2018 1070 2169 1131 Filio

508 1166 620 1226 est.
650 1178 767 1219 non
800 1167 999 1221 tamen
1045 1159 1473 1231 verisimiliter,
1519 1163 1727 1222 alienae
1758 1179 1889 1221 esse
1921 1168 2165 1239 natura,

505 1246 651 1308 inde
678 1248 964 1328 consequi
987 1248 1330 1309 dixerimus.
1349 1272 1369 1300 ι
1397 1248 1469 1310 Ει
1490 1249 1601 1309 hoc
1625 1249 1818 1327 magni
1856 1246 2058 1309 Basilii
2092 1247 2168 1309 de

511 1334 734 1416 Spiritu
763 1345 967 1397 sancto
999 1336 1395 1414 theologicum
1417 1337 1665 1411 dictum,
1701 1346 1763 1397 ut
1795 1337 1985 1417 primo
2016 1336 2166 1397 rela-

511 1423 690 1484 tionis
725 1433 835 1485 tuae
864 1424 1057 1504 capite
1086 1425 1449 1499 continetur,
1485 1426 1643 1486 inter
1682 1434 1739 1488 te
1790 1434 1846 1486 et
1894 1443 2026 1486 sese
2059 1424 2164 1486 tibi

2246 546 2337 596 τοῦ
2394 541 2621 618 Πατρὸς,
2667 538 2747 596 ὅτι
2778 540 2872 597 ἀπ’
2903 542 3127 616 ἐκείνου,
3159 544 3249 599 καί
3277 543 3559 619 ἀξιώματι,
3588 543 3667 599 ὅτι
3721 545 3886 623 ἀρχὴ,

2246 628 2334 687 καὶ
2388 630 2526 686 αἰτία
2595 635 2672 702 τῷ
2728 630 2871 686 εἶναι
2930 633 3087 688 αὐτοῦ
3146 631 3374 712 Πατέρα,
3403 634 3492 688 καὶ
3520 630 3602 689 ὅτι
3632 630 3698 688 δι’
3741 633 3893 689 αὒτοῦ

2249 718 2283 784 ἡ
2337 716 2593 797 πρόσοδος
2624 720 2710 775 καὶ
2778 721 3102 799 προοαγωγιὶ
3163 724 3293 799 πρὸς
3344 724 3434 779 τὸν
3465 724 3595 779 Θεὸν
3650 724 3739 779 καὶ
3779 729 3892 780 Πα-

2249 805 2373 882 τὲμι
2406 825 2421 842 ο
2454 808 2602 888 φύσει
2645 805 2700 863 δὲ
2743 810 2838 864 οὒκ
2892 808 2969 865 ἔτι
3013 808 3271 889 δεύτερος,
3316 808 3455 868 διότι
3525 813 3561 879 ἡ
3591 811 3778 877 θεότης
3843 811 3893 868 ἐν

2250 894 2480 974 ἐκατέρῳ
2537 896 2630 971 μία
2663 913 2677 926 ⁸
2726 896 2863 954 οὕτω
2909 896 3151 965 δηλονότι
3182 901 3270 956 καὶ
3298 901 3360 956 τὸ
3390 902 3603 975 Πνεῦμα
3632 902 3692 956 τὸ
3724 899 3890 977 ἅγιον,

2250 985 2294 1040 εἰ
2352 986 2439 1040 καὶ
2511 983 2804 1061 ὃποϐἐβηκε
2862 988 2951 1042 τὸν
3009 989 3128 1043 Υἱὸν
3318 985 3458 1052 τάξει
3514 990 3602 1044 καὶ
3629 995 3708 1062 τῷ
3737 988 3894 1055 ἂξιώ-

2251 1095 2399 1147 ματι,
2489 1075 2583 1130 οὐκ
2640 1072 2715 1130 ἔτ’
2769 1073 2830 1129 ἂν
2901 1076 3117 1139 εἰκότως
3174 1079 3247 1140 ὡς
3307 1074 3583 1154 ἀλλοτρίας
3657 1078 3894 1158 ὑπάρχον

2249 1161 2452 1240 φύσεως
2521 1160 2829 1219 ἀκολουθεῖν
2871 1162 3118 1239 εἴπομεν,
3153 1166 3203 1237 ξ»
3243 1165 3386 1231 Αὕτη
3415 1170 3521 1220 τῶν
3563 1174 3655 1224 τοῦ
3726 1168 3893 1244 μεγά-

2249 1247 2343 1305 λου
2426 1248 2698 1306 Βασιλείου
2778 1250 3095 1329 θεολογικῶν
3178 1254 3294 1332 περὶ
3379 1254 3685 1329 Πνεύματος
3773 1257 3897 1312 οὖσα

2249 1339 2536 1416 περικοπή,
2593 1340 2664 1401 ὡς
2724 1340 2785 1394 τὸ
2853 1341 3065 1417 πρῶτον
3104 1339 3293 1410 ἐδήλου
3343 1365 3425 1398 σοι
3484 1342 3580 1408 τῆς
3610 1343 3894 1423 ἀναφορᾶς,

2249 1425 2416 1504 μέγαν
2472 1424 2666 1501 μεταξύ
2721 1449 2812 1482 σου
2868 1430 2957 1484 καὶ
3011 1435 3115 1485 ’τῶν
3171 1428 3658 1505 ἀντιδιατιθεμένων
3715 1431 3895 1498 ἵστησι

2247 1516 2337 1570 τὸν
2404 1515 2583 1592 ἀγῶνα
2619 1534 2635 1551 ⁸
2721 1522 2814 1570 σοῦ
2897 1516 2992 1590 μὲν
3075 1514 3454 1593 ’διενισταμένου
3519 1519 3574 1594 ﬁ.
3631 1521 3739 1595 μὴν
3805 1522 3895 1584 τὰς

2249 1601 2471 1666 ἐντελῶς
2568 1606 2642 1668 ὡς
2739 1603 2956 1663 ἐνταῦθα
3042 1607 3127 1662 καὶ
3213 1606 3631 1685 ἀναγέγραπται,
3699 1610 3897 1676 ταύτην

507 1521 879 1592 opponentes
910 1521 1208 1574 certamen
1235 1513 1571 1587 exsuscitat,
1602 1516 1743 1575 dum
1776 1521 1835 1572 tu
1859 1512 2168 1573 contendis

505 1600 723 1674 libros,
759 1601 861 1680 qui
893 1600 1114 1662 dictum
1153 1602 1277 1680 jam
1309 1601 1672 1681 propositum
1707 1602 2023 1678 integrum,
2060 1619 2170 1662 nec

509 1688 707 1768 aliqua
766 1688 858 1783 sui
909 1697 1076 1770 parte
1139 1689 1543 1783 imminutum,
1579 1698 1642 1783 ut
1671 1708 1843 1770 supra
1875 1690 2163 1783 digestum

2250 1692 2477 1771 ἐχούσας
2544 1690 2754 1783 βίϐλους
2809 1695 2903 1783 τί)-
2929 1691 3139 1783 βέϐαιον
3197 1697 3414 1783 αὐχεῖν,
3440 1697 3534 1783 καὶ
3560 1696 3895 1776 ἀπαρεγχεί-

507 1784 620 1850 est,
657 1777 985 1852 continent,
1022 1778 1366 1838 ﬁrmitatem
1424 1777 1538 1839 sibi
1567 1778 1889 1850 vindicare,
1920 1796 2030 1838 nec
2063 1778 2164 1841 ulli

2248 1801 2431 1860 ρητον,
2477 1787 2580 1837 τῶν
2625 1780 2679 1837 δέ
2728 1805 2789 1860 γε
2839 1780 2906 1837 δι’
2948 1782 3183 1846 ἐναντίας
3229 1781 3402 1840 πολλὰ
3430 1781 3894 1863 διισχυριζομένων

509 1866 826 1927 calumnia;
863 1866 1081 1947 subjici
1121 1889 1134 1925 :
1169 1866 1257 1927 illi
1304 1885 1444 1927 vero
1477 1885 1547 1929 ex
1578 1868 1823 1928 adverso
1854 1866 1968 1928 alia
1991 1875 2164 1947 atque

2247 1868 2494 1948 ἑτέρωθεν
2552 1871 2645 1935 τὰς
2717 1872 2811 1945 μὲν
2858 1870 3022 1934 οὕτως
3071 1871 3301 1951 ἐχούσας
3371 1870 3598 1950 ἀκριϐῶς
3654 1877 3895 1932 νενοθεῦ-

508 1953 645 2028 alia,
685 1955 858 2016 etiam
892 1955 1068 2034 longe
1119 1954 1360 2017 aliunde
1395 1956 1600 2036 petita,
1636 1956 2004 2017 contentiose
2034 1974 2164 2036 pro-

2249 1960 2387 2032 σθαι,
2416 1956 2498 2037 ἐφ’
2558 1959 2645 2023 οἷς
2698 1960 2851 2016 αὗται
2906 1960 2989 2032 τὸ,
3061 1982 3083 2014 ε
3120 1960 3243 2037 παρ’
3289 1963 3443 2017 αὖτοῠ
3472 1962 3534 2016 τὸ
3562 1962 3704 2017 εἶναι
3741 1961 3890 2042 ἕχον,

509 2043 755 2119 ducant,
819 2043 1029 2120 libros,
1063 2045 1166 2125 qui
1223 2045 1443 2106 similia
1493 2045 1821 2115 continent,
1878 2044 2163 2107 falsidicis

2247 2047 2333 2102 xui
2360 2046 2484 2121 παρ’
2548 2047 2705 2104 αὐτοῦ
2760 2046 3046 2123 λαμϐάνον,
3081 2050 3168 2104 καὶ
3225 2048 3568 2127 ἂναγγὲλλον,
3615 2052 3776 2125 ἡμῖν,
3809 2055 3895 2108 καὶ

504 2132 757 2194 fallaciis
787 2151 1032 2213 prorsus
1062 2142 1305 2195 onustos
1338 2152 1496 2209 esse,
1552 2134 1614 2195 in
1652 2135 1726 2195 iis
1782 2152 1999 2213 nempe
2029 2153 2161 2213 quae

2247 2135 2451 2202 ἐκείνης
2507 2141 2604 2202 τῆς
2636 2138 2802 2201 αἰτίας
2857 2135 3153 2212 ἐξημμένον
3200 2160 3224 2193 ιι
3274 2135 3689 2213 διαλαμϐάνουσι
3740 2155 3754 2169 ’
3800 2141 3892 2201 τας

510 2230 805 2294 asserunt,
867 2246 893 2277 α
928 2222 1236 2302 Tanquam
1269 2222 1371 2304 qui
1418 2222 1493 2283 ab
1548 2242 1641 2299 eo,
1693 2222 1848 2302 quod
1899 2223 1996 2295 sit,
2057 2223 2153 2284 ha-

2247 2222 2294 2279 δὲ
2338 2225 2416 2299 μὴ
2476 2225 2639 2284 οὕτως
2683 2226 2939 2306 ἐχούσας,
2995 2229 3067 2281 ῶν
3135 2225 3299 2283 ταῦτα
3355 2224 3556 2294 δηλαδὴ
3602 2225 3892 2307 διαγέγρα-

509 2307 630 2387 bet,
666 2317 724 2371 et
751 2311 824 2371 ab
857 2329 926 2372 eo
957 2310 1195 2390 accipit,
1230 2320 1289 2371 et
1326 2310 1498 2372 nobis
1528 2312 1858 2385 annuntiat,
1894 2318 1951 2372 et
1983 2327 2154 2389 pror-

2247 2334 2388 2386 πται,
2436 2313 2523 2369 καὶ
2557 2312 2701 2388 μάλα
2752 2316 2813 2370 τὸ
2881 2313 3073 2381 ἀληθὲς
3118 2313 3266 2394 ἔχειν
3296 2317 3376 2371 καὶ
3434 2316 3714 2397 ἀκραιφνές
3755 2338 3769 2351 ο
3806 2321 3895 2375 καὶ

510 2415 613 2460 sus
641 2398 729 2460 illi
785 2417 978 2461 causae
1030 2399 1334 2478 adhaeret;
1375 2424 1401 2454 »
1439 2400 1539 2480 qui
1593 2418 1730 2461 vero
1789 2399 2007 2460 similia
2037 2417 2154 2459 non

2247 2398 2318 2454 ἔτι
2391 2402 2507 2475 μὲν,
2558 2403 2631 2466 εἷς
2688 2401 2776 2459 δύο
2833 2401 2968 2459 οὕτω
3014 2402 3150 2482 μέρη
3194 2404 3485 2481 γινομένων
3533 2411 3636 2461 τῶν
3670 2404 3891 2482 βίϐλων,

507 2485 749 2562 habent,
784 2502 843 2549 et
875 2505 948 2549 ex
975 2489 1191 2569 quibus
1214 2488 1351 2549 talia
1372 2486 2155 2568 abjudicantur,verissimos

2247 2487 2290 2544 ἕν
2337 2491 2611 2549 ὁποιονοῦν
2641 2513 2690 2546 τι
2733 2491 3051 2565 νενόθευται,
3098 2489 3372 2560 δηλονιτιῆ
3415 2495 3503 2550 xui
3546 2493 3752 2575 τυφλῷ.

512 2594 581 2638 ac
612 2576 1055 2641 sincerissimos
1085 2593 1265 2642 esse:
1303 2585 1387 2652 et,
1440 2581 1590 2639 duas
1619 2578 1704 2639 sic
1761 2579 1817 2639 in
1857 2584 2052 2658 partes
2104 2576 2276 2639 libris
2304 2575 2557 2653 ;divisis,
2612 2596 2791 2639 unam
2851 2597 3092 2660 prorsus
3148 2578 3536 2643 adulteratam
3593 2600 3754 2658 esse,
3798 2575 3890 2645 vel

503 2682 698 2725 caecus
728 2664 963 2728 viderit.
2392 2684 2413 2711 ί

586 2754 646 2815 3.
680 2756 822 2817 Cum
881 2772 1019 2815 vero
1068 2762 1125 2814 et
1178 2764 1467 2817 accuratae
1517 2754 2040 2831 considerationis,
2107 2766 2164 2818 et

2325 2747 2403 2836 γ’.
2477 2756 2627 2814 Ἐπεὶ
2683 2755 2738 2814 δὲ
2816 2758 3121 2835 σκέμματος
3180 2761 3421 2841 ἂκρικοῦς
3485 2767 3583 2828 τῆς
3642 2759 3892 2829 ἀληθείας

506 2841 804 2904 sermonis
829 2843 927 2924 qui
960 2842 1137 2906 ﬁdem
1167 2842 1344 2906 faciat
1393 2844 1465 2906 ad
1498 2844 1917 2907 inveniendam
1949 2845 2163 2907 verita—

2247 2848 2376 2925 πρὸς
2434 2844 2657 2924 εὕρεσιν,
2731 2850 2818 2903 xui
2868 2846 3029 2926 λόγου
3076 2858 3321 2907 πιστικοῦ
3376 2852 3553 2930 χρεία,
3584 2852 3674 2907 τὸν
3704 2872 3889 2907 πιστι-

504 2938 647 3002 tem,
681 2950 832 3011 opus
861 2931 959 3001 sit,
993 2951 1112 2993 non
1143 2937 1494 3009 lsermonem
1526 2934 1707 3005 hunc.
1746 2936 1847 3016 qui
1875 2935 1970 3011 sit,
2004 2932 2157 2997 duo-

2247 2936 2340 2991 κὸν
2397 2941 2581 2992 τοῦτον
2629 2934 2785 3014 λόγον
2843 2938 3006 3010 ἡμεῖς
3065 2936 3175 2994 δυσὶ
3227 2942 3431 3002 τούτοις
3494 2939 3729 3018 τρόποις,
3782 2941 3889 3012 καὶ,

502 3019 617 3081 bus
646 3004 812 3082 hisce
847 3020 1064 3093 modis,
1098 3004 1178 3094 et,
1215 3032 1281 3083 ut
1335 3040 1443 3100 ego
1498 3040 1659 3102 reor,
1714 3004 2158 3104 quibus'nemo

2247 3025 2314 3087 ὡς
2395 3021 2623 3103 ἐγῷμαι,
2708 3004 3127 3104 άναντίῤῥήτοις,
3214 3004 3539 3107 εὑρίσκομεν,
3623 3004 3726 3084 ἑνὶ⁷
3796 3004 3892 3103 μὲν

504 3108 950 3184 contradixerit,
987 3110 1173 3172 altero
1226 3111 1555 3174 secundum
1581 3113 1899 3191 judicium,
1936 3113 2093 3194 quod
2125 3133 2160 3174 a

2247 3112 2377 3168 κατὰ
2448 3112 2620 3191 κρίσιν
2651 3115 3002 3190 εὑρισκομένῳ
3058 3116 3156 3183 τὴν
3228 3117 3331 3173 ἀπὸ
3387 3116 3683 3195 λογισμῶν,
3730 3116 3893 3195 ἐτέρῳ

502 3197 835 3260 rationibus
866 3199 1308 3279 petitur,altero
1339 3201 1670 3262 secundum
1700 3202 2161 3263 demonstratio-

2247 3199 2298 3255 δὲ
2368 3198 2486 3255 κατ’
2516 3199 2776 3266 ἀπόδειξιν
2827 3204 3165 3279 συναγομένῳ
3213 3206 3309 3272 τὴν
3357 3205 3461 3260 ἀπὸ
3489 3210 3595 3260 τῶν
3644 3211 3890 3284 Γραφῶν,

504 3306 666 3361 nem,
701 3287 805 3368 qui
831 3306 898 3349 ex
945 3288 1269 3369 Scripturis
1293 3289 1614 3369 colligitur,
1649 3291 2054 3370 expediemus.
2089 3293 2164 3355 Et

2247 3289 2362 3367 περὶ
2388 3292 2461 3344 ῶν
2503 3287 2566 3355 δὴ
2627 3312 2709 3346 σοι
2753 3292 2839 3345 καὶ
2896 3289 3145 3369 λέγομεν,
3198 3295 3287 3349 καὶ
3343 3292 3430 3356 οὕς
3484 3291 3549 3359 δὴ
3607 3315 3689 3348 σοι
3762 3295 3891 3371 πρὸς

503 3394 666 3437 nunc
689 3375 751 3436 in
774 3376 859 3437 tui
881 3377 1132 3455 gratiam
1166 3376 1242 3439 de
1273 3376 1488 3439 iisdem
1516 3378 1769 3459 agimus,
1801 3380 2164 3460 eosdemque

2247 3377 2551 3458 ἂποτροπὴν
2621 3384 2728 3433 τῶν
2784 3378 3028 3435 ἐναντίων
3099 3378 3506 3459 παραδιδόαμεν.
3554 3382 3892 3458 Πρεηγείσθω

502 3463 576 3525 ad
607 3463 1075 3527 confutationem
1114 3466 1586 3528 adversariorum
1622 3468 1946 3547 promimus
1974 3489 1988 3548 ;
2019 3489 2163 3549 prae.

2247 3463 2300 3520 δὲ
2370 3468 2398 3521 6
2450 3466 2557 3521 ἀπὸ
2585 3464 2879 3543 λογισμῶν,
2953 3469 3055 3524 Τοῦ
3109 3467 3339 3546 μεγάλου
3384 3467 3679 3548 Βασιλείου,
3715 3470 3762 3525 οἱ
3793 3471 3889 3523 ἂν-

506 3561 718 3634 eatque
777 3554 879 3634 qui
910 3572 945 3614 a
992 3554 1549 3635 ratiocinationibus
1580 3565 1689 3618 est.
1726 3555 1840 3628 Qui
1870 3559 2164 3620 contraria

2248 3551 2572 3618 τιδοκοῦντές
2644 3576 2821 3633 φασιν,
2881 3554 2989 3611 ἐστὶ
3043 3557 3103 3611 τὸ
3166 3580 3193 3611 α
3244 3555 3375 3635 Παρ’
3406 3561 3564 3616 αὐτοῦ
3619 3559 3681 3613 τὸ
3748 3561 3889 3613 εἶναι

505 3650 806 3713 asserunt,
840 3641 1013 3721 illud,
1064 3667 1090 3697 α
1120 3644 1276 3723 quod
1301 3644 1372 3705 ab
1394 3642 1549 3724 ipso,
1576 3644 1733 3724 quod
1763 3644 1860 3722 sit,
1895 3644 2093 3718 habet,
2133 3672 2155 3703 υ

508 3739 567 3791 et
615 3729 881 3810 reliquas
941 3730 1088 3793 alias
1120 3750 1319 3800 voces.
1354 3750 1485 3813 quae
1512 3731 1727 3794 Filium
1762 3750 1996 3793 causam
2031 3752 2163 3795 esse

511 3818 795 3900 Spiritus,
849 3828 1052 3900 aperte
1101 3819 1425 3897 insinuant,
1495 3820 1698 3883 Basilii
1755 3821 1950 3900 Magni
2001 3822 2162 3883 nullo

509 3907 691 3969 modo
717 3925 873 3981 esse,
901 3907 1222 3970 afﬁrmant.
1251 3909 1441 3989 Hujus
1464 3911 1615 3971 ratio
1652 3908 1700 3970 si
1735 3910 2062 3990 postuletur
2089 3911 2161 3971 ab

508 3997 606 4071 iis,
641 4016 762 4059 non
810 3997 911 4059 illa
970 3998 1246 4061 omnibus
1299 3998 1362 4060 in
1419 3998 1589 4061 libris
1647 3999 2041 4081 circumferri,
2102 4000 2162 4061 in

505 4086 730 4169 quibus
759 4088 887 4150 haec
919 4089 1231 4150 continens
1283 4089 1467 4151 oratio
1501 4098 1735 4151 exarata
1765 4097 1874 4165 est,
1938 4099 1996 4150 et
2051 4091 2164 4150 hoc

2245 3640 2395 3722 ἕχον,
2464 3664 2487 3699 ι
2562 3644 2651 3698 καὶ
2708 3641 2826 3699 ὅσαι
2883 3642 3038 3699 ἄλλαι
3070 3647 3158 3701 τὸν
3192 3645 3311 3702 Υἰόν
3342 3644 3506 3711 λέξεις
3537 3645 3711 3702 αἴτιον
3755 3668 3889 3725 προ-

2243 3737 2419 3811 φανῶς
2463 3729 2677 3798 δηλοῦσι
2732 3738 2823 3788 τοῦ
2880 3735 3202 3809 Πνεύματος.
3270 3736 3365 3791 Καὶ
3420 3735 3495 3798 τίς
3550 3736 3585 3802 ἡ
3628 3732 3889 3800 ἀπόδειξις

2244 3820 2596 3898 ἐρωτώμενοι.
2658 3822 2729 3877 Τὸ
2760 3821 2836 3895 μὴ
2894 3822 3111 3893 πάσαις,
3158 3824 3304 3902 φασὶ,
3353 3836 3475 3886 ταῖς
3504 3820 3703 3899 βίϐλοις
3760 3824 3888 3879 ταύ-

2244 3930 2361 3972 ταις
2414 3907 2752 3988 ἐμφὲρεσθαι,
2811 3911 2904 3973 αῖς
2939 3912 2966 3965 6
3036 3911 3130 3977 τὴν
3183 3911 3432 3989 ῥηθεῗσαν
3471 3909 3741 3989 θεολογίαν
3783 3932 3887 3967 πε·-

2245 3994 2441 4077 ριέχων
2523 3995 2683 4075 λόγος
2752 3996 3264 4076 κεκαλλιγράφηται.
3350 4002 3445 4056 Καὶ
3520 4008 3673 4056 τυυτο
3727 4001 3888 4069 μόνον

2243 4086 2504 4163 ἀρκοῦσαν
2566 4086 2709 4141 εἶναι
2786 4083 3046 4151 ἀπόδειξιν
3115 4086 3316 4143 οἴονται
3400 4097 3493 4146 τοῦ
3562 4085 3885 4167 διεφθορότος

507 4175 881 4237 solummodo
938 4176 1175 4238 abunde
1205 4177 1353 4240 satis
1387 4196 1515 4239 esse
1567 4178 1918 4240 existimant
1945 4178 2016 4241 ad
2051 4179 2162 4239 de-

2247 4181 2347 4230 τῶν
2415 4175 2512 4241 τὴν
2567 4174 2719 4252 ῥῆσιν
2776 4173 3040 4255 ἐχουσῶν,
3087 4177 3157 4239 ὡς
3188 4178 3276 4233 καὶ
3318 4176 3688 4238 ἁνατέτακται,
3748 4178 3889 4255 Ἐγὼ

506 4258 961 4328 monstrandum
1005 4266 1227 4329 dictum
1251 4268 1472 4343 simile,
1497 4267 1826 4329 referentes
1856 4267 2059 4352 libros,
2099 4276 2161 4329 ut

2247 4260 2295 4319 δέ
2324 4285 2464 4342 φημι
2515 4264 2609 4328 ὡς,
2675 4264 2717 4318 εἰ
2762 4263 2856 4338 μὲν
2901 4261 3005 4319 οὐδ’
3036 4263 3173 4328 ὅλως
3217 4265 3272 4321 ἐν
3314 4263 3530 4341 οὐδεμιᾷ
3556 4271 3663 4321 τῶν
3691 4262 3883 4342 βίϐλων

2250 4353 2261 4371 ι
2353 4353 2401 4371 (ν
2556 4351 2570 4371 9
2688 4351 2697 4364 ¹
2910 4351 2934 4370 ν
3090 4353 3117 4371 Ὺ
3260 4353 3283 4371 9‘
3415 4356 3429 4371 \
3546 4355 3557 4371 ρ
3711 4354 3727 4370 ἱ
3829 4351 3843 4371 ἳ

504 4372 694 4434 supra
722 4355 983 4436 positum
1016 4365 1126 4430 est,
1187 4362 1498 4437 corruptos
1529 4356 1716 4418 fuisse
1747 4379 1761 4414 :
1799 4362 2005 4417 contra
2032 4355 2159 4436 ipse

2247 4353 2276 4420 ἡ
2343 4353 2492 4430 ῥῆσις
2552 4351 2821 4431 ἐνεφὲρετο
2875 4351 3029 4431 αὕτη,
3089 4353 3221 4420 ἦσαν
3253 4353 3313 4409 ἂν
3346 4356 3433 4410 xui
3488 4355 3665 4420 πάσης
3704 4351 3881 4431 ἆντιῤ-

507 4445 825 4518 contendo,
886 4446 937 4506 si
986 4445 1151 4507 nullo
1179 4446 1240 4507 in
1267 4445 1568 4507 volumine
1598 4446 1820 4507 dictum
1869 4445 1980 4506 hoc
2004 4464 2162 4533 esset

2247 4442 2444 4519 ῥήσεως
2499 4440 2732 4519 ἀνώτερα
2794 4441 2859 4495 τα
2915 4443 3031 4520 περὶ
3076 4441 3239 4508 αὐτῆς
3274 4459 3287 4471 ⁵
3345 4442 3459 4499 ἐπεί
3524 4440 3577 4499 δέ
3631 4449 3736 4498 τῶν
3789 4442 3883 4517 μὲν

504 4543 833 4610 exaratum,
869 4553 1003 4596 esse
1034 4553 1167 4615 quae
1195 4535 1272 4596 de
1328 4554 1398 4597 eo
1449 4534 1650 4596 aﬂ‘erri
1700 4542 1964 4615 possent,
1996 4527 2160 4614 omni

2247 4527 2641 4608 διαγέγραπται,
2698 4529 2822 4591 ταῖς
2879 4527 2934 4584 δὲ
2987 4534 3091 4584 τῶν
3145 4529 3335 4606 βίϐλων
3393 4531 3695 4611 ἐμφέρεται,
3757 4552 3875 4586 σκο-

504 4623 846 4704 objectione
881 4623 1212 4704 superiora.
1234 4621 1654 4687 Verumtamen
1675 4642 1809 4686 cum
1831 4624 1890 4684 in
1914 4624 2164 4685 nonnul-

2247 4631 2365 4675 πεῖν
2423 4617 2506 4674 δεῖ
2550 4618 2671 4680 τοὺς
2715 4617 2960 4697 ἀῤῥεπεϊς
3017 4640 3073 4673 τε
3115 4622 3200 4676 καὶ
3256 4622 3653 4700 εὖθυγνώμονας
3698 4623 3882 4677 ὁποῖον

502 4713 578 4775 lis
635 4730 755 4774 non
815 4711 1130 4789 habeatur,
1185 4713 1245 4773 in
1300 4714 1606 4776 nonnullis
1635 4713 1770 4774 aliis
1814 4712 2157 4787 inseratur;

2249 4709 2405 4787 μέρος
2458 4711 2562 4761 τῶν
2622 4704 2814 4783 βίϐλων
2894 4707 3209 4782 νενόθευται,
3267 4709 3367 4783 ἆρά
3423 4732 3484 4788 γε
3535 4711 3596 4765 τὸ
3640 4708 3880 4783 παράἶς

501 4801 1007 4864 considerandum
1034 4809 1126 4864 est
1155 4800 1228 4863 ab
1260 4802 1358 4877 iis,
1394 4803 1497 4882 qui
1544 4811 1814 4863 neutram
1842 4801 1905 4863 in
1935 4811 2159 4882 partem

2247 4799 2277 4865 ἡ
2334 4794 2483 4873 ῥῆσις
2543 4793 2765 4857 ἐντελῶς
2819 4794 2954 4850 οὕτω
3010 4810 3212 4869 κεῖται,
3245 4800 3318 4861 ὼς
3351 4799 3438 4853 καὶ
3495 4797 3728 4876 εἴρηται,
3759 4796 3794 4864 ἢ
3822 4797 3880 4850 τὸ

499 4890 966 4971 propendent,et
986 4898 1153 4952 recta
1172 4898 1372 4952 mente
1393 4909 1491 4951 res
1515 4890 1864 4971 dijudicant,
1890 4907 2160 4966 quaenam

2247 4885 2367 4964 παρ’
2414 4884 2504 4947 α’ίς
2562 4883 2702 4939 ἐστιν
2758 4885 2792 4951 ἡ
2847 4883 3143 4962 ἀφαίρεσις.
3206 4896 3332 4951 Τοῖς
3401 4888 3500 4966 γὰρ
3529 4884 3650 4943 οὕτο
3677 4908 3737 4963 γε
3766 4883 3879 4940 δια-

496 4969 639 5060 pars
668 4979 1035 5042 voluminum
1086 4993 1367 5060 corrupta
1392 4980 1507 5056 sit;
1541 4969 1613 5041 an
1646 4979 1794 5042 eain
1827 4979 2041 5058 quibus
2063 4978 2160 5038 in-

2247 4972 2621 5047 σκοπουμένοις
2757 4969 3133 5050 διαγνωσθῆναι
3255 4974 3547 5050 πέπεισμαι
3657 4971 3878 5052 ἀκριϐῶς

498 5059 760 5148 tegrum,
796 5076 858 5129 ut
888 5086 1067 5148 supra
1101 5059 1433 5149 posuimus,
1486 5069 1826 5143 ascribitur,
1889 5086 1962 5128 an
2021 5085 2157 5128 vero

2247 5061 2449 5129 πολλῆς
2499 5066 2598 5127 τῆς
2664 5059 2998 5128 ἠλιθιότητος
3060 5063 3241 5139 γέμειν
3298 5067 3359 5120 τὸ
3429 5063 3629 5122 οἴεσθαι
3675 5065 3768 5126 τὰς
3820 5063 3879 5117 τὸ

497 5147 684 5218 altera
711 5155 772 5216 in
804 5147 1019 5236 quibus
1077 5147 1369 5237 nusquam
1414 5166 1680 5237 apparet.
1717 5155 1829 5229 Qui
1860 5155 2018 5216 enim
2047 5156 2157 5216 hac

2247 5151 2442 5216 ἐντελὲς
2496 5150 2725 5229 ἐχούσας
2781 5147 2990 5226 βίϐλους
3047 5153 3365 5215 πεπλάσθαι,
3418 5155 3472 5210 Εἰ
3502 5153 3598 5230 μὲν
3626 5154 3724 5231 γὰρ
3752 5151 3880 5228 μετὰ

493 5243 726 5307 ratione
741 5234 872 5306 rem
889 5234 2157 5325 perpendunt,planemihisuadeo,summae

2247 5242 2333 5308 τὴν
2390 5245 2486 5306 τῆς
2542 5234 2848 5315 Ῥωμαϊκῆς
2910 5238 3228 5307 Ἐκκλησίας
3286 5239 3551 5300 διάστασιν
3614 5244 3663 5297 αἱ
3716 5238 3880 5317 βίϐλοι

493 5332 748 5395 vesaniae
800 5342 998 5393 notam
1060 5332 1395 5414 incurrere,
1450 5333 1499 5394 si
1561 5334 1861 5395 volumina
1930 5331 2153 5393 dictum

2247 5329 2540 5410 ἐγράφησαν
2591 5331 2775 5389 αὗται·
2835 5333 2949 5392 πῶς
3008 5326 3067 5383 ἂν
3124 5352 3203 5395 τις
3247 5340 3338 5388 του
3393 5334 3481 5388 xui
3522 5332 3720 5411 φρενῶν
3784 5330 3877 5386 κύ-

498 5418 905 5499 ρῐωῖειιεηιίε,
945 5420 1197 5481 conﬁcta
1250 5421 1609 5485 existiment.
1644 5421 1911 5502 Namque
1942 5421 1991 5481 si
2025 5428 2155 5501 post

2247 5441 2348 5493 ;ιος
2405 5415 2607 5482 δέξαιτο
2664 5419 2782 5482 τοὺς
2824 5416 2878 5473 ἐν
2910 5424 3076 5494 καιρῷ
3131 5425 3229 5487 τῆς
3301 5420 3492 5495 μεταξὺ
3524 5423 3627 5477 τῶν
3660 5418 3881 5483 Ἐκκλη-

491 5508 806 5571 dissidium
834 5528 970 5570 cum
996 5511 1260 5571 Romana
1275 5509 1563 5584 Ecclesia,
1582 5510 1882 5572 volumina
1905 5511 2013 5572 ista
2045 5528 2147 5571 cx-

2247 5511 2366 5563 πιῶν
2427 5507 2616 5586 μάχης
2646 5507 2765 5569 τοὺς
2798 5503 2921 5585 παρ’
2954 5508 3092 5580 ἡμῖν
3138 5508 3431 5589 γράφοντας
3460 5510 3668 5587 βίϐλους
3720 5510 3755 5577 ἢ
3785 5528 3880 5563 πα-

489 5598 712 5680 scripta
745 5605 905 5670 sunt,
941 5598 1243 5678 quomodo
1275 5598 1590 5680 quispiam,
1616 5599 2150 5679 dummodojsauus

2247 5597 2548 5653 δεντίθεσθαί
2597 5618 2657 5652 τν
2727 5609 2848 5661 ταῖς
2906 5593 3103 5671 βίϐλοις
3161 5601 3335 5675 ἡμῶν,
3410 5614 3528 5664 τοῖς
3606 5597 3876 5658 ἀντιδίκοις
