  <div class='ocr_page' id='page_1' title='image "/cluster/home/n/w/nwhite01/storage/ocr_20150623/141/mdp.39015078384206/164.png"; bbox 0 0 4220 6292; ppageno 0'>
   <div class='ocr_carea' id='block_1_1' title="bbox 299 344 439 410">
    <p class='ocr_par' dir='ltr' id='par_1_1' title="bbox 299 344 439 410">
     <span class='ocr_line' id='line_1_1' title="bbox 299 344 439 410; baseline -0.014 0"><span class='ocrx_word' id='word_1_1' title='bbox 299 344 439 410; x_wconf 77' lang='grc'><strong>313</strong></span> 
     </span>
    </p>
   </div>
   <div class='ocr_carea' id='block_1_2' title="bbox 1201 340 2816 411">
    <p class='ocr_par' dir='ltr' id='par_1_2' title="bbox 1201 340 2816 411">
     <span class='ocr_line' id='line_1_2' title="bbox 1201 340 2816 411; baseline -0.003 0"><span class='ocrx_word' id='word_1_2' title='bbox 1201 348 1301 411; x_wconf 83' lang='lat' dir='ltr'><strong>AD</strong></span> <span class='ocrx_word' id='word_1_3' title='bbox 1355 345 1827 410; x_wconf 81' lang='lat' dir='ltr'><strong>THEODORUM</strong></span> <span class='ocrx_word' id='word_1_4' title='bbox 1874 340 2216 407; x_wconf 62' lang='lat' dir='ltr'><strong>SUGDEzE</strong></span> <span class='ocrx_word' id='word_1_5' title='bbox 2260 346 2469 408; x_wconf 86' lang='lat' dir='ltr'><strong>EPISC</strong></span> <span class='ocrx_word' id='word_1_6' title='bbox 2545 348 2690 409; x_wconf 67' lang='grc' dir='ltr'><strong>[ΑΒ.</strong></span> <span class='ocrx_word' id='word_1_7' title='bbox 2738 347 2816 408; x_wconf 87' lang='grc' dir='ltr'><strong>ΙΙ.</strong></span> 
     </span>
    </p>
   </div>
   <div class='ocr_carea' id='block_1_3' title="bbox 3587 352 3703 415">
    <p class='ocr_par' dir='ltr' id='par_1_3' title="bbox 3587 352 3703 415">
     <span class='ocr_line' id='line_1_3' title="bbox 3587 352 3703 415; baseline 0 0"><span class='ocrx_word' id='word_1_8' title='bbox 3587 352 3703 415; x_wconf 79' lang='grc'><strong>314</strong></span> 
     </span>
    </p>
   </div>
   <div class='ocr_carea' id='block_1_4' title="bbox 293 472 1964 564">
    <p class='ocr_par' dir='ltr' id='par_1_4' title="bbox 293 475 1964 564">
     <span class='ocr_line' id='line_1_4' title="bbox 293 475 1964 564; baseline 0.001 -29"><span class='ocrx_word' id='word_1_9' title='bbox 293 482 403 549; x_wconf 78' lang='grc' dir='ltr'>τὴν</span> <span class='ocrx_word' id='word_1_10' title='bbox 439 481 563 540; x_wconf 80' lang='grc' dir='ltr'>καθ’</span> <span class='ocrx_word' id='word_1_11' title='bbox 608 484 764 558; x_wconf 80' lang='grc' dir='ltr'>ἡμῶν</span> <span class='ocrx_word' id='word_1_12' title='bbox 819 485 974 564; x_wconf 78' lang='grc' dir='ltr'>ίσχὺν</span> <span class='ocrx_word' id='word_1_13' title='bbox 1031 482 1446 562; x_wconf 71' lang='grc' dir='ltr'>παρεχόμενονς</span> <span class='ocrx_word' id='word_1_14' title='bbox 1504 480 1562 536; x_wconf 76' lang='grc' dir='ltr'><strong>Εἰ</strong></span> <span class='ocrx_word' id='word_1_15' title='bbox 1618 475 1672 534; x_wconf 73' lang='grc' dir='ltr'>δὲ</span> <span class='ocrx_word' id='word_1_16' title='bbox 1742 478 1964 557; x_wconf 75' lang='grc' dir='ltr'>πρὸτῆς</span> 
     </span>
    </p>
   </div>
   <div class='ocr_carea' id='block_1_5' title="bbox 2025 472 3698 564">
    <p class='ocr_par' dir='ltr' id='par_1_5' title="bbox 2025 472 3698 564">
     <span class='ocr_line' id='line_1_5' title="bbox 2025 472 3698 564; baseline 0.008 -32"><span class='ocrx_word' id='word_1_17' title='bbox 2025 472 2147 564; x_wconf 82' lang='lat' dir='ltr'><strong>.sit,</strong></span> <span class='ocrx_word' id='word_1_18' title='bbox 2180 481 2239 564; x_wconf 86' lang='lat' dir='ltr'><strong>et</strong></span> <span class='ocrx_word' id='word_1_19' title='bbox 2267 474 2501 537; x_wconf 86' lang='lat' dir='ltr'><strong>animus</strong></span> <span class='ocrx_word' id='word_1_20' title='bbox 2532 475 2690 537; x_wconf 84' lang='lat' dir='ltr'><strong>illius</strong></span> <span class='ocrx_word' id='word_1_21' title='bbox 2740 495 2857 539; x_wconf 92' lang='lat' dir='ltr'><strong>non</strong></span> <span class='ocrx_word' id='word_1_22' title='bbox 2890 478 2968 540; x_wconf 89' lang='lat' dir='ltr'><strong>sit</strong></span> <span class='ocrx_word' id='word_1_23' title='bbox 2996 496 3031 540; x_wconf 91' lang='lat' dir='ltr'><strong>a</strong></span> <span class='ocrx_word' id='word_1_24' title='bbox 3059 480 3358 561; x_wconf 79' lang='lat' dir='ltr'><strong>sapientia</strong></span> <span class='ocrx_word' id='word_1_25' title='bbox 3405 493 3698 559; x_wconf 87' lang='lat' dir='ltr'><strong>remotus,</strong></span> 
     </span>
    </p>
   </div>
   <div class='ocr_carea' id='block_1_6' title="bbox 295 564 1965 651">
    <p class='ocr_par' dir='ltr' id='par_1_6' title="bbox 295 564 1965 651">
     <span class='ocr_line' id='line_1_6' title="bbox 295 564 1965 651; baseline -0.002 -26"><span class='ocrx_word' id='word_1_26' title='bbox 295 567 668 648; x_wconf 71' lang='grc' dir='ltr'><strong>διαστάσεως,</strong></span> <span class='ocrx_word' id='word_1_27' title='bbox 701 575 815 629; x_wconf 87' lang='grc' dir='ltr'>τίνα</span> <span class='ocrx_word' id='word_1_28' title='bbox 885 571 947 628; x_wconf 78' lang='grc' dir='ltr'><strong>ἂν</strong></span> <span class='ocrx_word' id='word_1_29' title='bbox 1005 572 1123 651; x_wconf 77' lang='grc' dir='ltr'>ἔχοι</span> <span class='ocrx_word' id='word_1_30' title='bbox 1165 571 1323 648; x_wconf 85' lang='grc' dir='ltr'>Λόγον</span> <span class='ocrx_word' id='word_1_31' title='bbox 1366 569 1461 632; x_wconf 76' lang='grc' dir='ltr'>τὰς</span> <span class='ocrx_word' id='word_1_32' title='bbox 1503 564 1712 643; x_wconf 80' lang='grc' dir='ltr'>βίϐλους</span> <span class='ocrx_word' id='word_1_33' title='bbox 1755 567 1965 623; x_wconf 82' lang='grc' dir='ltr'>νοθεύε-</span> 
     </span>
    </p>
   </div>
   <div class='ocr_carea' id='block_1_7' title="bbox 300 654 1965 738">
    <p class='ocr_par' dir='ltr' id='par_1_7' title="bbox 300 654 1965 738">
     <span class='ocr_line' id='line_1_7' title="bbox 300 654 1965 738; baseline -0.002 -24"><span class='ocrx_word' id='word_1_34' title='bbox 300 661 456 737; x_wconf 86' lang='grc' dir='ltr'>σθαι,</span> <span class='ocrx_word' id='word_1_35' title='bbox 500 657 590 715; x_wconf 86' lang='grc' dir='ltr'><strong>ἐπ’</strong></span> <span class='ocrx_word' id='word_1_36' title='bbox 649 659 865 725; x_wconf 76' lang='grc' dir='ltr'>ἐκείνοις</span> <span class='ocrx_word' id='word_1_37' title='bbox 907 675 1026 724; x_wconf 86' lang='grc' dir='ltr'>τοῖς</span> <span class='ocrx_word' id='word_1_38' title='bbox 1082 658 1259 738; x_wconf 80' lang='grc' dir='ltr'>λόγοις</span> <span class='ocrx_word' id='word_1_39' title='bbox 1318 659 1408 715; x_wconf 81' lang='grc' dir='ltr'><strong>καὶ</strong></span> <span class='ocrx_word' id='word_1_40' title='bbox 1464 654 1714 735; x_wconf 72' lang='grc' dir='ltr'>δόγμασι,</span> <span class='ocrx_word' id='word_1_41' title='bbox 1745 657 1862 733; x_wconf 85' lang='grc' dir='ltr'>περὶ</span> <span class='ocrx_word' id='word_1_42' title='bbox 1891 656 1965 710; x_wconf 81' lang='grc' dir='ltr'>ὧν</span> 
     </span>
    </p>
   </div>
   <div class='ocr_carea' id='block_1_8' title="bbox 300 742 1967 830">
    <p class='ocr_par' dir='ltr' id='par_1_8' title="bbox 300 742 1967 830">
     <span class='ocr_line' id='line_1_8' title="bbox 300 742 1967 830; baseline -0.004 -24"><span class='ocrx_word' id='word_1_43' title='bbox 300 744 460 806; x_wconf 76' lang='grc' dir='ltr'>οὐδὲν</span> <span class='ocrx_word' id='word_1_44' title='bbox 489 750 713 824; x_wconf 81' lang='grc' dir='ltr'>ζήτημα</span> <span class='ocrx_word' id='word_1_45' title='bbox 739 748 805 816; x_wconf 78' lang='grc' dir='ltr'><strong>ἧν</strong></span> <span class='ocrx_word' id='word_1_46' title='bbox 836 769 852 830; x_wconf 78' lang='grc'><strong>;</strong></span> <span class='ocrx_word' id='word_1_47' title='bbox 907 747 973 805; x_wconf 83' lang='grc' dir='ltr'><strong>δι’</strong></span> <span class='ocrx_word' id='word_1_48' title='bbox 1005 748 1190 805; x_wconf 74' lang='grc' dir='ltr'>ὁποῖόν</span> <span class='ocrx_word' id='word_1_49' title='bbox 1229 769 1280 804; x_wconf 92' lang='grc' dir='ltr'><strong>τι</strong></span> <span class='ocrx_word' id='word_1_50' title='bbox 1339 744 1479 803; x_wconf 81' lang='grc' dir='ltr'>ἔστιν</span> <span class='ocrx_word' id='word_1_51' title='bbox 1532 742 1621 801; x_wconf 79' lang='grc' dir='ltr'><strong>ὅτε</strong></span> <span class='ocrx_word' id='word_1_52' title='bbox 1676 744 1764 801; x_wconf 82' lang='grc' dir='ltr'><strong>καὶ</strong></span> <span class='ocrx_word' id='word_1_53' title='bbox 1791 764 1967 818; x_wconf 86' lang='grc' dir='ltr'>παρα-</span> 
     </span>
    </p>
   </div>
   <div class='ocr_carea' id='block_1_9' title="bbox 298 830 1968 916">
    <p class='ocr_par' dir='ltr' id='par_1_9' title="bbox 298 830 1968 916">
     <span class='ocr_line' id='line_1_9' title="bbox 298 830 1968 916; baseline -0.004 -24"><span class='ocrx_word' id='word_1_54' title='bbox 298 835 564 916; x_wconf 78' lang='grc' dir='ltr'>φέρονταί</span> <span class='ocrx_word' id='word_1_55' title='bbox 631 858 774 901; x_wconf 88' lang='grc' dir='ltr'>τινες</span> <span class='ocrx_word' id='word_1_56' title='bbox 829 839 961 914; x_wconf 82' lang='grc' dir='ltr'>πρὸς</span> <span class='ocrx_word' id='word_1_57' title='bbox 1018 838 1334 914; x_wconf 80' lang='grc' dir='ltr'>κακουργίαν</span> <span class='ocrx_word' id='word_1_58' title='bbox 1398 830 1626 896; x_wconf 69' lang='grc' dir='ltr'>τοιάνδε.</span> <span class='ocrx_word' id='word_1_59' title='bbox 1673 831 1802 891; x_wconf 71' lang='grc' dir='ltr'>Οὔτε</span> <span class='ocrx_word' id='word_1_60' title='bbox 1844 841 1968 910; x_wconf 82' lang='grc' dir='ltr'>γοῦν</span> 
     </span>
    </p>
   </div>
   <div class='ocr_carea' id='block_1_10' title="bbox 297 921 1969 1005">
    <p class='ocr_par' dir='ltr' id='par_1_10' title="bbox 297 921 1969 1005">
     <span class='ocr_line' id='line_1_10' title="bbox 297 921 1969 1005; baseline -0.002 -26"><span class='ocrx_word' id='word_1_61' title='bbox 297 927 329 979; x_wconf 80' lang='lat'><strong>6</strong></span> <span class='ocrx_word' id='word_1_62' title='bbox 387 929 495 991; x_wconf 77' lang='grc' dir='ltr'><strong>τῆς</strong></span> <span class='ocrx_word' id='word_1_63' title='bbox 553 926 743 1005; x_wconf 82' lang='grc' dir='ltr'>μάχης</span> <span class='ocrx_word' id='word_1_64' title='bbox 799 927 995 1005; x_wconf 74' lang='grc' dir='ltr'>χρόνος</span> <span class='ocrx_word' id='word_1_65' title='bbox 1053 924 1169 981; x_wconf 71' lang='grc' dir='ltr'>οὔτε</span> <span class='ocrx_word' id='word_1_66' title='bbox 1210 927 1239 981; x_wconf 99' lang='lat'><strong>6</strong></span> <span class='ocrx_word' id='word_1_67' title='bbox 1291 922 1389 991; x_wconf 82' lang='grc' dir='ltr'><strong>τῆς</strong></span> <span class='ocrx_word' id='word_1_68' title='bbox 1446 921 1647 1001; x_wconf 80' lang='grc' dir='ltr'>είρένης</span> <span class='ocrx_word' id='word_1_69' title='bbox 1690 931 1969 1000; x_wconf 81' lang='grc' dir='ltr'>συγχωρεῖ</span> 
     </span>
    </p>
   </div>
   <div class='ocr_carea' id='block_1_11' title="bbox 297 1009 1965 1091">
    <p class='ocr_par' dir='ltr' id='par_1_11' title="bbox 297 1009 1965 1091">
     <span class='ocr_line' id='line_1_11' title="bbox 297 1009 1965 1091; baseline -0.003 -23"><span class='ocrx_word' id='word_1_70' title='bbox 297 1010 698 1091; x_wconf 73' lang='grc' dir='ltr'><strong>παραδέξασθαι</strong></span> <span class='ocrx_word' id='word_1_71' title='bbox 757 1015 849 1080; x_wconf 80' lang='grc' dir='ltr'><strong>τὰς</strong></span> <span class='ocrx_word' id='word_1_72' title='bbox 900 1014 1000 1080; x_wconf 79' lang='grc' dir='ltr'>τὴν</span> <span class='ocrx_word' id='word_1_73' title='bbox 1058 1013 1209 1091; x_wconf 68' lang='grc' dir='ltr'>ῥῆσιν</span> <span class='ocrx_word' id='word_1_74' title='bbox 1272 1010 1494 1076; x_wconf 75' lang='grc' dir='ltr'><strong>ἐντελῶς</strong></span> <span class='ocrx_word' id='word_1_75' title='bbox 1589 1009 1818 1089; x_wconf 79' lang='grc' dir='ltr'>ἐχούσας</span> <span class='ocrx_word' id='word_1_76' title='bbox 1876 1009 1965 1084; x_wconf 85' lang='grc' dir='ltr'>βί-</span> 
     </span>
    </p>
   </div>
   <div class='ocr_carea' id='block_1_12' title="bbox 294 1098 1962 1181">
    <p class='ocr_par' dir='ltr' id='par_1_12' title="bbox 294 1098 1962 1181">
     <span class='ocr_line' id='line_1_12' title="bbox 294 1098 1962 1181; baseline -0.002 -25"><span class='ocrx_word' id='word_1_77' title='bbox 294 1098 469 1164; x_wconf 76' lang='grc' dir='ltr'>ϐλους</span> <span class='ocrx_word' id='word_1_78' title='bbox 526 1102 602 1165; x_wconf 87' lang='grc' dir='ltr'><strong>είς</strong></span> <span class='ocrx_word' id='word_1_79' title='bbox 656 1104 960 1181; x_wconf 70' lang='grc' dir='ltr'><strong>προσθήκην</strong></span> <span class='ocrx_word' id='word_1_80' title='bbox 1016 1101 1311 1169; x_wconf 74' lang='grc' dir='ltr'>νοθευθῆναι</span> <span class='ocrx_word' id='word_1_81' title='bbox 1382 1098 1809 1178; x_wconf 80' lang='grc' dir='ltr'>παρέγφραπτον,</span> <span class='ocrx_word' id='word_1_82' title='bbox 1870 1098 1962 1162; x_wconf 78' lang='grc' dir='ltr'><strong>τὰς</strong></span> 
     </span>
    </p>
   </div>
   <div class='ocr_carea' id='block_1_13' title="bbox 293 1183 1959 1266">
    <p class='ocr_par' dir='ltr' id='par_1_13' title="bbox 293 1183 1959 1266">
     <span class='ocr_line' id='line_1_13' title="bbox 293 1183 1959 1266; baseline -0.002 -24"><span class='ocrx_word' id='word_1_83' title='bbox 293 1183 351 1242; x_wconf 76' lang='grc' dir='ltr'>δὲ</span> <span class='ocrx_word' id='word_1_84' title='bbox 396 1187 487 1261; x_wconf 71' lang='grc' dir='ltr'>μὴ</span> <span class='ocrx_word' id='word_1_85' title='bbox 518 1187 658 1244; x_wconf 77' lang='grc' dir='ltr'>οὕτω</span> <span class='ocrx_word' id='word_1_86' title='bbox 693 1189 780 1245; x_wconf 81' lang='grc' dir='ltr'><strong>καὶ</strong></span> <span class='ocrx_word' id='word_1_87' title='bbox 836 1187 981 1264; x_wconf 79' lang='grc' dir='ltr'>μάλα</span> <span class='ocrx_word' id='word_1_88' title='bbox 1036 1185 1258 1266; x_wconf 77' lang='grc' dir='ltr'>βεϐαίως</span> <span class='ocrx_word' id='word_1_89' title='bbox 1313 1189 1341 1243; x_wconf 91' lang='lat'><strong>6</strong></span> <span class='ocrx_word' id='word_1_90' title='bbox 1398 1188 1608 1251; x_wconf 82' lang='grc' dir='ltr'>συνετὸς</span> <span class='ocrx_word' id='word_1_91' title='bbox 1664 1183 1959 1263; x_wconf 84' lang='grc' dir='ltr'>διαγνώσε-</span> 
     </span>
    </p>
   </div>
   <div class='ocr_carea' id='block_1_14' title="bbox 294 1273 1960 1356">
    <p class='ocr_par' dir='ltr' id='par_1_14' title="bbox 294 1273 1960 1356">
     <span class='ocr_line' id='line_1_14' title="bbox 294 1273 1960 1356; baseline -0.001 -26"><span class='ocrx_word' id='word_1_92' title='bbox 294 1296 385 1330; x_wconf 85' lang='grc' dir='ltr'><strong>ται</strong></span> <span class='ocrx_word' id='word_1_93' title='bbox 468 1277 531 1332; x_wconf 77' lang='grc' dir='ltr'>τὸ</span> <span class='ocrx_word' id='word_1_94' title='bbox 574 1275 693 1333; x_wconf 84' lang='grc' dir='ltr'>κατ’</span> <span class='ocrx_word' id='word_1_95' title='bbox 751 1278 1019 1356; x_wconf 78' lang='grc' dir='ltr'>ἀφαίρεσιν</span> <span class='ocrx_word' id='word_1_96' title='bbox 1074 1278 1161 1333; x_wconf 81' lang='grc' dir='ltr'><strong>καὶ</strong></span> <span class='ocrx_word' id='word_1_97' title='bbox 1256 1273 1544 1355; x_wconf 77' lang='grc' dir='ltr'>διαγραφὴν</span> <span class='ocrx_word' id='word_1_98' title='bbox 1600 1273 1960 1348; x_wconf 82' lang='grc' dir='ltr'>νενοθευμένον</span> 
     </span>
    </p>
   </div>
   <div class='ocr_carea' id='block_1_15' title="bbox 295 1359 1957 1445">
    <p class='ocr_par' dir='ltr' id='par_1_15' title="bbox 295 1359 1957 1445">
     <span class='ocr_line' id='line_1_15' title="bbox 295 1359 1957 1445; baseline -0.001 -27"><span class='ocrx_word' id='word_1_99' title='bbox 295 1361 480 1443; x_wconf 78' lang='grc' dir='ltr'>ἔχειν,</span> <span class='ocrx_word' id='word_1_100' title='bbox 560 1368 649 1422; x_wconf 86' lang='grc' dir='ltr'><strong>καὶ</strong></span> <span class='ocrx_word' id='word_1_101' title='bbox 718 1364 989 1445; x_wconf 80' lang='grc' dir='ltr'>κίϐδηλον,</span> <span class='ocrx_word' id='word_1_102' title='bbox 1034 1364 1182 1422; x_wconf 83' lang='grc' dir='ltr'>Ἐπεὶ</span> <span class='ocrx_word' id='word_1_103' title='bbox 1235 1365 1334 1442; x_wconf 77' lang='grc' dir='ltr'><strong>γὰρ</strong></span> <span class='ocrx_word' id='word_1_104' title='bbox 1377 1366 1406 1420; x_wconf 87' lang='lat'><strong>6</strong></span> <span class='ocrx_word' id='word_1_105' title='bbox 1485 1368 1581 1430; x_wconf 75' lang='grc' dir='ltr'>τῆς</span> <span class='ocrx_word' id='word_1_106' title='bbox 1637 1359 1957 1427; x_wconf 77' lang='grc' dir='ltr'>διαστάσεως</span> 
     </span>
    </p>
   </div>
   <div class='ocr_carea' id='block_1_16' title="bbox 292 1451 1956 1531">
    <p class='ocr_par' dir='ltr' id='par_1_16' title="bbox 292 1451 1956 1531">
     <span class='ocr_line' id='line_1_16' title="bbox 292 1451 1956 1531; baseline -0.001 -22"><span class='ocrx_word' id='word_1_107' title='bbox 292 1453 508 1531; x_wconf 82' lang='grc' dir='ltr'>χρόνον</span> <span class='ocrx_word' id='word_1_108' title='bbox 582 1455 655 1520; x_wconf 84' lang='grc' dir='ltr'>εἰς</span> <span class='ocrx_word' id='word_1_109' title='bbox 725 1452 1069 1518; x_wconf 71' lang='grc' dir='ltr'>ἑκατοντάδας</span> <span class='ocrx_word' id='word_1_110' title='bbox 1114 1452 1241 1518; x_wconf 76' lang='grc' dir='ltr'>ὅλας</span> <span class='ocrx_word' id='word_1_111' title='bbox 1321 1453 1454 1510; x_wconf 82' lang='grc' dir='ltr'>ἐτῶν</span> <span class='ocrx_word' id='word_1_112' title='bbox 1523 1451 1809 1530; x_wconf 81' lang='grc' dir='ltr'>παρετάθη,</span> <span class='ocrx_word' id='word_1_113' title='bbox 1870 1452 1956 1508; x_wconf 77' lang='grc' dir='ltr'><strong>καὶ</strong></span> 
     </span>
    </p>
   </div>
   <div class='ocr_carea' id='block_1_17' title="bbox 294 1540 1955 1623">
    <p class='ocr_par' dir='ltr' id='par_1_17' title="bbox 294 1540 1955 1623">
     <span class='ocr_line' id='line_1_17' title="bbox 294 1540 1955 1623; baseline -0.002 -25"><span class='ocrx_word' id='word_1_114' title='bbox 294 1542 395 1598; x_wconf 69' lang='grc' dir='ltr'>οὐκ</span> <span class='ocrx_word' id='word_1_115' title='bbox 471 1540 642 1621; x_wconf 79' lang='grc' dir='ltr'>ὀλίγοι</span> <span class='ocrx_word' id='word_1_116' title='bbox 707 1543 1066 1623; x_wconf 80' lang='grc' dir='ltr'>ἀνεφάννησαν</span> <span class='ocrx_word' id='word_1_117' title='bbox 1095 1540 1179 1597; x_wconf 81' lang='grc' dir='ltr'><strong>διὰ</strong></span> <span class='ocrx_word' id='word_1_118' title='bbox 1223 1540 1385 1612; x_wconf 81' lang='grc' dir='ltr'>μέσου</span> <span class='ocrx_word' id='word_1_119' title='bbox 1435 1540 1749 1623; x_wconf 81' lang='grc' dir='ltr'>ἐνστατικῶς</span> <span class='ocrx_word' id='word_1_120' title='bbox 1818 1540 1955 1596; x_wconf 89' lang='grc' dir='ltr'>πάνυ</span> 
     </span>
    </p>
   </div>
   <div class='ocr_carea' id='block_1_18' title="bbox 2048 560 3701 646">
    <p class='ocr_par' dir='ltr' id='par_1_18' title="bbox 2048 560 3701 646">
     <span class='ocr_line' id='line_1_18' title="bbox 2048 560 3701 646; baseline 0.007 -23"><span class='ocrx_word' id='word_1_121' title='bbox 2048 560 2340 633; x_wconf 85' lang='lat' dir='ltr'><strong>admittet.</strong></span> <span class='ocrx_word' id='word_1_122' title='bbox 2375 570 2662 644; x_wconf 89' lang='lat' dir='ltr'><strong>tempore,</strong></span> <span class='ocrx_word' id='word_1_123' title='bbox 2691 565 3015 646; x_wconf 76' lang='lat' dir='ltr'><strong>quo&#39;inter</strong></span> <span class='ocrx_word' id='word_1_124' title='bbox 3044 560 3340 633; x_wconf 82' lang='lat' dir='ltr'><strong>Ecclesias</strong></span> <span class='ocrx_word' id='word_1_125' title='bbox 3368 570 3701 634; x_wconf 61' lang='lat' dir='ltr'><strong>inimicitia;</strong></span> 
     </span>
    </p>
   </div>
   <div class='ocr_carea' id='block_1_19' title="bbox 2050 653 3695 739">
    <p class='ocr_par' dir='ltr' id='par_1_19' title="bbox 2050 653 3695 739">
     <span class='ocr_line' id='line_1_19' title="bbox 2050 653 3695 739; baseline 0.007 -28"><span class='ocrx_word' id='word_1_126' title='bbox 2050 660 2422 739; x_wconf 84' lang='lat' dir='ltr'><strong>exercentur,</strong></span> <span class='ocrx_word' id='word_1_127' title='bbox 2456 661 2794 716; x_wconf 90' lang='lat' dir='ltr'><strong>nostrorum</strong></span> <span class='ocrx_word' id='word_1_128' title='bbox 2819 653 3110 718; x_wconf 80' lang='lat' dir='ltr'><strong>librarum</strong></span> <span class='ocrx_word' id='word_1_129' title='bbox 3137 657 3507 739; x_wconf 82' lang='lat' dir='ltr'><strong>excriptores</strong></span> <span class='ocrx_word' id='word_1_130' title='bbox 3535 659 3695 721; x_wconf 89' lang='lat' dir='ltr'><strong>omi-</strong></span> 
     </span>
    </p>
   </div>
   <div class='ocr_carea' id='block_1_20' title="bbox 2049 738 3694 826">
    <p class='ocr_par' dir='ltr' id='par_1_20' title="bbox 2049 738 3694 826">
     <span class='ocr_line' id='line_1_20' title="bbox 2049 738 3694 826; baseline 0.006 -27"><span class='ocrx_word' id='word_1_131' title='bbox 2049 738 2199 801; x_wconf 86' lang='lat' dir='ltr'><strong>sisse</strong></span> <span class='ocrx_word' id='word_1_132' title='bbox 2229 747 2327 800; x_wconf 91' lang='lat' dir='ltr'><strong>aut</strong></span> <span class='ocrx_word' id='word_1_133' title='bbox 2356 741 2702 821; x_wconf 91' lang='lat' dir='ltr'><strong>apposuisse</strong></span> <span class='ocrx_word' id='word_1_134' title='bbox 2743 742 2964 824; x_wconf 86' lang='lat' dir='ltr'><strong>aliquid</strong></span> <span class='ocrx_word' id='word_1_135' title='bbox 2999 746 3219 808; x_wconf 78' lang='lat' dir='ltr'><strong>nostris</strong></span> <span class='ocrx_word' id='word_1_136' title='bbox 3270 738 3694 826; x_wconf 86' lang='lat' dir='ltr'><strong>voluminibus,</strong></span> 
     </span>
    </p>
   </div>
   <div class='ocr_carea' id='block_1_21' title="bbox 2050 827 3695 907">
    <p class='ocr_par' dir='ltr' id='par_1_21' title="bbox 2050 827 3695 907">
     <span class='ocr_line' id='line_1_21' title="bbox 2050 827 3695 907; baseline 0.006 -20"><span class='ocrx_word' id='word_1_137' title='bbox 2050 828 2206 907; x_wconf 90' lang='lat' dir='ltr'><strong>quod</strong></span> <span class='ocrx_word' id='word_1_138' title='bbox 2230 827 2414 890; x_wconf 90' lang='lat' dir='ltr'><strong>robur</strong></span> <span class='ocrx_word' id='word_1_139' title='bbox 2434 830 2789 893; x_wconf 84' lang='lat' dir='ltr'><strong>adversariis</strong></span> <span class='ocrx_word' id='word_1_140' title='bbox 2821 831 3039 893; x_wconf 79' lang='lat' dir='ltr'><strong>nostris</strong></span> <span class='ocrx_word' id='word_1_141' title='bbox 3066 833 3378 896; x_wconf 87' lang='lat' dir='ltr'><strong>adversum</strong></span> <span class='ocrx_word' id='word_1_142' title='bbox 3410 853 3520 897; x_wconf 92' lang='lat' dir='ltr'><strong>nos</strong></span> <span class='ocrx_word' id='word_1_143' title='bbox 3545 853 3695 897; x_wconf 86' lang='lat' dir='ltr'><strong>con-</strong></span> 
     </span>
    </p>
   </div>
   <div class='ocr_carea' id='block_1_22' title="bbox 2049 915 3698 1002">
    <p class='ocr_par' dir='ltr' id='par_1_22' title="bbox 2049 915 3698 1002">
     <span class='ocr_line' id='line_1_22' title="bbox 2049 915 3698 1002; baseline 0.005 -25"><span class='ocrx_word' id='word_1_144' title='bbox 2049 915 2330 979; x_wconf 91' lang='lat' dir='ltr'><strong>ciliasset.</strong></span> <span class='ocrx_word' id='word_1_145' title='bbox 2366 915 2425 980; x_wconf 92' lang='lat' dir='ltr'><strong>Si</strong></span> <span class='ocrx_word' id='word_1_146' title='bbox 2451 925 2588 980; x_wconf 83' lang='lat' dir='ltr'><strong>ante</strong></span> <span class='ocrx_word' id='word_1_147' title='bbox 2644 918 2979 994; x_wconf 87' lang='lat' dir='ltr'><strong>dissidium,</strong></span> <span class='ocrx_word' id='word_1_148' title='bbox 3043 940 3176 1002; x_wconf 66' lang='lat' dir='ltr'><strong>qum</strong></span> <span class='ocrx_word' id='word_1_149' title='bbox 3206 941 3383 985; x_wconf 90' lang='lat' dir='ltr'><strong>causa</strong></span> <span class='ocrx_word' id='word_1_150' title='bbox 3410 922 3591 985; x_wconf 79' lang='lat' dir='ltr'><strong>fuerit</strong></span> <span class='ocrx_word' id='word_1_151' title='bbox 3623 924 3698 985; x_wconf 89' lang='lat' dir='ltr'><strong>li-</strong></span> 
     </span>
    </p>
   </div>
   <div class='ocr_carea' id='block_1_23' title="bbox 2049 1002 3695 1092">
    <p class='ocr_par' dir='ltr' id='par_1_23' title="bbox 2049 1002 3695 1092">
     <span class='ocr_line' id='line_1_23' title="bbox 2049 1002 3695 1092; baseline 0.005 -27"><span class='ocrx_word' id='word_1_152' title='bbox 2049 1002 2188 1065; x_wconf 86' lang='lat' dir='ltr'><strong>bros</strong></span> <span class='ocrx_word' id='word_1_153' title='bbox 2208 1006 2576 1070; x_wconf 87' lang='lat' dir='ltr'><strong>adulterandi</strong></span> <span class='ocrx_word' id='word_1_154' title='bbox 2606 1008 2666 1067; x_wconf 91' lang='lat' dir='ltr'><strong>in</strong></span> <span class='ocrx_word' id='word_1_155' title='bbox 2710 1008 3091 1071; x_wconf 85' lang='lat' dir='ltr'><strong>sermonibus</strong></span> <span class='ocrx_word' id='word_1_156' title='bbox 3120 1010 3193 1072; x_wconf 91' lang='lat' dir='ltr'><strong>iis</strong></span> <span class='ocrx_word' id='word_1_157' title='bbox 3251 1020 3426 1092; x_wconf 90' lang='lat' dir='ltr'><strong>atque</strong></span> <span class='ocrx_word' id='word_1_158' title='bbox 3456 1012 3695 1091; x_wconf 82' lang='lat' dir='ltr'><strong>dogma-</strong></span> 
     </span>
    </p>
   </div>
   <div class='ocr_carea' id='block_1_24' title="bbox 2046 1092 3695 1181">
    <p class='ocr_par' dir='ltr' id='par_1_24' title="bbox 2046 1092 3695 1181">
     <span class='ocr_line' id='line_1_24' title="bbox 2046 1092 3695 1181; baseline 0.006 -28"><span class='ocrx_word' id='word_1_159' title='bbox 2046 1092 2222 1169; x_wconf 91' lang='lat' dir='ltr'><strong>tibus,</strong></span> <span class='ocrx_word' id='word_1_160' title='bbox 2250 1095 2325 1156; x_wconf 86' lang='lat' dir='ltr'><strong>de</strong></span> <span class='ocrx_word' id='word_1_161' title='bbox 2349 1095 2562 1175; x_wconf 88' lang='lat' dir='ltr'><strong>quibus</strong></span> <span class='ocrx_word' id='word_1_162' title='bbox 2594 1097 2754 1158; x_wconf 91' lang='lat' dir='ltr'><strong>nulla</strong></span> <span class='ocrx_word' id='word_1_163' title='bbox 2801 1098 3045 1177; x_wconf 63' lang='lat' dir='ltr'><strong>quaestio</strong></span> <span class='ocrx_word' id='word_1_164' title='bbox 3079 1107 3235 1160; x_wconf 91' lang='lat' dir='ltr'><strong>mota</strong></span> <span class='ocrx_word' id='word_1_165' title='bbox 3266 1112 3417 1177; x_wconf 89' lang='lat' dir='ltr'><strong>erat,</strong></span> <span class='ocrx_word' id='word_1_166' title='bbox 3451 1112 3695 1181; x_wconf 88' lang='lat' dir='ltr'><strong>propter</strong></span> 
     </span>
    </p>
   </div>
   <div class='ocr_carea' id='block_1_25' title="bbox 2044 1185 3693 1265">
    <p class='ocr_par' dir='ltr' id='par_1_25' title="bbox 2044 1185 3693 1265">
     <span class='ocr_line' id='line_1_25' title="bbox 2044 1185 3693 1265; baseline 0.006 -22"><span class='ocrx_word' id='word_1_167' title='bbox 2044 1200 2219 1263; x_wconf 88' lang='lat' dir='ltr'><strong>quam</strong></span> <span class='ocrx_word' id='word_1_168' title='bbox 2236 1185 2553 1265; x_wconf 84' lang='lat' dir='ltr'><strong>aliquando</strong></span> <span class='ocrx_word' id='word_1_169' title='bbox 2572 1186 2642 1248; x_wconf 91' lang='lat' dir='ltr'><strong>ad</strong></span> <span class='ocrx_word' id='word_1_170' title='bbox 2667 1186 2885 1248; x_wconf 82' lang='lat' dir='ltr'><strong>similia</strong></span> <span class='ocrx_word' id='word_1_171' title='bbox 2918 1188 3212 1251; x_wconf 82' lang='lat' dir='ltr'><strong>maleﬁcia</strong></span> <span class='ocrx_word' id='word_1_172' title='bbox 3240 1210 3539 1252; x_wconf 91' lang='lat' dir='ltr'><strong>nonnemo</strong></span> <span class='ocrx_word' id='word_1_173' title='bbox 3569 1190 3693 1253; x_wconf 88' lang='lat' dir='ltr'><strong>adi-</strong></span> 
     </span>
    </p>
   </div>
   <div class='ocr_carea' id='block_1_26' title="bbox 2042 1271 3691 1360">
    <p class='ocr_par' dir='ltr' id='par_1_26' title="bbox 2042 1271 3691 1360">
     <span class='ocr_line' id='line_1_26' title="bbox 2042 1271 3691 1360; baseline 0.006 -28"><span class='ocrx_word' id='word_1_174' title='bbox 2042 1271 2245 1350; x_wconf 79' lang='lat' dir='ltr'><strong>gitur?</strong></span> <span class='ocrx_word' id='word_1_175' title='bbox 2266 1273 2470 1354; x_wconf 87' lang='lat' dir='ltr'><strong>Neque</strong></span> <span class='ocrx_word' id='word_1_176' title='bbox 2502 1275 2704 1356; x_wconf 85' lang='lat' dir='ltr'><strong>itaque</strong></span> <span class='ocrx_word' id='word_1_177' title='bbox 2758 1295 2972 1356; x_wconf 64' lang='lat' dir='ltr'><strong>pugna;</strong></span> <span class='ocrx_word' id='word_1_178' title='bbox 3002 1285 3239 1358; x_wconf 90' lang='lat' dir='ltr'><strong>tempus</strong></span> <span class='ocrx_word' id='word_1_179' title='bbox 3301 1298 3491 1360; x_wconf 91' lang='lat' dir='ltr'><strong>neque</strong></span> <span class='ocrx_word' id='word_1_180' title='bbox 3524 1281 3691 1360; x_wconf 86' lang='lat' dir='ltr'><strong>pacis</strong></span> 
     </span>
    </p>
   </div>
   <div class='ocr_carea' id='block_1_27' title="bbox 2044 1361 3687 1441">
    <p class='ocr_par' dir='ltr' id='par_1_27' title="bbox 2044 1361 3687 1441">
     <span class='ocr_line' id='line_1_27' title="bbox 2044 1361 3687 1441; baseline 0.005 -20"><span class='ocrx_word' id='word_1_181' title='bbox 2044 1361 2351 1441; x_wconf 89' lang='lat' dir='ltr'><strong>permittit,</strong></span> <span class='ocrx_word' id='word_1_182' title='bbox 2387 1373 2447 1425; x_wconf 93' lang='lat' dir='ltr'><strong>ut</strong></span> <span class='ocrx_word' id='word_1_183' title='bbox 2477 1364 2856 1427; x_wconf 87' lang='lat' dir='ltr'><strong>admittamus</strong></span> <span class='ocrx_word' id='word_1_184' title='bbox 2919 1365 3240 1440; x_wconf 84' lang='lat' dir='ltr'><strong>volumina,</strong></span> <span class='ocrx_word' id='word_1_185' title='bbox 3266 1368 3489 1429; x_wconf 93' lang='lat' dir='ltr'><strong>dictum</strong></span> <span class='ocrx_word' id='word_1_186' title='bbox 3525 1368 3687 1429; x_wconf 88' lang='lat' dir='ltr'><strong>inte-</strong></span> 
     </span>
    </p>
   </div>
   <div class='ocr_carea' id='block_1_28' title="bbox 2038 1453 3689 1535">
    <p class='ocr_par' dir='ltr' id='par_1_28' title="bbox 2038 1453 3689 1535">
     <span class='ocr_line' id='line_1_28' title="bbox 2038 1453 3689 1535; baseline 0.005 -25"><span class='ocrx_word' id='word_1_187' title='bbox 2038 1468 2205 1529; x_wconf 81' lang='lat' dir='ltr'><strong>grum</strong></span> <span class='ocrx_word' id='word_1_188' title='bbox 2266 1453 2649 1535; x_wconf 85' lang='lat' dir='ltr'><strong>continentia,</strong></span> <span class='ocrx_word' id='word_1_189' title='bbox 2707 1453 3019 1515; x_wconf 84' lang='lat' dir='ltr'><strong>additione</strong></span> <span class='ocrx_word' id='word_1_190' title='bbox 3080 1454 3303 1517; x_wconf 90' lang='lat' dir='ltr'><strong>inserta</strong></span> <span class='ocrx_word' id='word_1_191' title='bbox 3358 1455 3689 1518; x_wconf 82' lang='lat' dir='ltr'><strong>adulterata</strong></span> 
     </span>
    </p>
   </div>
   <div class='ocr_carea' id='block_1_29' title="bbox 2036 1538 3687 1625">
    <p class='ocr_par' dir='ltr' id='par_1_29' title="bbox 2036 1538 3687 1625">
     <span class='ocr_line' id='line_1_29' title="bbox 2036 1538 3687 1625; baseline 0.003 -27"><span class='ocrx_word' id='word_1_192' title='bbox 2036 1538 2218 1602; x_wconf 88' lang='lat' dir='ltr'><strong>fuisse</strong></span> <span class='ocrx_word' id='word_1_193' title='bbox 2243 1559 2259 1617; x_wconf 89' lang='lat'><strong>;</strong></span> <span class='ocrx_word' id='word_1_194' title='bbox 2284 1548 2364 1623; x_wconf 87' lang='lat' dir='ltr'><strong>at,</strong></span> <span class='ocrx_word' id='word_1_195' title='bbox 2400 1540 2534 1621; x_wconf 89' lang='lat' dir='ltr'><strong>alia,</strong></span> <span class='ocrx_word' id='word_1_196' title='bbox 2560 1560 2691 1621; x_wconf 65' lang='lat' dir='ltr'><strong>quas</strong></span> <span class='ocrx_word' id='word_1_197' title='bbox 2718 1562 2834 1603; x_wconf 91' lang='lat' dir='ltr'><strong>non</strong></span> <span class='ocrx_word' id='word_1_198' title='bbox 2858 1546 3183 1619; x_wconf 84' lang='lat' dir='ltr'><strong>continent,</strong></span> <span class='ocrx_word' id='word_1_199' title='bbox 3216 1545 3477 1625; x_wconf 78' lang='lat' dir='ltr'><strong>prudens</strong></span> <span class='ocrx_word' id='word_1_200' title='bbox 3507 1545 3687 1625; x_wconf 85' lang='lat' dir='ltr'><strong>quili-</strong></span> 
     </span>
    </p>
   </div>
   <div class='ocr_carea' id='block_1_30' title="bbox 292 1621 1964 1712">
    <p class='ocr_par' dir='ltr' id='par_1_30' title="bbox 292 1621 1950 1710">
     <span class='ocr_line' id='line_1_30' title="bbox 292 1621 1950 1710; baseline -0.001 -25"><span class='ocrx_word' id='word_1_201' title='bbox 292 1632 436 1705; x_wconf 84' lang='grc' dir='ltr'>πρὸς</span> <span class='ocrx_word' id='word_1_202' title='bbox 512 1631 738 1710; x_wconf 81' lang='grc' dir='ltr'>λογικὰς</span> <span class='ocrx_word' id='word_1_203' title='bbox 797 1621 1044 1697; x_wconf 79' lang='grc' dir='ltr'>διαλέξεις</span> <span class='ocrx_word' id='word_1_204' title='bbox 1100 1631 1236 1688; x_wconf 82' lang='grc' dir='ltr'>κατὰ</span> <span class='ocrx_word' id='word_1_205' title='bbox 1274 1636 1380 1687; x_wconf 86' lang='grc' dir='ltr'><strong>τῶν</strong></span> <span class='ocrx_word' id='word_1_206' title='bbox 1439 1621 1708 1704; x_wconf 76' lang='grc' dir='ltr'>Ῥωμαίων</span> <span class='ocrx_word' id='word_1_207' title='bbox 1751 1626 1950 1686; x_wconf 78' lang='grc' dir='ltr'>ἀποδυ-</span> 
     </span>
    </p>
   </div>
   <div class='ocr_carea' id='block_1_31' title="bbox 2025 1621 3685 1712">
    <p class='ocr_par' dir='ltr' id='par_1_31' title="bbox 2037 1621 3685 1712">
     <span class='ocr_line' id='line_1_31' title="bbox 2037 1621 3685 1712; baseline 0.004 -24"><span class='ocrx_word' id='word_1_208' title='bbox 2037 1626 2133 1690; x_wconf 86' lang='lat' dir='ltr'><strong>bet</strong></span> <span class='ocrx_word' id='word_1_209' title='bbox 2165 1637 2223 1690; x_wconf 91' lang='lat' dir='ltr'><strong>et</strong></span> <span class='ocrx_word' id='word_1_210' title='bbox 2254 1621 2428 1710; x_wconf 85' lang='lat' dir='ltr'><strong>quam</strong></span> <span class='ocrx_word' id='word_1_211' title='bbox 2462 1630 2795 1694; x_wconf 89' lang='lat' dir='ltr'><strong>certissime</strong></span> <span class='ocrx_word' id='word_1_212' title='bbox 2827 1632 3096 1712; x_wconf 89' lang='lat' dir='ltr'><strong>spurium</strong></span> <span class='ocrx_word' id='word_1_213' title='bbox 3155 1621 3232 1694; x_wconf 29' lang='lat' dir='ltr'><strong>in.</strong></span> <span class='ocrx_word' id='word_1_214' title='bbox 3275 1653 3341 1695; x_wconf 91' lang='lat' dir='ltr'><strong>se</strong></span> <span class='ocrx_word' id='word_1_215' title='bbox 3372 1621 3593 1695; x_wconf 76' lang='lat' dir='ltr'><strong>habere</strong></span> <span class='ocrx_word' id='word_1_216' title='bbox 3627 1640 3685 1695; x_wconf 91' lang='lat' dir='ltr'><strong>et</strong></span> 
     </span>
    </p>
   </div>
   <div class='ocr_carea' id='block_1_32' title="bbox 291 1714 1964 1806">
    <p class='ocr_par' dir='ltr' id='par_1_32' title="bbox 291 1714 1946 1797">
     <span class='ocr_line' id='line_1_32' title="bbox 291 1714 1946 1797; baseline -0.001 -23"><span class='ocrx_word' id='word_1_217' title='bbox 291 1720 526 1777; x_wconf 68' lang='grc' dir='ltr'>σάμενοι</span> <span class='ocrx_word' id='word_1_218' title='bbox 583 1721 690 1778; x_wconf 79' lang='grc' dir='ltr'>τῶν</span> <span class='ocrx_word' id='word_1_219' title='bbox 747 1717 889 1796; x_wconf 77' lang='grc' dir='ltr'>μάλα</span> <span class='ocrx_word' id='word_1_220' title='bbox 957 1718 1173 1777; x_wconf 76' lang='grc' dir='ltr'>εἰκότων</span> <span class='ocrx_word' id='word_1_221' title='bbox 1263 1717 1522 1797; x_wconf 88' lang='grc' dir='ltr'>λογιεῖταί</span> <span class='ocrx_word' id='word_1_222' title='bbox 1589 1740 1670 1782; x_wconf 88' lang='grc' dir='ltr'><strong>τις</strong></span> <span class='ocrx_word' id='word_1_223' title='bbox 1732 1714 1946 1794; x_wconf 77' lang='grc' dir='ltr'>βίϐλων,</span> 
     </span>
    </p>
   </div>
   <div class='ocr_carea' id='block_1_33' title="bbox 2025 1714 3682 1806">
    <p class='ocr_par' dir='ltr' id='par_1_33' title="bbox 2036 1719 3682 1806">
     <span class='ocr_line' id='line_1_33' title="bbox 2036 1719 3682 1806; baseline 0.004 -29"><span class='ocrx_word' id='word_1_224' title='bbox 2036 1719 2977 1806; x_wconf 81' lang='lat' dir='ltr'><strong>ementitum,agnoscet.Etenim,</strong></span> <span class='ocrx_word' id='word_1_225' title='bbox 3011 1739 3145 1784; x_wconf 88' lang='lat' dir='ltr'><strong>eum</strong></span> <span class='ocrx_word' id='word_1_226' title='bbox 3176 1721 3407 1783; x_wconf 91' lang='lat' dir='ltr'><strong>dissidii</strong></span> <span class='ocrx_word' id='word_1_227' title='bbox 3443 1730 3682 1802; x_wconf 90' lang='lat' dir='ltr'><strong>tempns</strong></span> 
     </span>
    </p>
   </div>
   <div class='ocr_carea' id='block_1_34' title="bbox 290 1805 1964 1890">
    <p class='ocr_par' dir='ltr' id='par_1_34' title="bbox 290 1805 1948 1888">
     <span class='ocr_line' id='line_1_34' title="bbox 290 1805 1948 1888; baseline -0.002 -25"><span class='ocrx_word' id='word_1_228' title='bbox 290 1814 459 1865; x_wconf 83' lang='grc' dir='ltr'>τινῶν</span> <span class='ocrx_word' id='word_1_229' title='bbox 499 1808 850 1888; x_wconf 79' lang='grc' dir='ltr'>διαγραφῆναι</span> <span class='ocrx_word' id='word_1_230' title='bbox 894 1809 1045 1887; x_wconf 73' lang='grc' dir='ltr'>ῥῆσιν</span> <span class='ocrx_word' id='word_1_231' title='bbox 1088 1808 1316 1880; x_wconf 81' lang='grc' dir='ltr'>ἐκείνην,</span> <span class='ocrx_word' id='word_1_232' title='bbox 1370 1805 1422 1873; x_wconf 76' lang='grc' dir='ltr'>ἐξ</span> <span class='ocrx_word' id='word_1_233' title='bbox 1477 1808 1544 1874; x_wconf 79' lang='grc' dir='ltr'><strong>ἧς</strong></span> <span class='ocrx_word' id='word_1_234' title='bbox 1602 1806 1698 1864; x_wconf 76' lang='grc' dir='ltr'><strong>οὒκ</strong></span> <span class='ocrx_word' id='word_1_235' title='bbox 1725 1806 1948 1883; x_wconf 79' lang='grc' dir='ltr'>ἀγεννὴς</span> 
     </span>
    </p>
   </div>
   <div class='ocr_carea' id='block_1_35' title="bbox 2025 1805 3675 1890">
    <p class='ocr_par' dir='ltr' id='par_1_35' title="bbox 2031 1805 3675 1890">
     <span class='ocr_line' id='line_1_35' title="bbox 2031 1805 3675 1890; baseline 0.002 -24"><span class='ocrx_word' id='word_1_236' title='bbox 2031 1805 2102 1866; x_wconf 88' lang='lat' dir='ltr'><strong>ad</strong></span> <span class='ocrx_word' id='word_1_237' title='bbox 2132 1825 2418 1869; x_wconf 86' lang='lat' dir='ltr'><strong>annorum</strong></span> <span class='ocrx_word' id='word_1_238' title='bbox 2448 1817 2733 1870; x_wconf 85' lang='lat' dir='ltr'><strong>centenas</strong></span> <span class='ocrx_word' id='word_1_239' title='bbox 2793 1810 3090 1889; x_wconf 85' lang='lat' dir='ltr'><strong>periodos,</strong></span> <span class='ocrx_word' id='word_1_240' title='bbox 3122 1828 3341 1890; x_wconf 90' lang='lat' dir='ltr'><strong>easque</strong></span> <span class='ocrx_word' id='word_1_241' title='bbox 3392 1810 3675 1889; x_wconf 79' lang='lat' dir='ltr'><strong>integras,</strong></span> 
     </span>
    </p>
   </div>
   <div class='ocr_carea' id='block_1_36' title="bbox 286 1893 1964 1978">
    <p class='ocr_par' dir='ltr' id='par_1_36' title="bbox 286 1893 1947 1978">
     <span class='ocr_line' id='line_1_36' title="bbox 286 1893 1947 1978; baseline 0.001 -26"><span class='ocrx_word' id='word_1_242' title='bbox 286 1898 316 1952; x_wconf 89' lang='lat'><strong>6</strong></span> <span class='ocrx_word' id='word_1_243' title='bbox 342 1895 585 1978; x_wconf 82' lang='grc' dir='ltr'>ἔλεγχος</span> <span class='ocrx_word' id='word_1_244' title='bbox 654 1898 990 1978; x_wconf 76' lang='grc' dir='ltr'>ἀναφαίνεται</span> <span class='ocrx_word' id='word_1_245' title='bbox 1047 1899 1152 1955; x_wconf 78' lang='grc' dir='ltr'><strong>τῶν</strong></span> <span class='ocrx_word' id='word_1_246' title='bbox 1204 1898 1305 1964; x_wconf 74' lang='grc' dir='ltr'><strong>τὴν</strong></span> <span class='ocrx_word' id='word_1_247' title='bbox 1359 1894 1627 1954; x_wconf 86' lang='grc' dir='ltr'>διάστασιν</span> <span class='ocrx_word' id='word_1_248' title='bbox 1680 1898 1786 1951; x_wconf 71' lang='grc' dir='ltr'>τῶν</span> <span class='ocrx_word' id='word_1_249' title='bbox 1818 1893 1947 1953; x_wconf 85' lang='grc' dir='ltr'><strong>Ἐκ-</strong></span> 
     </span>
    </p>
   </div>
   <div class='ocr_carea' id='block_1_37' title="bbox 2025 1893 3679 1978">
    <p class='ocr_par' dir='ltr' id='par_1_37' title="bbox 2031 1897 3679 1978">
     <span class='ocr_line' id='line_1_37' title="bbox 2031 1897 3679 1978; baseline 0.005 -25"><span class='ocrx_word' id='word_1_250' title='bbox 2031 1901 2339 1957; x_wconf 81' lang='lat' dir='ltr'><strong>extensum</strong></span> <span class='ocrx_word' id='word_1_251' title='bbox 2376 1897 2925 1972; x_wconf 80' lang='lat' dir='ltr'><strong>fuisset,etiuterim</strong></span> <span class='ocrx_word' id='word_1_252' title='bbox 2959 1917 3075 1959; x_wconf 91' lang='lat' dir='ltr'><strong>non</strong></span> <span class='ocrx_word' id='word_1_253' title='bbox 3110 1899 3282 1978; x_wconf 87' lang='lat' dir='ltr'><strong>pauci</strong></span> <span class='ocrx_word' id='word_1_254' title='bbox 3310 1897 3679 1961; x_wconf 82' lang='lat' dir='ltr'><strong>contentiose</strong></span> 
     </span>
    </p>
   </div>
   <div class='ocr_carea' id='block_1_38' title="bbox 284 1980 1964 2068">
    <p class='ocr_par' dir='ltr' id='par_1_38' title="bbox 284 1985 1948 2066">
     <span class='ocr_line' id='line_1_38' title="bbox 284 1985 1948 2066; baseline 0 -23"><span class='ocrx_word' id='word_1_255' title='bbox 284 1986 540 2054; x_wconf 82' lang='grc' dir='ltr'>κλησιῶν</span> <span class='ocrx_word' id='word_1_256' title='bbox 624 1988 1042 2048; x_wconf 81' lang='grc' dir='ltr'>ἐπισπευδόντων</span> <span class='ocrx_word' id='word_1_257' title='bbox 1120 1987 1283 2066; x_wconf 83' lang='grc' dir='ltr'>ὅσπερ</span> <span class='ocrx_word' id='word_1_258' title='bbox 1366 1987 1454 2042; x_wconf 82' lang='grc' dir='ltr'>καὶ</span> <span class='ocrx_word' id='word_1_259' title='bbox 1518 1985 1948 2065; x_wconf 80' lang='grc' dir='ltr'>ἐπισυγκροτούν-</span> 
     </span>
    </p>
   </div>
   <div class='ocr_carea' id='block_1_39' title="bbox 2025 1980 3677 2068">
    <p class='ocr_par' dir='ltr' id='par_1_39' title="bbox 2028 1980 3677 2068">
     <span class='ocr_line' id='line_1_39' title="bbox 2028 1980 3677 2068; baseline 0.004 -26"><span class='ocrx_word' id='word_1_260' title='bbox 2028 1980 2347 2045; x_wconf 87' lang='lat' dir='ltr'><strong>admodum</strong></span> <span class='ocrx_word' id='word_1_261' title='bbox 2369 1985 2699 2048; x_wconf 86' lang='lat' dir='ltr'><strong>dialecticis</strong></span> <span class='ocrx_word' id='word_1_262' title='bbox 2717 1985 3520 2068; x_wconf 82' lang='lat' dir='ltr'><strong>disputationibusRomanos</strong></span> <span class='ocrx_word' id='word_1_263' title='bbox 3539 1986 3677 2048; x_wconf 88' lang='lat' dir='ltr'><strong>ado-</strong></span> 
     </span>
    </p>
   </div>
   <div class='ocr_carea' id='block_1_40' title="bbox 284 2071 1964 2157">
    <p class='ocr_par' dir='ltr' id='par_1_40' title="bbox 284 2073 1942 2157">
     <span class='ocr_line' id='line_1_40' title="bbox 284 2073 1942 2157; baseline -0.002 -26"><span class='ocrx_word' id='word_1_264' title='bbox 284 2097 423 2134; x_wconf 87' lang='grc' dir='ltr'>των.</span> <span class='ocrx_word' id='word_1_265' title='bbox 467 2078 571 2133; x_wconf 76' lang='grc' dir='ltr'>Διὰ</span> <span class='ocrx_word' id='word_1_266' title='bbox 596 2085 720 2157; x_wconf 79' lang='grc' dir='ltr'>γοῦν</span> <span class='ocrx_word' id='word_1_267' title='bbox 754 2085 914 2135; x_wconf 82' lang='grc' dir='ltr'>ταῦτα</span> <span class='ocrx_word' id='word_1_268' title='bbox 966 2077 1083 2153; x_wconf 74' lang='grc' dir='ltr'>ἐμοὶ</span> <span class='ocrx_word' id='word_1_269' title='bbox 1131 2075 1262 2141; x_wconf 77' lang='grc' dir='ltr'>τέως</span> <span class='ocrx_word' id='word_1_270' title='bbox 1331 2074 1480 2130; x_wconf 81' lang='grc' dir='ltr'>δοκεῖ</span> <span class='ocrx_word' id='word_1_271' title='bbox 1533 2076 1626 2130; x_wconf 81' lang='grc' dir='ltr'>τὸν</span> <span class='ocrx_word' id='word_1_272' title='bbox 1678 2086 1801 2137; x_wconf 78' lang='grc' dir='ltr'>ταῖς</span> <span class='ocrx_word' id='word_1_273' title='bbox 1856 2073 1942 2149; x_wconf 82' lang='grc' dir='ltr'>βί-</span> 
     </span>
    </p>
   </div>
   <div class='ocr_carea' id='block_1_41' title="bbox 2025 2071 3677 2157">
    <p class='ocr_par' dir='ltr' id='par_1_41' title="bbox 2025 2071 3677 2156">
     <span class='ocr_line' id='line_1_41' title="bbox 2025 2071 3677 2156; baseline 0.003 -26"><span class='ocrx_word' id='word_1_274' title='bbox 2025 2071 2820 2143; x_wconf 87' lang='lat' dir='ltr'><strong>rirentur,verosimillimum</strong></span> <span class='ocrx_word' id='word_1_275' title='bbox 2836 2075 3126 2156; x_wconf 87' lang='lat' dir='ltr'><strong>quispiam</strong></span> <span class='ocrx_word' id='word_1_276' title='bbox 3144 2074 3677 2143; x_wconf 83' lang='lat' dir='ltr'><strong>existimaverit,di-</strong></span> 
     </span>
    </p>
   </div>
   <div class='ocr_carea' id='block_1_42' title="bbox 283 2160 1946 2245">
    <p class='ocr_par' dir='ltr' id='par_1_42' title="bbox 283 2160 1946 2245">
     <span class='ocr_line' id='line_1_42' title="bbox 283 2160 1946 2245; baseline -0.003 -24"><span class='ocrx_word' id='word_1_277' title='bbox 283 2160 449 2228; x_wconf 73' lang='grc' dir='ltr'>ὅλοις</span> <span class='ocrx_word' id='word_1_278' title='bbox 512 2164 934 2245; x_wconf 72' lang='grc' dir='ltr'>ἐπιγραφόμενον</span> <span class='ocrx_word' id='word_1_279' title='bbox 998 2165 1097 2231; x_wconf 76' lang='grc' dir='ltr'>τὴν</span> <span class='ocrx_word' id='word_1_280' title='bbox 1152 2163 1512 2243; x_wconf 73' lang='grc' dir='ltr'>παραφθορὰν,</span> <span class='ocrx_word' id='word_1_281' title='bbox 1581 2166 1671 2227; x_wconf 79' lang='grc' dir='ltr'><strong>αἷς</strong></span> <span class='ocrx_word' id='word_1_282' title='bbox 1723 2160 1946 2225; x_wconf 77' lang='grc' dir='ltr'>ἐντελῶς</span> 
     </span>
    </p>
   </div>
   <div class='ocr_carea' id='block_1_43' title="bbox 282 2247 1946 2332">
    <p class='ocr_par' dir='ltr' id='par_1_43' title="bbox 282 2247 1946 2332">
     <span class='ocr_line' id='line_1_43' title="bbox 282 2247 1946 2332; baseline -0.003 -21"><span class='ocrx_word' id='word_1_283' title='bbox 282 2254 320 2320; x_wconf 75' lang='grc' dir='ltr'>ἢ</span> <span class='ocrx_word' id='word_1_284' title='bbox 350 2254 519 2332; x_wconf 80' lang='grc' dir='ltr'>ῥῆσις</span> <span class='ocrx_word' id='word_1_285' title='bbox 550 2268 749 2328; x_wconf 84' lang='grc' dir='ltr'>κεῖται,</span> <span class='ocrx_word' id='word_1_286' title='bbox 781 2256 855 2318; x_wconf 82' lang='grc' dir='ltr'>ὡς</span> <span class='ocrx_word' id='word_1_287' title='bbox 929 2254 1400 2332; x_wconf 80' lang='grc' dir='ltr'>προανατέτακται,</span> <span class='ocrx_word' id='word_1_288' title='bbox 1459 2263 1665 2314; x_wconf 73' lang='grc' dir='ltr'>κοιναῖς</span> <span class='ocrx_word' id='word_1_289' title='bbox 1707 2247 1946 2327; x_wconf 79' lang='grc' dir='ltr'>ἄντικρυς</span> 
     </span>
    </p>
   </div>
   <div class='ocr_carea' id='block_1_44' title="bbox 282 2337 1944 2423">
    <p class='ocr_par' dir='ltr' id='par_1_44' title="bbox 282 2337 1944 2423">
     <span class='ocr_line' id='line_1_44' title="bbox 282 2337 1944 2423; baseline -0.001 -26"><span class='ocrx_word' id='word_1_290' title='bbox 282 2340 521 2406; x_wconf 78' lang='grc' dir='ltr'>ἐννοίαις</span> <span class='ocrx_word' id='word_1_291' title='bbox 593 2347 904 2423; x_wconf 83' lang='grc' dir='ltr'>μαχόμενον</span> <span class='ocrx_word' id='word_1_292' title='bbox 959 2342 1247 2423; x_wconf 86' lang='grc' dir='ltr'>φαίνεσθαι,</span> <span class='ocrx_word' id='word_1_293' title='bbox 1332 2342 1404 2403; x_wconf 83' lang='grc' dir='ltr'>ὡς</span> <span class='ocrx_word' id='word_1_294' title='bbox 1478 2341 1564 2395; x_wconf 77' lang='grc' dir='ltr'><strong>τὸν</strong></span> <span class='ocrx_word' id='word_1_295' title='bbox 1619 2337 1944 2418; x_wconf 79' lang='grc' dir='ltr'>πειρώμενον</span> 
     </span>
    </p>
   </div>
   <div class='ocr_carea' id='block_1_45' title="bbox 280 2430 1940 2503">
    <p class='ocr_par' dir='ltr' id='par_1_45' title="bbox 280 2430 1940 2503">
     <span class='ocr_line' id='line_1_45' title="bbox 280 2430 1940 2503; baseline -0.002 -15"><span class='ocrx_word' id='word_1_296' title='bbox 280 2434 379 2489; x_wconf 79' lang='grc' dir='ltr'>τὸν</span> <span class='ocrx_word' id='word_1_297' title='bbox 455 2431 611 2499; x_wconf 66' lang='grc' dir='ltr'>ἥλιον</span> <span class='ocrx_word' id='word_1_298' title='bbox 653 2430 1068 2490; x_wconf 77' lang='grc' dir='ltr'>διαϐεϐαιοῦσθαι</span> <span class='ocrx_word' id='word_1_299' title='bbox 1138 2432 1357 2493; x_wconf 84' lang='grc' dir='ltr'>σκότους</span> <span class='ocrx_word' id='word_1_300' title='bbox 1428 2430 1570 2487; x_wconf 74' lang='grc' dir='ltr'>εἶναι</span> <span class='ocrx_word' id='word_1_301' title='bbox 1638 2431 1940 2503; x_wconf 83' lang='grc' dir='ltr'>ποιητικὸν,</span> 
     </span>
    </p>
   </div>
   <div class='ocr_carea' id='block_1_46' title="bbox 278 2517 1942 2601">
    <p class='ocr_par' dir='ltr' id='par_1_46' title="bbox 278 2517 1942 2601">
     <span class='ocr_line' id='line_1_46' title="bbox 278 2517 1942 2601; baseline -0.002 -24"><span class='ocrx_word' id='word_1_302' title='bbox 278 2522 346 2577; x_wconf 75' lang='grc' dir='ltr'><strong>τὰ</strong></span> <span class='ocrx_word' id='word_1_303' title='bbox 372 2520 514 2601; x_wconf 74' lang='grc' dir='ltr'>ὑπὲρ</span> <span class='ocrx_word' id='word_1_304' title='bbox 569 2527 673 2599; x_wconf 79' lang='grc' dir='ltr'>γῆν</span> <span class='ocrx_word' id='word_1_305' title='bbox 725 2520 1084 2600; x_wconf 80' lang='grc' dir='ltr'>διιππεύονια,</span> <span class='ocrx_word' id='word_1_306' title='bbox 1142 2521 1231 2578; x_wconf 79' lang='grc' dir='ltr'><strong>καὶ</strong></span> <span class='ocrx_word' id='word_1_307' title='bbox 1273 2518 1506 2597; x_wconf 84' lang='grc' dir='ltr'>πληροῦν</span> <span class='ocrx_word' id='word_1_308' title='bbox 1560 2517 1720 2575; x_wconf 84' lang='grc' dir='ltr'>πάλιν</span> <span class='ocrx_word' id='word_1_309' title='bbox 1770 2520 1942 2597; x_wconf 85' lang='grc' dir='ltr'>φωτὸς</span> 
     </span>
    </p>
   </div>
   <div class='ocr_carea' id='block_1_47' title="bbox 279 2606 1941 2689">
    <p class='ocr_par' dir='ltr' id='par_1_47' title="bbox 279 2606 1941 2689">
     <span class='ocr_line' id='line_1_47' title="bbox 279 2606 1941 2689; baseline -0.002 -23"><span class='ocrx_word' id='word_1_310' title='bbox 279 2611 347 2666; x_wconf 75' lang='grc' dir='ltr'>τὰ</span> <span class='ocrx_word' id='word_1_311' title='bbox 375 2610 646 2689; x_wconf 75' lang='grc' dir='ltr'>ἡμέτερα,</span> <span class='ocrx_word' id='word_1_312' title='bbox 680 2610 735 2666; x_wconf 87' lang='grc' dir='ltr'><strong>ἐν</strong></span> <span class='ocrx_word' id='word_1_313' title='bbox 775 2612 853 2685; x_wconf 80' lang='grc' dir='ltr'>τῷ</span> <span class='ocrx_word' id='word_1_314' title='bbox 911 2612 1001 2667; x_wconf 84' lang='grc' dir='ltr'><strong>τὸν</strong></span> <span class='ocrx_word' id='word_1_315' title='bbox 1059 2607 1263 2666; x_wconf 79' lang='grc' dir='ltr'>δυτικὸν</span> <span class='ocrx_word' id='word_1_316' title='bbox 1313 2606 1628 2687; x_wconf 77' lang='grc' dir='ltr'>ὑποτρέχειν</span> <span class='ocrx_word' id='word_1_317' title='bbox 1682 2606 1941 2685; x_wconf 79' lang='grc' dir='ltr'>ὁρίζοντα.</span> 
     </span>
    </p>
   </div>
   <div class='ocr_carea' id='block_1_48' title="bbox 283 2694 1942 2778">
    <p class='ocr_par' dir='ltr' id='par_1_48' title="bbox 283 2694 1942 2778">
     <span class='ocr_line' id='line_1_48' title="bbox 283 2694 1942 2778; baseline -0.004 -22"><span class='ocrx_word' id='word_1_318' title='bbox 283 2701 386 2757; x_wconf 73' lang='grc' dir='ltr'><strong>Καὶ</strong></span> <span class='ocrx_word' id='word_1_319' title='bbox 462 2699 622 2778; x_wconf 86' lang='grc' dir='ltr'>λόγος</span> <span class='ocrx_word' id='word_1_320' title='bbox 687 2722 778 2776; x_wconf 90' lang='grc' dir='ltr'><strong>μοι</strong></span> <span class='ocrx_word' id='word_1_321' title='bbox 834 2700 1042 2778; x_wconf 77' lang='grc' dir='ltr'>πρῶτος</span> <span class='ocrx_word' id='word_1_322' title='bbox 1108 2700 1283 2777; x_wconf 78' lang='grc' dir='ltr'>οὗτος,</span> <span class='ocrx_word' id='word_1_323' title='bbox 1329 2699 1488 2775; x_wconf 83' lang='grc' dir='ltr'>οὗπερ</span> <span class='ocrx_word' id='word_1_324' title='bbox 1554 2696 1670 2758; x_wconf 78' lang='grc' dir='ltr'>ἐνὸς</span> <span class='ocrx_word' id='word_1_325' title='bbox 1739 2694 1942 2774; x_wconf 78' lang='grc' dir='ltr'>ἔφημεν</span> 
     </span>
    </p>
   </div>
   <div class='ocr_carea' id='block_1_49' title="bbox 277 2783 1939 2865">
    <p class='ocr_par' dir='ltr' id='par_1_49' title="bbox 277 2783 1939 2865">
     <span class='ocr_line' id='line_1_49' title="bbox 277 2783 1939 2865; baseline -0.002 -23"><span class='ocrx_word' id='word_1_326' title='bbox 277 2790 415 2865; x_wconf 81' lang='grc' dir='ltr'>πρὸς</span> <span class='ocrx_word' id='word_1_327' title='bbox 468 2788 772 2864; x_wconf 78' lang='grc' dir='ltr'>ἀνατροπὴν</span> <span class='ocrx_word' id='word_1_328' title='bbox 827 2795 932 2845; x_wconf 86' lang='grc' dir='ltr'>τῶν</span> <span class='ocrx_word' id='word_1_329' title='bbox 987 2787 1231 2844; x_wconf 81' lang='grc' dir='ltr'>ἐναντίων</span> <span class='ocrx_word' id='word_1_330' title='bbox 1314 2783 1630 2863; x_wconf 78' lang='grc' dir='ltr'>παραδοῦναί</span> <span class='ocrx_word' id='word_1_331' title='bbox 1670 2806 1754 2840; x_wconf 88' lang='grc' dir='ltr'><strong>σοι</strong></span> <span class='ocrx_word' id='word_1_332' title='bbox 1810 2783 1939 2862; x_wconf 85' lang='grc' dir='ltr'>τρό-</span> 
     </span>
    </p>
   </div>
   <div class='ocr_carea' id='block_1_50' title="bbox 274 2870 1939 2957">
    <p class='ocr_par' dir='ltr' id='par_1_50' title="bbox 274 2870 1939 2957">
     <span class='ocr_line' id='line_1_50' title="bbox 274 2870 1939 2957; baseline -0.001 -25"><span class='ocrx_word' id='word_1_333' title='bbox 274 2898 403 2940; x_wconf 85' lang='grc' dir='ltr'>που.</span> <span class='ocrx_word' id='word_1_334' title='bbox 471 2875 532 2935; x_wconf 83' lang='grc' dir='ltr'>Ὀ</span> <span class='ocrx_word' id='word_1_335' title='bbox 584 2879 683 2957; x_wconf 77' lang='grc' dir='ltr'><strong>γὰρ</strong></span> <span class='ocrx_word' id='word_1_336' title='bbox 734 2877 977 2955; x_wconf 85' lang='grc' dir='ltr'>λογισμῶ</span> <span class='ocrx_word' id='word_1_337' title='bbox 1046 2877 1238 2955; x_wconf 83' lang='grc' dir='ltr'>κρίνειν</span> <span class='ocrx_word' id='word_1_338' title='bbox 1294 2873 1579 2948; x_wconf 83' lang='grc' dir='ltr'>δυνάμενος</span> <span class='ocrx_word' id='word_1_339' title='bbox 1647 2870 1939 2951; x_wconf 85' lang='grc' dir='ltr'>δισταγμοῦ</span> 
     </span>
    </p>
   </div>
   <div class='ocr_carea' id='block_1_51' title="bbox 277 2962 1938 3046">
    <p class='ocr_par' dir='ltr' id='par_1_51' title="bbox 277 2962 1938 3046">
     <span class='ocr_line' id='line_1_51' title="bbox 277 2962 1938 3046; baseline -0.003 -22"><span class='ocrx_word' id='word_1_340' title='bbox 277 2967 498 3031; x_wconf 82' lang='grc' dir='ltr'>πάντως</span> <span class='ocrx_word' id='word_1_341' title='bbox 550 2965 678 3046; x_wconf 86' lang='grc' dir='ltr'>δίχα</span> <span class='ocrx_word' id='word_1_342' title='bbox 731 2965 1058 3031; x_wconf 87' lang='grc' dir='ltr'>πεποιθότως</span> <span class='ocrx_word' id='word_1_343' title='bbox 1100 2966 1236 3023; x_wconf 87' lang='grc' dir='ltr'>πάνυ</span> <span class='ocrx_word' id='word_1_344' title='bbox 1288 2964 1355 3020; x_wconf 79' lang='grc' dir='ltr'><strong>τὰ</strong></span> <span class='ocrx_word' id='word_1_345' title='bbox 1408 2963 1657 3042; x_wconf 72' lang='grc' dir='ltr'>εἰρημένα</span> <span class='ocrx_word' id='word_1_346' title='bbox 1729 2962 1938 3041; x_wconf 86' lang='grc' dir='ltr'>ἐπικρι-</span> 
     </span>
    </p>
   </div>
   <div class='ocr_carea' id='block_1_52' title="bbox 280 3070 390 3115">
    <p class='ocr_par' dir='ltr' id='par_1_52' title="bbox 280 3070 390 3115">
     <span class='ocr_line' id='line_1_52' title="bbox 280 3070 390 3115; baseline 0.018 -2"><span class='ocrx_word' id='word_1_347' title='bbox 280 3070 390 3115; x_wconf 85' lang='grc' dir='ltr'>νεῖ.</span> 
     </span>
    </p>
   </div>
   <div class='ocr_carea' id='block_1_53' title="bbox 2032 2162 3670 2244">
    <p class='ocr_par' dir='ltr' id='par_1_53' title="bbox 2032 2162 3670 2244">
     <span class='ocr_line' id='line_1_53' title="bbox 2032 2162 3670 2244; baseline 0.002 -24"><span class='ocrx_word' id='word_1_348' title='bbox 2032 2167 2150 2221; x_wconf 91' lang='lat' dir='ltr'><strong>tum</strong></span> <span class='ocrx_word' id='word_1_349' title='bbox 2171 2162 2314 2224; x_wconf 92' lang='lat' dir='ltr'><strong>illud</strong></span> <span class='ocrx_word' id='word_1_350' title='bbox 2332 2162 2629 2244; x_wconf 86' lang='lat' dir='ltr'><strong>aliquibus</strong></span> <span class='ocrx_word' id='word_1_351' title='bbox 2652 2163 3051 2226; x_wconf 80' lang='lat' dir='ltr'><strong>voluminibus</strong></span> <span class='ocrx_word' id='word_1_352' title='bbox 3094 2165 3434 2242; x_wconf 85' lang='lat' dir='ltr'><strong>ademptum</strong></span> <span class='ocrx_word' id='word_1_353' title='bbox 3455 2163 3480 2224; x_wconf 83' lang='lat' dir='ltr'>f</span> <span class='ocrx_word' id='word_1_354' title='bbox 3488 2163 3670 2237; x_wconf 84' lang='lat' dir='ltr'><strong>uisse,</strong></span> 
     </span>
    </p>
   </div>
   <div class='ocr_carea' id='block_1_54' title="bbox 2030 2249 3672 2332">
    <p class='ocr_par' dir='ltr' id='par_1_54' title="bbox 2030 2249 3672 2332">
     <span class='ocr_line' id='line_1_54' title="bbox 2030 2249 3672 2332; baseline 0.002 -24"><span class='ocrx_word' id='word_1_355' title='bbox 2030 2265 2145 2326; x_wconf 90' lang='lat' dir='ltr'><strong>quo</strong></span> <span class='ocrx_word' id='word_1_356' title='bbox 2175 2249 2365 2311; x_wconf 83' lang='lat' dir='ltr'><strong>valida</strong></span> <span class='ocrx_word' id='word_1_357' title='bbox 2392 2250 2532 2311; x_wconf 87' lang='lat' dir='ltr'><strong>satis</strong></span> <span class='ocrx_word' id='word_1_358' title='bbox 2551 2250 2827 2312; x_wconf 80' lang='lat' dir='ltr'><strong>refutatio</strong></span> <span class='ocrx_word' id='word_1_359' title='bbox 2847 2269 3053 2313; x_wconf 89' lang='lat' dir='ltr'><strong>eorum</strong></span> <span class='ocrx_word' id='word_1_360' title='bbox 3079 2254 3398 2324; x_wconf 89' lang='lat' dir='ltr'><strong>enascitur,</strong></span> <span class='ocrx_word' id='word_1_361' title='bbox 3432 2249 3533 2332; x_wconf 86' lang='lat' dir='ltr'><strong>qui</strong></span> <span class='ocrx_word' id='word_1_362' title='bbox 3562 2249 3672 2312; x_wconf 86' lang='lat' dir='ltr'><strong>Ec-</strong></span> 
     </span>
    </p>
   </div>
   <div class='ocr_carea' id='block_1_55' title="bbox 2028 2336 3669 2421">
    <p class='ocr_par' dir='ltr' id='par_1_55' title="bbox 2028 2336 3669 2421">
     <span class='ocr_line' id='line_1_55' title="bbox 2028 2336 3669 2421; baseline 0.002 -25"><span class='ocrx_word' id='word_1_363' title='bbox 2028 2336 2338 2398; x_wconf 86' lang='lat' dir='ltr'><strong>clesiarum</strong></span> <span class='ocrx_word' id='word_1_364' title='bbox 2373 2337 2687 2400; x_wconf 90' lang='lat' dir='ltr'><strong>dissidium</strong></span> <span class='ocrx_word' id='word_1_365' title='bbox 2737 2339 3001 2401; x_wconf 88' lang='lat' dir='ltr'><strong>studiose</strong></span> <span class='ocrx_word' id='word_1_366' title='bbox 3031 2348 3373 2421; x_wconf 89' lang='lat' dir='ltr'><strong>procurant,</strong></span> <span class='ocrx_word' id='word_1_367' title='bbox 3436 2347 3495 2401; x_wconf 90' lang='lat' dir='ltr'><strong>et</strong></span> <span class='ocrx_word' id='word_1_368' title='bbox 3522 2358 3669 2402; x_wconf 85' lang='lat' dir='ltr'><strong>con-</strong></span> 
     </span>
    </p>
   </div>
   <div class='ocr_carea' id='block_1_56' title="bbox 2026 2426 3673 2510">
    <p class='ocr_par' dir='ltr' id='par_1_56' title="bbox 2026 2426 3673 2510">
     <span class='ocr_line' id='line_1_56' title="bbox 2026 2426 3673 2510; baseline 0.002 -24"><span class='ocrx_word' id='word_1_369' title='bbox 2026 2426 2319 2507; x_wconf 82' lang='lat' dir='ltr'><strong>stabilire,</strong></span> <span class='ocrx_word' id='word_1_370' title='bbox 2350 2436 2663 2490; x_wconf 90' lang='lat' dir='ltr'><strong>conantur.</strong></span> <span class='ocrx_word' id='word_1_371' title='bbox 2698 2427 3071 2510; x_wconf 86' lang='lat' dir='ltr'><strong>Quapropter</strong></span> <span class='ocrx_word' id='word_1_372' title='bbox 3099 2448 3259 2502; x_wconf 87' lang='lat' dir='ltr'><strong>reor,</strong></span> <span class='ocrx_word' id='word_1_373' title='bbox 3296 2429 3398 2510; x_wconf 92' lang='lat' dir='ltr'><strong>qui</strong></span> <span class='ocrx_word' id='word_1_374' title='bbox 3428 2428 3673 2491; x_wconf 86' lang='lat' dir='ltr'><strong>volumi-</strong></span> 
     </span>
    </p>
   </div>
   <div class='ocr_carea' id='block_1_57' title="bbox 2026 2513 3668 2599">
    <p class='ocr_par' dir='ltr' id='par_1_57' title="bbox 2026 2513 3668 2599">
     <span class='ocr_line' id='line_1_57' title="bbox 2026 2513 3668 2599; baseline 0.003 -25"><span class='ocrx_word' id='word_1_375' title='bbox 2026 2513 2202 2576; x_wconf 91' lang='lat' dir='ltr'><strong>nibus</strong></span> <span class='ocrx_word' id='word_1_376' title='bbox 2223 2515 2441 2577; x_wconf 85' lang='lat' dir='ltr'><strong>dictam</strong></span> <span class='ocrx_word' id='word_1_377' title='bbox 2474 2516 2896 2594; x_wconf 78' lang='lat' dir='ltr'><strong>referentibus,</strong></span> <span class='ocrx_word' id='word_1_378' title='bbox 2930 2519 3374 2599; x_wconf 86' lang='lat' dir='ltr'><strong>corruptionem</strong></span> <span class='ocrx_word' id='word_1_379' title='bbox 3403 2518 3668 2593; x_wconf 80' lang='lat' dir='ltr'><strong>ascribit,</strong></span> 
     </span>
    </p>
   </div>
   <div class='ocr_carea' id='block_1_58' title="bbox 2024 2601 3666 2689">
    <p class='ocr_par' dir='ltr' id='par_1_58' title="bbox 2024 2601 3666 2689">
     <span class='ocr_line' id='line_1_58' title="bbox 2024 2601 3666 2689; baseline 0.003 -26"><span class='ocrx_word' id='word_1_380' title='bbox 2024 2601 2085 2663; x_wconf 91' lang='lat' dir='ltr'><strong>in</strong></span> <span class='ocrx_word' id='word_1_381' title='bbox 2117 2604 2334 2684; x_wconf 84' lang='lat' dir='ltr'><strong>quibus</strong></span> <span class='ocrx_word' id='word_1_382' title='bbox 2365 2607 2594 2685; x_wconf 75' lang='lat' dir='ltr'><strong>integra</strong></span> <span class='ocrx_word' id='word_1_383' title='bbox 2619 2608 2914 2669; x_wconf 88' lang='lat' dir='ltr'><strong>sententia</strong></span> <span class='ocrx_word' id='word_1_384' title='bbox 2947 2607 3254 2688; x_wconf 78' lang='lat' dir='ltr'><strong>legitur,ut</strong></span> <span class='ocrx_word' id='word_1_385' title='bbox 3281 2626 3458 2689; x_wconf 85' lang='lat' dir='ltr'><strong>supra</strong></span> <span class='ocrx_word' id='word_1_386' title='bbox 3487 2624 3666 2669; x_wconf 89' lang='lat' dir='ltr'><strong>anno-</strong></span> 
     </span>
    </p>
   </div>
   <div class='ocr_carea' id='block_1_59' title="bbox 2027 2693 3670 2777">
    <p class='ocr_par' dir='ltr' id='par_1_59' title="bbox 2027 2693 3670 2777">
     <span class='ocr_line' id='line_1_59' title="bbox 2027 2693 3670 2777; baseline 0.005 -26"><span class='ocrx_word' id='word_1_387' title='bbox 2027 2693 2299 2769; x_wconf 87' lang='lat' dir='ltr'><strong>tavimus,</strong></span> <span class='ocrx_word' id='word_1_388' title='bbox 2329 2696 2520 2775; x_wconf 82' lang='lat' dir='ltr'><strong>palam</strong></span> <span class='ocrx_word' id='word_1_389' title='bbox 2548 2704 2870 2777; x_wconf 90' lang='lat' dir='ltr'><strong>aperteque</strong></span> <span class='ocrx_word' id='word_1_390' title='bbox 2888 2697 3306 2759; x_wconf 78' lang='lat' dir='ltr'><strong>communibus</strong></span> <span class='ocrx_word' id='word_1_391' title='bbox 3329 2695 3670 2759; x_wconf 89' lang='lat' dir='ltr'><strong>notionibus</strong></span> 
     </span>
    </p>
   </div>
   <div class='ocr_carea' id='block_1_60' title="bbox 2023 2780 3662 2867">
    <p class='ocr_par' dir='ltr' id='par_1_60' title="bbox 2023 2780 3662 2867">
     <span class='ocr_line' id='line_1_60' title="bbox 2023 2780 3662 2867; baseline 0.003 -27"><span class='ocrx_word' id='word_1_392' title='bbox 2023 2780 2346 2857; x_wconf 81' lang='lat' dir='ltr'><strong>adversari,</strong></span> <span class='ocrx_word' id='word_1_393' title='bbox 2381 2785 2879 2864; x_wconf 87' lang='lat' dir='ltr'><strong>quemadmodum</strong></span> <span class='ocrx_word' id='word_1_394' title='bbox 2912 2786 3014 2867; x_wconf 94' lang='lat' dir='ltr'><strong>qni</strong></span> <span class='ocrx_word' id='word_1_395' title='bbox 3045 2786 3232 2847; x_wconf 86' lang='lat' dir='ltr'><strong>solem</strong></span> <span class='ocrx_word' id='word_1_396' title='bbox 3284 2785 3662 2847; x_wconf 83' lang='lat' dir='ltr'><strong>tenebrarum</strong></span> 
     </span>
    </p>
   </div>
   <div class='ocr_carea' id='block_1_61' title="bbox 2025 2874 3663 2955">
    <p class='ocr_par' dir='ltr' id='par_1_61' title="bbox 2025 2874 3663 2955">
     <span class='ocr_line' id='line_1_61' title="bbox 2025 2874 3663 2955; baseline 0.004 -26"><span class='ocrx_word' id='word_1_397' title='bbox 2025 2886 2156 2931; x_wconf 92' lang='lat' dir='ltr'><strong>esse</strong></span> <span class='ocrx_word' id='word_1_398' title='bbox 2186 2881 2511 2943; x_wconf 84' lang='lat' dir='ltr'><strong>auctorem,</strong></span> <span class='ocrx_word' id='word_1_399' title='bbox 2551 2874 2905 2937; x_wconf 80' lang='lat' dir='ltr'><strong>conﬁrmare</strong></span> <span class='ocrx_word' id='word_1_400' title='bbox 2941 2875 3146 2936; x_wconf 87' lang='lat' dir='ltr'><strong>nititur</strong></span> <span class='ocrx_word' id='word_1_401' title='bbox 3163 2894 3295 2937; x_wconf 91' lang='lat' dir='ltr'><strong>cum</strong></span> <span class='ocrx_word' id='word_1_402' title='bbox 3328 2893 3511 2955; x_wconf 91' lang='lat' dir='ltr'><strong>super</strong></span> <span class='ocrx_word' id='word_1_403' title='bbox 3540 2883 3663 2935; x_wconf 63' lang='lat' dir='ltr'><strong>tero</strong></span> 
     </span>
    </p>
   </div>
   <div class='ocr_carea' id='block_1_62' title="bbox 2020 2961 3666 3043">
    <p class='ocr_par' dir='ltr' id='par_1_62' title="bbox 2020 2961 3666 3043">
     <span class='ocr_line' id='line_1_62' title="bbox 2020 2961 3666 3043; baseline 0.003 -25"><span class='ocrx_word' id='word_1_404' title='bbox 2020 2975 2187 3033; x_wconf 85' lang='lat' dir='ltr'><strong>rena,</strong></span> <span class='ocrx_word' id='word_1_405' title='bbox 2220 2961 2467 3043; x_wconf 87' lang='lat' dir='ltr'><strong>equitat,</strong></span> <span class='ocrx_word' id='word_1_406' title='bbox 2502 2971 2560 3024; x_wconf 92' lang='lat' dir='ltr'><strong>et</strong></span> <span class='ocrx_word' id='word_1_407' title='bbox 2588 2971 2789 3025; x_wconf 88' lang='lat' dir='ltr'><strong>nostra</strong></span> <span class='ocrx_word' id='word_1_408' title='bbox 2820 2965 2944 3026; x_wconf 68' lang='lat' dir='ltr'><strong>haec</strong></span> <span class='ocrx_word' id='word_1_409' title='bbox 2973 2965 3197 3041; x_wconf 67' lang='lat' dir='ltr'><strong>{omnia</strong></span> <span class='ocrx_word' id='word_1_410' title='bbox 3243 2963 3468 3026; x_wconf 90' lang='lat' dir='ltr'><strong>lumine</strong></span> <span class='ocrx_word' id='word_1_411' title='bbox 3497 2982 3666 3024; x_wconf 91' lang='lat' dir='ltr'><strong>com-</strong></span> 
     </span>
    </p>
   </div>
   <div class='ocr_carea' id='block_1_63' title="bbox 2022 3050 3669 3130">
    <p class='ocr_par' dir='ltr' id='par_1_63' title="bbox 2022 3050 3669 3130">
     <span class='ocr_line' id='line_1_63' title="bbox 2022 3050 3669 3130; baseline 0.004 -19"><span class='ocrx_word' id='word_1_412' title='bbox 2022 3050 2211 3130; x_wconf 87' lang='lat' dir='ltr'><strong>plere,</strong></span> <span class='ocrx_word' id='word_1_413' title='bbox 2270 3073 2403 3114; x_wconf 88' lang='lat' dir='ltr'><strong>cum</strong></span> <span class='ocrx_word' id='word_1_414' title='bbox 2463 3055 2782 3117; x_wconf 84' lang='lat' dir='ltr'><strong>occiduum</strong></span> <span class='ocrx_word' id='word_1_415' title='bbox 2815 3056 3119 3120; x_wconf 83' lang='lat' dir='ltr'><strong>finientem</strong></span> <span class='ocrx_word' id='word_1_416' title='bbox 3177 3056 3361 3121; x_wconf 91' lang='lat' dir='ltr'><strong>subit.</strong></span> <span class='ocrx_word' id='word_1_417' title='bbox 3422 3055 3493 3118; x_wconf 85' lang='lat' dir='ltr'><strong>Et</strong></span> <span class='ocrx_word' id='word_1_418' title='bbox 3542 3057 3669 3118; x_wconf 61' lang='lat' dir='ltr'><strong>hac</strong></span> 
     </span>
    </p>
   </div>
   <div class='ocr_carea' id='block_1_64' title="bbox 281 3136 3662 3225">
    <p class='ocr_par' dir='ltr' id='par_1_64' title="bbox 281 3136 3662 3225">
     <span class='ocr_line' id='line_1_64' title="bbox 281 3136 3662 3225; baseline -0 -20"><span class='ocrx_word' id='word_1_419' title='bbox 281 3143 480 3224; x_wconf 88' lang='lat' dir='ltr'><strong>prima</strong></span> <span class='ocrx_word' id='word_1_420' title='bbox 526 3143 678 3206; x_wconf 88' lang='lat' dir='ltr'><strong>ratio</strong></span> <span class='ocrx_word' id='word_1_421' title='bbox 708 3143 887 3207; x_wconf 80' lang='lat' dir='ltr'><strong>fuerit</strong></span> <span class='ocrx_word' id='word_1_422' title='bbox 920 3144 992 3205; x_wconf 93' lang='lat' dir='ltr'><strong>ad</strong></span> <span class='ocrx_word' id='word_1_423' title='bbox 1022 3142 1394 3205; x_wconf 79' lang='lat' dir='ltr'><strong>adversarios</strong></span> <span class='ocrx_word' id='word_1_424' title='bbox 1413 3137 1793 3209; x_wconf 76' lang='lat' dir='ltr'><strong>rol‘ellendos,</strong></span> <span class='ocrx_word' id='word_1_425' title='bbox 1817 3136 1996 3199; x_wconf 90' lang='lat' dir='ltr'><strong>unius</strong></span> <span class='ocrx_word' id='word_1_426' title='bbox 2016 3160 2086 3200; x_wconf 81' lang='lat' dir='ltr'><strong>ex</strong></span> <span class='ocrx_word' id='word_1_427' title='bbox 2117 3140 2235 3202; x_wconf 89' lang='lat' dir='ltr'><strong>illis</strong></span> <span class='ocrx_word' id='word_1_428' title='bbox 2266 3143 2457 3204; x_wconf 88' lang='lat' dir='ltr'><strong>modis</strong></span> <span class='ocrx_word' id='word_1_429' title='bbox 2489 3161 2505 3218; x_wconf 89' lang='lat'><strong>;</strong></span> <span class='ocrx_word' id='word_1_430' title='bbox 2540 3163 2686 3225; x_wconf 86' lang='lat' dir='ltr'><strong>quos</strong></span> <span class='ocrx_word' id='word_1_431' title='bbox 2718 3144 2821 3205; x_wconf 91' lang='lat' dir='ltr'><strong>tibi</strong></span> <span class='ocrx_word' id='word_1_432' title='bbox 2873 3145 3188 3207; x_wconf 84' lang='lat' dir='ltr'><strong>tradendos</strong></span> <span class='ocrx_word' id='word_1_433' title='bbox 3220 3163 3352 3207; x_wconf 91' lang='lat' dir='ltr'><strong>esse</strong></span> <span class='ocrx_word' id='word_1_434' title='bbox 3381 3144 3662 3206; x_wconf 81' lang='lat' dir='ltr'><strong>diximus.</strong></span> 
     </span>
    </p>
   </div>
   <div class='ocr_carea' id='block_1_65' title="bbox 278 3227 3665 3313">
    <p class='ocr_par' dir='ltr' id='par_1_65' title="bbox 278 3227 3665 3313">
     <span class='ocr_line' id='line_1_65' title="bbox 278 3227 3665 3313; baseline 0 -18"><span class='ocrx_word' id='word_1_435' title='bbox 278 3232 556 3303; x_wconf 83' lang='lat' dir='ltr'><strong>Etenim,</strong></span> <span class='ocrx_word' id='word_1_436' title='bbox 589 3237 693 3313; x_wconf 87' lang='lat' dir='ltr'><strong>qui</strong></span> <span class='ocrx_word' id='word_1_437' title='bbox 725 3233 958 3295; x_wconf 89' lang='lat' dir='ltr'><strong>ratione</strong></span> <span class='ocrx_word' id='word_1_438' title='bbox 988 3231 1326 3312; x_wconf 87' lang='lat' dir='ltr'><strong>dijudicare</strong></span> <span class='ocrx_word' id='word_1_439' title='bbox 1375 3227 1592 3311; x_wconf 84' lang='lat' dir='ltr'><strong>poterit</strong></span> <span class='ocrx_word' id='word_1_440' title='bbox 1636 3227 1859 3307; x_wconf 91' lang='lat' dir='ltr'><strong>absque</strong></span> <span class='ocrx_word' id='word_1_441' title='bbox 1903 3227 2022 3289; x_wconf 90' lang='lat' dir='ltr'><strong>ulla</strong></span> <span class='ocrx_word' id='word_1_442' title='bbox 2063 3228 2435 3294; x_wconf 69' lang='lat' dir='ltr'><strong>haesitatione</strong></span> <span class='ocrx_word' id='word_1_443' title='bbox 2482 3241 2889 3296; x_wconf 83' lang='lat' dir='ltr'><strong>asseveranter</strong></span> <span class='ocrx_word' id='word_1_444' title='bbox 2920 3235 3096 3297; x_wconf 92' lang='lat' dir='ltr'><strong>nimis</strong></span> <span class='ocrx_word' id='word_1_445' title='bbox 3121 3234 3278 3296; x_wconf 89' lang='lat' dir='ltr'><strong>dicta</strong></span> <span class='ocrx_word' id='word_1_446' title='bbox 3308 3234 3434 3295; x_wconf 66' lang='lat' dir='ltr'><strong>haec</strong></span> <span class='ocrx_word' id='word_1_447' title='bbox 3465 3242 3665 3296; x_wconf 84' lang='lat' dir='ltr'><strong>nostra</strong></span> 
     </span>
    </p>
   </div>
   <div class='ocr_carea' id='block_1_66' title="bbox 281 3320 595 3383">
    <p class='ocr_par' dir='ltr' id='par_1_66' title="bbox 281 3320 595 3383">
     <span class='ocr_line' id='line_1_66' title="bbox 281 3320 595 3383; baseline -0.003 -1"><span class='ocrx_word' id='word_1_448' title='bbox 281 3320 595 3383; x_wconf 84' lang='lat' dir='ltr'><strong>decernet.</strong></span> 
     </span>
    </p>
   </div>
   <div class='ocr_carea' id='block_1_67' title="bbox 365 3407 1964 3494">
    <p class='ocr_par' dir='ltr' id='par_1_67' title="bbox 365 3407 1964 3494">
     <span class='ocr_line' id='line_1_67' title="bbox 365 3407 1964 3494; baseline -0.001 -30"><span class='ocrx_word' id='word_1_449' title='bbox 365 3407 412 3464; x_wconf 83' lang='grc' dir='ltr'>δ’</span> <span class='ocrx_word' id='word_1_450' title='bbox 422 3454 439 3469; x_wconf 94' lang='grc'><strong>.</strong></span> <span class='ocrx_word' id='word_1_451' title='bbox 472 3414 669 3468; x_wconf 48' lang='grc' dir='ltr'><strong>⁸λοιπὸν</strong></span> <span class='ocrx_word' id='word_1_452' title='bbox 701 3409 756 3467; x_wconf 78' lang='grc' dir='ltr'>δὲ</span> <span class='ocrx_word' id='word_1_453' title='bbox 782 3413 919 3487; x_wconf 77' lang='grc' dir='ltr'>ἡμῖν</span> <span class='ocrx_word' id='word_1_454' title='bbox 961 3411 1154 3490; x_wconf 75' lang='grc' dir='ltr'>ὰπάρτι</span> <span class='ocrx_word' id='word_1_455' title='bbox 1205 3409 1315 3467; x_wconf 77' lang='grc' dir='ltr'>ἐστὶ</span> <span class='ocrx_word' id='word_1_456' title='bbox 1369 3410 1456 3465; x_wconf 83' lang='grc' dir='ltr'><strong>καὶ</strong></span> <span class='ocrx_word' id='word_1_457' title='bbox 1511 3414 1606 3465; x_wconf 81' lang='grc' dir='ltr'>τοῦ</span> <span class='ocrx_word' id='word_1_458' title='bbox 1660 3408 1797 3494; x_wconf 84' lang='grc' dir='ltr'>κατᾶ</span> <span class='ocrx_word' id='word_1_459' title='bbox 1837 3407 1964 3474; x_wconf 68' lang='grc' dir='ltr'>τὴν(</span> 
     </span>
    </p>
   </div>
   <div class='ocr_carea' id='block_1_68' title="bbox 2025 3407 3663 3494">
    <p class='ocr_par' dir='ltr' id='par_1_68' title="bbox 2098 3408 3663 3494">
     <span class='ocr_line' id='line_1_68' title="bbox 2098 3408 3663 3494; baseline 0.003 -27"><span class='ocrx_word' id='word_1_460' title='bbox 2098 3410 2159 3471; x_wconf 76' lang='grc'><strong>4.</strong></span> <span class='ocrx_word' id='word_1_461' title='bbox 2195 3408 2363 3471; x_wconf 88' lang='lat' dir='ltr'><strong>Nunc</strong></span> <span class='ocrx_word' id='word_1_462' title='bbox 2388 3410 2683 3492; x_wconf 88' lang='lat' dir='ltr'><strong>rleiquum</strong></span> <span class='ocrx_word' id='word_1_463' title='bbox 2708 3420 2819 3494; x_wconf 86' lang='lat' dir='ltr'><strong>est,</strong></span> <span class='ocrx_word' id='word_1_464' title='bbox 2845 3420 2903 3474; x_wconf 89' lang='lat' dir='ltr'><strong>et</strong></span> <span class='ocrx_word' id='word_1_465' title='bbox 2931 3411 3663 3492; x_wconf 56' lang='lat' dir='ltr'><strong>demonstrationemquaa</strong></span> 
     </span>
    </p>
   </div>
   <div class='ocr_carea' id='block_1_69' title="bbox 281 3493 1964 3581">
    <p class='ocr_par' dir='ltr' id='par_1_69' title="bbox 281 3493 1933 3581">
     <span class='ocr_line' id='line_1_69' title="bbox 281 3493 1933 3581; baseline -0.003 -25"><span class='ocrx_word' id='word_1_466' title='bbox 281 3499 393 3556; x_wconf 74' lang='grc' dir='ltr'><strong>ἀπὸ</strong></span> <span class='ocrx_word' id='word_1_467' title='bbox 474 3503 584 3556; x_wconf 81' lang='grc' dir='ltr'>τῶν</span> <span class='ocrx_word' id='word_1_468' title='bbox 632 3505 846 3579; x_wconf 79' lang='grc' dir='ltr'>γραφῶν</span> <span class='ocrx_word' id='word_1_469' title='bbox 948 3499 1308 3581; x_wconf 81' lang='grc' dir='ltr'>συναγόμενου</span> <span class='ocrx_word' id='word_1_470' title='bbox 1375 3495 1639 3562; x_wconf 80' lang='grc' dir='ltr'>ἀπόδειξιν</span> <span class='ocrx_word' id='word_1_471' title='bbox 1696 3493 1933 3576; x_wconf 80' lang='grc' dir='ltr'>δεύτερου</span> 
     </span>
    </p>
   </div>
   <div class='ocr_carea' id='block_1_70' title="bbox 2025 3493 3663 3581">
    <p class='ocr_par' dir='ltr' id='par_1_70' title="bbox 2025 3495 3663 3581">
     <span class='ocr_line' id='line_1_70' title="bbox 2025 3495 3663 3581; baseline 0.004 -24"><span class='ocrx_word' id='word_1_472' title='bbox 2025 3495 2415 3577; x_wconf 81' lang='lat' dir='ltr'><strong>exScripturis</strong></span> <span class='ocrx_word' id='word_1_473' title='bbox 2438 3499 2763 3574; x_wconf 88' lang='lat' dir='ltr'><strong>elicitur,et</strong></span> <span class='ocrx_word' id='word_1_474' title='bbox 2783 3511 2871 3562; x_wconf 90' lang='lat' dir='ltr'><strong>est</strong></span> <span class='ocrx_word' id='word_1_475' title='bbox 2894 3502 3189 3563; x_wconf 90' lang='lat' dir='ltr'><strong>secundus</strong></span> <span class='ocrx_word' id='word_1_476' title='bbox 3228 3502 3355 3581; x_wconf 75' lang='lat' dir='ltr'><strong>jam</strong></span> <span class='ocrx_word' id='word_1_477' title='bbox 3396 3519 3663 3563; x_wconf 89' lang='lat' dir='ltr'><strong>comme-</strong></span> 
     </span>
    </p>
   </div>
   <div class='ocr_carea' id='block_1_71' title="bbox 280 3579 1964 3667">
    <p class='ocr_par' dir='ltr' id='par_1_71' title="bbox 280 3579 1934 3667">
     <span class='ocr_line' id='line_1_71' title="bbox 280 3579 1934 3667; baseline -0.002 -24"><span class='ocrx_word' id='word_1_478' title='bbox 280 3589 485 3667; x_wconf 80' lang='grc' dir='ltr'>τρόπου</span> <span class='ocrx_word' id='word_1_479' title='bbox 608 3589 1019 3664; x_wconf 79' lang='grc' dir='ltr'>ἐπιμνησθῆναι.</span> <span class='ocrx_word' id='word_1_480' title='bbox 1113 3579 1169 3646; x_wconf 68' lang='grc' dir='ltr'><strong>Ὀ</strong></span> <span class='ocrx_word' id='word_1_481' title='bbox 1236 3589 1337 3666; x_wconf 75' lang='grc' dir='ltr'>γὰρ</span> <span class='ocrx_word' id='word_1_482' title='bbox 1420 3585 1588 3662; x_wconf 79' lang='grc' dir='ltr'>μέγας</span> <span class='ocrx_word' id='word_1_483' title='bbox 1665 3584 1934 3650; x_wconf 83' lang='grc' dir='ltr'>Βασίλειος</span> 
     </span>
    </p>
   </div>
   <div class='ocr_carea' id='block_1_72' title="bbox 2025 3579 3658 3667">
    <p class='ocr_par' dir='ltr' id='par_1_72' title="bbox 2025 3579 3658 3663">
     <span class='ocr_line' id='line_1_72' title="bbox 2025 3579 3658 3663; baseline 0.002 -18"><span class='ocrx_word' id='word_1_484' title='bbox 2025 3594 2282 3648; x_wconf 89' lang='lat' dir='ltr'><strong>moratus</strong></span> <span class='ocrx_word' id='word_1_485' title='bbox 2311 3606 2346 3648; x_wconf 87' lang='lat' dir='ltr'><strong>a</strong></span> <span class='ocrx_word' id='word_1_486' title='bbox 2376 3587 2547 3650; x_wconf 91' lang='lat' dir='ltr'><strong>nobis</strong></span> <span class='ocrx_word' id='word_1_487' title='bbox 2577 3589 2808 3663; x_wconf 90' lang='lat' dir='ltr'><strong>modus,</strong></span> <span class='ocrx_word' id='word_1_488' title='bbox 2839 3590 2897 3650; x_wconf 91' lang='lat' dir='ltr'><strong>in</strong></span> <span class='ocrx_word' id='word_1_489' title='bbox 2953 3588 3214 3651; x_wconf 88' lang='lat' dir='ltr'><strong>medium</strong></span> <span class='ocrx_word' id='word_1_490' title='bbox 3234 3579 3479 3652; x_wconf 20' lang='lat' dir='ltr'><strong>Vall‘erre.</strong></span> <span class='ocrx_word' id='word_1_491' title='bbox 3514 3587 3658 3650; x_wconf 91' lang='lat' dir='ltr'><strong>Nam</strong></span> 
     </span>
    </p>
   </div>
   <div class='ocr_carea' id='block_1_73' title="bbox 278 3672 1964 3758">
    <p class='ocr_par' dir='ltr' id='par_1_73' title="bbox 278 3672 1935 3756">
     <span class='ocr_line' id='line_1_73' title="bbox 278 3672 1935 3756; baseline -0.002 -24"><span class='ocrx_word' id='word_1_492' title='bbox 278 3676 545 3751; x_wconf 74' lang='grc' dir='ltr'>ἀξιώματι</span> <span class='ocrx_word' id='word_1_493' title='bbox 614 3675 926 3756; x_wconf 72' lang='grc' dir='ltr'>δευτερεύειν</span> <span class='ocrx_word' id='word_1_494' title='bbox 980 3679 1074 3733; x_wconf 74' lang='grc' dir='ltr'>τοῦ</span> <span class='ocrx_word' id='word_1_495' title='bbox 1133 3677 1254 3733; x_wconf 81' lang='grc' dir='ltr'><strong>Υἷοῦ</strong></span> <span class='ocrx_word' id='word_1_496' title='bbox 1328 3676 1388 3732; x_wconf 83' lang='grc' dir='ltr'>τὸ</span> <span class='ocrx_word' id='word_1_497' title='bbox 1446 3681 1660 3749; x_wconf 65' lang='grc' dir='ltr'>Πνεῖμα</span> <span class='ocrx_word' id='word_1_498' title='bbox 1712 3672 1935 3748; x_wconf 83' lang='grc' dir='ltr'>δεξάμε-</span> 
     </span>
    </p>
   </div>
   <div class='ocr_carea' id='block_1_74' title="bbox 2025 3672 3661 3758">
    <p class='ocr_par' dir='ltr' id='par_1_74' title="bbox 2025 3675 3661 3758">
     <span class='ocr_line' id='line_1_74' title="bbox 2025 3675 3661 3758; baseline 0.003 -24"><span class='ocrx_word' id='word_1_499' title='bbox 2025 3676 2519 3754; x_wconf 76' lang='lat' dir='ltr'><strong>magnusBasilius</strong></span> <span class='ocrx_word' id='word_1_500' title='bbox 2575 3678 2856 3758; x_wconf 85' lang='lat' dir='ltr'><strong>dignitate</strong></span> <span class='ocrx_word' id='word_1_501' title='bbox 2877 3679 3205 3741; x_wconf 87' lang='lat' dir='ltr'><strong>secundum</strong></span> <span class='ocrx_word' id='word_1_502' title='bbox 3236 3698 3271 3740; x_wconf 92' lang='lat' dir='ltr'><strong>a</strong></span> <span class='ocrx_word' id='word_1_503' title='bbox 3298 3677 3447 3740; x_wconf 81' lang='lat' dir='ltr'><strong>Filio</strong></span> <span class='ocrx_word' id='word_1_504' title='bbox 3467 3675 3661 3758; x_wconf 90' lang='lat' dir='ltr'><strong>Spiri-</strong></span> 
     </span>
    </p>
   </div>
   <div class='ocr_carea' id='block_1_75' title="bbox 278 3759 1964 3848">
    <p class='ocr_par' dir='ltr' id='par_1_75' title="bbox 278 3759 1940 3848">
     <span class='ocr_line' id='line_1_75' title="bbox 278 3759 1940 3848; baseline -0.001 -28"><span class='ocrx_word' id='word_1_505' title='bbox 278 3786 394 3843; x_wconf 79' lang='grc' dir='ltr'>νος,</span> <span class='ocrx_word' id='word_1_506' title='bbox 470 3766 561 3821; x_wconf 75' lang='grc' dir='ltr'><strong>καὶ</strong></span> <span class='ocrx_word' id='word_1_507' title='bbox 601 3764 890 3843; x_wconf 81' lang='grc' dir='ltr'>παράδοσιν</span> <span class='ocrx_word' id='word_1_508' title='bbox 932 3762 1194 3828; x_wconf 73' lang='grc' dir='ltr'>εὐσεϐείας</span> <span class='ocrx_word' id='word_1_509' title='bbox 1251 3765 1311 3821; x_wconf 80' lang='grc' dir='ltr'>τὸ</span> <span class='ocrx_word' id='word_1_510' title='bbox 1353 3769 1592 3820; x_wconf 78' lang='grc' dir='ltr'>τοιοῦτον</span> <span class='ocrx_word' id='word_1_511' title='bbox 1646 3759 1940 3848; x_wconf 79' lang='grc' dir='ltr'>δευτερεῖον</span> 
     </span>
    </p>
   </div>
   <div class='ocr_carea' id='block_1_76' title="bbox 2025 3759 3659 3848">
    <p class='ocr_par' dir='ltr' id='par_1_76' title="bbox 2025 3767 3659 3848">
     <span class='ocr_line' id='line_1_76' title="bbox 2025 3767 3659 3848; baseline 0.002 -26"><span class='ocrx_word' id='word_1_512' title='bbox 2025 3770 2308 3843; x_wconf 87' lang='lat' dir='ltr'><strong>lum,cum</strong></span> <span class='ocrx_word' id='word_1_513' title='bbox 2343 3767 2693 3846; x_wconf 84' lang='lat' dir='ltr'><strong>excepisset,</strong></span> <span class='ocrx_word' id='word_1_514' title='bbox 2730 3768 2965 3848; x_wconf 92' lang='lat' dir='ltr'><strong>pietatis</strong></span> <span class='ocrx_word' id='word_1_515' title='bbox 2996 3768 3372 3829; x_wconf 89' lang='lat' dir='ltr'><strong>traditionem</strong></span> <span class='ocrx_word' id='word_1_516' title='bbox 3396 3768 3659 3848; x_wconf 74' lang='lat' dir='ltr'><strong>apellare</strong></span> 
     </span>
    </p>
   </div>
   <div class='ocr_carea' id='block_1_77' title="bbox 278 3847 1964 3937">
    <p class='ocr_par' dir='ltr' id='par_1_77' title="bbox 278 3847 1938 3929">
     <span class='ocr_line' id='line_1_77' title="bbox 278 3847 1938 3929; baseline -0.002 -21"><span class='ocrx_word' id='word_1_517' title='bbox 278 3855 455 3909; x_wconf 82' lang='grc' dir='ltr'>εἰπεῖν</span> <span class='ocrx_word' id='word_1_518' title='bbox 523 3857 619 3911; x_wconf 62' lang='grc' dir='ltr'><strong>οὐκ</strong></span> <span class='ocrx_word' id='word_1_519' title='bbox 668 3852 1133 3929; x_wconf 78' lang='grc' dir='ltr'>ὑποστειλάμενος,</span> <span class='ocrx_word' id='word_1_520' title='bbox 1193 3856 1523 3918; x_wconf 83' lang='grc' dir='ltr'>κατασκετῆς</span> <span class='ocrx_word' id='word_1_521' title='bbox 1584 3848 1797 3924; x_wconf 68' lang='grc' dir='ltr'>ἐδεήθη,</span> <span class='ocrx_word' id='word_1_522' title='bbox 1868 3847 1938 3906; x_wconf 86' lang='grc' dir='ltr'>δι’</span> 
     </span>
    </p>
   </div>
   <div class='ocr_carea' id='block_1_78' title="bbox 2025 3847 3660 3937">
    <p class='ocr_par' dir='ltr' id='par_1_78' title="bbox 2025 3847 3660 3937">
     <span class='ocr_line' id='line_1_78' title="bbox 2025 3847 3660 3937; baseline 0.004 -26"><span class='ocrx_word' id='word_1_523' title='bbox 2025 3871 2137 3912; x_wconf 93' lang='lat' dir='ltr'><strong>non</strong></span> <span class='ocrx_word' id='word_1_524' title='bbox 2170 3853 2411 3930; x_wconf 81' lang='lat' dir='ltr'><strong>veritus,</strong></span> <span class='ocrx_word' id='word_1_525' title='bbox 2446 3847 2797 3935; x_wconf 86' lang='lat' dir='ltr'><strong>probatione</strong></span> <span class='ocrx_word' id='word_1_526' title='bbox 2829 3857 3099 3936; x_wconf 83' lang='lat' dir='ltr'><strong>indiguit,</strong></span> <span class='ocrx_word' id='word_1_527' title='bbox 3160 3874 3266 3937; x_wconf 84' lang='lat' dir='ltr'><strong>per</strong></span> <span class='ocrx_word' id='word_1_528' title='bbox 3315 3847 3491 3937; x_wconf 82' lang='lat' dir='ltr'><strong>quam</strong></span> <span class='ocrx_word' id='word_1_529' title='bbox 3523 3874 3660 3919; x_wconf 78' lang='lat' dir='ltr'><strong>vera</strong></span> 
     </span>
    </p>
   </div>
   <div class='ocr_carea' id='block_1_79' title="bbox 278 3937 1933 4023">
    <p class='ocr_par' dir='ltr' id='par_1_79' title="bbox 278 3937 1933 4023">
     <span class='ocr_line' id='line_1_79' title="bbox 278 3937 1933 4023; baseline -0.002 -25"><span class='ocrx_word' id='word_1_530' title='bbox 278 3946 348 4011; x_wconf 72' lang='grc' dir='ltr'><strong>ἧς</strong></span> <span class='ocrx_word' id='word_1_531' title='bbox 381 3941 446 3997; x_wconf 76' lang='grc' dir='ltr'><strong>ἂν</strong></span> <span class='ocrx_word' id='word_1_532' title='bbox 488 3941 696 4010; x_wconf 76' lang='grc' dir='ltr'>ἀληθὴς</span> <span class='ocrx_word' id='word_1_533' title='bbox 726 3945 754 3998; x_wconf 94' lang='lat'><strong>6</strong></span> <span class='ocrx_word' id='word_1_534' title='bbox 783 3941 942 4021; x_wconf 89' lang='grc' dir='ltr'>λόγος</span> <span class='ocrx_word' id='word_1_535' title='bbox 997 3942 1309 4023; x_wconf 81' lang='grc' dir='ltr'>ἀναφανείη,</span> <span class='ocrx_word' id='word_1_536' title='bbox 1371 3944 1400 3997; x_wconf 92' lang='lat'><strong>6</strong></span> <span class='ocrx_word' id='word_1_537' title='bbox 1457 3937 1747 4018; x_wconf 84' lang='grc' dir='ltr'>παράδοσιν</span> <span class='ocrx_word' id='word_1_538' title='bbox 1777 3940 1933 3996; x_wconf 75' lang='grc' dir='ltr'>εὗσε-</span> 
     </span>
    </p>
   </div>
   <div class='ocr_carea' id='block_1_80' title="bbox 279 4026 1935 4110">
    <p class='ocr_par' dir='ltr' id='par_1_80' title="bbox 279 4026 1935 4110">
     <span class='ocr_line' id='line_1_80' title="bbox 279 4026 1935 4110; baseline -0.001 -23"><span class='ocrx_word' id='word_1_539' title='bbox 279 4028 427 4095; x_wconf 80' lang='grc' dir='ltr'>6είας</span> <span class='ocrx_word' id='word_1_540' title='bbox 482 4029 771 4087; x_wconf 80' lang='grc' dir='ltr'>ἀποκαλῶν</span> <span class='ocrx_word' id='word_1_541' title='bbox 841 4033 904 4087; x_wconf 79' lang='grc' dir='ltr'>τὸ</span> <span class='ocrx_word' id='word_1_542' title='bbox 958 4033 1089 4110; x_wconf 77' lang='grc' dir='ltr'>πρὸς</span> <span class='ocrx_word' id='word_1_543' title='bbox 1145 4032 1236 4087; x_wconf 81' lang='grc' dir='ltr'>τὸν</span> <span class='ocrx_word' id='word_1_544' title='bbox 1328 4030 1445 4086; x_wconf 66' lang='lat' dir='ltr'><strong>nov</strong></span> <span class='ocrx_word' id='word_1_545' title='bbox 1498 4026 1788 4107; x_wconf 68' lang='grc' dir='ltr'>δευτερεῖον</span> <span class='ocrx_word' id='word_1_546' title='bbox 1844 4035 1935 4085; x_wconf 81' lang='grc' dir='ltr'>τοῦ</span> 
     </span>
    </p>
   </div>
   <div class='ocr_carea' id='block_1_81' title="bbox 284 4114 1932 4196">
    <p class='ocr_par' dir='ltr' id='par_1_81' title="bbox 284 4114 1932 4196">
     <span class='ocr_line' id='line_1_81' title="bbox 284 4114 1932 4196; baseline -0.002 -20"><span class='ocrx_word' id='word_1_547' title='bbox 284 4121 613 4195; x_wconf 79' lang='grc' dir='ltr'>Ιινεύματος.</span> <span class='ocrx_word' id='word_1_548' title='bbox 673 4122 769 4177; x_wconf 79' lang='grc' dir='ltr'>Καὶ</span> <span class='ocrx_word' id='word_1_549' title='bbox 847 4119 959 4176; x_wconf 79' lang='grc' dir='ltr'>ἐπεὶ</span> <span class='ocrx_word' id='word_1_550' title='bbox 1017 4118 1132 4177; x_wconf 70' lang='grc' dir='ltr'>οὔτε</span> <span class='ocrx_word' id='word_1_551' title='bbox 1230 4119 1365 4174; x_wconf 80' lang='grc' dir='ltr'>κατὰ</span> <span class='ocrx_word' id='word_1_552' title='bbox 1446 4116 1641 4196; x_wconf 75' lang='grc' dir='ltr'>χρόνον</span> <span class='ocrx_word' id='word_1_553' title='bbox 1697 4114 1810 4189; x_wconf 78' lang='grc' dir='ltr'>ᾔδει</span> <span class='ocrx_word' id='word_1_554' title='bbox 1872 4118 1932 4172; x_wconf 84' lang='grc' dir='ltr'>τὸ</span> 
     </span>
    </p>
   </div>
   <div class='ocr_carea' id='block_1_82' title="bbox 284 4205 1933 4287">
    <p class='ocr_par' dir='ltr' id='par_1_82' title="bbox 284 4205 1933 4287">
     <span class='ocr_line' id='line_1_82' title="bbox 284 4205 1933 4287; baseline -0.002 -22"><span class='ocrx_word' id='word_1_555' title='bbox 284 4212 498 4284; x_wconf 75' lang='grc' dir='ltr'>Πνεῦμα</span> <span class='ocrx_word' id='word_1_556' title='bbox 583 4208 878 4287; x_wconf 79' lang='grc' dir='ltr'>δευτερεῦον</span> <span class='ocrx_word' id='word_1_557' title='bbox 968 4208 1087 4264; x_wconf 83' lang='grc' dir='ltr'><strong>Υἱοῦ</strong></span> <span class='ocrx_word' id='word_1_558' title='bbox 1172 4214 1248 4282; x_wconf 84' lang='grc' dir='ltr'>τῷ</span> <span class='ocrx_word' id='word_1_559' title='bbox 1301 4206 1582 4280; x_wconf 77' lang='grc' dir='ltr'>ἀξιώματι,</span> <span class='ocrx_word' id='word_1_560' title='bbox 1648 4205 1763 4262; x_wconf 76' lang='grc' dir='ltr'>οὔτε</span> <span class='ocrx_word' id='word_1_561' title='bbox 1817 4205 1933 4262; x_wconf 86' lang='grc' dir='ltr'>καθ’</span> 
     </span>
    </p>
   </div>
   <div class='ocr_carea' id='block_1_83' title="bbox 281 4293 1932 4373">
    <p class='ocr_par' dir='ltr' id='par_1_83' title="bbox 281 4293 1932 4373">
     <span class='ocr_line' id='line_1_83' title="bbox 281 4293 1932 4373; baseline 0.002 -19"><span class='ocrx_word' id='word_1_562' title='bbox 281 4294 649 4373; x_wconf 70' lang='grc' dir='ltr'>ὕποϐιϐασμόν</span> <span class='ocrx_word' id='word_1_563' title='bbox 714 4319 831 4356; x_wconf 76' lang='grc' dir='ltr'>τινα</span> <span class='ocrx_word' id='word_1_564' title='bbox 887 4294 1061 4365; x_wconf 80' lang='grc' dir='ltr'>δόξης,</span> <span class='ocrx_word' id='word_1_565' title='bbox 1142 4294 1388 4363; x_wconf 78' lang='grc' dir='ltr'>ἰσοκλεὴς</span> <span class='ocrx_word' id='word_1_566' title='bbox 1458 4295 1557 4373; x_wconf 81' lang='grc' dir='ltr'><strong>γὰρ</strong></span> <span class='ocrx_word' id='word_1_567' title='bbox 1652 4296 1687 4363; x_wconf 82' lang='grc' dir='ltr'><strong>ἡ</strong></span> <span class='ocrx_word' id='word_1_568' title='bbox 1745 4293 1932 4360; x_wconf 72' lang='grc' dir='ltr'>θιάττις</span> 
     </span>
    </p>
   </div>
   <div class='ocr_carea' id='block_1_84' title="bbox 280 4383 1930 4465">
    <p class='ocr_par' dir='ltr' id='par_1_84' title="bbox 280 4383 1930 4465">
     <span class='ocr_line' id='line_1_84' title="bbox 280 4383 1930 4465; baseline -0.002 -24"><span class='ocrx_word' id='word_1_569' title='bbox 280 4385 502 4465; x_wconf 63' lang='grc' dir='ltr'>ἀμφοῖν,</span> <span class='ocrx_word' id='word_1_570' title='bbox 535 4383 653 4442; x_wconf 76' lang='grc' dir='ltr'>οὔτε</span> <span class='ocrx_word' id='word_1_571' title='bbox 693 4387 831 4442; x_wconf 83' lang='grc' dir='ltr'>κατά</span> <span class='ocrx_word' id='word_1_572' title='bbox 858 4408 975 4442; x_wconf 86' lang='grc' dir='ltr'>τινα</span> <span class='ocrx_word' id='word_1_573' title='bbox 1004 4385 1164 4463; x_wconf 81' lang='grc' dir='ltr'>λόγον</span> <span class='ocrx_word' id='word_1_574' title='bbox 1203 4383 1388 4454; x_wconf 72' lang='grc' dir='ltr'>ἄλλον,</span> <span class='ocrx_word' id='word_1_575' title='bbox 1421 4388 1505 4446; x_wconf 84' lang='grc' dir='ltr'><strong>οἶς</strong></span> <span class='ocrx_word' id='word_1_576' title='bbox 1580 4384 1646 4439; x_wconf 79' lang='grc' dir='ltr'>τὰ</span> <span class='ocrx_word' id='word_1_577' title='bbox 1706 4384 1835 4460; x_wconf 74' lang='grc' dir='ltr'>πρὸς</span> <span class='ocrx_word' id='word_1_578' title='bbox 1880 4403 1930 4438; x_wconf 89' lang='grc' dir='ltr'><strong>τι</strong></span> 
     </span>
    </p>
   </div>
   <div class='ocr_carea' id='block_1_85' title="bbox 280 4472 1923 4554">
    <p class='ocr_par' dir='ltr' id='par_1_85' title="bbox 280 4472 1923 4554">
     <span class='ocr_line' id='line_1_85' title="bbox 280 4472 1923 4554; baseline -0.002 -24"><span class='ocrx_word' id='word_1_579' title='bbox 280 4477 339 4530; x_wconf 82' lang='grc' dir='ltr'>τὸ</span> <span class='ocrx_word' id='word_1_580' title='bbox 388 4472 684 4553; x_wconf 84' lang='grc' dir='ltr'>δευτερεῖον</span> <span class='ocrx_word' id='word_1_581' title='bbox 779 4474 976 4554; x_wconf 77' lang='grc' dir='ltr'>ἔχοντα</span> <span class='ocrx_word' id='word_1_582' title='bbox 1034 4482 1140 4530; x_wconf 84' lang='grc' dir='ltr'>τῶν</span> <span class='ocrx_word' id='word_1_583' title='bbox 1196 4474 1600 4552; x_wconf 87' lang='grc' dir='ltr'>πρωτευνόντων</span> <span class='ocrx_word' id='word_1_584' title='bbox 1670 4472 1923 4550; x_wconf 72' lang='grc' dir='ltr'>ὑφίενται,</span> 
     </span>
    </p>
   </div>
   <div class='ocr_carea' id='block_1_86' title="bbox 282 4559 1928 4642">
    <p class='ocr_par' dir='ltr' id='par_1_86' title="bbox 282 4559 1928 4642">
     <span class='ocr_line' id='line_1_86' title="bbox 282 4559 1928 4642; baseline -0.002 -23"><span class='ocrx_word' id='word_1_585' title='bbox 282 4562 395 4619; x_wconf 62' lang='grc' dir='ltr'>ἄλλ’</span> <span class='ocrx_word' id='word_1_586' title='bbox 423 4562 518 4619; x_wconf 73' lang='grc' dir='ltr'>ἕνα</span> <span class='ocrx_word' id='word_1_587' title='bbox 591 4566 753 4636; x_wconf 82' lang='grc' dir='ltr'>μόνου</span> <span class='ocrx_word' id='word_1_588' title='bbox 810 4561 1070 4627; x_wconf 72' lang='grc' dir='ltr'>εὖσεϐείας</span> <span class='ocrx_word' id='word_1_589' title='bbox 1126 4564 1409 4642; x_wconf 67' lang='grc' dir='ltr'>ἐγίνωσκεν</span> <span class='ocrx_word' id='word_1_590' title='bbox 1465 4561 1605 4641; x_wconf 81' lang='grc' dir='ltr'>ὅρον,</span> <span class='ocrx_word' id='word_1_591' title='bbox 1638 4561 1753 4616; x_wconf 86' lang='grc' dir='ltr'>καθ’</span> <span class='ocrx_word' id='word_1_592' title='bbox 1782 4559 1840 4615; x_wconf 77' lang='grc' dir='ltr'><strong>’ὃν</strong></span> <span class='ocrx_word' id='word_1_593' title='bbox 1868 4560 1928 4616; x_wconf 85' lang='grc' dir='ltr'><strong>τό</strong></span> 
     </span>
    </p>
   </div>
   <div class='ocr_carea' id='block_1_87' title="bbox 2013 3944 3659 4026">
    <p class='ocr_par' dir='ltr' id='par_1_87' title="bbox 2013 3944 3659 4026">
     <span class='ocr_line' id='line_1_87' title="bbox 2013 3944 3659 4026; baseline 0.003 -26"><span class='ocrx_word' id='word_1_594' title='bbox 2013 3944 2666 4024; x_wconf 80' lang='lat' dir='ltr'><strong>sententia’_appareret,</strong></span> <span class='ocrx_word' id='word_1_595' title='bbox 2689 3946 2922 4026; x_wconf 88' lang='lat' dir='ltr'><strong>pietatis</strong></span> <span class='ocrx_word' id='word_1_596' title='bbox 2970 3946 3345 4007; x_wconf 85' lang='lat' dir='ltr'><strong>traditionem</strong></span> <span class='ocrx_word' id='word_1_597' title='bbox 3368 3946 3659 4007; x_wconf 89' lang='lat' dir='ltr'><strong>secundas</strong></span> 
     </span>
    </p>
   </div>
   <div class='ocr_carea' id='block_1_88' title="bbox 2015 4028 3655 4115">
    <p class='ocr_par' dir='ltr' id='par_1_88' title="bbox 2015 4028 3655 4115">
     <span class='ocr_line' id='line_1_88' title="bbox 2015 4028 3655 4115; baseline 0.003 -26"><span class='ocrx_word' id='word_1_598' title='bbox 2015 4028 2122 4089; x_wconf 87' lang='lat' dir='ltr'><strong>has</strong></span> <span class='ocrx_word' id='word_1_599' title='bbox 2148 4040 2342 4111; x_wconf 89' lang='lat' dir='ltr'><strong>partes</strong></span> <span class='ocrx_word' id='word_1_600' title='bbox 2364 4047 2820 4115; x_wconf 80' lang='lat' dir='ltr'><strong>nuncupaverat.</strong></span> <span class='ocrx_word' id='word_1_601' title='bbox 2856 4038 2947 4105; x_wconf 86' lang='lat' dir='ltr'><strong>Et.</strong></span> <span class='ocrx_word' id='word_1_602' title='bbox 2979 4055 3111 4097; x_wconf 90' lang='lat' dir='ltr'><strong>cum</strong></span> <span class='ocrx_word' id='word_1_603' title='bbox 3144 4038 3342 4107; x_wconf 89' lang='lat' dir='ltr'><strong>sciret,</strong></span> <span class='ocrx_word' id='word_1_604' title='bbox 3371 4032 3655 4114; x_wconf 86' lang='lat' dir='ltr'><strong>Spiritum</strong></span> 
     </span>
    </p>
   </div>
   <div class='ocr_carea' id='block_1_89' title="bbox 2015 4121 3658 4203">
    <p class='ocr_par' dir='ltr' id='par_1_89' title="bbox 2015 4121 3658 4203">
     <span class='ocr_line' id='line_1_89' title="bbox 2015 4121 3658 4203; baseline 0.003 -26"><span class='ocrx_word' id='word_1_605' title='bbox 2015 4135 2211 4203; x_wconf 87' lang='lat' dir='ltr'><strong>neque</strong></span> <span class='ocrx_word' id='word_1_606' title='bbox 2238 4121 2471 4182; x_wconf 84' lang='lat' dir='ltr'><strong>ratione</strong></span> <span class='ocrx_word' id='word_1_607' title='bbox 2494 4124 2775 4203; x_wconf 90' lang='lat' dir='ltr'><strong>temporis</strong></span> <span class='ocrx_word' id='word_1_608' title='bbox 2804 4125 3131 4184; x_wconf 90' lang='lat' dir='ltr'><strong>secundum</strong></span> <span class='ocrx_word' id='word_1_609' title='bbox 3156 4122 3435 4202; x_wconf 70' lang='lat' dir='ltr'><strong>dignitate</strong></span> <span class='ocrx_word' id='word_1_610' title='bbox 3468 4141 3599 4184; x_wconf 86' lang='lat' dir='ltr'><strong>esse</strong></span> <span class='ocrx_word' id='word_1_611' title='bbox 3624 4141 3658 4182; x_wconf 90' lang='lat' dir='ltr'><strong>a</strong></span> 
     </span>
    </p>
   </div>
   <div class='ocr_carea' id='block_1_90' title="bbox 2016 4202 3654 4293">
    <p class='ocr_par' dir='ltr' id='par_1_90' title="bbox 2016 4202 3654 4293">
     <span class='ocr_line' id='line_1_90' title="bbox 2016 4202 3654 4293; baseline 0.004 -28"><span class='ocrx_word' id='word_1_612' title='bbox 2016 4202 2388 4287; x_wconf 85' lang='lat' dir='ltr'><strong>Filio,neque</strong></span> <span class='ocrx_word' id='word_1_613' title='bbox 2437 4202 2855 4272; x_wconf 87' lang='lat' dir='ltr'><strong>imminutione</strong></span> <span class='ocrx_word' id='word_1_614' title='bbox 2904 4212 3102 4293; x_wconf 84' lang='lat' dir='ltr'><strong>a&#39;iqua</strong></span> <span class='ocrx_word' id='word_1_615' title='bbox 3149 4211 3353 4290; x_wconf 67' lang='lat' dir='ltr'><strong>gloria:</strong></span> <span class='ocrx_word' id='word_1_616' title='bbox 3376 4228 3654 4290; x_wconf 61' lang='lat' dir='ltr'><strong>peraeque</strong></span> 
     </span>
    </p>
   </div>
   <div class='ocr_carea' id='block_1_91' title="bbox 2016 4295 3646 4379">
    <p class='ocr_par' dir='ltr' id='par_1_91' title="bbox 2016 4295 3646 4379">
     <span class='ocr_line' id='line_1_91' title="bbox 2016 4295 3646 4379; baseline 0.002 -25"><span class='ocrx_word' id='word_1_617' title='bbox 2016 4295 2172 4354; x_wconf 91' lang='lat' dir='ltr'><strong>enim</strong></span> <span class='ocrx_word' id='word_1_618' title='bbox 2204 4306 2294 4357; x_wconf 91' lang='lat' dir='ltr'><strong>est</strong></span> <span class='ocrx_word' id='word_1_619' title='bbox 2322 4296 2383 4357; x_wconf 92' lang='lat' dir='ltr'><strong>in</strong></span> <span class='ocrx_word' id='word_1_620' title='bbox 2432 4307 2680 4379; x_wconf 85' lang='lat' dir='ltr'><strong>utroque</strong></span> <span class='ocrx_word' id='word_1_621' title='bbox 2701 4299 2999 4373; x_wconf 46' lang='lat' dir='ltr'><strong>divinitag</strong></span> <span class='ocrx_word' id='word_1_622' title='bbox 3036 4318 3228 4379; x_wconf 88' lang='lat' dir='ltr'><strong>neque</strong></span> <span class='ocrx_word' id='word_1_623' title='bbox 3253 4300 3370 4359; x_wconf 91' lang='lat' dir='ltr'><strong>ulla</strong></span> <span class='ocrx_word' id='word_1_624' title='bbox 3399 4298 3513 4360; x_wconf 90' lang='lat' dir='ltr'><strong>alia</strong></span> <span class='ocrx_word' id='word_1_625' title='bbox 3544 4317 3646 4359; x_wconf 92' lang='lat' dir='ltr'><strong>ra-</strong></span> 
     </span>
    </p>
   </div>
   <div class='ocr_carea' id='block_1_92' title="bbox 2014 4381 3656 4466">
    <p class='ocr_par' dir='ltr' id='par_1_92' title="bbox 2014 4381 3656 4466">
     <span class='ocr_line' id='line_1_92' title="bbox 2014 4381 3656 4466; baseline 0.004 -25"><span class='ocrx_word' id='word_1_626' title='bbox 2014 4381 2194 4456; x_wconf 84' lang='lat' dir='ltr'><strong>tione,</strong></span> <span class='ocrx_word' id='word_1_627' title='bbox 2270 4404 2385 4465; x_wconf 89' lang='lat' dir='ltr'><strong>qua</strong></span> <span class='ocrx_word' id='word_1_628' title='bbox 2464 4397 2737 4466; x_wconf 89' lang='lat' dir='ltr'><strong>respectu</strong></span> <span class='ocrx_word' id='word_1_629' title='bbox 2808 4387 3050 4449; x_wconf 87' lang='lat' dir='ltr'><strong>alterius</strong></span> <span class='ocrx_word' id='word_1_630' title='bbox 3107 4387 3399 4448; x_wconf 83' lang='lat' dir='ltr'><strong>secundas</strong></span> <span class='ocrx_word' id='word_1_631' title='bbox 3457 4395 3656 4466; x_wconf 85' lang='lat' dir='ltr'><strong>partes</strong></span> 
     </span>
    </p>
   </div>
   <div class='ocr_carea' id='block_1_93' title="bbox 2012 4471 3656 4552">
    <p class='ocr_par' dir='ltr' id='par_1_93' title="bbox 2012 4471 3656 4552">
     <span class='ocr_line' id='line_1_93' title="bbox 2012 4471 3656 4552; baseline 0.004 -22"><span class='ocrx_word' id='word_1_632' title='bbox 2012 4471 2343 4533; x_wconf 86' lang='lat' dir='ltr'><strong>obtinentia</strong></span> <span class='ocrx_word' id='word_1_633' title='bbox 2392 4475 2580 4552; x_wconf 90' lang='lat' dir='ltr'><strong>prima</strong></span> <span class='ocrx_word' id='word_1_634' title='bbox 2638 4474 3041 4537; x_wconf 86' lang='lat' dir='ltr'><strong>obtinentibus</strong></span> <span class='ocrx_word' id='word_1_635' title='bbox 3097 4476 3538 4547; x_wconf 90' lang='lat' dir='ltr'><strong>submittuntur,</strong></span> <span class='ocrx_word' id='word_1_636' title='bbox 3598 4485 3656 4537; x_wconf 92' lang='lat' dir='ltr'><strong>et</strong></span> 
     </span>
    </p>
   </div>
   <div class='ocr_carea' id='block_1_94' title="bbox 2011 4564 3650 4643">
    <p class='ocr_par' dir='ltr' id='par_1_94' title="bbox 2011 4564 3650 4643">
     <span class='ocr_line' id='line_1_94' title="bbox 2011 4564 3650 4643; baseline 0.003 -25"><span class='ocrx_word' id='word_1_637' title='bbox 2011 4576 2194 4619; x_wconf 88' lang='lat' dir='ltr'><strong>unum</strong></span> <span class='ocrx_word' id='word_1_638' title='bbox 2227 4564 2627 4623; x_wconf 86' lang='lat' dir='ltr'><strong>tantummodo</strong></span> <span class='ocrx_word' id='word_1_639' title='bbox 2651 4567 2883 4643; x_wconf 88' lang='lat' dir='ltr'><strong>pietatis</strong></span> <span class='ocrx_word' id='word_1_640' title='bbox 2890 4565 3650 4643; x_wconf 58' lang='lat' dir='ltr'><strong>;terminun,cognosceret,</strong></span> 
     </span>
    </p>
   </div>
   <div class='ocr_carea' id='block_1_95' title="bbox 283 4642 1964 4744">
    <p class='ocr_par' dir='ltr' id='par_1_95' title="bbox 283 4642 1964 4744">
     <span class='ocr_line' id='line_1_95' title="bbox 283 4642 1964 4744; baseline -0.002 -36"><span class='ocrx_word' id='word_1_641' title='bbox 283 4655 487 4723; x_wconf 68' lang='grc' dir='ltr'>Πνεῦμα</span> <span class='ocrx_word' id='word_1_642' title='bbox 542 4662 636 4712; x_wconf 76' lang='grc' dir='ltr'><strong>τοῦ</strong></span> <span class='ocrx_word' id='word_1_643' title='bbox 690 4654 811 4709; x_wconf 74' lang='grc' dir='ltr'>ι’ίοῦ</span> <span class='ocrx_word' id='word_1_644' title='bbox 867 4651 1159 4730; x_wconf 80' lang='grc' dir='ltr'>δευτερεῡόν</span> <span class='ocrx_word' id='word_1_645' title='bbox 1217 4652 1378 4712; x_wconf 75' lang='grc' dir='ltr'>ἐστιν.</span> <span class='ocrx_word' id='word_1_646' title='bbox 1439 4642 1496 4708; x_wconf 79' lang='grc' dir='ltr'>Ὀ</span> <span class='ocrx_word' id='word_1_647' title='bbox 1564 4647 1618 4705; x_wconf 78' lang='grc' dir='ltr'>δὲ</span> <span class='ocrx_word' id='word_1_648' title='bbox 1688 4647 1834 4728; x_wconf 76' lang='grc' dir='ltr'>ὅρος,</span> <span class='ocrx_word' id='word_1_649' title='bbox 1865 4651 1964 4744; x_wconf 73' lang='grc' dir='ltr'>τὸ,</span> 
     </span>
    </p>
   </div>
   <div class='ocr_carea' id='block_1_96' title="bbox 2025 4642 3651 4744">
    <p class='ocr_par' dir='ltr' id='par_1_96' title="bbox 2025 4642 3651 4744">
     <span class='ocr_line' id='line_1_96' title="bbox 2025 4642 3651 4744; baseline 0.004 -37"><span class='ocrx_word' id='word_1_650' title='bbox 2025 4665 2125 4727; x_wconf 55' lang='lat' dir='ltr'><strong>quo</strong></span> <span class='ocrx_word' id='word_1_651' title='bbox 2155 4649 2411 4744; x_wconf 78' lang='lat' dir='ltr'><strong>Spiritus</strong></span> <span class='ocrx_word' id='word_1_652' title='bbox 2441 4672 2471 4709; x_wconf 84' lang='lat' dir='ltr'><strong>a</strong></span> <span class='ocrx_word' id='word_1_653' title='bbox 2505 4651 2980 4744; x_wconf 72' lang='lat' dir='ltr'><strong>Filiosecundus</strong></span> <span class='ocrx_word' id='word_1_654' title='bbox 3039 4664 3128 4714; x_wconf 90' lang='lat' dir='ltr'><strong>est</strong></span> <span class='ocrx_word' id='word_1_655' title='bbox 3183 4651 3283 4732; x_wconf 88' lang='lat' dir='ltr'><strong>qui</strong></span> <span class='ocrx_word' id='word_1_656' title='bbox 3314 4661 3459 4724; x_wconf 86' lang='lat' dir='ltr'><strong>erat,</strong></span> <span class='ocrx_word' id='word_1_657' title='bbox 3494 4654 3651 4733; x_wconf 92' lang='lat' dir='ltr'><strong>quod</strong></span> 
     </span>
    </p>
   </div>
   <div class='ocr_carea' id='block_1_97' title="bbox 280 4737 1926 4821">
    <p class='ocr_par' dir='ltr' id='par_1_97' title="bbox 280 4737 1926 4821">
     <span class='ocr_line' id='line_1_97' title="bbox 280 4737 1926 4821; baseline -0.001 -26"><span class='ocrx_word' id='word_1_658' title='bbox 280 4739 343 4797; x_wconf 80' lang='grc' dir='ltr'><strong>δι’</strong></span> <span class='ocrx_word' id='word_1_659' title='bbox 396 4741 557 4799; x_wconf 72' lang='grc' dir='ltr'>αὑτοῦ</span> <span class='ocrx_word' id='word_1_660' title='bbox 612 4740 760 4821; x_wconf 67' lang='grc' dir='ltr'>ἔχειν</span> <span class='ocrx_word' id='word_1_661' title='bbox 816 4744 877 4798; x_wconf 78' lang='grc' dir='ltr'>τὸ</span> <span class='ocrx_word' id='word_1_662' title='bbox 930 4746 1093 4815; x_wconf 79' lang='grc' dir='ltr'>εἶναι,</span> <span class='ocrx_word' id='word_1_663' title='bbox 1142 4744 1229 4799; x_wconf 83' lang='grc' dir='ltr'><strong>καὶ</strong></span> <span class='ocrx_word' id='word_1_664' title='bbox 1297 4741 1433 4798; x_wconf 83' lang='grc' dir='ltr'>κατὰ</span> <span class='ocrx_word' id='word_1_665' title='bbox 1499 4749 1675 4812; x_wconf 82' lang='grc' dir='ltr'>τοῦτο,</span> <span class='ocrx_word' id='word_1_666' title='bbox 1743 4740 1833 4794; x_wconf 87' lang='grc' dir='ltr'><strong>καὶ</strong></span> <span class='ocrx_word' id='word_1_667' title='bbox 1875 4737 1926 4804; x_wconf 65' lang='grc' dir='ltr'>ἐξ</span> 
     </span>
    </p>
   </div>
   <div class='ocr_carea' id='block_1_98' title="bbox 281 4824 1926 4911">
    <p class='ocr_par' dir='ltr' id='par_1_98' title="bbox 281 4824 1926 4911">
     <span class='ocr_line' id='line_1_98' title="bbox 281 4824 1926 4911; baseline -0.002 -26"><span class='ocrx_word' id='word_1_668' title='bbox 281 4830 461 4904; x_wconf 67' lang='grc' dir='ltr'>αὗτου,</span> <span class='ocrx_word' id='word_1_669' title='bbox 524 4830 722 4911; x_wconf 76' lang='grc' dir='ltr'>ἔφησεν</span> <span class='ocrx_word' id='word_1_670' title='bbox 778 4832 916 4888; x_wconf 72' lang='grc' dir='ltr'>οὕτω</span> <span class='ocrx_word' id='word_1_671' title='bbox 950 4848 963 4861; x_wconf 86' lang='grc'><strong>⁸</strong></span> <span class='ocrx_word' id='word_1_672' title='bbox 1033 4854 1056 4886; x_wconf 76' lang='lat' dir='ltr'><strong>c</strong></span> <span class='ocrx_word' id='word_1_673' title='bbox 1094 4829 1381 4907; x_wconf 80' lang='grc' dir='ltr'>Ἀξιώματι</span> <span class='ocrx_word' id='word_1_674' title='bbox 1441 4830 1538 4906; x_wconf 79' lang='grc' dir='ltr'>μὲν</span> <span class='ocrx_word' id='word_1_675' title='bbox 1592 4829 1693 4906; x_wconf 78' lang='grc' dir='ltr'>γὰρ</span> <span class='ocrx_word' id='word_1_676' title='bbox 1747 4824 1926 4883; x_wconf 75' lang='grc' dir='ltr'>δευτεο</span> 
     </span>
    </p>
   </div>
   <div class='ocr_carea' id='block_1_99' title="bbox 280 4914 1927 4999">
    <p class='ocr_par' dir='ltr' id='par_1_99' title="bbox 280 4914 1927 4999">
     <span class='ocr_line' id='line_1_99' title="bbox 280 4914 1927 4999; baseline -0.003 -23"><span class='ocrx_word' id='word_1_677' title='bbox 280 4921 443 4997; x_wconf 82' lang='grc' dir='ltr'>ρεύειν</span> <span class='ocrx_word' id='word_1_678' title='bbox 473 4927 566 4977; x_wconf 82' lang='grc' dir='ltr'>τοῦ</span> <span class='ocrx_word' id='word_1_679' title='bbox 593 4922 736 4994; x_wconf 60' lang='lat'>1106,</span> <span class='ocrx_word' id='word_1_680' title='bbox 786 4920 910 4999; x_wconf 83' lang='grc' dir='ltr'>παρ’</span> <span class='ocrx_word' id='word_1_681' title='bbox 974 4923 1128 4978; x_wconf 70' lang='grc' dir='ltr'>αὐτου</span> <span class='ocrx_word' id='word_1_682' title='bbox 1171 4922 1230 4976; x_wconf 84' lang='grc' dir='ltr'>τὸ</span> <span class='ocrx_word' id='word_1_683' title='bbox 1274 4920 1416 4977; x_wconf 74' lang='grc' dir='ltr'>εἶναι</span> <span class='ocrx_word' id='word_1_684' title='bbox 1474 4918 1628 4998; x_wconf 78' lang='grc' dir='ltr'>ἔχον,</span> <span class='ocrx_word' id='word_1_685' title='bbox 1687 4918 1773 4971; x_wconf 87' lang='grc' dir='ltr'><strong>καὶ</strong></span> <span class='ocrx_word' id='word_1_686' title='bbox 1805 4914 1927 4995; x_wconf 82' lang='grc' dir='ltr'>παρ’</span> 
     </span>
    </p>
   </div>
   <div class='ocr_carea' id='block_1_100' title="bbox 279 5004 1929 5087">
    <p class='ocr_par' dir='ltr' id='par_1_100' title="bbox 279 5004 1929 5087">
     <span class='ocr_line' id='line_1_100' title="bbox 279 5004 1929 5087; baseline -0.004 -22"><span class='ocrx_word' id='word_1_687' title='bbox 279 5009 435 5065; x_wconf 62' lang='lat' dir='ltr'><strong>auro-3</strong></span> <span class='ocrx_word' id='word_1_688' title='bbox 490 5006 785 5084; x_wconf 77' lang='grc' dir='ltr'>λαμϐάνον,</span> <span class='ocrx_word' id='word_1_689' title='bbox 858 5011 945 5065; x_wconf 90' lang='grc' dir='ltr'><strong>καὶ</strong></span> <span class='ocrx_word' id='word_1_690' title='bbox 999 5007 1323 5087; x_wconf 81' lang='grc' dir='ltr'>ἁναγγέλλον</span> <span class='ocrx_word' id='word_1_691' title='bbox 1416 5010 1575 5084; x_wconf 70' lang='grc' dir='ltr'>ἡμῗν,</span> <span class='ocrx_word' id='word_1_692' title='bbox 1649 5006 1735 5060; x_wconf 84' lang='grc' dir='ltr'><strong>καὶ</strong></span> <span class='ocrx_word' id='word_1_693' title='bbox 1792 5004 1929 5067; x_wconf 81' lang='grc' dir='ltr'>ὃλως</span> 
     </span>
    </p>
   </div>
   <div class='ocr_carea' id='block_1_101' title="bbox 277 5093 1926 5175">
    <p class='ocr_par' dir='ltr' id='par_1_101' title="bbox 277 5093 1926 5175">
     <span class='ocr_line' id='line_1_101' title="bbox 277 5093 1926 5175; baseline -0.003 -22"><span class='ocrx_word' id='word_1_694' title='bbox 277 5096 478 5165; x_wconf 79' lang='grc' dir='ltr'>ἐκείνης</span> <span class='ocrx_word' id='word_1_695' title='bbox 551 5103 652 5165; x_wconf 77' lang='grc' dir='ltr'>τῆς</span> <span class='ocrx_word' id='word_1_696' title='bbox 723 5100 887 5162; x_wconf 77' lang='grc' dir='ltr'>αἰτίας</span> <span class='ocrx_word' id='word_1_697' title='bbox 960 5097 1276 5173; x_wconf 78' lang='grc' dir='ltr'>ἐξημμένον,</span> <span class='ocrx_word' id='word_1_698' title='bbox 1336 5093 1684 5175; x_wconf 70' lang='grc' dir='ltr'>παραδίδωσιν</span> <span class='ocrx_word' id='word_1_699' title='bbox 1754 5094 1782 5149; x_wconf 90' lang='lat'><strong>6</strong></span> <span class='ocrx_word' id='word_1_700' title='bbox 1828 5098 1926 5159; x_wconf 73' lang='grc' dir='ltr'>τῆς</span> 
     </span>
    </p>
   </div>
   <div class='ocr_carea' id='block_1_102' title="bbox 278 5181 1927 5267">
    <p class='ocr_par' dir='ltr' id='par_1_102' title="bbox 278 5181 1927 5267">
     <span class='ocr_line' id='line_1_102' title="bbox 278 5181 1927 5267; baseline 0 -33"><span class='ocrx_word' id='word_1_701' title='bbox 278 5184 537 5251; x_wconf 61' lang='grc' dir='ltr'>εὐσεϐείας</span> <span class='ocrx_word' id='word_1_702' title='bbox 567 5185 727 5265; x_wconf 79' lang='grc' dir='ltr'>λόγος</span> <span class='ocrx_word' id='word_1_703' title='bbox 762 5202 777 5215; x_wconf 83' lang='grc'><em>’</em></span> <span class='ocrx_word' id='word_1_704' title='bbox 812 5188 959 5267; x_wconf 77' lang='grc' dir='ltr'>φύσει</span> <span class='ocrx_word' id='word_1_705' title='bbox 1005 5184 1060 5242; x_wconf 69' lang='grc' dir='ltr'>δὲ</span> <span class='ocrx_word' id='word_1_706' title='bbox 1122 5188 1269 5265; x_wconf 75' lang='grc' dir='ltr'>τρίτῃ</span> <span class='ocrx_word' id='word_1_707' title='bbox 1323 5187 1555 5267; x_wconf 80' lang='grc' dir='ltr'>χρῆσθαι</span> <span class='ocrx_word' id='word_1_708' title='bbox 1612 5181 1727 5238; x_wconf 75' lang='grc' dir='ltr'>οὔτε</span> <span class='ocrx_word' id='word_1_709' title='bbox 1785 5182 1927 5259; x_wconf 74' lang='grc' dir='ltr'>παρὰ</span> 
     </span>
    </p>
   </div>
   <div class='ocr_carea' id='block_1_103' title="bbox 275 5270 1922 5355">
    <p class='ocr_par' dir='ltr' id='par_1_103' title="bbox 275 5270 1922 5355">
     <span class='ocr_line' id='line_1_103' title="bbox 275 5270 1922 5355; baseline -0.004 -26"><span class='ocrx_word' id='word_1_710' title='bbox 275 5280 376 5330; x_wconf 85' lang='grc' dir='ltr'>τῶν</span> <span class='ocrx_word' id='word_1_711' title='bbox 446 5275 615 5354; x_wconf 83' lang='grc' dir='ltr'>ἁγίων</span> <span class='ocrx_word' id='word_1_712' title='bbox 672 5272 1010 5352; x_wconf 71' lang='grc' dir='ltr'>δεδιδαγμεθα</span> <span class='ocrx_word' id='word_1_713' title='bbox 1081 5280 1300 5355; x_wconf 80' lang='grc' dir='ltr'>Γραφῶν</span> <span class='ocrx_word' id='word_1_714' title='bbox 1356 5271 1471 5331; x_wconf 75' lang='grc' dir='ltr'>οὔτε</span> <span class='ocrx_word' id='word_1_715' title='bbox 1524 5271 1583 5328; x_wconf 85' lang='grc' dir='ltr'><strong>ἐκ</strong></span> <span class='ocrx_word' id='word_1_716' title='bbox 1623 5276 1729 5326; x_wconf 82' lang='grc' dir='ltr'><strong>τῶν</strong></span> <span class='ocrx_word' id='word_1_717' title='bbox 1774 5270 1922 5347; x_wconf 78' lang='grc' dir='ltr'>εἰρη-</span> 
     </span>
    </p>
   </div>
   <div class='ocr_carea' id='block_1_104' title="bbox 275 5358 1915 5438">
    <p class='ocr_par' dir='ltr' id='par_1_104' title="bbox 275 5358 1915 5438">
     <span class='ocr_line' id='line_1_104' title="bbox 275 5358 1915 5438; baseline -0.005 -20"><span class='ocrx_word' id='word_1_718' title='bbox 275 5363 443 5437; x_wconf 82' lang='grc' dir='ltr'>μένων</span> <span class='ocrx_word' id='word_1_719' title='bbox 503 5364 641 5419; x_wconf 80' lang='grc' dir='ltr'>κατὰ</span> <span class='ocrx_word' id='word_1_720' title='bbox 695 5365 757 5419; x_wconf 81' lang='grc' dir='ltr'>τὸ</span> <span class='ocrx_word' id='word_1_721' title='bbox 825 5363 1106 5419; x_wconf 60' lang='grc' dir='ltr'>ἀκόλουθον</span> <span class='ocrx_word' id='word_1_722' title='bbox 1153 5361 1366 5420; x_wconf 80' lang='grc' dir='ltr'>δυνατὸν</span> <span class='ocrx_word' id='word_1_723' title='bbox 1424 5358 1850 5438; x_wconf 88' lang='grc' dir='ltr'>συλλογίσασθαι,</span> <span class='ocrx_word' id='word_1_724' title='bbox 1892 5380 1915 5411; x_wconf 71' lang='grc' dir='ltr'><strong>υ</strong></span> 
     </span>
    </p>
   </div>
   <div class='ocr_carea' id='block_1_105' title="bbox 2011 4737 3649 4822">
    <p class='ocr_par' dir='ltr' id='par_1_105' title="bbox 2011 4737 3649 4822">
     <span class='ocr_line' id='line_1_105' title="bbox 2011 4737 3649 4822; baseline 0.003 -25"><span class='ocrx_word' id='word_1_725' title='bbox 2011 4753 2081 4798; x_wconf 85' lang='lat' dir='ltr'><strong>ex</strong></span> <span class='ocrx_word' id='word_1_726' title='bbox 2112 4756 2180 4798; x_wconf 92' lang='lat' dir='ltr'><strong>eo</strong></span> <span class='ocrx_word' id='word_1_727' title='bbox 2215 4737 2478 4812; x_wconf 85' lang='lat' dir='ltr'><strong>haberet,</strong></span> <span class='ocrx_word' id='word_1_728' title='bbox 2514 4740 2671 4820; x_wconf 92' lang='lat' dir='ltr'><strong>quod</strong></span> <span class='ocrx_word' id='word_1_729' title='bbox 2726 4752 2904 4816; x_wconf 88' lang='lat' dir='ltr'><strong>esset,</strong></span> <span class='ocrx_word' id='word_1_730' title='bbox 2937 4752 3369 4822; x_wconf 81' lang='lat' dir='ltr'><strong>proptereaque</strong></span> <span class='ocrx_word' id='word_1_731' title='bbox 3397 4751 3553 4802; x_wconf 86' lang='lat' dir='ltr'><strong>esset</strong></span> <span class='ocrx_word' id='word_1_732' title='bbox 3583 4760 3649 4802; x_wconf 82' lang='lat' dir='ltr'><strong>ex</strong></span> 
     </span>
    </p>
   </div>
   <div class='ocr_carea' id='block_1_106' title="bbox 2010 4825 3647 4907">
    <p class='ocr_par' dir='ltr' id='par_1_106' title="bbox 2010 4825 3647 4907">
     <span class='ocr_line' id='line_1_106' title="bbox 2010 4825 3647 4907; baseline 0.004 -22"><span class='ocrx_word' id='word_1_733' title='bbox 2010 4825 2164 4904; x_wconf 90' lang='lat' dir='ltr'><strong>ipso,</strong></span> <span class='ocrx_word' id='word_1_734' title='bbox 2198 4826 2354 4887; x_wconf 87' lang='lat' dir='ltr'><strong>hunc</strong></span> <span class='ocrx_word' id='word_1_735' title='bbox 2386 4828 2445 4888; x_wconf 92' lang='lat' dir='ltr'><strong>in</strong></span> <span class='ocrx_word' id='word_1_736' title='bbox 2477 4829 2716 4890; x_wconf 89' lang='lat' dir='ltr'><strong>modum</strong></span> <span class='ocrx_word' id='word_1_737' title='bbox 2748 4831 2955 4892; x_wconf 77' lang='lat' dir='ltr'><strong>elTatus</strong></span> <span class='ocrx_word' id='word_1_738' title='bbox 2976 4842 3103 4893; x_wconf 87' lang='lat' dir='ltr'><strong>est:</strong></span> <span class='ocrx_word' id='word_1_739' title='bbox 3135 4830 3466 4907; x_wconf 70' lang='lat' dir='ltr'><strong>vDignitate</strong></span> <span class='ocrx_word' id='word_1_740' title='bbox 3488 4831 3647 4891; x_wconf 64' lang='lat' dir='ltr'><strong>enim</strong></span> 
     </span>
    </p>
   </div>
   <div class='ocr_carea' id='block_1_107' title="bbox 2011 4917 3647 5001">
    <p class='ocr_par' dir='ltr' id='par_1_107' title="bbox 2011 4917 3647 5001">
     <span class='ocr_line' id='line_1_107' title="bbox 2011 4917 3647 5001; baseline 0.004 -27"><span class='ocrx_word' id='word_1_741' title='bbox 2011 4917 2335 4978; x_wconf 85' lang='lat' dir='ltr'><strong>secundum</strong></span> <span class='ocrx_word' id='word_1_742' title='bbox 2369 4935 2502 4979; x_wconf 90' lang='lat' dir='ltr'><strong>esse</strong></span> <span class='ocrx_word' id='word_1_743' title='bbox 2532 4938 2564 4980; x_wconf 89' lang='lat' dir='ltr'><strong>a</strong></span> <span class='ocrx_word' id='word_1_744' title='bbox 2596 4918 2763 4993; x_wconf 85' lang='lat' dir='ltr'><strong>Filio,</strong></span> <span class='ocrx_word' id='word_1_745' title='bbox 2799 4937 3081 5001; x_wconf 86' lang='lat' dir='ltr'><strong>tanquam</strong></span> <span class='ocrx_word' id='word_1_746' title='bbox 3112 4921 3211 4999; x_wconf 91' lang='lat' dir='ltr'><strong>qui</strong></span> <span class='ocrx_word' id='word_1_747' title='bbox 3240 4920 3317 4979; x_wconf 87' lang='lat' dir='ltr'><strong>ab</strong></span> <span class='ocrx_word' id='word_1_748' title='bbox 3348 4937 3442 4994; x_wconf 85' lang='lat' dir='ltr'><strong>eo,</strong></span> <span class='ocrx_word' id='word_1_749' title='bbox 3490 4921 3647 5001; x_wconf 81' lang='lat' dir='ltr'><strong>quod</strong></span> 
     </span>
    </p>
   </div>
   <div class='ocr_carea' id='block_1_108' title="bbox 2011 5003 3647 5088">
    <p class='ocr_par' dir='ltr' id='par_1_108' title="bbox 2011 5003 3647 5088">
     <span class='ocr_line' id='line_1_108' title="bbox 2011 5003 3647 5088; baseline 0.005 -25"><span class='ocrx_word' id='word_1_750' title='bbox 2011 5003 2298 5084; x_wconf 75' lang='lat' dir='ltr'><strong>sit,h;tbet</strong></span> <span class='ocrx_word' id='word_1_751' title='bbox 2318 5005 2393 5068; x_wconf 86' lang='lat' dir='ltr'><strong>ab</strong></span> <span class='ocrx_word' id='word_1_752' title='bbox 2424 5025 2494 5068; x_wconf 92' lang='lat' dir='ltr'><strong>eo</strong></span> <span class='ocrx_word' id='word_1_753' title='bbox 2516 5008 2750 5088; x_wconf 86' lang='lat' dir='ltr'><strong>accipit,</strong></span> <span class='ocrx_word' id='word_1_754' title='bbox 2785 5018 2844 5070; x_wconf 92' lang='lat' dir='ltr'><strong>et</strong></span> <span class='ocrx_word' id='word_1_755' title='bbox 2870 5018 3180 5070; x_wconf 80' lang='lat' dir='ltr'><strong>annuntiat</strong></span> <span class='ocrx_word' id='word_1_756' title='bbox 3210 5007 3401 5083; x_wconf 90' lang='lat' dir='ltr'><strong>nobis,</strong></span> <span class='ocrx_word' id='word_1_757' title='bbox 3436 5017 3494 5070; x_wconf 92' lang='lat' dir='ltr'><strong>ct</strong></span> <span class='ocrx_word' id='word_1_758' title='bbox 3523 5030 3647 5071; x_wconf 90' lang='lat' dir='ltr'><strong>om-</strong></span> 
     </span>
    </p>
   </div>
   <div class='ocr_carea' id='block_1_109' title="bbox 2010 5093 3643 5177">
    <p class='ocr_par' dir='ltr' id='par_1_109' title="bbox 2010 5093 3643 5177">
     <span class='ocr_line' id='line_1_109' title="bbox 2010 5093 3643 5177; baseline 0.004 -25"><span class='ocrx_word' id='word_1_759' title='bbox 2010 5093 2153 5154; x_wconf 90' lang='lat' dir='ltr'><strong>nino</strong></span> <span class='ocrx_word' id='word_1_760' title='bbox 2183 5094 2267 5155; x_wconf 91' lang='lat' dir='ltr'><strong>illi</strong></span> <span class='ocrx_word' id='word_1_761' title='bbox 2300 5114 2489 5157; x_wconf 72' lang='lat' dir='ltr'><strong>causae</strong></span> <span class='ocrx_word' id='word_1_762' title='bbox 2510 5097 2792 5176; x_wconf 71' lang='lat' dir='ltr'><strong>adhaeret,</strong></span> <span class='ocrx_word' id='word_1_763' title='bbox 2826 5097 3060 5177; x_wconf 90' lang='lat' dir='ltr'><strong>pietatis</strong></span> <span class='ocrx_word' id='word_1_764' title='bbox 3082 5097 3258 5159; x_wconf 88' lang='lat' dir='ltr'><strong>tradit</strong></span> <span class='ocrx_word' id='word_1_765' title='bbox 3277 5116 3473 5158; x_wconf 90' lang='lat' dir='ltr'><strong>sermo</strong></span> <span class='ocrx_word' id='word_1_766' title='bbox 3498 5119 3510 5132; x_wconf 91' lang='grc'><strong>·</strong></span> <span class='ocrx_word' id='word_1_767' title='bbox 3540 5100 3643 5160; x_wconf 82' lang='lat' dir='ltr'><strong>sed</strong></span> 
     </span>
    </p>
   </div>
   <div class='ocr_carea' id='block_1_110' title="bbox 2010 5183 3647 5267">
    <p class='ocr_par' dir='ltr' id='par_1_110' title="bbox 2010 5183 3647 5267">
     <span class='ocr_line' id='line_1_110' title="bbox 2010 5183 3647 5267; baseline 0.004 -25"><span class='ocrx_word' id='word_1_768' title='bbox 2010 5184 2181 5244; x_wconf 91' lang='lat' dir='ltr'><strong>tertia</strong></span> <span class='ocrx_word' id='word_1_769' title='bbox 2209 5183 2293 5245; x_wconf 88' lang='lat' dir='ltr'><strong>uti</strong></span> <span class='ocrx_word' id='word_1_770' title='bbox 2325 5195 2555 5261; x_wconf 61' lang='lat' dir='ltr'><strong>natuca,</strong></span> <span class='ocrx_word' id='word_1_771' title='bbox 2589 5205 2778 5267; x_wconf 89' lang='lat' dir='ltr'><strong>neque</strong></span> <span class='ocrx_word' id='word_1_772' title='bbox 2809 5205 2843 5247; x_wconf 89' lang='lat' dir='ltr'><strong>a</strong></span> <span class='ocrx_word' id='word_1_773' title='bbox 2872 5188 3058 5249; x_wconf 87' lang='lat' dir='ltr'><strong>sacris</strong></span> <span class='ocrx_word' id='word_1_774' title='bbox 3099 5186 3423 5266; x_wconf 85' lang='lat' dir='ltr'><strong>Scripturis</strong></span> <span class='ocrx_word' id='word_1_775' title='bbox 3454 5188 3647 5249; x_wconf 69' lang='lat' dir='ltr'><strong>edocti</strong></span> 
     </span>
    </p>
   </div>
   <div class='ocr_carea' id='block_1_111' title="bbox 2006 5273 3651 5358">
    <p class='ocr_par' dir='ltr' id='par_1_111' title="bbox 2006 5273 3651 5358">
     <span class='ocr_line' id='line_1_111' title="bbox 2006 5273 3651 5358; baseline 0.005 -28"><span class='ocrx_word' id='word_1_776' title='bbox 2006 5290 2233 5347; x_wconf 91' lang='lat' dir='ltr'><strong>sumus,</strong></span> <span class='ocrx_word' id='word_1_777' title='bbox 2268 5292 2463 5354; x_wconf 88' lang='lat' dir='ltr'><strong>neque</strong></span> <span class='ocrx_word' id='word_1_778' title='bbox 2484 5294 2550 5335; x_wconf 81' lang='lat' dir='ltr'><strong>ex</strong></span> <span class='ocrx_word' id='word_1_779' title='bbox 2577 5273 2693 5336; x_wconf 89' lang='lat' dir='ltr'><strong>illis</strong></span> <span class='ocrx_word' id='word_1_780' title='bbox 2740 5293 2868 5355; x_wconf 69' lang='lat' dir='ltr'><strong>quae</strong></span> <span class='ocrx_word' id='word_1_781' title='bbox 2902 5275 3179 5356; x_wconf 82' lang='lat' dir='ltr'><strong>diximus,</strong></span> <span class='ocrx_word' id='word_1_782' title='bbox 3206 5276 3651 5358; x_wconf 85' lang='lat' dir='ltr'><strong>consequi.pos-</strong></span> 
     </span>
    </p>
   </div>
   <div class='ocr_carea' id='block_1_112' title="bbox 2004 5362 3644 5436">
    <p class='ocr_par' dir='ltr' id='par_1_112' title="bbox 2004 5362 3644 5436">
     <span class='ocr_line' id='line_1_112' title="bbox 2004 5362 3644 5436; baseline 0.004 -15"><span class='ocrx_word' id='word_1_783' title='bbox 2004 5377 2207 5421; x_wconf 89' lang='lat' dir='ltr'><strong>sumus</strong></span> <span class='ocrx_word' id='word_1_784' title='bbox 2231 5362 2701 5436; x_wconf 63' lang='lat' dir='ltr'><strong>demonstrare,»</strong></span> <span class='ocrx_word' id='word_1_785' title='bbox 2740 5366 2809 5425; x_wconf 81' lang='lat' dir='ltr'><strong>Et</strong></span> <span class='ocrx_word' id='word_1_786' title='bbox 2840 5364 2932 5426; x_wconf 83' lang='lat' dir='ltr'><strong>his</strong></span> <span class='ocrx_word' id='word_1_787' title='bbox 2964 5364 3136 5425; x_wconf 89' lang='lat' dir='ltr'><strong>dictis</strong></span> <span class='ocrx_word' id='word_1_788' title='bbox 3166 5368 3473 5428; x_wconf 63' lang='lat' dir='ltr'><strong>sententia:</strong></span> <span class='ocrx_word' id='word_1_789' title='bbox 3489 5367 3644 5428; x_wconf 88' lang='lat' dir='ltr'><strong>assi—</strong></span> 
     </span>
    </p>
   </div>
   <div class='ocr_carea' id='block_1_113' title="bbox 274 5442 1964 5536">
    <p class='ocr_par' dir='ltr' id='par_1_113' title="bbox 274 5442 1914 5530">
     <span class='ocr_line' id='line_1_113' title="bbox 274 5442 1914 5530; baseline -0.006 -21"><span class='ocrx_word' id='word_1_790' title='bbox 274 5453 375 5520; x_wconf 77' lang='grc' dir='ltr'>Την</span> <span class='ocrx_word' id='word_1_791' title='bbox 409 5454 508 5527; x_wconf 79' lang='grc' dir='ltr'>μὲν</span> <span class='ocrx_word' id='word_1_792' title='bbox 540 5455 630 5509; x_wconf 82' lang='grc' dir='ltr'>οὖν</span> <span class='ocrx_word' id='word_1_793' title='bbox 681 5474 776 5509; x_wconf 88' lang='grc' dir='ltr'><strong>του</strong></span> <span class='ocrx_word' id='word_1_794' title='bbox 840 5452 1001 5530; x_wconf 82' lang='grc' dir='ltr'>λόγου</span> <span class='ocrx_word' id='word_1_795' title='bbox 1052 5455 1080 5509; x_wconf 82' lang='lat'><strong>6</strong></span> <span class='ocrx_word' id='word_1_796' title='bbox 1133 5452 1281 5530; x_wconf 80' lang='grc' dir='ltr'>ἅγιος</span> <span class='ocrx_word' id='word_1_797' title='bbox 1339 5464 1573 5508; x_wconf 84' lang='grc' dir='ltr'>ποιεῖται</span> <span class='ocrx_word' id='word_1_798' title='bbox 1644 5442 1914 5517; x_wconf 81' lang='grc' dir='ltr'>ἀπόδοσιν,</span> 
     </span>
    </p>
   </div>
   <div class='ocr_carea' id='block_1_114' title="bbox 2025 5442 3646 5536">
    <p class='ocr_par' dir='ltr' id='par_1_114' title="bbox 2025 5449 3646 5536">
     <span class='ocr_line' id='line_1_114' title="bbox 2025 5449 3646 5536; baseline 0.004 -26"><span class='ocrx_word' id='word_1_799' title='bbox 2025 5449 2339 5526; x_wconf 55' lang='lat' dir='ltr'><strong>{nationem</strong></span> <span class='ocrx_word' id='word_1_800' title='bbox 2370 5452 2676 5515; x_wconf 90' lang='lat' dir='ltr'><strong>conclusit.</strong></span> <span class='ocrx_word' id='word_1_801' title='bbox 2717 5479 2752 5536; x_wconf 60' lang='grc' dir='ltr'><strong>αἶ</strong></span> <span class='ocrx_word' id='word_1_802' title='bbox 2777 5453 3071 5533; x_wconf 78' lang='lat' dir='ltr'><strong>Dignitate</strong></span> <span class='ocrx_word' id='word_1_803' title='bbox 3102 5454 3259 5516; x_wconf 91' lang='lat' dir='ltr'><strong>enim</strong></span> <span class='ocrx_word' id='word_1_804' title='bbox 3292 5474 3326 5516; x_wconf 88' lang='lat' dir='ltr'><strong>a</strong></span> <span class='ocrx_word' id='word_1_805' title='bbox 3357 5456 3504 5517; x_wconf 78' lang='lat' dir='ltr'><strong>Filio</strong></span> <span class='ocrx_word' id='word_1_806' title='bbox 3554 5473 3646 5517; x_wconf 85' lang='lat' dir='ltr'><strong>se-</strong></span> 
     </span>
    </p>
   </div>
   <div class='ocr_carea' id='block_1_115' title="bbox 273 5534 1964 5625">
    <p class='ocr_par' dir='ltr' id='par_1_115' title="bbox 273 5534 1919 5625">
     <span class='ocr_line' id='line_1_115' title="bbox 273 5534 1919 5625; baseline -0.002 -28"><span class='ocrx_word' id='word_1_807' title='bbox 273 5537 438 5619; x_wconf 83' lang='grc' dir='ltr'>λέγων</span> <span class='ocrx_word' id='word_1_808' title='bbox 470 5559 486 5573; x_wconf 78' lang='grc'><strong><em>⁸</em></strong></span> <span class='ocrx_word' id='word_1_809' title='bbox 555 5566 582 5597; x_wconf 73' lang='grc' dir='ltr'>ι</span> <span class='ocrx_word' id='word_1_810' title='bbox 644 5540 933 5615; x_wconf 77' lang='grc' dir='ltr'>Ἀξιώματι</span> <span class='ocrx_word' id='word_1_811' title='bbox 978 5542 1074 5601; x_wconf 71' lang='grc' dir='ltr'>μὲν</span> <span class='ocrx_word' id='word_1_812' title='bbox 1144 5544 1243 5621; x_wconf 77' lang='grc' dir='ltr'>γὰρ</span> <span class='ocrx_word' id='word_1_813' title='bbox 1284 5539 1594 5620; x_wconf 82' lang='grc' dir='ltr'>δευτερεύειν</span> <span class='ocrx_word' id='word_1_814' title='bbox 1648 5534 1741 5625; x_wconf 78' lang='grc' dir='ltr'>τοῦ</span> <span class='ocrx_word' id='word_1_815' title='bbox 1798 5536 1919 5593; x_wconf 81' lang='grc' dir='ltr'>Υἱοῦ</span> 
     </span>
    </p>
   </div>
   <div class='ocr_carea' id='block_1_116' title="bbox 2025 5534 3643 5625">
    <p class='ocr_par' dir='ltr' id='par_1_116' title="bbox 2025 5534 3643 5625">
     <span class='ocr_line' id='line_1_116' title="bbox 2025 5534 3643 5625; baseline 0.004 -28"><span class='ocrx_word' id='word_1_816' title='bbox 2025 5539 2261 5603; x_wconf 88' lang='lat' dir='ltr'><strong>:undum</strong></span> <span class='ocrx_word' id='word_1_817' title='bbox 2292 5560 2445 5614; x_wconf 90' lang='lat' dir='ltr'><strong>esse,</strong></span> <span class='ocrx_word' id='word_1_818' title='bbox 2496 5542 2672 5604; x_wconf 90' lang='lat' dir='ltr'><strong>tradit</strong></span> <span class='ocrx_word' id='word_1_819' title='bbox 2696 5534 2950 5625; x_wconf 79' lang='lat' dir='ltr'><strong>pietatis</strong></span> <span class='ocrx_word' id='word_1_820' title='bbox 2980 5562 3175 5605; x_wconf 85' lang='lat' dir='ltr'><strong>sermo</strong></span> <span class='ocrx_word' id='word_1_821' title='bbox 3202 5561 3215 5606; x_wconf 88' lang='lat'>:</span> <span class='ocrx_word' id='word_1_822' title='bbox 3273 5552 3476 5605; x_wconf 90' lang='lat' dir='ltr'><strong>natura</strong></span> <span class='ocrx_word' id='word_1_823' title='bbox 3506 5563 3643 5604; x_wconf 80' lang='lat' dir='ltr'><strong>vero</strong></span> 
     </span>
    </p>
   </div>
   <div class='ocr_carea' id='block_1_117' title="bbox 274 5621 1964 5712">
    <p class='ocr_par' dir='ltr' id='par_1_117' title="bbox 274 5621 1914 5711">
     <span class='ocr_line' id='line_1_117' title="bbox 274 5621 1914 5711; baseline 0.003 -26"><span class='ocrx_word' id='word_1_824' title='bbox 274 5628 618 5710; x_wconf 84' lang='grc' dir='ltr'>παραδίδωσιν</span> <span class='ocrx_word' id='word_1_825' title='bbox 649 5633 677 5688; x_wconf 91' lang='lat'><strong>6</strong></span> <span class='ocrx_word' id='word_1_826' title='bbox 720 5630 818 5698; x_wconf 75' lang='grc' dir='ltr'>τῆς</span> <span class='ocrx_word' id='word_1_827' title='bbox 877 5627 1137 5695; x_wconf 70' lang='grc' dir='ltr'>εὐσεϐείας</span> <span class='ocrx_word' id='word_1_828' title='bbox 1195 5629 1349 5710; x_wconf 87' lang='grc' dir='ltr'>λόγος</span> <span class='ocrx_word' id='word_1_829' title='bbox 1385 5648 1401 5663; x_wconf 87' lang='grc'><em>’</em></span> <span class='ocrx_word' id='word_1_830' title='bbox 1476 5629 1621 5710; x_wconf 69' lang='grc' dir='ltr'>φύσει</span> <span class='ocrx_word' id='word_1_831' title='bbox 1682 5621 1736 5680; x_wconf 79' lang='grc' dir='ltr'>δὲ</span> <span class='ocrx_word' id='word_1_832' title='bbox 1765 5623 1914 5711; x_wconf 79' lang='grc' dir='ltr'>τρίτῃ</span> 
     </span>
    </p>
   </div>
   <div class='ocr_carea' id='block_1_118' title="bbox 2025 5621 3613 5712">
    <p class='ocr_par' dir='ltr' id='par_1_118' title="bbox 2025 5621 3613 5712">
     <span class='ocr_line' id='line_1_118' title="bbox 2025 5621 3613 5712; baseline 0.002 -21"><span class='ocrx_word' id='word_1_833' title='bbox 2025 5629 2081 5692; x_wconf 84' lang='lat' dir='ltr'><strong>Iti</strong></span> <span class='ocrx_word' id='word_1_834' title='bbox 2115 5630 2314 5707; x_wconf 87' lang='lat' dir='ltr'><strong>tertia,</strong></span> <span class='ocrx_word' id='word_1_835' title='bbox 2355 5655 2376 5690; x_wconf 72' lang='grc' dir='ltr'><strong>ι</strong></span> <span class='ocrx_word' id='word_1_836' title='bbox 2406 5621 2999 5712; x_wconf 76' lang='lat' dir='ltr'><strong>dicendum&#39;omnino</strong></span> <span class='ocrx_word' id='word_1_837' title='bbox 3032 5651 3149 5695; x_wconf 92' lang='lat' dir='ltr'><strong>non</strong></span> <span class='ocrx_word' id='word_1_838' title='bbox 3180 5640 3307 5695; x_wconf 80' lang='lat' dir='ltr'><strong>est:</strong></span> <span class='ocrx_word' id='word_1_839' title='bbox 3349 5633 3613 5712; x_wconf 79' lang='lat' dir='ltr'><strong>prohatio</strong></span> 
     </span>
    </p>
   </div>
  </div>
