4220 6292
359 367 480 432 317

1245 370 1348 432 AD
1388 351 1861 430 THEODORUM
1907 361 2247 424 SUGD/E‘E
2293 364 2522 425 EPISC.
2572 361 2718 424 LIB.
2767 359 2844 426 11.

3621 365 3736 430 318

355 501 452 558 τοῦ
481 501 634 579 ἁγίου
662 503 967 578 Πνεύματος
1025 500 1343 577 Ἐπειστολῇ
1397 501 1697 581 ἐχρήσατο,
1755 496 2005 576 ἀρκεσθέ-

2092 492 2342 572 epistola
2373 495 2443 554 ad
2468 496 2852 575 Serapionem
2877 494 2956 554 de
2990 493 3212 573 Spiritu
3248 504 3450 558 sancto
3478 516 3733 579 usurpa-

359 611 500 651 ντες.
539 590 690 647 Οὕτω
736 594 836 669 γὰρ
867 594 894 647 6
949 591 1095 668 ἅγιος
1152 590 1327 646 ἐκεϊσέ
1395 612 1524 667 φησι
1560 607 1575 624 ⁸
1614 611 1636 645 Ii
1677 588 1772 646 Καὶ
1829 587 1927 664 γὰρ
1971 587 2006 641 εἶ

2099 581 2198 644 vit.
2233 581 2424 643 Verba
2456 583 2612 644 illius
2638 593 2806 644 sunt:
2849 609 2873 638 α
2926 584 3182 658 Etenim,
3216 586 3264 645 si
3292 595 3532 665 propter
3552 588 3727 648 Verbi

363 677 452 734 διὰ
507 680 604 746 τὴν
676 683 806 757 πρὸς
874 683 965 736 τὸν
1036 679 1242 759 Πατέρα
1296 681 1388 735 τοῦ
1430 679 1601 756 Λόγου
1643 677 1864 743 ἐνότητα
1921 677 2006 730 o6-

2097 672 2373 759 unionem
2389 672 2460 732 ad
2493 676 2718 734 Patrem
2731 673 3015 751 ,abnuunt
3031 691 3166 735 esse
3183 684 3514 742 creaturam
3538 675 3728 754 ipsum

358 768 599 824 θέλουσιν
628 773 767 826 εἶναι
795 772 900 824 τῶν
929 775 1166 847 γενητῶν
1222 769 1377 824 αὐτὸν
1433 768 1522 823 τὸν
1565 768 1655 822 16v
1703 767 1842 843 Υἱὸν,
1881 763 2006 824 διατ4

2096 758 2332 840 Filium,
2368 779 2482 840 qua
2512 762 2586 822 de
2617 781 2789 823 causa
2822 761 3101 843 Spiritum
3157 772 3426 826 sanctum
3461 763 3728 842 ejusdem

358 858 428 914 τὰ
497 865 711 934 Πνεῦμα
765 861 826 914 τὸ
896 859 1070 937 ἅγιον,
1121 860 1180 914 τὸ
1223 859 1322 926 τὴν
1392 857 1554 923 αὐτὴν
1610 855 1740 935 ἔχον
1792 853 2006 920 ἑνότητα

2096 849 2339 909 unionis
2368 851 2436 910 ad
2470 849 2705 922 Filium,
2730 870 2900 930 quam
2934 851 3140 922 Filius,
3176 850 3352 912 habet
3373 852 3446 913 ad
3470 853 3726 914 Patrem.

355 949 496 1025 πρὸς
552 950 642 1004 τὸν
675 949 814 1027 Υἱὸν,
877 948 943 1016 ἢν
1010 949 1166 1012 αὐτὸς
1235 946 1353 1027 ἔχει
1436 946 1562 1023 πρὸς
1620 946 1710 1001 τὸν
1782 943 2008 1020 Πατέρα,

354 1038 560 1111 κτίσμα
613 1035 823 1114 λέγουσι
858 1056 873 1116 ;
915 1058 938 1092 ι
987 1038 1075 1093 καὶ
1136 1036 1274 1112 μετὰ
1327 1032 1502 1091 πολλὰ
1568 1037 1662 1100 τῆς
1693 1030 2008 1099 Ἐπιστολῆς

353 1125 558 1192 ταύτης
593 1143 608 1159 ⁸
685 1147 713 1179 α
759 1124 974 1199 Ἀμέλει
1019 1127 1046 1180 6
1102 1124 1199 1199 μὲν
1269 1125 1387 1188 Υἱὸς
1443 1123 1585 1198 παρὰ
1655 1123 1748 1177 τοῦ
1804 1120 2006 1198 Πατρὸς

354 1212 764 1274 ἀποστέλλεται.
838 1213 987 1270 Οὕτω
1071 1213 1193 1291 γάρ,
1249 1213 1427 1292 φησὶν,
1477 1214 1506 1269 6
1574 1212 1701 1273 Θεὸς
1759 1209 2006 1287 ἠγάπησε

353 1305 455 1358 τὸν
481 1302 703 1378 κόσμον,
731 1301 868 1358 ὥστε
923 1303 1012 1358 16v
1066 1301 1186 1357 Υἱὸν
1227 1301 1385 1359 αὐτοῦ
1433 1301 1521 1357 16v
1565 1303 1826 1378 μονογενῆ
1869 1296 2002 1353 ἔδω-

351 1414 450 1450 κεν
487 1410 506 1427 ⁸
544 1415 568 1449 ι
603 1395 631 1448 6
672 1389 726 1447 δὲ
758 1393 875 1453 Υἱὸς
906 1393 967 1447 16
999 1393 1206 1464 Πνεῦμα
1257 1387 1570 1446 ἀποστέλλει
1605 1404 1622 1421 °
1660 1409 1684 1444 α
1716 1388 1842 1445 Ἐὰν
1879 1409 1999 1466 γαρ,

348 1483 542 1561 φησὶν,
573 1481 679 1559 ἐγὼ
708 1479 917 1537 ἀπέλθω
971 1477 1250 1536 ἀποστελῶ
1304 1480 1393 1534 τὸν
1427 1475 1772 1556 Παράκλητον
1807 1497 1820 1510 ·
1855 1500 1881 1531 ι
1916 1479 2000 1533 καὶ

349 1573 385 1626 6
430 1570 530 1644 μὲν
597 1569 718 1628 Υἱὸς
772 1569 862 1624 τὸν
917 1566 1125 1645 Πατέρα
1184 1563 1405 1646 δοξάζει,
1463 1564 1657 1645 λέγων,
1737 1588 1764 1620 α
1805 1571 1996 1644 Πατερ,

345 1657 467 1735 ἒγώ
494 1679 552 1713 σε
578 1654 794 1722 ἐδόξασα
827 1673 840 1686 ’
892 1680 919 1711 ι
955 1658 1018 1712 τὸ
1047 1654 1102 1712 δέ
1160 1658 1375 1729 Πνεῦμα
1429 1652 1626 1725 δοξάζει
1679 1655 1770 1710 16v
1830 1655 1947 1710 Υἱόν
1985 1670 1996 1682 ⁶

355 1770 388 1801 ι
424 1746 666 1808 Ἐκεῖνος
737 1745 859 1824 γὰρ,
905 1745 1086 1824 φησὶν,
1175 1743 1269 1818 ἐμὲ
1339 1741 1566 1816 δοξάσει,
1620 1766 1642 1797 ι
1704 1744 1791 1799 καὶ
1835 1745 1862 1798 6
1907 1743 2002 1817 μὲν

347 1835 478 1898 Υἱός
509 1855 665 1912 φησιν
699 1847 714 1862 ⁸

345 1920 444 1975 καὶ
472 1918 619 1975 λαλῶ
661 1921 735 1983 εἰς
776 1919 866 1975 τὸν
906 1921 1131 1993 κόσμον.
1171 1941 1196 1976 ι
1229 1920 1300 1977 Τό
1330 1918 1382 1975 δὲ
1414 1925 1625 1994 Πνεῦμα
1655 1919 1714 1976 ἐκ
1750 1922 1844 1977 τοῦ
1885 1921 2004 1976 Υἱοῦ

343 2005 611 2082 λαμϐάνει
645 2055 659 2069 ,
716 2031 742 2063 α
777 2007 873 2065 Ἐκ
924 2014 1018 2064 τοῦ
1068 2007 1198 2083 ἐμοῦ
1237 2007 1337 2084 γὰρ
1391 2007 1645 2082 λήψεται,
1705 2009 1788 2064 ναὶ
1830 2009 1999 2086 ἀναγ-

345 2097 509 2176 γελεῖ
534 2099 685 2176 ὑμῖν,
720 2115 741 2146 ι
779 2098 907 2176 φησι
949 2115 964 2130 ο
995 2097 1082 2152 καὶ
1139 2099 1168 2152 6
1224 2097 1322 2170 μὲν
1376 2098 1496 2159 Υἱὸς
1556 2095 1611 2152 ἐν
1662 2104 1740 2172 τῷ
1781 2096 1998 2173 ὀνόματι

340 2195 449 2243 τοῦ
491 2187 692 2263 Πατρὸς
735 2183 862 2253 ἦλθε
897 2204 911 2218 ⁸
969 2207 997 2240 ι
1056 2187 1127 2243 T6
1177 2183 1231 2240 δὲ
1286 2191 1499 2260 Πνεῦμα
1539 2187 1600 2242 τὸ
1651 2185 1826 2266 ἅγιον,
1883 2211 1995 2266 φη-

342 2277 460 2353 σὶν,
486 2275 516 2329 ὃ
554 2272 756 2348 πέμψει
789 2275 816 2328 6
888 2271 1070 2349 Πατὴρ
1115 2271 1168 2328 ἐν
1201 2278 1278 2346 τῷ
1307 2272 1526 2346 ὀνόματί
1580 2294 1702 2347 μου,
1740 2295 1768 2328 ι
1805 2275 1993 2330 Τοιαύ-

336 2385 454 2430 την
482 2361 536 2418 δὲ
577 2362 720 2427 τάξιν
779 2363 864 2418 καὶ
918 2364 1068 2442 φύσιν
1109 2361 1329 2441 ἔχοντος
1371 2369 1466 2418 τοῦ
1520 2363 1822 2438 Πνεύματος
1865 2366 1994 2442 πρὸς

337 2454 442 2508 τὸν
473 2453 614 2524 Υἱὸν,
647 2451 774 2508 οἷαν
801 2452 828 2506 6
858 2453 976 2515 Υἱος
1011 2449 1128 2529 ἔχει
1197 2451 1330 2527 πρὸς
1387 2452 1477 2506 τὸν
1545 2451 1773 2529 Πατέρα,
1819 2459 1934 2515 πῶς
1967 2456 1994 2508 6

337 2544 508 2598 τοῦτο
550 2541 744 2614 κτίσμα
787 2538 980 2618 λέγων,
1039 2539 1097 2596 οῦ
1150 2540 1211 2595 τὸ
1262 2540 1386 2597 αὐτὸ
1426 2541 1515 2595 καὶ
1568 2542 1682 2619 περὶ
1750 2540 1839 2596 τοῦ
1877 2545 1995 2601 ι’ἶοῦ

338 2628 403 2694 ἐξ
473 2629 707 2707 ἀνάγκης
758 2630 1056 2708 φρονήσει;
1120 2651 1148 2682 ›)
1214 2618 1272 2685 ιΟ
1351 2629 1418 2684 τὰ
1498 2618 1776 2708 θεολογικὰ
1830 2638 1990 2686 ταῦτα

334 2721 486 2798 ῥητὰ
535 2716 800 2792 ἐπιμελῶς
844 2717 1225 2796 ἐπερχόμενος,
1282 2717 1626 2794 εὐγνωμόνως
1658 2719 1830 2785 πάντη
1863 2743 1990 2776 συν-

339 2809 570 2876 Hoeni
629 2819 745 2869 τοῖς
816 2803 1215 2883 διαγινώσκουσι
1269 2802 1389 2861 γατ’
1420 2804 1599 2862 οωένα
1664 2805 1837 2886 ἕτερον
1889 2807 1986 2865 λό-

332 2920 444 2975 γον
485 2897 543 2952 τὸ
572 2901 784 2969 Πνεῦμα
824 2893 1188 2972 θεολογετσθαι
1238 2891 1472 2972 δεύτερον
1527 2901 1620 2951 τοῦ
1688 2899 1806 2955 Υἱοῦ
1872 2896 1988 2954 ἀλλ’

330 2987 377 3054 ἢ
411 2987 543 3042 κατὰ
586 2985 746 3059 μόνον
776 2985 930 3040 αῦτὸν
985 2984 1102 3040 καθ’
1133 2983 1161 3039 6'
1218 2985 1303 3039 καὶ
1363 2985 1390 3039 6
1455 2986 1574 3047 Υἱὸς
1643 2993 1734 3043 τοῦ
1791 2988 1988 3067 Πατρός

2096 945 2454 1018 compotem,
2473 947 2804 1000 creaturam
2835 950 3107 1001 asserunt
3127 940 3189 999 ‘2»
3232 938 3302 1002 Et
3329 939 3592 1019 pluribus
3615 939 3727 1001 ibi—

2093 1025 2224 1086 dem
2250 1026 2579 1105 interjectis
2614 1046 2626 1089 :
2668 1027 2967 1088 «Profecto
2990 1027 3171 1089 Filius
3200 1028 3442 1107 quidem
3497 1046 3527 1089 a
3561 1027 3728 1089 Patre

2091 1117 2358 1178 mittitur.
2399 1142 2425 1172 α
2461 1117 2558 1180 Sic
2575 1118 2758 1194 enim,
2788 1119 3162 1199 inquit,Deus
3181 1119 3467 1180 mundum
3500 1118 3724 1192 dilexit,

2090 1214 2152 1265 ut
2183 1205 2393 1268 Filium
2425 1225 2596 1268 suum
2631 1207 2995 1286 unigenitum
3028 1209 3246 1268 daret“
3276 1230 3292 1282 ;
3321 1232 3347 1262 ι
3373 1208 3557 1270 Filius
3586 1227 3724 1270 vero

2088 1293 2373 1374 Spiritum
2409 1297 2604 1358 mittit.
2639 1321 2661 1353 ι
2699 1299 2761 1360 Si
2809 1300 2966 1360 enim
2991 1297 3090 1358 ait.
3127 1316 3234 1376 ego
3264 1295 3720 1369 abiero,mittam

2085 1382 2532 1460 Paracletumﬁ,
2568 1409 2589 1443 υ
2628 1395 2686 1448 et
2717 1387 2902 1450 Filius
2932 1385 3170 1466 quidem
3230 1387 3462 1448 Patrem
3491 1384 3722 1462 gloriﬁ-

2086 1480 2198 1551 cat,
2225 1472 2455 1543 dicens,
2487 1476 2682 1549 Pater,
2712 1493 2821 1553 ego
2855 1485 2909 1536 te
2930 1473 3274 1552 gloriﬁcavi;
3301 1470 3556 1552 Spiritus
3587 1490 3726 1532 vcro

2085 1560 2372 1638 gloriﬁcat
2395 1562 2610 1625 Filium
2641 1581 2656 1638 ;
2695 1584 2722 1623 ‹
2752 1563 2857 1626 Ille
2889 1563 3073 1635 enim,
3103 1561 3250 1624 dicit
3285 1579 3403 1634 me,
3437 1560 3723 1639 gloriﬁca-

2085 1650 2246 1712 bit43.
2280 1675 2305 1705 ι
2342 1651 2416 1714 Ει
2449 1651 2632 1714 Filius
2660 1652 2904 1733 quidem
2955 1651 3099 1713 dicit
3133 1671 3148 1712 :
3217 1675 3240 1706 ιι
3275 1649 3414 1723 Quae
3468 1649 3666 1710 audivi
3695 1669 3728 1710 a

2087 1741 2280 1811 Patre,
2311 1740 2433 1801 haec
2458 1739 2666 1820 loquor
2686 1741 2745 1801 in
2771 1740 3179 1801 mundumua
3211 1739 3466 1819 Spiritus
3485 1755 3624 1798 vero
3655 1755 3727 1799 ex

799 1856 826 1887 ι
885 1832 958 1888 ’Ἀ
1000 1833 1200 1898 ἥκουσα
1255 1832 1397 1910 παρὰ
1446 1839 1538 1889 τοῦ
1585 1833 1810 1910 Πατρὸς.
1841 1841 2002 1888 ταῦτα

2085 1828 2230 1890 Filio
2253 1826 2507 1908 accipit;
2545 1850 2572 1888 ‹
2604 1828 2684 1889 Ex
2743 1848 2878 1890 meo
2935 1829 3093 1889 enim
3123 1827 3358 1906 accipit,
3393 1824 3496 1899 ait,
3524 1838 3584 1887 et
3611 1844 3725 1886 an-

2088 1914 2380 1977 nuntiabit
2436 1917 2709 1980 vobis”:
2750 1941 2772 1974 ο
2829 1925 2886 1979 et
2940 1916 3124 1978 Filius
3180 1914 3421 1996 quidem
3482 1917 3723 1976 nomine

2084 2006 2273 2079 Patris
2303 2005 2461 2066 venit
2487 2027 2504 2081 ;
2544 2005 2835 2087 «Spiritus
2865 2023 3004 2067 vero
3035 2014 3475 2083 sanctus,quem
3503 2001 3714 2078 mittet,

2080 2097 2292 2178 inquit,
2321 2103 2494 2163 Pater
2517 2099 2574 2158 in
2619 2096 2859 2158 nomine
2893 2093 3148 2156 meolﬁ.»
3202 2094 3373 2156 Hunc
3393 2090 3595 2169 itaque
3618 2111 3719 2154 or-

2079 2185 2278 2249 dinem
2310 2196 2367 2249 et
2397 2196 2662 2248 naturam
2700 2202 2836 2262 erga
2864 2181 3078 2244 Filium
3109 2181 3448 2263 possidente
3470 2185 3714 2266 Spiritu,

2080 2293 2252 2356 quam
2286 2285 2343 2338 et
2371 2276 2553 2340 Filius
2584 2273 2845 2353 possidet
2873 2289 3016 2346 erga
3041 2272 3300 2348 Patrem,
3329 2291 3444 2353 qua
3463 2275 3714 2348 ratione,

2077 2366 2176 2444 qui
2205 2365 2362 2426 hunc
2394 2373 2721 2426 creaturam
2746 2360 2976 2433 asserit,
3012 2379 3128 2420 non
3161 2360 3317 2420 idem
3352 2370 3409 2424 et
3439 2362 3515 2425 de
3552 2362 3716 2423 Folio

2077 2453 2415 2514 necessario
2448 2450 2800 2530 excogitabit
2828 2457 2889 2514 ‘2:
2924 2448 3035 2521 Qui
3056 2451 3182 2512 haec
3211 2449 3540 2528 theologica
3559 2451 3717 2512 dicta

2074 2551 2350 2603 accurate
2380 2538 3131 2622 perpendet,aaquo’_animo
3145 2556 3388 2618 prorsus
3406 2557 3713 2600 assensum

2077 2630 2381 2708 prabebit,
2416 2627 2915 2708 concordabitque
2978 2647 3112 2690 cum
3138 2627 3592 2698 afﬁrmantibus.
3615 2628 3717 2690 illa

2075 2719 2447 2779 solummodo
2469 2715 2984 2796 rationeSpiritum
3012 2716 3128 2777 dici
3152 2717 3478 2778 secundum
3494 2735 3525 2776 a
3542 2716 3710 2792 Filio,

2072 2828 2187 2889 quo
2219 2824 2273 2870 et
2309 2810 2487 2872 Filius
2518 2827 2550 2870 a
2581 2810 2754 2870 Patre
2781 2827 2911 2870 esse
2941 2809 3238 2870 secundus
3278 2809 3562 2870 astruitur
3594 2827 3610 2888 ;
3657 2813 3716 2868 et

2073 2898 2170 2960 his
2198 2898 2437 2979 quidem
2469 2915 2776 2959 assensum
2811 2896 3118 2976 praabebit,
3180 2905 3242 2958 ut
3286 2898 3408 2976 jam
3441 2895 3584 2968 dixi,
3610 2895 3712 2975 qui

2073 3005 2240 3068 aequo
2270 2988 2468 3048 animo
2499 3005 2596 3047 res
2620 2985 2924 3066 dijudicat.
2960 2985 3030 3046 Et
3050 2986 3280 3051 modus.
3317 2984 3416 3065 qui
3445 3004 3515 3046 ex
3547 2984 3710 3046 Scri-

335 3076 457 3132 ἐστι
510 3073 767 3152 δεύτερος.
817 3073 916 3130 Καὶ
959 3074 986 3128 6
1045 3073 1142 3148 μὲν
1198 3086 1314 3136 τοῖς
1374 3079 1538 3130 ταῦτα
1605 3071 1986 3152 διαγινώσκου-

2073 3075 2261 3166 pturis
2290 3075 2878 3166 demonstrationem
2913 3073 3024 3166 sibi
3054 3074 3332 3166 vindicat,
3389 3071 3708 3166 secundus,

331 3187 430 3221 σιν
475 3162 640 3227 οὕτως
685 3160 1052 3239 εὖγνωμονῶν,
1115 3160 1188 3225 ὥς
1233 3183 1323 3236 μοι
1368 3160 1569 3240 ἐρῤέθη,
1629 3165 1932 3232 συνθήσεται
1969 3181 1983 3196 ⁸

326 3256 477 3328 ἡμῖν
507 3250 560 3308 δὲ
589 3253 677 3308 καὶ
736 3252 763 3305 6
808 3251 904 3315 τὴν
961 3248 1222 3315 ἀπόδειξιν
1273 3251 1378 3306 ἆπὸ
1437 3252 1652 3330 Γραφῶν
1695 3251 1840 3331 ἔχων
1871 3252 1992 3310 δεύ-

327 3363 491 3418 τερος
534 3342 725 3420 τρόπος
800 3341 889 3397 ἐπὶ
951 3353 1070 3402 τοῖς
1140 3340 1380 3416 ῥηθεῖσιν
1425 3338 1523 3404 ἕξει
1580 3341 1640 3396 τὸ
1709 3349 1886 3420 κῦρος.
1936 3345 1993 3401 Εἰ

325 3433 441 3508 γὰρ
490 3429 608 3509 ὅρος
665 3431 743 3494 τίς
803 3429 943 3486 ἐστιν
1010 3429 1115 3484 ἀπὸ
1175 3431 1394 3507 Γραφῶν
1465 3428 1800 3508 ἀπαράϐατος
1868 3439 1984 3490 κατ’

321 3515 517 3576 οὐδένα
571 3516 746 3596 ἕτερον
815 3516 976 3595 λόγον
1033 3516 1069 3584 ἢ
1114 3515 1277 3590 μόνον
1337 3538 1396 3594 γε
1440 3518 1531 3572 τὸν
1574 3527 1667 3576 τοῦ
1752 3521 1985 3579 αἰτιατοῦ

320 3607 425 3664 καὶ
453 3606 514 3663 τό
543 3614 632 3663 τοῦ
668 3609 787 3663 Υἱοῦ
855 3607 985 3684 πρὸς
1043 3607 1133 3661 τὸν
1178 3604 1408 3684 Πατέρα,
1455 3607 1542 3662 καὶ
1597 3609 1660 3662 16
1694 3618 1785 3666 106
1814 3612 1981 3666 Πνεύ-

321 3718 505 3772 ματος
537 3697 666 3772 πρὸς
709 3697 798 3751 τὸν
839 3697 978 3766 Υἱὸν,
1025 3696 1113 3750 καὶ
1172 3709 1289 3758 τοῖς
1346 3694 1648 3772 θεολογοῦσι
1694 3695 1982 3777 δευτερεῖον

323 3783 599 3864 εἰλῆφθαι,
633 3784 975 3842 ἐντελέστατα
1017 3784 1228 3845 πάντως
1270 3786 1405 3857 ἡμῖν
1462 3787 1494 3853 ἡ
1555 3785 1658 3841 ἀπὸ
1705 3789 1810 3842 τῶν
1843 3795 1981 3866 Γρα-

315 3875 443 3951 φίῦν
473 3881 562 3929 τοῦ
611 3871 850 3952 δευτέρου
910 3873 1104 3951 τρόπου
1175 3870 1461 3953 ἀπόδειξις,
1493 3882 1586 3931 τοῦ
1654 3882 1759 3931 τῶν
1797 3877 1983 3944 ἐντελῆ
2018 3929 2020 3932 .

313 3964 430 4028 τὴν
484 3965 634 4040 ῥῆσιν
668 3963 912 4041 ἐχουσῶν
981 3959 1198 4041 ϐίϐλων,
1254 3964 1430 4041 ὑγιοῦς
1499 3965 1586 4019 καὶ
1649 3965 1982 4046 ἀπαρεγχει-

313 4053 491 4129 ρήτου
519 4048 720 4128 ἐκϐίβη
728 4071 787 4106 κε
799 4099 813 4113 ,

407 4129 508 4213 ς’,
542 4143 679 4218 Πρὸς
709 4137 764 4194 δὲ
785 4141 845 4195 16
888 4145 989 4206 τῆς
1033 4140 1298 4218 ἀναφορᾶς
1360 4138 1616 4220 δεύτερον,
1665 4143 1692 4198 ὃ
1735 4145 1851 4222 περὶ
1880 4149 1977 4211 τῆς

308 4238 417 4286 τοῦ
472 4229 619 4305 ἁγίου
677 4229 979 4303 Πνεύματός
1022 4228 1162 4285 ἐστιν
1205 4229 1571 4307 ἐμφυσήσεως,
1615 4231 1771 4310 χάριν
1846 4234 1979 4288 ταύ-

313 4339 426 4383 την
469 4321 608 4373 εἶναι
661 4319 1020 4392 πνευματικὴν
1062 4324 1167 4373 τῶν
1210 4317 1273 4372 δι’
1333 4319 1566 4381 ἐναντίας
1598 4318 1973 4394 ἐνισταμένων,

2076 3165 2260 3238 hisce,
2297 3182 2427 3245 quae
2447 3164 2726 3239 diximus,
2746 3164 3152 3223 auctoritatem
3171 3161 3418 3222 obtinet.
3450 3159 3708 3222 Etenim.

2076 3254 2124 3313 si
2156 3251 2591 3333 Scripturarum
2615 3251 3046 3322 decreto,nu|la
3075 3251 3189 3311 alia
3222 3249 3470 3323 ratione,
3505 3249 3609 3310 sed
3641 3267 3710 3309 ea

2075 3342 2504 3414 tantummodo,
2539 3357 2669 3419 quae
2697 3348 2785 3400 est
2818 3358 2884 3399 ex
2916 3349 3174 3410 causa,et
3201 3337 3337 3401 Filii
3366 3338 3706 3407 adl’atrem,

2078 3440 2134 3491 et
2164 3429 2414 3510 Spiritus
2447 3429 2518 3490 ad
2555 3428 2790 3507 Filium,
2853 3428 3108 3507 theologi
3158 3428 3449 3490 secundas
3509 3436 3708 3506 partes

2066 3521 2364 3601 accipiunt
2385 3517 2825 3581 absolutissima
2848 3535 3091 3596 prorsus
3133 3537 3200 3579 ex
3249 3516 3571 3595 Scripturis
3605 3533 3711 3594 per

2067 3611 2306 3670 modum
2338 3609 2664 3669 secundum
2709 3605 3136 3668 demonstratio
3170 3605 3377 3688 petita,
3415 3604 3703 3665 librorum

2068 3707 2356 3776 integrum
2391 3697 2612 3757 dictum
2676 3693 3180 3775 praesel'erentium
3210 3692 3704 3773 incolumitatem,

2071 3787 2248 3847 nullis
2298 3805 2556 3866 unquam
2609 3783 2936 3845 rationibus
2991 3786 3434 3850 convellendam
3467 3793 3705 3851 consta-

2070 3875 2222 3936 bilit.

2145 4137 2203 4198 5.
2239 4131 2423 4211 Capiti
2461 4150 2596 4192 vero
2632 4139 2743 4192 tua:
2769 4130 3073 4192 relationis
3125 4134 3409 4202 secundo,
3444 4137 3598 4215 quod
3634 4138 3706 4198 de

2062 4222 2458 4285 insul’ﬂatione
2483 4221 2734 4302 Spiritus
2764 4221 2948 4280 sancti
2979 4230 3268 4302 est,quani
3293 4225 3537 4300 gratiam
3571 4243 3704 4286 esse

2060 4312 2426 4392 spirituulem
2459 4310 2777 4370 adversarii
2810 4311 3196 4384 contendunt,
3260 4314 3403 4372 satis
3432 4313 3704 4374 abunde-

313 4407 488 4463 ταῦτα
535 4427 620 4462 σοι
664 4406 988 4485 ἀποχρήσει,
1024 4407 1056 4461 ἃ
1108 4408 1135 4461 6
1193 4408 1345 4470 αὒτὸς
1403 4409 1569 4484 μέγας
1625 4408 1894 4471 Βασίλειος
1925 4400 2006 4465 ὲνῖ

2073 4420 2179 4481 que
2211 4399 2599 4480 respondebit
2626 4415 2876 4476 magnus
2909 4398 3157 4458 Basilius
3188 4405 3400 4479 capite,
3427 4422 3541 4482 quo
3565 4420 3703 4482 pro-

318 4493 402 4549 ἐνὶ
455 4497 560 4550 τῶν
618 4493 940 4573 κεφαλαίων,
1016 4496 1076 4550 οὗ
1142 4497 1176 4562 ἡ
1235 4495 1526 4572 ἐπιγραφὴ,
1594 4520 1620 4551 α
1679 4487 1808 4554 ’⁸οτι
1867 4501 1976 4554 Θεία

318 4582 474 4660 φύσις
517 4583 578 4637 τὸ
635 4582 871 4654 Πνεῦμα,
906 4606 932 4636 ι
995 4584 1124 4662 φησί
1181 4608 1204 4636 ιι
1243 4589 1452 4658 Πνεῦμα
1529 4585 1628 4663 γὰρ
1697 4591 1772 4659 τῷ
1821 4592 1974 4656 ζῶντι

317 4669 481 4746 Λόγῳ
551 4671 969 4748 συντέταγμένον
1033 4673 1106 4734 εἷς
1162 4674 1222 4727 τὸ
1265 4671 1632 4752 ὃηυιουργεΐν,
1673 4681 1814 4744 ζῶσα
1885 4674 1974 4730 δύ-

319 4779 478 4831 ναμις
534 4761 622 4815 καὶ
679 4762 789 4815 Θεία
831 4759 1004 4838 φύσις,
1065 4757 1288 4838 ἅῤῥήτος
1345 4759 1395 4826 ἐξ
1447 4761 1670 4839 ἀῤῥήτου
1713 4765 1974 4838 στόματος

317 4862 623 4925 πεφηκυτα,
657 4847 892 4926 ἀρρήτως
951 4850 1037 4905 καὶ
1080 4851 1214 4905 κατὰ
1271 4851 1369 4916 τὴν
1428 4849 1721 4930 ἐμφύσησιν
1781 4855 1854 4916 εἷς
1884 4855 1974 4909 τὸν

315 4933 592 5014 ἅνθρωνρον
653 4935 1052 5012 ἀπεσταλμένη,
1129 4939 1214 4994 καὶ
1275 4941 1409 4994 κατὰ
1504 4941 1594 4995 τὸν
1657 4947 1972 5015 σωματικῶς

312 5024 418 5078 ὑπὸ
461 5033 554 5080 τοῦ
614 5033 796 5103 Κυρίου
867 5024 1141 5106 δειχθέντα
1228 5027 1413 5100 τύπον,
1470 5031 1612 5094 αὖθις
1669 5028 1757 5085 ὑπ’
1818 5033 1974 5088 αὐτοῦ

313 5110 386 5166 δι’
442 5111 789 5192 ἐμφυσήσεως
888 5108 1354 5190 ἆποκαθῖσταμὲνη
1417 5135 1432 5149 ο
1507 5122 1815 5197 συντρέχειν
1873 5121 1972 5197 γὰρ

313 5197 404 5255 δεῖ
433 5209 502 5278 τῇ
546 5203 827 5282 καταρχὴν
885 5204 1160 5268 καινότητι
1192 5205 1288 5272 τὴν
1334 5212 1420 5261 νῦν
1482 5206 1827 5278 ἂνακαίνισιν,
1884 5212 1970 5264 καὶ

310 5289 416 5353 τὴν
472 5289 766 5369 συνδρομὴν
839 5289 1182 5370 ἐξετύπωσεν,
1254 5293 1584 5373 ἐμφυσήσεις,
1643 5295 1746 5375 οὔχ
1795 5296 1968 5376 ἕτερος

325 5377 404 5434 ὧν
460 5381 603 5454 παρὰ
674 5383 764 5435 τὸν
823 5379 873 5445 ἐξ
930 5381 1106 5461 ἀρχῆς
1151 5382 1556 5460 ἐμφύσησαντα,
1609 5383 1727 5439 ἀλλ’
1789 5387 1963 5457 αὐτὸς,

2063 4489 2184 4563 bat,
2219 4490 2476 4550 divinam
2511 4505 2640 4547 esse
2699 4497 2964 4546 naturam
3013 4485 3288 4563 Spiritus,
3323 4509 3457 4549 cum
3519 4491 3699 4552 dicit:

2066 4604 2091 4634 α
2127 4579 2381 4658 Spiritus
2414 4577 2570 4635 enim
2604 4593 2733 4635 cum
2767 4575 2988 4634 vixenti
3041 4575 3236 4636 Verbo
3269 4578 3327 4638 in
3359 4581 3567 4640 eodem
3600 4600 3699 4640 oro

2061 4669 2201 4729 dine
2233 4667 2554 4727 collocatus
2596 4665 2666 4724 ad
2695 4683 2774 4724 cro
2799 4668 3044 4734 andum,
3079 4668 3276 4725 vivens
3309 4674 3511 4749 virtus;
3540 4680 3594 4730 et
3619 4671 3706 4730 di-

2059 4759 2188 4818 vina
2221 4764 2451 4833 natura,
2484 4753 2799 4814 inell'abili-s
2835 4772 2901 4812 ex
2942 4753 3222 4814 ineffabili
3257 4775 3359 4815 ore
3391 4759 3703 4840 exsistcns,

2058 4846 2344 4908 ineffabili
2375 4844 2569 4918 modo,
2602 4850 2658 4902 et
2685 4861 2789 4922 per
2809 4842 3074 4902 inﬂatum
3108 4843 3164 4902 in
3195 4845 3465 4906 homines
3501 4849 3702 4923 missa,

2057 4946 2116 4998 et
2133 4935 2462 4996 secundum
2478 4948 2830 5010 corporeum
2854 4930 3140 4992 aDomino
3161 4943 3354 5011 typum
3373 4944 3698 5011 ostensum,

2055 5043 2257 5086 rursus
2289 5022 2363 5083 ab
2400 5041 2468 5082 eo
2522 5040 2626 5100 per
2683 5019 2945 5080 inﬂatum
3005 5021 3310 5082 restituta:
3347 5041 3702 5086 Concurrere

2055 5115 2212 5176 enim
2243 5115 2578 5176 debetcum
2613 5118 2799 5191 prima
2833 5111 3108 5185 novitate,
3134 5131 3223 5192 ea,
3256 5133 3384 5192 quae
3418 5135 3572 5179 nunc
3604 5120 3700 5194 sit,

2054 5204 2372 5275 innovatio,
2410 5213 2465 5262 et
2497 5219 2848 5262 concursum
2907 5202 3193 5279 expressit
3246 5204 3508 5283 sufflans,
3543 5207 3700 5267 idem

2053 5295 2154 5356 ille
2182 5293 2496 5371 exsistens,
2529 5291 2628 5370 qui
2658 5309 2689 5348 a
2721 5288 3011 5369 principio
3046 5288 3392 5365 insufﬂavit,
3425 5294 3704 5375 idemque

2054 5404 2157 5465 per
2184 5403 2360 5465 quem
2397 5383 2554 5443 Deus
2580 5381 2838 5440 inﬂatum
2873 5379 3152 5456 elargilus
3176 5390 3285 5455 est,
3314 5391 3431 5442 tum
3465 5383 3701 5463 quidem

307 5463 378 5520 δι’
425 5470 484 5522 οῦ
557 5472 686 5531 Θεὸς
747 5467 940 5525 δέδωκε
982 5472 1080 5537 τὴν
1138 5470 1431 5549 ἐμφύσησιν
1475 5472 1594 5528 τότε
1668 5475 1765 5549 μὲν
1837 5477 1968 5537 μετὰ

2073 5494 2182 5535 :um
2205 5463 2438 5546 anima,
2473 5474 2630 5530 nunc
2669 5467 2886 5528 veroin
2923 5469 3207 5528 animam.
3246 5494 3272 5524 »
3302 5471 3444 5532 Cum
3507 5470 3704 5550 itaque

398 5625 447 5672 Η
481 5628 658 5689 Joan.
693 5644 778 5688 tu.
822 5629 918 5689 16.
970 5627 1026 5677 η
1051 5627 1225 5691 Joan.
1263 5646 1376 5702 xvr,
1414 5635 1472 5694 7.
1520 5631 1762 5694 l5ibid.
1795 5637 1894 5703 14,
1941 5643 1998 5692 14

2073 5644 2454 5706 ian.xv.15.
2505 5640 2562 5689 ιδ
2591 5633 2738 5696 ibid.
2777 5636 2872 5696 14.
2928 5634 2984 5682 ιθ
3013 5632 3156 5696 ibid.
3201 5636 3294 5707 :4,
3329 5636 3424 5694 an
