4220 6292
274 333 400 402 325

1131 348 1252 410 ,ιω
1294 341 1766 434 ΤΗΕουοιιιιΜ
1814 336 2150 402 suanm:
2198 340 2427 404 EPISC.
2478 339 2618 406 un.
2677 344 2773 406 ιιι.

3559 347 3674 411 3'26

363 461 438 546 β’.
491 460 654 527 ’Ἐστι
699 472 796 544 μὲν
851 476 939 530 οὖν
989 479 1050 532 10
1119 476 1170 543 ἐξ
1226 478 1455 556 ἱστορίας
1500 478 1636 534 οὕτω
1677 500 1758 533 σοι
1789 478 1976 554 προ-Α

2089 472 2147 534 9.
2184 472 2439 536 Historia
2493 477 2602 537 hoc
2637 477 2813 538 modo
2866 480 3186 558 successit,
3245 489 3300 540 et
3364 500 3460 542 res
3506 483 3584 543 ita
3614 503 3677 544 se

280 557 474 616 ϐαῖνον
518 564 608 617 καὶ
667 562 753 618 ἐπὶ
811 567 1094 632 τοιούτοις.
1161 558 1252 634 Ὠς
1297 569 1394 646 γὰρ
1438 576 1513 642 τῷ
1583 568 1936 648 ἀρχιερατικῷ

280 653 386 714 τῆς
448 653 840 708 Κωνσταντίνου
921 654 1312 734 ἐποφθαλμίσας
1357 656 1546 720 Φότιος
1600 657 1786 734 θρόνῳ,
1846 657 1936 710 τὸν

284 743 389 816 μὲν
447 741 529 798 ἐπ’
604 744 764 800 αὗτοῦ
831 746 984 824 ἅγιου
1023 749 1233 816 ἀληθῶς
1303 748 1459 828 ἄνδρα
1521 752 1610 806 τὸν
1682 750 1937 826 Ἰγνάτιον

284 829 495 886 ἐκεῖνον
553 832 825 906 ἀπώσατο,
896 836 1066 910 ἑαυτῷ
1131 836 1185 893 δὲ
1279 846 1431 895 10610
1529 841 1932 915 περιεποιήσατο.

290 911 354 975 Ὀ
406 917 462 974 δὲ
505 920 572 974 τὰ
641 925 739 987 τῆς
782 921 1080 990 δυναστείας
1137 933 1214 1000 τῷ
1271 929 1361 983 τὸν
1417 926 1765 984 ἀποστολικὸν
1819 926 1938 981 τότε

285 1015 575 1080 κοσμοῦντι
642 1010 847 1090 θρόνον,
916 1021 993 1087 τῷ
1062 1015 1255 1088 πάππα
1327 1013 1572 1088 Νικολάῳ
1668 1015 1936 1095 ἀνέφερεν,

289 1095 480 1151 αὐτίκα
535 1095 589 1151 ἐν
631 1103 699 1173 τῇ
754 1101 939 1178 πρώτῃ
997 1110 1102 1158 τῶν
1155 1107 1289 1160 κατὰ
1331 1109 1536 1160 Φωτίου
1619 1107 1749 1183 πρὸς
1818 1106 1941 1167 τοὺς

288 1185 671 1259 ὑποκειμένους
724 1195 800 1262 τῷ
856 1194 1230 1272 πατριαρχικῷ
1284 1199 1382 1260 τῆς
1440 1194 1942 1250 Κωνσταντινουπό-

289 1270 430 1336 λεως
491 1274 662 1352 θρόνῳ
721 1275 1014 1336 ἐπιστολῶν
1201 1282 1423 1346 πάππας
1495 1281 1754 1340 Νικόλαος
1824 1279 1948 1339 τάδε

289 1362 430 1416 κατὰ
460 1362 606 1438 ῥῆμα
663 1361 900 1430 διέξεισιν
935 1388 948 1402 ·
1020 1391 1043 1426 (ι
1103 1368 1447 1434 Ἀκούσαντες
1505 1373 1604 1449 γὰρ
1659 1373 1821 1446 ἡμεῖς
1867 1369 1946 1425 ὅτι

289 1450 436 1513 τινὲς
464 1452 658 1528 ξὺμῶν,
705 1456 879 1533 φθόνῳ
934 1460 1022 1514 καὶ
1082 1460 1405 1538 ὑπερηφανίᾳ
1461 1461 1759 1539 ὁρμώμενοι
1813 1459 1947 1514 κατὰ

290 1544 388 1593 τοῦ
415 1539 667 1612 ποιμένος
698 1543 784 1598 καὶ
841 1542 1153 1603 διδασκάλου
1210 1548 1399 1616 αὐτῶν,
1461 1558 1552 1607 τοῦ
1608 1547 1945 1623 συλλειτουρ-

293 1633 394 1703 γοῦ
446 1628 592 1702 ὑμῶν
659 1629 934 1707 Ἰγνατίου,
1009 1635 1395 1711 ἐπανέστησαν,
1467 1639 1554 1694 καὶ
1609 1637 1805 1702 ὲξςῦσαν
1848 1639 1944 1703 τῆς

2019 559 2244 635 habuit,
2280 564 2364 623 uti
2417 584 2615 628 narro.
2650 565 2794 628 Cum
2827 566 2884 626 in
2919 567 3124 628 sedem
3157 571 3659 651 Constantinopo-

2019 648 2256 710 litauam
2291 653 2629 731 cupiditatis
2671 657 2872 716 oculos
2920 657 3157 716 Pliotsus
3187 648 3673 740 adjecissetfqui

2021 755 2126 797 suo
2159 757 2280 799 aevo
2308 740 2465 801 illam
2505 743 2764 816 tenebat,
2796 744 3094 804 hominem
3145 747 3318 824 plane
3364 755 3667 811 sanctum.

2023 827 2310 918 Ignatiurn
2341 832 2533 909 ejecit,
2571 841 2627 891 et
2657 834 2857 893 sedem
2892 837 3218 913 occupavit.
3257 834 3515 914 Ignatius
3538 857 3670 918 quae

2023 916 2308 982 violenter
2365 929 2599 1000 peracta
2664 923 2935 997 fuerant,
2996 925 3198 984 sedem
3267 916 3667 1005 Apostolniica

2023 1012 2326 1072 exornanti
2360 1029 2524 1090 papae
2555 1011 2795 1072 Nicolao
2828 1011 3197 1088 significavit,
3248 1015 3346 1092 qui
3381 1015 3579 1075 statim
3613 1012 3673 1072 in

2023 1101 2149 1179 ipsa
2174 1099 2360 1178 prima
2403 1098 2652 1176 epistola
2686 1100 2838 1158 inter
2869 1119 2990 1179 eas,
3021 1120 3166 1179 quas
3197 1102 3479 1162 adversus
3509 1103 3668 1164 Pho-

2029 1189 2171 1249 tium
2204 1187 2446 1249 sedibus
2475 1188 2864 1266 patriarchico
2892 1191 3482 1269 Constantinopoleos
3513 1193 3674 1252 thro-

2028 1296 2104 1337 no
2133 1277 2423 1355 subjectis
2453 1277 2853 1347 dederal,|.~a:c
2886 1277 3079 1336 verbis
3103 1277 3311 1336 iisdem
3349 1280 3667 1359 expressit:

2035 1363 2384 1445 «Postquam
2419 1366 2577 1425 enim
2605 1370 2947 1444 accepimus
2976 1365 3261 1444 quosiam
3284 1367 3673 1446 superbiaela-

2032 1463 2122 1515 stu
2158 1455 2411 1523 inﬂatos.
2448 1464 2504 1514 et
2537 1454 2764 1514 invidiae
2793 1452 3017 1514 facibus
3050 1455 3442 1518 inﬂammatos
3465 1467 3670 1519 contra

2032 1551 2322 1622 pastorem
2341 1561 2509 1601 suum
2527 1543 2899 1603 etdnctorein
2915 1542 3388 1605 comministrum
3405 1555 3670 1608 nostrum

2031 1631 2314 1710 lgnatiuin
2344 1632 2945 1710 insurrexisse,atque
2975 1651 3041 1692 ex
3062 1630 3326 1693 Ecclesia
3350 1635 3669 1714 pepulisse,

294 1712 620 1803 ΪΕκκλησίας
679 1717 858 1796 αὐτὸν,
934 1721 985 1778 ἐν
1044 1726 1272 1801 μερίμνῃ
1329 1725 1642 1803 γεγόναμεν,
1718 1727 1804 1782 καὶ
1835 1727 1976 1800 μυί-1

2040 1738 2240 1798 magna
2263 1738 2402 1779 sane
2425 1739 2568 1780 cura
2589 1719 2782 1779 affecti
2805 1719 3116 1789 sumus,ob
3142 1739 3272 1781 eam
3303 1712 3670 1801 potissimum

293 1799 454 1858 λιστα
481 1801 562 1858 ὅτι
592 1805 799 1884 σχίσμα
860 1809 914 1865 ἐν
984 1799 1129 1889 mimi;
1296 1799 1547 1892 εἰρημένη
1603 1799 1843 1894 ἐπαρχία
1861 1817 1947 1870 καὶ

294 1903 419 1952 ταῖς
455 1892 826 1968 ὑποκειμέναις
859 1902 990 1974 αὐτῇ
1049 1901 1235 1958 πόλεσι
1295 1901 1378 1958 διὰ
1433 1925 1551 1958 τινα
1609 1905 1811 1960 Φώτιον
1843 1903 1947 1958 ἀπὸ

294 1982 398 2046 τῆς
457 1979 650 2060 ἁγορᾶς
720 1988 810 2042 καὶ
866 1997 1131 2064 κοσμικῆς
1175 1997 1442 2068 στρατιᾶς,
1504 1993 1591 2048 καὶ
1635 1992 1941 2071 σχήματος,

294 2073 388 2126 καὶ
428 2079 534 2128 τῶν
585 2072 944 2153 ἁτακτορικῶν
1013 2079 1180 2138 οἴκων
1234 2085 1591 2162 τυγχάιοντα,
1646 2087 1733 2141 καὶ
1791 2085 1945 2162 ἀφνί-

295 2157 412 2216 διον
467 2163 713 2240 καρέντα,
785 2168 873 2223 καὶ
915 2169 980 2225 ἐν
1011 2178 1079 2246 τῇ
1137 2174 1269 2249 αὐτῇ
1326 2171 1618 2246 Ἐκκλησία
1672 2175 1947 2236 ἒνναντίως

300 2255 411 2305 τῶν
467 2251 618 2328 ἱερῶν
672 2255 907 2311 κανόνων
949 2256 1333 2337 προϐληθέντα,
1367 2264 1428 2318 οὗ
1471 2265 1656 2342 μικρὸν
1739 2260 1947 2327 ἀκηκό-

298 2359 438 2411 αμεν
470 2424 483 2428 Δ
515 2340 736 2419 ἁναφυέν
783 2360 798 2376 ⁸
883 2349 972 2403 καὶ
1031 2347 1148 2422 μετ’
1192 2349 1344 2428 ὀλίγα
1441 2356 1540 2418 τῆς
1572 2340 1578 2342 Ἴ
1607 2353 1894 2416 ἓπιστολῆς
1925 2364 1949 2387 ⁶

307 2448 337 2480 ι
375 2429 434 2484 Οἱ
463 2424 517 2482 δὲ
568 2429 950 2511 ἀποκρισιάριοι
1007 2439 1160 2508 ἡμῶν
1231 2424 1616 2502 καταλαϐόντες
1674 2440 1772 2507 τὴν
1806 2450 1951 2497 Κων-

301 2517 756 2594 σταντινούπολιν,
810 2525 895 2579 καὶ
939 2524 1034 2592 τὴν
1095 2525 1382 2594 Βασιλικήν
1445 2527 1678 2593 ἒξουσίαν
1724 2527 1950 2598 πτήξαν-

299 2623 417 2676 τες,
463 2606 536 2668 ὼς
571 2607 716 2664 αὐτοὶ
771 2609 1035 2688 λέγουσιν,
1097 2615 1356 2682 ἠθέτησαν
1389 2618 1481 2679 τὰς
1526 2617 1740 2682 ἐντολὰς
1769 2619 1950 2692 ἡμῶν,

299 2691 393 2747 καὶ
424 2694 556 2766 μετὰ
584 2697 790 2753 Φωτίου
817 2708 908 2758 τοῦ
936 2705 1134 2780 μοιχοῦ
1163 2709 1268 2758 τῶν
1327 2705 1486 2782 ἁγίων
1555 2706 1766 2761 ὲκείνων
1802 2707 1950 2762 ἐκοι-

301 2780 548 2846 νώνησαν
615 2789 937 2864 μυστηρίων,
985 2791 1072 2846 καὶ
1131 2789 1388 2869 Ἰγνὰτιον
1456 2795 1546 2850 τὸν
1600 2795 1820 2872 γηραιὸν
1851 2794 1950 2851 ἅν-

452 2873 538 2927 λαὶ
593 2872 743 2950 ἅγιον
806 2877 1132 2958 κατέκριναν,
1184 2866 1271 2935 καὶ
1323 2881 1384 2948 τῆ

1323 2903 1418 2948 της

302 2953 567 3025 ἐξήλασαν
601 2976 614 2990 ·

1473 2883 1740 2960 ἱερατικῆς
1810 2883 1952 2950 ἀξίας

664 2985 692 3015 ι
765 2965 853 3019 καὶ
907 2963 1025 3040 μετ’
1081 2969 1233 3046 ὀλίγα
1289 2969 1469 3050 πάλινς
1510 2976 1608 3038 τῆς
1641 2971 1802 3039 αὐτῆς
1831 2972 1954 3028 ἐπι-

2031 1826 2293 1872 causam.
2328 1809 2482 1887 quod
2537 1810 2798 1868 schisma
2847 1809 2905 1868 in
2939 1808 3037 1868 illa
3069 1808 3215 1869 urbe
3259 1819 3318 1870 et
3348 1812 3668 1890 provincia,

2031 1905 2089 1956 et
2124 1897 2401 1957 omnibus
2451 1896 2733 1977 subjectis
2784 1897 2867 1956 illi
2902 1897 3236 1957 civitatibus
3268 1907 3507 1978 propter
3527 1899 3676 1962 Pho-

2031 1985 2173 2044 tium
2206 1987 2520 2061 quemdam
2572 2006 2605 2047 a
2634 1986 2758 2046 foro
2794 1986 3144 2064 profectum,
3181 1994 3237 2046 et
3267 1988 3534 2049 saeculari
3565 1990 3675 2050 mi-

2031 2072 2157 2135 litia
2188 2083 2243 2134 et
2269 2074 2491 2149 habitu,
2520 2083 2574 2134 et
2609 2093 2677 2135 ex
2709 2073 2988 2134 Palatinis
3022 2073 3248 2134 aedibus
3272 2074 3466 2137 subito
3487 2085 3674 2139 atton-

2032 2178 2188 2241 sum,
2239 2171 2414 2242 atque
2471 2162 2530 2222 in
2590 2160 2940 2230 Ecclesiam,
2992 2161 3452 2224 reclamantibus
3491 2168 3674 2227 sacris

2032 2250 2382 2326 canonibus,
2445 2251 2777 2312 traductum
2841 2249 3453 2331 coltocatumquenon
3486 2255 3673 2315 modi-

2030 2357 2164 2400 cum
2215 2339 2557 2400 audiremus
2587 2339 2883 2401 obortum.
2923 2364 2946 2397 ο
3007 2337 3077 2399 Ει
3106 2341 3308 2419 paucis
3354 2339 3415 2402 in
3466 2344 3669 2405 eadem

2032 2427 2278 2508 epistola
2303 2429 2546 2507 adjectis
2581 2449 2594 2487 :
2642 2453 2662 2482 α
2705 2427 2900 2507 Legati
2933 2446 3068 2488 vero
3124 2429 3328 2503 nostri,
3366 2442 3672 2513 postquam

2033 2517 2604 2597 Constantinopolim
2641 2535 2986 2597 pervenere,
3038 2518 3259 2594 regiam
3288 2519 3674 2585 formidantes

2035 2607 2380 2686 potentiam,
2419 2616 2480 2667 ut
2537 2606 2776 2686 ipsimet
2804 2607 2994 2680 aiunt,
3031 2607 3302 2667 mandata
3335 2617 3533 2672 nostra
3565 2630 3673 2674 ne-

2036 2693 2431 2770 glexerunt,et
2459 2716 2589 2756 cum
2627 2695 2830 2756 Photio
2849 2695 3082 2756 moecho
3108 2695 3168 2755 in
3194 2696 3378 2758 sacris
3400 2717 3672 2762 commu-

2033 2781 2327 2857 nicarunt,
2389 2783 2793 2862 Iguatiumque
2883 2782 3070 2843 virum
3139 2791 3332 2862 aetate,
3387 2787 3554 2866 juxta
3609 2807 3679 2851 ac

2037 2871 2346 2932 sanctitate
2405 2873 2806 2933 venerandum
2859 2872 3310 2947 damnaverunt,
3369 2886 3546 2955 atque
3603 2879 3678 2939 de

2039 2961 2340 3040 dignitatis
2372 2963 2556 3043 gradu
2616 2962 3062 3024 deturbarunt.»
3089 2963 3159 3024 Et
3189 2973 3319 3043 post
3349 2985 3464 3027 non
3497 2969 3681 3031 multa

308 3043 505 3141 στολῆς
537 3063 554 3078 ⁹
595 3067 625 3107 ε
653 3051 749 3106 Φώ
787 3073 864 3115 ιος
894 3055 922 3108 ὃ
953 3054 1058 3110 ἀπὸ
1127 3043 1496 3136 σχισματικῶν
1539 3047 1976 3141 γινωσκόμενος,

2041 3051 2311 3141 ejusdem
2375 3051 2687 3133 epistolae:
2731 3076 2756 3107 α
2790 3051 3030 3141 Photius
3084 3070 3118 3112 a
3166 3053 3585 3141 schismaticis,
3623 3067 3682 3118 et

311 3133 403 3187 καὶ
451 3133 558 3191 ἀπὸ
628 3146 894 3215 κοσμικῆς
960 3143 1266 3224 ὑπηρεσίας,
1323 3148 1411 3203 καὶ
1503 3149 1798 3223 στρατείας,
1871 3152 1958 3207 καὶ

2040 3140 2308 3201 saeculari
2364 3141 2714 3215 ministerio,
2777 3159 2811 3201 a
2885 3139 3072 3216 curia,
3135 3139 3517 3220 militarique,
3575 3163 3681 3207 seu

313 3219 532 3300 ἀπορᾶς,
620 3226 867 3307 αἰφνίδιον
926 3219 1122 3313 χαρεὶς,
1197 3219 1282 3292 καὶ
1349 3238 1449 3292 ὑπὸ
1507 3219 1791 3316 Γρηγορίου
1865 3247 1958 3296 106

2040 3227 2261 3316 forensi
2299 3227 2602 3291 functione
2663 3238 2909 3308 repente
2937 3235 3227 3309 attonsus,
3260 3219 3435 3309 atque
3466 3251 3498 3292 a
3531 3233 3680 3296 Gre-

313 3315 662 3408 Συρακουσῶν
719 3316 1027 3393 ἐπισκόπου,
1090 3331 1179 3380 106
1260 3315 1649 3402 καθηρημένοδ,
1686 3315 1960 3408 Ῠχειροτο-

2042 3317 2204 3395 gorio
2236 3315 2601 3397 Syracusano
2661 3318 2941 3397 episcopo
3001 3315 3298 3393 damnato,
3334 3320 3459 3408 vivo
3490 3322 3684 3384 adhuc

312 3400 510 3498 “391525,
549 3408 790 3498 ,ζῶντος-
817 3415 911 3498 106
980 3400 1408 3491 collat1oupyo6'
1443 3400 1594 3490 ἡμῶν
1679 3400 1956 3498 “qva-idco,

2043 3406 2449 3468 comministro
2483 3415 2688 3469 nostro
2723 3405 2948 3484 Ignatio
2975 3423 3080 3485 per
3121 3407 3231 3467 vim
3267 3407 3434 3487 pulso
3465 3427 3684 3472 conse-

313 3487 410 3542 106
449 3489 632 3564 βιαίως
683 3495 1050 3579 ἔκκληθέντος,
1111 3502 1198 3557 καὶ
1255 3505 1389 3577 μετὰ
1443 3504 1548 3560 τῶν
1606 3507 1956 3585 κατακρίτων,

2043 3503 2242 3556 cratus
2273 3514 2285 3554 :
2317 3503 2527 3556 etcum
2552 3495 2843 3557 damnatis
2867 3495 3377 3576 anathematisque
3409 3498 3680 3574 vinculis,

315 3578 407 3631 καὶ
459 3578 1036 3662 ἁνατεθεματισμένων,
1110 3592 1196 3645 καὶ
1268 3592 1405 3666 μετὰ
1501 3599 1606 3648 τῶν
1676 3596 1817 3672 παρὰ
1873 3603 1964 3651 106

2046 3602 2080 3643 a
2107 3591 2308 3645 sancto
2341 3585 2687 3655 Benedicto,
2710 3583 2808 3664 qui
2843 3601 2950 3644 nos
2973 3587 3298 3664 praecessit,
3351 3590 3688 3650 constrictis

313 3668 659 3749 προκατόχου
699 3675 876 3748 ἡμῶν,
933 3687 1026 3736 106
1083 3679 1229 3756 ἁγίου
1285 3678 1606 3756 Βενεδίκτοο,
1653 3668 1963 3758 δεσμευθέν-

2048 3674 2510 3749 communicaris,
2545 3681 2601 3734 et
2632 3691 3014 3752 conservans,
3046 3691 3177 3734 cum
3199 3673 3415 3753 quibus
3439 3677 3687 3739 insidias

316 3775 426 3809 των
495 3769 782 3838 κοινωνῶν,
843 3766 930 3822 καὶ
1015 3766 1491 3848 ἀναστρεφόμενος,
1579 3772 1692 3846 μεθ’
1750 3776 1823 3828 ὧν
1879 3776 1965 3829 καὶ

2047 3759 2272 3838 Iguatio
2305 3763 2654 3842 patriarchae
2684 3762 3442 3844 concinnavit,nostrosque
3464 3765 3688 3843 legatos

320 3845 579 3938 Suv694ve
649 3851 714 3905 τὰ
766 3854 899 3908 κατὰ
964 3862 1056 3912 τοῦ
1123 3845 1452 3938 πατριάρχου
1521 3859 1775 3938 Ἰγνατίου
1807 3881 1822 3896 ⁶
1881 3863 1968 3918 καὶ

2051 3851 2362 3932 episc0pos
2395 3852 2466 3912 ad
2525 3870 2689 3912 suam
2724 3850 3122 3932 protrahenda
3154 3852 3508 3914 sententiam
3543 3874 3684 3935 per-

318 3929 640 4012 διαστρέψας
691 3941 810 4006 τοὺς
867 3943 991 4022 παρ’
1044 3946 1201 4019 ἡμῶν
1285 3945 1674 4011 ἀποσταλέντας
1745 3949 1967 4006 ἐπισκό-

2051 3940 2221 4000 vertit
2258 3929 2273 3998 Ξ
2325 3943 2421 4020 qui
2445 3940 2618 4001 etiam
2657 3929 2832 4002 hodie
2856 3939 3186 4001 Ecclesiam
3221 3942 3326 4003 Dei
3361 3929 3687 4022 perturbat,

319 4042 479 4102 πους,
533 4025 671 4082 ὥστε
728 4029 1098 4100 συνευδοκῆσαι
1160 4034 1325 4112 αὐτῷ,
1382 4037 1470 4091 καὶ
1512 4038 1675 4117 μέχρι
1731 4039 1816 4094 νῦν
1871 4039 1970 4105 τὴν

2055 4041 2115 4117 et
2146 4029 2535 4108 patriarcham
2567 4029 2881 4109 Ignatium,
2917 4029 3122 4108 illique
3153 4030 3523 4094 adhaerentes
3543 4034 3694 4095 into-

321 4109 649 4178 Ἐκκλησίαν
710 4124 800 4173 τοῦ
869 4127 1000 4176 Θεοῦ
1071 4109 1391 4202 συστρέφων,
1437 4126 1526 4180 καὶ
1585 4109 1824 4197 κολάζων
1882 4130 1973 4184 αὒ-

2051 4116 2312 4178 lerandis
2376 4118 2792 4179 cruciamentis
2843 4119 3074 4197 afﬂigit,
3136 4119 3241 4181 Dei
3270 4122 3693 4200 omnipotentis

321 4199 418 4255 τόν
449 4222 506 4256 τε
555 4205 644 4258 τὸν
700 4209 1039 4288 πατριάρχην
1084 4209 1337 4287 ’ίγνὰτιον
1393 4214 1481 4268 καὶ
1509 4215 1628 4278 τοὺς
1671 4217 1762 4270 σὺν
1831 4218 1971 4290 αὖτῷ

323 4287 606 4350 κολάσεσιν
687 4295 993 4375 ἀφορήτοις,
1066 4299 1202 4356 ἔστω
1302 4323 1359 4357 τε
1425 4309 1517 4358 10')
1576 4303 1971 4381 παντοδυνάμου

327 4375 533 4452 ἐξουσίᾳ
590 4389 742 4456 Θεοῦ,
803 4388 888 4442 καὶ
981 4388 1087 4444 τῶν
1169 4392 1438 4469 μακαρίων
1521 4392 1828 4451 ἀποστόλων
1885 4404 1972 4458 καὶ

329 4469 626 4547 κορυφαίων
680 4472 879 4553 Πέτρου
934 4478 1020 4533 καὶ
1087 4477 1318 4554 Παύλου,
1391 4482 1479 4536 καὶ
1574 4482 1785 4540 πάντων
1839 4487 1973 4559 ὁμοῦ
1995 4461 2037 4510 D

1937 4573 1946 4591 Ι

329 4559 440 4610 τῶν
491 4558 677 4635 ἁγίων,
770 4565 860 4620 καὶ
900 4571 1006 4621 τῶν
1059 4567 1246 4640 τιμίων
1290 4569 1378 4623 καὶ
1478 4570 1852 4629 οἶκουιιενικῶν
1923 4573 1973 4638 ἕξ

333 4643 562 4736 συνόδων
602 4649 836 4724 αὑθεντίᾳ
887 4654 1063 4721 πάσης
1118 4656 1384 4734 ἱερατικῆς
1441 4663 1604 4732 τιμῆς
1649 4662 1735 4716 καὶ
1766 4662 1972 4736 ὀνόμα-

329 4755 422 4796 10;
455 4733 756 4818 ἁλλότριος,
807 4745 894 4799 καὶ
935 4744 1129 4807 πάντὸς
1169 4733 1470 4822 τάγματος
1524 4745 1775 4826 κληρικοῦ
1830 4733 1970 4806 ἀπό-

328 4821 553 4892 ὅλητος.
590 4853 617 4884 ι
655 4835 750 4889 Καὶ
780 4841 943 4891 ταῦτα
986 4835 1082 4910 μὲν
1116 4834 1170 4890 ἐν
1223 4841 1292 4912 τῇ
1331 4845 1423 4893 τοῦ
1477 4838 1670 4895 πάππα
1712 4840 1974 4899 Νικολάου

333 4913 616 5007 ξπιστολῇ,
659 4919 724 4987 ἢν
757 4921 813 4977 ἐν
841 4923 976 5000 αὒτῇ
1013 4929 1083 5000 τῇ
1131 4924 1316 5001 πρώτῃ
1347 4927 1484 4982 κατὰ
1524 4929 1732 4986 Φωτίου
1759 4928 1974 5007 είσϐολῇ

331 5003 542 5100 ξκεῖνος
615 5008 893 5075 ἀπέλυσεν.
977 5012 1068 5071 Ἐν
1109 5017 1196 5077 οἷς
1253 5011 1307 5069 δὲ
1360 5017 1388 5070 ὁ
1479 5016 1660 5073 τούτου
1727 5003 1974 5100 διάδοχος

336 5089 611 5172 Ἀδριανὸς
639 5100 776 5154 κατὰ
800 5100 893 5156 106
935 5104 1090 5161 αἱ)τοῦ
1117 5101 1303 5181 γράιρει
1360 5104 1564 5161 Φωτίου
1620 5113 1784 5163 ταῦτα
1839 5089 1976 5165 κατὰ

332 5180 478 5246 λέξιν
547 5184 830 5263 εὑρίσκεται
863 5208 879 5226 ο
959 5211 983 5246 ι
1019 5193 1092 5248 Τὸ
1150 5180 1411 5270 συνέδριον
1465 5197 1564 5260 τῆς
1618 5197 1974 5269 ματαιότητος

332 5271 402 5326 τὸ
442 5272 544 5328 ὑπὸ
599 5278 804 5333 Φωτίου
871 5280 958 5335 καὶ
1011 5279 1103 5336 106
1156 5281 1484 5339 ὕπασπιστου
1527 5285 1684 5341 αὑτοῦ
1751 5285 1974 5365 Μιχαὴλ

332 5366 430 5416 τοῦ
513 5363 779 5430 Βασιλέως
846 5365 1009 5424 πάλαι
1061 5366 1115 5425 ἐν
1162 5370 1708 5452 Κωνσταντινουπόλει
1793 5363 1978 5452 τυρανο

333 5457 496 5514 νικῶς
554 5454 691 5509 κατὰ
751 5459 850 5522 τῆς
919 5453 1182 5532 αἰδεσίμου
1234 5459 1339 5512 τῶν
1399 5447 1670 5533 Ῥωμαίων
1741 5447 1976 5529 ’Νκκλη-

332 5540 450 5605 σίας
509 5543 598 5598 καὶ
659 5549 767 5599 τῶν
832 5546 1027 5616 ταύτης
1096 5547 1392 5619 προνομίων
1450 5550 1830 5631 συναθροισθὲν,
1904 5553 1978 5613 ὡς

330 5627 427 5698 τῆς
485 5629 736 5699 ἀληθείας
806 5633 993 5713 ἕχθρὸν
1050 5638 1136 5692 καὶ
1189 5634 1364 5702 πάσης
1441 5633 1786 5714 ψευδηγορίας
1815 5627 1974 5696 ⁷ἀνά.

2054 4207 2428 4281 auctoritate,
2457 4216 2514 4268 et
2545 4207 2850 4270 beatorum
2885 4207 3044 4267 Petri
3076 4217 3133 4267 et
3165 4209 3325 4268 Pauli
3359 4211 3690 4290 principum

2053 4298 2482 4376 apostolorum,
2518 4296 2902 4375 omniumque
2919 4307 3282 4374 sanctorum,
3317 4304 3373 4357 et
3399 4315 3692 4359 veneran-

2055 4383 2258 4445 darum
2278 4405 2378 4446 sex
2404 4385 2902 4446 meumenicarum
2925 4385 3475 4464 synodorum,omni
3501 4403 3696 4450 sacer-

2055 4474 2232 4536 dotali
2288 4476 2533 4545 honore,
2597 4484 2654 4534 et
2685 4473 2927 4534 nomine
2982 4473 3058 4532 sit
3112 4472 3363 4548 alienus,
3418 4483 3473 4536 et
3531 4477 3694 4537 omni

2056 4563 2368 4626 clericatus
2389 4563 2584 4624 ofﬁcio
2619 4581 2859 4642 prorsus
2892 4571 3162 4623 exutus.»
3199 4560 3268 4621 Et
3298 4563 3422 4623 haec
3453 4563 3692 4643 quidem

2057 4653 2436 4715 continentur
2465 4654 2525 4712 in
2556 4651 2780 4713 Nicolai
2816 4669 2978 4730 papa:
3025 4649 3292 4729 epistola,
3345 4671 3519 4731 quam
3569 4654 3692 4734 ille,

2057 4761 2188 4803 cum
2217 4742 2470 4822 primum
2496 4741 2757 4802 intrusus
2781 4748 2935 4800 esset
2955 4737 3215 4811 Photius,
3251 4739 3572 4818 scripserat
3599 4758 3610 4802 :
3641 4751 3699 4802 at

2057 4830 2118 4891 in
2149 4831 2243 4907 iis,
2297 4849 2442 4910 quas
2473 4830 2731 4908 scripsit,
2789 4827 2890 4908 qui
2939 4845 3074 4888 eum
3109 4827 3344 4906 excepit
3376 4829 3693 4905 Adrianus,

2056 4919 2338 4981 adversus
2362 4921 2636 4980 eumdem
2669 4917 2968 4990 Photium,
2995 4914 3174 4976 verba
3204 4917 3326 4976 haec
3355 4917 3648 4979 habentur
3681 4935 3695 4980 :

2063 5033 2090 5063 α
2124 5007 2412 5071 Vanitatis
2444 5006 2904 5070 conciliabulum
2939 5024 2972 5064 a
3003 5003 3301 5077 Photio,et
3321 5005 3450 5084 ejus
3475 5005 3701 5091 fautore

2060 5099 2345 5161 Michaele
2369 5098 2728 5178 imperatore
2752 5113 2856 5176 per
2881 5094 3085 5174 vim,et
3105 5094 3474 5174 tyrannidem
3496 5107 3703 5159 contra

2059 5187 2455 5248 venerandam
2477 5185 2798 5247 Romanam
2823 5181 3175 5256 Ecclesiam,
3203 5190 3262 5242 et
3285 5184 3416 5261 ejus
3438 5184 3700 5245 auctori-

2060 5284 2235 5338 tatem
2270 5294 2460 5356 nuper
2493 5271 3006 5350 L‘onstantiuopoli
3037 5272 3424 5352 coactum,uti
3444 5273 3704 5335 veritatis

2061 5364 2394 5442 inimicum,
2456 5372 2512 5423 et
2542 5361 2702 5422 omni
2757 5359 3007 5422 falsitate
3063 5359 3369 5432 refertum,
3405 5360 3703 5441 Ephesino

2062 5454 2148 5514 illi
2179 5451 2487 5513 latrocinio
2539 5467 2954 5529 comparamus
2985 5467 2998 5508 :
3039 5448 3336 5528 impiaque
3366 5460 3496 5510 acta
3520 5449 3706 5524 illius,

2061 5543 2400 5620 ubicunque
2414 5536 3010 5616 habeantur,penitus
3023 5536 3705 5600 abolendadecernimm

2059 5630 2298 5713 ignique
2331 5626 2637 5708 pabulum,
2670 5635 2726 5688 et
2754 5625 2898 5687 diris
2919 5624 3430 5688 exsecrationibus
3461 5626 3690 5686 devove
