4220 6292
346 277 473 345 329

1220 283 1322 344 ΑΒ
1368 279 1841 346 THEODORUM
1889 282 2229 346 SUGDfEIE
2273 281 2506 346 EPISC.
2554 281 2698 347 LIB.
2746 284 2850 348 IIl.

3604 279 3725 347 330

340 414 515 489 ἱεροῖς
572 412 792 488 δεσμοῖς
847 415 1032 490 μόνον,
1091 413 1226 470 ἀλλὰ
1311 417 1398 471 καὶ
1450 414 1751 478 πολιτικοῖς
1825 416 1991 494 ἐπαρ-

2079 435 2252 496 quam
2285 416 2424 477 odio
2457 417 2835 498 prosequitur
2863 425 2922 480 et
2952 416 3322 498 impietatem
3353 415 3717 497 propulsan-

341 515 487 576 κεῖν,
525 499 832 583 δΝᾶαενος,
881 505 968 559 καὶ
1026 505 1087 559 τὸ
1144 501 1368 558 ἄτακτον
1424 505 1495 565 εἷς
1551 503 1693 568 τοίΞιν
1723 502 1994 578 μεταϐάλ-

341 588 482 652 λειν,
582 594 745 657 Οὗτος
833 595 862 648 ὁ
931 592 1361 672 κεχαριτωμένος
1448 597 1547 659 τῆς
1622 583 1836 668 Ῥώμης
1893 594 1993 670 ἆρ-

341 681 558 759 χιερεὺς
631 679 715 736 διὰ
769 687 872 737 τῶν
919 683 1075 738 αὑτοῦ
1129 677 1544 737 θεοσεϐεστάτων
1582 683 1670 738 καὶ
1715 680 1996 760 περιδόξων

339 772 729 848 τοπστηρητὼν
819 769 1051 849 Παάλου,
1123 771 1210 826 καὶ
1281 770 1546 849 Εὑγενίου,
1627 771 1715 826 καὶ
1802 771 1995 849 Πέτρου

336 863 452 913 τῶν
537 857 827 937 ἀρχιερέων
907 861 996 915 καὶ
1099 858 1276 936 ἱερέων
1377 867 1508 916 Θεοῦ
1589 862 1643 915 ἓν
1726 861 1795 934 τῇ
1876 859 1994 916 καθ’

335 947 487 1019 ἡμᾶς
544 945 742 1019 συνόδρ
824 948 1288 1027 παραγεγονότων,
1361 949 1432 1013 ὡς
1488 950 1522 1016 ἡ
1579 947 1834 1016 καθολικὴ
1902 956 1995 1005 τοῦ

335 1041 478 1090 Θεοῦ
533 1033 847 1109 Ἐκκλησία,
879 1039 966 1092 καὶ
1007 1038 1054 1092 οἱ
1097 1039 1198 1114 πρὸ
1243 1036 1399 1093 αὑτοῦ
1453 1043 1552 1104 τῆς
1611 1029 1823 1112 Ῥώμης
1893 1038 1992 1116 ἆρ-

337 1137 572 1202 χιερεϊς,
644 1126 707 1180 τὸ
762 1129 860 1192 τῆς
917 1125 1141 1188 πίστεως
1215 1123 1610 1204 ἂποδεχόμενος
1695 1123 1988 1205 Σύμϐολον,

335 1213 535 1288 γνώμῃ
579 1215 666 1268 καὶ
729 1212 948 1290 γλώσσῃ
1006 1215 1092 1269 καὶ
1149 1214 1334 1292 χερσὶν
1392 1215 1562 1292 ἱεραῖς
1605 1215 1710 1270 τῶν
1768 1214 1986 1292 εἰρημέ-

335 1323 446 1355 νων
530 1303 989 1382 περιφανεστάτων
1083 1304 1171 1358 καὶ
1225 1303 1525 1376 θαυμασίων
1595 1301 1792 1381 ἀνδρῶν
1853 1303 1986 1359 ὑπέ-

329 1389 510 1467 γραψέ
584 1412 641 1445 τε
706 1392 792 1446 καὶ
877 1390 1316 1470 ἐπεσφραγίσατο.
1394 1415 1420 1446 ι
1510 1398 1682 1449 Ταῦτα
1765 1389 1986 1468 λέγοντα

331 1479 533 1533 οὑτωσὶ
591 1480 913 1557 εὑρίσκοντες
983 1480 1191 1535 Φώτιον
1246 1481 1292 1536 οἱ
1347 1481 1475 1555 πρὸς
1531 1479 1617 1544 οὒς
1645 1481 1806 1554 ημεῖς
1865 1482 1984 1544 τοὺς

2078 506 2210 566 dam
2247 505 2518 586 idoneus,
2547 514 2605 566 et
2628 526 2738 568 nec
2765 507 2952 568 sacris
2975 505 3302 567 canonibus
3333 513 3584 579 tantum,
3615 503 3721 566 sed

2078 600 2137 654 et
2166 595 2439 656 civilibus
2471 595 2699 673 legibus
2727 615 2898 676 opem
2933 595 3112 670 ferre,
3143 603 3200 656 et
3230 595 3388 675 quod
3417 594 3722 657 inordina-

2077 691 2198 744 tum
2225 691 2336 756 est,
2370 685 2430 744 in
2463 685 2733 746 ordinem
2790 685 3084 764 redigere,
3122 684 3439 764 plurimum
3484 691 3718 764 potens.

2076 768 2185 831 Hic
2209 772 2497 850 gratiosus
2519 774 2821 836 Romanus
2849 773 3108 853 pontifex
3132 790 3238 852 per
3254 790 3397 834 suos
3422 771 3721 850 piissimos

2077 867 2128 919 et
2145 860 2602 935 gloriosissimos
2616 860 3716 940 locumtenentesPaulum,Eugenium,

2077 956 2133 1008 et
2164 947 2400 1010 Petrum
2437 950 2746 1029 prmsules,
2783 959 2840 1011 et
2871 950 3212 1012 sacerdotes
3240 949 3364 1022 Dei,
3389 948 3490 1029 qui
3520 948 3580 1008 in
3612 967 3719 1009 no-

2075 1045 2252 1097 stram
2269 1038 2555 1117 synodum
2586 1037 3444 1119 convenere,quemadmodum
3474 1036 3717 1098 catholi-

2075 1125 2608 1201 caDeiEcclesia,et
2634 1129 3103 1206 praedecessores
3124 1126 3508 1206 ejusRomani
3525 1127 3716 1206 ponti-

2068 1215 2234 1284 ﬁces,
2262 1214 2606 1293 Symbolum
2645 1215 2782 1276 ﬁdei
2815 1224 3152 1296 acceptans,
3181 1224 3380 1276 mente
3402 1222 3460 1276 et
3489 1214 3710 1296 lingua,

2067 1303 2371 1383 sacrisque
2405 1303 2696 1364 dictorum
2728 1303 3293 1383 illustrissimorum,
3319 1310 3376 1364 et
3404 1303 3710 1364 admiran-

2067 1391 2275 1452 dorum
2307 1393 2612 1452 hominum
2640 1393 2916 1454 manibus
2938 1392 3310 1471 subscripsit,
3347 1399 3401 1452 et
3425 1390 3712 1471 obsigna-

2066 1480 2169 1543 vit.
2212 1507 2235 1536 ι)
2271 1480 2409 1542 Haec
2440 1501 2572 1542 cum
2600 1482 2899 1542 inveniant
2922 1481 3192 1542 Photium
3215 1479 3572 1541 scribentem
3597 1480 3708 1556 illi,

327 1563 525 1642 λογους
574 1569 878 1641 ποιούμεθα,
954 1566 1158 1624 οἴονται
1211 1573 1308 1634 τῆς
1369 1566 1562 1648 ἔχθρας
1633 1569 1730 1636 τὴν
1775 1570 1984 1646 εἰρήνην

2069 1587 2199 1629 cum
2233 1570 2447 1650 quibus
2480 1569 2649 1631 nobis
2680 1589 2877 1632 sermo
2909 1570 3347 1650 est,opinuntur
3369 1568 3712 1631 inimicitias

375 1655 391 1675 τ
437 1657 446 1665 ⁵
582 1656 595 1672 ἱ
794 1656 802 1667 '
1273 1655 1295 1673 λ
1325 1658 1336 1674 \
1481 1658 1493 1674 ‘
1686 1665 1708 1674 υ
1861 1657 1870 1675 Ι

330 1675 494 1709 αυτον
573 1655 1007 1730 ανταλλαξασθαι,
1110 1658 1172 1711 τὸ
1268 1673 1350 1712 οια
1419 1679 1536 1720 τους
1621 1679 1712 1714 του
1792 1679 1985 1713 παππα

2068 1677 2204 1718 cum
2239 1678 2382 1738 pace
2414 1669 2831 1733 commutasse,
2865 1659 3020 1739 quod
3053 1677 3217 1738 papae
3239 1658 3482 1720 Joannis
3506 1657 3585 1733 pii
3613 1657 3707 1720 lo-

330 1737 583 1798 ’ίωᾶννου
633 1742 900 1806 θεοσεϐεῖς
956 1745 1329 1824 τοποτηρητᾶς
1371 1747 1432 1800 τὸ
1487 1743 1611 1825 δίχα
1673 1751 1764 1812 τῆς
1813 1767 1983 1824 προσ-

2066 1765 2201 1808 cum
2235 1737 2756 1828 tenentes,absque
2782 1737 3273 1828 additione,quod
3301 1746 3454 1826 apud
3480 1765 3588 1808 nos
3611 1747 3703 1810 le-

329 1831 506 1898 θήκης
578 1832 1071 1910 ἆναγινωσκόμενον
1164 1831 1288 1910 παρ’
1378 1835 1512 1907 ἡμῖν
1602 1839 1699 1901 τῆς
1756 1837 1983 1896 πίστεως

2061 1836 2238 1913 gitur,
2273 1835 2612 1916 Symbolum
2645 1836 3130 1915 subscripserint,
3156 1844 3214 1896 et
3238 1835 3701 1912 obsignaverint.

329 1917 608 2005 Σύμϐολον
677 1922 978 1998 ὑπογράψαι
1047 1944 1103 1977 τε
1181 1924 1268 1977 καὶ
1345 1922 1834 2002 ἒπισιρραγίσασὺαι.
1906 1924 1976 1980 Τὸ

2061 1926 2191 1986 Hoc
2226 1944 2360 1985 vero
2389 1944 2563 1985 nemo
2599 1943 2666 1986 ex
2698 1925 2792 2004 iis,
2828 1925 2926 2005 qui
2958 1924 3027 1984 ad
3059 1923 3214 1984 bene
3246 1924 3702 2002 conjectandum

328 2004 380 2060 δ’
441 2010 533 2064 οὑκ
591 2007 651 2063 ἄν
705 2031 785 2074 τις
840 2017 945 2065 τῶν
993 2007 1282 2072 ειὺθδόόλως
1371 2009 1670 2066 ἐπιϐάλλειν
1742 2009 1973 2089 εἰδότων,

2061 2007 2259 2073 idonei
2292 2013 2629 2084 sunt,facile
2646 2012 2759 2072 sibi
2789 2004 3154 2074 credendum
3179 2021 3700 2091 proponeret,cum

327 2093 509 2170 ῥᾴδιον
567 2098 640 2160 εἷς
708 2100 880 2154 πίστιν
949 2100 1214 2174 ἡγήσαιτο
1280 2101 1398 2154 επεὶ
1451 2098 1587 2174 μηδὲ
1656 2097 1974 2174 δογματικός

2063 2119 2174 2161 nec
2203 2101 2533 2179 dogmatica
2567 2101 2686 2162 ulla
2733 2100 2918 2161 oratio
2950 2102 3009 2161 in
3058 2119 3126 2161 ea
3155 2099 3402 2179 synodo,
3433 2118 3564 2174 qua
3595 2120 3700 2180 pro

325 2205 415 2246 τις
471 2183 630 2262 λόγος
668 2189 724 2241 ἓν
777 2193 846 2262 τῇ
905 2188 1033 2265 πρὸς
1092 2189 1303 2266 εἰρήνην
1334 2188 1590 2264 γενολένῃ
1635 2188 1753 2243 τότε
1785 2186 1980 2262 συνόδῳ

2061 2208 2206 2269 pace
2235 2189 2553 2250 sancienda
2584 2197 2785 2251 coacta
2808 2188 3357 2269 fuerat,reperiatur
3373 2188 3550 2249 edita.
3581 2189 3700 2252 Sed

326 2272 623 2349 εὒρίοκεται
721 2278 974 2348 κινηθεὶς,
1062 2275 1178 2331 ἀλλ’
1284 2276 1558 2355 ἐπίκρυψις
1655 2284 1806 2332 τοῦτο
1879 2281 1975 2342 τῆς

2061 2295 2211 2339 verae
2241 2297 2433 2339 causa
2485 2277 2629 2339 illud
2685 2287 2809 2338 erat
2866 2277 3212 2356 occultatio,
3246 2285 3489 2356 pr0pter
3519 2297 3698 2359 quam

325 2358 559 2426 ἀληθοῦς
615 2361 680 2428 ἧν
753 2364 944 2438 αἰτίας,
1015 2363 1131 2420 καθ’
1213 2365 1280 2430 ἦν
1346 2367 1380 2432 ἡ
1441 2366 1576 2420 κατὰ
1630 2365 1806 2430 πάσης
1877 2369 1974 2431 τῆς

2061 2385 2191 2427 cum
2224 2366 2496 2427 universa
2522 2368 2785 2427 Romana
2832 2365 3096 2428 Ecclesia
3125 2365 3453 2426 simultates
3480 2358 3550 2428 ac
3578 2368 3698 2429 ini-

328 2442 646 2526 Ῥωμαϊκῆς
731 2451 1052 2520 Ἐκκλησίας
1121 2454 1328 2534 ἀνήφθη
1384 2462 1460 2529 τῷ
1515 2457 1704 2529 Φωτίῳ
1777 2453 1972 2529 δυσμέ-

2061 2454 2298 2516 micitize
2329 2454 2534 2515 Photio
2566 2463 2784 2516 exortae
2817 2455 3068 2517 fuerant.
3099 2455 3245 2517 Cum
3275 2453 3430 2514 enim
3453 2473 3696 2520 verere-

325 2559 469 2600 νεια.
545 2544 644 2598 Τὸν
703 2543 801 2621 γᾶρ
875 2541 926 2606 ἐξ
982 2543 1226 2598 ἁπάντων
1256 2545 1420 2620 ψόγον
1449 2543 1782 2621 ὑφορώμενος
1843 2543 1971 2598 Φώ-

2061 2551 2166 2604 tur.
2183 2562 2256 2604 ne
2275 2543 2538 2604 omnium
2562 2543 3096 2622 reprehensionem
3122 2542 3479 2618 incurreret,
3512 2545 3694 2628 quod,

322 2649 443 2692 τιος
472 2628 556 2707 ἔθ’
614 2634 695 2695 οἷς
749 2637 840 2686 τοῦ
885 2631 979 2706 μὲν
1037 2632 1230 2686 πάππα
1274 2630 1534 2688 Νικολάοῦ
1562 2633 1638 2706 μὴ
1682 2632 1970 2710 προσιεμέ-

2061 2651 2191 2692 cum
2218 2652 2364 2711 papa
2385 2652 2518 2693 eum
2547 2631 2819 2693 Nicotaus
2841 2652 2958 2693 non
2980 2632 3335 2711 admitteret,
3370 2631 3696 2697 Romanam

320 2739 420 2772 νου
493 2720 668 2797 αὑτὸν,
728 2725 900 2774 πᾶσαν
939 2719 1038 2787 τήν
1101 2712 1408 2796 Ῥωμαϊκὴν
1465 2717 1783 2786 Ἐκκλησίαν
1839 2723 1968 2797 πρὸς

2061 2722 2383 2783 Ecclesium
2419 2723 2750 2782 universam
2773 2721 2830 2782 in
2860 2720 3088 2782 Numen
3111 2721 3689 2804 injuriam,impiam,

321 2807 394 2860 τὸ
441 2808 583 2862 θεῖον
667 2805 1043 2885 ἐξυϐρίζουσαν,
1116 2810 1204 2864 καὶ
1259 2806 1568 2882 ἀσεϐοῦσαν,
1639 2810 1724 2863 καὶ
1793 2831 1968 2887 παρα-

2061 2818 2112 2870 et
2145 2810 2336 2887 legum
2389 2810 2642 2870 maxime
2693 2810 3245 2888 praevaricatricem,
3281 2821 3693 2892 nuncuparet;

327 2902 594 2968 νομοῦσαν
647 2898 713 2954 τὰ
768 2897 974 2976 ἔσχατα
1032 2897 1282 2953 ἀπεκάλει
1325 2897 1418 2953 τοῦ
1445 2896 1497 2952 δὲ
1543 2898 1735 2952 πάππα
1783 2897 1970 2954 Ἰωάν-

2061 2905 2116 2958 et
2147 2916 2278 2957 cum
2317 2917 2464 2977 papa
2520 2897 2782 2959 Joannes
2835 2899 2895 2960 in
2926 2899 3202 2959 thronum
3238 2900 3690 2978 patriarchalem

324 3005 425 3038 του
507 2994 607 3050 τὴν
677 2987 746 3050 εἷς

324 3070 514 3127 τούτου
585 3071 1058 3152 ἐπευδοκήσαντος,
1118 3073 1268 3150 ἁγίαν
1322 3073 1518 3138 ταύτην
1584 3075 1671 3129 καὶ
1715 3071 1973 3137 εὐσεϐείας

327 3156 642 3216 διδάσκαλον
702 3161 1047 3241 ,ἰνεκήρυττεν
1118 3163 1294 3239 ὥσπερ
1343 3164 1457 3217 τινὰ
1507 3161 1792 3239 ἀπολογίαν
1846 3163 1974 3241 ὑπὲρ

323 3245 428 3312 τῆς
485 3250 616 3326 πρὸς
673 3251 762 3305 τὸν
832 3252 1053 3306 πάππαν
1112 3249 1360 3316 Ἰωάνδην
1417 3251 1628 3328 εἰρήνης
1672 3247 1973 3326 προϐάλλε-

325 3357 417 3391 ται
458 3338 517 3391 τὸ
565 3334 648 3392 διὰ
705 3344 809 3393 τῶν
859 3337 1056 3394 ἐκείνου
1097 3339 1475 3417 τοποτηρητῶν
1532 3340 1593 3393 τὸ
1621 3343 1718 3404 τῆς
1749 3338 1972 3402 πίστεως

321 3423 532 3480 ἐκεῖνον
632 3425 972 3491 ἀποδέξασθαι
1070 3423 1353 3500 σύμςολον,
1439 3427 1525 3482 καὶ
1611 3426 1798 3504 γνώμη
1885 3428 1971 3482 καὶ

319 3511 546 3590 γλώσσῃ
601 3515 690 3569 καὶ
739 3517 922 3594 χερσὶν
978 3517 1146 3582 ἱεραῖς
1199 3516 1303 3569 τὼν
1364 3516 1610 3570 τοιούτων
1681 3537 1968 3595 περιφανε-

319 3603 532 3657 στάτων
624 3604 710 3658 καὶ
779 3605 1076 3678 θαυμασίων
1171 3601 1368 3682 ἀνδρῶν
1461 3605 1758 3682 ὑπογράψαι
1845 3605 1969 3660 αὑτὸ

317 3693 414 3747 καὶ
480 3692 974 3771 ἐπισφραγίσασθαι,
1051 3699 1214 3750 Τοῦτο
1298 3689 1351 3746 δὲ
1413 3693 1549 3749 οὕτω
1618 3696 1970 3763 πεποιήκασιν

321 3780 494 3852 οὗτοι,
555 3778 638 3834 διὰ
707 3783 769 3836 τὸ
837 3783 926 3837 καὶ
997 3782 1115 3846 τοὺς
1185 3781 1284 3858 πρὸ
1341 3789 1431 3838 τοῦ
1489 3783 1680 3838 πάππα
1725 3779 1969 3838 Ἰωάννου

318 3872 416 3924 τὸν
475 3867 913 3935 ἐκκλησιαστικὸν
989 3875 1088 3936 τῆς
1150 3861 1359 3944 Ῥώμης
1417 3871 1596 3949 θρόνον
1653 3878 1970 3944 κοσμοῦντες

314 3960 386 4015 τὸ
446 3960 651 4014 τοιοῦτο
736 3957 1010 4032 Σύμϐολον
1070 3957 1217 4036 ἅγιον
1287 3960 1374 4014 καὶ
1433 3957 1692 4022 εὐσεϐείας
1773 3959 1970 4037 πλῆρες

319 4047 638 4124 ὁμολογεῖν.
712 4036 891 4125 ΗΟτιτερ
952 4048 1040 4102 οὖν
1082 4051 1169 4102 καὶ
1225 4049 1271 4102 οἱ
1343 4046 1394 4112 ἐξ
1452 4047 1648 4103 ἐκείνου
1679 4047 1840 4126 μέχρι
1884 4036 1974 4104 τοῦ

319 4142 414 4192 νῦν
487 4137 574 4191 καὶ
643 4135 833 4212 γνώμη
893 4135 1163 4214 στέργουσι
1231 4137 1319 4192 καὶ
1372 4135 1588 4213 γλώσσῃ
1673 4136 1962 4213 ἀνακηρύτ-

321 4245 499 4283 τουσι.
547 4225 644 4280 Καὶ
687 4221 944 4287 ἀπόδειξίς
991 4246 1080 4298 μοι
1135 4230 1227 4280 τοῦ
1284 4223 1444 4302 λόγου
1504 4225 1564 4279 τὸ
1593 4229 1698 4280 τῶν
1731 4227 1967 4302 Εὐαγγε-

321 4312 455 4368 λίων
499 4311 913 4391 ἀμεταποίητον,
978 4313 1065 4367 καὶ
1121 4318 1264 4367 πᾶσα
1295 4312 1469 4390 γραφή
1501 4312 1756 4391 πατρική,
1817 4314 1850 4379 ἡ
1907 4314 1968 4368 τὸ

322 4407 540 4474 Πνεῦμιο
621 4399 847 4477 λέγουσα
916 4400 976 4457 ἐκ
1056 4403 1260 4481 Πατρὸς
1341 4401 1730 4479 ἐκπορεύεσθαι,
1812 4399 1936 4480 δίχα
2017 4403 2320 4476 προσθήκης

319 4488 747 4568 ὁμολογουμένη,

845 2987 936 3041 τόν
1005 2987 1392 3064 πατριαρχικὸν
1447 2986 1628 3063 θρόνον
1683 2984 1998 3064 καθίδρυσιν⁴

2061 2976 2420 3046 restitutioni
2454 2985 2611 3046 illius
2657 3005 2965 3047 assensum
3017 2976 3387 3066 praebuisset,
3422 2989 3692 3051 eamdem

2058 3084 2320 3135 sanctam
2348 3084 2403 3134 et
2427 3074 2659 3152 pietatis
2682 3076 3016 3154 magistram
3046 3074 3527 3154 prmdicaret,pro
3551 3095 3695 3156 pace

2057 3181 2189 3222 cum
2215 3161 2442 3223 Joanne
2475 3161 2815 3240 inita,quasi
2845 3163 3175 3243 apologiam
3209 3171 3552 3236 contexens,
3590 3183 3696 3244 per

2059 3269 2195 3310 suos
2218 3251 2688 3311 locumteno-ntes
2707 3249 2996 3312 Joannem
3015 3250 3688 3329 accepisseSymbolum.

2059 3347 2115 3399 et
2147 3348 2366 3412 monte,
2404 3348 2459 3399 et
2493 3340 2712 3417 lingua,
2751 3350 2810 3400 et
2861 3339 3044 3402 sacris
3074 3339 3604 3402 illustrissimorum
3636 3352 3694 3407 et

2053 3427 2564 3507 admirandorum}
2587 3428 2891 3488 hominum
2938 3427 3210 3488 manibus
3239 3427 3688 3514 subscripsisse,

2053 3516 2535 3596 obsignasseque.
2570 3515 2692 3577 Hoc
2719 3527 2911 3578 autem
2946 3517 3027 3578 ila
3058 3516 3150 3576 isti
3176 3518 3693 3596 perfecere,veluti

2053 3605 2148 3684 qui
2165 3612 2300 3664 ante
2319 3607 3149 3683 papamJoannemliomanam
3166 3608 3366 3667 sedem
3380 3617 3687 3686 ornarunt,

2053 3693 2164 3754 hoc
2192 3701 2455 3753 sanctum
2489 3693 2918 3774 Symbolum,et
2939 3695 3152 3773 pietate
3174 3699 3413 3774 plenum
3445 3698 3688 3776 profite-

2056 3781 2289 3860 bantur,
2316 3783 2481 3861 etqui
2507 3791 2636 3862 post
2659 3802 2791 3843 eum
2815 3783 2884 3843 ad
2913 3784 3036 3843 haec
3054 3801 3239 3863 usque
3263 3791 3528 3863 tempora
3550 3803 3690 3847 suc-

2057 3888 2310 3942 cessere,
2348 3881 2404 3930 et
2435 3881 2631 3931 mente
2665 3871 3122 3950 amplectuntur.
3157 3879 3214 3932 et
3246 3871 3441 3951 lingua
3469 3873 3694 3954 deprae-

2057 3956 2279 4020 dicant.
2314 3957 2382 4018 Et
2411 3959 2627 4019 dictum
2664 3979 2857 4021 meum
2895 3960 3328 4021 demonstrabit
3358 3959 3697 4039 Evangelio-

2058 4066 2190 4106 rum
2250 4048 2409 4107 nulla
2467 4049 2615 4109 facta
2672 4047 3079 4120 commutatio,
3137 4057 3195 4111 et
3225 4049 3424 4109 omnia
3459 4053 3694 4111 Patrum

2055 4135 2433 4214 scripta.quze
2462 4136 2745 4215 Spiritum
2779 4137 3014 4196 tradunt
3045 4156 3114 4197 ex
3165 4135 3335 4198 Patre
3368 4139 3694 4215 procedere

2053 4222 2280 4302 absque
2312 4224 2613 4286 additione
2645 4225 2764 4285 ulla
2799 4241 2868 4284 ea
2895 4225 3051 4305 apud
3085 4223 3218 4286 illos
3243 4226 3314 4286 ad
3347 4225 3504 4286 hunc
3533 4226 3692 4288 diem

2053 4321 2110 4372 et
2140 4311 2281 4390 legi,
2317 4321 2375 4373 et
2401 4313 2737 4392 approbari.

2419 4402 2540 4480 παρ’
2628 4404 2809 4464 αὑτοῖς
2895 4403 2981 4456 καὶ
3056 4401 3526 4479 ἀναγινωσκομένη
3605 4409 3692 4464 καὶ

406 4570 474 4638 ε’.
524 4579 726 4658 Μέχρις
783 4576 904 4651 ὧδε,
969 4576 1113 4642 ὅπως
1183 4580 1271 4636 καὶ
1356 4577 1459 4635 ἀπὸ
1530 4580 1699 4653 μόνης
1742 4579 1998 4656 ἱστορίαςῑ

2131 4577 2187 4637 5.
2220 4576 2476 4644 Modum.
2507 4597 2622 4658 quo
2663 4577 2752 4637 vel
2779 4596 2847 4638 ex
2874 4577 2998 4638 sola
3025 4575 3271 4638 historia
3294 4576 3514 4655 poteris
3540 4595 3688 4638 con-

323 4670 475 4727 ἔσται
544 4693 625 4726 σοι
694 4666 1004 4724 ἀντιϐαίνειν
1047 4681 1164 4731 τοτς
1207 4669 1343 4723 κατὰ
1384 4669 1446 4724 τὸ
1488 4669 1748 4724 πείθεσθαι
1781 4669 1972 4741 Φωτίῳ

321 4757 686 4836 ἀντιλέγουσιν
748 4759 882 4832 ἡμῖν
941 4755 1222 4836 παραδοὺς,
1299 4757 1487 4834 ὰπάρτι
1567 4760 1650 4813 καὶ
1706 4758 1798 4812 τὸν
1867 4756 1970 4812 ἀπὸ

321 4855 434 4905 τῶν
492 4847 709 4924 Γραφῶν
767 4847 901 4902 κατὰ
957 4847 1017 4901 τὸ
1087 4846 1299 4911 σύνηθες
1357 4847 1641 4924 προσθήσω
1687 4867 1768 4901 σοι
1813 4844 1967 4922 ’ἐλεγ-

322 4958 454 5018 χον,
508 4935 628 5015 Ἐφ’
688 4938 795 5013 οἷς,
857 4937 929 4997 ὡς
998 4937 1054 4990 ἓν
1111 4947 1226 4996 τοῖς
1285 4941 1370 4990 νῦν
1421 4933 1558 5008 ἡμῖν
1587 4932 1969 5008 διακομισθεῖσι

321 5006 630 5094 ἓεδήλωκας
692 5006 1018 5102 γράμμασιν,
1065 5026 1111 5078 οἱ
1168 5031 1243 5097 τῷ
1289 5023 1429 5084 αὑτῷ
1466 5006 1660 5098 -Φωτῖῳ
1715 5006 1967 5096 πειθόμε-

323 5138 406 5172 νοι
464 5113 730 5192 λέγουσιν,
787 5115 950 5175 Οὗτος
1011 5113 1098 5168 καὶ
1152 5114 1250 5190 γὰρ
1278 5114 1366 5168 επὶ
1417 5111 1642 5174 πολλαῖς
1686 5119 1792 5168 τῶν
1834 5134 1970 5189 γρα-

322 5211 495 5284 φικὼν
558 5203 763 5279 ῥήσσων
832 5200 1139 5264 ἂπεναντίας
1189 5215 1310 5266 ταῖς
1382 5207 1490 5257 τῶν
1549 5200 1794 5280 Πατέρων
1847 5204 1970 5256 θεο-

322 5293 527 5371 λογίαις
601 5291 722 5356 τοὺς
790 5291 1016 5353 οῦκείους
1099 5292 1287 5369 Λόγους
1345 5292 1698 5368 προενεγκῶν,
1763 5296 1972 5363 Πνεῦμα

321 5389 551 5459 Χριστοῦ
592 5381 656 5436 τό
713 5378 863 5456 ἅγιον
919 5377 1158 5457 λέγεσθαί
1211 5401 1347 5459 φησι
1399 5385 1631 5452 Πνεῦμα,
1694 5377 1773 5434 ὅτι
1829 5379 1970 5456 χρίει

317 5474 496 5532 αὑτόν.
581 5471 679 5527 Καὶ
739 5467 901 5545 μέγρι
956 5469 1139 5523 τούτου
1186 5466 1362 5528 καλῶς
1393 5467 1608 5544 περάγει
1637 5467 1729 5522 τὸν
1785 5466 1967 5543 λόγον,

318 5553 449 5620 ’Ότι
509 5558 567 5616 δὲ
626 5555 790 5614 ἄλλον
848 5556 1039 5634 τρόπον
1095 5555 1333 5634 λέγεσθαι
1367 5562 1459 5612 τοῦ
1493 5562 1716 5635 Χριστοῦ
1736 5553 1878 5633 λέγει
1927 5558 1969 5611 ξε

975 5691 1234 5753 Ριτιοι..
1280 5689 1394 5753 Gn.
1441 5687 1644 5752 CXLI-

2055 4666 2346 4726 tratlicere
2403 4665 2498 4737 iis,
2533 4665 2632 4745 qui
2665 4665 2866 4726 Photio
2902 4667 3076 4727 ﬁdem
3114 4665 3490 4742 adhibentes,
3520 4665 3692 4726 nobis

2053 4753 2456 4820 a'lversantur.
2493 4773 2626 4813 cum
2654 4755 2776 4833 jam
2815 4754 3223 4834 exposuerim:
3273 4773 3430 4814 nunc
3453 4763 3510 4813 et
3539 4755 3692 4814 scri-

2057 4842 2167 4920 ptis
2204 4843 2557 4902 testimoniis
2591 4863 2693 4922 pro
2721 4863 2882 4904 more.
2904 4842 3320 4904 refutationem
3353 4841 3410 4901 in
3431 4844 3690 4904 medium

2053 4931 2288 4990 afferam
2319 4949 2707 5011 eorunt,qua3,
2745 4941 2804 4993 ut
2837 4932 2893 4992 in
2928 4933 3040 4992 tuis
3069 4932 3139 4991 ad
3168 4949 3274 4991 nos
3306 4950 3462 4991 nunc
3492 4931 3692 4993 reddi-

2056 5023 2127 5083 tis
2158 5023 2366 5082 litteris
2397 5023 2766 5104 signiﬁcasti,
2799 5024 2899 5105 qui
2921 5025 3129 5086 Photio
3154 5023 3326 5084 fidem
3353 5041 3468 5084 non
3500 5023 3692 5084 dene-

2053 5120 2208 5188 gant,
2249 5113 2602 5190 producunt.
2663 5112 2772 5174 Hic
2805 5113 3024 5174 etenim
3051 5113 3108 5172 in
3143 5111 3441 5192 plerisque
3472 5113 3692 5193 scripto

2056 5199 2281 5259 traditis
2311 5203 2622 5262 sententiis
2675 5201 2908 5262 Patrum
2946 5200 3291 5277 tlteologicis
3341 5201 3698 5263 testimoniis

2055 5309 2124 5351 ex
2149 5291 2392 5351 adverso
2426 5292 2695 5372 proprios
2711 5311 3020 5353 sermones
3042 5290 3694 5373 producens,Spiritum

2053 5385 2322 5439 sanctum
2357 5379 2576 5439 Christi
2609 5380 2727 5440 dici
2758 5389 3074 5451 esst-verat,
3107 5380 3264 5460 quod
3294 5381 3488 5461 ipsum
3513 5381 3695 5442 inun-

2053 5475 2235 5544 gat.et
2259 5467 2350 5526 his
2374 5467 2489 5527 huc
2535 5487 2724 5548 usque
2745 5478 2904 5530 recte
2926 5471 3212 5530 rationem
3241 5470 3495 5549 explicat
3521 5487 3536 5532 :
3560 5489 3696 5531 cum

2051 5573 2190 5616 vero
2219 5555 2334 5617 alio
2366 5556 2541 5618 modo
2567 5557 2686 5620 dici
2715 5557 3001 5639 Spiritum
3023 5557 3241 5621 Christi
3269 5559 3544 5634 afﬁrmat,
3579 5555 3696 5618 alio

3225 5692 3290 5755 11
