4220 6292
582 340 690 409 331

580 561 840 642 positio:
903 559 1127 623 etenim
1187 560 1238 621 si
1287 558 1660 620 solummodo
1717 575 1784 619 ea
1827 555 2080 637 ratione,
2117 575 2230 636 qua

580 649 848 715 Christus
877 647 1098 725 carnis,
1132 655 1192 709 et
1245 647 1551 728 sanguinis
1582 646 1874 726 particeps
1905 648 2087 706 factus
2115 653 2225 720 est,

584 748 642 800 et
672 737 974 800 hominem
1033 737 1378 816 assumpsit,
1415 735 1654 816 proprio
1683 734 1964 796 inunctus
1993 733 2224 813 spiritu,

583 826 808 888 dictum
839 843 1137 899 asserens,
1178 849 1205 879 α
1239 823 1456 888 Christi
1502 822 1811 904 Spiritum,
1849 845 1875 881 ›
1913 839 2226 886 assumen-

581 915 721 978 dum
753 923 863 988 est,
895 933 1009 996 qua
1025 932 1160 976 vero
1183 931 1252 975 ex
1278 921 1499 975 aeterno
1522 920 1611 974 est
1640 911 1818 984 Deus,
1854 912 2227 986 nullatenus;

580 1002 1012 1079 retributionis,
1045 1011 1104 1064 et
1133 1011 1351 1063 mutuae
1371 1001 1620 1064 duarum
1647 999 1862 1064 Christi
1886 1006 2226 1062 naturarum

582 1091 1138 1156 communicationis
1201 1091 1443 1152 modum
1498 1089 1729 1150 inﬁcias
1759 1088 1950 1150 iverit.
1987 1087 2226 1150 Pravam

580 1182 736 1244 hanc
764 1179 1315 1260 interpretationem
1347 1177 1646 1258 Nyssenus
1695 1196 1932 1258 quoque
1971 1177 2226 1253 refellat,

580 1270 812 1346 dicens,
852 1293 879 1324 α
904 1267 1191 1348 Spiritum
1225 1284 1296 1327 ex
1341 1265 1490 1326 Filio
1550 1283 1681 1326 esse
1737 1265 2053 1344 astipulatu
2085 1285 2230 1326 con-

585 1358 874 1420 ﬁrmatur.
923 1381 951 1412 ι»
989 1355 1321 1433 Probatque
1351 1354 1464 1415 hoc
1493 1352 1745 1434 apostoli
1773 1353 1969 1414 dicto:
2011 1351 2229 1423 «Quis-

587 1445 726 1613 quis(
767 1443 1064 1608 )Spiritum
1119 1441 1337 1504 Christi
1394 1460 1514 1504 non
1560 1441 1758 1516 habet,
1814 1441 2081 1522 hiclejus
2112 1461 2229 1503 non

587 1542 676 1596 est
733 1541 756 1595 1
791 1580 807 1596 .
841 1553 870 1594 ›

585 1542 676 1596 est
705 1541 807 1596 (ι).
841 1553 870 1594 )

663 1715 724 1777 6.
757 1709 1133 1790 Rursumque
1161 1704 1881 1787 idem,Spiritum}Christi
1911 1715 2076 1769 vocat
2097 1706 2227 1788 Spi-

1679 338 1889 404 ΙΟΑΝ.
1928 338 2146 403 VECCI
2176 332 2287 398 CP.
2327 330 2844 398 PATRIARCHE

580 491 721 537 vero
752 472 912 548 Filii,
946 471 1196 534 subdola
1228 480 1318 533 est
1346 471 1494 552 haec,
1519 487 1808 551 pravequc
1831 475 2098 529 contorta
2129 487 2235 530 ex-
2255 473 2302 526 Δ
2322 475 2553 545 Πνεῦμα,

3827 327 3935 396 332

2640 468 2815 547 ἕτερον
2895 467 2950 524 δὲ
3033 477 3123 526 τοῦ
3208 469 3326 525 Υἱοῦ
3408 464 3762 543 σεσοφισμένη
3843 464 3942 520 ἐστὶ

2309 565 2464 614 τοῦτο
2525 559 2611 614 καὶ
2665 556 2972 638 διάστροφος
3029 555 3410 636 παρεξήγησις,
3498 557 3556 612 El
3636 554 3736 632 γὰρ
3793 554 3943 626 μόνον

2309 646 2424 704 καθ’
2469 645 2526 701 ὅν
2556 645 2714 725 λόγον
2771 649 2964 726 σακρὸς
3021 649 3049 702 ὁ
3107 647 3291 725 Κύριος
3350 643 3581 722 μετέσχε
3635 643 3723 698 καὶ
3780 641 3946 714 αἵμα-

2309 755 2420 808 τος,
2479 737 2566 791 καὶ
2621 735 2836 812 γέγονεν
2887 733 3156 814 ἄνθρωπος
3209 740 3285 807 τῷ
3339 731 3450 806 ἰδίῳ
3509 731 3740 810 χρισθεὶς
3793 730 3946 784 πνεύ-

2311 845 2459 898 μιιιτι⁹
2493 823 2590 890 τὴν
2629 847 2656 879 α
2702 822 2912 898 Πνεῦμα
2965 829 3187 901 Χριστοῦ
3246 845 3272 876 υ
3326 821 3578 899 λέγουσαν
3635 821 3698 874 τὸ
3743 824 3943 892 Πνεῦμα

2311 913 2491 992 φωνὴν
2550 910 2933 986 ἐκλαμϐάνεται
2969 930 2982 942 ·
3056 909 3172 968 καθ’
3227 910 3284 966 ὅν
3346 908 3399 965 δὲ
3454 908 3614 986 λόγον
3673 907 3727 972 ἐξ
3784 904 3945 962 ἀϊδίου

2309 999 2535 1078 ὑπάρχει
2606 999 2734 1064 Θεὸς
2790 998 3054 1074 οὖδαμῶς,
3099 1001 3191 1056 τὸν
3231 1003 3326 1068 τῆς
3393 995 3706 1057 ἀντιδόσεως
3737 998 3946 1074 τρόπον,

2309 1089 2397 1144 καὶ
2452 1093 2548 1157 τήν
2605 1090 2678 1153 εἷς
2748 1086 2955 1155 ἄλληλα
2998 1089 3363 1168 περιχώρτ,σιν
3422 1093 3522 1144 τῶν
3584 1092 3677 1142 τοῦ
3733 1091 3948 1164 Χριστοῦ

2311 1175 2397 1233 δύο
2454 1178 2657 1255 φύσεων
2721 1177 3103 1256 ἆπαρνήσεται.
3165 1175 3394 1254 Ἐλέγξει
3450 1173 3503 1230 δὲ
3560 1176 3648 1230 καὶ
3715 1176 3744 1230 ὁ
3820 1173 3946 1230 Νύσ-

2312 1287 2410 1329 σης
2471 1266 2568 1332 τὴν
2624 1263 3004 1344 παρεξήγησιν,
3038 1266 3092 1322 ἐν
3135 1267 3223 1329 οἷς
3281 1269 3340 1321 τὸ
3390 1269 3599 1338 Πνεῦμα
3629 1261 3689 1318 ἐκ
3718 1262 3811 1317 τοῦ
3841 1263 3952 1316 Υἱοῦ

2312 1355 2454 1411 εἶναι
2579 1353 2748 1432 λέγων
2885 1359 3336 1434 προσμαρτυρετσθ
3345 1377 3393 1408 αι
3427 1399 3443 1426 ,
3581 1350 3951 1419 κατασκευάζει

2312 1445 2436 1500 αὐτὸ
2517 1443 2622 1498 ἀπὸ
2702 1449 2793 1500 τοῦ
2873 1445 2963 1500 τὸν
3048 1441 3372 1501 Ἀπόστολον
3455 1439 3748 1520 εἰρηκέναι,
3839 1458 3867 1495 ιι
3899 1440 3951 1494 Ei

2310 1553 2390 1596 τις
2475 1537 2687 1608 Πνεῦμα
2769 1532 2991 1611 Χριστοῦ
3074 1532 3167 1590 οῦκ
3249 1531 3390 1611 ἔχει,
3465 1529 3616 1593 οὗτος
3661 1532 3762 1586 οῦκ
3819 1524 3951 1582 ’ἐστιν

2309 1622 2485 1682 αὐτοῦ,
2538 1643 2565 1676 ι)

2389 1699 2491 1783 ς’.
2529 1711 2625 1767 Καὶ
2681 1707 2839 1765 πάλιν
2899 1712 3048 1774 οὗτος
3106 1709 3203 1784 μὲν
3261 1714 3471 1782 Πνεῦμα
3528 1709 3648 1762 rio-3
3697 1705 3841 1782 λέγει
3895 1705 3954 1758 τὸ

581 1803 785 1878 ritum,
842 1802 999 1884 quod
1034 1786 1328 1880 'ejusdem
1357 1786 1492 1860 cum
1521 1797 1670 1860 Filio
1698 1800 1970 1861 essentiae
2001 1808 2089 1860 est
2124 1786 2227 1860 {et

2310 1805 2544 1873 Πνεῦμα,
2591 1797 2670 1854 ὅτι
2703 1799 2978 1874 ὃμοούσιον
3011 1801 3116 1870 Υἱῳ
3148 1813 3161 1826 ⁹
3197 1798 3283 1852 καὶ
3313 1795 3391 1852 ὅτι
3437 1794 3521 1851 ἐπ’
3574 1795 3730 1850 αὖτόν
3786 1793 3949 1868 μένει,

581 1893 736 1972 quod
766 1880 946 1971 super
973 1889 1168 1970 ipsum
1202 1895 1422 1965 manet,
1459 1895 1517 1949 et
1544 1887 1606 1948 in
1632 1887 1785 1966 ipso.
1825 1893 1896 1951 At
1924 1887 2103 1949 rebus
2127 1888 2225 1948 di-

2310 1890 2396 1945 καὶ
2441 1886 2494 1942 ἐν
2524 1891 2688 1961 αὐτῷ.
2751 1880 2806 1944 Ὀ
2868 1885 2922 1942 δὲ
3010 1884 3172 1948 πολὺς
3232 1887 3297 1941 τὰ
3362 1887 3481 1941 θεῖα
3539 1883 3816 1946 Βασίλειος
3871 1886 3952 1935 νῦν

576 1966 728 2041 vinis
787 1966 1216 2061 pertractandis
1256 1995 1502 2055 magnus
1533 1975 1807 2050 Basilius,
1849 1995 2006 2038 nunc.
2055 1975 2221 2051 dicit,

2312 1975 2595 2054 μὲνλέγει
2647 1999 2668 2030 ι
2705 1983 2914 2050 Πνεῦμα
2969 1978 3088 2031 Υἱοῦ
3142 1975 3283 2030 εἶναι
3341 1976 3401 2030 τὸ
3460 1979 3695 2047 Πνεῦμα,
3755 1969 3835 2026 ὅτι
3878 1966 3955 2024 διέ

581 2057 900 2149 «Spiritum
935 2065 1071 2128 Filii
1099 2065 1179 2142 (2)
1213 2083 1346 2127 esse
1373 2064 1845 2145 Spiritum,quod
1885 2083 1990 2145 per
2011 2065 2226 2127 Filium

2310 2073 2402 2122 τοῦ
2461 2069 2580 2121 Υἶοῦ
2640 2065 2781 2120 ἐστιν
2836 2067 2899 2120 ὶκ
2955 2063 3157 2143 Πατρός
3193 2082 3206 2096 ⁸
3248 2084 3271 2120 ι
3307 2072 3390 2120 νῦν
3421 2060 3475 2118 δὲ
3509 2059 3675 2137 μηδέν
3705 2083 3756 2116 τι
3789 2057 3958 2137 διαφέ-

585 2146 677 2219 est
703 2175 774 2218 ex
799 2155 1002 2236 Patre;
1037 2177 1060 2212 υ
1091 2172 1252 2218 nunc
1280 2153 1508 2214 nullum
1527 2170 1677 2213 esse
1709 2153 2033 2214 discrimen
2057 2153 2116 2214 in
2139 2171 2227 2214 re-

2313 2176 2418 2233 ρειν
2477 2158 2575 2220 τῆς
2619 2151 2889 2230 θεολογίαις
2944 2152 3043 2220 τὴν
3098 2153 3180 2228 ἐκ,
3229 2153 3315 2207 καὶ
3357 2148 3440 2206 διὰ
3495 2150 3670 2217 πάντη
3730 2146 3952 2204 διδάσκει

576 2243 690 2306 bus
711 2243 1058 2323 theologicis
1078 2242 1236 2306 inter
1257 2239 1703 2322 pmpositiones
1721 2249 2030 2320 δίμοιρον,
2061 2251 2119 2303 et
2137 2260 2227 2321 pa-

2313 2247 2492 2322 σαφῶς
2503 2285 2517 2300 .

579 2341 778 2395 tenter
807 2330 1126 2392 admodum
1159 2329 1354 2390 docet.

659 2422 721 2487 7.
748 2422 965 2483 Iterum
995 2418 1262 2490 Pliotius,
1297 2416 1458 2478 aliud
1488 2424 1694 2477 notare
1717 2414 1861 2478 dicit
1885 2416 2106 2478 dictum
2137 2417 2227 2478 af-

2390 2410 2460 2489 ζ’.
2520 2417 2683 2474 Πάλιν
2729 2419 2934 2482 Φώτιος
2985 2420 3081 2492 μὲν
3151 2415 3281 2474 ἄλλο
3340 2418 3616 2492 σημαίνειν
3659 2414 3802 2493 λέγει
3856 2415 3948 2479 τὴν

583 2509 850 2582 ﬁrmans,
891 2504 1209 2586 cSpiritum
1241 2505 1348 2566 Dei
1377 2503 1467 2564 vel
1499 2503 1713 2580 Patris,
1743 2527 1770 2559 κ
1797 2502 1942 2579 sive,
1986 2502 2227 2584 «18μίνὶ-

2318 2528 2348 2568 (
2423 2514 2632 2582 Πνεῦμα
2680 2514 2830 2581 Θεοῦ,
2877 2507 2912 2571 ἢ
2974 2509 3199 2586 Πατρὸς,
3239 2530 3261 2564 ι)
3311 2506 3346 2573 ἢ
3405 2527 3427 2562 ι
3469 2506 3589 2561 Υἷοῦ
3638 2527 3661 2557 κ
3699 2501 3951 2580 λέγουσαν

584 2605 710 2658 tum
741 2593 876 2655 Filii
903 2591 1212 2674 Spiritum,
1237 2616 1263 2647 ι
1299 2600 1358 2654 et
1380 2590 1536 2653 aliud
1567 2609 1864 2666 asserens,
1905 2590 2227 2672 «Spiritum

2319 2619 2341 2653 I
2391 2598 2450 2652 τὸ
2505 2601 2716 2670 Πνεῦμα
2753 2618 2780 2650 ι
2816 2595 3018 2675 φωνην,
3076 2598 3162 2652 καὶ
3205 2593 3380 2673 ἕτερον
3435 2595 3553 2667 τὴν,
3613 2617 3634 2649 ,ι
3669 2591 3948 2670 ἐκπορεύε-

584 2702 656 2746 ex
684 2682 859 2746 Patre
888 2681 1274 2763 procedere.»
1325 2682 1403 2742 At
1431 2698 1678 2757 maguus
1708 2679 1958 2740 Basilius
1989 2697 2002 2741 :
2047 2679 2227 2760 «Erga

2312 2692 2428 2745 σθαι
2510 2694 2602 2743 τοῦ
2677 2689 2879 2766 Πατρὸς
2924 2689 3048 2746 αὐτὸ
3107 2711 3134 2742 »
3187 2686 3467 2764 λέγουσαν.
3557 2677 3614 2742 Ὀ
3672 2683 3728 2740 δὲ
3787 2682 3948 2759 μέγας

581 2775 876 2848 Patrem,»
913 2769 995 2831 ait
1017 2769 1126 2850 (3),
1154 2768 1572 2850 proprietatem
1600 2767 2128 2848 intelligo,quando
2159 2787 2227 2829 ex

2315 2775 2606 2848 Βασίλειος,
2639 2775 2738 2842 τὴν
2808 2774 2903 2850 μὲν
2988 2798 3008 2830 ι
3049 2778 3186 2854 Πρὸς
3247 2775 3450 2854 Πατέρα
3507 2780 3635 2853 νοῶ,
3675 2797 3698 2832 a
3773 2772 3945 2852 φησὶν,

581 2863 753 2923 Patre
807 2857 1102 2941 procedit,
1157 2876 1296 2937 erga
1354 2865 1550 2921 autem
1608 2855 1820 2917 Filium
1854 2857 2088 2936 quando
2117 2876 2226 2918 au-

2318 2890 2342 2921 ‹ι
2391 2863 2714 2938 οἰκειότητα,
2777 2861 2958 2931 ἐπειδὴ
3039 2866 3178 2942 παρὰ
3248 2864 3340 2920 τοῦ
3393 2863 3595 2940 Πατρὸς
3666 2860 3947 2940 ἐκπορεύε-

581 2949 678 3012 dio
715 2969 729 3010 :
762 2946 1041 3029 Quisquis
1074 2946 1358 3028 Spiritum
1392 2945 1610 3010 Christi
1648 2964 1767 3006 non
1797 2944 2000 3026 habet,
2035 2945 2130 3006 hic
2161 2945 2227 3005 il-

2310 2977 2419 3028 ται,
2477 2955 2575 3020 την
2629 2954 2759 3027 πρὸς
2807 2954 2926 3008 Υἱὸν
2981 2950 3060 3027 δὲ,
3094 2951 3296 3024 ἐπειδὴ,
3355 2950 3408 3006 εἴ
3465 2974 3543 3014 τις
3579 2957 3790 3026 Πνεῦμα
3819 2955 3943 3027 Χρι-

581 3037 698 3100 lius
755 3056 872 3099 non
925 3044 1036 3098 est.
1090 3060 1117 3091 ιι
1174 3033 1236 3097 Si
1293 3035 1487 3115 itaque
1551 3035 1822 3113 praprius
1856 3040 1944 3094 est
1973 3031 2227 3115 Spiritus

2312 3046 2436 3099 στοῦ
2489 3043 2584 3099 οὒκ
2638 3041 2777 3121 ἔχει,
2839 3048 2987 3106 οὗτος
3045 3045 3140 3099 οῦκ
3193 3041 3335 3098 ἔστιν
3406 3042 3584 3104 αὐτοῦ,
3638 3063 3660 3095 It
3713 3041 3772 3097 Εἰ
3828 3043 3944 3114 γοῦν

582 3125 765 3199 Patri,
799 3127 938 3206 quia
968 3143 1038 3186 ex
1085 3123 1257 3186 Patre
1280 3102 1586 3204 procedits
1625 3102 1683 3182 εἰ
1712 3123 1984 3202 proprius
2016 3102 2105 3184 est
2133 3123 2226 3184 Fi-

2310 3135 2504 3189 οἰκετον
2598 3102 2706 3207 μὲν
2770 3133 2930 3208 Πατρὶ
3014 3133 3076 3187 τὸ
3159 3137 3391 3210 Πνεῦμα,
3461 3129 3540 3185 ὅτι
3611 3129 3670 3185 ἐκ
3741 3102 3936 3205 Πατρὸς

579 3213 684 3290 lio,
719 3215 856 3296 quia
885 3222 974 3275 est
1004 3210 1257 3293 Spiritus
1289 3210 1526 3287 Christi,
1562 3209 1802 3300 ubinam
1826 3221 1916 3272 est
1948 3211 2163 3275 efﬁctaa
2191 3229 2226 3272 a

2310 3221 2662 3300 ἐκπορεύεται,
2747 3221 2942 3277 οἰκεῖον
3052 3217 3105 3274 δὲ
3191 3220 3316 3292 Υἰῷ,
3379 3209 3487 3274 γὸτι
3560 3218 3668 3274 ἐστὶ
3741 3223 3938 3290 πνεῦμα

577 3302 790 3366 Photio
825 3302 1155 3364 dictionum
1185 3300 1537 3362 diﬂ‘erentize
1569 3299 1702 3388 vis?
1733 3303 1880 3360 Cum
1914 3318 2052 3361 vero
2086 3317 2223 3361 rur-

2310 3317 2556 3388 Χριστοῦ,
2627 3315 2728 3365 ποῦ
2805 3307 2991 3364 λοιπὸν
3067 3309 3102 3376 ἦ
3153 3313 3254 3374 τῆς
3315 3307 3686 3381 πλαττομένης
3743 3306 3944 3362 Φωτίου

579 3409 680 3452 sus
704 3391 861 3452 idem
897 3409 1141 3470 magnus
1195 3390 1488 3451 Basilius:
1535 3411 1557 3444 σ
1602 3387 1805 3469 Neque
1833 3389 1991 3449 enim
2027 3389 2224 3450 minus

2310 3387 2548 3477 διαφορᾶς
2593 3404 2696 3454 τῶν
2736 3402 2922 3477 φωνῶν
2967 3394 3181 3471 δύναμις
3214 3416 3230 3475 ;
3268 3387 3395 3453 υΟτι
3463 3393 3516 3451 δὲ
3557 3395 3717 3452 πάλιν
3775 3399 3802 3451 ὁ
3848 3395 3941 3449 αὒ-

580 3479 910 3560 quidpiam,
945 3505 972 3535 ι
1007 3479 1162 3540 dicat
1197 3480 1300 3558 (4),
1340 3500 1367 3537 ‹
1401 3476 1655 3539 habituri
1689 3495 1891 3537 sumus
1920 3477 1992 3538 ad
2015 3496 2225 3557 cogno-

2310 3488 2398 3551 τὸς
2455 3476 2626 3564 μέγας
2673 3476 2962 3560 Βασίλειος,
3011 3508 3038 3539 α
3073 3484 3200 3542 Οῦδὲ
3232 3485 3329 3564 γὰρ
3358 3484 3576 3541 ’έλαττόν
3605 3507 3677 3560 τι,
3717 3508 3744 3540 ιο
3794 3483 3940 3562 φησὶ,

577 3567 865 3630 scendum
889 3567 1178 3648 Spiritum
1201 3585 1334 3628 esse
1360 3585 1436 3628 ex
1451 3566 1736 3640 Deo,cum
1761 3566 2036 3626 audimus
2057 3565 2222 3628 illum

2318 3594 2344 3634 ι
2391 3574 2655 3651 μέλλομεν
2685 3573 2813 3639 ἕξειν
2846 3575 2920 3636 εἷς
2973 3575 3034 3630 τὸ
3090 3573 3365 3650 γινώσκειν
3426 3575 3486 3630 τὸ
3535 3581 3746 3649 Πνεῦμα
3776 3573 3941 3648 ὑπάρ-

580 3656 866 3736 Spiritum
927 3673 1059 3716 esse
1107 3654 1228 3716 oris
1257 3655 1436 3716 illius.
1472 3675 1500 3713 ›
1546 3653 1660 3714 Sed
1697 3672 1913 3714 nomen
1944 3654 2054 3715 hoc
2083 3655 2227 3716 satis

2310 3686 2428 3745 χειν
2483 3664 2544 3720 ἐκ
2594 3670 2746 3739 Θεοῦ,
2806 3664 3010 3738 πνεῦμα
3057 3664 3151 3718 τοῦ
3207 3663 3469 3737 στόματος
3513 3663 3668 3721 αὐτοῦ
3725 3661 3943 3718 ἇκούον-

580 3761 881 3824 superque
895 3743 1262 3815 l'uerit,illius
1279 3762 1346 3804 ex
1366 3743 1488 3804 Deo
1514 3741 1918 3803 exsistentiam
1936 3742 2222 3807 indicare.

2310 3775 2393 3817 τες
2466 3754 2613 3826 αὐτὸ,
2651 3776 2678 3806 ι
2752 3750 2870 3807 ἀλλ’
2918 3753 3092 3808 ἰκανον
3149 3753 3236 3807 καὶ
3290 3761 3443 3810 τοῦτο
3497 3754 3557 3807 τὸ
3627 3751 3793 3827 ὄνομα
3850 3749 3943 3814 τὴν

582 3832 725 3906 Quis
757 3832 936 3893 ﬁdem
967 3830 1274 3892 adhibebit
1292 3830 1526 3906 Photio,
1556 3829 1670 3890 nisi
1690 3829 2003 3890 cerebrum
2028 3831 2086 3891 in
2110 3833 2224 3893 cal-

583 3919 787 3982 caneis
816 3919 986 3998 ferat,
1020 3919 1242 3980 dicenti
1276 3937 1290 3982 :
1322 3919 1523 3981 Aliud
1549 3926 1637 3979 est
1681 3919 1993 3980 manifesto
2027 3938 2226 4001 proce-

581 4009 727 4070 dere
755 4028 824 4070 ει
855 4007 1028 4070 Patre
1059 4007 1368 4088 Spiritum,
1403 4016 1461 4069 et
1488 4005 1650 4069 aliud
1687 4006 1874 4077 innui,
1901 4027 2034 4068 cum
2066 4010 2228 4089 quis-

583 4097 741 4179 piam
771 4097 990 4158 dixerit
1022 4115 1036 4156 :
1070 4097 1382 4177 Spiritum,
1417 4095 1520 4176 qui
1551 4114 1622 4157 ex
1649 4094 1771 4156 Deo
1807 4104 1898 4157 est
1933 4116 1945 4156 :
1991 4118 2019 4156 ‹
2045 4099 2232 4178 Spiri-

577 4197 700 4248 tum
735 4188 865 4259 Dei,
899 4185 979 4265 ait
999 4204 1242 4264 magnus
1263 4185 1537 4262 Basilius,
1581 4208 1604 4241 α
1641 4184 1974 4266 audientes,
2007 4205 2076 4248 ex
2107 4187 2228 4249 Deo

577 4293 711 4338 esse
743 4274 1030 4355 Spiritum
1052 4274 1466 4354 cognoscimus
1504 4295 1516 4334 :
1545 4298 1567 4333 ιο
1595 4272 1851 4355 indeque
1880 4274 2224 4354 dictionem,

579 4382 688 4426 «ex
721 4363 908 4438 Deo,»
938 4382 1008 4425 ex
1032 4366 1152 4426 Deo
1180 4363 1584 4425 exsistentiam
1612 4359 1870 4442 Spiriins
1895 4363 2230 4442 signiﬁcare

2307 3840 2520 3920 ὕπαρξιν
2577 3844 2731 3900 αὐτοῦ
2773 3838 3012 3907 δηλῶσαι
3041 3841 3136 3906 τὴν
3183 3839 3242 3895 ἐκ.
3298 3847 3428 3897 Θεοῦ
3463 3861 3476 3874 ·
3509 3841 3586 3904 τίς
3643 3841 3704 3897 ἃν
3759 3839 3944 3908 Φωτίῳ

2307 3932 2651 4009 πιστεύσειεν,
2686 3931 2729 3984 εἰ
2800 3930 2876 4003 μὴ
2935 3930 3239 4009 παρα-ταῖς
3280 3928 3525 4008 πτέρναις
3566 3932 3655 3986 τὸν
3714 3928 3941 4006 ἐγκέφα-

2308 4018 2399 4076 λον
2456 4007 2644 4097 φέρει,
2687 4016 2915 4094 λέγοντι,
2970 4040 2998 4070 (ί
3065 4007 3293 4096 ’Ἕτερον
3337 4007 3449 4073 ἐστι
3517 4024 3816 4097 περιφανῶς
3888 4012 3943 4068 τὸ

2311 4108 2674 4185 ἐκπορεύεσθαι
2760 4109 2823 4161 ὲκ
2903 4107 3104 4184 Πατρὸς
3188 4107 3249 4161 τὸ
3333 4111 3564 4182 Πνεῦμα,
3652 4109 3738 4162 καὶ
3820 4101 3943 4161 ἄλλο

2309 4195 2577 4268 δηλοῦται,
2626 4196 2748 4251 ὃταν
2790 4216 2870 4257 τις
2928 4193 3062 4272 λέγῃ
3125 4196 3184 4250 τὸ
3228 4200 3439 4269 Πνεῦμα
3483 4197 3541 4250 τὸ
3573 4194 3632 4250 ἐκ
3659 4203 3749 4251 τοῦ
3793 4199 3940 4264 Θεοῦ,

2316 4305 2343 4336 (ί
2392 4283 2600 4358 Πνεῦμα
2681 4289 2835 4356 Θεοῦ,
2918 4303 2940 4338 ο
3015 4283 3196 4360 φησὶν,
3251 4305 3278 4336 α
3335 4283 3640 4357 ἀκούοντες,
3699 4285 3727 4338 ὁ
3785 4281 3942 4358 μέγας

2311 4370 2604 4444 Βασίλειος,
2659 4395 2685 4425 α
2737 4370 2797 4426 ἐκ
2855 4377 2987 4426 Θεοῦ
3029 4371 3286 4450 ῦπάρχειν
3327 4373 3388 4426 τὸ
3434 4378 3643 4447 Πνεῦμα
3687 4373 3942 4450 γινώσκο-

574 4452 934 4515 constabilit.
971 4452 1126 4533 quod
1160 4461 1217 4514 et
1246 4451 1427 4512 dictio
1459 4469 1756 4531 asserens,
1810 4451 1976 4513 illum
2007 4472 2074 4513 ex
2108 4454 2226 4516 Deo

2311 4483 2427 4535 μεν,
2486 4484 2509 4515 o
2571 4460 2842 4518 κάντεῦθεν
2911 4459 3008 4526 τὴν
3067 4458 3127 4513 ἐκ
3183 4466 3314 4516 Θεοῦ
3370 4460 3551 4539 φωνὴν
3610 4457 3942 4536 σημαντικὴν

577 4541 910 4624 procedere
941 4550 1128 4623 notat,
1160 4550 1223 4602 ut
1263 4550 1354 4603 est
1383 4539 1535 4621 apud
1568 4558 1777 4601 omnes
1807 4539 2226 4616 indubitatum,

2313 4552 2409 4616 τῆς
2465 4549 2525 4604 ἐκ
2583 4556 2713 4607 Θεοῦ
2765 4544 3030 4626 ὑπάρξεως
3081 4549 3173 4605 τοῦ
3241 4549 3543 4623 Πνεύματος
3597 4550 3735 4606 εἶναι
3807 4545 3941 4606 συνί-

572 4652 781 4704 στησιν,
841 4629 968 4711 ὅπερ
1021 4634 1108 4688 καὶ
1163 4631 1200 4698 ἦ
1262 4652 1284 4689 α
1350 4632 1408 4687 ἐκ
1463 4638 1591 4687 Θεοῦ
1643 4655 1669 4686 ³
1732 4631 1856 4687 αδτδ
1912 4631 2135 4710 λέγουσα
2202 4639 2592 4722 δκπορεύεσθαι,
2647 4639 2781 4695 κατὰ
2837 4641 2896 4694 τὸ
2952 4640 3094 4718 παρὰ
3137 4645 3294 4694 πᾶσιν
3353 4638 3737 4718 ἀναμφίλεκτον
3798 4638 3943 4715 λέγε-

578 4742 690 4776 ται.

659 4808 720 4872 8.
756 4807 1109 4898 Et_Photius
1141 4808 1305 4898 dicit,
1345 4832 1372 4864 α
1406 4806 1583 4898 Aliud
1618 4815 1820 4898 aperte
1855 4830 2010 4886 esse,
2043 4813 2227 4897 Spiri-

2393 4820 2472 4888 η’,
2523 4818 2620 4877 Καὶ
2665 4817 2869 4880 Φώτιος
2901 4815 3063 4894 λέγει,
3107 4841 3129 4872 ι
3173 4806 3401 4895 ἸΕτερόν
3432 4817 3541 4874 ἐστι
3573 4820 3865 4898 περιφανῶς
3893 4813 3949 4868 τδ

581 4905 707 4986 tum
741 4915 809 4956 ex
841 4894 1013 4986 Patre
1041 4896 1390 4986 procedere,
1417 4905 1475 4957 et
1499 4895 1656 4956 aliud
1685 4897 1912 4961 dictum
1937 4894 2226 4985 indicans,

2315 4909 2684 4986 ἐκπορεύεσθαι
2737 4905 2797 4962 ἐκ
2855 4907 3057 4982 Πατρὸς
3113 4907 3173 4962 τὸ
3247 4894 3481 4982 Πνεῦμα,
3516 4908 3602 4962 καὶ
3633 4894 3761 4962 ἄλλο
3810 4907 3844 4973 ἡ
3900 4901 3953 4956 ὲκ

577 4984 747 5046 illum
779 5002 847 5044 ex
907 4983 1080 5047 Patre
1110 5004 1266 5048 esse.
1302 5010 1329 5041 ι
1364 4985 1580 5047 Annon
1609 4986 1826 5048 similia
1857 4983 2226 5071 asseverans,

2316 4983 2461 5055 Θεοῦ-
2499 4996 2725 5076 ὶέγουσα
2788 4996 2848 5051 τὸ
2916 5001 3149 5074 Πνεῦμα,
3200 5018 3227 5051 n
3303 4995 3547 5070 σημαίνει
3591 4997 3764 5075 φωνὴ.
3839 4997 3951 5053 Πῶς

662 5145 723 5196 18
750 5146 922 5208 Rom.
960 5162 1086 5229 vni,
1120 5149 1178 5210 9.

699 5301 755 5393 ι
784 5299 1040 5393 Ποςηῇιὶει
1068 5305 1343 5393 ίιλξᾳιεν
1370 5312 1595 5393 noster.
1645 5383 1753 5393 nm
1924 5387 1936 5393 _
2321 5317 2545 5372 sancto.

697 5379 1054 5476 2:)“Spiritus
1106 5384 1259 5476 Filii,
1308 5387 1476 5476 quod
1511 5400 1617 5476 per
1645 5383 1884 5457 Filium,
1921 5387 2144 5476 in_uno_
2169 5406 2238 5449 ex
2322 5469 2365 5476 _
2403 5392 2483 5463 (3)
2511 5390 2637 5476 Hoc
2665 5387 3094 5476 inquirendum
3143 5396 3229 5449 est
3278 5387 3338 5448 in
3363 5387 3732 5452 orationibus
3759 5395 3950 5451 contra

579 5463 1112 5552 gpjlibgstcyjus
1142 5463 1490 5552 inscriptio:
1522 5465 1729 5552 quare
1749 5483 1868 5552 non
1899 5475 1954 5530 et
1977 5467 2240 5552 Spiritus
2322 5469 2702 5552 Eunomium,
2734 5463 2790 5552 et
2820 5468 3056 5552 Arium.

581 5541 1299 5634 filiusfiliif'eamdem
1331 5541 1681 5634 au-tem’vim
1717 5541 2244 5634 haberepraeposi-
2331 5552 2487 5634 mili)
2522 5551 2647 5614 Hoc
2686 5541 2944 5611 habetur
2994 5547 3056 5609 in
3115 5556 3324 5628 quarto
3381 5556 3591 5612 contra
3612 5549 3955 5613 Eunomium

571 5623 852 5690 tionesin
873 5623 1081 5704 quinto
1105 5627 1176 5684 ad
1201 5623 1682 5706 Amphilochium
1709 5629 1904 5705 capite
1927 5623 2005 5690 de
2023 5623 2246 5708 Spiritu
2330 5623 2503 5691 libro.
