4220 6292
3603 357 3733 464 ³34

345 395 465 462 333
1233 405 1334 466 AD
1376 403 1847 467 THEODORUM
1893 401 2232 465 SUGD/EE
2276 405 2506 467 EPISC.
2553 403 2701 468 LIB.
2747 404 2854 469 III.

343 539 509 588 ταῦτα
575 534 746 614 λέγων
792 537 850 593 οὐ
908 535 1187 614 προδήλως
1218 541 1356 612 αὗτῷ
1397 542 1475 612 τῷ
1508 535 1591 594 διὰ
1622 545 1712 594 τοῦ
1755 536 1977 616 μεγάλοι

2072 535 2264 613 palam
2299 535 2406 598 Dei
2436 537 2692 614 spiritui,
2728 537 2828 619 qui
2860 555 2964 619 per
2999 555 3277 618 magnum
3305 535 3591 599 Basiliam
3623 535 3716 598 lo-

341 621 618 680 Βασιλείου
670 622 912 682 λαλοῦντι
1009 629 1264 702 πνεύματι
1347 629 1441 683 τοῦ
1505 633 1638 682 Θεοῦ
1669 625 1977 706 ἀντιλέγεις

2071 627 2291 708 quitur,
2324 631 2703 693 contradicit?
2733 629 2900 703 Item,
2935 629 2997 690 ni
3024 638 3082 693 et
3115 649 3391 710 magnum
3429 627 3708 691 Basiliam

341 709 529 782 Πάλιν,
587 715 630 769 εἰ
703 715 782 789 μὴ
853 717 938 772 καὶ
993 717 1083 771 τὸν
1141 715 1310 793 μέγαν
1353 714 1625 772 Βασιλείον
1654 715 1824 771 ὀπίσω
1879 720 1977 770 τῶν

2073 717 2330 794 propriis
2355 719 2941 796 interpretationibus
2959 718 3200 781 Pbotius
3222 709 3576 799 posthabere
3608 735 3710 778 vo-

342 800 550 856 οἰκείων
608 801 910 882 ἐξηγήσεων
977 807 1144 860 θεῖναι
1231 803 1473 880 βούλεται
1547 804 1777 878 Φώτιος,
1854 800 1989 859 πολύ

340 888 484 944 ἐστιν
595 891 942 971 ἀληθέστερον
1053 894 1329 967 ὁμοούσιον
1427 894 1589 969 Πατρὶ
1671 892 1842 970 λέγειν
1924 893 1985 948 τὸ

338 983 574 1054 Πνεῦμα,
622 979 701 1037 ὀίτι
758 982 894 1038 ἐστὶν
963 983 1022 1038 ἐκ
1078 984 1306 1058 Πατρὸς,
1377 985 1464 1038 καὶ
1520 983 1795 1058 ὁμοούσιον
1856 984 1981 1054 Υἱῷ,

340 1065 420 1122 ὅτι
468 1065 551 1124 διὰ
601 1076 695 1124 τοῦ
751 1074 893 1138 Υἱοῦ,
955 1072 990 1139 ἢ
1060 1072 1269 1145 Πνεῦμα
1312 1092 1368 1126 τε
1410 1074 1550 1141 Υἶοῦ,
1613 1073 1700 1127 καί
1755 1068 1839 1127 διὰ
1894 1078 1986 1125 τοῦ

341 1157 468 1212 Υἷοῦ
534 1155 705 1236 λέγειν
762 1162 824 1216 τὸ
867 1167 1104 1235 Πνεῦμα,
1165 1159 1245 1215 ὅτι
1303 1160 1580 1234 ὀμοούσιον
1609 1163 1736 1238 Υἱῷ,
1787 1165 1859 1218 0-5
1887 1159 1985 1236 γὰρ

337 1242 420 1301 ὅτι
464 1249 747 1322 ὸμοοῦσιον
805 1253 932 1323 Tir},
987 1248 1070 1305 διὰ
1116 1259 1270 1308 τοῦτο
1323 1250 1409 1304 καὶ
1467 1252 1676 1325 Πνεῦμα
1723 1251 1862 1318 Υἰοῦ,
1897 1250 1984 1304 καὶ

338 1331 425 1389 διὰ
453 1346 547 1395 τοῦ
579 1338 722 1411 Υἱοῦ,
756 1340 829 1400 ὡς
859 1341 904 1394 οἱ
936 1339 1074 1417 παρὰ
1102 1339 1308 1394 Φωτίου
1337 1335 1585 1400 λαϐόντες
1619 1339 1712 1402 τὰς
1744 1337 1980 1417 ἀφορμὰς

338 1421 679 1502 ἐρεσχελοῦσι
762 1427 828 1480 τὰ
910 1433 1018 1500 νῦν,
1103 1424 1334 1503 λέγεται,
1419 1424 1570 1481 Ἀλλ’
1628 1424 1707 1481 ὅτι
1764 1424 1847 1480 διὰ
1889 1431 1980 1480 τοῦ

339 1511 466 1567 Ποῦ
523 1513 622 1580 τὴν
695 1514 755 1570 ἐκ
828 1517 1030 1594 Πατρὸς
1081 1515 1300 1594 ὕπαρξιν
1358 1513 1495 1594 ἔχει,
1547 1513 1628 1571 διὰ
1696 1521 1849 1572 τοῦτο
1891 1516 1977 1570 καὶ

341 1605 556 1678 Πνεῦμα
599 1604 744 1680 Υἶοῦ,
777 1606 860 1660 καὶ
890 1606 1170 1680 ὁμοούσιον
1202 1606 1329 1677 Υἱῷ.

422 1769 493 1835 θ’.
555 1779 720 1836 Πάλιν
776 1787 873 1849 τῆς
930 1782 1108 1861 φωνῆς
1148 1779 1581 1859 ἐπιδραττόμενος
1625 1781 1849 1859 Φώτιος,
1917 1779 1982 1847 ἢν

2072 801 2186 862 lue:
2206 803 2272 882 it,
2301 807 2481 866 multo
2516 807 2702 886 magis
2716 806 2943 868 veritati
2970 825 3296 869 consonum
3319 805 3705 886 est.ejusdem

2070 909 2203 952 cum
2237 893 2408 956 Patre
2435 897 2710 958 essentiae
2740 897 2940 958 dicere
2969 895 3422 977 Spiritum,quia
3439 915 3510 958 ex
3537 893 3710 956 Patre

2068 989 2176 1060 est,
2204 993 2260 1043 et
2289 984 2554 1062 ejusdem
2587 987 2859 1047 essentiae
2905 1003 3041 1047 cum
3089 984 3268 1066 Filio,
3299 985 3434 1065 quia
3468 1002 3573 1064 per
3600 982 3704 1045 Fi-

2067 1068 2233 1145 lium,
2287 1091 2460 1152 quam
2495 1073 2779 1154 Spiritum
2810 1074 2968 1148 Filii,
3021 1082 3080 1136 et
3128 1091 3234 1153 per
3263 1072 3475 1135 Filium
3511 1070 3706 1150 Spiri-

2069 1165 2219 1233 tum,
2252 1162 2406 1240 quod
2443 1163 2714 1241 ejusdem
2747 1164 2823 1224 sit
2849 1182 2980 1223 cum
3012 1162 3161 1224 Filio
3192 1161 3483 1224 essentia).
3502 1160 3708 1240 Neque

2067 1247 2249 1315 enim,
2284 1251 2420 1329 quia
2451 1251 2716 1331 ejusdem
2740 1251 3037 1312 cumFilin
3070 1251 3346 1312 essentiae
3377 1250 3628 1324 est,ideo
3652 1257 3709 1310 et

2065 1335 2316 1415 Spiritus
2345 1338 2502 1412 Filii,
2536 1349 2593 1400 et
2618 1359 2724 1420 per
2750 1340 2990 1414 Filium,
3038 1339 3276 1414 dicitur,
3311 1338 3703 1420 quemadmo-

2063 1429 2227 1510 dum,
2261 1431 2360 1512 qui
2392 1434 2567 1512 hujus
2589 1434 2676 1494 rei
2706 1433 3414 1510 argumentalhauserunt
3443 1451 3512 1492 ex
3542 1432 3704 1494 Pho-

2065 1519 2167 1591 tio,
2196 1530 2490 1599 nugantur
2523 1524 2636 1584 hoc
2658 1531 2952 1602 tempore:
2997 1521 3102 1583 sed
3135 1523 3272 1602 quia
3293 1540 3362 1582 ex
3398 1524 3570 1582 Patre
3602 1537 3710 1600 per

2065 1606 2277 1668 Filium
2307 1610 2707 1672 exsistentiam
2740 1611 2939 1685 habet,
2976 1620 3293 1691 propterea
3331 1617 3392 1671 et
3419 1609 3703 1690 Spiritum

2065 1694 2222 1776 Filii,
2257 1706 2313 1757 et
2345 1698 2615 1777 ejusdem
2649 1719 2782 1760 cum
2817 1699 2962 1760 Filio
2994 1699 3271 1760 essentiaa
3301 1707 3410 1760 est.

2145 1789 2204 1846 9.
2245 1783 2414 1866 Item,
2466 1806 2640 1866 quam
2685 1787 2746 1848 in
2801 1788 3118 1850 Salvatoris
3169 1787 3461 1867 baptismo
3499 1805 3702 1848 vocem

338 1868 395 1922 ἐν
451 1873 529 1940 τῷ
584 1879 676 1928 τοῦ
733 1875 982 1947 Σωτῆρος
1027 1873 1054 1926 ὁ
1086 1869 1382 1948 Πρόδρομος
1426 1870 1598 1949 ἀφῆκε
1634 1870 1977 1946 βαπτίσματι,

2071 1874 2403 1934 Ρτωουτεοῐ·
2425 1876 2656 1937 emisit:
2689 1900 2715 1931 α
2736 1874 2916 1945 Vidit,
2957 1900 2981 1931 »
3027 1875 3326 1955 inquiens,
3359 1899 3385 1930 α
3418 1874 3705 1955 Spiritum

346 1977 371 2010 ι
421 1955 603 2030 Εἶδεν,
657 1982 679 2014 ι
744 1959 926 2031 εἰπὼν,
979 1981 1000 2014 ι
1064 1960 1127 2014 τὸ
1198 1965 1406 2032 Πνεῦμα
1467 1955 1793 2016 καταϐαῖνον
1861 1957 1984 2013 ὡσεὶ

336 2047 673 2124 περιστερὰν,
740 2048 828 2102 καὶ
896 2047 1053 2122 μένον
1123 2047 1207 2103 ἐπ’
1256 2047 1433 2120 αὐτὸν,
1479 2071 1506 2102 n
1569 2050 1666 2114 τὴν
1733 2047 1838 2102 ἀπὸ
1896 2051 1986 2100 τοῦ

491 2136 504 2154 .
685 2137 700 2156 .
815 2138 826 2156 .
1015 2137 1027 2158 ,
1288 2146 1312 2154 -
1498 2137 1510 2156 ,
1790 2136 1802 2156 ,
1875 2133 1898 2152 α

340 2139 548 2202 Πατρος
619 2135 704 2191 ἐπι
779 2157 869 2192 τον
958 2147 1141 2216 Κυριον
1223 2158 1318 2194 του
1382 2142 1684 2210 Πνευματος
1739 2137 1978 2208 καθοοον,

332 2220 602 2287 ἀπόδειξιν
657 2221 810 2290 δῆθεν
892 2231 983 2282 τοῦ
1035 2226 1177 2304 παρὰ
1245 2233 1337 2283 τοῦ
1398 2227 1596 2303 [ἰατρὸς
1654 2226 1778 2280 αὐτὸ
1845 2228 1982 2279 εἶναι

334 2311 501 2386 μόνου
556 2326 816 2375 ποιεῖται,
882 2305 939 2370 Ὀ
1022 2312 1076 2369 δὲ
1161 2313 1327 2391 μέγας
1399 2312 1706 2376 Ἀθανάσιος
1789 2311 1982 2391 λέγων,

334 2424 368 2455 ι
427 2398 514 2466 ἘΞ
607 2401 764 2458 αῦτοῦ
821 2402 909 2458 οὖν
941 2403 1013 2467 εἷς
1071 2404 1226 2458 αὒτὸν
1254 2402 1467 2480 κατῄει,
1503 2401 1562 2458 ἐκ
1589 2403 1686 2468 τῆς
1735 2403 1983 2468 θεότητος

341 2491 505 2547 αὐτοῦ
578 2493 649 2553 εὶς
701 2491 800 2558 τὴν
868 2491 1248 2569 ἀνθρωπότητα
1319 2493 1496 2561 αὐτοῦ,
1564 2513 1588 2548 ι
1642 2493 1732 2546 τὸν
1789 2492 1986 2546 οἰκεῖον

340 2582 526 2636 τοῦτον
587 2579 744 2657 λόγον
803 2583 874 2645 εἰς
926 2585 1170 2661 προφανῆ
1213 2579 1438 2660 παρέχει
1495 2577 1752 2645 ἀπόδειξιν
1781 2586 1874 2637 τοῦ
1901 2579 1988 2636 καὶ

342 2671 406 2726 ἐκ
433 2677 526 2728 τοῦ
558 2670 678 2726 Υἲοῦ
706 2671 849 2726 εἶναι
877 2672 1022 2734 αὐτό,

424 2752 486 2825 ι’.
533 2761 698 2818 Πάλιν
726 2761 932 2824 Φώτιος
991 2761 1088 2836 μὲν
1131 2760 1248 2828 τὴν.
1317 2781 1345 2813 α
1392 2756 1486 2816 Ἐκ
1536 2766 1625 2815 τοῦ
1655 2758 1782 2834 ἐμοῦ
1810 2757 1987 2834 λήψε-

2065 1960 2527 2023 descendentem
2557 1964 2734 2024 veluti
2765 1962 3192 2036 cclumbam,et
3213 1963 3274 2024 in
3305 1963 3434 2043 ipso
3467 1982 3709 2026 manen-

2067 2055 2183 2109 tem
2206 2049 2284 2126 18,
2327 2075 2346 2105 ι
2384 2052 2674 2131 arripiens
2694 2051 2955 2128 Photius,
2993 2069 3066 2112 ex
3092 2054 3268 2114 Patre
3296 2070 3476 2131 supra
3497 2051 3705 2113 Domi-

2067 2156 2206 2197 num
2243 2138 2500 2218 Spiritus
2542 2141 2918 2212 descensum,
2968 2141 3054 2200 uti
3107 2141 3698 2218 demonstrationem,

2067 2244 2202 2287 eum
2240 2245 2454 2306 neu-pe
2485 2246 2554 2289 ex
2585 2229 2710 2289 solo
2745 2233 2911 2289 Patre
2944 2246 3097 2304 esse,
3133 2229 3410 2309 proponit
3444 2250 3457 2287 :
3491 2238 3548 2289 at
3578 2247 3709 2290 ma-

2067 2332 2215 2392 gnus
2252 2314 2630 2395 Athanasius,
2681 2316 2950 2378 scribens
2980 2317 3056 2388 (5)
3095 2333 3108 2378 :
3151 2339 3174 2373 ι
3211 2317 3298 2380 Ex
3346 2316 3477 2397 ipso
3510 2316 3708 2397 itaque

2065 2402 2127 2462 in
2160 2404 2351 2482 ipsum
2384 2403 2784 2466 descendebat
2813 2424 2828 2464 :
2867 2422 2943 2466 ex
2973 2403 3274 2466 divinitate
3304 2404 3490 2484 ipsius
3515 2404 3574 2465 in
3600 2405 3707 2466 hu-

2070 2493 2412 2552 manitatem
2444 2493 2652 2572 ipsius,
2685 2518 2711 2549 n
2751 2494 2863 2554 hoc
2885 2512 2993 2554 suo
3025 2493 3183 2554 dicto
3215 2501 3419 2574 aperte
3449 2494 3702 2556 demon-

2070 2587 2235 2662 strat,
2272 2581 2448 2642 etiam
2481 2583 2732 2663 ex_Filio
2763 2581 3047 2664 Spiritum
3076 2600 3231 2644 esse.

2150 2757 2397 2819 10.1tem
2430 2759 2675 2821 Pbotius
2703 2759 2924 2821 dictum
2958 2759 3117 2822 illius
3137 2759 3370 2823 Domini
3393 2761 3456 2822 in
3504 2758 3702 2824 Evan-

333 2875 424 2909 ται
475 2877 498 2909 ›
585 2853 928 2931 εὒαγγελικὴν
1004 2859 1097 2909 τοῦ
1160 2850 1346 2928 Κυρίου
1424 2849 1602 2928 φωνὴν
1664 2850 1735 2911 εἰς
1785 2850 1846 2904 τὸ
1900 2855 1977 2905 τοί

2069 2846 2220 2924 gelio
2254 2866 2268 2906 :
2311 2869 2334 2904 α
2359 2846 2442 2907 De
2465 2849 2878 2929 meozaccipiet
2904 2849 2982 2924 ‘9,
3021 2874 3045 2908 υ
3082 2849 3142 2910 in
3165 2850 3358 2912 Patris
3388 2867 3700 2929 personam

339 2944 547 3022 Πατρὸς
606 2939 989 3018 ἐκλαμϐανεται
1046 2938 1350 3018 πρόσωπον.
1407 2961 1433 2992 α
1496 2939 1592 2995 Καὶ
1621 2937 1756 3013 ἐπεὶ,
1797 2959 1820 2991 ιν
1868 2960 1977 3015 φη-

2066 2935 2268 2997 refert.
2311 2958 2334 2992 ιι
2369 2934 2616 3013 Etcum,
2655 2961 2681 2992 π
2719 2937 2932 3017 inquit,
2973 2963 2998 2993 α
3039 2956 3154 2998 non
3206 2957 3275 3000 ex
3327 2957 3443 3020 me,
3494 2942 3599 3002 sed
3630 2957 3701 3001 ex

340 3054 450 3106 σιν,
519 3055 544 3087 ι
608 3031 702 3088 οὐκ
762 3028 814 3095 ἐξ
871 3031 1022 3101 ἐμοῦ,
1076 3025 1193 3084 ἀλλ’
1252 3027 1313 3082 ἐκ
1366 3035 1458 3084 τοῦ
1501 3025 1628 3101 ἐμοῦ
1652 3025 1904 3100 λήψεται,
1951 3026 1977 3080 ὁ

2062 3041 2155 3096 eo,
2189 3024 2344 3104 quod
2380 3043 2576 3085 meum
2608 3032 2718 3105 est,
2753 3026 3044 3087 Dominus
3072 3025 3244 3102 dixit,
3278 3045 3409 3106 quae
3435 3027 3546 3088 alia
3570 3045 3699 3108 per-

335 3122 524 3199 Κῦριος
585 3121 686 3200 ἔφη
760 3132 916 3175 ποῖον
972 3116 1032 3174 ἂν
1063 3115 1237 3195 ἕτερον
1295 3115 1575 3194 πρόσωπον
1634 3113 1748 3188 εἴη,
1810 3113 1861 3179 ἐξ
1919 3114 1977 3170 οὗ

2060 3129 2204 3200 sena
2233 3111 2427 3200 fuerit,
2462 3131 2531 3173 ex
2565 3131 2678 3192 qua
2704 3113 2939 3174 Domini
2973 3113 3223 3194 Spiritus
3253 3114 3488 3194 accipit,
3522 3134 3697 3196 quam

325 3181 425 3264 τὸι
461 3181 556 3266 τοῦ
615 3181 800 3288 [inp-{ou
852 3209 1061 3281 Πνεῦμα
1111 3181 1389 3280 λαμϐάνει,
1450 3205 1493 3258 εἶ
1539 3203 1618 3278 μὴ
1661 3204 1690 3258 δ
1733 3181 1973 3281 ’Πατὴεη

2060 3198 2268 3261 Pater?
2307 3223 2330 3257 υ
2395 3181 2636 3277 Magnus
2695 3181 3083 3264 nihilominus
3132 3181 3490 3264 Athanasius
3540 3181 3698 3265 hanc

329 3291 393 3357 Ὀ
448 3298 504 3355 δὲ
559 3298 724 3376 μέγας
782 3296 1089 3360 Ἀθανλσιος
1158 3295 1256 3361 τὴν
1313 3295 1560 3359 τοιαύτην
1612 3291 1974 3376 παρεξῇγησιν

2060 3307 2292 3368 pravam
2323 3289 2875 3368 interpretationem
2907 3290 3144 3364 refellit,
3181 3309 3315 3352 cum
3340 3292 3464 3353 haec
3495 3291 3695 3354 verba-

326 3371 652 3465 ἆπελέγχει,
681 3389 735 3444 ἐν
767 3386 854 3448 οἷς
910 3383 1073 3448 οὕτως
1130 3383 1214 3440 ἐπὶ
1270 3381 1459 3447 λέξεως
1489 3379 1658 3459 λέγει,
1699 3404 1720 3436 ι
1775 3371 1832 3438 Ὀ
1876 3381 1974 3454 μὲν

329 3477 479 3554 Υἱὸς,
529 3499 558 3529 ι
592 3476 770 3554 φησὶν,
810 3496 836 3527 α
883 3474 916 3528 ἃ
969 3471 1168 3538 ἤκουσα
1196 3472 1339 3549 παρὰ
1387 3477 1481 3526 τοῦ
1536 3470 1758 3546 Πατρὸς,
1810 3475 1971 3524 ταῦτα

328 3564 422 3620 καὶ
474 3561 621 3618 λαλώ
651 3565 721 3628 εἷς
774 3562 866 3618 τὸν
916 3561 1116 3636 κόσμον
1150 3575 1163 3589 ·
1197 3561 1260 3616 τὸ
1290 3557 1345 3614 δὲ
1369 3565 1579 3634 Πνεῦμα
1622 3558 1681 3613 ἐκ
1709 3560 1800 3613 τοῦ
1841 3557 1971 3633 ἐμοῦ

329 3653 436 3732 γὰρ
495 3650 747 3726 λήψεται,
774 3651 861 3706 καὶ
928 3647 1211 3727 ἀναγγελεῖ
1265 3649 1423 3723 ἡμῖν,
1487 3646 1667 3726 φησίν.
1739 3646 1888 3703 Ἐπεὶ
1943 3649 1971 3732 (ξ

318 3719 478 3819 ἆῖγίος
663 3719 757 3796 τοῦ
799 3741 919 3797 Υἱοῦ
971 3719 1257 3812 λαμϐάνειν
1307 3719 1456 3814 ⁷λέγει
1501 3719 1574 3790 ’τὸ
1633 3733 1845 3810 Πνεῦμα
1889 3719 1984 3790 διδ

319 3834 390 3886 τὸ
423 3832 593 3888 εἰπεῖν
653 3831 706 3886 ἐν
765 3825 1102 3905 Εὗαγγελίοις
1145 3825 1322 3898 αὐτόν,
1378 3847 1405 3879 α
1438 3822 1535 3881 Ἐκ
1588 3823 1679 3879 τοῦ
1710 3822 1838 3898 ἐμοῦ
1860 3822 1966 3893 λή-

318 3926 483 3995 ψεται
539 3943 570 3976 ι
628 3924 742 3982 πῶς
802 3915 1143 3992 ’έστιξλέγειν
1198 3915 1284 3987 τὸ,
1341 3910 1437 3970 Ἐκ
1481 3915 1574 3969 τοῦ
1628 3913 1779 3987 ἐμοῦ,
1838 3914 1966 3995 πρὸς

313 3991 388 4065 τὸ
435 4010 689 4088 πατρικὸν
746 4005 892 4086 ἔχειν
942 3991 1248 4082 πρόσωπον
1319 4001 1417 4069 τὴν
1476 4001 1788 4080 ἀναφοράν;
1838 3991 1966 4063 υοτι

311 4097 376 4154 δὲ
450 4087 635 4152 διὰγτὸ
663 4095 762 4164 τήν
792 4092 1135 4171 εὐαγγελικὴν
1166 4091 1362 4156 ταύτην
1405 4095 1599 4168 χρῆσιν
1629 4092 1721 4144 τὸν
1764 4087 1964 4146 Ἰταλὸν

313 4190 396 4252 εἷς
480 4186 808 4266 παράστασιν
865 4187 963 4248 τῆς
1019 4181 1078 4237 ἐκ
1131 4186 1223 4237 τοῦ
1282 4182 1400 4235 Υἱοῦ
1455 4175 1736 4254 λαμϐάνειν
1806 4177 1968 4256 ὑπάρ-
2004 4175 2016 4190 ³

309 4277 448 4342 Eam;
533 4264 625 4333 τοῦ
683 4277 942 4344 ζωοποιοῦ
1009 4269 1332 4342 Πνεόματος,
1383 4264 1562 4323 ἄνοιαν
1592 4271 1731 4340 αὐτῷ
1759 4267 1962 4329 Φώτιος

313 4363 578 4444 ὀνειδίζει,
649 4365 736 4419 καὶ
808 4358 943 4435 μηδὲ
1024 4359 1089 4414 τὰ
1159 4362 1264 4412 τῶν
1338 4353 1534 4412 παίδων
1591 4353 1776 4411 εἰδέναι
1819 4353 1964 4433 λέγει

2055 3377 2161 3436 tim
2213 3385 2560 3458 pronuntiat
2611 3378 2692 3458 (6)
2731 3398 2744 3440 :
2787 3401 2809 3435 α
2845 3378 3030 3440 Filius
3087 3378 3305 3459 inquit,
3344 3404 3371 3435 α
3406 3398 3538 3460 qua}
3583 3399 3694 3442 au-

2053 3465 2172 3526 divi
2201 3486 2235 3527 a
2264 3469 2460 3540 Patre,
2495 3467 2621 3528 hinc
2667 3475 2725 3528 et
2770 3467 2984 3548 loquor
3032 3467 3697 3550 in.muudum90:Spi-

2053 3553 2202 3617 ritus
2229 3573 2366 3616 vero
2397 3573 2466 3616 ex
2490 3555 2908 3636 Filioﬁaccipit,
2963 3574 3034 3617 ex
3067 3574 3196 3617 meo
3227 3556 3387 3617 enim
3416 3557 3690 3640 accipiet,

2055 3651 2111 3704 et
2139 3643 2510 3705 annuntiabit
2539 3646 2725 3725 vobis,
2753 3645 2964 3725 inquit.
3004 3670 3030 3701 ιο
3068 3643 3212 3706 Cum
3257 3654 3516 3727 sanctus,
3557 3671 3581 3704 ιι
3618 3665 3690 3709 ex

2052 3731 2200 3795 Filio
2232 3733 2513 3812 Spiritum
2538 3733 2833 3814 accipere,
2863 3755 2890 3794 ι
2923 3733 3256 3814 tradat,quo
3285 3733 3386 3797 ille
3413 3736 3474 3797 in
3493 3734 3689 3798 Evan-

2051 3823 2203 3901 gelio
2234 3823 2462 3883 dixerat
2495 3840 2507 3885 :
2548 3847 2576 3879 α
2613 3822 2694 3884 Ex
2749 3842 2880 3885 meo
2929 3822 3198 3902 accipiet,
3243 3849 3265 3879 ιι
3305 3845 3417 3905 qua
3459 3826 3688 3888 ratione

2051 3911 2363 3972 commode
2394 3911 2512 3972 dici
2543 3919 2734 3992 potest
2755 3913 2924 3985 illud,
2958 3930 3026 3973 ex
3059 3931 3192 3974 meo
3223 3913 3297 3973 ad
3326 3913 3512 3975 Patris
3543 3932 3686 3994 per-

2050 4018 2256 4062 sonam
2283 4000 2538 4061 referri?
2561 4002 2634 4062 Et
2663 4021 2797 4063 cum
2831 4003 2983 4063 hanc
3014 4001 3411 4081 evangelicam
3441 4012 3687 4065 senten-

2051 4088 2190 4148 tiam
2221 4087 2398 4150 Italus
2429 4091 2502 4150 ad
2533 4091 3032 4171 comprobandam
3067 4090 3280 4151 vivilici
3305 4092 3561 4171 Spiritus
3591 4111 3690 4156 ex-

2048 4177 2373 4239 sistentiam
2407 4198 2477 4242 ex
2508 4180 2656 4241 Filio
2702 4191 2954 4259 promat,
2989 4179 3074 4240 illi
3115 4180 3419 4241 stultitiam
3470 4201 3688 4262 expro-

2047 4265 2198 4342 brat,
2225 4277 2282 4328 et
2307 4287 2498 4348 neque
2529 4268 2722 4348 ipsum
2752 4268 2906 4332 scire
2947 4268 3182 4342 asserit,
3218 4288 3348 4348 quae
3404 4269 3678 4332 infantuli

2047 4365 2170 4418 tum
2187 4357 2438 4437 primum
2462 4357 2533 4418 ad
2558 4357 2938 4418 littteratores
2954 4355 3308 4417 accedentes
3337 4357 3552 4419 sciunt:
3568 4357 3682 4420 «Ex

311 4457 497 4525 αὺτὸν,
561 4441 718 4528 οἵπερ
771 4450 859 4505 καὶ
916 4447 968 4512 ἐς
1051 4454 1450 4526 γραμματιστοῦ
1505 4441 1618 4520 ἄρτι
1685 4444 1963 4523 φοιτῶνεες

2060 4463 2166 4520 :ne,
2192 4471 2220 4500 »
2253 4456 2310 4506 et
2332 4471 2357 4500 α
2383 4465 2455 4505 ex
2492 4464 2622 4506 meo
2650 4470 2675 4500 ι›
2701 4463 2918 4525 nempe
2941 4444 3205 4519 ditl'erre,
3231 4464 3338 4523 ego
3363 4465 3479 4506 non
3510 4447 3682 4525 plane

308 4542 572 4623 διαφέρειν
631 4538 805 4596 οἴδασι
847 4540 931 4616 τὸ,
1000 4556 1023 4592 (ι
1084 4535 1135 4600 ἐξ
1167 4535 1316 4610 ἐμοῦ,
1371 4556 1394 4591 ι
1431 4535 1560 4612 πρὸς
1589 4534 1674 4610 τὸ,
1713 4553 1741 4587 α
1786 4534 1846 4623 ἐκ
1873 4535 1964 4588 τοῦ

2060 4532 2332 4612 intelligo,
2367 4533 2580 4614 quibus
2609 4534 2795 4623 oculis
2825 4532 3389 4623 obtuebiturdivum
3424 4533 3684 4623 Epipha-

310 4617 478 4707 ἐμοῦ,
507 4655 534 4686 ι
569 4631 664 4687 οῦκ
685 4625 796 4685 οἰδα
812 4626 982 4689 ποίοις
1005 4621 1306 4698 ἀντιϐλέψει
1335 4635 1452 4684 τοῖς
1478 4619 1772 4700 ὀφθαλμοῖς
1805 4617 1961 4676 Ἐπι-

2060 4623 2235 4694 nium,
2264 4641 2398 4683 vere
2438 4623 2702 4702 satisque
2750 4622 2810 4682 in
2855 4621 3034 4681 rebus
3063 4621 3278 4682 divinis
3316 4622 3685 4701 explicandis

308 4743 484 4794 φανιῳ
512 4727 588 4794 τῷ
628 4719 774 4791 θείῳ,
836 4721 910 4788 τῷ
952 4714 1016 4770 τὰ
1057 4716 1176 4769 θεῖα
1207 4710 1371 4775 ὅντως
1417 4711 1685 4790 ἐπιφανεῖ,
1746 4711 1842 4776 τὴν
1903 4709 1964 4774 ἐκ

2060 4711 2370 4784 :elebrem,
2405 4712 2503 4792 qui
2535 4730 2604 4772 ex
2655 4711 2803 4771 Filio
2853 4711 3107 4791 Spiritus
3159 4710 3566 4771 exsistentiam
3614 4730 3685 4773 ex

298 4787 402 4868 τοῦ
470 4811 590 4867 Υἱοῦ
648 4809 740 4864 τοῦ
836 4804 1134 4878 Πνεύματος
1225 4799 1438 4878 ὕπαρξιν
1495 4799 1728 4855 ἐντεῦθεν
1798 4798 1960 4856 συνά-

2060 4803 2160 4861 hnc
2190 4801 2345 4861 dicto
2377 4787 2624 4878 colligit,
2658 4818 2791 4860 cum
2823 4787 2965 4860 dicit
2987 4797 3318 4878 (7);«Quod
3343 4798 3392 4858 si
3415 4797 3684 4862 Christus

297 4920 480 4980 γοντι,
527 4902 582 4954 ἐν
651 4897 739 4959 οἶς
799 4916 958 4974 φησιν
993 4909 1006 4922 ⁸
1046 4912 1070 4948 ι
1108 4892 1164 4947 Εἰ
1193 4887 1248 4944 δὲ
1290 4890 1512 4966 Χριστὸς
1559 4888 1617 4943 ἐκ
1641 4894 1734 4943 τοῦ
1755 4889 1961 4980 Πατρὸς

2060 4909 2109 4952 ΒΧ
2161 4893 2332 4952 Patre
2390 4895 2676 4963 creditur,
2736 4891 2890 4951 Deus
2939 4907 3008 4949 ex
3057 4888 3201 4960 Deo,
3237 4895 3296 4980 et
3327 4888 3581 4966 Spiritus
3610 4908 3684 4952 ex

295 4975 632 5054 πιστεῦεται,
707 4985 836 5046 Θεὸς
919 4980 980 5036 ἐκ
1037 4986 1186 5052 Θεοῦ,
1231 4979 1318 5034 καὶ
1360 4979 1420 5033 τὸ
1490 4983 1700 5052 Πνεῦμα
1750 4975 1809 5032 ἐκ
1867 4984 1959 5033 τοῦ

2060 4980 2298 5054 3hristo,
2352 4987 2457 5040 aut
2501 4979 2573 5039 ab
2620 4979 2910 5059 utrisque,
2944 4986 3005 5037 ut
3034 4976 3114 5037 ait
3157 4975 3426 5038 Christus
3469 4978 3625 5051 :Qui
3654 4997 3690 5042 a

298 5086 563 5157 Χριστοῦ,
620 5075 657 5142 ἢ
711 5070 834 5147 παρ’
887 5069 1214 5150 ἀμφοτέρων,
1281 5068 1373 5157 ὡς.
1406 5088 1564 5145 φησιν
1621 5068 1648 5157 ὁ
1707 5067 1953 5157 ξριστδεν

2060 5070 2216 5130 Ψδιτο
2241 5068 2529 5149 procedit,
2563 5069 2738 5130 ethic
2770 5087 2840 5130 ex
2873 5085 3004 5130 meo
3035 5063 3308 5144 accipiet.
3345 5089 3373 5123 ι

305 5153 366 5225 α’
421 5155 500 5222 UO
548 5153 706 5243 ⁷παρὰ
746 5168 837 5218 τοῦ
893 5161 1094 5236 Πατρὸς
1159 5155 1516 5235 ἐκπορεύεται,
1562 5155 1650 5211 καί
1692 5155 1841 5218 οὗτος
1895 5153 1954 5209 ἐιι

293 5261 402 5313 τοῦ
447 5254 577 5330 ἐμοῦ
617 5251 875 5327 λήψεται.
912 5270 936 5305 ι

388 5391 446 5442 ¹εἰ
468 5389 643 5454 Joan.
674 5405 718 5465 ι,
750 5387 852 5452 32.
897 5384 955 5436 ¹9
978 5383 1148 5448 Joan.
1183 5398 1302 5457 XVI,
1335 5381 1433 5445 14.
1478 5379 1541 5433 20
1566 5379 1712 5443 ibid.
1743 5397 1842 5458 xv,
1878 5379 1977 5446 15.

2120 5536 2199 5622 (β)
2231 5534 2497 5622 ξὶρίειοια
2525 5539 2597 5601 ad
2631 5536 3040 5622 Serapionem.

383 5551 464 5625 (5)
493 5547 782 5613 Oratione
825 5545 901 5608 de
953 5540 1362 5625 Apparatione
1410 5539 1472 5625 in
1529 5557 1738 5625 car_ne,_
1783 5539 1956 5618 eujus

2122 5617 2205 5697 (7)
2240 5617 2307 5680 In
2336 5619 2647 5699 Ancyroto.

290 5619 687 5716 principium:
720 5625 835 5716 Qui
855 5619 1034 5716 ηιαιῶ
1052 5619 1297 5687 ortibus
1324 5621 1569 5686 divinas
1596 5619 1956 5699 Scriptura:

288 5710 647 5793 intelligere
679 5710 910 5771 volunt.
