4178 6286
464 261 609 340 .33'9‘
1578 269 1784 333 JOAN.
1832 269 2052 332 VECCI
2095 268 2205 331 GP.
2240 267 2761 332 PATRIARCHE
3737 270 3851 337 340

472 374 688 470 Filium
719 398 974 486 Spiritus
1003 404 1193 466 sancti
1224 402 1653 474 exsistentiam,
1688 399 2115 481 redarguerim.

2211 399 2265 457 ἐν
2320 399 2431 476 ἰδίῳ
2459 405 2602 478 ἡμᾶς
2631 404 2820 481 ᾐτήσω
2875 402 3023 484 λόγῳ
3074 403 3371 486 διαλαϐεῖν,
3404 406 3525 464 ὅποι
3583 413 3689 464 τῶν
3731 408 3852 469 εαυ-

477 495 905 560 Verumtamen
938 515 1074 558 cum
1093 496 1174 558 ita
1197 495 1385 556 visum
1410 493 1516 554 tibi
1549 491 1841 558 sit,amice
1864 493 2115 554 Contan-

2205 500 2296 550 τοῦ
2350 494 2779 570 συγγραμμάτων
2836 493 2994 558 αὒτὸς
3061 497 3233 570 ὲαυτῷ
3302 497 3530 574 Κύπριος
3587 497 3854 555 ἐναντιού-

477 584 626 657 tiae,
661 594 719 648 et
739 585 1076 665 petieris,ut
1103 581 1388 661 peculiari
1419 580 1620 642 libello
1640 578 2122 659 deprehendere-

480 692 635 749 mus,
670 693 786 756 quo
818 691 1057 735 suorum
1090 671 1663 735 Commentariorum
1689 668 1819 729 loco
1842 667 2124 748 ipsesibi-

477 763 711 844 metipsi
744 763 990 843 Cyprius
1019 761 1386 833 adversetur,
1433 767 1544 820 tuae
1596 757 1863 839 petitioni
1893 775 2122 818 morem

475 869 972 931 gero,rursusque
1001 868 1210 911 manus
1242 867 1372 911 mea
1403 848 1708 928 scriptioni
1734 864 1974 927 operam
1999 846 2118 908 dat:

476 949 536 1003 at
564 960 682 1002 non
706 941 843 1001 item
879 958 1047 1001 mens
1079 938 1150 1000 ad
1183 938 1420 999 diversa
1450 938 1522 998 ab
1554 936 1787 1016 iis,quae
1813 936 1973 1016 prius
1999 935 2122 997 edi-

476 1028 1087 1109 xeram,sentiendum
1119 1027 1658 1089 convertitur.Cum
1695 1025 1853 1087 enim
1885 1024 1955 1085 ad
1978 1042 2121 1085 sen-

474 1121 691 1181 tentias
720 1118 994 1199 dictaque
1027 1117 1225 1199 Cyprii
1259 1136 1375 1177 non
1405 1115 1629 1196 absque
1657 1132 1860 1176 errore
1881 1112 2124 1175 concin-

475 1207 989 1289 nata,refellenda,
1011 1207 1165 1288 quod
1197 1224 1346 1286 opus
1379 1214 1505 1267 erat
1532 1223 1566 1266 a
1596 1202 1769 1265 nobis
1795 1211 1852 1264 et
1882 1202 2121 1281 excogi-

476 1297 610 1371 tari,
644 1305 704 1358 et
731 1296 966 1370 dictari,
1023 1295 1289 1375 perfecte
1340 1313 1447 1375 per
1501 1312 1609 1356 nos
1665 1293 2002 1354 absolutum
2049 1290 2126 1352 sit

473 1385 886 1446 tantummodo
910 1384 968 1446 in
994 1384 1307 1463 praesentia
1338 1400 1547 1445 manus
1561 1391 1675 1444 tua;
1697 1381 1969 1462 petitioni
1996 1398 2128 1441 mo-

474 1472 724 1555 rigeraa
742 1472 1053 1552 permultis
1072 1472 1190 1534 illis
1222 1479 1416 1551 partes
1444 1470 1727 1552 quasdam
1755 1470 2126 1544 discindens,

474 1569 532 1622 et
565 1569 870 1639 segmenta
896 1559 1505 1642 scripto,abicumque
1530 1577 1634 1641 par
1666 1568 2127 1640 est,proponens

472 1649 934 1728 obtemperabit.
967 1649 1039 1710 Et
1057 1649 1182 1729 jam
1217 1648 1379 1710 audi.

547 1740 609 1802 2.
643 1738 840 1799 Primo
886 1757 993 1799 suo
1028 1747 1188 1800 torno
1221 1737 1477 1819 Cyprius
1516 1737 1740 1799 dictum
1774 1735 1920 1797 illud
1954 1753 2124 1797 asse-

466 1845 648 1891 rens:
683 1826 799 1888 «Ex
832 1827 1090 1889 essentia
1119 1826 1308 1887 Patris
1336 1836 1395 1889 et
1417 1827 1549 1891 Filii
1581 1824 2124 1907 Spiritumjprosili-

466 1935 566 1979 re»
578 1935 751 1998 prave
765 1915 1360 1997 interpretans,dicit:
1377 1916 1649 1979 «Nemini
1669 1934 1786 1976 non
1802 1923 2003 1976 notum
2020 1921 2123 1987 est,

467 2005 606 2068 dum
639 2003 895 2086 Spiritus
925 2014 1167 2068 sanctus
1203 2024 1272 2066 ex
1300 2005 1559 2067 essentia
1590 2004 1778 2067 Patris
1808 2004 2117 2074 asseritur,

466 2094 654 2177 probe
710 2094 929 2176 pieque
974 2094 1114 2170 dici,
1151 2113 1219 2157 ex
1252 2094 1508 2156 essentia
1536 2113 1774 2176 quoque
1805 2092 1974 2155 Filii:
2003 2111 2120 2153 una

463 2182 762 2264 siquidem
795 2182 1024 2246 est.nEt
1049 2182 1253 2261 paucis
1287 2187 1534 2245 annexis
1561 2205 1575 2242 :
1605 2208 1631 2239 α
1653 2181 1948 2255 Quoniam
1978 2199 2117 2242 vero

467 2289 586 2333 una
614 2278 733 2347 est,
764 2270 1044 2352 Spiritus,
1066 2273 1168 2351 qui
1199 2290 1267 2331 ex
1299 2272 1558 2333 essentia
1588 2270 1782 2332 Patris
1810 2269 2114 2343 asseritur,

470 2378 541 2423 ex
571 2358 829 2421 essentia
854 2358 999 2421 item
1031 2358 1166 2421 Filii
1183 2358 1437 2421 existere
1455 2358 1801 2421 conceditur
1820 2357 1893 2418 ab
1917 2357 2080 2419 omni
2099 2391 2115 2402 -

2150 1689 2187 1738 Β

2206 601 2360 654 μενος
2420 582 2679 661 φαίνεται,
2744 581 2966 639 ἐπινεύω
3009 581 3112 651 ἤδη
3169 585 3300 663 πρὸς
3357 585 3452 652 τὴν
3498 585 3739 660 αἴτησιν,
3772 579 3856 643 καὶ

2204 669 2401 746 γίνεται
2469 669 2628 728 πάλιν
2684 672 2814 751 πρὸς
2858 674 2919 728 τὸ
2979 673 3194 753 γράφειν
3237 675 3271 741 ἡ
3313 674 3452 753 χείρ,
3492 674 3564 732 Οὒ
3616 676 3716 754 γὰρ
3773 676 3852 753 ἃν,

2206 779 2294 813 και
2340 760 2367 814 ὁ
2424 764 2543 821 νουῖ
2587 761 2718 838 πρὸς
2777 762 2837 817 τὺ
2869 773 3039 817 νοετεν
3087 761 3236 840 ἔτερα
3288 768 3394 819 τῶν
3448 764 3589 842 πρὶν,
3625 764 3855 839 εἴποιμι,

2207 846 2424 902 Πάντων
2483 848 2583 927 γὰρ
2662 850 2760 906 ὃσα
2843 851 2974 927 πρὸς
3059 848 3324 930 ἂτίῤῥησιν
3394 853 3494 919 τῆν
3553 853 3858 933 ἑπισφαλῶς

2203 937 2290 991 καὶ
2348 936 2667 1012 νοηθέντων,
2716 938 2804 994 καὶ
2864 937 3124 1015 ῥηθέντων
3169 940 3402 1019 Κυπρίῳ,
3463 945 3722 1008 νοηθῆναι
3779 946 3861 1001 καὶ

2204 1023 2425 1111 ῥηθῆναι
2479 1026 2605 1103 παρ’
2661 1028 2815 1101 ἡμῶν
2846 1025 2971 1102 ἔδει,
3005 1026 3299 1092 ἆνελλιπῶς
3375 1030 3510 1104 ἡμῖν
3568 1028 3860 1111 διαπεραντ

2204 1110 2416 1189 θέντων,
2478 1113 2615 1188 μόνη
2674 1116 2805 1192 πρὸς
2871 1117 2931 1172 τὸ
2984 1118 3153 1196 παρὸν
3211 1117 3245 1185 ἡ
3303 1117 3422 1196 χεὶρ
3479 1124 3546 1186 τῆ
3589 1110 3741 1184 πρὸς
3767 1121 3861 1188 τὴν

2207 1200 2307 1267 σὴν
2352 1201 2568 1268 αἴτησιν
2626 1203 2882 1283 ἐπινεύσει
2951 1206 3105 1280 ἡμῶν
3170 1206 3509 1286 ὁπουργήσει,
3575 1206 3715 1287 μέρη
3751 1211 3861 1266 τινὰ

2209 1295 2313 1346 τῶν
2370 1288 2585 1347 πολλῶν
2683 1292 2894 1348 ἐκείνων
2971 1290 3352 1372 ἀποδιαιροῦσα
3420 1297 3507 1352 καὶ
3579 1299 3857 1373 τμήματα,

2213 1380 2297 1434 καὶ
2340 1385 2408 1456 τῇ
2451 1385 2649 1458 γραφῇ,
2700 1379 2823 1438 ὅποι
2895 1379 2957 1437 ἂν
3037 1383 3123 1441 καὶ
3179 1383 3458 1464 προσήκοι,
3506 1387 3855 1465 χαριζομένη.

2213 1468 2310 1524 Καὶ
2352 1467 2506 1528 ἄκουε
2551 1466 2639 1539 δή.

2286 1722 2361 1808 β’.
2422 1733 2510 1791 Ἐν
2568 1735 2644 1809 τῷ
2699 1736 2893 1814 πρώτῷ
2941 1741 3096 1795 αὐτοῦ
3123 1737 3274 1812 τόμῳ
3316 1739 3545 1818 Κύπριος
3575 1741 3702 1818 τὴν,
3743 1765 3770 1797 α
3803 1742 3861 1798 ἐκ

2206 1820 2305 1888 τῆς
2361 1822 2533 1887 οὖσίας
2563 1825 2765 1902 Πατρὸς
2814 1826 2900 1882 καὶ
2989 1828 3069 1882 106
3124 1826 3366 1903 προϊέναι
3419 1830 3480 1885 τὸ
3538 1836 3777 1905 Πνεῦμα,
3824 1851 3851 1890 ιι

2207 1911 2506 1989 φάσκουσαν
2590 1914 2740 1991 ῥῆσιν
2827 1913 3282 1994 παρεξηγούμενος
3316 1964 3332 1989 ,
3449 1918 3588 1975 οὕτω
3673 1921 3855 1994 φησὶν,

2216 1982 2239 2055 ἆ
2279 2000 2438 2056 Παντί
2494 1982 2600 2060 που¹
2636 2000 2795 2069 δῆλον
2853 1982 2925 2066 ὡς
2957 2006 3015 2060 τὸ
3042 1982 3287 2079 ’Πνεῦμα
3318 1982 3390 2062 ,τὸ
3447 2006 3598 2085 ἅγιον
3657 1982 3855 2076 ὲκ-τῆς

2201 2089 2376 2152 οὗσίας
2434 2087 2722 2168 λεγόμενον
2803 2094 2897 2148 τοῦ
2972 2093 3171 2170 Πατρὸς
3234 2093 3413 2160 καλῶς
3470 2093 3533 2150 ἂν
3590 2094 3714 2175 ἔχοι
3772 2099 3856 2153 καὶ

2203 2175 2425 2237 εὖσεϐὡς
2460 2179 2548 2235 καὶ
2576 2180 2637 2235 ἐκ
2661 2185 2759 2247 τῆς
2790 2189 2883 2237 τοῦ
2947 2183 3067 2238 T106
3109 2180 3354 2260 λέγεσθαι
3388 2198 3403 2214 ⁶
3470 2184 3564 2259 μία
3625 2186 3727 2263 γαρ
3763 2204 3776 2218 ⁶
3830 2213 3853 2241 ι

2199 2267 2287 2321 καὶ
2345 2264 2462 2341 μετ’
2518 2266 2670 2347 ὀλίγα
2705 2283 2719 2299 ⁸
2788 2292 2814 2323 ι
2857 2271 3000 2326 Διότι
3059 2268 3116 2325 δὲ
3173 2271 3268 2344 μία
3323 2274 3385 2328 τὸ
3453 2271 3513 2329 ὲκ
3544 2278 3645 2341 τῆς
3679 2275 3854 2338 οὗσίας

2201 2353 2621 2433 ὁμολογούμενον
2691 2368 2783 2417 τοῦ
2837 2362 3039 2438 Πατρὸς
3084 2366 3318 2436 Πνεῦμα,
3365 2364 3451 2419 καὶ
3493 2363 3552 2419 ἐκ
3603 2370 3704 2432 τῆς
3765 2372 3856 2423 τοῦ

468 2447 604 2509 bus.
638 2451 862 2510 Verum
894 2466 1013 2509 non
1058 2455 1372 2529 propterea
1409 2449 1534 2527 jam
1588 2454 1648 2509 et
1703 2466 1773 2508 ex
1816 2445 2115 2526 hypostasi

2209 2447 2332 2501 T106
2386 2446 2645 2525 ὑπάρχειν
2705 2447 3076 2527 ὁμολογεῖται.
3132 2449 3282 2518 Πλὴν
3336 2456 3395 2511 οῦ
3422 2450 3507 2508 διὰ
3535 2460 3695 2512 τοῦτο
3752 2453 3852 2522 ἤδη

465 2536 626 2599 Filii.
661 2561 684 2591 ι
718 2536 959 2599 Similes
1003 2535 1198 2616 Cyprii
1249 2553 1592 2598 sermonum
1629 2535 1923 2615 pericopae
1957 2534 2115 2595 illius

2205 2535 2286 2590 καὶ
2343 2532 2403 2589 ἐκ
2458 2538 2555 2603 τῆς
2599 2545 2692 2595 τοῦ
2734 2539 2855 2597 T106
2903 2539 3267 2602 ὑποστάσεως.
3318 2572 3339 2601 ι
3386 2544 3446 2597 A1
3494 2540 3559 2609 δὴ
3618 2551 3852 2599 τοιαῦται

469 2624 687 2687 mentis
713 2632 1048 2686 commenta
1075 2631 1235 2697 sunt,
1267 2633 1326 2686 et
1356 2644 1514 2687 nunc
1559 2644 1770 2687 recens
1814 2624 1886 2686 ad
1916 2634 2115 2686 nostra

2205 2628 2308 2678 τῶν
2365 2622 2522 2680 αὖτοῦ
2604 2623 2776 2704 λόγων
2860 2630 3139 2706 περικοπαὶ
3220 2634 3315 2695 τῆς
3399 2629 3556 2688 αὒτοῦ
3624 2629 3852 2695 διανοίας

467 2713 690 2795 scripta
714 2712 1103 2776 convellenda
1152 2714 1515 2794 excogitatae.
1569 2714 1689 2777 Sed
1750 2716 1912 2791 juxta
1966 2714 2115 2775 hanc

2205 2712 2464 2792 ἐφεύρεμα
2512 2715 2689 2794 οὖσαι,
2763 2715 2893 2772 κάπὶ
2952 2722 3019 2793 τῇ
3073 2717 3178 2773 τῶν
3233 2717 3507 2798 ἡμετέρων
3551 2719 3852 2800 ἆντιῤῥήσει

467 2802 738 2866 eamdem
767 2809 1129 2878 mentem,ex
1151 2803 1339 2884 ipsius
1369 2822 1577 2865 rursus
1608 2803 1785 2864 dictis
1809 2802 2115 2883 responsio

2206 2823 2274 2857 κα
2287 2804 2659 2880 ινουργεθετσαι
2718 2810 2955 2884 γραφῶν,
3041 2802 3161 2861 καθ’
3236 2808 3419 2863 ὂποίαν
3475 2809 3570 2876 τὴν
3629 2806 3856 2867 διάνοιαν

464 2891 527 2954 in
562 2899 836 2973 promptu
871 2899 983 2969 est,
1016 2911 1133 2974 qua
1182 2892 1426 2970 quidem
1477 2893 1624 2954 nihil
1656 2894 1907 2969 ﬁrmius,
1935 2891 1985 2952 si
2016 2893 2115 2956 tibi

2208 2890 2307 2958 τὴν
2365 2890 2425 2946 ἐκ
2497 2890 2598 2947 τῶν
2658 2890 2814 2949 αὐτοῦ
2874 2892 3029 2951 πάλιν
3072 2894 3322 2969 ῥημάτων
3364 2896 3659 2964 ἀπάντησιν
3690 2898 3854 2979 ἔχου·-

464 2980 555 3044 illi
583 2981 1040 3044 contradicendi
1069 2982 1304 3045 animus
1352 2991 1462 3059 est,
1494 2982 1874 3065 reputabitur
1910 3002 1924 3044 :
1959 2982 2115 3062 quod

2210 3003 2314 3059 σιν,
2371 2983 2439 3049 ἧς
2481 2978 2625 3038 οῦδὲν
2668 2981 3026 3062 γενναιότερον
3081 2983 3386 3060 βουλομένῷ
3417 3008 3497 3043 σοι
3570 2975 3856 3062 αὐτῷ-’ἆν-

464 3069 860 3152 praasentibus
892 3071 1212 3135 intendens
1240 3080 1403 3135 recte
1418 3072 2115 3154 accipies.Aliaejusdem

2205 3069 2429 3149 τιλέγειν
2471 3071 2801 3149 κριθήσεται.
2838 3069 2986 3128 Οὕτω
3031 3070 3095 3140 δὴ
3145 3073 3429 3154 προσέχων
3484 3088 3601 3139 τοῖς
3645 3080 3850 3157 παροῦ-

467 3160 608 3222 tomi
641 3168 810 3242 parte
839 3161 1211 3242 respondens
1239 3161 1312 3223 ad
1346 3181 1470 3236 eos,
1504 3161 1605 3244 qui
1635 3180 1813 3223 unam
1863 3160 2115 3242 Spiritus

2205 3181 2281 3216 σιν
2351 3158 2507 3222 αὒτὸς
2564 3173 2837 3236 γνωριεῖς.
2918 3160 3005 3218 Ἐν
3059 3158 3240 3225 ἄλλοις
3306 3168 3399 3218 τοῦ
3462 3166 3620 3221 αὺτοῦ
3682 3167 3853 3242 τόμου

462 3265 705 3310 causam
735 3251 975 3313 Patrem
1006 3260 1063 3314 et
1096 3251 1312 3315 Filium
1361 3260 1659 3329 astruunt,
1694 3262 1750 3312 et
1782 3250 2000 3311 multas
2053 3250 2115 3311 in

2205 3249 2402 3328 μέρεσι,
2435 3248 2564 3326 πρὸς
2619 3249 2740 3313 τοὺς
2783 3247 2837 3305 ἔν
2891 3258 2982 3308 τοῦ
3036 3251 3339 3326 Πνεύματος
3388 3251 3556 3311 αἴτιον
3600 3256 3692 3313 τὸν
3740 3262 3856 3312 Πα-

463 3337 707 3400 eosdem
738 3357 925 3419 nugas
983 3341 1621 3421 profundens,tandem
1676 3352 1958 3422 tanquam
1997 3339 2113 3403 ali-

2208 3337 2331 3416 τέρα
2399 3338 2486 3392 καὶ
2555 3338 2645 3393 τὸν
2705 3339 2825 3394 Υἱὸν
2879 3336 3131 3416 λέγον-ας
3204 3339 3449 3397 ἀπαντῶν
3521 3345 3695 3415 οὗτος,
3772 3349 3857 3402 καὶ

460 3426 619 3505 quod
639 3427 1166 3508 inauspicatum,et
1186 3430 1343 3511 quod
1366 3430 1773 3493 adversarium
1795 3429 2021 3509 absque
2039 3430 2115 3491 ul‘

2208 3425 2371 3484 πολὺν
2418 3423 2537 3483 κατ’
2579 3428 2748 3483 αῦτῶν
2800 3427 3046 3507 προχέων
3116 3429 3208 3484 τὸν
3261 3427 3436 3505 ὕθλον,
3480 3430 3634 3497 τέλος
3674 3434 3856 3513 ὥσπερ

457 3515 517 3576 lo
537 3513 753 3595 effugio
772 3515 1053 3597 disjicere
1070 3518 1443 3598 aptissimum
1460 3519 1559 3600 sit,
1586 3517 1883 3600 proponit:
1901 3543 1920 3573 ι
1936 3515 2115 3589 Quae-

2211 3514 2548 3589 δυσάντητον,
2608 3517 2695 3572 καὶ
2763 3518 2854 3572 τὸν
2925 3515 3181 3574 ἀντίδικον
3239 3516 3384 3575 ἑλεῖν
3438 3517 3639 3600 ἄφυκτα
3681 3522 3851 3604 ἔχων,

457 3621 620 3679 nam,
654 3604 1425 3688 interrogat,unitas,unum
1466 3626 1658 3671 causa
1687 3606 1928 3689 probat?
1946 3608 2115 3672 Anne

2211 3602 2328 3661 τόδε
2369 3602 2721 3684 προϐάλλεται
2758 3622 2772 3637 ·
2813 3628 2835 3660 ιι
2894 3607 3024 3662 Ποία
3078 3629 3178 3676 τις,
3234 3628 3258 3662 ι
3293 3608 3482 3690 ἐρωτᾷ,
3521 3633 3549 3666 α
3583 3602 3773 3681 ἑνότης
3794 3614 3854 3670 τὸ

457 3693 749 3755 essentia?
770 3697 836 3755 Et
862 3713 1119 3775 quanam
1152 3696 1404 3773 ratione,
1440 3716 1574 3759 cum
1610 3693 1916 3758 communi
1948 3695 2115 3757 theo-

2205 3692 2257 3750 ’έν
2299 3694 2397 3761 τῆς
2483 3694 2646 3759 αἰτίας
2737 3716 3023 3774 παριστησι
3057 3715 3072 3776 ;
3121 3696 3349 3776 Πότερον
3400 3699 3435 3766 ἡ
3477 3703 3576 3766 τῆς
3619 3700 3798 3765 οὖσίας
3834 3718 3850 3776 ;

457 3778 726 3859 logorum
760 3780 1005 3843 decreto
1064 3802 1216 3844 unus
1273 3791 1365 3846 est
1414 3784 1747 3847 secundum
1801 3782 2115 3845 essentiam

2205 3783 2288 3838 καὶ
2358 3788 2474 3847 πῶς
2553 3782 2607 3838 ἓν
2688 3782 2810 3839 κατ’
2879 3784 3056 3843 οὐσίαν
3127 3788 3288 3863 Πατρί
3356 3806 3413 3842 τε
3467 3789 3555 3844 καὶ
3628 3793 3734 3864 Υἱῷ
3793 3791 3852 3846 τὸ

457 3885 595 3931 cum
621 3872 794 3933 Patre
817 3869 1491 3955 etFilioSpiritus,a=,que
1522 3874 1698 3936 etiam
1723 3872 1852 3953 ipse
1881 3879 1941 3933 et
1977 3891 2115 3953 pro-

2205 3879 2411 3947 Πνεῦμα
2454 3870 2888 3950 θεολογούμενον,
2962 3872 3058 3929 οὒκ
3114 3872 3177 3929 ἂν
3231 3880 3318 3931 και
3376 3877 3500 3934 αὐτὸ
3552 3876 3849 3955 προϐλητι-

460 3955 742 4035 ducendi,
769 3968 828 4022 et
849 3960 1173 4041 procedere
1192 3961 1448 4023 faciendi
1471 3961 1814 4025 facultatem
1849 3980 1966 4022 non
2004 3962 2114 4023 ba-

2205 3961 2299 4029 m‘w
2357 3959 2501 4018 ἔσται
2559 3963 2647 4017 καὶ
2720 3962 3138 4043 ἐκπορευτικόν,
3208 3986 3228 4019 ο
3307 3964 3415 4032 Τῆν
3487 3963 3550 4030 δὴ
3602 3968 3849 4033 τοιαύτην

455 4043 621 4109 bet?»
646 4046 811 4110 Hanc
842 4067 1007 4111 suam
1039 4048 1559 4127 interrogationem
1593 4050 1840 4132 Cyprius
1888 4069 2110 4132 propo-

2205 4050 2454 4130 ἐρώτησιν
2512 4048 2864 4122 προϐάλλεται
2950 4052 3048 4126 μὲν
3122 4053 3371 4131 Κύπριος,
3447 4056 3520 4117 ὡς
3583 4056 3850 4133 ἀπαρνού-

458 4145 812 4218 nens,negat
839 4155 1036 4200 causae
1064 4139 1478 4222 ratione,quod
1509 4160 1542 4202 a
1576 4141 1867 4219 theologis
1893 4140 2113 4201 nostris

2205 4160 2352 4213 μενος
2424 4140 2484 4194 τὸ
2527 4139 2663 4195 κατὰ
2705 4140 2795 4194 τὸν
2843 4148 2937 4211 τῆς
2981 4140 3147 4204 αἰτίας
3202 4138 3363 4219 λόγον
3418 4154 3537 4206 τοῖς
3576 4142 3846 4222 θεολόγοις

459 4226 737 4290 Patribus
761 4226 1202 4311 insinuatur,ex
1225 4230 1484 4293 essentia
1510 4229 1706 4293 Patris
1734 4240 1792 4292 et
1822 4230 1954 4293 Filii
1981 4228 2110 4310 Spi-

2205 4228 2347 4303 ἡμῶν
2405 4228 2664 4306 Πατράσιν
2736 4227 2798 4285 ἐκ
2852 4233 2949 4295 τῆς
3007 4229 3182 4293 οὐσίας
3240 4231 3442 4308 Πατρὸς
3497 4231 3587 4287 καὶ
3627 4234 3747 4288 T106
3787 4232 3846 4287 τὸ

455 4314 636 4378 ritum
665 4314 947 4380 esse.Nos
971 4319 1247 4401 vero,qui
1278 4320 1338 4381 in
1370 4321 1524 4382 hanc
1548 4318 1905 4382 sententiam
1940 4319 2104 4379 theo-

2205 4322 2406 4391 Πνεῦμα
2446 4313 2811 4393 θεολογετσθαι
2846 4330 2859 4345 ⁸
2895 4318 3061 4391 ἡμεῖς
3105 4316 3156 4372 δὲ
3207 4319 3253 4374 οἱ
3297 4319 3369 4381 εἰς
3426 4328 3660 4378 τοιοῦτον
3689 4318 3845 4398 λόγον

455 4403 712 4484 logicum
742 4405 967 4468 dictum
1000 4408 1386 4489 assumimus,
1420 4409 1718 4491 quomodo
1748 4406 2108 4488 sibimetipsl

2205 4405 2290 4473 τὴν
2355 4402 2670 4482 θεολογικὴν
2744 4404 2938 4472 ταύτην
3035 4405 3379 4486 ἐκδεχόμενοι
3466 4409 3643 4486 ῥῆσιν,
3700 4407 3845 4470 ὅπως

454 4494 702 4575 Cyprius
730 4493 828 4556 hic
856 4494 1225 4574 adversatur,
1260 4500 1517 4579 primum
1552 4499 1857 4573 docentes,
1893 4515 2108 4558 secun-

2205 4495 2345 4553 ὠτὸς
2399 4495 2569 4568 ἑαυτῷ
2655 4492 2871 4551 ἐνταῦθα
2957 4495 3187 4574 Κύπριος
3268 4498 3590 4575 περιπίπτει,
3650 4500 3844 4577 πρότε-

452 4580 594 4644 dum
650 4585 835 4645 nostri
889 4584 1182 4665 propositi
1228 4604 1473 4668 scopum
1533 4593 1919 4669 praeeuntem,
1986 4591 2109 4644 tum

2205 4585 2282 4641 »όν
2339 4605 2397 4640 σε
2470 4580 2867 4648 ἀναδιδάξειν-τες
2937 4584 3075 4640 κατὰ
3126 4587 3187 4641 τὸ
3243 4586 3642 4665 προηγούμενον
3712 4588 3843 4661 ἡμῖν

452 4669 739 4754 deinceps
788 4671 1354 4751 demonstrabimus,
1415 4676 1637 4738 dictum
1694 4691 1990 4742 asserens.
2026 4692 2096 4735 ex

2205 4681 2271 4736 τοῦ
2342 4672 2569 4745 σκοποῦ,
2635 4669 2822 4751 ἐφεξῆς
2890 4673 3305 4751 παραστήσομέν
3347 4695 3434 4729 σοι
3498 4676 3587 4730 καὶ
3627 4672 3769 4740 ὅπως
3810 4675 3842 4741 ἡ

452 4764 714 4826 essentia
739 4762 933 4826 Patris
963 4771 1024 4830 et
1049 4764 1180 4827 Filii
1213 4784 1349 4830 esse
1398 4767 1707 4849 Spiritum,
1769 4763 2096 4826 secundum

2210 4785 2243 4818 κ
2305 4767 2407 4828 τῆς
2480 4761 2657 4822 οὐσίας
2728 4762 2934 4840 Πατρὸς
3006 4762 3094 4817 καὶ
3150 4764 3270 4819 T106
3323 4765 3461 4818 εἶναι
3520 4763 3581 4818 τὸ
3637 4762 3843 4837 Πνεῦμα

446 4853 737 4915 rationem
771 4857 1175 4918 causael’atres
1203 4848 1856 4937 nostrosaccepisse,et
1876 4854 2096 4914 nullam

2205 4851 2505 4930 πεολογοῦσα
2551 4848 2724 4927 ῥῆσις,
2793 4851 2928 4906 κατὰ
2988 4851 3078 4906 τὸν
3147 4856 3247 4918 τῆς
3318 4851 3483 4915 αἱτίας
3528 4850 3685 4929 λόγον
3727 4863 3841 4914 τοϊς

445 4958 579 5004 esse
608 4942 1049 5018 necessitatem,
1083 4962 1155 5005 ex
1209 4963 1281 5007 eo
1331 4945 1489 5027 quod
1546 4944 1803 5026 Spiritus
1859 4949 2098 5003 sanctus

444 5030 970 5095 consubstantialis
995 5031 1072 5095 sit
1102 5035 1356 5109 Patri,et
1384 5034 1846 5110 Filio,eumdem
1866 5048 2103 5112 quoque

445 5126 503 5183 et
534 5117 933 5201 producendi,
961 5128 1020 5183 et
1053 5123 1379 5202 procedere
1435 5123 1697 5186 faciendi
1760 5121 2099 5183 facultatem

445 5207 692 5272 habere.
723 5209 841 5271 Sed
878 5228 1133 5291 quanam
1187 5212 1422 5277 ratione
1468 5214 1528 5277 id
1574 5211 1979 5276 docebimus?
2004 5207 2103 5271 Sic

445 5296 506 5360 in
540 5315 674 5360 cum
714 5297 1162 5361 contendentes.

525 5384 585 5448 3.
620 5384 869 5460 Quando
902 5385 1009 5448 tibi
1040 5387 1121 5449 ita
1148 5388 1401 5456 videtur.
1434 5391 1673 5475 Cyprie,
1705 5391 1757 5454 si
1788 5390 1920 5474 quis
1965 5386 2100 5450 dic-

441 5480 566 5537 tum
593 5482 895 5554 astruens,
931 5494 1002 5538 ex
1032 5478 1288 5542 essentia
1318 5479 1506 5544 Patris
1540 5489 1598 5544 et
1622 5480 1758 5544 Filii
1797 5478 2095 5562 Spiritum

432 5581 588 5643 esse,
620 5580 863 5628 causam
933 5569 1145 5632 notare
1204 5569 1603 5649 contenderit,
1665 5568 1908 5634 absurdi
1950 5565 2094 5649 quid

2186 4941 2451 5021 Πατράσιν
2521 4938 2676 5015 ἡμιῖη
2744 4937 3028 5019 ἐξελήφθη,
3086 4941 3175 4996 καὶ
3231 4940 3441 5019 ἀνάγκη
3491 4962 3572 5005 τις
3632 4938 3843 5016 οωεμία

2185 5029 2270 5087 διὰ
2325 5030 2386 5085 τὸ
2429 5029 2562 5108 πρὸς
2622 5028 2714 5083 τὸν
2772 5028 2979 5108 Πατέρα
3007 5029 3094 5085 καὶ
3137 5029 3228 5083 τὸν
3272 5030 3393 5084 Υἱὸν
3419 5030 3510 5084 τοῦ
3537 5029 3841 5105 Πνείόματος

2186 5119 2489 5197 ὁμοούσιον,
2521 5117 2608 5172 καὶ
2653 5117 2778 5174 αὐτὸ
2820 5114 2885 5184 δὴ
2938 5119 2999 5173 τὸ
3044 5124 3257 5192 Πνεῦμα
3297 5114 3653 5193 προϐλητικὸν
3700 5117 3839 5174 εἶναι

2184 5210 2272 5266 καὶ
2315 5205 2708 5284 ἔκπορευτικόν.
2776 5202 3179 5280 Ἀναδιδάξομεν
3235 5203 3289 5260 δὲ
3331 5206 3495 5286 πῶς;
3558 5205 3711 5263 Οὕτω
3781 5202 3841 5269 δὴ

2186 5298 2317 5377 πρὸς
2359 5296 2514 5352 αὐτὸν
2556 5291 2762 5350 ἐκεῖνον
2805 5293 3230 5370 ἀποτεινόμενοι,

2262 5375 2337 5464 γ’.
2400 5382 2549 5441 Ἐπεί
2592 5402 2672 5438 σοι
2704 5378 2877 5463 δοκεῖ,
2940 5383 3160 5463 Κύπριε,
3215 5382 3302 5438 ἐάν
3360 5404 3441 5445 τις
3489 5382 3588 5438 τὴν
3633 5380 3694 5437 ἐκ
3750 5380 3839 5447 τῆς

2179 5477 2357 5541 οὐσίας
2400 5473 2604 5550 Πατρὸς
2642 5472 2730 5528 καὶ
2789 5473 2909 5530 T106
2951 5471 3095 5528 εἶναι
3157 5472 3217 5526 τὸ
3271 5473 3481 5547 Πνεῦμα
3535 5469 3840 5550 φάσκουσαν

2178 5566 2328 5645 ῥῆσιν
2387 5563 2460 5625 εἰς
2515 5561 2608 5617 τὸν
2667 5564 2766 5627 τῆς
2822 5561 2988 5626 αἰτίας
3021 5558 3185 5640 λόγον
3215 5557 3513 5640 ἐκδέχοιτο,
3556 5558 3755 5615 ἄτοπόν
3785 5578 3833 5612 τι
