  <div class='ocr_page' id='page_1' title='image "/cluster/home/n/w/nwhite01/storage/ocr_20150623/141/mdp.39015078384206/178.png"; bbox 0 0 4178 6286; ppageno 0'>
   <div class='ocr_carea' id='block_1_1' title="bbox 274 314 3633 421">
    <p class='ocr_par' dir='ltr' id='par_1_1' title="bbox 274 314 3633 421">
     <span class='ocr_line' id='line_1_1' title="bbox 274 314 3633 421; baseline 0 -39"><span class='ocrx_word' id='word_1_1' title='bbox 274 316 375 421; x_wconf 69' lang='lat' dir='ltr'><strong>su</strong></span> <span class='ocrx_word' id='word_1_2' title='bbox 1429 324 1531 417; x_wconf 77' lang='lat' dir='ltr'><strong>AD</strong></span> <span class='ocrx_word' id='word_1_3' title='bbox 1571 317 2173 389; x_wconf 81' lang='lat' dir='ltr'><strong>CONSTANTINUM</strong></span> <span class='ocrx_word' id='word_1_4' title='bbox 2217 322 2358 387; x_wconf 81' lang='lat' dir='ltr'><strong>LIB.</strong></span> <span class='ocrx_word' id='word_1_5' title='bbox 2406 321 2452 387; x_wconf 85' lang='grc' dir='ltr'>ι.</span> <span class='ocrx_word' id='word_1_6' title='bbox 3514 314 3633 421; x_wconf 70' lang='lat' dir='ltr'><strong>s42</strong></span> 
     </span>
    </p>
   </div>
   <div class='ocr_carea' id='block_1_2' title="bbox 272 449 1922 539">
    <p class='ocr_par' dir='ltr' id='par_1_2' title="bbox 272 452 1903 537">
     <span class='ocr_line' id='line_1_2' title="bbox 272 452 1903 537; baseline 0.002 -29"><span class='ocrx_word' id='word_1_7' title='bbox 272 452 565 531; x_wconf 75' lang='grc' dir='ltr'>συνάγεσθαι</span> <span class='ocrx_word' id='word_1_8' title='bbox 620 457 682 512; x_wconf 81' lang='grc' dir='ltr'>τὸ</span> <span class='ocrx_word' id='word_1_9' title='bbox 734 457 821 513; x_wconf 79' lang='grc' dir='ltr'>καὶ</span> <span class='ocrx_word' id='word_1_10' title='bbox 890 458 1016 514; x_wconf 69' lang='grc' dir='ltr'>αὐτὸ</span> <span class='ocrx_word' id='word_1_11' title='bbox 1075 459 1309 537; x_wconf 80' lang='grc' dir='ltr'>Πνεῦμα,</span> <span class='ocrx_word' id='word_1_12' title='bbox 1368 456 1453 513; x_wconf 80' lang='grc' dir='ltr'><strong>διὰ</strong></span> <span class='ocrx_word' id='word_1_13' title='bbox 1507 458 1570 514; x_wconf 81' lang='grc' dir='ltr'>τὸ</span> <span class='ocrx_word' id='word_1_14' title='bbox 1626 458 1756 537; x_wconf 79' lang='grc' dir='ltr'>πρὸς</span> <span class='ocrx_word' id='word_1_15' title='bbox 1812 458 1903 512; x_wconf 80' lang='grc' dir='ltr'>τὸν</span> 
     </span>
    </p>
   </div>
   <div class='ocr_carea' id='block_1_3' title="bbox 1984 449 3634 539">
    <p class='ocr_par' dir='ltr' id='par_1_3' title="bbox 1986 449 3634 539">
     <span class='ocr_line' id='line_1_3' title="bbox 1986 449 3634 539; baseline 0 -24"><span class='ocrx_word' id='word_1_16' title='bbox 1986 455 2208 533; x_wconf 84' lang='lat' dir='ltr'><strong>colligi,</strong></span> <span class='ocrx_word' id='word_1_17' title='bbox 2243 455 2521 519; x_wconf 90' lang='lat' dir='ltr'><strong>eumdem</strong></span> <span class='ocrx_word' id='word_1_18' title='bbox 2581 475 2800 539; x_wconf 82' lang='lat' dir='ltr'><strong>nempe</strong></span> <span class='ocrx_word' id='word_1_19' title='bbox 2831 456 3143 538; x_wconf 73' lang='lat' dir='ltr'><strong>Spiritum,</strong></span> <span class='ocrx_word' id='word_1_20' title='bbox 3175 451 3333 538; x_wconf 87' lang='lat' dir='ltr'><strong>quod</strong></span> <span class='ocrx_word' id='word_1_21' title='bbox 3359 449 3519 515; x_wconf 81' lang='lat' dir='ltr'><strong>Patri</strong></span> <span class='ocrx_word' id='word_1_22' title='bbox 3563 450 3634 539; x_wconf 62' lang='lat' dir='ltr'><strong>et</strong></span> 
     </span>
    </p>
   </div>
   <div class='ocr_carea' id='block_1_4' title="bbox 271 534 1921 628">
    <p class='ocr_par' dir='ltr' id='par_1_4' title="bbox 271 534 1909 628">
     <span class='ocr_line' id='line_1_4' title="bbox 271 534 1909 628; baseline 0.003 -30"><span class='ocrx_word' id='word_1_23' title='bbox 271 543 467 622; x_wconf 77' lang='grc' dir='ltr'><strong>Πατέρα</strong></span> <span class='ocrx_word' id='word_1_24' title='bbox 522 547 611 601; x_wconf 83' lang='grc' dir='ltr'>καὶ</span> <span class='ocrx_word' id='word_1_25' title='bbox 665 548 757 603; x_wconf 81' lang='grc' dir='ltr'>τὸν</span> <span class='ocrx_word' id='word_1_26' title='bbox 836 549 956 605; x_wconf 78' lang='grc' dir='ltr'>Υἱὸν</span> <span class='ocrx_word' id='word_1_27' title='bbox 1026 534 1304 623; x_wconf 71' lang='grc' dir='ltr'>ὁμοούσιον</span> <span class='ocrx_word' id='word_1_28' title='bbox 1359 534 1713 628; x_wconf 72' lang='grc' dir='ltr'>προϐλητικὸν</span> <span class='ocrx_word' id='word_1_29' title='bbox 1767 548 1909 605; x_wconf 84' lang='grc' dir='ltr'>ε’ίναι</span> 
     </span>
    </p>
   </div>
   <div class='ocr_carea' id='block_1_5' title="bbox 1979 534 3629 628">
    <p class='ocr_par' dir='ltr' id='par_1_5' title="bbox 1990 534 3629 628">
     <span class='ocr_line' id='line_1_5' title="bbox 1990 534 3629 628; baseline -0.004 -24"><span class='ocrx_word' id='word_1_30' title='bbox 1990 542 2139 605; x_wconf 93' lang='lat' dir='ltr'><strong>Filio</strong></span> <span class='ocrx_word' id='word_1_31' title='bbox 2157 544 2676 625; x_wconf 88' lang='lat' dir='ltr'><strong>consubstantialis</strong></span> <span class='ocrx_word' id='word_1_32' title='bbox 2702 534 2809 617; x_wconf 75' lang='lat' dir='ltr'><strong>est,</strong></span> <span class='ocrx_word' id='word_1_33' title='bbox 2840 534 3157 628; x_wconf 76' lang='lat' dir='ltr'><strong>propterea</strong></span> <span class='ocrx_word' id='word_1_34' title='bbox 3171 534 3230 607; x_wconf 80' lang='lat' dir='ltr'><strong>et</strong></span> <span class='ocrx_word' id='word_1_35' title='bbox 3244 534 3629 628; x_wconf 79' lang='lat' dir='ltr'><strong>producendi,</strong></span> 
     </span>
    </p>
   </div>
   <div class='ocr_carea' id='block_1_6' title="bbox 268 625 1918 716">
    <p class='ocr_par' dir='ltr' id='par_1_6' title="bbox 268 632 1910 715">
     <span class='ocr_line' id='line_1_6' title="bbox 268 632 1910 715; baseline 0.005 -29"><span class='ocrx_word' id='word_1_36' title='bbox 268 633 349 687; x_wconf 81' lang='grc' dir='ltr'>καὶ</span> <span class='ocrx_word' id='word_1_37' title='bbox 428 632 796 712; x_wconf 79' lang='grc' dir='ltr'>ἐκπορευτικόν</span> <span class='ocrx_word' id='word_1_38' title='bbox 832 653 846 667; x_wconf 83' lang='grc'><strong><em>⁸</em></strong></span> <span class='ocrx_word' id='word_1_39' title='bbox 941 644 1055 700; x_wconf 81' lang='grc' dir='ltr'><strong>πῶς</strong></span> <span class='ocrx_word' id='word_1_40' title='bbox 1128 641 1222 696; x_wconf 75' lang='grc' dir='ltr'><strong>οὐκ</strong></span> <span class='ocrx_word' id='word_1_41' title='bbox 1307 636 1474 715; x_wconf 79' lang='grc' dir='ltr'>ἔγνως</span> <span class='ocrx_word' id='word_1_42' title='bbox 1530 639 1620 693; x_wconf 82' lang='grc' dir='ltr'>τὸν</span> <span class='ocrx_word' id='word_1_43' title='bbox 1691 646 1910 695; x_wconf 83' lang='grc' dir='ltr'>σεαυτοῦ</span> 
     </span>
    </p>
   </div>
   <div class='ocr_carea' id='block_1_7' title="bbox 1984 625 3634 716">
    <p class='ocr_par' dir='ltr' id='par_1_7' title="bbox 1992 625 3634 716">
     <span class='ocr_line' id='line_1_7' title="bbox 1992 625 3634 716; baseline -0.004 -23"><span class='ocrx_word' id='word_1_44' title='bbox 1992 641 2049 693; x_wconf 92' lang='lat' dir='ltr'><strong>et</strong></span> <span class='ocrx_word' id='word_1_45' title='bbox 2079 633 2410 712; x_wconf 85' lang='lat' dir='ltr'><strong>procedere</strong></span> <span class='ocrx_word' id='word_1_46' title='bbox 2427 634 2680 697; x_wconf 86' lang='lat' dir='ltr'><strong>faciendi</strong></span> <span class='ocrx_word' id='word_1_47' title='bbox 2700 625 3050 716; x_wconf 76' lang='lat' dir='ltr'><strong>potestatem</strong></span> <span class='ocrx_word' id='word_1_48' title='bbox 3084 625 3634 716; x_wconf 84' lang='lat' dir='ltr'><strong>habere,quomodo</strong></span> 
     </span>
    </p>
   </div>
   <div class='ocr_carea' id='block_1_8' title="bbox 278 713 1928 804">
    <p class='ocr_par' dir='ltr' id='par_1_8' title="bbox 278 713 1907 804">
     <span class='ocr_line' id='line_1_8' title="bbox 278 713 1907 804; baseline 0.004 -28"><span class='ocrx_word' id='word_1_49' title='bbox 278 727 520 777; x_wconf 84' lang='grc' dir='ltr'>συνιστῶν</span> <span class='ocrx_word' id='word_1_50' title='bbox 568 722 816 804; x_wconf 84' lang='grc' dir='ltr'>ἔλεγχον,</span> <span class='ocrx_word' id='word_1_51' title='bbox 863 726 952 782; x_wconf 83' lang='grc' dir='ltr'>καὶ</span> <span class='ocrx_word' id='word_1_52' title='bbox 1003 725 1245 804; x_wconf 74' lang='grc' dir='ltr'>ἀγχόνην</span> <span class='ocrx_word' id='word_1_53' title='bbox 1293 713 1530 804; x_wconf 74' lang='grc' dir='ltr'>ἄντικρυς</span> <span class='ocrx_word' id='word_1_54' title='bbox 1562 726 1731 799; x_wconf 77' lang='grc' dir='ltr'>ἑαυτῷ</span> <span class='ocrx_word' id='word_1_55' title='bbox 1772 724 1907 783; x_wconf 86' lang='grc' dir='ltr'>πλέ-</span> 
     </span>
    </p>
   </div>
   <div class='ocr_carea' id='block_1_9' title="bbox 1986 713 3636 804">
    <p class='ocr_par' dir='ltr' id='par_1_9' title="bbox 1990 713 3636 800">
     <span class='ocr_line' id='line_1_9' title="bbox 1990 713 3636 800; baseline -0.005 -19"><span class='ocrx_word' id='word_1_56' title='bbox 1990 738 2108 781; x_wconf 86' lang='lat' dir='ltr'><strong>non</strong></span> <span class='ocrx_word' id='word_1_57' title='bbox 2141 721 2602 800; x_wconf 83' lang='lat' dir='ltr'><strong>agnoscis,tuam</strong></span> <span class='ocrx_word' id='word_1_58' title='bbox 2625 713 2894 786; x_wconf 82' lang='lat' dir='ltr'><strong>astruere</strong></span> <span class='ocrx_word' id='word_1_59' title='bbox 2914 722 3426 794; x_wconf 88' lang='lat' dir='ltr'><strong>refutationem,et</strong></span> <span class='ocrx_word' id='word_1_60' title='bbox 3446 713 3636 797; x_wconf 81' lang='lat' dir='ltr'><strong>palam</strong></span> 
     </span>
    </p>
   </div>
   <div class='ocr_carea' id='block_1_10' title="bbox 266 808 1916 893">
    <p class='ocr_par' dir='ltr' id='par_1_10' title="bbox 266 809 1905 893">
     <span class='ocr_line' id='line_1_10' title="bbox 266 809 1905 893; baseline 0.005 -31"><span class='ocrx_word' id='word_1_61' title='bbox 266 830 386 882; x_wconf 80' lang='grc' dir='ltr'>κων,</span> <span class='ocrx_word' id='word_1_62' title='bbox 422 809 546 867; x_wconf 84' lang='grc' dir='ltr'>ὅταν</span> <span class='ocrx_word' id='word_1_63' title='bbox 604 814 702 880; x_wconf 75' lang='grc' dir='ltr'><strong>την</strong></span> <span class='ocrx_word' id='word_1_64' title='bbox 728 815 974 880; x_wconf 78' lang='grc' dir='ltr'><strong>τοιαύτην</strong></span> <span class='ocrx_word' id='word_1_65' title='bbox 1005 814 1157 892; x_wconf 76' lang='grc' dir='ltr'>ῥῆσιν</span> <span class='ocrx_word' id='word_1_66' title='bbox 1200 813 1549 892; x_wconf 68' lang='grc' dir='ltr'>ἐξηγούμενος</span> <span class='ocrx_word' id='word_1_67' title='bbox 1581 815 1666 893; x_wconf 80' lang='grc' dir='ltr'><strong>σὺ,</strong></span> <span class='ocrx_word' id='word_1_68' title='bbox 1732 838 1759 869; x_wconf 75' lang='grc' dir='ltr'><strong>α</strong></span> <span class='ocrx_word' id='word_1_69' title='bbox 1796 826 1905 873; x_wconf 84' lang='grc' dir='ltr'><strong>Κα-</strong></span> 
     </span>
    </p>
   </div>
   <div class='ocr_carea' id='block_1_11' title="bbox 1986 808 3636 893">
    <p class='ocr_par' dir='ltr' id='par_1_11' title="bbox 1990 808 3636 893">
     <span class='ocr_line' id='line_1_11' title="bbox 1990 808 3636 893; baseline -0.003 -24"><span class='ocrx_word' id='word_1_70' title='bbox 1990 817 2047 870; x_wconf 90' lang='lat' dir='ltr'><strong>te</strong></span> <span class='ocrx_word' id='word_1_71' title='bbox 2077 809 2286 892; x_wconf 85' lang='lat' dir='ltr'><strong>laqueo</strong></span> <span class='ocrx_word' id='word_1_72' title='bbox 2317 811 2640 887; x_wconf 82' lang='lat' dir='ltr'><strong>involvere,</strong></span> <span class='ocrx_word' id='word_1_73' title='bbox 2674 831 2810 875; x_wconf 90' lang='lat' dir='ltr'><strong>cum</strong></span> <span class='ocrx_word' id='word_1_74' title='bbox 2842 811 3042 875; x_wconf 89' lang='lat' dir='ltr'><strong>simile</strong></span> <span class='ocrx_word' id='word_1_75' title='bbox 3072 811 3297 874; x_wconf 88' lang='lat' dir='ltr'><strong>dictum</strong></span> <span class='ocrx_word' id='word_1_76' title='bbox 3326 808 3636 893; x_wconf 86' lang='lat' dir='ltr'><strong>interpre-</strong></span> 
     </span>
    </p>
   </div>
   <div class='ocr_carea' id='block_1_12' title="bbox 269 891 1919 982">
    <p class='ocr_par' dir='ltr' id='par_1_12' title="bbox 269 891 1907 982">
     <span class='ocr_line' id='line_1_12' title="bbox 269 891 1901 959; baseline 0.004 -7"><span class='ocrx_word' id='word_1_77' title='bbox 269 896 577 956; x_wconf 74' lang='grc' dir='ltr'><strong>λῶ·ἂνὲ·</strong></span> <span class='ocrx_word' id='word_1_78' title='bbox 714 891 1019 941; x_wconf 51' lang='grc' dir='ltr'><strong>-“’¹ἰ⁴</strong></span> <span class='ocrx_word' id='word_1_79' title='bbox 1193 891 1372 957; x_wconf 16' lang='grc' dir='ltr'><strong>”λν”</strong></span> <span class='ocrx_word' id='word_1_80' title='bbox 1467 891 1759 959; x_wconf 33' lang='grc' dir='ltr'><strong>ὸέ·-“κ</strong></span> <span class='ocrx_word' id='word_1_81' title='bbox 1880 910 1901 921; x_wconf 71' lang='grc'><em>”</em></span> 
     </span>
     <span class='ocr_line' id='line_1_13' title="bbox 345 923 1907 982; baseline 0 -22"><span class='ocrx_word' id='word_1_82' title='bbox 345 941 365 960; x_wconf 65' lang='grc' dir='ltr'><strong>π.</strong></span> <span class='ocrx_word' id='word_1_83' title='bbox 570 924 659 980; x_wconf 57' lang='grc' dir='ltr'>,(οι</span> <span class='ocrx_word' id='word_1_84' title='bbox 716 924 801 958; x_wconf 67' lang='lat'><strong>1.1:.</strong></span> <span class='ocrx_word' id='word_1_85' title='bbox 831 923 1078 982; x_wconf 84' lang='grc' dir='ltr'>ευσεο.υς,</span> <span class='ocrx_word' id='word_1_86' title='bbox 1131 927 1156 957; x_wconf 70' lang='lat' dir='ltr'><strong>n</strong></span> <span class='ocrx_word' id='word_1_87' title='bbox 1194 925 1218 958; x_wconf 88' lang='grc' dir='ltr'><strong>ε</strong></span> <span class='ocrx_word' id='word_1_88' title='bbox 1255 925 1396 982; x_wconf 65' lang='grc' dir='ltr'>εγες,</span> <span class='ocrx_word' id='word_1_89' title='bbox 1431 925 1463 959; x_wconf 94' lang='grc' dir='ltr'><strong>τ</strong></span> <span class='ocrx_word' id='word_1_90' title='bbox 1567 926 1595 958; x_wconf 71' lang='grc' dir='ltr'><strong>ιι</strong></span> <span class='ocrx_word' id='word_1_91' title='bbox 1663 925 1760 970; x_wconf 73' lang='grc' dir='ltr'>τη,</span> <span class='ocrx_word' id='word_1_92' title='bbox 1815 926 1907 960; x_wconf 92' lang='grc' dir='ltr'><strong>του</strong></span> 
     </span>
    </p>
   </div>
   <div class='ocr_carea' id='block_1_13' title="bbox 1982 891 3632 982">
    <p class='ocr_par' dir='ltr' id='par_1_13' title="bbox 1990 891 3632 982">
     <span class='ocr_line' id='line_1_14' title="bbox 1990 891 3632 982; baseline -0.005 -22"><span class='ocrx_word' id='word_1_93' title='bbox 1990 907 2123 960; x_wconf 86' lang='lat' dir='ltr'><strong>tans</strong></span> <span class='ocrx_word' id='word_1_94' title='bbox 2154 891 2233 963; x_wconf 86' lang='lat' dir='ltr'><strong>tu,</strong></span> <span class='ocrx_word' id='word_1_95' title='bbox 2269 922 2293 957; x_wconf 75' lang='grc' dir='ltr'><strong>ιι</strong></span> <span class='ocrx_word' id='word_1_96' title='bbox 2330 900 2483 963; x_wconf 88' lang='lat' dir='ltr'><strong>bene</strong></span> <span class='ocrx_word' id='word_1_97' title='bbox 2541 901 2755 982; x_wconf 88' lang='lat' dir='ltr'><strong>pieque</strong></span> <span class='ocrx_word' id='word_1_98' title='bbox 2807 899 3130 974; x_wconf 80' lang='lat' dir='ltr'><strong>enuntiari,</strong></span> <span class='ocrx_word' id='word_1_99' title='bbox 3164 922 3190 958; x_wconf 73' lang='grc' dir='ltr'><strong>ιι</strong></span> <span class='ocrx_word' id='word_1_100' title='bbox 3226 891 3632 967; x_wconf 85' lang='lat' dir='ltr'><strong>asseverabas,</strong></span> 
     </span>
    </p>
   </div>
   <div class='ocr_carea' id='block_1_14' title="bbox 273 983 1923 1069">
    <p class='ocr_par' dir='ltr' id='par_1_14' title="bbox 273 989 1898 1069">
     <span class='ocr_line' id='line_1_15' title="bbox 273 989 1898 1069; baseline 0.004 -28"><span class='ocrx_word' id='word_1_101' title='bbox 273 989 460 1063; x_wconf 72' lang='grc' dir='ltr'>Πατρὸς</span> <span class='ocrx_word' id='word_1_102' title='bbox 487 990 658 1055; x_wconf 69' lang='grc' dir='ltr'>οὖσίας</span> <span class='ocrx_word' id='word_1_103' title='bbox 714 990 1002 1069; x_wconf 76' lang='grc' dir='ltr'>λεγόμενον</span> <span class='ocrx_word' id='word_1_104' title='bbox 1033 993 1120 1048; x_wconf 75' lang='grc' dir='ltr'><strong>καὶ</strong></span> <span class='ocrx_word' id='word_1_105' title='bbox 1159 991 1220 1047; x_wconf 71' lang='grc' dir='ltr'><strong>ἐκ</strong></span> <span class='ocrx_word' id='word_1_106' title='bbox 1267 992 1361 1060; x_wconf 73' lang='grc' dir='ltr'>τῆς</span> <span class='ocrx_word' id='word_1_107' title='bbox 1417 1000 1508 1050; x_wconf 76' lang='grc' dir='ltr'><strong>τοῦ</strong></span> <span class='ocrx_word' id='word_1_108' title='bbox 1564 993 1683 1048; x_wconf 82' lang='grc' dir='ltr'><strong>Υίοῦ</strong></span> <span class='ocrx_word' id='word_1_109' title='bbox 1738 990 1898 1069; x_wconf 82' lang='grc' dir='ltr'>λέγε-</span> 
     </span>
    </p>
   </div>
   <div class='ocr_carea' id='block_1_15' title="bbox 1983 983 3633 1069">
    <p class='ocr_par' dir='ltr' id='par_1_15' title="bbox 1989 983 3633 1069">
     <span class='ocr_line' id='line_1_16' title="bbox 1989 983 3633 1069; baseline -0.005 -21"><span class='ocrx_word' id='word_1_110' title='bbox 1989 1009 2015 1040; x_wconf 79' lang='grc' dir='ltr'><strong>α</strong></span> <span class='ocrx_word' id='word_1_111' title='bbox 2050 986 2205 1067; x_wconf 87' lang='lat' dir='ltr'><strong>quod</strong></span> <span class='ocrx_word' id='word_1_112' title='bbox 2239 1005 2307 1049; x_wconf 84' lang='lat' dir='ltr'><strong>ex</strong></span> <span class='ocrx_word' id='word_1_113' title='bbox 2342 989 2499 1051; x_wconf 89' lang='lat' dir='ltr'><strong>Patri</strong></span> <span class='ocrx_word' id='word_1_114' title='bbox 2525 990 2784 1051; x_wconf 84' lang='lat' dir='ltr'><strong>essentia</strong></span> <span class='ocrx_word' id='word_1_115' title='bbox 2813 989 3052 1064; x_wconf 91' lang='lat' dir='ltr'><strong>dicitur,</strong></span> <span class='ocrx_word' id='word_1_116' title='bbox 3086 1006 3159 1050; x_wconf 77' lang='lat' dir='ltr'><strong>ex</strong></span> <span class='ocrx_word' id='word_1_117' title='bbox 3190 983 3452 1048; x_wconf 85' lang='lat' dir='ltr'><strong>essentia</strong></span> <span class='ocrx_word' id='word_1_118' title='bbox 3477 998 3633 1069; x_wconf 88' lang='lat' dir='ltr'><strong>quo-</strong></span> 
     </span>
    </p>
   </div>
   <div class='ocr_carea' id='block_1_16' title="bbox 267 1068 1917 1159">
    <p class='ocr_par' dir='ltr' id='par_1_16' title="bbox 267 1070 1897 1159">
     <span class='ocr_line' id='line_1_17' title="bbox 267 1070 1897 1159; baseline 0.004 -29"><span class='ocrx_word' id='word_1_119' title='bbox 267 1079 417 1157; x_wconf 64' lang='lat'><strong>301:;</strong></span> <span class='ocrx_word' id='word_1_120' title='bbox 476 1079 571 1153; x_wconf 85' lang='grc' dir='ltr'><strong>μία</strong></span> <span class='ocrx_word' id='word_1_121' title='bbox 627 1080 744 1158; x_wconf 68' lang='grc' dir='ltr'>γαρ.</span> <span class='ocrx_word' id='word_1_122' title='bbox 814 1105 835 1138; x_wconf 75' lang='grc' dir='ltr'>ιο</span> <span class='ocrx_word' id='word_1_123' title='bbox 899 1070 1116 1145; x_wconf 66' lang='grc' dir='ltr'>’Ἔξεστι</span> <span class='ocrx_word' id='word_1_124' title='bbox 1173 1080 1278 1159; x_wconf 69' lang='grc' dir='ltr'><strong>γὰρ</strong></span> <span class='ocrx_word' id='word_1_125' title='bbox 1332 1078 1543 1144; x_wconf 71' lang='grc' dir='ltr'>πέντως</span> <span class='ocrx_word' id='word_1_126' title='bbox 1573 1082 1664 1136; x_wconf 80' lang='grc' dir='ltr'>τὸν</span> <span class='ocrx_word' id='word_1_127' title='bbox 1703 1080 1897 1157; x_wconf 79' lang='grc' dir='ltr'>βουλό-</span> 
     </span>
    </p>
   </div>
   <div class='ocr_carea' id='block_1_17' title="bbox 1991 1068 3641 1159">
    <p class='ocr_par' dir='ltr' id='par_1_17' title="bbox 1991 1068 3641 1158">
     <span class='ocr_line' id='line_1_18' title="bbox 1991 1068 3641 1158; baseline -0.004 -23"><span class='ocrx_word' id='word_1_128' title='bbox 1991 1092 2101 1152; x_wconf 85' lang='lat' dir='ltr'><strong>que</strong></span> <span class='ocrx_word' id='word_1_129' title='bbox 2132 1075 2269 1136; x_wconf 84' lang='lat' dir='ltr'><strong>Filii</strong></span> <span class='ocrx_word' id='word_1_130' title='bbox 2303 1076 2444 1154; x_wconf 88' lang='lat' dir='ltr'><strong>dici,</strong></span> <span class='ocrx_word' id='word_1_131' title='bbox 2480 1096 2596 1140; x_wconf 90' lang='lat' dir='ltr'><strong>una</strong></span> <span class='ocrx_word' id='word_1_132' title='bbox 2612 1077 2907 1158; x_wconf 87' lang='lat' dir='ltr'><strong>siquidem</strong></span> <span class='ocrx_word' id='word_1_133' title='bbox 2940 1085 3089 1140; x_wconf 68' lang='lat' dir='ltr'><strong>est.»</strong></span> <span class='ocrx_word' id='word_1_134' title='bbox 3119 1077 3324 1139; x_wconf 77' lang='lat' dir='ltr'><strong>PoteSt</strong></span> <span class='ocrx_word' id='word_1_135' title='bbox 3348 1068 3641 1154; x_wconf 85' lang='lat' dir='ltr'><strong>siquidem</strong></span> 
     </span>
    </p>
   </div>
   <div class='ocr_carea' id='block_1_18' title="bbox 264 1162 1914 1248">
    <p class='ocr_par' dir='ltr' id='par_1_18' title="bbox 264 1165 1898 1248">
     <span class='ocr_line' id='line_1_19' title="bbox 264 1165 1898 1248; baseline 0.004 -29"><span class='ocrx_word' id='word_1_136' title='bbox 264 1165 410 1238; x_wconf 85' lang='grc' dir='ltr'>μενόν</span> <span class='ocrx_word' id='word_1_137' title='bbox 476 1189 557 1222; x_wconf 86' lang='grc' dir='ltr'><strong>σοι</strong></span> <span class='ocrx_word' id='word_1_138' title='bbox 618 1167 908 1247; x_wconf 75' lang='grc' dir='ltr'><strong>ἀντιλέγειν</strong></span> <span class='ocrx_word' id='word_1_139' title='bbox 964 1171 1134 1225; x_wconf 71' lang='grc' dir='ltr'>εἰπεῖν</span> <span class='ocrx_word' id='word_1_140' title='bbox 1182 1171 1255 1232; x_wconf 87' lang='grc' dir='ltr'>ὡς</span> <span class='ocrx_word' id='word_1_141' title='bbox 1314 1171 1371 1225; x_wconf 80' lang='grc' dir='ltr'>ὃν</span> <span class='ocrx_word' id='word_1_142' title='bbox 1414 1169 1627 1248; x_wconf 84' lang='grc' dir='ltr'>τρόπον,</span> <span class='ocrx_word' id='word_1_143' title='bbox 1679 1173 1724 1224; x_wconf 82' lang='grc' dir='ltr'><strong>ὦ</strong></span> <span class='ocrx_word' id='word_1_144' title='bbox 1758 1170 1898 1226; x_wconf 66' lang='grc' dir='ltr'>πέν-</span> 
     </span>
    </p>
   </div>
   <div class='ocr_carea' id='block_1_19' title="bbox 1991 1162 3641 1248">
    <p class='ocr_par' dir='ltr' id='par_1_19' title="bbox 1991 1162 3641 1248">
     <span class='ocr_line' id='line_1_20' title="bbox 1991 1162 3641 1248; baseline -0.004 -25"><span class='ocrx_word' id='word_1_145' title='bbox 1991 1162 2327 1244; x_wconf 87' lang='lat' dir='ltr'><strong>quicunque</strong></span> <span class='ocrx_word' id='word_1_146' title='bbox 2378 1165 2486 1225; x_wconf 91' lang='lat' dir='ltr'><strong>tibi</strong></span> <span class='ocrx_word' id='word_1_147' title='bbox 2553 1163 2967 1226; x_wconf 89' lang='lat' dir='ltr'><strong>contradicere</strong></span> <span class='ocrx_word' id='word_1_148' title='bbox 3015 1170 3291 1234; x_wconf 85' lang='lat' dir='ltr'><strong>conatur,</strong></span> <span class='ocrx_word' id='word_1_149' title='bbox 3343 1172 3641 1248; x_wconf 83' lang='lat' dir='ltr'><strong>asserere,</strong></span> 
     </span>
    </p>
   </div>
   <div class='ocr_carea' id='block_1_20' title="bbox 267 1247 1917 1337">
    <p class='ocr_par' dir='ltr' id='par_1_20' title="bbox 267 1247 1900 1337">
     <span class='ocr_line' id='line_1_21' title="bbox 267 1247 1900 1337; baseline 0.004 -28"><span class='ocrx_word' id='word_1_150' title='bbox 267 1252 419 1329; x_wconf 84' lang='grc' dir='ltr'>τολμε</span> <span class='ocrx_word' id='word_1_151' title='bbox 487 1257 678 1334; x_wconf 79' lang='grc' dir='ltr'>Κόπριε</span> <span class='ocrx_word' id='word_1_152' title='bbox 732 1258 816 1330; x_wconf 81' lang='grc' dir='ltr'><strong>σὺ,</strong></span> <span class='ocrx_word' id='word_1_153' title='bbox 880 1260 907 1314; x_wconf 82' lang='grc' dir='ltr'>ὁ</span> <span class='ocrx_word' id='word_1_154' title='bbox 962 1263 1061 1324; x_wconf 80' lang='grc' dir='ltr'><strong>τῆς</strong></span> <span class='ocrx_word' id='word_1_155' title='bbox 1122 1266 1213 1315; x_wconf 77' lang='grc' dir='ltr'>τοῦ</span> <span class='ocrx_word' id='word_1_156' title='bbox 1262 1247 1562 1333; x_wconf 82' lang='grc' dir='ltr'>Πνεύματος</span> <span class='ocrx_word' id='word_1_157' title='bbox 1624 1260 1753 1337; x_wconf 83' lang='grc' dir='ltr'>πρὸς</span> <span class='ocrx_word' id='word_1_158' title='bbox 1810 1260 1900 1315; x_wconf 80' lang='grc' dir='ltr'><strong>τὸν</strong></span> 
     </span>
    </p>
   </div>
   <div class='ocr_carea' id='block_1_21' title="bbox 1993 1247 3643 1337">
    <p class='ocr_par' dir='ltr' id='par_1_21' title="bbox 1993 1247 3643 1337">
     <span class='ocr_line' id='line_1_22' title="bbox 1993 1247 3643 1337; baseline -0.004 -26"><span class='ocrx_word' id='word_1_159' title='bbox 1993 1252 3118 1334; x_wconf 66' lang='lat' dir='ltr'><strong>quemadmodum,oCyprie,quiomnia</strong></span> <span class='ocrx_word' id='word_1_160' title='bbox 3131 1247 3643 1337; x_wconf 58' lang='lat' dir='ltr'><strong>audes,ratjo_con-</strong></span> 
     </span>
    </p>
   </div>
   <div class='ocr_carea' id='block_1_22' title="bbox 271 1333 1921 1425">
    <p class='ocr_par' dir='ltr' id='par_1_22' title="bbox 271 1343 1898 1425">
     <span class='ocr_line' id='line_1_23' title="bbox 271 1343 1898 1425; baseline 0.003 -27"><span class='ocrx_word' id='word_1_161' title='bbox 271 1343 460 1421; x_wconf 76' lang='grc' dir='ltr'>Πατέρα</span> <span class='ocrx_word' id='word_1_162' title='bbox 516 1348 603 1401; x_wconf 66' lang='grc' dir='ltr'>ὀιαὶ</span> <span class='ocrx_word' id='word_1_163' title='bbox 646 1346 734 1402; x_wconf 87' lang='grc' dir='ltr'><strong>τόν</strong></span> <span class='ocrx_word' id='word_1_164' title='bbox 796 1349 916 1402; x_wconf 80' lang='grc' dir='ltr'><strong>Υἱὸν</strong></span> <span class='ocrx_word' id='word_1_165' title='bbox 971 1346 1382 1422; x_wconf 84' lang='grc' dir='ltr'>ὀμοουσιότητος</span> <span class='ocrx_word' id='word_1_166' title='bbox 1442 1345 1600 1425; x_wconf 86' lang='grc' dir='ltr'>λόγος</span> <span class='ocrx_word' id='word_1_167' title='bbox 1660 1347 1898 1420; x_wconf 77' lang='grc' dir='ltr'>ἀπαιτεῖ,</span> 
     </span>
    </p>
   </div>
   <div class='ocr_carea' id='block_1_23' title="bbox 1994 1333 3644 1425">
    <p class='ocr_par' dir='ltr' id='par_1_23' title="bbox 1994 1333 3644 1425">
     <span class='ocr_line' id='line_1_24' title="bbox 1994 1333 3644 1425; baseline -0.004 -26"><span class='ocrx_word' id='word_1_168' title='bbox 1994 1338 2491 1402; x_wconf 75' lang='lat' dir='ltr'><strong>substantialitatis</strong></span> <span class='ocrx_word' id='word_1_169' title='bbox 2532 1339 2787 1422; x_wconf 89' lang='lat' dir='ltr'><strong>Spiritus</strong></span> <span class='ocrx_word' id='word_1_170' title='bbox 2826 1333 2837 1334; x_wconf 21' lang='grc' dir='ltr'><em>η</em></span> <span class='ocrx_word' id='word_1_171' title='bbox 2853 1358 2994 1420; x_wconf 80' lang='lat' dir='ltr'><strong>erga</strong></span> <span class='ocrx_word' id='word_1_172' title='bbox 3022 1343 3257 1403; x_wconf 87' lang='lat' dir='ltr'><strong>Patrem</strong></span> <span class='ocrx_word' id='word_1_173' title='bbox 3317 1344 3379 1399; x_wconf 90' lang='lat' dir='ltr'><strong>et</strong></span> <span class='ocrx_word' id='word_1_174' title='bbox 3423 1333 3644 1425; x_wconf 80' lang='lat' dir='ltr'><strong>Filium</strong></span> 
     </span>
    </p>
   </div>
   <div class='ocr_carea' id='block_1_24' title="bbox 262 1423 1912 1513">
    <p class='ocr_par' dir='ltr' id='par_1_24' title="bbox 262 1429 1906 1513">
     <span class='ocr_line' id='line_1_25' title="bbox 262 1429 1906 1513; baseline 0.005 -28"><span class='ocrx_word' id='word_1_175' title='bbox 262 1431 421 1494; x_wconf 81' lang='grc' dir='ltr'>καθώς</span> <span class='ocrx_word' id='word_1_176' title='bbox 464 1454 545 1489; x_wconf 86' lang='grc' dir='ltr'><strong>σοι</strong></span> <span class='ocrx_word' id='word_1_177' title='bbox 602 1431 774 1508; x_wconf 66' lang='grc' dir='ltr'>δοκεῖ,</span> <span class='ocrx_word' id='word_1_178' title='bbox 835 1432 1188 1513; x_wconf 63' lang='grc' dir='ltr'>προϐλητικὸν</span> <span class='ocrx_word' id='word_1_179' title='bbox 1250 1435 1391 1492; x_wconf 79' lang='grc' dir='ltr'>εἶναι</span> <span class='ocrx_word' id='word_1_180' title='bbox 1435 1438 1496 1491; x_wconf 69' lang='grc' dir='ltr'>τὸ</span> <span class='ocrx_word' id='word_1_181' title='bbox 1555 1436 1767 1511; x_wconf 72' lang='grc' dir='ltr'>Πνεῦμα</span> <span class='ocrx_word' id='word_1_182' title='bbox 1813 1429 1906 1493; x_wconf 78' lang='grc' dir='ltr'>καὶ</span> 
     </span>
    </p>
   </div>
   <div class='ocr_carea' id='block_1_25' title="bbox 1996 1423 3646 1513">
    <p class='ocr_par' dir='ltr' id='par_1_25' title="bbox 1996 1423 3646 1510">
     <span class='ocr_line' id='line_1_26' title="bbox 1996 1423 3646 1510; baseline -0.003 -21"><span class='ocrx_word' id='word_1_183' title='bbox 1996 1429 2264 1509; x_wconf 88' lang='lat' dir='ltr'><strong>postulat,</strong></span> <span class='ocrx_word' id='word_1_184' title='bbox 2298 1429 2385 1491; x_wconf 90' lang='lat' dir='ltr'><strong>sic</strong></span> <span class='ocrx_word' id='word_1_185' title='bbox 2415 1431 2574 1492; x_wconf 92' lang='lat' dir='ltr'><strong>enim</strong></span> <span class='ocrx_word' id='word_1_186' title='bbox 2608 1429 2907 1507; x_wconf 87' lang='lat' dir='ltr'><strong>decernis,</strong></span> <span class='ocrx_word' id='word_1_187' title='bbox 2933 1437 2998 1492; x_wconf 91' lang='lat' dir='ltr'><strong>ut</strong></span> <span class='ocrx_word' id='word_1_188' title='bbox 3027 1426 3291 1510; x_wconf 83' lang='lat' dir='ltr'><strong>Spiritus</strong></span> <span class='ocrx_word' id='word_1_189' title='bbox 3322 1423 3646 1505; x_wconf 82' lang='lat' dir='ltr'><strong>producat,</strong></span> 
     </span>
    </p>
   </div>
   <div class='ocr_carea' id='block_1_26' title="bbox 259 1516 1909 1605">
    <p class='ocr_par' dir='ltr' id='par_1_26' title="bbox 259 1521 1896 1605">
     <span class='ocr_line' id='line_1_27' title="bbox 259 1521 1896 1605; baseline 0.005 -32"><span class='ocrx_word' id='word_1_190' title='bbox 259 1521 636 1595; x_wconf 67' lang='grc' dir='ltr'>ἐκπορευτιτιὸν,</span> <span class='ocrx_word' id='word_1_191' title='bbox 694 1521 785 1578; x_wconf 78' lang='grc' dir='ltr'><strong>ἐάν</strong></span> <span class='ocrx_word' id='word_1_192' title='bbox 855 1545 934 1587; x_wconf 87' lang='grc' dir='ltr'><strong>τις</strong></span> <span class='ocrx_word' id='word_1_193' title='bbox 995 1523 1093 1590; x_wconf 79' lang='grc' dir='ltr'><strong>τὴν</strong></span> <span class='ocrx_word' id='word_1_194' title='bbox 1161 1522 1220 1579; x_wconf 83' lang='grc' dir='ltr'>ἐκ</span> <span class='ocrx_word' id='word_1_195' title='bbox 1292 1532 1387 1596; x_wconf 81' lang='grc' dir='ltr'>τῆς</span> <span class='ocrx_word' id='word_1_196' title='bbox 1457 1525 1631 1587; x_wconf 71' lang='grc' dir='ltr'>οὐσίας</span> <span class='ocrx_word' id='word_1_197' title='bbox 1693 1526 1896 1605; x_wconf 79' lang='grc' dir='ltr'>Πατρὸς</span> 
     </span>
    </p>
   </div>
   <div class='ocr_carea' id='block_1_27' title="bbox 1989 1516 3639 1605">
    <p class='ocr_par' dir='ltr' id='par_1_27' title="bbox 1989 1516 3639 1605">
     <span class='ocr_line' id='line_1_28' title="bbox 1989 1516 3639 1605; baseline -0.005 -23"><span class='ocrx_word' id='word_1_198' title='bbox 1989 1529 2046 1582; x_wconf 89' lang='lat' dir='ltr'><strong>et</strong></span> <span class='ocrx_word' id='word_1_199' title='bbox 2073 1521 2404 1602; x_wconf 88' lang='lat' dir='ltr'><strong>procedere</strong></span> <span class='ocrx_word' id='word_1_200' title='bbox 2433 1522 2626 1595; x_wconf 82' lang='lat' dir='ltr'><strong>faciat,</strong></span> <span class='ocrx_word' id='word_1_201' title='bbox 2653 1522 2706 1583; x_wconf 90' lang='lat' dir='ltr'><strong>si</strong></span> <span class='ocrx_word' id='word_1_202' title='bbox 2728 1521 2862 1603; x_wconf 90' lang='lat' dir='ltr'><strong>quis</strong></span> <span class='ocrx_word' id='word_1_203' title='bbox 2883 1521 3108 1584; x_wconf 89' lang='lat' dir='ltr'><strong>dictum</strong></span> <span class='ocrx_word' id='word_1_204' title='bbox 3138 1539 3256 1602; x_wconf 90' lang='lat' dir='ltr'><strong>quo</strong></span> <span class='ocrx_word' id='word_1_205' title='bbox 3282 1516 3639 1605; x_wconf 83' lang='lat' dir='ltr'><strong>traditur,ex</strong></span> 
     </span>
    </p>
   </div>
   <div class='ocr_carea' id='block_1_28' title="bbox 260 1604 1910 1692">
    <p class='ocr_par' dir='ltr' id='par_1_28' title="bbox 260 1604 1895 1690">
     <span class='ocr_line' id='line_1_29' title="bbox 260 1604 1895 1690; baseline 0.002 -27"><span class='ocrx_word' id='word_1_206' title='bbox 260 1609 339 1663; x_wconf 82' lang='grc' dir='ltr'>καὶ</span> <span class='ocrx_word' id='word_1_207' title='bbox 380 1608 495 1665; x_wconf 78' lang='grc' dir='ltr'>Υἷοῦ</span> <span class='ocrx_word' id='word_1_208' title='bbox 555 1614 693 1666; x_wconf 78' lang='grc' dir='ltr'>εῖνιι</span> <span class='ocrx_word' id='word_1_209' title='bbox 738 1613 798 1668; x_wconf 77' lang='grc' dir='ltr'><strong>τὸ</strong></span> <span class='ocrx_word' id='word_1_210' title='bbox 832 1618 1040 1687; x_wconf 74' lang='grc' dir='ltr'>Πνεῦμα</span> <span class='ocrx_word' id='word_1_211' title='bbox 1111 1612 1411 1690; x_wconf 70' lang='grc' dir='ltr'>φάσκουσαν</span> <span class='ocrx_word' id='word_1_212' title='bbox 1456 1613 1606 1689; x_wconf 73' lang='grc' dir='ltr'>ῥῆσιν</span> <span class='ocrx_word' id='word_1_213' title='bbox 1664 1615 1734 1676; x_wconf 79' lang='grc' dir='ltr'><strong>είς</strong></span> <span class='ocrx_word' id='word_1_214' title='bbox 1805 1604 1895 1669; x_wconf 82' lang='grc' dir='ltr'>τὸν</span> 
     </span>
    </p>
   </div>
   <div class='ocr_carea' id='block_1_29' title="bbox 1982 1604 3632 1692">
    <p class='ocr_par' dir='ltr' id='par_1_29' title="bbox 1982 1604 3632 1692">
     <span class='ocr_line' id='line_1_30' title="bbox 1982 1604 3632 1692; baseline -0.004 -21"><span class='ocrx_word' id='word_1_215' title='bbox 1982 1611 2236 1672; x_wconf 85' lang='lat' dir='ltr'><strong>essentia</strong></span> <span class='ocrx_word' id='word_1_216' title='bbox 2256 1609 2446 1673; x_wconf 87' lang='lat' dir='ltr'><strong>Patris</strong></span> <span class='ocrx_word' id='word_1_217' title='bbox 2462 1622 2520 1673; x_wconf 94' lang='lat' dir='ltr'><strong>et</strong></span> <span class='ocrx_word' id='word_1_218' title='bbox 2538 1611 2674 1673; x_wconf 85' lang='lat' dir='ltr'><strong>Filii</strong></span> <span class='ocrx_word' id='word_1_219' title='bbox 2695 1610 2985 1692; x_wconf 90' lang='lat' dir='ltr'><strong>Spiritum</strong></span> <span class='ocrx_word' id='word_1_220' title='bbox 3017 1624 3419 1686; x_wconf 89' lang='lat' dir='ltr'><strong>esse,causam</strong></span> <span class='ocrx_word' id='word_1_221' title='bbox 3447 1604 3632 1667; x_wconf 87' lang='lat' dir='ltr'><strong>deno-</strong></span> 
     </span>
    </p>
   </div>
   <div class='ocr_carea' id='block_1_30' title="bbox 260 1693 1910 1780">
    <p class='ocr_par' dir='ltr' id='par_1_30' title="bbox 260 1697 1894 1780">
     <span class='ocr_line' id='line_1_31' title="bbox 260 1697 1894 1780; baseline 0.005 -29"><span class='ocrx_word' id='word_1_222' title='bbox 260 1701 349 1762; x_wconf 82' lang='grc' dir='ltr'>τῆς</span> <span class='ocrx_word' id='word_1_223' title='bbox 405 1699 572 1762; x_wconf 82' lang='grc' dir='ltr'>αἰτίας</span> <span class='ocrx_word' id='word_1_224' title='bbox 631 1699 791 1778; x_wconf 87' lang='grc' dir='ltr'>λόγον</span> <span class='ocrx_word' id='word_1_225' title='bbox 868 1698 1145 1780; x_wconf 73' lang='grc' dir='ltr'>ἐκδέχοιτο</span> <span class='ocrx_word' id='word_1_226' title='bbox 1178 1719 1193 1735; x_wconf 81' lang='grc'><strong>⁸</strong></span> <span class='ocrx_word' id='word_1_227' title='bbox 1257 1697 1423 1764; x_wconf 64' lang='grc' dir='ltr'>οὕτως</span> <span class='ocrx_word' id='word_1_228' title='bbox 1482 1703 1509 1757; x_wconf 84' lang='grc' dir='ltr'>ὁ</span> <span class='ocrx_word' id='word_1_229' title='bbox 1579 1701 1677 1770; x_wconf 74' lang='grc' dir='ltr'><strong>τῆς</strong></span> <span class='ocrx_word' id='word_1_230' title='bbox 1730 1704 1894 1770; x_wconf 69' lang='grc' dir='ltr'>αὐτῆς</span> 
     </span>
    </p>
   </div>
   <div class='ocr_carea' id='block_1_31' title="bbox 1988 1693 3638 1780">
    <p class='ocr_par' dir='ltr' id='par_1_31' title="bbox 1988 1693 3638 1780">
     <span class='ocr_line' id='line_1_32' title="bbox 1988 1693 3638 1780; baseline -0.004 -21"><span class='ocrx_word' id='word_1_231' title='bbox 1988 1698 2103 1759; x_wconf 72' lang='lat' dir='ltr'><strong>lare</strong></span> <span class='ocrx_word' id='word_1_232' title='bbox 2132 1699 2471 1774; x_wconf 83' lang='lat' dir='ltr'><strong>contendat,</strong></span> <span class='ocrx_word' id='word_1_233' title='bbox 2531 1699 2661 1778; x_wconf 87' lang='lat' dir='ltr'><strong>pari</strong></span> <span class='ocrx_word' id='word_1_234' title='bbox 2717 1698 2893 1760; x_wconf 89' lang='lat' dir='ltr'><strong>modo</strong></span> <span class='ocrx_word' id='word_1_235' title='bbox 2926 1699 3198 1780; x_wconf 85' lang='lat' dir='ltr'><strong>ejusdem</strong></span> <span class='ocrx_word' id='word_1_236' title='bbox 3232 1693 3638 1760; x_wconf 84' lang='lat' dir='ltr'><strong>consubstan-</strong></span> 
     </span>
    </p>
   </div>
   <div class='ocr_carea' id='block_1_32' title="bbox 264 1779 1914 1869">
    <p class='ocr_par' dir='ltr' id='par_1_32' title="bbox 264 1786 1891 1866">
     <span class='ocr_line' id='line_1_33' title="bbox 264 1786 1891 1866; baseline 0.005 -27"><span class='ocrx_word' id='word_1_237' title='bbox 264 1786 663 1858; x_wconf 79' lang='grc' dir='ltr'>ὁμοουσιότητος</span> <span class='ocrx_word' id='word_1_238' title='bbox 747 1787 903 1866; x_wconf 81' lang='grc' dir='ltr'>λόγος</span> <span class='ocrx_word' id='word_1_239' title='bbox 979 1789 1116 1845; x_wconf 82' lang='grc' dir='ltr'><strong>κατᾶ</strong></span> <span class='ocrx_word' id='word_1_240' title='bbox 1200 1789 1299 1856; x_wconf 75' lang='grc' dir='ltr'><strong>τὴν</strong></span> <span class='ocrx_word' id='word_1_241' title='bbox 1380 1789 1542 1856; x_wconf 75' lang='grc' dir='ltr'>αὗτὴν</span> <span class='ocrx_word' id='word_1_242' title='bbox 1608 1790 1891 1861; x_wconf 70' lang='grc' dir='ltr'><strong>ἀπαιτήσει</strong></span> 
     </span>
    </p>
   </div>
   <div class='ocr_carea' id='block_1_33' title="bbox 2003 1779 3653 1869">
    <p class='ocr_par' dir='ltr' id='par_1_33' title="bbox 2003 1779 3653 1869">
     <span class='ocr_line' id='line_1_34' title="bbox 2003 1779 3653 1869; baseline -0.003 -22"><span class='ocrx_word' id='word_1_243' title='bbox 2003 1786 2240 1848; x_wconf 66' lang='grc' dir='ltr'><strong>ἱδΙίίειιῖε</strong></span> <span class='ocrx_word' id='word_1_244' title='bbox 2293 1788 2463 1864; x_wconf 88' lang='lat' dir='ltr'><strong>ratio,</strong></span> <span class='ocrx_word' id='word_1_245' title='bbox 2520 1788 2863 1851; x_wconf 88' lang='lat' dir='ltr'><strong>necessario</strong></span> <span class='ocrx_word' id='word_1_246' title='bbox 2896 1779 3187 1869; x_wconf 88' lang='lat' dir='ltr'><strong>requiret,</strong></span> <span class='ocrx_word' id='word_1_247' title='bbox 3235 1804 3304 1849; x_wconf 80' lang='lat' dir='ltr'><strong>ex</strong></span> <span class='ocrx_word' id='word_1_248' title='bbox 3364 1801 3469 1847; x_wconf 89' lang='lat' dir='ltr'><strong>sua</strong></span> <span class='ocrx_word' id='word_1_249' title='bbox 3520 1796 3653 1844; x_wconf 89' lang='lat' dir='ltr'><strong>esse</strong></span> 
     </span>
    </p>
   </div>
   <div class='ocr_carea' id='block_1_34' title="bbox 262 1862 1912 1959">
    <p class='ocr_par' dir='ltr' id='par_1_34' title="bbox 262 1871 1887 1954">
     <span class='ocr_line' id='line_1_35' title="bbox 262 1871 1887 1954; baseline 0.005 -26"><span class='ocrx_word' id='word_1_250' title='bbox 262 1871 507 1954; x_wconf 74' lang='grc' dir='ltr'>ἀνάγκην,</span> <span class='ocrx_word' id='word_1_251' title='bbox 540 1878 628 1932; x_wconf 83' lang='grc' dir='ltr'><strong>καὶ</strong></span> <span class='ocrx_word' id='word_1_252' title='bbox 657 1876 717 1933; x_wconf 82' lang='grc' dir='ltr'>ἐκ</span> <span class='ocrx_word' id='word_1_253' title='bbox 744 1884 842 1945; x_wconf 73' lang='grc' dir='ltr'>τῆς</span> <span class='ocrx_word' id='word_1_254' title='bbox 874 1879 1056 1933; x_wconf 74' lang='grc' dir='ltr'>ἑαυτοῦ</span> <span class='ocrx_word' id='word_1_255' title='bbox 1103 1879 1245 1934; x_wconf 79' lang='grc' dir='ltr'>εἶναι</span> <span class='ocrx_word' id='word_1_256' title='bbox 1298 1879 1357 1934; x_wconf 78' lang='grc' dir='ltr'>τὸ</span> <span class='ocrx_word' id='word_1_257' title='bbox 1413 1880 1624 1952; x_wconf 73' lang='grc' dir='ltr'>Πιεῦμα</span> <span class='ocrx_word' id='word_1_258' title='bbox 1693 1878 1887 1951; x_wconf 67' lang='grc' dir='ltr'>οὔσίας,</span> 
     </span>
    </p>
   </div>
   <div class='ocr_carea' id='block_1_35' title="bbox 1996 1862 3646 1959">
    <p class='ocr_par' dir='ltr' id='par_1_35' title="bbox 1996 1862 3646 1959">
     <span class='ocr_line' id='line_1_36' title="bbox 1996 1862 3646 1959; baseline -0.001 -25"><span class='ocrx_word' id='word_1_259' title='bbox 1996 1876 2241 1939; x_wconf 66' lang='lat' dir='ltr'><strong>essentia</strong></span> <span class='ocrx_word' id='word_1_260' title='bbox 2269 1862 2633 1959; x_wconf 82' lang='lat' dir='ltr'><strong>Spiritum,si</strong></span> <span class='ocrx_word' id='word_1_261' title='bbox 2666 1886 2729 1939; x_wconf 92' lang='lat' dir='ltr'><strong>ut</strong></span> <span class='ocrx_word' id='word_1_262' title='bbox 2765 1885 2827 1938; x_wconf 97' lang='lat' dir='ltr'><strong>tu</strong></span> <span class='ocrx_word' id='word_1_263' title='bbox 2858 1862 3197 1958; x_wconf 80' lang='lat' dir='ltr'><strong>prodigiose</strong></span> <span class='ocrx_word' id='word_1_264' title='bbox 3221 1875 3420 1953; x_wconf 79' lang='lat' dir='ltr'><strong>ﬁngis,</strong></span> <span class='ocrx_word' id='word_1_265' title='bbox 3453 1873 3646 1933; x_wconf 67' lang='lat' dir='ltr'><strong>«bene</strong></span> 
     </span>
    </p>
   </div>
   <div class='ocr_carea' id='block_1_36' title="bbox 264 1959 1914 2047">
    <p class='ocr_par' dir='ltr' id='par_1_36' title="bbox 264 1960 1893 2046">
     <span class='ocr_line' id='line_1_37' title="bbox 264 1960 1893 2046; baseline 0.006 -31"><span class='ocrx_word' id='word_1_266' title='bbox 264 1960 365 2041; x_wconf 76' lang='grc' dir='ltr'>ἐὰν,</span> <span class='ocrx_word' id='word_1_267' title='bbox 397 1964 467 2027; x_wconf 78' lang='grc' dir='ltr'>ὡς</span> <span class='ocrx_word' id='word_1_268' title='bbox 522 1966 584 2020; x_wconf 79' lang='grc' dir='ltr'>σὺ</span> <span class='ocrx_word' id='word_1_269' title='bbox 613 1967 886 2045; x_wconf 77' lang='grc' dir='ltr'>τερατεύῃ,</span> <span class='ocrx_word' id='word_1_270' title='bbox 942 1989 962 2020; x_wconf 74' lang='grc' dir='ltr'><strong>ι</strong></span> <span class='ocrx_word' id='word_1_271' title='bbox 1012 1965 1190 2028; x_wconf 77' lang='grc' dir='ltr'>καλῶς</span> <span class='ocrx_word' id='word_1_272' title='bbox 1240 1965 1358 2046; x_wconf 70' lang='grc' dir='ltr'>ἔχει</span> <span class='ocrx_word' id='word_1_273' title='bbox 1415 1968 1500 2025; x_wconf 80' lang='grc' dir='ltr'>καὶ</span> <span class='ocrx_word' id='word_1_274' title='bbox 1544 1965 1768 2031; x_wconf 74' lang='grc' dir='ltr'>εὐσεϐῶς</span> <span class='ocrx_word' id='word_1_275' title='bbox 1807 1970 1893 2024; x_wconf 84' lang='grc' dir='ltr'><strong>καὶ</strong></span> 
     </span>
    </p>
   </div>
   <div class='ocr_carea' id='block_1_37' title="bbox 1993 1959 3643 2047">
    <p class='ocr_par' dir='ltr' id='par_1_37' title="bbox 1993 1959 3643 2047">
     <span class='ocr_line' id='line_1_38' title="bbox 1993 1959 3643 2047; baseline -0.003 -22"><span class='ocrx_word' id='word_1_276' title='bbox 1993 1967 2293 2047; x_wconf 76' lang='lat' dir='ltr'><strong>)ieque,ex</strong></span> <span class='ocrx_word' id='word_1_277' title='bbox 2315 1966 2578 2028; x_wconf 87' lang='lat' dir='ltr'><strong>essentia</strong></span> <span class='ocrx_word' id='word_1_278' title='bbox 2602 1965 2737 2029; x_wconf 89' lang='lat' dir='ltr'><strong>Filii</strong></span> <span class='ocrx_word' id='word_1_279' title='bbox 2772 1964 3026 2047; x_wconf 89' lang='lat' dir='ltr'><strong>dici,qui</strong></span> <span class='ocrx_word' id='word_1_280' title='bbox 3057 1982 3131 2026; x_wconf 84' lang='lat' dir='ltr'><strong>ex</strong></span> <span class='ocrx_word' id='word_1_281' title='bbox 3161 1963 3354 2026; x_wconf 88' lang='lat' dir='ltr'><strong>Patris</strong></span> <span class='ocrx_word' id='word_1_282' title='bbox 3379 1959 3643 2023; x_wconf 85' lang='lat' dir='ltr'><strong>essentia</strong></span> 
     </span>
    </p>
   </div>
   <div class='ocr_carea' id='block_1_38' title="bbox 260 2046 1910 2135">
    <p class='ocr_par' dir='ltr' id='par_1_38' title="bbox 260 2046 1892 2134">
     <span class='ocr_line' id='line_1_39' title="bbox 260 2046 1892 2134; baseline 0.006 -32"><span class='ocrx_word' id='word_1_283' title='bbox 260 2046 314 2103; x_wconf 84' lang='grc' dir='ltr'><strong>ἐκ</strong></span> <span class='ocrx_word' id='word_1_284' title='bbox 350 2054 446 2115; x_wconf 79' lang='grc' dir='ltr'>τῆς</span> <span class='ocrx_word' id='word_1_285' title='bbox 500 2060 594 2107; x_wconf 65' lang='grc' dir='ltr'>τοῦ</span> <span class='ocrx_word' id='word_1_286' title='bbox 667 2055 784 2108; x_wconf 75' lang='grc' dir='ltr'>Γὶοὖ</span> <span class='ocrx_word' id='word_1_287' title='bbox 842 2052 1083 2131; x_wconf 75' lang='grc' dir='ltr'>λέγεσθαι</span> <span class='ocrx_word' id='word_1_288' title='bbox 1148 2055 1209 2109; x_wconf 83' lang='grc' dir='ltr'>τὸ</span> <span class='ocrx_word' id='word_1_289' title='bbox 1268 2053 1329 2109; x_wconf 79' lang='grc' dir='ltr'><strong>ἐκ</strong></span> <span class='ocrx_word' id='word_1_290' title='bbox 1384 2060 1482 2120; x_wconf 81' lang='grc' dir='ltr'>τῆς</span> <span class='ocrx_word' id='word_1_291' title='bbox 1543 2061 1636 2111; x_wconf 79' lang='grc' dir='ltr'>τοῦ</span> <span class='ocrx_word' id='word_1_292' title='bbox 1691 2055 1892 2134; x_wconf 75' lang='grc' dir='ltr'>Πατρδς</span> 
     </span>
    </p>
   </div>
   <div class='ocr_carea' id='block_1_39' title="bbox 1988 2046 3638 2135">
    <p class='ocr_par' dir='ltr' id='par_1_39' title="bbox 1988 2046 3638 2135">
     <span class='ocr_line' id='line_1_40' title="bbox 1988 2046 3638 2135; baseline -0.001 -23"><span class='ocrx_word' id='word_1_293' title='bbox 1988 2046 2263 2115; x_wconf 74' lang='lat' dir='ltr'><strong>astruitur</strong></span> <span class='ocrx_word' id='word_1_294' title='bbox 2320 2053 2577 2135; x_wconf 84' lang='lat' dir='ltr'><strong>Spiritus</strong></span> <span class='ocrx_word' id='word_1_295' title='bbox 2634 2046 2905 2128; x_wconf 85' lang='lat' dir='ltr'><strong>sanctus,</strong></span> <span class='ocrx_word' id='word_1_296' title='bbox 2957 2053 3114 2134; x_wconf 91' lang='lat' dir='ltr'><strong>quod</strong></span> <span class='ocrx_word' id='word_1_297' title='bbox 3150 2070 3270 2114; x_wconf 88' lang='lat' dir='ltr'><strong>una</strong></span> <span class='ocrx_word' id='word_1_298' title='bbox 3322 2048 3513 2113; x_wconf 87' lang='lat' dir='ltr'><strong>Patris</strong></span> <span class='ocrx_word' id='word_1_299' title='bbox 3577 2055 3638 2110; x_wconf 86' lang='lat' dir='ltr'><strong>et</strong></span> 
     </span>
    </p>
   </div>
   <div class='ocr_carea' id='block_1_40' title="bbox 260 2136 1910 2225">
    <p class='ocr_par' dir='ltr' id='par_1_40' title="bbox 260 2136 1896 2219">
     <span class='ocr_line' id='line_1_41' title="bbox 260 2136 1896 2219; baseline 0.005 -27"><span class='ocrx_word' id='word_1_300' title='bbox 260 2136 423 2201; x_wconf 73' lang='grc' dir='ltr'>οὖσίας</span> <span class='ocrx_word' id='word_1_301' title='bbox 478 2138 769 2217; x_wconf 86' lang='grc' dir='ltr'>λεγόμενον</span> <span class='ocrx_word' id='word_1_302' title='bbox 835 2141 985 2219; x_wconf 71' lang='grc' dir='ltr'>ἅγιον</span> <span class='ocrx_word' id='word_1_303' title='bbox 1058 2148 1292 2218; x_wconf 80' lang='grc' dir='ltr'>Πνεῦμα,</span> <span class='ocrx_word' id='word_1_304' title='bbox 1352 2139 1440 2198; x_wconf 79' lang='grc' dir='ltr'><strong>διὰ</strong></span> <span class='ocrx_word' id='word_1_305' title='bbox 1508 2144 1569 2198; x_wconf 82' lang='grc' dir='ltr'>τὸ</span> <span class='ocrx_word' id='word_1_306' title='bbox 1625 2145 1746 2218; x_wconf 85' lang='grc' dir='ltr'>μίαν</span> <span class='ocrx_word' id='word_1_307' title='bbox 1803 2150 1896 2201; x_wconf 81' lang='grc' dir='ltr'>τοῦ</span> 
     </span>
    </p>
   </div>
   <div class='ocr_carea' id='block_1_41' title="bbox 1992 2136 3642 2225">
    <p class='ocr_par' dir='ltr' id='par_1_41' title="bbox 1992 2140 3642 2225">
     <span class='ocr_line' id='line_1_42' title="bbox 1992 2140 3642 2225; baseline -0.002 -23"><span class='ocrx_word' id='word_1_308' title='bbox 1992 2140 2113 2203; x_wconf 73' lang='lat' dir='ltr'><strong>Filii</strong></span> <span class='ocrx_word' id='word_1_309' title='bbox 2144 2142 2403 2205; x_wconf 86' lang='lat' dir='ltr'><strong>essentia</strong></span> <span class='ocrx_word' id='word_1_310' title='bbox 2423 2150 2572 2206; x_wconf 63' lang='lat' dir='ltr'><strong>est.»</strong></span> <span class='ocrx_word' id='word_1_311' title='bbox 2610 2141 2919 2215; x_wconf 90' lang='lat' dir='ltr'><strong>Quomodo</strong></span> <span class='ocrx_word' id='word_1_312' title='bbox 2951 2141 3142 2225; x_wconf 89' lang='lat' dir='ltr'><strong>te.qui</strong></span> <span class='ocrx_word' id='word_1_313' title='bbox 3174 2142 3355 2223; x_wconf 90' lang='lat' dir='ltr'><strong>pleno</strong></span> <span class='ocrx_word' id='word_1_314' title='bbox 3386 2146 3642 2225; x_wconf 85' lang='lat' dir='ltr'><strong>pectore</strong></span> 
     </span>
    </p>
   </div>
   <div class='ocr_carea' id='block_1_42' title="bbox 261 2224 1911 2311">
    <p class='ocr_par' dir='ltr' id='par_1_42' title="bbox 261 2230 1896 2309">
     <span class='ocr_line' id='line_1_43' title="bbox 261 2230 1896 2309; baseline 0.004 -28"><span class='ocrx_word' id='word_1_315' title='bbox 261 2230 370 2286; x_wconf 77' lang='grc' dir='ltr'><strong>Υἱοὺ</strong></span> <span class='ocrx_word' id='word_1_316' title='bbox 423 2232 509 2285; x_wconf 86' lang='grc' dir='ltr'><strong>καὶ</strong></span> <span class='ocrx_word' id='word_1_317' title='bbox 574 2232 775 2309; x_wconf 77' lang='grc' dir='ltr'>Πατρὸς</span> <span class='ocrx_word' id='word_1_318' title='bbox 821 2232 962 2287; x_wconf 76' lang='grc' dir='ltr'>εἶναι</span> <span class='ocrx_word' id='word_1_319' title='bbox 1022 2231 1218 2292; x_wconf 74' lang='grc' dir='ltr'>ὠσίαν,</span> <span class='ocrx_word' id='word_1_320' title='bbox 1258 2255 1284 2285; x_wconf 71' lang='grc' dir='ltr'>ι)</span> <span class='ocrx_word' id='word_1_321' title='bbox 1352 2232 1470 2293; x_wconf 79' lang='grc' dir='ltr'>Πῶς</span> <span class='ocrx_word' id='word_1_322' title='bbox 1514 2233 1675 2288; x_wconf 75' lang='grc' dir='ltr'>ταῦτα</span> <span class='ocrx_word' id='word_1_323' title='bbox 1718 2253 1776 2287; x_wconf 80' lang='grc' dir='ltr'>σε</span> <span class='ocrx_word' id='word_1_324' title='bbox 1805 2233 1896 2288; x_wconf 81' lang='grc' dir='ltr'>τὸν</span> 
     </span>
    </p>
   </div>
   <div class='ocr_carea' id='block_1_43' title="bbox 1986 2224 3636 2311">
    <p class='ocr_par' dir='ltr' id='par_1_43' title="bbox 1986 2224 3636 2311">
     <span class='ocr_line' id='line_1_44' title="bbox 1986 2224 3636 2311; baseline -0.002 -20"><span class='ocrx_word' id='word_1_325' title='bbox 1986 2230 2292 2311; x_wconf 67' lang='lat' dir='ltr'><strong>sapis,haac</strong></span> <span class='ocrx_word' id='word_1_326' title='bbox 2310 2231 2535 2293; x_wconf 88' lang='lat' dir='ltr'><strong>latuere</strong></span> <span class='ocrx_word' id='word_1_327' title='bbox 2555 2230 2586 2290; x_wconf 84' lang='lat'><strong>?</strong></span> <span class='ocrx_word' id='word_1_328' title='bbox 2604 2230 2933 2305; x_wconf 86' lang='lat' dir='ltr'><strong>Quomodo,</strong></span> <span class='ocrx_word' id='word_1_329' title='bbox 2964 2230 3072 2311; x_wconf 91' lang='lat' dir='ltr'><strong>qui</strong></span> <span class='ocrx_word' id='word_1_330' title='bbox 3088 2228 3476 2292; x_wconf 82' lang='lat' dir='ltr'><strong>Aristotelem</strong></span> <span class='ocrx_word' id='word_1_331' title='bbox 3502 2224 3636 2307; x_wconf 89' lang='lat' dir='ltr'><strong>spi-</strong></span> 
     </span>
    </p>
   </div>
   <div class='ocr_carea' id='block_1_44' title="bbox 260 2317 1910 2400">
    <p class='ocr_par' dir='ltr' id='par_1_44' title="bbox 260 2317 1897 2400">
     <span class='ocr_line' id='line_1_45' title="bbox 260 2317 1897 2400; baseline 0.004 -29"><span class='ocrx_word' id='word_1_332' title='bbox 260 2317 563 2394; x_wconf 73' lang='grc' dir='ltr'>σοφώτατον</span> <span class='ocrx_word' id='word_1_333' title='bbox 619 2317 821 2394; x_wconf 75' lang='grc' dir='ltr'>ἔλαθε;</span> <span class='ocrx_word' id='word_1_334' title='bbox 882 2326 1000 2385; x_wconf 79' lang='grc' dir='ltr'>Πῶς</span> <span class='ocrx_word' id='word_1_335' title='bbox 1056 2321 1146 2376; x_wconf 88' lang='grc' dir='ltr'>τὸν</span> <span class='ocrx_word' id='word_1_336' title='bbox 1204 2319 1625 2399; x_wconf 78' lang='grc' dir='ltr'>Ἀριστοτελικόν</span> <span class='ocrx_word' id='word_1_337' title='bbox 1680 2342 1762 2400; x_wconf 85' lang='grc' dir='ltr'><strong>σε,</strong></span> <span class='ocrx_word' id='word_1_338' title='bbox 1808 2322 1897 2378; x_wconf 82' lang='grc' dir='ltr'>καὶ</span> 
     </span>
    </p>
   </div>
   <div class='ocr_carea' id='block_1_45' title="bbox 1989 2317 3639 2400">
    <p class='ocr_par' dir='ltr' id='par_1_45' title="bbox 1989 2317 3639 2399">
     <span class='ocr_line' id='line_1_46' title="bbox 1989 2317 3639 2399; baseline -0.001 -21"><span class='ocrx_word' id='word_1_339' title='bbox 1989 2336 2098 2395; x_wconf 77' lang='lat' dir='ltr'><strong>ras,</strong></span> <span class='ocrx_word' id='word_1_340' title='bbox 2130 2327 2189 2382; x_wconf 89' lang='lat' dir='ltr'><strong>et</strong></span> <span class='ocrx_word' id='word_1_341' title='bbox 2218 2336 2504 2399; x_wconf 78' lang='lat' dir='ltr'><strong>magnum</strong></span> <span class='ocrx_word' id='word_1_342' title='bbox 2566 2319 2649 2380; x_wconf 89' lang='lat' dir='ltr'><strong>tui</strong></span> <span class='ocrx_word' id='word_1_343' title='bbox 2704 2319 2920 2381; x_wconf 81' lang='lat' dir='ltr'><strong>fastum</strong></span> <span class='ocrx_word' id='word_1_344' title='bbox 2963 2318 3023 2380; x_wconf 90' lang='lat' dir='ltr'><strong>in</strong></span> <span class='ocrx_word' id='word_1_345' title='bbox 3072 2318 3321 2381; x_wconf 90' lang='lat' dir='ltr'><strong>Platone</strong></span> <span class='ocrx_word' id='word_1_346' title='bbox 3348 2317 3639 2396; x_wconf 79' lang='lat' dir='ltr'><strong>collocas,</strong></span> 
     </span>
    </p>
   </div>
   <div class='ocr_carea' id='block_1_46' title="bbox 260 2404 1910 2490">
    <p class='ocr_par' dir='ltr' id='par_1_46' title="bbox 260 2404 1894 2490">
     <span class='ocr_line' id='line_1_47' title="bbox 260 2404 1894 2490; baseline 0.004 -30"><span class='ocrx_word' id='word_1_347' title='bbox 260 2404 490 2483; x_wconf 77' lang='grc' dir='ltr'>μεγάλως</span> <span class='ocrx_word' id='word_1_348' title='bbox 546 2406 790 2464; x_wconf 74' lang='grc' dir='ltr'>Πλάτωνι</span> <span class='ocrx_word' id='word_1_349' title='bbox 850 2408 1289 2486; x_wconf 62' lang='grc' dir='ltr'>ἒγιιαυγώμενον,</span> <span class='ocrx_word' id='word_1_350' title='bbox 1363 2407 1588 2466; x_wconf 74' lang='grc' dir='ltr'>συνιδεῖν</span> <span class='ocrx_word' id='word_1_351' title='bbox 1634 2412 1728 2466; x_wconf 66' lang='grc' dir='ltr'><strong>οὒκ</strong></span> <span class='ocrx_word' id='word_1_352' title='bbox 1769 2409 1894 2490; x_wconf 85' lang='grc' dir='ltr'>ἐγέ-</span> 
     </span>
    </p>
   </div>
   <div class='ocr_carea' id='block_1_47' title="bbox 1990 2404 3640 2490">
    <p class='ocr_par' dir='ltr' id='par_1_47' title="bbox 1990 2406 3640 2490">
     <span class='ocr_line' id='line_1_48' title="bbox 1990 2406 3640 2490; baseline -0.001 -22"><span class='ocrx_word' id='word_1_353' title='bbox 1990 2424 2343 2488; x_wconf 79' lang='lat' dir='ltr'><strong>:ognoscere</strong></span> <span class='ocrx_word' id='word_1_354' title='bbox 2401 2407 2551 2473; x_wconf 55' lang='lat' dir='ltr'><strong>non?</strong></span> <span class='ocrx_word' id='word_1_355' title='bbox 2580 2408 2845 2490; x_wconf 91' lang='lat' dir='ltr'><strong>potuisti,</strong></span> <span class='ocrx_word' id='word_1_356' title='bbox 2899 2409 3157 2489; x_wconf 89' lang='lat' dir='ltr'><strong>laqueuu</strong></span> <span class='ocrx_word' id='word_1_357' title='bbox 3189 2406 3296 2469; x_wconf 89' lang='lat' dir='ltr'><strong>tibi</strong></span> <span class='ocrx_word' id='word_1_358' title='bbox 3325 2407 3640 2487; x_wconf 89' lang='lat' dir='ltr'><strong>adaptare,</strong></span> 
     </span>
    </p>
   </div>
   <div class='ocr_carea' id='block_1_48' title="bbox 264 2495 1914 2579">
    <p class='ocr_par' dir='ltr' id='par_1_48' title="bbox 264 2495 1895 2579">
     <span class='ocr_line' id='line_1_49' title="bbox 264 2495 1895 2579; baseline 0.003 -29"><span class='ocrx_word' id='word_1_359' title='bbox 264 2516 393 2574; x_wconf 87' lang='grc' dir='ltr'>νετο,</span> <span class='ocrx_word' id='word_1_360' title='bbox 450 2495 598 2558; x_wconf 82' lang='grc' dir='ltr'>ὥπος</span> <span class='ocrx_word' id='word_1_361' title='bbox 655 2496 896 2577; x_wconf 78' lang='grc' dir='ltr'>ἀγχόνην</span> <span class='ocrx_word' id='word_1_362' title='bbox 953 2507 1119 2556; x_wconf 80' lang='grc' dir='ltr'>ταῦτα</span> <span class='ocrx_word' id='word_1_363' title='bbox 1157 2496 1328 2575; x_wconf 86' lang='grc' dir='ltr'>λέγων</span> <span class='ocrx_word' id='word_1_364' title='bbox 1359 2506 1562 2574; x_wconf 84' lang='grc' dir='ltr'>σεαυτῷ</span> <span class='ocrx_word' id='word_1_365' title='bbox 1592 2498 1827 2579; x_wconf 79' lang='grc' dir='ltr'>πλέκεις,</span> <span class='ocrx_word' id='word_1_366' title='bbox 1860 2499 1895 2568; x_wconf 73' lang='grc' dir='ltr'>ἢ</span> 
     </span>
    </p>
   </div>
   <div class='ocr_carea' id='block_1_49' title="bbox 1994 2495 3644 2579">
    <p class='ocr_par' dir='ltr' id='par_1_49' title="bbox 1994 2495 3644 2577">
     <span class='ocr_line' id='line_1_50' title="bbox 1994 2495 3644 2577; baseline -0.001 -20"><span class='ocrx_word' id='word_1_367' title='bbox 1994 2503 2038 2557; x_wconf 68' lang='lat' dir='ltr'><strong>at</strong></span> <span class='ocrx_word' id='word_1_368' title='bbox 2066 2514 2294 2572; x_wconf 87' lang='lat' dir='ltr'><strong>ensem,</strong></span> <span class='ocrx_word' id='word_1_369' title='bbox 2315 2497 2385 2559; x_wconf 88' lang='lat' dir='ltr'><strong>ad</strong></span> <span class='ocrx_word' id='word_1_370' title='bbox 2423 2506 2655 2559; x_wconf 82' lang='lat' dir='ltr'><strong>tuorum</strong></span> <span class='ocrx_word' id='word_1_371' title='bbox 2686 2496 2982 2558; x_wconf 83' lang='lat' dir='ltr'><strong>viscerum</strong></span> <span class='ocrx_word' id='word_1_372' title='bbox 3007 2495 3383 2576; x_wconf 84' lang='lat' dir='ltr'><strong>etl&#39;usionem,</strong></span> <span class='ocrx_word' id='word_1_373' title='bbox 3418 2512 3644 2577; x_wconf 64' lang='lat' dir='ltr'><strong>praepa-</strong></span> 
     </span>
    </p>
   </div>
   <div class='ocr_carea' id='block_1_50' title="bbox 265 2581 1915 2668">
    <p class='ocr_par' dir='ltr' id='par_1_50' title="bbox 265 2581 1896 2668">
     <span class='ocr_line' id='line_1_51' title="bbox 265 2581 1896 2668; baseline 0.004 -31"><span class='ocrx_word' id='word_1_374' title='bbox 265 2581 396 2660; x_wconf 70' lang='grc' dir='ltr'>ξίφος</span> <span class='ocrx_word' id='word_1_375' title='bbox 438 2587 575 2664; x_wconf 77' lang='grc' dir='ltr'>πρὸς</span> <span class='ocrx_word' id='word_1_376' title='bbox 611 2587 725 2668; x_wconf 23' lang='grc' dir='ltr'>*τὴν</span> <span class='ocrx_word' id='word_1_377' title='bbox 780 2588 886 2642; x_wconf 75' lang='grc' dir='ltr'>τῶν</span> <span class='ocrx_word' id='word_1_378' title='bbox 947 2586 1151 2642; x_wconf 71' lang='grc' dir='ltr'>οἰκείων</span> <span class='ocrx_word' id='word_1_379' title='bbox 1195 2586 1431 2664; x_wconf 77' lang='grc' dir='ltr'>ἐγκάτων</span> <span class='ocrx_word' id='word_1_380' title='bbox 1472 2585 1690 2667; x_wconf 60' lang='grc' dir='ltr'>ἔκχυσιν</span> <span class='ocrx_word' id='word_1_381' title='bbox 1748 2588 1896 2668; x_wconf 76' lang='grc' dir='ltr'>χαλ-</span> 
     </span>
    </p>
   </div>
   <div class='ocr_carea' id='block_1_51' title="bbox 1991 2581 3641 2668">
    <p class='ocr_par' dir='ltr' id='par_1_51' title="bbox 1991 2584 3641 2665">
     <span class='ocr_line' id='line_1_52' title="bbox 1991 2584 3641 2665; baseline -0.001 -20"><span class='ocrx_word' id='word_1_382' title='bbox 1991 2603 2113 2647; x_wconf 80' lang='lat' dir='ltr'><strong>rare</strong></span> <span class='ocrx_word' id='word_1_383' title='bbox 2134 2592 2161 2649; x_wconf 87' lang='lat'><strong>?</strong></span> <span class='ocrx_word' id='word_1_384' title='bbox 2179 2584 2320 2659; x_wconf 59' lang='lat' dir='ltr'><strong>Quae</strong></span> <span class='ocrx_word' id='word_1_385' title='bbox 2339 2586 2568 2649; x_wconf 90' lang='lat' dir='ltr'><strong>viscera</strong></span> <span class='ocrx_word' id='word_1_386' title='bbox 2591 2604 2708 2665; x_wconf 89' lang='lat' dir='ltr'><strong>non</strong></span> <span class='ocrx_word' id='word_1_387' title='bbox 2732 2585 2846 2647; x_wconf 91' lang='lat' dir='ltr'><strong>alia</strong></span> <span class='ocrx_word' id='word_1_388' title='bbox 2875 2604 3010 2648; x_wconf 73' lang='lat' dir='ltr'><strong>esse</strong></span> <span class='ocrx_word' id='word_1_389' title='bbox 3032 2584 3501 2648; x_wconf 86' lang='lat' dir='ltr'><strong>existimandum</strong></span> <span class='ocrx_word' id='word_1_390' title='bbox 3527 2590 3641 2664; x_wconf 84' lang='lat' dir='ltr'><strong>est,</strong></span> 
     </span>
    </p>
   </div>
   <div class='ocr_carea' id='block_1_52' title="bbox 263 2663 1913 2757">
    <p class='ocr_par' dir='ltr' id='par_1_52' title="bbox 263 2663 1897 2757">
     <span class='ocr_line' id='line_1_53' title="bbox 263 2663 1897 2757; baseline 0.003 -31"><span class='ocrx_word' id='word_1_391' title='bbox 263 2687 547 2753; x_wconf 74' lang='grc' dir='ltr'>κουργεῒς;</span> <span class='ocrx_word' id='word_1_392' title='bbox 609 2663 806 2730; x_wconf 63' lang='lat' dir='ltr'><strong>&quot;Arma</strong></span> <span class='ocrx_word' id='word_1_393' title='bbox 832 2673 896 2743; x_wconf 77' lang='grc' dir='ltr'>δὴ</span> <span class='ocrx_word' id='word_1_394' title='bbox 953 2676 1016 2731; x_wconf 66' lang='grc' dir='ltr'><strong>τὰ</strong></span> <span class='ocrx_word' id='word_1_395' title='bbox 1074 2675 1271 2753; x_wconf 77' lang='grc' dir='ltr'>ἔγκατα</span> <span class='ocrx_word' id='word_1_396' title='bbox 1326 2681 1492 2731; x_wconf 80' lang='grc' dir='ltr'>ταῦτα</span> <span class='ocrx_word' id='word_1_397' title='bbox 1516 2675 1897 2757; x_wconf 75' lang='grc' dir='ltr'>ὑποληπτέον;</span> 
     </span>
    </p>
   </div>
   <div class='ocr_carea' id='block_1_53' title="bbox 1996 2663 3646 2757">
    <p class='ocr_par' dir='ltr' id='par_1_53' title="bbox 1996 2663 3646 2756">
     <span class='ocr_line' id='line_1_54' title="bbox 1996 2663 3646 2756; baseline -0.001 -21"><span class='ocrx_word' id='word_1_398' title='bbox 1996 2692 2157 2756; x_wconf 72' lang='lat' dir='ltr'><strong>quam</strong></span> <span class='ocrx_word' id='word_1_399' title='bbox 2217 2683 2333 2736; x_wconf 65' lang='lat' dir='ltr'><strong>tuae</strong></span> <span class='ocrx_word' id='word_1_400' title='bbox 2391 2663 3025 2737; x_wconf 85' lang='lat' dir='ltr'><strong>mentiscircumactu</strong></span> <span class='ocrx_word' id='word_1_401' title='bbox 3057 2673 3358 2749; x_wconf 77' lang='lat' dir='ltr'><strong>difﬁciles,</strong></span> <span class='ocrx_word' id='word_1_402' title='bbox 3388 2680 3446 2735; x_wconf 93' lang='lat' dir='ltr'><strong>et</strong></span> <span class='ocrx_word' id='word_1_403' title='bbox 3504 2663 3646 2735; x_wconf 85' lang='lat' dir='ltr'><strong>fimo</strong></span> 
     </span>
    </p>
   </div>
   <div class='ocr_carea' id='block_1_54' title="bbox 265 2759 1915 2845">
    <p class='ocr_par' dir='ltr' id='par_1_54' title="bbox 265 2759 1902 2845">
     <span class='ocr_line' id='line_1_55' title="bbox 265 2759 1902 2845; baseline 0.002 -27"><span class='ocrx_word' id='word_1_404' title='bbox 265 2763 409 2818; x_wconf 74' lang='grc' dir='ltr'>Εἶναι</span> <span class='ocrx_word' id='word_1_405' title='bbox 468 2762 521 2819; x_wconf 77' lang='grc' dir='ltr'>δὲ</span> <span class='ocrx_word' id='word_1_406' title='bbox 569 2767 731 2820; x_wconf 70' lang='grc' dir='ltr'>ταῦτα</span> <span class='ocrx_word' id='word_1_407' title='bbox 775 2770 928 2841; x_wconf 83' lang='grc' dir='ltr'>οἶμαι</span> <span class='ocrx_word' id='word_1_408' title='bbox 985 2771 1082 2833; x_wconf 74' lang='grc' dir='ltr'>τῆς</span> <span class='ocrx_word' id='word_1_409' title='bbox 1137 2759 1240 2832; x_wconf 77' lang='grc' dir='ltr'>σῆς</span> <span class='ocrx_word' id='word_1_410' title='bbox 1285 2766 1469 2845; x_wconf 76' lang='grc' dir='ltr'>φρενός</span> <span class='ocrx_word' id='word_1_411' title='bbox 1533 2767 1599 2821; x_wconf 78' lang='grc' dir='ltr'><strong>τα</strong></span> <span class='ocrx_word' id='word_1_412' title='bbox 1627 2764 1902 2824; x_wconf 66' lang='grc' dir='ltr'>δυσέλιιιτα</span> 
     </span>
    </p>
   </div>
   <div class='ocr_carea' id='block_1_55' title="bbox 2003 2759 3653 2845">
    <p class='ocr_par' dir='ltr' id='par_1_55' title="bbox 2003 2761 3653 2845">
     <span class='ocr_line' id='line_1_56' title="bbox 2003 2761 3653 2845; baseline -0.001 -21"><span class='ocrx_word' id='word_1_413' title='bbox 2003 2762 2258 2844; x_wconf 86' lang='lat' dir='ltr'><strong>&#39;efertas,</strong></span> <span class='ocrx_word' id='word_1_414' title='bbox 2280 2764 2542 2826; x_wconf 66' lang='lat' dir='ltr'><strong>haeretici</strong></span> <span class='ocrx_word' id='word_1_415' title='bbox 2563 2763 2796 2827; x_wconf 90' lang='lat' dir='ltr'><strong>scilicet</strong></span> <span class='ocrx_word' id='word_1_416' title='bbox 2813 2763 3040 2845; x_wconf 90' lang='lat' dir='ltr'><strong>putoris</strong></span> <span class='ocrx_word' id='word_1_417' title='bbox 3061 2761 3235 2842; x_wconf 80' lang='lat' dir='ltr'><strong>grave</strong></span> <span class='ocrx_word' id='word_1_418' title='bbox 3256 2763 3487 2826; x_wconf 88' lang='lat' dir='ltr'><strong>olentes</strong></span> <span class='ocrx_word' id='word_1_419' title='bbox 3517 2780 3653 2824; x_wconf 87' lang='lat' dir='ltr'><strong>sen-</strong></span> 
     </span>
    </p>
   </div>
   <div class='ocr_carea' id='block_1_56' title="bbox 262 2850 1912 2933">
    <p class='ocr_par' dir='ltr' id='par_1_56' title="bbox 262 2850 1902 2933">
     <span class='ocr_line' id='line_1_57' title="bbox 262 2850 1902 2933; baseline 0.004 -28"><span class='ocrx_word' id='word_1_420' title='bbox 262 2854 341 2907; x_wconf 78' lang='grc' dir='ltr'><strong>καὶ</strong></span> <span class='ocrx_word' id='word_1_421' title='bbox 405 2850 590 2932; x_wconf 76' lang='grc' dir='ltr'>πλήρη</span> <span class='ocrx_word' id='word_1_422' title='bbox 661 2854 876 2933; x_wconf 65' lang='grc' dir='ltr'>κόπρου,</span> <span class='ocrx_word' id='word_1_423' title='bbox 949 2854 1045 2921; x_wconf 72' lang='grc' dir='ltr'>τῆς</span> <span class='ocrx_word' id='word_1_424' title='bbox 1103 2855 1370 2932; x_wconf 79' lang='grc' dir='ltr'>αἰρετικῆς</span> <span class='ocrx_word' id='word_1_425' title='bbox 1426 2851 1675 2917; x_wconf 84' lang='grc' dir='ltr'>δυσωδίας</span> <span class='ocrx_word' id='word_1_426' title='bbox 1761 2853 1902 2933; x_wconf 85' lang='grc' dir='ltr'>λέγω</span> 
     </span>
    </p>
   </div>
   <div class='ocr_carea' id='block_1_57' title="bbox 2004 2850 3654 2933">
    <p class='ocr_par' dir='ltr' id='par_1_57' title="bbox 2004 2851 3654 2933">
     <span class='ocr_line' id='line_1_58' title="bbox 2004 2851 3654 2933; baseline -0.001 -20"><span class='ocrx_word' id='word_1_427' title='bbox 2004 2852 2226 2915; x_wconf 59' lang='grc' dir='ltr'>ηθηιίιιε.</span> <span class='ocrx_word' id='word_1_428' title='bbox 2258 2851 2526 2933; x_wconf 89' lang='lat' dir='ltr'><strong>Namque</strong></span> <span class='ocrx_word' id='word_1_429' title='bbox 2555 2853 2606 2914; x_wconf 91' lang='lat' dir='ltr'><strong>si</strong></span> <span class='ocrx_word' id='word_1_430' title='bbox 2636 2852 2864 2914; x_wconf 91' lang='lat' dir='ltr'><strong>nullum</strong></span> <span class='ocrx_word' id='word_1_431' title='bbox 2888 2856 3050 2931; x_wconf 60' lang='lat' dir='ltr'><strong>iesse</strong></span> <span class='ocrx_word' id='word_1_432' title='bbox 3080 2851 3405 2915; x_wconf 89' lang='lat' dir='ltr'><strong>absurdum</strong></span> <span class='ocrx_word' id='word_1_433' title='bbox 3437 2860 3654 2914; x_wconf 84' lang='lat' dir='ltr'><strong>osten-</strong></span> 
     </span>
    </p>
   </div>
   <div class='ocr_carea' id='block_1_58' title="bbox 263 2932 1913 3022">
    <p class='ocr_par' dir='ltr' id='par_1_58' title="bbox 263 2932 1894 3021">
     <span class='ocr_line' id='line_1_59' title="bbox 263 2932 1894 3021; baseline 0.004 -28"><span class='ocrx_word' id='word_1_434' title='bbox 263 2935 602 3016; x_wconf 79' lang='grc' dir='ltr'>διανοήματα.</span> <span class='ocrx_word' id='word_1_435' title='bbox 665 2932 746 2999; x_wconf 78' lang='grc' dir='ltr'><strong>’Ἠ</strong></span> <span class='ocrx_word' id='word_1_436' title='bbox 802 2943 902 3021; x_wconf 80' lang='grc' dir='ltr'>γὰρ</span> <span class='ocrx_word' id='word_1_437' title='bbox 945 2941 1092 2999; x_wconf 73' lang='grc' dir='ltr'>οὖδὲν</span> <span class='ocrx_word' id='word_1_438' title='bbox 1142 2943 1285 2999; x_wconf 77' lang='grc' dir='ltr'>εἶναι</span> <span class='ocrx_word' id='word_1_439' title='bbox 1338 2941 1532 3001; x_wconf 73' lang='grc' dir='ltr'>ἄτοπον</span> <span class='ocrx_word' id='word_1_440' title='bbox 1588 2941 1894 3018; x_wconf 76' lang='grc' dir='ltr'>ἀποδείξεις,</span> 
     </span>
    </p>
   </div>
   <div class='ocr_carea' id='block_1_59' title="bbox 1999 2932 3649 3022">
    <p class='ocr_par' dir='ltr' id='par_1_59' title="bbox 1999 2932 3649 3022">
     <span class='ocr_line' id='line_1_60' title="bbox 1999 2932 3649 3022; baseline -0.001 -20"><span class='ocrx_word' id='word_1_441' title='bbox 1999 2940 2180 3014; x_wconf 86' lang='lat' dir='ltr'><strong>deris,</strong></span> <span class='ocrx_word' id='word_1_442' title='bbox 2211 2948 2279 3003; x_wconf 90' lang='lat' dir='ltr'><strong>ut</strong></span> <span class='ocrx_word' id='word_1_443' title='bbox 2333 2932 2541 3003; x_wconf 87' lang='lat' dir='ltr'><strong>eadem</strong></span> <span class='ocrx_word' id='word_1_444' title='bbox 2602 2948 2895 3022; x_wconf 86' lang='lat' dir='ltr'><strong>repetam,</strong></span> <span class='ocrx_word' id='word_1_445' title='bbox 2955 2940 3059 3022; x_wconf 92' lang='lat' dir='ltr'><strong>qui</strong></span> <span class='ocrx_word' id='word_1_446' title='bbox 3092 2959 3168 3002; x_wconf 79' lang='lat' dir='ltr'><strong>ex</strong></span> <span class='ocrx_word' id='word_1_447' title='bbox 3199 2940 3393 3004; x_wconf 89' lang='lat' dir='ltr'><strong>Patris</strong></span> <span class='ocrx_word' id='word_1_448' title='bbox 3422 2948 3481 3002; x_wconf 86' lang='lat' dir='ltr'><strong>et</strong></span> <span class='ocrx_word' id='word_1_449' title='bbox 3508 2938 3649 3002; x_wconf 87' lang='lat' dir='ltr'><strong>Filii</strong></span> 
     </span>
    </p>
   </div>
   <div class='ocr_carea' id='block_1_60' title="bbox 263 3026 1913 3111">
    <p class='ocr_par' dir='ltr' id='par_1_60' title="bbox 263 3026 1905 3111">
     <span class='ocr_line' id='line_1_61' title="bbox 263 3026 1905 3111; baseline 0.004 -28"><span class='ocrx_word' id='word_1_450' title='bbox 263 3030 328 3089; x_wconf 81' lang='grc' dir='ltr'><strong>ὡς</strong></span> <span class='ocrx_word' id='word_1_451' title='bbox 381 3027 441 3084; x_wconf 80' lang='grc' dir='ltr'><strong>ἂν</strong></span> <span class='ocrx_word' id='word_1_452' title='bbox 510 3029 722 3106; x_wconf 76' lang='grc' dir='ltr'>εἴποιμι</span> <span class='ocrx_word' id='word_1_453' title='bbox 789 3033 854 3086; x_wconf 80' lang='grc' dir='ltr'>τὰ</span> <span class='ocrx_word' id='word_1_454' title='bbox 912 3032 1065 3101; x_wconf 70' lang='grc' dir='ltr'>αὔτα,</span> <span class='ocrx_word' id='word_1_455' title='bbox 1101 3031 1160 3087; x_wconf 86' lang='grc' dir='ltr'><strong>τό</strong></span> <span class='ocrx_word' id='word_1_456' title='bbox 1219 3031 1279 3088; x_wconf 87' lang='grc' dir='ltr'>ἐκ</span> <span class='ocrx_word' id='word_1_457' title='bbox 1318 3036 1414 3099; x_wconf 78' lang='grc' dir='ltr'>τῆς</span> <span class='ocrx_word' id='word_1_458' title='bbox 1445 3042 1538 3091; x_wconf 77' lang='grc' dir='ltr'>τοῦ</span> <span class='ocrx_word' id='word_1_459' title='bbox 1581 3034 1783 3111; x_wconf 83' lang='grc' dir='ltr'>Πατρὸς</span> <span class='ocrx_word' id='word_1_460' title='bbox 1814 3026 1905 3089; x_wconf 81' lang='grc' dir='ltr'>καὶ</span> 
     </span>
    </p>
   </div>
   <div class='ocr_carea' id='block_1_61' title="bbox 2001 3026 3651 3111">
    <p class='ocr_par' dir='ltr' id='par_1_61' title="bbox 2001 3027 3651 3110">
     <span class='ocr_line' id='line_1_62' title="bbox 2001 3027 3651 3110; baseline 0.001 -20"><span class='ocrx_word' id='word_1_461' title='bbox 2001 3029 2249 3090; x_wconf 77' lang='lat' dir='ltr'><strong>essentia</strong></span> <span class='ocrx_word' id='word_1_462' title='bbox 2277 3028 2496 3092; x_wconf 90' lang='lat' dir='ltr'><strong>dicitur</strong></span> <span class='ocrx_word' id='word_1_463' title='bbox 2524 3027 2806 3110; x_wconf 89' lang='lat' dir='ltr'><strong>Spiritus,</strong></span> <span class='ocrx_word' id='word_1_464' title='bbox 2836 3029 3014 3091; x_wconf 89' lang='lat' dir='ltr'><strong>etiam</strong></span> <span class='ocrx_word' id='word_1_465' title='bbox 3051 3047 3120 3091; x_wconf 81' lang='lat' dir='ltr'><strong>ex</strong></span> <span class='ocrx_word' id='word_1_466' title='bbox 3151 3029 3246 3089; x_wconf 92' lang='lat' dir='ltr'><strong>sui</strong></span> <span class='ocrx_word' id='word_1_467' title='bbox 3273 3029 3463 3109; x_wconf 88' lang='lat' dir='ltr'><strong>ipsius</strong></span> <span class='ocrx_word' id='word_1_468' title='bbox 3482 3027 3605 3091; x_wconf 85' lang='lat' dir='ltr'><strong>dici</strong></span> <span class='ocrx_word' id='word_1_469' title='bbox 3635 3044 3651 3091; x_wconf 89' lang='lat'><strong>:</strong></span> 
     </span>
    </p>
   </div>
   <div class='ocr_carea' id='block_1_62' title="bbox 265 3117 1915 3203">
    <p class='ocr_par' dir='ltr' id='par_1_62' title="bbox 265 3117 1900 3198">
     <span class='ocr_line' id='line_1_63' title="bbox 265 3117 1900 3198; baseline 0.006 -29"><span class='ocrx_word' id='word_1_470' title='bbox 265 3119 373 3173; x_wconf 78' lang='grc' dir='ltr'>Υἱοῦ</span> <span class='ocrx_word' id='word_1_471' title='bbox 426 3117 716 3198; x_wconf 82' lang='grc' dir='ltr'>λεγόμενον</span> <span class='ocrx_word' id='word_1_472' title='bbox 761 3126 972 3195; x_wconf 79' lang='grc' dir='ltr'>Πνεῦμα</span> <span class='ocrx_word' id='word_1_473' title='bbox 1031 3120 1232 3192; x_wconf 65' lang='grc' dir='ltr'>οὐσίας,</span> <span class='ocrx_word' id='word_1_474' title='bbox 1290 3122 1377 3176; x_wconf 83' lang='grc' dir='ltr'>καὶ</span> <span class='ocrx_word' id='word_1_475' title='bbox 1441 3120 1502 3176; x_wconf 84' lang='grc' dir='ltr'>ἐκ</span> <span class='ocrx_word' id='word_1_476' title='bbox 1554 3125 1653 3187; x_wconf 76' lang='grc' dir='ltr'><strong>τῆς</strong></span> <span class='ocrx_word' id='word_1_477' title='bbox 1713 3123 1900 3180; x_wconf 76' lang='grc' dir='ltr'>ἑαυτοῦ</span> 
     </span>
    </p>
   </div>
   <div class='ocr_carea' id='block_1_63' title="bbox 2006 3117 3656 3203">
    <p class='ocr_par' dir='ltr' id='par_1_63' title="bbox 2006 3120 3656 3203">
     <span class='ocr_line' id='line_1_64' title="bbox 2006 3120 3656 3203; baseline -0.001 -20"><span class='ocrx_word' id='word_1_478' title='bbox 2006 3120 2267 3201; x_wconf 57' lang='lat' dir='ltr'><strong>sequitur</strong></span> <span class='ocrx_word' id='word_1_479' title='bbox 2325 3121 2485 3183; x_wconf 88' lang='lat' dir='ltr'><strong>enim</strong></span> <span class='ocrx_word' id='word_1_480' title='bbox 2548 3121 2777 3203; x_wconf 83' lang='lat' dir='ltr'><strong>absque</strong></span> <span class='ocrx_word' id='word_1_481' title='bbox 2824 3122 2946 3184; x_wconf 90' lang='lat' dir='ltr'><strong>ulla</strong></span> <span class='ocrx_word' id='word_1_482' title='bbox 2998 3120 3372 3183; x_wconf 63' lang='lat' dir='ltr'><strong>haesitatione</strong></span> <span class='ocrx_word' id='word_1_483' title='bbox 3402 3126 3656 3202; x_wconf 90' lang='lat' dir='ltr'><strong>propter</strong></span> 
     </span>
    </p>
   </div>
   <div class='ocr_carea' id='block_1_64' title="bbox 262 3203 1912 3295">
    <p class='ocr_par' dir='ltr' id='par_1_64' title="bbox 262 3203 1895 3289">
     <span class='ocr_line' id='line_1_65' title="bbox 262 3203 1895 3289; baseline 0.004 -29"><span class='ocrx_word' id='word_1_484' title='bbox 262 3203 530 3285; x_wconf 82' lang='grc' dir='ltr'>λέγεσθαι·</span> <span class='ocrx_word' id='word_1_485' title='bbox 599 3209 773 3288; x_wconf 70' lang='grc' dir='ltr'>φθάνει</span> <span class='ocrx_word' id='word_1_486' title='bbox 859 3210 959 3288; x_wconf 78' lang='grc' dir='ltr'><strong>γὰρ</strong></span> <span class='ocrx_word' id='word_1_487' title='bbox 1015 3208 1077 3265; x_wconf 78' lang='grc' dir='ltr'><strong>ἂν</strong></span> <span class='ocrx_word' id='word_1_488' title='bbox 1158 3208 1323 3274; x_wconf 67' lang='grc' dir='ltr'>οὕτως</span> <span class='ocrx_word' id='word_1_489' title='bbox 1384 3206 1760 3289; x_wconf 78' lang='grc' dir='ltr'>ἀναμφιϐόλως</span> <span class='ocrx_word' id='word_1_490' title='bbox 1811 3208 1895 3267; x_wconf 78' lang='grc' dir='ltr'><strong>διὰ</strong></span> 
     </span>
    </p>
   </div>
   <div class='ocr_carea' id='block_1_65' title="bbox 2005 3203 3655 3295">
    <p class='ocr_par' dir='ltr' id='par_1_65' title="bbox 2005 3209 3655 3290">
     <span class='ocr_line' id='line_1_66' title="bbox 2005 3209 3655 3290; baseline 0.004 -27"><span class='ocrx_word' id='word_1_491' title='bbox 2005 3210 2293 3290; x_wconf 80' lang='lat' dir='ltr'><strong>itriusque</strong></span> <span class='ocrx_word' id='word_1_492' title='bbox 2341 3209 2613 3272; x_wconf 91' lang='lat' dir='ltr'><strong>eamdem</strong></span> <span class='ocrx_word' id='word_1_493' title='bbox 2675 3228 2980 3290; x_wconf 89' lang='lat' dir='ltr'><strong>unamque</strong></span> <span class='ocrx_word' id='word_1_494' title='bbox 3034 3209 3383 3286; x_wconf 87' lang='lat' dir='ltr'><strong>essentiam,</strong></span> <span class='ocrx_word' id='word_1_495' title='bbox 3437 3209 3527 3272; x_wconf 90' lang='lat' dir='ltr'><strong>sic</strong></span> <span class='ocrx_word' id='word_1_496' title='bbox 3590 3216 3655 3270; x_wconf 90' lang='lat' dir='ltr'><strong>tu</strong></span> 
     </span>
    </p>
   </div>
   <div class='ocr_carea' id='block_1_66' title="bbox 261 3296 1911 3380">
    <p class='ocr_par' dir='ltr' id='par_1_66' title="bbox 261 3296 1896 3376">
     <span class='ocr_line' id='line_1_67' title="bbox 261 3296 1896 3376; baseline 0.003 -26"><span class='ocrx_word' id='word_1_497' title='bbox 261 3296 315 3350; x_wconf 73' lang='grc' dir='ltr'>τὸ</span> <span class='ocrx_word' id='word_1_498' title='bbox 354 3297 553 3376; x_wconf 72' lang='grc' dir='ltr'>ἀμφοῖν</span> <span class='ocrx_word' id='word_1_499' title='bbox 598 3298 900 3372; x_wconf 69' lang='grc' dir='ltr'>ὁμοούσιον,</span> <span class='ocrx_word' id='word_1_500' title='bbox 958 3300 1031 3361; x_wconf 85' lang='grc' dir='ltr'>ὡς</span> <span class='ocrx_word' id='word_1_501' title='bbox 1063 3299 1216 3362; x_wconf 75' lang='grc' dir='ltr'>αὖτὸς</span> <span class='ocrx_word' id='word_1_502' title='bbox 1247 3297 1413 3376; x_wconf 80' lang='grc' dir='ltr'>ἐξηγῇ</span> <span class='ocrx_word' id='word_1_503' title='bbox 1444 3300 1542 3365; x_wconf 81' lang='grc' dir='ltr'>τὴν</span> <span class='ocrx_word' id='word_1_504' title='bbox 1571 3298 1722 3375; x_wconf 80' lang='grc' dir='ltr'>ῥῆσιν</span> <span class='ocrx_word' id='word_1_505' title='bbox 1778 3312 1896 3362; x_wconf 68' lang='grc' dir='ltr'>τοῖς</span> 
     </span>
    </p>
   </div>
   <div class='ocr_carea' id='block_1_67' title="bbox 1999 3296 3649 3380">
    <p class='ocr_par' dir='ltr' id='par_1_67' title="bbox 1999 3298 3649 3380">
     <span class='ocr_line' id='line_1_68' title="bbox 1999 3298 3649 3380; baseline 0.001 -22"><span class='ocrx_word' id='word_1_506' title='bbox 1999 3298 2297 3366; x_wconf 65' lang='grc' dir='ltr'>εοηῑεηιὶὶε</span> <span class='ocrx_word' id='word_1_507' title='bbox 2351 3307 2591 3361; x_wconf 81' lang='lat' dir='ltr'><strong>sanctos</strong></span> <span class='ocrx_word' id='word_1_508' title='bbox 2632 3298 3054 3380; x_wconf 80' lang='lat' dir='ltr'><strong>intelligendos</strong></span> <span class='ocrx_word' id='word_1_509' title='bbox 3111 3317 3269 3379; x_wconf 88' lang='lat' dir='ltr'><strong>esse,</strong></span> <span class='ocrx_word' id='word_1_510' title='bbox 3300 3306 3360 3361; x_wconf 90' lang='lat' dir='ltr'><strong>et</strong></span> <span class='ocrx_word' id='word_1_511' title='bbox 3387 3305 3451 3361; x_wconf 89' lang='lat' dir='ltr'><strong>tu</strong></span> <span class='ocrx_word' id='word_1_512' title='bbox 3480 3303 3649 3361; x_wconf 91' lang='lat' dir='ltr'><strong>recte</strong></span> 
     </span>
    </p>
   </div>
   <div class='ocr_carea' id='block_1_68' title="bbox 263 3384 1913 3470">
    <p class='ocr_par' dir='ltr' id='par_1_68' title="bbox 263 3384 1896 3467">
     <span class='ocr_line' id='line_1_69' title="bbox 263 3384 1896 3467; baseline 0.004 -30"><span class='ocrx_word' id='word_1_513' title='bbox 263 3384 417 3460; x_wconf 65' lang='grc' dir='ltr'>ἁγίοις</span> <span class='ocrx_word' id='word_1_514' title='bbox 474 3384 710 3465; x_wconf 73' lang='grc' dir='ltr'>εἰρῆσθαι</span> <span class='ocrx_word' id='word_1_515' title='bbox 744 3401 760 3416; x_wconf 79' lang='grc'><strong>⁸</strong></span> <span class='ocrx_word' id='word_1_516' title='bbox 807 3388 896 3442; x_wconf 82' lang='grc' dir='ltr'>καὶ</span> <span class='ocrx_word' id='word_1_517' title='bbox 951 3387 1013 3442; x_wconf 79' lang='grc' dir='ltr'>σὺ</span> <span class='ocrx_word' id='word_1_518' title='bbox 1083 3384 1260 3450; x_wconf 83' lang='grc' dir='ltr'>καλῶς</span> <span class='ocrx_word' id='word_1_519' title='bbox 1289 3385 1533 3466; x_wconf 77' lang='grc' dir='ltr'>ἐλέγχων</span> <span class='ocrx_word' id='word_1_520' title='bbox 1564 3384 1896 3467; x_wconf 83' lang='grc' dir='ltr'>ἀποδειχθη-</span> 
     </span>
    </p>
   </div>
   <div class='ocr_carea' id='block_1_69' title="bbox 1995 3384 3645 3470">
    <p class='ocr_par' dir='ltr' id='par_1_69' title="bbox 1995 3385 3645 3470">
     <span class='ocr_line' id='line_1_70' title="bbox 1995 3385 3645 3470; baseline -0.004 -15"><span class='ocrx_word' id='word_1_521' title='bbox 1995 3387 2265 3455; x_wconf 83' lang='lat' dir='ltr'><strong>refellere</strong></span> <span class='ocrx_word' id='word_1_522' title='bbox 2292 3389 2660 3469; x_wconf 81' lang='lat' dir='ltr'><strong>reputareris</strong></span> <span class='ocrx_word' id='word_1_523' title='bbox 2691 3389 2924 3470; x_wconf 88' lang='lat' dir='ltr'><strong>eos,qui</strong></span> <span class='ocrx_word' id='word_1_524' title='bbox 2946 3388 3178 3450; x_wconf 88' lang='lat' dir='ltr'><strong>ratione</strong></span> <span class='ocrx_word' id='word_1_525' title='bbox 3194 3404 3389 3450; x_wconf 70' lang='lat' dir='ltr'><strong>causae</strong></span> <span class='ocrx_word' id='word_1_526' title='bbox 3408 3385 3469 3448; x_wconf 88' lang='lat' dir='ltr'><strong>id</strong></span> <span class='ocrx_word' id='word_1_527' title='bbox 3489 3386 3645 3450; x_wconf 82' lang='lat' dir='ltr'><strong>acci-</strong></span> 
     </span>
    </p>
   </div>
   <div class='ocr_carea' id='block_1_70' title="bbox 262 3472 1912 3559">
    <p class='ocr_par' dir='ltr' id='par_1_70' title="bbox 262 3472 1901 3553">
     <span class='ocr_line' id='line_1_71' title="bbox 262 3472 1901 3553; baseline 0.001 -23"><span class='ocrx_word' id='word_1_528' title='bbox 262 3493 322 3549; x_wconf 76' lang='grc' dir='ltr'>σῃ</span> <span class='ocrx_word' id='word_1_529' title='bbox 376 3475 492 3538; x_wconf 80' lang='grc' dir='ltr'>νοὺς</span> <span class='ocrx_word' id='word_1_530' title='bbox 548 3477 626 3538; x_wconf 82' lang='grc' dir='ltr'>εἷς</span> <span class='ocrx_word' id='word_1_531' title='bbox 693 3476 785 3531; x_wconf 83' lang='grc' dir='ltr'>τὸν</span> <span class='ocrx_word' id='word_1_532' title='bbox 843 3478 940 3543; x_wconf 76' lang='grc' dir='ltr'>τῆς</span> <span class='ocrx_word' id='word_1_533' title='bbox 993 3476 1158 3540; x_wconf 81' lang='grc' dir='ltr'>αἰτίας</span> <span class='ocrx_word' id='word_1_534' title='bbox 1212 3476 1368 3553; x_wconf 76' lang='grc' dir='ltr'>λόγον</span> <span class='ocrx_word' id='word_1_535' title='bbox 1416 3477 1580 3543; x_wconf 74' lang='grc' dir='ltr'>αὐτὴν</span> <span class='ocrx_word' id='word_1_536' title='bbox 1624 3472 1901 3548; x_wconf 76' lang='grc' dir='ltr'>ἐκλαμϐά-</span> 
     </span>
    </p>
   </div>
   <div class='ocr_carea' id='block_1_71' title="bbox 1989 3472 3639 3559">
    <p class='ocr_par' dir='ltr' id='par_1_71' title="bbox 1989 3475 3639 3559">
     <span class='ocr_line' id='line_1_72' title="bbox 1989 3475 3639 3559; baseline 0 -21"><span class='ocrx_word' id='word_1_537' title='bbox 1989 3477 2182 3559; x_wconf 86' lang='lat' dir='ltr'><strong>piunt,</strong></span> <span class='ocrx_word' id='word_1_538' title='bbox 2216 3484 2316 3538; x_wconf 90' lang='lat' dir='ltr'><strong>aut</strong></span> <span class='ocrx_word' id='word_1_539' title='bbox 2342 3477 2393 3539; x_wconf 90' lang='lat' dir='ltr'><strong>si</strong></span> <span class='ocrx_word' id='word_1_540' title='bbox 2423 3495 2555 3557; x_wconf 70' lang='lat' dir='ltr'><strong>quae</strong></span> <span class='ocrx_word' id='word_1_541' title='bbox 2584 3497 2613 3537; x_wconf 88' lang='lat' dir='ltr'><strong>a</strong></span> <span class='ocrx_word' id='word_1_542' title='bbox 2648 3476 2824 3538; x_wconf 89' lang='lat' dir='ltr'><strong>nobis</strong></span> <span class='ocrx_word' id='word_1_543' title='bbox 2863 3477 3210 3559; x_wconf 84' lang='lat' dir='ltr'><strong>exposcitur</strong></span> <span class='ocrx_word' id='word_1_544' title='bbox 3236 3482 3354 3539; x_wconf 87' lang='lat' dir='ltr'><strong>ate</strong></span> <span class='ocrx_word' id='word_1_545' title='bbox 3382 3475 3639 3539; x_wconf 88' lang='lat' dir='ltr'><strong>demon-</strong></span> 
     </span>
    </p>
   </div>
   <div class='ocr_carea' id='block_1_72' title="bbox 262 3561 1912 3648">
    <p class='ocr_par' dir='ltr' id='par_1_72' title="bbox 262 3561 1903 3642">
     <span class='ocr_line' id='line_1_73' title="bbox 262 3561 1903 3642; baseline 0.003 -27"><span class='ocrx_word' id='word_1_546' title='bbox 262 3584 429 3627; x_wconf 81' lang='grc' dir='ltr'>νοντας</span> <span class='ocrx_word' id='word_1_547' title='bbox 462 3580 476 3594; x_wconf 91' lang='grc'><strong>·</strong></span> <span class='ocrx_word' id='word_1_548' title='bbox 539 3563 579 3631; x_wconf 80' lang='grc' dir='ltr'>ἢ</span> <span class='ocrx_word' id='word_1_549' title='bbox 634 3563 724 3620; x_wconf 72' lang='grc' dir='ltr'><strong>ἐὰν</strong></span> <span class='ocrx_word' id='word_1_550' title='bbox 767 3566 802 3633; x_wconf 75' lang='grc' dir='ltr'><strong>ἡ</strong></span> <span class='ocrx_word' id='word_1_551' title='bbox 845 3561 969 3642; x_wconf 76' lang='grc' dir='ltr'>παρ’</span> <span class='ocrx_word' id='word_1_552' title='bbox 1011 3566 1167 3638; x_wconf 74' lang='grc' dir='ltr'>ἡμῶν</span> <span class='ocrx_word' id='word_1_553' title='bbox 1224 3563 1585 3639; x_wconf 83' lang='grc' dir='ltr'>ἆπαιτουμένη</span> <span class='ocrx_word' id='word_1_554' title='bbox 1643 3562 1903 3629; x_wconf 80' lang='grc' dir='ltr'>ἂπόδειξις</span> 
     </span>
    </p>
   </div>
   <div class='ocr_carea' id='block_1_73' title="bbox 1994 3561 3644 3648">
    <p class='ocr_par' dir='ltr' id='par_1_73' title="bbox 1994 3564 3644 3648">
     <span class='ocr_line' id='line_1_74' title="bbox 1994 3564 3644 3648; baseline 0 -20"><span class='ocrx_word' id='word_1_555' title='bbox 1994 3566 2196 3629; x_wconf 88' lang='lat' dir='ltr'><strong>stratio</strong></span> <span class='ocrx_word' id='word_1_556' title='bbox 2227 3564 2616 3646; x_wconf 91' lang='lat' dir='ltr'><strong>impossibilis</strong></span> <span class='ocrx_word' id='word_1_557' title='bbox 2644 3566 2947 3648; x_wconf 73' lang='lat' dir='ltr'><strong>aﬂ‘eratur,</strong></span> <span class='ocrx_word' id='word_1_558' title='bbox 2979 3575 3202 3630; x_wconf 88' lang='lat' dir='ltr'><strong>certam</strong></span> <span class='ocrx_word' id='word_1_559' title='bbox 3236 3565 3644 3647; x_wconf 87' lang='lat' dir='ltr'><strong>tuimetipsius</strong></span> 
     </span>
    </p>
   </div>
   <div class='ocr_carea' id='block_1_74' title="bbox 262 3647 1912 3737">
    <p class='ocr_par' dir='ltr' id='par_1_74' title="bbox 262 3647 1900 3733">
     <span class='ocr_line' id='line_1_75' title="bbox 262 3647 1900 3733; baseline 0.002 -29"><span class='ocrx_word' id='word_1_560' title='bbox 262 3647 357 3706; x_wconf 75' lang='grc' dir='ltr'>ἀπό</span> <span class='ocrx_word' id='word_1_561' title='bbox 411 3660 503 3710; x_wconf 79' lang='grc' dir='ltr'><strong>σοῦ</strong></span> <span class='ocrx_word' id='word_1_562' title='bbox 599 3650 851 3717; x_wconf 80' lang='grc' dir='ltr'>ἀδύνατος</span> <span class='ocrx_word' id='word_1_563' title='bbox 937 3651 1270 3731; x_wconf 72' lang='grc' dir='ltr'>ὁμολογηθῇ,</span> <span class='ocrx_word' id='word_1_564' title='bbox 1331 3648 1685 3733; x_wconf 76' lang='grc' dir='ltr'>ἇναμφίϐολον</span> <span class='ocrx_word' id='word_1_565' title='bbox 1745 3651 1900 3719; x_wconf 77' lang='grc' dir='ltr'>αὐτὸς</span> 
     </span>
    </p>
   </div>
   <div class='ocr_carea' id='block_1_75' title="bbox 2001 3647 3651 3737">
    <p class='ocr_par' dir='ltr' id='par_1_75' title="bbox 2001 3647 3651 3737">
     <span class='ocr_line' id='line_1_76' title="bbox 2001 3647 3651 3737; baseline 0.003 -26"><span class='ocrx_word' id='word_1_566' title='bbox 2001 3657 2053 3717; x_wconf 78' lang='lat' dir='ltr'><strong>tu</strong></span> <span class='ocrx_word' id='word_1_567' title='bbox 2085 3653 2508 3716; x_wconf 87' lang='lat' dir='ltr'><strong>refutationem</strong></span> <span class='ocrx_word' id='word_1_568' title='bbox 2540 3654 2802 3730; x_wconf 87' lang='lat' dir='ltr'><strong>ordiris;</strong></span> <span class='ocrx_word' id='word_1_569' title='bbox 2852 3647 3013 3718; x_wconf 89' lang='lat' dir='ltr'><strong>nunc</strong></span> <span class='ocrx_word' id='word_1_570' title='bbox 3042 3654 3285 3737; x_wconf 90' lang='lat' dir='ltr'><strong>quidem</strong></span> <span class='ocrx_word' id='word_1_571' title='bbox 3316 3662 3384 3717; x_wconf 88' lang='lat' dir='ltr'><strong>ut</strong></span> <span class='ocrx_word' id='word_1_572' title='bbox 3409 3672 3516 3717; x_wconf 92' lang='lat' dir='ltr'><strong>eos</strong></span> <span class='ocrx_word' id='word_1_573' title='bbox 3544 3654 3651 3716; x_wconf 87' lang='lat' dir='ltr'><strong>re-</strong></span> 
     </span>
    </p>
   </div>
   <div class='ocr_carea' id='block_1_76' title="bbox 265 3737 1915 3825">
    <p class='ocr_par' dir='ltr' id='par_1_76' title="bbox 265 3737 1906 3822">
     <span class='ocr_line' id='line_1_77' title="bbox 265 3737 1906 3822; baseline 0.011 -29"><span class='ocrx_word' id='word_1_574' title='bbox 265 3738 429 3815; x_wconf 78' lang='grc' dir='ltr'>ἑαυτῷ</span> <span class='ocrx_word' id='word_1_575' title='bbox 468 3741 675 3821; x_wconf 76' lang='grc' dir='ltr'>ἆρτύεις</span> <span class='ocrx_word' id='word_1_576' title='bbox 731 3744 822 3799; x_wconf 82' lang='grc' dir='ltr'>τὸν</span> <span class='ocrx_word' id='word_1_577' title='bbox 892 3741 1143 3822; x_wconf 77' lang='grc' dir='ltr'>ἔλεγχον,</span> <span class='ocrx_word' id='word_1_578' title='bbox 1204 3752 1289 3801; x_wconf 74' lang='grc' dir='ltr'>νῦν</span> <span class='ocrx_word' id='word_1_579' title='bbox 1339 3742 1437 3816; x_wconf 73' lang='grc' dir='ltr'>μὲν</span> <span class='ocrx_word' id='word_1_580' title='bbox 1467 3743 1540 3806; x_wconf 84' lang='grc' dir='ltr'>ὡς</span> <span class='ocrx_word' id='word_1_581' title='bbox 1571 3737 1656 3798; x_wconf 69' lang='grc' dir='ltr'><strong>ἐπ’</strong></span> <span class='ocrx_word' id='word_1_582' title='bbox 1688 3739 1906 3821; x_wconf 78' lang='grc' dir='ltr'>ἐλέγχῳ</span> 
     </span>
    </p>
   </div>
   <div class='ocr_carea' id='block_1_77' title="bbox 1994 3737 3644 3825">
    <p class='ocr_par' dir='ltr' id='par_1_77' title="bbox 1994 3742 3644 3825">
     <span class='ocr_line' id='line_1_78' title="bbox 1994 3742 3644 3825; baseline -0.001 -20"><span class='ocrx_word' id='word_1_583' title='bbox 1994 3743 2175 3818; x_wconf 73' lang='lat' dir='ltr'><strong>fellas,</strong></span> <span class='ocrx_word' id='word_1_584' title='bbox 2227 3743 2330 3825; x_wconf 92' lang='lat' dir='ltr'><strong>qui</strong></span> <span class='ocrx_word' id='word_1_585' title='bbox 2381 3742 2600 3805; x_wconf 88' lang='lat' dir='ltr'><strong>dictam</strong></span> <span class='ocrx_word' id='word_1_586' title='bbox 2656 3761 2896 3806; x_wconf 90' lang='lat' dir='ltr'><strong>causam</strong></span> <span class='ocrx_word' id='word_1_587' title='bbox 2953 3751 3290 3807; x_wconf 86' lang='lat' dir='ltr'><strong>connotare</strong></span> <span class='ocrx_word' id='word_1_588' title='bbox 3322 3743 3644 3821; x_wconf 84' lang='lat' dir='ltr'><strong>afﬁrmant,</strong></span> 
     </span>
    </p>
   </div>
   <div class='ocr_carea' id='block_1_78' title="bbox 263 3825 1913 3915">
    <p class='ocr_par' dir='ltr' id='par_1_78' title="bbox 263 3825 1903 3909">
     <span class='ocr_line' id='line_1_79' title="bbox 263 3825 1903 3909; baseline 0.003 -26"><span class='ocrx_word' id='word_1_589' title='bbox 263 3825 405 3895; x_wconf 72' lang='grc' dir='ltr'>δῆθεν</span> <span class='ocrx_word' id='word_1_590' title='bbox 446 3838 551 3888; x_wconf 83' lang='grc' dir='ltr'><strong>τῶν</strong></span> <span class='ocrx_word' id='word_1_591' title='bbox 596 3833 671 3896; x_wconf 78' lang='grc' dir='ltr'><strong>είς</strong></span> <span class='ocrx_word' id='word_1_592' title='bbox 728 3833 821 3888; x_wconf 80' lang='grc' dir='ltr'>τὸν</span> <span class='ocrx_word' id='word_1_593' title='bbox 858 3831 951 3899; x_wconf 73' lang='grc' dir='ltr'><strong>τῆς</strong></span> <span class='ocrx_word' id='word_1_594' title='bbox 1009 3831 1174 3894; x_wconf 77' lang='grc' dir='ltr'>αἰτίας</span> <span class='ocrx_word' id='word_1_595' title='bbox 1230 3829 1390 3909; x_wconf 81' lang='grc' dir='ltr'>λόγον</span> <span class='ocrx_word' id='word_1_596' title='bbox 1462 3828 1903 3906; x_wconf 79' lang='grc' dir='ltr'>ἐκλαμϐανόντων</span> 
     </span>
    </p>
   </div>
   <div class='ocr_carea' id='block_1_79' title="bbox 1996 3825 3646 3915">
    <p class='ocr_par' dir='ltr' id='par_1_79' title="bbox 1996 3831 3646 3915">
     <span class='ocr_line' id='line_1_80' title="bbox 1996 3831 3646 3915; baseline -0.001 -21"><span class='ocrx_word' id='word_1_597' title='bbox 1996 3831 2127 3894; x_wconf 84' lang='lat' dir='ltr'><strong>dum</strong></span> <span class='ocrx_word' id='word_1_598' title='bbox 2154 3832 2493 3895; x_wconf 87' lang='lat' dir='ltr'><strong>necessario</strong></span> <span class='ocrx_word' id='word_1_599' title='bbox 2519 3832 2806 3914; x_wconf 89' lang='lat' dir='ltr'><strong>consequi</strong></span> <span class='ocrx_word' id='word_1_600' title='bbox 2837 3833 3173 3909; x_wconf 87' lang='lat' dir='ltr'><strong>contendis,</strong></span> <span class='ocrx_word' id='word_1_601' title='bbox 3198 3841 3446 3915; x_wconf 88' lang='lat' dir='ltr'><strong>propter</strong></span> <span class='ocrx_word' id='word_1_602' title='bbox 3464 3851 3646 3894; x_wconf 89' lang='lat' dir='ltr'><strong>unam</strong></span> 
     </span>
    </p>
   </div>
   <div class='ocr_carea' id='block_1_80' title="bbox 262 3917 1912 4003">
    <p class='ocr_par' dir='ltr' id='par_1_80' title="bbox 262 3917 1908 3998">
     <span class='ocr_line' id='line_1_81' title="bbox 262 3917 1908 3998; baseline 0.003 -26"><span class='ocrx_word' id='word_1_603' title='bbox 262 3918 349 3986; x_wconf 78' lang='grc' dir='ltr'><strong>τὴν</strong></span> <span class='ocrx_word' id='word_1_604' title='bbox 401 3919 575 3998; x_wconf 74' lang='grc' dir='ltr'>ῥῆσιν,</span> <span class='ocrx_word' id='word_1_605' title='bbox 639 3918 944 3977; x_wconf 76' lang='grc' dir='ltr'>ἀκολουθεῖν</span> <span class='ocrx_word' id='word_1_606' title='bbox 989 3918 1040 3985; x_wconf 83' lang='grc' dir='ltr'>ἐξ</span> <span class='ocrx_word' id='word_1_607' title='bbox 1098 3919 1336 3998; x_wconf 66' lang='grc' dir='ltr'>ἂναίγκης</span> <span class='ocrx_word' id='word_1_608' title='bbox 1379 3917 1762 3995; x_wconf 79' lang='grc' dir='ltr'>διατεινόμενος</span> <span class='ocrx_word' id='word_1_609' title='bbox 1817 3919 1908 3977; x_wconf 81' lang='grc' dir='ltr'>διὰ</span> 
     </span>
    </p>
   </div>
   <div class='ocr_carea' id='block_1_81' title="bbox 1999 3917 3649 4003">
    <p class='ocr_par' dir='ltr' id='par_1_81' title="bbox 1999 3920 3649 4003">
     <span class='ocr_line' id='line_1_82' title="bbox 1999 3920 3649 4003; baseline 0.001 -21"><span class='ocrx_word' id='word_1_610' title='bbox 1999 3921 2378 4003; x_wconf 79' lang='lat' dir='ltr'><strong>eamdemque</strong></span> <span class='ocrx_word' id='word_1_611' title='bbox 2430 3939 2570 3999; x_wconf 79' lang='lat' dir='ltr'><strong>erga</strong></span> <span class='ocrx_word' id='word_1_612' title='bbox 2627 3921 2863 3985; x_wconf 73' lang='lat' dir='ltr'><strong>Patrem</strong></span> <span class='ocrx_word' id='word_1_613' title='bbox 2921 3930 2979 3985; x_wconf 89' lang='lat' dir='ltr'><strong>et</strong></span> <span class='ocrx_word' id='word_1_614' title='bbox 3038 3923 3250 3985; x_wconf 86' lang='lat' dir='ltr'><strong>Filium</strong></span> <span class='ocrx_word' id='word_1_615' title='bbox 3297 3920 3649 4003; x_wconf 84' lang='lat' dir='ltr'><strong>essentiam,</strong></span> 
     </span>
    </p>
   </div>
   <div class='ocr_carea' id='block_1_82' title="bbox 262 4007 1912 4094">
    <p class='ocr_par' dir='ltr' id='par_1_82' title="bbox 262 4007 1904 4087">
     <span class='ocr_line' id='line_1_83' title="bbox 262 4007 1904 4087; baseline 0.002 -26"><span class='ocrx_word' id='word_1_616' title='bbox 262 4007 351 4074; x_wconf 75' lang='grc' dir='ltr'>τὴν</span> <span class='ocrx_word' id='word_1_617' title='bbox 379 4011 506 4085; x_wconf 85' lang='grc' dir='ltr'>πρὸς</span> <span class='ocrx_word' id='word_1_618' title='bbox 559 4009 767 4087; x_wconf 82' lang='grc' dir='ltr'>Πατέρα</span> <span class='ocrx_word' id='word_1_619' title='bbox 809 4009 897 4065; x_wconf 82' lang='grc' dir='ltr'>καὶ</span> <span class='ocrx_word' id='word_1_620' title='bbox 953 4007 1072 4065; x_wconf 79' lang='grc' dir='ltr'>Υἱόν</span> <span class='ocrx_word' id='word_1_621' title='bbox 1128 4014 1219 4064; x_wconf 75' lang='grc' dir='ltr'><strong>τοῦ</strong></span> <span class='ocrx_word' id='word_1_622' title='bbox 1277 4007 1581 4083; x_wconf 81' lang='grc' dir='ltr'>Πνεύματος</span> <span class='ocrx_word' id='word_1_623' title='bbox 1613 4008 1904 4083; x_wconf 82' lang='grc' dir='ltr'>ὁμοουσιό-</span> 
     </span>
    </p>
   </div>
   <div class='ocr_carea' id='block_1_83' title="bbox 1993 4007 3643 4094">
    <p class='ocr_par' dir='ltr' id='par_1_83' title="bbox 1993 4009 3643 4094">
     <span class='ocr_line' id='line_1_84' title="bbox 1993 4009 3643 4094; baseline 0.002 -24"><span class='ocrx_word' id='word_1_624' title='bbox 1993 4009 2268 4094; x_wconf 79' lang='lat' dir='ltr'><strong>eumdem</strong></span> <span class='ocrx_word' id='word_1_625' title='bbox 2300 4009 2474 4071; x_wconf 89' lang='lat' dir='ltr'><strong>etiam</strong></span> <span class='ocrx_word' id='word_1_626' title='bbox 2505 4009 2791 4091; x_wconf 89' lang='lat' dir='ltr'><strong>Spiritum</strong></span> <span class='ocrx_word' id='word_1_627' title='bbox 2821 4011 3281 4094; x_wconf 86' lang='lat' dir='ltr'><strong>producendi,et</strong></span> <span class='ocrx_word' id='word_1_628' title='bbox 3311 4010 3643 4094; x_wconf 88' lang='lat' dir='ltr'><strong>procedere</strong></span> 
     </span>
    </p>
   </div>
   <div class='ocr_carea' id='block_1_84' title="bbox 225 4090 1875 4185">
    <p class='ocr_par' dir='ltr' id='par_1_84' title="bbox 225 4095 1875 4185">
     <span class='ocr_line' id='line_1_85' title="bbox 225 4095 1875 4185; baseline 0 -32"><span class='ocrx_word' id='word_1_629' title='bbox 225 4130 239 4139; x_wconf 61' lang='grc' dir='ltr'><strong>ι</strong></span> <span class='ocrx_word' id='word_1_630' title='bbox 261 4117 413 4185; x_wconf 80' lang='grc' dir='ltr'>τητα,</span> <span class='ocrx_word' id='word_1_631' title='bbox 441 4100 530 4155; x_wconf 82' lang='grc' dir='ltr'><strong>καὶ</strong></span> <span class='ocrx_word' id='word_1_632' title='bbox 586 4100 714 4158; x_wconf 71' lang='grc' dir='ltr'>αὒτὸ</span> <span class='ocrx_word' id='word_1_633' title='bbox 770 4096 824 4154; x_wconf 79' lang='grc' dir='ltr'>δὲ</span> <span class='ocrx_word' id='word_1_634' title='bbox 862 4098 924 4154; x_wconf 91' lang='grc' dir='ltr'><strong>τό</strong></span> <span class='ocrx_word' id='word_1_635' title='bbox 957 4104 1171 4185; x_wconf 80' lang='grc' dir='ltr'>Πνεῦμα</span> <span class='ocrx_word' id='word_1_636' title='bbox 1212 4095 1566 4175; x_wconf 73' lang='grc' dir='ltr'>προϐλητικὸν</span> <span class='ocrx_word' id='word_1_637' title='bbox 1622 4097 1764 4154; x_wconf 79' lang='grc' dir='ltr'>εἶναι</span> <span class='ocrx_word' id='word_1_638' title='bbox 1819 4119 1875 4154; x_wconf 77' lang='grc' dir='ltr'><strong>κα</strong></span> 
     </span>
    </p>
   </div>
   <div class='ocr_carea' id='block_1_85' title="bbox 1998 4090 3648 4185">
    <p class='ocr_par' dir='ltr' id='par_1_85' title="bbox 1998 4090 3648 4185">
     <span class='ocr_line' id='line_1_86' title="bbox 1998 4090 3648 4185; baseline 0.001 -25"><span class='ocrx_word' id='word_1_639' title='bbox 1998 4090 2252 4161; x_wconf 74' lang='lat' dir='ltr'><strong>faciendi</strong></span> <span class='ocrx_word' id='word_1_640' title='bbox 2278 4090 2619 4161; x_wconf 81' lang='lat' dir='ltr'><strong>facultatem</strong></span> <span class='ocrx_word' id='word_1_641' title='bbox 2642 4090 2947 4185; x_wconf 71' lang='lat' dir='ltr'><strong>obtinere:</strong></span> <span class='ocrx_word' id='word_1_642' title='bbox 2989 4119 3148 4163; x_wconf 90' lang='lat' dir='ltr'><strong>nunc</strong></span> <span class='ocrx_word' id='word_1_643' title='bbox 3176 4090 3329 4163; x_wconf 55' lang='lat' dir='ltr'><strong>uero</strong></span> <span class='ocrx_word' id='word_1_644' title='bbox 3340 4100 3481 4163; x_wconf 89' lang='lat' dir='ltr'><strong>dum</strong></span> <span class='ocrx_word' id='word_1_645' title='bbox 3501 4117 3648 4181; x_wconf 89' lang='lat' dir='ltr'><strong>pro-</strong></span> 
     </span>
    </p>
   </div>
   <div class='ocr_carea' id='block_1_86' title="bbox 265 4182 1915 4268">
    <p class='ocr_par' dir='ltr' id='par_1_86' title="bbox 265 4182 1909 4266">
     <span class='ocr_line' id='line_1_87' title="bbox 265 4182 1909 4266; baseline 0.003 -28"><span class='ocrx_word' id='word_1_646' title='bbox 265 4182 618 4264; x_wconf 79' lang='grc' dir='ltr'>ἐκπορευτικόν</span> <span class='ocrx_word' id='word_1_647' title='bbox 646 4206 662 4223; x_wconf 82' lang='grc'>⁶</span> <span class='ocrx_word' id='word_1_648' title='bbox 722 4194 810 4244; x_wconf 81' lang='grc' dir='ltr'>νῦν</span> <span class='ocrx_word' id='word_1_649' title='bbox 865 4184 921 4242; x_wconf 78' lang='grc' dir='ltr'>δὲ</span> <span class='ocrx_word' id='word_1_650' title='bbox 978 4183 1062 4242; x_wconf 83' lang='grc' dir='ltr'><strong>διὰ</strong></span> <span class='ocrx_word' id='word_1_651' title='bbox 1115 4186 1176 4242; x_wconf 87' lang='grc' dir='ltr'><strong>τό</strong></span> <span class='ocrx_word' id='word_1_652' title='bbox 1232 4185 1364 4263; x_wconf 86' lang='grc' dir='ltr'>πρός</span> <span class='ocrx_word' id='word_1_653' title='bbox 1417 4186 1507 4242; x_wconf 88' lang='grc' dir='ltr'><strong>τόν</strong></span> <span class='ocrx_word' id='word_1_654' title='bbox 1571 4185 1778 4266; x_wconf 80' lang='grc' dir='ltr'>Πατέρα</span> <span class='ocrx_word' id='word_1_655' title='bbox 1819 4193 1909 4243; x_wconf 77' lang='grc' dir='ltr'>τοῦ</span> 
     </span>
    </p>
   </div>
   <div class='ocr_carea' id='block_1_87' title="bbox 2000 4182 3650 4268">
    <p class='ocr_par' dir='ltr' id='par_1_87' title="bbox 2000 4182 3650 4268">
     <span class='ocr_line' id='line_1_88' title="bbox 2000 4182 3650 4268; baseline 0.002 -20"><span class='ocrx_word' id='word_1_656' title='bbox 2000 4193 2128 4268; x_wconf 83' lang='lat' dir='ltr'><strong>pter</strong></span> <span class='ocrx_word' id='word_1_657' title='bbox 2155 4187 2426 4249; x_wconf 89' lang='lat' dir='ltr'><strong>eamdem</strong></span> <span class='ocrx_word' id='word_1_658' title='bbox 2454 4187 2589 4249; x_wconf 92' lang='lat' dir='ltr'><strong>Filii</strong></span> <span class='ocrx_word' id='word_1_659' title='bbox 2618 4206 2759 4266; x_wconf 82' lang='lat' dir='ltr'><strong>erga</strong></span> <span class='ocrx_word' id='word_1_660' title='bbox 2811 4182 3049 4252; x_wconf 86' lang='lat' dir='ltr'><strong>Patrem</strong></span> <span class='ocrx_word' id='word_1_661' title='bbox 3106 4188 3503 4252; x_wconf 85' lang='lat' dir='ltr'><strong>substantiam</strong></span> <span class='ocrx_word' id='word_1_662' title='bbox 3534 4189 3650 4252; x_wconf 90' lang='lat' dir='ltr'><strong>tale</strong></span> 
     </span>
    </p>
   </div>
   <div class='ocr_carea' id='block_1_88' title="bbox 269 4273 1919 4358">
    <p class='ocr_par' dir='ltr' id='par_1_88' title="bbox 269 4273 1897 4355">
     <span class='ocr_line' id='line_1_89' title="bbox 269 4273 1897 4355; baseline 0.002 -27"><span class='ocrx_word' id='word_1_663' title='bbox 269 4274 378 4330; x_wconf 78' lang='grc' dir='ltr'><strong>Υίοῦ</strong></span> <span class='ocrx_word' id='word_1_664' title='bbox 418 4277 700 4349; x_wconf 79' lang='grc' dir='ltr'>ὁμοούσιον</span> <span class='ocrx_word' id='word_1_665' title='bbox 752 4277 851 4345; x_wconf 83' lang='grc' dir='ltr'>τὴν</span> <span class='ocrx_word' id='word_1_666' title='bbox 878 4276 1127 4343; x_wconf 77' lang='grc' dir='ltr'>τοιαύτην</span> <span class='ocrx_word' id='word_1_667' title='bbox 1168 4273 1320 4353; x_wconf 80' lang='grc' dir='ltr'>ῥῆσιν</span> <span class='ocrx_word' id='word_1_668' title='bbox 1386 4275 1482 4343; x_wconf 75' lang='grc' dir='ltr'><strong>τῆς</strong></span> <span class='ocrx_word' id='word_1_669' title='bbox 1540 4276 1707 4354; x_wconf 78' lang='grc' dir='ltr'>ἁγίοις</span> <span class='ocrx_word' id='word_1_670' title='bbox 1765 4273 1897 4355; x_wconf 90' lang='grc' dir='ltr'>δογ-</span> 
     </span>
    </p>
   </div>
   <div class='ocr_carea' id='block_1_89' title="bbox 1995 4273 3645 4358">
    <p class='ocr_par' dir='ltr' id='par_1_89' title="bbox 1995 4275 3645 4358">
     <span class='ocr_line' id='line_1_90' title="bbox 1995 4275 3645 4358; baseline 0.001 -20"><span class='ocrx_word' id='word_1_671' title='bbox 1995 4275 2217 4338; x_wconf 67' lang='lat' dir='ltr'><strong>dictum</strong></span> <span class='ocrx_word' id='word_1_672' title='bbox 2275 4294 2310 4337; x_wconf 89' lang='lat' dir='ltr'><strong>a</strong></span> <span class='ocrx_word' id='word_1_673' title='bbox 2364 4276 2636 4340; x_wconf 87' lang='lat' dir='ltr'><strong>Patribus</strong></span> <span class='ocrx_word' id='word_1_674' title='bbox 2687 4276 2970 4339; x_wconf 86' lang='lat' dir='ltr'><strong>traditum</strong></span> <span class='ocrx_word' id='word_1_675' title='bbox 3002 4279 3359 4354; x_wconf 86' lang='lat' dir='ltr'><strong>decernens,</strong></span> <span class='ocrx_word' id='word_1_676' title='bbox 3393 4291 3453 4339; x_wconf 87' lang='lat' dir='ltr'><strong>et</strong></span> <span class='ocrx_word' id='word_1_677' title='bbox 3484 4277 3645 4358; x_wconf 89' lang='lat' dir='ltr'><strong>quod</strong></span> 
     </span>
    </p>
   </div>
   <div class='ocr_carea' id='block_1_90' title="bbox 269 4362 1919 4445">
    <p class='ocr_par' dir='ltr' id='par_1_90' title="bbox 269 4362 1897 4445">
     <span class='ocr_line' id='line_1_91' title="bbox 269 4362 1897 4445; baseline 0 -26"><span class='ocrx_word' id='word_1_678' title='bbox 269 4365 484 4435; x_wconf 80' lang='grc' dir='ltr'>ματίζων</span> <span class='ocrx_word' id='word_1_679' title='bbox 553 4365 812 4445; x_wconf 76' lang='grc' dir='ltr'>εἰρῆσθαι,</span> <span class='ocrx_word' id='word_1_680' title='bbox 857 4367 947 4423; x_wconf 81' lang='grc' dir='ltr'><strong>καὶ</strong></span> <span class='ocrx_word' id='word_1_681' title='bbox 996 4365 1056 4422; x_wconf 88' lang='grc' dir='ltr'><strong>τό</strong></span> <span class='ocrx_word' id='word_1_682' title='bbox 1113 4366 1247 4422; x_wconf 81' lang='grc' dir='ltr'>κατὰ</span> <span class='ocrx_word' id='word_1_683' title='bbox 1286 4367 1386 4432; x_wconf 76' lang='grc' dir='ltr'>τὴν</span> <span class='ocrx_word' id='word_1_684' title='bbox 1444 4365 1545 4432; x_wconf 78' lang='grc' dir='ltr'>σὴν</span> <span class='ocrx_word' id='word_1_685' title='bbox 1614 4362 1764 4431; x_wconf 83' lang='grc' dir='ltr'>δόξαν</span> <span class='ocrx_word' id='word_1_686' title='bbox 1814 4364 1897 4421; x_wconf 79' lang='grc' dir='ltr'>ἐν-</span> 
     </span>
    </p>
   </div>
   <div class='ocr_carea' id='block_1_91' title="bbox 2002 4362 3652 4445">
    <p class='ocr_par' dir='ltr' id='par_1_91' title="bbox 2011 4363 3652 4443">
     <span class='ocr_line' id='line_1_92' title="bbox 2011 4363 3652 4443; baseline 0.002 -17"><span class='ocrx_word' id='word_1_687' title='bbox 2011 4365 2224 4438; x_wconf 83' lang='lat' dir='ltr'><strong>nde,ut</strong></span> <span class='ocrx_word' id='word_1_688' title='bbox 2244 4372 2302 4425; x_wconf 91' lang='lat' dir='ltr'><strong>tu</strong></span> <span class='ocrx_word' id='word_1_689' title='bbox 2327 4363 2610 4443; x_wconf 88' lang='lat' dir='ltr'><strong>opinaris,</strong></span> <span class='ocrx_word' id='word_1_690' title='bbox 2639 4366 2978 4430; x_wconf 88' lang='lat' dir='ltr'><strong>necessario</strong></span> <span class='ocrx_word' id='word_1_691' title='bbox 3010 4364 3494 4430; x_wconf 89' lang='lat' dir='ltr'><strong>concludendum</strong></span> <span class='ocrx_word' id='word_1_692' title='bbox 3521 4375 3652 4429; x_wconf 88' lang='lat' dir='ltr'><strong>erat</strong></span> 
     </span>
    </p>
   </div>
   <div class='ocr_carea' id='block_1_92' title="bbox 268 4450 1918 4536">
    <p class='ocr_par' dir='ltr' id='par_1_92' title="bbox 268 4450 1898 4535">
     <span class='ocr_line' id='line_1_93' title="bbox 268 4450 1898 4535; baseline 0.003 -29"><span class='ocrx_word' id='word_1_693' title='bbox 268 4452 428 4509; x_wconf 78' lang='grc' dir='ltr'>τεῦθεν</span> <span class='ocrx_word' id='word_1_694' title='bbox 480 4454 697 4535; x_wconf 72' lang='grc' dir='ltr'>ὀφεῖλον</span> <span class='ocrx_word' id='word_1_695' title='bbox 766 4454 1073 4533; x_wconf 66' lang='grc' dir='ltr'>σδνάγεσθκι</span> <span class='ocrx_word' id='word_1_696' title='bbox 1130 4454 1371 4532; x_wconf 78' lang='grc' dir='ltr'>συνάγειν</span> <span class='ocrx_word' id='word_1_697' title='bbox 1432 4450 1716 4515; x_wconf 81' lang='grc' dir='ltr'>ἀδυνατῶν.</span> <span class='ocrx_word' id='word_1_698' title='bbox 1766 4452 1898 4511; x_wconf 77' lang='grc' dir='ltr'><strong>Ἀλ-</strong></span> 
     </span>
    </p>
   </div>
   <div class='ocr_carea' id='block_1_93' title="bbox 1993 4450 3643 4536">
    <p class='ocr_par' dir='ltr' id='par_1_93' title="bbox 1993 4453 3643 4536">
     <span class='ocr_line' id='line_1_94' title="bbox 1993 4453 3643 4536; baseline 0.002 -21"><span class='ocrx_word' id='word_1_699' title='bbox 1993 4453 2353 4515; x_wconf 85' lang='lat' dir='ltr'><strong>concludere</strong></span> <span class='ocrx_word' id='word_1_700' title='bbox 2409 4471 2528 4514; x_wconf 91' lang='lat' dir='ltr'><strong>non</strong></span> <span class='ocrx_word' id='word_1_701' title='bbox 2585 4453 2770 4516; x_wconf 83' lang='lat' dir='ltr'><strong>vales.</strong></span> <span class='ocrx_word' id='word_1_702' title='bbox 2833 4455 2908 4517; x_wconf 88' lang='lat' dir='ltr'><strong>At</strong></span> <span class='ocrx_word' id='word_1_703' title='bbox 2939 4462 3000 4516; x_wconf 91' lang='lat' dir='ltr'><strong>tu</strong></span> <span class='ocrx_word' id='word_1_704' title='bbox 3030 4473 3280 4536; x_wconf 78' lang='lat' dir='ltr'><strong>negans,</strong></span> <span class='ocrx_word' id='word_1_705' title='bbox 3310 4456 3643 4519; x_wconf 90' lang='lat' dir='ltr'><strong>secundum</strong></span> 
     </span>
    </p>
   </div>
   <div class='ocr_carea' id='block_1_94' title="bbox 269 4522 1919 4623">
    <p class='ocr_par' dir='ltr' id='par_1_94' title="bbox 269 4522 1897 4622">
     <span class='ocr_line' id='line_1_95' title="bbox 269 4522 1897 4622; baseline 0.002 -26"><span class='ocrx_word' id='word_1_706' title='bbox 269 4538 331 4596; x_wconf 73' lang='grc' dir='ltr'>λὰ</span> <span class='ocrx_word' id='word_1_707' title='bbox 397 4543 455 4600; x_wconf 80' lang='grc' dir='ltr'>σὺ</span> <span class='ocrx_word' id='word_1_708' title='bbox 497 4522 618 4618; x_wconf 69' lang='grc' dir='ltr'>μὲν,</span> <span class='ocrx_word' id='word_1_709' title='bbox 699 4546 773 4609; x_wconf 82' lang='grc' dir='ltr'>ὡς</span> <span class='ocrx_word' id='word_1_710' title='bbox 845 4522 1230 4622; x_wconf 74' lang='grc' dir='ltr'>ἀπαρνούμενος</span> <span class='ocrx_word' id='word_1_711' title='bbox 1272 4522 1364 4598; x_wconf 68' lang='grc' dir='ltr'>τὸν</span> <span class='ocrx_word' id='word_1_712' title='bbox 1428 4543 1563 4597; x_wconf 81' lang='grc' dir='ltr'>κατὰ</span> <span class='ocrx_word' id='word_1_713' title='bbox 1601 4540 1698 4609; x_wconf 77' lang='grc' dir='ltr'><strong>τῆς</strong></span> <span class='ocrx_word' id='word_1_714' title='bbox 1733 4543 1897 4607; x_wconf 69' lang='grc' dir='ltr'>αἰτίας</span> 
     </span>
    </p>
   </div>
   <div class='ocr_carea' id='block_1_95' title="bbox 1986 4522 3636 4623">
    <p class='ocr_par' dir='ltr' id='par_1_95' title="bbox 1986 4522 3636 4623">
     <span class='ocr_line' id='line_1_96' title="bbox 1986 4522 3636 4623; baseline 0.001 -19"><span class='ocrx_word' id='word_1_715' title='bbox 1986 4560 2173 4604; x_wconf 63' lang='lat' dir='ltr'><strong>causae</strong></span> <span class='ocrx_word' id='word_1_716' title='bbox 2229 4540 2525 4603; x_wconf 82' lang='lat' dir='ltr'><strong>rationem</strong></span> <span class='ocrx_word' id='word_1_717' title='bbox 2580 4559 2615 4603; x_wconf 90' lang='lat' dir='ltr'><strong>a</strong></span> <span class='ocrx_word' id='word_1_718' title='bbox 2671 4542 2961 4623; x_wconf 83' lang='lat' dir='ltr'><strong>theologis</strong></span> <span class='ocrx_word' id='word_1_719' title='bbox 3010 4522 3231 4605; x_wconf 71' lang='lat' dir='ltr'><strong>nostris</strong></span> <span class='ocrx_word' id='word_1_720' title='bbox 3259 4522 3535 4605; x_wconf 85' lang='lat' dir='ltr'><strong>Patribus</strong></span> <span class='ocrx_word' id='word_1_721' title='bbox 3566 4560 3636 4605; x_wconf 84' lang='lat' dir='ltr'><strong>ex</strong></span> 
     </span>
    </p>
   </div>
   <div class='ocr_carea' id='block_1_96' title="bbox 267 4623 1917 4712">
    <p class='ocr_par' dir='ltr' id='par_1_96' title="bbox 267 4626 1898 4712">
     <span class='ocr_line' id='line_1_97' title="bbox 267 4626 1898 4712; baseline 0.003 -28"><span class='ocrx_word' id='word_1_722' title='bbox 267 4626 412 4708; x_wconf 82' lang='grc' dir='ltr'>λόγον</span> <span class='ocrx_word' id='word_1_723' title='bbox 459 4646 579 4696; x_wconf 74' lang='grc' dir='ltr'>τοῖς</span> <span class='ocrx_word' id='word_1_724' title='bbox 633 4632 908 4712; x_wconf 83' lang='grc' dir='ltr'>θεολόγοις</span> <span class='ocrx_word' id='word_1_725' title='bbox 948 4635 1102 4706; x_wconf 74' lang='grc' dir='ltr'>ἡμῶν</span> <span class='ocrx_word' id='word_1_726' title='bbox 1170 4631 1433 4710; x_wconf 81' lang='grc' dir='ltr'>Πατράσιν</span> <span class='ocrx_word' id='word_1_727' title='bbox 1476 4629 1536 4686; x_wconf 80' lang='grc' dir='ltr'>ἐκ</span> <span class='ocrx_word' id='word_1_728' title='bbox 1585 4629 1681 4699; x_wconf 70' lang='grc' dir='ltr'><strong>τῆς</strong></span> <span class='ocrx_word' id='word_1_729' title='bbox 1725 4632 1898 4698; x_wconf 70' lang='grc' dir='ltr'>οὖσίας</span> 
     </span>
    </p>
   </div>
   <div class='ocr_carea' id='block_1_97' title="bbox 1997 4623 3647 4712">
    <p class='ocr_par' dir='ltr' id='par_1_97' title="bbox 1997 4623 3647 4711">
     <span class='ocr_line' id='line_1_98' title="bbox 1997 4623 3647 4711; baseline 0 -18"><span class='ocrx_word' id='word_1_730' title='bbox 1997 4628 2248 4694; x_wconf 81' lang='lat' dir='ltr'><strong>essentia</strong></span> <span class='ocrx_word' id='word_1_731' title='bbox 2268 4629 2460 4691; x_wconf 87' lang='lat' dir='ltr'><strong>Patris</strong></span> <span class='ocrx_word' id='word_1_732' title='bbox 2490 4628 2685 4691; x_wconf 90' lang='lat' dir='ltr'><strong>etFilii</strong></span> <span class='ocrx_word' id='word_1_733' title='bbox 2706 4628 2997 4711; x_wconf 89' lang='lat' dir='ltr'><strong>Spiritum</strong></span> <span class='ocrx_word' id='word_1_734' title='bbox 3021 4631 3419 4708; x_wconf 86' lang='lat' dir='ltr'><strong>decerni,non</strong></span> <span class='ocrx_word' id='word_1_735' title='bbox 3438 4623 3647 4694; x_wconf 83' lang='lat' dir='ltr'><strong>vidisti</strong></span> 
     </span>
    </p>
   </div>
   <div class='ocr_carea' id='block_1_98' title="bbox 265 4717 1915 4802">
    <p class='ocr_par' dir='ltr' id='par_1_98' title="bbox 265 4718 1897 4799">
     <span class='ocr_line' id='line_1_99' title="bbox 265 4718 1897 4799; baseline 0.001 -25"><span class='ocrx_word' id='word_1_736' title='bbox 265 4722 452 4799; x_wconf 80' lang='grc' dir='ltr'>Πατρὸς</span> <span class='ocrx_word' id='word_1_737' title='bbox 516 4724 605 4780; x_wconf 79' lang='grc' dir='ltr'>καὶ</span> <span class='ocrx_word' id='word_1_738' title='bbox 662 4725 784 4782; x_wconf 76' lang='grc' dir='ltr'><strong>Υἱοῦ</strong></span> <span class='ocrx_word' id='word_1_739' title='bbox 851 4723 913 4778; x_wconf 81' lang='grc' dir='ltr'>τὸ</span> <span class='ocrx_word' id='word_1_740' title='bbox 996 4723 1208 4795; x_wconf 78' lang='grc' dir='ltr'>Πνεῦμα</span> <span class='ocrx_word' id='word_1_741' title='bbox 1272 4718 1658 4798; x_wconf 78' lang='grc' dir='ltr'>θεολογεϊσθαι,</span> <span class='ocrx_word' id='word_1_742' title='bbox 1718 4718 1897 4786; x_wconf 74' lang='grc' dir='ltr'>ἔλαθες</span> 
     </span>
    </p>
   </div>
   <div class='ocr_carea' id='block_1_99' title="bbox 1986 4717 3636 4802">
    <p class='ocr_par' dir='ltr' id='par_1_99' title="bbox 1986 4717 3636 4802">
     <span class='ocr_line' id='line_1_100' title="bbox 1986 4717 3636 4802; baseline 0.002 -23"><span class='ocrx_word' id='word_1_743' title='bbox 1986 4736 2094 4800; x_wconf 91' lang='lat' dir='ltr'><strong>per</strong></span> <span class='ocrx_word' id='word_1_744' title='bbox 2121 4718 2274 4780; x_wconf 89' lang='lat' dir='ltr'><strong>hanc</strong></span> <span class='ocrx_word' id='word_1_745' title='bbox 2305 4724 2465 4779; x_wconf 90' lang='lat' dir='ltr'><strong>tuam</strong></span> <span class='ocrx_word' id='word_1_746' title='bbox 2494 4717 2831 4800; x_wconf 85' lang='lat' dir='ltr'><strong>improbam</strong></span> <span class='ocrx_word' id='word_1_747' title='bbox 2864 4720 3636 4802; x_wconf 87' lang='lat' dir='ltr'><strong>interpretationemensem</strong></span> 
     </span>
    </p>
   </div>
   <div class='ocr_carea' id='block_1_100' title="bbox 263 4805 1913 4894">
    <p class='ocr_par' dir='ltr' id='par_1_100' title="bbox 263 4805 1899 4894">
     <span class='ocr_line' id='line_1_101' title="bbox 263 4805 1899 4894; baseline 0.003 -32"><span class='ocrx_word' id='word_1_748' title='bbox 263 4805 386 4865; x_wconf 62' lang='grc' dir='ltr'>οῖτω</span> <span class='ocrx_word' id='word_1_749' title='bbox 425 4808 508 4867; x_wconf 77' lang='grc' dir='ltr'>διὰ</span> <span class='ocrx_word' id='word_1_750' title='bbox 563 4812 660 4880; x_wconf 73' lang='grc' dir='ltr'><strong>τῆς</strong></span> <span class='ocrx_word' id='word_1_751' title='bbox 736 4809 1150 4889; x_wconf 74' lang='grc' dir='ltr'>παρεξηγήσεως</span> <span class='ocrx_word' id='word_1_752' title='bbox 1230 4808 1383 4889; x_wconf 71' lang='grc' dir='ltr'>ξίφος</span> <span class='ocrx_word' id='word_1_753' title='bbox 1454 4816 1531 4884; x_wconf 85' lang='grc' dir='ltr'>τῷ</span> <span class='ocrx_word' id='word_1_754' title='bbox 1567 4809 1899 4894; x_wconf 34' lang='grc' dir='ltr'>’Βουλομένῳ</span> 
     </span>
    </p>
   </div>
   <div class='ocr_carea' id='block_1_101' title="bbox 1985 4805 3635 4894">
    <p class='ocr_par' dir='ltr' id='par_1_101' title="bbox 1985 4810 3635 4894">
     <span class='ocr_line' id='line_1_102' title="bbox 1985 4810 3635 4894; baseline 0.001 -21"><span class='ocrx_word' id='word_1_755' title='bbox 1985 4816 2191 4873; x_wconf 90' lang='lat' dir='ltr'><strong>contra</strong></span> <span class='ocrx_word' id='word_1_756' title='bbox 2221 4818 2277 4871; x_wconf 91' lang='lat' dir='ltr'><strong>te</strong></span> <span class='ocrx_word' id='word_1_757' title='bbox 2308 4810 2503 4891; x_wconf 88' lang='lat' dir='ltr'><strong>ipsum</strong></span> <span class='ocrx_word' id='word_1_758' title='bbox 2554 4810 2842 4876; x_wconf 85' lang='lat' dir='ltr'><strong>exhibere</strong></span> <span class='ocrx_word' id='word_1_759' title='bbox 2893 4812 3248 4894; x_wconf 91' lang='lat' dir='ltr'><strong>cuicumque</strong></span> <span class='ocrx_word' id='word_1_760' title='bbox 3277 4811 3385 4875; x_wconf 90' lang='lat' dir='ltr'><strong>tibi</strong></span> <span class='ocrx_word' id='word_1_761' title='bbox 3415 4811 3635 4875; x_wconf 85' lang='lat' dir='ltr'><strong>adver-</strong></span> 
     </span>
    </p>
   </div>
   <div class='ocr_carea' id='block_1_102' title="bbox 261 4888 1911 4984">
    <p class='ocr_par' dir='ltr' id='par_1_102' title="bbox 261 4888 1898 4980">
     <span class='ocr_line' id='line_1_103' title="bbox 261 4888 1898 4980; baseline 0.002 -29"><span class='ocrx_word' id='word_1_762' title='bbox 261 4917 337 4953; x_wconf 89' lang='grc' dir='ltr'><strong>σοι</strong></span> <span class='ocrx_word' id='word_1_763' title='bbox 387 4898 675 4972; x_wconf 77' lang='grc' dir='ltr'>ἀντιλέγειν</span> <span class='ocrx_word' id='word_1_764' title='bbox 744 4888 1053 4979; x_wconf 80' lang='grc' dir='ltr'>ἐγχειρίζων</span> <span class='ocrx_word' id='word_1_765' title='bbox 1118 4895 1234 4954; x_wconf 83' lang='grc' dir='ltr'>καθ’</span> <span class='ocrx_word' id='word_1_766' title='bbox 1295 4888 1481 4955; x_wconf 68' lang='grc' dir='ltr'>ἑαυτοῦ</span> <span class='ocrx_word' id='word_1_767' title='bbox 1515 4913 1529 4928; x_wconf 87' lang='grc'>⁶</span> <span class='ocrx_word' id='word_1_768' title='bbox 1567 4888 1629 4955; x_wconf 63' lang='grc' dir='ltr'><strong><em>Ἠ</em></strong></span> <span class='ocrx_word' id='word_1_769' title='bbox 1686 4898 1799 4980; x_wconf 70' lang='grc' dir='ltr'>α’ίξ,</span> <span class='ocrx_word' id='word_1_770' title='bbox 1870 4896 1898 4954; x_wconf 81' lang='grc' dir='ltr'>ὅ</span> 
     </span>
    </p>
   </div>
   <div class='ocr_carea' id='block_1_103' title="bbox 1985 4888 3635 4984">
    <p class='ocr_par' dir='ltr' id='par_1_103' title="bbox 1985 4888 3635 4984">
     <span class='ocr_line' id='line_1_104' title="bbox 1985 4888 3635 4984; baseline 0.002 -23"><span class='ocrx_word' id='word_1_771' title='bbox 1985 4898 2157 4962; x_wconf 90' lang='lat' dir='ltr'><strong>sandi</strong></span> <span class='ocrx_word' id='word_1_772' title='bbox 2210 4898 2273 4961; x_wconf 90' lang='lat' dir='ltr'><strong>in</strong></span> <span class='ocrx_word' id='word_1_773' title='bbox 2329 4888 2529 4961; x_wconf 83' lang='lat' dir='ltr'><strong>animo</strong></span> <span class='ocrx_word' id='word_1_774' title='bbox 2561 4907 2671 4964; x_wconf 89' lang='lat' dir='ltr'><strong>est.</strong></span> <span class='ocrx_word' id='word_1_775' title='bbox 2704 4903 2916 4983; x_wconf 84' lang='lat' dir='ltr'><strong>Capra,</strong></span> <span class='ocrx_word' id='word_1_776' title='bbox 2952 4909 3016 4964; x_wconf 90' lang='lat' dir='ltr'><strong>ut</strong></span> <span class='ocrx_word' id='word_1_777' title='bbox 3047 4888 3360 4984; x_wconf 45' lang='lat' dir='ltr'><strong>pro—verbio</strong></span> <span class='ocrx_word' id='word_1_778' title='bbox 3395 4900 3635 4980; x_wconf 89' lang='lat' dir='ltr'><strong>teritur,</strong></span> 
     </span>
    </p>
   </div>
   <div class='ocr_carea' id='block_1_104' title="bbox 261 4987 1911 5069">
    <p class='ocr_par' dir='ltr' id='par_1_104' title="bbox 261 4987 1287 5069">
     <span class='ocr_line' id='line_1_105' title="bbox 261 4987 1287 5069; baseline 0.004 -27"><span class='ocrx_word' id='word_1_779' title='bbox 261 5009 411 5064; x_wconf 75' lang='grc' dir='ltr'>φησιν</span> <span class='ocrx_word' id='word_1_780' title='bbox 450 4991 798 5069; x_wconf 71' lang='grc' dir='ltr'>ἡπαροιμία,</span> <span class='ocrx_word' id='word_1_781' title='bbox 844 4990 942 5056; x_wconf 75' lang='grc' dir='ltr'><strong>τὴν</strong></span> <span class='ocrx_word' id='word_1_782' title='bbox 986 4987 1287 5068; x_wconf 75' lang='grc' dir='ltr'>μάχαιραν.</span> 
     </span>
    </p>
   </div>
   <div class='ocr_carea' id='block_1_105' title="bbox 628 4987 2278 5069">
    <p class='ocr_par' dir='ltr' id='par_1_105' title="bbox 628 4987 2278 5069">
     <span class='ocr_line' id='line_1_106' title="bbox 628 4987 2278 5069; baseline 0.002 -24"><span class='ocrx_word' id='word_1_783' title='bbox 628 4992 798 5069; x_wconf 74' lang='grc' dir='ltr'>οιμία,</span> <span class='ocrx_word' id='word_1_784' title='bbox 844 4990 942 5056; x_wconf 75' lang='grc' dir='ltr'><strong>τὴν</strong></span> <span class='ocrx_word' id='word_1_785' title='bbox 986 4987 1287 5068; x_wconf 75' lang='grc' dir='ltr'>μάχαιραν.</span> <span class='ocrx_word' id='word_1_786' title='bbox 1986 4988 2249 5068; x_wconf 77' lang='lat' dir='ltr'><strong>gladium</strong></span> <span class='ocrx_word' id='word_1_787' title='bbox 2265 5033 2278 5049; x_wconf 90' lang='lat'><strong><em>.</em></strong></span> 
     </span>
    </p>
   </div>
   <div class='ocr_carea' id='block_1_106' title="bbox 335 5068 1985 5160">
    <p class='ocr_par' dir='ltr' id='par_1_106' title="bbox 335 5068 1900 5158">
     <span class='ocr_line' id='line_1_107' title="bbox 335 5068 1900 5158; baseline 0.004 -27"><span class='ocrx_word' id='word_1_788' title='bbox 335 5073 378 5131; x_wconf 85' lang='grc' dir='ltr'>δ’</span> <span class='ocrx_word' id='word_1_789' title='bbox 389 5124 401 5138; x_wconf 89' lang='grc'><strong>,</strong></span> <span class='ocrx_word' id='word_1_790' title='bbox 476 5068 667 5153; x_wconf 75' lang='grc' dir='ltr'>Ἡμεῖς</span> <span class='ocrx_word' id='word_1_791' title='bbox 696 5076 750 5135; x_wconf 77' lang='grc' dir='ltr'>δὲ</span> <span class='ocrx_word' id='word_1_792' title='bbox 805 5079 1022 5158; x_wconf 87' lang='grc' dir='ltr'>πρώτην</span> <span class='ocrx_word' id='word_1_793' title='bbox 1063 5076 1174 5135; x_wconf 74' lang='grc' dir='ltr'>ἰδού</span> <span class='ocrx_word' id='word_1_794' title='bbox 1224 5077 1418 5144; x_wconf 79' lang='grc' dir='ltr'>ταύτην</span> <span class='ocrx_word' id='word_1_795' title='bbox 1473 5075 1736 5144; x_wconf 75' lang='grc' dir='ltr'>ἀπόδειξιν</span> <span class='ocrx_word' id='word_1_796' title='bbox 1807 5086 1900 5137; x_wconf 84' lang='grc' dir='ltr'>τοῦ</span> 
     </span>
    </p>
   </div>
   <div class='ocr_carea' id='block_1_107' title="bbox 1993 5068 3643 5160">
    <p class='ocr_par' dir='ltr' id='par_1_107' title="bbox 2061 5077 3643 5160">
     <span class='ocr_line' id='line_1_108' title="bbox 2061 5077 3643 5160; baseline 0.003 -19"><span class='ocrx_word' id='word_1_797' title='bbox 2061 5079 2124 5141; x_wconf 79' lang='grc'><strong>4.</strong></span> <span class='ocrx_word' id='word_1_798' title='bbox 2155 5077 2275 5140; x_wconf 90' lang='lat' dir='ltr'><strong>Nos</strong></span> <span class='ocrx_word' id='word_1_799' title='bbox 2298 5095 2472 5159; x_wconf 90' lang='lat' dir='ltr'><strong>porro</strong></span> <span class='ocrx_word' id='word_1_800' title='bbox 2506 5077 2698 5160; x_wconf 88' lang='lat' dir='ltr'><strong>prima</strong></span> <span class='ocrx_word' id='word_1_801' title='bbox 2725 5080 2836 5142; x_wconf 89' lang='lat' dir='ltr'><strong>hac</strong></span> <span class='ocrx_word' id='word_1_802' title='bbox 2866 5078 3401 5158; x_wconf 83' lang='lat' dir='ltr'><strong>demonstratione,</strong></span> <span class='ocrx_word' id='word_1_803' title='bbox 3438 5087 3496 5144; x_wconf 92' lang='lat' dir='ltr'><strong>te</strong></span> <span class='ocrx_word' id='word_1_804' title='bbox 3529 5080 3643 5145; x_wconf 89' lang='lat' dir='ltr'><strong>tibi</strong></span> 
     </span>
    </p>
   </div>
   <div class='ocr_carea' id='block_1_108' title="bbox 267 5162 1917 5250">
    <p class='ocr_par' dir='ltr' id='par_1_108' title="bbox 267 5162 1898 5243">
     <span class='ocr_line' id='line_1_109' title="bbox 267 5162 1898 5243; baseline 0.003 -24"><span class='ocrx_word' id='word_1_805' title='bbox 267 5166 582 5243; x_wconf 81' lang='grc' dir='ltr'>περιπίπτειν</span> <span class='ocrx_word' id='word_1_806' title='bbox 651 5169 866 5224; x_wconf 71' lang='grc' dir='ltr'>σεαυτὸν</span> <span class='ocrx_word' id='word_1_807' title='bbox 923 5168 1094 5240; x_wconf 76' lang='grc' dir='ltr'>ἑαυτῷ</span> <span class='ocrx_word' id='word_1_808' title='bbox 1149 5162 1265 5222; x_wconf 80' lang='grc' dir='ltr'>καθ’</span> <span class='ocrx_word' id='word_1_809' title='bbox 1322 5163 1376 5221; x_wconf 74' lang='grc' dir='ltr'>ἔν</span> <span class='ocrx_word' id='word_1_810' title='bbox 1446 5167 1599 5224; x_wconf 76' lang='grc' dir='ltr'>τοῦτο</span> <span class='ocrx_word' id='word_1_811' title='bbox 1667 5164 1898 5233; x_wconf 87' lang='grc' dir='ltr'>διανοίας</span> 
     </span>
    </p>
   </div>
   <div class='ocr_carea' id='block_1_109' title="bbox 2003 5162 3653 5250">
    <p class='ocr_par' dir='ltr' id='par_1_109' title="bbox 2011 5167 3653 5250">
     <span class='ocr_line' id='line_1_110' title="bbox 2011 5167 3653 5250; baseline 0.002 -21"><span class='ocrx_word' id='word_1_812' title='bbox 2011 5168 2098 5250; x_wconf 89' lang='lat' dir='ltr'><strong>psi</strong></span> <span class='ocrx_word' id='word_1_813' title='bbox 2133 5167 2431 5230; x_wconf 86' lang='lat' dir='ltr'><strong>contraria</strong></span> <span class='ocrx_word' id='word_1_814' title='bbox 2460 5185 2758 5244; x_wconf 86' lang='lat' dir='ltr'><strong>asserere,</strong></span> <span class='ocrx_word' id='word_1_815' title='bbox 2790 5168 2853 5230; x_wconf 92' lang='lat' dir='ltr'><strong>in</strong></span> <span class='ocrx_word' id='word_1_816' title='bbox 2884 5170 2996 5232; x_wconf 87' lang='lat' dir='ltr'><strong>hac</strong></span> <span class='ocrx_word' id='word_1_817' title='bbox 3041 5169 3340 5233; x_wconf 85' lang='lat' dir='ltr'><strong>sententia</strong></span> <span class='ocrx_word' id='word_1_818' title='bbox 3369 5169 3522 5234; x_wconf 88' lang='lat' dir='ltr'><strong>adeo</strong></span> <span class='ocrx_word' id='word_1_819' title='bbox 3552 5170 3653 5233; x_wconf 91' lang='lat' dir='ltr'><strong>ab-</strong></span> 
     </span>
    </p>
   </div>
   <div class='ocr_carea' id='block_1_110' title="bbox 265 5253 1915 5338">
    <p class='ocr_par' dir='ltr' id='par_1_110' title="bbox 265 5253 1899 5334">
     <span class='ocr_line' id='line_1_111' title="bbox 265 5253 1899 5334; baseline 0.002 -22"><span class='ocrx_word' id='word_1_820' title='bbox 265 5253 413 5333; x_wconf 81' lang='grc' dir='ltr'>μὲρος</span> <span class='ocrx_word' id='word_1_821' title='bbox 481 5258 667 5314; x_wconf 66' lang='grc' dir='ltr'>οὑτωσὶ</span> <span class='ocrx_word' id='word_1_822' title='bbox 736 5256 933 5313; x_wconf 69' lang='grc' dir='ltr'>ἀτόπου</span> <span class='ocrx_word' id='word_1_823' title='bbox 1002 5267 1123 5317; x_wconf 82' lang='grc' dir='ltr'>ταῖς</span> <span class='ocrx_word' id='word_1_824' title='bbox 1194 5255 1704 5334; x_wconf 80' lang='grc' dir='ltr'>προαναταχθείσαις</span> <span class='ocrx_word' id='word_1_825' title='bbox 1762 5259 1899 5333; x_wconf 81' lang='grc' dir='ltr'>ἡμῖν</span> 
     </span>
    </p>
   </div>
   <div class='ocr_carea' id='block_1_111' title="bbox 1995 5253 3645 5338">
    <p class='ocr_par' dir='ltr' id='par_1_111' title="bbox 1995 5256 3645 5338">
     <span class='ocr_line' id='line_1_112' title="bbox 1995 5256 3645 5338; baseline 0.002 -19"><span class='ocrx_word' id='word_1_826' title='bbox 1995 5256 2183 5331; x_wconf 73' lang='lat' dir='ltr'><strong>surda,</strong></span> <span class='ocrx_word' id='word_1_827' title='bbox 2217 5274 2349 5336; x_wconf 62' lang='lat' dir='ltr'><strong>qua;</strong></span> <span class='ocrx_word' id='word_1_828' title='bbox 2379 5256 2441 5317; x_wconf 88' lang='lat' dir='ltr'><strong>in</strong></span> <span class='ocrx_word' id='word_1_829' title='bbox 2470 5275 2650 5337; x_wconf 80' lang='lat' dir='ltr'><strong>supra</strong></span> <span class='ocrx_word' id='word_1_830' title='bbox 2680 5274 2785 5338; x_wconf 88' lang='lat' dir='ltr'><strong>per</strong></span> <span class='ocrx_word' id='word_1_831' title='bbox 2814 5276 2922 5321; x_wconf 89' lang='lat' dir='ltr'><strong>nos</strong></span> <span class='ocrx_word' id='word_1_832' title='bbox 2960 5258 3151 5322; x_wconf 88' lang='lat' dir='ltr'><strong>allatis</strong></span> <span class='ocrx_word' id='word_1_833' title='bbox 3183 5262 3264 5321; x_wconf 92' lang='lat' dir='ltr'><strong>tui</strong></span> <span class='ocrx_word' id='word_1_834' title='bbox 3302 5259 3446 5322; x_wconf 91' lang='lat' dir='ltr'><strong>tomi</strong></span> <span class='ocrx_word' id='word_1_835' title='bbox 3479 5260 3645 5337; x_wconf 76' lang='lat' dir='ltr'><strong>peri-</strong></span> 
     </span>
    </p>
   </div>
   <div class='ocr_carea' id='block_1_112' title="bbox 266 5341 1916 5430">
    <p class='ocr_par' dir='ltr' id='par_1_112' title="bbox 266 5341 1893 5426">
     <span class='ocr_line' id='line_1_113' title="bbox 266 5341 1893 5426; baseline 0.006 -30"><span class='ocrx_word' id='word_1_836' title='bbox 266 5349 351 5398; x_wconf 80' lang='grc' dir='ltr'><strong>τοῦ</strong></span> <span class='ocrx_word' id='word_1_837' title='bbox 403 5346 496 5401; x_wconf 76' lang='grc' dir='ltr'>σοῦ</span> <span class='ocrx_word' id='word_1_838' title='bbox 534 5346 700 5422; x_wconf 83' lang='grc' dir='ltr'>τόμου</span> <span class='ocrx_word' id='word_1_839' title='bbox 761 5357 1076 5424; x_wconf 84' lang='grc' dir='ltr'>περικοπατς</span> <span class='ocrx_word' id='word_1_840' title='bbox 1132 5341 1470 5422; x_wconf 78' lang='grc' dir='ltr'>ἐγκειμένης,</span> <span class='ocrx_word' id='word_1_841' title='bbox 1542 5344 1746 5426; x_wconf 82' lang='grc' dir='ltr'>καλῶς,</span> <span class='ocrx_word' id='word_1_842' title='bbox 1819 5350 1893 5414; x_wconf 84' lang='grc' dir='ltr'>ὡς</span> 
     </span>
    </p>
   </div>
   <div class='ocr_carea' id='block_1_113' title="bbox 1998 5341 3648 5430">
    <p class='ocr_par' dir='ltr' id='par_1_113' title="bbox 1998 5345 3648 5430">
     <span class='ocr_line' id='line_1_114' title="bbox 1998 5345 3648 5430; baseline 0.003 -24"><span class='ocrx_word' id='word_1_843' title='bbox 1998 5345 2159 5426; x_wconf 87' lang='lat' dir='ltr'><strong>copis</strong></span> <span class='ocrx_word' id='word_1_844' title='bbox 2180 5345 2737 5426; x_wconf 87' lang='lat' dir='ltr'><strong>continetur,probe</strong></span> <span class='ocrx_word' id='word_1_845' title='bbox 2758 5355 2821 5409; x_wconf 93' lang='lat' dir='ltr'><strong>et</strong></span> <span class='ocrx_word' id='word_1_846' title='bbox 2849 5356 3077 5423; x_wconf 83' lang='lat' dir='ltr'><strong>exacte,</strong></span> <span class='ocrx_word' id='word_1_847' title='bbox 3102 5354 3167 5410; x_wconf 90' lang='lat' dir='ltr'><strong>ut</strong></span> <span class='ocrx_word' id='word_1_848' title='bbox 3195 5348 3429 5430; x_wconf 83' lang='lat' dir='ltr'><strong>opinor,</strong></span> <span class='ocrx_word' id='word_1_849' title='bbox 3466 5349 3648 5411; x_wconf 88' lang='lat' dir='ltr'><strong>abso-</strong></span> 
     </span>
    </p>
   </div>
   <div class='ocr_carea' id='block_1_114' title="bbox 267 5430 1917 5516">
    <p class='ocr_par' dir='ltr' id='par_1_114' title="bbox 267 5430 1911 5514">
     <span class='ocr_line' id='line_1_115' title="bbox 267 5430 1911 5514; baseline 0.005 -29"><span class='ocrx_word' id='word_1_850' title='bbox 267 5430 438 5513; x_wconf 80' lang='grc' dir='ltr'>οῖμαι,</span> <span class='ocrx_word' id='word_1_851' title='bbox 504 5436 592 5491; x_wconf 82' lang='grc' dir='ltr'>καὶ</span> <span class='ocrx_word' id='word_1_852' title='bbox 633 5434 768 5491; x_wconf 56' lang='lat' dir='ltr'><strong>niam</strong></span> <span class='ocrx_word' id='word_1_853' title='bbox 811 5434 1164 5509; x_wconf 73' lang='grc' dir='ltr'>ποιησάμενοι</span> <span class='ocrx_word' id='word_1_854' title='bbox 1208 5431 1463 5510; x_wconf 78' lang='grc' dir='ltr'>ἀκριϐῶς,</span> <span class='ocrx_word' id='word_1_855' title='bbox 1536 5437 1788 5514; x_wconf 87' lang='grc' dir='ltr'>γινόμεθα</span> <span class='ocrx_word' id='word_1_856' title='bbox 1843 5435 1911 5506; x_wconf 78' lang='grc' dir='ltr'><strong>δὴ</strong></span> 
     </span>
    </p>
   </div>
   <div class='ocr_carea' id='block_1_115' title="bbox 1998 5430 3648 5516">
    <p class='ocr_par' dir='ltr' id='par_1_115' title="bbox 1998 5433 3648 5516">
     <span class='ocr_line' id='line_1_116' title="bbox 1998 5433 3648 5516; baseline 0.001 -19"><span class='ocrx_word' id='word_1_857' title='bbox 1998 5434 2140 5506; x_wconf 89' lang='lat' dir='ltr'><strong>luta,</strong></span> <span class='ocrx_word' id='word_1_858' title='bbox 2172 5433 2550 5508; x_wconf 89' lang='lat' dir='ltr'><strong>accedamus,</strong></span> <span class='ocrx_word' id='word_1_859' title='bbox 2578 5442 2638 5496; x_wconf 88' lang='lat' dir='ltr'><strong>ut</strong></span> <span class='ocrx_word' id='word_1_860' title='bbox 2669 5436 3073 5516; x_wconf 90' lang='lat' dir='ltr'><strong>promisimus,</strong></span> <span class='ocrx_word' id='word_1_861' title='bbox 3107 5436 3181 5498; x_wconf 90' lang='lat' dir='ltr'><strong>ad</strong></span> <span class='ocrx_word' id='word_1_862' title='bbox 3213 5436 3648 5500; x_wconf 87' lang='lat' dir='ltr'><strong>ostendendum</strong></span> 
     </span>
    </p>
   </div>
   <div class='ocr_carea' id='block_1_116' title="bbox 267 5521 1917 5608">
    <p class='ocr_par' dir='ltr' id='par_1_116' title="bbox 267 5521 1916 5608">
     <span class='ocr_line' id='line_1_117' title="bbox 267 5521 1916 5608; baseline 0.005 -33"><span class='ocrx_word' id='word_1_863' title='bbox 267 5521 393 5608; x_wconf 57' lang='grc' dir='ltr'>ιιατὰ</span> <span class='ocrx_word' id='word_1_864' title='bbox 448 5524 547 5590; x_wconf 76' lang='grc' dir='ltr'><strong>τὴν</strong></span> <span class='ocrx_word' id='word_1_865' title='bbox 600 5522 917 5603; x_wconf 76' lang='grc' dir='ltr'>ἐπαγγελίαν</span> <span class='ocrx_word' id='word_1_866' title='bbox 985 5523 1072 5578; x_wconf 77' lang='grc' dir='ltr'>καὶ</span> <span class='ocrx_word' id='word_1_867' title='bbox 1148 5521 1279 5601; x_wconf 77' lang='grc' dir='ltr'>πρὸς</span> <span class='ocrx_word' id='word_1_868' title='bbox 1335 5530 1412 5599; x_wconf 82' lang='grc' dir='ltr'><strong>τῷ</strong></span> <span class='ocrx_word' id='word_1_869' title='bbox 1465 5522 1631 5590; x_wconf 78' lang='grc' dir='ltr'>δεῖξαι</span> <span class='ocrx_word' id='word_1_870' title='bbox 1676 5524 1821 5591; x_wconf 77' lang='grc' dir='ltr'>ὅπως</span> <span class='ocrx_word' id='word_1_871' title='bbox 1879 5530 1916 5599; x_wconf 74' lang='grc' dir='ltr'><strong>ἡ</strong></span> 
     </span>
    </p>
   </div>
   <div class='ocr_carea' id='block_1_117' title="bbox 2001 5521 3651 5608">
    <p class='ocr_par' dir='ltr' id='par_1_117' title="bbox 2001 5521 3651 5608">
     <span class='ocr_line' id='line_1_118' title="bbox 2001 5521 3651 5608; baseline -0.001 -20"><span class='ocrx_word' id='word_1_872' title='bbox 2001 5525 2246 5596; x_wconf 88' lang='lat' dir='ltr'><strong>dictum,</strong></span> <span class='ocrx_word' id='word_1_873' title='bbox 2301 5521 2458 5604; x_wconf 91' lang='lat' dir='ltr'><strong>quod</strong></span> <span class='ocrx_word' id='word_1_874' title='bbox 2492 5541 2562 5585; x_wconf 84' lang='lat' dir='ltr'><strong>ex</strong></span> <span class='ocrx_word' id='word_1_875' title='bbox 2594 5525 2853 5589; x_wconf 89' lang='lat' dir='ltr'><strong>essentia</strong></span> <span class='ocrx_word' id='word_1_876' title='bbox 2894 5526 3083 5591; x_wconf 89' lang='lat' dir='ltr'><strong>Patris</strong></span> <span class='ocrx_word' id='word_1_877' title='bbox 3120 5534 3179 5589; x_wconf 88' lang='lat' dir='ltr'><strong>et</strong></span> <span class='ocrx_word' id='word_1_878' title='bbox 3207 5524 3341 5589; x_wconf 89' lang='lat' dir='ltr'><strong>Filii</strong></span> <span class='ocrx_word' id='word_1_879' title='bbox 3366 5526 3651 5608; x_wconf 91' lang='lat' dir='ltr'><strong>Spiritum</strong></span> 
     </span>
    </p>
   </div>
   <div class='ocr_carea' id='block_1_118' title="bbox 264 5603 1914 5692">
    <p class='ocr_par' dir='ltr' id='par_1_118' title="bbox 264 5603 1914 5692">
     <span class='ocr_line' id='line_1_119' title="bbox 264 5603 1914 5692; baseline 0.019 -45"><span class='ocrx_word' id='word_1_880' title='bbox 264 5603 335 5665; x_wconf 67' lang='grc' dir='ltr'><strong>ξκὶ</strong></span> <span class='ocrx_word' id='word_1_881' title='bbox 374 5612 469 5681; x_wconf 64' lang='grc' dir='ltr'><strong>τῆς</strong></span> <span class='ocrx_word' id='word_1_882' title='bbox 555 5615 728 5680; x_wconf 66' lang='grc' dir='ltr'>οὖσίας</span> <span class='ocrx_word' id='word_1_883' title='bbox 782 5625 882 5676; x_wconf 61' lang='grc' dir='ltr'><strong>τοῖ</strong></span> <span class='ocrx_word' id='word_1_884' title='bbox 923 5612 1123 5692; x_wconf 76' lang='grc' dir='ltr'>Πατρὸς</span> <span class='ocrx_word' id='word_1_885' title='bbox 1204 5613 1293 5669; x_wconf 81' lang='grc' dir='ltr'>καὶ</span> <span class='ocrx_word' id='word_1_886' title='bbox 1338 5613 1459 5671; x_wconf 67' lang='grc' dir='ltr'><strong>1⁸ἱοῦ</strong></span> <span class='ocrx_word' id='word_1_887' title='bbox 1501 5614 1640 5673; x_wconf 75' lang='grc' dir='ltr'>εῖναι</span> <span class='ocrx_word' id='word_1_888' title='bbox 1670 5616 1732 5672; x_wconf 76' lang='grc' dir='ltr'><strong>τὸ</strong></span> <span class='ocrx_word' id='word_1_889' title='bbox 1760 5622 1914 5679; x_wconf 78' lang='grc' dir='ltr'>Πνιῦ-</span> 
     </span>
    </p>
   </div>
   <div class='ocr_carea' id='block_1_119' title="bbox 2004 5603 3654 5692">
    <p class='ocr_par' dir='ltr' id='par_1_119' title="bbox 2005 5603 3654 5688">
     <span class='ocr_line' id='line_1_120' title="bbox 2005 5603 3654 5688; baseline -0.001 -12"><span class='ocrx_word' id='word_1_890' title='bbox 2005 5608 2141 5676; x_wconf 69' lang='lat' dir='ltr'><strong>esse</strong></span> <span class='ocrx_word' id='word_1_891' title='bbox 2164 5603 2395 5688; x_wconf 88' lang='lat' dir='ltr'><strong>fatetur,</strong></span> <span class='ocrx_word' id='word_1_892' title='bbox 2425 5612 2755 5678; x_wconf 88' lang='lat' dir='ltr'><strong>secundum</strong></span> <span class='ocrx_word' id='word_1_893' title='bbox 2785 5634 2977 5680; x_wconf 65' lang='lat' dir='ltr'><strong>causa:</strong></span> <span class='ocrx_word' id='word_1_894' title='bbox 3006 5616 3297 5679; x_wconf 85' lang='lat' dir='ltr'><strong>ra&#39;ionem</strong></span> <span class='ocrx_word' id='word_1_895' title='bbox 3319 5633 3352 5677; x_wconf 92' lang='lat' dir='ltr'><strong>a</strong></span> <span class='ocrx_word' id='word_1_896' title='bbox 3380 5603 3654 5680; x_wconf 72' lang='lat' dir='ltr'><strong>Patribus</strong></span> 
     </span>
    </p>
   </div>
  </div>
