4178 6286
535 386 656 454 318

1634 383 1844 446 JOAN.
1891 375 2111 445 VECCI
2153 371 2265 435 cp.
2315 367 2830 453 unanimum

535 523 755 586 nostris
775 522 967 603 accipi
992 543 1006 583 :
1038 540 1150 584 nec
1172 519 1314 583 inde
1330 518 1452 580 ullo
1484 514 1658 578 modo
1683 510 2024 576 necessario
2043 528 2176 572 cou-

2264 520 2338 575 μα
2381 498 2699 579 θεολογοῦσα
2750 498 2900 576 ῥῆσις
2957 495 3094 553 κατὰ
3134 495 3227 550 τὸν

2276 598 2315 603 _
2436 593 2446 603 .
2612 592 2624 603 .
2698 594 2719 603 -
2836 585 2880 603 ,μ
2914 584 2933 603 ς
2968 586 2979 603 .
3027 587 3052 603 ,ι
3128 600 3140 603 ,

3791 356 3896 421 344

3270 492 3367 561 τῆς
3414 494 3579 556 αἰτίας
3607 489 3760 568 λόγον
3787 500 3890 553 τοϊς

537 611 733 693 sequi,
795 576 1036 693 propter
1083 610 1352 672 eamdem
1411 622 1709 685 unamque
1758 603 2098 693 cum_Patre
2132 607 2176 659 el

2276 576 2559 671 [11:95:0th
2604 592 2760 663 ἡμῶν
2832 584 3091 664 ἐξελήφθη
3126 600 3140 614 ·
3177 585 3264 638 καὶ
3320 581 3525 659 ἀνάγκη
3559 602 3638 642 τις
3699 576 3894 651 οὐδεμία

2275 678 2297 693 ﬁ
2327 681 2338 693 ι
2458 683 2470 693 ι
2613 678 2626 693 \
2760 677 2775 693 \
2891 680 2930 693 η
3014 674 3022 684 ⁸
3204 671 3218 690 \
3299 671 3315 693 ἓ
3402 671 3518 693 ειζὶη
3550 670 3632 693 --Ϊ
3668 667 3854 693 ΙΊ..-.’--..

534 687 685 761 Filio
717 687 976 782 Spiritus
1029 698 1373 762 essentiam.
1409 697 1599 775 ipsum
1632 709 1868 782 quoque
1899 687 2186 782 Spiritum

536 777 929 869 proiucendi,
962 798 1021 850 et
1062 786 1388 867 procedere
1417 781 1673 845 faciendi
1703 779 2054 869 lacultatem‘
2075 777 2181 838 ha-

536 864 798 939 bere.Tu
821 864 1264 957 vero,ad—quem
1291 893 1423 935 mea
1447 874 1570 933 haec
1590 870 1775 932 oratio
1798 864 2181 939 convertitur,

535 964 808 1027 dicendis
842 974 1099 1027 mentem
1127 964 1383 1044 applica.
1412 961 1522 1035 Qui
1554 958 1840 1041 Spiritum
1873 975 1942 1018 ex
1972 972 2184 1016 essen-

536 1054 616 1115 tia
644 1054 835 1118 Patris
866 1064 925 1116 et
972 1054 1103 1117 Filii
1158 1052 1296 1114 fassi
1330 1059 1490 1131 sunt,
1518 1068 1637 1111 non
1667 1048 1738 1108 ad
1770 1064 1973 1107 eorum
2006 1061 2182 1103 unam

535 1143 933 1224 eamdemque
957 1142 1310 1221 simpliciter
1330 1139 1650 1202 essentiam
1680 1132 2186 1224 respicientes_,di-

533 1239 693 1293 ctum
708 1221 1266 1293 enuntiarunt.1‘uin
1282 1229 1439 1292 enim
1456 1228 1680 1289 nullum
1696 1221 2184 1285 essetabsurdum

534 1317 1060 1401 dicere,Spiritum
1082 1338 1150 1381 ex
1167 1338 1332 1381 suam
1357 1327 1416 1380 et
1437 1316 1623 1397 ipsius
1644 1312 1903 1375 essentia
1920 1310 2186 1401 esse,sed

535 1425 605 1469 ex
617 1411 785 1471 Patre
799 1398 1414 1489 perFiliumSpiritum
1430 1400 1921 1473 decernentes,ad
1941 1398 2185 1489 demon-

536 1487 841 1559 strandam
866 1500 1112 1560 exPatre
1125 1487 1374 1557 duorum
1390 1497 1598 1557 horum
1616 1500 1983 1553 causatorum
2008 1487 2184 1547 diﬂ‘e-

533 1592 765 1646 rentem
789 1585 1372 1666 progressionem.Et
1402 1583 1577 1662 hujus
1608 1581 1697 1643 rei
1723 1578 1862 1640 mihi
1885 1576 2183 1666 Nyssenus

535 1671 667 1734 sine
700 1662 820 1734 ulla
848 1662 1201 1753 exceptione
1234 1672 1399 1734 testis
1427 1680 1536 1733 est.
1565 1670 1708 1732 Cum
1739 1667 1813 1728 de
1831 1665 2018 1728 sancti
2040 1662 2179 1744 Spi-

531 1760 681 1823 ritus
703 1778 774 1825 ex
807 1764 981 1824 Patre
1013 1780 1118 1843 per
1146 1760 1361 1823 Filium
1387 1757 1881 1829 exsistentia,imo
1901 1754 2073 1846 etiam
2110 1772 2179 1815 ex
2202 1797 2241 1846 Β

533 1857 815 1929 utroque,
881 1842 1055 1913 nemo
1107 1857 1264 1912 esset
1316 1848 1417 1930 qui
1446 1847 1858 1911 contradicere
1883 1842 2176 1904 auderet:

530 1956 651 1999 non
683 1939 840 2021 apud
903 1958 1111 2002 omnes
1169 1938 1231 2000 in
1282 1938 1552 2001 confesso
1587 1945 1737 2011 erat,
1772 1953 1841 1996 ex
1870 1936 2047 2021 Patre
2078 1949 2183 2010 per

528 2020 769 2104 Filium,
803 2036 861 2091 et
909 2048 979 2090 ex
1020 2036 1271 2110 utroque
1316 2046 1470 2104 esse,
1507 2027 1667 2088 nulla
1688 2027 1767 2096 ',in
1802 2042 1868 2086 re
1898 2020 2177 2098 differre;

529 2134 708 2178 omne
738 2116 853 2179 sibi
882 2126 1185 2180 certamen
1243 2117 1631 2180 instituerant
1662 2118 1866 2179 Patres
1897 2112 2179 2174 adversus

531 2214 657 2270 eos,
691 2197 792 2278 qui
815 2195 1096 2277 Spiritum
1123 2207 1457 2260 creaturam
1485 2215 1619 2257 esse
1650 2192 2185 2272 contendebaitt,ut

529 2302 734 2347 eorum
749 2305 815 2347 os
827 2285 1730 2365 obstruereut,etblasphemiam
1750 2282 2181 2367 convellerent,

532 2391 604 2436 ex
637 2383 892 2455 utroque
923 2374 1428 2437 consubstantiale
1461 2383 1762 2435 causatum
1798 2371 2054 2452 Spiritus
2083 2374 2181 2434 in-

529 2461 734 2524 dicare
761 2465 1054 2541 volentes,
1089 2481 1157 2524 ex
1215 2463 1478 2525 essentia
1522 2462 1711 2524 Patris
1756 2469 1816 2521 et
1842 2461 1976 2523 Filii
2007 2461 2180 2523 dictis

532 2550 884 2629 theologicis
932 2552 1314 2614 addiderunt.
1376 2549 1449 2612 Et
1504 2548 1817 2612 considera
1850 2558 1909 2610 tu
1938 2549 2178 2611 interim

531 2639 831 2718 quomodo
863 2639 1004 2701 hinc
1062 2639 1475 2720 promissionis
1509 2647 1723 2699 nostra;
1748 2637 1882 2698 ﬁnis
1911 2638 2178 2717 irrepre-

528 2726 754 2789 hensus
781 2727 1069 2789 succedit.
1111 2730 1259 2790 Cum
1314 2727 1474 2788 enim
1525 2745 1594 2788 ex
1625 2728 1797 2790 Patre
1828 2744 1933 2806 per
1965 2727 2178 2789 Filium

529 2813 787 2898 Spiritus
807 2835 837 2877 s
857 2820 993 2879 incti
1032 2816 1436 2880 exsistentiam
1458 2824 1733 2878 astruens
1765 2816 1984 2877 dictum
2002 2815 2179 2879 diﬂ‘e-

527 2912 763 2966 rentem
793 2904 1050 2986 Spiritus
1073 2924 1314 2968 causam
1348 2906 1668 2988 exprimat:
1696 2905 1921 2966 dictum
1944 2923 2082 2966 vero
2106 2925 2180 2970 ex

527 2994 784 3088 essentia
806 2995 1000 3058 Patris
1020 2995 1225 3058 etFilii
1255 2995 1448 3076 ipsum
1474 3013 1607 3056 esse
1629 3012 1930 3076 asserens,
1957 2993 2180 3057 indicet
2197 3037 2238 3088 ο

2270 678 2353 736 διὰ
2387 667 2398 671 ⁷
2422 683 2484 737 τὸ
2538 678 2669 746 πρὸς
2725 677 2817 731 τὸν
2889 674 3093 751 Πατέρα
3134 671 3222 728 καὶ
3263 671 3357 727 τὸν
3402 671 3520 725 ι’ἱὸν
3546 670 3637 724 106
3668 667 3893 738 [Ινεύμα-

2268 791 2356 833 τος
2400 767 2680 844 ὁμοούσιον
2735 765 2823 819 καὶ
2892 763 3018 818 αὐτὸ
3078 758 3143 826 δὴ
3200 761 3262 814 τὸ
3304 764 3515 833 Πνεῦμα
3557 752 3895 833 προϐλητικὸν

2268 857 2411 912 εἶναι
2435 841 2528 913 καὶ
2584 850 2973 931 ἐκπορευτικόν.
3027 849 3100 904 Σὺ
3161 845 3216 902 δέ
3273 849 3301 902 ὁ
3344 848 3472 925 πρὸς
3529 846 3587 900 ὃν
3644 846 3671 899 ὁ
3752 841 3895 919 λόγος

2265 945 2403 1018 ἡμῖν
2431 957 2548 1007 τοῖς
2593 940 2899 1019 λεγομένοις
2953 936 3188 1016 πρόσεχέ
3245 958 3334 1012 μοι
3402 936 3493 991 τόν
3529 943 3667 992 νοῦν.
3735 934 3792 990 Οἱ
3842 932 3895 984 τὸ

2266 1038 2478 1107 Πνεῦμα
2519 1032 2580 1087 ἐκ
2627 1030 2725 1097 τῆς
2812 1028 2986 1088 οὐσίας
3039 1026 3242 1103 Πατρὸς
3285 1026 3372 1080 καὶ
3417 1026 3536 1079 Υἰοῦ
3593 1021 3733 1077 εἶναι
3783 1022 3894 1075 θεο-

2264 1119 2611 1199 λογήσαντες,
2672 1118 2794 1196 οὒχί
2850 1117 2981 1194 πρὸς
3050 1118 3111 1170 τὸ
3165 1113 3336 1171 αὐτῶν
3392 1111 3574 1174 ἁπλῶς
3632 1112 3895 1185 ὃμοοὺσιον

2265 1197 2563 1289 ἀφορῶντες
2621 1209 2731 1282 μην
2800 1204 2950 1283 ῥῆσιν
3022 1203 3218 1268 ταύτην
3261 1200 3621 1289 ἐθεολογησαν
3645 1221 3659 1234 ·
3719 1198 3757 1264 ἦ
3807 1197 3896 1274 γὰρ

2269 1286 2332 1350 ἂν
2376 1286 2531 1353 νοῦδὲν
2588 1293 2784 1352 ἄτοπον
2832 1293 2896 1360 ἦν
2937 1293 3026 1348 καὶ
3083 1290 3142 1347 ἐκ
3202 1288 3298 1356 τῆς
3344 1291 3526 1345 ἑαυτοῦ
3566 1286 3805 1365 λέγεσθαι
3842 1287 3897 1340 τὸ

2267 1384 2480 1459 Πνεῦμα
2510 1385 2710 1462 οὐσίας,
2756 1380 2874 1436 ἀλλ’
2934 1380 2994 1435 ἐκ
3044 1380 3247 1457 Πατρὸς
3318 1376 3385 1432 δι’
3443 1378 3561 1432 Υἶοῧ
3613 1377 3676 1431 τὸ
3724 1372 3896 1462 ,Πνεῷ

2267 1494 2341 1547 μα
2397 1460 2764 1549 θεολογοῦντες
2822 1470 2893 1532 εἰς
2951 1465 3182 1537 δήλωσιν
3230 1466 3328 1533 τῆς
3369 1464 3430 1520 ἐκ
3471 1466 3672 1543 Πατρὸς
3717 1460 3897 1541 διαφό·

2265 1581 2355 1641 ρου
2418 1559 2642 1640 προόδου
2696 1565 2802 1614 τὼν
2856 1555 2944 1613 δύο
3003 1556 3200 1611 τούτων
3244 1556 3488 1609 αἰτιατῶν
3524 1573 3538 1587 ’
3590 1552 3679 1608 καὶ
3709 1553 3737 1607 ὁ
3768 1552 3896 1607 Νύσ-

2264 1670 2364 1716 σης
2409 1650 2603 1728 μάρτυς
2666 1669 2756 1722 μοι
2799 1646 3233 1724 ἁπαρὰγραπτος.
3283 1642 3432 1699 Ἐπεὶ
3499 1642 3629 1720 πρὸς
3675 1641 3773 1716 μὲν
3811 1641 3902 1705 τὴν

2264 1737 2325 1793 ἐκ
2385 1740 2588 1815 Πατρὸς
2645 1735 2711 1792 δι’
2784 1735 2906 1792 Υἰοῦ
2991 1732 3206 1812 ὕπαρξιν
3298 1739 3389 1788 106
3462 1730 3764 1806 Πνεύματος
3817 1735 3903 1785 106

2262 1827 2411 1905 ἁγίου
2440 1825 2620 1882 οὐδένα
2677 1825 2838 1904 εἶχον
2894 1825 2983 1879 τὸν
3041 1821 3401 1900 ἀντιλέγοντα,
3461 1817 3578 1875 ἁλλ’
3612 1817 3731 1875 οὐδὲ
3780 1817 3900 1896 πρός

2262 1915 2322 1970 τό
2365 1912 2417 1979 ἐξ
2460 1912 2658 1993 ἀμφοῖν
2694 1931 2708 1945 ⁸
2743 1918 2930 1975 κοινῶς
2990 1912 3089 1989 γὰρ
3142 1909 3336 1965 ἅπασιν
3385 1906 3705 1984 ὡμολόγητο
3735 1906 3794 1962 τό
3849 1906 3903 1961 ἐκ

2262 2003 2465 2082 Πατρός
2520 2000 2585 2057 δι’
2651 2002 2770 2056 Υἱού
2839 1996 3004 2074 μηδὲν
3061 1997 3325 2077 διαφέρειν
3384 1999 3477 2053 τοῦ
3546 1996 3597 2061 ἐξ
3641 1996 3840 2074 ἀμφοῖν
3886 2017 3897 2029 ·

2260 2092 2432 2147 πάντα
2474 2089 2528 2147 δὲ
2582 2092 2672 2146 τὸν
2730 2089 2911 2167 ἁγῶνα
2965 2089 3093 2166 πρὸς
3150 2088 3269 2149 τοὺς
3301 2087 3495 2160 κτίσμα
3550 2086 3610 2141 τό
3696 2091 3901 2159 Πνεῦμα

2266 2176 2418 2258 ἅγιον
2472 2178 2724 2258 λέγοντας
2808 2176 3078 2234 ἐποιοῦντο
3139 2176 3211 2238 εἰς
3269 2172 3651 2250 ἐπιστομισμόν
3738 2173 3900 2230 αὐτῶν

2266 2269 2353 2323 καὶ
2410 2268 2505 2336 τῆς
2576 2268 2774 2323 ἑαυτῶν
2843 2263 3180 2344 βλασφημίας
3239 2265 3498 2342 ἀναίρεσιν
3533 2284 3546 2296 '
3579 2265 3642 2320 τὸ
3716 2263 3768 2328 ἐξ
3798 2266 3901 2338 ἁμ-

2265 2368 2390 2434 φοτν
2449 2356 2724 2432 ὁμοούσιον
2823 2355 3052 2409 αἰτιατόν
3138 2353 3229 2409 τοῦ
3312 2359 3614 2428 Πνεὺματος
3671 2350 3901 2419 δηλῶσαι

2263 2443 2599 2521 βουλόμενοι,
2635 2444 2694 2499 τὸ
2751 2441 2814 2498 ἐκ
2866 2442 2962 2510 τῆς
3021 2446 3194 2506 οὐσίας
3237 2443 3439 2519 Πατρὸς
3467 2441 3552 2498 καὶ
3586 2442 3710 2498 Υίοῦ
3738 2463 3900 2520 προσ-

2261 2536 2526 2590 τεθείκασι
2584 2539 2653 2609 τῇ
2705 2530 2969 2609 θεολογίᾳ.
3035 2533 3132 2588 Καὶ
3180 2528 3364 2585 σκόπει
3408 2528 3592 2585 λοιπόν
3641 2531 3729 2604 σὺ,
3764 2528 3900 2592 ὅπως

2261 2621 2490 2679 ἐντεῦθεν
2563 2624 2622 2679 τό
2695 2623 2791 2691 τῆς
2851 2620 3166 2700 ἐπαγγελίας
3224 2622 3376 2695 ἡμῶν
3449 2617 3675 2675 ἐκϐαίνει
3748 2620 3902 2698 πέρας

2262 2711 2662 2786 ἀνεπιτίμητον.
2739 2708 2886 2767 Ἐπεὶ
2913 2732 3039 2788 ⁵γαρ
3086 2711 3121 2777 ἡ
3161 2707 3258 2785 μὲν
3301 2707 3362 2764 ἐκ
3410 2709 3611 2786 Πατρός
3671 2705 3744 2762 δι’
3792 2708 3903 2763 ι’ἱού

2261 2803 2360 2868 τὴν
2443 2807 2535 2856 τοῦ
2606 2800 2863 2877 παναγίου
2938 2798 3242 2873 Πνεύματος
3326 2796 3538 2875 ὕπαρξιν
3587 2796 3905 2876 θεολογοῦσα

2261 2884 2415 2964 ρἧις
2474 2888 2534 2943 τό
2587 2888 2716 2966 πρός
2772 2885 2861 2943 τόι
2907 2889 3026 2942 Υἱόν
3056 2884 3300 2965 διάφορον
3368 2894 3459 2942 106
3489 2887 3796 2961 Πνεύματος
3826 2885 3904 2939 αἰ-

2261 2996 2440 3033 τιατον
2505 2982 2734 3055 παριστᾷ
2765 2993 2783 3010 ⁸
2836 2977 2870 3043 ἡ
2915 2973 2968 3030 δὲ
3027 2975 3089 3030 ἐκ
3141 2975 3239 3043 τῆς
3298 2976 3471 3040 οὐσίας
3542 2975 3753 3053 Πατρός
3823 2973 3903 3029 καὶ

523 3082 846 3146 increatam
871 3094 929 3147 et
954 3063 1519 3147 consubstantialem
1547 3102 1616 3146 ex
1642 3100 1761 3165 quo
1783 3092 1841 3145 et
1874 3063 1978 3162 per
1998 3103 2175 3164 quem

2265 3068 2385 3124 l‘i06
2440 3067 2755 3145 θεολογοὺσα
2812 3067 2953 3122 εἶναι
3012 3066 3137 3122 αὐτό
3187 3063 3458 3135 δηλωτική
3514 3087 3592 3128 τις
3636 3064 3751 3120 ἐστὶ
3806 3064 3905 3120 τῶν

524 3173 1006 3254 progressionem
1063 3187 1243 3253 atque
1320 3174 1627 3254 efﬂuxum,
1660 3152 1887 3252 .plane'
1919 3152 2176 3253 perfecte

2262 3164 2353 3213 106
2386 3156 2644 3219 ἁκτίστως
2698 3156 2783 3211 καὶ
2852 3155 3143 3230 ὁμοουσίως
3200 3156 3278 3230 τῷ
3322 3175 3376 3209 τε
3419 3153 3472 3219 ἐξ
3508 3154 3569 3209 o6
3596 3157 3685 3209 καὶ
3742 3152 3810 3209 δι’
3850 3152 3905 3209 οὗ

523 3242 990 3351 demonstratur,
1024 3242 1354 3326 secundum
1395 3281 1588 3326 causa;
1612 3242 1935 3324 'rationem
1981 3262 2176 3325 simile

2260 3246 2490 3324 πρόεισι,
2565 3256 2808 3324 προϊέναι
2852 3244 2975 3300 αὑτό
3007 3260 3028 3281 ⁸
3090 3242 3303 3311 ἐντελὴς
3375 3247 3510 3317 ἡμῖν
3552 3250 3707 3299 τουτο
3768 3242 3904 3299 ἁπό-

2266 3332 2287 3351 N
2342 3333 2362 3351 Γ
2548 3342 2568 3351 υ
2727 3336 2734 3343 “
2856 3333 2866 3351 1
2988 3333 3013 3343 ’⁵
3142 3334 3155 3351 9
3198 3332 3211 3351 Ι
3331 3330 3350 3351 Χ
3377 3334 3390 3351 J
3574 3332 3587 3350 \
3794 3332 3807 3351 1

523 3349 748 3413 dictum
779 3370 814 3413 a
842 3330 1122 3415 Patribus
1163 3352 1381 3434 accipi,
1415 3370 1549 3413 cum
1582 3370 1722 3413 vero
1746 3350 1901 3413 alius
1931 3351 2176 3431 spiritus

2260 3332 2416 3399 δειξις
2481 3342 2572 3391 τοῦ
2615 3336 2753 3389 κατὰ
2807 3333 2898 3390 τόν
2953 3333 3049 3400 τῆς
3107 3332 3273 3396 αἰτίας
3330 3330 3492 3409 λόγον
3533 3332 3628 3399 τὴν
3656 3332 3903 3399 τοιαύτην

2267 3421 2316 3434 ιε-
2655 3422 2666 3434 ι
2724 3422 2734 3434 ι
2875 3420 2956 3434 ιχ·-
3005 3424 3026 3434 Α
3149 3410 3217 3434 τί-
3342 3419 3380 3434 κε
3457 3422 3469 3434 ι
3524 3422 3538 3434 ι
3654 3421 3666 3434 ι
3807 3427 3827 3434 ..

525 3456 636 3520 per
663 3438 951 3519 Spiritum
1013 3460 1085 3502 ex
1142 3443 1319 3505 Patre
1352 3441 1636 3521 tradatur,
1675 3459 1791 3501 non
1819 3447 1930 3514 est,
1970 3458 2176 3502 rursus

521 3528 635 3591 hoc
664 3529 804 3590 item
854 3529 1029 3610 plane
1076 3531 1463 3611 absoluteque
1488 3530 1876 3599 demonstrat.
1908 3548 2026 3589 non
2063 3547 2170 3591 ne-

520 3617 780 3680 cessario
806 3618 1289 3700 consequi,quod
1316 3637 1448 3680 cum
1473 3617 1645 3679 Patre
1666 3628 1723 3679 et
1745 3616 1897 3678 Filio
1917 3615 2174 3698 Spiritus

519 3705 793 3786 ejusdem
819 3709 1095 3770 essentia:
1127 3716 1239 3779 est,
1272 3717 1339 3770 ut
1369 3706 1600 3768 videtur
1624 3706 1857 3787 Cyprio,
1894 3706 2169 3768 eumdem

516 3795 803 3877 Spiritum
839 3795 1211 3876 producendi
1240 3804 1299 3859 et
1338 3794 1662 3879 procedere
1691 3795 1950 3857 faciendi
1978 3795 2168 3857 facul-

519 3890 701 3948 tatem
729 3883 980 3948 habere.

595 4064 656 4127 5.
692 4062 811 4129 Sed
842 4063 1126 4146 procedat
1154 4063 1310 4127 ultra
1339 4061 1576 4137 ’oratio,
1610 4060 2167 4144 et‘reliquafquibus

519 4151 636 4216 sibi
665 4152 911 4237 Cyprius
970 4154 1337 4229 adversatur,
1372 4152 1623 4231 cogitata
1671 4153 1922 4216 refellat.
1953 4152 2017 4213 In
2049 4153 2165 4213 alio

508 4242 635 4324 jam
669 4243 888 4306 laudati
923 4244 1070 4308 tomi
1098 4244 1229 4306 loco
1261 4250 1398 4306 sunt
1457 4242 1582 4304 haec
1613 4242 1909 4323 ipsissima
1936 4241 2112 4302 verba
2146 4259 2160 4301 :

2257 3421 2414 3501 ρἦ.ν
2469 3435 2587 3486 τοῖς
2645 3422 2813 3500 ἁγίοις
2847 3420 3108 3501 εἰλῆφθαι.
3149 3410 3275 3479 εὈτι
3335 3419 3390 3476 δὲ
3420 3422 3543 3500 οὐχὶ
3586 3421 3671 3477 καὶ
3701 3427 3903 3496 πνεῦμα

2257 3511 2431 3591 ἕτερον
2488 3509 2573 3567 διὰ
2642 3513 2735 3567 106
2802 3513 3105 3585 Πνεύματος
3160 3511 3220 3566 εκ
3293 3511 3495 3586 Πατρός
3564 3522 3682 3573 τοῖς
3742 3510 3905 3587 ἁγίοις

2258 3598 2602 3677 ἐθεολογήθη,
2663 3595 2907 3666 ἀνενδεὴς
2939 3598 3097 3654 πάλιν
3140 3605 3292 3655 τοῦτο
3337 3597 3598 3663 ἀπόδειξις
3653 3606 3735 3674 τῷ
3790 3621 3903 3675 μη-

2256 3687 2437 3764 δεμίαν
2495 3702 2636 3743 εἶναι
2692 3688 2929 3766 ἀνάγκην
2982 3688 3066 3742 διὰ
3113 3689 3174 3743 τὸ
3230 3688 3358 3767 πρός
3416 3689 3507 3743 τόν
3559 3690 3767 3764 Πατέρα
3822 3690 3906 3744 καὶ

2254 3779 2345 3834 τόν
2405 3779 2523 3834 Υἱόν
2584 3783 2677 3833 106
2732 3778 3036 3852 Πνεύματος
3102 3778 3403 3851 ὁμοούσιον,
3456 3779 3630 3841 καθὼς
3691 3778 3905 3857 Κύπρίῳ

2251 3864 2422 3947 δοκεῖ,
2478 3868 2566 3922 καὶ
2623 3865 2748 3924 αὐτό
2801 3863 2866 3932 δὴ
2941 3865 3002 3920 τό
3081 3871 3294 3943 Πνευμα
3350 3864 3708 3946 προϐλητικόν
3766 3870 3903 3922 εἶναι

2249 3958 2336 4013 καὶ
2379 3956 2769 4036 ἐκπορευτικόν,

2328 4036 2395 4104 ε’.
2436 4037 2493 4103 “Ο
2525 4045 2580 4101 δὲ
2608 4043 2767 4123 λόγος
2825 4041 3154 4123 προϐαινέτω
3217 4068 3305 4122 μοι
3373 4047 3574 4125 πρόσω,
3650 4049 3741 4104 καὶ
3814 4048 3901 4110 τὰς

2247 4133 2438 4198 λοιπὰς
2506 4138 2612 4189 τῶν
2655 4131 2923 4213 διανοιῶν,
2978 4132 3093 4190 καθ’
3133 4134 3194 4198 ἃς
3252 4133 3408 4200 αὐτός
3466 4135 3637 4210 ἑαυτῴ
3673 4136 3898 4215 Κύπριος

2246 4225 2546 4301 περιπίπτει
2603 4220 2869 4302 ἐλέγχων.
2920 4223 3009 4279 Ἐν
3080 4221 3239 4300 ἐτερῳ
3278 4224 3342 4280 αὖ
3385 4224 3530 4304 μέρει
3586 4228 3753 4299 τόμου
3813 4229 3900 4280 τοῦ

521 4309 700 4405 ἱραί
730 4342 976 4415 propter
1032 4334 1303 4397 eamdem
1351 4331 1544 4393 Patris
1594 4309 1652 4393 et
1682 4332 1817 4395 Filii
1844 4330 2163 4393 essentiam

2258 4312 2523 4391 εἰρημένου
2578 4313 2607 4367 ὁ
2638 4312 2735 4387 μὲν
2797 4309 2963 4374 οὕτως
3007 4310 3093 4367 ἐπί
3153 4310 3345 4378 λέξεων
3401 4312 3549 4391 λέγει
3582 4329 3595 4343 ⁸
3636 4337 3660 4368 α
3699 4315 3802 4370 Διὰ
3839 4314 3897 4369 τό

516 4417 772 4503 Spiritus
822 4422 1041 4485 dicitur
1086 4442 1157 4486 ex
1177 4420 1454 4500 essentia,
1468 4420 1677 4497 Patris,
1714 4421 1811 4502 pie
1840 4438 2080 4503 quoque
2107 4429 2167 4481 et

516 4528 587 4573 ex
643 4512 903 4575 essentia
955 4511 1093 4575 Filii
1153 4513 1504 4575 diceretur:
1543 4529 1745 4572 verum
1795 4529 1864 4572 ex
1895 4509 2162 4587 ejusdem

511 4598 1078 4683 bypostasi,quando
1094 4620 1163 4664 ex
1187 4600 1578 4677 essentia;est,
1602 4617 1870 4681 quamam
1906 4615 2160 4678 unquam

512 4687 664 4752 ratio
684 4690 957 4753 astruet?
980 4712 1009 4752 ›
1037 4689 1158 4753 Nos
1186 4690 1301 4772 ipsi
1330 4708 1566 4752 rursum
1605 4697 1913 4769 postquam
1937 4690 2161 4751 docue-

512 4776 728 4854 rimus,
762 4778 1268 4861 sapientissimum
1297 4779 1456 4840 hunc
1487 4795 1686 4839 crasse
1715 4777 2033 4838 admodum
2065 4787 2161 4841 at-

513 4884 631 4948 que
658 4866 900 4931 indocte
922 4867 1281 4949 sibimetipsi
1301 4865 1595 4928 contraria
1616 4865 2157 4940 eﬂ’utiremecessa-

513 4954 607 5016 rio
635 4954 778 5019 inde
805 4956 985 5018 aliam
1014 4975 1221 5019 novam
1252 4955 1617 5036 impietatem
1647 4953 1867 5016 exoriri
1890 4974 2163 5037 compro-

513 5041 811 5105 babimus.
845 5043 973 5107 Sibi
1003 5045 1201 5128 itaque
1228 5043 1345 5125 ipsi
1370 5042 1668 5106 contraria
1698 5042 1904 5117 refert,
1931 5044 2070 5104 dum
2102 5044 2164 5105 in

515 5130 729 5194 eodem
758 5131 887 5213 ipso
918 5140 1078 5195 tomo
1123 5133 1334 5197 scribit
1367 5149 1382 5195 :
1424 5153 1449 5190 ι
1486 5132 1913 5193 Verumtamen
1938 5150 1974 5193 a
1995 5132 2166 5195 nobis

514 5218 804 5302 perfecta,
837 5221 1088 5301 integra,
1121 5240 1319 5304 neque
1347 5220 1526 5283 ullius
1554 5219 1756 5299 indiga
1809 5221 1998 5283 Patris
2053 5222 2164 5304 hy-

515 5307 770 5390 postasis
796 5317 1127 5390 reputatur,
1161 5329 1295 5373 cum
1329 5327 1437 5391 per
1465 5327 1531 5372 se
1579 5309 1770 5390 ipsam
1803 5310 2061 5372 essentia
2090 5311 2167 5373 sit

516 5397 813 5469 vivens,et
834 5412 1110 5463 actuosa:
1138 5398 1405 5481 perfecta
1444 5398 1604 5461 enim
1626 5397 1760 5460 Filii
1797 5397 1858 5459 in
1890 5398 2167 5462 omnibus

513 5484 715 5569 plena,
726 5484 1072 5568 nulliusque
1091 5487 1463 5566 indiga,cum
1486 5505 1596 5568 per
1612 5505 1677 5549 se
1700 5487 1885 5568 ipsam
1911 5494 2168 5551 essentia

514 5574 593 5637 sit
621 5575 822 5638 vivens
850 5584 909 5638 et
929 5588 1231 5639 actuosa.»
1257 5576 1331 5638 Et
1358 5576 1574 5638 iterum
1615 5576 1760 5638 alibi
1782 5577 1908 5639 haec
1936 5576 2114 5639 habet
2143 5594 2161 5641 :

519 5661 673 5729 «Nos
693 5663 1015 5731 essentiam
1038 5664 1369 5748 hypostasis
1398 5681 1613 5730 carnea
1652 5683 1980 5749 crassaque
2006 5666 2159 5729 divi-

2245 4402 2433 4459 ταυτόν
2487 4400 2584 4468 τῆς
2643 4400 2819 4463 οὐσίας
2897 4402 3101 4478 Πατρός
3160 4403 3247 4456 καὶ
3309 4404 3429 4458 Υἱοῠ
3499 4402 3791 4480 λεγόμενον
3840 4401 3898 4457 τό

2247 4498 2459 4565 Πνεῦμα
2514 4489 2575 4545 ἐκ
2630 4489 2726 4556 τῆς
2784 4493 2876 4545 τοῦ
2931 4491 3133 4568 Πατρός
3176 4493 3351 4552 οὐσίας
3411 4489 3592 4569 ρηθειη
3636 4490 3698 4547 ἂν
3746 4495 3894 4549 εὐσε-

2246 4578 2352 4645 ϐῶς
2408 4581 2495 4636 καὶ
2538 4579 2599 4635 ἐκ
2637 4578 2733 4645 τῆς
2775 4585 2867 4634 τοῦ
2922 4582 3040 4635 Υἱου
3073 4593 3089 4608 ⁸
3136 4577 3196 4633 ἐκ
3224 4577 3279 4635 δὲ
3309 4580 3404 4648 τῆς
3438 4581 3781 4642 ὑποστάσεως
3816 4580 3900 4635 αὒ-

2244 4677 2356 4745 106,
2414 4665 2600 4735 ἐπειδὴ
2628 4668 2689 4722 ἐκ
2718 4668 2814 4736 τῆς
2851 4667 3049 4747 οὐσίας,
3110 4674 3224 4732 πῶς
3282 4668 3343 4724 ἂν
3385 4668 3542 4746 λόγος
3608 4671 3739 4726 ποτε
3788 4691 3896 4724 πα-

2243 4760 2551 4839 ραστήσειεν
2581 4777 2597 4837 ;
2634 4780 2661 4811 ιι
2729 4747 2920 4833 Ἡμεῖς
2951 4756 3005 4812 δὲ
3050 4756 3210 4813 πάλιν
3241 4760 3495 4837 πρότερόν
3526 4780 3585 4814 σε
3646 4756 3893 4816 ἀναδιδά-

2243 4847 2447 4925 ξαντες,
2522 4845 2667 4909 ὅπως
2731 4850 2828 4902 καν
2874 4846 3081 4910 τούτοις
3130 4847 3283 4910 αὐτός
3342 4849 3514 4925 ἑαυτῲ
3568 4849 3811 4919 ἀνοήτως
3871 4848 3897 4901 ὁ

2243 4951 2549 5016 σοφώτατος
2625 4935 2949 5016 περιπίπτει,
3024 4935 3212 5016 ἑφεξῆς
3285 4936 3463 5015 ὥσπερ
3544 4936 3595 5004 ἐξ
3665 4935 3894 5015 ἁνὰγκῆς

2246 5024 2539 5083 ἀνακύπτον
2634 5024 2867 5081 ἐντεῦθεν
2956 5025 3129 5102 ἕτερόν
3225 5048 3276 5082 τι
3332 5028 3742 5107 παραστήσομαί
3815 5047 3892 5081 σοι

2246 5113 2512 5191 ἀσέϐημα.
2569 5114 2874 5194 Περιπίπτει
2935 5114 3031 5190 μέν
3087 5115 3175 5171 οὖν
3235 5118 3389 5180 αὐτὸς
3462 5118 3654 5190 ἑαυτῷ,
3708 5118 3763 5171 ἓν
3809 5115 3894 5177 οἶς

2246 5214 2337 5264 τοῦ
2389 5207 2544 5265 αὑτοῦ
2586 5206 2751 5280 τόμου
2793 5207 2917 5283 φησί
2964 5205 3172 5284 μέρεσιν
3224 5223 3240 5240 ⁶
3297 5228 3324 5259 α
3356 5202 3502 5262 Ἀλλ’
3531 5206 3670 5282 ἡμῖν
3702 5225 3761 5284 γε
3806 5226 3889 5261 τε·

2246 5299 2384 5368 λεία,
2442 5294 2677 5374 πλήρης,
2737 5296 2824 5350 καὶ
2874 5293 3117 5362 ἀνενδεὴς
3168 5297 3202 5363 ἡ
3249 5301 3344 5351 106
3398 5297 3601 5373 Πατρὸς
3653 5290 3891 5351 ὑπόστα-

2246 5412 2351 5464 σις,
2384 5386 2495 5444 καθ’
2544 5387 2734 5454 ἑαυτὴν
2788 5385 2933 5442 οὐσία
2976 5387 3102 5439 οὖσα
3153 5392 3298 5457 ζῶσα
3362 5386 3450 5440 καὶ
3508 5384 3739 5464 ἐνεργός³
3801 5404 3892 5439 τε-

2246 5479 2361 5537 λεία
2430 5480 2517 5536 καὶ
2572 5480 2607 5547 ἡ
2675 5483 2766 5534 τοῦ
2826 5478 2947 5536 Υἱοῦ
2976 5476 3112 5531 κατὰ
3136 5477 3329 5552 πάντα,
3362 5475 3600 5558 πλήρης,
3632 5477 3718 5532 καὶ
3747 5475 3893 5530 ἁνεν-

2244 5568 2390 5652 δεὴς,
2462 5565 2578 5627 καθ’
2626 5568 2814 5635 ἑαυτὴν
2857 5566 3006 5623 οὒσία
3042 5567 3169 5621 οὖσα
3214 5572 3359 5637 ζῶσα
3414 5568 3502 5622 καὶ
3573 5564 3805 5645 ἐνεργός.
3857 5585 3883 5618 ι

2247 5662 2343 5721 Καὶ
2400 5656 2557 5717 πάλιν
2583 5656 2638 5714 ἐν
2693 5657 2780 5723 οἷς
2829 5654 2965 5714 οὕτω
2993 5653 3135 5734 λέγει
3169 5669 3183 5686 ·
3228 5678 3256 5710 α
3304 5656 3411 5714 Οὔκ
3451 5654 3627 5713 οὐσίαν
3655 5654 3890 5713 ὑποστά-
