4150 6292
512 275 627 343 3η
1666 273 1935 338 JOANN.
1984 266 2201 333 VECCI
2245 267 2357 331 op.
2404 269 2915 335 PATRIARGHE
3784 269 3907 336 348

510 420 782 483 eamdem
794 419 1111 483 essentiam
1126 416 1255 478 sine
1265 416 1385 478 ullo
1403 414 1749 478 discrimine
1778 414 2142 494 possideant:

2232 416 2318 470 καὶ
2362 416 2483 495 οὖχὶ
2526 419 2611 472 καὶ
2643 419 2797 489 αὐτὰ,
2843 420 2932 476 καὶ
2987 417 3237 490 ἀλλήλων
3268 418 3415 475 αῗτία
3468 419 3559 476 καὶ
3614 425 3708 476 τοῦ
3764 424 3891 475 Πα-

514 509 1169 590 secundum,quomodo
1192 502 2145 587 supersubstantialisfecunditati:

2246 509 2365 585 τρὸς
2396 511 2455 565 τὸ
2485 509 2538 565 ἔν
2578 510 2987 590 ἐπαραλλάκτως
3046 514 3184 570 κατά
3225 513 3322 579 τὴν
3380 514 3558 569 οὖσίαν
3616 511 3852 592 ἔχοντας
3891 532 3909 591 ς

510 598 1186 673 mauil'eSIatiosistelur,
1221 604 1280 659 et
1334 592 1592 655 essentia
1629 592 1959 654 fecunditas
1990 593 2145 652 attri-

2246 594 2479 676 δεύτερον
2509 596 2562 652 δὲ
2606 600 2719 662 πῶς
2784 602 2856 664 εἷς
2914 599 3111 680 Τρϊάδα
3167 603 3201 669 ἡ
3262 602 3358 668 τῆς
3400 601 3705 678 ὑπερουσίου
3749 623 3912 677 γονι-

511 684 768 748 buitur?
806 712 832 742 ιι
861 687 1087 749 Ειιιέεο
1120 686 1220 747 ille
1276 692 1334 746 et
1391 682 1571 742 multa
1618 681 1738 769 alia
1793 682 1888 741 his
1945 680 2145 743 simili:

2246 683 2476 758 μότητυς
2536 685 2750 767 ἔκφαδις
2795 692 3071 769 στήσεται,
3131 688 3286 766 εἴπερ
3346 689 3441 756 τῆς
3487 688 3667 751 οὗσίας
3698 687 3813 745 ἐστὶ
3844 689 3913 743 τὰ

2244 773 2503 853 γόνιμον;
2544 796 2567 831 ι)
2643 786 2815 835 Ταῦτα
2865 779 2953 834 καὶ
3004 776 3176 837 πολλά
3218 779 3425 839 τούτοις
3482 776 3645 852 ὅμοια
3703 780 3733 833 ὁ
3793 777 3907 851 μά-

2244 883 2390 926 ταιος
2473 861 2720 942 ληρῳῶν,
2829 864 2917 921 ἅτε
2980 864 3044 934 δὴ
3128 867 3485 923 ἀνυπόστατον
3569 863 3909 922 ἐπισπεύδων

508 969 577 1012 ex
637 952 934 1033 hypostasi
983 952 1207 1032 absque
1266 948 1526 1012 essentia
1582 958 1719 1008 sunt
1778 956 2035 1021 causata,
2096 968 2145 1010 e:

2246 950 2508 1017 ἀπόδειξιν
2576 961 2667 1010 τοῦ
2734 952 2786 1020 ἐξ
2842 955 3080 1012 ἀνουσίου
3123 956 3458 1020 ὑποστάσεως
3518 952 3648 1010 ὅντα
3724 974 3910 1032 παρα-

505 1057 573 1101 ex
606 1048 846 1118 paterna
873 1041 1171 1122 hypostasi
1224 1058 1380 1111 esse,
1424 1037 1659 1117 qualem
1684 1035 1797 1097 sibi
1827 1036 2051 1098 foveam
2084 1038 2141 1097 f0

2258 1039 2445 1107 στῆσαι
2499 1046 2597 1110 τῆς
2667 1048 2927 1122 πατρικῆς
2980 1045 3044 1099 τὰ
3099 1044 3297 1100 ἐκεῖθεν
3380 1043 3610 1115 αἱτιατὰ,
3701 1046 3904 1099 ὁποῖον

505 1126 614 1202 dit,
645 1128 788 1189 satis
817 1148 851 1191 a
878 1128 1051 1190 nobis
1081 1128 1557 1189 demonStratum
1619 1133 1710 1186 est
1764 1124 1825 1185 in
1881 1126 2145 1188 omnibus

2247 1129 2346 1202 μὲν
2411 1128 2647 1197 ἀσεϐείας
2705 1134 2873 1207 ἑαυτῷ
2932 1131 3141 1212 διώρυξε
3236 1135 3418 1212 βόθρον
3497 1135 3696 1195 ἱκανῶς
3769 1134 3910 1205 ἡμῖν

506 1226 838 1277 nostrarum
871 1217 1264 1297 scriptionum
1300 1214 1585 1295 partibus,
1647 1212 1706 1273 in
1755 1213 1971 1293 quibus
1998 1215 2145 1276 dicta

2239 1217 2530 1299 ἀπεδείχθη
2590 1221 2644 1276 ἐν
2695 1224 2911 1285 ὁπόσοις
2994 1228 3097 1277 τῶν
3194 1222 3463 1300 ἡμετέρων
3556 1219 3905 1296 κανεστρώθη

504 1303 724 1383 scripto
755 1305 965 1366 tradita
1000 1305 1247 1383 digesta,
1280 1310 1440 1378 sunt,
1486 1320 1628 1395 quae
1661 1302 1852 1364 Patris
1883 1321 2015 1362 cum
2049 1322 2145 1364 es-

2234 1309 2446 1395 γραφῶν
2475 1310 2673 1388 μέρεσι,
2709 1312 2774 1366 τὰ
2830 1308 3108 1380 προδήλως
3150 1317 3218 1387 τῇ
3263 1310 3480 1382 ἐνουσίῳ
3532 1318 3624 1368 τοῦ
3689 1309 3908 1386 Πατρὸς

507 1393 699 1453 sentia
729 1393 1026 1472 hypostasi
1058 1411 1294 1455 causam
1322 1390 1661 1452 ascribunt:
1690 1391 1849 1450 inter
1872 1410 2002 1470 quae
2034 1411 2145 1472 pra!

2237 1390 2518 1456 ὖποστασει
2573 1399 2634 1453 τὶ
2717 1398 2887 1454 αἶ’τιον
2957 1397 3292 1455 ἀπο-ιέαοντα
3350 1398 3565 1475 ῥήματα
3605 1398 3857 1476 γραφικα
3888 1409 3905 1426 ⁶

505 1479 636 1540 aliis
670 1480 869 1540 multis
903 1481 1311 1560 theologorum
1371 1478 1722 1540 testimoniis
1755 1480 2140 1558 prmclarissi-

2232 1494 2360 1550 ὅπου)
2388 1486 2517 1563 πρὸς
2573 1500 2689 1549 τοῖς
2733 1485 2912 1551 ἀλλοις
2969 1488 3073 1543 τῶν
3114 1485 3375 1565 θεολόγων
3432 1487 3515 1542 uti
3558 1485 3885 1546 Ἀθανάσιος

506 1585 637 1628 mus
665 1566 1028 1630 Athanasius
1071 1568 1617 1649 nuneuproprium)
1676 1568 1932 1647 appellat
1962 1568 2143 1631 fetum

2232 1570 2531 1643 ὁλαμπρὸς
2579 1574 2664 1630 νῦν
2696 1575 2793 1648 μὲν
2852 1597 2875 1631 α
2911 1574 3048 1632 ἴδιον
3086 1597 3109 1630 ιι
3173 1573 3443 1631 ἀποκαλεῖ
3499 1573 3754 1651 γέννημα
3808 1577 3911 1639 τῆς

506 1664 768 1736 paternae
797 1658 1068 1720 essentiae
1096 1658 1344 1720 Filium»
1381 1678 1397 1733 ;
1458 1675 1615 1717 nunc
1651 1680 1677 1711 ι
1712 1658 1901 1719 Patris
1934 1676 2145 1719 essen-

2232 1666 2323 1716 τοῦ
2381 1663 2584 1739 Πατρὸς
2658 1663 2834 1726 οὐσίας
2906 1665 2994 1718 τὸν
3080 1664 3223 1737 Υἱὸν,
3327 1664 3415 1716 νῦν
3512 1659 3567 1715 δὲ
3647 1660 3752 1726 την
3811 1667 3908 1718 τῶ

505 1746 647 1804 tiam
682 1745 1039 1826 principium
1073 1757 1130 1808 et
1160 1746 1518 1815 radicem,et
1546 1746 1763 1805 fontem
1794 1744 1955 1806 Filii»
1992 1765 2145 1807 com-

2238 1751 2439 1825 [ἰατρὸς
2478 1773 2501 1807 ιι
2566 1752 2741 1809 οὐσίαν
2860 1752 3036 1831 ἀρχὴν
3131 1753 3217 1809 καὶ
3313 1751 3452 1828 ῥίζαν
3549 1752 3637 1805 καὶ
3709 1750 3906 1827 πηγὴν

512 774 857 835 stultissime
879 775 1102 835 blatera
1114 791 1205 848 ns;
1230 783 1509 852 tanquam
1530 768 1632 850 qui
1648 768 2152 831 demonstratione

510 864 665 925 haud
690 863 1316 925 subsistentistudiose
1341 860 1591 940 probare
1644 857 1873 931 nititur,
1926 877 1997 919 ea
2027 878 2157 940 qua:

507 1832 715 1911 probat
747 1852 760 1896 :
796 1854 953 1896 nunc
987 1853 1001 1897 :
1041 1860 1067 1890 α
1104 1837 1311 1915 Neque
1354 1833 1511 1895 enim
1547 1842 1855 1895 externum
1889 1835 2028 1914 quid
2065 1844 2152 1896 est

505 1921 637 1983 Filii
669 1924 926 1985 essentia
955 1933 1383 2000 commentum,
1424 1950 1449 1980 ι›
1482 1923 1650 1997 dicit,
1694 1945 1716 1980 (ι
1754 1942 1946 2003 neque
1980 1943 2047 1985 ex
2078 1924 2153 1985 iis

503 2028 632 2090 quae
654 2030 768 2072 non
819 2022 959 2073 sunt
997 2013 1354 2081 introducta,
1409 2013 1511 2074 sed
1544 2031 1613 2073 ex
1673 2012 1863 2073 Patris
1895 2014 2152 2075 essentia

497 2107 625 2160 orta
660 2102 1282 2181 est,quemadmodum
1317 2100 1559 2162 luminis
1591 2100 2153 2183 splendor,etaquae

493 2205 717 2267 vapor:
759 2213 783 2245 «
823 2210 1038 2251 nunc.«
1062 2209 1297 2251 causam
1323 2208 1455 2253 esse
1475 2190 1585 2252 Dei
1636 2198 1900 2251 naturam
1934 2191 2149 2253 decer-

500 2275 587 2336 nit
622 2300 648 2331 α
684 2285 742 2337 et
774 2278 908 2340 Filii
936 2289 995 2340 et
1027 2277 1308 2359 Spiritus.

583 2364 618 2424 8
651 2363 1074 2428 Verumtamen
1107 2387 1286 2441 nunc,
1326 2374 1383 2427 et
1425 2372 1620 2444 antea,
1681 2372 1738 2426 et
1767 2365 1982 2426 iterum
2014 2386 2149 2428 cum

503 2453 1016 2515 ostenderimnsin
1031 2457 1158 2534 jam
1193 2453 1678 2534 positisCyprium
1709 2463 1910 2533 aperte
1935 2464 2149 2517 semet-

498 2538 696 2619 ipsum
748 2543 1130 2622 redarguere.
1190 2544 1489 2605 undenam
1524 2543 1841 2623 plerosque
1891 2543 2042 2604 alios
2075 2544 2148 2606 ab

502 2629 714 2690 eodem
749 2630 942 2710 decipi
965 2632 1231 2709 contigit.
1268 2631 1826 2693 demonstrabimus.
1862 2631 1987 2705 Quo
2017 2632 2148 2695 loco

502 2735 678 2790 porro
704 2716 965 2797 seipsum
998 2719 1348 2799 redarguit?
1404 2719 1519 2783 Uivi
1555 2721 1614 2780 in
1672 2721 1936 2782 secundo
1987 2729 2144 2783 tomo

501 2824 738 2867 suarum
768 2807 1124 2889 pericopeon
1149 2810 1356 2873 scribit
1382 2830 1395 2869 :
1427 2808 1668 2889 «Neque
1691 2809 1847 2870 enim
1872 2818 1962 2871 est
1985 2830 2143 2871 com-

502 2894 700 2956 munis
730 2898 986 2958 essentia
1041 2910 1101 2959 et
1128 2910 1337 2959 natura
1393 2899 1721 2978 hypnstasis
1774 2918 1972 2967 causa,
2005 2918 2141 2960 cum

2238 1838 2582 1916 ἀποφαίνεται
2635 1862 2658 1892 (ι
2718 1847 2808 1895 τοῦ
2862 1844 3003 1910 riui,
3042 1862 3069 1894 ι
3118 1841 3207 1896 καὶ
3265 1846 3350 1896 νῦν
3425 1838 3546 1913 μὲν,
3612 1859 3640 1891 α
3675 1838 3752 1895 Οὗ
3796 1838 3904 1916 γὰρ

2237 1924 2420 1990 ἔξωθέν
2459 1948 2541 1990 τις
2599 1926 2731 2007 ἐστὶ,
2770 1951 2790 1984 ι
2858 1927 3027 2006 λέγει,
3068 1951 3094 1982 (ι
3156 1929 3190 1995 ἡ
3235 1934 3327 1984 τοῦ
3385 1928 3504 1983 Υἱου
3559 1925 3907 2004 ἐφευρεθεῖσα

2235 2014 2403 2087 οὐσία,
2483 2014 2596 2071 οὖδὲ
2663 2016 2725 2071 ἐκ
2776 2016 2853 2090 μὴ
2911 2014 3077 2072 ὄντων
3136 2015 3461 2095 ἐπεισήχθη,
3521 2010 3640 2068 ἀλλ’
3696 2011 3761 2067 ἐκ
3795 2017 3905 2079 τῆς

2234 2124 2324 2158 του
2356 2105 2559 2182 Πατρὸς
2614 2106 2786 2169 οὖσῖας
2842 2104 2956 2184 ἔφυ,
3016 2107 3089 2167 ὡς
3153 2111 3243 2160 τοῦ
3297 2105 3473 2182 φωτὸς
3537 2103 3598 2157 τὸ
3639 2099 3900 2179 ἀπαύγα-

2236 2213 2343 2266 σμα
2372 2194 2460 2247 καὶ
2484 2195 2557 2256 ὡς
2611 2191 2793 2257 ὕδατος
2824 2193 2977 2269 ἀτμίς
3015 2212 3027 2222 ·
3068 2218 3090 2248 υ
3128 2195 3212 2249 νῦν
3242 2191 3320 2272 δὲ,
3372 2192 3510 2247 αἰτία
3558 2188 3694 2246 ἐστὶν
3725 2189 3763 2256 ἦ
3800 2198 3901 2248 τοῦ

2236 2286 2371 2361 Θεού
2410 2281 2581 2360 φύσις,
2613 2280 2855 2361 θεολογεῖ
2884 2283 2971 2338 καὶ
2998 2291 3087 2340 τοῦ
3116 2284 3239 2338 Υἱοῦ
3262 2285 3348 2338 καὶ
3375 2282 3467 2337 τοῦ
3494 2277 3835 2353 Πνεύματος.
3860 2301 3890 2333 ι

2310 2357 2390 2435 η’.
2425 2357 2497 2427 Τὸ
2532 2367 2593 2425 ¹δέ
2652 2391 2712 2447 γε
2768 2357 2935 2449 παρὸν
2965 2370 3218 2448 πρότερον
3262 2370 3348 2425 καὶ
3390 2367 3550 2425 πάλιν
3598 2363 3896 2422 ἀποδεδειέ

2233 2456 2391 2535 χότες
2419 2458 2606 2531 ἡμεῖς,
2643 2457 2789 2522 ὅπως
2820 2459 2914 2514 κάν
2956 2472 3073 2524 τοῖς
3103 2457 3205 2526 ἤδη
3261 2459 3498 2535 ῥηθεῖσιν
3540 2456 3710 2528 ἑαυτῷ
3769 2454 3891 2511 Κύ-

2232 2567 2382 2622 πριος
2441 2548 2600 2610 αὐτὸς
2643 2546 2868 2628 ἔλεγχος
2927 2546 3262 2628 ἀναφαίνεται
3307 2544 3517 2626 ἑφεξῆς,
3603 2544 3690 2599 καὶ
3744 2543 3894 2598 ὁπό-

2231 2637 2317 2690 θεν
2377 2636 2516 2709 αὖτῷ
2560 2638 2993 2716 παραλογίζεσθαι
3049 2640 3170 2700 τοὺς
3240 2634 3470 2698 πολλοὺς
3532 2633 3619 2690 ἐπὶ
3672 2632 3889 2696 τούτοις

2228 2723 2583 2801 προσγίνεται,
2619 2723 2975 2801 ὑποδείξομεν.
3038 2723 3288 2805 Ἐλέγχει
3345 2722 3391 2779 δ’
3446 2723 3652 2795 ἑαυτὸν,
3713 2730 3867 2798 ποῧ;

2232 2801 2414 2869 υΟπο·.›
2469 2818 2572 2869 τῶν
2626 2812 2679 2868 ἐν
2730 2814 2807 2889 τῷ
2876 2812 3098 2893 δευτέρῳ
3139 2814 3289 2888 τόμῳ
3343 2815 3642 2887 περικοπῶν
3718 2810 3882 2866 αὖτοῦ

2498 2923 2519 2956 α
2557 2901 2683 2959 Οὐδὲ
2752 2904 2851 2982 γαρ
2894 2906 3034 2959 ἐστιν
3063 2905 3097 2970 ἡ
3152 2901 3307 2969 κοινὴ
3364 2900 3508 2956 οὐσία
3564 2899 3651 2953 καὶ
3728 2898 3884 2976 φύσις

2226 2897 2368 2977 λέγει
2400 2916 2413 2930 ⁹

500 3005 611 3048 nec
637 2994 886 3061 generet
937 3006 1219 3069 unquam,
1276 3006 1468 3068 neque
1520 2987 1647 3066 ipsa
1678 2988 2011 3049 communis
2043 3007 2136 3049 es-

2232 2988 2591 3064 ὅποστᾶσεωςξ
2623 2992 2807 3067 :11th,“
2850 2994 2964 3047 Emi
3022 2989 3155 3066 μηδὲ
3218 2989 3501 3067 γεννητική
3558 3006 3711 3059 ποτε,
3758 2984 3879 3043 οὒδὲ

499 3075 689 3137 sentia
713 3084 848 3155 apta
880 3085 1014 3136 nata
1065 3085 1154 3138 est
1197 3076 1500 3138 individua
1537 3077 2014 3157 producere.Sed
2050 3096 2143 3138 es-

490 3164 690 3239 sentia
714 3162 1364 3245 cum'proprietatibus,
1390 3184 1520 3246 qua;
1566 3166 1737 3245 plane
1760 3166 1915 3226 dicto
1950 3166 2145 3245 magni

500 3252 946 3333 Maximiipsam
989 3263 1149 3316 notat
1180 3255 1563 3335 hypostasim,
1595 3257 1736 3335 quin
1765 3256 1890 3334 ipso
1912 3274 2146 3335 quoque

504 3360 717 3420 magno
753 3342 963 3404 Basilio
1017 3353 1343 3406 asserente.
1398 3344 1743 3417 deﬁniente,
1785 3344 2143 3422 hypostasim

501 3448 631 3490 esse
681 3448 811 3509 quae
831 3449 1146 3493 commune
1172 3442 1231 3494 et
1255 3432 1499 3493 minime
1537 3431 2052 3510 circumscriptum
2086 3432 2147 3493 in

500 3536 566 3579 re
584 3518 781 3598 aliqua
803 3536 909 3597 per
930 3531 1294 3599 apparentes
1316 3521 1709 3600 proprietates
1735 3529 2136 3597 repraesentat,

500 3606 1035 3669 ctcircumscribit.
1067 3633 1089 3664 ι
1116 3608 1268 3681 Quid
1306 3608 1561 3671 ais?Non
1593 3608 1829 3689 potuisti
1852 3610 2139 3689 apertius,

499 3694 731 3776 Cyprie,
767 3713 943 3776 quam
977 3695 1049 3757 ab
1081 3696 1206 3777 ipso
1237 3699 1445 3779 Cyprio
1477 3696 1779 3776 redargui,
1813 3697 1955 3757 dum
1986 3698 2142 3759 scri-

502 3784 593 3844 bis
624 3781 943 3864 l‘aterisque
968 3783 1157 3864 ipsam
1183 3787 1501 3847 essentiam
1526 3806 1659 3847 cum
1682 3785 2143 3866 proprietatibus

502 3871 859 3953 hypostasim
894 3872 1204 3949 denotare,
1239 3885 1297 3936 et
1327 3894 1670 3953 magnorum
1706 3874 1983 3936 Basiliiet
2017 3877 2141 3935 Ma-

502 3960 645 4021 ximi
700 3961 1055 4023 testimoniis
1084 3981 1316 4029 suasus.
1367 3964 1558 4025 libens
1591 3964 1912 4042 volensque
1962 3961 2146 4027 simili

499 4048 774 4110 essentite
802 4067 1039 4111 causam
1063 4052 1367 4113 attribuis?
1387 4051 1616 4113 Etenim
1642 4052 1691 4112 si
1718 4051 1903 4112 Patris
1933 4069 2147 4112 essen-

501 4136 636 4199 tiam
668 4155 801 4198 cum
836 4150 1082 4217 paterna
1132 4145 1489 4222 proprietate
1541 4142 1922 4202 exsistentem
1956 4140 2144 4219 ipsam

500 4225 769 4306 ejusdem
831 4227 1188 4306 hypostasim
1262 4250 1380 4291 non
1431 4230 1712 4299 afﬁrmas,
1793 4229 2000 4308 Cyprie
2062 4238 2141 4303 et,

2228 3074 2561 3154 προϐλητικιὶ
2593 3080 2725 3145 αὕτη
2757 3100 2817 3156 γε
2846 3082 2879 3147 ἡ
2938 3081 3090 3147 κοινή
3146 3079 3290 3135 οὐσία
3346 3077 3542 3156 πέφυκε
3596 3076 3703 3130 τῶν
3734 3073 3873 3130 ἀιό-

2229 3187 2345 3239 μων
2382 3184 2394 3197 ⁸
2431 3169 2465 3233 ἡ
2498 3165 2548 3222 δὲ
2599 3169 2716 3241 μετ’
2760 3166 3057 3242 ίῖιωμάτων
3109 3166 3281 3246 οὒσία,
3317 3165 3458 3233 ίῆτις
3516 3163 3696 3243 σαφῶς
3738 3158 3877 3218 κατᾶ

2227 3255 2317 3310 τόν
2376 3254 2542 3331 μέγαν
2613 3254 2850 3332 Μάξιμον
2921 3257 3083 3327 αότήν
3142 3254 3303 3322 δηλοῖ
3360 3254 3460 3321 τήν
3528 3252 3817 3310 ὖπόστασιν
3853 3265 3866 3280 ⁸

2227 3342 2364 3399 ἀλλά
2402 3346 2489 3399 καὶ
2518 3344 2635 3401 κατ’
2669 3348 2821 3401 αὒτὸν
2864 3343 2929 3414 δὴ
2971 3348 3060 3402 τὸν
3118 3344 3285 3422 μέγαν
3315 3340 3583 3400 Βασίλειον
3617 3358 3634 3375 ⁶
3680 3338 3874 3397 κάκεῖ-

2229 3454 2317 3495 νος
2347 3433 2445 3510 γὰρ
2502 3434 2791 3489 ὺπόστ-ισιν
2852 3436 3073 3514 ὁρίζεται
3134 3433 3275 3489 εἶναι
3319 3432 3418 3499 τὴν
3472 3432 3534 3486 τὸ
3604 3428 3783 3486 κοινόν
3824 3448 3880 3483 τε

2226 3522 2313 3576 καὶ
2372 3521 2757 3601 ἀπερίγραπτον
2815 3522 2868 3578 ἐν
2925 3530 3002 3597 τῷ
3093 3544 3192 3578 τινι
3292 3521 3562 3600 πράγματι
3621 3515 3704 3574 διὰ
3774 3523 3881 3573 τῶν

2225 3609 2645 3688 Ηπιφαινομένων
2709 3609 3008 3681 ἰδιωμάτων
3063 3630 3400 3689 παριστωσαν
3481 3607 3569 3663 καὶ
3622 3605 3882 3684 περιγρά-

2224 3719 2442 3776 φουαν.
2475 3722 2501 3752 »
2537 3699 2596 3756 Τί
2637 3699 2739 3779 φῄς
2775 3719 2790 3779 ;
2827 3700 2913 3764 Τίς
2958 3699 3018 3756 ἄν
3075 3698 3302 3776 γένοιτο,
3362 3697 3578 3772 Κύπριε,
3625 3692 3875 3772 λαμπρό-

2227 3807 2374 3863 τερος
2430 3785 2654 3867 ἔλεγχος
2704 3787 2739 3856 ἢ
2791 3788 2944 3853 αὗςὸς
3010 3789 3256 3865 Κύπριος,
3318 3786 3372 3841 ἐν
3445 3788 3529 3850 οἷς
3587 3785 3686 3850 τὴν
3758 3785 3883 3857 μετ’

2227 3870 2530 3948 ἰδιωμάτων
2559 3877 2733 3932 οὗσίαν
2792 3878 2951 3944 αὒτὴν
3022 3875 3212 3944 δηλοῦν
3269 3873 3527 3951 ὁμολογεῖ
3582 3873 3679 3940 τὴν
3736 3870 3875 3926 ὑπό-

2233 3985 2415 4019 στασιν
2472 3962 2729 4038 Βασιλείῳ
2783 3967 2870 4022 καὶ
2941 3966 3161 4040 Μαξίμῷ
3213 3977 3332 4027 τοῖς
3381 3959 3633 4040 μεγάλοις
3688 3958 3876 4016 πειθό-

2230 4072 2414 4131 μενος,
2459 4053 2545 4108 καὶ
2617 4052 2888 4117 ἀσπασίως
2930 4060 2999 4131 τῇ
3052 4055 3269 4129 τοιαύτῃ
3326 4052 3473 4124 οὖσίᾳ
3549 4051 3611 4106 τὸ
3706 4047 3882 4106 αἴτιον

2229 4139 2510 4215 ἀπονέμων
2546 4160 2561 4212 ς
2611 4142 2667 4198 Εἰ
2698 4144 2797 4219 γαρ
2827 4144 2925 4208 τὴν
2956 4149 3046 4199 τυῦ
3090 4145 3294 4221 Πατρὸς
3353 4140 3530 4197 οὖσίαν
3585 4138 3720 4212 μετά
3792 4156 3889 4192 του

2229 4230 2484 4306 πατρικοῦ
2553 4230 2916 4309 τυγχάνουσαν
2974 4229 3257 4306 ἰδιώματος
3318 4229 3480 4294 αὖτὴν
3560 4226 3657 4293 τὴν
3729 4223 3888 4279 αὖτοῦ

499 4313 682 4376 simili
706 4316 981 4377 essentiaa
997 4336 1230 4380 causam
1252 4320 1536 4394 tribuere,
1576 4316 1981 4380 neminimum
2007 4316 2142 4398 qui-

2232 4317 2513 4372 ὒπόστασιν
2560 4317 2846 4394 ὁμολογεῖς
2901 4317 3113 4389 δηλοῦν,
3193 4319 3385 4394 Κύπριε
3440 4316 3527 4371 καὶ
3568 4319 3636 4389 τῇ
3664 4311 3888 4385 τοιαύτῃ

498 4404 635 4465 dem
665 4402 920 4477 dubitas,
956 4406 1197 4468 ubinam
1229 4416 1366 4469 sunt
1406 4407 1669 4487 ingentia
1700 4415 1797 4466 tua
1824 4404 1925 4466 illa
1955 4425 2142 4484 nuga-

503 4499 699 4554 menta
721 4497 749 4555 ?
768 4492 1008 4554 ubinam
1034 4495 1257 4576 absque
1282 4498 1402 4558 ullo
1420 4495 1767 4558 discrimine
1788 4493 1862 4555 ab
1887 4493 2146 4555 essentia

503 4580 691 4644 l‘atris
721 4598 958 4643 causam
989 4586 1363 4647 sustollentia
1410 4587 1666 4652 decreta.
1699 4594 1818 4659 aut,
1854 4591 1920 4645 ut
1950 4583 2143 4661 aptius

495 4670 713 4742 dicam,
770 4672 1232 4753 vaniloquentia.
1267 4684 1325 4736 et
1357 4676 1431 4736 de
1459 4676 1639 4737 rebus
1686 4673 1857 4735 nihiti
1887 4672 2145 4734 curiosa)

495 4759 952 4839 disceptationes
972 4770 1000 4825 ?
1026 4764 1284 4825 Videsne
1313 4784 1430 4845 quo
1460 4764 1744 4825 malorum
1769 4763 2016 4824 adactus
2052 4777 2138 4835 es,

497 4849 635 4909 dum
673 4865 877 4928 parum
929 4852 1305 4915 considerate
1353 4872 1453 4914 res
1478 4853 1838 4932 theologicas
1880 4846 2143 4911 tractas?

494 4937 786 4998 Praelvl‘ea
856 4964 880 4995 α
917 4959 1299 5006 communem
1354 4951 1646 5014 naturam,
1710 4952 1767 5001 et
1825 4939 2144 5001 essentiam

501 5024 721 5087 nullius
751 5025 1077 5107 hypostasis
1106 5050 1238 5093 esse
1290 5050 1527 5093 causam
1589 5028 1831 5100 asseris,
1865 5053 1890 5083 η
1931 5031 2006 5089 Αι
2037 5043 2145 5104 ego

498 5115 677 5177 talem
714 5118 1035 5179 essentiam
1067 5138 1183 5181 non
1218 5121 1278 5181 in
1310 5120 1430 5182 Deo
1482 5128 1731 5192 tantum,
1767 5117 1870 5177 sed
1904 5115 1964 5176 in
1995 5134 2140 5195 qua-

500 5223 755 5285 cumque
784 5205 900 5266 atia
930 5216 1204 5271 creatura
1227 5228 1469 5290 prorsus
1502 5206 1825 5280 inﬁcior,ni
1855 5205 2147 5286 quispiam

499 5293 892 5356 Aristotelicis
908 5295 1137 5375 placitis
1184 5317 1521 5378 persuasus,
1545 5298 1639 5359 cui
1669 5307 1724 5357 te
1750 5294 2014 5376 praebere
2047 5311 2147 5353 as-

499 5401 741 5445 sensum
762 5401 1070 5446 sermom-s
1090 5387 1173 5447 tui
1198 5387 1674 5469 comprobant,et
1694 5384 1984 5468 quamille
2008 5390 2145 5444 ante

501 5470 684 5532 multa
713 5474 1029 5535 essentiam
1074 5494 1444 5558 nuncupans,
1499 5480 1558 5538 in
1609 5478 1857 5539 deorum
1893 5489 2144 5535 numero

499 5562 770 5643 collocat,
803 5571 1256 5647 veneraturque,
1292 5568 1406 5629 tuis
1438 5565 1829 5650 pronuntiatis
1883 5563 2058 5643 plane
2087 5568 2146 5622 te

2228 4405 2375 4461 οὒσία
2444 4409 2504 4461 τὸ
2576 4404 2750 4463 αἴτιον
2804 4408 3085 4485 ἀπονέμειν
3162 4407 3422 4478 διστάζεις
3496 4402 3837 4462 οὒδοπωσοῦν
3870 4415 3882 4427 ·

2227 4504 2327 4553 ποῦ
2355 4498 2400 4550 οἱ
2431 4497 2621 4573 μακροὶ
2652 4495 2846 4554 ἐκεῖνοί
2901 4519 2994 4557 σου
3049 4497 3200 4577 λῆροι
3239 4516 3255 4571 ς
3296 4505 3406 4554 ’ποῦ
3465 4496 3520 4549 αἱ
3581 4491 3679 4559 τῆς
3739 4491 3892 4547 οἱασ-

2226 4591 2313 4640 οὖν
2383 4584 2662 4652 διαστολῆς
2717 4585 2843 4667 δίχα
2908 4590 3005 4657 τὴν
3065 4590 3242 4646 obs-{1v
3298 4596 3392 4644 τοῦ
3462 4583 3664 4661 Πατρὸς
3718 4580 3874 4658 ἀφαι-

2227 4680 2405 4759 ροῦσαι
2447 4675 2507 4728 τὸ
2561 4674 2732 4730 αἴτιον
2774 4675 3035 4755 θεολογίαι
3106 4698 3198 4734 σου
3248 4675 3283 4742 ἢ
3353 4668 3725 4748 ματαιολογίαι
3798 4685 3892 4721 σου

2224 4755 2288 4818 τὸ
2350 4761 2710 4843 κυριώτερονς
2776 4756 2928 4843 Ὀρᾷς
3000 4767 3058 4823 οἷ
3118 4767 3284 4822 κακοῧ
3337 4762 3620 4841 προήχθης
3689 4755 3884 4834 ἀπερι-

2232 4848 2473 4912 σκέπτως
2503 4849 2804 4933 θεολογῶν;
2860 4845 2990 4913 Ηιετι
3034 4854 3088 4910 δὲ
3132 4877 3159 4908 α
3192 4853 3286 4919 τὴν
3344 4848 3527 4915 κοινὴν
3585 4844 3768 4904 οὖσὶαν
3801 4864 3869 4898 κα

2230 4940 2382 5019 φύσιν
2454 4936 2715 5015 μηδεμιᾶς
2791 4945 3122 5005 ὅποστάσεως
3183 4945 3321 4997 εἶναι
3393 4935 3568 5015 λέγεις
3629 4934 3825 4993 αἰτίαν.
3864 4953 3886 4986 I

2230 5025 2375 5105 Ἐγὼ
2436 5026 2570 5103 μηδέ
2628 5032 2771 5089 εἶναι
2826 5034 2963 5098 ὃὶως
3022 5033 3268 5096 τοιαύτην
3329 5032 3531 5102 οὒσιαν,
3591 5026 3670 5100 μή
3706 5024 3789 5080 τοί
3830 5041 3895 5100 γε

2231 5116 2315 5173 ἐπὶ
2377 5124 2530 5198 Θεοῦ,
2576 5118 2695 5176 ἀλλ’
2758 5121 2865 5181 οὐδ’
2906 5122 2994 5179 ἐπὶ
3052 5119 3259 5184 οὐδενὸς
3324 5120 3429 5174 τῶν
3471 5120 3698 5173 κτιστῶν
3743 5114 3886 5169 ἀπο-

2230 5206 2501 5285 φαίνομαι,
2551 5208 2594 5263 εἰ
2650 5211 2728 5283 μή
2774 5212 2873 5268 πού
2914 5232 2994 5274 τις
3054 5204 3512 5288 Ἀριστοτελικοῖς
3570 5201 3894 5277 πειθόμενος

2230 5290 2508 5371 δόγμασιν,
2572 5298 2761 5354 ὁποῖον
2812 5300 2966 5356 αὐτόν
3023 5319 3082 5353 σε
3140 5297 3282 5352 εἶναι
3361 5292 3512 5370 λόγοι
3567 5295 3894 5369 παριστῶσιν

2230 5384 2276 5437 οἱ
2307 5383 2409 5459 σοὶ,
2442 5380 2508 5449 ἢν
2568 5386 2667 5463 πρὸ
2720 5394 2825 5443 τῶν
2882 5386 3094 5445 πολλῶν
3159 5384 3364 5445 ἐκεῖνος
3409 5381 3655 5454 ὀνομάζει
3707 5378 3885 5435 οὗσίαν

2228 5474 2495 5527 θεοποιεῖν
2552 5472 2717 5530 ἑθέκει
2773 5479 2859 5533 καὶ
2914 5474 3176 5552 σέϐεσθαι,
3234 5472 3481 5537 τοιαύτην
3557 5470 3619 5525 σὺ
3672 5468 3886 5527 πάντως

2230 5558 2282 5625 ἓξ
2311 5561 2384 5615 ὧν
2415 5557 2589 5638 λέγεις
2649 5562 2944 5642 πρεσϐεύων
3014 5562 3305 5642 ἀπελέγχει
3379 5561 3580 5619 οὒσίαν.
3639 5554 3784 5635 Ἐγὼ
3826 5552 3881 5610 δὲ
