4178 6286
259 373 372 441 357
1424 380 1520 444 ΑΒ
1561 379 1889 446 CONSTAI‘

1973 383 2169 445 INUM
2215 385 2360 446 LIB.
2411 382 2488 447 Ιῐ.
3522 380 3639 445 358

258 508 332 575 ειν
393 512 483 567 καὶ
552 512 745 591 τρόπον
814 512 988 593 λέγειν
1044 512 1336 592 ὑπάρξεως.
1402 534 1425 570 ι
1486 512 1654 593 Εἴπερ
1707 517 1743 583 ἡ
1801 515 1889 591 μὲν

1983 513 2345 576 exsistentiae
2369 516 2630 576 modum:
2654 513 2745 576 cSi
2762 514 3104 576 exsistentia
3126 512 3641 592 rem,essentiam-

258 598 564 676 πράγματός
636 599 743 656 ἐστι
814 604 900 658 καὶ
944 602 1120 666 οὒσίας
1184 604 1486 677 σημαντικὴ
1532 605 1564 671 ἡ
1608 602 1889 678 ὕπαρξις,ὶ

1991 621 2102 681 que
2128 602 2440 681 significat,
2476 603 2835 664 exsistentiae
2884 617 3078 664 autem
3113 600 3636 662 medusdiﬂ'eren-

258 684 311 742 δὲ
366 693 467 760 τῇς
550 687 816 767 ὑπάρξεως
870 692 1064 768 τρόπος
1123 687 1371 770 διαφορᾶς
1464 693 1563 757 τῆς
1632 693 1759 770 πρός
1856 713 1884 746 τ

1991 692 2291 771 ιὶδῐη,ι]ιιερ
2306 702 2579 770 respectu
2593 692 2836 753 alterius
2850 690 3190 753 exsistentia
3203 687 3637 760 consideratur,

256 773 430 853 ἕτερον
499 776 762 855 ὑπαρκτὸν
817 778 1181 857 θεωρουμένης
1238 777 1555 852 δηλωτικὸς,
1619 783 1678 836 οῦ
1726 779 1889 837 καλῶς

1991 778 2244 840 denotat.
2286 780 2437 840 male
2467 782 2705 859 quidem
2754 781 3075 855 asserebat,
3136 778 3270 840 Filii
3334 786 3395 839 et
3450 776 3639 839 Patiis

256 861 400 942 ἔλεγε
472 864 572 931 τὴν
645 865 768 922 Υἱοῦ
837 868 927 923 καὶ
985 870 1188 946 Πατρὸς
1260 867 1485 935 ἑνότητα
1538 868 1623 924 ἐπὶ
1678 873 1746 945 τῇ
1814 870 1889 925 τοὲ

1989 867 2277 927 unitatem
2316 872 2373 928 in
2407 866 2665 948 Spiritus
2688 887 2863 931 causa
2893 870 3194 948 colligere,
3229 865 3327 948 qui
3355 884 3482 927 eam
3507 865 3635 927 col-

257 952 556 1026 Πνεύματος
627 954 764 1027 αἰτίᾳ
805 955 1046 1034 συνάγειν
1114 957 1232 1021 τοὺς
1300 958 1496 1023 ταύτην
1555 958 1896 1035 συνάγοντας,

254 1039 355 1097 ἀπὸ
423 1049 518 1098 τοῦ
576 1044 698 1107 τοὺς
757 1044 991 1123 Πατέρας
1047 1046 1202 1121 ἡμῶν
1258 1046 1353 1112 τὴν
1436 1045 1495 1101 ὲκ
1566 1048 1771 1125 Πατρὸς
1830 1044 1894 1102 δι’

256 1129 372 1186 Υἱοῦ
428 1129 735 1212 ἐκπόρευσιν
800 1132 1117 1211 θεολογῆσαι
1161 1144 1254 1193 τοῦ
1296 1135 1622 1211 Πνεύματος,
1685 1137 1742 1192 Εἰ
1799 1136 1898 1214 γὰρ

255 1220 344 1275 οὔκ
400 1217 589 1282 αὒτατς
648 1235 856 1299 φωναῖς
940 1219 1177 1302 ὕπαρξιν,
1263 1220 1382 1278 ἀλλ’
1468 1222 1772 1302 ἐκπόρευσιν
1829 1222 1895 1279 δι’

257 1307 371 1361 Υἰοῦ
426 1308 474 1363 οἱ
531 1310 782 1388 Πατέρες,
829 1311 1118 1389 εἰρήκασιν,
1185 1310 1310 1391 ἔφη,
1366 1312 1557 1391 τρόπος
1614 1309 1669 1367 δὲ
1737 1313 1897 1387 ὑπάρ-

256 1392 399 1466 ξεως,
460 1394 712 1471 οὕμενουν
768 1398 980 1478 ὕπαρξίς
1038 1402 1073 1468 ἡ
1135 1400 1463 1481 ἐκπόρευσις,
1525 1404 1620 1458 οῦκ
1689 1399 1748 1458 ἄν
1805 1400 1897 1469 εἰή

253 1484 312 1571 τὸ
340 1483 418 1557 μὴ
487 1482 713 1571 βεϐαίως
771 1486 899 1561 μηδ’
972 1490 1273 1567 ὡρισμένως
1324 1490 1422 1557 τὴν
1479 1488 1692 1570 ὕπαρξιν
1749 1490 1899 1571 ἔχειν

254 1569 539 1648 ὶεγόμενον
578 1570 643 1629 δι’
677 1577 820 1649 Υἶοῦ,
854 1576 1029 1633 αἴτιον
1072 1580 1227 1636 αὐτὸν
1270 1578 1422 1660 ἕχον,
1486 1577 1555 1636 δι’
1591 1569 1672 1637 οὗ
1710 1569 1895 1637 θεολο-

253 1672 425 1738 γεῐται
502 1661 936 1742 ἐκπορευόμενον.
979 1688 1002 1722 ι
1064 1667 1239 1723 Ταῦτα
1296 1670 1391 1742 μὲν
1447 1670 1513 1725 τὰ
1568 1674 1666 1736 τῆς
1710 1674 1898 1736 καινῆς

251 1749 333 1803 ὶπὶ
372 1754 440 1824 τῇ
470 1749 533 1805 ἐκ
558 1753 761 1830 Πατρὸς
808 1750 874 1832 δι’
949 1757 1067 1811 Υἱοῦ
1123 1755 1424 1832 ἐκπορεύσει
1493 1764 1585 1813 τοῦ
1645 1759 1890 1833 Πνεύμα-

251 1857 335 1900 τος
417 1836 724 1917 ἐξηγήσεως
822 1843 1171 1915 συντείνοντα,
1244 1846 1315 1909 ὡς

1989 954 2249 1033 ligebant
2281 975 2349 1016 ex
2382 975 2475 1027 eo,
2512 958 2669 1037 quod
2715 957 2916 1019 Patres
2976 956 3160 1017 nostri
3193 974 3262 1016 ex
3326 956 3501 1017 Patre
3532 972 3639 1035 pcr

1984 1043 2460 1124 FiliumSpiritus
2477 1046 2927 1125 processionem
2948 1043 3467 1107 statuere.Etenim
3499 1043 3640 1105 licet

1982 1151 2098 1192 non
2134 1133 2345 1193 iisdem
2365 1133 2563 1195 verbis
2597 1135 3017 1196 exsistemtiam
3040 1134 3142 1196 sed
3196 1132 3633 1212 processionom

1982 1220 2542 1300 perFiliumPatrem
2561 1242 2859 1297 vocavere,
2873 1224 3081 1284 modus
3095 1220 3474 1294 exsistentiae,
3515 1238 3635 1280 non

1980 1309 2120 1369 item
2164 1310 2506 1371 exsistentia
2547 1313 2845 1390 processio
2862 1320 2973 1384 est,
3008 1311 3162 1386 quod
3184 1307 3637 1370 certedetermi-

1984 1406 2116 1459 nate
2133 1400 2457 1477 perFilium
2477 1399 2889 1461 exsistentiam
2916 1398 3136 1460 habere
3154 1397 3631 1470 dicitur,causam

1984 1486 2153 1547 illum
2187 1487 2277 1548 sui
2310 1488 2509 1564 habet,
2543 1506 2648 1567 per
2678 1507 2853 1568 quem
2891 1491 3218 1568 procedere
3261 1485 3568 1547 asseritur.
3600 1509 3626 1539 ιι

1983 1574 2118 1636 Haac
2143 1584 2279 1637 sunt
2303 1595 2467 1637 novae
2488 1578 2562 1637 de
2591 1578 2970 1656 processione
2994 1595 3058 1637 ex
3090 1578 3261 1638 Patre
3285 1591 3390 1654 per
3412 1573 3631 1634 Filium

1983 1662 2236 1744 Spiritus
2260 1665 2767 1744 interpretationis
2783 1672 3280 1745 commenta,qua3
3294 1662 3629 1742 conferunt,

1979 1761 2038 1811 nt
2089 1752 2398 1832 interpreti
2450 1752 2702 1827 videtur,
2755 1754 3260 1833 coadjuvanteque
3322 1752 3476 1829 illos,
3530 1751 3631 1832 qui

1412 1852 1487 1920 τῷ
1557 1844 1889 1924 ἐξηγουμένῳ

1977 1841 2260 1901 unionem
2322 1842 2508 1901 Patris
2567 1851 2621 1902 et
2674 1842 2808 1904 Filii
2859 1841 2915 1901 in
2973 1859 3147 1901 causa
3202 1840 3458 1919 Spiritus
3513 1859 3630 1901 non

251 1923 438 2001 ἐδόκει,
494 1941 614 1991 τοῖς
671 1930 767 1997 τὴν
838 1930 1060 1997 ἑνότητα
1121 1936 1326 1996 Παταὸς
1370 1937 1457 1990 καὶ
1527 1923 1674 1992 Υἱουγ
1704 1936 1788 1991 ἐπὶ
1824 1943 1889 2012 τῇ

1981 1929 2253 2010 probant.
2280 1928 2398 1989 Nos
2429 1949 2624 2008 porro,
2653 1929 2701 1989 si
2726 1949 2793 1991 ex
2818 1932 2988 1992 Patre
3015 1948 3119 2009 per
3144 1927 3356 1989 Filium
3395 1945 3627 2007 proces-

251 2015 381 2104 αἰτίᾳ
410 2017 490 2089 μὴ
522 2103 528 2104 7
560 2015 1009 2097 καταδεχομὲνοις
1055 2043 1145 2076 του
1202 2023 1528 2094 Πνεύματος,
1590 2015 1781 2098 Ἡμεῖς
1814 2022 1891 2104 δὲ,

249 2102 367 2179 εἴγε
388 2104 488 2171 τὴν
516 2103 578 2161 ἐκ
619 2111 822 2183 Πατρὸς
880 2105 947 2163 δι’
1021 2109 1140 2165 Υἱοῦ
1196 2108 1499 2189 ἐκπόρευσιν
1544 2109 1710 2186 μηδὲν
1767 2102 1895 2168 ἄλλο

248 2188 406 2277 ἢτην
435 2190 497 2248 ἐκ
541 2196 745 2273 Πατρὸς
787 2192 853 2251 δι’
908 2197 1030 2252 Υἱοῦ
1087 2195 1302 2277 ὕπαρξιν
1334 2188 1717 2273 σημαίνουσαν
1760 2201 1895 2256 ἁπο-

249 2275 498 2355 δείξομεν,
563 2285 624 2340 οὗ
678 2283 838 2358 μόνον
896 2284 1041 2344 οὐδὲν
1093 2275 1214 2351 τοὺς
1271 2288 1370 2355 τὴν
1413 2287 1635 2355 ἑνότητα
1693 2291 1895 2367 Πατρὸς

248 2367 330 2422 καὶ
388 2368 508 2425 Υἱοῦ
564 2369 648 2427 ἐπὶ
705 2378 775 2449 τῇ
834 2374 971 2447 αἰτίᾳ
1041 2376 1134 2432 τοῦ
1190 2377 1493 2452 Πνεύματος
1551 2377 1894 2455 ἀρνουμένους

250 2454 536 2514 ἀπόνασθαι
607 2460 703 2528 τῆς
748 2460 1049 2540 ἐξηγήσεως
1106 2464 1353 2539 ἐάσομεν,
1413 2465 1549 2522 ἀλλὰ
1590 2454 1677 2523 καὶ
1718 2466 1895 2542 βιαιο-

247 2542 608 2634 τέρανᾼαύτοῖς
665 2547 745 2605 ὅτι
803 2548 947 2624 μάλα
1015 2551 1112 2620 τὴν
1184 2551 1420 2631 ἆνὶγκην
1464 2553 1746 2634 ἐπάξομεν,
1782 2569 1896 2620 τοῖς

245 2633 338 2699 τὴν
401 2632 630 2702 ἑνότητα
683 2638 879 2705 ταύτην
949 2640 1268 2719 ὁμολογοῦσι
1341 2646 1651 2710 συντεθῆναι
1732 2632 1890 2720 ημῖν.

248 2722 303 2776 Εἰ
342 2722 439 2800 γὰρ
512 2723 660 2813 οῳὲν
728 2735 822 2786 τοῦ
885 2725 1031 2792 ἰδίοις
1101 2750 1311 2807 πτεροις
1356 2730 1622 2788 ἅλίσκεθαι
1666 2733 1891 2813 ἰσχυρό-

246 2830 409 2900 τερον,
470 2814 498 2867 ὁ
573 2809 657 2900 διὰ
714 2816 774 2870 τὸ
836 2818 912 2884 μὴ
963 2819 1083 2882 τ)ὺς
1144 2818 1380 2897 Πατέρας
1438 2821 1626 2884 αὐταῖς
1685 2809 1891 2900 φωναῖς

246 2897 484 2989 ὕπαρξιν,
561 2899 680 2957 ἀλλ’
750 2903 1053 2981 ἐκπόρευσιν
1141 2905 1208 2963 δι’
1280 2911 1399 2967 Υἱοῦ
1484 2897 1775 2989 τῖρηκένρι,
1834 2913 1894 2967 τὸ

248 2984 411 3044 αἴτιον
468 2990 708 3070 ἆφαιρῶν
775 2995 866 3049 τὸν
925 2998 1067 3076 Υἰὸν,
1137 2994 1298 3063 δῆλον
1368 3000 1440 3061 ὡς
1496 2984 1597 3066 την
1680 2984 1892 3076 ὕπαρξιν

247 3076 654 3167 ἀποδεικνύντων
698 3083 848 3157 ἡμῶν
903 3081 986 3139 διὰ
1044 3087 1186 3165 Υἱοῦ,
1244 3087 1493 3166 ἰσχυραῖς
1550 3100 1673 3154 ταῖς
1725 3088 1919 3167 ἀναγη

1978 2020 2206 2078 sionem
2243 2018 2385 2077 nihil
2418 2019 2535 2078 aliu
2563 2024 2771 2098 tquam
2806 2036 2872 2078 ex
2900 2020 3070 2079 Patre
3090 2034 3198 2097 per
3231 2016 3441 2077 Filium
3468 2016 3625 2076 exsi-

1978 2108 2253 2168 stentiam
2281 2106 2600 2185 significari
2621 2106 3210 2175 ostenderimus,non
3265 2107 3454 2165 solum
3481 2104 3630 2166 nihil

1980 2196 2251 2256 utilitatis
2321 2198 2429 2257 hac
2479 2196 2970 2275 interpretatione
3020 2195 3309 2255 accedere
3343 2194 3627 2253 unionem

1980 2284 2170 2345 Patris
2200 2292 2256 2345 et
2312 2284 2447 2345 Filii
2508 2284 2569 2345 in
2621 2303 2798 2346 causa
2855 2283 3114 2364 Spiritus
3169 2282 3629 2364 pernegantibus

1981 2374 2407 2452 permittemus,
2441 2375 2545 2435 sed
2573 2372 2888 2435 violentius
2918 2373 3079 2453 ipsos
3120 2389 3420 2449 cogemus,
3457 2371 3627 2431 nobis

1983 2465 2130 2520 hanc
2156 2461 2435 2523 unionem
2459 2462 2867 2524 asserentbus
2898 2480 3107 2522 manus
3137 2461 3301 2541 dare,
3330 2468 3388 2520 et
3416 2460 3477 2521 in
3514 2480 3623 2522 no-

1978 2557 2158 2610 stram
2193 2550 2284 2612 ire
2312 2550 2941 2614 seutentiam.Etenim
2966 2550 3015 2611 si
3047 2549 3194 2610 nihil
3226 2549 3477 2610 validtus
3509 2558 3621 2623 est,

1978 2655 2152 2717 quam
2186 2639 2443 2719 propriis
2469 2641 2601 2700 aliis
2623 2640 2774 2720 capi,
2803 2640 2927 2722 qui,
2960 2641 3115 2720 quod
3140 2642 3337 2699 Patres
3368 2657 3484 2698 non
3515 2638 3624 2700 iis-

1977 2728 2112 2787 dem
2163 2729 2407 2788 vocibus
2442 2729 2845 2790 eXsistentiam
2905 2730 3008 2789 sed
3044 2727 3487 2808 processionem
3519 2746 3626 2808 per

1975 2811 2190 2874 Filium
2223 2834 2591 2896 expressere,
2628 2835 2864 2877 causam
2894 2818 3087 2878 aufert
3138 2835 3172 2877 a
3219 2816 3391 2887 Filio.
3429 2816 3621 2876 mani-

1976 2903 2187 2963 festum
2222 2914 2517 2984 remanet,
2553 2905 2603 2965 si
2661 2924 2769 2965 nos
2801 2906 3210 2966 exsistentiam
3270 2922 3377 2983 per
3408 2904 3620 2966 Filium

1979 2992 2613 3068 demonstraverimus,
2677 2993 2867 3053 valida
2923 2992 3276 3053 necessitate
3324 3002 3616 3068 coactum,

1978 3098 2220 3159 prorsus
2269 3080 2328 3141 id
2359 3097 2805 3145 concesserum.
2867 3080 3011 3141 Cum
3066 3081 3194 3140 ﬁeri
3253 3081 3414 3140 nnllo
3448 3082 3622 3142 modo

246 3186 358 3233 καις
413 3165 572 3224 δώσει
646 3170 793 3233 αύτό,
855 3171 1006 3230 Ἐπεὶ
1037 3171 1163 3249 μηδ’
1208 3165 1336 3230 ἔστι
1375 3173 1588 3233 δυνατὸν
1651 3165 1889 3253 οὐδαμῶς

1980 3171 2162 3247 possit
2193 3178 2254 3230 ut
2279 3169 2379 3249 qui
2410 3169 2720 3249 negatione
2754 3168 3115 3231 exsistentize
3144 3187 3381 3229 causam
3402 3169 3615 3246 aufert,

245 3255 330 3309 τὸν
369 3262 435 3332 τῇ
462 3258 727 3339 ἀποφάσει
792 3260 889 3329 τῆς
946 3262 1210 3341 ὑπάρξεως
1258 3263 1573 3344 ἀφαιροῦντα
1627 3267 1686 3321 τὸ
1717 3266 1889 3322 αἴτιον

1976 3246 2094 3317 non
2125 3276 2254 3318 eam
2283 3246 2443 3319 illius
2471 3246 2867 3319 afﬁrmatione
2888 3257 3196 3332 concedat,
3230 3267 3291 3319 et
3321 3257 3620 3337 praecipue

245 3343 320 3417 μὴ
374 3355 528 3404 τοῦτο
588 3344 763 3407 δοῦναι
822 3355 891 3427 τῇ
959 3353 1268 3430 καταφάσει,
1343 3343 1431 3410 καὶ
1518 3352 1749 3429 μάλιστα
1803 3353 1889 3411 ὅτε

1975 3364 2107 3406 cum
2146 3346 2233 3407 illi
2263 3364 2421 3407 curre
2450 3355 2561 3421 est,
2596 3346 2751 3428 quod
2784 3354 2842 3407 et
2873 3344 3070 3419 nobis,
3104 3354 3162 3405 et
3212 3346 3490 3407 omnibus
3516 3347 3619 3427 qui

245 3431 399 3505 μέλον
428 3434 570 3491 ἐστὶν
614 3441 780 3518 αὐτῷ,
811 3437 938 3516 ὅπερ
969 3442 1054 3495 καὶ
1113 3463 1241 3498 πασι
1307 3456 1424 3507 τοῖς
1477 3442 1889 3518 ἐναντιουμένοις

1976 3434 2147 3494 nobis
2177 3436 2562 3497 adversantur
2594 3435 2893 3515 peculiare
2936 3451 3068 3496 esse
3098 3433 3252 3495 bene
3282 3439 3611 3512 cognoscis,

243 3520 580 3613 ﬁpTv-oicﬂa
607 3528 828 3605 προσὸν,
895 3526 1075 3606 λόγοις
1127 3533 1215 3586 καὶ
1269 3533 1481 3589 κανόσιν
1516 3531 1888 3613 ἐμφιλοσόφοις

243 3609 724 3691 πρῳδιολέγεσθαι.

320 3690 393 3775 γ’.
456 3690 609 3758 Ἀλλ’
668 3701 814 3768 ὅπως
859 3704 955 3780 μὲν
1010 3704 1187 3784 λόγοις
1244 3708 1500 3773 τοιούτοις
1560 3710 1649 3765 καὶ
1700 3710 1887 3770 κανόσι

241 3787 464 3845 τοιοῖσδε
509 3793 559 3847 οἱ
587 3791 947 3873 ἀντιλέγοντες
990 3794 1129 3871 ἡμῖν
1157 3798 1602 3878 προσανέχουσιν,
1635 3798 1707 3863 ὡς
1740 3799 1889 3876 ἀκρι-

242 3871 325 3939 ϐὲς
353 3875 529 3956 λέγειν
585 3883 649 3936 τὸ
705 3871 894 3961 παρὸν,
956 3882 1137 3940 ἑατέον
1197 3871 1327 3945 ἔστι.
1391 3871 1598 3966 Ἰἆραχίί
1636 3885 1690 3943 δὲ
1732 3871 1886 3945 τοῦτο

243 3967 396 4038 μόνον
481 3969 760 4055 εἰρηκότες
816 3972 1005 4052 ἡμεῖς,
1063 3974 1136 4035 ὡς
1221 3979 1365 4032 πᾶσα
1414 3976 1619 4039 τούτοις
1676 3977 1711 4045 ἡ
1771 3978 1885 4055 περὶ

240 4060 387 4110 τοῦτο
416 4053 646 4137 σπουδὴ,
691 4060 764 4120 ὡς
821 4057 882 4114 ἄν
936 4061 1164 4117 ἐντεῦθεν
1211 4063 1395 4143 χώραν
1466 4066 1513 4121 οἱ
1582 4053 1881 4144 παραλογι-

245 4145 383 4219 σμοὶ,
418 4145 507 4209 οἷς
553 4147 621 4202 τὰ
648 4146 822 4204 πολλὰ
849 4150 1130 4231 τεθήπασι,
1177 4166 1392 4232 σχοῖεν,
1437 4156 1499 4209 τὸ
1528 4159 1632 4210 πᾶν
1663 4164 1754 4213 τοῦ
1782 4153 1879 4211 λό-

243 4253 332 4321 γου
371 4237 500 4313 πρὸς
545 4234 811 4302 ἀπόδειξιν
842 4246 933 4294 τοῦ
977 4237 1142 4318 μηδεν
1184 4239 1313 4297 ἄλλο
1358 4240 1393 4310 ἣ
1435 4242 1530 4310 τὴν
1562 4242 1623 4297 ἐκ
1680 4245 1883 4321 Πατρὸς

242 4317 303 4374 δι’
341 4325 454 4379 Γὶου
521 4323 740 4403 ὕπαρξιν
798 4327 895 4394 τὴν
937 4325 997 4382 ἐκ
1067 4332 1273 4406 Πατρὸς
1329 4328 1395 4385 δι’
1443 4333 1563 4390 Υἱοῦ
1604 4317 1881 4407 σημαίνειν

243 4407 540 4489 ἐκπόρευσιν
586 4421 680 4470 τοῦ
748 4416 1050 4490 Πνεύματος
1108 4418 1394 4497 τρέψομεν,
1482 4420 1627 4483 ὅπως
1679 4421 1739 4476 ἅν
1782 4422 1884 4477 αὒ-

1970 3523 2299 3585 rationibus
2329 3532 2387 3585 et
2415 3524 2636 3603 regulis
2686 3521 3109 3604 philosophicis
3166 3523 3345 3585 verba
3394 3526 3613 3590 facere.

2048 3701 2107 3762 3.
2144 3700 2259 3764 Sed
2293 3701 2588 3782 quomodo
2612 3700 2905 3763 similibus
2953 3698 3283 3762 rationibus
3308 3709 3366 3763 et
3392 3703 3614 3782 regulis

1969 3792 2229 3852 animum
2247 3790 2688 3870 advertunt,qui
2711 3809 2817 3851 nos
2841 3808 3181 3871 oppugnare
3206 3790 3494 3872 nituntur,
3518 3811 3614 3854 ac-
3658 3820 3663 3825 ν

1970 3889 2171 3940 curate
2194 3881 2489 3959 dicere,in
2512 3880 2669 3941 aliud
2698 3889 2931 3959 tempus
2973 3880 3366 3940 differendum
3398 3882 3610 3943 viden-

1968 3976 2063 4029 tur
2096 3970 2233 4031 :ubi
2268 3971 2442 4030 breve
2473 3968 2583 4029 hoc
2616 3968 2777 4049 prius
2828 3968 3347 4044 notiﬁcaverimus,
3403 3988 3607 4031 eorum

1965 4058 2238 4119 universa
2269 4058 2462 4119 studia
2492 4060 2762 4132 tendere,
2808 4066 2870 4117 ut
2896 4058 3038 4119 inde
3091 4057 3286 4119 locum
3355 4058 3613 4122 habeant

1964 4146 2350 4227 deceptiones
2372 4149 2700 4227 etfraudes,
2721 4145 3033 4226 quibusitli
3062 4147 3133 4207 ad
3166 4159 3471 4227 stuporem
3495 4151 3608 4211 de-

1964 4235 2279 4312 leclantur,
2302 4236 2633 4297 orationem
2685 4239 3019 4295 universam
3068 4236 3140 4295 ad
3186 4236 3606 4299 demonstran-

1965 4325 2105 4386 dum
2136 4326 2283 4387 nihil
2314 4326 2796 4406 aliud-“denotare
2816 4343 2886 4384 ex
2906 4323 3074 4384 Patre
3106 4341 3210 4403 per
3233 4324 3445 4385 Filium
3476 4345 3607 4406 pro-

1967 4416 2325 4491 cessionem,
2360 4433 2534 4495 quam
2560 4433 2629 4474 ex
2654 4416 2827 4475 Patre
2859 4412 3176 4492 perFitium
3202 4412 3604 4476 exsistentiam

244 4512 360 4599 τοῖς
394 4499 576 4579 πολλῇ
635 4507 734 4569 τῆς
787 4501 936 4572 δικης
980 4507 1245 4581 περιουσίᾳ
1272 4586 1281 4599 Ι
1312 4509 1410 4575 τὴν
1465 4510 1745 4587 εἰρημένην
1788 4511 1883 4580 τῆς

1973 4501 2248 4582 Spiritus,
2284 4511 2717 4576 convertemus,
2781 4511 2844 4562 ut
2874 4502 3043 4581 ipsis,
3078 4502 3256 4561 multo
3308 4501 3367 4562 in
3424 4502 3606 4563 simili

246 4586 525 4675 ᾇμολογίας
570 4590 809 4669 ἀνάγκην
880 4593 1177 4670 ἐπάξωμεν,
1245 4586 1442 4653 υΕσται
1516 4586 1582 4653 ἰδὲ
1639 4602 1775 4675 ἡμῖν
1845 4603 1880 4668 ἡ

247 4673 603 4755 ἀναγκαστικὴ
671 4683 769 4748 της
826 4681 1111 4761 ὁμολογίας
1176 4685 1374 4753 ταύτης
1429 4673 1689 4753 ἀπόδειξις
1759 4689 1880 4765 ῥᾷον

248 4764 606 4842 προϐαίνουσα,
655 4769 790 4827 οὕτω
810 4770 875 4839 δὴ
918 4774 1010 4829 τὸν
1067 4772 1247 4853 λόγον,
1280 4777 1410 4853 πρὸς
1470 4777 1623 4834 αύτὸν
1681 4764 1883 4835 ἐκεῖνον

247 4856 329 4909 τὸν
359 4854 711 4935 ἐξηγούμενον
768 4852 1155 4925 ἂωοτεινουσινέ
1219 4852 1361 4944 Ἄρδ,
1402 4868 1447 4920 ὦ
1502 4863 1763 4942 βέλτιστε,
1801 4865 1885 4923 διὰ

245 4946 389 5001 τοῦτό
422 4968 505 5004 σοι
550 4946 682 5006 ἄλλο
724 4950 821 5026 μὲν
851 4950 1087 5028 ὑπαρξις,
1124 4950 1255 5010 ἄλλο
1283 4953 1338 5009 δὲ
1389 4956 1418 5010 ὁ
1476 4960 1573 5021 σῆς
1616 4954 1884 5037 ὑπάρξεως

246 5034 430 5112 τρόπος
461 5033 634 5111 δοκεῖ,
686 5038 765 5095 ὅτι
810 5039 1073 5107 οὖσιωδῶς
1119 5042 1217 5118 μὲν
1271 5044 1306 5112 ἡ
1363 5041 1600 5123 ὕπαρξις,
1648 5033 1736 5109 εἰς’
1763 5043 1883 5114 διατ-

202 5192 208 5197 .
249 5128 403 5200 φορᾶς
443 5122 503 5215 ξε
551 5123 710 5205 λόγον
766 5129 795 5185 ὃ
863 5134 963 5196 τῆς
1018 5130 1284 5210 ὑπάρξεως
1338 5122 1531 5213 τρόπος
1562 5149 1879 5215 κατογορεϊ-

248 5229 330 5264 ται
379 5211 473 5268 τοῦ
523 5215 892 5295 ὑπαρκτικοῦ;
944 5221 1041 5275 Διὰ
1093 5228 1249 5279 τοῦτο
1290 5223 1502 5288 πάντως
1547 5225 1632 5280 καὶ
1684 5225 1778 5281 οὐκ
1820 5223 1880 5281 ἄν

249 5318 298 5352 τι
339 5297 467 5357 ἀλλο
511 5300 660 5382 ἔχεις
690 5307 881 5367 εἰπεῖν.
928 5306 1096 5365 Ἀλλὰ
1136 5313 1198 5366 τὸ
1226 5308 1410 5369 δοκοῦν
1464 5336 1546 5369 σοι
1576 5320 1730 5371 τοῦτο
1774 5336 1883 5370 στι-

252 5382 407 5465 ϐαρὸν
458 5390 927 5481 καὶᾼδυσάντητον,
987 5398 1060 5461 ὡς
1130 5401 1272 5464 ἱστὸς
1317 5401 1582 5481 ἀράχνης,
1643 5398 1887 5472 δια)ωθή’

254 5494 428 5570 σηταιᾼ,
476 5477 644 5555 μηδὲν
707 5480 836 5539 ἄλλο
892 5485 981 5542 τὸν
1026 5490 1123 5553 τῆς
1177 5477 1459 5567 ὑπάρξεως(
1483 5477 1677 5570 τρόπον
1792 5490 1887 5558 τὴν

252 5563 447 5659 τοιάνδε
516 5567 710 5637 δηλοῦν
778 5563 1296 5654 ἀντιπροτεινόντωνν
1326 5581 1479 5657 ἡμῶν
1516 5563 1527 5570 ’
1561 5577 1798 5659 ὕπαρξιν.
1830 5588 1888 5642 Εἰ

252 5652 345 5732 γὰρ
373 5656 575 5717 τοιάνδε
606 5657 821 5738 ὕπαρξιν
878 5665 906 5719 ὁ
937 5652 1059 5731 -της
1119 5652 1385 5746 ὑπάρξιωξ
1452 5670 1645 5748 τρόπος
1671 5652 1886 5751 ’δτιλοῖι

1967 4611 2141 4653 causa
2164 4591 2504 4673 Superiores
2518 4591 2909 4670 factidictum,
2937 4591 3021 4650 uti
3051 4607 3148 4649 res
3169 4592 3607 4664 est,contitendi

1966 4684 2378 4742 necessitatem
2409 4680 2783 4759 inponamus.
2819 4678 3252 4739 Demonstratio
3285 4698 3424 4740 vero
3455 4682 3602 4755 haec,

1966 4790 2096 4851 quae
2124 4768 2458 4830 necessario
2491 4775 2680 4844 cogat,
2716 4767 2946 4828 facilius
2976 4767 3348 4846 procedet,si
3370 4786 3605 4828 sermo-

1967 4878 2102 4920 nem
2125 4858 2402 4919 adversus
2424 4857 2636 4918 similis
2661 4856 3363 4934 interpretationisaucto:
3382 4875 3475 4917 eir
3492 4859 3605 4919 hoc

1969 4946 2141 5007 modo
2161 4946 2518 5025 digeremus.
2549 4945 2865 5025 Propterea
2888 4963 2983 5020 ne,
3014 4964 3047 5004 ο
3069 4945 3156 5004 vir
3177 4944 3415 5026 eximie,
3444 4946 3603 5007 aliud

1968 5036 2389 5111 exsistentiam,
2445 5043 2503 5096 et
2558 5035 2719 5095 aliud
2768 5034 3118 5095 exsistentiae
3175 5035 3415 5094 modum
3473 5053 3605 5099 esse

1966 5124 2283 5201 discernis,
2344 5124 2499 5204 quod
2552 5124 2781 5184 ratione
2836 5123 3109 5183 essentiae
3138 5124 3503 5206 exsistentia,
3531 5125 3605 5188 ad

1965 5216 2287 5277 notandum
2344 5232 2482 5274 vero
2505 5211 2901 5274 differentiam
2923 5212 3280 5273 exsistentiae
3300 5214 3509 5276 modus
3530 5215 3606 5278 de

1966 5324 2059 5381 eo,
2093 5303 2250 5385 quod
2274 5302 2524 5377 exsistit,
2558 5301 2916 5383 praedicatur
2938 5303 2968 5362 ?
2998 5303 3317 5382 Propterea
3339 5322 3602 5384 prorsus,

1967 5412 2161 5475 neque
2189 5392 2348 5453 aliud
2381 5411 2639 5472 unquam
2671 5390 3047 5455 iudicaveris.
3083 5392 3199 5453 Sed
3231 5394 3343 5453 hoc
3371 5394 3469 5454 hic
3502 5393 3609 5454 tibi

1966 5485 2199 5545 videtur
2227 5482 2681 5556 validissimum,
2708 5490 2765 5542 et
2792 5482 2864 5541 ad
2886 5482 3043 5562 quod
3069 5500 3246 5543 nemo
3276 5482 3607 5563 responde-

1968 5574 2067 5649 rit,
2100 5570 2279 5632 veluti
2308 5590 2541 5633 araneae
2572 5573 2685 5634 tela
2708 5572 3083 5649 dissolvetur,
3108 5573 3250 5633 dum
3274 5590 3382 5633 nos
3404 5582 3608 5633 contra

1971 5679 2364 5743 opponemus,
2399 5661 2499 5722 ubi
2528 5662 2687 5726 aliud
2718 5664 3083 5728 exsistentiaa
3129 5663 3395 5737 modum,
3429 5679 3606 5741 quam
