4178 6286
238 343 339 409 361
1404 342 1505 408 AD
1545 331 2148 410 CONSTANTINUM
2193 341 2337 406 LIB.
2384 329 2462 407 Il.
3482 330 3600 407 θοι

232 462 369 547 ξεωςη
406 485 498 536 τοῦ
538 479 842 553 Πνεύματος
912 476 996 535 διὰ
1051 479 1191 549 Υἱοῦ,
1266 478 1452 536 ὑπόθεν
1530 480 1618 535 καὶ
1673 479 1709 545 ἦ
1779 482 1857 532 τοῐ

1952 472 2147 535 dendo
2177 473 2507 537 adduceres
2555 472 2629 536 ab
2659 473 3038 554 improbitate
3085 485 3263 556 atque
3294 477 3599 539 erroribus

234 569 430 646 Πατρὸς
472 569 560 624 καὶ
604 570 726 623 Υἱοῠ
770 568 980 641 ἑνότης,
1036 567 1122 624 ἐπὶ
1163 572 1232 644 τῇ
1302 568 1439 624 αἰτία
1479 566 1571 624 τοῦ
1630 564 1857 640 Πνεόμα-

1959 580 2076 622 non
2133 561 2946 634 aberraret,nibilominus,ut
2973 583 3043 625 ex
3080 566 3257 629 Patre
3299 566 3592 627 exsisten-

233 680 316 721 τος
369 656 576 737 ἕπεται,
622 660 665 714 εἰ
721 659 819 725 τὴν
875 658 936 714 ὲκ
978 660 1180 736 Πατρὸς
1239 656 1306 714 δι’
1393 660 1514 716 Υἱοῦ
1569 655 1857 734 ἔκπόρευσιε

1959 650 2094 710 tiam
2118 651 2371 731 Spiritus
2394 669 2499 731 per
2526 650 2734 714 Filium
2762 670 2926 729 nega:
2948 653 3443 733 es,responderes
3474 673 3590 715 non

232 744 505 824 διαγράψαι
534 753 638 802 τῶν
691 748 842 803 θείων
897 747 1052 826 εἶχες
1115 752 1353 826 Γραφῶν.
1419 753 1521 804 Νῦν
1577 742 1633 800 δὲ
1675 744 1857 809 ταύτηι

1953 738 2067 799 alia
2089 758 2264 819 quam
2287 758 2419 820 quae
2448 748 2505 800 et
2531 738 2721 802 Patris
2752 747 2811 801 et
2840 738 2979 801 Nilii
3006 742 3290 803 unitatem
3321 743 3381 802 in
3414 759 3589 804 causa

235 834 369 914 ἔχων
412 832 673 910 μηδαμῶς
732 833 1042 914 διαγράψαι,
1087 835 1264 891 πείθου
1318 833 1504 891 λοιπὸν
1532 836 1654 897 ταῖς
1682 832 1779 898 τὴν
1809 830 1857 887 ἐκ

1951 827 2205 906 Spiritus
2234 829 2769 909 comprobantzsin
2815 832 3011 891 minus
3039 848 3106 892 ex
3141 829 3314 892 Patre
3345 850 3451 912 per
3485 830 3589 893 Fi-

233 923 426 1002 Πατρὸς
454 920 522 978 δι’
574 925 692 980 ι’ίοῦ
715 922 1020 1002 ὲκπόρευσιν
1064 922 1122 980 ἐκ
1170 924 1370 1000 Πατρὸς
1415 919 1479 979 δι’
1540 924 1659 978 Υἱοῦ
1725 920 1864 976 εἶναι

232 1009 435 1089 ὕπαρξιν
518 1013 860 1074 ωνιστώσαις
917 1012 1135 1076 ἐννοίαις
1181 1010 1241 1068 ἔκ
1310 1032 1367 1069 τε
1423 1016 1529 1068 τῶν
1598 1008 1862 1087 δογματι-

232 1101 333 1164 κῶς
358 1098 789 1178 ὡμολογημένων
818 1099 878 1156 ἔκ
918 1122 975 1156 τε
1016 1108 1122 1156 τῶν
1164 1099 1532 1181 ἐμφιλοσόφως
1578 1098 1679 1165 σὴν
1707 1098 1863 1176 χάριν

232 1188 673 1267 ἀποδεδειγμένων
702 1192 860 1264 ἡμῖν.
910 1191 1006 1247 Καὶ
1038 1187 1183 1265 δεῦρο
1229 1188 1294 1256 δὴ
1337 1190 1487 1255 στῆθι
1556 1184 1671 1262 μεθ’
1713 1188 1867 1261 ἡμῶν

232 1279 311 1333 καὶ
338 1276 517 1353 αὑτὸς,
578 1275 708 1354 ὅπερ
778 1298 870 1352 μοι
913 1278 999 1332 καὶ
1046 1278 1293 1355 πρότερον
1360 1276 1593 1355 εἴρηται,
1656 1274 1752 1341 τὴν
1782 1272 1867 1329 ἐπὶ

230 1367 447 1442 τῇαῐτίᾳ
474 1373 568 1423 τοῦ
628 1367 932 1441 Πνεύμιιτος
986 1366 1213 1432 όνότητα
1283 1372 1373 1422 τοῦ
1416 1366 1618 1443 Πατρὸς
1660 1360 1863 1437 ὁμολο-

231 1459 330 1530 γῶν
379 1455 468 1510 καὶ
522 1453 662 1517 Υίοῦ,
735 1455 795 1511 Εἰ
835 1455 936 1531 γὰρ
975 1466 1093 1516 τοῖς
1162 1453 1368 1512 οἰκείοις
1438 1449 1748 1507 ἀντιϐαίνειν
1804 1471 1864 1506 σε

227 1539 397 1618 λόγοις
439 1542 501 1597 οὑ
532 1543 666 1622 χρὴ,
728 1540 817 1597 ἐὰν
846 1540 884 1607 ἡ
938 1539 1124 1607 ἑνότης
1179 1538 1465 1608 διαϐλητέα
1524 1539 1664 1618 παρὰ
1692 1540 1754 1593 τὸ
1784 1538 1861 1612 μὴ

228 1632 338 1695 τοὺς
369 1630 600 1709 Πατέρας
631 1628 845 1710 ὕπαρξιν
915 1629 1177 1706 εἰρηκέναι
1206 1628 1271 1685 δι’
1339 1634 1481 1703 Υἱοό,
1535 1624 1863 1705 παραδεκτέα

230 1721 447 1792 πάντως,
481 1723 557 1783 ὡς
586 1720 638 1775 ἐν
670 1721 931 1800 φροιμίοις
976 1742 1067 1795 μοι
1112 1718 1585 1798 προανατὲτακται,
1618 1718 1735 1796 περὶ
1763 1721 1860 1783 τῆς

228 1806 481 1887 ὑπάρξεως
514 1807 646 1875 αὕτη
690 1807 974 1872 ἀπόδειξις.

1948 915 2093 977 lium
2114 919 2554 997 processionem
2578 937 2648 979 ex
2665 917 2879 980 divinis
2904 917 3189 1000 Sripturis
3221 919 3585 984 eliminares.

1949 1005 2023 1067 At
2047 1024 2367 1085 nunc,cum
2396 1007 2556 1067 illam
2591 1006 2842 1085 rejtcere
2871 1007 3036 1068 nullo
3068 1008 3243 1069 modo
3269 1008 3588 1088 valeas,in-

1954 1094 2124 1155 terim
2156 1095 2491 1156 credetum
2521 1114 2588 1155 ex
2620 1094 2801 1156 certis
2826 1096 2908 1156 uti
2941 1095 3015 1157 de
3045 1096 3323 1176 dogmate
3349 1098 3590 1176 prolatis

1948 1182 2443 1259 confessionibus,
2478 1191 2599 1243 tum
2636 1202 2703 1244 ex
2738 1184 3182 1263 philosophicis.
3231 1194 3293 1247 ut
3323 1185 3427 1248 tibi
3455 1205 3588 1247 mo-

1952 1286 2075 1331 rem
2111 1287 2473 1347 gereremus,
2522 1289 2554 1331 a
2601 1269 2769 1331 nobis
2799 1271 3216 1332 demonstratis
3248 1273 3588 1350 sententiis,

1949 1377 2016 1421 ex
2052 1362 2216 1421 Patre
2248 1378 2354 1439 per
2385 1359 2598 1421 Filium
2654 1359 3122 1439 processionem.
3158 1380 3229 1422 ex
3256 1358 3432 1423 Patre
3487 1381 3593 1443 per

1950 1447 2161 1510 Filium
2194 1466 2324 1509 esse
2356 1446 2755 1509 exsistentiam
2808 1447 3199 1510 constabiliri.
3234 1448 3304 1511 Et
3333 1468 3442 1527 age
3474 1470 3593 1512 una

1947 1535 2254 1598 nobiscum
2287 1544 2346 1598 et
2372 1536 2500 1617 ipse
2521 1537 2980 1617 conspira,quod
3004 1546 3062 1598 et
3084 1557 3259 1618 supra
3280 1539 3564 1606 dixi.asse

1947 1643 2106 1703 rens,
2144 1628 2197 1686 in
2230 1643 2407 1686 causa
2437 1624 2690 1706 Spiritus
2748 1625 2939 1687 Patris
2995 1634 3053 1688 et
3111 1626 3239 1689 Filii
3274 1629 3561 1693 unitatem

1945 1712 2179 1775 Etenim
2212 1713 2259 1773 si
2295 1713 2411 1774 tuis
2440 1715 2568 1794 ipse
2594 1712 2805 1774 verbis
2820 1733 3083 1794 pugnare
3112 1715 3461 1779 indecorum
3484 1719 3589 1798 ju-

1884 1811 1921 1860 B
1946 1802 2189 1876 dvcas,si
2212 1802 2402 1864 unitas
2428 1802 2755 1883 rejicienda
2776 1804 3054 1883 est,quod
3083 1804 3285 1867 Patres
3306 1807 3594 1869 exsisten—

231 1895 362 1957 tiam
396 1912 502 1976 per
543 1894 755 1957 Filium
790 1914 906 1957 non
940 1894 1243 1964 dixerunt,
1276 1892 1553 1974 equidem
1588 1889 1936 1971 excipienda
1965 1910 1998 1951 a
2030 1898 2084 1951 te
2115 1898 2203 1951 est
2236 1890 2425 1952 modis
2453 1890 2750 1964 omnibus,
2788 1900 2848 1952 ut
2908 1894 2962 1952 in
3017 1893 3304 1972 prooemio
3366 1894 3589 1956 dictum

228 1993 331 2058 est,
366 1984 439 2045 de
471 1984 823 2047 exsistentia
848 1984 1278 2046 demonstratio
1306 1984 1452 2044 haec.

302 2062 368 2135 ε’.
400 2069 548 2129 Ἀλλ’
602 2072 714 2129 εἴτε
767 2075 1036 2149 πείθομεν,
1082 2074 1195 2130 εἴτε
1235 2074 1323 2129 καὶ
1376 2072 1477 2147 μὴ,
1523 2071 1585 2126 σὺ
1614 2067 1668 2124 δὲ
1712 2071 1739 2124 ὁ
1766 2068 1864 2134 τὴν

226 2160 479 2228 ἀπόδειξιν
510 2172 604 2220 τοῦ
670 2160 978 2241 παραλόγου
1019 2168 1115 2229 τῆς
1144 2162 1450 2239 ὶξηγήσεως
1493 2159 1578 2215 ἐπὶ
1633 2154 1861 2233 βεϐαιώ-

226 2272 301 2307 σει
328 2255 423 2317 τῆς
481 2250 545 2306 ἐκ
585 2252 787 2326 Πατρὸς
847 2249 915 2307 δι’
997 2253 1116 2307 Υἱοῦ
1171 2249 1434 2328 ὑπάρξεως
1488 2254 1579 2304 τοῦ
1612 2246 1859 2320 Πνεύμαο

222 2360 331 2411 τος,
374 2338 426 2404 ἒξ
453 2340 522 2408 ἧς
578 2342 615 2407 ἡ
672 2349 763 2398 τοῦ
833 2342 1038 2418 Πατρὸς
1097 2340 1184 2394 καὶ
1248 2342 1364 2395 Υἱοῦ
1407 2336 1590 2403 ἑνότης
1655 2334 1742 2390 ἐπὶ
1795 2338 1863 2409 τῇ

225 2428 355 2500 αἰτία
406 2429 499 2484 τοῦ
558 2429 859 2503 Πνεόματος
946 2428 1307 2508 ἀναφαίνεται,
1378 2425 1638 2503 ἔγγραφον
1719 2424 1858 2496 ἡμᾶς

224 2517 592 2596 αἰτησάμενος,
635 2514 839 2573 τελείαν
897 2513 998 2583 ἤδη
1061 2516 1256 2582 ταύτην
1310 2512 1618 2591 ἀπολαϐὼν,
1675 2512 1860 2568 σκόπει

223 2604 359 2684 ἑξῆς,
393 2603 408 2653 ἶ
421 2626 539 2670 πως
600 2603 662 2660 ἅν
706 2602 855 2684 ἔχοις
914 2606 1002 2660 καὶ
1061 2604 1122 2667 ἃς
1167 2603 1469 2679 ὁμωνυμίας
1498 2602 1546 2656 οἱ
1588 2605 1686 2667 τῆς
1717 2597 1859 2665 ἀλη-

222 2695 352 2757 θείας
379 2694 564 2773 ἐχθροι
624 2692 710 2750 ἐπὶ
780 2691 1002 2769 διαϐολῇ
1054 2700 1147 2750 τοῦ
1192 2694 1350 2752 αὐτοῦ
1403 2690 1666 2769 δόγματος
1724 2691 1858 2745 ἀνα-

222 2782 497 2839 πλάττουσι
608 2779 1003 2861 διατρέφεσθαι.
1076 2784 1183 2861 Πρὸ
1254 2781 1352 2855 μὲν
1437 2779 1681 2836 ἀπάντων
1738 2790 1859 2840 ταῖς

222 2870 535 2949 παραλόγοις
610 2870 893 2949 ὲξηγήσεσι
949 2867 1316 2949 συνδιάγραφε,
1401 2868 1469 2936 ἢν
1539 2871 1636 2936 τῆς
1694 2866 1859 2944 ἔκφο-

223 2960 433 3035 ριύσεως
498 2959 668 3026 αὐτῆς
725 2958 1028 3034 ὁμωνυμίαν
1084 2962 1130 3014 οἱ
1193 2956 1455 3036 ἀλιτήριοι
1511 2951 1860 3029 καταψεύδον-

221 3069 318 3107 ται.
353 3050 493 3104 Μετὰ
540 3046 597 3103 δὲ
641 3050 728 3104 καὶ
783 3045 846 3112 ἃς
915 3045 1078 3111 ἄλλας
1137 3047 1575 3126 ἀναισχυντοῦσιν
1628 3042 1857 3121 ἐπισφα-

2029 2067 2086 2127 5.
2124 2064 2239 2129 Sed
2272 2066 2396 2128 sive
2426 2068 2893 2143 suademus,sive
2926 2088 3066 2143 non,
3103 2077 3161 2130 tu
3192 2073 3290 2149 qui
3323 2069 3594 2133 absurdae

1944 2154 3020 2233 interpretationisdemonstrationem
3034 2158 3103 2218 ad
3122 2158 3589 2221 conﬁrmandam

1946 2245 2193 2305 exPalre
2222 2262 2327 2323 per
2351 2242 2560 2304 Filium
2583 2245 2987 2307 exsistentiam
3012 2247 3590 2329 Spiritus,perquam

1944 2330 2135 2394 Patris
2169 2339 2226 2392 et
2260 2331 2388 2394 Filii
2414 2332 2610 2393 unitas
2640 2333 2701 2394 in
2732 2353 2909 2396 causa
2938 2333 3194 2417 Spiritus
3238 2338 3589 2400 manifesta-

1944 2429 2058 2495 tur,
2095 2422 2316 2503 scripto
2351 2421 2456 2483 tibi
2490 2424 2639 2485 tradi
2669 2443 2703 2484 a
2733 2426 2901 2487 nobis
2933 2426 3176 2507 petiisti,
3213 2428 3471 2507 perfecte
3488 2428 3589 2491 ab-

1942 2513 2193 2574 solutam
2253 2514 2441 2603 ipsam
2488 2515 2614 2594 jam
2656 2516 2901 2590 habens,
2938 2519 3249 2581 considera
3278 2520 3583 2603 deinceps,

1942 2602 2237 2683 quomodo
2269 2602 2372 2664 tibi
2402 2605 2960 2683 expungendeum
2990 2626 3159 2669 voces
3190 2602 3584 2691 homonyma),

1946 2709 2088 2769 quas
2118 2690 2385 2753 veritatis
2416 2692 2715 2759 hostes.ad
2741 2696 3137 2757 refellendum
3169 2697 3401 2776 dogma,
3424 2690 3587 2760 com-

1944 2778 2435 2843 miniscuutur.Et
2465 2779 2621 2842 inter
2654 2781 2768 2842 alia
2798 2803 2931 2844 cum
2961 2785 3235 2846 absurdis
3268 2786 3383 2847 illis
3410 2786 3589 2849 inter-

1943 2868 2368 2946 pretationibus
2397 2887 2928 2950 annumera,quam
2956 2876 3583 2951 processionishomo-

1943 2955 2198 3035 nymiam
2232 2956 2466 3018 scelesti
2494 2956 2585 3017 isti
2612 2960 2897 3021 mendose
2927 2962 3591 3044 confingunt,deinceps

1942 3053 1997 3104 et
2028 3063 2172 3124 quas
2203 3046 2346 3107 alias
2372 3046 2770 3127 impudenter,
2808 3067 2917 3110 nec
2944 3049 3171 3130 absque
3207 3068 3416 3112 e:-rore
3447 3052 3590 3113 effu-

222 3134 341 3201 λῶς.
399 3139 461 3193 τὸ
502 3136 568 3193 ἐκ
610 3138 813 3216 [ἰατρὸς
894 3138 982 3193 καὶ
1065 3139 1183 3195 Υἱοῦ
1249 3134 1495 3214 προϊέναι
1538 3134 1601 3189 τὸ
1645 3137 1856 3205 Πνεὺμα

1942 3133 2115 3205 tiuut,
2141 3152 2209 3195 ex
2241 3136 2413 3196 Patre
2450 3153 2663 3212 nempe
2696 3144 2754 3195 et
2779 3135 2929 3197 Filio
2961 3129 3243 3216 Spiritum
3285 3140 3580 3217 progredi,

220 3228 586 3308 προερχεσθαι,
658 3231 1003 3307 προχεῖσθαι,
1061 3226 1346 3306 πηγοίζειν,
1409 3228 1496 3282 καὶ
1551 3220 1854 3292 ἆναϐλύζειν

221 3319 516 3393 ὁμωνυμοῦν
552 3319 656 3396 οὑχ
696 3314 1163 3390 ὑποστελλόμενοι,
1227 3316 1489 3394 Διάγραφε
1549 3310 1603 3368 δὲ
1647 3310 1853 3373 ἁπάσας

220 3405 367 3471 αὑτὰς
424 3405 475 3471 ἐξ
507 3404 680 3462 αὑτῶν
710 3404 970 3461 κᾶνταυθα
1014 3410 1118 3459 τῶν
1174 3401 1398 3482 χειλέων
1427 3402 1619 3473 αὑτῶν,
1666 3397 1854 3477 ἄγχων

220 3495 300 3550 καὶ
326 3492 645 3573 ἀπελέγχων
687 3492 873 3555 αὑτούς
909 3510 923 3525 ⁸
955 3490 1258 3570 ἀπελέγξεις
1317 3489 1371 3546 δὲ
1423 3488 1583 3568 οῧτω,
1628 3487 1727 3553 τὴν
1756 3486 1853 3573 μεν

219 3581 307 3650 ﬁt;
349 3571 707 3659 ἐκπυρώσεως
770 3579 1069 3659 διαγράφων
1129 3580 1455 3657 ὁμωνυμίαν,
1528 3577 1580 3642 ἐξ
1633 3579 1707 3632 ὧν
1740 3571 1856 3633 οὐδὲ

220 3671 356 3726 αὑτοὶ
436 3670 787 3748 ἂπαρνοῦνται
885 3668 1075 3747 τρόπον
1171 3666 1344 3744 λέγειν
1411 3663 1674 3745 ὑπάρξεως
1760 3663 1854 3730 τὴν

219 3757 534 3838 ἒκπόρευσιν.
571 3759 631 3814 Εἰ
699 3759 798 3836 γαρ
849 3753 1077 3836 διαφέρει
1135 3752 1321 3830 μηδὲν,
1368 3754 1581 3818 πάντως
1634 3750 1688 3808 δὲ
1747 3749 1858 3807 δια-

218 3847 349 3926 φέρει
391 3845 537 3903 οὑδὲν
565 3845 762 3924 τρόπον
832 3842 1003 3922 λέγειν
1062 3842 1329 3921 ὑπάρξεως
1371 3845 1406 3909 ἢ
1464 3840 1712 3921 διαφορὰν
1768 3841 1854 3896 καὶ

216 3934 442 4003 ἰδιότητα
513 3934 822 4012 Πνεύμγτος
877 3934 976 3999 τὴν
1060 3934 1364 4010 ἐκπόρευσιν
1448 3932 1483 3999 ἦ
1542 3929 1597 3986 δὲ
1657 3926 1854 3995 ἰδιότης

217 4025 476 4096 ἀκίνητος,
508 4023 544 4091 ἢ
575 4029 689 4085 πῶς
743 4021 806 4078 ἂν
861 4019 1060 4087 ἰδιότης
1105 4020 1285 4096 μείνῃ,
1344 4020 1430 4077 καὶ
1497 4021 1587 4074 τὸν
1644 4020 1854 4074 εἰπόντα

217 4110 307 4169 οὐκ
381 4112 620 4191 ἂγνοετς,
702 4111 987 4184 κινουμένη
1068 4110 1156 4165 καὶ
1237 4109 1655 4184 μεταπίπτουσα.
1748 4112 1855 4161 Ποῦ

217 4199 393 4258 )οιπὸν
474 4196 808 4279 πολυσχιδὴς
864 4197 965 4264 ἕξει
1035 4198 1217 4277 χώραν
1292 4196 1566 4273 ὁμωνυμία
1618 4195 1704 4252 ἐπὶ
1769 4193 1852 4250 λέ-

220 4286 358 4364 ξεως,
416 4288 484 4357 ἢν
514 4285 685 4363 μηδὲν
725 4289 872 4346 αὐτοὶ
928 4286 1121 4365 τρόπον
1166 4284 1340 4364 λέγειν
1395 4282 1662 4363 ὑπάρξεως
1720 4283 1849 4339 ἂνα-

219 4375 486 4435 ϐάλλονται
522 4397 537 4435 :

523 4424 541 4457 9

1940 3223 2273 3301 provenire,
2309 3222 2553 3301 effundi,
2589 3223 3107 3299 effluere,exsilire
3137 3226 3196 3287 in
3233 3227 3587 3308 homonyma

1941 3311 2177 3370 trahere
2213 3329 2328 3370 non
2359 3310 2946 3390 verentur.Expunge
2966 3332 3101 3375 vero
3123 3333 3334 3376 omnes
3354 3332 3588 3377 eorum-

1936 3397 2098 3478 dem,
2144 3417 2254 3460 nec
2296 3398 2546 3459 aliorum
2575 3399 2746 3461 labiis
2778 3402 2874 3462 hic
2909 3421 3140 3483 quoque
3172 3402 3332 3483 ipsos
3369 3403 3585 3483 praefo-

1935 3503 2077 3546 cans
2106 3496 2165 3547 et
2196 3486 2501 3549 refellens.
2536 3486 2798 3549 Refelles
2828 3508 2967 3550 vero
2994 3491 3103 3552 hoc
3134 3493 3582 3572 modo,proces—

1937 3573 2120 3635 sionis
2179 3576 2613 3656 liomonymiam
2672 3580 2743 3637 ad
2806 3578 2939 3640 illus
2990 3578 3291 3660 rejiciens,
3329 3579 3429 3660 qui
3474 3598 3583 3642 nec

1940 3663 2123 3742 ipsam
2157 3664 2607 3742 abnegant,cutn
2628 3677 2919 3742 asserant,
2949 3669 3186 3730 modum
3221 3671 3582 3731 exsisteutiae

1937 3768 2069 3813 esse
2099 3752 2561 3831 processionem.
2597 3752 2739 3816 Nam
2772 3756 2822 3816 si
2853 3756 2912 3817 in
2944 3758 3102 3819 nulla
3128 3776 3193 3818 re
3218 3758 3435 3825 diﬂ'ert.
3477 3764 3581 3819 aut

1941 3858 2055 3898 nuu
2092 3839 2288 3900 ditl'ert
2339 3841 2577 3902 modum
2601 3842 2802 3904 dicere
2833 3845 3214 3926 exsisteutiaa,
3248 3846 3372 3907 sive
3400 3846 3579 3907 dilfeo

1938 3930 2185 3987 rentiam
2220 3937 2278 3989 et
2310 3930 2730 4008 proprietatem
2758 3931 3014 4012 Spiritus
3043 3935 3577 4013 processionem,et

1939 4014 2267 4094 proprietas
2288 4017 2531 4079 immota
2554 4029 2882 4083 inauet.aut
2913 4022 3211 4102 quomodo
3243 4023 3578 4102 proprietas

1938 4104 2569 4186 perseverabil,neque
2600 4108 2743 4170 dicti
2778 4120 3077 4171 auctorem
3111 4113 3423 4189 ignoras,si
3444 4130 3579 4173 mo-

1934 4204 2122 4262 vetur,
2158 4200 2217 4253 et
2270 4213 2339 4255 ex
2399 4215 2514 4256 uno
2558 4197 2616 4257 in
2662 4199 2820 4259 aliud
2865 4200 3144 4261 concidit.
3194 4199 3300 4261 Ubi
3335 4200 3570 4261 interim

1933 4280 2313 4357 multifida,et
2341 4285 2399 4344 in
2434 4284 2647 4347 multos
2680 4305 2811 4348 sese
2869 4287 3234 4365 significatus
3290 4305 3575 4350 exserens

590 4377 668 4434 Τὰ
707 4373 799 4432 δύο
851 4375 951 4454 γὰρ
993 4381 1155 4431 ταῦτα
1200 4372 1335 4431 ἴδιον
1380 4375 1465 4431 καὶ
1535 4373 1713 4430 κοινὸν
1766 4370 1849 4427 ἐπὶ

1940 4368 2126 4464 locum
2152 4372 2793 4464 habebithomonymia
2830 4377 2890 4437 in
2938 4381 3216 4451 dctione,
3252 4398 3429 4460 quam
3464 4398 3575 4441 nec

220 4473 306 4523 τοῦ
329 4468 483 4523 αὑτοῦ
539 4466 677 4522 κατὰ
715 4466 906 4521 ταυτὸν
963 4460 1277 4542 συνδραμεῖν
1336 4469 1421 4517 νῦν
1478 4462 1654 4527 πάντη
1685 4459 1846 4539 ἀνεγ-

1940 4460 2047 4538 ipsi
2082 4463 2318 4522 inodum
2345 4462 2548 4523 dicere
2580 4464 2936 4527 exsistentite
2968 4459 3283 4547 respuunt,
3328 4467 3465 4528 Haec
3490 4468 3578 4529 si-

224 4557 497 4634 χωρήτων.
556 4555 655 4613 Καὶ
709 4555 738 4609 ὁ
780 4558 935 4610 τοῦτο
990 4550 1342 4609 ἀποδεικνύων
1412 4548 1787 4627 συλλογισμὸς,
1822 4551 1851 4605 ὁ

1933 4548 2169 4627 quidem
2204 4549 2320 4609 duo
2373 4550 2674 4629 proprium
2705 4561 2763 4613 et
2788 4573 3106 4616 commune
3132 4555 3207 4616 de
3237 4557 3446 4616 eodem
3474 4573 3575 4617 se-

223 4648 285 4718 τῇ
328 4643 463 4701 θέσει
518 4649 617 4700 τοῦ
675 4641 972 4719 ἡγουμένου
1025 4642 1086 4697 τὸ
1133 4640 1393 4714 ἑπόμενον
1449 4640 1849 4709 κατασκευέζων

1940 4638 2190 4699 cundum
2245 4637 2405 4697 idem
2452 4640 2627 4699 simul
2673 4658 3032 4703 concurrere
3087 4644 3250 4704 nullo
3311 4662 3573 4724 unquam

223 4730 368 4791 ἔστὶν.
414 4734 474 4790 El.
517 4733 620 4809 γὰρ
670 4728 836 4803 ἴδιον,
891 4732 950 4787 03
992 4730 1190 4803 κοινὸν⁹
1236 4726 1371 4784 ἀλλὰ
1429 4728 1538 4803 μην
1579 4725 1738 4802 ἴδιον,
1793 4728 1852 4784 οὑ

222 4821 380 4876 κοινὸν
421 4818 544 4899 ἔρα.

287 5075 388 5160 ς’.
421 5087 531 5155 Τὴν
561 5086 659 5163 μὲν
705 5108 792 5143 ουν
846 5089 945 5153 τῆς
994 5083 1354 5163 ὶκπορεύσεως
1398 5081 1535 5139 οὕτω
1588 5080 1855 5160 διαγράψῃ

220 5174 513 5250 ὁμωνυμίαν
548 5194 561 5207 ’
618 5177 710 5241 τὰς
807 5171 862 5231 δὲ
914 5180 1021 5231 τῶν
1101 5171 1586 5251 ἆναγσδραμμένων
1637 5169 1849 5241 λέξεων,

218 5260 361 5335 ἐπὰν,
421 5265 484 5320 τὸ
540 5262 639 5331 τῆς
702 5261 1003 5339 ὁμωνυμίας
1113 5259 1274 5338 λόγον
1346 5260 1530 5324 αὐτοὺς
1588 5261 1848 5331 ἀπαιτῶν,

218 5347 471 5427 λεγόντων
503 5351 699 5428 ἀκούῃς
771 5349 938 5406 αὑτῶν
1004 5349 1102 5428 ὣς,
1165 5349 1223 5404 Εἰ
1253 5348 1345 5403 καὶ
1403 5345 1453 5412 ἐξ
1507 5346 1733 5425 ἀμφοῖν,
1762 5353 1855 5401 τοῦ

220 5439 415 5518 Πατρὸς
475 5437 721 5508 δηλονότι
778 5440 867 5495 καὶ
921 5444 1013 5494 τοῦ
1079 5437 1204 5493 ι·ἱοῦ
1264 5438 1326 5492 τὸ
1372 5442 1584 5510 Πνεῦμα
1640 5432 1851 5512 λέγεται

219 5528 471 5605 προϊέναι,
517 5528 894 5608 προέρχεσθαι,
951 5525 1273 5607 προχεῖσθαί
1324 5545 1406 5599 τε,
1451 5524 1711 5601 πηγαὶζειν
1765 5525 1853 5580 καὶ

222 5613 534 5695 ἂναϐλύζειν,
585 5615 702 5673 ἀλλ’
735 5618 770 5685 ἡ
815 5616 910 5685 τῆς
942 5615 1275 5695 πατρότητος
1318 5614 1407 5670 καὶ
1462 5614 1702 5679 υἱότητος
1742 5609 1852 5669 δια-

853 5750 1111 5814 Ρλτιιοι..
1159 5747 1273 5811 Gn.
1321 5744 1523 5811 CXLI-

1935 4726 2107 4785 modo
2158 4734 2425 4804 possunt.
2476 4726 2545 4787 Et
2598 4728 2711 4789 lioc
2760 4730 2969 4810 probat
3019 4732 3416 4812 syllogismus,
3467 4733 3571 4813 qui

1935 4819 2091 4879 thesi
2121 4820 2525 4880 antecedentis
2555 4840 2930 4903 consequens
2959 4824 3306 4904 comprobat
3351 4823 3496 4885 Nam
3530 4823 3583 4885 si

1934 4907 2241 4988 proprium
2293 4917 2401 4982 est,
2458 4926 2775 4972 commune
2824 4930 2939 4972 non
2989 4922 3098 4983 est,
3134 4915 3236 4973 sed
3271 4912 3574 4992 proprium

1936 5006 2047 5074 est,
2088 5015 2206 5056 non
2243 5014 2380 5074 ergo
2412 5015 2724 5058 commune
2757 5009 2865 5063 est.

2014 5082 2051 5138 ὕ
2084 5076 2486 5137 Processionis
2519 5078 2714 5158 itaque
2740 5080 3178 5160 homonymiam
3207 5079 3290 5141 sic
3312 5080 3571 5144 refelles.

1936 5164 2477 5245 Suprascriptarum
2500 5182 2644 5227 vero
2674 5167 3026 5248 dictionum,
3059 5169 3110 5230 si
3132 5169 3205 5231 ab
3228 5170 3453 5232 eisdem
3476 5170 3583 5233 ho-

1940 5255 2249 5333 monymiae
2281 5256 2570 5315 rationem
2599 5259 2961 5335 poposceris,
2995 5260 3433 5339 respondentes
3466 5278 3579 5321 au-

1936 5343 2062 5403 dies
2096 5361 2110 5404 :
2144 5341 2305 5402 Licet
2332 5360 2403 5403 ex
2425 5343 2877 5422 utroque,l’atre
2905 5347 3135 5410 scilicet
3163 5356 3222 5408 et
3242 5345 3591 5423 Filiu,dira-

1938 5439 2030 5490 tur
2091 5429 2405 5510 progredi,
2469 5434 2801 5510 provenire,
2867 5436 3169 5515 profundi,
3237 5436 3463 5498 effundi
3521 5452 3587 5499 et

1937 5519 2192 5585 exsilire.
2259 5528 2667 5581 verumtamen
2737 5526 3112 5602 paternitatis
3155 5542 3224 5590 ac
3279 5525 3584 5586 ﬁliationis

1936 5606 2274 5669 diﬂ‘erentia
2302 5607 2531 5685 tacit,ut
2554 5608 2782 5673 similes
2810 5614 3197 5677 dictiones-de
3219 5614 3583 5676 Patre-dicta

3106 5746 3178 5812 12
