4150 6292
551 328 685 419 ass
1648 333 1859 399 JOAN.
1904 326 2122 399 vacet
2166 332 2278 396 op.
2329 328 2841 396 PATRIARGHE
3839 328 3956 395 304

562 460 820 545 Spiritus
848 463 1257 529 exsistentiam
1302 464 1642 542 intelligere
1690 467 1854 540 dent,
1889 485 2021 527 cum
2053 465 2229 528 nihil,

2313 465 2420 542 >095:
2472 466 2566 529 τὰς
2625 462 2789 530 λέξεις
2860 464 3052 528 ταύτας
3103 464 3188 521 ἐπὶ
3248 466 3343 541 μὲν
3391 468 3595 546 Πατρὸς
3657 464 3961 542 λεγομένας

556 553 842 633 impediat
871 561 929 616 et
959 570 1066 634 per
1093 553 1333 615 modum
1359 553 1746 633 procedendi,
1783 565 1843 617 et
1873 555 2202 617 secundum

2315 555 2360 616 ῖς
2432 551 2662 622 δήλωσιν
2718 559 2816 621 τῆς
2888 560 2980 610 τοῦ
3038 555 3340 629 Πνεύματος
3384 558 3625 612 νοεῖσθαι
3684 550 3959 631 ὑπάρξεως

557 658 794 703 causam
829 641 962 703 illas
995 641 1209 723 accipi,
1245 642 1317 703 de
1346 641 1496 704 Filio
1525 661 1662 704 vero
1691 642 1820 704 loca
1850 643 2200 725 suppedita-

2320 638 2482 711 ἴδωσι,
2559 640 2785 717 μηδενὸς
2858 640 3102 715 ἐμποδὼν
3164 643 3294 720 πρὸς
3350 645 3411 699 τὸ
3467 643 3819 715 ἔκπορευτῶς
3878 640 3964 694 καὶ

560 729 760 806 tionis,
796 730 1075 811 dationis,
1125 730 1446 805 missionis,
1494 731 1830 812 legationis.
1867 732 2204 794 necessario

2313 726 2408 787 ιατ’
2478 733 2646 787 αἰτίαν
2702 732 2937 787 νοεῖσθαι
3003 732 3161 795 αὐτὰς
3220 730 3514 808 γινομένου,
3592 730 3688 785 ἐπὶ
3762 726 3819 783 δὲ
3876 731 3965 783 τοῦ

557 818 747 899 accipi
779 818 1005 881 Similia
1034 819 1213 881 verba
1243 828 1302 881 tu
1336 821 1718 901 arripiens,et
1754 821 2010 902 propriis
2034 820 2205 883 labiis

559 916 764 986 captos
786 916 1014 983 tenens,
1056 926 1128 970 ex
1157 910 1487 986 unguibus,
1522 910 1679 991 quod
1711 911 1902 984 aiunt,
1923 909 2201 990 aquilam,

558 997 888 1057 universam
912 1014 1128 1077 nempe
1150 998 1354 1060 talium
1378 997 1705 1060 dictionum
1733 999 1951 1060 seriem
1995 1017 2063 1060 ex
2090 1001 2201 1059 Pa-

559 1082 836 1165 tre,quod
849 1084 973 1163 jam
998 1084 1110 1163 ipsi
1143 1086 1765 1166 concedunt,Spiritus
1801 1086 2203 1149 exsistentiam

559 1172 989 1248 indicare,cum
1011 1173 1159 1234 nihil
1182 1173 1609 1254 impedimento
1627 1176 1833 1251 sit,eas
1845 1193 1950 1254 per
1965 1175 2203 1235 modum

565 1261 965 1341 processionis
995 1270 1054 1323 et
1084 1263 1414 1324 secundum
1465 1282 1703 1325 causam
1755 1263 2026 1342 intelligi.
2056 1262 2201 1323 Tum

2288 821 2413 874 Υἱοῦ
2485 818 2559 874 ἐνὶ
2635 820 2898 898 χορηγίας
2968 820 3055 874 καὶ
3113 816 3330 894 δόσεως,
3391 818 3658 893 πέμῲεώς
3749 837 3811 871 τε
3882 815 3966 870 καὶ

2287 906 2593 973 ἀποστολῆς
2653 907 2934 985 ἀναγκάζει
2991 904 3369 981 λαμϐάνεσθαι,
3448 908 3672 964 Τούτων
3727 905 3834 981 γὰρ
3862 901 3965 957 τῶν

2288 994 2460 1073 λόγων
2516 993 2965 1074 ἔπιδραττόμενος
3024 996 3107 1074 σὺ,
3161 995 3264 1050 κάκ
3320 1000 3426 1050 τῶν
3469 992 3618 1050 ἰδὲων
3682 991 3797 1060 ἤδη
3841 1010 3966 1070 χει-

2285 1085 2422 1142 λέων
2495 1085 2873 1161 ἁλισκομένους
2920 1085 3062 1165 ἕχων
3106 1087 3312 1158 αὖτοὺς,
3380 1085 3431 1151 ἐξ
3488 1087 3714 1165 ὀνύχων
3762 1104 3848 1147 τις
3906 1080 3963 1137 ἄν

2287 1174 2431 1231 εἴποι
2493 1178 2582 1231 τὸν
2637 1176 2812 1250 ἀετὸν,
2861 1173 2941 1253 ἐφ’
3002 1175 3087 1238 οῖς
3133 1181 3305 1231 πᾶσαν
3347 1175 3444 1242 τὴν
3528 1180 3643 1230 τῶν
3706 1172 3964 1230 τοιούτων

2288 1261 2475 1328 λέξεων
2538 1265 2843 1343 συποιχάν
2901 1263 2998 1330 τὴν
3070 1263 3129 1319 ἐκ
3184 1264 3385 1342 Πατρὸς
3472 1260 3816 1339 ὁμολογοῦσι
3875 1259 3962 1315 τοῧ

563 1357 848 1430 praeterea
876 1349 976 1411 illo
999 1351 1581 1429 interrogaveriszAn
1598 1352 1925 1413 dictionum
1962 1353 2203 1425 seriem,

2313 1351 2591 1425 Ινεύματος
2651 1350 2842 1417 δηλοῦν
2899 1349 3138 1429 ὕπαρξιν,
3197 1349 3423 1426 μηδενὸς
3510 1347 3777 1424 ἐμποδὼν
3832 1348 3962 1426 πρὸς

562 1456 735 1519 quam
768 1445 827 1500 et
855 1438 969 1519 ipsi
1001 1439 1076 1500 de
1099 1438 1251 1501 Filio
1279 1440 1565 1522 fatentur,
1604 1440 2101 1523 suppeditationis
2123 1442 2209 1502 in-

2313 1442 2350 1496 τὸ
2405 1440 2728 1519 ἐκπορευτῶς
2785 1441 2871 1495 καὶ
2927 1436 3044 1495 κατ’
3101 1440 3266 1495 αἰτίαν
3309 1442 3540 1495 νοεῖσθαι
3598 1438 3778 1500 αὒτας
3826 1458 3970 1515 γινο-

562 1545 737 1608 quam
759 1533 819 1588 et
839 1526 1116 1601 dationis,
1152 1527 1455 1590 missionis
1486 1541 1545 1590 et
1576 1530 2092 1610 legationis,etiam
2139 1547 2207 1591 ex

2313 1526 2472 1601 ιένου,
2560 1531 2704 1607 ἒρεῒν
2777 1528 2851 1583 ἔτι
2910 1530 3362 1606 προσαπαιτήσεις
3450 1526 3663 1601 αὖτοὺς,
3761 1527 3808 1581 εἰ
3868 1524 3967 1590 τῆν

564 1614 742 1678 Patre
771 1615 890 1676 dici
917 1623 1291 1679 asseverant?
1327 1616 1438 1679 Ubi
1468 1617 1526 1678 id
1554 1619 1894 1690 annuerint,
1936 1619 2211 1680 convenit

2313 1621 2542 1683 meetczv
2597 1615 2766 1683 ἄλλην
2798 1622 2900 1671 τῶν
2946 1615 3135 1680 λέξεων
3193 1616 3521 1696 συστοιχίαν,
3580 1618 3679 1673 καὶ
3742 1614 3834 1670 ἐπὶ
3877 1620 3969 1669 τοῦ

566 1703 861 1783 siquidem
892 1703 1146 1766 similem
1170 1705 1381 1766 seriem
1415 1724 1482 1768 ex
1511 1705 1961 1788 Patre,quemad
1974 1707 2209 1768 modum

2313 1709 2413 1763 nos
2487 1703 2610 1784 παρ’
2658 1707 2825 1763 αὐτῶν
2882 1703 3311 1782 ὁμολογουμένην
3379 1705 3476 1771 τὴν
3531 1704 3627 1772 τῆς
3691 1703 3967 1783 χορηγίας

568 1799 625 1853 et
654 1810 724 1852 ex
752 1791 900 1853 Filio
924 1793 999 1854 de
1022 1791 1242 1873 Spiritu
1268 1793 1409 1864 dici;
1434 1784 1879 1873 interrogationi
1902 1803 2201 1857 annectes:

2313 1796 2381 1850 ιαὶ
2414 1792 2633 1864 δόσεως,
2677 1793 2931 1868 πέμψεώς
2962 1813 3042 1872 τε,
3091 1794 3252 1872 φημὶ,
3298 1795 3384 1849 καὶ
3414 1790 3756 1863 ἀποστολῆς,
3825 1792 3965 1863 ὁμο-

568 1879 658 1941 An
688 1878 946 1941 similem
976 1883 1194 1942 seriem
1226 1882 1720 1962 suppeditationis
1754 1884 1993 1965 inquam
2026 1891 2083 1943 et
2113 1883 2208 1943 da-

568 1968 837 2049 tionis,et
858 1967 1249 2044 missionis,et
1282 1971 1681 2050 legationis.in
1731 1972 1958 2034 duabus
2006 1990 2209 2052 perso-

570 2058 824 2138 nis,quaa
853 2057 1182 2120 secundum
1211 2061 1460 2139 gratiam
1496 2069 1607 2141 est,
1639 2061 1701 2122 in
1742 2061 1951 2141 dignos
1983 2060 2214 2139 signiﬁ-

569 2163 706 2208 care
758 2143 1017 2225 Spiritus
1072 2165 1382 2209 accessum
1440 2149 1738 2212 fatentur?
1792 2157 1850 2211 et
1908 2157 2212 2229 postquam

573 2233 918 2297 earumdem
961 2233 1221 2297 etiamin
1250 2237 1341 2298 bis
1383 2254 1692 2298 assensum
1732 2236 2045 2304 habueris;
2079 2255 2214 2298 nam

574 2340 765 2403 neque
793 2321 855 2385 in
886 2322 979 2383 his
1029 2322 1326 2404 quispiam
1356 2342 1490 2386 sese
1540 2333 1820 2405 opponet;
1855 2332 2211 2404 postremam

575 2412 726 2473 banc
749 2409 1271 2490 interrogationem
1300 2412 1580 2474 adversus
1608 2412 1769 2492 ipsos
1797 2412 2099 2473 servabis:
2127 2412 2215 2475 An

579 2499 750 2561 talem
774 2516 986 2561 rursus
1006 2500 1225 2562 seriem
1259 2500 1382 2579 pari
1415 2502 1611 2573 modo,
1647 2501 1786 2561 dum
1829 2500 1904 2561 de
1935 2500 2220 2561 distribu-

578 2587 741 2649 tione
771 2606 969 2648 sermo
1001 2594 1112 2663 est,
1144 2587 1300 2649 Patri
1355 2587 1627 2669 Filioque
1683 2588 2045 2650 attribuant?
2077 2591 2219 2650 Cum

579 2677 692 2737 boc
723 2694 962 2757 quoque
993 2678 1426 2753 concesserint,
1475 2679 1561 2739 sic
1620 2678 1994 2758 postmodum
2027 2679 2223 2740 nullus

584 2763 693 2825 tibi
718 2763 887 2826 labor
933 2765 1328 2827 assumendus
1367 2773 1481 2841 est,
1516 2767 1797 2829 conﬁctas
1827 2766 1900 2828 ab
1934 2767 2079 2847 ipsis
2111 2768 2221 2828 ho-

2295 1880 2506 1959 λογοῦσι
2577 1880 2665 1935 καὶ
2708 1879 2769 1935 ἐκ
2838 1881 3039 1957 Πατρὶς
3098 1878 3379 1957 λέγεσθαι;
3450 1879 3734 1936 Κάνταῦθα
3779 1897 3965 1932 συντι-

2294 1969 2546 2047 θεμένων,
2581 1967 2898 2023 συντιθένται
2969 1969 3068 2046 γὰρ
3126 1968 3211 2023 καὶ
3267 1970 3363 2034 τῆν
3431 1968 3692 2034 τοιαύτην
3738 1987 3965 2021 συστοι-

2297 2058 2445 2137 χίαν,
2480 2058 2566 2112 καὶ
2620 2057 2679 2113 ἐκ
2735 2057 2937 2134 Πατρὸς
2979 2057 3211 2135 καθάπερ
3263 2056 3350 2113 οὖν
3393 2057 3481 2112 καὶ
3537 2056 3597 2111 ἐκ
3655 2054 3787 2111 ι’ἶοῦ
3848 2053 3967 2130 περὶ

2296 2153 2388 2202 τοῦ
2432 2145 2735 2219 Πνεύματος
2791 2143 3058 2221 λέγεσθαι,
3118 2143 3463 2214 προσεπαξεις
3518 2149 3587 2220 τῇ
3658 2143 3957 2222 ἐρωτήσει,

2299 2236 2342 2290 εἰ
2384 2234 2481 2300 τῆν
2526 2234 2770 2299 τοιαύτην
2826 2234 3135 2312 συστοιχίαν
3200 2233 3298 2300 τῆν
3363 2236 3461 2299 τῆς
3520 2233 3801 2312 χορηγίας
3876 2230 3962 2285 καὶ

2298 2321 2492 2383 δόσεως
2576 2321 2831 2397 πέμψεώς
2902 2342 2985 2395 τε,
3088 2323 3246 2401 φημὶ,
3321 2323 3406 2378 καὶ
3477 2321 3800 2387 ἀποστολῆς
3877 2315 3962 2373 ἐπ’

2299 2412 2499 2490 ἀμφοῖν
2527 2421 2643 2466 τοϊν
2674 2410 2977 2487 προσώποιν
3007 2410 3103 2477 τῆν
3132 2414 3267 2467 κατὰ
3314 2410 3473 2488 χάριν
3522 2410 3576 2465 ἐν
3639 2422 3769 2472 τοῖς
3802 2406 3961 2472 ἀξίοις

2302 2496 2495 2566 δηλοῦν
2552 2496 2872 2575 ὁμολογοῦσι
2915 2505 3007 2554 τού
3060 2499 3358 2560 ῐινεύματος
3408 2498 3775 2577 ἐπιφοίτησιν,
3850 2494 3961 2550 Κά-

2302 2587 2481 2644 πειδὰν
2526 2588 2626 2654 τὴν
2660 2591 2826 2646 αὐτῶν
2896 2587 3024 2643 κάπὶ
3078 2588 3278 2652 τούτοις
3333 2585 3451 2664 δέξῃ
3497 2588 3765 2644 ἐπίνεδαιν
3796 2600 3812 2615 ⁶
3850 2581 3962 2640 οὓέ

2303 2677 2402 2756 γὰρ
2433 2675 2542 2732 οὐδ’
2569 2675 2654 2732 ἐπὶ
2684 2677 2886 2739 τούιοις
2942 2678 2969 2731 ὁ
3012 2676 3299 2754 ἀντιλέγων
3361 2699 3441 2733 σοι
3501 2675 3644 2733 ἔσται
3686 2691 3701 2705 '
3771 2673 3961 2731 τελευ-

2304 2768 2453 2820 ταίαν
2485 2766 2613 2842 πρὸς
2657 2765 2842 2822 αὖτοὺς
2882 2765 3132 2843 τηρήσεις
3190 2764 3467 2842 ἐρώτησιν,
3528 2765 3571 2819 εἰ
3614 2766 3720 2832 τὴν
3773 2762 3959 2819 τοιαύ-

586 2852 912 2932 monymias
934 2852 1236 2916 refellere.
1262 2853 1527 2935 Namque
1549 2863 1679 2936 post
1702 2856 1858 2931 data,
1892 2874 2225 2936 proponen-

2313 2875 2403 2918 την
2432 2851 2590 2909 πάλιν
2619 2875 2714 2907 συσ
2727 2874 2840 2930 εοιχ
2847 2852 2923 2909 ίαν
2956 2854 3142 2919 ἐπίσης
3173 2853 3308 2908 κατά
3351 2874 3411 2931 γε
3457 2854 3513 2907 τὸ
3578 2849 3962 2926 διανεμητικὸν

587 2941 765 3016 tibus,
799 2941 941 3006 licet
967 2943 1158 3003 amba;
1171 2942 1295 3023 jam
1336 2944 1542 3024 positze
1574 2944 1898 3006 dictionum
1949 2946 2138 3007 series
2167 2952 2224 3006 et

2313 2948 2382 3015 τῷ
2427 2941 2593 3018 Πατρί
2652 2938 2848 2996 διδόασι
2907 2942 2991 2996 καὶ
3046 2947 3123 3014 τῷ
3180 2942 3283 3015 ι’ἱῴ
3316 2959 3332 3020 ς
3364 2943 3451 2996 καὶ
3507 2948 3660 2996 τοῦτο
3709 2937 3957 2995 διδόντων

584 3047 654 3093 ex
685 3029 855 3092 Patre
883 3038 947 3093 et
979 3049 1051 3092 ex
1080 3031 1233 3093 Filio
1262 3041 1679 3094 assevereulur
1710 3054 1723 3093 :
1751 3042 2006 3094 attamen
2040 3042 2227 3114 pater-

2313 3033 2499 3100 αὐτῶν,
2533 3027 2627 3107 ὅρα
2657 3027 2841 3084 λοιπὸν
2871 3031 2957 3085 καὶ
2988 3028 3198 3108 ἐφεξῆς,
3258 3030 3309 3084 εἴ
3352 3031 3428 3094 τίς
3477 3051 3558 3085 σοι
3590 3028 3758 3091 πόνος
3791 3026 3957 3095 ἔσται,

585 3118 783 3181 uitatis
803 3136 872 3180 ac
894 3119 1199 3181 ﬁliationis
1229 3119 1625 3184 diﬁ'erentiam
1663 3122 1879 3183 seriem
1906 3105 2226 3202 illam,quaa

2313 3118 2402 3181 τὰς
2472 3105 2653 3178 αὐτοῖς
2726 3105 3100 3191 πεπλασμένας
3184 3105 3517 3197 ἀπελέγχειν
3623 3114 3955 3192 ὁμωνυμίας.

586 3207 1068 3271 distributionem
1125 3208 1440 3288 signiﬁcat,
1473 3229 1592 3271 non
1624 3210 1917 3291 impedire
1948 3211 2249 3271 unionem'

587 3298 776 3360 Patris
807 3306 866 3358 et
914 3297 1071 3372 Filii,
1126 3299 1371 3361 alteram
1413 3318 1576 3381 vero,
1609 3319 1740 3381 qua;
1791 3311 1880 3363 est
1931 3299 2225 3381 progredi,

592 3386 906 3467 provenire
954 3386 1203 3460 eﬂ'undi,
1237 3388 1541 3467 profundi,
1590 3396 1648 3449 et
1677 3389 1938 3469 exsilire,
1971 3389 2033 3450 in
2058 3391 2232 3451 Patre

589 3474 828 3556 quidem
882 3473 1157 3554 intelligi,
1188 3476 1259 3536 ad
1294 3476 1607 3537 notandam
1661 3478 1913 3556 Spiritus
1943 3477 2231 3539 exsisten-

593 3564 755 3641 tiam,
789 3561 850 3622 in
880 3560 1028 3623 Filio
1057 3562 1188 3623 loco
1230 3564 1746 3644 suppeditationis,
1782 3565 2059 3640 dationis,
2095 3564 2236 3625 mis~

593 3648 798 3730 sionis,
853 3657 913 3710 et
967 3649 1278 3727 legationis
1307 3652 1645 3713 necessario
1680 3653 1890 3731 accipi,
1944 3661 2063 3713 tum
2099 3672 2233 3713 cum

592 3736 809 3799 ﬁducia
836 3743 896 3796 et
940 3735 1209 3798 libertate
1255 3756 1464 3817 magna
1496 3739 1756 3814 dicendi,
1792 3739 1837 3801 Ο
1871 3741 2053 3815 stulti,
2089 3741 2235 3821 ipsis

590 3824 913 3906 inquies,et
942 3823 1253 3885 maximam
1283 3824 1511 3888 Satanae
1534 3827 1592 3888 in
1628 3828 1885 3889 fovendo
1912 3848 2234 3909 propagan-

595 3914 790 3994 doque
819 3911 1221 3973 Ecclesiarum
1255 3914 1574 3978 schismate
1607 3915 2059 3979 similitudinem
2117 3936 2236 3997 pra;

594 4018 698 4062 vos
727 3999 1012 4074 ferentes,
1055 3999 1106 4061 si
1136 3999 1211 4061 ob
1245 4005 1612 4082 paternitatis
1646 4013 1703 4066 et
1732 4005 2028 4066 ﬁliationis
2058 4005 2233 4067 ditl‘e-

592 4090 870 4170 rentiam,
930 4107 1014 4150 eae
1070 4107 1202 4170 quaa
1251 4090 1326 4152 de
1382 4090 1552 4153 Patre
1601 4093 1880 4174 picuntur
1920 4094 2232 4169 dictiones,

597 4178 928 4259 signiﬁcant
967 4176 1221 4259 Spiritus
1277 4179 1704 4264 exsistentiam,
1739 4191 1796 4245 et
1846 4184 2240 4263 processionis

596 4271 713 4331 vim
738 4268 1069 4342 continent,
1097 4279 1155 4329 et
1184 4286 1426 4330 causam
1454 4271 1814 4352 exprimunt,
1856 4272 1917 4333 in
1952 4274 2239 4353 homony-

599 4377 760 4422 mum
791 4359 1185 4419 immutantur
1217 4357 1277 4418 in
1322 4358 1495 4421 Filio.
1551 4377 1638 4423 ea:
1686 4379 1941 4443 quoque,
2005 4381 2136 4442 quae
2166 4362 2235 4422 ad

606 4445 1095 4510 manifestandam
1139 4446 1616 4511 distributionem
1650 4448 1907 4530 Spiritus
1924 4467 2242 4511 assumun-

607 4545 725 4617 tur,
752 4534 999 4615 perinde
1022 4534 1387 4598 valerent.At
1405 4555 1564 4599 nunc
1588 4558 1703 4599 non
1727 4539 1786 4599 id
1806 4538 2025 4609 est,sed
2053 4555 2107 4599 ut
2138 4539 2244 4599 be.-

607 4626 816 4687 nevole
830 4643 929 4685 vos
951 4631 1225 4702 gerentes
1252 4624 1656 4698 dicitis,unam
1676 4627 1892 4689 seriem
1918 4627 2244 4707 aequaliter,

609 4724 668 4778 et
695 4713 919 4794 absque
937 4713 1057 4774 ullo
1075 4712 1422 4775 discrimine
1444 4715 1514 4775 ad
1540 4717 1858 4777 notandam
1884 4717 2221 4778 distributio

610 4802 1003 4884 nemSpiritus
1033 4819 1100 4862 ex
1126 4800 1298 4863 Patre
1328 4809 1385 4863 et
1413 4821 1479 4864 ex
1512 4803 1661 4866 Filio
1692 4803 2026 4878 decerni,et
2049 4818 2248 4866 tamen

609 4910 710 4954 vos
739 4891 853 4973 ipsi
871 4909 1052 4951 unum
1074 4888 1327 4970 Spiritus
1346 4892 1938 4972 suppeditatorem,et
1956 4894 2244 4970 datorem,

611 4991 669 5043 et
698 4979 951 5060 Spiritus
980 4979 1286 5041 missionis
1317 4987 1372 5041 et
1403 4980 1714 5060 legationis
1746 5002 1980 5043 causam
2017 4982 2248 5043 Patrem

611 5070 781 5131 lateri
826 5076 885 5130 et
929 5067 1143 5129 Filium
1193 5087 1310 5129 non
1364 5071 1988 5143 recusatis.Quomodo
2047 5072 2247 5149 igitur,

613 5167 672 5221 et
699 5158 773 5219 ob
795 5174 969 5237 quam
999 5166 1058 5218 et
1089 5157 1320 5238 qualem
1356 5158 1644 5221 rationem
1689 5160 2012 5221 dummodo
2037 5160 2119 5221 uti
2151 5177 2253 5219 vos

614 5245 691 5309 ob
745 5244 1183 5325 improbitatem
1248 5265 1365 5309 non
1423 5250 1717 5311 caecutiatt
1772 5249 2088 5330 quispiam,
2151 5246 2252 5308 uni

614 5334 795 5398 seriei
829 5336 886 5394 in
912 5341 1162 5414 utroque
1194 5336 1511 5415 aequabiles
1543 5338 1697 5399 vires
1743 5337 2051 5410 concedat,
2083 5336 2255 5397 alteri

614 5420 977 5502 denegabit?
1007 5424 1176 5484 Pater
1205 5433 1294 5485 est
1322 5436 1495 5507 atque
1522 5426 1702 5489 Filius
1725 5426 1827 5507 qui
1852 5424 2249 5506 suppeditant,

618 5511 878 5584 mittunt,
924 5512 1086 5584 dant,
1139 5509 1364 5593 legunt,
1400 5525 1458 5576 et
1490 5515 1587 5575 hic
1616 5516 1937 5595 paternitas
1965 5525 2021 5575 et
2054 5512 2256 5574 ﬁliatio

619 5620 738 5664 non
768 5599 1099 5687 impediunt
1120 5601 2251 5682 suppeditationis.dutionis,missionis,

2312 3207 2457 3262 Μετά
2518 3206 2616 3284 γὰρ
2672 3206 2737 3261 τὰ
2791 3205 3188 3284 ὡμολογημένα
3231 3206 3580 3281 ἐνισταμένων
3630 3208 3809 3263 αὐτῶν
3864 3205 3958 3271 (bc;

2313 3296 2475 3351 εἶκαὶ
2544 3294 2834 3373 ἀμφότεραι
2907 3296 2959 3349 αἱ
3015 3294 3284 3373 εἰρημέναι
3341 3298 3444 3350 τῶν
3493 3293 3684 3360 λέξεων
3747 3312 3958 3352 συστοι-

2314 3384 2453 3463 χίαι,
2509 3384 2597 3438 καὶ
2666 3382 2725 3437 ἐκ
2782 3389 2873 3438 τοῦ
2902 3385 3104 3461 Πατρὸς
3173 3382 3540 3461 θεολογοὺνται
3607 3384 3697 3439 καὶ
3756 3381 3820 3438 ὲκ
3870 3383 3958 3434 τοῦ

2317 3474 2459 3544 Υἱού,
2497 3468 2615 3526 ἀλλ’
2646 3472 2681 3536 η
2740 3471 2838 3538 τῆς
2898 3473 3230 3550 πατρότητος
3284 3473 3371 3527 καὶ
3438 3472 3678 3539 υἱότητος
3742 3467 3959 3546 διαφορὰ

2313 3565 2381 3636 τῇ
2440 3564 2535 3635 μιᾷ
2582 3564 2687 3614 τῶν
2738 3566 3056 3637 συστοιχιῶν
3118 3564 3180 3634 τῇ
3235 3561 3333 3625 τῆς
3404 3557 3656 3635 διανομῆς
3717 3556 3958 3625 δηλονότι

2314 3646 2608 3723 δηλωικῇ,
2680 3645 2847 3721 μηδὲν
2905 3645 3152 3715 εμποδὼν
3212 3649 3339 3725 πρὸς
3409 3647 3632 3713 ἑνότητα
3705 3644 3956 3726 γινομένη

2315 3739 2407 3792 τοῦ
2439 3737 2638 3814 Πατρὸς
2671 3756 2728 3790 τε
2771 3737 2858 3791 καὶ
2888 3743 2980 3791 τοῦ
3050 3736 3191 3804 Υἱοῦ,
3253 3736 3469 3815 θατέραν
3517 3738 3709 3815 αὑτῶν,
3745 3736 3845 3800 τῆν
3873 3739 3958 3787 τοῦ

2316 3825 2557 3904 προϊέναι
2619 3825 2777 3903 φηρὶ,
2841 3824 3214 3903 προέρχεσθαι,
3275 3828 3617 3903 προχεῖσθαι,
3675 3823 3957 3902 πηγαίζειν,

2316 3915 2403 3968 καὶ
2430 3909 2756 3992 ἀναϐλύζειν,
2822 3911 2906 3968 ἐπὶ
2950 3914 3045 3987 μὲν
3075 3915 3277 3990 Πατρὸς
3336 3915 3405 3975 εἰς
3450 3910 3674 3983 δήλωσιν
3731 3918 3829 3978 τῆς
3874 3907 3957 3963 τοῦ

2319 4003 2623 4076 Πνεύματος
2681 4004 2913 4057 νοεῖσθαι
2981 4001 3248 4081 ὑπάρξεως
3307 3999 3537 4082 δίδωσιν,
3611 4001 3696 4057 ἐπὶ
3755 4000 3810 4056 δὲ
3868 4002 3953 4053 τοῦ

2321 4093 2441 4146 ι’ἱού
2510 4090 2647 4147 ἀντὶ,
2693 4090 2954 4170 χορηγίας
3025 4093 3110 4146 καὶ
3154 4089 3373 4166 δόσεως,
3436 4090 3694 4167 πέμψεώς
3767 4110 3825 4146 τε
3871 4085 3954 4169 tui

2320 4177 2645 4251 ἀποστολῆς,
2703 4179 2981 4256 ἀναγριάζει
3052 4177 3424 4255 λομϐάνεσθαι,
3507 4181 3569 4234 σὺ
3625 4181 3761 4254 μετά
3816 4171 3951 4251 παῤ·

2321 4266 2503 4345 ρησίας
2549 4266 2779 4333 πολλῆς.
2820 4254 2898 4320 ντιὶ
2958 4264 3196 4346 μάταιοι,
3254 4254 3621 4345 πρὸςίαύτοὺς
3680 4266 3841 4350 ἐρεῖς,
3871 4262 3954 4350 ita?

2324 4354 2529 4422 πολλὴν
2573 4356 2671 4423 τὴν
2715 4362 2804 4411 τοῦ
2848 4355 3021 4410 Σατάν
3059 4356 3351 4429 ὁμοιότητα
3394 4354 3480 4412 ἐπὶ
3533 4362 3601 4433 τῇ
3645 4348 3845 4429 σπουδῇ
3869 4348 3953 4405 τοῦ

2325 4451 2429 4501 τῶν
2490 4444 2819 4511 Ἐκκλησιὼν
2864 4442 3272 4519 ἐπιδεικνύμενοι
3317 4456 3635 4524 σχίσματος,
3695 4444 3813 4523 εἷ’γε
3864 4438 3954 4505 τῆς

2329 4538 2655 4617 πατρότητος
2710 4539 2802 4593 καὶ
2853 4539 3093 4602 υἱὸτητος
3137 4540 3171 4605 ἡ
3202 4536 3419 4618 διαφορὰ
3460 4540 3559 4606 τὴν
3616 4545 3718 4593 τῶν
3760 4538 3845 4594 επὶ
3871 4542 3954 4589 του

2330 4628 2532 4705 Ιιλτρὸς
2591 4627 2680 4682 ἐπὶ
2719 4627 2953 4701 σημασέᾳ
2996 4626 3093 4693 τῆς
3176 4637 3268 4686 τοῦ
3348 4628 3649 4702 [Ινεύματος
3704 4622 3953 4707 ὑπάρξεως

2330 4715 2658 4795 λεγομένων,
2713 4718 2806 4771 καὶ
2873 4718 2933 4771 τὸ
2987 4715 3315 4792 ἐκπορευτῶς
3358 4714 3678 4791 δυναμένων,
3724 4717 3809 4773 καὶ
3850 4705 3954 4766 κατ’

2331 4792 2492 4859 αἰτίαν
2535 4792 2725 4868 λέξεων
2765 4804 3118 4881 ἀπαρίθμησιν
3177 4806 3248 4867 εἷς
3304 4804 3606 4879 ὁμωνυμίαν
3662 4802 3789 4882 εἶχε
3821 4837 3825 4841 ι
3852 4792 3954 4875 τρέ·

2331 4913 2447 4949 πειν
2492 4892 2575 4948 ἐπὶ
2616 4893 2755 4972 Υἱοῡ,
2797 4894 2880 4948 καὶ
2928 4892 3012 4948 ἐπί
3067 4898 3173 4948 τῶν
3230 4895 3303 4956 εἰς
3347 4891 3576 4963 δήλωσιν
3647 4898 3746 4959 τῆς
3792 4888 3953 4955 διανοή

2334 4982 2438 5058 μῆς
2508 4978 2920 5058 λαμϐανομένων
2986 4989 3077 5038 τοῦ
3120 4983 3442 5056 Πνεύματος,
3504 4979 3726 5048 ἠδύνατο
3781 4979 3851 5059 ἂν⁷
3904 4974 3954 5027 τὸ

2334 5071 2480 5132 αύτό.
2520 5070 2621 5127 Νῦν
2649 5069 2704 5125 δὲ
2747 5074 3007 5144 οὔτοῦτο,
3055 5068 3175 5126 ἀλλ’
3219 5072 3292 5134 ὡς
3335 5073 3421 5126 καὶ
3481 5072 3634 5142 ὑμετς
3707 5069 3845 5125 αὒτοὶ
3871 5066 3951 5146 εὖτ

2336 5166 2726 5235 γνωμονοῡντες
2759 5157 2812 5213 ἐν
2842 5159 3012 5231 τούτῳ
3040 5159 3194 5238 φατὲ,
3236 5161 3269 5228 ἡ
3331 5159 3423 5234 μία
3491 5160 3595 5216 τῶν
3653 5151 3953 5236 συστοιχιιῖΝ

2336 5248 2522 5314 ἐπίσης
2553 5249 2639 5303 καὶ
2667 5244 2757 5325 δέχ
2764 5269 2793 5302 α
2840 5246 3118 5313 διαστολῆς
3151 5257 3359 5306 οιασοῦν
3388 5248 3451 5302 τὰ
3504 5269 3566 5325 γε
3618 5249 3690 5310 εἷς
3746 5248 3841 5314 τὴν
3868 5245 3954 5304 τῆς

2336 5335 2590 5411 διανομῆς
2620 5346 2710 5393 τοὺ
2758 5336 3056 5409 Πνεύματος
3115 5332 3367 5406 δήλωσιν,
3421 5338 3508 5392 καὶ
3537 5336 3596 5391 ἐκ
3652 5342 3743 5392 τοῦ
3774 5329 3954 5408 Πατρός

2337 5424 2688 5502 θεολογεῗται,
2734 5426 2822 5480 καὶ
2860 5423 2925 5480 ἐκ
2966 5432 3056 5482 τοῦ
3122 5425 3259 5480 Υἱοῦ.
3325 5425 3420 5483 Καὶ
3473 5422 3578 5483 οὐδ’
3622 5417 3774 5500 ὃμέἴς
3830 5415 3955 5478 αὖτοῖ

2339 5514 2429 5571 ἕνα
2484 5514 2574 5569 τοῦ
2631 5514 2930 5588 Πνεύματος
2975 5514 3236 5594 χορηγὸν,
3310 5514 3395 5569 καὶ
3465 5510 3659 5588 δοτῆρα
3714 5512 3803 5569 ἕνα
3877 5509 3955 5562 τοί)

2344 5604 2663 5675 Πνεύματος,
2754 5602 2803 5657 ἓν
2878 5609 2972 5668 τῆς
3027 5610 3117 5657 τοῦ
3162 5603 3462 5678 Πιεύματος
3532 5601 3831 5669 ἀποστολῆς
3882 5593 3955 5652 καὶ
