  <div class='ocr_page' id='page_1' title='image "/cluster/home/n/w/nwhite01/storage/ocr_20150623/141/mdp.39015078384206/190.png"; bbox 0 0 4178 6286; ppageno 0'>
   <div class='ocr_carea' id='block_1_1' title="bbox 276 396 3657 478">
    <p class='ocr_par' dir='ltr' id='par_1_1' title="bbox 276 396 3657 478">
     <span class='ocr_line' id='line_1_1' title="bbox 276 396 3657 478; baseline 0.002 -13"><span class='ocrx_word' id='word_1_1' title='bbox 276 397 398 465; x_wconf 83' lang='lat'><strong>365</strong></span> <span class='ocrx_word' id='word_1_2' title='bbox 1481 396 1582 466; x_wconf 73' lang='lat' dir='ltr'><strong>AD</strong></span> <span class='ocrx_word' id='word_1_3' title='bbox 1628 400 1973 471; x_wconf 83' lang='lat' dir='ltr'><strong>CONSTAN</strong></span> <span class='ocrx_word' id='word_1_4' title='bbox 1985 402 2235 468; x_wconf 87' lang='lat' dir='ltr'><strong>TINUM</strong></span> <span class='ocrx_word' id='word_1_5' title='bbox 2280 398 2426 469; x_wconf 90' lang='lat' dir='ltr'><strong>LIB.</strong></span> <span class='ocrx_word' id='word_1_6' title='bbox 2478 398 2557 469; x_wconf 87' lang='grc' dir='ltr'><strong>ΙΙ.</strong></span> <span class='ocrx_word' id='word_1_7' title='bbox 3536 404 3657 478; x_wconf 84' lang='lat'><strong>366</strong></span> 
     </span>
    </p>
   </div>
   <div class='ocr_carea' id='block_1_2' title="bbox 274 535 1927 615">
    <p class='ocr_par' dir='ltr' id='par_1_2' title="bbox 274 535 1927 615">
     <span class='ocr_line' id='line_1_2' title="bbox 274 535 1927 615; baseline 0 -22"><span class='ocrx_word' id='word_1_8' title='bbox 274 535 540 612; x_wconf 83' lang='grc' dir='ltr'>πέμψεως</span> <span class='ocrx_word' id='word_1_9' title='bbox 573 538 747 594; x_wconf 81' lang='grc' dir='ltr'>αἴτιον</span> <span class='ocrx_word' id='word_1_10' title='bbox 776 540 864 595; x_wconf 79' lang='grc' dir='ltr'><strong>τὸν</strong></span> <span class='ocrx_word' id='word_1_11' title='bbox 895 536 1102 615; x_wconf 82' lang='grc' dir='ltr'>Πατέρα</span> <span class='ocrx_word' id='word_1_12' title='bbox 1156 536 1329 613; x_wconf 75' lang='grc' dir='ltr'>λέγειν</span> <span class='ocrx_word' id='word_1_13' title='bbox 1390 539 1471 594; x_wconf 66' lang='grc' dir='ltr'>οιαὶ</span> <span class='ocrx_word' id='word_1_14' title='bbox 1526 540 1616 594; x_wconf 83' lang='grc' dir='ltr'><strong>τὸν</strong></span> <span class='ocrx_word' id='word_1_15' title='bbox 1656 544 1773 600; x_wconf 79' lang='grc' dir='ltr'>Υίὸν</span> <span class='ocrx_word' id='word_1_16' title='bbox 1804 539 1927 594; x_wconf 75' lang='grc' dir='ltr'>ἀναε</span> 
     </span>
    </p>
   </div>
   <div class='ocr_carea' id='block_1_3' title="bbox 2009 535 3655 615">
    <p class='ocr_par' dir='ltr' id='par_1_3' title="bbox 2016 537 3655 615">
     <span class='ocr_line' id='line_1_3' title="bbox 2016 537 3655 615; baseline 0.007 -20"><span class='ocrx_word' id='word_1_17' title='bbox 2016 543 2191 615; x_wconf 90' lang='lat' dir='ltr'><strong>atque</strong></span> <span class='ocrx_word' id='word_1_18' title='bbox 2212 537 2522 614; x_wconf 90' lang='lat' dir='ltr'><strong>legationis</strong></span> <span class='ocrx_word' id='word_1_19' title='bbox 2545 539 2826 601; x_wconf 89' lang='lat' dir='ltr'><strong>unionem</strong></span> <span class='ocrx_word' id='word_1_20' title='bbox 2855 559 2868 603; x_wconf 91' lang='lat'><strong>:</strong></span> <span class='ocrx_word' id='word_1_21' title='bbox 2895 550 2953 602; x_wconf 90' lang='lat' dir='ltr'><strong>et</strong></span> <span class='ocrx_word' id='word_1_22' title='bbox 2969 561 3105 604; x_wconf 93' lang='lat' dir='ltr'><strong>cum</strong></span> <span class='ocrx_word' id='word_1_23' title='bbox 3127 562 3195 604; x_wconf 86' lang='lat' dir='ltr'><strong>ex</strong></span> <span class='ocrx_word' id='word_1_24' title='bbox 3220 546 3388 606; x_wconf 87' lang='lat' dir='ltr'><strong>Patre</strong></span> <span class='ocrx_word' id='word_1_25' title='bbox 3418 553 3477 606; x_wconf 86' lang='lat' dir='ltr'><strong>et</strong></span> <span class='ocrx_word' id='word_1_26' title='bbox 3504 546 3655 608; x_wconf 88' lang='lat' dir='ltr'><strong>Filio</strong></span> 
     </span>
    </p>
   </div>
   <div class='ocr_carea' id='block_1_4' title="bbox 272 623 1927 707">
    <p class='ocr_par' dir='ltr' id='par_1_4' title="bbox 272 623 1927 701">
     <span class='ocr_line' id='line_1_4' title="bbox 272 623 1927 701; baseline 0.002 -20"><span class='ocrx_word' id='word_1_27' title='bbox 272 623 591 688; x_wconf 69' lang='grc' dir='ltr'>ϐἰλλεοθαι.</span> <span class='ocrx_word' id='word_1_28' title='bbox 626 626 749 689; x_wconf 82' lang='grc' dir='ltr'>Πῶς</span> <span class='ocrx_word' id='word_1_29' title='bbox 780 629 889 701; x_wconf 73' lang='grc' dir='ltr'>οὖν,</span> <span class='ocrx_word' id='word_1_30' title='bbox 925 623 1124 683; x_wconf 82' lang='grc' dir='ltr'>καὶδιά</span> <span class='ocrx_word' id='word_1_31' title='bbox 1166 626 1304 693; x_wconf 78' lang='grc' dir='ltr'>τίνα,</span> <span class='ocrx_word' id='word_1_32' title='bbox 1366 627 1455 681; x_wconf 80' lang='grc' dir='ltr'>καὶ</span> <span class='ocrx_word' id='word_1_33' title='bbox 1512 641 1672 684; x_wconf 84' lang='grc' dir='ltr'>ποῖον</span> <span class='ocrx_word' id='word_1_34' title='bbox 1715 632 1807 687; x_wconf 84' lang='grc' dir='ltr'><strong>τὸν</strong></span> <span class='ocrx_word' id='word_1_35' title='bbox 1836 628 1927 685; x_wconf 80' lang='grc' dir='ltr'><strong>λό-</strong></span> 
     </span>
    </p>
   </div>
   <div class='ocr_carea' id='block_1_5' title="bbox 2009 623 3658 707">
    <p class='ocr_par' dir='ltr' id='par_1_5' title="bbox 2019 626 3658 707">
     <span class='ocr_line' id='line_1_5' title="bbox 2019 626 3658 707; baseline 0.007 -25"><span class='ocrx_word' id='word_1_36' title='bbox 2019 626 2316 702; x_wconf 78' lang='lat' dir='ltr'><strong>progredi,</strong></span> <span class='ocrx_word' id='word_1_37' title='bbox 2351 627 2686 706; x_wconf 84' lang='lat' dir='ltr'><strong>provenire,</strong></span> <span class='ocrx_word' id='word_1_38' title='bbox 2720 629 3019 707; x_wconf 82' lang='lat' dir='ltr'><strong>profundi,</strong></span> <span class='ocrx_word' id='word_1_39' title='bbox 3053 631 3277 697; x_wconf 85' lang='lat' dir='ltr'><strong>eﬂ&#39;undi</strong></span> <span class='ocrx_word' id='word_1_40' title='bbox 3312 642 3367 694; x_wconf 93' lang='lat' dir='ltr'><strong>et</strong></span> <span class='ocrx_word' id='word_1_41' title='bbox 3419 633 3658 696; x_wconf 78' lang='lat' dir='ltr'><strong>exsilire</strong></span> 
     </span>
    </p>
   </div>
   <div class='ocr_carea' id='block_1_6' title="bbox 273 709 1927 797">
    <p class='ocr_par' dir='ltr' id='par_1_6' title="bbox 273 713 1927 795">
     <span class='ocr_line' id='line_1_6' title="bbox 273 713 1927 795; baseline 0.004 -27"><span class='ocrx_word' id='word_1_42' title='bbox 273 736 375 791; x_wconf 83' lang='grc' dir='ltr'>γον</span> <span class='ocrx_word' id='word_1_43' title='bbox 437 716 517 790; x_wconf 75' lang='grc' dir='ltr'>μὴ</span> <span class='ocrx_word' id='word_1_44' title='bbox 588 714 704 772; x_wconf 81' lang='grc' dir='ltr'>καθ’</span> <span class='ocrx_word' id='word_1_45' title='bbox 750 717 884 791; x_wconf 74' lang='grc' dir='ltr'>ὑμᾶς</span> <span class='ocrx_word' id='word_1_46' title='bbox 955 736 1035 777; x_wconf 90' lang='grc' dir='ltr'><strong>τις</strong></span> <span class='ocrx_word' id='word_1_47' title='bbox 1088 713 1405 795; x_wconf 72' lang='grc' dir='ltr'>τυφλώττων</span> <span class='ocrx_word' id='word_1_48' title='bbox 1456 716 1558 771; x_wconf 75' lang='grc' dir='ltr'>ὑπὸ</span> <span class='ocrx_word' id='word_1_49' title='bbox 1613 721 1799 783; x_wconf 80' lang='grc' dir='ltr'>κακίας</span> <span class='ocrx_word' id='word_1_50' title='bbox 1869 723 1927 794; x_wconf 66' lang='grc' dir='ltr'><strong>τῇ</strong></span> 
     </span>
    </p>
   </div>
   <div class='ocr_carea' id='block_1_7' title="bbox 2009 709 3658 797">
    <p class='ocr_par' dir='ltr' id='par_1_7' title="bbox 2018 709 3658 797">
     <span class='ocr_line' id='line_1_7' title="bbox 2018 709 3658 797; baseline 0.007 -24"><span class='ocrx_word' id='word_1_51' title='bbox 2018 709 2302 791; x_wconf 80' lang='lat' dir='ltr'><strong>Spiritum</strong></span> <span class='ocrx_word' id='word_1_52' title='bbox 2334 715 2572 782; x_wconf 77' lang='lat' dir='ltr'><strong>auditis.</strong></span> <span class='ocrx_word' id='word_1_53' title='bbox 2605 724 2724 776; x_wconf 89' lang='lat' dir='ltr'><strong>tum</strong></span> <span class='ocrx_word' id='word_1_54' title='bbox 2755 719 3122 797; x_wconf 89' lang='lat' dir='ltr'><strong>paternitatis</strong></span> <span class='ocrx_word' id='word_1_55' title='bbox 3142 729 3201 781; x_wconf 91' lang='lat' dir='ltr'><strong>et</strong></span> <span class='ocrx_word' id='word_1_56' title='bbox 3230 720 3529 783; x_wconf 83' lang='lat' dir='ltr'><strong>ﬁliationis</strong></span> <span class='ocrx_word' id='word_1_57' title='bbox 3548 721 3658 784; x_wconf 87' lang='lat' dir='ltr'><strong>dif-</strong></span> 
     </span>
    </p>
   </div>
   <div class='ocr_carea' id='block_1_8' title="bbox 278 798 1927 886">
    <p class='ocr_par' dir='ltr' id='par_1_8' title="bbox 278 798 1927 886">
     <span class='ocr_line' id='line_1_8' title="bbox 278 798 1927 886; baseline 0.001 -28"><span class='ocrx_word' id='word_1_58' title='bbox 278 825 379 877; x_wconf 69' lang='grc' dir='ltr'><strong>μιᾳ</strong></span> <span class='ocrx_word' id='word_1_59' title='bbox 412 808 519 859; x_wconf 84' lang='grc' dir='ltr'><strong>τῶν</strong></span> <span class='ocrx_word' id='word_1_60' title='bbox 561 804 877 883; x_wconf 69' lang='grc' dir='ltr'>συποιχιῶν</span> <span class='ocrx_word' id='word_1_61' title='bbox 906 803 969 859; x_wconf 78' lang='grc' dir='ltr'>τὸ</span> <span class='ocrx_word' id='word_1_62' title='bbox 1009 799 1318 878; x_wconf 75' lang='grc' dir='ltr'>ἱσοδύναμον</span> <span class='ocrx_word' id='word_1_63' title='bbox 1362 798 1558 875; x_wconf 81' lang='grc' dir='ltr'>διδοὺς,</span> <span class='ocrx_word' id='word_1_64' title='bbox 1621 804 1705 863; x_wconf 79' lang='grc' dir='ltr'><strong>ἐπ’</strong></span> <span class='ocrx_word' id='word_1_65' title='bbox 1735 808 1927 886; x_wconf 60' lang='grc' dir='ltr'>ἀμφοῖν</span> 
     </span>
    </p>
   </div>
   <div class='ocr_carea' id='block_1_9' title="bbox 2009 798 3658 886">
    <p class='ocr_par' dir='ltr' id='par_1_9' title="bbox 2017 799 3658 884">
     <span class='ocr_line' id='line_1_9' title="bbox 2017 799 3658 884; baseline 0.007 -25"><span class='ocrx_word' id='word_1_66' title='bbox 2017 799 2327 863; x_wconf 90' lang='lat' dir='ltr'><strong>ferentiam</strong></span> <span class='ocrx_word' id='word_1_67' title='bbox 2355 804 2760 884; x_wconf 79' lang='lat' dir='ltr'><strong>homonymias</strong></span> <span class='ocrx_word' id='word_1_68' title='bbox 2790 805 3115 870; x_wconf 74' lang='lat' dir='ltr'><strong>dictionum</strong></span> <span class='ocrx_word' id='word_1_69' title='bbox 3161 809 3358 871; x_wconf 90' lang='lat' dir='ltr'><strong>dicitis</strong></span> <span class='ocrx_word' id='word_1_70' title='bbox 3386 808 3658 873; x_wconf 81' lang='lat' dir='ltr'><strong>inferre?</strong></span> 
     </span>
    </p>
   </div>
   <div class='ocr_carea' id='block_1_10' title="bbox 274 886 1927 978">
    <p class='ocr_par' dir='ltr' id='par_1_10' title="bbox 274 890 1927 973">
     <span class='ocr_line' id='line_1_10' title="bbox 274 890 1927 973; baseline 0.002 -26"><span class='ocrx_word' id='word_1_71' title='bbox 274 892 382 958; x_wconf 79' lang='grc' dir='ltr'>τὴν</span> <span class='ocrx_word' id='word_1_72' title='bbox 434 890 614 968; x_wconf 74' lang='grc' dir='ltr'>ἑτέραν</span> <span class='ocrx_word' id='word_1_73' title='bbox 684 892 873 949; x_wconf 86' lang='grc' dir='ltr'>τούτου</span> <span class='ocrx_word' id='word_1_74' title='bbox 946 891 1374 971; x_wconf 74' lang='grc' dir='ltr'>ἀποστερήσειες</span> <span class='ocrx_word' id='word_1_75' title='bbox 1435 894 1617 973; x_wconf 77' lang='grc' dir='ltr'>Πατὴρ</span> <span class='ocrx_word' id='word_1_76' title='bbox 1676 895 1791 952; x_wconf 77' lang='grc' dir='ltr'>ἐστι</span> <span class='ocrx_word' id='word_1_77' title='bbox 1849 897 1927 952; x_wconf 70' lang='grc' dir='ltr'><strong>καῖ</strong></span> 
     </span>
    </p>
   </div>
   <div class='ocr_carea' id='block_1_11' title="bbox 2009 886 3656 978">
    <p class='ocr_par' dir='ltr' id='par_1_11' title="bbox 2017 886 3656 978">
     <span class='ocr_line' id='line_1_11' title="bbox 2017 886 3656 978; baseline 0.007 -29"><span class='ocrx_word' id='word_1_78' title='bbox 2017 886 2141 978; x_wconf 89' lang='lat' dir='ltr'><strong>Heu</strong></span> <span class='ocrx_word' id='word_1_79' title='bbox 2174 890 2371 952; x_wconf 89' lang='lat' dir='ltr'><strong>cordis</strong></span> <span class='ocrx_word' id='word_1_80' title='bbox 2401 892 2702 955; x_wconf 83' lang='lat' dir='ltr'><strong>duritiem!</strong></span> <span class='ocrx_word' id='word_1_81' title='bbox 2725 892 2854 956; x_wconf 89' lang='lat' dir='ltr'><strong>Heu</strong></span> <span class='ocrx_word' id='word_1_82' title='bbox 2879 895 3656 978; x_wconf 85' lang='lat' dir='ltr'><strong>ﬁduciam,quamadversus</strong></span> 
     </span>
    </p>
   </div>
   <div class='ocr_carea' id='block_1_12' title="bbox 290 976 1927 1062">
    <p class='ocr_par' dir='ltr' id='par_1_12' title="bbox 290 976 1927 1059">
     <span class='ocr_line' id='line_1_12' title="bbox 290 976 1927 1059; baseline 0.003 -24"><span class='ocrx_word' id='word_1_83' title='bbox 290 981 409 1043; x_wconf 70' lang='grc' dir='ltr'><strong>Υἱὸς</strong></span> <span class='ocrx_word' id='word_1_84' title='bbox 442 983 490 1037; x_wconf 78' lang='grc' dir='ltr'><strong>οἱ</strong></span> <span class='ocrx_word' id='word_1_85' title='bbox 561 986 945 1059; x_wconf 70' lang='grc' dir='ltr'><strong>χορηγοῦντες,</strong></span> <span class='ocrx_word' id='word_1_86' title='bbox 1007 982 1053 1035; x_wconf 75' lang='grc' dir='ltr'><strong>οἱ</strong></span> <span class='ocrx_word' id='word_1_87' title='bbox 1110 976 1360 1058; x_wconf 71' lang='grc' dir='ltr'>διδόντες,</span> <span class='ocrx_word' id='word_1_88' title='bbox 1416 982 1715 1053; x_wconf 80' lang='grc' dir='ltr'>πέμποντές</span> <span class='ocrx_word' id='word_1_89' title='bbox 1744 1004 1802 1040; x_wconf 88' lang='grc' dir='ltr'><strong>τε</strong></span> <span class='ocrx_word' id='word_1_90' title='bbox 1845 986 1927 1040; x_wconf 77' lang='grc' dir='ltr'><strong>καὶ</strong></span> 
     </span>
    </p>
   </div>
   <div class='ocr_carea' id='block_1_13' title="bbox 2009 976 3654 1062">
    <p class='ocr_par' dir='ltr' id='par_1_13' title="bbox 2014 976 3654 1062">
     <span class='ocr_line' id='line_1_13' title="bbox 2014 976 3654 1062; baseline 0.009 -27"><span class='ocrx_word' id='word_1_91' title='bbox 2014 977 2316 1040; x_wconf 86' lang='lat' dir='ltr'><strong>veritatem</strong></span> <span class='ocrx_word' id='word_1_92' title='bbox 2348 980 2726 1043; x_wconf 86' lang='lat' dir='ltr'><strong>mendacium</strong></span> <span class='ocrx_word' id='word_1_93' title='bbox 2756 983 3076 1062; x_wconf 57' lang='lat' dir='ltr'><strong>praisefert.</strong></span> <span class='ocrx_word' id='word_1_94' title='bbox 3128 976 3265 1048; x_wconf 74' lang='lat' dir='ltr'><strong>Haec</strong></span> <span class='ocrx_word' id='word_1_95' title='bbox 3297 987 3371 1048; x_wconf 92' lang='lat' dir='ltr'><strong>ad</strong></span> <span class='ocrx_word' id='word_1_96' title='bbox 3404 988 3654 1050; x_wconf 87' lang='lat' dir='ltr'><strong>menda-</strong></span> 
     </span>
    </p>
   </div>
   <div class='ocr_carea' id='block_1_14' title="bbox 274 1066 1927 1146">
    <p class='ocr_par' dir='ltr' id='par_1_14' title="bbox 274 1066 1927 1146">
     <span class='ocr_line' id='line_1_14' title="bbox 274 1066 1927 1146; baseline 0.004 -24"><span class='ocrx_word' id='word_1_97' title='bbox 274 1066 721 1141; x_wconf 77' lang='grc' dir='ltr'><strong>ἀποστέλλοντες,</strong></span> <span class='ocrx_word' id='word_1_98' title='bbox 796 1069 881 1124; x_wconf 74' lang='grc' dir='ltr'><strong>καὶ</strong></span> <span class='ocrx_word' id='word_1_99' title='bbox 935 1066 971 1132; x_wconf 74' lang='grc' dir='ltr'><strong>ἡ</strong></span> <span class='ocrx_word' id='word_1_100' title='bbox 1029 1068 1299 1146; x_wconf 81' lang='grc' dir='ltr'>πατρότης</span> <span class='ocrx_word' id='word_1_101' title='bbox 1341 1068 1556 1125; x_wconf 75' lang='grc' dir='ltr'>ἐνταῦθα</span> <span class='ocrx_word' id='word_1_102' title='bbox 1600 1073 1686 1127; x_wconf 84' lang='grc' dir='ltr'>καὶ</span> <span class='ocrx_word' id='word_1_103' title='bbox 1748 1072 1927 1139; x_wconf 82' lang='grc' dir='ltr'>υἱότης</span> 
     </span>
    </p>
   </div>
   <div class='ocr_carea' id='block_1_15' title="bbox 272 1154 1927 1236">
    <p class='ocr_par' dir='ltr' id='par_1_15' title="bbox 272 1154 1927 1236">
     <span class='ocr_line' id='line_1_15' title="bbox 272 1154 1927 1236; baseline 0.004 -26"><span class='ocrx_word' id='word_1_104' title='bbox 272 1154 425 1212; x_wconf 71' lang='grc' dir='ltr'>οὗδὲν</span> <span class='ocrx_word' id='word_1_105' title='bbox 457 1155 700 1230; x_wconf 81' lang='grc' dir='ltr'>ἐμποδὼν</span> <span class='ocrx_word' id='word_1_106' title='bbox 771 1159 902 1235; x_wconf 78' lang='grc' dir='ltr'>πρὸς</span> <span class='ocrx_word' id='word_1_107' title='bbox 959 1156 1058 1223; x_wconf 73' lang='grc' dir='ltr'><strong>τὴν</strong></span> <span class='ocrx_word' id='word_1_108' title='bbox 1117 1158 1214 1222; x_wconf 79' lang='grc' dir='ltr'>τῆς</span> <span class='ocrx_word' id='word_1_109' title='bbox 1272 1160 1535 1236; x_wconf 80' lang='grc' dir='ltr'><strong>χορηγίας</strong></span> <span class='ocrx_word' id='word_1_110' title='bbox 1590 1161 1677 1216; x_wconf 85' lang='grc' dir='ltr'><strong>καὶ</strong></span> <span class='ocrx_word' id='word_1_111' title='bbox 1732 1159 1927 1226; x_wconf 83' lang='grc' dir='ltr'><strong>δόσεως</strong></span> 
     </span>
    </p>
   </div>
   <div class='ocr_carea' id='block_1_16' title="bbox 274 1245 1929 1321">
    <p class='ocr_par' dir='ltr' id='par_1_16' title="bbox 274 1245 1929 1321">
     <span class='ocr_line' id='line_1_16' title="bbox 274 1245 1929 1321; baseline 0.003 -22"><span class='ocrx_word' id='word_1_112' title='bbox 274 1245 507 1311; x_wconf 75' lang='grc' dir='ltr'>ὲνύτητα</span> <span class='ocrx_word' id='word_1_113' title='bbox 534 1245 789 1321; x_wconf 84' lang='grc' dir='ltr'>πέμψεως</span> <span class='ocrx_word' id='word_1_114' title='bbox 860 1266 919 1301; x_wconf 88' lang='grc' dir='ltr'><strong>τε</strong></span> <span class='ocrx_word' id='word_1_115' title='bbox 1002 1246 1090 1301; x_wconf 78' lang='grc' dir='ltr'><strong>καὶ</strong></span> <span class='ocrx_word' id='word_1_116' title='bbox 1146 1245 1446 1313; x_wconf 78' lang='grc' dir='ltr'>ἀποστολῆς</span> <span class='ocrx_word' id='word_1_117' title='bbox 1482 1251 1497 1277; x_wconf 86' lang='grc'>⁶</span> <span class='ocrx_word' id='word_1_118' title='bbox 1559 1250 1646 1304; x_wconf 81' lang='grc' dir='ltr'><strong>καὶ</strong></span> <span class='ocrx_word' id='word_1_119' title='bbox 1689 1248 1815 1304; x_wconf 82' lang='grc' dir='ltr'>ὅταν</span> <span class='ocrx_word' id='word_1_120' title='bbox 1870 1248 1929 1304; x_wconf 76' lang='grc' dir='ltr'><strong>ἐκ</strong></span> 
     </span>
    </p>
   </div>
   <div class='ocr_carea' id='block_1_17' title="bbox 279 1333 1923 1416">
    <p class='ocr_par' dir='ltr' id='par_1_17' title="bbox 279 1333 1923 1416">
     <span class='ocr_line' id='line_1_17' title="bbox 279 1333 1923 1416; baseline 0.002 -28"><span class='ocrx_word' id='word_1_121' title='bbox 279 1335 484 1411; x_wconf 75' lang='grc' dir='ltr'>[ἰατρὸς</span> <span class='ocrx_word' id='word_1_122' title='bbox 514 1333 752 1390; x_wconf 78' lang='grc' dir='ltr'>ἀκούοιτε</span> <span class='ocrx_word' id='word_1_123' title='bbox 779 1336 868 1390; x_wconf 83' lang='grc' dir='ltr'>καὶ</span> <span class='ocrx_word' id='word_1_124' title='bbox 909 1339 1001 1389; x_wconf 76' lang='grc' dir='ltr'>τοῦ</span> <span class='ocrx_word' id='word_1_125' title='bbox 1069 1335 1189 1392; x_wconf 76' lang='grc' dir='ltr'>Υἱοῦ</span> <span class='ocrx_word' id='word_1_126' title='bbox 1245 1335 1455 1412; x_wconf 66' lang='grc' dir='ltr'>προϊὸν,</span> <span class='ocrx_word' id='word_1_127' title='bbox 1504 1337 1923 1416; x_wconf 66' lang='grc' dir='ltr'>προερχόμενον,</span> 
     </span>
    </p>
   </div>
   <div class='ocr_carea' id='block_1_18' title="bbox 276 1421 1919 1501">
    <p class='ocr_par' dir='ltr' id='par_1_18' title="bbox 276 1421 1919 1501">
     <span class='ocr_line' id='line_1_18' title="bbox 276 1421 1919 1501; baseline 0.002 -24"><span class='ocrx_word' id='word_1_128' title='bbox 276 1421 671 1501; x_wconf 81' lang='grc' dir='ltr'>προχεόμενον,</span> <span class='ocrx_word' id='word_1_129' title='bbox 742 1421 982 1499; x_wconf 80' lang='grc' dir='ltr'>πηγάζον</span> <span class='ocrx_word' id='word_1_130' title='bbox 1026 1423 1085 1477; x_wconf 83' lang='grc' dir='ltr'><strong>τὸ</strong></span> <span class='ocrx_word' id='word_1_131' title='bbox 1167 1427 1379 1497; x_wconf 76' lang='grc' dir='ltr'>Πνεῦμα</span> <span class='ocrx_word' id='word_1_132' title='bbox 1465 1425 1553 1479; x_wconf 82' lang='grc' dir='ltr'><strong>καὶ</strong></span> <span class='ocrx_word' id='word_1_133' title='bbox 1615 1422 1919 1497; x_wconf 78' lang='grc' dir='ltr'>ἀναϐλύζον,</span> 
     </span>
    </p>
   </div>
   <div class='ocr_carea' id='block_1_19' title="bbox 276 1510 1923 1591">
    <p class='ocr_par' dir='ltr' id='par_1_19' title="bbox 276 1510 1923 1591">
     <span class='ocr_line' id='line_1_19' title="bbox 276 1510 1923 1591; baseline 0.002 -26"><span class='ocrx_word' id='word_1_134' title='bbox 276 1510 381 1576; x_wconf 73' lang='grc' dir='ltr'>τὴν</span> <span class='ocrx_word' id='word_1_135' title='bbox 414 1515 516 1577; x_wconf 81' lang='grc' dir='ltr'>τῆς</span> <span class='ocrx_word' id='word_1_136' title='bbox 546 1511 877 1590; x_wconf 84' lang='grc' dir='ltr'>πατρότητος</span> <span class='ocrx_word' id='word_1_137' title='bbox 930 1511 1018 1566; x_wconf 82' lang='grc' dir='ltr'>καὶ</span> <span class='ocrx_word' id='word_1_138' title='bbox 1063 1510 1305 1576; x_wconf 79' lang='grc' dir='ltr'>υἱότητος</span> <span class='ocrx_word' id='word_1_139' title='bbox 1364 1512 1483 1567; x_wconf 87' lang='grc' dir='ltr'>τότε</span> <span class='ocrx_word' id='word_1_140' title='bbox 1539 1510 1786 1591; x_wconf 76' lang='grc' dir='ltr'>διαφορὰν</span> <span class='ocrx_word' id='word_1_141' title='bbox 1829 1519 1923 1577; x_wconf 85' lang='grc' dir='ltr'>τὰς</span> 
     </span>
    </p>
   </div>
   <div class='ocr_carea' id='block_1_20' title="bbox 279 1595 1926 1678">
    <p class='ocr_par' dir='ltr' id='par_1_20' title="bbox 279 1595 1926 1678">
     <span class='ocr_line' id='line_1_20' title="bbox 279 1595 1926 1678; baseline 0.003 -26"><span class='ocrx_word' id='word_1_142' title='bbox 279 1597 590 1672; x_wconf 78' lang='grc' dir='ltr'>ὁμωνυμίας</span> <span class='ocrx_word' id='word_1_143' title='bbox 653 1598 783 1678; x_wconf 74' lang='grc' dir='ltr'>φατὲ</span> <span class='ocrx_word' id='word_1_144' title='bbox 833 1604 936 1653; x_wconf 82' lang='grc' dir='ltr'>τῶν</span> <span class='ocrx_word' id='word_1_145' title='bbox 981 1596 1172 1663; x_wconf 79' lang='grc' dir='ltr'><strong>λέξεων</strong></span> <span class='ocrx_word' id='word_1_146' title='bbox 1254 1595 1518 1656; x_wconf 86' lang='grc' dir='ltr'>δύνασθαι.</span> <span class='ocrx_word' id='word_1_147' title='bbox 1611 1598 1772 1656; x_wconf 77' lang='grc' dir='ltr'>Βαϐαὶ</span> <span class='ocrx_word' id='word_1_148' title='bbox 1827 1601 1926 1668; x_wconf 77' lang='grc' dir='ltr'><strong>τῆς</strong></span> 
     </span>
    </p>
   </div>
   <div class='ocr_carea' id='block_1_21' title="bbox 275 1684 1929 1768">
    <p class='ocr_par' dir='ltr' id='par_1_21' title="bbox 275 1684 1929 1768">
     <span class='ocr_line' id='line_1_21' title="bbox 275 1684 1929 1768; baseline 0.002 -27"><span class='ocrx_word' id='word_1_149' title='bbox 275 1684 622 1764; x_wconf 73' lang='grc' dir='ltr'>πωρώσεωςε</span> <span class='ocrx_word' id='word_1_150' title='bbox 678 1684 834 1763; x_wconf 77' lang='grc' dir='ltr'>βαϐαὶ</span> <span class='ocrx_word' id='word_1_151' title='bbox 876 1686 971 1753; x_wconf 66' lang='grc' dir='ltr'><strong>τῆς</strong></span> <span class='ocrx_word' id='word_1_152' title='bbox 1042 1689 1108 1753; x_wconf 75' lang='grc' dir='ltr'>ἢν</span> <span class='ocrx_word' id='word_1_153' title='bbox 1152 1687 1287 1743; x_wconf 76' lang='grc' dir='ltr'>κατὰ</span> <span class='ocrx_word' id='word_1_154' title='bbox 1341 1691 1440 1753; x_wconf 76' lang='grc' dir='ltr'>τῆς</span> <span class='ocrx_word' id='word_1_155' title='bbox 1511 1686 1755 1754; x_wconf 77' lang='grc' dir='ltr'>ἀληθείας</span> <span class='ocrx_word' id='word_1_156' title='bbox 1813 1689 1929 1768; x_wconf 81' lang='grc' dir='ltr'>ἕχει</span> 
     </span>
    </p>
   </div>
   <div class='ocr_carea' id='block_1_22' title="bbox 273 1772 1929 1856">
    <p class='ocr_par' dir='ltr' id='par_1_22' title="bbox 273 1772 1929 1856">
     <span class='ocr_line' id='line_1_22' title="bbox 273 1772 1929 1856; baseline 0.003 -28"><span class='ocrx_word' id='word_1_157' title='bbox 273 1772 571 1852; x_wconf 71' lang='grc' dir='ltr'>παρρησίας</span> <span class='ocrx_word' id='word_1_158' title='bbox 601 1779 661 1830; x_wconf 85' lang='grc' dir='ltr'>τὸ</span> <span class='ocrx_word' id='word_1_159' title='bbox 704 1772 888 1849; x_wconf 77' lang='grc' dir='ltr'>ψεὺδδς</span> <span class='ocrx_word' id='word_1_160' title='bbox 927 1774 941 1832; x_wconf 76' lang='grc' dir='ltr'><strong>ί</strong></span> <span class='ocrx_word' id='word_1_161' title='bbox 989 1777 1161 1831; x_wconf 75' lang='grc' dir='ltr'>Ταῦτα</span> <span class='ocrx_word' id='word_1_162' title='bbox 1215 1775 1344 1853; x_wconf 79' lang='grc' dir='ltr'>πρὸς</span> <span class='ocrx_word' id='word_1_163' title='bbox 1402 1775 1628 1856; x_wconf 73' lang='grc' dir='ltr'>ἔλεγχον</span> <span class='ocrx_word' id='word_1_164' title='bbox 1656 1783 1747 1832; x_wconf 81' lang='grc' dir='ltr'>τοῦ</span> <span class='ocrx_word' id='word_1_165' title='bbox 1792 1778 1929 1853; x_wconf 83' lang='grc' dir='ltr'>ψεύ-</span> 
     </span>
    </p>
   </div>
   <div class='ocr_carea' id='block_1_23' title="bbox 274 1859 1931 1946">
    <p class='ocr_par' dir='ltr' id='par_1_23' title="bbox 274 1859 1931 1946">
     <span class='ocr_line' id='line_1_23' title="bbox 274 1859 1931 1946; baseline 0.001 -27"><span class='ocrx_word' id='word_1_166' title='bbox 274 1859 395 1924; x_wconf 81' lang='grc' dir='ltr'>δους</span> <span class='ocrx_word' id='word_1_167' title='bbox 439 1861 611 1941; x_wconf 88' lang='grc' dir='ltr'>λέγων</span> <span class='ocrx_word' id='word_1_168' title='bbox 641 1867 833 1943; x_wconf 77' lang='grc' dir='ltr'>αὐτῶν,</span> <span class='ocrx_word' id='word_1_169' title='bbox 880 1863 961 1942; x_wconf 74' lang='grc' dir='ltr'><strong>ἐφ’</strong></span> <span class='ocrx_word' id='word_1_170' title='bbox 1033 1863 1120 1926; x_wconf 71' lang='grc' dir='ltr'>οἷς</span> <span class='ocrx_word' id='word_1_171' title='bbox 1186 1870 1248 1939; x_wconf 78' lang='grc' dir='ltr'>,ᾖ</span> <span class='ocrx_word' id='word_1_172' title='bbox 1293 1868 1389 1935; x_wconf 85' lang='grc' dir='ltr'><strong>μιᾷ</strong></span> <span class='ocrx_word' id='word_1_173' title='bbox 1443 1869 1546 1920; x_wconf 80' lang='grc' dir='ltr'>τῶν</span> <span class='ocrx_word' id='word_1_174' title='bbox 1606 1871 1931 1946; x_wconf 67' lang='grc' dir='ltr'>συστοιχιῶν</span> 
     </span>
    </p>
   </div>
   <div class='ocr_carea' id='block_1_24' title="bbox 274 1951 1930 2034">
    <p class='ocr_par' dir='ltr' id='par_1_24' title="bbox 274 1951 1930 2034">
     <span class='ocr_line' id='line_1_24' title="bbox 274 1951 1930 2034; baseline 0.002 -28"><span class='ocrx_word' id='word_1_175' title='bbox 274 1952 378 2018; x_wconf 74' lang='grc' dir='ltr'>τήν</span> <span class='ocrx_word' id='word_1_176' title='bbox 424 1951 484 2008; x_wconf 80' lang='grc' dir='ltr'><strong>ὲκ</strong></span> <span class='ocrx_word' id='word_1_177' title='bbox 530 1956 628 2019; x_wconf 81' lang='grc' dir='ltr'><strong>τῆς</strong></span> <span class='ocrx_word' id='word_1_178' title='bbox 672 1952 807 2008; x_wconf 76' lang='grc' dir='ltr'>κατά</span> <span class='ocrx_word' id='word_1_179' title='bbox 834 1953 933 2016; x_wconf 76' lang='grc' dir='ltr'><strong>την</strong></span> <span class='ocrx_word' id='word_1_180' title='bbox 975 1951 1279 2028; x_wconf 82' lang='grc' dir='ltr'>πατρότητα</span> <span class='ocrx_word' id='word_1_181' title='bbox 1334 1954 1421 2007; x_wconf 81' lang='grc' dir='ltr'>καὶ</span> <span class='ocrx_word' id='word_1_182' title='bbox 1464 1953 1683 2020; x_wconf 78' lang='grc' dir='ltr'>υἱότητα</span> <span class='ocrx_word' id='word_1_183' title='bbox 1744 1952 1930 2034; x_wconf 81' lang='grc' dir='ltr'>διαφο-</span> 
     </span>
    </p>
   </div>
   <div class='ocr_carea' id='block_1_25' title="bbox 280 2039 1930 2121">
    <p class='ocr_par' dir='ltr' id='par_1_25' title="bbox 280 2039 1930 2121">
     <span class='ocr_line' id='line_1_25' title="bbox 280 2039 1930 2121; baseline 0.001 -25"><span class='ocrx_word' id='word_1_184' title='bbox 280 2045 378 2114; x_wconf 85' lang='grc' dir='ltr'>ρᾶς</span> <span class='ocrx_word' id='word_1_185' title='bbox 435 2039 739 2114; x_wconf 81' lang='grc' dir='ltr'>ὁμωνεμίαν</span> <span class='ocrx_word' id='word_1_186' title='bbox 807 2041 951 2096; x_wconf 82' lang='grc' dir='ltr'>αὗτοι</span> <span class='ocrx_word' id='word_1_187' title='bbox 1029 2040 1381 2119; x_wconf 73' lang='grc' dir='ltr'>παρέχοντες,</span> <span class='ocrx_word' id='word_1_188' title='bbox 1448 2040 1636 2121; x_wconf 79' lang='grc' dir='ltr'>θατέρᾳ</span> <span class='ocrx_word' id='word_1_189' title='bbox 1714 2042 1930 2120; x_wconf 72' lang='grc' dir='ltr'>τηροῦσι</span> 
     </span>
    </p>
   </div>
   <div class='ocr_carea' id='block_1_26' title="bbox 274 2127 1927 2208">
    <p class='ocr_par' dir='ltr' id='par_1_26' title="bbox 274 2127 1927 2208">
     <span class='ocr_line' id='line_1_26' title="bbox 274 2127 1927 2208; baseline 0.002 -24"><span class='ocrx_word' id='word_1_190' title='bbox 274 2130 342 2184; x_wconf 82' lang='grc' dir='ltr'>τὸ</span> <span class='ocrx_word' id='word_1_191' title='bbox 370 2127 704 2208; x_wconf 76' lang='grc' dir='ltr'>ἰσοδύναμον,</span> <span class='ocrx_word' id='word_1_192' title='bbox 749 2129 855 2184; x_wconf 73' lang='grc' dir='ltr'>τῶν</span> <span class='ocrx_word' id='word_1_193' title='bbox 888 2133 994 2185; x_wconf 85' lang='grc' dir='ltr'>σῶν</span> <span class='ocrx_word' id='word_1_194' title='bbox 1025 2127 1201 2206; x_wconf 81' lang='grc' dir='ltr'>λόγων</span> <span class='ocrx_word' id='word_1_195' title='bbox 1266 2130 1545 2199; x_wconf 76' lang='grc' dir='ltr'>συστήσεις</span> <span class='ocrx_word' id='word_1_196' title='bbox 1607 2132 1668 2186; x_wconf 82' lang='grc' dir='ltr'>τὸ</span> <span class='ocrx_word' id='word_1_197' title='bbox 1710 2130 1927 2202; x_wconf 84' lang='grc' dir='ltr'>ἀληθές,</span> 
     </span>
    </p>
   </div>
   <div class='ocr_carea' id='block_1_27' title="bbox 274 2218 1929 2300">
    <p class='ocr_par' dir='ltr' id='par_1_27' title="bbox 274 2218 1929 2300">
     <span class='ocr_line' id='line_1_27' title="bbox 274 2218 1929 2300; baseline 0.003 -27"><span class='ocrx_word' id='word_1_198' title='bbox 274 2220 379 2285; x_wconf 75' lang='grc' dir='ltr'><strong>τὴν</strong></span> <span class='ocrx_word' id='word_1_199' title='bbox 435 2220 684 2285; x_wconf 72' lang='grc' dir='ltr'>τοιαύτην</span> <span class='ocrx_word' id='word_1_200' title='bbox 744 2221 897 2283; x_wconf 70' lang='grc' dir='ltr'>αὐτὸς</span> <span class='ocrx_word' id='word_1_201' title='bbox 952 2224 1049 2286; x_wconf 78' lang='grc' dir='ltr'>τῆς</span> <span class='ocrx_word' id='word_1_202' title='bbox 1130 2220 1462 2298; x_wconf 76' lang='grc' dir='ltr'>πατρότητος</span> <span class='ocrx_word' id='word_1_203' title='bbox 1536 2218 1785 2300; x_wconf 74' lang='grc' dir='ltr'>διαφορὰν</span> <span class='ocrx_word' id='word_1_204' title='bbox 1841 2224 1929 2278; x_wconf 85' lang='grc' dir='ltr'>καὶ</span> 
     </span>
    </p>
   </div>
   <div class='ocr_carea' id='block_1_28' title="bbox 276 2307 1926 2388">
    <p class='ocr_par' dir='ltr' id='par_1_28' title="bbox 276 2307 1926 2388">
     <span class='ocr_line' id='line_1_28' title="bbox 276 2307 1926 2388; baseline 0.002 -25"><span class='ocrx_word' id='word_1_205' title='bbox 276 2307 528 2375; x_wconf 75' lang='grc' dir='ltr'>υἱότητος</span> <span class='ocrx_word' id='word_1_206' title='bbox 556 2309 645 2363; x_wconf 81' lang='grc' dir='ltr'><strong>καὶ</strong></span> <span class='ocrx_word' id='word_1_207' title='bbox 686 2307 771 2364; x_wconf 79' lang='grc' dir='ltr'><strong>ἐπ’</strong></span> <span class='ocrx_word' id='word_1_208' title='bbox 801 2307 1003 2386; x_wconf 76' lang='grc' dir='ltr'>ἀμφοῖν</span> <span class='ocrx_word' id='word_1_209' title='bbox 1027 2321 1149 2364; x_wconf 86' lang='grc' dir='ltr'>ταῖν</span> <span class='ocrx_word' id='word_1_210' title='bbox 1207 2310 1537 2388; x_wconf 81' lang='grc' dir='ltr'>συστοιχίαιν</span> <span class='ocrx_word' id='word_1_211' title='bbox 1589 2313 1693 2366; x_wconf 79' lang='grc' dir='ltr'>τῶν</span> <span class='ocrx_word' id='word_1_212' title='bbox 1737 2309 1926 2375; x_wconf 80' lang='grc' dir='ltr'><strong>λέξεων</strong></span> 
     </span>
    </p>
   </div>
   <div class='ocr_carea' id='block_1_29' title="bbox 275 2394 1927 2476">
    <p class='ocr_par' dir='ltr' id='par_1_29' title="bbox 275 2394 1927 2476">
     <span class='ocr_line' id='line_1_29' title="bbox 275 2394 1927 2476; baseline 0.001 -25"><span class='ocrx_word' id='word_1_213' title='bbox 275 2398 471 2452; x_wconf 77' lang='grc' dir='ltr'>ταυτὸν</span> <span class='ocrx_word' id='word_1_214' title='bbox 502 2394 791 2470; x_wconf 80' lang='grc' dir='ltr'>δυναμένην</span> <span class='ocrx_word' id='word_1_215' title='bbox 840 2394 1145 2457; x_wconf 76' lang='grc' dir='ltr'>ἀποδεικνὺς</span> <span class='ocrx_word' id='word_1_216' title='bbox 1231 2397 1291 2453; x_wconf 70' lang='lat' dir='ltr'><strong>Oi</strong></span> <span class='ocrx_word' id='word_1_217' title='bbox 1350 2399 1449 2475; x_wconf 84' lang='grc' dir='ltr'><strong>γὰρ</strong></span> <span class='ocrx_word' id='word_1_218' title='bbox 1502 2397 1601 2464; x_wconf 77' lang='grc' dir='ltr'><strong>τὴν</strong></span> <span class='ocrx_word' id='word_1_219' title='bbox 1655 2397 1927 2476; x_wconf 82' lang='grc' dir='ltr'>θεολογίαν</span> 
     </span>
    </p>
   </div>
   <div class='ocr_carea' id='block_1_30' title="bbox 273 2482 1930 2565">
    <p class='ocr_par' dir='ltr' id='par_1_30' title="bbox 273 2482 1930 2565">
     <span class='ocr_line' id='line_1_30' title="bbox 273 2482 1930 2565; baseline 0.002 -26"><span class='ocrx_word' id='word_1_220' title='bbox 273 2482 637 2562; x_wconf 74' lang='grc' dir='ltr'>ἠχριϐωχὸτες</span> <span class='ocrx_word' id='word_1_221' title='bbox 696 2484 929 2549; x_wconf 73' lang='grc' dir='ltr'>ἐπὶτιῖς</span> <span class='ocrx_word' id='word_1_222' title='bbox 999 2486 1269 2548; x_wconf 80' lang='grc' dir='ltr'>τοιαύταις</span> <span class='ocrx_word' id='word_1_223' title='bbox 1324 2490 1653 2565; x_wconf 81' lang='grc' dir='ltr'>συστοιχίαις</span> <span class='ocrx_word' id='word_1_224' title='bbox 1725 2487 1784 2542; x_wconf 77' lang='grc' dir='ltr'><strong>ἐκ</strong></span> <span class='ocrx_word' id='word_1_225' title='bbox 1821 2493 1930 2543; x_wconf 82' lang='grc' dir='ltr'><strong>Πα-</strong></span> 
     </span>
    </p>
   </div>
   <div class='ocr_carea' id='block_1_31' title="bbox 274 2571 1927 2651">
    <p class='ocr_par' dir='ltr' id='par_1_31' title="bbox 274 2571 1927 2651">
     <span class='ocr_line' id='line_1_31' title="bbox 274 2571 1927 2651; baseline 0.003 -24"><span class='ocrx_word' id='word_1_226' title='bbox 274 2574 403 2651; x_wconf 82' lang='grc' dir='ltr'>τρὸς</span> <span class='ocrx_word' id='word_1_227' title='bbox 434 2574 521 2628; x_wconf 79' lang='grc' dir='ltr'>καὶ</span> <span class='ocrx_word' id='word_1_228' title='bbox 549 2571 602 2637; x_wconf 74' lang='grc' dir='ltr'><strong>ἐξ</strong></span> <span class='ocrx_word' id='word_1_229' title='bbox 639 2576 758 2632; x_wconf 75' lang='grc' dir='ltr'><strong>ι’ἱοῦ</strong></span> <span class='ocrx_word' id='word_1_230' title='bbox 812 2571 1247 2650; x_wconf 84' lang='grc' dir='ltr'>θεολογουμέναις</span> <span class='ocrx_word' id='word_1_231' title='bbox 1293 2571 1439 2629; x_wconf 69' lang='grc' dir='ltr'>οὐδὲν</span> <span class='ocrx_word' id='word_1_232' title='bbox 1492 2572 1623 2630; x_wconf 72' lang='grc' dir='ltr'>ἄλλο</span> <span class='ocrx_word' id='word_1_233' title='bbox 1690 2574 1789 2641; x_wconf 70' lang='grc' dir='ltr'><strong>τὴν</strong></span> <span class='ocrx_word' id='word_1_234' title='bbox 1831 2575 1927 2643; x_wconf 71' lang='grc' dir='ltr'><strong>τῆς</strong></span> 
     </span>
    </p>
   </div>
   <div class='ocr_carea' id='block_1_32' title="bbox 276 2659 1929 2743">
    <p class='ocr_par' dir='ltr' id='par_1_32' title="bbox 276 2659 1929 2743">
     <span class='ocr_line' id='line_1_32' title="bbox 276 2659 1929 2743; baseline 0.005 -28"><span class='ocrx_word' id='word_1_235' title='bbox 276 2661 615 2737; x_wconf 79' lang='grc' dir='ltr'>πατρύτητος</span> <span class='ocrx_word' id='word_1_236' title='bbox 672 2662 759 2718; x_wconf 78' lang='grc' dir='ltr'><strong>καὶ</strong></span> <span class='ocrx_word' id='word_1_237' title='bbox 814 2661 1054 2728; x_wconf 78' lang='grc' dir='ltr'>υἱότητος</span> <span class='ocrx_word' id='word_1_238' title='bbox 1124 2660 1374 2743; x_wconf 73' lang='grc' dir='ltr'>διαφορὰν</span> <span class='ocrx_word' id='word_1_239' title='bbox 1431 2659 1625 2719; x_wconf 84' lang='grc' dir='ltr'>διδόασι</span> <span class='ocrx_word' id='word_1_240' title='bbox 1663 2660 1929 2739; x_wconf 76' lang='grc' dir='ltr'>δύνασθαι,</span> 
     </span>
    </p>
   </div>
   <div class='ocr_carea' id='block_1_33' title="bbox 276 2748 1931 2830">
    <p class='ocr_par' dir='ltr' id='par_1_33' title="bbox 276 2748 1931 2830">
     <span class='ocr_line' id='line_1_33' title="bbox 276 2748 1931 2830; baseline 0.002 -26"><span class='ocrx_word' id='word_1_241' title='bbox 276 2748 360 2804; x_wconf 78' lang='grc' dir='ltr'><strong>ὅτι</strong></span> <span class='ocrx_word' id='word_1_242' title='bbox 419 2752 496 2822; x_wconf 76' lang='grc' dir='ltr'>μὴ</span> <span class='ocrx_word' id='word_1_243' title='bbox 546 2748 708 2824; x_wconf 88' lang='grc' dir='ltr'>μόνον</span> <span class='ocrx_word' id='word_1_244' title='bbox 765 2749 826 2805; x_wconf 85' lang='grc' dir='ltr'><strong>τό</strong></span> <span class='ocrx_word' id='word_1_245' title='bbox 867 2752 966 2815; x_wconf 78' lang='grc' dir='ltr'>τὴν</span> <span class='ocrx_word' id='word_1_246' title='bbox 1019 2748 1077 2805; x_wconf 66' lang='grc' dir='ltr'><strong>ἐκ</strong></span> <span class='ocrx_word' id='word_1_247' title='bbox 1128 2751 1371 2830; x_wconf 72' lang='grc' dir='ltr'>πρόθεσιν</span> <span class='ocrx_word' id='word_1_248' title='bbox 1428 2749 1510 2806; x_wconf 75' lang='grc' dir='ltr'>ἐπὶ</span> <span class='ocrx_word' id='word_1_249' title='bbox 1550 2751 1626 2825; x_wconf 76' lang='grc' dir='ltr'>μὴ</span> <span class='ocrx_word' id='word_1_250' title='bbox 1671 2752 1761 2807; x_wconf 67' lang='grc' dir='ltr'>τοῦ</span> <span class='ocrx_word' id='word_1_251' title='bbox 1815 2757 1931 2808; x_wconf 83' lang='grc' dir='ltr'><strong>Πα-</strong></span> 
     </span>
    </p>
   </div>
   <div class='ocr_carea' id='block_1_34' title="bbox 278 2835 1929 2918">
    <p class='ocr_par' dir='ltr' id='par_1_34' title="bbox 278 2835 1929 2918">
     <span class='ocr_line' id='line_1_34' title="bbox 278 2835 1929 2918; baseline 0.003 -25"><span class='ocrx_word' id='word_1_252' title='bbox 278 2840 402 2915; x_wconf 78' lang='grc' dir='ltr'>τρὸς</span> <span class='ocrx_word' id='word_1_253' title='bbox 471 2839 543 2902; x_wconf 78' lang='grc' dir='ltr'><strong>είς</strong></span> <span class='ocrx_word' id='word_1_254' title='bbox 609 2835 840 2907; x_wconf 74' lang='grc' dir='ltr'>δήλωσιν</span> <span class='ocrx_word' id='word_1_255' title='bbox 892 2837 987 2893; x_wconf 74' lang='grc' dir='ltr'>τοῦ</span> <span class='ocrx_word' id='word_1_256' title='bbox 1041 2838 1251 2917; x_wconf 86' lang='grc' dir='ltr'>πρώτου</span> <span class='ocrx_word' id='word_1_257' title='bbox 1307 2841 1395 2895; x_wconf 82' lang='grc' dir='ltr'>καὶ</span> <span class='ocrx_word' id='word_1_258' title='bbox 1452 2838 1676 2918; x_wconf 75' lang='grc' dir='ltr'>ἀρχικοὰ</span> <span class='ocrx_word' id='word_1_259' title='bbox 1741 2840 1929 2914; x_wconf 85' lang='grc' dir='ltr'>αὶτίου,</span> 
     </span>
    </p>
   </div>
   <div class='ocr_carea' id='block_1_35' title="bbox 277 2924 1930 3002">
    <p class='ocr_par' dir='ltr' id='par_1_35' title="bbox 277 2924 1930 3002">
     <span class='ocr_line' id='line_1_35' title="bbox 277 2924 1930 3002; baseline 0.001 -19"><span class='ocrx_word' id='word_1_260' title='bbox 277 2927 367 2983; x_wconf 64' lang='grc' dir='ltr'>ἐπὶ</span> <span class='ocrx_word' id='word_1_261' title='bbox 396 2924 452 2981; x_wconf 66' lang='grc' dir='ltr'>δὲ</span> <span class='ocrx_word' id='word_1_262' title='bbox 482 2932 574 2982; x_wconf 78' lang='grc' dir='ltr'>τοῦ</span> <span class='ocrx_word' id='word_1_263' title='bbox 643 2930 766 2982; x_wconf 79' lang='grc' dir='ltr'><strong>Υῐοῠ</strong></span> <span class='ocrx_word' id='word_1_264' title='bbox 821 2927 935 2982; x_wconf 81' lang='grc' dir='ltr'>ἀντὶ</span> <span class='ocrx_word' id='word_1_265' title='bbox 1001 2932 1101 2993; x_wconf 77' lang='grc' dir='ltr'>τῆς</span> <span class='ocrx_word' id='word_1_266' title='bbox 1180 2924 1262 2982; x_wconf 81' lang='grc' dir='ltr'>διὰ</span> <span class='ocrx_word' id='word_1_267' title='bbox 1332 2925 1766 3002; x_wconf 72' lang='grc' dir='ltr'>ὲκλαμϐἀνεσθαι,</span> <span class='ocrx_word' id='word_1_268' title='bbox 1812 2927 1930 2995; x_wconf 76' lang='grc' dir='ltr'>ἥτις</span> 
     </span>
    </p>
   </div>
   <div class='ocr_carea' id='block_1_36' title="bbox 280 3012 1930 3094">
    <p class='ocr_par' dir='ltr' id='par_1_36' title="bbox 280 3012 1930 3094">
     <span class='ocr_line' id='line_1_36' title="bbox 280 3012 1930 3094; baseline 0 -22"><span class='ocrx_word' id='word_1_269' title='bbox 280 3014 369 3074; x_wconf 72' lang='grc' dir='ltr'>διὰ</span> <span class='ocrx_word' id='word_1_270' title='bbox 406 3016 542 3075; x_wconf 69' lang='grc' dir='ltr'>κατὰ</span> <span class='ocrx_word' id='word_1_271' title='bbox 583 3017 673 3071; x_wconf 81' lang='grc' dir='ltr'>τὸν</span> <span class='ocrx_word' id='word_1_272' title='bbox 704 3013 839 3071; x_wconf 76' lang='grc' dir='ltr'>πολὺ</span> <span class='ocrx_word' id='word_1_273' title='bbox 894 3014 950 3070; x_wconf 81' lang='grc' dir='ltr'>ἐν</span> <span class='ocrx_word' id='word_1_274' title='bbox 1003 3012 1245 3094; x_wconf 73' lang='grc' dir='ltr'>θεολογίᾳ</span> <span class='ocrx_word' id='word_1_275' title='bbox 1274 3014 1543 3071; x_wconf 79' lang='grc' dir='ltr'>Βασίλειον</span> <span class='ocrx_word' id='word_1_276' title='bbox 1576 3035 1604 3074; x_wconf 70' lang='grc' dir='ltr'><strong><em>ι</em></strong></span> <span class='ocrx_word' id='word_1_277' title='bbox 1652 3021 1750 3083; x_wconf 77' lang='grc' dir='ltr'>τῆς</span> <span class='ocrx_word' id='word_1_278' title='bbox 1796 3038 1930 3094; x_wconf 90' lang='grc' dir='ltr'>προ-</span> 
     </span>
    </p>
   </div>
   <div class='ocr_carea' id='block_1_37' title="bbox 284 3101 1931 3183">
    <p class='ocr_par' dir='ltr' id='par_1_37' title="bbox 284 3101 1931 3183">
     <span class='ocr_line' id='line_1_37' title="bbox 284 3101 1931 3183; baseline -0.001 -21"><span class='ocrx_word' id='word_1_279' title='bbox 284 3109 644 3183; x_wconf 75' lang='grc' dir='ltr'>καταρκτιχῆς</span> <span class='ocrx_word' id='word_1_280' title='bbox 701 3105 866 3167; x_wconf 87' lang='grc' dir='ltr'>αἰτίας</span> <span class='ocrx_word' id='word_1_281' title='bbox 928 3126 955 3158; x_wconf 76' lang='grc' dir='ltr'><strong><em>ι</em></strong></span> <span class='ocrx_word' id='word_1_282' title='bbox 1033 3102 1149 3183; x_wconf 78' lang='grc' dir='ltr'>ἔχει</span> <span class='ocrx_word' id='word_1_283' title='bbox 1238 3101 1546 3181; x_wconf 83' lang='grc' dir='ltr'>ὁμολογίαν.</span> <span class='ocrx_word' id='word_1_284' title='bbox 1664 3105 1761 3161; x_wconf 82' lang='grc' dir='ltr'><strong>Καὶ</strong></span> <span class='ocrx_word' id='word_1_285' title='bbox 1870 3106 1931 3161; x_wconf 84' lang='grc' dir='ltr'>σὺ</span> 
     </span>
    </p>
   </div>
   <div class='ocr_carea' id='block_1_38' title="bbox 282 3190 1923 3272">
    <p class='ocr_par' dir='ltr' id='par_1_38' title="bbox 282 3190 1923 3272">
     <span class='ocr_line' id='line_1_38' title="bbox 282 3190 1923 3272; baseline -0.001 -22"><span class='ocrx_word' id='word_1_286' title='bbox 282 3192 475 3251; x_wconf 75' lang='grc' dir='ltr'>λοιπὸν</span> <span class='ocrx_word' id='word_1_287' title='bbox 531 3193 629 3260; x_wconf 76' lang='grc' dir='ltr'><strong>τὴν</strong></span> <span class='ocrx_word' id='word_1_288' title='bbox 684 3193 933 3260; x_wconf 79' lang='grc' dir='ltr'>τοιαύτην</span> <span class='ocrx_word' id='word_1_289' title='bbox 991 3192 1162 3261; x_wconf 72' lang='grc' dir='ltr'>ἀληθῆ</span> <span class='ocrx_word' id='word_1_290' title='bbox 1219 3190 1644 3272; x_wconf 80' lang='grc' dir='ltr'>προϐαλλόμενος</span> <span class='ocrx_word' id='word_1_291' title='bbox 1699 3193 1923 3269; x_wconf 79' lang='grc' dir='ltr'>ἔννοιαν,</span> 
     </span>
    </p>
   </div>
   <div class='ocr_carea' id='block_1_39' title="bbox 276 3280 1926 3362">
    <p class='ocr_par' dir='ltr' id='par_1_39' title="bbox 276 3280 1926 3362">
     <span class='ocr_line' id='line_1_39' title="bbox 276 3280 1926 3362; baseline 0.002 -23"><span class='ocrx_word' id='word_1_292' title='bbox 276 3284 369 3339; x_wconf 82' lang='grc' dir='ltr'><strong>καὶ</strong></span> <span class='ocrx_word' id='word_1_293' title='bbox 426 3280 649 3359; x_wconf 75' lang='grc' dir='ltr'>βεϐαίως</span> <span class='ocrx_word' id='word_1_294' title='bbox 705 3284 793 3338; x_wconf 83' lang='grc' dir='ltr'>καὶ</span> <span class='ocrx_word' id='word_1_295' title='bbox 848 3282 1024 3348; x_wconf 70' lang='grc' dir='ltr'>πάντη</span> <span class='ocrx_word' id='word_1_296' title='bbox 1079 3280 1249 3360; x_wconf 82' lang='grc' dir='ltr'>λέγων</span> <span class='ocrx_word' id='word_1_297' title='bbox 1331 3281 1674 3362; x_wconf 71' lang='grc' dir='ltr'>ἐνστατικῶς,</span> <span class='ocrx_word' id='word_1_298' title='bbox 1721 3285 1794 3347; x_wconf 85' lang='grc' dir='ltr'>ὡς</span> <span class='ocrx_word' id='word_1_299' title='bbox 1836 3288 1926 3343; x_wconf 78' lang='grc' dir='ltr'>καὶ</span> 
     </span>
    </p>
   </div>
   <div class='ocr_carea' id='block_1_40' title="bbox 276 3369 1925 3450">
    <p class='ocr_par' dir='ltr' id='par_1_40' title="bbox 276 3369 1925 3450">
     <span class='ocr_line' id='line_1_40' title="bbox 276 3369 1925 3450; baseline 0.001 -24"><span class='ocrx_word' id='word_1_300' title='bbox 276 3371 543 3449; x_wconf 77' lang='grc' dir='ltr'>ὑπάρχειν</span> <span class='ocrx_word' id='word_1_301' title='bbox 624 3369 684 3425; x_wconf 76' lang='grc' dir='ltr'><strong>ἐκ</strong></span> <span class='ocrx_word' id='word_1_302' title='bbox 726 3372 929 3444; x_wconf 83' lang='grc' dir='ltr'>Πατρὸς</span> <span class='ocrx_word' id='word_1_303' title='bbox 994 3369 1059 3427; x_wconf 73' lang='grc' dir='ltr'>τὸ</span> <span class='ocrx_word' id='word_1_304' title='bbox 1133 3375 1342 3444; x_wconf 74' lang='grc' dir='ltr'>Πνεῦμα</span> <span class='ocrx_word' id='word_1_305' title='bbox 1407 3369 1715 3449; x_wconf 80' lang='grc' dir='ltr'>λεγόμενον,</span> <span class='ocrx_word' id='word_1_306' title='bbox 1796 3370 1925 3450; x_wconf 83' lang='grc' dir='ltr'>ὅπερ</span> 
     </span>
    </p>
   </div>
   <div class='ocr_carea' id='block_1_41' title="bbox 272 3457 1922 3540">
    <p class='ocr_par' dir='ltr' id='par_1_41' title="bbox 272 3457 1922 3540">
     <span class='ocr_line' id='line_1_41' title="bbox 272 3457 1922 3540; baseline 0.001 -25"><span class='ocrx_word' id='word_1_307' title='bbox 272 3464 379 3526; x_wconf 79' lang='grc' dir='ltr'>τῆς</span> <span class='ocrx_word' id='word_1_308' title='bbox 411 3465 537 3535; x_wconf 82' lang='grc' dir='ltr'>μιᾶς</span> <span class='ocrx_word' id='word_1_309' title='bbox 594 3457 703 3514; x_wconf 78' lang='grc' dir='ltr'>ἐστι</span> <span class='ocrx_word' id='word_1_310' title='bbox 758 3460 1089 3539; x_wconf 82' lang='grc' dir='ltr'>συστοιχίας,</span> <span class='ocrx_word' id='word_1_311' title='bbox 1134 3460 1208 3521; x_wconf 76' lang='grc' dir='ltr'>ὡς</span> <span class='ocrx_word' id='word_1_312' title='bbox 1266 3458 1327 3515; x_wconf 73' lang='grc' dir='ltr'><strong>ἐκ</strong></span> <span class='ocrx_word' id='word_1_313' title='bbox 1368 3459 1575 3537; x_wconf 83' lang='grc' dir='ltr'>πρώτου</span> <span class='ocrx_word' id='word_1_314' title='bbox 1618 3462 1703 3516; x_wconf 82' lang='grc' dir='ltr'>καὶ</span> <span class='ocrx_word' id='word_1_315' title='bbox 1757 3460 1922 3540; x_wconf 80' lang='grc' dir='ltr'>ἀρχι-</span> 
     </span>
    </p>
   </div>
   <div class='ocr_carea' id='block_1_42' title="bbox 274 3546 1927 3627">
    <p class='ocr_par' dir='ltr' id='par_1_42' title="bbox 274 3546 1927 3627">
     <span class='ocr_line' id='line_1_42' title="bbox 274 3546 1927 3627; baseline 0 -23"><span class='ocrx_word' id='word_1_316' title='bbox 274 3554 378 3605; x_wconf 78' lang='grc' dir='ltr'>κοῦ</span> <span class='ocrx_word' id='word_1_317' title='bbox 406 3548 570 3603; x_wconf 80' lang='grc' dir='ltr'>αἰτίου</span> <span class='ocrx_word' id='word_1_318' title='bbox 611 3547 855 3627; x_wconf 79' lang='grc' dir='ltr'>ὑπάρχον</span> <span class='ocrx_word' id='word_1_319' title='bbox 898 3560 1123 3625; x_wconf 84' lang='grc' dir='ltr'>νοεῖται,</span> <span class='ocrx_word' id='word_1_320' title='bbox 1195 3546 1255 3603; x_wconf 83' lang='grc' dir='ltr'>ἐκ</span> <span class='ocrx_word' id='word_1_321' title='bbox 1310 3554 1403 3605; x_wconf 80' lang='grc' dir='ltr'><strong>τοῦ</strong></span> <span class='ocrx_word' id='word_1_322' title='bbox 1456 3548 1577 3604; x_wconf 76' lang='grc' dir='ltr'><strong>Υἶοῦ</strong></span> <span class='ocrx_word' id='word_1_323' title='bbox 1633 3546 1687 3604; x_wconf 77' lang='grc' dir='ltr'>δὲ</span> <span class='ocrx_word' id='word_1_324' title='bbox 1742 3551 1814 3613; x_wconf 81' lang='grc' dir='ltr'><strong>ὡς</strong></span> <span class='ocrx_word' id='word_1_325' title='bbox 1844 3547 1927 3604; x_wconf 82' lang='grc' dir='ltr'><strong>διὰ</strong></span> 
     </span>
    </p>
   </div>
   <div class='ocr_carea' id='block_1_43' title="bbox 276 3634 1927 3716">
    <p class='ocr_par' dir='ltr' id='par_1_43' title="bbox 276 3634 1927 3716">
     <span class='ocr_line' id='line_1_43' title="bbox 276 3634 1927 3716; baseline -0.001 -23"><span class='ocrx_word' id='word_1_326' title='bbox 276 3642 374 3693; x_wconf 84' lang='grc' dir='ltr'><strong>τοῦ</strong></span> <span class='ocrx_word' id='word_1_327' title='bbox 414 3639 533 3695; x_wconf 77' lang='grc' dir='ltr'>Υἱοῦ</span> <span class='ocrx_word' id='word_1_328' title='bbox 565 3651 578 3666; x_wconf 84' lang='grc'><strong><em>⁸</em></strong></span> <span class='ocrx_word' id='word_1_329' title='bbox 651 3637 740 3692; x_wconf 80' lang='grc' dir='ltr'>καί</span> <span class='ocrx_word' id='word_1_330' title='bbox 783 3657 845 3714; x_wconf 84' lang='grc' dir='ltr'>γε</span> <span class='ocrx_word' id='word_1_331' title='bbox 913 3649 1029 3699; x_wconf 72' lang='grc' dir='ltr'>τοῖς</span> <span class='ocrx_word' id='word_1_332' title='bbox 1087 3634 1247 3701; x_wconf 80' lang='grc' dir='ltr'>ἀξίοις</span> <span class='ocrx_word' id='word_1_333' title='bbox 1286 3638 1348 3692; x_wconf 73' lang='grc' dir='ltr'><strong>ὲκ</strong></span> <span class='ocrx_word' id='word_1_334' title='bbox 1398 3638 1601 3716; x_wconf 82' lang='grc' dir='ltr'>Πατρὸς</span> <span class='ocrx_word' id='word_1_335' title='bbox 1642 3636 1927 3715; x_wconf 84' lang='grc' dir='ltr'>λεγόμενον</span> 
     </span>
    </p>
   </div>
   <div class='ocr_carea' id='block_1_44' title="bbox 278 3722 1928 3806">
    <p class='ocr_par' dir='ltr' id='par_1_44' title="bbox 278 3722 1928 3806">
     <span class='ocr_line' id='line_1_44' title="bbox 278 3722 1928 3806; baseline -0.002 -24"><span class='ocrx_word' id='word_1_336' title='bbox 278 3724 635 3800; x_wconf 80' lang='grc' dir='ltr'>διανέμεσθαι,</span> <span class='ocrx_word' id='word_1_337' title='bbox 724 3722 853 3804; x_wconf 81' lang='grc' dir='ltr'>ὅπερ</span> <span class='ocrx_word' id='word_1_338' title='bbox 909 3730 1010 3792; x_wconf 81' lang='grc' dir='ltr'><strong>τῆς</strong></span> <span class='ocrx_word' id='word_1_339' title='bbox 1083 3722 1320 3802; x_wconf 83' lang='grc' dir='ltr'>δευτέρας</span> <span class='ocrx_word' id='word_1_340' title='bbox 1379 3725 1684 3805; x_wconf 79' lang='grc' dir='ltr'>συστοιχίας</span> <span class='ocrx_word' id='word_1_341' title='bbox 1767 3725 1928 3806; x_wconf 79' lang='grc' dir='ltr'>ἐστὶν,</span> 
     </span>
    </p>
   </div>
   <div class='ocr_carea' id='block_1_45' title="bbox 274 3812 1930 3893">
    <p class='ocr_par' dir='ltr' id='par_1_45' title="bbox 274 3812 1930 3893">
     <span class='ocr_line' id='line_1_45' title="bbox 274 3812 1930 3893; baseline 0 -22"><span class='ocrx_word' id='word_1_342' title='bbox 274 3818 355 3879; x_wconf 81' lang='grc' dir='ltr'>ὡς</span> <span class='ocrx_word' id='word_1_343' title='bbox 432 3814 494 3871; x_wconf 72' lang='grc' dir='ltr'>ἐκ</span> <span class='ocrx_word' id='word_1_344' title='bbox 546 3813 756 3893; x_wconf 83' lang='grc' dir='ltr'>πρώτου</span> <span class='ocrx_word' id='word_1_345' title='bbox 806 3816 895 3870; x_wconf 78' lang='grc' dir='ltr'>καὶ</span> <span class='ocrx_word' id='word_1_346' title='bbox 949 3813 1178 3893; x_wconf 80' lang='grc' dir='ltr'>ἀρχικοῦ</span> <span class='ocrx_word' id='word_1_347' title='bbox 1220 3815 1381 3870; x_wconf 71' lang='grc' dir='ltr'>αἰτὲου</span> <span class='ocrx_word' id='word_1_348' title='bbox 1439 3828 1637 3870; x_wconf 76' lang='grc' dir='ltr'>νοεῖται</span> <span class='ocrx_word' id='word_1_349' title='bbox 1680 3812 1930 3890; x_wconf 84' lang='grc' dir='ltr'>διανεμό-</span> 
     </span>
    </p>
   </div>
   <div class='ocr_carea' id='block_1_46' title="bbox 280 3899 1929 3977">
    <p class='ocr_par' dir='ltr' id='par_1_46' title="bbox 280 3899 1929 3977">
     <span class='ocr_line' id='line_1_46' title="bbox 280 3899 1929 3977; baseline -0.004 -16"><span class='ocrx_word' id='word_1_350' title='bbox 280 3925 463 3974; x_wconf 73' lang='grc' dir='ltr'>μενον,</span> <span class='ocrx_word' id='word_1_351' title='bbox 515 3904 579 3959; x_wconf 66' lang='grc' dir='ltr'>ἔτι</span> <span class='ocrx_word' id='word_1_352' title='bbox 617 3910 711 3960; x_wconf 84' lang='grc' dir='ltr'>τοῦ</span> <span class='ocrx_word' id='word_1_353' title='bbox 755 3905 874 3960; x_wconf 72' lang='grc' dir='ltr'><strong>ι’ἱοῦ</strong></span> <span class='ocrx_word' id='word_1_354' title='bbox 930 3899 985 3957; x_wconf 71' lang='grc' dir='ltr'>δὲ</span> <span class='ocrx_word' id='word_1_355' title='bbox 1041 3904 1115 3967; x_wconf 81' lang='grc' dir='ltr'>ὡς</span> <span class='ocrx_word' id='word_1_356' title='bbox 1180 3901 1264 3959; x_wconf 79' lang='grc' dir='ltr'><strong>διὰ</strong></span> <span class='ocrx_word' id='word_1_357' title='bbox 1305 3909 1397 3959; x_wconf 82' lang='grc' dir='ltr'>τοῦ</span> <span class='ocrx_word' id='word_1_358' title='bbox 1462 3905 1605 3977; x_wconf 61' lang='lat' dir='ltr'><strong>ficii,</strong></span> <span class='ocrx_word' id='word_1_359' title='bbox 1662 3908 1767 3959; x_wconf 86' lang='grc' dir='ltr'><strong>τῶν</strong></span> <span class='ocrx_word' id='word_1_360' title='bbox 1823 3908 1929 3960; x_wconf 84' lang='grc' dir='ltr'>σῶν</span> 
     </span>
    </p>
   </div>
   <div class='ocr_carea' id='block_1_47' title="bbox 1953 3158 1986 3181">
    <p class='ocr_par' dir='ltr' id='par_1_47' title="bbox 1953 3158 1986 3181">
     <span class='ocr_line' id='line_1_47' title="bbox 1953 3158 1986 3181; baseline 0 -8"><span class='ocrx_word' id='word_1_361' title='bbox 1953 3158 1986 3181; x_wconf 55' lang='grc' dir='ltr'>μιν</span> 
     </span>
    </p>
   </div>
   <div class='ocr_carea' id='block_1_48' title="bbox 1972 3186 3652 3270">
    <p class='ocr_par' dir='ltr' id='par_1_48' title="bbox 1972 3186 3652 3270">
     <span class='ocr_line' id='line_1_48' title="bbox 1972 3186 3652 3270; baseline 0.004 -25"><span class='ocrx_word' id='word_1_362' title='bbox 1972 3189 1989 3208; x_wconf 90' lang='grc'><em>¹</em></span> <span class='ocrx_word' id='word_1_363' title='bbox 2015 3186 2365 3265; x_wconf 79' lang='lat' dir='ltr'><strong>intelligitur</strong></span> <span class='ocrx_word' id='word_1_364' title='bbox 2383 3187 2542 3249; x_wconf 88' lang='lat' dir='ltr'><strong>inter</strong></span> <span class='ocrx_word' id='word_1_365' title='bbox 2561 3187 2708 3248; x_wconf 89' lang='lat' dir='ltr'><strong>duas</strong></span> <span class='ocrx_word' id='word_1_366' title='bbox 2735 3206 3017 3268; x_wconf 87' lang='lat' dir='ltr'><strong>personas</strong></span> <span class='ocrx_word' id='word_1_367' title='bbox 3039 3188 3373 3252; x_wconf 78' lang='lat' dir='ltr'><strong>differentia</strong></span> <span class='ocrx_word' id='word_1_368' title='bbox 3398 3189 3652 3270; x_wconf 86' lang='lat' dir='ltr'><strong>paterni-</strong></span> 
     </span>
    </p>
   </div>
   <div class='ocr_carea' id='block_1_49' title="bbox 2010 1065 3655 1155">
    <p class='ocr_par' dir='ltr' id='par_1_49' title="bbox 2010 1065 3655 1155">
     <span class='ocr_line' id='line_1_49' title="bbox 2010 1065 3655 1155; baseline 0.009 -31"><span class='ocrx_word' id='word_1_369' title='bbox 2010 1065 2165 1125; x_wconf 91' lang='lat' dir='ltr'><strong>cium</strong></span> <span class='ocrx_word' id='word_1_370' title='bbox 2198 1084 2401 1127; x_wconf 89' lang='lat' dir='ltr'><strong>eorum</strong></span> <span class='ocrx_word' id='word_1_371' title='bbox 2444 1068 2832 1130; x_wconf 83' lang='lat' dir='ltr'><strong>refellendum</strong></span> <span class='ocrx_word' id='word_1_372' title='bbox 2866 1073 3202 1147; x_wconf 87' lang='lat' dir='ltr'><strong>enuntians,</strong></span> <span class='ocrx_word' id='word_1_373' title='bbox 3236 1075 3376 1136; x_wconf 91' lang='lat' dir='ltr'><strong>dum</strong></span> <span class='ocrx_word' id='word_1_374' title='bbox 3412 1074 3528 1155; x_wconf 87' lang='lat' dir='ltr'><strong>ipsi</strong></span> <span class='ocrx_word' id='word_1_375' title='bbox 3553 1077 3655 1139; x_wconf 89' lang='lat' dir='ltr'><strong>uni</strong></span> 
     </span>
    </p>
   </div>
   <div class='ocr_carea' id='block_1_50' title="bbox 2010 1153 3651 1235">
    <p class='ocr_par' dir='ltr' id='par_1_50' title="bbox 2010 1153 3651 1235">
     <span class='ocr_line' id='line_1_50' title="bbox 2010 1153 3651 1235; baseline 0.01 -24"><span class='ocrx_word' id='word_1_376' title='bbox 2010 1153 2210 1216; x_wconf 89' lang='lat' dir='ltr'><strong>seriei.</strong></span> <span class='ocrx_word' id='word_1_377' title='bbox 2245 1155 2345 1234; x_wconf 89' lang='lat' dir='ltr'><strong>qui</strong></span> <span class='ocrx_word' id='word_1_378' title='bbox 2398 1173 2468 1218; x_wconf 85' lang='lat' dir='ltr'><strong>ex</strong></span> <span class='ocrx_word' id='word_1_379' title='bbox 2495 1158 2848 1235; x_wconf 79' lang='lat' dir='ltr'><strong>paternitate</strong></span> <span class='ocrx_word' id='word_1_380' title='bbox 2871 1171 2927 1221; x_wconf 88' lang='lat' dir='ltr'><strong>et</strong></span> <span class='ocrx_word' id='word_1_381' title='bbox 2949 1159 3233 1224; x_wconf 82' lang='lat' dir='ltr'><strong>ﬁliatione</strong></span> <span class='ocrx_word' id='word_1_382' title='bbox 3253 1153 3651 1226; x_wconf 36' lang='lat' dir='ltr'><strong>exorit&#39;urdif-</strong></span> 
     </span>
    </p>
   </div>
   <div class='ocr_carea' id='block_1_51' title="bbox 2010 1239 3653 1329">
    <p class='ocr_par' dir='ltr' id='par_1_51' title="bbox 2010 1239 3653 1329">
     <span class='ocr_line' id='line_1_51' title="bbox 2010 1239 3653 1329; baseline 0.01 -30"><span class='ocrx_word' id='word_1_383' title='bbox 2010 1239 2276 1304; x_wconf 76' lang='lat' dir='ltr'><strong>ferentiae</strong></span> <span class='ocrx_word' id='word_1_384' title='bbox 2308 1243 2768 1323; x_wconf 86' lang='lat' dir='ltr'><strong>homonymiam,</strong></span> <span class='ocrx_word' id='word_1_385' title='bbox 2799 1246 2969 1307; x_wconf 84' lang='lat' dir='ltr'><strong>alteri</strong></span> <span class='ocrx_word' id='word_1_386' title='bbox 3019 1266 3217 1329; x_wconf 65' lang='lat' dir='ltr'><strong>inquas</strong></span> <span class='ocrx_word' id='word_1_387' title='bbox 3264 1251 3418 1312; x_wconf 90' lang='lat' dir='ltr'><strong>vires</strong></span> <span class='ocrx_word' id='word_1_388' title='bbox 3443 1252 3653 1316; x_wconf 84' lang='lat' dir='ltr'><strong>defen-</strong></span> 
     </span>
    </p>
   </div>
   <div class='ocr_carea' id='block_1_52' title="bbox 2010 1329 3656 1422">
    <p class='ocr_par' dir='ltr' id='par_1_52' title="bbox 2010 1329 3656 1422">
     <span class='ocr_line' id='line_1_52' title="bbox 2010 1329 3656 1422; baseline 0.011 -34"><span class='ocrx_word' id='word_1_389' title='bbox 2010 1329 2181 1403; x_wconf 85' lang='lat' dir='ltr'><strong>dunt,</strong></span> <span class='ocrx_word' id='word_1_390' title='bbox 2216 1330 2522 1393; x_wconf 67' lang='lat' dir='ltr'><strong>veritatem</strong></span> <span class='ocrx_word' id='word_1_391' title='bbox 2558 1351 2898 1394; x_wconf 87' lang='lat' dir='ltr'><strong>sermonum</strong></span> <span class='ocrx_word' id='word_1_392' title='bbox 2960 1335 3248 1414; x_wconf 84' lang='lat' dir='ltr'><strong>stabilies,</strong></span> <span class='ocrx_word' id='word_1_393' title='bbox 3279 1338 3656 1422; x_wconf 86' lang='lat' dir='ltr'><strong>similemque</strong></span> 
     </span>
    </p>
   </div>
   <div class='ocr_carea' id='block_1_53' title="bbox 2009 1419 3656 1513">
    <p class='ocr_par' dir='ltr' id='par_1_53' title="bbox 2009 1419 3656 1513">
     <span class='ocr_line' id='line_1_53' title="bbox 2009 1419 3656 1513; baseline 0.012 -37"><span class='ocrx_word' id='word_1_394' title='bbox 2009 1419 2374 1513; x_wconf 77' lang='lat' dir='ltr'><strong>paternitatis</strong></span> <span class='ocrx_word' id='word_1_395' title='bbox 2407 1429 2466 1480; x_wconf 95' lang='lat' dir='ltr'><strong>et</strong></span> <span class='ocrx_word' id='word_1_396' title='bbox 2495 1420 2797 1513; x_wconf 82' lang='lat' dir='ltr'><strong>ﬁliationis</strong></span> <span class='ocrx_word' id='word_1_397' title='bbox 2857 1421 3256 1513; x_wconf 71' lang='lat' dir='ltr'><strong>differentiam</strong></span> <span class='ocrx_word' id='word_1_398' title='bbox 3311 1425 3372 1487; x_wconf 88' lang='lat' dir='ltr'><strong>in</strong></span> <span class='ocrx_word' id='word_1_399' title='bbox 3406 1419 3656 1513; x_wconf 85' lang='lat' dir='ltr'><strong>utraque</strong></span> 
     </span>
    </p>
   </div>
   <div class='ocr_carea' id='block_1_54' title="bbox 2007 1505 3655 1594">
    <p class='ocr_par' dir='ltr' id='par_1_54' title="bbox 2007 1505 3655 1594">
     <span class='ocr_line' id='line_1_54' title="bbox 2007 1505 3655 1594; baseline 0.005 -29"><span class='ocrx_word' id='word_1_400' title='bbox 2007 1505 2333 1567; x_wconf 84' lang='lat' dir='ltr'><strong>dictionum</strong></span> <span class='ocrx_word' id='word_1_401' title='bbox 2365 1509 2521 1570; x_wconf 89' lang='lat' dir='ltr'><strong>serie</strong></span> <span class='ocrx_word' id='word_1_402' title='bbox 2553 1510 2800 1588; x_wconf 86' lang='lat' dir='ltr'><strong>perinde</strong></span> <span class='ocrx_word' id='word_1_403' title='bbox 2826 1510 3023 1573; x_wconf 89' lang='lat' dir='ltr'><strong>valere</strong></span> <span class='ocrx_word' id='word_1_404' title='bbox 3051 1513 3360 1575; x_wconf 88' lang='lat' dir='ltr'><strong>ostendes.</strong></span> <span class='ocrx_word' id='word_1_405' title='bbox 3392 1512 3537 1575; x_wconf 87' lang='lat' dir='ltr'><strong>Nam</strong></span> <span class='ocrx_word' id='word_1_406' title='bbox 3553 1505 3655 1594; x_wconf 76' lang='lat' dir='ltr'><strong>qui</strong></span> 
     </span>
    </p>
   </div>
   <div class='ocr_carea' id='block_1_55' title="bbox 2011 1596 3656 1682">
    <p class='ocr_par' dir='ltr' id='par_1_55' title="bbox 2011 1596 3656 1682">
     <span class='ocr_line' id='line_1_55' title="bbox 2011 1596 3656 1682; baseline 0.005 -28"><span class='ocrx_word' id='word_1_407' title='bbox 2011 1604 2283 1682; x_wconf 76' lang='lat' dir='ltr'><strong>accurate</strong></span> <span class='ocrx_word' id='word_1_408' title='bbox 2314 1614 2413 1658; x_wconf 90' lang='lat' dir='ltr'><strong>res</strong></span> <span class='ocrx_word' id='word_1_409' title='bbox 2458 1596 2821 1675; x_wconf 88' lang='lat' dir='ltr'><strong>theologicas</strong></span> <span class='ocrx_word' id='word_1_410' title='bbox 2872 1608 3328 1682; x_wconf 88' lang='lat' dir='ltr'><strong>pertractarunt,</strong></span> <span class='ocrx_word' id='word_1_411' title='bbox 3389 1603 3450 1663; x_wconf 92' lang='lat' dir='ltr'><strong>in</strong></span> <span class='ocrx_word' id='word_1_412' title='bbox 3480 1602 3656 1664; x_wconf 83' lang='lat' dir='ltr'><strong>dictis</strong></span> 
     </span>
    </p>
   </div>
   <div class='ocr_carea' id='block_1_56' title="bbox 2012 1681 3651 1770">
    <p class='ocr_par' dir='ltr' id='par_1_56' title="bbox 2012 1681 3651 1770">
     <span class='ocr_line' id='line_1_56' title="bbox 2012 1681 3651 1770; baseline 0.007 -30"><span class='ocrx_word' id='word_1_413' title='bbox 2012 1681 2305 1756; x_wconf 89' lang='lat' dir='ltr'><strong>seriebus,</strong></span> <span class='ocrx_word' id='word_1_414' title='bbox 2338 1703 2469 1763; x_wconf 66' lang='lat' dir='ltr'><strong>quae</strong></span> <span class='ocrx_word' id='word_1_415' title='bbox 2501 1704 2571 1746; x_wconf 82' lang='lat' dir='ltr'><strong>ex</strong></span> <span class='ocrx_word' id='word_1_416' title='bbox 2627 1688 2794 1747; x_wconf 86' lang='lat' dir='ltr'><strong>Patre</strong></span> <span class='ocrx_word' id='word_1_417' title='bbox 2826 1696 2885 1748; x_wconf 93' lang='lat' dir='ltr'><strong>et</strong></span> <span class='ocrx_word' id='word_1_418' title='bbox 2913 1688 3057 1748; x_wconf 84' lang='lat' dir='ltr'><strong>Filio</strong></span> <span class='ocrx_word' id='word_1_419' title='bbox 3107 1681 3402 1770; x_wconf 82' lang='lat' dir='ltr'><strong>dictitant,</strong></span> <span class='ocrx_word' id='word_1_420' title='bbox 3432 1692 3651 1751; x_wconf 90' lang='lat' dir='ltr'><strong>nullam</strong></span> 
     </span>
    </p>
   </div>
   <div class='ocr_carea' id='block_1_57' title="bbox 2013 1770 3653 1857">
    <p class='ocr_par' dir='ltr' id='par_1_57' title="bbox 2013 1770 3653 1857">
     <span class='ocr_line' id='line_1_57' title="bbox 2013 1770 3653 1857; baseline 0.007 -28"><span class='ocrx_word' id='word_1_421' title='bbox 2013 1770 2187 1831; x_wconf 92' lang='lat' dir='ltr'><strong>aliam</strong></span> <span class='ocrx_word' id='word_1_422' title='bbox 2224 1775 2590 1850; x_wconf 63' lang='lat' dir='ltr'><strong>pa&#39;ernitatis</strong></span> <span class='ocrx_word' id='word_1_423' title='bbox 2619 1783 2677 1836; x_wconf 92' lang='lat' dir='ltr'><strong>et</strong></span> <span class='ocrx_word' id='word_1_424' title='bbox 2702 1774 3019 1851; x_wconf 74' lang='lat' dir='ltr'><strong>(ﬁliationis</strong></span> <span class='ocrx_word' id='word_1_425' title='bbox 3047 1776 3438 1840; x_wconf 77' lang='lat' dir='ltr'><strong>differentiam</strong></span> <span class='ocrx_word' id='word_1_426' title='bbox 3470 1796 3653 1857; x_wconf 81' lang='lat' dir='ltr'><strong>agno—</strong></span> 
     </span>
    </p>
   </div>
   <div class='ocr_carea' id='block_1_58' title="bbox 1956 1848 3653 1945">
    <p class='ocr_par' dir='ltr' id='par_1_58' title="bbox 1956 1848 3653 1945">
     <span class='ocr_line' id='line_1_58' title="bbox 1956 1848 3653 1945; baseline 0.005 -27"><span class='ocrx_word' id='word_1_427' title='bbox 1956 1848 2185 1920; x_wconf 72' lang='lat' dir='ltr'><strong>l‘scunt</strong></span> <span class='ocrx_word' id='word_1_428' title='bbox 2213 1848 2533 1940; x_wconf 86' lang='lat' dir='ltr'><strong>interponi,</strong></span> <span class='ocrx_word' id='word_1_429' title='bbox 2597 1848 2711 1924; x_wconf 85' lang='lat' dir='ltr'><strong>nisi</strong></span> <span class='ocrx_word' id='word_1_430' title='bbox 2758 1873 2984 1924; x_wconf 79' lang='lat' dir='ltr'><strong>tantum</strong></span> <span class='ocrx_word' id='word_1_431' title='bbox 3042 1883 3121 1926; x_wconf 75' lang='lat' dir='ltr'><strong>ea:</strong></span> <span class='ocrx_word' id='word_1_432' title='bbox 3177 1848 3653 1945; x_wconf 65' lang='lat' dir='ltr'><strong>praepositionem</strong></span> 
     </span>
    </p>
   </div>
   <div class='ocr_carea' id='block_1_59' title="bbox 2013 1947 3651 2033">
    <p class='ocr_par' dir='ltr' id='par_1_59' title="bbox 2013 1947 3651 2033">
     <span class='ocr_line' id='line_1_59' title="bbox 2013 1947 3651 2033; baseline 0.005 -27"><span class='ocrx_word' id='word_1_433' title='bbox 2013 1947 2253 2026; x_wconf 84' lang='lat' dir='ltr'><strong>apponi,</strong></span> <span class='ocrx_word' id='word_1_434' title='bbox 2280 1948 2339 2009; x_wconf 92' lang='lat' dir='ltr'><strong>in</strong></span> <span class='ocrx_word' id='word_1_435' title='bbox 2362 1948 2531 2011; x_wconf 87' lang='lat' dir='ltr'><strong>Patre</strong></span> <span class='ocrx_word' id='word_1_436' title='bbox 2548 1951 2894 2030; x_wconf 84' lang='lat' dir='ltr'><strong>quidem,ad</strong></span> <span class='ocrx_word' id='word_1_437' title='bbox 2914 1953 3229 2014; x_wconf 81' lang='lat' dir='ltr'><strong>notandam</strong></span> <span class='ocrx_word' id='word_1_438' title='bbox 3246 1954 3651 2033; x_wconf 87' lang='lat' dir='ltr'><strong>primigeniam</strong></span> 
     </span>
    </p>
   </div>
   <div class='ocr_carea' id='block_1_60' title="bbox 2012 2036 3651 2123">
    <p class='ocr_par' dir='ltr' id='par_1_60' title="bbox 2012 2036 3651 2123">
     <span class='ocr_line' id='line_1_60' title="bbox 2012 2036 3651 2123; baseline 0.005 -29"><span class='ocrx_word' id='word_1_439' title='bbox 2012 2042 2071 2094; x_wconf 90' lang='lat' dir='ltr'><strong>et</strong></span> <span class='ocrx_word' id='word_1_440' title='bbox 2101 2036 2484 2116; x_wconf 86' lang='lat' dir='ltr'><strong>principalem</strong></span> <span class='ocrx_word' id='word_1_441' title='bbox 2519 2057 2779 2119; x_wconf 89' lang='lat' dir='ltr'><strong>causam,</strong></span> <span class='ocrx_word' id='word_1_442' title='bbox 2807 2040 2868 2102; x_wconf 91' lang='lat' dir='ltr'><strong>in</strong></span> <span class='ocrx_word' id='word_1_443' title='bbox 2891 2040 3039 2103; x_wconf 88' lang='lat' dir='ltr'><strong>Filio</strong></span> <span class='ocrx_word' id='word_1_444' title='bbox 3057 2060 3192 2103; x_wconf 91' lang='lat' dir='ltr'><strong>vero</strong></span> <span class='ocrx_word' id='word_1_445' title='bbox 3213 2041 3341 2104; x_wconf 91' lang='lat' dir='ltr'><strong>loco</strong></span> <span class='ocrx_word' id='word_1_446' title='bbox 3365 2042 3651 2123; x_wconf 51' lang='lat' dir='ltr'><strong>praeposi-</strong></span> 
     </span>
    </p>
   </div>
   <div class='ocr_carea' id='block_1_61' title="bbox 2013 2125 3648 2209">
    <p class='ocr_par' dir='ltr' id='par_1_61' title="bbox 2013 2125 3648 2209">
     <span class='ocr_line' id='line_1_61' title="bbox 2013 2125 3648 2209; baseline 0.005 -25"><span class='ocrx_word' id='word_1_447' title='bbox 2013 2125 2191 2187; x_wconf 87' lang='lat' dir='ltr'><strong>tionis</strong></span> <span class='ocrx_word' id='word_1_448' title='bbox 2215 2142 2330 2204; x_wconf 81' lang='lat' dir='ltr'><strong>per</strong></span> <span class='ocrx_word' id='word_1_449' title='bbox 2350 2126 2559 2206; x_wconf 72' lang='lat' dir='ltr'><strong>accipi,</strong></span> <span class='ocrx_word' id='word_1_450' title='bbox 2595 2146 2745 2208; x_wconf 65' lang='lat' dir='ltr'><strong>quae,</strong></span> <span class='ocrx_word' id='word_1_451' title='bbox 2780 2128 2862 2189; x_wconf 92' lang='lat' dir='ltr'><strong>uti</strong></span> <span class='ocrx_word' id='word_1_452' title='bbox 2898 2131 2956 2190; x_wconf 91' lang='lat' dir='ltr'><strong>in</strong></span> <span class='ocrx_word' id='word_1_453' title='bbox 2981 2128 3159 2191; x_wconf 90' lang='lat' dir='ltr'><strong>rebus</strong></span> <span class='ocrx_word' id='word_1_454' title='bbox 3180 2130 3528 2209; x_wconf 86' lang='lat' dir='ltr'><strong>theologicis</strong></span> <span class='ocrx_word' id='word_1_455' title='bbox 3554 2129 3648 2192; x_wconf 90' lang='lat' dir='ltr'><strong>di-</strong></span> 
     </span>
    </p>
   </div>
   <div class='ocr_carea' id='block_1_62' title="bbox 2013 2214 3657 2299">
    <p class='ocr_par' dir='ltr' id='par_1_62' title="bbox 2013 2214 3657 2299">
     <span class='ocr_line' id='line_1_62' title="bbox 2013 2214 3657 2299; baseline 0.005 -26"><span class='ocrx_word' id='word_1_456' title='bbox 2013 2214 2363 2275; x_wconf 88' lang='lat' dir='ltr'><strong>scernendis</strong></span> <span class='ocrx_word' id='word_1_457' title='bbox 2397 2233 2641 2293; x_wconf 87' lang='lat' dir='ltr'><strong>magnus</strong></span> <span class='ocrx_word' id='word_1_458' title='bbox 2671 2216 2925 2280; x_wconf 87' lang='lat' dir='ltr'><strong>Basilius</strong></span> <span class='ocrx_word' id='word_1_459' title='bbox 2946 2218 3179 2299; x_wconf 83' lang='lat' dir='ltr'><strong>asserit,</strong></span> <span class='ocrx_word' id='word_1_460' title='bbox 3221 2244 3246 2274; x_wconf 77' lang='grc' dir='ltr'><strong>ι</strong></span> <span class='ocrx_word' id='word_1_461' title='bbox 3276 2218 3657 2298; x_wconf 81' lang='lat' dir='ltr'><strong>procatarcti-</strong></span> 
     </span>
    </p>
   </div>
   <div class='ocr_carea' id='block_1_63' title="bbox 2013 2300 3651 2384">
    <p class='ocr_par' dir='ltr' id='par_1_63' title="bbox 2013 2300 3651 2384">
     <span class='ocr_line' id='line_1_63' title="bbox 2013 2300 3651 2384; baseline 0.006 -23"><span class='ocrx_word' id='word_1_462' title='bbox 2013 2319 2138 2362; x_wconf 90' lang='lat' dir='ltr'><strong>cam</strong></span> <span class='ocrx_word' id='word_1_463' title='bbox 2162 2319 2397 2364; x_wconf 88' lang='lat' dir='ltr'><strong>causam</strong></span> <span class='ocrx_word' id='word_1_464' title='bbox 2429 2328 2467 2369; x_wconf 55' lang='grc' dir='ltr'>ιλ</span> <span class='ocrx_word' id='word_1_465' title='bbox 2485 2304 2783 2384; x_wconf 85' lang='lat' dir='ltr'><strong>exprimit.</strong></span> <span class='ocrx_word' id='word_1_466' title='bbox 2811 2303 2909 2368; x_wconf 91' lang='lat' dir='ltr'><strong>Sic</strong></span> <span class='ocrx_word' id='word_1_467' title='bbox 2943 2315 3003 2367; x_wconf 92' lang='lat' dir='ltr'><strong>tu</strong></span> <span class='ocrx_word' id='word_1_468' title='bbox 3062 2300 3240 2369; x_wconf 84' lang='lat' dir='ltr'><strong>talem</strong></span> <span class='ocrx_word' id='word_1_469' title='bbox 3288 2326 3483 2370; x_wconf 85' lang='lat' dir='ltr'><strong>veram</strong></span> <span class='ocrx_word' id='word_1_470' title='bbox 3512 2326 3651 2371; x_wconf 89' lang='lat' dir='ltr'><strong>sen-</strong></span> 
     </span>
    </p>
   </div>
   <div class='ocr_carea' id='block_1_64' title="bbox 2014 2389 3651 2479">
    <p class='ocr_par' dir='ltr' id='par_1_64' title="bbox 2014 2389 3651 2479">
     <span class='ocr_line' id='line_1_64' title="bbox 2014 2389 3651 2479; baseline 0.006 -30"><span class='ocrx_word' id='word_1_471' title='bbox 2014 2389 2258 2479; x_wconf 81' lang='lat' dir='ltr'><strong>tentiam</strong></span> <span class='ocrx_word' id='word_1_472' title='bbox 2285 2410 2650 2471; x_wconf 88' lang='lat' dir='ltr'><strong>proponens,</strong></span> <span class='ocrx_word' id='word_1_473' title='bbox 2676 2401 2733 2454; x_wconf 91' lang='lat' dir='ltr'><strong>et</strong></span> <span class='ocrx_word' id='word_1_474' title='bbox 2761 2401 2922 2455; x_wconf 81' lang='lat' dir='ltr'><strong>certe</strong></span> <span class='ocrx_word' id='word_1_475' title='bbox 2945 2404 3003 2456; x_wconf 91' lang='lat' dir='ltr'><strong>et</strong></span> <span class='ocrx_word' id='word_1_476' title='bbox 3031 2394 3322 2457; x_wconf 89' lang='lat' dir='ltr'><strong>instanter</strong></span> <span class='ocrx_word' id='word_1_477' title='bbox 3349 2396 3651 2479; x_wconf 87' lang='lat' dir='ltr'><strong>dictitans,</strong></span> 
     </span>
    </p>
   </div>
   <div class='ocr_carea' id='block_1_65' title="bbox 2012 2478 3654 2565">
    <p class='ocr_par' dir='ltr' id='par_1_65' title="bbox 2012 2478 3654 2565">
     <span class='ocr_line' id='line_1_65' title="bbox 2012 2478 3654 2565; baseline 0.006 -27"><span class='ocrx_word' id='word_1_478' title='bbox 2012 2478 2113 2558; x_wconf 91' lang='lat' dir='ltr'><strong>qui</strong></span> <span class='ocrx_word' id='word_1_479' title='bbox 2140 2497 2211 2540; x_wconf 83' lang='lat' dir='ltr'><strong>ex</strong></span> <span class='ocrx_word' id='word_1_480' title='bbox 2245 2479 2420 2541; x_wconf 91' lang='lat' dir='ltr'><strong>Patre</strong></span> <span class='ocrx_word' id='word_1_481' title='bbox 2443 2480 2985 2561; x_wconf 80' lang='lat' dir='ltr'><strong>exsistereSpiI-itus</strong></span> <span class='ocrx_word' id='word_1_482' title='bbox 3011 2482 3251 2560; x_wconf 85' lang='lat' dir='ltr'><strong>dicitur;</strong></span> <span class='ocrx_word' id='word_1_483' title='bbox 3274 2484 3430 2565; x_wconf 89' lang='lat' dir='ltr'><strong>quod</strong></span> <span class='ocrx_word' id='word_1_484' title='bbox 3475 2485 3654 2548; x_wconf 85' lang='lat' dir='ltr'><strong>unius</strong></span> 
     </span>
    </p>
   </div>
   <div class='ocr_carea' id='block_1_66' title="bbox 2017 2565 3655 2653">
    <p class='ocr_par' dir='ltr' id='par_1_66' title="bbox 2017 2565 3655 2653">
     <span class='ocr_line' id='line_1_66' title="bbox 2017 2565 3655 2653; baseline 0.007 -26"><span class='ocrx_word' id='word_1_485' title='bbox 2017 2575 2104 2627; x_wconf 85' lang='lat' dir='ltr'><strong>est</strong></span> <span class='ocrx_word' id='word_1_486' title='bbox 2126 2565 2330 2647; x_wconf 89' lang='lat' dir='ltr'><strong>seriei,</strong></span> <span class='ocrx_word' id='word_1_487' title='bbox 2364 2569 2544 2630; x_wconf 89' lang='lat' dir='ltr'><strong>veluti</strong></span> <span class='ocrx_word' id='word_1_488' title='bbox 2576 2587 2644 2630; x_wconf 83' lang='lat' dir='ltr'><strong>ex</strong></span> <span class='ocrx_word' id='word_1_489' title='bbox 2675 2569 3027 2650; x_wconf 87' lang='lat' dir='ltr'><strong>primigenia</strong></span> <span class='ocrx_word' id='word_1_490' title='bbox 3053 2580 3112 2635; x_wconf 87' lang='lat' dir='ltr'><strong>et</strong></span> <span class='ocrx_word' id='word_1_491' title='bbox 3126 2571 3444 2653; x_wconf 87' lang='lat' dir='ltr'><strong>principali</strong></span> <span class='ocrx_word' id='word_1_492' title='bbox 3475 2592 3655 2637; x_wconf 84' lang='lat' dir='ltr'><strong>causa</strong></span> 
     </span>
    </p>
   </div>
   <div class='ocr_carea' id='block_1_67' title="bbox 2016 2655 3657 2743">
    <p class='ocr_par' dir='ltr' id='par_1_67' title="bbox 2016 2655 3657 2743">
     <span class='ocr_line' id='line_1_67' title="bbox 2016 2655 3657 2743; baseline 0.005 -28"><span class='ocrx_word' id='word_1_493' title='bbox 2016 2655 2300 2718; x_wconf 78' lang='lat' dir='ltr'><strong>exsistere</strong></span> <span class='ocrx_word' id='word_1_494' title='bbox 2334 2656 2605 2736; x_wconf 81' lang='lat' dir='ltr'><strong>intelligi,</strong></span> <span class='ocrx_word' id='word_1_495' title='bbox 2669 2677 2737 2720; x_wconf 82' lang='lat' dir='ltr'><strong>ex</strong></span> <span class='ocrx_word' id='word_1_496' title='bbox 2796 2657 2946 2720; x_wconf 88' lang='lat' dir='ltr'><strong>Filio</strong></span> <span class='ocrx_word' id='word_1_497' title='bbox 2993 2677 3155 2735; x_wconf 89' lang='lat' dir='ltr'><strong>vero,</strong></span> <span class='ocrx_word' id='word_1_498' title='bbox 3216 2669 3492 2741; x_wconf 87' lang='lat' dir='ltr'><strong>tanquam</strong></span> <span class='ocrx_word' id='word_1_499' title='bbox 3551 2680 3657 2743; x_wconf 92' lang='lat' dir='ltr'><strong>per</strong></span> 
     </span>
    </p>
   </div>
   <div class='ocr_carea' id='block_1_68' title="bbox 2016 2743 3655 2829">
    <p class='ocr_par' dir='ltr' id='par_1_68' title="bbox 2016 2743 3655 2829">
     <span class='ocr_line' id='line_1_68' title="bbox 2016 2743 3655 2829; baseline 0.004 -24"><span class='ocrx_word' id='word_1_500' title='bbox 2016 2743 2229 2805; x_wconf 88' lang='lat' dir='ltr'><strong>Filium</strong></span> <span class='ocrx_word' id='word_1_501' title='bbox 2258 2765 2271 2805; x_wconf 89' lang='lat'><strong>:</strong></span> <span class='ocrx_word' id='word_1_502' title='bbox 2306 2754 2482 2826; x_wconf 89' lang='lat' dir='ltr'><strong>atque</strong></span> <span class='ocrx_word' id='word_1_503' title='bbox 2507 2745 2682 2807; x_wconf 91' lang='lat' dir='ltr'><strong>etiam</strong></span> <span class='ocrx_word' id='word_1_504' title='bbox 2711 2747 2811 2827; x_wconf 87' lang='lat' dir='ltr'><strong>qui</strong></span> <span class='ocrx_word' id='word_1_505' title='bbox 2869 2747 3086 2810; x_wconf 89' lang='lat' dir='ltr'><strong>dicitur</strong></span> <span class='ocrx_word' id='word_1_506' title='bbox 3132 2767 3203 2810; x_wconf 84' lang='lat' dir='ltr'><strong>ex</strong></span> <span class='ocrx_word' id='word_1_507' title='bbox 3254 2749 3430 2811; x_wconf 85' lang='lat' dir='ltr'><strong>Patre</strong></span> <span class='ocrx_word' id='word_1_508' title='bbox 3459 2749 3655 2829; x_wconf 84' lang='lat' dir='ltr'><strong>dignis</strong></span> 
     </span>
    </p>
   </div>
   <div class='ocr_carea' id='block_1_69' title="bbox 2015 2831 3655 2919">
    <p class='ocr_par' dir='ltr' id='par_1_69' title="bbox 2015 2831 3655 2919">
     <span class='ocr_line' id='line_1_69' title="bbox 2015 2831 3655 2919; baseline 0.004 -27"><span class='ocrx_word' id='word_1_509' title='bbox 2015 2831 2314 2908; x_wconf 82' lang='lat' dir='ltr'><strong>distribui,</strong></span> <span class='ocrx_word' id='word_1_510' title='bbox 2348 2834 2506 2914; x_wconf 91' lang='lat' dir='ltr'><strong>quod</strong></span> <span class='ocrx_word' id='word_1_511' title='bbox 2531 2837 2807 2896; x_wconf 62' lang='lat' dir='ltr'><strong>secundae</strong></span> <span class='ocrx_word' id='word_1_512' title='bbox 2832 2839 3013 2899; x_wconf 80' lang='lat' dir='ltr'><strong>seriei</strong></span> <span class='ocrx_word' id='word_1_513' title='bbox 3035 2836 3332 2911; x_wconf 86' lang='lat' dir='ltr'><strong>est,veluti</strong></span> <span class='ocrx_word' id='word_1_514' title='bbox 3350 2856 3421 2899; x_wconf 83' lang='lat' dir='ltr'><strong>ex</strong></span> <span class='ocrx_word' id='word_1_515' title='bbox 3454 2836 3655 2919; x_wconf 82' lang='lat' dir='ltr'><strong>primi-</strong></span> 
     </span>
    </p>
   </div>
   <div class='ocr_carea' id='block_1_70' title="bbox 2013 2921 3652 3002">
    <p class='ocr_par' dir='ltr' id='par_1_70' title="bbox 2013 2921 3652 3002">
     <span class='ocr_line' id='line_1_70' title="bbox 2013 2921 3652 3002; baseline 0.004 -21"><span class='ocrx_word' id='word_1_516' title='bbox 2013 2921 2191 3000; x_wconf 85' lang='lat' dir='ltr'><strong>genia</strong></span> <span class='ocrx_word' id='word_1_517' title='bbox 2214 2929 2270 2982; x_wconf 92' lang='lat' dir='ltr'><strong>et</strong></span> <span class='ocrx_word' id='word_1_518' title='bbox 2303 2921 2616 3002; x_wconf 88' lang='lat' dir='ltr'><strong>principali</strong></span> <span class='ocrx_word' id='word_1_519' title='bbox 2652 2940 2829 2984; x_wconf 83' lang='lat' dir='ltr'><strong>causa</strong></span> <span class='ocrx_word' id='word_1_520' title='bbox 2854 2927 3022 2988; x_wconf 85' lang='lat' dir='ltr'><strong>Patre</strong></span> <span class='ocrx_word' id='word_1_521' title='bbox 3051 2924 3350 3000; x_wconf 86' lang='lat' dir='ltr'><strong>distribui,</strong></span> <span class='ocrx_word' id='word_1_522' title='bbox 3404 2944 3472 2988; x_wconf 82' lang='lat' dir='ltr'><strong>ex</strong></span> <span class='ocrx_word' id='word_1_523' title='bbox 3504 2924 3652 2989; x_wconf 83' lang='lat' dir='ltr'><strong>Filio</strong></span> 
     </span>
    </p>
   </div>
   <div class='ocr_carea' id='block_1_71' title="bbox 2018 3009 3652 3092">
    <p class='ocr_par' dir='ltr' id='par_1_71' title="bbox 2018 3009 3652 3092">
     <span class='ocr_line' id='line_1_71' title="bbox 2018 3009 3652 3092; baseline 0.004 -24"><span class='ocrx_word' id='word_1_524' title='bbox 2018 3027 2152 3069; x_wconf 86' lang='lat' dir='ltr'><strong>vero</strong></span> <span class='ocrx_word' id='word_1_525' title='bbox 2176 3017 2450 3089; x_wconf 86' lang='lat' dir='ltr'><strong>tanquam</strong></span> <span class='ocrx_word' id='word_1_526' title='bbox 2471 3028 2575 3088; x_wconf 87' lang='lat' dir='ltr'><strong>per</strong></span> <span class='ocrx_word' id='word_1_527' title='bbox 2595 3009 2834 3092; x_wconf 91' lang='lat' dir='ltr'><strong>Filium,</strong></span> <span class='ocrx_word' id='word_1_528' title='bbox 2863 3019 3097 3073; x_wconf 91' lang='lat' dir='ltr'><strong>tuorum</strong></span> <span class='ocrx_word' id='word_1_529' title='bbox 3125 3030 3464 3075; x_wconf 89' lang='lat' dir='ltr'><strong>sermonem</strong></span> <span class='ocrx_word' id='word_1_530' title='bbox 3492 3014 3652 3075; x_wconf 90' lang='lat' dir='ltr'><strong>veri--</strong></span> 
     </span>
    </p>
   </div>
   <div class='ocr_carea' id='block_1_72' title="bbox 2013 3097 3654 3182">
    <p class='ocr_par' dir='ltr' id='par_1_72' title="bbox 2013 3097 3654 3182">
     <span class='ocr_line' id='line_1_72' title="bbox 2013 3097 3654 3182; baseline 0.004 -25"><span class='ocrx_word' id='word_1_531' title='bbox 2013 3106 2216 3175; x_wconf 90' lang='lat' dir='ltr'><strong>tatem,</strong></span> <span class='ocrx_word' id='word_1_532' title='bbox 2242 3097 2566 3173; x_wconf 83' lang='lat' dir='ltr'><strong>sicutidixi,</strong></span> <span class='ocrx_word' id='word_1_533' title='bbox 2591 3098 2993 3163; x_wconf 80' lang='lat' dir='ltr'><strong>confirmabis.</strong></span> <span class='ocrx_word' id='word_1_534' title='bbox 3017 3099 3250 3162; x_wconf 87' lang='lat' dir='ltr'><strong>Etenim</strong></span> <span class='ocrx_word' id='word_1_535' title='bbox 3274 3102 3322 3162; x_wconf 90' lang='lat' dir='ltr'><strong>si</strong></span> <span class='ocrx_word' id='word_1_536' title='bbox 3353 3120 3484 3182; x_wconf 74' lang='lat' dir='ltr'><strong>quae</strong></span> <span class='ocrx_word' id='word_1_537' title='bbox 3514 3119 3654 3163; x_wconf 85' lang='lat' dir='ltr'><strong>vere</strong></span> 
     </span>
    </p>
   </div>
   <div class='ocr_carea' id='block_1_73' title="bbox 2011 3274 3652 3359">
    <p class='ocr_par' dir='ltr' id='par_1_73' title="bbox 2011 3274 3652 3359">
     <span class='ocr_line' id='line_1_73' title="bbox 2011 3274 3652 3359; baseline 0.004 -25"><span class='ocrx_word' id='word_1_538' title='bbox 2011 3275 2143 3335; x_wconf 89' lang='lat' dir='ltr'><strong>tatis</strong></span> <span class='ocrx_word' id='word_1_539' title='bbox 2179 3285 2236 3336; x_wconf 87' lang='lat' dir='ltr'><strong>et</strong></span> <span class='ocrx_word' id='word_1_540' title='bbox 2259 3274 2559 3337; x_wconf 81' lang='lat' dir='ltr'><strong>filiationis</strong></span> <span class='ocrx_word' id='word_1_541' title='bbox 2590 3275 2651 3337; x_wconf 90' lang='lat' dir='ltr'><strong>in</strong></span> <span class='ocrx_word' id='word_1_542' title='bbox 2682 3296 2777 3349; x_wconf 91' lang='lat' dir='ltr'><strong>eo,</strong></span> <span class='ocrx_word' id='word_1_543' title='bbox 2810 3277 2968 3358; x_wconf 88' lang='lat' dir='ltr'><strong>quod</strong></span> <span class='ocrx_word' id='word_1_544' title='bbox 3002 3296 3068 3339; x_wconf 81' lang='lat' dir='ltr'><strong>ex</strong></span> <span class='ocrx_word' id='word_1_545' title='bbox 3101 3289 3352 3359; x_wconf 90' lang='lat' dir='ltr'><strong>utroque</strong></span> <span class='ocrx_word' id='word_1_546' title='bbox 3395 3280 3455 3339; x_wconf 92' lang='lat' dir='ltr'><strong>in</strong></span> <span class='ocrx_word' id='word_1_547' title='bbox 3478 3277 3652 3341; x_wconf 90' lang='lat' dir='ltr'><strong>dictis</strong></span> 
     </span>
    </p>
   </div>
   <div class='ocr_carea' id='block_1_74' title="bbox 2009 3363 3651 3448">
    <p class='ocr_par' dir='ltr' id='par_1_74' title="bbox 2009 3363 3651 3448">
     <span class='ocr_line' id='line_1_74' title="bbox 2009 3363 3651 3448; baseline 0.003 -24"><span class='ocrx_word' id='word_1_548' title='bbox 2009 3363 2277 3425; x_wconf 91' lang='lat' dir='ltr'><strong>seriebus</strong></span> <span class='ocrx_word' id='word_1_549' title='bbox 2309 3364 2632 3426; x_wconf 84' lang='lat' dir='ltr'><strong>dictionum</strong></span> <span class='ocrx_word' id='word_1_550' title='bbox 2667 3365 2922 3439; x_wconf 85' lang='lat' dir='ltr'><strong>dicatur,</strong></span> <span class='ocrx_word' id='word_1_551' title='bbox 2950 3385 3132 3428; x_wconf 90' lang='lat' dir='ltr'><strong>unum</strong></span> <span class='ocrx_word' id='word_1_552' title='bbox 3163 3366 3444 3448; x_wconf 90' lang='lat' dir='ltr'><strong>idemque</strong></span> <span class='ocrx_word' id='word_1_553' title='bbox 3503 3376 3561 3430; x_wconf 92' lang='lat' dir='ltr'><strong>et</strong></span> <span class='ocrx_word' id='word_1_554' title='bbox 3588 3366 3651 3429; x_wconf 89' lang='lat' dir='ltr'><strong>in</strong></span> 
     </span>
    </p>
   </div>
   <div class='ocr_carea' id='block_1_75' title="bbox 1984 3452 3650 3537">
    <p class='ocr_par' dir='ltr' id='par_1_75' title="bbox 1984 3452 3650 3537">
     <span class='ocr_line' id='line_1_75' title="bbox 1984 3452 3650 3537; baseline 0.003 -26"><span class='ocrx_word' id='word_1_555' title='bbox 1984 3452 2313 3533; x_wconf 56' lang='lat' dir='ltr'><strong>&#39;utriusque</strong></span> <span class='ocrx_word' id='word_1_556' title='bbox 2338 3471 2533 3534; x_wconf 67' lang='lat' dir='ltr'><strong>aequas</strong></span> <span class='ocrx_word' id='word_1_557' title='bbox 2556 3452 2711 3514; x_wconf 88' lang='lat' dir='ltr'><strong>vires</strong></span> <span class='ocrx_word' id='word_1_558' title='bbox 2738 3455 3023 3536; x_wconf 91' lang='lat' dir='ltr'><strong>possidet,</strong></span> <span class='ocrx_word' id='word_1_559' title='bbox 3047 3463 3106 3517; x_wconf 91' lang='lat' dir='ltr'><strong>et</strong></span> <span class='ocrx_word' id='word_1_560' title='bbox 3130 3455 3352 3537; x_wconf 84' lang='lat' dir='ltr'><strong>absque</strong></span> <span class='ocrx_word' id='word_1_561' title='bbox 3382 3456 3502 3519; x_wconf 88' lang='lat' dir='ltr'><strong>ulla</strong></span> <span class='ocrx_word' id='word_1_562' title='bbox 3531 3456 3650 3517; x_wconf 83' lang='lat' dir='ltr'><strong>im-</strong></span> 
     </span>
    </p>
   </div>
   <div class='ocr_carea' id='block_1_76' title="bbox 2014 3542 3654 3625">
    <p class='ocr_par' dir='ltr' id='par_1_76' title="bbox 2014 3542 3654 3625">
     <span class='ocr_line' id='line_1_76' title="bbox 2014 3542 3654 3625; baseline 0.003 -24"><span class='ocrx_word' id='word_1_563' title='bbox 2014 3542 2335 3602; x_wconf 77' lang='lat' dir='ltr'><strong>mutatione</strong></span> <span class='ocrx_word' id='word_1_564' title='bbox 2357 3542 2732 3603; x_wconf 88' lang='lat' dir='ltr'><strong>manifestum</strong></span> <span class='ocrx_word' id='word_1_565' title='bbox 2765 3551 2874 3622; x_wconf 91' lang='lat' dir='ltr'><strong>est,</strong></span> <span class='ocrx_word' id='word_1_566' title='bbox 2929 3543 2978 3604; x_wconf 91' lang='lat' dir='ltr'><strong>si</strong></span> <span class='ocrx_word' id='word_1_567' title='bbox 3001 3562 3133 3625; x_wconf 68' lang='lat' dir='ltr'><strong>quas</strong></span> <span class='ocrx_word' id='word_1_568' title='bbox 3174 3562 3210 3605; x_wconf 90' lang='lat' dir='ltr'><strong>a</strong></span> <span class='ocrx_word' id='word_1_569' title='bbox 3240 3544 3466 3607; x_wconf 84' lang='lat' dir='ltr'><strong>veritati</strong></span> <span class='ocrx_word' id='word_1_570' title='bbox 3489 3545 3654 3624; x_wconf 90' lang='lat' dir='ltr'><strong>inju-</strong></span> 
     </span>
    </p>
   </div>
   <div class='ocr_carea' id='block_1_77' title="bbox 2012 3630 3654 3714">
    <p class='ocr_par' dir='ltr' id='par_1_77' title="bbox 2012 3630 3654 3714">
     <span class='ocr_line' id='line_1_77' title="bbox 2012 3630 3654 3714; baseline 0.002 -23"><span class='ocrx_word' id='word_1_571' title='bbox 2012 3637 2156 3693; x_wconf 88' lang='lat' dir='ltr'><strong>riam</strong></span> <span class='ocrx_word' id='word_1_572' title='bbox 2215 3630 2541 3691; x_wconf 89' lang='lat' dir='ltr'><strong>ferentibus</strong></span> <span class='ocrx_word' id='word_1_573' title='bbox 2570 3630 2629 3692; x_wconf 92' lang='lat' dir='ltr'><strong>in</strong></span> <span class='ocrx_word' id='word_1_574' title='bbox 2682 3649 2798 3693; x_wconf 89' lang='lat' dir='ltr'><strong>una</strong></span> <span class='ocrx_word' id='word_1_575' title='bbox 2828 3632 3009 3714; x_wconf 90' lang='lat' dir='ltr'><strong>serie,</strong></span> <span class='ocrx_word' id='word_1_576' title='bbox 3066 3652 3200 3713; x_wconf 69' lang='lat' dir='ltr'><strong>quae</strong></span> <span class='ocrx_word' id='word_1_577' title='bbox 3251 3635 3654 3695; x_wconf 74' lang='lat' dir='ltr'><strong>exsisteutiam</strong></span> 
     </span>
    </p>
   </div>
   <div class='ocr_carea' id='block_1_78' title="bbox 2015 3720 3656 3800">
    <p class='ocr_par' dir='ltr' id='par_1_78' title="bbox 2015 3720 3656 3800">
     <span class='ocr_line' id='line_1_78' title="bbox 2015 3720 3656 3800; baseline 0.004 -21"><span class='ocrx_word' id='word_1_578' title='bbox 2015 3722 2252 3792; x_wconf 73' lang='lat' dir='ltr'><strong>indicat,</strong></span> <span class='ocrx_word' id='word_1_579' title='bbox 2292 3720 2537 3800; x_wconf 78' lang='lat' dir='ltr'><strong>fingitur</strong></span> <span class='ocrx_word' id='word_1_580' title='bbox 2595 3720 2995 3800; x_wconf 81' lang='lat' dir='ltr'><strong>homonymia,</strong></span> <span class='ocrx_word' id='word_1_581' title='bbox 3058 3721 3270 3784; x_wconf 88' lang='lat' dir='ltr'><strong>similis</strong></span> <span class='ocrx_word' id='word_1_582' title='bbox 3321 3721 3656 3786; x_wconf 70' lang='lat' dir='ltr'><strong>differentia</strong></span> 
     </span>
    </p>
   </div>
   <div class='ocr_carea' id='block_1_79' title="bbox 2016 3808 3655 3888">
    <p class='ocr_par' dir='ltr' id='par_1_79' title="bbox 2016 3808 3655 3888">
     <span class='ocr_line' id='line_1_79' title="bbox 2016 3808 3655 3888; baseline 0.002 -18"><span class='ocrx_word' id='word_1_583' title='bbox 2016 3808 2316 3871; x_wconf 84' lang='lat' dir='ltr'><strong>filiationis</strong></span> <span class='ocrx_word' id='word_1_584' title='bbox 2337 3818 2393 3869; x_wconf 88' lang='lat' dir='ltr'><strong>et</strong></span> <span class='ocrx_word' id='word_1_585' title='bbox 2417 3808 2784 3888; x_wconf 86' lang='lat' dir='ltr'><strong>paternitatis</strong></span> <span class='ocrx_word' id='word_1_586' title='bbox 2804 3811 3046 3881; x_wconf 88' lang='lat' dir='ltr'><strong>valeret,</strong></span> <span class='ocrx_word' id='word_1_587' title='bbox 3081 3812 3193 3873; x_wconf 93' lang='lat' dir='ltr'><strong>hoc</strong></span> <span class='ocrx_word' id='word_1_588' title='bbox 3224 3810 3377 3872; x_wconf 91' lang='lat' dir='ltr'><strong>idem</strong></span> <span class='ocrx_word' id='word_1_589' title='bbox 3407 3820 3464 3874; x_wconf 93' lang='lat' dir='ltr'><strong>et</strong></span> <span class='ocrx_word' id='word_1_590' title='bbox 3494 3815 3550 3873; x_wconf 90' lang='lat' dir='ltr'><strong>in</strong></span> <span class='ocrx_word' id='word_1_591' title='bbox 3575 3813 3655 3874; x_wconf 88' lang='lat' dir='ltr'><strong>al-</strong></span> 
     </span>
    </p>
   </div>
   <div class='ocr_carea' id='block_1_80' title="bbox 2016 3895 3658 3979">
    <p class='ocr_par' dir='ltr' id='par_1_80' title="bbox 2016 3895 3658 3979">
     <span class='ocr_line' id='line_1_80' title="bbox 2016 3895 3658 3979; baseline 0.004 -20"><span class='ocrx_word' id='word_1_592' title='bbox 2016 3908 2159 3972; x_wconf 89' lang='lat' dir='ltr'><strong>tera,</strong></span> <span class='ocrx_word' id='word_1_593' title='bbox 2187 3916 2302 3979; x_wconf 92' lang='lat' dir='ltr'><strong>que</strong></span> <span class='ocrx_word' id='word_1_594' title='bbox 2332 3895 2808 3959; x_wconf 87' lang='lat' dir='ltr'><strong>distributionem</strong></span> <span class='ocrx_word' id='word_1_595' title='bbox 2831 3898 3099 3974; x_wconf 88' lang='lat' dir='ltr'><strong>denotat,</strong></span> <span class='ocrx_word' id='word_1_596' title='bbox 3129 3900 3394 3963; x_wconf 84' lang='lat' dir='ltr'><strong>inferret.</strong></span> <span class='ocrx_word' id='word_1_597' title='bbox 3435 3900 3552 3965; x_wconf 88' lang='lat' dir='ltr'><strong>Sed</strong></span> <span class='ocrx_word' id='word_1_598' title='bbox 3594 3901 3658 3965; x_wconf 88' lang='lat' dir='ltr'><strong>in</strong></span> 
     </span>
    </p>
   </div>
   <div class='ocr_carea' id='block_1_81' title="bbox 278 3985 1927 4072">
    <p class='ocr_par' dir='ltr' id='par_1_81' title="bbox 278 3990 1927 4072">
     <span class='ocr_line' id='line_1_81' title="bbox 278 3990 1927 4072; baseline 0 -23"><span class='ocrx_word' id='word_1_599' title='bbox 278 3993 483 4071; x_wconf 85' lang='grc' dir='ltr'>λόγων,</span> <span class='ocrx_word' id='word_1_600' title='bbox 556 3990 687 4072; x_wconf 79' lang='grc' dir='ltr'>ὅπερ</span> <span class='ocrx_word' id='word_1_601' title='bbox 741 3990 897 4072; x_wconf 74' lang='grc' dir='ltr'>ἔφην,</span> <span class='ocrx_word' id='word_1_602' title='bbox 942 3993 1216 4062; x_wconf 74' lang='grc' dir='ltr'>συστήσειε</span> <span class='ocrx_word' id='word_1_603' title='bbox 1271 3993 1332 4048; x_wconf 82' lang='grc' dir='ltr'>τὸ</span> <span class='ocrx_word' id='word_1_604' title='bbox 1375 3990 1590 4059; x_wconf 82' lang='grc' dir='ltr'>ἀληθές.</span> <span class='ocrx_word' id='word_1_605' title='bbox 1652 3993 1712 4049; x_wconf 81' lang='grc' dir='ltr'><strong>Εἰ</strong></span> <span class='ocrx_word' id='word_1_606' title='bbox 1753 3993 1852 4070; x_wconf 79' lang='grc' dir='ltr'><strong>γὰρ</strong></span> <span class='ocrx_word' id='word_1_607' title='bbox 1893 3994 1927 4059; x_wconf 78' lang='grc' dir='ltr'><strong>ἡ</strong></span> 
     </span>
    </p>
   </div>
   <div class='ocr_carea' id='block_1_82' title="bbox 2009 3985 3661 4072">
    <p class='ocr_par' dir='ltr' id='par_1_82' title="bbox 2012 3985 3661 4069">
     <span class='ocr_line' id='line_1_82' title="bbox 2012 3985 3661 4069; baseline 0.002 -20"><span class='ocrx_word' id='word_1_608' title='bbox 2012 3990 2132 4057; x_wconf 82' lang='lat' dir='ltr'><strong>illa,</strong></span> <span class='ocrx_word' id='word_1_609' title='bbox 2166 4005 2297 4069; x_wconf 81' lang='lat' dir='ltr'><strong>quae</strong></span> <span class='ocrx_word' id='word_1_610' title='bbox 2319 3985 2795 4049; x_wconf 87' lang='lat' dir='ltr'><strong>distributionem</strong></span> <span class='ocrx_word' id='word_1_611' title='bbox 2821 3987 3025 4063; x_wconf 79' lang='lat' dir='ltr'><strong>infert,</strong></span> <span class='ocrx_word' id='word_1_612' title='bbox 3061 3990 3221 4051; x_wconf 91' lang='lat' dir='ltr'><strong>nullo</strong></span> <span class='ocrx_word' id='word_1_613' title='bbox 3254 3991 3430 4051; x_wconf 89' lang='lat' dir='ltr'><strong>modo</strong></span> <span class='ocrx_word' id='word_1_614' title='bbox 3451 3998 3560 4066; x_wconf 91' lang='lat' dir='ltr'><strong>est,</strong></span> <span class='ocrx_word' id='word_1_615' title='bbox 3596 4001 3661 4054; x_wconf 90' lang='lat' dir='ltr'><strong>ut</strong></span> 
     </span>
    </p>
   </div>
   <div class='ocr_carea' id='block_1_83' title="bbox 277 4075 1927 4160">
    <p class='ocr_par' dir='ltr' id='par_1_83' title="bbox 277 4077 1925 4160">
     <span class='ocr_line' id='line_1_83' title="bbox 277 4077 1925 4160; baseline -0.002 -22"><span class='ocrx_word' id='word_1_616' title='bbox 277 4080 494 4148; x_wconf 80' lang='grc' dir='ltr'>ἀληθῶς</span> <span class='ocrx_word' id='word_1_617' title='bbox 565 4079 759 4155; x_wconf 77' lang='grc' dir='ltr'>μεταξὺ</span> <span class='ocrx_word' id='word_1_618' title='bbox 856 4086 960 4137; x_wconf 81' lang='grc' dir='ltr'>τῶν</span> <span class='ocrx_word' id='word_1_619' title='bbox 1030 4077 1120 4137; x_wconf 85' lang='grc' dir='ltr'><strong>δύο</strong></span> <span class='ocrx_word' id='word_1_620' title='bbox 1213 4081 1509 4160; x_wconf 88' lang='grc' dir='ltr'>προσώπων</span> <span class='ocrx_word' id='word_1_621' title='bbox 1590 4080 1925 4159; x_wconf 87' lang='grc' dir='ltr'>θεωρουμένη</span> 
     </span>
    </p>
   </div>
   <div class='ocr_carea' id='block_1_84' title="bbox 2009 4075 3548 4160">
    <p class='ocr_par' dir='ltr' id='par_1_84' title="bbox 2011 4075 3548 4160">
     <span class='ocr_line' id='line_1_84' title="bbox 2011 4075 3548 4160; baseline 0.001 -21"><span class='ocrx_word' id='word_1_622' title='bbox 2011 4075 2334 4140; x_wconf 86' lang='lat' dir='ltr'><strong>adversarii</strong></span> <span class='ocrx_word' id='word_1_623' title='bbox 2366 4076 2479 4157; x_wconf 90' lang='lat' dir='ltr'><strong>ipsi</strong></span> <span class='ocrx_word' id='word_1_624' title='bbox 2513 4083 2827 4157; x_wconf 87' lang='lat' dir='ltr'><strong>testantur,</strong></span> <span class='ocrx_word' id='word_1_625' title='bbox 2858 4096 3000 4157; x_wconf 86' lang='lat' dir='ltr'><strong>ergo</strong></span> <span class='ocrx_word' id='word_1_626' title='bbox 3031 4097 3226 4160; x_wconf 91' lang='lat' dir='ltr'><strong>neque</strong></span> <span class='ocrx_word' id='word_1_627' title='bbox 3248 4078 3309 4139; x_wconf 92' lang='lat' dir='ltr'><strong>in</strong></span> <span class='ocrx_word' id='word_1_628' title='bbox 3340 4079 3548 4141; x_wconf 78' lang='lat' dir='ltr'><strong>altera.</strong></span> 
     </span>
    </p>
   </div>
   <div class='ocr_carea' id='block_1_85' title="bbox 275 4167 3655 4251">
    <p class='ocr_par' dir='ltr' id='par_1_85' title="bbox 275 4167 3655 4251">
     <span class='ocr_line' id='line_1_85' title="bbox 275 4167 3655 4251; baseline 0.001 -25"><span class='ocrx_word' id='word_1_629' title='bbox 275 4169 501 4251; x_wconf 67' lang='grc' dir='ltr'>διαφορὰ</span> <span class='ocrx_word' id='word_1_630' title='bbox 555 4167 655 4237; x_wconf 72' lang='grc' dir='ltr'><strong>τῆς</strong></span> <span class='ocrx_word' id='word_1_631' title='bbox 712 4169 1045 4248; x_wconf 86' lang='grc' dir='ltr'>πατρότητος</span> <span class='ocrx_word' id='word_1_632' title='bbox 1115 4170 1204 4226; x_wconf 82' lang='grc' dir='ltr'>καὶ</span> <span class='ocrx_word' id='word_1_633' title='bbox 1260 4170 1499 4237; x_wconf 79' lang='grc' dir='ltr'>υἱότητος</span> <span class='ocrx_word' id='word_1_634' title='bbox 1560 4168 1613 4225; x_wconf 79' lang='grc' dir='ltr'>ἒν</span> <span class='ocrx_word' id='word_1_635' title='bbox 1667 4174 1743 4224; x_wconf 85' lang='grc' dir='ltr'><strong>τῶ</strong></span> <span class='ocrx_word' id='word_1_636' title='bbox 1798 4169 1848 4235; x_wconf 76' lang='grc' dir='ltr'><strong>ἐξ</strong></span> <span class='ocrx_word' id='word_1_637' title='bbox 1908 4171 2112 4249; x_wconf 68' lang='grc' dir='ltr'>ἀμφοῖν</span> <span class='ocrx_word' id='word_1_638' title='bbox 2170 4169 2263 4231; x_wconf 81' lang='grc' dir='ltr'><strong>τὰς</strong></span> <span class='ocrx_word' id='word_1_639' title='bbox 2320 4167 2598 4240; x_wconf 84' lang='grc' dir='ltr'>εἰρημένας</span> <span class='ocrx_word' id='word_1_640' title='bbox 2660 4169 2968 4247; x_wconf 72' lang='grc' dir='ltr'>σωτοιχίας</span> <span class='ocrx_word' id='word_1_641' title='bbox 3025 4175 3130 4224; x_wconf 82' lang='grc' dir='ltr'><strong>τῶν</strong></span> <span class='ocrx_word' id='word_1_642' title='bbox 3174 4167 3362 4234; x_wconf 81' lang='grc' dir='ltr'>λέξεων</span> <span class='ocrx_word' id='word_1_643' title='bbox 3394 4167 3655 4248; x_wconf 64' lang='grc' dir='ltr'>λέγεσθαι*</span> 
     </span>
    </p>
   </div>
   <div class='ocr_carea' id='block_1_86' title="bbox 272 4254 3656 4338">
    <p class='ocr_par' dir='ltr' id='par_1_86' title="bbox 272 4254 3656 4338">
     <span class='ocr_line' id='line_1_86' title="bbox 272 4254 3656 4338; baseline -0.001 -23"><span class='ocrx_word' id='word_1_644' title='bbox 272 4259 335 4315; x_wconf 76' lang='grc' dir='ltr'>ἓν</span> <span class='ocrx_word' id='word_1_645' title='bbox 396 4281 446 4315; x_wconf 89' lang='grc' dir='ltr'><strong>τι</strong></span> <span class='ocrx_word' id='word_1_646' title='bbox 501 4261 590 4316; x_wconf 78' lang='grc' dir='ltr'>καὶ</span> <span class='ocrx_word' id='word_1_647' title='bbox 643 4260 858 4331; x_wconf 79' lang='grc' dir='ltr'>ταυτὸν,</span> <span class='ocrx_word' id='word_1_648' title='bbox 916 4259 1003 4314; x_wconf 74' lang='grc' dir='ltr'><strong>καὶ</strong></span> <span class='ocrx_word' id='word_1_649' title='bbox 1055 4255 1138 4314; x_wconf 73' lang='grc' dir='ltr'><strong>ἐπ’</strong></span> <span class='ocrx_word' id='word_1_650' title='bbox 1227 4256 1547 4338; x_wconf 78' lang='grc' dir='ltr'>ἀμφοτέραις</span> <span class='ocrx_word' id='word_1_651' title='bbox 1605 4255 1931 4333; x_wconf 77' lang='grc' dir='ltr'>ίσοδυνάμως</span> <span class='ocrx_word' id='word_1_652' title='bbox 1992 4257 2203 4316; x_wconf 74' lang='grc' dir='ltr'>δύναται</span> <span class='ocrx_word' id='word_1_653' title='bbox 2273 4257 2360 4311; x_wconf 82' lang='grc' dir='ltr'><strong>καὶ</strong></span> <span class='ocrx_word' id='word_1_654' title='bbox 2415 4255 2852 4331; x_wconf 74' lang='grc' dir='ltr'>ἀμεταποιήτως,</span> <span class='ocrx_word' id='word_1_655' title='bbox 2916 4254 3161 4330; x_wconf 52' lang='grc' dir='ltr'>εωηλον,</span> <span class='ocrx_word' id='word_1_656' title='bbox 3236 4259 3310 4323; x_wconf 84' lang='grc' dir='ltr'>ὡς</span> <span class='ocrx_word' id='word_1_657' title='bbox 3366 4256 3517 4337; x_wconf 76' lang='grc' dir='ltr'>εἴπερ</span> <span class='ocrx_word' id='word_1_658' title='bbox 3568 4259 3656 4315; x_wconf 80' lang='grc' dir='ltr'><strong>καὶ</strong></span> 
     </span>
    </p>
   </div>
   <div class='ocr_carea' id='block_1_87' title="bbox 272 4343 3658 4428">
    <p class='ocr_par' dir='ltr' id='par_1_87' title="bbox 272 4343 3658 4428">
     <span class='ocr_line' id='line_1_87' title="bbox 272 4343 3658 4428; baseline 0 -25"><span class='ocrx_word' id='word_1_659' title='bbox 272 4349 378 4416; x_wconf 76' lang='grc' dir='ltr'>τὴν</span> <span class='ocrx_word' id='word_1_660' title='bbox 438 4349 579 4428; x_wconf 78' lang='grc' dir='ltr'>παρὰ</span> <span class='ocrx_word' id='word_1_661' title='bbox 618 4361 735 4413; x_wconf 72' lang='grc' dir='ltr'>τοῖς</span> <span class='ocrx_word' id='word_1_662' title='bbox 790 4348 890 4415; x_wconf 77' lang='grc' dir='ltr'><strong>τὴν</strong></span> <span class='ocrx_word' id='word_1_663' title='bbox 932 4344 1180 4415; x_wconf 80' lang='grc' dir='ltr'>ἀλήθειαν</span> <span class='ocrx_word' id='word_1_664' title='bbox 1236 4345 1499 4403; x_wconf 79' lang='grc' dir='ltr'>ἀδικοῦσιν</span> <span class='ocrx_word' id='word_1_665' title='bbox 1553 4346 1637 4403; x_wconf 75' lang='grc' dir='ltr'>ἐπὶ</span> <span class='ocrx_word' id='word_1_666' title='bbox 1692 4352 1760 4423; x_wconf 76' lang='grc' dir='ltr'><strong>τῇ</strong></span> <span class='ocrx_word' id='word_1_667' title='bbox 1830 4353 1926 4423; x_wconf 84' lang='grc' dir='ltr'><strong>μιᾷ</strong></span> <span class='ocrx_word' id='word_1_668' title='bbox 1998 4353 2104 4402; x_wconf 81' lang='grc' dir='ltr'><strong>τῶν</strong></span> <span class='ocrx_word' id='word_1_669' title='bbox 2148 4350 2496 4423; x_wconf 69' lang='grc' dir='ltr'>σν.›στοιχιῶν,</span> <span class='ocrx_word' id='word_1_670' title='bbox 2570 4349 2638 4419; x_wconf 76' lang='grc' dir='ltr'><strong>τῇ</strong></span> <span class='ocrx_word' id='word_1_671' title='bbox 2707 4346 2803 4410; x_wconf 70' lang='grc' dir='ltr'>τῆς</span> <span class='ocrx_word' id='word_1_672' title='bbox 2876 4344 3142 4423; x_wconf 75' lang='grc' dir='ltr'>ὑπάρξεως</span> <span class='ocrx_word' id='word_1_673' title='bbox 3196 4344 3337 4423; x_wconf 76' lang='grc' dir='ltr'>λέγω</span> <span class='ocrx_word' id='word_1_674' title='bbox 3385 4343 3658 4425; x_wconf 79' lang='grc' dir='ltr'>δηλωτικῇ</span> 
     </span>
    </p>
   </div>
   <div class='ocr_carea' id='block_1_88' title="bbox 271 4431 3656 4517">
    <p class='ocr_par' dir='ltr' id='par_1_88' title="bbox 271 4431 3656 4517">
     <span class='ocr_line' id='line_1_88' title="bbox 271 4431 3656 4517; baseline -0.001 -23"><span class='ocrx_word' id='word_1_675' title='bbox 271 4436 652 4512; x_wconf 82' lang='grc' dir='ltr'>πλαττομένμν</span> <span class='ocrx_word' id='word_1_676' title='bbox 707 4437 1031 4512; x_wconf 76' lang='grc' dir='ltr'>ὁμωνυμίαν,</span> <span class='ocrx_word' id='word_1_677' title='bbox 1103 4436 1139 4502; x_wconf 78' lang='grc' dir='ltr'>ἡ</span> <span class='ocrx_word' id='word_1_678' title='bbox 1195 4437 1412 4503; x_wconf 73' lang='grc' dir='ltr'>τοιαύτη</span> <span class='ocrx_word' id='word_1_679' title='bbox 1481 4433 1700 4517; x_wconf 64' lang='grc' dir='ltr'>διαφορά</span> <span class='ocrx_word' id='word_1_680' title='bbox 1741 4441 1839 4502; x_wconf 84' lang='grc' dir='ltr'>τῆς</span> <span class='ocrx_word' id='word_1_681' title='bbox 1896 4438 2225 4508; x_wconf 71' lang='grc' dir='ltr'>πατρὸτητος</span> <span class='ocrx_word' id='word_1_682' title='bbox 2281 4431 2493 4489; x_wconf 62' lang='grc' dir='ltr'>ἐδύνατο</span> <span class='ocrx_word' id='word_1_683' title='bbox 2552 4436 2637 4487; x_wconf 62' lang='grc' dir='ltr'><strong>καὶ</strong></span> <span class='ocrx_word' id='word_1_684' title='bbox 2704 4434 2971 4500; x_wconf 72' lang='grc' dir='ltr'>υἱότητος.</span> <span class='ocrx_word' id='word_1_685' title='bbox 3020 4436 3186 4492; x_wconf 80' lang='grc' dir='ltr'><strong>Τοῦτο</strong></span> <span class='ocrx_word' id='word_1_686' title='bbox 3241 4433 3304 4489; x_wconf 83' lang='grc' dir='ltr'><strong>ἂν</strong></span> <span class='ocrx_word' id='word_1_687' title='bbox 3376 4434 3500 4492; x_wconf 75' lang='grc' dir='ltr'>αὐτό</span> <span class='ocrx_word' id='word_1_688' title='bbox 3568 4439 3656 4494; x_wconf 82' lang='grc' dir='ltr'><strong>καὶ</strong></span> 
     </span>
    </p>
   </div>
   <div class='ocr_carea' id='block_1_89' title="bbox 275 4515 3659 4600">
    <p class='ocr_par' dir='ltr' id='par_1_89' title="bbox 275 4515 3659 4600">
     <span class='ocr_line' id='line_1_89' title="bbox 275 4515 3659 4600; baseline -0.001 -16"><span class='ocrx_word' id='word_1_689' title='bbox 275 4527 367 4584; x_wconf 70' lang='grc' dir='ltr'><strong>ἐπὶ</strong></span> <span class='ocrx_word' id='word_1_690' title='bbox 425 4530 520 4593; x_wconf 78' lang='grc' dir='ltr'>τῆς</span> <span class='ocrx_word' id='word_1_691' title='bbox 560 4527 659 4593; x_wconf 76' lang='grc' dir='ltr'>τὴν</span> <span class='ocrx_word' id='word_1_692' title='bbox 715 4522 969 4600; x_wconf 80' lang='grc' dir='ltr'>διανομὴν</span> <span class='ocrx_word' id='word_1_693' title='bbox 1038 4521 1303 4599; x_wconf 88' lang='grc' dir='ltr'>δμλούσης</span> <span class='ocrx_word' id='word_1_694' title='bbox 1351 4515 1595 4592; x_wconf 49' lang='grc' dir='ltr'>ἠδύνατο,</span> <span class='ocrx_word' id='word_1_695' title='bbox 1660 4515 1820 4581; x_wconf 76' lang='grc' dir='ltr'><strong>Ἀλλά</strong></span> <span class='ocrx_word' id='word_1_696' title='bbox 1877 4524 1984 4599; x_wconf 77' lang='grc' dir='ltr'>μὴν</span> <span class='ocrx_word' id='word_1_697' title='bbox 2043 4524 2126 4579; x_wconf 84' lang='grc' dir='ltr'>ἐπὶ</span> <span class='ocrx_word' id='word_1_698' title='bbox 2169 4527 2268 4588; x_wconf 81' lang='grc' dir='ltr'>τῆς</span> <span class='ocrx_word' id='word_1_699' title='bbox 2338 4520 2717 4593; x_wconf 81' lang='grc' dir='ltr'>διανεμητικῆς</span> <span class='ocrx_word' id='word_1_700' title='bbox 2775 4519 3041 4597; x_wconf 69' lang='grc' dir='ltr'>οὒδαμῶς,</span> <span class='ocrx_word' id='word_1_701' title='bbox 3101 4525 3174 4588; x_wconf 85' lang='grc' dir='ltr'>ὡς</span> <span class='ocrx_word' id='word_1_702' title='bbox 3208 4524 3351 4580; x_wconf 67' lang='grc' dir='ltr'>αὖτοὶ</span> <span class='ocrx_word' id='word_1_703' title='bbox 3382 4532 3659 4580; x_wconf 70' lang='grc' dir='ltr'>πιστοὺσιν</span> 
     </span>
    </p>
   </div>
   <div class='ocr_carea' id='block_1_90' title="bbox 274 4611 1575 4693">
    <p class='ocr_par' dir='ltr' id='par_1_90' title="bbox 274 4611 1575 4693">
     <span class='ocr_line' id='line_1_90' title="bbox 274 4611 1575 4693; baseline -0.002 -20"><span class='ocrx_word' id='word_1_704' title='bbox 274 4617 327 4673; x_wconf 77' lang='grc' dir='ltr'><strong>οἱ</strong></span> <span class='ocrx_word' id='word_1_705' title='bbox 361 4613 746 4693; x_wconf 83' lang='grc' dir='ltr'>ἀντιλέγοντες,</span> <span class='ocrx_word' id='word_1_706' title='bbox 795 4611 900 4670; x_wconf 70' lang='grc' dir='ltr'><strong>οὔδ’</strong></span> <span class='ocrx_word' id='word_1_707' title='bbox 929 4613 1029 4693; x_wconf 76' lang='grc' dir='ltr'>ἆρα</span> <span class='ocrx_word' id='word_1_708' title='bbox 1085 4612 1175 4670; x_wconf 77' lang='grc' dir='ltr'><strong>ὲωὶ</strong></span> <span class='ocrx_word' id='word_1_709' title='bbox 1231 4618 1329 4680; x_wconf 83' lang='grc' dir='ltr'>τῆς</span> <span class='ocrx_word' id='word_1_710' title='bbox 1375 4612 1575 4692; x_wconf 79' lang='grc' dir='ltr'>ἐτέρας,</span> 
     </span>
    </p>
   </div>
   <div class='ocr_carea' id='block_1_91' title="bbox 360 4695 1927 4785">
    <p class='ocr_par' dir='ltr' id='par_1_91' title="bbox 360 4695 1918 4785">
     <span class='ocr_line' id='line_1_91' title="bbox 360 4695 1918 4785; baseline -0.003 -23"><span class='ocrx_word' id='word_1_711' title='bbox 360 4695 428 4776; x_wconf 77' lang='grc' dir='ltr'><strong>ζ’.</strong></span> <span class='ocrx_word' id='word_1_712' title='bbox 484 4704 686 4785; x_wconf 76' lang='grc' dir='ltr'>Μέχρις</span> <span class='ocrx_word' id='word_1_713' title='bbox 756 4701 856 4758; x_wconf 82' lang='grc' dir='ltr'>ὦδε</span> <span class='ocrx_word' id='word_1_714' title='bbox 897 4702 1016 4758; x_wconf 81' lang='grc' dir='ltr'>κατ’</span> <span class='ocrx_word' id='word_1_715' title='bbox 1084 4701 1323 4758; x_wconf 71' lang='grc' dir='ltr'>ἔνστασιν</span> <span class='ocrx_word' id='word_1_716' title='bbox 1394 4698 1687 4780; x_wconf 79' lang='grc' dir='ltr'>προϐαίνων</span> <span class='ocrx_word' id='word_1_717' title='bbox 1746 4704 1772 4757; x_wconf 81' lang='grc' dir='ltr'>ὁ</span> <span class='ocrx_word' id='word_1_718' title='bbox 1829 4708 1918 4758; x_wconf 75' lang='grc' dir='ltr'><strong>τοῦ</strong></span> 
     </span>
    </p>
   </div>
   <div class='ocr_carea' id='block_1_92' title="bbox 2009 4695 3652 4785">
    <p class='ocr_par' dir='ltr' id='par_1_92' title="bbox 2040 4697 3652 4782">
     <span class='ocr_line' id='line_1_92' title="bbox 2040 4697 3652 4782; baseline 0.001 -22"><span class='ocrx_word' id='word_1_719' title='bbox 2040 4699 2096 4760; x_wconf 89' lang='lat'><strong>7.</strong></span> <span class='ocrx_word' id='word_1_720' title='bbox 2128 4697 2253 4759; x_wconf 86' lang='lat' dir='ltr'><strong>Huc</strong></span> <span class='ocrx_word' id='word_1_721' title='bbox 2270 4715 2454 4778; x_wconf 90' lang='lat' dir='ltr'><strong>usque</strong></span> <span class='ocrx_word' id='word_1_722' title='bbox 2469 4698 2799 4777; x_wconf 89' lang='lat' dir='ltr'><strong>procedens</strong></span> <span class='ocrx_word' id='word_1_723' title='bbox 2818 4698 3112 4761; x_wconf 89' lang='lat' dir='ltr'><strong>mendacii</strong></span> <span class='ocrx_word' id='word_1_724' title='bbox 3127 4717 3333 4760; x_wconf 90' lang='lat' dir='ltr'><strong>eorum</strong></span> <span class='ocrx_word' id='word_1_725' title='bbox 3353 4699 3652 4782; x_wconf 88' lang='lat' dir='ltr'><strong>refutatio,</strong></span> 
     </span>
    </p>
   </div>
   <div class='ocr_carea' id='block_1_93' title="bbox 276 4788 1929 4872">
    <p class='ocr_par' dir='ltr' id='par_1_93' title="bbox 276 4788 1929 4872">
     <span class='ocr_line' id='line_1_93' title="bbox 276 4788 1929 4872; baseline -0.001 -24"><span class='ocrx_word' id='word_1_726' title='bbox 276 4790 504 4870; x_wconf 65' lang='grc' dir='ltr'>ψεύδους</span> <span class='ocrx_word' id='word_1_727' title='bbox 559 4793 730 4850; x_wconf 74' lang='grc' dir='ltr'>αὐτῶν</span> <span class='ocrx_word' id='word_1_728' title='bbox 779 4790 1009 4872; x_wconf 71' lang='grc' dir='ltr'>ἔλεγχος</span> <span class='ocrx_word' id='word_1_729' title='bbox 1066 4788 1176 4847; x_wconf 85' lang='grc' dir='ltr'>δυσὶ</span> <span class='ocrx_word' id='word_1_730' title='bbox 1262 4789 1628 4868; x_wconf 80' lang='grc' dir='ltr'>συλλογισμῶν</span> <span class='ocrx_word' id='word_1_731' title='bbox 1684 4789 1929 4865; x_wconf 85' lang='grc' dir='ltr'>ἀπολαμ-</span> 
     </span>
    </p>
   </div>
   <div class='ocr_carea' id='block_1_94' title="bbox 275 4878 1927 4962">
    <p class='ocr_par' dir='ltr' id='par_1_94' title="bbox 275 4878 1927 4962">
     <span class='ocr_line' id='line_1_94' title="bbox 275 4878 1927 4962; baseline -0.003 -22"><span class='ocrx_word' id='word_1_732' title='bbox 275 4881 433 4940; x_wconf 76' lang='grc' dir='ltr'>ϐάνει</span> <span class='ocrx_word' id='word_1_733' title='bbox 463 4881 674 4962; x_wconf 76' lang='grc' dir='ltr'>τρόποις</span> <span class='ocrx_word' id='word_1_734' title='bbox 742 4882 806 4938; x_wconf 81' lang='grc' dir='ltr'>τὸ</span> <span class='ocrx_word' id='word_1_735' title='bbox 846 4878 1102 4958; x_wconf 79' lang='grc' dir='ltr'>βέϐαιον·</span> <span class='ocrx_word' id='word_1_736' title='bbox 1153 4889 1247 4939; x_wconf 79' lang='grc' dir='ltr'>τοῦ</span> <span class='ocrx_word' id='word_1_737' title='bbox 1303 4880 1399 4956; x_wconf 73' lang='grc' dir='ltr'>μὲν</span> <span class='ocrx_word' id='word_1_738' title='bbox 1443 4880 1519 4955; x_wconf 78' lang='grc' dir='ltr'>μὴ</span> <span class='ocrx_word' id='word_1_739' title='bbox 1549 4879 1690 4936; x_wconf 77' lang='grc' dir='ltr'>εἶναι</span> <span class='ocrx_word' id='word_1_740' title='bbox 1756 4878 1927 4946; x_wconf 85' lang='grc' dir='ltr'>ἀληθῆ</span> 
     </span>
    </p>
   </div>
   <div class='ocr_carea' id='block_1_95' title="bbox 276 4967 1928 5049">
    <p class='ocr_par' dir='ltr' id='par_1_95' title="bbox 276 4967 1928 5049">
     <span class='ocr_line' id='line_1_95' title="bbox 276 4967 1928 5049; baseline -0.001 -25"><span class='ocrx_word' id='word_1_741' title='bbox 276 4972 383 5038; x_wconf 75' lang='grc' dir='ltr'><strong>τὴν</strong></span> <span class='ocrx_word' id='word_1_742' title='bbox 424 4971 731 5046; x_wconf 71' lang='grc' dir='ltr'>ὁμωνυμίαν</span> <span class='ocrx_word' id='word_1_743' title='bbox 759 4969 820 5027; x_wconf 78' lang='grc' dir='ltr'>ἐκ</span> <span class='ocrx_word' id='word_1_744' title='bbox 869 4978 964 5029; x_wconf 80' lang='grc' dir='ltr'><strong>τοῦ</strong></span> <span class='ocrx_word' id='word_1_745' title='bbox 992 4969 1069 5045; x_wconf 76' lang='grc' dir='ltr'><strong>μὴ</strong></span> <span class='ocrx_word' id='word_1_746' title='bbox 1127 4970 1222 5036; x_wconf 76' lang='grc' dir='ltr'><strong>τὴν</strong></span> <span class='ocrx_word' id='word_1_747' title='bbox 1293 4967 1541 5049; x_wconf 72' lang='grc' dir='ltr'>διαφορὰν</span> <span class='ocrx_word' id='word_1_748' title='bbox 1594 4972 1693 5035; x_wconf 75' lang='grc' dir='ltr'><strong>τῆς</strong></span> <span class='ocrx_word' id='word_1_749' title='bbox 1722 4967 1928 5046; x_wconf 78' lang='grc' dir='ltr'>πατρό-</span> 
     </span>
    </p>
   </div>
   <div class='ocr_carea' id='block_1_96' title="bbox 270 5054 1928 5135">
    <p class='ocr_par' dir='ltr' id='par_1_96' title="bbox 270 5054 1928 5135">
     <span class='ocr_line' id='line_1_96' title="bbox 270 5054 1928 5135; baseline -0.003 -20"><span class='ocrx_word' id='word_1_750' title='bbox 270 5081 444 5126; x_wconf 87' lang='grc' dir='ltr'>τητος</span> <span class='ocrx_word' id='word_1_751' title='bbox 484 5061 574 5116; x_wconf 79' lang='grc' dir='ltr'><strong>καὶ</strong></span> <span class='ocrx_word' id='word_1_752' title='bbox 621 5060 861 5125; x_wconf 70' lang='grc' dir='ltr'>νεότητος</span> <span class='ocrx_word' id='word_1_753' title='bbox 894 5058 973 5113; x_wconf 69' lang='grc' dir='ltr'><strong>δαὶ</strong></span> <span class='ocrx_word' id='word_1_754' title='bbox 1016 5054 1100 5113; x_wconf 77' lang='grc' dir='ltr'><strong>ἐπ’</strong></span> <span class='ocrx_word' id='word_1_755' title='bbox 1174 5057 1377 5135; x_wconf 74' lang='grc' dir='ltr'>ἀμφοῖν</span> <span class='ocrx_word' id='word_1_756' title='bbox 1417 5070 1541 5112; x_wconf 79' lang='grc' dir='ltr'>ταῖν</span> <span class='ocrx_word' id='word_1_757' title='bbox 1598 5056 1928 5135; x_wconf 76' lang='grc' dir='ltr'>συστοιχίαιν</span> 
     </span>
    </p>
   </div>
   <div class='ocr_carea' id='block_1_97' title="bbox 273 5144 1929 5224">
    <p class='ocr_par' dir='ltr' id='par_1_97' title="bbox 273 5144 1929 5224">
     <span class='ocr_line' id='line_1_97' title="bbox 273 5144 1929 5224; baseline -0.004 -19"><span class='ocrx_word' id='word_1_758' title='bbox 273 5147 522 5205; x_wconf 74' lang='grc' dir='ltr'>δύνασθαι</span> <span class='ocrx_word' id='word_1_759' title='bbox 577 5149 638 5205; x_wconf 78' lang='grc' dir='ltr'>τὸ</span> <span class='ocrx_word' id='word_1_760' title='bbox 708 5149 835 5208; x_wconf 67' lang='grc' dir='ltr'>αὐτὸ</span> <span class='ocrx_word' id='word_1_761' title='bbox 892 5149 984 5202; x_wconf 80' lang='grc' dir='ltr'><strong>τὸν</strong></span> <span class='ocrx_word' id='word_1_762' title='bbox 1025 5144 1379 5224; x_wconf 76' lang='grc' dir='ltr'>συλλογισμὸν</span> <span class='ocrx_word' id='word_1_763' title='bbox 1436 5146 1771 5217; x_wconf 78' lang='grc' dir='ltr'>ὑποθετικὸν,</span> <span class='ocrx_word' id='word_1_764' title='bbox 1838 5146 1929 5200; x_wconf 77' lang='grc' dir='ltr'><strong>τὸν</strong></span> 
     </span>
    </p>
   </div>
   <div class='ocr_carea' id='block_1_98' title="bbox 272 5233 1930 5315">
    <p class='ocr_par' dir='ltr' id='par_1_98' title="bbox 272 5233 1930 5315">
     <span class='ocr_line' id='line_1_98' title="bbox 272 5233 1930 5315; baseline -0.002 -22"><span class='ocrx_word' id='word_1_765' title='bbox 272 5242 349 5300; x_wconf 78' lang='grc' dir='ltr'>τῆ</span> <span class='ocrx_word' id='word_1_766' title='bbox 393 5236 655 5315; x_wconf 80' lang='grc' dir='ltr'>ἀναιρέσει</span> <span class='ocrx_word' id='word_1_767' title='bbox 708 5243 802 5294; x_wconf 79' lang='grc' dir='ltr'>τοῦ</span> <span class='ocrx_word' id='word_1_768' title='bbox 850 5234 1107 5310; x_wconf 72' lang='grc' dir='ltr'>ἑπομένου</span> <span class='ocrx_word' id='word_1_769' title='bbox 1137 5235 1198 5290; x_wconf 80' lang='grc' dir='ltr'>τὸ</span> <span class='ocrx_word' id='word_1_770' title='bbox 1268 5233 1565 5311; x_wconf 78' lang='grc' dir='ltr'>ἡγούμενον</span> <span class='ocrx_word' id='word_1_771' title='bbox 1621 5233 1930 5312; x_wconf 80' lang='grc' dir='ltr'>ἀναιροῦντα</span> 
     </span>
    </p>
   </div>
   <div class='ocr_carea' id='block_1_99' title="bbox 270 5322 1931 5401">
    <p class='ocr_par' dir='ltr' id='par_1_99' title="bbox 270 5322 1931 5401">
     <span class='ocr_line' id='line_1_99' title="bbox 270 5322 1931 5401; baseline -0.004 -18"><span class='ocrx_word' id='word_1_772' title='bbox 270 5325 797 5401; x_wconf 66' lang='grc' dir='ltr'>κατασκευαζομένου</span> <span class='ocrx_word' id='word_1_773' title='bbox 831 5341 844 5355; x_wconf 81' lang='grc'><strong><em>⁸</em></strong></span> <span class='ocrx_word' id='word_1_774' title='bbox 905 5330 998 5380; x_wconf 77' lang='grc' dir='ltr'>τοῦ</span> <span class='ocrx_word' id='word_1_775' title='bbox 1040 5322 1095 5378; x_wconf 81' lang='grc' dir='ltr'>δὲ</span> <span class='ocrx_word' id='word_1_776' title='bbox 1152 5322 1205 5379; x_wconf 76' lang='grc' dir='ltr'>ἓν</span> <span class='ocrx_word' id='word_1_777' title='bbox 1264 5330 1341 5396; x_wconf 85' lang='grc' dir='ltr'>τῷ</span> <span class='ocrx_word' id='word_1_778' title='bbox 1399 5323 1690 5395; x_wconf 77' lang='grc' dir='ltr'>ὑποθετικῷ</span> <span class='ocrx_word' id='word_1_779' title='bbox 1762 5322 1931 5394; x_wconf 80' lang='grc' dir='ltr'>τούτῳ</span> 
     </span>
    </p>
   </div>
   <div class='ocr_carea' id='block_1_100' title="bbox 277 5408 1930 5494">
    <p class='ocr_par' dir='ltr' id='par_1_100' title="bbox 277 5408 1930 5494">
     <span class='ocr_line' id='line_1_100' title="bbox 277 5408 1930 5494; baseline -0.005 -21"><span class='ocrx_word' id='word_1_780' title='bbox 277 5414 626 5494; x_wconf 83' lang='grc' dir='ltr'>συλλογισμῷ</span> <span class='ocrx_word' id='word_1_781' title='bbox 716 5412 1048 5490; x_wconf 86' lang='grc' dir='ltr'>συνημμένου</span> <span class='ocrx_word' id='word_1_782' title='bbox 1125 5409 1417 5468; x_wconf 80' lang='grc' dir='ltr'>διαθετικοῦ</span> <span class='ocrx_word' id='word_1_783' title='bbox 1494 5408 1930 5487; x_wconf 80' lang='grc' dir='ltr'>ἀποδεδειγμένου</span> 
     </span>
    </p>
   </div>
   <div class='ocr_carea' id='block_1_101' title="bbox 272 5497 1930 5584">
    <p class='ocr_par' dir='ltr' id='par_1_101' title="bbox 272 5497 1930 5584">
     <span class='ocr_line' id='line_1_101' title="bbox 272 5497 1930 5584; baseline -0.005 -22"><span class='ocrx_word' id='word_1_784' title='bbox 272 5503 637 5584; x_wconf 86' lang='grc' dir='ltr'>συλλογισμοῦ</span> <span class='ocrx_word' id='word_1_785' title='bbox 684 5504 781 5571; x_wconf 75' lang='grc' dir='ltr'><strong>τὴν</strong></span> <span class='ocrx_word' id='word_1_786' title='bbox 836 5503 995 5582; x_wconf 77' lang='grc' dir='ltr'>ἰσχὺν</span> <span class='ocrx_word' id='word_1_787' title='bbox 1022 5498 1246 5581; x_wconf 61' lang='grc' dir='ltr'>ἔχοντος</span> <span class='ocrx_word' id='word_1_788' title='bbox 1294 5499 1353 5557; x_wconf 69' lang='grc' dir='ltr'><strong>ἐκ</strong></span> <span class='ocrx_word' id='word_1_789' title='bbox 1422 5508 1515 5558; x_wconf 77' lang='grc' dir='ltr'>τοῦ</span> <span class='ocrx_word' id='word_1_790' title='bbox 1555 5500 1655 5566; x_wconf 77' lang='grc' dir='ltr'>τὴν</span> <span class='ocrx_word' id='word_1_791' title='bbox 1720 5497 1930 5565; x_wconf 81' lang='grc' dir='ltr'>ἀληθῶς</span> 
     </span>
    </p>
   </div>
   <div class='ocr_carea' id='block_1_102' title="bbox 278 5585 1932 5671">
    <p class='ocr_par' dir='ltr' id='par_1_102' title="bbox 278 5585 1932 5671">
     <span class='ocr_line' id='line_1_102' title="bbox 278 5585 1932 5671; baseline -0.007 -20"><span class='ocrx_word' id='word_1_792' title='bbox 278 5592 474 5671; x_wconf 79' lang='grc' dir='ltr'>μεταξὺ</span> <span class='ocrx_word' id='word_1_793' title='bbox 523 5601 634 5652; x_wconf 73' lang='grc' dir='ltr'>τοῖιν</span> <span class='ocrx_word' id='word_1_794' title='bbox 702 5590 789 5649; x_wconf 87' lang='grc' dir='ltr'><strong>δύο</strong></span> <span class='ocrx_word' id='word_1_795' title='bbox 864 5591 1161 5670; x_wconf 87' lang='grc' dir='ltr'>προσώπων</span> <span class='ocrx_word' id='word_1_796' title='bbox 1241 5586 1602 5667; x_wconf 77' lang='grc' dir='ltr'>θεωρουμένην</span> <span class='ocrx_word' id='word_1_797' title='bbox 1683 5585 1932 5668; x_wconf 59' lang='grc' dir='ltr'>διαφορὰν</span> 
     </span>
    </p>
   </div>
   <div class='ocr_carea' id='block_1_103' title="bbox 276 5676 1931 5763">
    <p class='ocr_par' dir='ltr' id='par_1_103' title="bbox 276 5676 1931 5763">
     <span class='ocr_line' id='line_1_103' title="bbox 276 5676 1931 5763; baseline -0.007 -21"><span class='ocrx_word' id='word_1_798' title='bbox 276 5683 547 5763; x_wconf 70' lang='grc' dir='ltr'>λέγεσθαι,</span> <span class='ocrx_word' id='word_1_799' title='bbox 592 5682 649 5738; x_wconf 65' lang='grc' dir='ltr'>ἂν</span> <span class='ocrx_word' id='word_1_800' title='bbox 692 5686 769 5756; x_wconf 73' lang='grc' dir='ltr'>τῷ</span> <span class='ocrx_word' id='word_1_801' title='bbox 810 5679 862 5746; x_wconf 66' lang='grc' dir='ltr'>ἒξ</span> <span class='ocrx_word' id='word_1_802' title='bbox 891 5680 1093 5759; x_wconf 74' lang='grc' dir='ltr'>ἀμφοῖν</span> <span class='ocrx_word' id='word_1_803' title='bbox 1138 5679 1234 5741; x_wconf 76' lang='grc' dir='ltr'><strong>τὰς</strong></span> <span class='ocrx_word' id='word_1_804' title='bbox 1286 5676 1565 5757; x_wconf 69' lang='grc' dir='ltr'>εἰρημένας</span> <span class='ocrx_word' id='word_1_805' title='bbox 1622 5676 1931 5755; x_wconf 85' lang='grc' dir='ltr'>συστοιχίας</span> 
     </span>
    </p>
   </div>
   <div class='ocr_carea' id='block_1_104' title="bbox 2011 4785 3657 4866">
    <p class='ocr_par' dir='ltr' id='par_1_104' title="bbox 2011 4785 3657 4866">
     <span class='ocr_line' id='line_1_104' title="bbox 2011 4785 3657 4866; baseline 0.002 -20"><span class='ocrx_word' id='word_1_806' title='bbox 2011 4787 2260 4847; x_wconf 92' lang='lat' dir='ltr'><strong>duorum</strong></span> <span class='ocrx_word' id='word_1_807' title='bbox 2295 4785 2769 4866; x_wconf 71' lang='lat' dir='ltr'><strong>sy=logismorum</strong></span> <span class='ocrx_word' id='word_1_808' title='bbox 2794 4789 2990 4849; x_wconf 77' lang='lat' dir='ltr'><strong>modis</strong></span> <span class='ocrx_word' id='word_1_809' title='bbox 3013 4787 3447 4863; x_wconf 86' lang='lat' dir='ltr'><strong>constabilitnr,</strong></span> <span class='ocrx_word' id='word_1_810' title='bbox 3472 4788 3657 4849; x_wconf 90' lang='lat' dir='ltr'><strong>altero</strong></span> 
     </span>
    </p>
   </div>
   <div class='ocr_carea' id='block_1_105' title="bbox 2010 4874 3660 4957">
    <p class='ocr_par' dir='ltr' id='par_1_105' title="bbox 2010 4874 3660 4957">
     <span class='ocr_line' id='line_1_105' title="bbox 2010 4874 3660 4957; baseline 0.006 -27"><span class='ocrx_word' id='word_1_811' title='bbox 2010 4874 2167 4949; x_wconf 68' lang='lat' dir='ltr'><strong>quod</strong></span> <span class='ocrx_word' id='word_1_812' title='bbox 2189 4874 2565 4956; x_wconf 74' lang='lat' dir='ltr'><strong>liomonymia</strong></span> <span class='ocrx_word' id='word_1_813' title='bbox 2587 4895 2620 4937; x_wconf 91' lang='lat' dir='ltr'><strong>a</strong></span> <span class='ocrx_word' id='word_1_814' title='bbox 2645 4896 2781 4938; x_wconf 89' lang='lat' dir='ltr'><strong>vero</strong></span> <span class='ocrx_word' id='word_1_815' title='bbox 2806 4876 2960 4938; x_wconf 87' lang='lat' dir='ltr'><strong>absit</strong></span> <span class='ocrx_word' id='word_1_816' title='bbox 2983 4876 3347 4957; x_wconf 81' lang='lat' dir='ltr'><strong>longissime,</strong></span> <span class='ocrx_word' id='word_1_817' title='bbox 3384 4897 3515 4938; x_wconf 90' lang='lat' dir='ltr'><strong>cum</strong></span> <span class='ocrx_word' id='word_1_818' title='bbox 3550 4876 3660 4940; x_wconf 89' lang='lat' dir='ltr'><strong>dif-</strong></span> 
     </span>
    </p>
   </div>
   <div class='ocr_carea' id='block_1_106' title="bbox 2011 4964 3658 5047">
    <p class='ocr_par' dir='ltr' id='par_1_106' title="bbox 2011 4964 3658 5047">
     <span class='ocr_line' id='line_1_106' title="bbox 2011 4964 3658 5047; baseline 0.003 -23"><span class='ocrx_word' id='word_1_819' title='bbox 2011 4964 2263 5025; x_wconf 89' lang='lat' dir='ltr'><strong>ferentia</strong></span> <span class='ocrx_word' id='word_1_820' title='bbox 2291 4964 2656 5044; x_wconf 88' lang='lat' dir='ltr'><strong>paternitatis</strong></span> <span class='ocrx_word' id='word_1_821' title='bbox 2687 4976 2745 5028; x_wconf 91' lang='lat' dir='ltr'><strong>et</strong></span> <span class='ocrx_word' id='word_1_822' title='bbox 2774 4966 3077 5028; x_wconf 83' lang='lat' dir='ltr'><strong>ﬁliationis</strong></span> <span class='ocrx_word' id='word_1_823' title='bbox 3126 4967 3187 5027; x_wconf 93' lang='lat' dir='ltr'><strong>in</strong></span> <span class='ocrx_word' id='word_1_824' title='bbox 3232 4977 3481 5047; x_wconf 91' lang='lat' dir='ltr'><strong>utraque</strong></span> <span class='ocrx_word' id='word_1_825' title='bbox 3503 4967 3658 5030; x_wconf 92' lang='lat' dir='ltr'><strong>serie</strong></span> 
     </span>
    </p>
   </div>
   <div class='ocr_carea' id='block_1_107' title="bbox 2013 5052 3661 5137">
    <p class='ocr_par' dir='ltr' id='par_1_107' title="bbox 2013 5052 3661 5137">
     <span class='ocr_line' id='line_1_107' title="bbox 2013 5052 3661 5137; baseline 0.004 -24"><span class='ocrx_word' id='word_1_826' title='bbox 2013 5072 2131 5113; x_wconf 87' lang='lat' dir='ltr'><strong>non</strong></span> <span class='ocrx_word' id='word_1_827' title='bbox 2186 5052 2344 5114; x_wconf 88' lang='lat' dir='ltr'><strong>idem</strong></span> <span class='ocrx_word' id='word_1_828' title='bbox 2377 5054 2686 5134; x_wconf 82' lang='lat' dir='ltr'><strong>exprimat,</strong></span> <span class='ocrx_word' id='word_1_829' title='bbox 2752 5056 3089 5136; x_wconf 88' lang='lat' dir='ltr'><strong>syllogismo</strong></span> <span class='ocrx_word' id='word_1_830' title='bbox 3125 5055 3523 5137; x_wconf 83' lang='lat' dir='ltr'><strong>hypothetico,</strong></span> <span class='ocrx_word' id='word_1_831' title='bbox 3556 5060 3661 5137; x_wconf 87' lang='lat' dir='ltr'><strong>qui</strong></span> 
     </span>
    </p>
   </div>
   <div class='ocr_carea' id='block_1_108' title="bbox 2012 5141 3659 5223">
    <p class='ocr_par' dir='ltr' id='par_1_108' title="bbox 2012 5141 3659 5223">
     <span class='ocr_line' id='line_1_108' title="bbox 2012 5141 3659 5223; baseline 0.002 -20"><span class='ocrx_word' id='word_1_832' title='bbox 2012 5141 2428 5221; x_wconf 87' lang='lat' dir='ltr'><strong>consequentis</strong></span> <span class='ocrx_word' id='word_1_833' title='bbox 2456 5144 2858 5205; x_wconf 85' lang='lat' dir='ltr'><strong>destructione</strong></span> <span class='ocrx_word' id='word_1_834' title='bbox 2899 5144 3256 5206; x_wconf 89' lang='lat' dir='ltr'><strong>antecedens</strong></span> <span class='ocrx_word' id='word_1_835' title='bbox 3291 5145 3659 5223; x_wconf 81' lang='lat' dir='ltr'><strong>destruit,al-</strong></span> 
     </span>
    </p>
   </div>
   <div class='ocr_carea' id='block_1_109' title="bbox 2013 5230 3665 5315">
    <p class='ocr_par' dir='ltr' id='par_1_109' title="bbox 2013 5230 3665 5315">
     <span class='ocr_line' id='line_1_109' title="bbox 2013 5230 3665 5315; baseline 0.002 -24"><span class='ocrx_word' id='word_1_836' title='bbox 2013 5239 2137 5291; x_wconf 92' lang='lat' dir='ltr'><strong>tero</strong></span> <span class='ocrx_word' id='word_1_837' title='bbox 2172 5230 2543 5310; x_wconf 80' lang='lat' dir='ltr'><strong>hypothetico</strong></span> <span class='ocrx_word' id='word_1_838' title='bbox 2576 5233 2714 5294; x_wconf 88' lang='lat' dir='ltr'><strong>huic</strong></span> <span class='ocrx_word' id='word_1_839' title='bbox 2739 5233 3080 5313; x_wconf 57' lang='lat' dir='ltr'><strong>s3llogismo</strong></span> <span class='ocrx_word' id='word_1_840' title='bbox 3113 5234 3665 5315; x_wconf 73' lang='lat' dir='ltr'><strong>adhaerente,quem</strong></span> 
     </span>
    </p>
   </div>
   <div class='ocr_carea' id='block_1_110' title="bbox 2013 5318 3661 5399">
    <p class='ocr_par' dir='ltr' id='par_1_110' title="bbox 2013 5318 3661 5399">
     <span class='ocr_line' id='line_1_110' title="bbox 2013 5318 3661 5399; baseline 0.004 -21"><span class='ocrx_word' id='word_1_841' title='bbox 2013 5318 2317 5379; x_wconf 86' lang='lat' dir='ltr'><strong>diathetici</strong></span> <span class='ocrx_word' id='word_1_842' title='bbox 2340 5319 2660 5399; x_wconf 79' lang='lat' dir='ltr'><strong>syllogismi</strong></span> <span class='ocrx_word' id='word_1_843' title='bbox 2690 5323 2809 5383; x_wconf 89' lang='lat' dir='ltr'><strong>vim</strong></span> <span class='ocrx_word' id='word_1_844' title='bbox 2853 5324 3161 5385; x_wconf 89' lang='lat' dir='ltr'><strong>continere</strong></span> <span class='ocrx_word' id='word_1_845' title='bbox 3186 5324 3661 5385; x_wconf 88' lang='lat' dir='ltr'><strong>demonstratum</strong></span> 
     </span>
    </p>
   </div>
   <div class='ocr_carea' id='block_1_111' title="bbox 2015 5408 3668 5492">
    <p class='ocr_par' dir='ltr' id='par_1_111' title="bbox 2015 5408 3668 5492">
     <span class='ocr_line' id='line_1_111' title="bbox 2015 5408 3668 5492; baseline 0.004 -24"><span class='ocrx_word' id='word_1_846' title='bbox 2015 5408 2287 5487; x_wconf 91' lang='lat' dir='ltr'><strong>est,quod</strong></span> <span class='ocrx_word' id='word_1_847' title='bbox 2313 5426 2443 5487; x_wconf 72' lang='lat' dir='ltr'><strong>qum</strong></span> <span class='ocrx_word' id='word_1_848' title='bbox 2459 5426 2595 5469; x_wconf 92' lang='lat' dir='ltr'><strong>vere</strong></span> <span class='ocrx_word' id='word_1_849' title='bbox 2610 5410 2765 5474; x_wconf 89' lang='lat' dir='ltr'><strong>inter</strong></span> <span class='ocrx_word' id='word_1_850' title='bbox 2779 5412 2923 5474; x_wconf 91' lang='lat' dir='ltr'><strong>duas</strong></span> <span class='ocrx_word' id='word_1_851' title='bbox 2938 5430 3223 5492; x_wconf 85' lang='lat' dir='ltr'><strong>personas</strong></span> <span class='ocrx_word' id='word_1_852' title='bbox 3255 5412 3668 5476; x_wconf 84' lang='lat' dir='ltr'><strong>consideratur</strong></span> 
     </span>
    </p>
   </div>
   <div class='ocr_carea' id='block_1_112' title="bbox 2014 5495 3669 5577">
    <p class='ocr_par' dir='ltr' id='par_1_112' title="bbox 2014 5495 3669 5577">
     <span class='ocr_line' id='line_1_112' title="bbox 2014 5495 3669 5577; baseline 0.003 -21"><span class='ocrx_word' id='word_1_853' title='bbox 2014 5495 2348 5557; x_wconf 81' lang='lat' dir='ltr'><strong>differentia</strong></span> <span class='ocrx_word' id='word_1_854' title='bbox 2380 5497 2750 5577; x_wconf 79' lang='lat' dir='ltr'><strong>paternitatis</strong></span> <span class='ocrx_word' id='word_1_855' title='bbox 2782 5509 2841 5562; x_wconf 90' lang='lat' dir='ltr'><strong>et</strong></span> <span class='ocrx_word' id='word_1_856' title='bbox 2873 5501 3198 5577; x_wconf 78' lang='lat' dir='ltr'><strong>filiationis,</strong></span> <span class='ocrx_word' id='word_1_857' title='bbox 3232 5520 3366 5563; x_wconf 88' lang='lat' dir='ltr'><strong>cum</strong></span> <span class='ocrx_word' id='word_1_858' title='bbox 3401 5519 3473 5563; x_wconf 81' lang='lat' dir='ltr'><strong>ex</strong></span> <span class='ocrx_word' id='word_1_859' title='bbox 3503 5508 3669 5564; x_wconf 89' lang='lat' dir='ltr'><strong>utro-</strong></span> 
     </span>
    </p>
   </div>
   <div class='ocr_carea' id='block_1_113' title="bbox 2014 5585 3671 5671">
    <p class='ocr_par' dir='ltr' id='par_1_113' title="bbox 2014 5585 3671 5671">
     <span class='ocr_line' id='line_1_113' title="bbox 2014 5585 3671 5671; baseline 0.004 -26"><span class='ocrx_word' id='word_1_860' title='bbox 2014 5602 2145 5666; x_wconf 68' lang='lat' dir='ltr'><strong>quaa</strong></span> <span class='ocrx_word' id='word_1_861' title='bbox 2172 5585 2343 5646; x_wconf 80' lang='lat' dir='ltr'><strong>dictae</strong></span> <span class='ocrx_word' id='word_1_862' title='bbox 2373 5585 2561 5647; x_wconf 87' lang='lat' dir='ltr'><strong>series</strong></span> <span class='ocrx_word' id='word_1_863' title='bbox 2610 5600 2878 5652; x_wconf 87' lang='lat' dir='ltr'><strong>asserant</strong></span> <span class='ocrx_word' id='word_1_864' title='bbox 2909 5609 3091 5653; x_wconf 90' lang='lat' dir='ltr'><strong>unum</strong></span> <span class='ocrx_word' id='word_1_865' title='bbox 3120 5591 3425 5671; x_wconf 87' lang='lat' dir='ltr'><strong>idemque,</strong></span> <span class='ocrx_word' id='word_1_866' title='bbox 3461 5596 3519 5650; x_wconf 87' lang='lat' dir='ltr'><strong>et</strong></span> <span class='ocrx_word' id='word_1_867' title='bbox 3550 5607 3671 5651; x_wconf 86' lang='lat' dir='ltr'><strong>non</strong></span> 
     </span>
    </p>
   </div>
   <div class='ocr_carea' id='block_1_114' title="bbox 2015 5673 3674 5760">
    <p class='ocr_par' dir='ltr' id='par_1_114' title="bbox 2015 5673 3674 5760">
     <span class='ocr_line' id='line_1_114' title="bbox 2015 5673 3674 5760; baseline 0.001 -26"><span class='ocrx_word' id='word_1_868' title='bbox 2015 5684 2265 5754; x_wconf 86' lang='lat' dir='ltr'><strong>utraque</strong></span> <span class='ocrx_word' id='word_1_869' title='bbox 2295 5673 2520 5736; x_wconf 63' lang='lat' dir='ltr'><strong>eadem</strong></span> <span class='ocrx_word' id='word_1_870' title='bbox 2557 5676 2720 5739; x_wconf 84' lang='lat' dir='ltr'><strong>vives</strong></span> <span class='ocrx_word' id='word_1_871' title='bbox 2749 5686 2808 5740; x_wconf 93' lang='lat' dir='ltr'><strong>et</strong></span> <span class='ocrx_word' id='word_1_872' title='bbox 2834 5679 3061 5760; x_wconf 86' lang='lat' dir='ltr'><strong>absque</strong></span> <span class='ocrx_word' id='word_1_873' title='bbox 3112 5679 3232 5741; x_wconf 91' lang='lat' dir='ltr'><strong>ulla</strong></span> <span class='ocrx_word' id='word_1_874' title='bbox 3261 5679 3674 5739; x_wconf 84' lang='lat' dir='ltr'><strong>immutatione</strong></span> 
     </span>
    </p>
   </div>
  </div>
