4150 6292
614 374 728 443 367

1710 377 1922 447 ΙΟΑΝ.
1957 382 2177 446 VEGGI
2205 376 2318 440 ΟΡ.
2354 372 2862 440 ΡΑΤΗΙΑΒΟΗΕ

3860 363 3967 433 368

615 513 1056 594 dignoscantur.
1117 513 1206 576 Tu
1256 515 1455 596 itaque
1499 514 1892 592 refutationis,
1953 532 2086 595 qua;
2144 529 2235 592 per

2330 514 2434 564 τῶν
2468 506 2658 573 λέξεων
2712 507 2978 585 λέγεσθαι,
3027 507 3079 563 ἕν
3133 530 3182 563 τι
3226 508 3314 563 καὶ
3358 508 3546 562 ταυτὸν
3617 505 3705 561 οιαὶ
3746 500 3830 559 ἔπ’
3862 504 3965 578 ἀμ-

616 601 956 665 instantiam
1015 604 1100 677 ﬁt,
1156 601 1319 664 hisce
1373 602 1974 665 demotustrationibus
2054 608 2247 675 utens,

616 700 856 745 omnem
908 682 1373 745 commentitiam
1426 683 1869 762 homonymiam
1956 699 2246 762 expunge.

616 769 819 852 Neque
849 770 1009 832 enim
1039 769 1147 831 tibi
1176 770 1297 832 ulla
1321 771 1551 833 ratione
1580 790 1728 852 opus
1751 779 1841 832 est
1871 769 1948 832 ad
1978 770 2254 851 rejicien-

614 858 743 934 das,
777 877 920 940 quas
946 859 1039 919 isti
1070 859 1503 939 homonymias,
1538 868 1603 921 ut
1659 859 1933 920 refellant
1981 859 2166 921 Patris
2196 865 2254 918 et

614 946 750 1010 Filii
780 949 1065 1008 unitatem
1093 944 1157 1006 in
1186 964 1362 1009 causa
1391 945 1644 1028 Spiritus
1674 946 2247 1008 comminiscuntur.

611 1033 682 1094 Et
710 1034 786 1096 de
812 1037 928 1096 hoc
957 1033 1227 1096 universa
1258 1045 1460 1098 nostra
1487 1034 1675 1098 oratio
1706 1053 1815 1116 per
1842 1052 1951 1098 nos
1980 1035 2249 1098 absoluto

615 1122 874 1202 perfecta
902 1122 1082 1185 tinem
1114 1121 1340 1186 habuit.

692 1389 752 1454 8.
776 1387 922 1452 Cum
974 1406 1115 1453 vero
1165 1396 1224 1450 et
1277 1389 1540 1451 secundo
1596 1391 1882 1452 instantes
1932 1406 2244 1471 possumus

608 1477 892 1540 refellere
928 1476 1320 1558 adversarios,
1360 1478 1462 1558 qui
1516 1478 1770 1540 similem
1804 1478 2241 1558 bomonymiam

2333 596 2555 676 ιροτέρας
2637 596 2961 672 ισοδυνάμως
3054 593 3293 652 δύνασθαι
3371 597 3458 650 καὶ
3539 593 3964 668 ἀμεταποιήτως,

2333 686 2405 740 Σὺ
2434 693 2578 763 γοῦν,
2632 699 2753 751 ταῖς
2809 693 2899 740 106
2968 682 3086 741 κατ’
3140 683 3378 740 ἔνστασιν
3420 682 3648 762 ἐλέγχου
3702 681 3967 741 τοιαύταις

2332 772 2620 839 ἀποδείξεσι
2692 775 2995 853 χρώμενος,
3083 780 3255 829 πᾶσαν
3314 770 3693 846 πεπλασμένην
3763 772 3967 843 ὁμωνυ-

2334 862 2456 936 μίαν
2514 860 2789 943 διέγραφε.
2852 858 3070 925 Οὐδενὸς
3134 862 3233 939 γὰρ
3302 859 3376 915 ἔτι
3433 858 3591 935 λόγου
3650 880 3736 913 σοι
3825 857 3969 935 χρεία

2333 951 2462 1027 πρὸς
2496 952 2556 1005 τὸ
2584 948 2980 1028 διαγράφεσθαι,
3049 947 3108 1012 ἂς
3143 950 3284 1004 οὗτοι
3342 946 3642 1022 ὁμωνυμίας
3699 945 3788 1001 ἐπὶ
3857 943 3964 998 δια-

2328 1037 2463 1118 ϐολῇ
2546 1046 2643 1107 τῆς
2687 1049 2779 1098 τοῦ
2852 1040 3055 1119 Πατρὺς
3125 1042 3215 1097 καὶ
3286 1041 3404 1095 ι’ἱοῦ
3456 1039 3709 1106 ένότητος
3766 1037 3851 1093 ἐπὶ
3904 1042 3967 1111 τῇ

2327 1130 2465 1202 αἰτίᾳ
2512 1136 2603 1185 τοῦ
2687 1130 2991 1204 Πνεύματος
3048 1129 3390 1189 πλάττουσιν.
3451 1128 3548 1183 Καὶ
3623 1133 3730 1189 πᾶς
3776 1128 3806 1180 '0
3860 1144 3969 1201 περι

2324 1219 2507 1274 τούτω
2535 1219 2695 1296 Λόγος
2738 1217 2922 1275 λοιπὸν
2977 1216 3201 1279 ἐντελῶς
3258 1217 3381 1294 παρ’
3443 1212 3591 1289 ἤμῶν
3624 1215 3731 1282 ἤδη
3797 1210 3967 1269 διεπε-

2325 1306 2487 1383 ράνθη
2530 1327 2637 1369 σοι,

2408 1383 2486 1459 η’.
2536 1391 2684 1450 Ἐπεὶ
2731 1391 2786 1448 δὲ
2829 1395 2915 1448 καὶ
2968 1393 3482 1471 ἀντιπαραστατικῶς
3546 1391 3690 1448 ’ἐστιν
3747 1388 3969 1466 ἀπελέγ-

2327 1479 2405 1546 ξαι
2460 1482 2580 1546 τοὺς
2638 1478 3030 1558 ἀντιλέγοντας,
3074 1489 3251 1543 κακῶς
3323 1480 3415 1536 καὶ
3491 1477 3794 1542 ἀσοντελῶς
3851 1477 3969 1532 ἔα.-

609 1566 837 1629 insulse
863 1575 1036 1647 atque
1058 1566 1346 1628 inutiliter
1368 1575 1722 1648 proponunt:
1770 1566 2009 1628 attende
2040 1566 2235 1644 igitur,

2325 1569 2448 1631 τοῖς
2479 1569 2575 1635 τὴν
2606 1570 2911 1644 ὁμωνυμίαν
2953 1566 3432 1647 προϐαλλομένους,
3494 1567 3767 1646 πρόσσχες
3799 1564 3863 1633 δὴ
3892 1567 3972 1620 καὶ

608 1654 765 1735 quod
791 1653 930 1727 illis,
962 1655 1098 1716 data
1124 1672 1330 1717 eorum
1352 1654 1766 1736 responsione,
1815 1654 1994 1733 objici
2026 1661 2235 1734 potest,

2326 1667 2395 1737 τῇ
2423 1660 2887 1739 ἀντιπαραστασει,
2921 1663 3006 1717 καὶ
3048 1661 3145 1727 τὴν
3206 1661 3265 1716 ἐκ
3321 1662 3482 1727 αὐτῆς
3539 1660 3697 1738 ἰσχὺν
3732 1655 3968 1737 προσλα-

607 1741 1026 1839 vimque-illius
1056 1743 1458 1839 apprehende.
1501 1743 1639 1839 Esto
1670 1747 1851 1817 enim,
1887 1743 2100 1839 similis
2128 1744 2235 1804 ho-

2325 1745 2442 1810 ϐοῦ.
2493 1739 2688 1806 ἸΕστω
2715 1752 2814 1827 γὰρ
2842 1750 2919 1824 μὴ
2950 1747 3242 1804 πεπλάσθαι
3274 1750 3367 1816 τὴν
3400 1749 3704 1823 ὁμωνυμίαν
3736 1747 3920 1806 αυτοῖς
3955 1759 3965 1771 ’

612 1830 907 1912 monymia
939 1830 1344 1893 commentitia
1368 1850 1487 1893 non
1544 1835 1639 1908 sit,
1699 1832 2060 1894 concedatur
2107 1849 2235 1893 vere

2325 1834 2549 1893 δεδόσθω
2621 1836 2832 1903 ἀληθῶς
2899 1840 3206 1911 ὁμωνυμεῖν
3275 1836 3359 1891 ἐπὶ
3415 1847 3504 1894 106
3548 1834 3670 1890 Υἱυῦ
3727 1837 3817 1889 καὶ
3888 1832 3969 1888 ἐπὶ

605 1919 852 1981 testibus
879 1918 1046 2001 ipsis,
1079 1928 1136 1980 et
1164 1919 1579 1981 defensoribus
1634 1920 1709 1982 de
1741 1919 1890 1982 Filio
1953 1928 2010 1981 et
2045 1917 2238 1994 Patre,

602 2025 733 2087 quas
754 2014 915 2069 notat
943 2007 1203 2088 Spiritus
1223 2007 1413 2070 sancti
1441 2009 1869 2083 exsisteutiam,
1907 2009 2236 2072 dictionum

598 2096 818 2159 seriem
843 2096 1276 2176 homonymiam
1334 2096 1660 2159 continere.
1694 2098 2067 2161 Concedatur
2094 2097 2239 2159 duas

604 2184 928 2245 dictionum
946 2183 1137 2245 series
1163 2184 1392 2246 deFilio
1418 2185 1478 2246 in
1510 2204 1685 2247 unam
1716 2185 2009 2261 reduci,et
2030 2203 2238 2246 omnes

602 2272 779 2334 simul
808 2272 1099 2334 dictiones
1124 2272 1199 2332 ad
1247 2276 1561 2335 notandam
1589 2272 1846 2354 Spiritus
1875 2274 2237 2335 distributio-

599 2380 737 2424 nem
769 2360 985 2440 accipi,
1019 2359 1171 2422 nihil
1195 2362 1283 2422 vel
1306 2362 1420 2422 hoc
1442 2362 1617 2422 modo
1642 2362 1717 2423 ad
1760 2370 2130 2442 procuratam
2160 2362 2234 2423 ab

594 2450 742 2530 ipsis
769 2447 1155 2528 rejectionem
1185 2448 1426 2511 unionis
1458 2452 1641 2511 Patris
1698 2457 1759 2510 et
1812 2448 1946 2510 Filii
1969 2451 2033 2511 in
2062 2468 2238 2513 causa

602 2536 858 2618 Spiritus
886 2536 1263 2618 homonymia
1290 2538 1952 2600 contuleritJ’ossumus
1985 2539 2143 2600 enim
2167 2557 2237 2601 ex

603 2625 736 2706 ipsa
767 2623 1263 2705 suppeditatione,
1295 2634 1352 2686 et
1379 2625 1616 2687 datione
1645 2626 1971 2687 secundum
2004 2628 2240 2707 conjec-

603 2713 824 2776 turales
851 2712 1409 2790 demonstrationes,
1460 2733 1592 2796 quae
1637 2733 1709 2776 ex
1740 2715 2238 2796 subsequentibus

602 2800 996 2884 praecedentia
1018 2811 1503 2877 commonstrant,
1537 2823 1606 2865 ex
1628 2804 1777 2866 Filio
1802 2802 2055 2884 Spiritus
2077 2806 2235 2867 exsi-

600 2890 873 2952 stentiam
904 2889 1280 2967 conﬁrmare,
1310 2910 1469 2971 nupe
1492 2891 1778 2972 praeditus
1818 2911 2008 2954 causas
2043 2893 2235 2956 unitas

601 2978 1005 3059 subsequitur.
1039 2976 1110 3039 Et
1136 2997 1253 3059 qua
1284 2982 1512 3042 ratione
1563 2981 1622 3042 id
1650 2981 1774 3055 fiat,
1803 2982 2139 3055 considera,
2175 2992 2233 3046 et

2322 1934 2414 1985 τοῦ
2471 1927 2674 2004 Πατρ“;ς
2745 1923 2833 1980 ὑπ’
2890 1926 3070 1988 αὐτοῖς
3155 1924 3374 2002 μάρτυσι
3458 1925 3543 1979 καὶ
3626 1919 3969 1998 βεϐαιωταῖς,

2322 2011 2624 2080 δηλωτικὴν
2670 2017 2769 2079 τῆς
2826 2019 2918 2069 τοῦ
2974 2014 3275 2087 Πνεύματος
3332 2009 3746 2086 λαμϐανομένην
3802 2012 3967 2087 ὑπέρ-

2320 2099 2448 2167 ξεως
2513 2101 2819 2180 συστοιχίαν
2870 2107 2975 2155 τιῦν
3045 2101 3235 2165 λέξεων
3269 2118 3287 2136 ο
3374 2101 3813 2179 συγκεχωρήσθω
3884 2100 3967 2161 τας

2319 2187 2407 2246 δύο
2464 2195 2571 2246 τῶν
2629 2188 2819 2254 λέξεων
2877 2190 3183 2269 συστοιχίας
3245 2191 3316 2253 εἷς
3376 2191 3499 2264 μίαν
3550 2187 3634 2244 ἐπὶ
3701 2189 3798 2243 106
3854 2188 3967 2242 Υἶου

2319 2278 2651 2357 συνάγεσθαι,
2683 2279 2770 2333 καὶ
2801 2279 2973 2340 πάσιις
3035 2281 3166 2353 ὁμοῦ
3218 2279 3311 2342 τὰς
3379 2276 3567 2349 λέξεις,
3627 2277 3702 2338 εἰς
3735 2274 3963 2345 δήλωσιν

2318 2370 2413 2434 τῆς
2436 2365 2688 2441 διανομῆς
2747 2363 3102 2440 λαμϐάνεσθαι
3156 2374 3247 2422 τοῦ
3304 2367 3602 2440 Πνεύματος
3649 2363 3739 2419 ἐπ’
3788 2367 3960 2441 αὐτοῦ,

2353 2453 2426 2479 ,κε
2572 2458 2586 2477 9
2630 2455 2644 2471 κ
2753 2453 2778 2470 ρο
2988 2455 3001 2473 π
3141 2454 3153 2471 ι
3475 2461 3500 2489 ν
3580 2454 3597 2484 λ
3824 2451 3842 2483 ρ
3942 2473 3961 2489 μ

2318 2470 2462 2513 ουοεν
2538 2453 2652 2513 ουδε
2722 2476 2859 2510 οατω
2913 2475 3045 2533 προς
3100 2476 3199 2521 την
3273 2452 3700 2525 σπουδαςομινην
3787 2463 3959 2513 «not,

2319 2543 2577 2622 ἀναίρεσιν
2632 2547 2731 2609 τῆς
2808 2548 2900 2598 τοῦ
2963 2544 3160 2621 Πατρὸς
3217 2546 3303 2599 καὶ
3376 2546 3496 2598 Υἱοῠ
3575 2541 3830 2608 ἒνότητος
3886 2537 3962 2594 ἐπὶ

2440 2632 2578 2703 αἰτίᾳ
2634 2637 2724 2687 τοῦ
2781 2632 3083 2705 Πνεύματος
3170 2633 3204 2699 ἡ
3285 2631 3558 2706 ὁμωνυμία
3658 2628 3956 2699 δυνήσεται.

2320 2700 2485 2775 ’Ἔστι
2529 2700 2628 2797 γὰρ
2658 2720 2743 2775 καὶ
2771 2717 2822 2783 ἐξ
2852 2700 3016 2785 αὐτῆς
3047 2721 3142 2784 της
3173 2700 3434 2798 χορηγίας
3468 2700 3578 2773 ’καὶ
3605 2716 3805 2779 δόσεως
3835 2719 3960 2770 κατὰ

2319 2808 2411 2871 τὰς
2470 2806 2761 2885 λεγομένας
2820 2805 3197 2884 τεκμηριώδεις
3281 2814 3386 2863 τῶν
3487 2804 3804 2871 ἀποδείξεων
3870 2806 3955 2865 τὰς

2318 2896 2377 2951 ἐκ
2407 2899 2511 2951 τῶν
2554 2895 2780 2973 ὑστέρων
2828 2893 3097 2958 δεικνύσας
3143 2897 3236 2959 τὰς
3286 2897 3533 2975 πρότερα,
3582 2897 3678 2962 τὴν
3734 2893 3787 2960 ἐξ
3849 2896 3956 2948 Υἱοῦ

2316 2984 2587 3051 ἀποδεῖξαι
2671 2992 2764 3042 τοῦ
2833 2986 3135 3060 Πνεύματος
3191 2985 3431 3064 ὕπαρξιν,
3512 2987 3700 3043 ὁπόθεν
3758 2989 3793 3054 ἡ
3865 2989 3954 3051 τῆς

599 3065 1137 3131 demonstrationes
1165 3086 1236 3129 ex
1265 3067 1499 3131 duobus
1527 3069 2014 3132 confirmantibus
2046 3072 2234 3133 modis

2321 3075 2598 3153 εἰρημένης
2629 3074 2795 3137 αἰτίας
2850 3073 3036 3141 ἑνότης
3095 3076 3403 3153 σ.νάγεται.
3465 3076 3561 3132 Καὶ
3624 3072 3775 3137 ὅπως
3832 3073 3953 3147 ἐστὶ,

601 3157 885 3219 deductas
915 3154 1194 3236 excipito.
1217 3156 1419 3219 Altera
1448 3158 1562 3220 erit
1607 3177 1739 3239 quae
1797 3177 1865 3220 ex
1896 3160 2238 3239 approbatis

602 3264 708 3326 per
734 3246 1043 3324 theologos
1071 3245 1146 3307 de
1163 3254 1370 3308 sancta
1388 3245 1747 3328 Triade,nec
1776 3247 1849 3309 ab
1881 3248 2025 3328 ipsis
2046 3268 2234 3330 oppo-

604 3335 884 3396 uentibus
909 3334 1241 3416 denegatis,
1272 3353 1389 3418 qua
1432 3335 1938 3399 demonstratione
1970 3339 2054 3399 nil
2088 3339 2236 3400 vali-

604 3424 760 3504 dius,
814 3422 916 3502 qui
973 3422 1269 3485 similibus
1326 3427 1662 3504 capiuntur,
1751 3427 2233 3505 excogitaverint.

603 3513 827 3586 Altera,
863 3528 1055 3588 neque
1086 3512 1248 3573 enim
1279 3512 1394 3574 hoc
1421 3531 1456 3573 a
1485 3514 1700 3594 pietate
1730 3514 1984 3576 alienum
2025 3525 2135 3592 est,
2167 3536 2238 3578 ex

601 3599 795 3674 nobis,
828 3617 963 3660 cum
994 3617 1125 3678 quae
1150 3618 1328 3680 supra
1358 3620 1465 3662 nos
1507 3612 1666 3677 sunt,
1699 3621 1771 3664 ex
1798 3604 1872 3664 iis
1902 3624 2034 3680 quae
2063 3615 2237 3667 natu-

603 3688 813 3751 raliter
843 3688 1123 3749 eveniunt
1151 3688 1400 3767 singulis
1428 3690 1662 3771 diebus,
1698 3699 1757 3752 et
1783 3692 2061 3754 omnibus
2105 3704 2240 3758 nota

598 3783 736 3839 sunt
762 3793 903 3838 assu
928 3783 1139 3837 matur.
1202 3775 1274 3837 Et
1319 3778 1445 3857 jam
1469 3779 1778 3858 positione,
1815 3798 1947 3860 quae
1961 3780 2242 3859 dignitate

600 3866 794 3947 prima
809 3872 919 3942 est,
957 3871 1191 3944 praeat.
1226 3863 1301 3927 Ut
1346 3884 1485 3928 vero
1503 3867 1756 3928 feliciter
1773 3886 1903 3947 quas
1923 3869 2079 3931 circa
2109 3890 2236 3932 eam

597 3962 735 4014 sunt
754 3952 1384 4026 succedant,tibiillius
1396 3954 1828 4017 absolutionem
1843 3957 2233 4042 deponentes,

598 4044 713 4104 hoc
733 4041 910 4103 modo
960 4043 1288 4103 orationem
1336 4044 1654 4122 digerenti,
1693 4063 1822 4105 eam
1854 4047 2145 4126 expiscari
2177 4041 2234 4112 et

2319 3163 2528 3238 σκόπει,
2572 3165 2660 3219 καὶ
2717 3164 2810 3224 τὰς
2881 3160 3167 3228 ἀποδείξεις
3223 3165 3285 3219 ὲκ
3339 3162 3426 3220 δύο
3467 3170 3571 3220 τῶν
3626 3167 3955 3218 πιστωτιχῶν

2317 3253 2405 3307 καὶ
2469 3253 2628 3315 αὐτὰς
2682 3250 2888 3328 τρόπων
2948 3251 3230 3329 γινομένας
3286 3273 3370 3309 σει
3414 3249 3673 3316 λάμϐανε.
3740 3240 3798 3309 Ὀ
3867 3250 3955 3326 μὲν

2320 3340 2418 3419 γάρ
2449 3339 2502 3405 ἐξ
2548 3342 2718 3396 αὐτῶν
2776 3337 2861 3395 ἐπ’
2904 3339 3066 3406 αὐτῆς
3108 3345 3208 3408 τῆς
3281 3342 3431 3417 ἁγίας
3490 3338 3816 3419 θεολογικῶς
3882 3339 3954 3393 εἰ-

2320 3429 2562 3507 ρημένων
2607 3427 2818 3508 Τριάδος
2873 3429 2961 3484 καὶ
3015 3429 3157 3506 παρὰ
3211 3435 3312 3485 τῶν
3357 3427 3737 3507 ἀντιλεγόντων
3798 3431 3954 3486 αὐτῶν

2320 3514 2772 3595 ὡμολογημένων,
2836 3517 2903 3582 ἧς
2945 3514 2998 3571 δὲ
3057 3514 3368 3583 ἀποδείξεως
3413 3517 3556 3574 οὐδὲν
3624 3517 3954 3596 ἰσχυρότεροι

2322 3607 2368 3660 οἱ
2418 3606 2534 3680 περὶ
2587 3607 2652 3659 τὰ
2705 3625 2919 3660 τοιαυτα
2972 3603 3326 3683 ἐξακριϐοῦσιν
3381 3606 3729 3682 ἐπτοημένοι,
3795 3604 3951 3683 γενή-

2322 3713 2467 3748 σεται
2500 3710 2515 3724 °
2550 3694 2584 3760 ἡ
2614 3692 2765 3772 ἑτέρα
2794 3690 2847 3748 δέ
2872 3713 2956 3770 γε,
2989 3690 3104 3748 οὒδέ
3135 3695 3233 3772 γὰρ
3288 3692 3403 3750 0635.
3456 3701 3610 3750 τοῦτο
3664 3696 3765 3760 τῆς
3809 3697 3950 3752 εὐσε-

2323 3775 2466 3843 ϐείας
2497 3778 2797 3857 ἀλλότριον,
2858 3779 2917 3834 ἐκ
2968 3786 3074 3836 τῶν
3131 3780 3247 3837 καθ’
3302 3784 3466 3861 ἡμᾶς,
3527 3782 3613 3839 ὅτε
3671 3780 3949 3849 δηλοῦντα

2321 3867 2449 3944 ὑπὲρ
2520 3871 2661 3943 ἡμᾶς
2704 3870 2766 3923 ὲκ
2806 3873 2911 3923 τῶν
2954 3875 3183 3947 φυσικῶς
3213 3868 3327 3925 καθ’
3387 3869 3611 3937 ἑκάστην
3641 3872 3946 3949 γινομένων,

2318 3958 2404 4011 καὶ
2459 3962 2616 4012 πᾶσιν
2660 3957 3009 4035 ἐγνωσμένων
3081 3956 3431 4037 ληφθήσεται,
3510 3960 3604 4016 Καὶ
3660 3958 3725 4026 δη
3770 3959 3945 4039 πρώτη

2316 4044 2412 4111 τὴν
2437 4046 2597 4118 θέσιν,
2640 4047 2675 4113 ἡ
2724 4046 2810 4100 καὶ
2842 4044 2939 4111 τὴν
3012 4043 3155 4109 ἀξίαν
3211 4046 3397 4126 πρώτη
3464 4068 3546 4103 σοι
3601 4048 3812 4106 κείσθω.
3844 4047 3948 4103 Ἵνα

596 4132 863 4194 invenire
884 4134 1272 4209 suggerimus.
1309 4133 1572 4194 Primum
1594 4134 1703 4194 hoc
1724 4133 1844 4195 illis
1863 4138 2231 4199 enuntiatum

2321 4128 2369 4187 δὲ
2394 4135 2530 4208 ἡμῖν
2562 4131 2711 4190 εὔοδα
2741 4135 2805 4188 τὰ
2848 4134 2977 4211 πρὸς
3035 4134 3196 4201 αὐτὴν
3251 4136 3477 4212 γένοιτο,
3551 4158 3631 4192 σοι
3673 4136 3773 4202 τὴν
3829 4135 3944 4190 ταύ-

591 4222 1010 4301 interrogando
1033 4222 1689 4300 proponas.AnPatrem
1712 4225 2038 4285 naturalem
2059 4226 2229 4289 dato-

2321 4246 2410 4292 της
2481 4226 2805 4288 ἀνατιθέντες
2861 4223 3293 4305 διεκπεράτωσιν,
3353 4226 3489 4284 οὕτω
3576 4250 3658 4285 σοι
3717 4227 3943 4285 διατιθε-

591 4329 743 4387 rem,
778 4318 836 4372 et
853 4309 1184 4371 naturalem
1203 4311 1865 4393 suppeditatorem,quaa
1889 4317 2041 4394 apud
2070 4316 2231 4396 ipsos

2321 4317 2457 4390 μένῳ
2497 4318 2587 4371 τὸν
2645 4315 2803 4393 λόγον
2857 4316 3152 4394 ἀνιχνεύειν
3221 4318 3442 4397 ταύτην,
3493 4319 3581 4373 καὶ
3648 4317 3942 4398 ἐξευρίσκειν

588 4400 650 4461 in
681 4399 953 4461 confesso
986 4406 1097 4472 est,
1123 4400 1618 4480 suppeditationis
1661 4401 2008 4481 simpliciter
2033 4414 2091 4464 et
2120 4407 2226 4467 da-

2321 4405 2677 4480 5ποτιθέμεθα.
2754 4404 2944 4483 Πρώτη
3004 4427 3085 4460 σοι
3143 4404 3279 4461 ἔστω
3323 4408 3436 4462 κατ’
3508 4408 3768 4486 ἐρώτησιν
3821 4408 3941 4484 πρὸς

590 4488 789 4562 tionis,
825 4507 942 4549 non
975 4505 1113 4550 vero
1168 4489 1248 4549 uti
1308 4488 1441 4549 aliis
1495 4490 1943 4566 asservientem,
1996 4498 2046 4552 si
2076 4492 2230 4557 Deus

2321 4492 2498 4557 αὐτοὺς
2556 4495 2828 4571 πρότασ.ς,
2903 4494 2946 4548 εἰ
3018 4497 3107 4548 τὸν
3152 4494 3357 4572 Πατέρα
3438 4498 3654 4573 φυσικὸν
3730 4496 3937 4573 δοτῆρι,

588 4586 803 4658 praeter
848 4577 1042 4657 ipsum
1075 4577 1274 4639 nullus
1305 4576 1456 4638 alius
1508 4586 1618 4647 est,
1667 4578 1865 4639 dicant
1921 4590 1980 4642 et
2036 4584 2228 4643 confi-

2321 4582 2397 4637 καὶ
2452 4583 2669 4661 φυσικὸν
2726 4583 2963 4661 χορηγὸν
3030 4581 3126 4650 τῆς
3181 4580 3305 4658 παρ’
3362 4582 3528 4639 αὐτῶν
3571 4583 3937 4662 προομολογη-

589 4676 846 4730 teautur.
904 4665 1218 4746 Postquam
1266 4666 1342 4728 de
1385 4667 1479 4728 his
1516 4686 1823 4729 assensum
1901 4673 2224 4754 acceperis,

2321 4672 2484 4737 ieicnc
2514 4669 2695 4734 ἁπλῶς
2748 4670 2798 4734 ἐξ
2858 4672 3012 4726 αὐτοῦ
3069 4673 3330 4750 χορηγίας
3400 4674 3485 4728 καὶ
3510 4671 3723 4748 δύσεως,
3755 4673 3936 4749 06p.”-

583 4773 780 4836 neque
811 4755 971 4817 enim
1001 4755 1199 4825 fuerit,
1225 4757 1327 4835 qui
1350 4757 1514 4817 hisce
1536 4757 1828 4818 contraria
1844 4776 2223 4824 asseverave-

583 4845 683 4920 rit,
719 4847 1017 4925 interroga
1047 4863 1254 4906 rursus
1299 4864 1376 4905 an
1426 4845 1636 4907 Filium
1671 4845 1846 4906 etiam
1896 4852 2222 4913 naturalem

581 4931 837 5013 Spiritus
867 4936 1159 5003 datorem,
1218 4942 1278 4995 et
1326 4944 1656 4996 naturalem
1691 4937 2219 5022 suppeditatorem,

582 5040 702 5083 non
732 5040 872 5084 vero
932 5025 1090 5085 Patri
1141 5023 1567 5085 asservientem
1625 5021 1683 5083 in
1742 5024 1852 5085 hac
1882 5026 2121 5091 datione
2164 5021 2222 5091 et

579 5110 1077 5189 suppeditatione,
1127 5112 1209 5172 uti
1270 5120 1358 5173 est
1415 5111 1476 5171 in
1528 5110 1830 5190 suiipsius,
1889 5112 1963 5175 ab
1993 5116 2216 5179 eisdem

576 5196 981 5260 indubitanter
998 5199 1658 5274 concessa,teneant.Et
1692 5212 1997 5281 postquam
2024 5207 2095 5266 ad
2121 5207 2219 5268 in-

575 5288 1039 5377 terrogationem
1056 5307 1405 5369 responsum
1425 5308 1628 5351 eorum
1646 5289 1923 5352 habueris
1938 5306 2221 5377 (namque

2310 4782 2396 4817 ουν
2440 4763 2512 4824 ὡς
2559 4760 2719 4837 ἑτέρῳ
2761 4761 3138 4838 ὑπηρετοῦντα,
3196 4761 3348 4835 εἴπερ
3408 4764 3536 4827 Θεὸς
3584 4762 3724 4830 πλὴν
3796 4768 3938 4822 αὐτοῦ

2307 4847 2489 4924 μηδείς
2515 4851 2654 4906 ἔστιν
2695 4848 2890 4927 ἕτερος,
2951 4847 3150 4927 λέγοιέν
3181 4871 3236 4906 τε
3292 4851 3380 4906 καὶ
3423 4850 3767 4929 ὁμολογοῖεν.
3831 4851 3935 4910 Κά-

2304 4937 2483 4994 πειδαν
2553 4938 2652 5004 τὴν
2696 4938 2781 4994 ἐπὶ
2837 4938 3042 5000 τούτοις
3086 4936 3239 5014 λήψῃ
3282 4938 3568 5018 ὁμολογίαν
3602 4957 3616 4971 '
3677 4940 3790 4997 οὑδὲ
3847 4941 3936 5019 γὰρ

2303 5030 2332 5083 ὁ
2361 5030 2491 5104 πρὸς
2522 5027 2685 5084 ταῦτα
2736 5028 2833 5094 τὴν
2889 5025 3185 5105 ἀντίρρησιν
3214 5031 3569 5104 ποιησόμενος
3617 5028 3767 5086 ἔσταν
3810 5051 3887 5086 σοι
3918 5043 3930 5057 '

2304 5114 2473 5193 ἐρώτα
2494 5114 2670 5187 πάλιν,
2707 5117 2750 5171 εἰ
2801 5116 2885 5171 καὶ
2942 5118 3033 5170 τὸν
3108 5117 3224 5171 ι’ἱον
3266 5120 3483 5195 φυσικὸν
3551 5125 3642 5174 τοῦ
3700 5121 3933 5195 Πνεύμα-

2302 5226 2392 5270 τος
2463 5202 2679 5285 δοτῆρα,
2738 5206 2824 5259 γαὶ
2892 5205 3108 5282 φυσικὸν
3172 5212 3410 5285 χορηγὸν
3494 5206 3741 5283 οῧμενουν
3798 5211 3933 5275 ὁπη-

2304 5294 2459 5373 ρέτην
2489 5301 2579 5351 τοὺ
2638 5295 2838 5369 ιΙατρὸς
2896 5293 2980 5349 ἐπὶ
3027 5300 3093 5370 τῇ
3147 5292 3286 5350 δόσει
3342 5297 3504 5374 ταύτῃ
3546 5299 3633 5352 καὶ
3688 5299 3928 5377 χορηγίᾳ,

573 5393 741 5465 aeque
771 5377 831 5438 in
863 5376 1138 5440 omnibus
1160 5380 1504 5460 auctoritas,
1537 5390 1598 5440 et
1630 5387 1910 5462 potestas,
1947 5392 2004 5444 et
2032 5376 2218 5464 gloria

2321 5389 2368 5461 τῇ
2438 5388 2523 5441 καὶ
2607 5387 2763 5441 αὐτου
2819 5383 2944 5461 παρ’
3017 5387 3186 5442 αὐτῶν
3258 5382 3440 5449 ἁπλῶς
3528 5376 3926 5465 ὁμολογηθείη,

569 5462 761 5527 Patris
791 5474 851 5526 et
909 5466 1068 5547 Filii,
1104 5467 1500 5528 ministerium
1535 5468 1726 5528 modis
1778 5462 2056 5535 omnibus
2111 5495 2213 5538 re-

2321 5474 2575 5544 τοξάζοιει.
2613 5469 2873 5530 Κᾶπειδὰν
2919 5473 3005 5528 καὶ
3047 5473 3143 5540 τὴν
3202 5473 3287 5530 ἐπὶ
3345 5480 3412 5552 τῇ
3468 5474 3719 5554 ἐρωτήσει
3775 5477 3928 5549 ταύτῃ

566 5554 893 5643 spuens,ad
922 5555 1072 5616 hanc
1095 5555 1225 5616 illos
1246 5554 1686 5618 confessionem
1712 5560 2063 5643 compellit),
2091 5574 2211 5626 ter-

2321 5564 2448 5638 .ήψῃ
2507 5560 2839 5638 ὁμολογίαν’
2915 5562 2977 5617 τὸ
3037 5564 3136 5641 γὰρ
3190 5566 3325 5619 κατὰ
3379 5565 3549 5621 πάντα
3608 5566 3862 5641 ἰσότιμον,
3902 5564 3927 5618 ὁ

566 5642 712 5705 tium
738 5662 975 5724 quoque
1006 5662 1110 5705 eos
1165 5643 1588 5724 interrogabis,
1621 5645 1710 5705 Au
1742 5645 1894 5708 hanc
1926 5642 2210 5717 naturalis

2321 5651 2544 5728 ῑύναμον,
2580 5651 2664 5704 καὶ
2697 5648 2943 5724 ὁμόδοξον
3012 5657 3102 5705 106
3159 5653 3359 5731 Πατρὸς
3418 5674 3474 5708 1c
3544 5656 3629 5709 καὶ
3671 5661 3760 5710 106
3791 5656 3921 5730 m3,
