4178 6286
263 321 377 389 3⁸18

1387 326 1483 392 ΑΒ
1528 322 2131 392 CONSTANTINUM
2181 333 2327 394 LIB.
2377 332 2482 395 III.

3515 338 3634 403 374

264 459 495 537 Πατήρ,
547 481 575 511 ι)
626 455 1052 536 Ἀπολογνσύμεθα
1117 457 1170 516 δὲ
1214 461 1376 535 ἡμεῖς
1430 456 1571 517 ταῦθ’
1630 456 1766 516 οὸτω
1823 460 1907 515 καὶ

1992 455 2341 549 Unigenitus
2371 462 2451 525 ita
2481 463 2643 525 illius
2673 464 2786 526 erit
2814 484 3014 541 causa,
3049 469 3550 549 quemadmodum
3581 476 3643 532 et

302 548 317 568 9
363 547 386 569 3,
422 545 437 569 ἰ
487 548 503 567 \
549 543 653 569 \‘t,
788 546 813 567 ν
1052 547 1077 567 υ
1112 562 1120 569 .
1200 549 1225 569 ν
1340 550 1352 569 τ
1440 550 1450 569 ν
1630 549 1661 565 ιι
1734 547 1782 569 {\r

302 548 317 568 ,
363 547 375 561 ‘
487 548 503 567 ‘
594 545 631 567 '7
788 546 813 567 ν
1052 547 1077 567 (Ι
1340 550 1352 569 τ
1440 550 1450 569 Ι
1630 549 1661 565 ιι
1734 547 1782 567 "I

261 568 390 601 αντα
419 545 506 601 ἐπι
548 545 738 611 λεςεων
791 570 985 626 εχοντα
1084 562 1125 602 -2
1171 549 1287 605 οἷον
1330 570 1533 628 αρτεεις
1596 570 1684 604 τον
1728 546 1905 626 σολον,

260 636 349 691 καὶ
390 634 557 692 πόσον
616 657 698 691 σοι
750 648 865 700 τοϊς
924 638 1123 714 ῥήμασι
1195 640 1255 693 τὸ
1311 659 1584 717 περιεργον
1656 636 1901 714 ἕνεστινς

264 715 457 798 Ἡμεῖς
515 722 596 780 διὰ
678 731 861 780 πασῶν
916 732 1021 781 τῶν
1077 728 1349 805 ἡμετέρων
1425 733 1638 805 γραφῶν
1693 728 1754 781 τὸ
1847 728 1910 780 ἐκ

259 816 467 893 Πατρὸς
525 812 591 870 δι’
675 818 787 871 ι’ἳοῦ
856 814 1220 895 ἐκπορεύεσθαι
1264 817 1500 896 στέργειν
1582 819 1670 873 καὶ
1740 837 1907 893 πρεσ-

257 899 428 957 ϐεύειν
474 901 852 979 ὃμολογουντες
896 906 1024 981 πρὸς
1095 907 1193 972 τὴν
1275 906 1489 984 εἰρήνην
1543 906 1648 962 τῶν
1715 906 1800 971 τὴν
1858 902 1909 967 ἐξ

260 991 468 1070 ἀμφοῖν
537 990 804 1069 λεγόντων
862 992 1190 1073 ἐκπόρευσιν,
1236 997 1308 1056 ὧς
1370 991 1552 1050 ὀπαδοὶ
1597 995 1685 1050 καὶ
1728 1016 1906 1067 μιμη-

258 1101 345 1134 ται
376 1082 485 1135 τῶν
533 1079 618 1136 ἐπὶ
688 1079 1072 1158 συγκαταϐάσει
1130 1085 1229 1139 τινὶ
1271 1084 1357 1138 καὶ
1414 1082 1683 1157 οἰκονομίᾳ
1711 1088 1909 1138 τοιαῦτ’

263 1165 393 1222 ἅττα
450 1166 705 1247 θεοφιλῆς
778 1168 1212 1247 διαπαοξαμὲνων
1297 1172 1541 1250 Πατὲρων
1591 1174 1744 1243 ἡμῶν
1805 1169 1909 1236 ἥλ-

257 1259 447 1330 θομεν,
477 1258 551 1311 Σὺ
580 1254 656 1329 δὲ,
691 1259 763 1322 ὡς
820 1256 871 1322 ἐξ
919 1259 1075 1318 αὖτοῦ
1123 1267 1216 1317 τού
1272 1261 1500 1337 Πατρὸς,
1560 1258 1696 1314 οῧτω
1737 1259 1822 1313 καὶ
1852 1257 1912 1312 ἐκ

260 1351 352 1400 τοῦ
384 1351 507 1401 Υιοῦ
537 1344 903 1424 ἐκπορεύεσθαι
961 1349 1103 1422 ἡμας
1176 1350 1236 1405 τὸ
1279 1354 1489 1424 Πνεῦμα
1544 1346 1715 1425 λέγειν
1788 1343 1907 1401 δια-

261 1430 660 1508 ϐεϐαιούμενος,
692 1436 806 1498 πῶς
863 1435 986 1515 ούχὶ
1015 1438 1101 1492 καὶ
1153 1439 1362 1516 πρῶτον
1418 1438 1504 1492 καὶ
1557 1436 1782 1515 ἀρχικὸν
1826 1441 1918 1491 τοῦ

258 1522 566 1596 Πνεύματος
598 1521 773 1578 αἴτιον
816 1526 906 1580 τὸν
954 1527 1073 1581 Υἱὸν
1116 1524 1291 1604 λέγειν
1339 1527 1481 1601 ἡμᾶς
1535 1524 1689 1605 ἔφης,
1736 1525 1768 1593 ἢ
1828 1522 1914 1580 καὶ

258 1607 527 1687 προϐολέα
558 1616 647 1666 τοῦ
708 1612 1009 1688 Πνεύματος
1062 1615 1195 1669 κατὰ
1252 1615 1342 1669 τὸν
1404 1613 1633 1692 Πατέρα,
1686 1615 1829 1692 τάχα
1860 1611 1912 1666 δὲ

1989 549 2089 627 qui
2120 548 2500 629 Unigenitum
2532 553 2738 631 genuit
2767 558 2967 617 Pater?
2988 548 3092 618 His
3118 557 3330 619 iisdem
3365 559 3628 634 vocibus,

1991 639 2301 726 utjacent,
2335 641 2784 720 respondemus.
2819 645 2867 707 Ο
2899 664 3075 726 quam
3107 646 3261 709 mala
3280 647 3487 709 fraude
3506 667 3635 711 rem

1990 725 2116 803 agis
2148 736 2204 788 et
2232 748 2407 808 quam
2441 730 2673 793 curiose
2730 733 3039 809 rogitando
3088 733 3388 797 Obtundis!
3423 734 3543 798 Nos
3573 736 3634 798 in

1991 815 2270 877 omnibus
2303 817 2521 880 nostris
2543 818 2968 900 scriptionibus
3000 840 3069 884 ex
3104 826 3275 886 Patre
3307 824 3643 903 perFilium

1994 904 2340 981 procedere,
2373 907 2673 988 amplecti,
2709 909 3157 991 exoscularique
3178 920 3535 986 asserentes,
3569 913 3641 977 ad

1995 993 2274 1053 unionem
2308 1013 2378 1055 ex
2407 1003 2660 1072 utroque
2712 1002 3156 1076 processionem
3212 1000 3462 1079 probant
3512 1011 3640 1064 tum

1992 1081 2169 1140 ve'uti
2184 1101 2468 1161 sequaces
2488 1093 2662 1164 atque
2681 1084 3248 1149 imitatoresPatrum
3274 1098 3636 1170 nostrorum,

1994 1170 2093 1249 qui
2139 1170 2212 1231 de
2254 1171 2449 1249 rigore
2469 1173 2623 1252 juris
2665 1173 2886 1253 aliquid
2908 1174 3317 1250 demittentes,
3351 1184 3408 1238 et
3437 1178 3637 1255 pie,et

1994 1259 2077 1319 uti
2111 1257 2213 1320 Dei
2247 1260 2472 1321 amicos
2520 1260 2874 1342 addecebat,
2906 1263 2968 1323 in
3001 1264 3356 1325 sententiam
3389 1264 3640 1326 aliorum

1996 1346 2283 1409 abeuntes
2301 1349 2519 1429 aliquid
2549 1368 2739 1427 peregi
2754 1350 3457 1426 «runt,concessimus.Tu
3473 1368 3644 1434 vero,

2000 1458 2106 1499 nos
2138 1439 2220 1500 uti
2254 1458 2319 1500 ex
2349 1440 2478 1520 ipso
2502 1439 2789 1515 Patre,ita
2815 1449 2872 1503 et
2901 1460 2968 1503 ex
3001 1442 3152 1504 Filio
3185 1443 3468 1524 Spiritum
3502 1462 3644 1524 pro-

1999 1527 2216 1589 cedere
2247 1537 2826 1605 asserere,astruens
2859 1549 3045 1611 quare
3077 1550 3193 1594 non
3216 1546 3275 1593 et
3301 1532 3648 1614 primariam

1996 1634 2064 1676 ac
2097 1617 2457 1697 praecipuam
2491 1617 2752 1699 Spiritus
2780 1637 3019 1681 causam
3049 1619 3289 1694 Filium,
3325 1628 3424 1683 aut
3449 1619 3646 1702 Spiri-

258 1704 343 1754 καὶ
376 1699 503 1754 Υἶοῦ
529 1695 689 1754 ἄλλου
746 1702 1059 1779 γεννήτορα,
1106 1703 1176 1767 ὡς
1232 1702 1404 1758 πάντα
1461 1703 1527 1758 τὰ
1581 1702 1672 1757 *οὗ
1711 1703 1907 1780 Πατρὸς

2002 1695 2202 1765 tusuti
2233 1695 2553 1767 etPatrem
2580 1707 3185 1786 productorem.forte
3202 1709 3376 1771 etiam
3405 1695 3653 1771 alterius

257 1787 660 1864 ἐξιδιωσάμενον
686 1811 702 1871 ;
781 1795 838 1849 Ei
911 1795 1010 1870 γὰρ
1106 1793 1277 1858 αἴτιος
1346 1797 1438 1849 τοῦ
1522 1794 1821 1868 Πνεύματος
1888 1796 1907 1849 ἑ

2000 1791 2130 1853 Filii
2182 1794 2536 1874 genitorem,
2573 1802 2852 1874 tanquam
2908 1797 3009 1876 qui
3041 1796 3265 1870 omnia,
3301 1816 3431 1878 quae
3461 1798 3650 1859 Patris

268 1880 573 1955 Μονογενὴς
632 1881 767 1955 ἡμῖν
813 1879 1149 1959 πρεσϐεύεται
1207 1882 1342 1938 κατᾶ
1400 1882 1481 1961 σὲ,
1539 1884 1672 1938 καθα
1726 1880 1790 1948 δὴ
1829 1885 1915 1939 καὶ

266 1968 423 2031 αὐτὸς
484 1969 512 2024 ὁ
569 1969 659 2023 τὸν
722 1970 995 2048 Μονογενῆ
1051 1972 1309 2047 γεννήσας
1394 1971 1596 2047 Πατὴρ,
1660 1967 1910 2042 πρεσϐευ-

1998 1881 2275 1940 sunt-sibi
2310 1882 2589 1954 vindicat,
2625 1882 2828 1945 dicere
2857 1902 2972 1946 non
3003 1884 3311 1946 afﬁrmasti
3334 1884 3651 1966 ?Namque

1997 1968 2044 2028 si
2076 1968 2328 2049 Spiritus
2358 1990 2535 2032 causa
2563 1968 2947 2049 Unigenitus,
3002 1981 3057 2033 te
3107 1972 3338 2053 judice,
3369 1973 3648 2035 decerni-

265 2056 379 2122 θείη
433 2054 497 2111 ἂν
554 2058 642 2113 καὶ
697 2059 921 2138 ἀρχικὸν
992 2057 1162 2115 αἴτιον
1220 2060 1354 2116 κατὰ
1410 2061 1497 2114 τὸν
1555 2060 1781 2137 Πατέρα,
1828 2060 1907 2114 καὶ

1996 2071 2110 2128 tur,
2148 2060 2676 2139 quemadmodam,
2710 2061 2921 2141 et-qui
2969 2059 3356 2140 Unigenitum
3404 2068 3653 2140 generat

259 2146 446 2221 Πατὴρ
478 2143 622 2201 ἔσται
680 2146 790 2203 ἀνθ’
850 2152 971 2204 Υἱοῦ
1006 2170 1020 2184 ·
1082 2149 1169 2204 καὶ
1225 2145 1398 2203 πολλὰ
1455 2158 1668 2206 τοιαῦτα
1702 2147 1901 2204 ἐπακο-

1995 2147 2186 2219 Pater,
2221 2146 2587 2230 decernetur.
2609 2148 2820 2229 utique
2844 2157 2900 2209 et
2930 2149 3212 2226 primaria
3262 2165 3449 2212 causa
3479 2167 3649 2230 aeque

262 2231 508 2302 λουθήσει
566 2234 631 2289 τὰ
674 2233 867 2309 ἄτοπα,
938 2239 1012 2292 ὧν
1069 2236 1154 2292 ἐπὶ
1209 2237 1303 2303 τὴν
1374 2236 1471 2303 σὴν
1520 2238 1553 2303 ἡ
1597 2235 1907 2316 βλασφημία

1992 2243 2163 2315 atque
2197 2236 2366 2298 Pater
2427 2246 2539 2311 est,
2593 2246 2646 2298 et
2710 2254 2815 2318 pro
2871 2237 3020 2300 Filio
3083 2240 3256 2301 Pater
3315 2237 3545 2307 evadet,
3590 2244 3652 2300 et

255 2321 503 2400 τρέποιτο
531 2323 788 2404 κεφαλήν.

1992 2326 2178 2388 multa
2210 2326 2346 2388 talia
2377 2326 2629 2390 absurda
2689 2327 3153 2408 subsequentur,
3204 2345 3456 2409 quorum
3493 2326 3645 2389 blas-

1988 2414 2226 2493 phemia
2259 2416 2317 2476 in
2345 2425 2507 2477 tuum
2531 2424 2788 2478 vertatur
2815 2423 3013 2494 caput.

334 2498 411 2577 γ’.
447 2500 624 2563 Ταῦτά
685 2523 765 2559 σοι
807 2503 873 2558 τὰ
930 2503 1084 2581 ῥητὰ,
1133 2506 1204 2559 ὧν
1254 2506 1316 2560 τὶ
1373 2505 1470 2581 μὲν
1528 2504 1753 2582 Κύπριος
1782 2508 1901 2560 καθ’

2074 2506 2132 2565 3.
2158 2502 2229 2564 Ει
2258 2505 2382 2565 haec
2411 2505 2651 2585 quidem
2676 2505 2858 2579 dicta,
2882 2522 3136 2585 quorum
3158 2502 3413 2566 alterum
3441 2512 3647 2567 contra

254 2588 432 2668 ἡμῶν,
471 2592 532 2647 τὸ
579 2589 625 2646 δ’
653 2593 819 2666 ἡμεῖς
852 2594 981 2671 πρὸς
1041 2594 1137 2659 τὴν
1193 2595 1329 2651 κατα
1382 2593 1607 2669 Κυπρίου
1656 2593 1901 2671 ἀντίρρη-

1992 2609 2094 2652 nos
2130 2590 2371 2673 Cyprius
2418 2593 2957 2674 etfutivit,a’terum
2990 2592 3146 2673 quod
3201 2609 3312 2654 nos
3360 2592 3641 2673 Cyprium

257 2696 358 2748 σιν,
392 2683 496 2745 τῆς
552 2680 768 2759 ἀπορίας
824 2682 889 2737 τὰ
943 2678 1188 2753 πρόξενα.
1248 2685 1441 2741 Οὐκοῦν
1504 2684 1576 2738 ὧν
1630 2702 1686 2736 τε
1729 2681 1899 2759 λέγεις

1992 2682 2379 2759 oppugnando
2403 2681 2755 2744 adduximus
2777 2680 3164 2742 dubitationis
3187 2681 3472 2760 praeludia
3493 2683 3637 2743 sint.

255 2761 536 2846 διακορῶν,
596 2788 1004 2845 μνημονευτεον,
1087 2770 1279 2848 ἅπάρτι
1391 2772 1479 2826 καὶ
1557 2770 1657 2837 τὴν
1716 2768 1800 2827 ἐπι
1856 2782 1907 2851 τξ

2012 2766 2203 2840 Quare
2232 2790 2360 2848 quae
2391 2790 2547 2832 nunc
2577 2779 2636 2831 tu
2668 2771 2842 2832 affers
2892 2768 3218 2831 haesitando
3274 2787 3642 2832 commemo-

257 2849 444 2931 ἂπορέᾳ
479 2852 624 2910 λύσιν
652 2854 976 2917 ἐπειεκτὲον.
1008 2858 1081 2912 Σὺ
1140 2859 1237 2932 μὲν
1296 2859 1396 2936 γὰρ
1440 2856 1523 2913 διὰ
1579 2859 1639 2913 τὸ
1699 2849 1907 2936 περιερέ

2006 2859 2192 2919 randa
2216 2869 2372 2935 sunt,
2404 2870 2525 2922 tum
2557 2858 2795 2921 demum
2829 2858 2993 2921 dubii
3038 2858 3253 2920 solutio
3308 2858 3646 2939 adjungen-

256 2943 372 3018 γίαν
448 2947 596 3020 ἡμᾶς
653 2949 739 3004 καὶ
795 2946 946 3005 δόλον
1006 2950 1275 3025 ὀνομᾶζειν
1336 2949 1585 3028 Κυπρίου,
1670 2950 1728 3005 τὸ
1783 2950 1900 3005 καθ’

2001 2945 2096 3029 da.
2123 2947 2213 3009 Tu
2241 2953 2290 3009 si
2321 2948 2584 3029 quidem,
2618 2947 2773 3028 quod
2804 2965 2911 3009 nos
2939 2947 3340 3009 curiositatem
3387 2954 3446 3009 et
3472 2949 3640 3010 frau-

260 3032 413 3106 ἡμῶν
441 3018 619 3113 λέγειν
650 3036 828 3111 αὐτὸν,
873 3039 946 3100 ὡς
1014 3018 1104 3094 τὸ,
1130 3018 1338 3114 Πνεῦμα
1397 3018 1462 3095 ἐκ
1504 3018 1596 3094 τού
1656 3041 1773 3094 Υἱου
1801 3036 1896 3094 λε-

1992 3027 2119 3097 dem
2172 3018 2371 3118 Cyprii
2404 3018 3018 3117 nuncupamus,quod
3068 3035 3169 3097 ille
3217 3034 3493 3116 adversu,
3533 3053 3649 3099 nos

261 3122 482 3196 γόμενον
556 3124 948 3204 ἐκπορεύεσθαι,
1029 3126 1205 3197 ὥσπερ
1275 3126 1460 3202 ἀμέλει
1527 3128 1614 3182 καὶ
1683 3127 1741 3182 ἐκ
1810 3130 1901 3184 τοῦ

1992 3126 2214 3201 5cribit,
2251 3145 2362 3187 nos
2390 3126 2718 3188 decernere
2748 3124 3038 3206 Spiritum
3065 3142 3134 3187 ex
3173 3122 3321 3186 Filio
3352 3124 3646 3204 procede-

264 3212 486 3289 Πατρὸς,
538 3214 625 3268 καὶ
683 3211 766 3269 διὰ
835 3216 896 3270 τὸ
954 3214 1030 3290 μὴ
1086 3216 1386 3293 προσίεσθαι
1451 3217 1594 3288 ἡμᾶς
1625 3216 1707 3295 τό,
1749 3218 1821 3279 ὡς
1852 3216 1903 3282 ἐξ

1992 3212 2074 3289 l'e,
2106 3215 2610 3295 quemadmodum
2643 3231 2862 3294 nempe
2913 3224 2971 3275 et
3023 3230 3092 3277 ex
3152 3214 3363 3275 Patre:
3400 3219 3461 3274 et
3491 3213 3647 3292 quod

264 3297 417 3357 αὖτοῦ
444 3308 539 3356 τοῦ
584 3302 809 3380 Πατρὸς,
870 3300 1007 3358 οὕτω
1065 3305 1153 3359 καὶ
1208 3304 1268 3360 ἐκ
1334 3307 1423 3359 τοῦ
1480 3307 1598 3359 Υἱού
1655 3308 1779 3362 arb-:0
1808 3304 1903 3362 ἐκ·

1992 3323 2097 3365 uos
2140 3323 2260 3366 non
2319 3303 2711 3382 admittimus,
2749 3306 2829 3364 uti
2863 3321 2931 3363 ex
2965 3302 3095 3382 ipso
3125 3303 3302 3364 Patre
3354 3300 3437 3362 ita
3494 3309 3552 3364 et
3578 3320 3649 3363 ex

264 3389 592 3468 πορεύεσθαι,
680 3389 897 3449 δεδιέναι
956 3390 1127 3471 λέγεις
1176 3391 1461 3473 διαπορῶν,
1527 3395 1603 3467 μή
1661 3395 1792 3451 ποτέ
1837 3417 1907 3464 τις

2011 3393 2156 3455 Filio
2204 3411 2338 3453 eum
2399 3391 2748 3470 procedere,
2795 3389 3118 3452 dubitando
3152 3388 3326 3470 dicis,
3379 3397 3437 3451 te
3472 3390 3650 3452 nimis

261 3480 362 3529 τῶν
391 3482 487 3545 τῆς
532 3478 778 3546 ἄληθείας
828 3480 1033 3560 ἐχθρῶν
1094 3484 1278 3546 αὖτοὺς
1336 3484 1545 3543 ἑαυτοῖς
1598 3485 1745 3558 ἡμᾶς
1813 3506 1907 3540 πε-

2006 3484 2157 3543 male
2182 3482 2414 3557 timere,
2441 3499 2515 3541 ne
2545 3480 2677 3560 quis
2707 3497 2774 3541 ex
2800 3479 3105 3542 veritatem
3136 3476 3643 3558 oppugnantibus,

264 3566 522 3641 ριπίπτειν
576 3570 991 3644 καταιτιάσαιτο,
1042 3570 1130 3626 ὅτε
1197 3570 1251 3626 δὲ
1309 3570 1593 3650 πολλαχοῦ
1652 3573 1748 3646 μὲν
1811 3580 1907 3629 τῶ*

2005 3589 2112 3632 nos
2144 3568 2587 3649 nobismetipsis
2639 3567 2959 3649 pugnantia
3005 3566 3383 3629 conferentes
3412 3566 3525 3630 alia
3552 3574 3644 3630 at-

262 3654 531 3734 ἡμετὲρων
595 3665 808 3736 γραφῶν
871 3657 931 3715 ἐκ
995 3657 1254 3740 διαφόρῶν
1314 3658 1600 3737 θεολογιῶν
1672 3662 1770 3728 τὴν
1832 3651 1907 3718 ἐπῙ

2003 3677 2117 3739 que
2146 3658 2262 3720 alia
2290 3658 2642 3733 decernere,
2679 3667 2954 3736 tanquam
2986 3655 3090 3737 qui
3122 3657 3336 3736 passim
3362 3653 3563 3715 multis
3583 3654 3647 3716 in

266 3746 328 3817 τῇ
356 3744 494 3817 αἰτίᾴ
542 3754 636 3803 τοῦ
684 3747 987 3822 Πνεύματος
1069 3749 1292 3814 ἑνότητα
1347 3756 1438 3807 τοῦ
1494 3750 1696 3827 Πατρὸς
1762 3772 1907 3806 συνι-

1992 3756 2323 3809 nostrarum
2348 3746 2737 3827 scriptionum
2762 3745 2912 3808 locis
2934 3743 3187 3807 diversis
3236 3742 3643 3822 theologorum

266 3837 496 3897 στῶντας
550 3834 638 3890 καὶ
680 3842 772 3891 τοῦ
804 3838 961 3895 Υἱοῦ·
1021 3838 1240 3893 ἐνταῦθα
1294 3834 1346 3891 δὲ
1405 3838 1486 3909 τὸ,
1535 3837 1606 3900 ὡς
1661 3836 1712 3902 ἐξ
1756 3841 1907 3895 αὖτοῦ

1995 3836 2354 3897 testimoniis
2402 3836 2463 3896 in
2512 3853 2689 3896 causa
2731 3833 2999 3915 Spiritus
3045 3832 3329 3895 unitatem
3365 3830 3558 3895 Patris
3588 3838 3646 3894 et

264 3926 349 3975 τοῦ
392 3922 624 4002 Πατρὸς,
690 3921 826 3979 οὕτω
880 3926 968 3980 καὶ
1038 3924 1097 3982 ἐκ
1148 3924 1241 3981 τοῦ
1285 3927 1407 3981 Υἱοῦ
1459 3928 1520 3982 τὸ
1578 3931 1790 4001 Πνεῦμα
1850 3929 1907 3983 τὸ

1994 3923 2127 3986 Filii
2170 3924 2511 3999 astruimus,
2576 3923 2671 3984 hic
2713 3941 2850 3984 vero
2879 3921 3054 3996 illud,
3106 3928 3382 4001 tanquam
3414 3939 3483 3980 ex
3513 3918 3642 4001 ipso

265 4006 409 4084 ἅγιον
480 4011 876 4089 ἐκπορεύεσθαι,
935 4011 1064 4091 ὅπερ
1120 4011 1175 4069 δὲ
1229 4013 1326 4080 ’τὴν
1396 4015 1640 4081 τοιαύτην
1710 4037 1907 4095 προφα-

1996 4012 2192 4090 Patre,
2225 4011 2304 4071 ita
2328 4012 2506 4073 etiam
2535 4028 2604 4072 ex
2634 4009 2782 4072 Filio
2809 4010 3098 4091 Spiritum
3134 4016 3397 4071 sanctum
3432 4025 3643 4088 proce-

267 4099 362 4155 ’θῶς
424 4121 456 4154 σ
491 4100 729 4166 νίστησιν
786 4099 1030 4175 ἑνότητα,
1119 4111 1196 4177 μὴ
1289 4102 1662 4181 προσιεμένους
1700 4120 1711 4133 ⁸
1800 4102 1907 4160 οἵδε

1995 4101 2159 4175 dere,
2182 4100 2335 4181 quod
2361 4099 2618 4161 similem
2651 4099 2931 4160 unionem
2966 4098 3269 4178 propalam
3300 4096 3637 4173 conﬁrmat,

265 4186 422 4259 ἡμεῖς
490 4187 702 4253 λύοντες
757 4213 839 4246 σοι
895 4191 991 4258 τὴν
1046 4191 1294 4270 ἀπορίαν,
1352 4193 1439 4247 καὶ
1498 4190 1650 4248 ἄκουε
1708 4190 1796 4263 δή.
1856 4194 1907 4250 Ei

1995 4208 2112 4250 non
2172 4189 2559 4261 admittimus,
2615 4186 2987 4249 criminetur.
3041 4188 3163 4249 Nos
3209 4185 3639 4248 dubitationem

266 4275 435 4355 μὲν-(ε
464 4278 566 4345 τὴν
597 4280 684 4334 καὶ
710 4278 769 4335 ἐκ
819 4277 993 4335 ἄλλων
1047 4281 1145 4354 μὲν
1212 4286 1451 4360 φρατρῶν,
1497 4282 1584 4337 καὶ
1648 4287 1744 4348 τῆς
1800 4281 1907 4337 δια-

1996 4278 2074 4340 ita
2096 4279 2356 4340 tollimus
2387 4287 2444 4339 et
2473 4277 2780 4340 attendito.
2810 4276 2895 4348 Si,
2923 4294 3056 4356 quae
3075 4293 3145 4336 ex
3172 4274 3302 4337 aliis
3324 4274 3637 4379 scripturis

266 4368 550 4440 τρανούσης
622 4366 675 4422 δὲ
729 4369 830 4435 τὴν
886 4368 947 4424 ἐκ
1014 4370 1215 4446 Πατρὸς
1288 4368 1589 4447 ἐκπόρευσιν
1660 4368 1726 4425 δι’
1787 4374 1905 4426 1⁸ἱεῦ

1992 4376 2049 4428 et
2077 4386 2145 4429 ex
2179 4367 2251 4429 iis
2283 4367 2680 4447 potissimum,
2729 4365 2945 4445 quibus
2977 4383 3045 4425 ex
3084 4366 3253 4425 Patre
3287 4380 3393 4442 per
3423 4362 3635 4424 Filium

270 4455 632 4532 σλναγομὲνην
686 4466 778 4515 τοῦ
815 4458 1018 4533 Πστρὸς
1075 4459 1160 4513 καὶ
1192 4459 1311 4512 Υἱοῦ
1352 4456 1436 4513 ἐπὶ
1509 4464 1572 4534 τῇ
1604 4466 1696 4514 τοῦ
1750 4460 1906 4514 Πνεύ-

1992 4456 2294 4537 processio
2322 4457 2624 4530 astruitur,
2661 4453 2848 4514 Patris
2878 4462 2937 4513 et
2967 4451 3100 4513 Filii
3134 4453 3192 4513 in
3223 4470 3400 4512 causa
3445 4449 3638 4531 Spiri-

266 4564 427 4615 ματος
478 4545 619 4617 αἰτίᾳ
661 4543 906 4619 ἑνότητα,
964 4545 1224 4604 κάνταῦθα
1283 4547 1591 4620 αἰτιώμενος
1653 4548 1900 4626 Κύπριος,

267 4633 335 4693 ὡς
377 4635 465 4689 καὶ
496 4632 552 4689 ἐν
584 4631 763 4695 ἄλλοις
825 4631 1069 4711 ἔγκλημα
1125 4636 1277 4708 ἡμῶν
1333 4636 1394 4689 τὸ
1424 4633 1595 4711 λέγειν
1638 4638 1779 4711 ἡμᾶς
1825 4637 1903 4692 ὃτι

265 4720 346 4775 καὶ
403 4721 463 4776 ἐκ
520 4728 611 4779 τοῦ
668 4723 789 4780 Υἶοῠ
849 4724 904 4777 ’ὸ
988 4728 1197 4797 Πνεῦμα
1285 4720 1644 4803 ἐκπορεύεται,
1728 4724 1906 4802 ὥσπερ

265 4807 442 4881 ἀμέλει
472 4811 564 4866 καὶ
616 4810 677 4866 ἐκ
741 4813 832 4867 τοῦ
889 4812 1090 4887 Πατρὸς
1161 4812 1421 4885 ἐποιεῖτο,
1484 4812 1541 4868 οὗ
1597 4811 1756 4871 μόνον
1813 4817 1907 4871 οὐκ

264 4894 618 4971 ἀπειπάμεθα,
688 4896 823 4956 ἀλλὰ
921 4900 1006 4954 καὶ
1076 4900 1211 4954 πάνυ
1291 4897 1351 4954 ἅν
1434 4900 1531 4964 τὴν
1580 4901 1905 4956 καταιτίασιν

265 4987 662 5062 προσηκάμεθα,
711 4990 783 5050 ὡς
848 4987 931 5042 ἐπὶ
960 4986 1186 5051 πολλαῖς
1242 4986 1426 5050 ἄλλαις
1468 4986 1784 5067 θεολογίαις,
1844 4988 1904 5051 ἃς

267 5071 345 5128 ἐπὶ
374 5076 623 5131 συστάσει
681 5075 774 5142 τῆς
817 5074 900 5130 ἐπὶ
928 5082 996 5151 τῇ
1051 5077 1187 5147 αἰτία
1234 5083 1326 5131 τοῦ
1370 5076 1667 5150 Πνεύματος
1725 5076 1908 5143 ἐνότη-

264 5181 348 5222 τος
379 5171 469 5218 τοῦ
495 5165 697 5242 Πατρός
730 5185 786 5218 τε
815 5165 900 5219 καὶ
950 5171 1041 5220 τοῦ
1100 5166 1219 5222 1⁸ἱοῦ
1275 5163 1328 5219 ἐν
1384 5178 1504 5227 ταῖς
1561 5165 1715 5239 ἡμῶν
1772 5186 1907 5243 γρα-

264 5266 383 5326 ex“;
438 5252 921 5330 κατεστρώννυμεν,
977 5254 1062 5308 καὶ
1114 5254 1203 5316 τας
1292 5251 1545 5331 Ιέυρῖλλου
1601 5250 1906 5326 λαμϐάνον-

266 5358 369 5408 τες,
454 5341 517 5402 ἅς
576 5343 603 5395 ὁ
665 5341 814 5418 ἅγιος
869 5339 1138 5417 θεολογετ,
1222 5352 1307 5399 νὺν
1408 5342 1506 5417 μὶν
1606 5342 1747 5419 παρα
1817 5350 1907 5398 τοῦ

271 5430 461 5506 Πατρὸς
495 5433 831 5508 προχεῖσθαι,
870 5429 1030 5507 ἤγουν
1074 5429 1465 5508 ἐκπορεύεσθαι,
1525 5436 1612 5484 νῦν
1670 5427 1723 5484 δὲ
1767 5433 1906 5508 παρὰ

1993 4555 2083 4607 tus
2113 4545 2310 4607 unitas
2340 4544 2659 4622 colligitur,
2685 4542 2780 4603 hic
2809 4540 3165 4604 criminatur
3188 4538 3454 4620 Cyprius,
3482 4557 3632 4619 que-

1991 4636 2226 4696 modum
2287 4633 2443 4693 inter
2489 4631 2635 4693 alios
2695 4629 3141 4692 criminationes
3194 4628 3339 4689 illud
3400 4645 3639 4709 quoque

1991 4721 2173 4801 ponit,
2203 4721 2357 4802 quod
2394 4738 2501 4781 nos
2533 4719 2809 4795 dicimus,
2846 4737 2913 4780 ex
2931 4717 3077 4779 Filio
3105 4716 3390 4797 Spiritum
3423 4733 3635 4795 proce-

1989 4810 2157 4880 dere,
2207 4809 2709 4889 quemadmodum
2765 4825 2985 4885 nempe
3037 4814 3097 4868 et
3155 4824 3222 4867 ex
3282 4805 3475 4881 Patre,
3512 4812 3638 4866 tan-

1989 4907 2111 4960 tum
2142 4897 2310 4959 abest
2334 4906 2396 4959 ut
2427 4917 2536 4959 nos
2564 4896 2798 4959 inﬁcias
2826 4895 3137 4969 iverimus,
3170 4901 3235 4956 ut
3260 4892 3633 4956 criminatio-

1990 5006 2126 5048 nem
2176 4987 2356 5048 etiam
2413 4986 2600 5067 ipsam
2651 4988 2873 5067 apertis
2902 4984 3058 5047 ulnis
3087 4983 3470 5064 excipiamus,
3511 4994 3637 5046 tan-

1988 5095 2165 5157 quam
2216 5077 2318 5157 qui
2369 5076 2527 5138 inter
2579 5078 2858 5157 pleraque
2915 5074 3031 5137 alia
3089 5072 3421 5152 theologica
3448 5072 3633 5155 dicta,

1989 5184 2120 5245 quae
2150 5165 2222 5227 ad
2254 5165 2664 5227 stabiliendam
2718 5168 2777 5225 in
2837 5183 3014 5226 causa
3045 5162 3299 5245 Spiritus
3332 5160 3520 5237 Patris
3573 5169 3633 5226 et

1990 5253 2121 5316 Filii
2175 5254 2456 5315 unitatem
2512 5254 2572 5314 in
2624 5253 2840 5314 nostris
2898 5251 3323 5334 scriptionibus
3379 5250 3628 5331 digesta,

1990 5360 2059 5403 ea
2081 5361 2313 5423 quoque
2342 5342 2540 5423 Cyrilli
2573 5359 3109 5423 assumamus,quae
3137 5339 3389 5404 Sanctus
3412 5339 3626 5403 decer-

1992 5431 2076 5492 nit
2107 5432 2420 5510 tl):«nunc
2450 5449 2485 5493 a
2526 5434 2698 5495 Patre
2726 5429 2974 5505 effundi,
3014 5428 3340 5512 procedere
3377 5428 3629 5519 scilicet,

345 5575 422 5659 (1)
464 5575 690 5659 Horum
737 5575 983 5638 alterum
1017 5583 1106 5638 est
1161 5594 1229 5659 ex
1304 5575 1570 5659 oratione
1621 5574 1690 5659 ad
1730 5575 2073 5652 monachos,
2130 5576 2300 5655 cujus
2351 5584 2438 5637 est
2467 5576 2608 5638 illud
2644 5576 2995 5658 principium
3032 5598 3045 5638 :
3121 5580 3180 5635 τὸ
3215 5576 3498 5659 φιλομαθὲς
3543 5579 3629 5633 καὶ

266 5654 537 5732 φιλὴπονον
572 5676 588 5737 ;
634 5655 883 5719 alterum
918 5674 988 5720 ex
1031 5655 1298 5720 oratione
1333 5656 1406 5717 ad
1438 5654 1803 5721 Nestorium.
