4178 6286
537 324 654 391 375

1604 319 1875 385 JOANN.
1911 317 2126 383 VECCI
2156 318 2272 381 GP.
2304 318 2838 383 PATRIARCI-Lﬁ.

3794 316 3905 384 376

549 474 717 518 nunc
747 474 889 519 vero
919 474 951 517 a
993 454 1140 518 Filio
1168 453 1411 526 eﬂ‘undi,
1445 479 1473 511 ι
1502 471 1795 523 asserens.
1831 476 1859 508 ε
1895 451 2157 531 Spiritun

2264 455 2355 509 τοῦ
2398 456 2518 514 Υἱοῦ
2566 459 2883 536 προχεῖσθαι
2929 478 2952 513 s
3027 454 3197 535 λέγων
3232 477 3254 533 ᾳ
3307 459 3369 514 τὸ
3420 457 3638 528 Πνεῦμα
3679 456 3905 535 καθάπερ

544 544 1044 625 quemadmodum
1076 561 1291 624 nempe
1322 552 1379 603 et
1401 558 1471 604 ex
1491 544 1613 605 Deo
1632 552 1685 603 el
1704 540 1909 604 Patre»
1932 541 2002 602 Et
2019 540 2185 621 quid-

2268 541 2449 617 ἀμέλει
2479 566 2557 600 τοι
2611 546 2698 600 καὶ
2752 546 2893 623 παρὰ
2959 553 3051 602 τοῦ
3120 552 3251 603 Θεοῦ
3324 549 3409 603 καὶ
3466 545 3702 610 Πατρός.
3741 568 3765 601 ι
3813 545 3906 602 Καὶ

540 652 675 694 nam
701 635 796 696 hic
829 635 946 712 agit
974 632 1266 713 Cyprius?
1295 638 1500 693 Annon
1549 632 1673 692 hzec
1717 630 1914 709 Cyrilli
1950 631 2157 691 dccrel;

2267 632 2315 686 τί
2355 632 2455 710 γὰρ
2525 630 2656 689 ἄλλο
2704 633 2740 702 ἢ
2782 635 2877 698 τὰς
2924 632 3178 711 Κυρίλλου
3219 635 3412 698 ταύτας
3483 636 3622 710 ἡμτν
3666 631 3905 712 προφέρει

538 721 712 783 nobis
738 723 796 783 in
830 722 1090 783 medium
1126 722 1367 802 profert.
1404 722 1544 783 dum
1574 721 1728 783 dicta
1759 728 1954 783 nostra
1988 718 2184 780 cr'mi-

537 817 711 870 natur
729 809 754 871 ἲ

614 900 652 958 4
708 896 930 970 Quodsi
961 896 1021 959 id
1056 916 1172 959 non
1207 897 1401 973 fuerit,
1438 897 1542 959 sed
1581 897 1755 964 alius.
1791 896 1951 957 illius
2001 914 2177 956 accu-

534 985 780 1047 sationis
809 1004 1046 1067 scopus,
1079 986 1312 1048 crimen
1345 1005 1563 1066 nempe
1613 986 1784 1046 nobis
1831 983 2176 1064 appingere,

535 1073 694 1154 quod
753 1075 870 1135 duo
925 1075 1218 1156 principia
1280 1076 1751 1154 introducamus,
1785 1074 1923 1135 dum
1964 1072 2178 1135 Filium

533 1161 680 1224 citra
740 1163 1101 1245 principium
1155 1164 1412 1244 Spiritus
1445 1182 1704 1226 causam.
1745 1170 1802 1223 et
1831 1161 2040 1242 prima:
2062 1160 2177 1220 iam

531 1251 794 1313 radicem
832 1252 913 1313 uti
944 1260 1000 1314 et
1033 1255 1209 1316 Pater
1241 1250 1911 1333 est,proﬁtemur,quasi
1936 1269 2009 1311 ex
2032 1249 2149 1309 duo

531 1338 643 1400 bus
695 1339 986 1419 separatis
1042 1349 1101 1401 et
1161 1340 1236 1401 ab
1297 1358 1429 1402 sese
1488 1339 1785 1401 distinctis
1845 1336 2170 1418 principiis.

535 1446 666 1508 quae
696 1428 922 1489 nullum
962 1428 1053 1490 sui
1106 1428 1462 1509 principium
1522 1434 1866 1507 agnoscunt,
1920 1425 2177 1505 Spiritus

528 1525 768 1578 sanctus
816 1525 973 1579 esset
1007 1536 1023 1591 ;
1078 1517 1236 1598 quod
1271 1526 1477 1578 contra
1511 1534 1814 1596 opponere
1874 1524 1932 1575 et
1973 1523 2177 1574 contra

530 1605 901 1666 committere
936 1605 1127 1685 palam
1158 1605 1475 1667 estFilium
1506 1604 1813 1666 Patri.Nec
1845 1604 1959 1665 alio
1990 1619 2173 1681 scopo

528 1690 773 1772 Cyprius
803 1702 1061 1755 nostram
1085 1692 1528 1756 accusatiOnem
1583 1694 1910 1772 suscipere,
1945 1698 2001 1752 et
2031 1690 2168 1751 uni-

2267 718 2558 798 θεολογίας,
2648 722 2712 777 τὰ
2810 722 3059 798 εἰρημένα
3158 722 3463 798 αἰτιώμενος
3545 724 3695 797 ἡμᾶς
3812 720 3905 777 K6-

2267 830 2415 886 πριος
2426 857 2438 870 ,

2348 895 2415 956 δ’.
2463 895 2612 954 Ἐπεὶ
2663 896 2716 955 δὲ
2772 900 2832 956 οὗ
2888 906 3062 979 τοῦτο,
3110 897 3243 955 ἄλλα
3285 920 3363 962 τις
3420 897 3583 962 ἄλλος
3631 898 3776 971 αὒτῷ
3827 904 3905 952 νῦν

2263 986 2583 1065 κατηγορίαις
2653 988 2874 1061 σκοπὸς,
2948 987 3199 1066 δυαρχίας
3292 985 3534 1053 δηλονότι
3624 985 3904 1063 ἔγκλημα-

2263 1075 2530 1151 προσάψαι
2560 1077 2715 1148 ἡμῖν,
2766 1078 2839 1138 ὡς
2897 1077 2983 1133 καὶ
3024 1079 3116 1131 τὸν
3174 1077 3290 1132 Υἱὸν
3338 1073 3489 1142 δῆθεν
3547 1073 3788 1154 ἄναρχον
3822 1080 3907 1130 τοῦ

2264 1163 2562 1235 Πνεύματος
2596 1164 2786 1239 αἴτιον,
2821 1166 2907 1221 καὶ
2951 1164 3182 1243 ἀρχικὴν
3237 1165 3373 1221 κατὰ
3428 1165 3519 1220 τὸν
3580 1163 3802 1240 Πατᾶρα
3828 1162 3904 1239 ῥί-

2258 1257 2349 1321 ζαν
2404 1249 2793 1332 πρεσϐεύουσιν,
2861 1253 3037 1331 ὥσπερ
3134 1253 3177 1307 εὶ
3280 1251 3333 1317 ἐξ
3447 1249 3903 1328 ὰντιδιῃρημένων

2259 1339 2505 1419 ἀνάρχων
2535 1340 2623 1397 δύο
2680 1342 2861 1421 ἀρχῶν
2932 1344 2993 1398 τὸ
3050 1348 3260 1417 Πνεῦμα
3327 1342 3389 1397 τὸ
3429 1340 3583 1419 ἅγιον
3640 1342 3738 1412 ἦν,
3784 1337 3906 1417 ὅπερ

2258 1427 2589 1503 ἀντιτιθεναι,
2663 1432 2751 1486 καὶ
2820 1427 3250 1508 ἀντιπαρεξάγειν
3291 1435 3574 1509 προφανῶς
3661 1427 3776 1485 ἔστι
3816 1429 3902 1483 τον

2276 1518 2387 1572 ι’ἱὸν
2416 1524 2492 1591 τῷ
2539 1518 2697 1596 Πατρί
2733 1535 2745 1548 ’
2780 1520 2910 1597 πρὸς
2954 1520 3044 1574 τὸν
3097 1517 3178 1598 ἐφ’
3205 1520 3251 1591 ᾧ
3279 1520 3366 1574 καὶ
3414 1530 3718 1596 κατηγορεῖ
3776 1537 3903 1572 σκο-

2257 1606 2354 1660 πὸν
2430 1606 2686 1686 Κύπριος,
2760 1607 2875 1663 καθ’
2948 1609 3103 1682 ἡμῶν
3173 1603 3440 1684 προϐαίνει
3509 1607 3661 1662 πᾶσά
3733 1626 3794 1683 γε
3870 1604 3903 1671 ἡ

2254 1692 2570 1771 ἀντίρρησις.
2636 1696 2732 1753 Καὶ
2789 1697 2848 1751 03
2902 1693 2967 1762 δὴ
3024 1697 3156 1774 πρὸς
3223 1695 3316 1760 τὰς
3358 1700 3453 1761 τῆς
3541 1692 3900 1772 ἀντιρρήσεως

2648 722 2712 777 τὰ
2810 722 3059 799 εἰρημένα

527 1800 759 1842 versam
788 1782 947 1843 illius
980 1783 1507 1845 contradictionem
1543 1802 1659 1842 non
1692 1783 1807 1842 alio
1836 1780 2157 1853 collimare,

2253 1779 2416 1846 λέξεις
2476 1783 2610 1839 κατὰ
2668 1784 2824 1859 μέρος
2884 1784 3223 1856 ἀποσκοπὼν,
3280 1784 3308 1838 ὃ
3359 1782 3500 1860 λέγω
3543 1805 3655 1854 σοι,
3720 1782 3900 1860 σαιρῶς

528 1869 578 1931 si
609 1870 1103 1932 contradictionis
1160 1871 1340 1933 verba
1388 1871 1616 1951 singula
1673 1866 2164 1945 consideraveris,

523 1957 680 2039 quod
715 1958 819 2019 tibi
850 1958 1008 2034 dico,
1047 1960 1220 2039 plane
1276 1960 1612 2039 dignosces.
1644 1958 1969 2021 Considera
2025 1956 2166 2016 dum

521 2047 768 2127 Cyprius
796 2056 1034 2110 accusat
1063 2048 1219 2129 quod
1254 2049 1600 2111 enuntiazur
1621 2067 1654 2109 a
1685 2047 1875 2112 nobis.
1914 2064 1983 2106 cx
2018 2044 2163 2107 Filio

519 2135 807 2215 Spiritum
841 2137 1192 2216 procedere,
1226 2137 1731 2217 quemadmodum
1766 2154 1977 2212 nempe
2008 2143 2064 2193 et
2094 2152 2161 2193 ex

520 2224 715 2297 Patre,
768 2244 887 2285 non
929 2225 1282 2306 simpliciter
1312 2245 1419 2287 nos
1453 2245 1523 2287 ex
1557 2229 1726 2286 Patre
1756 2233 1814 2286 et
1842 2223 1990 2286 Filio
2023 2220 2162 2302 Spi-

519 2311 697 2373 ritum
731 2314 1057 2393 procedere
1107 2314 1550 2394 rejicimus,sed
1603 2334 1738 2376 cum
1771 2313 1840 2374 ad
1881 2310 2159 2372 unionem

519 2417 588 2461 ex
638 2409 887 2483 utroque
936 2405 1381 2483 processionem
1415 2402 1805 2464 asserentium
1837 2400 2041 2461 venire
2070 2400 2161 2460 fa-

521 2496 1058 2571 teamur,tanquam
1092 2490 1193 2572 qui
1225 2509 1355 2553 eam
1386 2510 1517 2570 quae
1547 2511 1613 2552 θλ
1636 2490 1809 2552 Patre
1842 2486 2159 2570 perFilium

520 2576 1058 2656 est,amplectimur
1077 2586 1136 2639 et
1156 2578 1589 2655 exosculamur,
1626 2586 1683 2639 et
1710 2577 1900 2657 illam,
1932 2594 2063 2657 quae
2090 2573 2162 2636 ab

522 2670 772 2743 utroque
803 2673 914 2739 est,
946 2664 1007 2725 in
1031 2666 1258 2729 honore
1302 2666 1632 2728 habenbam
1686 2683 1821 2728 esse
1847 2661 2161 2726 contendi-

521 2751 969 2832 mus,improb1e
982 2753 1138 2816 illius
1155 2754 1496 2834 cogitationi
1513 2751 2063 2836 respondemuleli
2084 2752 2166 2813 si-

521 2837 761 2920 quidem
785 2860 995 2903 omnes
1023 2851 1267 2905 conatus
1284 2851 1344 2905 et
1365 2843 1619 2905 studium
1644 2843 1703 2903 in
1727 2861 1796 2902 eo
1818 2843 2166 2918 consistunt,

519 2945 629 2991 nos
658 2947 1037 3012 accusare,ac
1088 2933 1137 2992 si
1193 2933 1670 3013 praepositionem
1700 2949 1777 2994 ea:
1806 2931 1879 2993 de
1910 2929 2165 3005 Filio,ad

515 3016 896 3081 indicandam
933 3019 1273 3100 primariam
1306 3029 1365 3083 et
1393 3021 1773 3101 originariam
1818 3036 2054 3080 causam
2088 3037 2158 3078 u-

515 3123 921 3187 surparemus;
946 3118 1011 3170 ut
1031 3109 1171 3171 inde
1195 3110 1389 3171 locum
1415 3110 1633 3171 habeat
1653 3110 1906 3170 duorum
1931 3105 2159 3187 princi-

515 3194 745 3275 piorum
769 3197 1132 3261 criminatio.
1156 3198 1346 3263 Nobis
1368 3218 1505 3261 vero
1528 3198 1643 3260 alia
1685 3198 1914 3259 ratione
1962 3204 2160 3258 certa-

516 3301 655 3346 men
686 3286 1001 3368 initur,qui
1021 3287 1503 3369 praepositionum
1529 3306 1606 3351 ea:
1629 3294 1686 3349 et
1705 3304 1814 3367 per
1834 3286 1893 3347 in
1918 3285 2066 3348 Filio
2084 3302 2160 3345 aa-

455 3439 465 3451 ,
512 3372 781 3450 quabiles
836 3374 993 3438 vires
1052 3377 1526 3455 agnoscimus,ut
1556 3377 1698 3437 inde
1729 3394 1846 3436 una
1901 3373 2159 3453 Spiritus

511 3476 688 3521 causa
709 3460 805 3541 pie
828 3463 1147 3527 admodum
1175 3466 1350 3527 Pater
1372 3476 1430 3527 et
1453 3464 1640 3527 Filius
1661 3464 2157 3543 gloriticetur,ve-

514 3556 849 3611 rumtamen
880 3550 1052 3613 Pater
1073 3561 1349 3633 tanquam
1384 3553 1758 3632 primaria,et
1789 3551 2159 3633 principalis,

510 3636 667 3716 quod
698 3638 985 3718 quidquid
1009 3659 1079 3702 ex
1111 3644 1277 3703 Patre
1298 3660 1406 3722 per
1454 3642 1679 3705 Filium
1736 3659 1867 3702 esse
1917 3640 2156 3716 dicitur,

510 3741 581 3787 ex
600 3742 719 3786 uno
744 3743 877 3788 esse
905 3728 1319 3791 asseriturDeo
1344 3739 1402 3792 et
1424 3749 1493 3792 ex
1516 3748 1634 3791 uno
1659 3729 2158 3809 causatum,quod

509 3814 725 3875 eximie
753 3825 994 3877 sanctus
1017 3815 1273 3880 Basilius
1302 3818 1579 3893 afﬁrmat,
1613 3836 1813 3880 vocem
1856 3836 1962 3899 per
1981 3835 2154 3897 quem

510 3902 808 3982 primariae
828 3922 1024 3967 causae
1053 3906 1114 3967 in
1139 3924 1204 3968 se
1235 3907 1674 3969 confessionem
1706 3906 2016 3969 continere
2050 3903 2153 3968 Vi-

507 3991 614 4052 des
645 4000 706 4052 ut
731 3992 901 4054 nobis
930 4014 1165 4075 quoque
1195 3997 1266 4058 ad
1300 3996 1698 4059 accusationis
1727 4014 1974 4076 scopum
2003 4014 2151 4057 con-

510 4080 780 4143 tradictio
814 4084 1272 4147 succedat?Hinc
1301 4087 1478 4148 etiam
1501 4104 1631 4166 quae
1643 4093 1973 4166 sequuntur
1993 4104 2149 4146 com-

506 4169 932 4248 probabuntur.
961 4170 1227 4254 Namque
1282 4174 1635 4237 inducentes
1693 4174 1946 4236 dicimus
1997 4193 2008 4233 :
2064 4172 2152 4234 Tu

507 4276 702 4338 porro,
737 4260 822 4320 uti
852 4281 920 4322 ex
970 4261 1100 4342 ipso
1131 4265 1303 4325 Patre
1349 4263 1428 4325 ita
1458 4276 1516 4325 et
1547 4283 1619 4326 ex
1671 4263 1818 4326 Filio
1863 4261 2150 4343 Spiritum

2250 1884 2516 1948 γνωριεῖς.
2593 1863 2736 1950 ιὈρα
2796 1870 2875 1927 ὅτι
2936 1874 3162 1951 Κυπρίου
3234 1872 3545 1946 αἰτιωμένου
3604 1873 3669 1927 τὸ
3726 1869 3901 1947 λέγειν

2248 1960 2388 2033 ἡμᾶς
2420 1957 2500 2015 ὅτι
2540 1959 2598 2016 ἐκ
2629 1968 2716 2016 τοῦ
2757 1960 2877 2016 Υἰοῦ
2905 1963 2964 2016 τὸ
3027 1963 3238 2036 Πνεῦμα
3298 1960 3634 2038 ἐκπορεύεται
3724 1958 3900 2036 ὥσπερ

2246 2046 2432 2121 ἀμέλει
2461 2050 2546 2104 ἰαὶ
2589 2051 2649 2104 εκ
2702 2056 2794 2105 τοῦ
2840 2051 3062 2126 Πατρὸς,
3133 2049 3234 2128 οὐχ
3292 2047 3476 2111 ἁπλῶς
3543 2050 3715 2123 ﬁget;
3749 2050 3811 2103 τὸ
3841 2047 3900 2102 ἐκ

2250 2143 2291 2191 ιι
2305 2136 2448 2215 ατρὸς
2468 2140 2554 2193 καὶ
2637 2140 2754 2195 Υἱοῦ
2807 2139 2869 2194 τὸ
2929 2141 3136 2213 Πνεῦμα
3194 2141 3255 2194 τὸ
3309 2137 3459 2215 ἅγιον
3520 2136 3897 2215 ἐκπορεὺεσθαι

2245 2225 2623 2301 ἀποσειόμεθα,
2683 2225 2817 2282 ἆ)λᾶ
2872 2229 3001 2304 πρὸς
3057 2228 3157 2293 τὴν
3213 2228 3425 2303 εἰρήνην
3504 2226 3613 2281 τῶν
3687 2226 3787 2292 τὴν
3844 2222 3896 2288 ἐξ

2244 2313 2443 2392 ἀμεροϊν
2528 2313 2792 2393 λεγόντων
2876 2314 3178 2393 ἰκπόρευσιν
3234 2312 3618 2392 ὁμολογοῦντες
3699 2311 3893 2382 ἐλθεῖν,

2244 2403 2316 2465 ὡς
2362 2402 2457 2467 τὴν
2500 2402 2560 2457 ἐκ
2591 2405 2793 2481 Πατρὸς
2851 2400 2918 2458 δι’
2988 2405 3106 2462 Υίοῦ
3135 2403 3220 2459 καὶ
3263 2402 3565 2481 στέργοντες
3626 2404 3717 2459 καὶ
3761 2421 3893 2479 πρε·-

2248 2487 2540 2563 σϐεύοντες,
2626 2491 2724 2558 τὴν
2777 2489 2829 2555 ἐξ
2898 2492 3098 2571 ἀμφοῖν
3195 2512 3252 2547 τε
3324 2493 3457 2566 ὁμοῦ
3548 2496 3893 2569 παριστῶμεν

2246 2583 2403 2652 τιμᾷν
2472 2580 2558 2635 καὶ
2617 2581 2746 2658 πρὸς
2788 2580 2884 2646 τὴν
2941 2579 3067 2659 παρ’
3126 2579 3307 2652 ἐκείνῳ
3375 2580 3617 2657 πονηρὰν
3690 2578 3894 2634 ἔννοιαν

2247 2665 2587 2743 ἂπαντῶμεν.
2622 2670 2708 2741 Τῷ
2763 2668 2859 2742 μὲν
2903 2669 3003 2746 γὰρ
3044 2675 3188 2724 πᾶσα
3242 2664 3512 2723 διαϐαλεῖν
3566 2668 3719 2742 ἡμᾶς
3752 2668 3890 2723 ἐστιν

2245 2754 2280 2822 ἡ
2327 2753 2580 2830 σπουδὴν,
2614 2758 2687 2819 ὼς
2731 2756 2827 2811 τὴν
2858 2755 2920 2811 ἐκ
2960 2756 3044 2812 ἐπὶ
3074 2755 3164 2811 τοῦ
3214 2755 3332 2811 Υἰοῦ
3377 2757 3447 2820 εἰς
3476 2752 3713 2824 δήλωσιν
3759 2754 3895 2833 πρώ-

2250 2864 2350 2911 της
2402 2845 2490 2901 καὶ
2545 2846 2774 2925 ἀρχικῆς
2836 2846 3001 2909 αἰτίας
3059 2842 3448 2924 λαμϐάνοντας,
3520 2842 3598 2900 ἵν’
3664 2843 3893 2900 ἐντεῦθεν

2250 2934 2336 2988 καὶ
2400 2934 2585 3012 χώραν
2650 2935 2711 2989 τὸ
2768 2931 2890 3010 κει-γ’
2947 2936 3103 3008 ἡμῶν
3159 2938 3259 3000 τῆς
3314 2931 3563 3013 δυαρχίας
3643 2931 3893 3010 ἔγκλημα

2249 3023 2413 3102 σχοίη
2447 3042 2464 3058 ο
2508 3024 2644 3098 ἡμῖν
2699 3020 2745 3077 δ’
2788 3021 3036 3100 ἑτέρωθεν
3092 3025 3119 3078 6
3182 3022 3325 3099 ἁγων
3369 3021 3503 3101 ἐστι,
3545 3022 3608 3078 τὸ
3665 3027 3769 3088 τῆς
3835 3023 3893 3076 ὲκ

2244 3110 2328 3167 ἐπὶ
2353 3119 2445 3170 τοῦ
2521 3115 2641 3168 Υἱοῦ
2679 3113 2805 3189 πρὸς
2862 3133 2961 3177 την
3017 3108 3101 3168 διὰ
3154 3108 3488 3190 ἰσοδύναιιον,
3524 3108 3599 3165 ἵν’
3660 3109 3891 3167 ἐντεῦθεν

2243 3202 2329 3255 καὶ
2358 3199 2449 3266 εἴη
2479 3199 2533 3255 ἕν
2576 3206 2669 3256 τοῦ
2716 3199 3019 3273 Πνεύματος
3077 3198 3251 3254 αἴτιον
3303 3195 3552 3272 εὒσεϐὠς,
3585 3199 3650 3255 τὸ
3687 3200 3888 3275 Πατέρα

2242 3284 2536 3358 δοξάζεσθαι
2566 3289 2654 3343 καὶ
2695 3287 2807 3342 Υίόν
2843 3301 2857 3316 '
2893 3288 2982 3342 τὸν
3046 3286 3251 3366 Πατέρα
3309 3283 3363 3341 δὲ
3420 3287 3582 3362 μόνον
3643 3288 3707 3343 τὸ
3749 3292 3890 3365 πρῶ-

2239 3397 2328 3432 τον
2353 3376 2526 3432 αἴτιον
2556 3377 2643 3433 καὶ
2688 3375 2936 3455 ἀρχικὸν,
2993 3373 3076 3431 διὰ
3132 3397 3188 3431 τε
3230 3377 3292 3431 τὸ
3326 3381 3428 3432 πᾶν
3472 3376 3534 3431 τὸ
3592 3374 3656 3432 ἐκ
3687 3377 3886 3454 Πατρὸς

2242 3462 2311 3520 δι’
2350 3467 2469 3522 Υἱοῦ
2499 3466 2641 3521 εἶναι
2669 3461 2979 3540 λεγόμενον,
3016 3462 3067 3529 ἐξ
3125 3464 3241 3527 ἐνὸς
3305 3464 3447 3520 εἶναι
3504 3463 3885 3541 ὁμολογεῖσθαι

2244 3560 2395 3626 Θεοῦ,
2428 3555 2514 3609 καὶ
2556 3552 2732 3609 αἴτιον
2773 3550 2824 3618 [εξ
2880 3553 3017 3624 ἐνὸς,
3083 3551 3166 3608 διὰ
3225 3574 3279 3609 τε
3337 3554 3423 3625 τὸ,
3480 3555 3570 3608 τὸν
3630 3552 3887 3610 πολὺντὰ

2240 3646 2360 3698 θεῖα
2401 3641 2576 3720 λέγειν
2607 3640 2901 3713 Βασίλειον,
2936 3642 3030 3698 τὶν
3063 3639 3129 3697 δι’
3179 3642 3240 3698 οὗ
3280 3642 3460 3721 φωνὴν
3515 3641 3612 3709 τῆς
3659 3662 3885 3719 προκατ-

2242 3735 2494 3808 αρκτικῆς
2546 3730 2710 3793 αἰτίας
2767 3729 2913 3809 ἔχειν
2968 3720 3303 3808 ὁμολογίαν(
3340 3720 3494 3809 Ὀρᾷς
3564 3728 3715 3793 ὅπως
3757 3731 3883 3808 πρὸς

2237 3821 2327 3875 τὸν
2381 3821 2480 3885 τῆς
2549 3818 2867 3896 κατηγορίας
2911 3820 2997 3874 καὶ
3067 3821 3202 3893 ἡμῖν
3272 3817 3537 3894 προϐαίνει
3594 3820 3796 3876 σκοπόν
3849 3820 3881 3883 ἡ

2236 3907 2571 3987 ἀντίρῤησις;
2641 3908 2806 3964 Τοῦτο
2871 3907 3116 3977 συστήσει
3193 3930 3275 3965 σοι
3334 3908 3421 3963 καὶ
3489 3909 3553 3964 τὰ
3628 3906 3819 3982 ἐφεξῆς
3864 3921 3877 3935 '

2237 3997 2406 4075 φαμὲν
2436 3997 2536 4075 γὰρ
2577 3995 2864 4073 ἐπάγοντες
2900 4010 2913 4022 ·
2965 3995 3034 4050 Σὺ
3083 3993 3137 4050 δὲ
3192 3997 3266 4058 ὡς
3319 3992 3373 4060 ἒξ
3430 3995 3589 4054 αὐτοῦ
3627 4002 3726 4052 τοῦ
3768 4002 3878 4051 Πα-

2234 4087 2377 4164 τρὸς,
2425 4084 2562 4142 οὕτω
2602 4084 2690 4140 καὶ
2745 4083 2805 4139 ὲκ
2846 4091 2939 4139 τοῦ
3008 4086 3128 4140 Υἱοῦ
3188 4084 3555 4162 ἐκπορεύεσθαι
3619 4085 3769 4158 ἡμᾶς
3822 4086 3880 4140 τὸ

2234 4181 2447 4250 Πνεῦμα
2516 4172 2687 4251 λέγειν
2743 4169 3220 4252 διαϐεϐαιούμενος,
3256 4173 3368 4235 πῶς
3412 4172 3534 4251 οὐχὶ
3577 4174 3663 4228 καὶ
3732 4178 3878 4252 πρῶ-

2235 4286 2323 4320 τον
2355 4264 2441 4319 καὶ
2468 4263 2691 4342 ἀρχικὸν
2722 4267 2814 4317 τοῦ
2845 4263 3148 4335 Πνεῦματος
3193 4260 3365 4317 αἴτιον
3422 4261 3512 4316 τὰν
3553 4263 3672 4317 Υἱον
3702 4259 3874 4339 λέγειν

501 4347 969 4427 procedere,nos
999 4350 1231 4413 discere
1260 4353 1780 4433 afﬁrmans,quare
1811 4371 1927 4412 non
1958 4360 2015 4412 et
2039 4352 2152 4430 pri-

2242 4355 2378 4427 ἡμᾶς
2439 4349 2598 4432 ἔφης,
2655 4350 2691 4418 ἢ
2747 4351 2833 4405 καὶ
2884 4347 3142 4421 προϐολέα
3201 4350 3499 4424 Πνεύματος
3582 4351 3718 4408 κατα
3790 4352 3876 4404 τὸν

503 4435 746 4498 mariam
779 4446 837 4500 et
868 4438 1253 4520 principalem
1278 4459 1511 4503 causam
1547 4439 2018 4522 SpiritusFilxum
2046 4458 2153 4500 nos

498 4542 765 4589 asserere
795 4528 1110 4609 scripsisti,
1142 4538 1242 4591 aut
1299 4532 1735 4612 productorem,
1772 4529 1856 4591 uti
1889 4538 1945 4590 et
1979 4530 2152 4591 Pater

504 4624 615 4689 est,
641 4616 917 4697 Spiritus,
953 4619 1105 4682 forte
1134 4619 1312 4680 etiam
1346 4629 1407 4681 et
1435 4621 1586 4682 alius
1627 4620 1760 4683 Filii
1790 4619 2143 4699 genitorem,

498 4710 782 4786 tanquam
814 4707 913 4787 qui
946 4707 1144 4769 omnia
1175 4718 1416 4788 paterna
1447 4710 1561 4772 sibi
1596 4710 1809 4771 vidicat
1833 4709 2144 4787 ?Namque

419 4826 434 4838 -
497 4795 544 4854 si
575 4812 751 4856 causa
804 4795 1319 4876 Spiritusanobis
1368 4798 1708 4878 agnoscitur
1766 4794 2139 4875 Unigenitus.

495 4882 994 4961 quemadmodum
1029 4893 1087 4946 et
1118 4884 1246 4965 ipse
1306 4887 1477 4948 Pater
1532 4885 1915 4965 Unigenitum
1955 4902 2140 4961 gene-

495 4988 634 5031 rans
687 4970 1086 5034 afﬁrmabitur
1142 4974 1317 5035 etiam
1352 4983 1412 5036 et
1462 4976 1740 5055 primaria
1797 4990 1995 5045 causa,
2060 4972 2142 5033 uti

493 5061 664 5122 Pater
699 5068 808 5136 est,
860 5072 918 5123 et
976 5081 1081 5142 pro
1139 5063 1286 5126 Filio
1348 5068 1515 5126 Pater
1548 5065 1775 5127 evadet.
1813 5063 1883 5125 Et
1916 5062 2036 5123 haec
2068 5060 2142 5122 ad

492 5146 706 5228 ipsum.
736 5148 881 5211 Cum
912 5166 1055 5211 vero
1080 5153 1351 5214 ordinem
1388 5153 1922 5234 reprehensionum
1955 5150 2140 5212 oratio

498 5243 724 5299 noscat.
759 5237 1008 5298 alterum
1042 5238 1182 5300 dum
1210 5240 1342 5322 quis
1370 5242 1587 5304 dixerit
1618 5263 1732 5303 non
1767 5239 2084 5303 dicendum
2122 5256 2136 5302 :

489 5323 737 5385 alterum
800 5327 941 5386 dum
978 5326 1114 5406 quis
1147 5328 1467 5393 dicendum
1530 5332 1766 5394 salentio
1806 5328 2132 5400 invulverit,

491 5429 559 5476 ex
613 5414 845 5494 iisquae
874 5415 1129 5478 dicenda
1161 5430 1327 5482 erant
1355 5471 1370 5501 ,
1432 5442 1541 5483 nec
1599 5433 1793 5483 tamen
1850 5420 2016 5488 dixit,
2054 5418 2140 5500 ip-

489 5519 617 5564 sum
647 5504 1170 5585 reprehendimus,
1208 5516 1265 5568 et
1307 5510 1480 5586 plane
1529 5512 1782 5573 dicimus
1821 5529 1833 5573 :
1870 5508 1929 5572 Si
1983 5528 2126 5588 prze-

486 5591 840 5671 positionem
876 5610 953 5655 ea:
982 5594 1042 5653 in
1081 5595 1224 5656 Filio
1257 5597 1326 5658 ad
1388 5599 1726 5679 primariam
1790 5607 1847 5660 et
1903 5598 2134 5680 princi:

2237 4440 2465 4518 Πατέρα,
2524 4441 2669 4519 τάχα
2727 4436 2781 4492 δὲ
2853 4440 2940 4494 καὶ
3014 4441 3133 4497 Υἱοῦ
3174 4436 3334 4494 ἄλλου
3404 4439 3716 4516 γεννήτορα,
3805 4440 3873 4500 ὡς

2232 4531 2402 4585 πάντα
2435 4530 2498 4586 ιὰ
2545 4538 2635 4586 τοῦ
2692 4528 2894 4601 Πατρὸς
2938 4523 3381 4600 ἐξιδιωσάμενονς
3438 4528 3496 4582 Εἰ
3549 4526 3648 4604 γὰρ
3700 4524 3872 4588 αἴτιος

2231 4629 2321 4677 τοῦ
2363 4618 2667 4693 Πνεύματος
2721 4617 2749 4671 6
2795 4616 3097 4693 Μονογενής
3160 4615 3294 4690 ημῖν
3350 4611 3689 4692 πρεσϐεύεται
3742 4615 3873 4671 κατὰ

2230 4711 2312 4786 σὲ,
2363 4711 2499 4767 κατὰ
2554 4706 2620 4776 δὴ
2689 4708 2776 4763 καὶ
2819 4707 2972 4769 αὐτὸς
3028 4709 3056 4761 6
3126 4707 3214 4761 τὸν
3272 4709 3544 4782 Μονογενῆ
3615 4708 3869 4782 γεννήσας

2228 4799 2430 4877 Πατὴρ,
2503 4794 2842 4876 πρεσϐευθείη
2910 4794 2973 4849 ἂν
3031 4796 3119 4851 καὶ
3185 4794 3411 4874 ἀρχικὸν
3495 4794 3672 4852 αἴτιον
3742 4796 3870 4851 κατὰ

2224 4892 2315 4945 τὸν
2376 4887 2607 4961 Πατέρα,
2661 4886 2749 4941 καὶ
2821 4884 2998 4960 Πατὴρ
3052 4882 3197 4938 ἔσται
3282 4881 3391 4939 ἀνθ’
3472 4886 3612 4945 Υἱοῦ.
3703 4894 3868 4942 Ταῦτα
3941 4948 3946 4953 _

2224 4979 2356 5057 πρὸς
2400 4978 2556 5034 αὐτὸν
2586 4973 2850 5051 λέγοντες,
2905 4972 3016 5027 ἐπεὶ
3067 4970 3206 5037 τάξιν
3265 4970 3503 5051 Dii-57va
3535 4971 3684 5029 οἶδεν
3729 4971 3869 5029 ἐλό-

2226 5088 2344 5144 γος,
2392 5070 2495 5120 τῶν
2525 5064 2622 5138 μὲν
2653 5061 2702 5126 ἐξ
2733 5065 2805 5116 ὧν
2837 5060 2961 5117 εἶπέ
3016 5082 3120 5130 τις,
3158 5060 3235 5134 μὴ
3287 5058 3400 5116 δέον
3458 5063 3649 5134 εἰπεῒν,
3685 5068 3790 5116 τῶν
3817 5059 3867 5115 δὲ

2224 5155 2275 5220 ἐξ
2299 5159 2371 5210 ὠν
2446 5153 2539 5208 οὒκ
2583 5150 2695 5207 εἶπέ
2737 5173 2840 5219 τις,
2903 5148 3018 5205 δέον
3077 5150 3246 5205 εἰπεῖν
3318 5151 3632 5227 Υι“¹⁰¹ένων’
3690 5150 3740 5216 ἐξ
3798 5152 3865 5206 ὧν

2224 5244 2378 5307 αὒτὸς
2449 5242 2541 5298 οὐκ
2597 5240 2745 5313 εἶπε,
2808 5238 2922 5295 δέον
2980 5240 3171 5301 εἰπεῖν,
3252 5241 3404 5297 αὐτὸν
3473 5238 3864 5319 ἂπελὲγχομεν,

2223 5332 2436 5390 Ἐκεῖνο
2484 5332 2582 5409 γὰρ
2642 5331 2726 5385 καὶ
2782 5328 3005 5406 λέγομεν
3072 5325 3331 5403 ἄντικρυς,
3406 5329 3477 5387 ὡς
3549 5325 3703 5407 εἴπερ
3774 5330 3865 5393 τὴν

2220 5421 2280 5478 ἑκ
2329 5424 2493 5495 ἡμεῖς
2524 5420 2607 5475 ἐπὶ
2664 5425 2756 5474 τοῦ
2796 5420 2917 5473 Υἱοῦ
2974 5417 3045 5478 εἰς
3108 5414 3337 5484 δήλωσιν
3394 5416 3613 5492 πρώτης
3658 5419 3745 5473 καὶ
3773 5418 3863 5495 ἆρ-

2218 5515 2386 5591 χικῆς
2421 5510 2606 5581 αἰτίας,
2659 5506 2788 5583 ὅπερ
2830 5508 2863 5572 ἡ
2924 5504 2991 5571 σὴ
3045 5501 3265 5571 διαϐολὴ
3323 5503 3589 5580 βούλεται,
3626 5503 3862 5580 ἐλαμϐά-

2219 5618 2397 5673 νομεν,
2459 5595 2595 5651 ὥστε
2657 5592 2907 5673 δυαρχίαν
2958 5604 3192 5671 φρονεῖν,
3249 5591 3385 5648 ὥστε
3417 5594 3500 5649 καὶ
3590 5594 3682 5648 τὸν
3752 5595 3859 5649 Ϊῒὸν
