4178 6286
512 283 628 348 379

1609 290 1876 355 JOANN.
1906 285 2122 353 VECCI
2153 289 2263 352 GP.
2298 293 2817 361 PATRIARCHE

3765 299 3880 367 380

507 448 686 491 unum
718 429 998 512 idemque
1016 433 1290 515 requirit,
1324 433 1650 496 discrimen
1682 453 1818 495 vero
1847 433 2004 514 quod
2031 445 2148 493 non

2242 427 2329 493 την
2372 436 2461 485 τοῦ
2521 431 2728 507 πρώτου
2782 434 2871 488 καὶ
2948 432 3173 512 ἀρχικοῦ
3239 432 3492 515 διαφορὰν
3538 435 3751 492 ἐνοῦσαν
3802 441 3878 511 τῷ

507 529 597 580 est
627 539 822 602 neque
852 540 1059 603 unum,
1118 544 1309 605 neque
1344 524 1529 598 idem,
1566 524 1924 585 assumenda
1966 529 2159 584 sunta

508 609 678 671 nobis
712 629 783 672 ex
813 611 907 679 iis,
943 631 1074 691 qua;
1106 613 1455 692 theologicis
1490 613 1730 694 scriptis
1756 613 2160 674 decernuntur

507 699 630 774 illa,
667 700 881 780 quibus
903 701 1060 772 freti,
1096 702 1197 781 qui
1231 702 1562 781 theologica
1593 710 1866 774 tractant,
1902 699 2157 762 etunio-

509 807 644 849 nem
682 789 870 850 Patris
902 798 958 850 et
986 788 1119 850 Filii
1150 790 1424 852 fatentur.
1461 801 1515 853 et
1543 791 1809 872 primarii
1834 808 1901 852 ac
1935 789 2158 870 princi-

508 877 659 957 palis
689 879 747 937 in
780 877 947 939 Patre
976 878 1296 941 discrimen
1331 900 1448 941 non
1492 888 1728 958 negant,
1763 879 2022 959 indeque
2055 877 2159 939 du-

509 965 740 1026 biorum
759 967 975 1028 solutio
989 970 1385 1048 comparanda
1422 969 1737 1031 Enimvero
1752 970 1799 1031 si
1824 968 1883 1030 in
1907 967 2157 1048 cunctis,

506 1054 566 1115 in
601 1054 815 1135 quibus
845 1057 1172 1119 secundum
1228 1059 1569 1119 communia
1618 1059 1946 1137 theologica
1991 1057 2158 1118 axio-

510 1153 663 1206 mata
719 1143 906 1206 Patris
938 1156 996 1207 et
1027 1146 1160 1208 Filii
1215 1149 1410 1208 unitas
1470 1147 1776 1220 asseritur,
1814 1145 2003 1208 Patris
2033 1145 2158 1225 pri-

511 1234 760 1294 marium
795 1242 854 1295 et
881 1235 1206 1314 principale
1238 1256 1355 1297 non
1390 1236 1746 1307 inﬁciantur,
1780 1236 2018 1316 planum
2046 1241 2154 1311 est,

512 1321 651 1383 dum
685 1321 743 1381 in
777 1341 956 1384 causa
982 1324 1265 1403 Spiritus,
1293 1324 1481 1386 Patris
1511 1335 1568 1386 et
1591 1324 1724 1405 Filii
1747 1325 2026 1385 unitatem
2058 1340 2156 1383 se-

513 1410 627 1470 mel
660 1412 1091 1490 concesserint,
1144 1413 1401 1492 primum
1462 1432 1695 1493 quoque
1745 1422 1799 1474 et
1834 1411 2160 1491 principale

512 1497 667 1558 Patri
690 1499 1023 1560 concedere
1056 1499 1247 1561 modis
1295 1501 1571 1561 omnibus
1603 1501 1753 1579 cogi.
1787 1501 1978 1572 Quare
2009 1518 2157 1559 con-

511 1604 712 1647 cessas
734 1587 856 1666 jam
889 1588 1166 1661 unitates,
1204 1598 1259 1648 et
1312 1589 1372 1650 in
1408 1590 1498 1651 his
1529 1589 1799 1670 primarii
1830 1608 1897 1649 ac
1929 1587 2157 1669 princi-

2240 519 2399 595 Πατρὶ
2443 533 2652 598 φρονεῖν
2698 520 2969 600 ἀσφαλῶς,
3023 525 3073 577 εἴ
3132 545 3190 601 γε
3231 525 3265 591 ἡ
3302 525 3398 599 μὲν
3448 525 3633 592 ἑνότης
3660 527 3724 581 το
3755 548 3880 581 ταυ-

2238 607 2328 662 τὸν
2383 606 2624 683 ἀπαιτεῖ,
2669 611 2730 666 τὸ
2773 609 2827 665 δὲ
2860 612 2936 685 μὴ
2978 614 3168 668 ταυτὸν
3196 614 3229 680 ἡ
3272 611 3513 693 διαφορὰ,
3548 611 3655 669 ἔστι
3686 611 3878 670 Madv-

2238 717 2331 757 τις
2386 697 2530 769 ἡμᾶς
2589 698 2694 755 ἀπὸ
2766 703 2871 755 τῶν
2913 702 3030 779 περὶ
3087 704 3289 780 Πατρὸς
3333 704 3420 758 καὶ
3479 704 3600 759 Υἱοῦ
3670 702 3724 758 ὲν
3754 725 3882 781 γρα-

2239 797 2366 872 φαῖς
2423 785 2712 862 εἰρημένων
2765 802 2887 850 ταῖς
2930 788 3262 867 θεολογικαϊς
3292 791 3495 864 ἐκεῖνα,
3531 790 3611 872 ἐφ’
3658 794 3749 855 οἷς
3780 798 3878 857 πᾶς

2242 871 2373 950 ἀνὴρ
2426 872 2729 952 θεολυγικὸς
2786 879 2873 932 καὶ
2928 876 3152 944 ἑνότητα
3206 882 3408 957 Πατρὸς
3487 879 3750 958 ὁμολογεῖ
3804 881 3885 945 καὶ

2243 962 2385 1039 Υἱοῦ,
2442 964 2529 1018 καὶ
2584 964 2681 1030 τὴν
2736 972 2828 1022 τοῦ
2875 968 3085 1045 πρώτου
3112 968 3199 1023 καὶ
3256 968 3483 1047 ἀρχικοῦ
3513 966 3763 1048 διαφορὰν
3815 991 3885 1041 τῳ

2242 1053 2401 1129 1]thi
2433 1053 2805 1130 συνομολογεϊ,
2849 1056 3079 1113 ἐντεῦθεν
3122 1079 3204 1113 σοι
3247 1058 3346 1125 τὴν
3402 1064 3507 1113 τῶν
3549 1056 3884 1136 διηπορημέ-

2242 1161 2343 1193 νων
2399 1138 2542 1197 λύσιν
2614 1146 2962 1213 ποιήσασθαι.
3025 1147 3080 1201 Ei
3145 1147 3244 1226 γὰρ
3296 1147 3380 1203 ἐπὶ
3435 1154 3617 1227 πᾶσιν,
3687 1145 3767 1228 ἐφ’
3800 1148 3883 1211 οἷς

2241 1228 2375 1282 κατὰ
2445 1232 2622 1293 κοινὰς
2683 1230 2879 1294 ἐννοίας
2934 1232 3239 1313 θεολογικὰς
3306 1234 3496 1302 ἑνότης
3540 1234 3884 1314 ὃμολογεῗται

2243 1319 2443 1395 Πατρὸς
2493 1321 2579 1374 καὶ
2636 1323 2779 1386 fici”),
2836 1320 2949 1378 οὒδέ
3018 1324 3077 1378 τὸ
3135 1332 3226 1380 τοῦ
3286 1327 3487 1403 [ἰατρὸς
3548 1331 3762 1403 πρῶτον
3803 1317 3885 1378 καὶ

2241 1404 2463 1484 ἀρχικόν
2524 1406 2664 1463 ἐστιν
2736 1410 3152 1488 ἆπαρνούμενος,
3216 1410 3433 1479 εὔδηλον
3498 1414 3569 1477 ὡς
3626 1414 3717 1468 καὶ
3774 1425 3883 1474 τοῖς

2241 1492 2324 1548 ἐπὶ
2379 1501 2445 1571 τῇ
2502 1496 2637 1569 αἰτίᾳ
2702 1508 2793 1557 τοῦ
2873 1501 3174 1574 Πνεύματος
3244 1499 3470 1567 ἑνότητα
3526 1502 3736 1579 Πατρὸς
3804 1501 3887 1556 καὶ

2242 1584 2361 1638 Ποῦ
2432 1582 2566 1649 ἅπκξ
2608 1582 3058 1665 διωμολογηκόσι,
3117 1591 3205 1645 καὶ
3260 1592 3321 1646 τὸ
3377 1596 3584 1669 πρῶτον
3615 1592 3705 1646 καὶ
3737 1589 3887 1669 ἁρχι-

511 1674 660 1753 palis
687 1675 1061 1749 discrimina,
1123 1678 1193 1737 ad
1231 1678 1592 1758 proltositam
1629 1679 1913 1738 unitatem
1949 1684 2005 1737 et
2030 1676 2155 1737 dis-

2244 1674 2335 1727 κὸν
2396 1672 2588 1730 διδόναι
2663 1684 2738 1750 τῷ
2821 1680 2980 1754 [largi
3040 1679 3417 1757 ἀπαραίτητον.
3470 1682 3565 1737 Καὶ
3610 1689 3740 1758 γοῦν
3795 1681 3885 1738 τάξ

512 1762 740 1824 crimen
794 1765 1300 1844 comprobandum
1365 1767 1749 1846 accipiemus.
1802 1765 1873 1826 Et
1904 1769 2156 1844 primum

512 1871 685 1913 unam
716 1870 846 1915 esse
873 1852 1058 1915 Patris
1092 1862 1148 1915 et
1201 1855 1333 1917 Filii
1367 1856 1642 1917 deitatem
1678 1854 1835 1936 apud
1865 1873 2071 1915 omnes
2098 1855 2157 1915 in

509 1941 806 2015 confesso,
842 1951 952 2015 est,
988 1962 1181 2023 neque
1239 1957 1555 2025 propterea
1586 1944 1644 2005 in
1678 1944 1904 2007 Deitate
1935 1943 2157 2023 prima—

510 2031 665 2091 rium
698 2049 765 2092 ac
795 2030 1122 2112 principale
1153 2035 1307 2093 Patri
1361 2033 1653 2114 quispiam
1689 2032 2011 2110 negaverit.
2044 2035 2159 2091 Pa-

510 2118 617 2179 tris
649 2126 707 2179 et
764 2119 898 2181 Filii
931 2120 1265 2182 dominatus
1317 2141 1470 2183 unus
1504 2122 1656 2200 apud
1685 2141 1890 2182 omnes
1915 2122 1975 2181 in
2012 2140 2159 2181 con-

506 2205 662 2267 fesso
695 2215 825 2287 est;
859 2226 1053 2288 neque
1087 2225 1405 2289 propterea
1465 2210 1809 2289 primarium
1843 2228 1911 2268 ac
1942 2209 2165 2288 princi-

506 2294 635 2374 pale
665 2293 822 2357 Patri
854 2294 916 2357 in
949 2297 1063 2358 don
1090 2297 1254 2358 inatu
1284 2297 1417 2378 quis
1442 2301 1596 2378 piam
1631 2298 1953 2373 negaverit.
1979 2296 2165 2359 Patris

505 2391 562 2444 et
589 2382 722 2445 Filii
775 2384 835 2444 in
867 2385 1146 2446 omnibus
1174 2405 1326 2445 unus
1374 2387 1741 2466 principatus
1769 2388 1919 2465 apud
1953 2404 2164 2448 omnes

502 2472 564 2533 in
585 2473 858 2534 confesso
883 2483 994 2554 est;
1026 2492 1222 2554 neque
1238 2484 1550 2554 propterea
1563 2476 1913 2554 primarium
1929 2482 1987 2534 et
2004 2475 2133 2553 prin
2148 2516 2164 2528 .

505 2560 695 2642 cipale
753 2560 909 2622 Patri
960 2563 1021 2622 in
1080 2563 1417 2643 principatu
1482 2564 1773 2644 quispiam
1835 2565 2161 2641 negaverit.

514 2651 703 2713 Patris
733 2660 792 2712 et
821 2651 955 2713 Filii
987 2671 1186 2713 rerum
1238 2661 1570 2715 creatarum
1630 2654 1934 2734 opiﬁcium
1975 2672 2159 2715 unum

504 2740 658 2821 apud
718 2759 926 2803 omnes
978 2741 1040 2803 in
1097 2743 1370 2804 confesso
1427 2753 1565 2805 est:
1619 2762 1813 2824 neque
1846 2750 2161 2824 propterea

506 2829 853 2911 primarium
889 2839 943 2892 et
968 2831 1295 2912 principale
1325 2832 1481 2894 Patri
1525 2833 1584 2893 in
1609 2832 1844 2913 opilicio
1866 2832 2158 2912 quispiam

507 2920 909 2998 denegaverit.
935 2919 1122 2982 Patris
1145 2932 1200 2982 et
1218 2921 1373 2983 Fillii
1403 2940 1578 2982 unam
1602 2939 1734 2982 esse
1764 2921 2157 3001 operatricem

2245 1760 2660 1838 ὡμολογημένας
2718 1764 2993 1835 ἐνότητας,
3060 1770 3148 1824 καὶ
3219 1769 3311 1830 τὰς
3356 1769 3440 1825 ἐπὶ
3496 1770 3715 1830 ταύταις
3797 1773 3886 1824 τοῦ

2244 1848 2465 1928 ἀρχικοῦ
2520 1854 2608 1907 καὶ
2664 1854 2871 1932 πρώτου
2915 1852 3181 1934 διαφορὰς.
3217 1859 3346 1935 πρὸς
3408 1858 3503 1923 τὴν
3538 1858 3635 1923 τῆς
3693 1864 3885 1926 ζητου-

2244 1937 2409 2012 μένης
2464 1939 2709 2007 ἐνότητος
2753 1945 2839 1998 καὶ
2881 1942 3125 2022 διαφορᾶς
3183 1943 3413 2011 ληπτέον
3465 1948 3609 2021 ἡμᾶς
3683 1947 3887 2002 πίστω-

2243 2047 2346 2088 σιν.
2408 2028 2600 2086 Αὐτίκα
2655 2032 2688 2097 ἡ
2749 2037 2838 2087 τοῦ
2871 2034 3072 2109 Πατρὸς
3134 2034 3220 2088 καὶ
3253 2037 3372 2090 Υἱοῦ
3399 2032 3587 2100 θεότης
3622 2034 3718 2109 μία
3748 2034 3884 2088 εἶναι

2244 2121 2370 2171 πᾶσι
2427 2117 2911 2197 συνωμολόγηται·
2964 2120 3081 2177 ἁλλ’
3136 2121 3251 2179 ουδὲ
3307 2125 3367 2178 τὸ
3425 2123 3509 2178 ἐπὶ
3566 2129 3636 2200 τῇ
3678 2124 3884 2188 θεότητι

2246 2207 2453 2289 πρῶτον
2506 2209 2593 2262 καὶ
2662 2208 2886 2287 ἀρχικὸν
2914 2217 3005 2267 τοῦ
3037 2213 3241 2289 Πατρὸς
3271 2212 3409 2267 ἐστιν
3461 2214 3489 2268 6
3544 2212 3884 2285 ἀπαρνούμε-

2247 2315 2357 2356 νος.
2421 2284 2483 2351 Ἠ
2527 2304 2618 2352 toi}
2676 2299 2877 2376 Πατρὸς
2949 2301 3037 2355 καὶ
3098 2303 3217 2357 Υἱοῦ
3299 2322 3541 2378 κυριοτης
3599 2303 3693 2376 μῖα
3751 2302 3886 2358 εἶναι

2245 2387 2374 2436 πᾶσι
2434 2384 2877 2463 συνωμολόγηται
2910 2403 2923 2416 '
2984 2386 3101 2443 ἀλλ’
3135 2386 3248 2445 οὐδὲ
3291 2392 3352 2445 τὸ
3383 2390 3466 2446 ἐπὶ
3520 2396 3589 2466 τῇ
3619 2389 3882 2468 κυριότητι

2245 2476 2449 2556 πρῶτον
2480 2473 2566 2528 καὶ
2615 2473 2839 2553 ἀρχικὸν
2882 2483 2973 2532 τοῦ
3026 2478 3227 2556 Πατρὸς
3298 2476 3436 2533 ἐστιν
3477 2481 3504 2534 6
3546 2478 3882 2555 ἀπαρνούμε-

2245 2579 2351 2621 νος.
2418 2550 2477 2614 Ἠ
2534 2569 2626 2618 τοῦ
2687 2565 2884 2641 Πατρὸς
2941 2567 3027 2620 καὶ
3077 2568 3194 2621 Υἱοῦ
3254 2565 3338 2622 ἐπὶ
3389 2580 3504 2628 τοῖς
3550 2574 3716 2623 πᾶσιν
3744 2567 3882 2648 ἀρχὴ

2243 2647 2337 2718 μία
2394 2650 2535 2705 εἶοαι
2597 2657 2724 2707 πᾶσι
2779 2652 3215 2732 συνωμολόγηται
3250 2670 3262 2683 ·
3321 2652 3438 2710 ἀλλ’
3471 2653 3585 2710 οῦδὲ
3620 2658 3682 2711 τὸ
3710 2654 3793 2711 ἐπὶ
3822 2647 3885 2730 τῇ

2243 2738 2387 2817 ἆρχῆ
2435 2745 2638 2822 πρῶτον
2695 2743 2782 2797 καὶ
2827 2742 3050 2822 ἀρχικὸν
3079 2749 3170 2798 τοῦ
3227 2745 3426 2819 Πατρὸς
3466 2742 3607 2800 ἐστιν
3640 2746 3667 2799 6
3728 2744 3886 2821 ἀπαρ-

2241 2828 2507 2902 νούμενος.
2587 2819 2648 2885 Ἠ
2706 2836 2797 2885 τοῦ
2854 2831 3053 2906 Πατρὸς
3104 2832 3189 2886 καὶ
3235 2833 3353 2887 Υἷοῦ
3412 2834 3513 2886 τῶν
3569 2829 3881 2910 δεδημιουρ-

2241 2915 2489 2993 γημένων
2546 2914 2857 2996 δημιουργία
2927 2918 3019 2993 μία
3049 2923 3187 2975 εἶναι
3234 2925 3361 2974 πᾶσι
3415 2919 3876 2998 συνωμολόγηται³

504 3007 840 3070 facultatem
872 3009 1027 3088 apud
1059 3028 1268 3071 omnes
1290 3010 1348 3071 in
1371 3011 1642 3071 confesso
1667 3018 1980 3089 est,neque
2016 3027 2152 3090 pro-

2243 3003 2362 3060 ἀλλ’
2393 3003 2509 3061 ουδὲ
2538 3007 2598 3061 τὸ
2629 3005 2712 3060 ἐπὶ
2744 3011 2810 3082 τῇ
2839 3004 3133 3085 διμιουργίᾳ
3174 3014 3379 3085 πρῶτον
3423 3009 3510 3063 καὶ
3542 3008 3773 3088 ἀρχικὸν
3802 3016 3884 3064 τοῦ

507 3104 717 3178 ptcrea
770 3097 830 3158 in
878 3087 1335 3161 fabrefactorum
1390 3099 1691 3159 creatione
1724 3087 2063 3176 primarium
2098 3107 2158 3159 et

2245 3094 2442 3170 Ιῐατρὸς
2498 3091 2637 3148 ἐστιν
2688 3096 2714 3149 6
2748 3095 3164 3172 ἀπαρνούμενος.
3199 3087 3262 3151 Ἠ
3292 3103 3383 3152 τοῦ
3417 3097 3622 3174 Πατρός
3647 3087 3741 3153 γκαὶ
3772 3099 3883 3153 Υἱοῡ

513 3185 839 3268 principale
892 3186 951 3248 in
1011 3187 1348 3269 operatrice
1377 3187 1656 3248 facultate
1677 3186 1832 3247 Patri
1860 3186 2158 3268 quiSpiam

2242 3194 2496 3248 ποιητικὴ
2526 3178 2739 3256 δύναμις
2774 3183 2866 3257 μία
2902 3184 3043 3240 εἶναι
3074 3190 3202 3240 πᾶσι
3247 3181 3688 3262 συνωμολόγηται
3726 3205 3737 3217 ·
3771 3182 3882 3240 ἀλλ’

507 3275 911 3355 denegaverit.
966 3275 1147 3338 Vides
1172 3277 1296 3357 jam
1328 3285 1715 3337 annumerata
1753 3276 1955 3337 omnia
2000 3282 2158 3336 certa

2242 3268 2355 3326 οὖδὲ
2395 3271 2456 3325 τὸ
2488 3269 2572 3327 ἐπὶ
2625 3276 2693 3346 τῇ
2742 3277 2847 3328 τεῦν
2891 3273 3265 3347 πεποιημένων
3322 3275 3533 3343 ποιήσει
3563 3274 3774 3353 πρῶτον
3803 3275 3883 3329 καὶ

503 3383 569 3424 ac
603 3354 771 3425 firma
802 3383 953 3438 esse,
990 3354 1266 3446 nullaque
1295 3365 1574 3443 indigere
1606 3365 2158 3428 demonstratione?

2244 3357 2468 3437 ἀρχικὸν
2498 3366 2587 3416 τοῦ
2630 3362 2833 3439 Πατρὶς
2866 3360 3003 3416 ἐστιν
3034 3364 3062 3417 ὁ
3094 3362 3508 3441 ἀπαρνούμενος.
3559 3354 3715 3440 Ὀρᾷς
3745 3361 3881 3425 ὅπως

507 3452 832 3515 Considera
890 3453 1011 3529 illa,
1073 3463 1246 3534 atque
1291 3472 1363 3515 ex
1412 3454 1529 3514 illis
1561 3462 1718 3514 certa
1745 3472 1813 3513 ac
1846 3460 2151 3513 constante

2242 3449 2312 3511 τὰ
2380 3447 2792 3526 ἆπηριθμημὲνα
2863 3451 3031 3506 πάντα
3109 3457 3211 3506 τῶν
3266 3449 3701 3534 ὡμολογημένων
3770 3453 3876 3529 εἶσὶ³

508 3540 958 3601 confirmatione
998 3524 1276 3615 'vide'bis,
1331 3542 1490 3602 nullo
1537 3539 1713 3601 modo
1764 3559 1798 3601 a
1856 3539 2154 3619 theologia

2242 3538 2323 3594 καὶ
2380 3535 2624 3611 οὐδεμιᾶς
2708 3537 2970 3614 δεομένω-ι
3025 3540 3121 3608 τῆς
3173 3538 3483 3605 ἆποδεέξεως
3519 3559 3534 3619 ;
3567 3524 3700 3619 "Op:
3729 3547 3881 3597 ταῦτα

509 3628 941 3709 discordare,in
961 3647 1136 3691 causa
1163 3628 1419 3709 Spiritus
1442 3629 1722 3690 unionem
1758 3629 1947 3690 Patris
1980 3627 2155 3689 simul

2242 3628 2324 3681 καὶ
2395 3624 2446 3689 ἐξ
2480 3629 2650 3683 αὐτῶν
2702 3630 2955 3706 κραταιὰν
3020 3627 3303 3704 λαμϐάνων
3359 3629 3459 3695 τὴν
3515 3629 3769 3685 πίστωσιν
3802 3633 3882 3684 τοῦ

507 3726 563 3777 et
593 3716 725 3779 Filii
760 3717 1087 3797 praedicari,
1114 3727 1169 3778 et
1192 3717 1457 3797 primarii
1493 3725 1549 3777 et
1574 3717 1917 3797 principalis
1939 3716 2158 3776 discri-

2242 3712 2405 3789 μηδὲν
2450 3720 2518 3789 τῇ
2571 3714 2813 3793 θεολογίᾳ
2865 3718 3005 3775 εἶναι
3062 3717 3284 3796 ἀπᾷδον,
3345 3719 3433 3773 καὶ
3462 3717 3557 3784 την
3590 3716 3679 3772 ἐπὶ
3707 3723 3772 3793 τῇ
3802 3717 3880 3771 αἰο-

514 3824 646 3867 men
684 3809 837 3870 Patri
871 3805 1093 3886 absque
1126 3825 1327 3868 errore
1360 3806 1623 3869 attribui.

2244 3804 2327 3874 τίᾳ
2379 3808 2469 3858 τοῦ
2514 3804 2815 3879 Πνεύματος
2887 3805 3111 3873 ἑνότητα
3170 3814 3260 3863 τοῦ
3316 3807 3519 3885 Πατρὸς
3575 3803 3685 3880 ἅμα
3715 3826 3879 3869 κατη-

2245 3890 2441 3970 γορεῖν
2492 3893 2579 3947 καὶ
2637 3897 2776 3968 Υἱοῦ,
2823 3896 2910 3950 καὶ
2961 3897 3058 3963 τὴν
3114 3906 3206 3954 τοῦ
3261 3895 3468 3974 πρώτου
3525 3895 3615 3951 καὶ
3669 3894 3882 3973 ἀρχικοῦ

2240 3978 2485 4065 διαφορὰν
2516 3981 2728 4038 ἐνοῦσαν
2772 3990 2849 4056 τῷ
2878 3986 3037 4062 Πατρὶ
3068 3997 3281 4065 φρονεῖν
3322 3982 3596 4064 ἀσφαλῶς,

584 4074 643 4137 6.
704 4071 772 4133 Et
828 4073 946 4135 huc
999 4091 1187 4154 usque
1239 4080 1351 4135 tuae
1405 4071 1766 4152 interrogati:
1794 4073 1884 4134 nis
1920 4071 2157 4134 dubita-

2319 4062 2421 4144 ς’.
2470 4077 2643 4149 Μεχρι
2701 4069 2849 4128 τοῦδε
2908 4062 3123 4139 καὶ
3165 4073 3262 4140 τῆς
3300 4062 3539 4149 δευτέρας
3584 4071 3877 4147 ἐρωτήσεῳς

506 4161 804 4243 tionisque
862 4162 1219 4223 solutionem
1283 4162 1618 4244 pertingere
1651 4181 1892 4242 prorsus
1920 4161 2156 4236 discito,

2244 4162 2331 4216 καὶ
2374 4160 2592 4239 ἀπορίας
2661 4181 2743 4216 σοι
2799 4159 2942 4216 λύσιν
3004 4161 3411 4239 περιισταμένην
3467 4162 3695 4235 μάνθανε
3736 4159 3877 4236 ἀκρι-

505 4261 559 4312 et
593 4252 879 4327 rationes,
931 4250 1150 4332 quibus
1200 4251 1362 4314 ducti
1418 4252 1679 4329 theologi
1716 4250 1935 4311 similia
1963 4269 2158 4312 enun-

2246 4245 2380 4326 ϐὡς,
2427 4246 2561 4324 μηδὲ
2620 4249 2737 4311 τοὺς
2792 4247 2977 4325 λόγους
3032 4251 3147 4306 καθ’
3195 4252 3283 4314 οὒς
3334 4252 3384 4305 αἱ
3429 4248 3699 4328 εἰρημέναι
3753 4251 3875 4320 ὁμο-

508 4341 643 4401 tiata
701 4340 1034 4402 decernunt
1092 4361 1106 4401 :
1172 4360 1427 4422 namque
1480 4340 1554 4401 de
1610 4340 1701 4401 his
1756 4338 1960 4413 etiam,
2023 4338 2157 4399 licet

2249 4335 2421 4415 λογίαι
2475 4351 2592 4401 τοῖς
2647 4336 2913 4415 θεολόγοις
2956 4337 3323 4417 πρεσϐεύονται
3359 4358 3373 4374 θ
3418 4341 3639 4416 ἐροῦμεν
3670 4338 3764 4414 γὰρ
3806 4334 3881 4389 καὶ

507 4447 622 4489 non
655 4428 1023 4510 interrogati,
1070 4429 1364 4511 dicemus,
1400 4446 1475 4490 ne
1515 4438 1574 4489 te
1605 4428 1848 4505 fugiant.
1888 4427 2153 4506 Namque

2244 4428 2359 4497 περὶ
2389 4427 2612 4500 τούτων⁹
2674 4427 2762 4482 καὶ
2807 4425 2973 4502 μηδὲν
3002 4427 3358 4505 ἐρωτώμενοι,
3386 4428 3614 4505 ἀγνοῶν.
3648 4427 3762 4483 Ὅτι
3792 4424 3879 4497 μξν

504 4517 791 4580 Dominus
846 4517 906 4579 in
966 4517 1298 4596 Evangeliis
1350 4538 1507 4579 nunc
1539 4518 1778 4599 quidem
1814 4517 1886 4578 ad
1918 4516 2155 4580 Judzeos

2242 4515 2334 4593 γὰρ
2375 4517 2431 4569 ἒν
2491 4514 2828 4591 Εὑαγγελίοις
2889 4518 2915 4571 6
2963 4518 3145 4595 Κύριος
3198 4524 3284 4572 νῦν
3316 4516 3413 4592 μῖν
3446 4518 3574 4594 πρὶς
3604 4515 3719 4576 τοὺς
3748 4511 3874 4569 ’1.υ·

505 4614 862 4669 convertens
926 4593 1255 4671 orationem
1307 4628 1320 4667 :
1380 4633 1405 4664 α
1442 4593 1958 4680 Quemadmodum
1984 4604 2157 4665 Pater

2242 4602 2431 4683 δαίους³
2497 4625 2518 4658 ε
2563 4593 2782 4683 "Quae?
2827 4607 2853 4661 6
2910 4593 3092 4684 Πατηρ
3131 4606 3319 4683 ἐγείρει
3377 4607 3493 4666 τοὺς
3524 4604 3754 4681 νεκροὺς,
3800 4598 3911 4654 ut.

507 4697 827 4759 exsuscitat
848 4707 1135 4763 mortuos.
1170 4705 1228 4759 et
1256 4696 1531 4770 viviﬁcat,
1563 4696 1650 4757 sic
1678 4704 1736 4757 et
1764 4694 1972 4770 Filius,
2003 4711 2156 4775 quos

2242 4700 2495 4762 ζωοποιεῖ
2507 4739 2521 4771 ,
2554 4691 2742 4765 οὕτως,
2796 4714 2813 4744 ν
2856 4692 2979 4774 ἔφη,
3019 4717 3045 4746 α
3082 4696 3167 4748 καὶ
3198 4697 3225 4750 6
3258 4696 3396 4764 Υἱὸς,
3461 4693 3549 4756 οὕς
3581 4690 3717 4748 Οέλει
3744 4698 3872 4761 ζωο-

502 4786 907 4867 vult,viviticat
929 4785 1013 4858 2‘,
1040 4810 1067 4841 ι»
1096 4784 1265 4848 dixit.
1295 4784 1442 4848 [tem
1470 4785 1544 4846 ad
1574 4784 1814 4846 eosdem
1843 4805 1856 4842 :
1887 4804 1908 4839 ιι
1941 4782 2160 4855 Quem-

507 4874 823 4936 admodum
889 4874 1060 4937 Pa-ter
1110 4876 1287 4936 vitam
1320 4874 1499 4936 habet
1539 4873 1599 4934 in
1624 4872 1847 4953 seipse,
1883 4872 1962 4932 ita
1992 4869 2160 4933 dedit

510 4973 569 5025 et
597 4963 743 5026 Filio
773 4963 946 5025 vitam
976 4964 1199 5026 habere
1244 4965 1302 5025 in
1341 4982 1537 5044 seipse
1565 4964 1644 5020 εδ.
1679 4984 1706 5022 δ
1748 4962 2159 5041 Praetereaque

505 5052 576 5112 ad
602 5053 842 5112 eosdem
873 5072 886 5112 :
925 5077 951 5107 α
984 5052 1103 5131 Ego
1131 5061 1188 5113 et
1207 5055 1379 5115 l’ater
1409 5071 1589 5113 unum
1619 5049 1898 5113 sumus”
1923 5072 1973 5109 ς»
2001 5066 2160 5112 nunc

506 5142 575 5201 ad
635 5139 961 5220 discipulos
997 5160 1009 5203 :
1078 5165 1103 5196 α
1138 5141 1517 5222 Quaecunque
1576 5139 1752 5201 habet
1797 5141 1995 5213 Pater,
2026 5156 2160 5199 mea

508 5236 647 5290 sunt
668 5228 725 5276 97
760 5247 773 5290 :
802 5252 830 5287 ι
862 5246 1021 5291 nunc
1043 5230 1110 5289 ad
1133 5229 1327 5309 ipsum
1352 5233 1582 5292 Patrem
1613 5250 1626 5288 :
1659 5230 1821 5291 «Mea
1843 5227 2160 5289 omniatua

507 5326 664 5386 sunt,
700 5328 757 5378 et
811 5326 911 5379 tua
958 5336 1088 5377 mea
1118 5317 1197 5379 28.
1238 5346 1263 5375 ιο
1299 5319 1649 5397 Quicunque
1682 5318 1776 5398 pie
1827 5316 2159 5394 theologica

509 5414 760 5468 tractare
797 5407 1062 5486 cupiunt,
1110 5406 1170 5468 in
1202 5408 1444 5484 deitate,
1481 5416 1539 5468 et
1568 5407 1899 5483 dominatu,
1934 5417 1992 5468 et
2024 5424 2154 5466 om-

585 5574 645 5623 “
669 5576 841 5637 Joan.
873 5594 930 5646 v,
970 5578 1070 5635 2t.
1156 5574 1219 5626 25
1248 5576 1395 5638 ibid.
1429 5576 1529 5641 26.

2240 4794 2475 4838 ποιεῖ.»
2543 4783 2641 4840 Καὶ
2698 4781 2857 4839 πάλιν
2898 4772 3040 4860 πρὸς
3095 4784 3213 4847 τοὺς
3270 4783 3453 4846 αὐτο-ἐς
3492 4799 3503 4810 ·
3560 4804 3582 4833 ι
3621 4772 3875 4857 ”ι.σπερὸ

2241 4872 2444 4945 Πατὴρ,
2495 4875 2638 4944 εἶπε,
2685 4870 2829 4940 ζωὰν
2900 4869 3015 4950 ἔχει
3074 4870 3129 4925 ὲν
3187 4873 3374 4943 ἑαυτῷ.
3426 4873 3588 4936 ιῦτως
3620 4869 3772 4926 Eam/.3
3797 4866 3879 4922 κιῖ

2242 4966 2317 5033 τῷ
2348 4961 2451 5032 Ῡῖᾦ
2498 4959 2641 5029 ζωὴν
2696 4959 2842 5038 ἔχειν
2886 4963 2938 5014 ἓν
2983 4960 3172 5033 ἑαυτῷ.
3239 4983 3262 5013 ι
3330 4961 3425 5017 Καὶ
3476 4959 3552 5015 ἔτι
3612 4959 3736 5034 πρὸς
3766 4956 3891 5013 τοὺς·

2244 5048 2431 5110 αὐτούς
2465 5063 2477 5077 ⁸
2523 5071 2547 5101 α
2583 5048 2727 5124 Ἐγὼ
2757 5050 2841 5103 καὶ
2872 5050 2899 5103 6
2932 5049 3112 5126 Πατὴρ
3146 5048 3199 5103 ἔν
3234 5048 3390 5122 ἐσμεν
3430 5069 3442 5083 ’
3474 5072 3496 5103 η
3547 5048 3748 5124 εἷ’ρηκε.
3785 5050 3872 5100 Νῦν

2248 5137 2289 5158 ,η
2401 5139 2411 5150 .
2551 5137 2563 5153 .
2828 5138 2839 5153 .
3078 5140 3089 5157 ,
3222 5136 3247 5157 ρ,
3364 5137 3383 5154 ,.
3530 5140 3541 5157 ,
3698 5136 3708 5149 .
3860 5130 3870 5147 ρ

2242 5159 2297 5194 οε
2326 5159 2457 5216 προς
2487 5159 2607 5200 τους
2641 5140 2908 5211 μαθητας,
2948 5160 2966 5190 ι
3016 5145 3191 5193 "avra
3220 5159 3318 5194 οσα
3365 5159 3480 5216 εχει
3523 5160 3550 5192 0
3581 5143 3755 5211 Πατηρ
3782 5131 3874 5203 ὲμα

2243 5226 2402 5283 ἐστιν.
2447 5249 2467 5279 ι
2508 5235 2608 5283 Νῦν
2659 5222 2715 5281 δὲ
2759 5228 2888 5303 πρὸς
2944 5227 3102 5295 αὐτόν
3159 5226 3250 5283 τόν
3309 5226 3538 5305 Πατέρα,
3574 5246 3598 5278 ι
3646 5224 3717 5283 Τὰ
3783 5217 3874 5292 ἐμά

2241 5337 2411 5371 πλντα
2469 5314 2534 5371 σά
2578 5313 2739 5383 ἐστιν,
2776 5316 2864 5370 καὶ
2892 5316 2957 5370 τὰ
2994 5316 3057 5372 σὰ
3092 5314 3213 5390 ἐμά.
3250 5334 3270 5363 I
3314 5321 3488 5369 [Ιᾶσαν
3535 5317 3579 5370 οἱ
3620 5310 3871 5386 θεολογετν

2241 5403 2549 5481 βουλόμενοι
2608 5400 2830 5467 εὐσεϐῶς
2885 5410 2985 5472 τήν
3043 5403 3129 5460 ἐπὶ
3192 5404 3399 5469 θεότητί
3454 5424 3511 5458 τε
3568 5402 3653 5457 καὶ
3706 5395 3871 5474 κυριό-

1614 5575 1877 5639 9610an.
1913 5592 1972 5638 ι.
2010 5574 2088 5639 30
2169 5574 2579 5645 97Joan.xv1,
2619 5574 2710 5632 l5.
2797 5570 2860 5621 28
2887 5572 3057 5635 Joan.
3088 5588 3236 5648 xv.l,
3271 5572 3349 5634 lO
