4178 6286
286 308 396 373 381
1440 311 1542 373 AD
1583 305 2186 375 CONSTANTINUM
2233 308 2373 373 LIB.
2423 309 2528 375 III.
3548 313 3665 379 382

288 466 430 523 τητι,
478 443 566 499 καὶ
595 449 725 500 πᾶσι
781 445 899 508 τότς
942 442 1121 507 ἄλλοις
1154 443 1379 510 ἑνότητα
1426 449 1510 499 τοῦ
1552 444 1752 511 Πατρὸς
1798 446 1924 519 ὁμο-

2022 441 2201 504 nibus
2229 443 2363 505 aliis
2384 445 2666 508 unionem
2702 446 2892 509 Patris
2922 455 2981 509 et
3024 446 3161 511 Filii
3191 449 3572 524 conﬁtentur,
3607 456 3668 513 et

294 532 502 610 λογοῠσι
532 533 619 588 καὶ
661 540 753 591 τοῦ
781 532 924 612 Υἷοῦ,
976 534 1064 589 καὶ
1119 531 1248 610 πρός
1303 532 1402 598 τὴν
1458 530 1739 609 ὁμολογίαν
1809 533 1924 588 ταύ-

2025 532 2205 595 simili
2237 534 2787 598 confessionicertw
2815 549 2993 618 atque
3024 536 3454 612 indubitatam
3485 556 3662 599 evan-

290 643 387 688 την
430 617 644 697 βεϐαίαν
710 619 939 700 ἔχουσαν
996 622 1132 678 οὕτω
1190 619 1251 675 ἐκ
1303 621 1408 677 τῶν
1455 622 1789 697 Εὖαγγελίων
1846 622 1924 688 τὴε

2024 622 2311 700 geliorum
2362 623 2702 687 testimonio
2752 625 3149 707 comprobalaa
3199 645 3372 688 nemo
3422 644 3667 707 prorsus

295 713 537 767 σύστασιν
596 711 626 766 ὁ
667 699 954 775 ἀντιλέξων
996 709 1134 766 ἐστὶν
1206 707 1389 773 οὖδείς.
1442 699 1572 766 υΟτι
1602 706 1657 764 δὲ
1688 712 1715 765 ὁ
1761 711 1924 787 Πατὴρ

2024 711 2472 776 contradixerit.
2533 712 2826 785 Quoniam
2876 699 3012 775 vero
3065 713 3237 775 Pater
3263 699 3661 776 solus'horum

293 799 447 873 μόνος
516 798 578 854 τό
635 797 848 854 πάντων
904 797 1102 854 τούτων
1156 796 1389 877 ἄναρχόν
1432 797 1574 854 ἐστιν
1628 795 1823 868 αἴτιον,
1854 821 1920 854 κα

2025 799 2287 860 omnium
2320 800 2541 882 absque
2573 802 2863 882 principio
2890 822 3066 864 causa
3088 811 3266 876 est,et
3292 802 3393 865 ille
3422 802 3661 884 quidem

296 887 444 951 αὒτὸς
507 886 603 959 μὲν
656 887 717 944 ἐκ
762 908 904 950 τινος
934 884 1111 963 ἑτέρου
1166 887 1364 943 τούτων
1394 884 1508 966 ἔχει
1567 884 1733 960 οὐδὲν,
1797 890 1825 944 ὁ
1880 886 1935 943 δὲ

296 976 409 1040 Υἱὸς
468 974 642 1031 πάντα
684 964 847 1031 ταῦτα
886 977 946 1030 Ex
1008 982 1100 1031 τοῦ
1156 976 1384 1055 Πατρὸς,
1425 964 1527 1030 διὰ
1583 977 1737 1032 τοῦτο
1778 975 1936 1032 πάλιν

294 1069 393 1120 τῶν
445 1063 546 1130 τὴν
588 1064 748 1143 ὀρθὴν
806 1060 1195 1142 πρεσϐευόντων
1250 1062 1520 1142 θεολογίαν
1553 1064 1692 1120 ἐστιν
1749 1063 1932 1138 οὒδεὶς,

290 1153 344 1215 ’ὁς
384 1153 482 1219 τὴν
550 1150 636 1209 ἐπὶ
694 1158 823 1209 πᾶσι
876 1153 1083 1217 τούτοις
1111 1153 1246 1210 κατὰ
1274 1153 1335 1209 τὸ
1380 1154 1584 1229 πρῶτον
1640 1154 1726 1208 καὶ
1771 1155 1878 1233 ἀρχ
1885 1178 1937 1208 ι-

293 1242 380 1297 κόν
421 1239 668 1321 διαφορὰν
725 1244 830 1321 οὐχ
885 1239 1124 1319 ὁμολογῇ
1168 1249 1259 1298 τοῦ
1305 1244 1529 1319 Πατρὸς.
1592 1233 1713 1299 Ἵνα
1757 1245 1832 1318 μὴ
1889 1243 1940 1298 τί

2019 906 2087 948 ex
2119 887 2235 949 alio
2266 891 2613 952 eorumdem
2647 892 2795 952 nihil
2850 892 3049 966 habet,
3086 891 3271 953 Filius
3293 910 3431 953 vero
3462 892 3663 954 omnia

2020 982 2145 1038 haec
2168 996 2236 1038 ex
2270 980 2470 1051 Patre,
2503 989 2819 1061 propterea
2848 999 3056 1043 rursus
3085 1001 3155 1044 ex
3188 982 3282 1043 iis.
3304 981 3407 1062 qui
3435 990 3658 1043 rectam

2020 1066 2376 1147 theologiam
2414 1077 2634 1130 tenent.
2672 1070 2869 1130 nullus
2926 1071 3089 1131 hisce
3134 1072 3196 1132 in
3226 1070 3503 1132 omnibus
3535 1070 3660 1150 pri-

2023 1154 2191 1215 marii
2212 1174 2280 1217 ac
2304 1157 2645 1237 principalis
2665 1158 2987 1219 discrimen
3012 1160 3168 1221 Patri
3192 1158 3655 1237 denegat.Quam

2020 1242 2095 1304 ob
2125 1244 2403 1309 causam?
2433 1244 2518 1308 Ne
2568 1264 2775 1308 rursus
2807 1244 3140 1308 Sabelliana
3182 1247 3447 1309 confusio
3478 1247 3658 1308 conﬁ-

299 1333 559 1413 γένηταις
638 1321 762 1389 Ἵνα
841 1333 918 1406 μὴ
1016 1331 1304 1411 παρῤησίαν
1375 1330 1474 1398 ἔξει
1532 1335 1619 1391 καὶ
1672 1333 1832 1391 πάλιν
1899 1337 1924 1401 ἦ

2016 1332 2228 1394 denter
2252 1334 2568 1415 divulgata,
2599 1335 2842 1415 irrepat.
2868 1333 3133 1415 Namque
3157 1334 3522 1397 discriminis
3552 1336 3657 1397 hu-

298 1418 607 1484 Σαϐέλλειος
677 1421 955 1499 σύγχυσις,
1032 1421 1102 1478 Τό
1150 1420 1250 1501 γὰρ
1309 1421 1408 1488 τὴν
1464 1424 1709 1490 τοιαύτην
1753 1424 1924 1502 ἀπαρ-

2008 1421 2108 1500 jus
2133 1423 2388 1503 negatio,
2423 1424 2561 1485 dum
2603 1422 2793 1484 unitas
2815 1424 3121 1495 asseritur,
3155 1442 3322 1503 aeque
3352 1430 3527 1504 atque
3558 1422 3662 1486 Sa-

297 1513 487 1566 νεῖσθαι
590 1506 861 1589 διαφορὰν,
958 1514 1056 1576 τῆς
1142 1509 1390 1576 ξηρότητος
1474 1510 1924 1592 δμολογουμένηςι

2013 1508 2227 1573 bellius
2254 1514 2663 1575 confusionem
2721 1513 2780 1573 in
2824 1511 3176 1574 Trinitatem
3207 1512 3552 1575 introducit.
3588 1512 3660 1573 Et

297 1599 410 1657 ἴσον
450 1603 530 1671 τῷ
586 1595 888 1670 Σαϐελλείῳ
942 1599 1014 1656 εἰς
1080 1599 1179 1664 τὴν
1236 1597 1427 1676 Τριάδα
1483 1604 1759 1680 σύγχυσιν.
1834 1603 1924 1659 Kal

2015 1600 2229 1662 rationi
2251 1602 2429 1663 simili
2472 1621 2647 1662 nemo
2686 1601 3123 1681 repugnaverit,
3156 1602 3204 1660 si
3235 1620 3365 1680 quae
3395 1601 3654 1681 theologi

303 1686 450 1766 λόγος
494 1686 647 1751 οὗτος
692 1685 878 1743 λοιπόν
948 1685 1274 1765 ἀντίῤῥητος,
1333 1690 1420 1746 καὶ
1467 1695 1565 1756 τῆς
1607 1690 1673 1758 ἢν
1726 1689 1810 1747 ἐπὶ
1866 1696 1924 1765 τῇ

2015 1690 2088 1749 de
2112 1692 2374 1772 primani
2406 1703 2466 1753 et
2498 1691 2839 1771 principalis
2860 1690 3210 1752 discrimine
3237 1689 3425 1751 Patris
3440 1690 3652 1752 decer-

297 1778 423 1835 κατὰ
451 1778 509 1832 τὸ
560 1782 765 1855 πρῶτον
796 1778 884 1833 καὶ
928 1776 1154 1855 ἀρχικόν
1197 1775 1415 1857 διαφορᾷ
1442 1788 1536 1837 τοῦ
1576 1780 1776 1858 Πατρὸς
1805 1781 1924 1855 ὁμο-

2015 1788 2182 1851 nunt,
2216 1779 2703 1841 consideraveris
2736 1777 2956 1852 Quodsi
3013 1778 3121 1839 tibi
3150 1778 3309 1840 aliud
3340 1780 3529 1860 placet
3551 1780 3658 1841 du-

298 1868 469 1945 λογίας
546 1870 591 1923 οἱ
646 1864 883 1943 θεολόγοι
948 1861 1339 1943 πρεσϐεύουσιν.
1388 1869 1445 1924 Εἰ
1500 1864 1554 1922 δὲ
1598 1868 1674 1942 μὴ
1710 1870 1798 1924 καὶ
1853 1869 1924 1923 σοῖ

2015 1870 2246 1951 bitanti,
2293 1876 2353 1930 et
2408 1868 2729 1929 contradici
2781 1885 2955 1949 posse
2985 1867 3307 1939 existimas,
3354 1869 3509 1948 quod
3535 1887 3651 1930 non

295 1954 432 2013 δοκεῖ
474 1953 839 2033 ὰναντιῤῥητοι
909 1954 1040 2033 πρός
1109 1960 1262 2010 τοῦτο
1291 1952 1424 2018 ἴσως
1480 1953 1790 2035 διστάζοντι,
1850 1954 1924 2012 διὰ

2012 1959 2223 2021 iisdem
2255 1956 2452 2020 verbis
2482 1958 2800 2023 insinuant,
2840 1973 2893 2017 e:
2930 1954 3196 2036 primarii
3216 1973 3285 2017 ac
3306 1956 3650 2036 principalis

297 2047 351 2101 τό
392 2046 467 2121 μὴ
493 2043 627 2123 πρός
657 2041 796 2108 λέξιν
839 2041 995 2117 οὕτω,
1041 2041 1183 2110 πλὴν
1225 2047 1323 2109 τῆς
1352 2044 1488 2099 κατὰ
1523 2045 1585 2101 τό
1614 2048 1820 2123 πρῶτον
1846 2046 1924 2101 καὶ

2014 2047 2333 2109 discrimen
2367 2048 2570 2109 Patres
2625 2044 2942 2124 excipiant,
3004 2042 3342 2124 ubicunque
3370 2042 3561 2105 Patris
3590 2053 3652 2106 et

300 2135 514 2213 ἀρχικὸν
557 2130 806 2211 διαφορᾶς
863 2132 983 2193 τοὺς
1016 2131 1249 2209 Πατέρας
1280 2131 1576 2212 θεολογεϊν,
1621 2132 1840 2212 ὅποιπερ
1871 2133 1930 2189 ἂν

297 2221 486 2301 Πατρός
532 2220 719 2287 ἰνότης
764 2220 1159 2294 μνημονεύηται
1214 2221 1301 2276 καὶ
1359 2223 1501 2294 Υἷοῦ,
1533 2220 1668 2277 ἀλλὰ
1710 2219 1929 2300 δισταγ-

296 2318 391 2385 μοῦ
436 2310 532 2365 τοῦ
579 2309 708 2387 πρὸς
756 2317 908 2366 τοῦτο
964 2329 1022 2364 σε
1064 2305 1351 2373 ἀπαλλάξει
1408 2315 1552 2365 πᾶσα
1593 2310 1767 2390 γραφὴ
1808 2314 1927 2367 θεο-

296 2399 499 2477 λογικὴ,
562 2396 737 2453 πάντα
808 2397 873 2452 τὰ
964 2402 1040 2470 τῷ
1124 2397 1285 2474 Πατρὶ
1342 2397 1601 2475 προσόντα
1656 2397 1923 2478 εἰληφέναι

293 2489 423 2567 παρὰ
477 2486 682 2563 Πατρὸς
740 2487 828 2541 τὸν
895 2484 1031 2555 Γὶόν,
1118 2486 1206 2541 καὶ
1287 2486 1458 2543 πάντα
1544 2488 1685 2545 εἶναι
1771 2488 1925 2544 αὒτόν

292 2575 382 2632 ὅσα
423 2578 509 2631 καὶ
564 2576 594 2630 6
626 2574 831 2651 Πατὴρ,
876 2575 963 2629 καὶ
1020 2578 1123 2629 πᾶν
1155 2575 1325 2629 ὁτιοῦν
1369 2575 1643 2653 ἱσόμετρον
1701 2578 1778 2651 τῷ
1808 2582 1924 2632 Πα-

292 2666 363 2741 τρὶ
405 2663 571 2743 ἔχειν,
606 2660 734 2741 δίγα
790 2662 950 2737 μόνου
1018 2670 1112 2720 τοῦ
1166 2662 1372 2739 Πατέρα
1422 2663 1563 2720 εἶναι
1621 2666 1775 2721 αὐτὸν
1817 2688 1926 2744 φα-

295 2774 499 2811 σκουσα.
561 2751 713 2807 Ἐπεὶ
781 2751 879 2829 γὰρ
921 2751 983 2806 τὸ
1039 2749 1094 2805 ἐν
1150 2755 1217 2826 τῇ
1244 2749 1420 2829 Τριάδι
1452 2749 1687 2833 ἄναρχον
1724 2756 1757 2821 ἡ
1790 2755 1922 2831 ῥίζα,

292 2845 345 2899 τὸ
391 2846 597 2921 πρῶτον
669 2841 756 2895 καὶ
796 2839 1020 2918 ἀρχικὸν
1081 2842 1108 2896 ὁ
1166 2844 1350 2919 Πατηρ
1392 2840 1503 2897 ἐστι
1554 2849 1715 2898 ταῦτα
1758 2844 1929 2898 πάντα

2016 2136 2145 2200 Filii
2195 2136 2391 2198 unitas
2426 2141 2948 2206 commemoratur,
2996 2140 3401 2193 verumtamen
3432 2131 3505 2193 ab
3536 2132 3653 2194 bae-

2012 2226 2285 2288 sitatione
2302 2223 2483 2285 simili
2499 2223 2716 2302 scripta
2735 2220 2933 2282 omnia
2950 2220 3278 2298 theologica
3292 2219 3644 2295 liberabunt,

2012 2334 2144 2396 quae
2175 2312 2362 2377 Patris
2390 2311 2589 2376 omnia
2614 2310 2810 2372 inesse
2855 2328 2923 2371 ex
2959 2312 3130 2371 Patre
3156 2308 3331 2382 Filio,
3365 2318 3425 2372 et
3451 2309 3651 2372 omnia

2005 2406 2198 2485 ipsum
2226 2421 2382 2476 esse,
2413 2420 2543 2482 quae
2569 2400 2741 2462 Pater
2769 2406 2878 2473 est,
2913 2405 2971 2459 et
2998 2397 3283 2479 quidquid
3316 2405 3425 2470 est,
3457 2415 3650 2478 mqua-

2009 2494 2111 2556 bili
2141 2492 2376 2555 ratione
2407 2508 2539 2552 cum
2573 2491 2746 2551 Patre
2803 2488 3127 2566 possidere,
3162 2488 3569 2548 tantummodo
3599 2487 3652 2548 si

2008 2586 2242 2647 Patrem
2274 2599 2408 2643 esse
2437 2577 2723 2658 excipias,
2759 2576 3079 2638 afﬁrmant.
3112 2578 3260 2637 Cum
3298 2575 3458 2637 enim
3489 2580 3647 2655 quod

2008 2673 2069 2734 in
2121 2669 2409 2733 Trinitale
2466 2676 2556 2729 est
2600 2665 2822 2746 absque
2855 2665 3173 2745 principio,
3201 2664 3393 2739 radix,
3428 2666 3650 2743 prima-

2008 2764 2261 2841 rium,et
2292 2752 2619 2839 principale
2643 2758 2815 2819 Pater
2834 2765 2947 2829 est,
2973 2755 3098 2816 haec
3115 2753 3341 2833 omnia,
3374 2753 3514 2814 dum
3548 2772 3621 2833 pa

2010 2849 2257 2912 ternitas
2284 2844 3099 2920 astruitur,inferuntur,hnnc
3120 2843 3281 2904 nullo
3302 2842 3646 2904 discrimine

295 2932 501 3008 ῥηθεϊσα
571 2927 784 2984 δύναται
836 2930 868 2995 ἡ
927 2927 1217 3007 πατρότης,
1289 2929 1379 2984 καὶ
1448 2927 1632 2985 λοιπὸν
1703 2928 1924 3010 διαφέρει

2012 2937 2248 3012 dicitur,
2274 2935 2473 2999 omnia
2502 2953 2636 2999 esse
2659 2936 2873 2998 Filium
2918 2951 3283 3015 quaecunque
3305 2931 3521 2992 dicitur
3543 2932 3647 2994 Pa-

293 3018 449 3098 οὒδέν,
504 3019 678 3075 πάντα
738 3017 877 3073 εἶναι
936 3015 1108 3094 λέγειν
1138 3018 1230 3073 τὸν
1274 3019 1393 3073 Υἱὸν
1422 3016 1520 3073 ὅσα
1551 3021 1637 3074 καὶ
1666 3021 1694 3075 ὁ
1722 3021 1924 3097 Πατὴρ,

2012 3036 2122 3099 ter.
2158 3033 2402 3106 excepto
2433 3025 2805 3086 solummodo
2836 3042 2972 3085 eum
3008 3025 3505 3093 Patrem,necnon
3523 3020 3649 3099 pri-

294 3091 446 3190 δίχα.
477 3112 642 3185 μόνου
696 3114 785 3164 τοῦ
858 3091 1065 3185 Πατέρα
1120 3107 1265 3163 εἶναι
1315 3108 1498 3186 άῦτόν,
1550 3108 1585 3176 ἢ
1645 3107 1769 3189 δίχα
1838 3091 1924 3165 tori

2014 3116 2262 3177 marium
2296 3091 2351 3177 et
2380 3112 2763 3195 principalem
2796 3130 3030 3173 causam
3064 3129 3197 3172 esse
3247 3107 3346 3171 Sic
3368 3108 3653 3169 nonnulla

296 3209 486 3280 πρῶτον
544 3202 635 3256 καὶ
690 3198 913 3278 ἀρχικόν
970 3195 1143 3254 αἴτιον
1213 3198 1355 3254 εἶναι
1407 3198 1584 3257 αὐτόν.
1634 3202 1691 3256 Εἰ
1747 3198 1802 3254 δὲ
1843 3201 1924 3256 καὶ

2013 3206 2231 3285 scripta
2264 3203 2451 3267 Patris
2507 3202 2882 3283 parilitatom,
2920 3218 3037 3260 una
3090 3208 3335 3278 excepta
3367 3197 3651 3275 gignendi

292 3310 418 3354 τινες
470 3290 575 3345 τῶν
636 3287 849 3367 γραφῶν
902 3293 1001 3353 την
1056 3293 1149 3342 τοῦ
1180 3287 1383 3365 Πατρός
1413 3289 1500 3344 καὶ
1544 3286 1705 3345 αὕτιῖ
1746 3286 1927 3344 διδοῦ-

292 3397 366 3431 σιν
405 3377 624 3443 ἶσότητα
668 3381 745 3449 τῷ
789 3374 893 3447 ὶἽῷ
949 3372 1091 3441 πλὴν
1154 3379 1253 3441 τῆς
1297 3375 1632 3453 ἀγεννησίας,
1689 3378 1775 3432 καὶ
1803 3378 1926 3432 ἓτε-

292 3488 368 3545 ραι
409 3468 469 3521 τὸ
526 3462 655 3522 αὒτὸ
704 3472 946 3520 ποιοῦσαι
990 3461 1134 3530 πλὴν
1184 3471 1274 3520 τοῦ
1330 3470 1537 3542 γεννᾷν,
1583 3466 1617 3533 ἢ
1664 3464 1804 3532 πλὴν
1837 3473 1927 3521 τοῦ

290 3568 452 3611 τεκεθν
481 3575 607 3633 φασι
646 3570 661 3588 ·
706 3553 794 3607 καὶ
828 3553 976 3607 αὗται
1019 3548 1071 3606 δὲ
1103 3549 1186 3607 διὰ
1214 3554 1276 3608 τὸ
1320 3553 1418 3619 τὴν
1476 3554 1780 3632 πατρότητα
1836 3556 1927 3619 τὰς

288 3643 439 3709 λέξεις
492 3643 689 3705 ταύτας
764 3638 975 3713 δηλοῦν,
1036 3642 1097 3695 τὸ
1151 3647 1361 3720 πρῶτον
1418 3642 1507 3697 καὶ
1557 3644 1779 3722 ἀρχικὸν
1836 3650 1927 3699 τοῦ

292 3733 402 3790 ι’ἱοῦ
450 3729 868 3803 διαστέλλουσαι,
942 3732 1019 3803 τῷ
1103 3730 1265 3808 Πατρὶ
1350 3729 1694 3809 ἀπονέμουσι,
1755 3732 1928 3789 Ταῦτά

290 3842 364 3878 σοι
390 3818 650 3884 ἀπόδειξις
690 3818 847 3884 ἱκανὴ
903 3827 995 3875 τοῦ
1062 3818 1182 3879 τοὺς
1243 3817 1478 3895 Πατέρας
1534 3820 1621 3875 καὶ
1663 3820 1761 3886 τὴν
1791 3821 1925 3878 κατὰ

289 3911 344 3966 τὸ
392 3916 595 3989 πρῶτον
669 3908 758 3962 καὶ
808 3906 1034 3986 ἀρχικὶν
1088 3903 1334 3985 διαφορὰν
1408 3907 1499 3963 τοῦ
1568 3906 1771 3986 Παερός
1842 3902 1925 3964 ἐπὶ

290 3998 468 4062 πᾶσαις
495 4010 618 4061 ταῖς
674 4002 769 4052 τοῦ
799 4000 1027 4073 Πατρός,
1081 3996 1168 4050 καὶ
1214 3996 1334 4051 Υἱοῡ
1365 3996 1605 4063 ἐνότησιν
1647 3996 1922 4075 ὁμολόγως

289 4085 566 4166 θεολογεϊν.

360 4164 570 4245 ζ’ξΚαὶ
600 4175 664 4229 σὺ
720 4170 907 4228 λοιπόν
936 4169 1038 4238 ἤδη
1068 4173 1154 4228 καὶ
1210 4172 1304 4234 τὰς
1349 4171 1657 4252 ὁμολογίας,
1691 4176 1778 4230 καὶ
1804 4176 1924 4238 τοὺς

2011 3295 2261 3367 ratione,
2298 3292 2447 3355 Fileo
2500 3291 2787 3361 tribuunt,
2851 3298 2909 3350 et
2936 3290 3048 3350 alia
3076 3287 3133 3348 id
3180 3288 3337 3348 idem
3370 3303 3649 3360 compro-

2012 3386 2173 3458 bant,
2202 3402 2335 3444 cum
2366 3380 2589 3461 absque
2618 3399 2688 3441 eo
2720 3378 2874 3460 quod
2906 3376 3231 3456 gignat,vel
3252 3384 3516 3455 generet.
3549 3373 3646 3436 in-

2009 3474 2268 3546 sinuent,
2302 3470 2457 3552 quod
2494 3473 2813 3549 paternitas
2855 3466 3150 3528 dictiones
3174 3463 3403 3525 similes
3428 3482 3648 3524 cunno-

2009 3571 2108 3624 tat.
2164 3560 2510 3641 primarium
2559 3578 2626 3619 ac
2685 3557 3009 3639 principale
3066 3574 3096 3615 a
3132 3553 3279 3616 Filio
3337 3553 3649 3614 dementes

2010 3651 2168 3713 Patri
2200 3649 2555 3712 concedunt.
2590 3649 2666 3710 Et
2719 3648 2842 3708 haec
2884 3644 2988 3705 tibi
3019 3643 3251 3705 abunde
3282 3642 3647 3704 demonstra-

2010 3741 2160 3802 bunt
2179 3743 2399 3810 Patres,
2428 3737 2771 3819 primarium
2796 3745 2854 3796 et
2877 3733 3203 3814 principale
3224 3732 3546 3793 discrimen
3573 3733 3649 3793 de

2010 3833 2184 3894 Patre
2212 3830 2272 3891 in
2303 3828 2578 3890 omnibus
2603 3826 2794 3890 Patris
2821 3834 2879 3888 et
2910 3825 3037 3886 Filii
3060 3822 3392 3886 unitatibus
3407 3840 3524 3883 uno
3544 3839 3649 3884 ore

2008 3920 2346 3982 decantare.

2092 4178 2146 4238 7.
2183 4176 2254 4238 Et
2300 4186 2360 4239 tu
2410 4177 2672 4256 interim,
2722 4194 2853 4237 cum
2880 4175 3003 4254 jam
3039 4181 3098 4235 et
3126 4170 3552 4245 confessiones,
3588 4179 3649 4232 et

290 4268 385 4319 τῶν
425 4263 721 4342 ὁμολογιῶν
786 4259 1012 4341 ἀκριϐῶς
1063 4262 1242 4337 μαθών
1298 4261 1510 4343 λόγους,
1573 4265 1783 4343 προσέτι
1839 4259 1924 4321 καὶ

2010 4265 2445 4329 confessionum
2470 4265 2729 4327 rationes
2742 4260 3447 4344 perfectedidiceris,tum
3466 4260 3643 4320 etiam

289 4353 371 4410 τόν
412 4353 527 4411 κατ’
582 4353 818 4410 ἐπίνοιαν
880 4353 1134 4430 μερισμὸν
1191 4357 1297 4408 τῶν
1354 4352 1639 4428 ἔνοτήτων,
1705 4356 1793 4410 καὶ
1822 4361 1924 4410 τῶν

2011 4374 2143 4435 quae
2197 4355 2521 4416 secundum
2583 4354 2948 4415 intellectum
3003 4357 3094 4412 est
3122 4350 3433 4418 unionum,
3470 4347 3646 4410 ctdi-

289 4438 550 4521 διαφορῶν,
598 4438 922 4519 πρεσϐεύειν,
983 4438 1219 4521 προσέχε
1302 4439 1578 4505 ὰσπαλῶς.
1642 4444 1755 4521 Χρὴ
1825 4445 1923 4522 γὰρ

2008 4444 2353 4507 scriminum
2406 4443 2803 4523 partitionem,
2856 4440 3079 4517 absque
3108 4457 3312 4500 errore
3337 4437 3518 4499 rebus
3548 4454 3643 4497 as-

290 4550 339 4584 τε
391 4530 749 4610 ὁμολογοῦντα
781 4529 911 4584 Θεὸν
955 4527 1066 4598 ἕνα,
1128 4531 1215 4586 καὶ
1274 4530 1459 4608 Κύριον
1520 4530 1629 4605 ἕνα,
1684 4533 1771 4588 καὶ
1800 4535 1923 4606 μίαν

290 4619 480 4676 πέντων
536 4619 735 4700 ἀρχὴν,
826 4618 911 4674 καί
985 4615 1304 4697 δημιουργὸν
1375 4618 1488 4695 ἕνα³
1548 4622 1635 4676 καὶ
1690 4624 1920 4689 ποιητὴν

434 4707 457 4728 91
571 4708 612 4726 ιςκ
731 4712 752 4722 ν
932 4705 944 4727 Ι
1195 4706 1220 4728 ν
1383 4706 1408 4729 ,ἶ
1727 4710 1736 4725 θ
1903 4713 1917 4733 \

288 4703 391 4786 ἕνα²
435 4731 506 4764 ετι
566 4728 621 4764 οε
663 4729 756 4762 τοι)
816 4712 1116 4778 Πνευματος
1159 4728 1333 4764 αιτιον
1385 4730 1437 4762 εν
1479 4710 1569 4764 τὸν
1600 4715 1804 4789 Πατέρα
1834 4732 1920 4768 και

288 4796 368 4849 τὸν
422 4799 561 4869 ι’ἱὸν,
620 4806 949 4852 συνεπινοεῖν
1007 4794 1105 4868 μὶν
1147 4795 1245 4863 τὴν
1295 4795 1383 4852 ἐπὶ
1424 4797 1617 4862 πάσαις
1649 4811 1769 4863 ταῖς
1800 4797 1921 4854 ἐνό-

289 4903 398 4949 τησι
452 4886 665 4948 ταύταις
723 4884 858 4940 κατὰ
912 4884 974 4939 τὸ
1022 4888 1228 4961 πρῶτον
1271 4886 1359 4941 καὶ
1412 4886 1635 4965 ἀρχικὸν
1676 4884 1921 4966 διαφορὰν

289 4977 372 5027 τοῦ
400 4973 617 5052 Πατρός.
667 4969 815 5029 Οὕτω
862 4968 917 5026 δέ
960 4969 1100 5038 πλὴν
1143 4974 1216 5035 ὡς
1260 4975 1398 5047 μήτε
1439 4974 1536 5040 τὴν
1565 4973 1788 5041 ἑνότητα
1821 4977 1921 5031 ὑπὸ

289 5062 375 5126 τῆς
416 5059 662 5141 διαφορᾶς
708 5058 1056 5141 μεριζομένην
1100 5075 1242 5119 νοεῖν
1275 5081 1292 5097 ⁶
1325 5066 1417 5138 μία
1456 5065 1555 5141 γὰρ
1614 5066 1700 5120 καὶ
1728 5064 1915 5136 ταυτή,

287 5150 364 5203 καὶ
428 5151 703 5227 ἀμέριστος
758 5156 901 5206 πᾶσα
972 5148 1159 5217 ἑνότης
1232 5153 1436 5230 Πατρὸς
1492 5155 1581 5210 καὶ
1636 5154 1778 5224 Υἱοῦ,
1838 5151 1921 5208 διὰ

288 5237 342 5291 τὸ
388 5240 474 5293 τὸν
516 5242 637 5296 Υἱὸν
696 5241 865 5295 πάντα
908 5238 1102 5318 ἔχοντα
1158 5240 1218 5296 ἐκ
1278 5244 1503 5319 Πατρὸς,
1576 5242 1740 5305 οὕτως
1792 5242 1921 5298 αὒτὰ

288 5321 423 5401 ἔχειν
478 5330 549 5391 ὡς
594 5329 751 5390 αὖτὸς
796 5331 824 5383 ὁ
854 5331 1058 5406 Πατὴρ,
1119 5330 1254 5403 μήτε
1304 5330 1402 5398 τὴν
1430 5328 1685 5411 διαφορὰν
1715 5338 1806 5387 τοῦ
1836 5333 1916 5387 ol-

287 5415 413 5470 κείου
454 5415 795 5491 ἐξισταμένην
849 5418 949 5472 ὑπὸ
1005 5422 1100 5484 τῆς
1158 5416 1404 5485 ένὸττιτος
1471 5430 1729 5499 μερισμοῦ
1766 5440 1777 5451 ’
1814 5442 1915 5494 με’

288 5501 427 5576 γίστη
468 5506 566 5584 γὰρ
623 5510 766 5561 πᾶσα
851 5502 1069 5585 διαφορὰ
1152 5509 1350 5586 [ἰατρὸς
1408 5511 1495 5565 καὶ
1553 5512 1674 5565 Υἱοῦ
1716 5507 1799 5563 διὰ
1828 5515 1918 5565 τοῦ

284 5588 438 5646 πάντα
491 5594 554 5648 τὰ
606 5599 699 5650 τοῦ
756 5595 957 5670 Πατρὸς
1004 5592 1347 5670 ἐξιδιούμενον
1376 5598 1468 5653 τὸν
1513 5599 1653 5662 Υἱὸν,
1693 5597 1915 5671 μένοντα

2005 4548 2246 4593 sensum
2280 4532 2546 4611 praebere
2574 4550 2650 4592 ne
2675 4547 2941 4609 respuas.
2978 4528 3244 4608 Namque
3285 4526 3554 4595 addecet,
3582 4533 3647 4587 ut

2004 4620 2144 4681 dum
2172 4621 2475 4683 conﬁteris
2503 4620 2687 4682 Deum
2715 4628 2989 4691 unum,et
3015 4617 3330 4680 Dominum
3357 4633 3562 4687 unum,
3588 4623 3647 4676 et

2002 4728 2184 4769 unum
2219 4712 2485 4771 omnium
2531 4708 2910 4790 principium,
2956 4716 3014 4768 et
3041 4706 3313 4787 opiﬁcem
3348 4722 3552 4776 unum,
3588 4714 3646 4765 et

2005 4811 2334 4859 creatorem
2398 4817 2606 4870 unum,
2665 4805 3069 4878 praetereaque
3127 4794 3380 4875 Spiritus
3408 4809 3641 4854 causam

2006 4904 2182 4946 unam
2231 4885 2465 4949 Patrem
2520 4895 2578 4948 et
2609 4886 2846 4967 Filium,
2909 4904 3028 4947 una
3059 4884 3236 4946 simul
3269 4882 3327 4944 in
3366 4881 3644 4944 omnibus

2005 4974 2097 5035 his
2149 4975 2474 5038 unitatibus
2531 4974 2798 5056 primarii
2852 4982 3027 5053 atque
3060 4971 3405 5053 principalis
3435 4970 3644 5032 discri-

2003 5082 2141 5124 men
2169 5063 2358 5126 Patris
2408 5064 2721 5143 intelligas.
2756 5062 2839 5125 Ea
2893 5062 3282 5124 nihilominus
3312 5060 3539 5122 ratione
3570 5079 3646 5123 ne

2002 5154 2287 5216 unitatem
2321 5172 2355 5213 a
2384 5153 2732 5216 discrimine
2774 5152 3023 5213 divisam
3058 5168 3366 5232 agnoscas.
3398 5149 3525 5213 Una
3556 5148 3644 5211 si-

2002 5243 2239 5324 quidem
2275 5251 2365 5303 est
2396 5251 2453 5302 et
2503 5242 2737 5313 eadem,
2764 5250 2822 5303 et
2859 5240 3110 5305 indivisa
3139 5242 3335 5305 omnis
3365 5240 3556 5303 Patris
3588 5248 3646 5301 et

2001 5331 2132 5392 Filii
2192 5330 2355 5395 unio.
2409 5332 2589 5412 quod,
2650 5350 2783 5392 cum
2838 5332 3019 5393 Filius
3061 5332 3259 5393 omnia
3315 5329 3534 5392 habent
3574 5348 3643 5391 ex

2002 5418 2195 5494 Patre,
2229 5422 2314 5481 ita
2339 5420 2440 5481 illa
2469 5420 2788 5500 possideat,
2821 5419 3034 5501 utipse
3058 5424 3252 5497 Pater,
3288 5439 3483 5500 neque
3516 5420 3642 5480 dis-

2002 5508 2229 5569 crimen
2280 5527 2314 5569 a
2371 5509 2609 5589 propria
2653 5508 2892 5571 unionis
2934 5510 3250 5591 partitione
3307 5509 3636 5570 divellatur.

2000 5595 2314 5658 Maximum
2348 5596 2643 5679 siquidem
2671 5607 2761 5660 est
2800 5617 2977 5661 omne
3006 5598 3332 5662 discrimen
3366 5598 3553 5661 Patris
3584 5604 3642 5659 et
