4178 6286
287 385 403 452 385

1453 385 1552 448 All
1593 381 2197 448 CONSTANTINUM
2243 379 2388 441 LIB.
2439 378 2542 440 III.

3572 363 3688 429 386

299 519 550 587 ἀληθείας
610 518 757 575 οὐδέν
820 542 869 575 τι
921 521 1126 598 γένοιτο
1183 517 1560 595 εὐπορώτερον,
1608 515 1814 596 Ἐρώτα
1873 518 1960 572 06v

2049 511 2148 572 libi
2182 528 2468 590 responsa
2497 515 2699 570 nostra
2724 525 2840 569 non
2896 504 3192 598 aderunt._
3231 502 3419 598 donec
3451 499 3692 598 veritate

372 609 387 632 λ
483 607 542 663 »λ
632 623 645 637 ,
689 607 702 628 ν
774 608 785 628 ι
991 610 1005 628 \
1107 606 1141 626 μ
1337 608 1349 622 \
1422 603 1468 636 ἢ),
1561 615 1580 623 ς
1647 605 1684 637 ιι,
1911 608 1922 626 I

303 630 390 665 και
433 630 508 664 πα
549 631 594 662 ιν
681 629 865 686 απορει
922 630 1008 664 και
1049 622 1230 668 παλιν.
1293 615 1362 663 To
1417 623 1470 660 οε
1530 628 1616 664 νυν
1649 629 1776 684 ελον
1808 606 1956 661 ἐπει-

307 718 405 774 περ
479 694 610 752 ἅττα
663 694 959 774 διαπορετς,
998 698 1101 775 οὖχ
1159 698 1231 758 ὡς
1264 699 1463 774 φρονῶν
1493 695 1620 750 αὒτά
1648 696 1734 750 καὶ
1765 692 1954 750 διαπο-

311 797 448 862 ρεϊς,
497 783 633 840 ἀλλά
662 790 764 839 τῶν
822 791 920 852 τῆς
957 783 1202 850 ἀληθείας
1257 784 1785 862 ααταστοχαζόμενος
1829 782 1959 850 ἐπη-

312 879 572 952 ρεαστῶν,
635 872 779 936 ὅπως
837 873 896 929 ἂν
947 872 1030 928 ἐπὶ
1084 879 1210 928 πᾶσι
1268 874 1328 927 τὸ
1387 873 1516 949 πρὸς
1576 871 1956 944 ἐπιστομισμὸν

311 961 482 1017 αὐτὼν
540 960 752 1035 ἕτοιμόν
808 983 888 1017 σοι
946 961 1372 1034 ἀποταμιεύοιτο,
1437 960 1620 1014 καὶτά
1670 959 1957 1037 ἠπορημέ-

308 1072 392 1128 να,
445 1050 534 1105 καὶ
587 1052 637 1104 αἱ
697 1055 800 1104 τῶν
851 1048 1206 1127 ἠπορημένων
1262 1047 1626 1127 διασαφήσεις,
1682 1049 1752 1110 εἰς
1793 1048 1956 1104 τύπον

306 1136 525 1214 ὁδηγίας
582 1159 664 1194 σοι
721 1135 1176 1211 διεκτιθέσθωσαν,
1235 1137 1333 1192 τίνι
1392 1135 1454 1191 ἄν
1483 1133 1566 1191 ἐπ’
1626 1136 1808 1198 αιῦτοῖς
1870 1138 1956 1192 καὶ

309 1226 513 1303 γένοιτό
570 1248 652 1281 σοι
709 1233 785 1300 τῷ
847 1226 1026 1304 τρόπῳ
1099 1227 1448 1299 ἒπιστομίζειν
1492 1225 1698 1299 σύμπαν
1748 1227 1808 1281 τό
1853 1225 1951 1280 ἀν-

308 1314 768 1388 τικαθιστάμενον,
833 1321 1103 1371 Κινοῦνται
1155 1314 1252 1388 μὲν
1301 1313 1400 1390 γὰρ
1442 1314 1528 1368 καὶ
1598 1312 1754 1368 πάλιν
1821 1316 1955 1387 ἡμῖν

312 1405 411 1468 τὴν
454 1403 586 1480 χθὲς
641 1424 741 1457 που
801 1403 889 1457 καὶ
917 1405 1169 1479 πρότριτα
1221 1402 1454 1469 συνήθως
1498 1400 1651 1478 λόγοι
1713 1403 1828 1476 περὶ
1870 1413 1959 1460 τοῦ

319 1489 606 1568 δόγματος.
649 1480 810 1568 ’Ἀγει
866 1489 919 1545 δὲ
963 1492 1093 1564 πρὸς
1143 1492 1361 1564 μνήμην
1405 1493 1432 1546 ὁ
1491 1488 1648 1567 λόγος
1680 1493 1820 1564 ἡμᾶς
1865 1491 1960 1559 τῆς

316 1582 444 1656 πρὸς
506 1585 735 1656 Μαρϊνον
794 1587 884 1636 τοῦ
948 1579 1084 1636 θείου
1144 1578 1376 1652 Μαξίμου
1433 1577 1710 1649 ἐπιστολὴ,
1767 1579 1820 1634 ἐν
1868 1584 1961 1657 ᾗὸ

319 1666 704 1744 μεγαλώνυμος
749 1667 897 1729 οὗτος
972 1669 1153 1744 Πατὴρ
1207 1668 1304 1734 τὴν
1356 1667 1483 1742 ὑπὲρ
1526 1674 1630 1722 τῶν
1692 1661 1961 1742 Ῥωμαίων

318 1755 402 1812 ἐπὶ
458 1761 526 1831 τῇ
583 1755 642 1811 ἐκ
675 1757 874 1833 [ἰατρὸς
918 1757 1002 1812 καὶ
1049 1758 1168 1811 Υἱοῦ
1225 1755 1524 1833 ἐκπορεύσει
1566 1762 1656 1811 του
1713 1759 1958 1831 live-5px-

474 1843 496 1861 ἢ
578 1843 586 1860 Ι
626 1841 649 1861 Ν
877 1841 900 1861 λ
952 1843 971 1862 Ρ
1010 1846 1023 1864 \
1190 1849 1195 1854 ·
1363 1842 1376 1862 1
1403 1853 1415 1864 ς
1519 1847 1538 1858 ν
1681 1845 1693 1862 9
1829 1849 1840 1862 ﬁ
1887 1850 1895 1864 r

317 1867 406 1906 τος
469 1855 788 1924 οειρενοευσιν
872 1861 1094 1916 οιεςιων,
1152 1866 1234 1917 το,
1302 1868 1322 1899 ι
1384 1842 1447 1908 ιιξ
1503 1867 1576 1900 ων
1647 1867 1740 1900 ουκ
1797 1868 1959 1900 αιτιαν

317 1932 410 1988 106
457 1933 757 2007 Πνεῦματος
817 1935 905 1988 τὸν
995 1935 1110 1989 Υἱὸν
1181 1939 1457 1994 ποιοῦντα.
1532 1939 1665 2012 σφᾶς
1748 1934 1960 1996 ἑαυτοὺς

317 2017 609 2088 ἀπέδειξαν,
653 2044 676 2075 ι
737 2020 943 2099 εἴρηκε.
1008 2022 1105 2078 Καὶ
1160 2022 1329 2076 τοίνυν
1384 2018 1468 2076 διὰ
1521 2023 1582 2076 τὸ
1639 2028 1845 2100 πρῶτον
1876 2024 1962 2078 καὶ

319 2109 568 2188 ἀρχικὸν,
601 2108 726 2187 ὅπερ
768 2109 1000 2183 ἀληθῶς,
1037 2110 1184 2184 μόνῳ
1231 2117 1306 2184 τῷ
1358 2112 1516 2189 Πατρῖ
1548 2112 1826 2188 πρόσεστιν
1878 2109 1960 2165 εἵ-

2042 604 2169 680 ipsa
2229 599 2549 680 parabilius
2609 605 2711 658 aut
2772 595 3072 658 liberalius
3121 590 3338 672 aliquid
3393 590 3689 680 quispiam

2041 677 2474 768 excogitaverit.
2512 686 2704 759 Quare
2735 703 2939 746 rursus
2998 679 3562 759 interrogationibus
3591 677 3686 738 in-

2041 788 2149 859 sta,
2185 797 2391 840 rursus
2423 773 2894 838 dubitationibus
2917 770 3518 851 urge.Verumtamen
3553 785 3686 828 cum

2039 867 2099 927 in
2129 867 2439 946 praesentia
2470 885 2598 946 qua}
2629 863 3034 927 controverlis.
3071 880 3188 922 non
3241 860 3322 920 uti
3354 859 3514 919 illius
3543 876 3686 919 sen-

2042 957 2238 1017 tentiae
2269 956 2374 1028 sis,
2404 953 2811 1022 t-onlrovertis,
2850 951 2955 1012 sed
2988 949 3058 1010 ad
3082 947 3343 1010 veritatis
3373 946 3692 1009 calumnia-

2041 1053 2200 1106 tores
2229 1043 2494 1105 animum
2527 1041 2936 1119 intendens,ul
2961 1039 3018 1099 in
3047 1036 3326 1099 omnibus
3356 1043 3690 1117 promptum

2040 1131 2144 1192 tibi
2177 1133 2246 1193 ad
2284 1150 2490 1192 eorum
2533 1148 2640 1191 ora
2687 1128 3051 1190 obstruenda
3073 1144 3359 1197 reserves,
3395 1125 3596 1206 dubia,
3632 1132 3692 1186 et

2038 1221 2466 1282 dubitationum
2484 1214 3693 1298 explicationesquassequidebeas,dige-

2040 1320 2269 1388 rantur,
2306 1309 2522 1390 quibus
2553 1308 2624 1368 ad
2679 1325 2778 1367 ora
2830 1304 3120 1366 frenanda
3153 1322 3285 1365 sese
3310 1303 3490 1364 rebus
3519 1301 3688 1363 simi-

2044 1399 2200 1461 libus
2226 1398 2683 1480 opponentium,
2718 1415 2835 1456 non
2871 1395 3198 1474 imparatus
3218 1391 3692 1472 comprehenda-

2045 1490 2150 1551 ris.
2190 1493 2492 1549 Moventur
2522 1486 2814 1566 siquidem
2841 1482 3188 1561 iterum,qui
3216 1491 3274 1542 et
3307 1482 3454 1560 heri,
3491 1489 3549 1541 et
3579 1500 3688 1542 nu-

2045 1579 2180 1639 dius
2235 1579 2462 1657 tertius,
2501 1576 2582 1638 uti
2641 1579 2881 1642 assolet,
2934 1589 3242 1633 sermones
3273 1571 3348 1630 de
3391 1570 3688 1650 dogmate,

2045 1685 2358 1746 sermoque
2393 1665 2563 1726 nobis
2601 1661 2946 1724 memoriam
2981 1658 3419 1721 rnfricatdivini
3452 1659 3690 1722 Maximi

2044 1754 2114 1812 ad
2153 1755 2438 1816 Marinum
2467 1752 2855 1830 epistt-la,qua
2886 1749 3081 1825 magni
3108 1747 3364 1807 nominis
3392 1747 3565 1809 Pater
3588 1765 3692 1828 pro

2047 1843 2330 1904 Romanis
2363 1844 2436 1902 de
2468 1844 2602 1921 Spir
2631 1851 2722 1900 tus
2751 1859 2819 1899 ex
2857 1842 3028 1900 Patre
3059 1847 3115 1896 et
3145 1837 3289 1898 Filio
3314 1838 3694 1916 processione

2046 1931 2452 1991 defensionem
2480 1927 2997 2001 instituens,illutl,
3019 1945 3119 1986 «ex
3145 1926 3360 2004 quibus
3385 1945 3498 1987 non
3521 1944 3698 1990 causa

2046 2020 2522 2094 Spirituslt‘ilium
2547 2035 2978 2085 asserere,sese
3004 2015 3698 2098 illiostenderunt,cscri-

2048 2107 2262 2186 psit.Et
2287 2109 2408 2168 haec
2431 2126 2565 2168 cum
2593 2126 2698 2167 nos
2717 2112 2955 2183 propter
2979 2104 3509 2185 primariumatque
3533 2107 3694 2187 prin-

323 2201 534 2274 ρῆσθαι,
606 2199 670 2252 τὰ
725 2199 974 2276 εἰρημένα
1017 2206 1094 2273 τῷ
1162 2200 1285 2272 θείῳ
1343 2197 1562 2274 Μαξίμῳ
1605 2198 1964 2277 ἐξηγουμένων

2052 2196 2427 2276 cipale,quod
2457 2215 2589 2257 vere
2618 2195 2728 2256 soli
2761 2193 2914 2254 Patri
2949 2193 3348 2272 inest,dictala
3374 2213 3529 2265 esse,
3562 2215 3694 2278 qua

320 2288 497 2359 ἡμῶν,
558 2287 619 2341 σὺ
676 2285 730 2342 δὲ
788 2289 849 2342 τὸ
905 2293 1010 2342 τῶν
1064 2286 1336 2343 ἀντιδίκων
1401 2287 1590 2352 ὑποδὺς
1660 2289 1964 2367 πρόσωπον,

2050 2305 2225 2365 supra
2258 2286 2562 2346 attulimus
2584 2305 2651 2346 ex
2677 2292 2879 2345 sancto
2909 2282 3183 2355 Maximo,
3202 2282 3688 2362 interpretemur,

323 2373 440 2429 ἀλλ’
485 2373 593 2429 ἔστι
636 2376 726 2430 τὸν
783 2374 1122 2456 βουλόμενον,
1191 2376 1342 2457 ἔφης,
1403 2379 1570 2433 εἰπεῖν
1641 2380 1736 2451 ὡς,
1784 2379 1826 2432 εἰ
1871 2378 1964 2451 μὲν

2053 2382 2110 2433 tu
2163 2375 2635 2436 adversariorum
2697 2389 3012 2450 personam
3059 2371 3334 2446 induens,
3372 2389 3546 2453 posse
3576 2375 3688 2450 ais,

319 2477 434 2528 τοῖς
479 2463 808 2538 αἰτιωμένοις
881 2455 1168 2540 Ῥωμαίους
1254 2467 1368 2544 περὶ
1438 2467 1664 2544 ἀρχικοῦ
1729 2469 1815 2523 καὶ
1884 2467 1961 2541 μὴ

2049 2463 2382 2543 cuicunque
2434 2463 2487 2524 id
2535 2460 2950 2542 complacitum
3011 2459 3207 2534 fuerit,
3259 2480 3589 2541 opponere,
3643 2467 3695 2529 si

318 2552 548 2631 ἀρχικοῦ
592 2554 752 2608 αἰτίου
787 2556 816 2621 ἦ
872 2555 1196 2618 καταιτίασις
1247 2556 1336 2634 ἦν,
1382 2557 1542 2634 εἶχον
1600 2555 1661 2611 ἂν
1691 2559 1742 2612 αἱ
1773 2556 1963 2633 ἐξηγό-

2049 2551 2149 2630 qui
2183 2553 2484 2614 Romanos
2515 2551 2574 2612 in
2610 2551 2836 2610 crimen
2864 2548 3300 2621 vocabant,illis
3319 2551 3393 2612 de
3417 2552 3696 2631 primaria

318 2661 430 2704 σεις
486 2643 545 2696 τὸ
613 2640 956 2720 εὖλογοιρανές
993 2661 1008 2677 ⁸
1071 2643 1183 2700 ἐπεὶ
1251 2643 1305 2699 δὲ
1375 2645 1569 2702 ἐγεῖνοι
1615 2646 1742 2720 πρὸς
1803 2646 1963 2711 αὐτὴν

2050 2650 2107 2700 et
2131 2641 2440 2719 principali
2471 2659 2646 2702 causa
2669 2638 3008 2700 criminatio
3025 2638 3485 2712 fuisset,similes
3508 2661 3690 2723 expo-

317 2729 418 2796 τὴν
500 2728 550 2794 ἐξ
626 2731 745 2787 Υίοῦ
826 2730 1133 2808 εκπόρευσιν
1220 2731 1568 2812 ἀντιλέγουσι,
1627 2734 1800 2800 πάντη
1859 2733 1964 2790 ἐστὶ

2049 2729 2296 2791 sitiones
2327 2730 2567 2790 rationis
2589 2728 2810 2808 aliquid
2844 2726 2900 2786 in
2933 2745 2998 2787 se
3027 2727 3332 2790 continere
3353 2730 3694 2808 judicaren-

319 2817 483 2884 δῆλον
529 2819 657 2893 μήτ’
710 2819 925 2883 ἐκείνοις
972 2822 1108 2895 μήτε
1136 2829 1213 2896 τῷ
1254 2823 1660 2901 ὑπερηγοροῦντι
1716 2824 1821 2878 τῶν
1879 2822 1964 2878 ὑπ’

2052 2827 2194 2878 tur:
2247 2819 2352 2879 sed
2405 2838 2537 2880 cum
2594 2819 2677 2879 illi
2738 2819 2923 2896 ipsam
2975 2833 3042 2876 ex
3073 2813 3221 2876 Filio
3254 2820 3692 2898 processionem

324 2907 550 2962 αἰτίασιν
593 2909 710 2983 περὶ
786 2908 1008 2986 ἀρχικοῦ
1075 2912 1162 2966 καὶ
1245 2911 1340 2985 μὴ,
1402 2913 1516 2990 περὶ
1576 2910 1630 2966 δὲ
1682 2915 1778 2979 τῆς
1834 2909 1964 2976 ὅλως

2053 2917 2371 2986 Oppugent,
2437 2907 2714 2967 omnibus
2762 2905 3136 2965 manifestum
3170 2916 3458 2968 remanet.
3496 2927 3690 2989 neque

324 2996 491 3060 αἰτίας
549 2997 639 3050 τὸν
682 2994 839 3073 λόγον
885 2995 1088 3053 ἅπαντα
1133 3000 1384 3076 γίνεσθαι,

2052 2995 2126 3056 ab
2158 2995 2296 3071 illis,
2331 3015 2521 3075 neque
2577 2994 2650 3056 ab
2707 2995 2863 3067 aliis,
2908 2991 3005 3073 qui
3041 3009 3246 3053 eorum
3281 2995 3690 3058 defensionem

323 3081 676 3162 suScipiunt,
709 3083 784 3145 de
836 3085 1118 3165 primaria
1156 3095 1213 3150 et
1246 3087 1557 3168 principali
1588 3105 1767 3151 causa
1822 3088 2233 3169 quaestionem,
2295 3086 2400 3146 sed
2460 3085 2534 3146 de
2585 3085 2746 3145 totali
2797 3101 2979 3145 causa
3025 3099 3334 3147 sermones
3387 3085 3692 3147 universos

313 3170 568 3250 jactatos
595 3171 796 3237 fuisse.

449 3250 458 3268 ι
603 3269 624 3278 ,,
1034 3257 1048 3278 ‹

407 3261 436 3336 β
463 3302 479 3317 .
528 3271 690 3319 Τουτο
718 3264 752 3330 ἡ
784 3263 995 3342 ἀπορία,
1051 3272 1224 3341 Ημετς
1253 3264 1306 3322 δὲ
1336 3267 1434 3336 τὴν
1463 3266 1631 3347 λύσιν,
1662 3267 1720 3322 ὅν
1752 3266 1961 3345 εἴρηται

2126 3263 2185 3324 2.
2221 3261 2358 3324 Hzec
2390 3262 2756 3325 addubitatio
2789 3271 2895 3326 est.
2929 3263 3049 3326 Nos
3107 3281 3280 3344 porro
3311 3263 3688 3345 solutionem,

320 3349 514 3427 τρόπον
543 3348 782 3428 ὁδηγίας,
816 3352 900 3410 ἐπὶ
929 3361 1007 3426 τῷ
1038 3354 1185 3435 ’ἐχειν
1217 3377 1275 3411 σε
1307 3357 1426 3420 τοὺς
1459 3357 1621 3413 ταῦτα
1649 3365 1962 3436 φρονοῦντας

321 3437 698 3513 ἐπιστομίζειν,
791 3440 1077 3499 διεκθέσθαι
1159 3444 1490 3520 βουλόμενοι,
1552 3444 1687 3502 οὕτω
1741 3446 1804 3513 δὴ
1879 3448 1966 3502 καὶ

323 3523 703 3601 διεκτιοέμεθα.
751 3529 916 3594 Οἶδας
973 3533 1046 3594 ὡς
1101 3534 1238 3596 τινὲς
1307 3535 1404 3608 μὲν
1464 3539 1684 3613 τούτων,
1735 3536 1823 3590 ὑπ’
1866 3535 1963 3610 ἀρ-

325 3621 492 3693 χηγῷ
550 3616 760 3694 Κυπρίῳ
800 3621 1131 3695 ταττόμενοι,
1194 3624 1322 3700 πρὸς
1361 3627 1443 3689 οἷς
1499 3622 1681 3687 ἄλλοις
1711 3626 1846 3680 κατὰ
1876 3630 1966 3678 τοῦ

324 3700 567 3766 εὐσεϐοῦς
621 3727 746 3783 φασι
801 3705 1085 3784 δόγματος,
1146 3713 1232 3766 καὶ
1283 3713 1354 3776 εἰς
1387 3714 1688 3787 ὁμωνυμίαν
1745 3710 1967 3768 διαϐάλ-

325 3791 473 3851 λουσι
530 3793 629 3859 τὴν
658 3793 965 3875 ἐκπόρευσιν
999 3813 1013 3828 ⁶
1072 3799 1211 3863 τινὲς
1269 3798 1323 3856 δὲ
1381 3802 1497 3867 τοῖς
1528 3803 1788 3866 τοιούτοις
1832 3803 1968 3859 καῖὰ

323 3883 385 3937 τὸ
429 3881 490 3936 ἐκ
563 3885 764 3961 [ἰατρὸς
820 3883 1039 3963 διαιρεῖν
1080 3889 1168 3944 τὸν
1237 3891 1355 3944 Υἱὸν
1411 3889 1496 3946 ἐπὶ
1564 3896 1632 3966 τῇ
1686 3892 1824 3962 αἰτίᾳ
1876 3898 1967 3947 τοῦ

324 3970 627 4044 Πνεῦματος
699 3981 1118 4055 συπφωνοῦντες,
1192 3986 1284 4034 τοῦ
1363 3979 1495 4042 τέως
1554 3980 1711 4054 μόνον
1763 3983 1964 4057 εὐγνω-

322 4069 571 4134 μονοῦσιν
631 4061 920 4140 ὁμολογεῖν
991 4067 1086 4133 τὴν
1146 4066 1475 4142 ἐκπόρευσιν,
1531 4071 1720 4147 τρόπον
1750 4075 1846 4136 τῆς
1877 4076 1966 4124 τοῦ

323 4150 626 4223 Πνεύματος
698 4152 964 4230 ὑπάρξεως
1035 4157 1215 4230 μόνον,
1294 4159 1381 4212 καὶ
1463 4156 1622 4214 πλέον
1693 4158 1967 4233 σημαίνειν

326 4237 514 4313 μηδέν.
550 4239 659 4307 Τῆς
688 4241 891 4316 ῥήσεως
948 4250 1070 4320 γοῦν
1128 4247 1228 4301 ὑπὸ
1273 4247 1482 4302 πάντων
1538 4245 1970 4325 ὁμολογουμένης

326 4333 480 4402 κοινῇ
517 4347 530 4362 ο
563 4329 626 4383 τὸ
682 4330 803 4408 γὰρ,
870 4355 896 4385 ιι
945 4330 1030 4397 Ἐξ
1070 4336 1142 4389 ὤν
1201 4335 1295 4390 οὐκ
1337 4336 1500 4392 αἰτίαν
1540 4343 1631 4391 τοῦ
1675 4337 1970 4410 Πνεύματος

327 4417 418 4471 τὸν
458 4417 580 4472 Υἱόν
635 4425 912 4482 ποιοῦντας
969 4427 1100 4500 σφᾶς
1171 4423 1384 4486 ἑαυτοὺς
1440 4422 1733 4498 ἀπέδειξαν,
1783 4447 1810 4479 »
1871 4425 1968 4492 την

330 4509 500 4563 αὑτῶν
555 4506 838 4585 ὑποθέλγον
909 4508 1075 4585 ῥοπὴν
1129 4513 1258 4589 πρὸς
1320 4511 1601 4590 ὁμολογίαν
1661 4512 1799 4569 ἕλκει
1869 4519 1968 4572 αὐ-

329 4595 450 4656 τούς
488 4614 500 4626 ·

326 4680 422 4740 λάς
480 4690 588 4770 τών
646 4683 821 4740 ἄλλων
880 4687 1122 4767 Πατέρων
1165 4688 1458 4770 θεολογίας,
1487 4689 1755 4747 διαϐαλετν
1788 4693 1968 4759 ὠκνη-

327 4793 444 4834 σαν,
529 4763 674 4852 ’Ὅρα
743 4774 888 4838 ὃπως
945 4778 1030 4830 καὶ
1086 4780 1214 4855 πρὸς
1273 4763 1455 4858 ἄμφω,
1487 4778 1842 4858 δωδεγομένῳ
1907 4782 1972 4836 τὰ

332 4861 466 4938 μέρη
550 4870 714 4918 ταῦτα
783 4865 1014 4944 ἰσχυρῶς
1076 4866 1428 4924 ἀποδεικνύειν
1495 4869 1698 4934 ἐξέσται
1751 4892 1856 4944 σοι,
1889 4867 1972 4927 διὰ

333 4953 391 5006 τὸ
447 4959 658 5032 πρῶτον
717 4954 803 5008 καὶ
852 4953 1076 5033 ἀρχικὸν
1134 4954 1306 5012 αἴτιον
1363 4957 1571 5025 ἀληθῶς
1625 4957 1860 5033 Μάξιμον
1892 4960 1970 5014 εἰ-

333 5039 549 5117 ρηκέναι
596 5042 684 5097 τὸν
744 5041 1123 5119 μεγαλώνυμον
1181 5047 1263 5124 τὸ,
1326 5069 1352 5100 α
1417 5045 1504 5112 Ἐξ
1555 5050 1629 5102 ὧν
1672 5051 1766 5105 οὒκ
1808 5048 1972 5103 αἰτίαν

335 5137 424 5185 τοῦ
512 5132 812 5206 Ilva-331.110;
921 5134 1010 5187 τὸν
1060 5135 1177 5189 Υἱὸν
1239 5141 1512 5201 ποιοῦντας
1569 5142 1700 5215 σφᾶς
1760 5136 1972 5199 ἑαυτοὺς

335 5216 629 5283 ἀπέδειξαν,
684 5242 708 5277 e
765 5219 1088 5276 Γινέσθωσάν
1149 5245 1228 5278 σοι
1300 5230 1507 5300 πρῶτον
1562 5226 1609 5279 οἱ
1665 5227 1762 5292 τὴν
1805 5225 1974 5282 ἐκπό-

336 5327 504 5382 ρευσιν
575 5308 977 5385 ὀρθοτομοῦντες
1065 5307 1425 5388 διαλεγόμενοι
1462 5329 1474 5342 ⁸
1536 5319 1970 5392 προτεινετωσαν,

335 5393 461 5473 ὅπερ
509 5398 557 5453 οἱ
615 5397 1013 5473 ὁμωνυμοῦντες
1059 5398 1302 5458 οὐδέποτε
1361 5399 1442 5471 τό,
1475 5403 1518 5456 εἰ
1577 5401 1674 5477 μὲν
1743 5418 1860 5466 τοῖς
1891 5406 1974 5460 αἰ-

336 5487 612 5561 τιωμένοις
688 5478 964 5562 Ῥωμαίοις
1034 5490 1151 5566 περὶ
1197 5489 1423 5569 ἀρχικοῦ
1480 5492 1568 5546 καὶ
1623 5492 1700 5566 μὴ
1752 5492 1976 5572 ἀρχικοῦ

339 5575 500 5633 αἰτίου
553 5579 588 5644 ἡ
651 5580 976 5642 καταιτίασις
1033 5578 1122 5657 ἦν,
1169 5578 1329 5657 εἶχον
1386 5578 1446 5636 ἂν
1491 5581 1542 5638 αἱ
1596 5579 1871 5658 ἐξηγήσεις
1914 5584 1975 5638 τὸ

784 5669 899 5723 ἱπεὶ
939 5665 984 5722 δ’
1027 5667 1223 5724 exslvet
1253 5669 1382 5746 πρὸς
1429 5669 1526 5735 τὴν
1555 5667 1606 5733 te
1649 5672 1771 5726 Υἱοῦ
1810 5670 1976 5726 ἐκπό-

340 5667 684 5748 εῗιλογοορανές
722 5684 734 5696 ⁸

2049 3360 2113 3412 ut
2142 3352 2385 3432 habeas,
2421 3354 2593 3414 modo
2625 3373 2738 3433 quo
2763 3354 2984 3414 dictum
3011 3363 3118 3427 est,
3148 3362 3474 3432 promptam
3497 3354 3567 3414 ad
3589 3371 3695 3414 ora

2050 3440 2266 3502 similia
2297 3442 2680 3503 sentientium
2715 3443 3329 3522 frenanda,exponere
3359 3442 3688 3522 cupientes,

2049 3529 2133 3590 sic
2160 3548 2288 3589 eam
2323 3532 2668 3609 digerimus.
2723 3530 2822 3594 Sat
2877 3533 3027 3593 nosti
3059 3551 3127 3593 ex
3159 3533 3322 3594 hisce
3348 3533 3687 3609 nonnullos,

2050 3617 2261 3703 duorm
2294 3621 2567 3700 Cyprium
2601 3630 2919 3701 sequentes
2972 3621 3127 3682 inter
3155 3621 3294 3701 alia,
3320 3639 3449 3701 qua;
3477 3621 3692 3683 adver-

2049 3724 2150 3767 sus
2179 3712 2391 3788 dogma
2425 3711 2582 3790 pium
2615 3720 2964 3792 rectumque
3015 3711 3322 3783 blateranl,
3359 3713 3692 3789 processio-

2050 3815 2185 3857 nem
2219 3817 2453 3879 quoque
2503 3800 2831 3861 criminant-
2859 3819 2906 3869 s,
2962 3799 3351 3880 homonymtze
3379 3799 3694 3860 obnoxiam

2049 3886 2248 3948 facere
2284 3905 2297 3950 :
2332 3889 2480 3949 alios
2533 3907 2668 3949 vero
2723 3889 2935 3950 iisdem
2996 3890 3053 3949 in
3088 3889 3461 3969 separatione
3489 3889 3624 3951 Filii
3656 3907 3690 3952 a

2052 3977 2226 4037 Patre
2261 3980 2315 4038 in
2343 3996 2516 4038 causa
2547 3977 2800 4057 Spiritus
2830 3979 3286 4050 concordantes,
3307 3978 3386 4039 ita
3408 3997 3607 4057 aequos
3630 3997 3693 4040 se

2053 4075 2382 4146 praestasse,
2419 4078 2479 4126 ut
2515 4068 2952 4144 processionem
3002 4068 3244 4130 modum
3276 4076 3498 4129 tantum
3531 4067 3692 4130 exsi-

2051 4155 2283 4216 stentize
2341 4154 2598 4234 Spiritus
2655 4166 2713 4218 et
2759 4157 2901 4218 nihil
2955 4157 3115 4217 aliud
3148 4166 3471 4218 connotare
3501 4157 3693 4218 dicta-

2051 4253 2185 4305 rent
2243 4244 2387 4306 Dico
2406 4263 2540 4304 vero
2571 4244 2748 4304 simili
2781 4264 3027 4305 assensu
3071 4245 3374 4306 communi
3402 4254 3688 4323 excepto;

2054 4352 2313 4410 namque
2365 4333 2550 4394 illud:
2611 4357 2632 4389 α
2666 4333 2745 4394 Ex
2776 4334 2993 4413 quibus
3023 4339 3138 4394 non
3169 4353 3406 4395 causam
3441 4333 3694 4415 Spiritus

2053 4422 2266 4483 Filium
2300 4421 2495 4482 facere
2527 4440 2657 4482 sese
2689 4423 2773 4482 illi
2804 4423 3246 4503 ostenderunt,»
3277 4441 3483 4484 eorum
3508 4423 3696 4484 emol-

2055 4512 2205 4572 liens
2237 4513 2525 4590 impetum
2561 4511 2633 4571 ad
2693 4511 3072 4590 praebendum
3104 4530 3410 4572 assensum
3441 4511 3690 4575 inducit.

548 4595 585 4662 ἦ
629 4596 728 4674 γάρ
775 4595 859 4670 ἂν,
916 4598 960 4652 εἰ
1003 4599 1079 4673 μὴ
1121 4607 1296 4680 τοῦτο,
1334 4600 1445 4658 οὐδὲ
1477 4604 1694 4678 ταύτην,
1728 4605 1798 4665 ὡς
1833 4602 1964 4658 πολ-

2053 4599 2286 4660 Etenim
2320 4600 2369 4658 si
2395 4600 2450 4660 id
2489 4618 2604 4660 non
2639 4613 2819 4673 esset,
2853 4601 2966 4661 hoc
3019 4600 3103 4661 uti
3135 4601 3416 4682 pleraque
3443 4601 3692 4662 aliorum

2054 4689 2290 4750 Patrum
2352 4689 2684 4768 theologica
2731 4691 2888 4751 dicta
2936 4708 3219 4751 accusare
3249 4709 3364 4751 non
3395 4690 3692 4766 neglexis-

2055 4787 2208 4839 sent.
2234 4778 2487 4838 Attende
2513 4797 2684 4856 porro
2710 4789 2792 4852 tu,
2819 4798 2933 4859 qua
2963 4779 3213 4851 ratione,
3247 4797 3381 4840 cum
3412 4779 3696 4840 ambabus

2057 4867 2220 4927 hisce
2255 4866 2510 4946 partibus
2566 4869 2926 4948 colloquium
2979 4885 3328 4940 conserens,
3361 4867 3555 4928 valide
3584 4867 3695 4929 de-

2060 4966 2393 5018 monstrare
2428 4957 2674 5038 poteris,
2702 4967 2941 5037 propter
2961 4956 3299 5036 primariam
3321 4964 3379 5016 et
3395 4955 3694 5035 principa-

2056 5045 2172 5106 lem
2208 5064 2442 5106 causam
2475 5065 2613 5108 vere
2671 5046 2865 5125 magni
2900 5045 3160 5105 nominis
3189 5044 3497 5105 Maximum
3543 5047 3696 5108 scri-

2059 5135 2269 5214 psisse,
2308 5159 2329 5190 ο
2373 5137 2454 5197 Ex
2518 5135 2734 5216 quibus
2781 5153 2898 5195 non
2931 5151 3166 5194 causam
3199 5133 3452 5213 Spiritus
3482 5133 3694 5195 Filium

2059 5227 2252 5285 facere
2275 5243 2406 5286 sese
2451 5225 2533 5285 illi
2565 5225 2975 5286 oswnderunt.
3019 5247 3041 5279 ι)
3077 5225 3145 5283 Ει
3176 5224 3426 5302 primum
3448 5223 3699 5303 quidem

2060 5334 2192 5374 cum
2211 5333 2520 5375 sermones
2537 5312 3060 5393 conseruntur,qui
3080 5313 3520 5392 processionem
3541 5323 3702 5374 recte

2060 5411 2330 5484 tractant,
2359 5413 2708 5483 proponant,
2729 5405 2884 5483 quod
2911 5422 3236 5482 nunquam,
3270 5403 3372 5483 qui
3402 5405 3701 5482 homony-

2061 5494 2236 5556 miam
2293 5493 2618 5568 insinuant,
2676 5493 3029 5574 concedent,
3081 5498 3128 5554 si
3189 5513 3286 5573 qui
3314 5491 3610 5554 Romanos
3639 5493 3702 5552 in

2061 5583 2292 5646 crimen
2354 5583 2664 5658 vocabant,
2727 5583 2844 5644 illis
2887 5586 2960 5643 de
2994 5582 3272 5662 primaria
3300 5591 3360 5642 et
3389 5580 3705 5662 principali

2062 5690 2240 5734 causa
2273 5671 2611 5734 criminatio
2669 5672 2902 5754 fuisset,
2935 5673 3162 5734 similes
3183 5670 3580 5752 expositiones
3605 5686 3702 5730 re-
