4178 6286
516 369 631 436 387

1624 378 1832 445 JOAN.
1880 377 2100 445 VECCI
2143 375 2253 443 GP.
2288 380 2804 448 PATRIARCI'LE

3786 377 3895 445 388

534 505 725 597 tionis"
760 508 981 590 aliquid
1033 510 1095 571 in
1149 528 1214 573 se
1243 510 1551 573 continere
1575 511 1991 591 judicarentur
2025 534 2039 574 :
2072 512 2167 575 sed

2262 538 2431 593 ρευσιν
2486 518 2837 597 ἀντιλέγουσι,
2900 520 3074 588 πάντη
3146 520 3257 577 ἐστὶ
3317 516 3477 586 δῆλον
3534 541 3645 593 μητ
3689 516 3897 580 ἐκείνοις

523 612 656 657 cum
691 596 777 658 illi
807 598 994 679 ipsam
1030 616 1100 660 ex
1143 598 1294 661 Filio
1326 599 1767 678 processionem
1800 609 2168 681 oppugnant,

524 685 802 747 omnibus
834 687 1211 749 manifestum
1246 696 1749 769 remanet,neque
1778 689 1852 751 ab
1888 691 2024 770 illis,
2058 709 2170 752 ne-

523 792 638 853 que
691 774 765 836 ab
796 775 947 847 aliis,
980 778 1075 857 qui
1109 795 1316 838 eorum
1369 775 1778 840 defensionem
1815 779 2167 857 suscipiunt,

524 861 600 923 de
633 863 912 942 primaria
945 875 1005 926 et
1034 863 1351 944 principali
1411 883 1588 926 causa
1617 868 2030 946 quaestionem,
2064 867 2169 929 sed

519 949 594 1010 de
618 952 780 1012 totali
809 970 985 1014 causa
1020 953 1665 1029 sermonesluniversos
1686 956 1938 1035 jactatos
1961 956 2165 1017 fuisse.

520 1038 668 1112 Quid
694 1040 797 1103 tibi
818 1041 1050 1103 videtur
1069 1040 1099 1100 ?
1121 1045 1296 1103 Anne
1326 1044 1511 1103 multo
1539 1042 1836 1122 indigebis
1867 1044 2069 1106 labore
2098 1044 2168 1106 ad

521 1129 827 1190 veritatem
878 1130 1438 1209 interpretationum
1491 1130 1772 1192 similium
1803 1134 2172 1193 conﬁrman-

525 1217 709 1278 dam?
765 1217 916 1289 Quid
973 1218 1236 1279 laborem
1287 1237 1712 1292 commemoro,
1744 1240 1878 1281 cum
1910 1220 2023 1301 ipsi
2046 1222 2171 1300 jam

525 1307 680 1385 apud
731 1325 859 1387 eos,
892 1306 993 1386 qui
1022 1307 1474 1380 accusabantur,
1524 1313 1895 1387 negationem
1926 1328 2173 1389 proces-

529 1395 715 1457 sionis
765 1414 835 1456 ex
898 1394 1068 1467 Filio,
1148 1414 1267 1456 non
1333 1396 1630 1475 primariae
1712 1416 1782 1459 ac
1827 1397 2173 1477 principalis

530 1502 744 1563 causae,
800 1483 902 1544 sed
963 1482 1158 1543 totalis
1214 1501 1407 1544 causa;
1456 1485 1896 1563 ademptionem
1953 1486 2174 1546 inferre

530 1571 899 1635 contendunt
921 1570 945 1631 ?
968 1569 1055 1631 Tu
1087 1571 1244 1631 enim
1305 1571 1376 1631 ad
1409 1575 1648 1633 eosdem
1682 1573 1847 1634 dices
1884 1594 1897 1634 :
1929 1574 2174 1645 Quando

532 1669 774 1740 propter
804 1660 915 1721 hoc
937 1660 1210 1738 neganda
1232 1659 1395 1721 vobis
1420 1660 1670 1735 videtur,
1706 1661 1778 1722 ab
1802 1661 1896 1736 iis,
1929 1663 2028 1741 qui
2049 1664 2174 1725 Ro-

2254 606 2390 679 μήτε
2449 612 2526 680 τῷ
2581 608 2990 685 ὑπερηγοροῦντι
3079 613 3184 663 τῶν
3266 605 3357 663 ὑπ’
3398 605 3622 662 αἰτίασιν
3676 605 3896 683 ἀργικοῦ

2252 694 2339 748 καὶ
2384 696 2462 767 μὴ
2518 696 2634 772 περί
2689 694 2743 751 δὲ
2807 696 2904 763 τῆς
2961 694 3100 760 ὅλως
3151 697 3317 759 αἰτίας
3373 698 3466 751 τὸν
3507 692 3668 771 λόγον
3698 692 3895 749 ἅπαντα

2253 782 2504 858 γίνεσθαι,
2540 782 2602 841 Τί
2654 805 2736 841 σοι
2799 782 2949 840 δοκεῖ
2984 806 2999 858 ς
3035 783 3242 841 Πολλοῦ
3279 806 3360 840 σοι
3390 781 3568 851 δεήσει
3597 788 3691 839 τοῦ
3737 781 3895 840 πόνου

2252 872 2382 947 πρὸς
2439 869 2705 937 ἀπόδειξιν
2763 883 2855 932 τοῦ
2916 879 3020 929 τῶν
3093 872 3394 951 ὶξηγιςσεων
3464 871 3743 945 ἀληθοῦςς
3802 872 3896 929 Καὶ

2252 965 2366 1022 πῶς
2426 958 2564 1023 ὅλως
2606 962 2787 1034 πόνου,
2822 960 2939 1038 εἴγε
2968 964 3113 1020 αὐτοὶ
3156 962 3435 1041 φθάνοντες
3466 961 3566 1026 τὴν
3608 960 3750 1037 παρὰ
3778 972 3890 1015 τοτν

2256 1048 2581 1122 αἰτιωμενοις
2650 1048 2943 1127 ἆπάρνησιν
3014 1056 3111 1117 τῆς
3187 1050 3238 1115 ἐξ
3309 1053 3429 1108 Υἱοῦ
3507 1048 3886 1127 ἐκπορεύσεως,

2256 1135 2378 1214 οὒχὶ
2434 1136 2659 1215 ἀρχικοῦ
2714 1139 2801 1193 καὶ
2853 1137 3061 1217 πρώτου
3107 1140 3291 1217 αἰτίου³
3325 1142 3422 1206 τῆς
3466 1136 3521 1193 δὲ
3549 1136 3687 1199 ὅλως
3730 1138 3891 1198 αἰτίας

2255 1221 2522 1302 ἀφαίρεσιν
2601 1224 2887 1283 ἐνίστανται
2956 1224 3243 1307 δύνασθαις
3304 1230 3377 1283 Σὺ
3433 1228 3532 1302 μὲν
3587 1227 3687 1306 γὰρ
3754 1227 3891 1304 spat;

2253 1314 2382 1389 πρὸς
2443 1314 2628 1376 αὖτοὺς
2663 1331 2678 1344 ·
2738 1313 2885 1371 Ἐπεὶ
2942 1314 3027 1370 διὰ
3082 1317 3235 1372 τοῦτο
3279 1319 3407 1391 ὑμῖν
3463 1316 3691 1381 ἁρνητὲα
3754 1314 3893 1391 παρὰ

2254 1404 2359 1454 τῶν
2417 1402 2741 1476 αἰτιωμένων
2828 1394 3113 1478 Ῥωμαίους
3197 1402 3345 1461 δοκεῖ
3408 1404 3712 1482 ἐκπορευσις
3755 1404 3789 1469 ἡ
3843 1400 3894 1466 ἒξ

2256 1490 2397 1558 Υἱοῦ,
2470 1488 2559 1545 ἵνα
2630 1492 2707 1566 μὴ
2750 1493 2825 1566 τῷ
2857 1493 2960 1567 Υἱῷ
3003 1492 3247 1549 κοινωνία
3278 1514 3359 1557 τις
3388 1493 3521 1567 μετὰ
3548 1497 3646 1558 τῆς
3691 1491 3892 1569 Πατρὸς

2257 1577 2340 1633 ἐπὶ
2393 1584 2458 1653 τῇ
2514 1579 2651 1651 αἰτίᾳ
2706 1582 3075 1660 συγχωρηθείη
3163 1587 3255 1637 τοῦ
3326 1582 3624 1656 Πνεύματος
3660 1594 3674 1609 ·
3729 1580 3779 1634 τί
3832 1577 3895 1633 ἂν

2258 1663 2431 1742 ἕτερον
2486 1687 2562 1739 τῳ
2620 1667 2717 1732 τὴν
2762 1666 2813 1732 ἐξ
2846 1669 2963 1723 Υἰοῦ
3020 1666 3206 1724 διδόντι
3239 1668 3543 1747 ἐκπόρευσιν
3585 1665 3771 1747 φήσειέ
3814 1688 3894 1729 τις

534 1768 739 1811 manos
767 1748 1177 1823 criminantur,
1215 1751 1515 1829 processio
1565 1769 1634 1812 ex
1669 1750 1839 1824 Filio,
1879 1770 1951 1812 ne
1980 1751 2167 1824 ali-ma

2258 1754 2399 1809 εἶναι
2448 1752 2531 1808 διὰ
2602 1752 2855 1830 σπουδίς,
2914 1756 2950 1823 ἢ
3008 1756 3319 1822 ἆπεναντίας
3374 1769 3490 1821 τοῖς
3542 1753 3893 1833 ἀντιλέγουσι,

533 1838 681 1900 Filio
712 1838 1051 1899 communio
1101 1856 1231 1898 cum
1252 1836 1425 1898 Patre
1446 1838 1504 1899 in
1535 1857 1713 1900 causa
1741 1841 1994 1919 Spiritus
2025 1858 2167 1900 con-

2256 1842 2498 1915 μετεῖναι
2541 1847 2642 1909 τῆς
2699 1844 2865 1908 αἰτίας
2934 1846 3130 1911 ταύτης
3199 1852 3276 1919 τῷ
3335 1847 3439 1918 Υἰῷ
3494 1849 3786 1917 συνιστᾷνς
3839 1845 3898 1900 Εἰ

530 1927 795 2006 cedatur,
828 1926 964 2005 quid
993 1925 1151 1987 aliud
1182 1926 1474 2007 quispiam
1501 1930 1922 1991 asseveraverit
1951 1948 2168 1990 coni-e-

527 2016 691 2076 denti
739 2034 811 2077 ex
872 2014 1022 2076 Filio
1095 2016 1538 2095 proceSsionem
1605 2035 1641 2078 a
1691 2018 1955 2079 consiliis
2011 2036 2167 2093 esse,

528 2123 702 2186 quam
732 2113 937 2165 contra
966 2104 1281 2164 sentiendo
1312 2106 2165 2186 oppugnatoribus-reponere,

531 2195 778 2273 hujusce
828 2211 1021 2254 causa:
1055 2192 1267 2253 Filium
1320 2194 1666 2274 participem
1711 2195 1892 2256 esse?
1923 2196 2169 2273 Negalio

532 2283 825 2364 siquidem
860 2300 965 2363 per
994 2300 1134 2351 non,
1162 2282 1460 2346 confessio
1492 2302 1629 2344 vero
1664 2303 1905 2364 prorsus
1936 2303 2044 2365 per
2063 2288 2169 2364 sit,

530 2370 924 2434 constituitur.
985 2368 1157 2430 Nulla
1218 2370 1454 2449 quidem
1507 2373 1654 2432 ratio
1685 2372 1914 2440 suadet.
1971 2382 2030 2433 et
2058 2391 2170 2434 ne-

528 2469 756 2540 gantes,
814 2466 872 2519 et
922 2468 1192 2519 sanctum
1252 2458 1618 2536 processioni
1655 2463 2077 2522 assentientem
2110 2460 2171 2521 in

533 2568 711 2609 unum
745 2546 1147 2626 eumdemqne
1169 2565 1416 2626 scopum
1448 2547 1773 2609 coutimare.
1813 2550 2028 2609 Verum
2057 2548 2173 2629 ipsi

533 2655 665 2698 cum
690 2654 724 2696 a
753 2634 997 2699 velitate
1046 2635 1458 2713 praefocentur,
1490 2654 1563 2696 ne
1608 2636 1992 2717 sibimetipsis
2022 2658 2170 2699 con-

530 2725 822 2786 tradicere
840 2723 1388 2803 deprehendantur,
1417 2732 1690 2804 tanquam
1716 2725 1816 2804 qui
1840 2727 2024 2787 semel
2044 2746 2170 2807 pro-

527 2813 860 2875 cessionem
891 2810 1172 2892 Spiritus,
1206 2830 1379 2891 quam
1427 2825 1586 2874 recte
1619 2823 1843 2889 tenent,
1876 2817 2168 2877 exsisten-

529 2905 667 2964 tiam
703 2919 860 2976 isse,
886 2901 959 2961 ad
1001 2900 1508 2980 comprobandum
1561 2920 1795 2963 causam
1837 2922 2165 2979 assumere,

530 2993 683 3054 ultra
732 3000 937 3051 contra
997 2990 1176 3050 verba
1234 2992 1427 3051 lacere
1458 2992 1794 3052 cessabunt.
1828 2991 1898 3053 Et
1928 2992 2168 3054 interim

2252 1932 2350 2009 γὰρ
2403 1933 2439 1998 ἡ
2500 1928 2714 2009 ἄριησις
2772 1930 2856 1987 διὰ
2909 1935 2971 1988 τὸ
3025 1934 3127 2013 μὴ,
3186 1935 3221 2001 ἡ
3253 1932 3511 2011 ὁμολογία
3551 1933 3763 1995 πάντως
3809 1929 3895 1987 διὰ

2249 2021 2308 2075 τὸ
2353 2021 2455 2080 ναί.
2519 2021 2666 2076 Ἐπεὶ
2697 2019 2831 2095 μηδέ
2867 2020 2984 2097 ιἐστι
3028 2044 3108 2087 τις
3151 2022 3308 2101 λόγος
3357 2024 3387 2079 ὁ
3443 2022 3632 2078 πείθων
3662 2022 3750 2078 καὶ
3775 2021 3896 2084 τοὺς

2252 2107 2596 2186 ἀρνουμένους
2654 2111 2740 2165 καὶ
2806 2111 2896 2165 τὸν
2972 2107 3177 2166 διδόντα
3236 2113 3367 2189 πρὸς
3436 2111 3536 2176 τὴν
3592 2110 3894 2184 ἒκπόρευσιν

2253 2194 2401 2273 ἅγιον
2456 2198 2576 2275 αρὸς
2622 2199 2709 2253 τὸν
2767 2200 2922 2254 αὐτὸν
2962 2200 3048 2254 καὶ
3105 2198 3193 2255 ἕνα
3255 2199 3441 2255 τείνειν
3472 2198 3693 2256 σκοπόν.
3740 2198 3895 2256 Αὐτοὶ

2253 2282 2307 2340 δὲ
2375 2285 2473 2353 τῆς
2532 2284 2779 2352 ἀληθείας
2835 2288 3045 2349 πάντως
3101 2288 3380 2367 ἀγχούσης
3424 2287 3633 2365 αὐτοὺς,
3673 2284 3763 2342 ἵνα
3814 2287 3892 2360 μὴ

2253 2375 2464 2438 ἑαυτοὺς
2522 2374 3017 2454 ἐναντιοφωνοῦντες
3087 2376 3420 2457 ἐλέγχοιντο,
3495 2377 3567 2439 ὼς
3618 2374 3753 2440 ἅπαξ
3796 2376 3894 2442 τὴν

2254 2462 2580 2541 ἐκπόρευσιν,
2658 2464 2723 2532 ἢν
2780 2466 2941 2542 ὑγιῶς
2997 2464 3211 2544 ὕπαρξιν
3280 2467 3523 2545 φρονοῦσι
3576 2472 3670 2521 τοῦ
3724 2465 3894 2521 Πνεῦ-

2254 2573 2445 2626 ματος,
2533 2554 2605 2616 εἰς
2690 2555 3019 2621 κατασκευὴν
3112 2555 3276 2619 αἰτίας
3360 2551 3744 2629 λαμϐάνοντες,
3803 2555 3898 2609 τοῦ

2253 2640 2434 2717 πρόσω
2486 2642 2768 2710 στήσονται
2812 2641 3125 2720 ἀντιλέγειν.
3176 2645 3271 2700 Καὶ
3324 2640 3424 2707 ἕξει
3472 2643 3534 2698 τὸ
3583 2640 3769 2720 λοιπὸν
3798 2642 3899 2709 τὴν

2251 2731 2408 2807 ἰσχὺν
2462 2732 2496 2797 ἡ
2554 2729 2787 2808 ἡμετέρα
2854 2719 3012 2787 κατα
3045 2733 3236 2810 κράτος
3279 2730 3555 2809 ἐξήγησις.
3615 2719 3763 2795 ΗΖξει
3795 2731 3896 2808 γὰρ

2254 2820 2388 2893 μετα
2444 2816 2733 2896 παρῤησίας
2778 2820 2945 2875 εἰπεῖν
2989 2822 3063 2884 ὡς
3108 2822 3135 2875 ὀ
3189 2821 3288 2887 τὴν
3346 2818 3396 2885 ἐξ
3458 2822 3579 2876 Υἰοῦ
3607 2816 3776 2881 διδοὺς
3808 2817 3892 2873 ἐκ·

2252 2908 2495 2984 πόρευσιν
2555 2905 2724 2983 ἅγιος,
2798 2910 2886 2963 καὶ
2941 2910 3026 2979 τὸ,
3080 2930 3101 2963 ο
3165 2908 3253 2973 Ἐξ
3295 2910 3367 2964 ὧν
3439 2908 3535 2963 οὒκ
3605 2907 3771 2963 αἰτίαν
3801 2912 3894 2962 τοῦ

2254 2996 2554 3069 [Ῑνεύματος
2608 2998 2700 3051 τὸν
2786 2997 2903 3051 Γίὸν
2958 2999 3241 3059 ποιοῦντας
3315 3018 3446 3077 σφας
3518 2995 3736 3057 ἑαυτοὺς
3795 2995 3897 3050 ἀπ-

526 3082 712 3143 robur
739 3097 912 3141 suum
971 3077 1235 3155 habebit,
1270 3088 1327 3140 et
1386 3079 1574 3140 valide
1626 3090 1823 3141 nostra
1852 3082 2159 3159 expositio.

2252 3081 2467 3157 ἐδειξαν,
2509 3106 2531 3139 ι)
2580 3098 2695 3147 τοῖς
2753 3084 3157 3164 προειρημένοις
3199 3085 3432 3163 ἐπάγων,
3481 3084 3569 3146 οἷς
3599 3082 3693 3158 μὲν
3726 3081 3892 3139 ἐκπό-

532 3168 677 3231 Nam
711 3168 1083 3230 confidenter
1138 3177 1196 3229 et
1253 3168 1438 3231 libere
1496 3168 1846 3249 enuntiabit,
1900 3180 2165 3232 sanctum

531 3262 629 3340 qui
660 3277 730 3320 ex
765 3258 908 3319 Filio
962 3257 1408 3336 processionem
1459 3260 1756 3332 concedit,
1794 3258 1990 3320 verbis
2024 3260 2163 3333 illis,

526 3367 659 3410 cum
718 3346 1035 3407 antedictis
1086 3348 1307 3417 subdit,
1349 3370 1373 3402 (ι
1408 3345 1505 3408 Ex"
1540 3348 1755 3428 quibus
1789 3368 1903 3409 non
1929 3368 2166 3410 causam

528 3436 783 3516 Spiritus
836 3433 1050 3496 Filium
1108 3435 1303 3497 facere
1369 3454 1501 3497 sese
1558 3438 1642 3496 illi
1690 3439 2100 3518 ostenderunt,
2134 3462 2161 3494 ι

528 3525 744 3606 quibus
763 3524 1202 3604 processionem
1219 3524 1519 3597 concedit,
1535 3525 1652 3585 illis
1676 3543 1921 3601 prorsus
1946 3537 2002 3586 et
2024 3545 2166 3587 cau-

524 3633 648 3677 sam
682 3613 945 3676 tribuere
980 3633 993 3674 :
1031 3612 1245 3693 quibus
1278 3631 1415 3673 vero
1447 3631 1553 3692 per
1586 3613 1795 3675 Filium
1832 3618 2167 3694 processio-

529 3722 692 3779 nem,
720 3721 795 3765 ea:
815 3703 875 3765 in
910 3702 1084 3774 Filio,
1106 3703 1233 3764 loco
1272 3701 1428 3762 illius
1457 3719 1588 3780 per,
1620 3701 1943 3781 accipiens,
1980 3722 2172 3765 causa;

528 3791 873 3873 primarium
900 3810 968 3853 ac
1003 3788 1333 3870 principale
1365 3790 1597 3852 tollere.
1646 3794 1853 3870 Neque
1886 3791 2042 3863 enim
2079 3801 2168 3853 te-

524 3900 691 3943 mere
722 3890 781 3942 et
829 3880 1164 3941 inconsulto
1227 3878 1744 3959 praepositionibus
1774 3899 1889 3941 una
1921 3899 2025 3960 pro
2055 3881 2169 3942 alia

524 3970 727 4043 utitur,
763 3978 869 4031 sed
899 3969 1099 4031 sciens
1142 3986 1416 4046 magnum
1468 3979 1832 4029 asserentem
1861 3970 2164 4045 Basilium,

533 4058 697 4122 «Vox
725 4060 882 4122 enim
916 4076 1024 4140 per
1055 4058 1263 4120 Filium
1291 4057 1586 4138 primariae
1624 4075 1817 4119 causa;
1837 4058 2167 4121 confe~sio-

527 4166 666 4211 nem
725 4148 1017 4229 continet,
1053 4168 1079 4206 ι
1143 4148 1251 4208 hac
1311 4164 1475 4221 voce,
1512 4165 1730 4226 nempe
1790 4165 1895 4227 per
1925 4148 2164 4227 Filium,

2249 3193 2428 3250 ρευαιν
2478 3170 2707 3252 διδωσιν,
2756 3173 2921 3229 αἰτίαν
2973 3172 3154 3231 δίδωσι
3209 3174 3444 3253 πάντως,
3497 3174 3585 3236 οἷς
3615 3169 3798 3239 δὲτὴν
3828 3170 3896 3228 δι’

2250 3263 2372 3318 Υἱοῦ
2419 3260 2747 3339 ἐκπόρευσιν,
2793 3284 2893 3329 την
2934 3261 3009 3334 ἓξ,
3057 3261 3141 3319 ἐπὶ
3169 3269 3262 3318 τοῦ
3312 3265 3431 3318 Υἱοῦ
3475 3261 3589 3317 ἀντὶ
3642 3265 3741 3327 τῆς
3785 3257 3890 3334 διὰ,

2248 3348 2625 3428 ἐκδεχόμενος,
2687 3352 2747 3406 τὸ
2789 3356 2887 3417 τῆς
2945 3350 3113 3415 αἰτίας
3171 3356 3377 3429 πρῶτον
3448 3350 3751 3429 ἀφαιρεῖται
3806 3349 3892 3405 καὶ

2250 3439 2498 3519 ἀρχικόν.
2547 3441 2619 3496 Οὐ
2646 3440 2744 3517 γὰρ
2802 3441 2919 3516 εἰκῇ
2967 3442 3055 3496 καὶ
3097 3442 3169 3503 ὡς
3222 3439 3378 3519 ἔτυχε
3426 3445 3495 3514 τῇ
3536 3444 3643 3494 τῶν
3698 3435 3891 3514 προθέ-

2250 3549 2384 3583 σεων
2454 3527 2667 3584 ἐνταῦθα
2744 3529 2944 3608 χρῆται
3025 3529 3504 3607 ἀντιπεριχωρήσει
3540 3544 3553 3557 ’
3610 3525 3749 3582 ἀλλὰ
3802 3526 3891 3581 τὸν

2249 3617 2417 3695 μέγαν
2460 3616 2608 3680 εἰδὼς
2666 3618 2936 3675 Βασίλειον
2994 3616 3239 3695 λέγοντα,
3294 3640 3321 3672 ι
3380 3608 3441 3673 Ἠ
3499 3616 3597 3694 γὰρ
3647 3614 3714 3670 δι’
3776 3616 3892 3671 Υἰοῦ

2249 3707 2399 3786 φωνὴ
2455 3711 2551 3769 τῆς
2606 3711 3063 3786 προκαταρκτικῆς
3108 3707 3273 3769 αἰτίας
3329 3704 3614 3781 ὖμολογιαν
3668 3702 3810 3783 ἔχει,
3857 3721 3885 3763 ι

2250 3793 2333 3853 διὰ
2389 3796 2485 3861 τῆς
2543 3796 2790 3863 τοιαύτης
2848 3801 3051 3875 φωνῆς,
3112 3794 3252 3873 λέγω
3302 3793 3390 3870 δὴ,
3452 3798 3550 3861 τῆς
3620 3790 3689 3848 δι’
3749 3796 3890 3870 Υἰοῦ,

2253 3886 2564 3964 παρίστησιν
2607 3886 2836 3964 ἐναργῶς
2896 3890 2996 3961 ὡς,
3058 3887 3101 3943 εἰ
3155 3888 3245 3943 καὶ
3306 3887 3378 3960 τῷ
3443 3886 3548 3958 Υἱῷ
3588 3888 3688 3950 τῆς
3728 3884 3893 3945 αἰτίας

2250 3973 2341 4031 τοῦ
2399 3976 2698 4051 Πνεύματος
2748 3975 3015 4055 μέτεστιν,
3047 3972 3164 4031 ἀλλ’
3209 3975 3312 4053 οὐχ
3342 3973 3531 4051 οὕτως,
3571 3969 3711 4028 ὥστε
3741 3972 3893 4030 αὺτὸν

2251 4066 2313 4119 τὸ
2385 4065 2834 4142 προκαταρκτικὸν
2931 4071 3023 4122 τοῦ
3100 4063 3403 4139 Πνεύματος
3456 4059 3629 4117 αἴτιον
3702 4061 3842 4115 εἶναι
3875 4076 3886 4089 ·

2250 4163 2402 4211 τοῦτο
2446 4153 2545 4231 γὰρ
2578 4154 2606 4208 ὁ
2637 4153 2839 4220 Πατὴρ.

523 4239 696 4321 plane
724 4237 1090 4308 corroborat,
1125 4236 1261 4297 licet
1290 4235 1472 4297 Filius
1513 4253 1703 4296 causa;
1732 4236 1983 4316 Spiritus
2013 4240 2307 4321 particeps
2348 4250 2460 4315 est,
2521 4258 2638 4301 non
2667 4240 2747 4301 ita
2776 4247 2971 4301 tamen
3030 4256 3162 4302 esse
3219 4236 3584 4318 participem,
3641 4242 3710 4298 ut
3769 4232 3896 4316 pri-

526 4329 712 4390 maria
746 4326 1004 4408 Spiritus
1033 4344 1210 4388 causa
1240 4325 1315 4387 sit
1346 4345 1362 4383 :
1398 4325 1455 4384 id
1490 4324 1650 4386 enim
1682 4328 1857 4388 Pater
1900 4335 2014 4389 est.

598 4423 661 4480 3.
695 4418 833 4480 Haec
850 4418 989 4478 dum
1020 4416 1194 4489 dicis,
1230 4423 1288 4475 et
1310 4423 1509 4474 nostra
1549 4412 1835 4493 expositio
1859 4434 2030 4477 suum
2064 4434 2167 4477 ro-

2332 4408 2388 4497 γ’
2429 4422 2600 4477 Ταῦτα
2650 4419 2789 4498 ἐρεῖς
2845 4422 2931 4493 σὺ,
2975 4420 3063 4475 καὶ
3117 4420 3152 4485 ἡ
3210 4416 3443 4495 ἡμετέρα
3504 4414 3755 4493 ἐξήγήσις
3798 4413 3892 4479 τὴν

520 4506 633 4569 bur
688 4504 946 4579 habebit,
1011 4513 1071 4567 et
1125 4503 1338 4576 valide,
1390 4510 1451 4563 ut
1500 4501 1780 4563 diximus.
1831 4504 2169 4567 Adversarii

520 4612 661 4658 vero
712 4604 813 4657 aut
878 4595 1030 4655 ultra
1072 4589 1523 4655 contradicendi
1560 4594 1740 4653 tinem
1771 4592 2007 4667 facient,
2069 4603 2170 4656 aut

517 4703 725 4747 rursus
750 4688 809 4745 in
830 4683 944 4745 alia
965 4701 1101 4745 sese
1124 4688 1562 4761 convertentes,
1599 4682 1752 4761 quod
1777 4682 1894 4744 illis
1920 4683 1979 4744 in
2005 4701 2168 4745 more

522 4784 633 4848 est,
686 4773 896 4835 modos
928 4789 1137 4834 omnes
1168 4770 1605 4833 fundendorum
1640 4770 1955 4832 verborum
1989 4791 2165 4833 usur-

525 4874 751 4945 pantes,
778 4881 973 4945 posse,
1000 4861 1295 4943 inquient,
1349 4867 1410 4921 et
1459 4878 1530 4921 ex
1552 4858 1724 4940 Filio,
1747 4871 1804 4920 et
1830 4879 1933 4941 per
1952 4860 2163 4922 Filium

518 4951 961 5032 processionem
1018 4950 1163 5031 dici,
1215 4958 1392 5029 atque
1443 4948 1873 5023 exsistentiam,
1932 4949 2036 5010 sed
2095 4967 2166 5010 eo

521 5040 871 5119 signiﬁcatu,
899 5040 1066 5121 quasi
1086 5045 1481 5121 pertranseat
1511 5055 1618 5117 per
1664 5036 2169 5118 Filiumllujusce

527 5130 685 5190 enim
718 5148 955 5209 quoque
985 5127 1262 5189 dictionis
1283 5126 1636 5187 formatores
1675 5138 1836 5206 sunt,
1869 5145 1984 5187 non
2010 5127 2167 5208 quod

523 5217 761 5279 uniatur
784 5217 844 5278 in
876 5235 1053 5280 causa
1084 5217 1340 5297 Spiritus
1361 5234 1497 5277 cum
1535 5217 1707 5277 Patre
1729 5214 1931 5290 Filius,
1965 5226 2023 5279 et
2050 5217 2158 5293 sic,

519 5307 674 5388 quod
693 5307 1004 5387 proverbio
1027 5307 1468 5379 circumlertur,
1506 5306 1689 5385 ipsos,
1713 5323 1847 5366 cum
1880 5305 2167 5383 ell'ugiunt

518 5398 769 5469 fumum,
828 5395 981 5475 ignis
1058 5395 1488 5476 appiehendet.
1549 5393 1812 5473 Namque
1862 5395 2076 5458 Filium
2131 5412 2167 5456 a

521 5485 696 5548 Patre
724 5492 1070 5565 separantes
1100 5484 1157 5544 in
1191 5503 1371 5546 causa
1422 5482 1701 5565 Spiritus,
1760 5502 1837 5546 ne
1892 5483 2167 5547 videlicet

522 5576 655 5637 duze
711 5593 906 5636 causa
963 5576 1139 5636 Pater
1196 5582 1254 5635 et
1282 5572 1470 5634 Filius
1501 5571 1754 5652 Spiritus
1786 5583 2160 5654 reputentur,

516 5667 670 5751 quod
702 5666 897 5726 nullus
928 5681 1186 5742 unquam
1218 5662 1450 5744 pietatis
1469 5681 1664 5725 sermo
1695 5662 1952 5745 admisit,
1991 5661 2164 5724 mali-

2250 4510 2406 4588 ἰσχὺν
2476 4507 2593 4588 ἔχει
2665 4510 2800 4565 κατὰ
2853 4509 3069 4587 κράτος,
3128 4509 3202 4570 ὡς
3261 4503 3498 4586 εἴρηται.
3544 4505 3604 4562 Οἰ
3659 4501 3714 4559 δὲ
3744 4523 3803 4581 γε
3828 4499 3895 4557 δι’

2249 4596 2481 4660 ἐναντίας
2538 4597 2574 4666 ἢ
2631 4605 2721 4654 τοῦ
2763 4598 2945 4674 πρόσω
3002 4597 3284 4666 στήσονται
3340 4591 3652 4672 ἀντιλέγειν,
3714 4591 3749 4659 ἢ
3806 4588 3890 4645 ἐὰν

2249 4686 2380 4749 ἴσως
2415 4718 2421 4723 -
2454 4683 2908 4761 μεταϐαλλόμενοι
2989 4686 3156 4759 αὖθις,
3227 4681 3356 4763 ὅπερ
3435 4682 3668 4754 εἰώθασι,
3726 4680 3894 4737 πάντα

2248 4775 2442 4855 τρόπον
2511 4773 2863 4854 εὕρεσιλογίας
2919 4774 3000 4829 ἀεὶ
3061 4774 3351 4849 μετιόντες,
3418 4768 3657 4827 δύνασθαι
3687 4770 3891 4849 φήσωσι

2247 4867 2334 4922 καὶ
2390 4862 2442 4929 ἐξ
2500 4866 2619 4922 Υἰοῦ
2674 4867 2763 4920 καὶ
2831 4861 2896 4918 δι’
2987 4865 3109 4918 Υἰοῦ
3192 4861 3501 4939 ἐκπόρευσιν
3556 4857 3730 4937 λέγειν
3812 4858 3895 4912 καὶ

2247 4952 2488 5033 ὕπαρξιν,
2560 4953 2702 5021 πλὴν
2757 4953 2894 5010 κατὰ
2956 4954 3016 5008 τὸ
3059 4949 3263 5021 διήκειν
3318 4950 3404 5009 διὰ
3462 4949 3554 5006 τοῦ
3597 4952 3717 5005 Υἱοῦ
3752 4963 3765 4977 ⁸
3813 4947 3897 5003 καὶ

2250 5044 2444 5109 ταύτης
2488 5043 2588 5122 γὰρ
2647 5044 2791 5101 αὒτοὶ
2845 5042 2941 5109 τῆς
3000 5039 3191 5106 λέξεως
3250 5038 3602 5116 πλαστο·.›ργοί
3630 5056 3642 5068 ·
3707 5035 3897 5111 οὗμεν-

2252 5154 2339 5188 ουν
2381 5133 2515 5188 κατὰ
2572 5131 2629 5186 τὸ
2671 5132 2903 5198 ἡνῶσθαι
2975 5128 3061 5186 ἐπὶ
3116 5136 3185 5205 τῇ
3251 5130 3388 5201 αἰτίᾳ
3448 5134 3538 5182 τοῦ
3595 5125 3896 5200 Πνεύματος

2246 5228 2323 5295 τῷ
2364 5221 2525 5299 ΙΙατρὶ
2581 5222 2671 5275 τὸν
2742 5220 2861 5276 Υἰὸν
2915 5220 2977 5274 τὸ
3030 5218 3386 5297 παροιμιακὸν
3415 5215 3600 5277 αὐτοὺς
3643 5213 3895 5293 ἐπιφύγη,

2249 5316 2447 5366 καπνοῦ
2475 5307 2842 5384 καταλήψεται
2892 5314 3016 5385 πῦρ.
3076 5309 3177 5364 Τὸν
3220 5307 3319 5383 γὰρ
3378 5306 3498 5360 Υἰὸν
3552 5308 3646 5359 τοῦ
3697 5303 3898 5378 Πατρὸς

2249 5398 2333 5454 ἐπὶ
2362 5403 2430 5474 τῇ
2472 5398 2609 5469 αἰτίᾳ
2664 5395 2981 5476 διαιροῦντες
3034 5397 3128 5453 τοῦ
3158 5396 3481 5470 Πνεῦματος,
3516 5390 3606 5449 ἵνα
3665 5392 3743 5467 μὴ
3798 5390 3896 5457 δῆ-

2248 5489 2333 5543 θεν
2377 5485 2464 5542 δύο
2499 5486 2648 5543 αἴτια
2708 5486 2890 5564 Πατὴρ
2931 5486 3020 5543 καὶ
3086 5486 3204 5548 Υἱὸς
3263 5485 3563 5559 νομισθεην
3610 5490 3704 5539 τοῦ
3731 5479 3898 5536 Ilvati-

2248 5597 2436 5650 ματος,
2469 5573 2598 5654 ὅπερ
2642 5574 2800 5652 λόγος
2865 5573 2926 5630 ἂν
2983 5569 3247 5636 εὐσεϐείας
3302 5570 3467 5636 οὒδείς
3527 5590 3658 5627 ποτε
3718 5589 3896 5647 παρα-

2248 5664 2471 5730 aii-um,
2535 5667 2632 5723 Καὶ
2686 5662 2770 5720 διὰ
2830 5666 2988 5720 τλῖτι
3064 5663 3195 5718 πάνυ
3252 5661 3497 5739 πονηρῶς
3555 5659 3619 5715 τὸ
3672 5656 3898 5735 διήκειν,
