4150 6292
246 372 365 441 389
1233 427 1238 430 .
1399 371 1500 436 AD
1541 365 1929 439 CONTANTI

2018 369 2096 434 IM
2144 368 2290 434 LIB.
2344 367 2452 434 III.
3507 370 3623 436 390

245 506 335 562 καὶ
402 504 538 560 πάνυ
589 504 855 572 δυσσεϐῶς
930 508 1439 590 πλαστουργοῦντες,
1531 508 1604 571 εἰς
1675 503 1929 583 Ἄρηα-Δ

2021 522 2122 565 ose
2142 503 2319 565 nimis
2340 505 2455 566 hoc
2500 507 2899 585 pertransire,
2952 511 3011 567 et
3065 502 3390 567 admodum
3448 504 3632 584 impie

250 593 436 669 νισμὸν
492 593 967 676 ἐκτραχηλίζονται
1048 603 1095 656 οἱ
1164 597 1515 672 ταλαίπωροι.
1576 595 1745 672 Λόγος
1800 595 1900 673 γὰρ

2020 592 2365 655 tl‘ormatttes
2397 592 2458 653 in
2509 593 2912 656 Arianismum
2957 594 3225 656 infelices
3252 593 3630 675 praecipitan-

252 680 397 737 ἔσται
454 680 874 760 προσϐοηθήσων
944 685 1133 767 οὐδεὶς,
1221 687 1298 762 μὴ
1357 685 1480 763 οὒχὶ
1536 689 1628 739 τοῦ
1701 684 1898 761 [ἰατρὸς

2018 680 2277 744 ur.Nulla
2301 683 2459 744 enim
2485 683 2634 743 ratio
2677 683 3080 764 auxiliabitur,
3112 702 3189 744 ne
3219 683 3405 745 Patris
3435 681 3630 743 admi-

254 770 547 850 ὑπηρέτην,
598 772 635 841 ἢ
692 772 1049 854 λειτουργικόν
1094 801 1145 834 τι
1190 775 1409 856 ὄργανον
1447 772 1740 850 λογίζεσθαι
1812 772 1902 826 τὸν

2018 769 2174 830 ιίεῑειε
2195 777 2294 831 aut
2340 771 2797 832 instrumentum
2849 771 3065 833 servile
3123 771 3329 845 Filius,
3390 789 3497 852 per
3522 770 3633 831 hoc

259 861 379 915 Υἱὸν
433 861 553 915 κατ’
608 863 735 919 αὐτὸ
787 866 847 920 τὸ
905 863 1104 936 διήκειν
1147 866 1235 922 Eni
1276 871 1345 941 τῇ
1389 864 1590 919 ἐκεῖθεν
1646 858 1901 939 ἐκπορεύ-

2018 865 2388 932 vertransire,
2423 861 2481 921 in
2517 860 2923 939 processione,
2958 878 3091 938 qua!
3120 860 3260 921 inde
3292 868 3404 934 est,
3438 856 3634 939 Spiri-

259 968 337 1004 σει
393 952 852 1030 ααθυπουργοῦνπ
932 955 1024 1011 τοῦ
1113 956 1436 1028 Πνεύματος.
1523 952 1619 1033 Kal
1686 951 1753 1005 τὰ
1810 949 1906 1024 μὲν

2018 966 2104 1019 us,
2138 948 2474 1009 asserviens
2536 949 2926 1011 existimetur.
2976 949 3208 1012 Ethaac
3262 948 3368 1010 tibi
3408 948 3636 1027 digesta

261 1038 387 1114 πρὸς
441 1037 631 1101 αὖτοὺς
701 1037 840 1097 οὕτω
897 1064 979 1099 σοι
1062 1040 1711 1121 προσοικονομήθήσονται
1745 1055 1758 1069 ⁸
1821 1039 1907 1093 καὶ

2018 1045 2380 1116 promptaque
2400 1037 2542 1106 sint,
2576 1038 2716 1098 dum
2739 1038 3010 1099 homines
3030 1047 3234 1099 contra
3249 1034 3633 1117 colloqueris,

263 1121 424 1208 οὕτως
468 1126 504 1192 ἦ
547 1125 667 1183 κατ’
701 1133 868 1188 αὐτῶν
912 1153 992 1187 σοι
1040 1132 1157 1198 νίκη
1202 1130 1620 1208 περιγενήσεται.

338 1202 409 1276 δ’.
471 1213 622 1271 Ἐπεὶ
678 1214 731 1272 δὲ
790 1221 877 1275 καὶ
932 1242 1013 1283 τις
1073 1218 1212 1286 ἄλλη
1255 1202 1566 1279 ένπούτοις
1598 1216 1706 1272 ἐστὶ
1734 1213 1907 1295 φαύλη

265 1303 407 1380 μερίς
443 1320 458 1335 ⁸
528 1305 626 1361 εἰσὶ
681 1307 787 1386 γὰρ
830 1329 990 1389 τινες,
1054 1311 1099 1365 οἱ
1141 1309 1228 1364 καὶ
1281 1306 1423 1364 αὒτοὶ
1477 1305 1574 1371 τὴν
1605 1304 1908 1382 ἐκπόρενσιν

266 1398 574 1470 φρονοῦντες
630 1394 814 1473 ὀρθῶς,
907 1397 1053 1472 ὅμως
1124 1395 1190 1453 δι’
1267 1396 1534 1475 ἀφαίρεσιν
1600 1396 1699 1461 τῆς
1770 1391 1905 1455 ὅλως

267 1480 430 1541 αἰτίας
492 1481 592 1547 τὴν
642 1482 795 1560 ῥῆσιν
851 1488 941 1542 τὸν
972 1485 1121 1565 ἅγιεν
1166 1486 1428 1564 εἰρηκέναι
1459 1484 1634 1562 φασὶν,
1694 1483 1767 1547 ὡς
1810 1483 1908 1549 τὴν

275 1586 296 1620 e
344 1564 410 1621 δι’
460 1571 580 1625 Υἱοῡ
633 1569 939 1653 ὖκπορευσιν
976 1564 1027 1628 »⁷
1063 1574 1175 1630 ἀντὶ
1223 1580 1315 1630 τοῦ
1380 1596 1403 1627 tt
1439 1574 1573 1648 μετὰ
1601 1574 1692 1629 τοῧ
1724 1573 1842 1627 Υἱοῦ
1877 1594 1903 1624 ιι

268 1653 594 1730 ἐκδεξάμενοι
644 1681 656 1694 ο
692 1662 736 1717 εἰ
790 1663 889 1739 γὰρ
947 1660 1030 1719 διὰ
1084 1666 1176 1719 τοῦ
1233 1664 1353 1721 Ι·ἱοῦ
1410 1663 1470 1718 τὸ
1516 1668 1747 1737 Πνεῦμα,
1779 1682 1906 1716 ταυ-

268 1766 354 1801 τον
424 1742 481 1801 δὲ
536 1748 704 1805 εἰπεῖν
763 1753 895 1825 μετὰ
950 1761 1042 1810 τοῦ
1100 1754 1240 1824 ficii,
1301 1752 1476 1830 φασὶν,
1529 1749 1860 1829 ἐκπορεύεται
1892 1764 1905 1777 ⁸

270 1836 380 1897 τώς
427 1832 492 1889 ἂν
560 1838 648 1893 καὶ
703 1837 794 1906 εἴη
852 1839 936 1896 ἐπὶ
990 1846 1058 1916 τῇ
1114 1842 1270 1897 αὖτοῦ
1304 1839 1605 1918 ἐκπορεύσει
1648 1845 1913 1894 κοινωνῶν

271 1923 298 1976 ὁ
356 1924 477 1987 Υἱὸς
525 1932 602 2000 τῷ
647 1929 809 1996 Πατρὶ
844 1947 859 2008 ς
909 1925 1005 2008 ὅρα
1035 1929 1079 1984 εἰ
1119 1929 1205 1985 καὶ
1235 1930 1271 1996 ἡ
1327 1928 1522 1984 τούτων
1577 1924 1916 2003 μεταιολογία

271 2012 373 2065 τῖιν
431 2012 705 2093 ἡμετέρων
790 2018 958 2074 ὀπίσω
1024 2018 1253 2074 κείσεται
1329 2016 1631 2094 ἐξηγήσεων
1728 2016 1917 2094 Πρῶτα

273 2099 368 2170 μὲν
426 2103 586 2159 πόθεν
642 2104 707 2172 ἢν
778 2106 918 2163 οὗτοι
1002 2104 1383 2185 προϐάλλονται
1455 2105 1755 2181 μετάληψιν
1811 2111 1918 2160 τῶν

274 2188 574 2267 προθέσεων
639 2190 854 2272 ἔχουσιν
897 2193 1222 2274 ἆποδεϊξαις
1294 2194 1425 2250 Ποία
1492 2194 1687 2260 ταύτην
1745 2215 1921 2271 γραμ-

275 2277 506 2349 ματικῆς
564 2281 912 2361 τεχνολογίας
955 2282 1073 2363 ἔχει
1118 2280 1450 2363 περίληψιν;
1501 2287 1609 2348 Τῆς
1653 2283 1751 2360 γὰρ
1793 2282 1923 2359 πρὸς

276 2364 517 2435 ἀλλήλας
604 2377 763 2427 τινῶν
842 2372 1140 2452 προθέσεων
1228 2371 1720 2447 ἆντιμεταστάσεως
1790 2367 1925 2434 ἅπαξ

278 2453 659 2534 παραδοθείσης
701 2474 819 2524 τοῖς
863 2460 1317 2541 τεχνολογήσασιν
1356 2459 1408 2523 ἐς
1453 2462 1513 2516 τὸ
1543 2457 1771 2538 ἂκριϐές,
1834 2460 1927 2515 οὒκ

276 2542 418 2600 ἔστιν
469 2545 717 2605 οιἘὲποτε
775 2548 1103 2626 εἷλημμὲνην
1160 2548 1285 2627 παρ’
1339 2547 1501 2606 οὐδενὶ
1557 2550 1655 2615 τὴν
1714 2545 1793 2604 ἶιὰ
1833 2547 1927 2603 εὖ-

277 2647 388 2711 ρεῖν
452 2634 566 2691 ἀντὶ
608 2638 706 2703 τῆς
765 2639 919 2713 μετά,
958 2642 1054 2697 Καὶ
1106 2637 1182 2694 ἔτι
1228 2639 1286 2695 οὗ
1342 2639 1502 2713 μόνον
1531 2636 1689 2715 λόγον
1721 2635 1925 2702 Ἐλλη-

278 2727 430 2788 νικῆς
464 2725 647 2803 σοφίας
710 2724 826 2807 ἔχει
883 2735 1038 2785 τοῦτο
1083 2725 1270 2807 οὐδεὶς,
1324 2725 1461 2782 ἀλλὰ
1488 2747 1548 2805 γε
1578 2724 1693 2785 οὐδὲ
1751 2726 1927 2806 γραφή

1990 1123 2207 1205 quibus
2228 1127 2513 1186 adversus
2543 1144 2645 1187 eos
2682 1127 2993 1187 victoriam
3025 1126 3198 1187 facile
3226 1123 3634 1205 consequeris.

2069 1214 2129 1274 4.
2164 1212 2585 1276 Verumtamen
2615 1234 2746 1275 cum
2781 1217 2935 1276 inter
2963 1216 3205 1276 eosdem
3240 1233 3374 1295 pars
3394 1213 3509 1275 alia
3538 1212 3636 1272 in-

1992 1308 2388 1377 ternoscatur,
2424 1303 2524 1364 sed
2551 1303 2745 1365 valide
2777 1303 3051 1383 inproba,
3080 1322 3211 1384 quae
3238 1303 3378 1366 licet
3397 1302 3472 1364 de
3495 1319 3636 1382 pro-

1992 1391 2260 1452 cessione
2292 1399 2457 1453 recte
2488 1394 2726 1463 sentiat,
2789 1400 3045 1453 attamen
3092 1390 3372 1455 Sanctum
3405 1390 3640 1472 penitus

1992 1499 2227 1541 causam
2264 1481 2589 1553 tollentem,
2624 1481 2845 1542 dictum
2889 1480 3085 1542 simile
3115 1480 3460 1542 enuntiasse
3489 1498 3639 1540 con-

1996 1568 2206 1641 tendit,
2231 1577 2288 1630 et
2317 1594 2343 1625 ‹‹
2377 1574 2821 1649 processionem
2856 1589 2960 1651 per
2985 1569 3195 1632 Filium
3230 1595 3257 1626 ι
3294 1570 3425 1631 loco
3454 1568 3638 1643 illius,

1999 1682 2023 1713 α
2059 1677 2179 1719 una
2206 1658 2381 1719 simul
2414 1678 2546 1719 cum
2592 1659 2740 1720 Filio
2772 1685 2798 1715 ι)
2834 1660 3070 1740 accipit.
3130 1658 3399 1740 Namque
3454 1659 3505 1719 si
3538 1675 3645 1737 per

1992 1747 2203 1809 Filium
2237 1745 2511 1826 Spiritus,
2541 1748 2697 1828 quod
2720 1748 2878 1810 idem
2900 1758 3013 1823 est,
3041 1767 3111 1810 ac
3142 1748 3191 1810 si
3213 1749 3446 1809 diceres
3465 1747 3643 1811 simul

1939 1873 1974 1922 Β
1997 1854 2131 1896 cum
2161 1834 2223 1896 Fi
2250 1834 2331 1897 io.
2371 1835 2671 1916 inquiunt,
2704 1838 2969 1917 procedit
2994 1855 3107 1916 qua
3137 1837 3366 1898 ratione
3395 1835 3455 1895 in
3485 1835 3645 1895 illius

2001 1924 2384 2003 processione
2407 1925 2590 1985 Filius
2621 1933 2819 2005 partes
2848 1923 3189 1987 obtinebit?
3220 1922 3334 1986 Sed
3368 1942 3485 2004 quo
3507 1931 3643 1983 tan-

2001 2011 2135 2073 dem
2169 2013 2375 2073 tendat
2432 2031 2638 2073 eorum
2694 2012 3127 2092 vaniloquentia
3157 2032 3228 2074 ex
3273 2009 3646 2092 apponendis

2004 2100 2220 2161 nostris
2241 2101 2732 2181 expositionibus,
2789 2101 3227 2183 deprehendes.
3287 2100 3358 2162 Et
3389 2100 3645 2181 primum

2007 2189 2246 2268 quidem
2274 2191 2480 2252 harum
2507 2190 3012 2271 praepositionum,
3046 2209 3223 2267 quam
3258 2189 3369 2271 ipsi
3402 2196 3648 2270 praten-

2008 2278 2157 2340 dunt
2187 2281 2744 2360 transumptionem,
2790 2280 3140 2360 quibusnam
3203 2280 3653 2342 demonstrave-

2008 2366 2158 2426 rint?
2182 2366 2460 2439 Quaenam
2485 2387 2613 2429 eam
2633 2369 3029 2445 grammatica;
3051 2371 3192 2430 artis
3214 2367 3463 2430 curiosa:
3479 2367 3647 2428 inda-

2010 2455 2163 2534 gatio
2185 2456 2781 2537 conquisiveritmam
2799 2477 2933 2519 cum
2960 2467 3158 2519 mutua
3173 2456 3651 2539 praepositionum

2013 2547 2069 2605 in
2099 2563 2232 2607 sese
2263 2547 2592 2607 immutatio
2623 2547 2696 2607 ab
2729 2547 2821 2622 iis,
2858 2546 2959 2627 qui
2982 2557 3167 2608 artem
3197 2549 3652 2627 pettractarunt,

2010 2634 2197 2697 semel
2232 2634 2439 2696 tradita
2470 2636 2542 2696 sit
2595 2646 2647 2696 et
2681 2635 3023 2716 diligenter,
3083 2636 3141 2696 in
3202 2636 3364 2697 nullo
3395 2650 3654 2715 unquam

2012 2739 2219 2783 eorum
2255 2724 2736 2805 praepositionem
2760 2743 2872 2806 per
2896 2727 3024 2786 loco
3056 2725 3218 2786 illius
3274 2743 3405 2787 cum
3433 2720 3658 2785 assumi

281 2833 361 2874 τις
391 2810 609 2887 οὖδεμία
664 2818 767 2871 τῶν
821 2815 938 2872 ὅσαι
967 2820 1064 2883 τῆς
1102 2813 1218 2872 καθ’
1273 2817 1416 2889 ἡμᾶς
1457 2815 1717 2894 θειοτέρας
1772 2812 1928 2893 φιλο-

282 2900 495 2977 σοφίας,
544 2900 659 2958 ἀντὶ
717 2908 815 2969 τῆς
872 2906 1007 2979 μετᾶ
1075 2904 1174 2971 τὴν
1216 2901 1300 2959 διὰ
1358 2900 1732 2982 παραδίδωσιν,
1777 2904 1850 2964 ὡς
1892 2903 1927 2969 ἡ

2018 2900 2290 2979 profanos
2335 2901 2587 2981 reperiri
2623 2903 2983 2982 exemplum,
3035 2902 3138 2965 sed
3195 2921 3305 2964 nec
3337 2901 3492 2982 apud
3525 2916 3653 2975 nos,

284 2996 380 3059 τῆς
450 2987 504 3053 ἓξ
612 2994 701 3048 καὶ
780 2990 864 3048 διὰ
946 2992 1086 3067 παρὰ
1170 2990 1451 3066 Βασιλείῳ,
1542 2989 1776 3069 Κυρίλλῳ
1845 2990 1929 3046 καὶ

2018 2989 2115 3068 qui
2164 2990 2511 3050 diVinioretn
2543 2991 2974 3071 philosophiam
3008 2991 3284 3071 colimus,
3344 2990 3499 3051 ullus
3546 2995 3656 3063 est,

290 3075 603 3171 EPTIYOPIq)-
633 3091 750 3143 τοῖς
835 3078 1087 3157 μεγάλοις
1162 3078 1644 3158 ἀντιπεριχώρησις
1696 3078 1927 3157 εὕρηται,

2018 3077 2119 3157 qui
2134 3079 2262 3139 loco
2276 3078 2436 3139 illius
2454 3097 2589 3140 cum
2608 3080 3085 3159 prtepositionem
3101 3077 3418 3159 peraCt-ipi
3444 3076 3658 3171 tradat,

330 3170 533 3220 Επειτα
578 3162 628 3223 δὲ
690 3168 733 3223 εἱ
801 3170 890 3224 καὶ
946 3190 1101 3225 τουτο
1154 3164 1349 3246 δοθείη,
1408 3164 1535 3247 τάχ’
1574 3164 1635 3222 ἂν
1663 3164 1929 3223 ἀντιδίκων

2019 3168 2517 3245 quemadmodum
2542 3185 2639 3244 ex,
2675 3176 2732 3228 et
2757 3185 2868 3246 per
2894 3169 3047 3248 apud
3109 3167 3410 3231 Basiliutn.
3470 3164 3661 3245 Cyril-

287 3254 427 3332 παρὰ
497 3253 810 3333 προσδοκίαν
890 3258 938 3314 oi
1010 3264 1173 3313 ταῦτα
1257 3255 1498 3335 λέγοντες
1554 3255 1929 3330 ἐκτραπόμενοι

2022 3236 2162 3329 litin,
2199 3266 2256 3316 et
2285 3256 2633 3334 Gregorium
2672 3236 2911 3336 magnos
2932 3236 3171 3337 quidem
3191 3257 3368 3330 viros,
3396 3236 3663 3315 mut‘uam

291 3342 363 3404 εἷς
406 3343 729 3421 συμμάγούς
760 3358 1081 3403 καταστατεν
1135 3347 1297 3421 ἡμῖν,
1332 3338 1395 3402 Ἠ
1446 3347 1544 3424 γὰρ
1584 3369 1605 3399 α
1654 3342 1929 3425 προϐολεὺς

2021 3347 2193 3405 unius
2226 3363 2329 3422 pro
2360 3347 2472 3405 alia
2521 3347 2930 3425 acceptionem
2967 3344 3235 3406 invenies
3292 3341 3659 3415 Set-uadum,

293 3426 377 3485 διὰ
434 3431 609 3508 Λόγου
644 3455 668 3488 ι
734 3434 908 3512 φωνὴ,
954 3433 1022 3502 ἢν
1075 3436 1429 3509 Δαμασκηνὸς
1473 3439 1501 3490 ὁ
1554 3437 1697 3498 θεῖος
1727 3432 1929 3512 πεφιλο-

2024 3433 2253 3495 etiamsi
2286 3435 2342 3495 id
2377 3435 2915 3514 concedatur,forte
2940 3454 3007 3496 ex
3029 3434 3407 3505 adversariis,
3444 3431 3546 3512 qui
3572 3430 3659 3492 si-

2010 2812 2333 2874 iuveneris.
2374 2812 2539 2874 Adde
2567 2813 2773 2895 etiam,
2832 2814 3053 2874 nullum
3105 2814 3352 2893 hujusce
3382 2812 3471 2874 rei
3500 2809 3658 2892 apud

292 3518 547 3600 σόφηκεν,
610 3518 786 3579 αἴτιον
843 3523 903 3580 ἐκ
956 3532 1050 3580 τοῦ
1106 3523 1268 3601 λόγου
1318 3525 1499 3581 τούτου
1541 3525 1676 3599 μετα
1707 3525 1825 3580 Υἱού
1853 3522 1943 3578 τὰν

297 3608 506 3688 Πατέρα
577 3619 889 3690 παριστῶσα
941 3616 1034 3669 τοῦ
1091 3614 1415 3693 Πνεύματος,
1460 3614 1802 3680 ἀναπάντητα
1845 3634 1942 3669 συ-

297 3698 494 3767 στήσαι
540 3697 627 3779 ἂν,
673 3700 739 3768 ἢν
793 3703 828 3769 ἡ
884 3700 1105 3769 ἆληθεια
1159 3700 1422 3782 βούλεται,
1481 3712 1572 3761 τοῦ
1629 3703 1829 3781 Πατρὸς
1858 3702 1945 3757 καὶ

302 3786 422 3843 Pio-3
466 3785 554 3843 ἐπὶ
608 3786 676 3863 τῇ
744 3796 834 3846 τοῦ
914 3792 1218 3866 Πνεύματος
1281 3791 1415 3864 αἰτίᾳ
1472 3790 1714 3856 ἑνότητα.
1763 3789 1945 3868 Τρίτον

295 3875 366 3939 εἰς
393 3873 683 3934 κατάλυσιν
726 3879 893 3935 αὐτῶν
949 3880 1191 3959 ἰσχυρὸν,
1248 3878 1315 3946 ἢν
1364 3878 1480 3959 ἔχει
1511 3879 1803 3957 ἀνάγκηνὸ
1846 3877 1944 3934 λό-

297 3985 389 4040 γος
441 3966 531 4020 καὶ
562 3967 653 4020 τὸν
699 3968 816 4022 Υίὸν
860 3966 1173 4046 ἐιπορευτὸν
1219 3967 1548 4047 ἀποφαίνειν,
1599 3970 1652 4024 lii
1685 3970 1783 4045 γὰρ
1814 3967 1948 4041 μετὰ

296 4062 388 4111 τοῦ
455 4055 579 4109 Υἱοῦ
635 4054 991 4134 ἐκπορεύεται,
1049 4058 1142 4112 οὐκ
1189 4054 1295 4111 ἐστι
1343 4055 1421 4130 μή
1450 4058 1655 4111 καὶτὸν
1695 4059 1811 4111 Υἱὸν
1852 4057 1945 4110 ὲκ-

298 4142 555 4218 πορευτὸν
610 4145 700 4199 καὶ
752 4146 983 4200 νοεῖσθαι
1052 4145 1140 4199 καὶ
1197 4142 1459 4220 λέγεσθαι,
1547 4143 1724 4222 ὥσπερ
1784 4141 1844 4198 ἂν
1902 4146 1945 4198 εἰ

300 4231 388 4285 καὶ
444 4232 538 4285 τὸν
606 4233 726 4288 Υἱὸν
782 4254 860 4296 τις
918 4235 1195 4310 γεννᾶσθαι
1238 4230 1383 4310 λέγει
1438 4234 1572 4307 μετὰ
1618 4234 1943 4308 Πνεύματος,

2027 3523 2189 3583 milia
2222 3524 2480 3602 tradunt,
2517 3536 2729 3603 praeter
2752 3524 3253 3604 exspectationem
3290 3532 3491 3582 mutua
3518 3539 3663 3581 sen-

2028 3613 2230 3684 tentia,
2262 3613 2331 3673 ad
2365 3631 2537 3691 opem
2564 3613 2966 3694 auxiliumque
2989 3622 3257 3675 nostrum
3284 3617 3664 3673 concurrent.

2028 3698 2292 3780 Namque
2323 3700 2502 3760 dittio
2540 3725 2565 3755 «
2596 3703 2915 3781 productor
2953 3720 3058 3782 per
3117 3700 3397 3772 Vetbunt,
3438 3724 3462 3754 ιι
3499 3699 3670 3779 cujus

2029 3788 2264 3849 divinus
2289 3788 2686 3851 Damasceuus
2735 3801 2943 3851 auctor
2972 3799 3082 3870 est,
3144 3808 3379 3851 causam
3426 3790 3536 3850 hac
3567 3805 3668 3847 ra—

2030 3878 2190 3939 tione
2251 3897 2384 3938 cum
2442 3877 2590 3939 Filto
2652 3882 2885 3942 Patrem
2934 3879 3350 3959 comprobans,
3392 3877 3523 3939 sine
3554 3876 3674 3936 ulla

2030 3968 2422 4046 oppositione,
2457 3988 2634 4048 quam
2669 3969 2879 4030 veritas
2913 3981 3099 4049 poscit
3129 3967 3321 4029 Patris
3350 3975 3406 4027 et
3442 3966 3572 4029 Filii
3604 3964 3666 4026 in

2030 4073 2206 4116 causa
2237 4055 2491 4135 Spiritus
2537 4056 2819 4118 unionem
2887 4055 3376 4138 comprouaverit.
3433 4053 3673 4116 Interim

2028 4155 2144 4219 est,
2179 4146 2333 4225 quod
2372 4147 2541 4227 plane
2573 4149 2731 4227 ipsos
2760 4149 3074 4221 convcllet,
3136 4166 3270 4207 cum
3332 4144 3672 4206 necessario

2026 4232 2240 4294 Filium
2265 4254 2499 4315 quoque
2533 4236 2858 4315 procedere
2916 4236 3304 4296 demonstret.
3344 4234 3591 4310 Etenim,
3626 4233 3675 4292 si

304 4322 395 4377 οὒκ
467 4319 581 4378 ἔστι
639 4322 714 4390 μὴ
765 4325 854 4380 καὶ
901 4324 963 4380 τὸ
1033 4329 1245 4399 Πνεῦμα
1291 4325 1545 4401 γεννητὸν
1597 4326 1685 4381 καὶ
1714 4328 1926 4381 νοεῖσθα

2032 4340 2166 4383 cum
2200 4321 2351 4385 Filio
2384 4324 2651 4403 procedit
2710 4326 2838 4385 ﬁeri
2872 4324 3097 4402 nequit,
3130 4332 3195 4382 ut
3248 4322 3406 4383 illius
3439 4337 3676 4401 quoque

302 4411 389 4466 καὶ
444 4409 721 4488 λέγεσθαι.
782 4420 953 4471 Ταῦτα
980 4414 1068 4469 καὶ
1136 4415 1171 4479 ἡ
1228 4410 1437 4492 δευτέρα
1506 4419 1610 4468 τῶν
1655 4415 1753 4481 τὴν
1783 4414 1929 4470 ἐκπό·

2038 4412 2368 4491 procedens
2403 4430 2521 4473 non
2552 4412 2627 4472 sit
2655 4422 2713 4473 et
2741 4412 2993 4493 dicatur,
3028 4411 3285 4484 veluti,si
3307 4410 3437 4490 qui-3
3463 4409 3675 4471 Filium

307 4518 482 4576 ρευσιν
539 4502 961 4578 ὀρθοτομούντων
1046 4502 1190 4580 μερὶς
1260 4503 1346 4556 καὶ
1437 4502 1643 4558 τοιοῦτό
1728 4525 1809 4559 σοι
1892 4504 1929 4557 τί

2037 4503 2310 4579 generari
2342 4520 2475 4561 cum
2508 4501 2730 4581 Spiritu
2760 4503 3010 4573 diceret,
3047 4499 3329 4580 Spiritum
3361 4500 3550 4578 ipsum
3581 4515 3682 4576 ge-

307 4585 460 4650 τέλος
533 4585 720 4645 λοιπὸν
791 4587 1173 4660 ὁποιοισδήτισι
1250 4587 1742 4669 προσδιαλεγομὲνῳ
1787 4588 1929 4661 ἒαϐἥ·

2040 4590 2265 4669 nerari,
2299 4597 2356 4650 et
2388 4588 2661 4670 intelligi,
2689 4598 2746 4651 et
2778 4591 2894 4650 dici
2926 4589 3323 4651 confirmaret.
3360 4587 3552 4665 Hujus
3582 4603 3681 4646 se-

308 4695 482 4747 σεται,
538 4674 906 4743 ἀναπάντητος
962 4675 1205 4743 δηλονότι
1276 4675 1534 4743 ἀπόδειξις
1604 4679 1665 4735 ἐκ
1704 4685 1799 4735 τοῦ
1826 4700 1929 4734 παν

2044 4677 2273 4751 cundte,
2307 4695 2437 4757 qua;
2464 4679 2537 4739 tle
2568 4682 2948 4759 processione
2979 4687 3139 4738 recte
3170 4675 3347 4738 sentit
3367 4675 3569 4756 partis,
3600 4673 3676 4734 ti-

308 4762 542 4843 ταχόθεν
599 4768 706 4819 τῶν
765 4767 966 4823 οἰκείων
1038 4765 1212 4845 λόγων
1254 4771 1699 4845 στενοχωρεῖσθαι
1742 4768 1927 4829 αὐτοὺς

2043 4786 2178 4827 nem
2211 4766 2490 4843 similtm,
2524 4770 2573 4828 si
2623 4768 2694 4828 ad
2726 4785 2856 4828 eam
2917 4765 3354 4828 confabulatum
3410 4762 3679 4836 accedas,

313 4853 403 4907 καὶ
460 4853 533 4917 εἰς
589 4851 809 4917 ἀτοπίας
870 4855 1206 4934 περιάγεσθαι
1277 4865 1370 4914 τοῦ
1422 4853 1487 4911 δι’
1546 4857 1809 4936 αφαίρεσιν
1865 4878 1927 4912 το

2044 4856 2405 4936 colloquium
2438 4866 2858 4936 consequetur,
2914 4854 3479 4917 demonstrationem
3513 4849 3682 4911 scili-

318 4941 534 5019 πρώτου
574 4943 662 4998 καὶ
715 4942 963 5023 ἀρχικοῦ,
1010 4944 1258 5019 οὔμενουν
1293 4944 1388 5012 τῆς
1430 4943 1562 5012 ὅλης
1600 4945 1786 5019 αἰτίας,
1840 4954 1929 5002 τοῦ

2044 4954 2159 5020 cet,
2194 4944 2290 5005 cui
2320 4944 2419 5005 illa
2475 4945 2842 5025 respondere
2896 4950 3172 5025 nequeat,
3233 4940 3388 5021 quod
3421 4938 3583 4999 omni
3613 4956 3686 5000 ex

324 5052 352 5084 α
398 5026 491 5094 Ἐξ
550 5032 624 5086 ὧν
653 5030 749 5090 οὗὸ
803 5034 969 5090 αἰτίαν
1015 5042 1108 5089 τοῦ
1140 5035 1437 5109 Πνεύματος
1461 5036 1551 5089 τὸν
1593 5037 1707 5090 ι’ἱὸν
1743 5045 1959 5094 ποιοῦν-

320 5138 414 5182 τας
471 5124 606 5199 σιρᾶς
657 5120 868 5185 ἐαυτοῦς
914 5120 1208 5194 ἀπέδειξαν,
1246 5147 1271 5178 ιι
1334 5124 1426 5179 τὸν
1468 5119 1618 5200 ἅγιον
1673 5124 1959 5201 εἰρηκέναι.

323 5208 420 5262 Διὰ
462 5209 622 5264 ταῦτο
671 5211 759 5265 καὶ
806 5210 939 5289 ἅπερ
998 5212 1127 5290 πρὸς
1176 5215 1319 5285 ἡμᾶς
1365 5211 1621 5276 πολλάκις
1664 5209 1962 5293 διαπορετς,

2044 5045 2209 5115 parte
2231 5052 2397 5114 prop:
2417 5034 2491 5094 iis
2522 5034 2840 5097 enuntiatis
2870 5032 3302 5111 astringitur,et
3335 5028 3395 5090 in
3428 5027 3688 5090 absurda

2045 5122 2394 5193 deducatur,
2430 5124 2505 5183 ob
2534 5122 2802 5203 primarii
2851 5132 2910 5184 et
2959 5119 3324 5203 principalis,
3385 5138 3460 5180 ne
3490 5117 3687 5179 dicam

2047 5214 2343 5273 universae
2373 5229 2586 5285 causae,
2620 5213 2990 5291 negationem
3025 5218 3266 5291 propter
3295 5209 3440 5269 iliud
3501 5204 3692 5268 sancti

323 5298 383 5352 τὸ
413 5298 544 5375 πρὸς
576 5297 967 5374 ἐπιστομισμὸν
996 5305 1099 5356 τῶν
1130 5297 1196 5356 δι’
1249 5299 1483 5364 ἐναντίας
1528 5298 1738 5376 ἕτοιμον
1794 5302 1929 5358 intust

2047 5300 2291 5372 dictum,
2333 5324 2356 5356 tt
2393 5299 2473 5360 Ex
2507 5300 2724 5380 quibus
2754 5320 2872 5362 non
2901 5318 3137 5362 causam
3191 5297 3450 5379 Spiritus
3477 5296 3690 5359 Filium

326 5387 818 5465 προαποταμιεύων,
863 5389 1027 5462 ἡμεῖς
1069 5388 1409 5467 πρόσιέμεθα.

2048 5389 2242 5451 facere
2264 5406 2395 5450 sese
2418 5388 2501 5451 illi
2521 5391 2972 5453 ostenderunt.»
3002 5393 3296 5453 Praeterea
3315 5404 3445 5468 quae
3476 5384 3692 5465 saepius

328 5475 397 5535 ad
438 5492 550 5535 nos
577 5473 783 5548 dubia,
814 5474 884 5536 ad
917 5493 1049 5537 sese
1072 5475 1502 5558 opponentittm
1534 5494 1638 5539 ora
1670 5475 1978 5554 frenanda,
2011 5487 2314 5560 promptas
2364 5477 2467 5538 tibi
2496 5481 2919 5560 responsiones
2970 5496 3330 5561 praeparans,
3387 5475 3690 5557 proponis,

333 5562 604 5647 hilariter
634 5572 691 5626 et
722 5562 985 5644 benigne
1016 5566 1343 5647 excipimus

408 5642 470 5714 ε’.
522 5657 828 5729 Παρίτωσαν
878 5642 1008 5732 Ῑγοῦν
1064 5642 1255 5736 ἆπᾶρτι
1298 5655 1525 5737 δεύτεροι
1584 5657 1714 5735 πρὸς
1744 5654 1967 5723 διάλεξιν

2133 5657 2194 5720 5.
2226 5656 2538 5720 Accedant
2562 5658 2760 5742 itaque
2788 5660 3072 5743 deinceps
3097 5659 3172 5722 ed
3191 5655 3550 5738 colloquium
3581 5655 3695 5716 ho-
