4178 6286
581 307 686 374 391

1684 318 1895 384 JOAN.
1936 319 2158 384 VEGCI
2186 320 2295 383 GP.
2332 321 2848 386 PATRIARCHJ

3825 322 3932 388 392

578 441 897 535 monymiae
922 441 1313 535 formatores._
1330 444 1447 508 Sed
1480 444 1620 535 quid
1656 445 1897 527 inquam
1931 449 2001 509 ad
2035 451 2188 511 collo

2274 455 2397 510 imi
2446 456 2543 522 τῆς
2588 457 2891 532 ὁμωνυμίας
2962 461 3007 513 οἱ
3062 456 3433 535 πλαστουργοί.
3503 455 3671 515 Ἀλλά
3710 456 3760 514 τί
3811 479 3937 535 φημι

578 529 816 609 quium?
832 532 1200 594 accedantad
1228 532 1318 594 sui
1366 534 1853 609 confutationem,
1889 536 1960 598 ad
1985 539 2074 599 sui
2108 542 2228 601 oris

576 618 1155 694 obturamentum,ad
1186 623 1275 684 sui
1298 621 1780 695 infamiaanuid
1803 626 1961 685 enim
1978 646 2225 708 respon-

577 708 803 798 debunt
830 728 864 770 a
908 713 1125 772 sanctis
1156 710 1436 771 omnibus
1482 714 1725 773 modum
1782 715 2141 777 exsistentia:
2169 726 2227 778 et

575 796 999 876 thiistaticaim
1045 798 1304 880 Spiritus
1322 801 1742 880 proprietatem
1779 805 2220 882 processionem

572 886 1058 960 decernentibus,
1088 889 1250 967 regio
1300 898 1362 948 ut
1395 888 1636 962 dicitur,
1694 890 1894 952 cubito
1927 893 2168 954 refutati
2198 894 2223 955 ἲ

572 972 819 1046 Quondo
853 975 1025 1036 etiam
1056 979 1102 1037 si
1128 976 1309 1037 dictio
1330 977 1419 1036 sui
1446 997 1559 1038 non
1592 979 1670 1039 ita
1702 988 1997 1060 patentem
2022 982 2212 1043 babe-

569 1070 661 1133 ret
690 1063 1105 1145 signiﬁcatum,
1138 1066 1240 1125 sed
1291 1065 1382 1125 vel
1426 1066 1735 1127 minimum
1761 1069 2122 1143 ostenderet,
2156 1078 2216 1131 et

572 1154 946 1214 correctione
978 1154 1364 1233 expositionis
1414 1154 1731 1234 indigeret,
1787 1156 2026 1218 abunde
2072 1158 2213 1218 satis

571 1255 769 1306 essent
799 1246 871 1307 ad
906 1264 1111 1306 eorum
1145 1266 1249 1307 ora
1279 1246 1627 1321 obturanda,
1680 1249 1777 1328 qui
1832 1269 1865 1311 a
1900 1251 2107 1312 l’hotio
2138 1252 2211 1312 ad

570 1334 697 1396 haec
722 1343 923 1406 nostra
949 1343 1213 1415 tempora
1230 1336 1511 1395 adversus
1534 1338 1856 1398 Romanam
1883 1337 2212 1400 Ecclesiain

574 1423 835 1504 proin-iis
886 1424 1331 1485 commentariis
1363 1424 1782 1500 deiei-taiuiit;
1841 1426 1881 1487 ii
1921 1428 2213 1506 siquidem

570 1531 780 1573 omnes
812 1512 1251 1593 processionem
1276 1532 1343 1573 ex
1383 1511 1557 1586 Filio,
1600 1534 1667 1575 ex
1694 1515 1840 1577 Filio
1869 1515 2089 1577 inferre
2120 1536 2216 1579 ex-

573 1601 906 1661 sisten‘iam
931 1601 1341 1662 demonstrare
1367 1602 1479 1664 hoc
1510 1603 1634 1662 solo
1692 1606 1829 1665 moti
1881 1608 2210 1666 contende-

565 1701 725 1752 runt.
761 1689 944 1770 Opem
997 1707 1232 1769 quoque
1295 1691 1569 1751 tulissent
1626 1691 1698 1750 ad
1733 1693 1842 1752 hoc
1884 1692 2208 1754 ineundum

567 1788 893 1859 certamen,
926 1779 1000 1839 ad
1025 1798 1172 1857 quos
1205 1778 1403 1838 divino
1426 1790 1736 1860 correptus
1771 1779 1994 1861 Spiritu
2020 1785 2208 1845 Maxi-

567 1888 695 1929 mus
718 1868 1198 1947 respondeiis,iiti
1223 1868 1321 1947 qui
1347 1886 1463 1928 non
1489 1870 1967 1947 reci,erent,«ex
1996 1871 2203 1944 Filio,»

568 1958 744 2018 veluti
779 1976 1013 2017 causam
1050 1966 1349 2017 notantem
1412 1959 1876 2036 processionem.
1939 1959 2007 2019 Et
2064 1959 2204 2038 quid

566 2047 659 2109 his
689 2066 836 2126 opus
863 2045 1005 2107 est?
1033 2046 1593 2126 diceretquisiiiam,
1617 2068 1749 2108 cum
1773 2049 1844 2109 ad
1870 2066 1973 2110 eos
2007 2050 2208 2110 confu-

563 2137 771 2198 tandos
794 2136 905 2197 soli
938 2135 1253 2209 sufﬁciant,
1290 2136 1499 2196 eodem
1549 2139 1663 2197 line
1721 2156 1789 2197 ac
1836 2156 2017 2217 scopo
2071 2157 2203 2198 cum

560 2225 676 2288 illis
707 2232 1157 2299 concurrentes,
1187 2231 1361 2304 atque
1390 2225 1933 2305 concerlaiites,qui
1960 2236 2019 2287 ut
2055 2244 2202 2286 cau-

556 2338 680 2381 sam
714 2339 748 2380 a
775 2318 925 2380 Filio
955 2318 1147 2377 solum
1179 2320 1466 2390 adimant,
1501 2319 1692 2378 socios
1744 2337 1809 2378 se
1859 2336 1943 2380 rei
1966 2318 2204 2380 taminis

556 2408 843 2490 praebent,
878 2425 951 2467 ac
976 2405 1392 2467 sollicitudinis
1413 2406 1471 2465 in
1499 2406 1889 2485 processionis
1911 2407 2199 2487 homony-

559 2498 699 2569 mia,
726 2496 890 2577 quasi
924 2494 1084 2555 illam
1116 2494 1203 2555 sic
1264 2505 1425 2555 rei-te
1486 2502 1867 2574 pertractent,
1902 2514 2016 2575 quo
2044 2497 2109 2557 ιιι
2140 2504 2201 2556 ut

555 2604 660 2667 pro
690 2586 897 2646 amicis
947 2581 1198 2662 inimici,
1260 2592 1316 2644 et
1375 2601 1478 2662 pro
1530 2583 1951 2645 commilitibus
2001 2584 2199 2647 hostes

554 2674 821 2736 evadant.
854 2670 1082 2733 Idcirco
1142 2690 1274 2732 cum
1334 2672 1735 2734 necessarium
1790 2675 2036 2732 minime
2093 2672 2192 2744 sit,

551 2779 686 2823 cum
736 2760 854 2820 illis
885 2759 1178 2838 colloquia
1236 2778 1597 2843 conserere,
1642 2760 1754 2820 erit
1814 2760 2198 2821 nihilominus

551 2849 601 2912 si
632 2867 984 2929 congressus
1007 2849 1390 2923 successerii,
1431 2869 1499 2911 ex
1535 2858 1698 2929 parte
1730 2869 1831 2910 eos
1859 2849 2196 2910 Arianismo

550 2939 840 3001 obnoxios
866 2938 1204 3009 ostendere,
1241 2939 1663 3019 pejusquejam
1688 2939 1863 2999 dictis
1893 2937 2192 3012 omnibus,

549 3030 646 3109 qui
667 3047 772 3110 per
794 3027 1008 3090 Filium
1026 3027 1427 3088 exsisteiitiam
1443 3027 1818 3107 confitentes,
1847 3046 1953 3108 per
1976 3026 2189 3088 Filium

2309 546 2438 622 πρὸς
2468 542 2741 625 διείλεξινς
2816 547 3116 623 παρίτωσαν
3159 548 3287 624 πρὸς
3346 544 3598 626 ἔλεγχον,
3646 546 3771 625 πρὸς
3825 545 3937 601 ἐπι-

2308 635 2624 709 στομισμὸν,
2686 636 2816 709 πρὸς
2861 636 3141 714 αἰσχύνην,
3195 635 3255 692 Τί
3307 636 3406 714 γὰρ
3453 636 3538 690 καὶ
3582 632 3937 712 ἀπολογήσον-

2307 742 2373 776 τα
2440 723 2580 799 παρά
2650 724 2861 778 πάντων
2917 723 3101 800 ἁγίων,
3182 723 3236 779 οἵ
3296 724 3488 802 τρόπον
3545 721 3809 802 ὑπάρξεως
3862 723 3939 778 καὶ

2306 812 2661 879 ὑποστατικὴν
2729 823 2820 871 τοῦ
2888 813 3187 886 Πνεύματος
3259 810 3497 878 ἰδιότητα
3540 811 3936 890 τεθεολογήκασι

2305 903 2402 966 τὴν
2457 901 2759 980 ἐκπόρευσιν
2806 900 3066 977 βασιλικῷ
3118 908 3194 976 τῷ
3261 903 3437 980 πήχει
3482 901 3933 980 ἀνατρεπόμενοι;

2306 981 2485 1048 υΟττου
2541 1012 2601 1066 γε
2646 990 2687 1044 εἰ
2725 990 2917 1064 καὶμὴ
2973 988 3109 1045 οὕτω
3179 990 3337 1069 εἶχεν
3390 991 3425 1057 ἡ
3467 986 3607 1054 λέξις
3638 989 3738 1054 τὴν
3768 989 3932 1066 σαφή-

2297 1100 2437 1135 νειαν
2496 1077 2783 1157 πρόδηλον,
2844 1077 2979 1134 ἀλλὰ
3027 1079 3346 1158 ἐμφαντικόν
3375 1099 3423 1133 τι
3453 1079 3620 1153 ταύτῃ
3665 1076 3809 1146 ἐνῆν,
3852 1078 3931 1133 καὶ

2294 1190 2430 1232 τινος
2489 1168 2817 1245 παραμυθίας
2872 1172 2971 1233 τῆς
3015 1166 3080 1223 δι’
3128 1166 3428 1245 ἐξηγήσεως
3472 1166 3743 1242 δεόμενον,
3776 1164 3929 1245 ἤρκε-

2296 1278 2392 1312 σαν
2451 1255 2511 1313 ἂν
2544 1258 2743 1320 τούτοις
2800 1258 2929 1335 πρὸς
2975 1255 3354 1329 ἐπιστομισμὺν
3384 1258 3431 1310 οἱ
3476 1256 3581 1311 ἀπὸ
3610 1256 3814 1311 Φωτίου
3853 1256 3931 1310 καὶ

2299 1345 2490 1424 μέχρις
2561 1347 2714 1419 ἡμῶν
2783 1346 2917 1400 κατά
2958 1344 3052 1411 τῆς
3120 1336 3428 1419 Ῥωμαϊκῆς
3474 1341 3797 1409 Ἐκκλησίας
3852 1340 3932 1398 διὰ

2299 1441 2511 1513 γραφῶν
2568 1435 2770 1490 οἰκείων
2840 1433 3250 1509 ἀγωνισάμενοι,
3312 1433 3503 1497 πάντες
3553 1433 3653 1499 τὴν
3709 1431 3761 1496 ἐξ
3824 1433 3934 1487 Υἱοῦ

2301 1523 2627 1602 έκπόρευσιν,
2687 1522 2784 1588 τὴν
2857 1521 2908 1587 ἐξ
2978 1524 3093 1578 rio?
3167 1519 3407 1577 δύνασθαι
3449 1520 3667 1600 ὕπαρξιν
3725 1517 3933 1576 ἀποδει-

2300 1614 2473 1669 κνύειν
2530 1621 2969 1690 φιλονεικοῦντες,
3014 1611 3156 1687 παρὰ
3216 1607 3280 1676 δὴ
3333 1609 3483 1666 τοῦτο
3539 1613 3628 1666 καὶ
3686 1607 3936 1687 ἐκτρεπό-

2302 1723 2476 1777 μενοι.
2523 1703 2581 1759 Εἰ
2624 1699 2678 1756 δὲ
2710 1701 2808 1773 μὴ,
2856 1700 3006 1774 μόνοι
3037 1696 3481 1755 συναντελάϐοντο
3509 1697 3569 1754 ἂν
3600 1700 3818 1762 ἒκείνοις
3844 1697 3935 1764 τὴν

2293 1790 2422 1866 πρὸς
2485 1792 2577 1855 τὴν
2630 1787 2828 1843 τούτων
2871 1782 3171 1851 καταϐολὴν
3215 1785 3419 1863 ἀγῶνος
3469 1786 3556 1840 καὶ
3613 1787 3662 1841 οἱ
3692 1786 3821 1863 πρὸς
3850 1785 3933 1846 οὓς

2292 1875 2713 1953 ἀπολογούμενός
2787 1874 2896 1937 ἐστι
2954 1873 3187 1938 Μάξιμος
3244 1876 3273 1929 ὁ
3332 1872 3652 1947 θεόληπτος,
3724 1877 3798 1938 ὡς
3839 1874 3933 1940 τὴν

2296 1989 2322 2019 α
2357 1966 2408 2030 ἐξ
2471 1966 2590 2020 Υἱοῦ
2625 1987 2651 2018 ii
2712 1964 2790 2038 μὴ
2846 1963 3242 2041 προσ-εμένους,
3287 1962 3377 2019 ἅτε
3434 1960 3741 2029 δηλωτικὴν
3767 1963 3928 2025 αἰτίας

2287 2055 2612 2131 ἒκπόρευσιν,
2665 2054 2761 2110 Καὶ
2802 2052 2851 2106 τί
2905 2053 3114 2129 ταυτας
3170 2050 3299 2129 τάχ’
3341 2049 3403 2105 ἅν
3446 2053 3582 2124 ἡμῖν
3625 2051 3773 2106 εἴποι
3828 2071 3927 2119 τις,

2288 2142 2483 2220 ὅπουγε
2539 2143 2626 2197 καὶ
2682 2142 2830 2210 μόνοι
2901 2140 3101 2201 τούτοις
3159 2138 3372 2217 ἀρκοῦσι
3423 2141 3552 2218 πρὸς
3605 2137 3833 2219 ἔλεγχον
3888 2139 3930 2194 οἱ

2287 2244 2372 2291 νὺν
2416 2229 2495 2310 ἐφ’
2541 2230 2614 2285 ὲνί
2683 2236 2866 2303 σκοπῷ
2921 2225 3193 2306 σύνδρομοι
3255 2227 3453 2291 τούτοις
3505 2229 3592 2283 καὶ
3634 2228 3930 2305 σύναγωνι-

2286 2322 2425 2389 σταὶ,
2459 2322 2504 2376 οἱ
2547 2320 2677 2397 πρὸς
2723 2318 2884 2392 μόνον
2940 2318 2999 2371 τὸ
3028 2319 3124 2382 τὴν
3168 2314 3303 2378 ὅλως
3336 2316 3511 2373 αίτῖαν
3554 2316 3805 2396 ἀφαιρεῖν
3834 2316 3928 2383 τὴν

2290 2414 2407 2465 Υἱὸν
2463 2419 2553 2467 τοῦ
2582 2410 2779 2485 ἀγῶνος
2834 2405 3037 2468 τούτοις
3097 2414 3414 2483 κοινοῦντες,
3473 2404 3567 2461 καί
3615 2409 3718 2472 τῆς
3761 2426 3925 2461 σπου-

2282 2497 2376 2565 δῆς
2435 2499 2519 2554 iiii
2562 2504 2631 2574 τῇ
2675 2494 2948 2571 ὁμωνυμίᾳ
3003 2499 3101 2561 τῆς
3146 2493 3525 2572 ἓκπορεύσεως,
3598 2496 3672 2556 ὡς
3733 2495 3924 2560 ταύτην

2282 2591 2680 2667 ὀρθοτομοῦντες
2740 2585 2883 2642 αὒτοὶ
2973 2583 3042 2647 εἰς
3113 2581 3334 2661 ἐχθροὺς
3418 2584 3529 2637 ἀντὶ
3599 2580 3791 2661 φίλων,
3840 2583 3924 2638 καὶ

2278 2677 2390 2733 ἀντὶ
2433 2677 2733 2755 συμμάχων
2787 2668 3071 2733 ὸντιδίκους
3102 2671 3457 2730 καθίστανται,
3521 2672 3618 2726 Διά
3649 2670 3717 2739 δὴ
3761 2679 3922 2727 ταῦτα

2276 2766 2371 2833 τῆς
2429 2764 2702 2829 διαλέξεως
2758 2766 2857 2828 τῆς
2929 2762 3058 2838 πρὸς
3128 2759 3340 2823 τούτους
3387 2762 3449 2815 τὸ
3492 2758 3788 2838 ἀναγκαῖον
3844 2760 3919 2835 μὴ

2275 2856 2533 2935 ἒχούσης,
2569 2852 2713 2908 ’ἐσται
2769 2872 2850 2906 σοι
2910 2849 3055 2925 ὅμως
3113 2849 3199 2903 καὶ
3248 2850 3377 2927 πρὸς
3423 2849 3607 2912 αὖτοὺς
3639 2858 3699 2903 ἐκ
3731 2849 3917 2925 μέρους

2275 2950 2390 3007 πὼς
2449 2940 2808 3019 διαλεγομένῳ
2875 2935 3222 3016 ἐνεχομένους
3301 2938 3486 2999 αὖτοὺς
3564 2935 3918 2994 ἀποδεικνύειν

2276 3040 2352 3107 τῷ
2412 3029 2760 3110 ’Λρειανισμῴ
2836 3040 3023 3107 χεῖρον
3079 3024 3115 3093 ἢ
3170 3026 3260 3080 τού
3338 3025 3642 3103 εἰρημένους
3692 3027 3914 3093 πάντας,

544 3106 779 3181 causam
796 3117 1393 3199 nonamplectuntur.
1424 3115 1511 3177 llli
1543 3106 1912 3196 siquidemin
1947 3134 2190 3197 proces—

2275 3120 2389 3178 ὅσοι
2432 3106 2527 3187 τῆν
2585 3116 2645 3175 δι’
2721 3116 2840 3175 ι’ίυῦ
2869 3106 3357 3192 συνομολογοῦντες
3417 3113 3654 3194 ὕπαρξιν,
3713 3115 3813 3183 τὴν
3854 3112 3919 3169 δι’

544 3209 905 3271 sionePatris
923 3204 1557 3269 administrumFiliiim
1587 3204 1782 3267 facere
1800 3205 2184 3281 deprehensi,

546 3296 872 3359 Arianismi
904 3296 991 3357 rei
1016 3296 1490 3357 condemnantur
1516 3313 1531 3369 ;
1558 3294 1617 3355 bi
1642 3313 1777 3355 vero
1804 3313 1918 3355 non
1949 3294 2189 3375 hlljllSt‘e

546 3394 795 3460 tantum,
828 3403 961 3446 cum
996 3394 1055 3446 et
1078 3384 1193 3464 ipsi
1219 3386 1659 3464 processionem
1696 3402 1801 3463 per
1830 3383 2042 3444 Filium
2080 3402 2183 3444 ne-

541 3483 703 3555 gant,
739 3492 972 3535 causam
1000 3473 1308 3545 denotare,
1337 3472 1440 3533 sed
1472 3471 1691 3552 Spiritu
1728 3474 1905 3535 etiam
1941 3471 2041 3531 inf.
2064 3472 2184 3533 rio-

537 3582 666 3626 rem
696 3563 941 3634 faciunt,
996 3561 1153 3642 quod
1214 3579 1320 3641 per
1374 3561 1585 3622 Filium
1642 3570 1860 3636 gratias
1888 3560 2073 3632 datas,
2108 3560 2182 3621 ad

540 3670 687 3732 quas
716 3650 828 3729 ipsi
888 3649 1325 3729 processionem
1390 3649 1713 3718 attrahunt,
1759 3666 1872 3712 non
1905 3658 2180 3727 tanquam

538 3759 646 3821 per
688 3739 905 3802 Filium
959 3738 1216 3818 Spiritus
1264 3737 1690 3809 exsisteiitiain,
1746 3737 2014 3813 haberet,
2076 3738 2179 3798 sed

538 3836 817 3910 tanquam
846 3828 1195 3907 simpliciter
1225 3829 1283 3889 in
1316 3827 1430 3888 illis
1490 3827 1737 3904 Spiritui
1780 3827 1965 3888 Filius
1998 3827 2175 3887 mini-

535 3926 768 3992 straret,
803 3918 1029 3978 sentire
1064 3916 1616 3995 deprehenduntur.
1649 3913 1778 3976 Tibi
1815 3918 2007 3995 itaque
2043 3925 2175 3977 tan-

535 4007 798 4067 tumdeni
825 4024 936 4067 nec
968 4006 1119 4066 ultra
1148 4023 1280 4066 cum
1313 4005 1433 4066 illis
1481 4013 1606 4066 esto
1638 4005 1992 4066 dissertatio.
2057 4008 2176 4069 Nos

535 4113 713 4177 porro
744 4093 909 4156 dubii
946 4113 980 4155 a
1030 4104 1086 4154 te
1137 4093 1422 4175 propositi
1475 4093 1866 4155 solutionibus
1923 4094 2171 4166 traditis,

527 4185 682 4247 viam
716 4194 1010 4265 parantes,
1048 4185 1130 4246 uti
1183 4183 1588 4263 promisimus,
1648 4191 1711 4243 ut
1744 4202 1843 4244 eas
1873 4195 2175 4265 promptas

532 4274 788 4336 haberes
821 4276 891 4335 ad
923 4273 1398 4335 adversariorum
1448 4289 1548 4335 ora
1582 4271 1911 4333 obturanda
1947 4291 2173 4334 conan-

2284 3212 2404 3270 Υἱοῦ
2456 3208 2622 3265 αἰτίαν
2677 3208 2737 3263 οῦ
2795 3203 3204 3282 καταδὲχονται.
3251 3199 3482 3260 Ἐκεῖνοι
3544 3204 3641 3278 μὲν
3686 3205 3790 3283 γὰρ
3831 3214 3919 3261 τοῦ

2273 3300 2474 3378 Πατρὸς
2530 3297 2786 3376 ὑπουργὸν
2861 3294 2947 3350 ἐπὶ
3001 3297 3070 3368 τῇ
3112 3291 3412 3370 ἐκπορεύσει
3457 3305 3632 3348 ποιεῖν
3679 3291 3915 3370 ἀπελεγ-

2272 3389 2496 3468 χόμενοι
2553 3388 2641 3441 τὸν
2708 3386 2848 3454 Υίὸν,
2903 3384 2993 3438 τὸν
3037 3380 3401 3457 Ἀρειανισμὸν
3452 3382 3862 3458 κατακρίνονται
3901 3399 3912 3413 ·

2270 3479 2411 3535 οὗτοι
2470 3475 2524 3531 δὲ
2569 3480 2626 3533 οῦ
2684 3473 2837 3530 τοῦτο
2902 3471 3088 3550 μόνον,
3145 3469 3325 3524 καθότι
3381 3470 3469 3525 καὶ
3500 3469 3644 3525 αὐτοὶ
3673 3470 3797 3549 οῦχὶ
3828 3470 3913 3525 αἰ-

2263 3568 2375 3630 τίας
2474 3563 2761 3632 δηλοτικὴν
2841 3560 3144 3637 ἐκπόρευσιν
3243 3556 3561 3636 ὁμολογοῦσι
3631 3555 3697 3613 δι’
3764 3560 3907 3637 Υἰου,

2263 3655 2399 3711 ἀλλά
2442 3676 2502 3733 γε
2562 3652 2628 3718 δὴ
2663 3651 2919 3707 ἐλέττονα
2960 3650 3047 3705 καὶ
3090 3655 3182 3705 τοῦ
3233 3647 3557 3722 Πνεύματος,
3605 3646 3786 3702 καθότι
3818 3648 3909 3708 τὰς

2263 3743 2347 3800 διὰ
2407 3746 2498 3799 τοῦ
2564 3744 2682 3799 Υἱοῦ
2737 3738 3008 3813 διδομένας
3066 3737 3312 3817 χάριτας,
3357 3736 3429 3798 εἰς
3486 3734 3547 3798 ἂς
3590 3736 3735 3791 αὐτοὶ
3766 3735 3901 3794 ἀπά-

2260 3855 2408 3912 γουσι
2462 3832 2562 3898 τὴν
2589 3829 2919 3907 ὶκπόρευσιν,
2950 3830 3051 3906 οὐχ
3101 3832 3173 3890 ως
3204 3823 3289 3880 διὰ
3316 3831 3406 3880 τοῦ
3451 3826 3571 3879 Υἱοῦ
3598 3822 3697 3891 τήν
3725 3822 3897 3900 ὕπαρ-

2257 3909 2334 3987 ξιν
2376 3928 2468 3978 τοῦ
2500 3919 2801 3992 Πνεύματος
2845 3915 3089 3993 ἔχοντος,
3143 3911 3260 3969 ἀλλ’
3304 3915 3375 3978 ὡς
3418 3909 3598 3975 ἁπλώς
3626 3918 3705 3986 τῷ
3734 3913 3901 3969 Πνεύ-

2258 4032 2384 4087 ματι
2440 4011 2532 4065 τοῦ
2618 4008 2738 4062 Υἱοῦ
2824 4006 2908 4060 ἐπὶ
2996 4003 3210 4065 ταύταις
3275 3998 3635 4061 διακονοῦντος
3691 4011 3904 4087 φρονεῖν

2256 4086 2669 4178 ἀπελέγχονται.
2735 4095 2825 4150 Σοὶ
2880 4092 2966 4149 οὖν
3016 4091 3070 4154 ἐς
3116 4090 3271 4146 τόσον
3315 4090 3401 4144 καὶ
3432 4089 3595 4167 μέχρι
3637 4086 3798 4144 τόσου
3820 4090 3905 4142 καὶ

2254 4188 2291 4255 ἡ
2348 4170 2500 4266 πρός-
2534 4186 2745 4247 τούτους
2816 4180 2951 4238 ἔστω
2996 4179 3243 4245 διάλεξις.
3279 4170 3466 4253 Ἡμεῖς
3499 4175 3553 4231 δὲ
3583 4177 3677 4240 τὰς
3706 4174 3901 4266 λύσεις,

2256 4280 2320 4344 ἧς
2364 4262 2667 4355 προέτεινας
2712 4271 2958 4351 ἀπορίας,
3022 4268 3244 4331 ἐντελῶς
3293 4265 3396 4334 ἤδη
3457 4288 3538 4321 σοι
3591 4262 3898 4340 ἀποδόντες,

531 4365 672 4425 tium
706 4364 1039 4439 Osteiidere,
1076 4380 1195 4423 non
1214 4361 1730 4442 propterprimarii
1752 4370 1809 4422 et
1831 4360 2174 4442 principalis

2274 4369 2329 4431 ii;
2387 4353 2441 4421 ἐν
2485 4362 2698 4440 ὁδηγίας
2765 4362 2937 4423 καθώς
2995 4381 3077 4416 σοι
3129 4353 3556 4435 ἒπηγγειλαμεθα
3610 4355 3782 4428 τὺπῳ,
3828 4357 3897 4416 ὡς

528 4452 995 4533 ademptionem,
1047 4450 1152 4512 sed
1210 4451 1502 4512 uniiersai
1552 4469 1741 4512 causa:
1772 4452 1842 4511 ad
1879 4452 2169 4513 Marinum

530 4540 801 4622 epistola,
835 4541 1004 4619 illud,
1040 4565 1068 4596 α
1107 4541 1190 4603 Ex
1224 4540 1438 4620 quibus
1470 4558 1586 4600 non
1639 4557 1874 4600 causam
1919 4539 2171 4620 Spiritus
2232 4610 2235 4613 ι

529 4630 766 4710 Filium,
792 4632 987 4694 facere
1042 4649 1175 4693 sese
1221 4632 1310 4692 illi
1365 4633 1775 4708 ostenderunt,
1812 4656 1839 4687 ii
1899 4632 2168 4695 divinum

525 4722 848 4783 Maximum
880 4722 1122 4795 dixisse,
1159 4729 1214 4782 te
1246 4720 1400 4782 scire
1451 4721 1740 4784 volumus.
1801 4719 1897 4783 Sic
1931 4740 2165 4802 quoque

526 4808 763 4871 divinus
792 4812 1213 4884 Damascenus,
1249 4809 1351 4870 ubi
1384 4809 1614 4870 Patrem
1673 4834 1700 4865 α
1748 4809 2166 4890 productorem

524 4916 631 4979 per
659 4898 873 4962 Filium
909 4897 1338 4961 manifestantis
1394 4896 1674 4979 Spiritus,
1712 4922 1739 4954 ι»
1806 4899 2162 4975 decernens,

534 5008 563 5042 α
591 4988 876 5068 Spiritum
911 4989 1065 5064 Filii,
1110 5013 1135 5047 ii
1190 4987 1377 5063 addit,
1433 5012 1453 5043 ι
1493 4987 1769 5062 dicimus,
1831 5006 1948 5049 non
1979 4988 2063 5048 uti
2096 5007 2165 5049 ex

524 5074 677 5155 ipso,
711 5077 816 5137 sed
839 5078 919 5138 uti
942 5096 1048 5159 per
1075 5078 1270 5158 ipsum
1300 5095 1370 5138 ex
1403 5079 1580 5139 Patre
1614 5075 2167 5157 procedentem.So-

526 5163 619 5226 lus
649 5168 804 5225 enim
836 5185 1012 5228 causa
1046 5169 1238 5242 Pater,
1274 5192 1301 5223 ι
1334 5166 1714 5228 concorditer
1771 5185 1902 5227 cum
1954 5185 2162 5246 magno

522 5255 778 5317 Maximo
800 5256 1066 5316 eamdem
1110 5257 1463 5317 sententiam
1505 5255 2019 5318 indiscriminatim
2051 5260 2159 5317 de—

522 5345 822 5404 terminat.
872 5344 993 5407 Suli
1050 5344 1309 5406 dictione
1368 5363 1622 5426 namque
1681 5346 2000 5425 productor
2060 5364 2165 5427 per

520 5432 762 5508 Filium,
804 5456 826 5488 η
858 5432 1051 5495 Patris
1074 5442 1131 5493 et
1161 5434 1292 5496 Filii
1317 5434 1377 5495 in
1408 5436 1666 5516 Spiritus
1682 5452 1856 5495 causa
1877 5454 2159 5497 unionem

519 5521 877 5584 confirmans
906 5529 965 5582 et
1014 5524 1487 5602 praepositionem
1528 5541 1625 5595 ex,
1652 5542 1783 5604 quae
1814 5524 2159 5604 primarium

518 5629 587 5673 ac
609 5610 936 5692 principale
962 5614 1135 5691 plene
1188 5628 1310 5691 prie
1338 5630 1403 5673 se
1451 5613 1590 5687 feri,
1630 5615 1783 5675 l’atri
1810 5615 2157 5690 attribuens,

2253 4455 2314 4512 ἂν
2371 4456 2431 4510 τὸ
2485 4455 2615 4532 πρὸς
2656 4449 3042 4525 ἒπιστομισμὸν
3111 4453 3215 4502 τῶν
3272 4443 3336 4499 δι’
3396 4443 3633 4506 ἐναντίας
3685 4441 3894 4519 ἕτοιμον

2252 4544 2344 4612 εἴη
2401 4529 2538 4616 om,
2591 4538 2930 4618 πειρωμένων
3005 4536 3139 4601 ἴσως
3226 4530 3606 4605 ἀποδεικνύειν,
3692 4532 3773 4607 μὴ
3829 4529 3890 4587 δι’

2252 4633 2519 4713 ἀφαίρεσιν
2575 4629 2667 4685 τοῦ
2710 4627 2918 4706 πρώτου
2987 4626 3073 4680 καὶ
3129 4624 3377 4702 ἀρχικοῦ,
3424 4625 3522 4686 τῆς
3565 4620 3620 4675 δὲ
3649 4618 3790 4684 ὅλως
3820 4622 3893 4676 αἰ-

2250 4706 2447 4787 τίας-ὲν
2502 4725 2570 4796 τῇ
2613 4721 2741 4796 πρὸς
2776 4723 3010 4795 Μαρῖνον
3081 4709 3360 4786 ἐπιστολῇ,
3406 4711 3489 4788 τὸ,
3529 4732 3556 4763 α
3592 4706 3680 4773 Ἐξ
3701 4712 3778 4763 ὧν
3807 4708 3894 4765 οὒκ

2251 4812 2417 4867 αἰτίαν
2460 4819 2552 4867 τοῦ
2609 4807 2910 4881 Πνεύματος
2969 4805 3061 4859 τὸν
3106 4804 3224 4858 Υἱὸν
3271 4801 3543 4862 ποιοῦντας
3577 4803 3710 4876 σφᾶς
3769 4799 3891 4854 ἑαυ-

2247 4901 2367 4965 τοὺς
2425 4896 2718 4968 ἀπέδειξαν,
2782 4917 2809 4948 »
2856 4892 3093 4968 Μάξιμον
3164 4890 3425 4968 εἰρηκέναι
3473 4888 3563 4943 τὸν
3611 4889 3781 4966 θετον,
3817 4893 3892 4941 δί’·

2248 4987 2389 5045 δέναι
2432 5008 2490 5043 σε
2539 4982 2855 5061 βουλόμεθα,
2889 4983 2961 5044 ὡς
3031 4981 3119 5037 καὶ
3167 4981 3196 5035 ὁ
3239 4981 3383 5041 θεῖος
3429 4977 3806 5050 Δαμασκηνὸς,
3842 4973 3895 5029 ἐν

2248 5077 2284 5154 ᾗ
2338 5078 2486 5155 ῥήσει
2563 5097 2589 5128 α
2636 5076 2727 5129 τὸν
2782 5071 3009 5149 Πατέρα,
3053 5066 3315 5148 προϐολέα
3343 5063 3428 5121 διὰ
3470 5065 3641 5141 Λόγου
3668 5075 3763 5122 τοῦ
3799 5063 3893 5121 ἐκ-

2246 5163 2559 5247 φαντορικοῦ
2590 5186 2617 5217 io
2669 5159 2932 5238 θεολογῶν
2981 5182 3009 5213 α
3060 5157 3401 5247 Πμεύματος,
3442 5176 3643 5247 ea—‘c
3679 5158 3892 5247 Πνεῦμα

2247 5240 2368 5311 Ῠὶού
2490 5251 2824 5332 προστίθησι,
2859 5272 2885 5303 ι
2939 5247 3189 5326 λέγομεν,
3235 5246 3337 5322 οὐχ
3375 5245 3447 5308 ὡς
3476 5240 3527 5307 ἐξ
3555 5241 3739 5323 αὐτοῦ,
3771 5241 3890 5297 ἀλλ’

2242 5346 2316 5410 ὡς
2374 5341 2440 5399 δι’
2499 5342 2655 5398 αὺτοῦ
2699 5340 2759 5396 ἐκ
2816 5344 2909 5395 τοῦ
2976 5338 3177 5415 Πατρὸς
3237 5333 3672 5412 ἐκπορευόμενον,
3720 5332 3889 5395 Μόνος

2243 5437 2343 5515 γὰρ
2401 5432 2572 5494 αἴτιος
2630 5432 2659 5485 ὁ
2717 5430 2920 5507 Πατὴρ,
2960 5448 2983 5483 ii
3021 5422 3221 5515 σύνωδα
3289 5431 3364 5498 τῷ
3415 5419 3634 5515 μεγάλῳ
3667 5419 3888 5515 Μαξίμῳ

2243 5500 2331 5581 καί
2511 5519 2671 5586 αὐτὴν
2724 5518 2926 5573 ἔννοιαν
2956 5512 3369 5594 ἀπάραλλάκτως
3413 5510 3678 5588 θεολογεῖ.
3746 5500 3886 5565 ιΥπὸ

2244 5616 2341 5693 γαρ
2372 5617 2493 5691 τῆς,
2562 5632 2583 5665 ιι
2642 5604 2924 5683 προϐολεῦς
2979 5602 3061 5659 διὰ
3121 5605 3315 5681 Λόγου,
3352 5625 3380 5657 io
3417 5604 3596 5681 φωνῆς
3625 5597 3723 5666 τὴν
3794 5606 3885 5657 τοῦ
