4150 6292
214 306 326 369 393

1358 312 1459 376 AD
1501 307 2107 374 CONSTANTINUM
2155 308 2298 370 LIB.
2346 307 2449 369 IV.

3469 301 3583 364 394

212 442 413 518 [ἰατρὸς
459 444 555 500 καὶ
610 446 728 503 Υἰοῦ
795 445 882 504 ἐπὶ
935 452 1004 514 τῆ
1073 445 1166 503 τοῦ
1224 448 1528 524 Πνεῦματος
1576 447 1715 518 αἰτίᾳ
1747 441 1902 498 ἒνό-λ

1988 438 2120 513 ilud,
2164 468 2184 492 ιι
2219 437 2392 499 Solus
2427 435 2585 498 enim
2621 453 2795 496 causa
2824 435 3022 506 Pater,
3055 457 3077 491 ιι
3117 451 3150 494 a
3177 431 3328 494 Filio
3360 431 3594 494 Patrem

214 551 344 596 τητα
402 539 686 611 παριστῶν

694 582 709 614 ,
767 536 856 591 καὶ
896 535 996 602 τὴν
1026 535 1088 592 τὸ
1131 541 1340 614 πρῶτον
1367 523 1468 594 καὶ
1497 536 1720 616 ἀρχικὸν
1764 553 1867 587 σα-

1988 548 2010 588 ῑι
2044 525 2356 608 principali
2386 525 2760 598 discernens,
2795 523 3060 585 adducit.

215 625 321 697 ’ᾷῶς
377 617 678 696 δυναμένην
707 622 782 699 ἐξ,
836 629 914 697 τῷ
945 625 1105 703 Πατρί
1146 625 1442 706 ἀναφέρων,
1475 615 1559 706 τὸν,
1596 615 1628 679 γε
1685 625 1854 681 Μόνος
1911 619 2010 696 γὰρ
2041 616 2212 680 αῗτιος
2257 620 2285 673 ὁ
2317 617 2520 693 Πατὴρ,
2583 639 2606 668 ο
2650 618 2720 680 ὡς
2763 622 2854 670 τοῦ
2886 616 3006 669 ι’ἰοῦ
3039 616 3128 670 τὸν
3160 615 3362 688 Πατέρα
3395 617 3477 672 ἐπὶ
3521 623 3596 689 τῷ

217 707 424 792 ap],th
452 707 779 768 διαστέλλων
821 711 1006 792 ἐπάγει
1018 761 1032 776 ,

293 788 397 872 ς’.
448 801 657 856 Λεῖπόν
700 801 840 858 ἐστιν
885 788 1079 882 ἀπάρτι
1125 801 1314 860 λοιπὸν
1379 805 1467 859 καὶ
1509 805 1576 869 ἦς
1606 801 1745 856 ἔστιν
1788 799 1875 856 ὅτε

224 888 554 964 προτείνουσι
609 889 813 968 ῥήσεως
868 892 964 948 τοῦ
1019 889 1288 969 θεολογίας
1344 891 1618 966 ἐπωνύμου
1675 890 1720 946 οἰ
1780 888 1876 944 ἂν·

221 975 526 1055 τιλέγοντες
571 986 958 1055 μνημονεῦσαι,
1021 983 1124 1060 οὐχ
1179 978 1260 1036 ὅτι
1291 979 1700 1056 ἇμεταποιήτως
1743 978 1877 1033 ταύ-

222 1086 316 1131 την
372 1068 733 1144 προτείνουσι,
807 1068 895 1125 καὶ
976 1069 1037 1124 τὸ
1095 1068 1389 1146 ἀναγκαῖον
1446 1067 1579 1130 ἴσως
1649 1066 1880 1124 ἐντεῦθεν

225 1155 352 1226 ἡμῖν
409 1157 577 1211 αὐτὸν
613 1156 781 1231 ἐαυτῷ
801 1158 895 1212 τὸν
923 1156 1076 1235 ἅγιον
1115 1154 1459 1232 συμϐιϐάσαι,
1519 1159 1590 1222 ὡς
1633 1155 1718 1212 ἐπὶ
1774 1162 1880 1212 τῶν

227 1244 628 1322 προειρημένων
693 1245 898 1324 ῥήσεων
974 1247 1140 1324 ἔχει’
1203 1245 1332 1321 ἅλμ’
1390 1245 1469 1301 ὅτι
1517 1243 1752 1312 δοθείσης
1795 1246 1884 1301 καὶ

226 1333 674 1411 συγχωρηθείσης
719 1332 842 1412 παρ’
900 1337 1055 1410 ἡμῶν
1103 1339 1203 1400 τῆς
1236 1335 1674 1409 ματαποιήσεως,
1706 1332 1882 1400 πολλὴ

226 1441 298 1484 τις
366 1423 755 1500 ἓπιγενήσεται
810 1425 941 1501 πρὸς
1003 1419 1266 1487 ἀπόδειξιν
1323 1425 1358 1490 ὴ
1416 1421 1765 1500 συγκρότησις
1794 1430 1886 1478 τοῦ

228 1509 284 1564 τὸ
352 1509 540 1567 αἴτιον
598 1512 742 1590 παρὰ
768 1518 874 1568 τῶν
929 1511 1094 1589 ἁγίων
1125 1509 1396 1590 ἐξαιρέτως
1452 1517 1529 1584 τῷ
1559 1511 1720 1589 Πατρὶ
1748 1509 1883 1591 ἀφο-

230 1597 450 1674 ρίζεσθαι
515 1598 601 1656 διὰ
669 1601 731 1656 τὸ
803 1605 1008 1680 πρῶτον
1064 1601 1153 1656 καὶ
1221 1599 1469 1679 ἀρχικὸν,
1527 1601 1600 1662 ὡς
1655 1599 1885 1656 ἐντεῦθεν

2037 795 2096 855 6.
2131 795 2301 856 Nunc
2331 793 2560 856 interea
2579 793 2871 873 reliquum
2896 801 3008 873 est,
3035 799 3097 852 ut
3118 793 3342 854 dictum
3367 814 3602 876 quoque

1961 883 2148 962 illius,
2207 883 2300 942 cui
2358 901 2392 942 a
2441 882 2735 960 theologia
2791 899 3008 942 nomen
3043 889 3153 956 est,
3191 891 3247 943 et
3277 883 3603 946 adversarii

1961 978 2321 1051 proponunt,
2376 988 2938 1043 commemoremus,
2993 988 3108 1030 non
3153 971 3308 1050 quod
3343 972 3486 1034 illud
3520 974 3603 1033 uti

1963 1070 2072 1133 est,
2103 1058 2325 1139 absque
2358 1059 2486 1120 ulla
2544 1059 2634 1120 sui
2665 1056 3078 1119 immutatione
3112 1071 3467 1142 proponant,
3499 1061 3602 1122 sed

1965 1147 2122 1228 quod
2155 1148 2556 1209 necessarium
2598 1157 2706 1223 est,
2767 1155 2834 1208 ut
2864 1147 3002 1208 inde
3035 1147 3312 1209 Sanctum
3346 1151 3457 1211 sibi
3492 1151 3604 1232 ipsi

1966 1237 2322 1299 concordem
2358 1237 2758 1305 ostendamus,
2795 1236 3295 1315 quemadmodum
3343 1248 3400 1298 et
3430 1241 3487 1301 in
3520 1242 3606 1302 di-

1967 1325 2076 1386 ctis
2104 1344 2282 1404 supra
2315 1326 2566 1386 laudatis
2597 1325 2848 1386 fecimus
2882 1347 2894 1386 :
2933 1326 3036 1385 sed
3069 1327 3250 1407 quod,
3281 1330 3416 1390 data
3431 1331 3604 1391 etiam

1967 1423 2141 1495 atque
2169 1433 2453 1475 concessa
2510 1413 2951 1488 immutatione,
3014 1416 3261 1476 multum
3296 1419 3508 1480 valebit
3535 1420 3607 1480 ad

1968 1503 2498 1567 demonstrandum
2534 1503 3012 1578 consensionem,
3064 1523 3097 1566 a
3145 1507 3364 1568 sanctis
3395 1527 3610 1589 nempe

1969 1592 2242 1654 Patribus
2263 1612 2498 1654 causam
2528 1595 2823 1673 praecipue
2846 1592 3000 1655 Patri
3019 1594 3443 1676 decerni,quod
3471 1598 3611 1659 inde

231 1689 356 1765 πρὸς
415 1689 666 1768 ἀνάγκης
737 1690 1044 1748 ἀκολουθεῖν
1095 1697 1250 1747 τοῦτο
1299 1703 1442 1747 νοεῖν
1485 1690 1650 1766 εἶναι,
1683 1692 1742 1746 τὸ
1798 1691 1886 1747 καὶ

1988 1680 2318 1743 irimarium
2354 1691 2412 1742 et
2443 1682 2790 1763 principale,
2828 1683 3163 1744 necessario
3202 1692 3608 1766 consequitur,

234 1776 625 1856 ἀφαιρούμενον
665 1782 758 1836 τοῦ
814 1781 960 1839 Υἰοῦ.
1007 1776 1158 1836 Ἐπεὶ
1227 1779 1326 1856 γὰρ
1369 1778 1423 1834 ἐν
1451 1783 1527 1851 τῷ
1569 1780 1698 1856 πρὸς
1763 1780 1884 1843 τοὺς

1988 1778 2025 1830 at
2056 1769 2113 1830 id
2149 1770 2341 1851 ipsum
2373 1789 2506 1832 esse
2533 1771 2902 1850 intelligitur,
2927 1771 3084 1851 quod
3105 1791 3138 1832 a
3158 1772 3306 1834 Filio
3329 1794 3608 1854 segrega-

234 1863 320 1920 ἀπ’
404 1867 680 1945 Αἰγύπτου
769 1865 1206 1942 ἰπιδημήσαντας
1263 1865 1409 1945 λόγῳ
1459 1872 1551 1923 τοῦ
1591 1866 1886 1946 θεοῤῥήμο-

1988 1879 2083 1920 ;ur.
2117 1864 2263 1923 Cum
2298 1861 2456 1922 enim
2500 1863 2768 1924 oratione
2797 1861 3144 1942 diviniloqui
3178 1865 3370 1925 Patris
3400 1866 3470 1926 ad
3507 1884 3612 1928 eos

234 1973 340 2024 νος,
373 1953 491 2010 ἔστι
555 1957 655 2031 μὲν
710 1956 811 2035 γὰρ
862 1959 946 2020 οἷς
988 1957 1094 2012 τῶν
1138 1955 1490 2034 ἂντιγράφων,
1527 1979 1555 2011 α
1587 1956 1765 2014 Πάντα
1791 1956 1888 2013 ὅσα

1988 1948 2068 2028 ιιιί
2099 1967 2167 2010 ex
2194 1949 2436 2030 Egypto
2467 1958 2866 2024 accesserant,
2900 1950 2960 2009 in
2987 1952 3288 2014 nonnullis
3319 1954 3614 2033 exempla-

239 2040 346 2121 ’ἔχει
411 2046 442 2100 ὁ
475 2045 665 2124 Πατὴρ
688 2045 781 2100 τοῦ
825 2047 947 2101 Υἰοῦ
975 2045 1086 2101 ἔστι
1126 2043 1266 2112 πλὴν
1307 2045 1404 2112 τῆς
1435 2045 1745 2123 ἆγεννησίας
1794 2064 1808 2079 ’
1858 2069 1881 2102 3

1988 2037 2137 2099 ribus
2194 2039 2501 2115 habeatur,
2543 2063 2566 2093 α
2606 2037 2979 2118 Quaecunque
3037 2039 3213 2100 habet
3254 2040 3444 2116 Pater,
3480 2043 3613 2104 Filii

237 2129 339 2187 ἔστι
396 2129 455 2188 δὲ
484 2131 615 2212 παρ’
646 2136 756 2206 οἷς,
793 2153 818 2188 ε
868 2131 1017 2200 Πλὴν
1059 2138 1157 2200 τῆς
1209 2132 1401 2208 αἰτίας,
1441 2157 1463 2187 3
1501 2133 1810 2211 εὑρίσκεται,
1843 2135 1889 2188 οἱ

1988 2134 2134 2201 sunt,
2168 2126 2218 2186 si
2248 2146 2432 2188 unum
2483 2127 2810 2206 ingenitum
2834 2145 2967 2188 esse
2989 2127 3038 2188 si
3062 2128 3380 2209 excipias,»
3404 2130 3461 2191 in
3483 2132 3614 2193 aliis

239 2222 332 2287 τὴν
370 2221 626 2278 ὶναντίαν
680 2221 952 2296 μετιόντες
1001 2222 1088 2278 καὶ
1142 2227 1296 2277 τοῦτο
1324 2219 1389 2288 δὴ
1420 2222 1503 2297 τὸ,
1557 2245 1584 2276 α
1620 2220 1765 2289 Πλὴν
1791 2227 1892 2289 τῆς

1988 2233 2138 2288 vero,
2178 2239 2200 2270 σι
2228 2234 2406 2276 unam
2441 2215 2492 2276 si
2524 2215 2784 2296 excipias
2813 2235 3112 2289 causam,»
3150 2217 3615 2300 inveniatur,qui

242 2310 407 2372 αἰτίας
445 2326 461 2340 ⁶
503 2333 534 2366 3
592 2311 765 2388 τρίτον
819 2309 904 2367 ἐπὶ
959 2323 1077 2372 τοῖς
1163 2309 1569 2388 προειρημένοις
1628 2307 1740 2366 δυσὶ
1796 2316 1893 2378 τῆς

243 2404 342 2454 τῶν
403 2399 620 2455 οἰκείων
701 2397 876 2476 λόγων
959 2396 1282 2474 σαθρότητος
1355 2397 1510 2475 μέρος
1595 2405 1892 2460 ποιοῦνται.

247 2476 435 2562 Ἠμεῖς
491 2485 548 2543 δὲ
619 2485 698 2545 ὅτι
723 2487 776 2542 αἰ
817 2488 902 2566 τὸ,
939 2508 961 2542 ε
997 2485 1144 2553 Πλὴν
1173 2490 1272 2552 τῆς
1317 2485 1628 2564 ἀγεννησίας
1668 2510 1691 2541 3
1727 2485 1898 2566 ἔχου-

245 2595 328 2632 σαι
354 2574 558 2652 βίϐλοι,
605 2577 667 2632 τὸ
733 2575 864 2631 κατύ
892 2575 954 2630 τὸ
1011 2575 1104 2638 αἷς
1134 2575 1217 2650 τὸ,
1257 2597 1286 2629 α
1319 2574 1466 2642 Πλὴν
1507 2579 1605 2642 τῆς
1640 2576 1829 2653 αἰτίας,
1865 2600 1893 2632 3

246 2664 554 2745 ἐμφέρεται,
614 2664 963 2744 ἀποφέρονται
1017 2667 1232 2745 κράτος,
1283 2667 1474 2728 ἱκανῶς
1524 2667 1580 2721 ἓν
1635 2663 1900 2745 διαφόροις

247 2751 427 2831 λόγοις
458 2751 976 2833 προαποδεδειχότες
1016 2752 1075 2809 ἐκ
1115 2759 1208 2809 τοῦ
1250 2758 1430 2829 πᾶσιν,
1478 2753 1531 2810 ἒν
1562 2754 1650 2816 οἷς
1680 2755 1772 2818 τὰς
1801 2755 1899 2823 τῆς

249 2843 464 2922 Τριάδος
541 2845 570 2899 ὁ
615 2841 760 2922 ἅγιος
825 2843 1055 2921 ἀφορίζει
1111 2841 1404 2921 ἰδιότητας,
1445 2842 1542 2908 τὴν
1587 2841 1900 2920 ἆγεννησίαν

245 2930 583 3012 ἀποκληροῦν
634 2939 712 3005 τῷ
768 2932 952 3010 Πατρί,
988 2932 1075 2986 καὶ
1129 2932 1213 3004 τὸ,
1279 2953 1308 2985 α
1342 2929 1490 2998 Πλὴν
1521 2936 1620 2997 τῆς
1665 2932 1830 2995 αἰτίας
1869 2955 1892 2987 3

250 3029 334 3078 νῦν
389 3019 624 3082 διδόντες
694 3021 784 3076 καί
828 3018 1252 3098 συγχωροῦντες,
1315 3017 1462 3075 οὐδὲν
1503 3039 1554 3074 τι
1611 3019 1899 3098 ἀπόνασθαι

1977 2311 2184 2364 contra
2214 2323 2322 2365 nos
2350 2304 2594 2380 faciunt,
2631 2305 2745 2365 hoc
2805 2306 2968 2379 item,
3011 2326 3036 2364 ε
3069 2325 3245 2367 unam
3279 2308 3327 2368 si
3359 2308 3618 2388 excipias

1979 2411 2242 2467 causam,
2280 2419 2306 2449 »
2345 2393 2575 2454 tertiam
2611 2402 2743 2474 post
2773 2393 2888 2454 duo
2913 2393 3168 2474 primum
3193 2396 3618 2470 allata,sermo-

1980 2501 2121 2543 num
2153 2501 2396 2544 suorum
2431 2482 2856 2545 imbecillitatis
2891 2493 3114 2564 partem
3148 2494 3474 2566 apponunt.
3501 2488 3620 2549 Nos

1981 2588 2162 2650 porro
2193 2591 2327 2633 cum
2356 2572 2795 2634 ostenderimus
2836 2573 3150 2645 volumina,
3181 2594 3332 2655 quae,
3374 2598 3397 2631 ι
3436 2593 3620 2636 unum

1980 2659 2306 2738 ingenitum
2334 2679 2464 2722 esse
2487 2661 2535 2722 si
2565 2661 2848 2739 excipias,
2887 2687 2914 2717 ι
2969 2664 3294 2739 continent,
3330 2683 3448 2745 pra;
3479 2664 3618 2744 illis,

1981 2767 2135 2827 qua},
2178 2773 2197 2803 ι
2240 2749 2289 2810 si
2321 2749 2582 2829 excipias
2613 2768 2871 2826 causam,
2911 2776 2936 2806 »
2965 2751 3208 2827 habent,
3248 2753 3492 2833 potioris
3522 2771 3624 2813 ro-

1983 2835 2146 2897 boris
2177 2855 2331 2918 esse,
2388 2838 2624 2899 abunde
2669 2858 2811 2900 sane
2859 2839 2918 2900 in
2952 2841 3204 2903 diversis
3233 2841 3621 2917 orationibus,

1984 2933 2296 3005 propterea
2357 2927 2511 3006 quod
2564 2927 2623 2987 in
2679 2927 2929 3007 reliquis
2973 2929 3272 3010 omnibus,
3320 2930 3380 2990 in
3411 2929 3626 3008 quibus

1983 3024 2222 3076 sanctus
2245 3018 2637 3095 proprietates
2659 3015 2895 3077 Triadis
2919 3017 3268 3096 praescribit,
3297 3017 3625 3096 ingenitum

249 3109 343 3177 τῆς
399 3108 811 3184 μεταποιήσεως
852 3088 1032 3183 ἕωμεν.
1099 3088 1247 3171 τοὺς⁷
1273 3105 1663 3185 ἀντιλέγοντας.
1713 3097 1901 3168 “Equo

1988 3121 2115 3164 esse
2146 3088 2306 3166 Patri
2354 3088 2649 3181 attribuit,
2685 3113 2762 3185 et,
2814 3131 2833 3159 ι
2896 3088 3072 3165 unam
3105 3105 3159 3166 si
3191 3088 3452 3185 excipias
3482 3125 3626 3166 cau-

252 3197 346 3276 γὰρ
401 3199 467 3253 τὸ
527 3219 555 3250 ε
599 3195 747 3263 Πλὴν
789 3197 890 3262 τῆς
933 3196 1098 3259 αἰτίας
1145 3218 1168 3253 3
1233 3197 1324 3252 τὸν
1383 3192 1535 3273 ἅγιον
1581 3196 1843 3276 εἰρηκέναι
1882 3213 1894 3228 ⁸

253 3287 402 3342 ποίαν
433 3283 505 3353 δὴ
559 3285 657 3352 τὴν
703 3283 872 3339 αἰτίαν
915 3295 1028 3340 νοεῖ
1069 3285 1287 3358 ταύτην,
1349 3282 1670 3348 ἐξεταστέον,
1704 3284 1776 3343 Οὔ
1803 3287 1902 3365 γὰρ

255 3373 615 3454 ἀφορισμένως
664 3394 693 3427 α
737 3370 880 3438 πλὴν
939 3377 1037 3439 τῆς
1093 3373 1259 3435 αἰτίας
1309 3393 1332 3426 3
1395 3372 1523 3451 ἔφη,
1565 3393 1588 3429 α
1621 3380 1714 3431 τοῦ
1745 3376 1906 3430 Πνεύ-

258 3485 418 3538 ματος
464 3479 482 3495 ⁸
520 3485 550 3518 3
598 3459 678 3518 ὅτι
735 3458 872 3536 μηδέ
914 3481 994 3524 τις
1024 3461 1094 3528 ἦν
1121 3464 1264 3535 αὗτῷ
1292 3459 1478 3539 λόγος,
1515 3462 1559 3516 εἰ
1590 3459 1688 3542 ἄρα
1719 3461 1780 3518 ἐκ
1809 3463 1907 3538 μό-

259 3575 344 3608 νου
394 3551 494 3609 τοῖ’)
551 3551 779 3628 Πατρὸς,
838 3548 876 3616 ἢ
940 3547 1000 3606 ἐκ
1047 3551 1140 3604 τοῦ
1195 3551 1399 3628 Πατρὸς
1429 3546 1497 3605 δι’
1530 3549 1650 3606 Υἰοῦ
1675 3551 1906 3608 αἰτιατὸν

257 3643 316 3697 τὸ
373 3647 590 3715 Πνεῦμα
655 3638 816 3713 ἐστιν,
894 3637 1022 3717 ὅπερ
1099 3642 1198 3707 τῆς
1249 3647 1335 3698 νῦν
1390 3636 1686 3716 ἀντιλογίας
1741 3640 1904 3714 ἐστὶν,

260 3728 375 3786 ἀλλ’
433 3727 740 3802 ἀπολύτως,
778 3749 806 3782 α
839 3727 1018 3782 Πάντα
1074 3725 1173 3783 ὅσα
1229 3726 1349 3807 ἔχει
1378 3728 1406 3782 ὁ
1451 3727 1634 3800 Πατὴρ
1663 3736 1756 3786 τοῦ
1790 3732 1910 3788 ι’ἰοῦ

261 3817 424 3890 ἔστιν,
467 3840 494 3872 3
540 3816 667 3896 ἔφη,
728 3815 845 3894 εἴγε
887 3817 974 3872 καὶ
1016 3813 1142 3894 ἔφη,
1216 3842 1242 3874 α
1277 3814 1423 3882 Πλὴν
1481 3814 1578 3884 τῆς
1634 3817 1826 3882 αἰτίας.
1881 3841 1904 3872 ιι

262 3909 406 3964 Αἰτία
437 3905 496 3962 δὲ
546 3903 822 3968 ἀπολύτως
867 3901 1004 3960 οὕτω
1058 3902 1326 3980 λεγομένη
1371 3903 1430 3962 οὗ
1492 3903 1654 3978 μόνον
1683 3906 1776 3974 τὴν
1807 3928 1911 3985 φυ-

260 3999 409 4064 σικὴν
461 3997 558 4052 τοῦ
612 3995 915 4070 Πνεύματος
973 3993 1138 4049 αἰτίαν
1193 3991 1377 4070 δηλοῖ,
1435 3991 1570 4049 ἀλλὰ
1599 4015 1659 4071 γε
1691 3995 1778 4051 καὶ
1815 3997 1912 4062 τὴν

260 4085 363 4142 τῶν
415 4084 727 4153 κτισμάτων
783 4082 1095 4149 ποιητικὴν.
1170 4081 1268 4139 Καὶ
1317 4079 1400 4138 δεῖ
1453 4083 1545 4138 τὸν
1587 4083 1681 4146 τὰς
1725 4105 1910 4159 σημα-

261 4174 370 4238 σίας
434 4178 544 4230 τῶν
595 4176 866 4250 γραφικῶν
923 4170 1274 4249 ἀνιχνεύοδτα
1348 4169 1536 4236 λέξεων
1604 4170 1912 4228 σκέπτεσθαι

261 4264 347 4320 καὶ
413 4262 717 4340 ἀνερευνᾷν,
773 4265 888 4321 πῶς
945 4257 1008 4314 ἂν
1048 4258 1252 4337 γένοιτο
1289 4257 1405 4316 κατ’
1450 4257 1653 4316 ἔννοιαν
1723 4259 1912 4328 εὐσεϐῆ

263 4353 346 4408 καὶ
399 4349 635 4431 φυσικῶς
690 4349 779 4404 καὶ
847 4353 1142 4414 ποιητικῶς
1196 4349 1286 4404 τὸν
1338 4349 1458 4403 Υἱὸν
1500 4347 1744 4426 ἀφαιρεῖν
1813 4349 1913 4415 τὴν

1983 3209 2170 3266 sam,-
2197 3210 2354 3252 nunc
2385 3192 2594 3254 dantes
2621 3193 3157 3272 concedentesque,
3195 3194 3338 3254 nulli
3359 3212 3627 3255 commo-

1986 3281 2060 3340 do
2090 3298 2221 3342 esse
2251 3281 2792 3343 contradicentibus
2841 3282 3093 3342 similem
3125 3281 3624 3355 immutationem,

1991 3366 2428 3444 dignoscamus.
2482 3369 2620 3430 Esto
2642 3372 2687 3432 si
2717 3370 2980 3450 quidem,
3011 3396 3037 3425 α
3066 3389 3267 3450 unam,
3297 3371 3346 3430 si
3372 3370 3628 3449 excipias

1991 3475 2250 3520 causam.
2311 3477 2338 3516 3
2392 3456 2645 3519 Sanctus
2704 3458 3121 3538 enuntiaverit,
3179 3477 3352 3538 quam
3387 3477 3626 3519 causam

1990 3545 2118 3626 ipse
2147 3545 2526 3620 intellexerit,
2580 3547 3033 3608 examinandum
3087 3557 3196 3608 est.
3232 3547 3436 3628 Neque
3466 3547 3626 3608 enim

1990 3634 2319 3714 separando
2353 3635 2521 3716 dixit,
2562 3658 2584 3692 ιι
2629 3636 2679 3698 si
2720 3655 2955 3698 causam
2989 3636 3241 3718 Spiritus
3275 3637 3553 3718 excipias.
3599 3660 3621 3692 ι

1990 3720 2196 3802 Neque
2218 3724 2374 3785 enim
2400 3724 2486 3784 illi
2507 3743 2667 3786 cura:
2711 3736 2854 3801 erat,
2881 3745 2952 3787 an
2985 3745 3056 3787 ex
3072 3726 3194 3788 solo
3217 3725 3412 3800 Patre,
3440 3724 3531 3786 vel
3559 3744 3628 3787 ex

1993 3812 2166 3872 Patre
2200 3831 2305 3893 per
2326 3813 2536 3875 Filium
2589 3814 2843 3894 Spiritus
2889 3825 3253 3891 causaretur,
3286 3815 3439 3896 quod
3473 3833 3628 3896 prae-

1994 3900 2179 3961 sentis
2202 3903 2602 3963 contentionis
2630 3912 2738 3973 est,
2765 3904 2868 3966 sed
2898 3904 3378 3984 indeterminate,
3408 3928 3434 3958 α
3456 3905 3628 3974 Quaa-

1998 4007 2232 4068 cunque
2258 3990 2438 4052 habet
2497 3993 2692 4072 Pater,
2746 3994 2877 4055 Filii
2909 4001 3064 4066 sunt,
3095 4019 3120 4048 ι)
3153 3993 3325 4067 dixit,
3358 3993 3407 4053 si
3440 4001 3634 4053 tamen

1997 4077 2163 4152 dixit,
2205 4100 2226 4133 ι
2259 4079 2308 4139 si
2342 4079 2898 4159 excipias}causam.
2923 4107 2946 4139 υ
2985 4083 3172 4144 Causa
3191 4100 3328 4142 vero
3349 4081 3432 4140 sic
3454 4081 3632 4142 abso-

1998 4165 2118 4227 lute
2151 4168 2476 4243 enuntiata,
2504 4188 2619 4228 non
2647 4177 2872 4230 tantum
2898 4170 3225 4232 naturalem
3247 4169 3486 4248 spiritus
3504 4187 3638 4230 cau-

1995 4272 2145 4329 sam,
2181 4256 2283 4317 sed
2315 4257 2489 4318 etiam
2543 4271 2948 4319 creaturarum
3001 4257 3358 4320 effectricem
3390 4256 3632 4318 indicat.

1995 4341 2360 4424 Oportetque
2396 4345 2751 4425 scriptarum
2785 4347 3110 4407 dictionum
3145 4346 3508 4424 signiﬁcatus
3538 4346 3634 4406 in-

265 4440 454 4511 αἰτίαν,
512 4438 599 4496 καὶ
655 4435 806 4512 μόνῷ
861 4437 1059 4503 ταύτην
1118 4434 1454 4514 ἀποκληροῦν
1491 4442 1568 4510 τῷ
1599 4438 1780 4514 Πατρί.
1817 4438 1902 4494 Kal

1998 4433 2385 4511 vestigantem
2439 4433 2841 4508 considerare,
2898 4443 2955 4495 et
2983 4434 3309 4514 inquirere,
3345 4434 3636 4512 quomodo

266 4529 476 4591 πάντως
519 4531 624 4590 πᾶς
678 4546 759 4588 τις
812 4522 976 4588 οὕτως
1046 4523 1330 4603 ἂνερευνῶν
1383 4520 1500 4579 κατ’
1567 4522 1712 4581 οὐδὲν
1742 4523 1915 4604 ἕτερον

265 4619 353 4675 τὸν
379 4618 546 4696 λόγον
596 4613 934 4690 εὖοδοόμενον
993 4627 1212 4694 γνωριεῖ
1271 4613 1354 4670 ὅτι
1427 4614 1504 4689 μὴ
1557 4615 1693 4670 κατὰ
1753 4615 1916 4689 μόνον

267 4707 328 4763 τὸ
378 4705 479 4773 τῆς
536 4702 704 4766 αἰτίας
757 4707 969 4782 πρῶτον
1015 4704 1104 4758 καὶ
1133 4702 1382 4781 ἀρχικόν,
1419 4702 1642 4780 Εὑρήσει
1675 4703 1773 4780 γὰρ
1804 4699 1916 4778 ἅμα

270 4795 354 4851 καὶ
439 4791 713 4850 Βασίλειον
795 4791 883 4847 καὶ
964 4789 1274 4848 ’Δθανάσιον
1329 4790 1450 4853 τοὺς
1503 4790 1599 4858 τὴν
1641 4789 1915 4869 θεολογίαν

269 4881 531 4944 ἰσοκλεεῖς
603 4883 703 4946 τῆς
774 4879 975 4942 ἑννοιας
1041 4878 1238 4946 ταύτης
1301 4878 1804 4957 ἐπισυγκροτοῦντας
1853 4879 1916 4935 τὸ

275 4969 504 5046 εὐσεϐὲς,
534 4971 626 5027 τὸν
654 4969 753 5044 μὲν
782 4968 835 5025 ἐν
865 4968 979 5043 οἷς,
1017 4989 1042 5025 ε
1081 4967 1488 5047 Μηδεὶςξοίἑσθω
1517 4989 1607 5043 με,
1644 4990 1668 5026 3
1705 4966 1914 5047 εἴρηκε,

281 5081 307 5116 ε
348 5072 499 5141 τρεῖς
544 5059 688 5116 εἶναι
729 5055 903 5136 λέγειν
970 5057 1196 5136 ἀρχικὰς
1239 5056 1553 5120 ὑποστάσεις
1587 5099 1600 5114 .
1631 5056 1778 5136 ἀρχὴ
1821 5057 1920 5134 γὰρ

277 5153 378 5205 τῶν
418 5148 586 5204 ὃντων
665 5146 780 5223 μία,
858 5143 924 5202 δι’
978 5146 1100 5204 Υἰοῦ
1151 5143 1456 5222 ἐνιργοῦσα,
1480 5144 1600 5223 ,καὶ
1647 5142 1922 5202 τελειοῦσα

279 5235 331 5292 ἰν
357 5237 647 5311 Πνεύματι.
669 5220 702 5271 ’⁸
736 5220 772 5290 3
797 5235 888 5291 καὶ
930 5232 994 5290 αὗ
1021 5233 1075 5290 ἔν
1107 5233 1194 5296 οἷς
1224 5220 1326 5313 ἔφη
1355 5249 1370 5264 ⁸
1416 5254 1444 5287 ε
1475 5220 1620 5290 υΕνα
1648 5232 1746 5311 γὰρ
1777 5229 1925 5287 οἴδα-

281 5346 372 5399 μεν
400 5325 714 5403 ἀγέννητον,
757 5323 845 5379 καὶ
873 5322 1000 5398 μίαν
1023 5322 1129 5379 τῶν
1169 5321 1334 5377 ὅντων
1363 5320 1565 5400 ἀρχὴν,
1594 5321 1685 5376 τὸν
1716 5319 1922 5399 Πατέρα

278 5421 366 5473 τοῦ
410 5412 599 5492 Κυρίου
643 5412 797 5488 ἡμῶν
857 5408 1036 5478 Ἰησοῦ
1091 5416 1314 5487 Χριστοῦ
1345 5429 1363 5446 ο
1409 5432 1439 5465 3
1503 5407 1814 5466 Ἀθανάσιον
1868 5405 1923 5464 δὲ

284 5499 332 5557 ἰν
396 5501 513 5576 οἶς,
576 5523 603 5556 α
635 5500 696 5559 Τί
749 5498 862 5556 ἐστι
920 5499 1076 5576 Θεός,
1142 5519 1168 5556 3
1203 5497 1414 5578 εἴρηκε,
1446 5499 1536 5554 καὶ
1564 5495 1806 5576 ἐπήγαγε
1835 5497 1921 5572 τὰ,

283 5609 312 5652 ,ε
365 5580 430 5646 ’Π
485 5589 700 5649 πάντων
747 5587 895 5668 ἀρχὴ
943 5587 1079 5644 κατὰ
1127 5587 1218 5643 τὸν
1247 5583 1573 5646 ’Λπόστολον
1617 5600 1633 5616 ⁶
1674 5589 1771 5649 Εἷς
1796 5587 1924 5649 Θεὸς

595 5715 858 5784 Panos.
901 5721 1017 5786 Gn.
1063 5720 1266 5787 CXLI.

1999 4521 2093 4599 pie
2151 4521 2562 4600 intelligendo,
2620 4532 2678 4584 et
2736 4524 2986 4584 naturali
3048 4533 3104 4584 et
3136 4523 3433 4584 eilectrice
3464 4541 3640 4584 causa

2003 4609 2211 4670 Filium
2243 4610 2478 4690 spoliet,
2505 4619 2561 4672 et
2585 4611 2694 4672 soli
2728 4629 2854 4673 eam
2880 4612 3039 4674 Patri
3065 4611 3340 4674 ascribat.
3365 4610 3434 4670 Et
3463 4612 3638 4689 plane

1998 4698 2339 4778 quicunque
2396 4699 2576 4759 simili
2638 4701 2814 4761 modo
2875 4699 3244 4780 pervestigat,
3281 4700 3637 4761 sententiam

1999 4795 2221 4848 rectam
2255 4787 2413 4848 illam
2448 4807 2578 4850 esse
2605 4788 2916 4868 intelliget,
2951 4788 3065 4849 nisi
3097 4787 3425 4849 secundum
3447 4807 3639 4849 causa:

2001 4875 2348 4953 primarium
2375 4886 2432 4938 et
2459 4876 2806 4957 principale.
2832 4876 3108 4957 Reperiet
3143 4874 3358 4954 quippe
3382 4874 3558 4934 simul
3583 4884 3639 4935 et

1999 4963 2284 5025 Basilium
2311 4973 2369 5027 et
2401 4965 2787 5027 Athanasium
2819 4965 2879 5026 in
2907 4964 3086 5026 rebus
3117 4963 3464 5040 theologicis
3482 4966 3638 5041 paris

2002 5049 2732 5130 nominis,intelligentiam
2753 5053 3006 5114 similem
3029 5050 3111 5112 uti
3126 5051 3277 5132 piam
3296 5059 3639 5130 rectamque

2003 5137 2424 5217 approbantes,
2458 5141 2616 5202 hunc
2647 5141 2886 5220 quidem
2917 5141 3036 5202 illis
3072 5159 3084 5202 :
3124 5139 3223 5200 «Et
3246 5158 3420 5200 nemo
3443 5139 3640 5200 existi-

2007 5233 2128 5288 met
2155 5245 2277 5307 me,
2309 5237 2430 5290 tres
2462 5247 2594 5292 esse
2611 5230 2909 5292 afﬁrmare
2936 5228 3244 5307 primarias
3277 5229 3644 5308 bypostases.

2005 5313 2372 5395 Principium
2426 5317 2723 5398 siquidem
2803 5318 3066 5380 omnium
3127 5336 3308 5378 unum
3371 5325 3480 5397 est,
3540 5335 3650 5397 per

2009 5404 2222 5466 Filium
2258 5423 2530 5484 operans,
2587 5415 2646 5468 et
2692 5407 2753 5468 in
2803 5406 3026 5488 Spiritu
3075 5406 3392 5486 perﬁciens
3423 5425 3440 5482 ;
3473 5428 3496 5462 ι
3536 5423 3648 5466 nec

2008 5511 2128 5553 non
2158 5500 2217 5553 et
2237 5493 2355 5554 illis
2387 5513 2401 5554 :
2444 5519 2470 5550 α
2501 5493 2693 5558 Unum
2746 5497 2905 5558 enim
2954 5496 3175 5558 scimus
3203 5493 3556 5574 ingenitum,
3591 5502 3651 5556 et

2009 5599 2190 5643 unum
2228 5581 2495 5646 omnium
2528 5585 2908 5666 principium,
2937 5587 3173 5648 Patrem
3203 5581 3440 5645 Domini
3461 5583 3649 5644 nostri

3169 5719 3244 5781 13
