4150 6292
534 348 650 422 395
1620 364 1834 428 JOAN.
1883 363 2101 428 VECCI
2144 357 2256 425 GP.
2304 362 2819 428 PATRIARCHIE
3783 354 3923 419 396

535 495 673 555 Jesu
702 493 943 559 Christi.
982 519 1005 551 ι)
1042 494 1429 557 Athanasium
1462 513 1602 557 vero
1632 495 1693 556 in
1723 495 2003 576 illis,quaa
2031 495 2159 556 sub-

2261 500 2289 552 ὃ
2348 498 2530 576 Πατὴρ
2575 496 2626 562 ἐξ
2656 498 2713 554 οὗ
2744 499 2808 554 τὰ
2836 499 3028 561 πάντα,
3067 515 3091 550 ι
3127 498 3224 555 Καὶ
3278 497 3376 575 γὰρ
3405 497 3434 551 ὁ
3464 492 3632 570 Λόγος
3668 488 3719 555 ἐξ
3748 489 3927 546 αὒτοῦ

529 581 723 661 jungit
748 583 820 644 ad
846 582 1398 663 interrogationem.
1430 606 1460 640 ιι
1490 583 1639 657 Quid
1670 583 1830 647 Deus
1859 592 1947 646 est
1967 585 1997 646 ‘?
2026 585 2159 649 Om-

2258 588 2550 665 γεννητοῖς,
2621 589 2708 643 καὶ
2763 589 2825 644 τὸ
2902 592 3115 663 Πνεῦμα
3191 584 3242 651 ἐξ
3325 585 3480 641 αὖτοῦ
3549 584 3916 658 ἐκπορευτῶς.

532 670 697 732 nium
748 672 1129 754 principium,
1189 681 1254 734 ut
1304 674 1619 753 Apostolus
1666 673 1767 750 ait,
1832 671 1991 737 Unus
2020 673 2159 735 Deus

2260 680 2393 732 Εἶτα
2449 680 2593 732 πᾶσα
2645 679 2678 743 ἡ
2732 677 2897 739 κτίσις
2926 673 3010 731 διὰ
3065 681 3155 731 τοῦ
3186 675 3355 750 Λόγου
3398 673 3451 729 ἐν
3492 670 3756 745 Πνεύματι
3785 689 3921 723 συν·-

529 760 728 840 Pater,
774 779 843 822 ex
888 780 1005 842 quo
1045 764 1265 823 omnia.
1319 765 1590 842 Namque
1621 764 1862 823 verbum
1887 781 1957 824 ex
1989 782 2058 824 eo
2088 778 2159 823 εει

2257 763 2383 831 ἐστη
2442 762 2855 842 δημιουργικῶς,
2894 785 2916 815 I
2980 770 3144 821 Τοῦτο
3216 768 3315 830 τῆς
3373 758 3632 823 εὐσεϐείας
3692 757 3799 812 ἐστὶ
3843 756 3922 811 τὸ

530 858 871 923 generatus,
901 857 959 910 et
987 848 1243 931 Spiritus
1276 867 1346 912 ex
1378 850 1588 912 eodem
1622 851 1972 932 procedens.
1998 855 2159 912 Post-

2254 851 2577 909 τελεώτατον
2612 872 2627 889 ·
2688 853 2841 909 τοῶο
2897 857 2995 919 τῆς
3036 851 3341 931 εἰλικρινοῦς
3398 848 3681 925 ὁμολογίας
3710 847 3772 903 τὸ
3801 866 3915 901 κο·-

530 937 772 996 modum
804 938 1079 998 universa
1107 945 1379 1000 creatura
1427 957 1534 1018 per
1562 938 1823 1001 Verbum
1855 939 1915 1000 in
1947 938 2159 1019 Spiritu

2254 941 2620 1021 ρυφαιύτατον.
2695 943 2791 1005 Καὶ
2862 942 2922 998 σὺ
2962 940 3115 1004 τέλος
3145 943 3218 995 ὢν
3248 938 3577 1017 διηπόρηκας
3601 938 3700 1002 τὴν
3742 934 3914 1012 ἄκρι-

528 1021 850 1087 fabrefacta
910 1025 1204 1089 consistit.
1242 1051 1269 1081 »
1306 1025 1443 1088 Haec
1499 1035 1590 1088 est
1647 1028 1882 1108 pietatis
1913 1046 2164 1104 summa,

526 1110 625 1174 hic
642 1121 733 1174 est
755 1114 1005 1176 sincerae
1027 1133 1301 1196 veraeque
1331 1114 1724 1177 confessionis
1751 1134 1985 1178 vervex.
2008 1114 2080 1177 Et
2107 1124 2167 1177 tu

522 1202 644 1279 jam
673 1202 909 1265 tandem
939 1203 1258 1266 dubiorum
1289 1221 1323 1265 a
1351 1213 1408 1267 te
1440 1205 1875 1285 propositorum
1901 1204 2169 1285 exquisi-

527 1296 645 1350 tam
677 1290 948 1353 notitiam
1000 1291 1250 1365 habens,
1311 1310 1346 1352 a
1372 1294 1595 1355 sanctis
1629 1293 1899 1354 Patribus
1930 1311 2168 1354 causam

525 1376 686 1439 Patri
734 1380 1111 1461 potissimum
1168 1380 1389 1442 ascribi
1448 1394 1690 1463 propter
1722 1378 2066 1463 primarium
2099 1401 2167 1444 ac

2251 1028 2320 1097 ϐῆ
2372 1032 2581 1107 γνιῖ›ο·ιν¹
2621 1036 2714 1088 τοῦ
2768 1030 2909 1109 παρὰ
2950 1037 3054 1086 τῶν
3113 1029 3272 1107 ἁγίων
3319 1028 3381 1084 τὸ
3410 1027 3583 1083 αἴτιον
3626 1022 3913 1102 ἐξαιρέτως

2251 1122 2328 1193 τῷ
2381 1120 2542 1197 Πατρὶ
2598 1117 2924 1198 ἀφορίζεσθαι
3000 1116 3083 1173 διὰ
3139 1120 3200 1174 τὸ
3255 1121 3463 1196 πρῶτον
3523 1115 3611 1171 καὶ
3674 1113 3915 1192 ἀρχικὸν

2228 1206 2524 1284 ἐσχηκὼς,
2586 1206 2678 1263 καί
2723 1216 2814 1264 τοῦ
2880 1205 3108 1262 ἐντεῦθεν
3137 1207 3268 1285 πρὸς
3316 1203 3549 1281 avi-{xm
3591 1199 3914 1258 ἀκολουθεῖν

2248 1303 2401 1352 τοῦτο
2457 1308 2599 1351 νοεῖν
2653 1295 2795 1351 εἶναι
2850 1296 2911 1350 τὸ
2983 1296 3070 1350 καὶ
3153 1294 3531 1374 ἀφαιρούμενον
3600 1296 3692 1346 τοῦ
3750 1291 3907 1360 Υἱοῡ,

2249 1383 2418 1462 ἐρώτα
2457 1385 2546 1439 καὶ
2575 1382 2755 1462 πάλιν,
2789 1383 2971 1462 ἀπύρει
3002 1384 3089 1438 καὶ
3116 1381 3295 1441 πάλιν.

525 1466 852 1548 principale
886 1488 902 1549 ;
933 1468 1193 1551 indeque
1220 1470 1556 1533 necessario
1588 1472 1782 1551 sequi,
1816 1472 1927 1533 hoc
1956 1472 2150 1552 ipsum
2200 1490 2333 1534 esse
2390 1471 2548 1552 quod
2606 1470 2892 1534 adimitur
2946 1469 3094 1531 Filio
3153 1468 3471 1549 intelliges.
3536 1469 3911 1530 Percontare

523 1572 755 1637 rursus,
789 1574 997 1620 rursus
1026 1557 1330 1621 addubita.

1685 1878 2030 2007 ΤΟΥ
2154 1877 2732 2007 ΑΥΤΟΥ

1978 2089 2420 2141 ΑΝΤΙΡΡΗΤΙΚΛ

639 2222 771 2272 ΤΩΝ
804 2220 911 2271 ΕΠΙ
957 2218 1109 2270 ΤΑΙΣ
1153 2218 1302 2271 ΠΕΡΙ
1347 2221 1473 2270 ΤΟΥ
1520 2220 1713 2271 ΑΙῚΟΥ
1756 2219 2170 2273 ΠΝΕΥΜΑΤΟΣ
2203 2220 2557 2272 ΓΡΑΦΙΚΑΙΣ
2601 2219 2934 2272 ΧΡΗΣΕΣΙΝ
2979 2217 3313 2269 ΧΡΗΣΕΣΙΝ
3357 2214 3764 2267 ΕΠΙΣΤΑΣΙΩΝ

1081 2376 1498 2462 ΚΥΡΙΟΥ
1562 2375 2297 2463 ΑΝΔΡΟΝΙΚΟΥ
2360 2377 2585 2492 ΤΟΥ
2652 2373 3346 2465 ΚΑΜΑΤΗΡΟΥ

1753 2557 2208 2608 ΔροΥΓΓΑιηοΥ
2236 2526 2376 2608 ira):
2422 2554 2660 2607 ΒΙΓΛΑΣ
2772 2618 2775 2621 ν

1822 2889 2595 3053 EJUSDEM

1921 3126 2499 3196 REFUTATIONES
2540 3078 2545 3084 ’

1166 3322 1748 3408 ADVERSUS
1818 3324 1922 3407 D.
1994 3315 2615 3428 ANDRONICI
2681 3312 3244 3403 CAMATERI

1846 3514 2107 3615 VIGLIE,
2138 3508 2562 3576 DRUNGARII

920 3689 1192 3753 SUPER
1235 3688 1587 3753 SCRIPTO
1632 3685 2010 3768 TRADITIS
2058 3679 2591 3746 TESTIMONIIS
2635 3681 2748 3747 DE
2787 3680 3121 3746 SPIRITU
3158 3681 3375 3751 SANC
3387 3679 3482 3748 T0

1799 3788 2122 3853 ANIMAD
2135 3787 2613 3854 VERSIONES.

609 4118 660 4172 1.
695 4110 838 4171 Cum
868 4107 931 4169 in
952 4108 1152 4172 animo
1174 4110 1375 4166 nostro
1401 4102 1709 4178 insederit,
1747 4123 1948 4184 pacem
1972 4105 2161 4166 eccle-

520 4198 819 4261 siasticam
847 4196 1128 4259 continuo
1163 4208 1534 4277 promovere,
1578 4200 1637 4252 et
1666 4191 1851 4271 magis
1882 4211 1949 4254 ac
1972 4193 2161 4273 magis

2326 4097 2407 4168 A'.
2454 4104 2809 4181 Βουλομένους
2866 4107 3008 4180 ἡμᾶς
3057 4104 3155 4171 τὴν
3193 4104 3638 4176 ἐκκλησιαστικὴν
3667 4109 3882 4187 εἰρήνην

2240 4196 2321 4250 ἀεὶ
2363 4194 2625 4272 ,προάγειν
2655 4192 2739 4249 ἐπὶ
2780 4195 2840 4249 τὸ
2897 4189 3249 4272 βεϐαιότερον³
3304 4196 3397 4251 οὐκ
3437 4194 3559 4252 οἴδα
3602 4197 3655 4252 εἴ
3695 4219 3775 4262 τις
3818 4197 3885 4253 ἅν

521 4286 928 4367 constabilire,
964 4288 1164 4349 nescio
1194 4302 1270 4344 an
1301 4280 1593 4360 quispiam
1615 4280 1788 4342 nobis
1809 4280 2046 4361 ineptiae
2071 4281 2158 4343 vel

2243 4280 2612 4361 ἀπειροκαλίας
2668 4283 3075 4359 κατηγορήσειε.
3141 4289 3270 4345 Τοῖς
3344 4283 3443 4362 γὰρ
3500 4283 3636 4351 ἅπαξ
3690 4285 3885 4365 ἐγχει-

517 4373 864 4438 rusticitatis
912 4357 1144 4436 crimen
1191 4357 1408 4433 inurat.
1438 4357 1727 4448 'Namque
1781 4357 1928 4429 cum
1974 4367 2159 4430 semel

2244 4357 2449 4448 ρηθεῖσι
2504 4367 2681 4429 καλῶς
2726 4357 3161 4448 ἐγχειρήσαντες,
3224 4370 3310 4426 καὶ
3350 4357 3559 4451 δεύτερα
3600 4374 3689 4430 καὶ
3731 4357 3890 4452 τρίτα

515 4463 699 4527 rebus
720 4462 1035 4543 propositis
1049 4459 1233 4543 probe
1256 4474 1463 4519 manus
1484 4456 2163 4529 admoverimus,secun-

518 4551 656 4614 dum
690 4559 748 4612 et
778 4550 1013 4612 tertium
1046 4549 1115 4612 ad
1143 4564 1213 4611 ea
1235 4544 1523 4608 ﬁrmanda
1546 4544 1894 4626 ﬁgendaque
1919 4553 2161 4607 conatus

514 4658 583 4702 ac
604 4638 803 4703 studia
820 4636 1220 4701 convertenda
1240 4635 1638 4696 necessarium
1655 4633 2028 4696 ducimus.Et
2048 4653 2162 4715 qua

513 4728 743 4790 ratione
775 4746 845 4789 ex
876 4727 972 4803 iis,
1009 4727 1113 4808 qui
1161 4725 1272 4786 ista
1320 4723 1549 4801 legunt,
1602 4740 1708 4782 eos
1743 4723 1953 4783 merito
1984 4723 2159 4784 veluti

516 4816 750 4898 ineptos
782 4824 840 4877 et
867 4814 1120 4878 rusticos
1150 4811 1642 4885 criminabuntur,
1665 4810 1768 4889 qui
1787 4813 1921 4871 totis
1940 4810 2160 4873 viribus

511 4906 866 4967 conﬁrmare
925 4902 1319 4976 contendunt,
1382 4917 1633 4980 quorum
1668 4899 1965 4978 aggressio
1998 4899 2155 4962 bene

512 4994 698 5056 semel
730 5001 926 5074 empta
955 4991 1096 5055 est?
1124 4993 1549 5053 Verumtamen
1581 4988 1834 5068 primum
1868 4987 2025 5049 bene
2039 5007 2155 5050 coe-

513 5082 631 5162 ptis
661 5082 918 5144 secunda
950 5081 1164 5161 studia,
1186 5087 1245 5142 et
1276 5078 1445 5139 tertia
1474 5076 1547 5137 ad
1581 5095 1784 5138 eorum
1821 5076 2156 5138 ﬁrmitatem

510 5168 932 5231 stabiliendum
945 5169 1241 5244 conferre,
1263 5166 1374 5227 hoc
1400 5163 1826 5245 modoineptiae
1846 5164 2151 5227 rusticita-

510 5258 706 5338 tisque
727 5256 954 5319 crimen
974 5256 1303 5337 repellitur,
1338 5254 1389 5316 si
1413 5252 1509 5315 illa
1537 5271 1608 5314 ex
1625 5252 1839 5313 divinis
1860 5252 1975 5314 sibi
1993 5252 2151 5314 litte-

511 5345 597 5406 ris
613 5344 953 5407 ﬁrmitatem
972 5342 1455 5406 assumunt.Cum
1475 5341 1635 5403 enim
1661 5341 1735 5402 de
1755 5341 2156 5404 ecclesiastica

509 5452 657 5515 pace
688 5442 1071 5514 pertractant,
1100 5450 1344 5494 necesse
1368 5449 1438 5491 ea
1467 5449 1535 5491 ex
1557 5429 1699 5491 solis
1715 5431 1933 5509 scripto
1955 5430 2154 5510 petitis

511 5523 867 5585 testimoniis
898 5521 1122 5604 absque
1169 5520 1438 5596 fallaciis,
1474 5525 1534 5581 et
1580 5518 1970 5599 captiunculis
2000 5538 2151 5598 pou-

511 5610 624 5675 dus
645 5610 1105 5693 accipere,quod
1129 5617 1187 5671 et
1208 5607 1568 5690 procedente
1585 5606 1911 5687 scriptione
1935 5606 2153 5686 patebit

2242 4461 2370 4539 πρὸς
2426 4458 2670 4514 σύστασιν
2726 4454 3106 4527 ἒπιστοιϐάζειν
3162 4457 3333 4513 αὐτῶν
3371 4459 3658 4538 ἀναγκαῖον
3710 4461 3888 4540 ἡγού-

2243 4550 2395 4622 μεθα.
2434 4547 2532 4602 Καὶ
2584 4550 2699 4608 πῶς
2752 4542 2812 4598 ἄν
2841 4566 2920 4608 τις
2958 4549 3064 4599 τῶν
3104 4545 3305 4611 τούτοις
3330 4548 3758 4626 ἒντυγχανόντων
3798 4548 3884 4605 δί-

2242 4658 2391 4699 καιος
2422 4631 2514 4701 εἴη
2569 4633 2863 4712 γράψασθαι
2914 4632 3286 4711 ἀπειροκαλίας
3344 4637 3464 4699 τοὺς
3508 4639 3664 4694 παντὶ
3716 4636 3886 4694 σθένει

2243 4722 2556 4804 σπεύδοντας
2612 4718 2852 4798 βεϐαιοῦν
2907 4720 3111 4795 ἐκεῖνα,
3183 4724 3255 4778 ὧν
3300 4725 3332 4790 ἡ
3379 4725 3688 4804 ὲγχείρησις
3744 4723 3886 4792 ἅπαξ

2239 4802 2471 4891 ἐγεγόνει
2524 4807 2745 4889 καλῶςς
2833 4807 2979 4875 Πλὴν
3060 4810 3122 4885 τὸ
3204 4823 3322 4874 τοῖς
3402 4802 3764 4892 ἔγχειρηθεϊσι
3815 4814 3885 4871 τὰ

2235 4908 2418 4981 πρῶτα
2475 4898 2651 4960 καλῶς
2707 4896 2915 4976 δεύτερα
2971 4898 3346 4976 προσεπάγειν,
3422 4904 3508 4956 καὶ
3555 4903 3702 4981 τρίτα
3749 4904 3883 4981 πρὸς

2237 4985 2569 5067 βεϐαιοτέραν
2612 4986 2710 5052 τὴν
2761 4986 3029 5060 σύστασιν,
3079 4983 3239 5053 οὕτως
3281 4986 3345 5045 ἂν
3401 4990 3464 5046 τὸ
3501 4995 3599 5056 τῆς
3654 4991 3882 5069 ἀπειρο-

2240 5075 2421 5139 καλίας
2467 5073 2714 5153 ἔγκλημα
2763 5071 3024 5155 διαφύγοι,
3084 5076 3128 5130 εἰ
3182 5075 3355 5134 πάντα
3423 5085 3585 5134 ταῦτα
3630 5080 3728 5146 τὴν
3775 5079 3884 5136 ἀπὸ

2237 5164 2343 5220 τῶν
2384 5164 2534 5220 θείων
2589 5162 2806 5242 Γραφῶν
2880 5160 3190 5219 πλουτοῦσιν
3245 5164 3422 5244 ἰσχύν.
3481 5168 3603 5246 Περὶ
3644 5167 3742 5246 γὰρ
3782 5170 3882 5224 ὲκ..

2235 5255 2618 5323 κλησιαστικῆς
2690 5252 2815 5311 ὄντα
2886 5254 3120 5330 εἰρήνης,
3167 5254 3273 5312 ἀπὸ
3332 5258 3507 5331 μόνων
3563 5272 3883 5338 συγκροτετ..

2235 5348 2350 5401 σθαι
2408 5344 2657 5422 χρήσεων
2732 5341 3111 5419 ἀναγκάζονται
3182 5350 3447 5424 γραφικὼν
3503 5343 3628 5425 δίχα
3688 5369 3881 5425 σοφισ-

2235 5432 2413 5508 μάτων
2456 5432 2544 5488 καὶ
2584 5427 3019 5508 ’τιςτιιρσιλογιονμῶν³
3079 5428 3205 5510 ὅπερ
3234 5429 3300 5499 δὴ
3347 5434 3435 5489 καὶ
3488 5433 3881 5513 ἀναφανήσεται

2234 5527 2323 5577 νοῦ
2380 5518 2542 5597 λόγου
2580 5517 2860 5596 προϊόντος
2919 5518 3079 5592 ἡμῖν.
3155 5518 3272 5598 Ἐφ’
3327 5520 3416 5585 οἷς
3471 5522 3573 5599 γὰρ
3621 5524 3879 5601 περὶτῆς

2234 5606 2679 5675 ἑκκλησιαστικῆς
2724 5607 2936 5684 εἰρήνης
2985 5606 3041 5661 ἓν
3107 5604 3287 5672 ἄλλοις
3329 5608 3699 5687 ἠγωνισάμεθα
3743 5633 3878 5691 συγ-
