4180 6282
523 420 641 489 399
1617 422 1830 487 JOAN.
1876 416 2095 485 VECCI
2136 412 2247 482 CP.
2296 417 2809 482 PATRIARCH/E

525 575 634 618 nos
698 556 957 619 diximus
1014 555 1089 619 ad
1144 554 1535 619 refellendam
1583 553 1814 616 facilius
1864 552 2231 614 falsitatemA

2316 552 2710 632 ιγκροτουμένη,

525 645 875 707 methodum
936 645 1261 721 invenisse,
1323 643 1415 705 cui
1467 651 1692 705 tantum
1751 651 1837 703 cst
1894 642 2176 703 adversus

529 734 909 795 mendacium
944 733 1200 812 roboris,
1229 741 1293 792 ut
1326 750 1433 793 nos
1460 732 1674 793 excitet
1705 750 1820 791 non
1851 731 2041 791 solum
2072 733 2151 793 Ca

531 822 741 883 materi
770 820 1087 882 voluminis
1142 819 1563 881 refutationem
1599 819 1867 899 aggredi,
1901 818 2003 879 sed
2033 817 2178 879 etin

527 909 640 971 alia
667 928 902 991 quoque
933 908 1360 970 commentaria
1388 908 1901 988 continuare,quae
1930 907 2030 968 alii
2061 906 2178 967 alio

528 1006 704 1078 atque
755 997 871 1058 alio
928 1005 1197 1072 tempore
1236 998 1308 1059 ad
1343 996 1603 1058 schisma
1636 996 2175 1072 corroborandum,

3778 409 3899 475 400

2798 553 2921 630 ῥᾷον
2988 554 3050 609 τὸ
3124 557 3224 619 τῆς
3294 550 3625 629 διαγνώσεως
3697 544 3902 626 ἀκριϐὲς

2258 645 2540 717 ἒμποιήσει
2590 656 2707 706 τοῖς
2770 644 3175 724 ἒντυγχάνουσι.
3253 644 3353 700 Καὶ
3410 649 3562 698 τοῦτο
3617 642 3781 717 ἔστιν,
3841 637 3906 704 ἢν

2259 733 2542 810 εἰρήκαμεν
2599 731 2977 802 ἒπινοήσασθαι
3052 730 3265 807 μέθοδον
3316 732 3449 804 πρὸς
3523 731 3584 785 τὸ
3627 735 3719 785 τοῦ
3776 726 3909 801 ψεύ-

2260 818 2377 883 δους
2420 819 2749 900 εὐέλεγκτον,
2809 819 2927 887 ἥτις
2971 819 3035 887 δὴ
3081 818 3295 895 μέθοδος
3350 826 3599 876 τοσοῦτον
3640 817 3737 883 τὴν
3778 814 3912 871 κατὰ

2260 916 2353 966 τοῦ
2397 908 2612 984 ψεύδους
2670 909 2825 988 ἰσχὺν
2906 908 3283 980 ἀναζώννυται,
3342 909 3413 972 ὼς
3466 906 3703 985 ἐρεθίζειν
3773 905 3911 978 ἡμᾶς

2264 999 2341 1074 μὴ
2388 997 2550 1077 μέχρι
2606 1003 2704 1064 τῆς
2764 1004 2855 1053 τοῦ
2904 1004 3229 1074 Καματηροῦ
3271 994 3451 1071 βίϐλου
3480 992 3639 1061 τῆσδε
3681 993 3782 1060 τὴν
3824 992 3914 1046 ἀν-

530 1105 895 1167 quacunque
928 1086 1027 1147 illa
1059 1085 1807 1165 fuerintconscripserunt.
1845 1086 1988 1147 Cum
2021 1084 2178 1145 enim

2316 1085 2493 1164 ῤῥησιν
2550 1087 2889 1165 περιστῆσαι,
2935 1084 3073 1142 ἀλλὰ
3113 1086 3201 1141 καὶ
3247 1086 3333 1140 ἒπί
3362 1097 3480 1147 τοῖς
3511 1082 3693 1147 ἄλλοις
3726 1080 3915 1137 ἅπασιν

529 1184 806 1237 auctores
854 1174 1190 1236 schismatis
1246 1176 1584 1253 dogmatum
1620 1174 1857 1254 propria
1893 1173 2183 1254 principia

2316 1189 2567 1232 τεκτεϊναι
2653 1176 2847 1242 ταύτην
2932 1176 3353 1253 συγγράμμασιν,
3409 1172 3541 1251 ἅπερ
3584 1170 3774 1228 ἄλλοτε
3818 1168 3915 1224 ἅλ-

531 1265 875 1340 commenti,
911 1283 981 1324 ea
1028 1283 1062 1324 a
1119 1264 1497 1344 diviniloquis
1546 1263 1829 1325 Ecclesia;
1862 1264 2183 1324 luminibus

2316 1288 2349 1323 ιι
2421 1264 2507 1320 ἐπὶ
2576 1265 2919 1342 συγκροτήσει
2973 1270 3065 1320 τοῦ
3140 1263 3435 1344 σγίσματος
3504 1258 3916 1338 συνεγράψαντο,

534 1353 761 1434 absque
792 1353 910 1414 ulla
938 1352 1310 1414 haesitatione
1341 1341 1567 1413 asserta
1605 1352 2049 1432 supposuerint,
2084 1351 2184 1432 qui

2316 1375 2363 1408 ra.
2434 1350 2566 1419 δῆτα
2634 1354 2719 1408 καὶ
2773 1341 3187 1431 συνεγράψαντο,
3233 1341 3362 1408 υΟτι
3407 1350 3529 1430 γὰρ,
3560 1356 3663 1405 τῶν
3690 1348 3921 1425 πρώτως

536 1433 999 1503 εοεειὼεεοιιιὶ
1050 1449 1209 1517 sunt,
1263 1459 1380 1501 non
1438 1457 1617 1521 super
1678 1440 1831 1511 aliis,
1869 1440 1972 1500 sed
2007 1457 2187 1520 super

2316 1438 2647 1519 παρξαμένων
2707 1447 2799 1497 τοῦ
2872 1443 3197 1519 σχίσματος,
3242 1437 3371 1503 ίδιας
3445 1438 3726 1515 δογμάτων
3779 1433 3921 1491 πλαο

537 1529 754 1591 iisdem
778 1547 907 1609 quae
936 1528 1218 1591 adversus
1250 1528 1573 1590 Romanam
1606 1529 1933 1590 Ecclesiam
1968 1528 2186 1608 scripto

2316 1528 2515 1605 πιμένων
2572 1529 2769 1608 ἀρχὰς,
2845 1531 2933 1586 καὶ
2976 1531 3168 1592 ταύτας
3212 1530 3284 1590 ὡς
3316 1525 3755 1605 ὁμολογουμένως
3816 1545 3925 1580 πα-

565 1618 941 1692 radiderunt,
969 1616 1690 1697 fundarunt,contentiosa
1720 1617 1987 1677 simultas
2017 1625 2190 1697 atque

2316 1641 2335 1674 ι
2388 1625 2492 1675 τῶν
2549 1618 2818 1697 θεηγόρων
2865 1623 2964 1684 τῆς
3018 1616 3336 1683 Ἐκκλησίας
3394 1618 3686 1697 φωπήρων
3745 1613 3926 1691 ῥηθεί-

542 1707 937 1787 inopportuna
968 1703 1140 1765 nobis
1169 1705 1292 1766 visa
1320 1714 1430 1779 est,
1478 1704 1759 1767 adversus
1790 1705 2017 1765 similes
2048 1724 2189 1765 sen-

2316 1727 2369 1771 ας
2428 1706 2785 1780 δποθεμένων,
2819 1709 2865 1762 οἱ
2925 1704 3111 1784 ἐφεξῆς
3172 1705 3266 1787 οὒκ
3326 1703 3409 1761 ἐπ’
3441 1703 3653 1777 ἄλλαις,
3687 1700 3809 1758 ἀλλ’
3844 1698 3927 1756 ἐπ’

544 1784 759 1857 tentias
814 1794 991 1856 variis
1054 1794 1443 1874 scriptionum
1503 1793 1825 1872 generibus
1855 1794 2231 1874 decertarem

2316 1799 2464 1858 ὒταϊς
2508 1796 2721 1857 ταύταις
2778 1796 2845 1851 τὰ
2901 1795 3037 1850 κατὰ
3090 1794 3186 1862 τῆς
3251 1784 3560 1869 Ῥωμαϊκῆς
3609 1789 3932 1856 Ἐκκλησίας

548 1882 696 1947 Sunt
726 1902 861 1944 vero
915 1860 1540 1959 conﬁcta’dogmatum
1592 1882 1905 1963 principia,
1933 1860 2231 1963 primuml

2316 1884 2712 1962 λογογράφησαν
2749 1900 2765 1918 ⁶
2819 1881 3089 1962 φιλοτιμία
3148 1860 3244 1946 *τις
3329 1860 3541 1958 ὂίκαιρος
3599 1881 3735 1953 ἡμῖν
3790 1875 3935 1941 ἔδοξε

546 1990 820 2034 asserens
855 1992 869 2031 :
908 1971 1258 2052 «Proprium
1290 1969 1480 2032 Patris
1513 1990 1644 2032 esse
1665 1969 1945 2051 Spiritum
1981 1972 2201 2050 produ-

2319 1971 2417 2025 ατὰ
2471 1970 2577 2025 τῶν
2625 1969 2794 2026 αὐτῶν
2855 1971 3068 2025 ἐννοιῶν
3111 1966 3375 2048 διαφόροις
3406 1966 3756 2046 λογογραφίας
3787 1963 3938 2021 εἴδε-

550 2080 709 2123 cere.
748 2086 771 2119 »
812 2060 1153 2123 Secundum
1192 2082 1205 2124 :
1248 2084 1274 2114 «
1306 2058 1605 2139 Quidquid
1638 2060 1712 2121 de
1739 2059 2025 2121 Trinitate
2044 2077 2202 2120 asse-

550 2150 726 2226 ritur,
758 2158 860 2212 aut
880 2150 1184 2224 estunius,
1212 2158 1318 2210 aut
1351 2154 1552 2213 trium.
1588 2180 1606 2204 υ
1636 2150 1900 2212 Tertium
1931 2171 1940 2206 :
1970 2174 1996 2204 (ι
2017 2148 2204 2220 Quid-

555 2239 695 2320 quid
723 2237 796 2300 de
815 2237 1034 2299 divinis
1055 2237 1327 2317 personis
1340 2237 1627 2298 asseritur
1647 2245 1749 2299 aut
1767 2246 1852 2298 est
1868 2237 2203 2317 personale,

557 2335 656 2390 aut
685 2326 1014 2389 naturale.)
1054 2324 1338 2397 Quartnm
1372 2325 1821 2404 quodfinsinuat
1855 2346 1869 2386 :
1910 2326 2204 2400 «Patrem,

558 2434 687 2497 quae
705 2434 775 2477 ex
799 2434 863 2475 se
885 2413 1063 2475 veluti
1086 2431 1261 2474 causa
1286 2413 1815 2493 producit,ratione
1828 2431 1897 2475 ea
1914 2431 2206 2493 personae,

562 2522 681 2564 non
706 2511 903 2564 autem
941 2508 1163 2562 natura;
1185 2499 1577 2580 producere.»
1614 2500 1892 2572 Quintum
1926 2501 2207 2581 denique,

564 2590 719 2672 quod
753 2589 1026 2651 decernit
1058 2609 1071 2649 :
1117 2588 1439 2669 «Spiritum
1473 2608 1545 2650 ex
1575 2589 1747 2652 Patre
1779 2608 1911 2651 esse
1936 2589 2210 2669 contigue

566 2686 626 2740 et
657 2677 1015 2740 immediate.
1052 2700 1078 2735 ι
1138 2676 1361 2739 Horum
1421 2678 1672 2749 nullum,
1733 2678 1872 2740 licet
1919 2678 2211 2758 quispiam

568 2767 902 2830 divinorum
937 2767 1179 2829 Patrum
1211 2768 1638 2829 commentaria
1668 2768 1995 2829 evolvendo
2026 2767 2215 2829 delas-

573 2864 757 2937 setur,
784 2874 817 2915 a
846 2872 1140 2935 quoquam
1172 2872 1417 2935 usquam
1454 2863 1742 2916 assertum
1764 2856 2045 2936 reperiet.
2082 2855 2220 2917 Hzec

577 2963 752 3027 porro
784 2943 1221 3024 conﬁnxerunt,
1255 2943 1359 3023 qui
1392 2942 1653 3004 schisma
1685 2954 2129 3023 promoverunt,
2165 2953 2221 3006 et

577 3036 673 3115 qui
709 3031 1028 3112 superficie
1088 3039 1260 3092 tenus
1310 3038 1368 3091 et
1419 3050 1527 3111 per
1583 3041 1961 3093 transennam
1992 3033 2223 3094 divinas

577 3120 911 3202 Scripturas
958 3127 1345 3201 percurrunt,
1410 3119 1708 3181 similibus
1755 3120 1840 3182 uti
1898 3121 2224 3182 verissimis

2316 3124 2554 3201 Πατέρων
2623 3120 2831 3200 βίϐλους
2916 3123 3202 3202 ἆνερευνῶν

2382 3213 2393 3229 ι
2554 3212 2567 3229 ε
2614 3215 2638 3229 ,ι
2676 3225 2697 3229 μ
2747 3212 2759 3229 .
3039 3212 3090 3229 Α.
3155 3208 3197 3229 μ

2286 2083 2368 2117 σιν
2411 2062 2772 2139 ὰγωνίζεσθαι.
2834 2060 2959 2116 Εὗεν
3011 2059 3055 2115 δ’
3127 2059 3187 2116 ἂν
3231 2058 3597 2133 πεπλασμέναι
3654 2056 3939 2135 δογμάτων

2290 2136 2477 2229 ἀρχαὶ,
2509 2151 2543 2217 ἡ
2598 2148 2824 2228 λέγουσα
2856 2149 3128 2226 πρότασις,
3168 2171 3189 2204 ε
3230 2136 3399 2205 ἸΙδιον
3427 2155 3519 2203 τοῦ
3562 2147 3765 2222 Πατρὸς
3792 2146 3942 2201 εἶναι
4004 2194 4009 2197 .

2292 2241 2352 2295 τὸ
2394 2235 2709 2316 προϐάλλειν
2738 2238 2797 2293 τό
2831 2244 3063 2313 Πνεῦμα.
3108 2264 3129 2293 ι
3185 2230 3366 2316 Ἐτέρα
3396 2238 3429 2304 ἡ
3473 2234 3720 2313 λέγουσα,
3770 2261 3794 2293 ι
3832 2239 3945 2289 Πᾶν

2289 2329 2349 2383 τὸ
2406 2327 2492 2382 ἐπὶ
2540 2331 2637 2392 τῆς
2693 2324 2908 2405 Τριάδος
2960 2324 3271 2404 λεγόμενον,
3346 2326 3382 2393 ἢ
3412 2325 3526 2387 ἑνός
3570 2324 3736 2403 ἐστιν,
3764 2325 3799 2391 ἡ
3836 2328 3946 2380 τῶν

2290 2423 2473 2495 τριῶν,
2512 2439 2534 2471 ι
2585 2416 2744 2494 Τρίτη
2775 2414 2859 2471 ἐπ’
2919 2419 3107 2480 αὐταῖς
3154 2416 3190 2482 ἡ
3244 2414 3492 2491 λέγουσα,
3539 2432 3566 2464 ι
3599 2418 3710 2469 Πᾶν
3750 2414 3816 2468 τὸ
3861 2412 3950 2468 επὶ

2291 2512 2397 2561 τῶν
2426 2508 2724 2584 θεαρχικών
2791 2503 3098 2582 λεγόμενον,
3166 2502 3503 2559 ὺποστοίσεων
3558 2502 3595 2570 ἢ
3649 2503 3949 2557 ὑποστατι-

2293 2593 2385 2650 κόν
2429 2592 2600 2671 ἐστιν,
2632 2592 2667 2660 ἢ
2698 2591 2937 2671 φυσικόν.
2993 2615 3015 2647 ι
3053 2592 3150 2651 Καὶ
3178 2595 3425 2670 τετάρτη,
3466 2591 3504 2657 in
3559 2611 3584 2645 ι
3617 2592 3708 2647 τὸν
3738 2589 3953 2667 Πατέρα

2296 2678 2469 2738 αἴτιον
2527 2680 2667 2736 εἶναι
2727 2687 2833 2736 τῶν
2889 2678 2941 2745 ἐξ
2987 2679 3145 2737 αὐτοῦ
3199 2704 3222 2736 ι
3283 2680 3572 2758 φάσκουσα,
3612 2700 3635 2731 ι
3685 2685 3764 2753 τῷ
3801 2677 3954 2756 λογῳ

2299 2772 2397 2848 τῆς
2455 2767 2823 2841 ὑποστάσεως,
2918 2770 3040 2848 οὐχὶ
3123 2774 3200 2843 τῷ
3282 2767 3428 2846 λόγῳ
3483 2773 3579 2834 τῆς
3637 2768 3871 2848 φύσεως,
3920 2790 3947 2819 ι

2305 2847 2434 2915 “En
2479 2856 2533 2912 δὲ
2575 2856 2798 2932 πέμπτη
2854 2859 2889 2927 ἦ
2940 2847 3292 2937 (ίπροσεχῶς
3352 2857 3441 2912 καὶ
3469 2847 3679 2927 ἀμέσως
3738 2856 3890 2911 εἶναι
3922 2878 3949 2909 ι

2302 2946 2527 3023 λέγουσα
2562 2968 2590 3001 ε
2636 2948 2696 3001 τὸ
2729 2952 2939 3021 Πνεῦμα
2983 2946 3044 3001 ἐκ
3096 2952 3188 3002 τοῦ
3245 2946 3447 3020 Πατρὸς
3483 2964 3498 2977 ⁸
3549 2968 3575 2998 ι)
3622 2945 3822 3000 τούτων
3855 2943 3955 3020 γὰρ

2304 3034 2547 3111 οὗδεμίαν
2603 3031 2701 3091 κέίν
2745 3036 2789 3090 εἰ
2846 3036 2998 3113 μυρία
3062 3035 3211 3111 κάμῃ
3252 3055 3332 3097 τις
3389 3034 3482 3098 τὰς
3534 3040 3639 3089 τῶν
3679 3032 3954 3110 θεηγόρων

3208 3170 3224 3203 ,
3308 3123 3517 3202 εὑρήσει
3599 3121 3741 3200 παρὰ
3810 3140 3957 3181 τινος

577 3208 973 3277 attendentes,
1009 3206 1235 3268 nullum
1266 3226 1525 3288 unquam
1558 3207 1879 3270 absurdum
1911 3209 2218 3288 consequi,

2316 3213 2503 3269 τούτων
2545 3212 2793 3290 ῥηθεϊσάν
2848 3232 3001 3271 ποτε.
3036 3212 3094 3269 Ol
3150 3208 3205 3266 δὲ
3233 3218 3324 3268 τοῦ
3368 3211 3665 3289 σχίσματος
3695 3208 3956 3282 ζηλωταὶ,

580 3299 861 3360 adversus
903 3314 1027 3372 eos,
1057 3296 1156 3376 qui
1188 3294 1475 3376 Spiritum
1535 3316 1601 3358 ex
1629 3299 1804 3359 Patre
1830 3306 1887 3358 et
1916 3297 2061 3359 Filio
2093 3316 2226 3359 esse

584 3392 944 3464 asseverant,
980 3384 1093 3444 nisi
1126 3403 1245 3445 uno
1274 3404 1344 3446 ex
1373 3386 1464 3446 his
1486 3394 1760 3465 tanquam
1792 3388 2028 3447 Patrum
2062 3389 2225 3449 theo-

586 3474 779 3552 logico
836 3472 993 3533 dicto
1050 3472 1423 3552 syllogisticis
1471 3474 1592 3534 suis
1639 3475 1864 3555 laqueis
1895 3476 2222 3556 supposito,

590 3560 861 3623 oratione
882 3561 1293 3621 demonstrare
1340 3569 1683 3642 potuerunt.
1721 3562 1788 3623 Et
1810 3565 2073 3626 rationes
2098 3569 2236 3646 qui-

594 3651 752 3722 dem,
790 3648 1006 3726 quibus
1028 3648 1119 3708 bae
1139 3649 1596 3729 {propositiones
1625 3650 1782 3712 falsae
1813 3671 1944 3714 esse
1976 3672 2040 3714 ac
2071 3674 2241 3716 com-

594 3737 880 3801 mentitiaa
936 3736 1485 3817 deprehendantur,
1532 3756 1730 3801 rerum
1791 3740 2000 3802 harum
2059 3744 2245 3807 lector

596 3827 869 3890 curiosus
890 3824 1201 3907 intelliget,
1222 3844 1354 3887 cum
1375 3827 1734 3906 procedente
1758 3829 2030 3892 oratione
2056 3832 2133 3894 de
2153 3833 2246 3895 his

597 3915 878 3977 fusiorem
909 3932 1247 3975 sermonem
1290 3914 1692 3979 instituemus.
1728 3915 1896 3979 Nunc
1927 3919 1997 3980 ad
2026 3920 2239 3983 Cama-

603 4005 718 4068 teri
730 4002 1043 4064 voluminis
1057 4003 1443 4065 refutationes
1458 4023 1662 4066 manus
1677 4006 2061 4071 admovendae
2080 4020 2238 4072 sunt.

601 4094 747 4155 Cum
783 4110 926 4153 vero
953 4097 1088 4152 ante
1118 4091 1338 4172 scripto
1362 4092 1710 4155 traditorum
1744 4096 2035 4159 dictorum
2070 4118 2244 4180 expo-

604 4183 873 4254 sitiones,
904 4189 963 4241 et
990 4182 1065 4241 de
1098 4180 1311 4241 iisdem
1355 4181 1900 4246 animadversiones
1934 4186 2247 4250 voluminis

608 4289 821 4355 parens
840 4269 1206 4344 Camaterus,
1232 4271 1606 4350 imperatoris
1630 4288 1938 4354 personam
1966 4276 2063 4337 ind
2075 4296 2243 4352 nens,

609 4360 964 4441 colloquium
1025 4358 1182 4419 inter
1240 4360 1538 4440 eumdem,
1588 4371 1645 4422 et
1672 4362 1746 4423 ob
1784 4364 2245 4426 ecclesiasticam

611 4468 816 4532 pacem
834 4456 953 4507 tum
1002 4447 1516 4528 Constantinopoli
1537 4462 1971 4513 commorantes
1990 4454 2250 4515 cardina-

618 4540 705 4599 les
762 4534 1067 4610 confiuxit,
1125 4535 1541 4614 negligendum
1595 4552 1684 4599 est
1737 4549 1793 4601 et
1823 4541 2028 4602 illuda
2060 4542 2250 4616 nobis,

620 4626 1012 4688 sufﬁcientem
1048 4625 1343 4685 mendacii
1396 4626 1807 4688 refutatiom-m
1848 4648 1980 4691 esse
2012 4632 2148 4705 rati,
2210 4630 2258 4691 si

622 4712 889 4794 ejusdem
912 4711 984 4771 ad
1006 4713 1226 4787 scripto
1258 4712 1470 4772 tradita
1515 4715 1846 4775 testimonia
1880 4716 2259 4777 animadver-

622 4805 841 4879 siones,
864 4799 1010 4860 nihil
1044 4807 1437 4879 opportunum
1472 4803 1526 4862 iu
1578 4821 1641 4863 se
1671 4804 1976 4866 continere
2005 4806 2261 4866 demon-

624 4890 962 4953 strabimus.
1002 4889 1161 4950 Licet
1182 4888 1341 4949 enim
1373 4898 1429 4949 et
1459 4889 1519 4950 in
1551 4891 1681 4951 aliis
1714 4894 1927 4953 nostris
1956 4894 2255 4955 volumini-

625 4979 970 5056 bus,eorum
986 4979 1323 5056 etiam,quae
1340 4977 1397 5038 in
1424 4977 1534 5038 hoc
1552 4980 1846 5060 colloquio
1859 4981 2261 5057 continentur,

626 5066 1045 5129 refutationem
1080 5084 1198 5125 non
1258 5066 1647 5144 negleximus,
1676 5077 1733 5129 et
1764 5069 2131 5148 potissimum
2162 5070 2267 5131 ubi

628 5155 692 5216 in
722 5174 792 5216 eo
823 5171 945 5214 sua;
1000 5153 1307 5232 sapientiae
1362 5154 1666 5234 specimen
1697 5177 1764 5219 ac
1795 5158 1953 5219 vires
1982 5159 2263 5233 ostendit,

630 5244 693 5305 in
744 5241 961 5323 quibus
1010 5260 1226 5322 nempe
1270 5243 1673 5307 voluminibus
1698 5265 1894 5328 neque
1924 5247 2080 5328 quod
2112 5266 2270 5310 nunc

633 5331 853 5410 scripto
877 5329 1224 5391 traditorum
1254 5330 1541 5393 dictorum
1584 5336 2005 5416 compendium
2039 5355 2270 5418 praepo-

634 5420 857 5495 nimus,
879 5436 1027 5497 opus
1074 5418 1203 5491 fuit,
1237 5419 1661 5484 Verumtamen
1694 5444 1828 5485 cum
1858 5425 1957 5486 alii
1987 5443 2145 5486 nunc
2170 5444 2269 5487 re-

635 5526 776 5571 cens
805 5506 1067 5569 veritatis
1099 5509 1294 5569 hostes
1350 5512 1674 5590 eruperint,
1706 5522 1763 5574 et
1794 5513 2167 5593 dogmatibus
2197 5513 2271 5575 de

637 5615 786 5659 novo
819 5594 1164 5675 compositis
1193 5598 1254 5657 in
1283 5607 1543 5678 apertam
1567 5609 1625 5661 et
1652 5601 2044 5664 indubitatam
2076 5600 2270 5664 haere-

636 5683 749 5750 sim
782 5683 1037 5766 prolapsi
1066 5684 1700 5768 sint,certamen,quod
1718 5691 1999 5753 adversus
2029 5690 2270 5753 eosdem

2278 4521 2318 4570 ι)

2308 3302 2502 3365 ταύτας
2591 3299 2886 3357 ἐπλάσαντο
2922 3320 2935 3334 ·
3008 3302 3096 3356 καὶ
3168 3302 3215 3355 οἱ
3282 3296 3579 3378 παροδικῶς
3651 3298 3747 3362 τὰς
3817 3297 3961 3361 θείας

2310 3389 2546 3452 ἐπιόντες
2604 3390 2837 3469 Γραφὰς,
2903 3390 2974 3453 ὡς
3045 3386 3261 3453 ἀληθέσι
3329 3388 3544 3452 ταύταις
3601 3388 3958 3462 πιστεύοντες,

2310 3477 2425 3536 ούδέ
2467 3479 2594 3535 ποτέ
2646 3500 2696 3534 τι
2739 3476 2901 3558 ἔσχον
2933 3475 3128 3534 ἄτοπον
3188 3473 3463 3540 ἀποδεῖξαι
3518 3481 3595 3550 τῷ
3644 3473 3790 3552 λόγῳ
3829 3474 3963 3530 ἑπό-

2322 3588 2478 3643 μενον
2521 3573 2627 3623 τῶν
2670 3566 2728 3623 ἐκ
2780 3567 2983 3645 Πατρὸς
3051 3566 3140 3622 καὶ
3197 3567 3315 3622 rio}
3369 3562 3632 3643 λεγόντων
3687 3563 3831 3619 εἶναι
3906 3565 3966 3619 τὸ

2324 3663 2557 3735 Πνεῦμα,
2610 3657 2654 3712 εἰ
2691 3657 2768 3731 μὴ
2824 3656 2947 3731 μίαν
2993 3655 3110 3711 τινὰ
3161 3654 3358 3711 τούτων
3408 3655 3483 3714 ὡς
3536 3654 3800 3731 πατρικὴν
3841 3655 3966 3709 θεο-

2324 3745 2503 3822 λογίαν
2546 3757 2667 3807 ταϊς
2732 3742 3169 3821 συλλογιστικαϊς
3226 3743 3425 3799 ἑαυτῶν
3475 3740 3793 3805 πλεκτάναις
3861 3744 3965 3798 ὕπ-

2328 3832 2522 3891 έθεντο.
2586 3833 2686 3889 Καὶ
2738 3832 2859 3896 τοὺς
2900 3832 2994 3906 μὲν
3049 3830 3264 3909 λόγους,
3295 3827 3410 3887 καθ’
3469 3828 3557 3893 οὓς
3586 3832 3638 3885 αἱ
3685 3830 3967 3907 προτάσεις

2324 3924 2473 3978 αὗται
2525 3918 2895 3995 πεπλασμέναι
2936 3920 3026 3975 καὶ
3093 3918 3303 3995 ψευδεῖς
3356 3916 3772 3997 ἀπελέγχονται,
3822 3918 3971 3975 εἴσε-

2324 4033 2409 4067 ται
2440 4011 2468 4065 ὁ
2504 4010 2788 4080 ζητητικὸς
2831 4007 2883 4065 ἐν
2928 4008 3016 4071 οἶς
3047 4006 3322 4086 προϊόντες
3351 4005 3568 4085 ἐροῦμεν
3594 4007 3659 4062 τὰ
3688 4009 3808 4076 περὶ
3843 4009 3970 4065 τού-

2324 4120 2431 4155 των
2462 4096 2783 4177 πλατύτερον
2816 4116 2830 4131 ·
2864 4098 2925 4153 το
2966 4095 3022 4153 δέ
3048 4118 3108 4174 γε
3137 4104 3223 4153 νῦν
3252 4095 3382 4175 ’έχον
3410 4091 3689 4152 ἐπιϐαλεῖν
3717 4097 3862 4171 ἡμᾶς
3892 4095 3973 4153 δεῖ

2327 4200 2449 4250 ταῖς
2490 4188 2589 4254 τῆς
2630 4184 2809 4262 βίϐλου
2864 4193 2956 4244 τοῦ
3009 4191 3331 4263 Καματηροῦ
3399 4184 3783 4264 ἆντιῤῥήσεσιν.
3830 4190 3974 4247 Ἐπεὶ

2329 4275 2383 4332 δὲ
2443 4278 2543 4354 πρὸ
2592 4280 2698 4331 τῶν
2753 4280 2858 4330 τῶν
2887 4281 3157 4355 γραφικῶν
3197 4273 3453 4330 ἐκθέσεων
3495 4275 3723 4353 ῥήσεων,
3756 4281 3847 4335 καὶ
3874 4284 3976 4336 τῶν

2331 4362 2413 4421 ἐπ’
2459 4364 2645 4427 αὐταῖς
2676 4364 2994 4420 ἐπιστασιῶν
3048 4366 3076 4419 ὁ
3130 4367 3229 4430 τῆς
3278 4359 3458 4438 βίϐλου
3513 4366 3712 4445 πατὴρ,
3772 4370 3836 4424 τὸ
3889 4373 3976 4424 τοῦ

2336 4454 2711 4531 αὐτοκράτορος
2780 4450 3168 4527 ὑποδυσάμενος
3245 4452 3552 4529 πρόσωπον,
3629 4452 3854 4522 διάλεξιν
3907 4460 3978 4519 ὡς

2341 4542 2499 4618 μέσον
2553 4540 2706 4608 δῆθεν
2762 4538 3031 4618 προϐἆσαν
3088 4540 3243 4597 αὒτοῦ
3296 4561 3353 4594 τε
3416 4542 3614 4598 ὶκείνου
3667 4552 3760 4601 τοῦ
3822 4546 3978 4603 αύτο-

2340 4631 2591 4708 κράτορος
2647 4631 2735 4685 καὶ
2788 4636 2894 4686 τῶν
2948 4630 3066 4709 περὶ
3111 4629 3207 4697 τῆς
3265 4626 3714 4699 ἐκκλησιαπικῆς
3769 4636 3977 4714 εἰρήνης

2344 4718 2739 4794 ἐπιδημούντων
2835 4719 2954 4775 τότε
3025 4724 3093 4795 τῇ
3164 4718 3558 4776 Κωνσταντίνου
3624 4720 3979 4801 καρδηναλίων

2346 4806 2634 4882 ἐπλάσατο,
2693 4806 3069 4887 παραιτητέον,
3129 4807 3217 4863 καὶ
3285 4806 3479 4873 ταύτην
3533 4809 3676 4884 ἡμᾶς
3733 4811 3981 4890 ἀρκώντά

2348 4898 2396 4953 οἱ
2438 4902 2529 4952 τοῦ
2588 4892 2803 4969 ψεύδους
2855 4895 3123 4974 κρίνοντας
3181 4892 3428 4973 ἔλεγχον,
3472 4896 3534 4951 τὸ
3577 4898 3670 4963 τὰς
3726 4901 3815 4957 ἒπὶ
3865 4914 3981 4966 ταῖς

2348 4996 2634 5063 γραφικατς
2717 4984 2929 5061 ῥήσεσιν
3007 4983 3314 5045 ἓπιστασίας
3397 4984 3553 5041 αὐτοῦ
3633 4990 3764 5066 πρὸς
3823 4988 3981 5066 μηδὲν

2348 5073 2799 5152 προενηνεγμένας
2879 5074 3086 5152 καίριον
3160 5067 3451 5136 ἀποδεῖξαι.
3528 5076 3588 5133 Εἰ
3642 5078 3743 5157 γὰρ
3785 5081 3875 5135 καὶ
3937 5078 3989 5135 ἐν

2352 5160 2534 5225 ἄλλαις
2578 5163 2730 5236 ἡμῶν
2772 5158 2991 5241 βίϐλοις,
3038 5165 3126 5218 καὶ
3180 5166 3286 5217 τῶν
3340 5159 3426 5217 ἐπὶ
3456 5168 3524 5237 τῇ
3566 5162 3788 5232 διαλέξει
3830 5169 3989 5245 ταύτῃ

2352 5248 2611 5324 ἐμέλησεν
2694 5251 2829 5325 ἡμῖν
2916 5249 3291 5329 ἆντιῤῥήσεων,
3366 5252 3454 5306 καὶ
3525 5250 3736 5327 μάλισθ’
3793 5256 3874 5315 ὅτι
3936 5261 3991 5314 tv

2353 5339 2520 5414 ταύτῃ
2592 5342 2690 5404 τῆς
2763 5338 2950 5395 ἑαυτοῦ
3007 5340 3194 5419 σοφίας
3249 5342 3278 5398 ὁ
3326 5348 3558 5404 τοιοῦτος
3613 5345 3711 5411 τὴν
3780 5343 3991 5422 δόναμιν

2356 5424 2649 5492 ἐπεδείξατο
2680 5445 2693 5459 ⁶
2739 5429 2796 5482 tv
2839 5427 2933 5491 αἷς
2971 5425 3036 5495 δὴ
3068 5426 3267 5505 βίϐλοις
3325 5428 3441 5487 οὐδὲ
3482 5430 3578 5498 τῆς
3607 5431 3673 5499 ἢν
3702 5430 3818 5510 ἄρτι
3859 5457 3989 5515 προ-

2353 5515 2617 5595 κρίνομεν,
2676 5515 2934 5602 έπιτομῆς
2992 5523 3097 5573 τῶν
3140 5524 3408 5599 γραφικῶν
3470 5519 3606 5595 ἡμῖν
3656 5522 3839 5591 εδέησε
3892 5524 3991 5602 ρη-

2356 5625 2512 5663 σεων.
2563 5601 2711 5660 Ἀλλ’
2754 5606 2889 5677 επεὶ,
2923 5602 3100 5664 ἄλλων
3155 5607 3216 5664 ἐκ
3272 5607 3389 5663 νέου
3416 5606 3684 5684 πολεμίων
3744 5616 3843 5681 τῆς
3870 5601 3999 5678 άλη-

2353 5696 2492 5757 θείας
2542 5692 2933 5771 ἀναφανέντων,
2992 5697 3080 5751 καὶ
3135 5694 3455 5775 καινοτέροις
3513 5695 3588 5754 ἔτι
3634 5696 3896 5780 δόγμασιν
3922 5700 3992 5767 εὶς
