4180 6282
488 226 604 290 403

1580 226 1793 288 JOAN.
1842 223 2059 286 VECCI
2105 223 2218 282 GP.
2269 220 2781 285 PATRIARCH/E

3744 223 3849 286 404

495 386 521 419 0
559 361 716 423 dicta
739 368 898 437 sunt,
923 360 1069 423 illud
1103 378 1339 441 quoque
1362 329 1701 422 necessario
1722 364 2139 438 consequetur.

2233 356 2330 413 Καὶ
2363 354 2481 431 μετ’
2539 356 2691 436 ὀλίγα
2727 374 2740 389 ⁶
2794 380 2823 413 α
2869 360 3006 437 Πρὸς
3054 357 3108 415 δὲ
3156 374 3274 423 τοῖς
3334 360 3631 439 εξρημένοις
3657 361 3859 415 κάκεῖνο

493 473 517 507 ε
558 449 623 513 Si
649 449 808 512 enim
830 449 1229 513 ministerium
1254 448 1470 511 servile
1497 449 1733 529 explere
1755 447 1967 509 Filium
1993 446 2144 507 exis-

496 562 522 593 α
559 538 776 599 timatis
806 538 977 612 illud,
1041 536 1196 617 quod
1250 556 1369 597 non
1420 544 1530 610 est,
1563 555 1685 599 suae
1716 543 1939 597 natura:
1968 533 2141 597 exhi-

495 652 521 682 α
556 629 801 689 bentem
861 626 1018 707 quod
1072 644 1288 706 nempe
1318 634 1405 686 est
1437 644 1471 686 a
1493 624 1666 686 Patre
1697 632 1754 686 et
1781 623 1930 696 Deo,
1963 641 2142 684 sanc-

495 738 523 772 α
563 722 772 795 tusque
823 722 914 777 est
967 727 1176 776 natura
1226 732 1331 774 sua
1388 712 1666 794 Spiritus,
1713 712 1989 793 equidem
2022 730 2141 773 non

495 828 522 860 α
560 816 770 865 natura
831 811 1068 866 sanctus
1117 802 1299 863 Filius
1348 802 1482 875 erit,
1536 802 1639 864 sed
1695 802 2143 882 participatione

498 917 522 948 ‹‹
560 901 625 954 ut
678 911 810 956 nos.
840 951 848 957 ,
879 917 901 950 ν
960 891 1144 954 Vides
1198 893 1281 951 uti
1332 902 1768 971 consequenter
1815 890 2139 952 admirabi-

490 981 563 1043 lis
589 980 842 1061 Cyrillus
898 980 1124 1057 colligit
1158 1002 1170 1037 :
1208 980 1270 1041 Si
1319 979 1505 1042 Filius
1535 979 1815 1061 Spiritum
1846 986 2139 1059 sanctum,

487 1070 587 1149 qui
620 1087 654 1130 a
676 1069 798 1131 Deo
830 1076 887 1131 et
910 1072 1080 1131 Patre
1104 1068 1332 1130 exsistit
1354 1069 1690 1148 suppeditat
1713 1088 1834 1130 non
1856 1075 2140 1149 tanquam

490 1157 583 1218 sui
616 1157 945 1238 proprium,
978 1156 1480 1237 quemadmodum
1524 1157 1630 1219 Dei
1682 1166 1739 1219 et
1792 1157 1982 1219 Patris
2013 1176 2144 1237 pro-

490 1246 656 1325 prius
687 1253 796 1325 est,
857 1246 1115 1306 alienum
1172 1264 1205 1305 a
1234 1263 1339 1306 sua
1366 1253 1577 1307 natura
1609 1244 1895 1325 Spiritum
1918 1264 2142 1325 suppe-

492 1333 640 1395 ditat
674 1353 687 1397 :
726 1335 929 1415 sicque
964 1334 1217 1414 Spiritus
1239 1330 1273 1395 a
1294 1334 1444 1395 Filio
1460 1335 1716 1396 alienam
1735 1342 2002 1396 naturam
2028 1354 2144 1396 non

2225 442 2412 501 λοιπὸν
2471 444 2523 511 ἐξ
2604 445 2841 526 ἀνάγκης
2915 446 3237 519 εἷσϐήσεται.
3312 450 3369 507 Εἰ
3448 449 3548 528 γὰρ
3599 449 3861 526 ὑπουργίαν

2224 530 2527 602 διακονικὴν
2571 534 2915 615 ἀποπληροῦν
2984 537 3158 594 οἴεσθε
3207 539 3293 594 τὸν
3339 538 3458 594 Υἱὸν
3495 538 3557 592 τὸ
3598 534 3861 613 ἀλλότριον

2228 622 2359 697 ἡμῖν
2440 625 2876 704 κεχορηγηκότα,
2966 624 3202 681 τουτέστι
3280 627 3342 681 16
3411 624 3555 704 παρά
3602 630 3694 680 τοῦ
3744 626 3863 681 Θεοῦ

2223 712 2310 766 καὶ
2366 713 2589 790 Πατρὸς,
2653 712 2799 791 ἅγιον
2858 713 2917 769 ’ὃν
2958 715 3092 770 κατά
3135 715 3286 794 φύσιν
3330 715 3563 786 Πνεῦμα,
3633 716 3691 770 οὗ
3739 712 3861 767 κατά

2224 799 2371 876 φύσιν
2403 796 2551 877 ἅγιος
2612 803 2640 856 6
2684 802 2827 870 Υἱὸς,
2887 803 3023 859 κατὰ
3070 800 3273 876 μέθεξιν
3316 800 3370 857 δὲ
3399 800 3577 877 ὥσπερ
3604 801 3784 875 ἡμεῖς.
3827 819 3853 858 ι

2227 879 2380 965 Ὀρᾷς
2448 887 2593 951 ὅπως
2673 892 2700 945 6
2756 891 3055 964 θαυμαστὸς
3126 892 3388 968 συνήγαγε
3462 887 3713 968 Κύριλλος
3767 890 3856 967 ὡς,

2224 977 2376 1054 εἴπερ
2418 978 2446 1033 ὁ
2490 979 2608 1042 Υἱὸς
2664 979 2724 1035 τὸ
2782 979 2922 1058 παρά
2975 1001 3066 1035 του
3110 986 3241 1037 Θεοῦ
3268 981 3355 1035 καὶ
3383 979 3589 1057 Πατρὸς
3635 978 3861 1057 ὑπάρχον

2225 1063 2375 1143 ἅγιον
2418 1071 2628 1140 Πνεῦμα
2673 1080 2909 1145 χορηγεῖ
2968 1067 3046 1142 μὴ
3106 1068 3178 1130 ὡς
3239 1065 3374 1122 ἴδιον
3419 1070 3598 1145 αὐτοῦ,
3643 1067 3862 1143 καθάπερ

2226 1152 2409 1228 ἀμέλει
2466 1156 2555 1210 καὶ
2583 1161 2675 1211 τοῦ
2707 1162 2837 1213 Θεοῦ
2864 1157 2952 1211 καὶ
2995 1158 3197 1234 Πατρὸς
3239 1156 3380 1211 ἰστιν
3410 1153 3570 1227 ἴδιον,
3605 1152 3865 1231 ἀλλότριον

2228 1245 2480 1322 χορηγῶν
2525 1241 2635 1299 ἐστι
2684 1250 2925 1319 Πνεῦμα,
2999 1244 3097 1311 τὴν
3167 1252 3259 1300 τοῦ
3314 1243 3620 1319 Πνεύματος
3667 1244 3866 1307 πάντως

2227 1332 2333 1388 ἀπὸ
2403 1338 2495 1411 τοῦ
2567 1333 2687 1388 Υἱοῦ
2752 1331 3137 1411 ἀλλοτριότητα
3194 1336 3289 1390 οὐκ
3351 1330 3567 1388 ἄλλοθεν
3638 1329 3863 1410 συνῆξεν,

493 1421 733 1484 aliunde
763 1408 1025 1500 collegit,
1057 1422 1160 1483 sed
1191 1420 1264 1482 ab
1296 1440 1503 1483 eorum
1525 1422 1720 1499 dictis,
1743 1424 1846 1503 qui
1874 1442 2139 1486 asserere

2227 1419 2344 1475 ἀλλ’
2401 1408 2507 1476 ἀπὸ
2575 1428 2669 1477 τοῦ
2730 1419 2891 1499 λόγου
2922 1408 3048 1476 ’τῶν
3106 1420 3281 1499 λέγειν
3324 1417 3752 1495 ἀποτολμώντων
3800 1408 3867 1483 ὡς

496 1528 617 1572 non
641 1510 998 1572 verebantur
1014 1529 1048 1571 a
1063 1510 1212 1573 Filio
1230 1509 1511 1590 Spiritum
1535 1531 1651 1572 non
1674 1514 1746 1573 ab
1768 1532 1838 1574 eo
1860 1514 2139 1575 exsisten-

2228 1521 2463 1587 χορηγεῖ
2530 1511 2557 1565 6
2616 1511 2734 1572 Υἱὸς
2778 1510 2839 1564 τὸ
2882 1514 3094 1584 Πνεῦμα
3149 1510 3228 1583 μὴ
3284 1507 3349 1564 δι’
3409 1510 3566 1566 αὐτοῦ
3608 1508 3867 1587 ὑπάρχον,

494 1606 613 1661 tem
641 1598 1030 1680 suppeditari,
1065 1599 1171 1660 sed
1203 1618 1274 1661 ex
1304 1601 1431 1661 solo
1479 1599 1600 1661 Deo
1633 1609 1689 1661 et
1727 1604 1897 1663 Patre
1926 1621 2139 1683 proce—

2225 1596 2344 1652 ἀλλ’
2400 1597 2459 1653 ἐκ
2503 1597 2666 1673 μόνου
2703 1606 2795 1656 τοῦ
2852 1604 2982 1655 Θεοῦ
3021 1598 3108 1653 καὶ
3150 1598 3353 1676 Πατρὸς
3384 1597 3595 1676 προϊόν,
3630 1606 3868 1654 Τοιοῦτον

491 1686 756 1749 dentem.
796 1686 1003 1749 Simile
1035 1688 1190 1748 circa
1226 1687 1402 1748 fidem
1450 1688 1774 1752 discrimen
1804 1690 2058 1752 subeunt
2086 1699 2143 1752 et

490 1776 648 1837 circa
679 1793 807 1836 eam
835 1776 1133 1849 labuntur,
1165 1776 1265 1855 qui
1296 1794 1365 1836 ex
1401 1779 1575 1838 Patre
1604 1778 1845 1857 quidem
1868 1780 1952 1840 uti
1975 1796 2044 1841 ex
2071 1798 2140 1841 eo

486 1864 867 1925 exsistentem
926 1866 1207 1945 Spiritum
1270 1865 1558 1940 exhiberi,
1634 1867 2023 1947 suppeditari,
2085 1873 2142 1929 et

494 1951 667 2025 mitti,
704 1952 1064 2031 intelligunt,
1096 1972 1201 2033 per
1217 1952 1428 2014 Filium
1456 1972 1593 2015 vero
1612 1974 1727 2015 non
1762 1956 1845 2017 uti
1879 1975 1985 2037 per
2006 1976 2140 2019 eum

491 2040 877 2103 exsistentem
906 2060 975 2103 ex
998 2044 1192 2104 Patre.
1221 2040 1449 2121 Itaque,
1473 2062 1506 2104 o
1526 2043 1965 2125 auditor,quem
1992 2064 2138 2126 prae-

495 2130 679 2191 sentis
721 2131 1039 2192 voluminis
1072 2149 1286 2210 parens
1304 2131 1606 2193 advocavit
1626 2132 1696 2192 ad
1721 2152 1856 2195 suas
1878 2135 2140 2196 animad-

488 2219 791 2281 versiones
816 2219 1300 2299 lijudicandas,si
1320 2239 1352 2281 a
1377 2228 1537 2283 recta
1562 2222 1827 2282 veritatis
1850 2225 2143 2287 sententia

487 2306 771 2369 aberrare
829 2327 948 2368 non
999 2308 1110 2385 vis,
1170 2327 1240 2368 ex
1296 2311 1469 2370 Patre
1514 2328 1620 2389 per
1669 2311 1880 2372 Filium
1915 2312 2141 2375 credito

490 2393 775 2476 Spiritum
807 2396 955 2468 dari,
1011 2396 1398 2477 suppeditari,
1433 2408 1489 2457 et
1548 2398 1699 2459 mitti
1742 2408 2017 2479 tanqaam-
2041 2402 2141 2481 qui

490 2502 561 2546 ex
594 2487 763 2546 Patre
798 2503 904 2564 per
928 2484 1139 2547 Filium
1167 2485 1414 2559 exsistit,
1450 2504 1526 2546 ne
1557 2486 1961 2563 exhibitionis,
1997 2508 2139 2570 sup-

488 2572 959 2652 peditationis,et
987 2572 1286 2633 missionis
1315 2591 1520 2635 servus
1542 2582 1716 2655 atque
1740 2576 2012 2638 minister
2034 2579 2139 2640 tibi

484 2659 666 2721 Filius
696 2668 1024 2740 reputetur,
1060 2662 1218 2741 quod
1252 2670 1340 2723 est
1374 2662 1647 2743 impium,
1691 2670 1749 2724 et
1780 2665 1951 2743 plane
1978 2666 2137 2729 blas-

488 2749 797 2829 phemum.
1192 2758 1193 2761 ‘

619 2841 723 2903 Ea:
749 2841 953 2905 eodem
981 2844 1341 2923 Evangelia.
1380 2842 1532 2924 Cap.
1567 2861 1687 2920 xw,
1722 2863 1883 2908 vers.
1918 2847 2017 2911 25.

578 2933 676 2998 IIl.
716 2958 743 2991 α
776 2933 914 2996 Haec
945 2936 1173 2997 locutus
1195 2955 1325 2997 sum
1353 2935 1539 3011 vobis,
1568 2938 1721 3018 apud
1746 2957 1846 2999 vos
1870 2959 2136 3005 manens.

498 3050 526 3081 α
558 3025 703 3086 Cum
736 3033 930 3089 autem
959 3025 1188 3087 venerit
1218 3025 1472 3105 Spiritus
1503 3029 1778 3099 Sanctus,
1806 3047 1979 3108 quem
2012 3036 2116 3092 mit

494 3138 522 3169 α
559 3122 642 3176 tet
673 3116 848 3176 Pater
877 3133 1045 3177 meus
1076 3115 1135 3175 in
1170 3117 1411 3177 nomine
1444 3133 1599 3191 meo,
1639 3115 1742 3177 ille
1773 3135 1873 3179 vos
1907 3118 2142 3183 docebit

503 3227 531 3259 ι
566 3203 788 3267 omnia.
826 3228 853 3260 »

1070 3299 1556 3361 Animadversio.

577 3417 598 3449 ιι
636 3394 967 3457 Prudenter
995 3393 1469 3468 animadvertito,
1524 3394 1755 3456 Patrem
1790 3395 2000 3476 dicipin
2034 3418 2134 3459 no-

494 3506 522 3539 α
559 3482 721 3544 mine
776 3480 934 3562 Filii,
994 3482 1116 3543 sive
1168 3499 1277 3559 per
1328 3481 1541 3544 Filium
1591 3476 1955 3546 Paracletum
1992 3487 2133 3550 mit-

497 3591 525 3632 ι
563 3579 709 3632 tere.
748 3594 773 3629 ι)

506 3662 511 3667 ‘
1136 3660 1476 3739 Refutatio.

572 3753 643 3814 Et
666 3760 725 3815 tu
744 3773 977 3835 quoque
1000 3753 1326 3834 prudenter
1342 3755 1602 3818 animum
1626 3759 2144 3842 advertito,quem-

488 3843 810 3905 admodum
869 3844 968 3905 hic
1020 3842 1288 3905 Salvator
1349 3847 1696 3928 enuntiavit,
1733 3848 1917 3921 Quem
1954 3853 2145 3913 mittet

490 3934 663 3993 Pater
699 3950 865 3991 meus
889 3931 950 3992 in
982 3932 1226 3994 nomine
1274 3950 1430 4006 meo,
1471 3942 1528 3995 et
1558 3954 1675 3997 non
1708 3956 1772 3999 se
1795 3939 2082 4018 disjunxit
2112 3961 2145 4002 a

492 4018 687 4095 Patre,
722 4022 861 4099 quia
891 4020 1144 4102 Spiritus
1179 4039 1282 4101 per
1326 4022 1521 4101 ipsum
1577 4026 1827 4087 mittitur
1856 4046 1888 4087 a
1920 4032 2088 4089 Patre
2122 4049 2137 4091 :

494 4106 621 4188 pari
654 4108 828 4169 modo
850 4128 981 4171 cum
1015 4109 1181 4191 dixit,
1217 4109 1327 4181 Qui
1360 4129 1428 4172 ex
1460 4115 1629 4175 Patre
1672 4116 1964 4194 procedit,
2022 4136 2136 4178 non

494 4214 627 4258 sese
657 4215 691 4257 a
719 4196 893 4259 Patre
914 4197 1277 4276 distinxisse,
1296 4198 1433 4278 quia
1467 4200 1718 4281 Spiritus
1742 4222 1850 4283 per
1878 4203 2071 4285 ipsum
2106 4225 2139 4266 a

493 4285 667 4346 Patre
696 4286 983 4365 procedit.

792 4379 898 4441 Ea:
926 4380 1060 4443 eod.
1091 4380 1405 4460 evangelio
1434 4400 1483 4444 ο.
1518 4399 1617 4443 xv.
1652 4402 1711 4445 υ.
1737 4384 1834 4448 26.

574 4470 672 4535 1V.
711 4499 734 4528 ιο
768 4475 912 4537 Cum
944 4480 1138 4535 autem
1172 4476 1399 4536 venerit
1430 4476 1792 4553 Paracletus,
1828 4496 2002 4558 quem
2036 4497 2143 4557 ego

422 4604 429 4607 .
496 4585 525 4617 α
562 4561 789 4623 mittam
822 4562 987 4623 vobis
1048 4581 1083 4623 a
1136 4561 1335 4639 Patre,
1373 4561 1655 4644 Spiritum
1689 4564 1953 4627 veritatis
1981 4566 2083 4647 qui
2114 4585 2147 4628 a

498 4675 526 4706 α
561 4652 733 4713 Patre
763 4649 1058 4731 procedit,
1106 4650 1237 4731 ipse
1269 4651 1668 4715 testimonium
1704 4653 2039 4734 perhibebit
2070 4655 2145 4717 de

498 4758 745 4803 «me.»

1059 4834 1554 4898 Adimadversio.

578 4947 600 4980 «
640 4924 933 4987 Attentius
964 4924 1435 5000 animadvertito,
1473 4926 1769 5007 quomodo
1810 4926 1937 5006 ipse
1959 4926 2138 4989 Para-

501 5037 526 5068 ι(
563 5014 780 5074 cletum
812 5031 876 5076 se
901 5013 1221 5075 missurum
1249 5015 1557 5095 promittit,
1580 5015 1685 5076 sed
1709 5034 1741 5075 a
1774 5017 1976 5076 Patre:
2006 5016 2116 5078 hoc

496 5124 523 5155 σ
559 5118 674 5181 que
706 5120 947 5181 prorsus
978 5103 1299 5167 concordat
1320 5122 1453 5165 cum
1481 5101 1975 5182 praecedentibus.
2004 5102 2144 5165 Pro-

500 5213 524 5249 ι
562 5192 891 5254 cessionem
922 5212 1057 5255 vero
1090 5194 1270 5270 illius,
1324 5195 1564 5257 modum
1616 5214 1832 5275 nempe
1856 5195 2141 5257 naturalis

498 5302 521 5337 ιι
561 5279 939 5359 exsistentiaa,
951 5301 1019 5343 ex
1044 5284 1219 5345 Patre
1239 5285 1613 5364 apertissime
1646 5296 1704 5345 te
1731 5284 1927 5345 docet.
1950 5283 2137 5357 Quem

497 5393 518 5426 ιι
556 5369 734 5447 igitur
754 5368 934 5431 alium
959 5370 1063 5432 tibi
1086 5373 1300 5452 quwris
1320 5373 1604 5452 veritatis,
1635 5382 1689 5435 et
1708 5372 2012 5453 sapientiae
2033 5390 2136 5434 ve-

493 5481 515 5512 (ι
552 5456 841 5520 raciorem
875 5477 945 5524 ac
970 5460 1389 5539 sapientiorem
1415 5463 1759 5541 magistrum
1791 5468 1820 5524 ?

2223 1685 2309 1741 ἐπὶ
2362 1692 2431 1761 τῇ
2513 1686 2683 1744 πίστει
2754 1683 3216 1745 διακινδυνεύουσιν
3292 1684 3497 1741 ὄλισθον
3551 1688 3597 1741 οἱ
3652 1683 3712 1739 ἐκ
3779 1692 3868 1742 τοῦ

2224 1776 2430 1853 Πατρὸς
2482 1776 2601 1855 μὲν,
2673 1777 2747 1840 ὡς
2805 1773 2857 1840 ἐξ
2928 1774 3083 1833 αὐτοῦ
3158 1774 3426 1854 ὑπάρχον,
3510 1771 3732 1831 δίδοσθαι
3787 1775 3869 1829 καὶ

2223 1868 2577 1943 χορηγεῖσθαι
2626 1864 2711 1920 καὶ
2765 1861 3176 1920 ἀποστέλλεσθαι
3235 1866 3296 1920 τὸ
3356 1869 3567 1937 Πνεῦμα
3611 1872 3867 1935 νοοῦντες,

2224 1950 2308 2008 διὰ
2362 1959 2452 2009 τοῦ
2507 1954 2628 2009 Υίοῦ
2683 1951 2761 2025 δὲ,
2821 1954 2923 2031 οὔχ
2983 1953 3055 2015 ὡς
3114 1949 3181 2007 δι’
3240 1953 3396 2009 αὐτοῦ
3426 1952 3669 2031 ὑπάρχον
3700 1951 3762 2007 ἐκ
3788 1973 3874 2007 του

2223 2042 2451 2116 Πατρὸς.
2500 2040 2667 2120 Εἴπερ
2739 2040 2887 2119 γοῦν,
2937 2043 2981 2095 ὦ
3012 2041 3265 2120 ἄχρω-τὰ,
3314 2040 3371 2097 ὃν
3406 2042 3433 2097 6
3463 2045 3561 2107 τῆς
3606 2040 3871 2118 παρούσης

2224 2129 2647 2209 προσεκαλέσατο
2719 2127 2897 2205 βίϐλου
2979 2130 3161 2207 Πατὴρ
3242 2131 3315 2192 εἷς
3404 2127 3685 2206 διάγνωσιν
3771 2129 3872 2184 τῶν

2223 2219 2425 2275 οἰκείων
2521 2220 2866 2289 ἓπιστασιῶν,
2979 2216 3155 2293 βούλει
3221 2221 3319 2284 τῆς
3376 2216 3604 2283 ἀληθοῦς
3675 2216 3872 2280 ἐννοίας

2224 2308 2299 2381 μὴ
2358 2306 2783 2382 ἀποπλανᾶσθαι,
2856 2306 2916 2363 ἐκ
2985 2307 3190 2385 Πατρὸς
3257 2304 3343 2361 διὰ
3400 2307 3519 2361 Υἱοῦ
3562 2306 3773 2362 πίστευε
3816 2306 3873 2361 16

2226 2403 2434 2470 Πνεῦμα
2489 2394 2756 2471 διδόμενον
2832 2396 2919 2450 καὶ
3004 2396 3400 2475 χορηγούμενον
3452 2395 3541 2451 καὶ
3603 2393 3870 2452 ἀποστελ-

2220 2482 2467 2563 λόμενον,
2529 2485 2602 2546 ὡς
2656 2483 2715 2539 ἐκ
2775 2485 2976 2562 Πατρὸς
3019 2484 3257 2563 ὑπάρχον
3302 2481 3385 2538 διὰ
3443 2489 3535 2539 τοῦ
3580 2485 3722 2563 Υἱοῦ,
3783 2482 3872 2538 ἵνα

2222 2576 2298 2648 μη
2355 2571 2599 2634 διάκονος
2642 2574 2728 2628 καὶ
2782 2570 3051 2651 ὑπηρέτης
3109 2578 3207 2639 τῆς
3258 2570 3451 2633 δόσεως
3496 2574 3583 2627 καὶ
3614 2570 3871 2651 χορηγίας

2220 2662 2307 2717 καὶ
2376 2660 2677 2728 ἀποστολῆς
2724 2661 2901 2718 νοοϊτό
2954 2682 3039 2717 σοι
3084 2663 3112 2718 6
3155 2663 3302 2741 Υἱὸς,
3354 2660 3481 2740 ὅπερ
3522 2661 3630 2717 ἐστὶ
3685 2659 3868 2717 δυσσεο

2223 2747 2310 2812 ϐές
2356 2771 2410 2805 τε
2452 2751 2538 2806 καὶ
2582 2748 2919 2831 βλάσφημον,

2665 2843 2759 2903 Ἐκ
2788 2852 2877 2902 τοῦ
2902 2845 3056 2900 αὐτοῦ
3088 2842 3427 2924 Εὐαγγελίου.

2311 2962 2345 3017 α,
2384 2928 2465 2999 Γ’.
2523 2944 2696 2995 Ταῦτα
2768 2934 3039 3004 λελάληκα
3086 2939 3236 3014 ὑμῖν,
3296 2937 3423 3017 παρ’
3476 2940 3613 3013 ἡμῖν
3670 2938 3866 3014 μένων.

2233 3045 2256 3082 l
2336 3016 2486 3083 Ὀταν
2516 3023 2570 3081 δὲ
2602 3024 2726 3103 ἔλθῃ
2754 3027 2814 3081 16
2868 3025 3080 3101 Πνεῦμα
3109 3027 3167 3081 τὸ
3199 3016 3384 3106 ἅγιον,
3406 3026 3434 3081 ὃ
3462 3026 3665 3101 πέμψει
3697 3028 3727 3083 6
3757 3032 3871 3082 Πα-

2230 3138 2258 3171 c
2303 3138 2391 3195 τερ
2418 3138 2520 3191 μου
2577 3114 2630 3170 ἐν
2685 3122 2762 3190 τῷ
2818 3116 3037 3191 ὀνόματι
3095 3137 3219 3195 μου,
3280 3114 3455 3172 ἐκεῖνο
3507 3112 3695 3180 διδάξει
3737 3115 3871 3190 ὑμᾶς

2228 3227 2256 3261 α
2303 3205 2499 3267 πάντα.
2537 3225 2562 3261 ι

2878 3297 3211 3358 Ἐπιστασία.

2307 3414 2334 3445 α
2377 3395 2638 3453 Συνετῶς,
2698 3388 2926 3445 ἄκουσαν
2984 3392 3057 3453 ὡς
3103 3391 3131 3445 6
3189 3390 3370 3467 Πατὴρ
3426 3388 3479 3443 ὲν
3536 3390 3614 3461 τῷ
3657 3387 3871 3461 ὀνόματι

2226 3499 2255 3539 ε
2298 3482 2391 3536 τοῦ
2447 3481 2568 3535 Υὶοῦ
2609 3478 2726 3545 ἤτοι
2796 3476 2879 3535 διὰ
2932 3481 3027 3536 τοῦ
3095 3481 3213 3536 Υίοῦ
3262 3475 3603 3534 ἀποστέλλειν
3660 3474 3863 3553 λέγεται

2229 3589 2253 3626 ε
2297 3570 2388 3624 τὸν
2420 3566 2788 3646 Παράκλητον.
2823 3597 2850 3626 ›

2820 3674 2825 3679 ’
2867 3658 3221 3740 Ἀντίῤῥησις.

2314 3756 2479 3815 Ἀλλά
2527 3758 2615 3814 καὶ
2676 3762 2902 3838 συνετῷς
2958 3757 3221 3836 πρόσεχες
3301 3754 3381 3812 ὅτι
3434 3754 3612 3837 ὥσπερ
3667 3758 3767 3838 ἔφη
3844 3756 3869 3809 6

2228 3848 2419 3926 Σωτὴρ
2471 3849 2710 3921 ἐνταῦθα,
2751 3869 2773 3900 ι
2809 3836 2887 3904 ιὈ
2940 3845 3141 3921 πέμψει
3199 3847 3227 3901 6
3284 3844 3464 3923 Πατὴρ
3524 3836 3623 3921 μου
3681 3836 3733 3903 ἐν
3801 3845 3872 3917 τῷ

2227 3935 2447 4010 ὀνόματί
2515 3958 2638 4017 μου,
2699 3936 2787 3992 καὶ
2870 3938 2929 3993 οῦ
2983 3932 3179 3989 διεῖλεν
3247 3934 3429 3989 ἑαυτὸν
3481 3942 3574 3992 τοῦ
3645 3934 3867 4009 Πατρὸς,

2227 4022 2309 4079 διὰ
2365 4027 2425 4081 16
2493 4025 2788 4101 πέμπεσθαι
2835 4025 2897 4079 16
2954 4028 3165 4098 Πνεῦμα
3208 4019 3302 4101 ,δι’
3361 4023 3517 4080 αὐτοῦ
3586 4024 3728 4101 παρᾶ
3787 4030 3872 4079 τοῦ

2230 4114 2458 4191 Πατρὸς,
2493 4100 2629 4171 οὕτω
2685 4114 2772 4170 καὶ
2824 4111 2947 4168 ὅταν
2992 4110 3116 4193 ἔφη,
3178 4100 3255 4169 υΟ
3313 4112 3453 4190 παρά
3520 4120 3615 4169 τοῦ
3664 4100 3868 4189 Πατρὸς

2226 4202 2587 4285 ἐκπορεύεται,
2625 4224 2647 4255 ε
2711 4207 2771 4262 οὒ
2824 4200 3019 4257 διεῖλεν
3074 4201 3256 4259 ἑαυτὸν
3285 4203 3377 4257 τοῦ
3423 4203 3651 4281 Πατρὸς,
3685 4200 3769 4257 διὰ
3807 4200 3865 4254 16

2159 4293 2592 4392 Déxnopeéaaﬂm
2636 4294 2697 4348 τὸ
2757 4297 2965 4366 Πνεῦμα
3022 4287 3083 4344 δι’
3147 4289 3303 4345 αὒτοῦ
3339 4290 3481 4368 παρά
3521 4297 3612 4346 τοῦ
3645 4288 3863 4368 Πατρὸς.

2672 4390 2772 4446 Ἐκ
2798 4395 2891 4445 τοῦ
2920 4392 3074 4445 αὐτοῦ
3102 4384 3442 4463 Εῦαγγελίου.

2315 4501 2341 4533 ε
2395 4489 2457 4538 Δ.
2507 4468 2683 4537 ²Ὀταν
2764 4476 2817 4532 δὲ
2900 4475 3024 4552 ἔλθῃ
3107 4477 3135 4532 6
3197 4473 3567 4553 Παράκλητος,
3642 4475 3700 4530 ὃν
3767 4472 3866 4549 ἐγὼ

2232 4587 2260 4621 ε
2309 4566 2509 4644 πέμψω
2580 4570 2708 4643 ὑμῖν
2761 4566 2901 4643 παρά
2970 4567 3061 4621 τοῦ
3109 4564 3334 4641 Πατρὸς,
3407 4564 3468 4619 16
3525 4564 3737 4637 Πνεῦμα
3773 4564 3866 4627 τῆς

2233 4676 2256 4710 ε
2307 4654 2575 4737 ἀλαθείας,
2632 4658 2660 4712 6
2690 4656 2830 4735 παρά
2886 4660 2977 4711 τοῦ
3045 4653 3250 4731 Πατρὸς
3292 4650 3651 4730 ἐκπορεύεται,
3724 4649 3867 4706 ἐκεῖ-

2237 4763 2267 4804 (
2315 4766 2401 4809 νος
2442 4747 2761 4825 μαρτυρήσει
2803 4745 2921 4823 περὶ
2949 4742 3097 4818 ἐμοῦ.
3133 4769 3155 4799 ι

2873 4839 3204 4898 Ἐπιστασία.

2313 4952 2336 4986 ιι
2385 4930 2729 5002 Ἐπίστησον,
2780 4935 2894 4991 πῶς
2966 4925 3119 4988 αὒτὸς
3176 4924 3271 4997 μὲν
3326 4924 3534 4999 πέμψαι
3610 4925 3700 4979 τὸν
3760 4928 3861 4978 Πα-

2232 5044 2257 5075 ε
2307 5019 2569 5099 ράκλητον
2653 5021 2681 5075 6
2772 5017 3070 5095 Μονογενής
3138 5016 3505 5092 ὑπισχνεῖται,
3564 5012 3708 5091 παρά
3778 5018 3868 5099 τοῦ

2232 5133 2259 5163 α
2306 5098 2510 5188 Πατρός
2540 5107 2594 5165 δέ
2629 5125 2643 5139 ⁶
2693 5104 2895 5178 συνᾴδει
2951 5102 3004 5160 δὲ
3059 5112 3212 5161 τοῦτο
3266 5102 3460 5164 πάντος
3517 5113 3635 5165 τοϊς
3674 5098 3869 5178 προλα-

2236 5219 2264 5253 α
2310 5187 2480 5260 ϐοῦσι,
2555 5198 2664 5265 Τὴν
2733 5194 2788 5252 δὲ
2858 5191 3158 5272 ἐκπόρευσιν
3200 5191 3419 5264 τούτου,
3477 5187 3723 5257 δηλονότι
3780 5191 3868 5245 τὸν

2235 5309 2263 5342 α
2309 5289 2502 5366 τρόπον
2581 5291 2677 5353 τῆς
2759 5287 2982 5364 φυσικῆς
3062 5279 3352 5359 ὑπάρξεως,
3420 5278 3479 5335 ἐκ
3534 5284 3625 5334 τοῦ
3668 5278 3868 5356 Πατρὸς

2233 5392 2264 5431 σ
2309 5382 2487 5454 σαφῶς
2568 5372 2855 5431 ἐκδιδάσκει
2935 5391 3015 5428 σε.
3116 5370 3241 5426 Τίνα
3288 5373 3412 5446 γοῦν
3457 5366 3632 5446 ἕτερον
3688 5374 3867 5454 ζητεῖς

2234 5486 2263 5519 α
2307 5452 2404 5530 τῆς
2462 5463 2709 5532 ἀληθείας
2768 5462 2856 5518 καὶ
2908 5464 3007 5526 τῆς
3081 5459 3263 5538 σοφίας
3320 5454 3667 5533 ἀληθέστερον
3724 5452 3867 5511 διδά-

2228 5572 2253 5608 ι
2301 5553 2495 5611 σκαλον
2526 5551 2938 5634 καὶοσοφώτερον
2971 5568 2987 5629 ς
3026 5572 3051 5607 ι

4068 557 4069 583 ι

4068 704 4073 783 ἶ

4070 802 4075 871 ί

4076 944 4077 965 ι

4078 1044 4079 1091 ί

4080 1146 4081 1191 ί

4078 1194 4081 1228 1
