4180 6282
272 314 383 379 405
1310 319 1388 383 ΙΝ
1433 321 1581 382 ΟΑΜ
1592 319 1824 381 ΑΤΕΡιῙ
1871 322 1916 379 Α

1997 318 2611 382 lMADVERSIONES.
3528 314 3648 381 406

332 525 337 530 ⁷
410 518 415 527 ,
924 452 1271 529 Ἀντίῤῥησις.
1943 461 1983 509 Α

1943 461 1983 509 Α
2224 472 2230 477 ’
2678 454 3015 533 Refutat-io.

349 550 437 616 Μὴ
496 559 652 608 τοῦτο
684 555 893 628 σκόπει,
953 554 1033 610 ὅτι
1093 556 1246 621 αῦτὸς
1292 558 1388 632 μὲν
1438 556 1668 631 πέμψειν
1699 558 1790 612 τὸν
1819 562 1901 615 Πα

2086 554 2169 616 Ne
2187 556 2242 616 id
2264 554 3216 636 consideres,ipsumUnigenitum
3241 572 3307 617 se
3327 556 3645 617 missurum

271 636 536 716 ράκλητον
594 644 621 697 6
696 645 1000 722 Μονογενῆς
1059 646 1401 726 ὑπισχνεῖται
1476 647 1616 724 παρά
1670 654 1763 702 τοῦ
1806 652 1919 702 Πα-

2007 644 2372 707 Paracletnm
2404 644 2774 725 promittere,
2817 661 3019 706 verum
3069 660 3103 705 a
3153 645 3379 706 Patre:
3426 639 3533 703 sed
3581 659 3652 702 ex

268 728 388 805 τρὸς
432 728 512 803 δὲ,
546 730 668 787 ἀλλ’
723 733 803 788 ὅτι
846 736 905 789 τὸ
962 733 1015 799 ἐξ
1058 734 1260 814 ἀμφοῖν
1322 737 1464 792 εἶναι
1508 737 1597 792 τὸν
1627 735 1917 814 Παράκλη-

2002 732 2622 812 utroqueParacletum
2649 752 2804 813 esse,
2838 732 3215 812 apertissime
3235 731 3375 794 inde
3397 730 3652 792 demon-

270 837 358 871 τον
430 816 664 876 ἒντευθεν
734 821 1064 896 ἐμφαίνεται.
1138 825 1208 880 T6
1290 824 1390 901 γὰρ
1445 825 1587 903 παρὰ
1643 834 1735 883 τοῦ
1804 832 1918 880 Πα-

2004 822 2194 882 -struri
2250 821 2413 894 Quod
2440 822 2598 882 enim
2620 840 2654 883 a
2676 823 2846 883 Patre
2871 829 2929 882 et
2965 820 3113 883 Filio
3155 820 3427 895 mittitur,
3456 836 3590 880 cum
3621 836 3655 879 a

271 908 388 984 τρὸς
479 910 827 984 πεμπόμενον
901 913 990 969 καὶ
1100 914 1241 985 Υἱοῦ,
1337 912 1449 968 ἐπεὶ
1532 911 1656 991 παρ’
1725 911 1922 972 οὒδενὸς

2018 918 2224 971 neutro
2244 910 2314 971 ad
2343 913 2581 973 modum
2606 910 3037 990 servi,prorsus
3067 909 3433 981 naturaliter,
3467 906 3649 969 veluti

271 993 606 1072 διακονικῶς,
664 998 875 1063 πάντως
948 1001 1203 1079 φυσικῶς,
1277 1004 1351 1065 ὡς
1427 1001 1488 1057 ἐκ
1570 1007 1667 1067 τῆς
1750 1003 1922 1065 οὐσίας

2013 1016 2080 1058 ex
2104 999 2360 1059 essentia
2375 998 2681 1078 utriusque
2698 995 3116 1069 exsistit.Quod
3140 1014 3278 1059 vero
3324 995 3477 1057 dicis
3503 1012 3644 1075 pro-

270 1085 508 1164 ὕπαρχον
570 1088 790 1165 ἀμφοῖν,
851 1088 922 1146 T6
978 1087 1032 1143 δὲ
1085 1086 1258 1167 λέγειν
1287 1110 1345 1144 σε
1376 1091 1448 1152 ὡς
1506 1090 1603 1155 τὴν
1660 1090 1919 1167 ἐκπόρευ-

2008 1088 2361 1166 cessionem,
2390 1086 2631 1147 modum
2687 1103 2903 1166 nempe
2956 1084 3245 1147 naturalis
3288 1084 3648 1147 exsistentiaa

276 1194 375 1245 σιν,
452 1172 698 1241 δηλονότι
751 1177 841 1232 τὸν
910 1177 1103 1255 τρόπον
1184 1182 1283 1245 τῆς
1365 1184 1588 1256 φυσικῆς
1635 1177 1922 1256 ὑπάρξεως,

2010 1172 2261 1253 Spiritus
2306 1178 2576 1243 exPatre,
2607 1173 2798 1254 palam
2819 1191 2850 1234 a
2870 1171 3124 1235 Domino
3144 1171 3647 1253 doceri,apposite

276 1270 361 1319 τοῦ
387 1264 693 1337 Πνεύματος
754 1264 812 1319 ἐκ
869 1267 960 1319 τοῦ
1020 1270 1220 1343 Παιρὸς
1280 1268 1464 1345 σαρῖῦς
1523 1264 1818 1322 ἐκδιδάσκει
1896 1269 1923 1322 6

2007 1260 2309 1343 probeque
2342 1261 2948 1324 dicis.Verumtamen
2970 1263 3263 1323 sententia
3291 1267 3413 1321 tota
3442 1259 3647 1321 dictio—

280 1353 485 1430 Κύριος,
520 1352 695 1417 καλῶς
750 1376 832 1410 σοι
891 1353 1169 1430 εἰρημένον
1226 1344 1387 1415 ἐστίν,
1457 1344 1608 1411 ’Ἔδει
1639 1353 1693 1409 δέ
1749 1376 1805 1410 σε
1862 1357 1924 1411 τὸ

2005 1368 2145 1410 num
2177 1350 2649 1430 evangelicarum
2706 1349 2998 1430 capienda
3055 1357 3202 1423 erat,
3251 1356 3373 1409 tum
3406 1347 3644 1410 demum

277 1441 486 1516 σύμπαν
554 1447 654 1508 τῆς
709 1442 908 1504 ἐννοίας
990 1442 1096 1497 τῶν
1189 1442 1542 1521 εῦαγγελικῶν
1599 1449 1922 1510 κατανοῆσαι

2006 1437 2483 1516 intelligendum,
2516 1438 3017 1520 quemadmodum
3043 1456 3112 1499 ex
3142 1436 3337 1516 Patre,
3363 1435 3646 1498 naturalis

274 1536 486 1608 φωνῶν,
561 1531 649 1586 καὶ
703 1537 812 1608 γνῶ
827 1553 897 1587 ραι
968 1534 1065 1600 ὡς,
1146 1532 1376 1610 καθάπερ
1441 1532 1500 1587 ὲκ
1570 1539 1661 1587 τοῦ
1720 1532 1921 1609 Πατρὸς

2006 1524 2262 1605 Spiritus
2319 1530 2660 1590 exsistentia
2714 1526 3149 1601 manifestatnr,
3212 1542 3357 1588 voce
3383 1524 3641 1597 Domini,

274 1621 309 1686 ἡ
352 1619 547 1697 φυσική
605 1617 853 1685 δηλοῦται
907 1626 999 1676 τοῦ
1054 1621 1355 1695 Πνεύματος
1410 1617 1623 1699 ὕπαρξις
1668 1620 1773 1676 ἀπὸ
1823 1620 1920 1688 τῆς

2003 1632 2119 1695 qua
2144 1616 2449 1699 asseritur,
2490 1642 2511 1675 υ
2541 1618 2641 1699 qui
2671 1637 2705 1679 a
2730 1619 2898 1678 Patre
2916 1613 3242 1696 procedit,»
3272 1620 3332 1676 et
3352 1612 3645 1676 Dominus

272 1712 363 1762 τοῦ
407 1707 595 1783 Κυρίου
651 1711 831 1787 φωνῆς
866 1713 990 1782 τῆς,
1042 1732 1069 1762 α
1102 1709 1131 1764 ὃ
1182 1709 1323 1787 παρὰ
1373 1714 1465 1765 τοῦ
1521 1710 1723 1786 Πατρός
1755 1708 1917 1765 ἐκπο-

2004 1702 2272 1787 protulit,
2305 1706 2505 1769 omnia
2533 1726 2641 1769 sua
2670 1706 2760 1767 ’ad
2791 1705 3051 1779 Patrem,
3082 1701 3263 1765 Veluti
3310 1703 3383 1765 ad
3409 1718 3644 1763 causam

274 1794 499 1873 ρεόεται,
554 1817 577 1848 ι
613 1796 678 1863 ἣν
734 1798 762 1853 6
819 1797 1005 1874 Κύριος
1055 1796 1154 1875 ἔφη
1214 1798 1384 1852 πάντα
1425 1797 1491 1853 τὰ
1522 1799 1676 1853 αῦτοῦ
1704 1798 1776 1860 εἷς
1833 1800 1923 1853 τὸν

2005 1794 2230 1873 abSQue
2262 1796 2552 1879 principio
2582 1795 2872 1873 referens,
2894 1794 2975 1854 ita
2992 1800 3051 1854 et
3067 1791 3429 1879 manifestari
3445 1789 3643 1852 ahalio

274 1885 482 1965 Πατέρα
537 1889 610 1950 ὡς
654 1888 728 1950 εἰς
789 1884 1020 1967 ἄναρχον
1092 1887 1362 1967 ἀναφέρων
1420 1887 1610 1963 αἰτίαν,
1646 1887 1782 1944 οὕτω
1823 1886 1925 1953 δη-

2007 1884 2240 1949 Domini
2265 1877 2446 1965 dicto,
2480 1902 2596 1965 quo
2628 1882 2880 1963 Spiritus
2937 1880 3199 1942 veritatis
3220 1877 3472 1967 Spiritus
3501 1895 3641 1967 san—

273 1975 457 2033 λοῦται
512 1976 604 2031 καὶ
664 1974 769 2031 ἀπὸ
823 1965 1129 2043 τῆς-ἄλλης
1185 1965 1277 2034 τοῦ
1332 1977 1516 2048 Κυρίου
1559 1977 1740 2055 φωνῆς
1796 1978 1921 2045 τῆς,

2008 1984 2136 2037 ctus
2165 1975 2404 2047 dicitur,
2438 1991 2544 2053 per
2567 1970 2784 2034 Filium
2820 1969 3075 2031 similem
3106 1966 3432 2029 naturalem
3483 1965 3640 2028 exsi-

273 2071 487 2140 Πνεῦμα
555 2063 799 2130 ἀληθείας
869 2064 1131 2143 λεγούσης
1182 2065 1243 2120 16
1299 2064 1512 2138 Πνεῦμα
1542 2066 1603 2119 τὸ
1634 2063 1803 2141 ἅγιον,
1839 2062 1923 2120 διὰ

2006 2065 2277 2126 stentiam
2303 2061 2560 2142 Spiritus
2578 2077 2734 2121 esse.
2760 2057 3065 2120 Manifesto
3088 2073 3344 2133 namque
3374 2061 3639 2143 apparet,

273 2160 366 2210 τοῦ
423 2154 547 2209 Υἶοῦ
601 2153 698 2218 τὴν
762 2154 1008 2220 τοιαύτην
1063 2153 1288 2233 φυσικὴν
1345 2152 1487 2208 εἶναι
1549 2160 1640 2209 τοῦ
1670 2152 1918 2227 Πνεῦμα-

2004 2141 2407 2231 evangelicum
2440 2148 3039 2227 dictumjasseverans,
3060 2143 3345 2233 Spiritum
3377 2141 3647 2233 veritatis

273 2263 364 2304 τος
421 2240 657 2319 ὕπαρξιν.
720 2240 948 2308 Εὔδηλον
1019 2231 1118 2320 γαρ
1168 2243 1240 2305 ὡς
1312 2243 1346 2309 ἡ
1418 2240 1735 2320 ειῦαγγελικὴ
1766 2243 1917 2318 ῥῆσις

1999 2241 2282 2321 Spiritnm
2314 2247 2601 2311 sanctum,
2641 2237 2786 2299 illud
2827 2235 3021 2316 ipsum
3074 2232 3351 2314 innuero,
3401 2231 3648 2321 quodet

274 2334 308 2399 ἡ
375 2328 603 2408 λέγουσα
670 2336 880 2403 Πνεῦμα
963 2336 1061 2398 τῆς
1147 2330 1391 2397 ἀληθείας
1456 2331 1517 2386 τὸ
1573 2336 1786 2406 Πνεῦμα
1854 2332 1916 2387 16

1999 2320 2156 2391 aliud
2186 2328 2417 2408 asserit,
2456 2346 2589 2388 eum
2613 2345 2647 2387 a
2671 2328 2845 2388 Patre
2868 2322 3459 2403 procedere.Suoque
3474 2320 3644 2408 testi-

276 2420 451 2496 ἅγιον,
506 2418 681 2475 ἑκεῖνο
765 2417 998 2499 δύναται,
1071 2418 1199 2498 ὅπερ
1250 2422 1283 2487 ἡ
1339 2417 1564 2497 λέγουσα
1631 2421 1773 2498 παρά
1827 2419 1917 2476 τοῦ

2001 2419 2200 2481 monio
2233 2407 2463 2498 pondus
2513 2414 2690 2477 addet
2743 2413 2901 2475 dicto
2956 2430 3089 2473 meo
3133 2409 3392 2473 veritatis
3440 2407 3645 2488 regula

274 2510 478 2587 Πατρὸς
562 2510 686 2567 αὐτὸ
778 2508 1173 2586 ἐκπορευεσθαι.
1276 2509 1372 2565 Καὶ
1432 2508 1753 2587 μαρτυρήσει
1825 2530 1916 2584 μοι

2000 2507 2408 2571 divinissimus
2430 2506 2680 2569 Basilius
2704 2504 2766 2566 in
2798 2504 3035 2585 iis,quaa
3061 2510 3266 2565 contra
3284 2501 3644 2564 Eunomium

272 2599 361 2654 τὸν
417 2595 577 2674 λόγον
633 2598 660 2652 6
714 2602 815 2664 τῆς
843 2595 1089 2664 ἀληθείας
1146 2596 1378 2676 στάθμη,
1435 2598 1463 2652 6
1513 2595 1677 2661 πολὺς
1707 2597 1771 2652 τὰ
1800 2600 1918 2653 θεῖα

2000 2596 2325 2678 Ariumque
2348 2594 2782 2677 scripsit,cujus
2801 2594 2926 2655 haec
2941 2590 3400 2673 suntipsissima
3421 2590 3601 2668 verba
3625 2610 3636 2650 :

272 2683 546 2747 Βασίλειος
586 2684 639 2740 ἐν
696 2698 812 2750 το⁴ς
870 2684 987 2741 κατ’
1054 2685 1303 2760 Εὖνομίου
1358 2685 1445 2741 καὶ
1495 2683 1694 2763 Ἀρείου
1737 2684 1917 2763 λόγοις

2008 2711 2032 2739 α
2068 2685 2217 2765 Erga
2242 2686 2478 2747 Patrem
2508 2684 2852 2745 aﬂinitatem
2878 2680 3168 2759 intelligo,
3221 2698 3355 2740 cum
3403 2697 3437 2740 a
3468 2680 3642 2741 Patre

273 2773 487 2853 φάσκων
515 2770 650 2828 οὕτω
677 2773 850 2851 ῥητῶς
884 2788 897 2802 '
954 2794 977 2828 ι
1027 2774 1135 2841 Την
1179 2772 1276 2847 μὲν
1308 2775 1438 2852 πρὸς
1483 2772 1689 2851 Πατέρα
1720 2773 1918 2830 οἰκειό-

2001 2775 2290 2852 procedit,
2325 2792 2463 2853 erga
2490 2772 2700 2834 Filium
2761 2789 2897 2833 cum
2946 2768 3148 2844 audio,
3195 2767 3307 2839 Qui
3356 2765 3638 2847 Spiritum

272 2883 409 2927 τητα
459 2867 587 2939 νοῶ,
634 2859 817 2927 ἐπειδὴ
874 2862 1015 2940 παρὰ
1056 2870 1149 2919 τοῦ
1193 2864 1397 2940 Πατρὸς
1429 2861 1784 2940 ἐκπορεύεται,
1820 2862 1917 2928 τὴν

2001 2862 2219 2926 Christi
2240 2880 2358 2923 non
2382 2860 2582 2936 habet,
2619 2860 2717 2922 hic
2738 2859 2898 2921 illius
2926 2876 3045 2920 non
3074 2864 3181 2919 est.
3225 2880 3249 2915 ι
3296 2853 3555 2919 Videsne
3587 2862 3644 2917 et

273 2951 402 3025 πρὸς
458 2951 577 3005 ι’ίὸν
624 2947 702 3023 δὲ,
752 2948 934 3016 ἐπειδὴ
992 2950 1189 3027 ἀκούω,
1222 2948 1289 3007 Εἴ
1330 2972 1413 3015 τις
1457 2960 1663 3026 πνεῦμα
1695 2957 1920 3029 Χριστοῦ

2002 2951 2277 3029 intelligis
2302 2950 2585 3031 Spiritum
2613 2947 2767 3009 Patri
2790 2966 2921 3009 esse
2942 2946 3201 3020 afﬁnem,
3234 2944 3389 3025 quod
3423 2962 3638 3031 proce-

275 3038 365 3093 οὐκ
392 3036 534 3117 ἔχει,
570 3037 719 3093 οὕτω
752 3037 844 3094 οὒκ
874 3037 1013 3094 ἐστιν
1043 3040 1269 3118 αῦτοῦμ
1310 3029 1461 3118 Ὀρᾷς
1493 3041 1578 3095 καὶ
1609 3038 1808 3112 συνίης,
1843 3040 1916 3102 ὡς

2001 3039 2087 3100 dit
2116 3059 2183 3100 ex
2213 3029 2408 3113 Patre,
2443 3039 2679 3100 affinem
2713 3055 2850 3097 vero
2874 3034 3047 3109 Filio,
3084 3032 3243 3114 quod
3290 3031 3480 3113 ipsius
3502 3030 3639 3112 Spi-

424 3096 463 3117 "‘
516 3096 533 3107 ’
1206 3096 1220 3118 ι
1372 3096 1381 3118 I
1414 3096 1424 3110 ι
1448 3096 1459 3102 '
1744 3096 1808 3112 ··1
1902 3096 1914 3102 ν

273 3127 472 3182 οἰκεῖον
679 3128 840 3203 Πατρὶ
897 3128 957 3182 τὸ
1014 3132 1248 3202 Πνεῦμα,
1307 3126 1386 3184 ὅτι
1440 3127 1499 3184 ἐκ
1567 3132 1660 3185 τοῦ
1714 3128 1915 3207 Πατρὸς

1999 3096 2734 3191 ἑέίιυζεέιῖιῐῖάέῙιιῖέίιε
2775 3096 3186 3201 θείηιειιίείὶο,
3203 3096 3639 3207 ςυίὶιωοάίςία.

274 3214 631 3292 ἐκπορεύεται,
690 3216 888 3271 οἰκεῖον
944 3212 997 3269 δὲ
1051 3216 1127 3287 τῷ
1193 3218 1316 3294 Υἷῷ,
1374 3214 1456 3271 ὅτι
1511 3221 1721 3290 Πνεῦμα
1775 3205 1916 3272 ἔστιν

1996 3217 2075 3277 vit
2092 3219 2375 3279 Dominus
2390 3215 2664 3277 eumdem
2683 3215 2881 3295 ipsum
2897 3212 2990 3274 his
3020 3211 3238 3272 iisdem
3282 3205 3642 3270 dictionibus

272 3304 473 3382 αῦτοῦς
524 3292 670 3380 “Op:
718 3304 807 3359 καὶ
861 3302 1033 3382 σύνες,
1090 3305 1162 3367 ὡς
1206 3305 1235 3360 6
1276 3292 1369 3368 τὰς
1420 3302 1586 3370 λέξεις
1616 3305 1804 3367 ταύτας
1835 3306 1914 3361 εἰ·-

1998 3305 2437 3385 comprobasse,
2470 3323 2538 3365 ex
2570 3292 2819 3383 utroque
2842 3300 3168 3363 'essePatris
3200 3296 3391 3359 etFilii
3447 3296 3641 3385 Spiri-

270 3392 449 3469 ρηκὼς
495 3392 705 3469 Κύριος,
764 3390 918 3455 αᾷτὸς
990 3392 1195 3457 ἐκεῖνος
1263 3391 1313 3457 ἐξ
1370 3396 1538 3451 αῦτῶν
1580 3393 1779 3450 τούτων
1811 3400 1916 3449 τῶν

1999 3384 2318 3464 ιιιῐῐιξριιοά
2338 3392 2389 3454 si
2406 3392 2586 3454 alium
2603 3408 2841 3472 quoque
2859 3386 3253 3470 postulas,qui
3284 3386 3409 3447 haec
3431 3384 3639 3447 eadem

269 3477 462 3544 λέξεων
516 3478 846 3557 παρέστησεν
901 3478 952 3544 ἐξ
1006 3479 1208 3560 ἀμφοῖν
1265 3481 1406 3537 εἶναι
1462 3482 1523 3537 τὸ
1568 3488 1662 3537 τοῦ
1709 3484 1913 3557 Πααρὸς

1998 3482 2255 3542 affirmet
2300 3492 2355 3542 et
2384 3500 2488 3542 suo
2536 3478 2876 3542 testimonio
2929 3476 3286 3540 sententiam
3308 3479 3467 3540 hanc
3496 3492 3641 3536 con-

267 3569 355 3623 κλὶ
435 3570 557 3624 Υἳοῦ
601 3573 833 3643 Πνεῦμα.
895 3569 954 3625 Εἴ
982 3565 1036 3624 δὲ
1081 3571 1166 3625 καὶ
1222 3569 1296 3625 ’ἑτι
1335 3571 1555 3649 χρῄζεις
1597 3579 1690 3629 τοῦ
1719 3591 1912 3648 προσε-

1999 3570 2256 3632 stabiliat
2281 3570 2420 3632 audi
2449 3576 2509 3633 et
2538 3576 2807 3630 sanctum
2851 3565 3129 3647 Cyrillum
3162 3564 3223 3625 in
3282 3565 3639 3643 interpreta-

267 3654 712 3720 m5331tdiaov10;
791 3657 879 3712 καὶ
964 3660 1619 3737 προσεπιμαρτυρήσοντός
1678 3680 1759 3714 σοι
1815 3661 1915 3729 τήν

2000 3661 2157 3721 tione
2185 3661 2432 3723 Joannis
2456 3661 2528 3723 ad
2563 3661 2661 3724 illa
2688 3658 2891 3736 verba,
2930 3683 2954 3713 «
2993 3659 3139 3721 Cum
3186 3656 3385 3737 itaque
3412 3656 3643 3717 venerit

268 3744 470 3801 ἔννοιαν
512 3744 736 3825 ταύτην,
799 3744 907 3801 ἴσθι
963 3748 1049 3801 καὶ
1106 3748 1197 3802 τὸν
1250 3746 1397 3822 ἅγιον
1462 3746 1711 3826 Κύριλλον
1762 3750 1815 3805 ἓν
1847 3754 1913 3824 τῇ

1996 3746 2353 3824 Paracletus,
2395 3775 2417 3806 υ
2450 3748 2855 3811 enuntiantem
2883 3765 2897 3811 :
2931 3772 2956 3804 α
2982 3746 3135 3809 Ecce
3150 3746 3485 3820 enim,ecce
3511 3742 3641 3822 Spi-

266 3834 516 3910 ἑρμηνείᾳ
571 3840 665 3890 τοῦ
712 3834 847 3889 κατὰ
877 3832 1125 3901 Ἰωάννην
1173 3837 1247 3898 εἷς
1277 3839 1359 3913 τὸ,
1400 3855 1430 3894 (
1463 3826 1638 3894 εὈταν
1668 3837 1755 3892 οὖν
1786 3834 1909 3913 ἔλθῃ

1993 3836 2169 3897 ritum
2204 3839 2484 3914 veritatis,
2518 3840 2630 3900 hoc
2662 3847 2753 3901 est
2783 3838 3000 3899 suimet
3048 3837 3231 3917 ipsius
3271 3833 3637 3896 Paracletum

265 3926 293 3980 6
363 3921 733 3997 Παράκλητος,
790 3943 813 3974 ι
893 3926 1163 4001 φάσκοντα
1234 3924 1397 3989 οὕτως
1443 3942 1456 3956 ⁸
1528 3954 1550 3986 ι
1611 3923 1739 3982 Ἰδοὺ
1786 3927 1908 4005 γὰρ,

1994 3925 2321 4007 appellans,
2356 3928 2427 3989 eh
2463 3930 2635 3989 Patre
2657 3944 2793 3988 eum
2819 3924 3146 4006 procedere
3166 3924 3267 3986 ait.
3293 3922 3440 3985 Nam
3485 3923 3637 3985 sicut

262 4011 369 4069 ἰδοὺ
413 4018 626 4086 Πνεῦμα
679 4013 778 4077 τῆς
833 4010 1105 4084 ἀληθείας,
1165 4013 1430 4070 τουτέστιν
1462 4015 1644 4071 ἑαυτοῦ
1674 4016 1762 4071 τὸν
1793 4021 1910 4071 Πα-

1996 4013 2127 4074 Filii
2154 4014 2408 4095 Spiritus
2429 4014 2972 4091 est,naturaliterin
3001 4014 3134 4095 ipso
3164 4031 3434 4087 manens,
3462 4020 3519 4073 et
3531 4028 3637 4093 per

264 4099 527 4179 ράκλητον
584 4100 767 4185 εἷπῲν,
825 4100 966 4179 παρά
1021 4101 1114 4158 τοῦ
1173 4104 1369 4179 Πατρὸς
1418 4103 1571 4158 αῦτὸν
1628 4103 1911 4182 ἐκπορεύε-

1996 4102 2189 4181 ipsum
2211 4105 2624 4185 progrediens,
2660 4105 2746 4166 sic
2765 4103 2953 4165 Patris
2974 4121 3209 4184 quoque
3242 4100 3499 4183 Spiritus
3525 4108 3634 4175 est,

263 4190 378 4245 σθαί
420 4210 603 4268 φησιν.
659 4178 874 4267 υΩσπερ
908 4178 1016 4268 γὰρ
1076 4189 1184 4246 ἐστι
1224 4178 1434 4267 Πνεῦμα
1478 4190 1610 4247 ἴδιον
1663 4178 1913 4251 τοῦ-ι’ἱοῦ

1995 4178 2228 4262 Quibus
2252 4178 2450 4254 auiem
2482 4192 2736 4273 Spiritus
2780 4178 3131 4255 communis
3160 4199 3269 4273 est,
3288 4178 3348 4252 'ii
3377 4189 3635 4271 profecto

263 4282 494 4357 φυσικῶς
539 4276 593 4331 ἐν
651 4278 790 4351 αῦτῷ
844 4298 901 4332 τε
943 4278 1206 4357 ὑπάρχον,
1266 4281 1352 4335 καὶ
1398 4277 1468 4335 δι’
1515 4283 1670 4338 αὐτοῦ
1700 4282 1909 4357 προϊὸν,

1996 4280 2324 4341 secundum
2348 4280 2736 4343 substantiam
2764 4280 3122 4361 disseparari
3152 4298 3270 4341 non
3302 4286 3565 4359 possunt.
3607 4303 3628 4336 η

265 4368 402 4423 οἲτω
429 4368 517 4422 καὶ
546 4375 640 4423 τοῦ
666 4367 894 4444 Πατρὸς.
955 4366 1056 4429 Οἷς
1088 4365 1141 4421 δὲ
1174 4368 1236 4422 16
1268 4374 1475 4443 Πνεῦμα
1534 4370 1730 4444 κοινὸν,
1787 4371 1911 4426 τού-

1998 4367 2082 4427 En
2110 4377 2376 4430 sanctum
2406 4369 2547 4430 item
2577 4368 2857 4450 Cyrillum
2911 4376 3294 4439 asserentem,
3331 4365 3634 4446 proprium

264 4478 373 4517 τοις
431 4455 523 4521 εἴη
580 4452 748 4523 δήπου
792 4456 1002 4518 παντως
1055 4454 1118 4510 ἂν
1175 4457 1261 4512 καὶ
1331 4459 1395 4512 τὰ
1464 4463 1563 4524 τῆς
1620 4458 1796 4521 οὖσίας
1856 4460 1914 4513 οὗ

1999 4458 2129 4519 Filii
2149 4460 2430 4531 etPatris,
2449 4466 2507 4519 et
2527 4475 2907 4519 communem
2922 4455 3071 4517 Patri
3088 4456 3145 4519 e't
3175 4454 3325 4517 Filio
3349 4451 3635 4543 Spiritum

264 4543 601 4622 διωρισμένα,
639 4560 662 4592 ο
726 4540 859 4599 ἰδοὺ
919 4545 1007 4598 καὶ
1064 4546 1092 4599 6
1153 4544 1207 4600 ἐν
1252 4543 1417 4623 ἁγίοις
1464 4544 1742 4624 Κύριλλος,
1776 4545 1911 4602 ἴδιον

1997 4554 2356 4619 sanctum,et
2379 4547 2615 4608 easdem
2642 4548 2856 4607 horum
2871 4544 3165 4606 dictorum
3177 4545 3328 4605 vires
3349 4541 3631 4620 colligen-

278 4636 393 4689 Υἱοῦ
437 4635 524 4688 καὶ
555 4633 780 4709 Πατρὸς,
810 4633 897 4687 καὶ
941 4634 1114 4688 κοινὸν
1149 4635 1309 4713 Πατρὶ
1356 4637 1442 4691 καὶ
1478 4636 1584 4710 Υἱῴ
1612 4638 1672 4691 16
1704 4641 1913 4710 Πνεῦμα

1998 4644 2139 4696 tem.
2175 4633 2244 4694 Et
2287 4634 2551 4696 veritatis
2607 4632 2854 4695 amatori
2904 4631 3214 4694 sciendum
3270 4640 3379 4706 est,
3415 4630 3633 4693 nullam

267 4722 326 4777 τὰ
382 4718 534 4800 ἅγιον
576 4722 664 4777 καὶ
706 4726 810 4776 τῶν
853 4718 1207 4798 εῦαγγελικῶν
1264 4723 1459 4778 τούτων
1528 4724 1734 4801 ῥήσεων
1796 4724 1909 4777 iso-

1999 4723 2112 4782 vim
2149 4723 2363 4784 inferre
2386 4721 2835 4802 Evangelio,qui
2867 4739 2935 4783 ex
2958 4725 3149 4795 Patre,
3184 4726 3242 4781 et
3262 4719 3413 4783 Filio
3442 4718 3634 4799 Spiri-

267 4808 509 4883 ὂύναμον.
571 4810 669 4866 Καὶ
726 4806 810 4865 δεῖ
869 4806 1056 4864 εἰδέναι
1107 4811 1196 4865 τὸν
1266 4810 1361 4878 τῆς
1417 4810 1661 4879 ἀληθείας
1708 4810 1912 4890 ἐφιέμε-

1999 4827 2121 4871 tum
2149 4811 2385 4889 astruit,
2410 4819 2474 4872 ut
2497 4812 2598 4892 qui
2623 4815 2927 4873 veritatem
2960 4809 3634 4883 criminantur,conten-

270 4921 352 4953 νον
380 4901 451 4961 ὡς
489 4895 634 4955 οῦδέν
690 4918 740 4952 τι
838 4897 1236 4976 παραχαράττει
1293 4901 1354 4955 16
1411 4899 1730 4979 Εὗαγγέλιον
1774 4902 1801 4954 6
1860 4899 1918 4954 ἐκ

2001 4899 2164 4966 dunt.
2198 4918 2331 4961 cum
2368 4919 2435 4962 ex
2464 4900 2672 4962 iisdem
2706 4898 2943 4962 Domini
2968 4897 3208 4960 vocibus
3227 4897 3401 4978 plane
3448 4914 3632 4977 appa-

268 4995 357 5044 τοῦ
404 4987 607 5065 Πατρὸς
663 4988 749 5041 καὶ
814 4987 933 5042 Υἱοῦ
968 4986 1107 5041 εἶναι
1162 4986 1330 5064 λέγων
1385 4990 1445 5044 τὸ
1475 4989 1709 5064 Πνεῦμα,
1755 4990 1827 5051 ὡς
1873 4991 1917 5043 0':

2002 4996 2147 5061 reat,
2185 5008 2253 5050 ex
2285 4990 2498 5052 eodem
2530 4997 2588 5051 et
2616 4991 2789 5051 Patre
2818 4987 3099 5069 Spiritum
3157 4994 3427 5049 sanctum
3479 5004 3631 5047 esse.

269 5073 638 5138 διαϐάλλοντες
678 5074 776 5141 τὴν
820 5072 1076 5136 ἀληθειαν
1134 5074 1362 5152 λέγουσι,
1416 5075 1501 5133 διαί
1527 5078 1587 5133 τό
1631 5076 1681 5142 ἐξ
1740 5080 1908 5135 αὐτῶν
1962 5086 2054 5133 τοῦ
2114 5090 2296 5156 Κυριον
2327 5086 2512 5159 φωνῶν
2557 5077 2919 5157 ἀναφαίνεσθαι
2964 5079 3022 5133 τὸ
3055 5077 3105 5142 ἐξ
3137 5076 3292 5133 αὐτοῦ
3318 5098 3376 5131 τε
3419 5077 3505 5133 καὶ
3548 5083 3640 5132 τοῦ

275 5168 471 5244 Πατρὸς
502 5165 647 5220 εἶναι
676 5163 736 5218 16
763 5169 975 5238 Πνεῦμα
1005 5166 1065 5219 16
1093 5164 1243 5241 ἅγιον
1263 5208 1276 5223 .
3012 5177 3016 5181 ’

1546 5271 1680 5333 DIC
1695 5272 1788 5332 ΤΑ
1826 5271 2323 5336 APOSTOLICA
2341 5316 2357 5333 .

272 5399 369 5450 Τοῦ
423 5390 577 5467 ἀγίου
664 5387 857 5466 Πέτρου
940 5388 1000 5443 ἐκ
1055 5395 1183 5524 didm
1271 5387 1509 5468 Πραξεων
1606 5398 1711 5447 τῶν
1794 5391 1922 5447 ἀπο-

990 5490 1052 5523 στ
1119 5492 1215 5524 ων-

2008 5391 2070 5451 8.
2108 5394 2276 5453 PeIr-i
2304 5410 2379 5455 ea:
2407 5395 2452 5454 Α
2467 5397 2573 5456 clis
2604 5394 3034 5475 aposiolomm.
3070 5393 3218 5474 ϐαρ.
3250 5412 3310 5468 n,
3379 5411 3510 5456 vers
3532 5392 3633 5455 32.

990 5490 1193 5525 στοΛων
1202 5518 1215 5531 ,

350 5558 430 5631 Ε’.
483 5584 511 5617 ι
548 5574 744 5625 Τοῦτον
816 5568 906 5623 τὸν
964 5566 1168 5633 ἰησοῦν
1236 5567 1519 5634 ἀνέστησεν
1590 5570 1619 5623 6
1676 5570 1829 5647 Θεὸς,
1863 5573 1920 5623 οὗ

2086 5573 2143 5632 5.
2181 5594 2202 5625 α
2236 5570 2603 5634 HuncJesum
2633 5573 3005 5637 resuscitavit
3020 5574 3203 5648 Deus,
3237 5573 3405 5653 cujus
3431 5588 3639 5633 omnes
