4180 6282
566 345 680 410 407

1637 348 1847 409 JOAN.
1897 345 2115 407 VECCI
2163 343 2274 404 ΟΡ.
2331 344 2848 406 ΡΑΤΒΙΑΒΟΗιΕ

3811 341 3918 404 408

572 501 595 535 ι
633 499 740 541 nos
761 488 940 542 testes
969 500 1193 544 sumus.
1246 484 1498 544 Dextera
1531 480 1706 558 igitur
1758 477 1866 539 Dei
1899 475 2206 554 exaltatus,

2303 495 2323 531 ι
2372 477 2566 541 πάντες
2597 476 2761 551 τημεϊς
2813 476 2972 552 ἐσμεν
3049 477 3330 554 μάρτυρες.
3393 483 3470 553 Τῇ
3519 475 3662 549 δεξιᾷ
3718 478 3804 532 οῦν
3851 483 3933 532 τοῦ

572 592 599 623 α
627 579 686 631 et
717 570 1106 649 promissione
1133 568 1384 650 Spiritus
1416 568 1603 630 sancti
1631 573 1897 647 accepta,
1956 585 1990 626 a
2036 567 2209 627 Patre

575 681 601 712 α
636 659 839 722 θιῐυιίἱι
870 659 1052 734 hunc,
1084 677 1260 739 quem
1299 677 1399 719 vos
1431 657 1637 720 videtis
1666 664 1724 718 et
1765 654 2006 718 auditis.
2043 680 2065 710 υ

1138 850 1629 912 Animadversio.

651 951 894 1014 «Praebe
915 969 1292 1031 auresnagno
1309 952 1573 1032 apostolo
1605 955 1800 1027 Petro,
1837 955 2044 1015 eadem
2074 973 2206 1015 cum

575 1037 894 1115 «Magistro
917 1059 1022 1100 suo
1045 1040 1412 1102 decernenti.
1450 1043 1597 1103 Nam
1621 1060 1777 1114 ,cnm
1815 1040 1916 1103 ille
1971 1043 2204 1118 dixerit,

574 1149 605 1185 ι
623 1145 686 1187 se
712 1129 1028 1190 missurum
1061 1127 1340 1209 Spiritum
1365 1148 1398 1190 a
1419 1130 1720 1205 Patre,hic
1752 1149 1884 1192 eum
1903 1132 2208 1212 accepisse

580 1238 602 1270 α
637 1234 670 1275 a
697 1219 864 1277 Patre
889 1217 1066 1278 docet
1107 1217 1555 1296 promissionem
1604 1219 1881 1300 Spiritus,
1935 1228 1992 1282 et
2041 1220 2204 1281 illum

574 1326 603 1361 σ
639 1305 700 1364 in
725 1323 834 1365 nos
865 1305 1165 1380 effudisse,
1194 1324 1314 1366 non
1344 1324 1481 1367 vero
1517 1309 1812 1390 emisisse,
1849 1336 1874 1364 ι

1224 1497 1554 1576 Refutatio.

653 1600 715 1661 Si
761 1599 969 1662 eadem
1027 1600 1135 1660 tibi
1189 1598 1461 1661 videntur
1511 1619 1664 1675 esse,
1719 1604 1952 1666 misisse
1980 1601 2206 1682 lSalva-

2297 586 2319 618 α
2373 571 2504 621 Θεοῦ
2547 565 2799 644 ὑψωθεὶς,
2856 563 2954 632 τήν
3011 585 3069 620 τε
3127 563 3447 643 ἐπαγγελίαν
3471 573 3566 622 τοῦ
3596 564 3745 642 ἁγίου
3774 564 3930 620 Πνεύ-

2294 675 2318 708 ι
2370 675 2539 728 ματος
2592 651 2771 710 λαϐὼν
2853 653 2996 732 παρὰ
3066 660 3158 710 τοῦ
3226 654 3458 734 Πατρὸς,
3515 653 3699 734 ἐξέχεε
3768 660 3930 731 10610,

2295 764 2319 796 ιι
2368 744 2397 798 ὁ
2428 748 2519 799 νῦν
2549 743 2705 818 ὑμεῖς
2749 740 2972 818 βλέπετε
3015 744 3103 798 καὶ
3133 742 3372 805 ἀκούετε,
3411 764 3440 797 ι

2952 841 3290 907 Ἐπιστασία,

2378 966 2403 1001 0
2453 945 2730 1025 Πρόσσχες
2801 950 2878 1018 τῷ
2921 943 3142 1024 μεγάλῳ
3203 945 3489 1020 ἆποστόλῳ
3538 946 3742 1023 Πέτρῳ,
3773 951 3846 1018 τῷ
3871 946 3935 1000 οὶ-

2297 1055 2324 1086 α
2370 1033 2496 1106 κείῳ
2579 1032 2876 1107 διδασκάλῳ
2971 1033 3177 1109 συνῳδὰ
3242 1032 3621 1112 δογματίζοντι
3723 1033 3937 1090 Ἐκείνου

2297 1143 2326 1175 α
2372 1121 2471 1199 γὰρ
2529 1122 2766 1186 εἰπόντος
2824 1121 3033 1197 πέμψαι
3104 1123 3166 1178 τὸ
3220 1127 3434 1197 Πνεῦμα
3501 1123 3644 1202 παρὰ
3697 1128 3788 1178 τοῦ
3842 1127 3938 1177 Πα-

2299 1233 2326 1264 α
2371 1212 2516 1280 τρὸς,
2581 1211 2731 1274 οῦτος
2791 1209 2977 1267 λαϐεῖν
3033 1211 3186 1268 αὐτὸν
3229 1209 3460 1268 διδάσκει
3507 1213 3654 1292 παρὰ
3696 1216 3787 1267 τοῦ
3829 1217 3932 1266 Πα-

2296 1319 2325 1351 ι
2369 1299 2490 1375 τρὸς
2561 1297 2659 1362 τὴν
2722 1297 3041 1376 ἐπαγγελίαν
3085 1304 3177 1354 τοῦ
3232 1299 3564 1374 Πνεύματος,
3615 1299 3706 1355 καὶ
3761 1295 3932 1376 ἐκχέαι

2297 1407 2318 1439 ι
2371 1393 2526 1443 τοῦνο
2569 1385 2654 1466 ἐφ’
2699 1386 2866 1466 εημιῖις,
2902 1390 2961 1444 06
2989 1386 3099 1462 μὴν
3129 1383 3501 1466 προϐάλεσθαι,
3536 1404 3562 1438 ο

2940 1487 3292 1566 Ἀντίῤῥησις.

2374 1588 2542 1668 Εἴπερ
2574 1587 2778 1663 συνῳδα
2833 1610 2916 1646 σοι
2963 1586 3170 1646 δοκοῦσι
3225 1590 3288 1645 τὸ
3341 1588 3551 1665 πέμψαι
3594 1611 3660 1646 το
3702 1590 3793 1644 τὸν
3825 1595 3939 1644 Σω-

576 1697 762 1749 torem
794 1707 826 1749 a
874 1690 1047 1750 Patre
1100 1688 1384 1769 Spiritum
1438 1699 1734 1766 sanctum,
1789 1703 1848 1754 et
1906 1675 2209 1770 accepisse

2303 1683 2426 1756 τῆρα
2468 1679 2610 1756 παρὰ
2664 1686 2756 1735 τοῦ
2799 1680 3003 1758 Πατρὸς
3052 1680 3114 1735 τὸ
3158 1676 3307 1756 ἅγιον
3370 1685 3613 1754 Πνεῦμα,
3644 1679 3822 1735 καὶτὸ
3849 1675 3940 1733 λα-

573 1795 605 1838 a
634 1776 803 1838 Patre
825 1765 1280 1858 promissionem
1313 1776 1590 1860 Spiritus,
1621 1789 1678 1842 et
1709 1765 2012 1843 effundere
2038 1765 2205 1842 illum

2303 1765 2405 1824 ἵετν
2474 1769 2629 1826 αὐτὸν
2685 1768 2826 1846 παρὰ
2884 1774 2977 1823 τοῦ
3032 1769 3236 1845 Πατρὸς
3299 1767 3400 1832 τὴν
3468 1765 3792 1846 ἐπαγγελίαν
3860 1772 3947 1822 τοῦ

571 1865 632 1926 in
667 1885 793 1936 nos,
825 1853 1022 1946 neque
1056 1865 1225 1928 nobis
1276 1853 1392 1928 alia
1422 1853 1773 1931 refutatione
1831 1889 1979 1951 opus
2011 1869 2208 1950 fuerit,

2303 1856 2624 1931 Πνεύματος,
2685 1857 2772 1912 καὶ
2826 1855 3014 1935 ἐκχέαι
3077 1862 3231 1913 τοῦτο
3275 1853 3357 1934 ἐφ’
3412 1858 3582 1936 ἡμᾶς,
3646 1854 3764 1913 οὐδὲ
3819 1857 3943 1930 ἡμῖν

575 1961 786 2034 pueter
814 1973 945 2016 eam
977 1973 1093 2035 qua
1139 1957 1445 2033 astruitur,
1511 1976 1810 2038 nunquam
1866 1959 2211 2021 mittendam

569 2044 754 2104 fuisse
784 2042 1069 2125 Spiritum
1104 2063 1172 2106 ex
1203 2045 1372 2107 Patre
1402 2065 1509 2127 per
1539 2047 1757 2110 Filium
1794 2049 1904 2110 nisi
1939 2068 2008 2110 ex
2041 2051 2216 2111 Patre

569 2149 674 2211 per
701 2132 916 2194 Filium
940 2133 1513 2197 exsisteret.Etenim
1545 2137 1593 2197 si
1619 2139 2072 2199 mittendusnon
2092 2145 2219 2199 erat

574 2238 678 2300 per
706 2219 944 2302 Filium,
980 2223 1092 2283 nisi
1122 2232 1186 2283 ut
1243 2225 1530 2285 exsistens
1589 2244 1696 2306 per
1749 2226 1986 2302 Filium,
2023 2243 2216 2305 neque

575 2307 968 2371 effundendus
991 2317 1119 2374 erat
1152 2311 1524 2390 perFilium,
1561 2315 1670 2374 nisi
1702 2322 1765 2374 ut
1798 2316 2087 2375 exsistens
2108 2332 2216 2393 per

577 2397 814 2458 Filium.
853 2400 920 2460 Et
941 2401 988 2460 si
1020 2399 1078 2459 id
1108 2408 1220 2479 est,
1253 2399 1468 2460 frustra
1505 2400 1674 2461 nobis
1715 2401 2057 2477 evangelica
2089 2403 2214 2464 haec

575 2494 633 2546 et
654 2487 975 2565 apostolica
1012 2487 1171 2547 dicta
1217 2488 1488 2566 congeris
1517 2490 1588 2549 ad
1625 2488 1831 2550 Italum
1865 2491 2211 2569 opprimen-

573 2575 714 2635 dum
749 2575 847 2654 qui
878 2593 944 2636 ex
977 2574 1148 2637 Patre
1177 2594 1282 2656 per
1310 2577 1542 2648 Filium,
1581 2585 1638 2639 et
1671 2589 2110 2658 consequenter
2141 2597 2208 2640 ex

575 2675 827 2742 utroque
858 2661 1137 2744 Spiritum
1171 2683 1304 2726 esse
1331 2666 1690 2730 exsistimat.

656 2854 720 2916 S.
775 2853 961 2916 Pauli
1006 2856 1272 2936 Apostoli
1318 2876 1396 2919 em
1439 2858 1717 3004 Epigtola
1748 2860 1828 2921 ad
1877 2859 2136 2923 Galatas

1162 2953 1318 3004 σου..
1357 2957 1430 3004 ιν,
1465 2957 1522 3002 υ.
1606 2990 1616 3000 .

1162 2953 1230 2998 ca
1282 2982 1318 2998 ..
1357 2957 1430 3013 IV,
1465 2957 1522 3002 υ.
1559 2953 1616 3004 (ί.

655 3037 710 3096 6.
751 3059 774 3092 «ι
813 3037 967 3099 Misit
996 3037 1153 3100 Deus
1182 2955 1470 3119 Siliiritum
1507 3041 1762 3117 Filiisui
1793 3041 1854 3103 in
1888 3041 2069 3104 corda
2101 3063 2212 3104 no-

583 3147 608 3185 ‹
640 3136 778 3201 stra,
811 3126 1194 3204 clamantem,
1227 3127 1395 3192 Abba
1422 3138 1610 3211 pater.
1645 3156 1666 3184 η

1151 3321 1632 3384 Am‘madvcrsio.

661 3446 688 3482 ι
720 3422 1133 3516 Audiquoque
1153 3441 1252 3485 vas
1274 3425 1580 3516 electionis
1601 3426 1872 3506 Paulum,
1906 3436 2003 3513 qui
2027 3435 2217 3516 Spiri-

583 3533 610 3570 ‹
636 3521 758 3573 tum
793 3511 921 3572 Filii
952 3515 1082 3574 eSse
1110 3520 1349 3592 propter
1368 3514 1639 3576 eamdem
1689 3511 1957 3582 naturam
1981 3511 2218 3585 denun-

583 3626 610 3655 α
646 3600 769 3678 tiat,
803 3619 838 3661 a
864 3600 1037 3662 Patre
1065 3619 1204 3662 vero
1244 3601 1413 3662 illum
1447 3603 1623 3666 mitti.
1665 3629 1688 3659 ι)

1221 3703 1554 3782 Refutat-io.

657 3804 744 3899 Tu
775 3805 1014 3886 quidem
1049 3807 1181 3869 Filii
1212 3824 1344 3869 esse
1366 3807 1651 3899 Spiritum
1703 3816 1920 3876 asseris
1974 3826 2215 3899 propter

577 3894 844 3955 eamdem
875 3899 1216 3976 essentiam,
1249 3896 1407 3977 quod
1437 3905 1495 3957 et
1525 3899 1686 3960 multi
1718 3901 1817 3962 alii
1865 3894 2000 3968 ante
2031 3894 2215 3969 divul-

576 3991 806 4062 garunt.
844 3985 1268 4047 Verumtamen
1320 4005 1569 4064 magnus
1599 3988 1853 4052 Basilius
1909 3993 1969 4054 in
2001 3996 2214 4074 capite,

575 4075 748 4152 cujus
806 4075 1112 4154 inscriptio
1159 4083 1287 4150 est;
1348 4101 1373 4131 α
1422 4076 1617 4149 Quare
1671 4097 1788 4140 non
1849 4089 1908 4142 et
1963 4081 2220 4164 Spiritus

575 4162 758 4224 Filius
789 4163 946 4244 Filii,
985 4185 1011 4222 ν
1062 4173 1265 4245 aperte
1313 4165 1439 4226 haec
1497 4166 1709 4228 habet:
1768 4193 1789 4224 ι
1827 4162 2114 4249 Spiritum
2147 4193 2217 4238 ex

575 4255 698 4314 Deo
743 4269 876 4315 esse
928 4253 1144 4334 palam,
1201 4261 1259 4316 et
1313 4255 1601 4335 praeconis
1653 4257 1841 4320 instar
1895 4261 2220 4326 enuntiavit

575 4341 916 4431 Apostolus,
953 4363 1088 4404 cum
1143 4342 1310 4419 dicit,
1365 4345 1650 4425 Spiritum
1699 4367 1766 4408 ex
1825 4351 1948 4412 Deo
1979 4353 2216 4431 accepi-

577 4430 841 4512 mus‘29,»
880 4440 939 4492 et
969 4451 1077 4512 per
1104 4432 1317 4494 Filium
1369 4452 1654 4514 apparere
1715 4437 2027 4499 manifesto
2059 4430 2218 4500 indi-

575 4521 746 4622 cavit,
781 4522 919 4581 dum
954 4522 1103 4628 ‘ti‘ilii
1150 4522 1438 4628 Spiritum
1471 4525 1969 4628 quemadmodum
2029 4536 2086 4588 et
2117 4528 2220 4591 Dei
2242 4538 2285 4588 ι)
2309 4559 2518 4628 Πνεῦμα

571 4611 765 4688 ipsum
797 4611 1124 4691 appellans,
1162 4620 1219 4673 et
1251 4619 1509 4676 mentem
1562 4613 1780 4677 Christi
1843 4635 2220 4700 nuncupans,

575 4700 1076 4780 quemadmodum
1113 4713 1172 4762 et
1193 4701 1796 4781 DeiSpiritum,veluti
1819 4712 1876 4766 et
1902 4705 2219 4769 hominis.»

578 4789 640 4852 Si
687 4789 884 4878 itaque
940 4789 1192 4870 Spiritus
1239 4791 1392 4865 Filii,
1441 4800 1503 4852 ut
1563 4811 1696 4853 cum
1749 4813 1960 4873 magno
2019 4796 2228 4878 loquar

577 4877 818 4953 Basilio,
854 4879 1012 4960 quod
1045 4899 1150 4960 per
1192 4879 1430 4960 Filium,
1488 4891 1987 4962 peropportunum
2020 4877 2220 4962 fuerit,

579 4976 930 5047 praesentem
962 4970 1115 5031 hanc
1137 4969 1753 5032 adnimadversionem
1783 4972 2109 5035 refutantes
2139 4975 2224 5036 di-

579 5075 739 5137 cere,
773 5058 871 5138 qui
906 5058 1154 5120 mittitur
1182 5077 1215 5118 a
1245 5062 1419 5123 Patre
1453 5059 1581 5120 Filii
1633 5059 1909 5140 Spiritus,
1945 5072 2220 5144 tanquam

583 5165 688 5225 per
717 5148 910 5226 ipsum
943 5148 1233 5210 exsistens
1259 5167 1293 5209 a
1329 5150 1503 5210 Patre
1555 5149 1804 5209 mittitur
1862 5167 1969 5230 per
1999 5154 2216 5230 ipsum.

581 5249 868 5328 Ejusdem
895 5269 974 5310 ex
1001 5249 1276 5330 Epistola
1307 5251 1387 5312 ad
1428 5249 1628 5311 Tit-um
1673 5267 1806 5330 cap.
1845 5269 1928 5316 ιιι.
1964 5271 2125 5315 vers.
2158 5255 2216 5314 5.

669 5355 728 5414 7.
769 5375 796 5408 α
832 5349 1036 5413 Salvos
1058 5369 1166 5413 nos
1179 5351 1738 5432 fecitperlavacrum
1755 5353 2224 5433 regenerationis

592 5466 610 5496 ο
666 5450 726 5503 et
750 5442 1152 5505 renovationis
1177 5441 1434 5524 Spiritus
1463 5442 1674 5520 sancti,
1703 5463 1877 5524 quem
1929 5444 2136 5507 effudit
2164 5443 2224 5504 in

665 5611 727 5661 79
757 5613 780 5674 l
809 5609 945 5674 Cor.
976 5629 1038 5674 ιι.
1066 5611 1164 5672 ιν.

2297 1941 2467 2012 ἄλλης
2539 1943 2716 2015 δεήσει
2799 1951 2896 2012 τῆς
2967 1943 3320 2024 ἀντιρρήσεως
3394 1943 3519 2024 παρ’
3588 1945 3802 2012 ἐκείνην
3855 1943 3945 2009 τὴν

2298 2032 2552 2112 λέγουσαν
2612 2035 2685 2099 ὡς
2742 2038 2836 2092 οὒκ
2878 2033 2939 2090 ἄν
2969 2033 3232 2112 πεμφθείη
3277 2031 3456 2097 ἄλλως
3509 2036 3569 2090 τὸ
3627 2041 3842 2109 Πνεῦμα
3895 2031 3948 2088 ἐκ

2298 2129 2390 2179 τοῦ
2459 2125 2663 2200 Πατρὸς
2733 2121 2818 2179 διὰ
2872 2130 2963 2180 τοῦ
3032 2125 3151 2180 Υἱοῦ
3234 2123 3278 2178 εἰ
3367 2123 3446 2198 μὴ
3501 2123 3576 2186 ὡς
3632 2122 3695 2179 ἐκ
3751 2123 3946 2200 Πατρὸς

2300 2211 2542 2291 ὑπάρχον
2573 2209 2659 2267 διὰ
2711 2219 2804 2268 τοῦ
2851 2214 2991 2272 ι’ἱοῦ.
3042 2212 3099 2266 Εἰ
3142 2211 3242 2288 γὰρ
3286 2214 3381 2269 οῦκ
3435 2208 3498 2266 ἄν
3527 2211 3798 2290 πεμφθείη
3851 2207 3946 2264 ἄλ-

2297 2298 2404 2363 λως
2465 2298 2550 2355 διὰ
2617 2307 2710 2358 τοῦ
2777 2304 2918 2376 Υἱοῦ,
2956 2302 2998 2356 εἰ
3043 2300 3120 2375 μὴ
3153 2301 3226 2361 ὡς
3267 2299 3509 2379 ὑπάρχον
3551 2297 3636 2356 διὰ
3664 2322 3759 2358 του
3811 2301 3944 2369 Ποῦ,

2296 2386 2409 2444 οὐδὲ
2466 2388 2720 2468 ἐκχυθείη
2751 2386 2924 2452 ἄλλως
2957 2386 3040 2444 διὰ
3069 2394 3163 2445 τοῦ
3203 2391 3346 2468 Υἱοῦ,
3393 2390 3437 2444 εί
3479 2389 3558 2463 μὴ
3602 2391 3679 2451 ὡς
3710 2389 3944 2466 ὑπάρχον

2295 2475 2378 2532 διὰ
2421 2483 2514 2532 τοῦ
2585 2477 2724 2536 Υὶοῦ.
2799 2478 2893 2534 Καὶ
2937 2477 2981 2532 εἰ
3032 2484 3210 2555 τοῦτο,
3277 2477 3452 2551 μάτην
3481 2477 3575 2540 τὰς
3607 2475 3948 2554 εῦαγγελικὰς

2293 2565 2383 2620 καὶ
2439 2564 2794 2629 ἆποστολικὰς
2864 2565 3055 2629 ταύτας
3124 2566 3303 2642 ῥήσεις
3356 2562 3634 2644 προϐάλλῃ
3694 2568 3767 2629 εἱς
3798 2563 3946 2620 ἐναν-

2294 2655 2472 2710 τίωσιν
2537 2661 2629 2711 τοῦ
2687 2653 2913 2734 Ἰταλοῦ,
2971 2654 3032 2710 ἐκ
3087 2655 3289 2733 Πατρὸς
3332 2651 3417 2709 διὰ
3483 2657 3628 2733 Υἱοῦ,
3673 2656 3765 2711 καὶ
3822 2653 3949 2710 κατὰ

2295 2749 2449 2799 τοῦτο
2491 2744 2579 2798 καὶ
2610 2742 2662 2808 ἐξ
2704 2743 2932 2824 ἀμφοῖν,
2963 2744 3023 2798 τὸ
3070 2747 3284 2818 Πνεῦμα
3313 2745 3451 2798 εἶναι
3495 2741 3832 2813 δοξάζοντος.

2298 2845 2401 2901 Τοῦ
2481 2842 2630 2921 ἁγίου
2716 2842 3012 2900 ἀποστόλου
3080 2841 3284 2922 Παύλου
3353 2841 3415 2899 ἐκ
3468 2843 3565 2911 τῆς
3639 2847 3776 2922 πρὸς
3846 2849 3945 2900 Γα-

2834 2922 2998 2988 λάτας
3041 2921 3392 2990 Ἐπιστολῆς.

2375 3014 2478 3099 ς’.
2530 3045 2559 3079 α
2605 3023 3005 3091 Ἐξαπέστειλεν
3076 3027 3104 3081 ὁ
3149 3025 3279 3088 Θεὸς
3306 3026 3368 3080 τὸ
3413 3031 3626 3103 Πνεῦμα
3667 3033 3768 3083 τοῦ
3835 3029 3945 3084 1⁵ἷοὺ

2302 3135 2332 3167 α
2377 3116 2534 3172 αὐτοῦ
2601 3115 2672 3179 εἰς
2730 3116 2824 3177 τὰς
2894 3112 3107 3192 καρδίας
3158 3113 3339 3188 ἡμῶν,
3409 3115 3622 3194 κράζον,
3698 3113 3864 3172 Ἀϐὅᾶ
3919 3118 3945 3172 ὁ

2305 3224 2334 3257 α
2382 3203 2584 3280 Πατὴρ,
2637 3225 2666 3258 ι

2957 3294 3292 3354 Ἐπιστασία.

2386 3419 2414 3452 α
2463 3388 2664 3454 ’Ἄκουε
2722 3399 2810 3454 καὶ
2869 3397 2960 3454 τοῦ
2995 3400 3096 3464 τῆς
3143 3395 3372 3475 ἐκλογῆς
3430 3397 3667 3471 σκεύους,
3704 3403 3798 3456 τοῦ
3837 3401 3949 3456 Υίοῦ

2306 3508 2332 3540 ι
2381 3487 2478 3560 μὲν
2521 3487 2662 3542 εἶναι
2710 3488 2771 3544 τὸ
2827 3493 3039 3562 Πνεῦμα
3095 3486 3449 3566 κηρύσσοντος
3507 3483 3592 3541 διὰ
3643 3487 3707 3542 τὸ
3754 3489 3946 3563 ὁμοού-

2306 3593 2336 3634 ι
2379 3598 2522 3646 σιον,
2596 3576 2738 3656 παρὰ
2807 3583 2900 3632 τοῦ
2993 3577 3194 3652 Πατρὸς
3283 3571 3337 3630 δὲ
3405 3583 3560 3634 τοῦτο
3627 3574 3946 3641 ἐξαποστέλ-

2307 3687 2328 3720 ε
2382 3663 2584 3728 λεσθαι,
2623 3685 2650 3722 ι

2951 3749 3277 3831 Ἀντίῤῥησις
3289 3797 3304 3812 .

2379 3843 2451 3898 Σὺ
2495 3844 2592 3918 μὲν
2646 3849 2738 3899 τοῦ
2803 3844 2924 3900 Υἱοῦ
2993 3842 3138 3898 εἶναι
3197 3839 3371 3917 λέγεις
3419 3842 3480 3897 τὸ
3527 3843 3741 3916 Πδεῦμα
3771 3841 3854 3900 διὰ
3891 3846 3946 3898 τὸ

2301 3932 2602 4010 ὃμοούσιον,
2659 3933 2733 3994 ὡς
2787 3932 2872 3986 καὶ
2929 3929 3116 3986 πολλοὶ
3179 3928 3333 3985 ἄλλοι
3362 3935 3467 3985 τῶν
3509 3930 3610 4007 πρὸ
3653 3937 3751 3988 σοῦ
3803 3939 3948 3988 τοῦτο

2303 4022 2570 4098 εἰρήκασιν
2617 4036 2631 4050 ⁶
2679 4022 2707 4076 ὁ
2749 4018 2803 4075 δὲ
2849 4019 3014 4098 μέγας
3073 4017 3346 4082 Βασίλειος
3390 4017 3443 4074 ἐν
3487 4019 3560 4074 ἐνὶ
3604 4025 3712 4076 τῶν
3785 4041 3946 4100 κεφα-

2300 4110 2485 4186 λαίων,
2545 4111 2605 4168 οῦ
2659 4112 2693 4178 ἡ
2756 4109 3048 4188 έπιγραπή,
3102 4132 3129 4163 ι
3168 4108 3422 4182 Διατίμή
3465 4111 3552 4164 καὶ
3621 4111 3683 4166 τὸ
3739 4117 3944 4185 Πνεῦμα

2311 4199 2429 4261 Υἱὸς
2483 4205 2576 4253 τοῦ
2641 4201 2783 4277 Υἱοῦ,
2830 4220 2854 4250 ι
2919 4203 3098 4276 σαφῶς
3143 4195 3278 4252 οὕτω
3318 4195 3462 4274 λέγει
3509 4216 3524 4230 ⁶
3577 4221 3602 4252 (ι
3664 4200 3738 4256 Τὸ
3773 4199 3868 4273 μὲν
3894 4197 3946 4253 ἐκ

2303 4292 2434 4343 Θεοῦ
2487 4288 2549 4342 τὸ
2593 4293 2801 4362 Πνεῦμα
2851 4287 2992 4342 εἶναι
3047 4291 3248 4364 τρανῶς
3291 4284 3535 4364 ἐκήρυξεν
3564 4289 3592 4342 ὁ
3621 4283 3942 4348 Ἀπόστολος

2301 4374 2471 4452 λέγων
2507 4393 2520 4408 ’
2558 4397 2582 4430 ι
2629 4377 2700 4434 Τὸ
2756 4374 2966 4449 Πνεῦμα
3021 4375 3082 4430 τὸ
3141 4373 3202 4429 ἐκ
3263 4381 3354 4431 τοῦ
3401 4380 3533 4431 Θεοῦ
3575 4373 3836 4451 ἐλάϐομεν
3868 4395 3880 4407 ⁸
3915 4394 3940 4432 ι

2301 4465 2389 4520 καὶ
2429 4466 2491 4520 τὸ
2545 4461 2612 4520 δι’
2682 4467 2800 4521 Υἱοῦ
2869 4461 3159 4542 πεφηνέναι
3231 4463 3392 4541 σαφὲς
3449 4465 3766 4534 πεποίηκεν,
3837 4467 3946 4521 Υἱώ

2576 4553 2841 4628 ὀνομάσας
2928 4551 3053 4608 αῦτό
3139 4552 3372 4630 καθάπερ
3452 4559 3606 4625 Θεοῦ,
3692 4555 3782 4609 καὶ
3835 4559 3942 4610 νοῦν

2308 4648 2532 4720 Χριστοῦ
2609 4641 2932 4720 προσειπὼν,
3035 4641 3266 4719 καθάπερ
3362 4641 3449 4696 καὶ
3523 4647 3655 4697 Θεοῦ
3715 4646 3938 4717 Πνεῦμα,

2306 4733 2378 4794 ὡς
2437 4737 2527 4787 τοῦ
2585 4731 2879 4808 ἀνθρώπου.
2928 4755 2952 4789 ›
2990 4730 3045 4785 Εἰ
3089 4736 3216 4807 γοῦν
3269 4735 3481 4803 Πνεῦμα
3547 4732 3668 4785 Υίοῦ
3694 4731 3830 4787 κατὰ
3859 4731 3943 4786 τὸν

2307 4819 2474 4898 μέγαν
2534 4820 2704 4876 εἰπεῖν
2760 4815 3052 4892 Βασίλειον,
3103 4816 3188 4873 ὅτι
3247 4815 3332 4873 διὰ
3371 4825 3462 4876 τυῦ
3516 4819 3660 4892 Υἷοῦ,
3719 4819 3943 4897 εὔκαιρον

2304 4909 2401 4963 κὰν
2457 4915 2524 4986 τῇ
2580 4929 2818 4986 παρουσῃ
2878 4905 3156 4978 ἐπιστασίᾳ
3213 4907 3385 4962 εἰπεῖν
3441 4907 3584 4980 ἡμᾶς
3641 4906 3943 4984 ἀντιλέγον-

2305 5018 2396 5059 τας
2465 4999 2543 5060 ὡς
2596 4999 2656 5053 τὸ
2727 4993 3183 5069 ἀποστελλόμενον
3254 4995 3396 5072 παρὰ
3467 4996 3672 5074 Πατρὸς
3746 5001 3944 5071 Πνεῦμα

2304 5092 2394 5141 τοῦ
2447 5089 2586 5161 Υἱοῦ,
2646 5087 2719 5150 ὡς
2763 5083 2830 5140 δι’
2880 5084 3038 5140 αῦτοῦ
3089 5083 3331 5164 ὑπάρχον
3371 5084 3513 5161 παρὰ
3567 5086 3771 5162 Πατρὸς
3815 5084 3945 5140 ἔκπο-

2305 5175 2574 5232 στέλλεται
2617 5172 2682 5230 δι’
2713 5174 2894 5234 αὐτοῦ.

2675 5270 2777 5321 Τοῦ
2806 5265 2964 5319 αὐτοῦ
2993 5261 3053 5318 ἐκ
3093 5263 3193 5328 τῆς
3222 5264 3351 5342 πρὸς
3397 5271 3574 5320 Τῖτον.

2385 5341 2454 5423 ζ’.
2495 5375 2522 5406 α
2572 5341 2823 5410 ’Ἑσωσεν
2865 5354 3008 5428 ἡμᾶς
3065 5348 3150 5408 διά
3193 5348 3410 5430 λουτροῦ
3436 5348 3842 5428 παλιγγενεσίας
3870 5351 3948 5404 καὶ

2315 5463 2341 5496 α
2388 5440 2791 5505 ἀνακαινώσεως
2864 5442 3166 5518 Πνεύματος
3249 5439 3420 5517 ἁγίου,
3478 5437 3539 5494 οὗ
3608 5436 3818 5518 ἐξέχεεν
3870 5431 3944 5513 ἐφ’
