  <div class='ocr_page' id='page_1' title='image "/cluster/home/n/w/nwhite01/storage/ocr_20150623/141/mdp.39015078384206/215.png"; bbox 0 0 4180 6282; ppageno 0'>
   <div class='ocr_carea' id='block_1_1' title="bbox 578 271 694 337">
    <p class='ocr_par' dir='ltr' id='par_1_1' title="bbox 578 271 694 337">
     <span class='ocr_line' id='line_1_1' title="bbox 578 271 694 337; baseline 0.017 -3"><span class='ocrx_word' id='word_1_1' title='bbox 578 271 694 337; x_wconf 80' lang='grc'><strong>415</strong></span> 
     </span>
    </p>
   </div>
   <div class='ocr_carea' id='block_1_2' title="bbox 1644 269 2891 346">
    <p class='ocr_par' dir='ltr' id='par_1_2' title="bbox 1644 269 2891 346">
     <span class='ocr_line' id='line_1_2' title="bbox 1644 269 2891 346; baseline 0.009 -11"><span class='ocrx_word' id='word_1_2' title='bbox 1644 269 1913 339; x_wconf 76' lang='lat' dir='ltr'><strong>JOANN.</strong></span> <span class='ocrx_word' id='word_1_3' title='bbox 1949 275 2170 341; x_wconf 86' lang='lat' dir='ltr'><strong>VECCI</strong></span> <span class='ocrx_word' id='word_1_4' title='bbox 2207 276 2318 337; x_wconf 87' lang='lat' dir='ltr'><strong>GP.</strong></span> <span class='ocrx_word' id='word_1_5' title='bbox 2352 277 2891 346; x_wconf 63' lang='lat' dir='ltr'><strong>PATRIARCHzE.</strong></span> 
     </span>
    </p>
   </div>
   <div class='ocr_carea' id='block_1_3' title="bbox 3835 288 3944 353">
    <p class='ocr_par' dir='ltr' id='par_1_3' title="bbox 3835 288 3944 353">
     <span class='ocr_line' id='line_1_3' title="bbox 3835 288 3944 353; baseline 0.009 -2"><span class='ocrx_word' id='word_1_6' title='bbox 3835 288 3944 353; x_wconf 77' lang='grc'><strong>416</strong></span> 
     </span>
    </p>
   </div>
   <div class='ocr_carea' id='block_1_4' title="bbox 578 403 2235 487">
    <p class='ocr_par' dir='ltr' id='par_1_4' title="bbox 578 403 2226 487">
     <span class='ocr_line' id='line_1_4' title="bbox 578 403 2226 487; baseline 0 -23"><span class='ocrx_word' id='word_1_7' title='bbox 578 421 694 484; x_wconf 89' lang='lat' dir='ltr'><strong>que</strong></span> <span class='ocrx_word' id='word_1_8' title='bbox 724 420 858 465; x_wconf 90' lang='lat' dir='ltr'><strong>esse</strong></span> <span class='ocrx_word' id='word_1_9' title='bbox 883 403 1164 481; x_wconf 84' lang='lat' dir='ltr'><strong>insinuat,</strong></span> <span class='ocrx_word' id='word_1_10' title='bbox 1199 418 1256 469; x_wconf 91' lang='lat' dir='ltr'><strong>et</strong></span> <span class='ocrx_word' id='word_1_11' title='bbox 1287 428 1356 470; x_wconf 81' lang='lat' dir='ltr'><strong>ex</strong></span> <span class='ocrx_word' id='word_1_12' title='bbox 1388 408 1534 487; x_wconf 91' lang='lat' dir='ltr'><strong>Deo,</strong></span> <span class='ocrx_word' id='word_1_13' title='bbox 1571 417 1629 469; x_wconf 92' lang='lat' dir='ltr'><strong>et</strong></span> <span class='ocrx_word' id='word_1_14' title='bbox 1658 426 1726 468; x_wconf 88' lang='lat' dir='ltr'><strong>ex</strong></span> <span class='ocrx_word' id='word_1_15' title='bbox 1758 405 1927 468; x_wconf 88' lang='lat' dir='ltr'><strong>Patre</strong></span> <span class='ocrx_word' id='word_1_16' title='bbox 1957 423 2115 467; x_wconf 90' lang='lat' dir='ltr'><strong>esse.</strong></span> <span class='ocrx_word' id='word_1_17' title='bbox 2152 404 2226 465; x_wconf 89' lang='lat' dir='ltr'><strong>Et</strong></span> 
     </span>
    </p>
   </div>
   <div class='ocr_carea' id='block_1_5' title="bbox 2318 403 3948 487">
    <p class='ocr_par' dir='ltr' id='par_1_5' title="bbox 2318 409 3948 487">
     <span class='ocr_line' id='line_1_5' title="bbox 2318 409 3948 487; baseline 0.01 -24"><span class='ocrx_word' id='word_1_18' title='bbox 2318 409 2575 487; x_wconf 79' lang='grc' dir='ltr'>πόρευσιν,</span> <span class='ocrx_word' id='word_1_19' title='bbox 2662 414 2749 470; x_wconf 84' lang='grc' dir='ltr'><strong>καὶ</strong></span> <span class='ocrx_word' id='word_1_20' title='bbox 2806 413 2859 470; x_wconf 78' lang='grc' dir='ltr'>ἔν</span> <span class='ocrx_word' id='word_1_21' title='bbox 2915 418 3103 473; x_wconf 84' lang='grc' dir='ltr'>ταυτὸν</span> <span class='ocrx_word' id='word_1_22' title='bbox 3173 419 3316 476; x_wconf 68' lang='grc' dir='ltr'>εἶναι</span> <span class='ocrx_word' id='word_1_23' title='bbox 3360 417 3589 475; x_wconf 72' lang='grc' dir='ltr'><strong>διδάσκει</strong></span> <span class='ocrx_word' id='word_1_24' title='bbox 3661 420 3722 476; x_wconf 80' lang='grc' dir='ltr'>τὸ</span> <span class='ocrx_word' id='word_1_25' title='bbox 3763 419 3821 476; x_wconf 87' lang='grc' dir='ltr'><strong>ἐκ</strong></span> <span class='ocrx_word' id='word_1_26' title='bbox 3865 429 3948 479; x_wconf 78' lang='grc' dir='ltr'><strong>τοῦ</strong></span> 
     </span>
    </p>
   </div>
   <div class='ocr_carea' id='block_1_6' title="bbox 577 490 2229 574">
    <p class='ocr_par' dir='ltr' id='par_1_6' title="bbox 577 490 2229 574">
     <span class='ocr_line' id='line_1_6' title="bbox 577 490 2229 574; baseline 0.003 -23"><span class='ocrx_word' id='word_1_27' title='bbox 577 509 704 553; x_wconf 90' lang='lat' dir='ltr'><strong>rem</strong></span> <span class='ocrx_word' id='word_1_28' title='bbox 739 490 821 553; x_wconf 75' lang='lat' dir='ltr'><strong>ita</strong></span> <span class='ocrx_word' id='word_1_29' title='bbox 851 511 915 555; x_wconf 91' lang='lat' dir='ltr'><strong>se</strong></span> <span class='ocrx_word' id='word_1_30' title='bbox 939 492 1369 570; x_wconf 86' lang='lat' dir='ltr'><strong>habere,nemo</strong></span> <span class='ocrx_word' id='word_1_31' title='bbox 1398 496 1664 574; x_wconf 85' lang='lat' dir='ltr'><strong>ambigit.</strong></span> <span class='ocrx_word' id='word_1_32' title='bbox 1697 494 1779 557; x_wconf 85' lang='lat' dir='ltr'><strong>Ex</strong></span> <span class='ocrx_word' id='word_1_33' title='bbox 1814 494 1936 557; x_wconf 92' lang='lat' dir='ltr'><strong>Deo</strong></span> <span class='ocrx_word' id='word_1_34' title='bbox 1970 494 2229 569; x_wconf 85' lang='lat' dir='ltr'><strong>enim,et</strong></span> 
     </span>
    </p>
   </div>
   <div class='ocr_carea' id='block_1_7' title="bbox 577 581 2225 666">
    <p class='ocr_par' dir='ltr' id='par_1_7' title="bbox 577 581 2225 666">
     <span class='ocr_line' id='line_1_7' title="bbox 577 581 2225 666; baseline 0.003 -26"><span class='ocrx_word' id='word_1_35' title='bbox 577 598 650 641; x_wconf 79' lang='lat' dir='ltr'><strong>ex</strong></span> <span class='ocrx_word' id='word_1_36' title='bbox 680 581 857 644; x_wconf 83' lang='lat' dir='ltr'><strong>Patre</strong></span> <span class='ocrx_word' id='word_1_37' title='bbox 888 582 1045 644; x_wconf 90' lang='lat' dir='ltr'><strong>idem</strong></span> <span class='ocrx_word' id='word_1_38' title='bbox 1088 582 1150 645; x_wconf 94' lang='lat' dir='ltr'><strong>in</strong></span> <span class='ocrx_word' id='word_1_39' title='bbox 1181 585 1293 648; x_wconf 88' lang='lat' dir='ltr'><strong>hoc</strong></span> <span class='ocrx_word' id='word_1_40' title='bbox 1331 587 1463 648; x_wconf 90' lang='lat' dir='ltr'><strong>loco</strong></span> <span class='ocrx_word' id='word_1_41' title='bbox 1501 593 1611 648; x_wconf 89' lang='lat' dir='ltr'><strong>est.</strong></span> <span class='ocrx_word' id='word_1_42' title='bbox 1643 585 1731 647; x_wconf 88' lang='lat' dir='ltr'><strong>Tu</strong></span> <span class='ocrx_word' id='word_1_43' title='bbox 1761 601 1937 666; x_wconf 87' lang='lat' dir='ltr'><strong>porro</strong></span> <span class='ocrx_word' id='word_1_44' title='bbox 1960 584 2225 646; x_wconf 89' lang='lat' dir='ltr'><strong>animum</strong></span> 
     </span>
    </p>
   </div>
   <div class='ocr_carea' id='block_1_8' title="bbox 582 669 2223 752">
    <p class='ocr_par' dir='ltr' id='par_1_8' title="bbox 582 669 2223 752">
     <span class='ocr_line' id='line_1_8' title="bbox 582 669 2223 752; baseline 0.002 -22"><span class='ocrx_word' id='word_1_45' title='bbox 582 669 773 746; x_wconf 79' lang='lat' dir='ltr'><strong>ﬁgens</strong></span> <span class='ocrx_word' id='word_1_46' title='bbox 820 669 963 744; x_wconf 88' lang='lat' dir='ltr'><strong>illis,</strong></span> <span class='ocrx_word' id='word_1_47' title='bbox 1009 690 1140 752; x_wconf 65' lang='lat' dir='ltr'><strong>qua;</strong></span> <span class='ocrx_word' id='word_1_48' title='bbox 1182 683 1427 737; x_wconf 87' lang='lat' dir='ltr'><strong>sanctus</strong></span> <span class='ocrx_word' id='word_1_49' title='bbox 1475 673 1825 745; x_wconf 69' lang='lat' dir='ltr'><strong>enuntiavit,</strong></span> <span class='ocrx_word' id='word_1_50' title='bbox 1859 671 2223 751; x_wconf 83' lang='lat' dir='ltr'><strong>signiﬁcans,</strong></span> 
     </span>
    </p>
   </div>
   <div class='ocr_carea' id='block_1_9' title="bbox 579 756 2228 844">
    <p class='ocr_par' dir='ltr' id='par_1_9' title="bbox 579 756 2228 844">
     <span class='ocr_line' id='line_1_9' title="bbox 579 756 2228 844; baseline 0.004 -27"><span class='ocrx_word' id='word_1_51' title='bbox 579 756 880 820; x_wconf 84' lang='lat' dir='ltr'><strong>undenam</strong></span> <span class='ocrx_word' id='word_1_52' title='bbox 911 758 1167 841; x_wconf 88' lang='lat' dir='ltr'><strong>Spiritus</strong></span> <span class='ocrx_word' id='word_1_53' title='bbox 1197 771 1441 827; x_wconf 88' lang='lat' dir='ltr'><strong>sanctus</strong></span> <span class='ocrx_word' id='word_1_54' title='bbox 1460 763 1553 825; x_wconf 90' lang='lat' dir='ltr'><strong>sui</strong></span> <span class='ocrx_word' id='word_1_55' title='bbox 1576 761 1871 844; x_wconf 90' lang='lat' dir='ltr'><strong>principia</strong></span> <span class='ocrx_word' id='word_1_56' title='bbox 1917 761 2228 840; x_wconf 83' lang='lat' dir='ltr'><strong>fontesque</strong></span> 
     </span>
    </p>
   </div>
   <div class='ocr_carea' id='block_1_10' title="bbox 580 844 2228 934">
    <p class='ocr_par' dir='ltr' id='par_1_10' title="bbox 580 844 2228 934">
     <span class='ocr_line' id='line_1_10' title="bbox 580 844 2228 934; baseline 0.004 -28"><span class='ocrx_word' id='word_1_57' title='bbox 580 844 820 923; x_wconf 83' lang='lat' dir='ltr'><strong>habeat,</strong></span> <span class='ocrx_word' id='word_1_58' title='bbox 854 867 969 929; x_wconf 90' lang='lat' dir='ltr'><strong>qua</strong></span> <span class='ocrx_word' id='word_1_59' title='bbox 992 850 1221 914; x_wconf 83' lang='lat' dir='ltr'><strong>ratione</strong></span> <span class='ocrx_word' id='word_1_60' title='bbox 1253 851 1400 914; x_wconf 90' lang='lat' dir='ltr'><strong>illud</strong></span> <span class='ocrx_word' id='word_1_61' title='bbox 1437 851 1666 934; x_wconf 86' lang='lat' dir='ltr'><strong>absque</strong></span> <span class='ocrx_word' id='word_1_62' title='bbox 1711 849 2228 914; x_wconf 85' lang='lat' dir='ltr'><strong>animadversione</strong></span> 
     </span>
    </p>
   </div>
   <div class='ocr_carea' id='block_1_11' title="bbox 585 935 2227 1022">
    <p class='ocr_par' dir='ltr' id='par_1_11' title="bbox 585 935 2227 1022">
     <span class='ocr_line' id='line_1_11' title="bbox 585 935 2227 1022; baseline 0.004 -29"><span class='ocrx_word' id='word_1_63' title='bbox 585 935 1023 1017; x_wconf 65' lang='lat' dir='ltr'><strong>praateriisti,ex</strong></span> <span class='ocrx_word' id='word_1_64' title='bbox 1054 957 1170 1020; x_wconf 90' lang='lat' dir='ltr'><strong>quo</strong></span> <span class='ocrx_word' id='word_1_65' title='bbox 1198 939 1760 1022; x_wconf 88' lang='lat' dir='ltr'><strong>apparet,Spiritum</strong></span> <span class='ocrx_word' id='word_1_66' title='bbox 1785 939 1962 1002; x_wconf 90' lang='lat' dir='ltr'><strong>etiam</strong></span> <span class='ocrx_word' id='word_1_67' title='bbox 1987 958 2056 1001; x_wconf 83' lang='lat' dir='ltr'><strong>ex</strong></span> <span class='ocrx_word' id='word_1_68' title='bbox 2077 939 2227 1002; x_wconf 90' lang='lat' dir='ltr'><strong>Filio</strong></span> 
     </span>
    </p>
   </div>
   <div class='ocr_carea' id='block_1_12' title="bbox 584 1021 2227 1110">
    <p class='ocr_par' dir='ltr' id='par_1_12' title="bbox 584 1021 2227 1110">
     <span class='ocr_line' id='line_1_12' title="bbox 584 1021 2227 1110; baseline 0.004 -26"><span class='ocrx_word' id='word_1_69' title='bbox 584 1021 751 1086; x_wconf 86' lang='lat' dir='ltr'><strong>esse?</strong></span> <span class='ocrx_word' id='word_1_70' title='bbox 772 1024 977 1105; x_wconf 87' lang='lat' dir='ltr'><strong>Neque</strong></span> <span class='ocrx_word' id='word_1_71' title='bbox 1006 1027 1194 1104; x_wconf 89' lang='lat' dir='ltr'><strong>enim,</strong></span> <span class='ocrx_word' id='word_1_72' title='bbox 1230 1021 1374 1092; x_wconf 84' lang='lat' dir='ltr'><strong>licet</strong></span> <span class='ocrx_word' id='word_1_73' title='bbox 1400 1021 1567 1092; x_wconf 82' lang='lat' dir='ltr'><strong>radix</strong></span> <span class='ocrx_word' id='word_1_74' title='bbox 1595 1037 1659 1093; x_wconf 90' lang='lat' dir='ltr'><strong>et</strong></span> <span class='ocrx_word' id='word_1_75' title='bbox 1681 1028 1907 1110; x_wconf 85' lang='lat' dir='ltr'><strong>absque</strong></span> <span class='ocrx_word' id='word_1_76' title='bbox 1935 1027 2227 1109; x_wconf 86' lang='lat' dir='ltr'><strong>principio</strong></span> 
     </span>
    </p>
   </div>
   <div class='ocr_carea' id='block_1_13' title="bbox 585 1113 2223 1200">
    <p class='ocr_par' dir='ltr' id='par_1_13' title="bbox 585 1113 2223 1200">
     <span class='ocr_line' id='line_1_13' title="bbox 585 1113 2223 1200; baseline 0.004 -28"><span class='ocrx_word' id='word_1_77' title='bbox 585 1129 762 1173; x_wconf 90' lang='lat' dir='ltr'><strong>causa</strong></span> <span class='ocrx_word' id='word_1_78' title='bbox 781 1113 1031 1193; x_wconf 87' lang='lat' dir='ltr'><strong>spiritus</strong></span> <span class='ocrx_word' id='word_1_79' title='bbox 1059 1119 1239 1181; x_wconf 90' lang='lat' dir='ltr'><strong>Pater</strong></span> <span class='ocrx_word' id='word_1_80' title='bbox 1265 1118 1523 1195; x_wconf 74' lang='grc' dir='ltr'>εει,ἰάεο</span> <span class='ocrx_word' id='word_1_81' title='bbox 1547 1120 1674 1200; x_wconf 90' lang='lat' dir='ltr'><strong>jam</strong></span> <span class='ocrx_word' id='word_1_82' title='bbox 1706 1126 1764 1180; x_wconf 91' lang='lat' dir='ltr'><strong>et</strong></span> <span class='ocrx_word' id='word_1_83' title='bbox 1791 1117 1978 1181; x_wconf 91' lang='lat' dir='ltr'><strong>Filius</strong></span> <span class='ocrx_word' id='word_1_84' title='bbox 1998 1116 2059 1178; x_wconf 92' lang='lat' dir='ltr'><strong>in</strong></span> <span class='ocrx_word' id='word_1_85' title='bbox 2082 1135 2223 1197; x_wconf 90' lang='lat' dir='ltr'><strong>pro-</strong></span> 
     </span>
    </p>
   </div>
   <div class='ocr_carea' id='block_1_14' title="bbox 582 1200 2229 1288">
    <p class='ocr_par' dir='ltr' id='par_1_14' title="bbox 582 1200 2229 1288">
     <span class='ocr_line' id='line_1_14' title="bbox 582 1200 2229 1288; baseline 0.002 -26"><span class='ocrx_word' id='word_1_86' title='bbox 582 1202 855 1264; x_wconf 90' lang='lat' dir='ltr'><strong>cessione</strong></span> <span class='ocrx_word' id='word_1_87' title='bbox 886 1200 1144 1285; x_wconf 84' lang='lat' dir='ltr'><strong>Spiritus</strong></span> <span class='ocrx_word' id='word_1_88' title='bbox 1171 1225 1205 1268; x_wconf 88' lang='lat' dir='ltr'><strong>a</strong></span> <span class='ocrx_word' id='word_1_89' title='bbox 1245 1206 1418 1270; x_wconf 84' lang='lat' dir='ltr'><strong>Patre</strong></span> <span class='ocrx_word' id='word_1_90' title='bbox 1447 1207 1801 1288; x_wconf 83' lang='lat' dir='ltr'><strong>sejungitur.</strong></span> <span class='ocrx_word' id='word_1_91' title='bbox 1835 1208 2059 1268; x_wconf 90' lang='lat' dir='ltr'><strong>Verum</strong></span> <span class='ocrx_word' id='word_1_92' title='bbox 2094 1224 2229 1266; x_wconf 92' lang='lat' dir='ltr'><strong>cum</strong></span> 
     </span>
    </p>
   </div>
   <div class='ocr_carea' id='block_1_15' title="bbox 581 1290 2234 1377">
    <p class='ocr_par' dir='ltr' id='par_1_15' title="bbox 581 1290 2234 1377">
     <span class='ocr_line' id='line_1_15' title="bbox 581 1290 2234 1377; baseline 0.002 -25"><span class='ocrx_word' id='word_1_93' title='bbox 581 1308 689 1371; x_wconf 91' lang='lat' dir='ltr'><strong>per</strong></span> <span class='ocrx_word' id='word_1_94' title='bbox 716 1290 936 1353; x_wconf 88' lang='lat' dir='ltr'><strong>Filium</strong></span> <span class='ocrx_word' id='word_1_95' title='bbox 980 1312 1051 1355; x_wconf 82' lang='lat' dir='ltr'><strong>ex</strong></span> <span class='ocrx_word' id='word_1_96' title='bbox 1097 1297 1271 1359; x_wconf 88' lang='lat' dir='ltr'><strong>Patre</strong></span> <span class='ocrx_word' id='word_1_97' title='bbox 1300 1297 1432 1377; x_wconf 90' lang='lat' dir='ltr'><strong>ipse</strong></span> <span class='ocrx_word' id='word_1_98' title='bbox 1485 1296 1791 1377; x_wconf 89' lang='lat' dir='ltr'><strong>procedat,</strong></span> <span class='ocrx_word' id='word_1_99' title='bbox 1841 1304 1932 1358; x_wconf 89' lang='lat' dir='ltr'><strong>est</strong></span> <span class='ocrx_word' id='word_1_100' title='bbox 1979 1293 2234 1376; x_wconf 90' lang='lat' dir='ltr'><strong>Spiritus</strong></span> 
     </span>
    </p>
   </div>
   <div class='ocr_carea' id='block_1_16' title="bbox 586 1378 2233 1467">
    <p class='ocr_par' dir='ltr' id='par_1_16' title="bbox 586 1378 2233 1467">
     <span class='ocr_line' id='line_1_16' title="bbox 586 1378 2233 1467; baseline 0.004 -28"><span class='ocrx_word' id='word_1_101' title='bbox 586 1378 764 1440; x_wconf 89' lang='lat' dir='ltr'><strong>etiam</strong></span> <span class='ocrx_word' id='word_1_102' title='bbox 799 1398 871 1442; x_wconf 80' lang='lat' dir='ltr'><strong>ex</strong></span> <span class='ocrx_word' id='word_1_103' title='bbox 900 1381 1204 1458; x_wconf 91' lang='lat' dir='ltr'><strong>Filio,non</strong></span> <span class='ocrx_word' id='word_1_104' title='bbox 1230 1392 1506 1467; x_wconf 87' lang='lat' dir='ltr'><strong>tanquam</strong></span> <span class='ocrx_word' id='word_1_105' title='bbox 1531 1385 1732 1447; x_wconf 79' lang='lat' dir='ltr'><strong>exalia</strong></span> <span class='ocrx_word' id='word_1_106' title='bbox 1759 1393 1973 1464; x_wconf 68' lang='lat' dir='ltr'><strong>praeter</strong></span> <span class='ocrx_word' id='word_1_107' title='bbox 1995 1382 2233 1445; x_wconf 88' lang='lat' dir='ltr'><strong>Patrem</strong></span> 
     </span>
    </p>
   </div>
   <div class='ocr_carea' id='block_1_17' title="bbox 583 1472 2236 1557">
    <p class='ocr_par' dir='ltr' id='par_1_17' title="bbox 583 1472 2236 1557">
     <span class='ocr_line' id='line_1_17' title="bbox 583 1472 2236 1557; baseline 0.001 -26"><span class='ocrx_word' id='word_1_108' title='bbox 583 1485 770 1557; x_wconf 82' lang='lat' dir='ltr'><strong>causa</strong></span> <span class='ocrx_word' id='word_1_109' title='bbox 797 1477 858 1531; x_wconf 90' lang='lat' dir='ltr'><strong>et</strong></span> <span class='ocrx_word' id='word_1_110' title='bbox 886 1472 1204 1552; x_wconf 90' lang='lat' dir='ltr'><strong>principio,</strong></span> <span class='ocrx_word' id='word_1_111' title='bbox 1229 1473 1339 1536; x_wconf 89' lang='lat' dir='ltr'><strong>sed</strong></span> <span class='ocrx_word' id='word_1_112' title='bbox 1369 1482 1647 1556; x_wconf 88' lang='lat' dir='ltr'><strong>tanquam</strong></span> <span class='ocrx_word' id='word_1_113' title='bbox 1693 1474 1794 1557; x_wconf 90' lang='lat' dir='ltr'><strong>qui</strong></span> <span class='ocrx_word' id='word_1_114' title='bbox 1821 1492 1890 1536; x_wconf 84' lang='lat' dir='ltr'><strong>ex</strong></span> <span class='ocrx_word' id='word_1_115' title='bbox 1921 1475 2097 1537; x_wconf 89' lang='lat' dir='ltr'><strong>Patre</strong></span> <span class='ocrx_word' id='word_1_116' title='bbox 2127 1491 2236 1553; x_wconf 92' lang='lat' dir='ltr'><strong>per</strong></span> 
     </span>
    </p>
   </div>
   <div class='ocr_carea' id='block_1_18' title="bbox 584 1555 2229 1644">
    <p class='ocr_par' dir='ltr' id='par_1_18' title="bbox 584 1555 2229 1644">
     <span class='ocr_line' id='line_1_18' title="bbox 584 1555 2229 1644; baseline 0.002 -27"><span class='ocrx_word' id='word_1_117' title='bbox 584 1555 798 1619; x_wconf 91' lang='lat' dir='ltr'><strong>Filium</strong></span> <span class='ocrx_word' id='word_1_118' title='bbox 850 1555 1666 1639; x_wconf 17' lang='lat' dir='ltr'><strong>procedat.Quodnamivero</strong></span> <span class='ocrx_word' id='word_1_119' title='bbox 1713 1555 1835 1641; x_wconf 78' lang='lat' dir='ltr'><strong>est,</strong></span> <span class='ocrx_word' id='word_1_120' title='bbox 1876 1562 2032 1644; x_wconf 91' lang='lat' dir='ltr'><strong>quod</strong></span> <span class='ocrx_word' id='word_1_121' title='bbox 2063 1561 2229 1622; x_wconf 89' lang='lat' dir='ltr'><strong>illum</strong></span> 
     </span>
    </p>
   </div>
   <div class='ocr_carea' id='block_1_19' title="bbox 2313 500 3945 589">
    <p class='ocr_par' dir='ltr' id='par_1_19' title="bbox 2313 500 3945 589">
     <span class='ocr_line' id='line_1_19' title="bbox 2313 500 3945 589; baseline 0.008 -37"><span class='ocrx_word' id='word_1_122' title='bbox 2313 503 2440 589; x_wconf 80' lang='grc' dir='ltr'>Θεοῦ</span> <span class='ocrx_word' id='word_1_123' title='bbox 2483 501 2568 555; x_wconf 85' lang='grc' dir='ltr'><strong>καὶ</strong></span> <span class='ocrx_word' id='word_1_124' title='bbox 2636 500 2698 557; x_wconf 77' lang='grc' dir='ltr'>τὸ</span> <span class='ocrx_word' id='word_1_125' title='bbox 2746 504 2888 580; x_wconf 78' lang='grc' dir='ltr'>παρᾶ</span> <span class='ocrx_word' id='word_1_126' title='bbox 2941 513 3033 563; x_wconf 88' lang='grc' dir='ltr'><strong>τοῦ</strong></span> <span class='ocrx_word' id='word_1_127' title='bbox 3088 508 3314 587; x_wconf 68' lang='grc' dir='ltr'>Πατρός.</span> <span class='ocrx_word' id='word_1_128' title='bbox 3369 510 3466 566; x_wconf 78' lang='grc' dir='ltr'><strong>Καὶ</strong></span> <span class='ocrx_word' id='word_1_129' title='bbox 3506 507 3626 589; x_wconf 74' lang='grc' dir='ltr'>ἔχει</span> <span class='ocrx_word' id='word_1_130' title='bbox 3681 530 3742 587; x_wconf 84' lang='grc' dir='ltr'><strong>γε</strong></span> <span class='ocrx_word' id='word_1_131' title='bbox 3797 509 3945 572; x_wconf 71' lang='grc' dir='ltr'>οὕτω,</span> 
     </span>
    </p>
   </div>
   <div class='ocr_carea' id='block_1_20' title="bbox 2312 585 3952 674">
    <p class='ocr_par' dir='ltr' id='par_1_20' title="bbox 2312 585 3952 674">
     <span class='ocr_line' id='line_1_20' title="bbox 2312 585 3952 674; baseline 0.008 -33"><span class='ocrx_word' id='word_1_132' title='bbox 2312 585 2384 674; x_wconf 43' lang='grc' dir='ltr'>ίΓό</span> <span class='ocrx_word' id='word_1_133' title='bbox 2411 587 2511 666; x_wconf 77' lang='grc' dir='ltr'>γὰρ</span> <span class='ocrx_word' id='word_1_134' title='bbox 2564 587 2624 645; x_wconf 88' lang='grc' dir='ltr'><strong>ἐκ</strong></span> <span class='ocrx_word' id='word_1_135' title='bbox 2683 597 2813 647; x_wconf 91' lang='grc' dir='ltr'>Θεοῦ</span> <span class='ocrx_word' id='word_1_136' title='bbox 2866 594 2954 649; x_wconf 89' lang='grc' dir='ltr'><strong>καὶ</strong></span> <span class='ocrx_word' id='word_1_137' title='bbox 3010 594 3071 650; x_wconf 84' lang='grc' dir='ltr'><strong>ἐκ</strong></span> <span class='ocrx_word' id='word_1_138' title='bbox 3126 585 3219 651; x_wconf 88' lang='grc' dir='ltr'><strong>τοῦ</strong></span> <span class='ocrx_word' id='word_1_139' title='bbox 3264 596 3466 674; x_wconf 82' lang='grc' dir='ltr'>Πατρὸς</span> <span class='ocrx_word' id='word_1_140' title='bbox 3508 585 3705 653; x_wconf 72' lang='grc' dir='ltr'>ταυτὸν</span> <span class='ocrx_word' id='word_1_141' title='bbox 3744 596 3952 654; x_wconf 88' lang='grc' dir='ltr'>ἐνταῦθα</span> 
     </span>
    </p>
   </div>
   <div class='ocr_carea' id='block_1_21' title="bbox 2312 671 3949 763">
    <p class='ocr_par' dir='ltr' id='par_1_21' title="bbox 2312 671 3949 763">
     <span class='ocr_line' id='line_1_21' title="bbox 2312 671 3949 763; baseline 0.009 -36"><span class='ocrx_word' id='word_1_142' title='bbox 2312 671 2445 763; x_wconf 76' lang='grc' dir='ltr'>ἐστι.</span> <span class='ocrx_word' id='word_1_143' title='bbox 2505 676 2583 763; x_wconf 16' lang='grc' dir='ltr'><strong>Σὺ,</strong></span> <span class='ocrx_word' id='word_1_144' title='bbox 2634 674 2688 732; x_wconf 80' lang='grc' dir='ltr'><strong>δὲ</strong></span> <span class='ocrx_word' id='word_1_145' title='bbox 2755 680 2958 744; x_wconf 83' lang='grc' dir='ltr'><strong>τούτοις</strong></span> <span class='ocrx_word' id='word_1_146' title='bbox 3010 680 3323 759; x_wconf 73' lang='grc' dir='ltr'><strong>ἐπιστήσας,</strong></span> <span class='ocrx_word' id='word_1_147' title='bbox 3380 671 3529 763; x_wconf 28' lang='grc' dir='ltr'>νᾶπερ</span> <span class='ocrx_word' id='word_1_148' title='bbox 3575 686 3604 741; x_wconf 85' lang='grc' dir='ltr'>ὁ</span> <span class='ocrx_word' id='word_1_149' title='bbox 3647 683 3799 762; x_wconf 76' lang='grc' dir='ltr'>ἅγιος</span> <span class='ocrx_word' id='word_1_150' title='bbox 3854 682 3949 763; x_wconf 70' lang='grc' dir='ltr'>ἔφη</span> 
     </span>
    </p>
   </div>
   <div class='ocr_carea' id='block_1_22' title="bbox 2311 758 3950 852">
    <p class='ocr_par' dir='ltr' id='par_1_22' title="bbox 2311 758 3950 852">
     <span class='ocr_line' id='line_1_22' title="bbox 2311 758 3950 852; baseline 0.009 -35"><span class='ocrx_word' id='word_1_151' title='bbox 2311 758 2510 829; x_wconf 81' lang='grc' dir='ltr'>δηλῶν,</span> <span class='ocrx_word' id='word_1_152' title='bbox 2556 762 2671 821; x_wconf 82' lang='grc' dir='ltr'>ὅθεν</span> <span class='ocrx_word' id='word_1_153' title='bbox 2701 768 2761 824; x_wconf 86' lang='grc' dir='ltr'>τὸ</span> <span class='ocrx_word' id='word_1_154' title='bbox 2790 774 3005 846; x_wconf 98' lang='grc' dir='ltr'>Πνεῦμα</span> <span class='ocrx_word' id='word_1_155' title='bbox 3044 771 3105 827; x_wconf 76' lang='grc' dir='ltr'>τὰ</span> <span class='ocrx_word' id='word_1_156' title='bbox 3147 771 3303 848; x_wconf 81' lang='grc' dir='ltr'>ἅγιον</span> <span class='ocrx_word' id='word_1_157' title='bbox 3353 773 3449 838; x_wconf 79' lang='grc' dir='ltr'><strong>τὰς</strong></span> <span class='ocrx_word' id='word_1_158' title='bbox 3477 758 3573 831; x_wconf 79' lang='grc' dir='ltr'><strong>τοῦ</strong></span> <span class='ocrx_word' id='word_1_159' title='bbox 3616 758 3761 829; x_wconf 75' lang='grc' dir='ltr'>εἶναι</span> 
     </span>
    </p>
   </div>
   <div class='ocr_carea' id='block_1_23' title="bbox 2310 853 3950 941">
    <p class='ocr_par' dir='ltr' id='par_1_23' title="bbox 2310 853 3950 941">
     <span class='ocr_line' id='line_1_23' title="bbox 2310 853 3950 941; baseline 0.009 -36"><span class='ocrx_word' id='word_1_160' title='bbox 2310 853 2396 941; x_wconf 71' lang='grc' dir='ltr'><strong>καὶ</strong></span> <span class='ocrx_word' id='word_1_161' title='bbox 2450 854 2631 931; x_wconf 79' lang='grc' dir='ltr'>πηγὰς</span> <span class='ocrx_word' id='word_1_162' title='bbox 2692 854 2832 936; x_wconf 78' lang='grc' dir='ltr'>ἔχει,</span> <span class='ocrx_word' id='word_1_163' title='bbox 2878 865 2994 922; x_wconf 85' lang='grc' dir='ltr'><strong>πῶς</strong></span> <span class='ocrx_word' id='word_1_164' title='bbox 3047 860 3224 918; x_wconf 74' lang='grc' dir='ltr'>ἐκεῖνο</span> <span class='ocrx_word' id='word_1_165' title='bbox 3265 861 3572 927; x_wconf 72' lang='grc' dir='ltr'>ἐπιστασίας</span> <span class='ocrx_word' id='word_1_166' title='bbox 3630 858 3950 941; x_wconf 81' lang='grc' dir='ltr'>παρέδραμες</span> 
     </span>
    </p>
   </div>
   <div class='ocr_carea' id='block_1_24' title="bbox 2310 936 3952 1029">
    <p class='ocr_par' dir='ltr' id='par_1_24' title="bbox 2310 936 3952 1029">
     <span class='ocr_line' id='line_1_24' title="bbox 2310 936 3952 1029; baseline 0.007 -35"><span class='ocrx_word' id='word_1_167' title='bbox 2310 936 2555 1029; x_wconf 60' lang='grc' dir='ltr'>ἄμοιρον,</span> <span class='ocrx_word' id='word_1_168' title='bbox 2627 942 2679 1009; x_wconf 77' lang='grc' dir='ltr'>ἐξ</span> <span class='ocrx_word' id='word_1_169' title='bbox 2722 948 2883 1026; x_wconf 77' lang='grc' dir='ltr'>οὗπερ</span> <span class='ocrx_word' id='word_1_170' title='bbox 2924 947 3230 1029; x_wconf 72' lang='grc' dir='ltr'>ἐμφαίνεται</span> <span class='ocrx_word' id='word_1_171' title='bbox 3278 951 3420 1007; x_wconf 74' lang='grc' dir='ltr'>εἶναι</span> <span class='ocrx_word' id='word_1_172' title='bbox 3458 951 3521 1007; x_wconf 80' lang='grc' dir='ltr'>τὸ</span> <span class='ocrx_word' id='word_1_173' title='bbox 3579 936 3812 1025; x_wconf 67' lang='grc' dir='ltr'><strong>Πνεῦμα⁷</strong></span> <span class='ocrx_word' id='word_1_174' title='bbox 3873 951 3952 1005; x_wconf 85' lang='grc' dir='ltr'><strong>καὶ</strong></span> 
     </span>
    </p>
   </div>
   <div class='ocr_carea' id='block_1_25' title="bbox 2309 1026 3951 1119">
    <p class='ocr_par' dir='ltr' id='par_1_25' title="bbox 2309 1026 3951 1119">
     <span class='ocr_line' id='line_1_25' title="bbox 2309 1026 3951 1119; baseline 0.007 -36"><span class='ocrx_word' id='word_1_175' title='bbox 2309 1026 2371 1083; x_wconf 87' lang='grc' dir='ltr'><strong>ἐκ</strong></span> <span class='ocrx_word' id='word_1_176' title='bbox 2397 1037 2489 1085; x_wconf 88' lang='grc' dir='ltr'><strong>τοῦ</strong></span> <span class='ocrx_word' id='word_1_177' title='bbox 2546 1033 2704 1113; x_wconf 69' lang='grc' dir='ltr'>Υἱοῦς</span> <span class='ocrx_word' id='word_1_178' title='bbox 2759 1034 2888 1094; x_wconf 69' lang='grc' dir='ltr'><strong>Οὐδὲ</strong></span> <span class='ocrx_word' id='word_1_179' title='bbox 2942 1026 3041 1116; x_wconf 80' lang='grc' dir='ltr'>γὰρ</span> <span class='ocrx_word' id='word_1_180' title='bbox 3084 1036 3174 1094; x_wconf 81' lang='grc' dir='ltr'>ἐὰν</span> <span class='ocrx_word' id='word_1_181' title='bbox 3224 1040 3336 1116; x_wconf 79' lang='grc' dir='ltr'>ῥίζα</span> <span class='ocrx_word' id='word_1_182' title='bbox 3403 1040 3492 1096; x_wconf 89' lang='grc' dir='ltr'><strong>καὶ</strong></span> <span class='ocrx_word' id='word_1_183' title='bbox 3547 1038 3789 1119; x_wconf 78' lang='grc' dir='ltr'>ἄναρχος</span> <span class='ocrx_word' id='word_1_184' title='bbox 3827 1038 3951 1094; x_wconf 76' lang='grc' dir='ltr'>αἰτία</span> 
     </span>
    </p>
   </div>
   <div class='ocr_carea' id='block_1_26' title="bbox 2313 1120 3953 1205">
    <p class='ocr_par' dir='ltr' id='par_1_26' title="bbox 2313 1120 3953 1205">
     <span class='ocr_line' id='line_1_26' title="bbox 2313 1120 3953 1205; baseline 0.007 -34"><span class='ocrx_word' id='word_1_185' title='bbox 2313 1123 2405 1173; x_wconf 90' lang='grc' dir='ltr'><strong>τοῦ</strong></span> <span class='ocrx_word' id='word_1_186' title='bbox 2436 1120 2736 1194; x_wconf 82' lang='grc' dir='ltr'>Πνεύματος</span> <span class='ocrx_word' id='word_1_187' title='bbox 2794 1125 2823 1181; x_wconf 84' lang='grc' dir='ltr'><strong>ὁ</strong></span> <span class='ocrx_word' id='word_1_188' title='bbox 2879 1127 3083 1200; x_wconf 80' lang='grc' dir='ltr'>Πατὴρ,</span> <span class='ocrx_word' id='word_1_189' title='bbox 3144 1126 3247 1194; x_wconf 69' lang='grc' dir='ltr'>ἤδη</span> <span class='ocrx_word' id='word_1_190' title='bbox 3306 1130 3334 1184; x_wconf 87' lang='grc' dir='ltr'>ὁ</span> <span class='ocrx_word' id='word_1_191' title='bbox 3393 1129 3511 1191; x_wconf 81' lang='grc' dir='ltr'>Υἱὸς</span> <span class='ocrx_word' id='word_1_192' title='bbox 3582 1125 3833 1205; x_wconf 77' lang='grc' dir='ltr'>διῄρηται</span> <span class='ocrx_word' id='word_1_193' title='bbox 3870 1133 3953 1183; x_wconf 83' lang='grc' dir='ltr'><strong>τοῦ</strong></span> 
     </span>
    </p>
   </div>
   <div class='ocr_carea' id='block_1_27' title="bbox 2316 1208 3955 1294">
    <p class='ocr_par' dir='ltr' id='par_1_27' title="bbox 2316 1208 3955 1294">
     <span class='ocr_line' id='line_1_27' title="bbox 2316 1208 3955 1294; baseline 0.006 -33"><span class='ocrx_word' id='word_1_194' title='bbox 2316 1209 2519 1285; x_wconf 82' lang='grc' dir='ltr'>Πατρὸς</span> <span class='ocrx_word' id='word_1_195' title='bbox 2578 1208 2632 1264; x_wconf 88' lang='grc' dir='ltr'><strong>ἐν</strong></span> <span class='ocrx_word' id='word_1_196' title='bbox 2705 1218 2772 1289; x_wconf 75' lang='grc' dir='ltr'><strong>τῇ</strong></span> <span class='ocrx_word' id='word_1_197' title='bbox 2827 1211 3036 1294; x_wconf 82' lang='grc' dir='ltr'>προόδῳ</span> <span class='ocrx_word' id='word_1_198' title='bbox 3088 1224 3181 1273; x_wconf 89' lang='grc' dir='ltr'><strong>τοῦ</strong></span> <span class='ocrx_word' id='word_1_199' title='bbox 3251 1218 3582 1293; x_wconf 84' lang='grc' dir='ltr'>Πνεύματος.</span> <span class='ocrx_word' id='word_1_200' title='bbox 3646 1213 3796 1275; x_wconf 80' lang='grc' dir='ltr'>Ἀλλ’</span> <span class='ocrx_word' id='word_1_201' title='bbox 3853 1215 3955 1272; x_wconf 68' lang='grc' dir='ltr'>ἕπει</span> 
     </span>
    </p>
   </div>
   <div class='ocr_carea' id='block_1_28' title="bbox 2315 1295 3955 1389">
    <p class='ocr_par' dir='ltr' id='par_1_28' title="bbox 2315 1295 3955 1389">
     <span class='ocr_line' id='line_1_28' title="bbox 2315 1295 3955 1389; baseline 0.006 -36"><span class='ocrx_word' id='word_1_202' title='bbox 2315 1295 2398 1353; x_wconf 83' lang='grc' dir='ltr'>διὰ</span> <span class='ocrx_word' id='word_1_203' title='bbox 2426 1307 2519 1357; x_wconf 88' lang='grc' dir='ltr'><strong>τοῦ</strong></span> <span class='ocrx_word' id='word_1_204' title='bbox 2578 1306 2699 1360; x_wconf 81' lang='grc' dir='ltr'>Υἱοῦ</span> <span class='ocrx_word' id='word_1_205' title='bbox 2755 1307 2818 1362; x_wconf 71' lang='grc' dir='ltr'><strong>ἐκ</strong></span> <span class='ocrx_word' id='word_1_206' title='bbox 2858 1313 2950 1362; x_wconf 88' lang='grc' dir='ltr'><strong>τοῦ</strong></span> <span class='ocrx_word' id='word_1_207' title='bbox 3005 1308 3209 1384; x_wconf 78' lang='grc' dir='ltr'>Πατρός</span> <span class='ocrx_word' id='word_1_208' title='bbox 3266 1311 3393 1366; x_wconf 74' lang='grc' dir='ltr'>αὐτὸ</span> <span class='ocrx_word' id='word_1_209' title='bbox 3436 1309 3802 1389; x_wconf 78' lang='grc' dir='ltr'>ἐκπορεύεται,</span> <span class='ocrx_word' id='word_1_210' title='bbox 3856 1307 3955 1364; x_wconf 78' lang='grc' dir='ltr'>ἔστι</span> 
     </span>
    </p>
   </div>
   <div class='ocr_carea' id='block_1_29' title="bbox 2314 1388 3956 1477">
    <p class='ocr_par' dir='ltr' id='par_1_29' title="bbox 2314 1388 3956 1477">
     <span class='ocr_line' id='line_1_29' title="bbox 2314 1388 3956 1477; baseline 0.01 -35"><span class='ocrx_word' id='word_1_211' title='bbox 2314 1388 2376 1443; x_wconf 85' lang='grc' dir='ltr'>τὸ</span> <span class='ocrx_word' id='word_1_212' title='bbox 2407 1394 2617 1466; x_wconf 80' lang='grc' dir='ltr'><strong>Πνεῦμα</strong></span> <span class='ocrx_word' id='word_1_213' title='bbox 2671 1396 2759 1451; x_wconf 86' lang='grc' dir='ltr'><strong>καὶ</strong></span> <span class='ocrx_word' id='word_1_214' title='bbox 2804 1397 2864 1452; x_wconf 72' lang='grc' dir='ltr'><strong>ἐκ</strong></span> <span class='ocrx_word' id='word_1_215' title='bbox 2904 1403 2997 1452; x_wconf 87' lang='grc' dir='ltr'><strong>τοῦ</strong></span> <span class='ocrx_word' id='word_1_216' title='bbox 3056 1401 3200 1477; x_wconf 80' lang='grc' dir='ltr'>Υἱοῦ,</span> <span class='ocrx_word' id='word_1_217' title='bbox 3258 1399 3509 1473; x_wconf 79' lang='grc' dir='ltr'>οῧμενουν</span> <span class='ocrx_word' id='word_1_218' title='bbox 3562 1388 3640 1464; x_wconf 80' lang='grc' dir='ltr'>ὧς</span> <span class='ocrx_word' id='word_1_219' title='bbox 3700 1397 3754 1464; x_wconf 80' lang='grc' dir='ltr'>ἐξ</span> <span class='ocrx_word' id='word_1_220' title='bbox 3800 1395 3956 1463; x_wconf 80' lang='grc' dir='ltr'>ἄλλης</span> 
     </span>
    </p>
   </div>
   <div class='ocr_carea' id='block_1_30' title="bbox 2314 1478 3951 1567">
    <p class='ocr_par' dir='ltr' id='par_1_30' title="bbox 2314 1478 3951 1567">
     <span class='ocr_line' id='line_1_30' title="bbox 2314 1478 3951 1567; baseline 0.005 -35"><span class='ocrx_word' id='word_1_221' title='bbox 2314 1478 2456 1557; x_wconf 82' lang='grc' dir='ltr'>παρὰ</span> <span class='ocrx_word' id='word_1_222' title='bbox 2482 1481 2544 1536; x_wconf 85' lang='grc' dir='ltr'>τὸ</span> <span class='ocrx_word' id='word_1_223' title='bbox 2588 1482 2794 1563; x_wconf 79' lang='grc' dir='ltr'>Πατέρα</span> <span class='ocrx_word' id='word_1_224' title='bbox 2843 1485 3010 1549; x_wconf 78' lang='grc' dir='ltr'>αἰτίας</span> <span class='ocrx_word' id='word_1_225' title='bbox 3053 1488 3140 1543; x_wconf 79' lang='grc' dir='ltr'><strong>καὶ</strong></span> <span class='ocrx_word' id='word_1_226' title='bbox 3191 1488 3387 1567; x_wconf 69' lang='grc' dir='ltr'>ἀρχῆς,</span> <span class='ocrx_word' id='word_1_227' title='bbox 3448 1485 3566 1545; x_wconf 76' lang='grc' dir='ltr'>ἄλλ’</span> <span class='ocrx_word' id='word_1_228' title='bbox 3627 1489 3704 1551; x_wconf 83' lang='grc' dir='ltr'>ὡς</span> <span class='ocrx_word' id='word_1_229' title='bbox 3747 1487 3808 1543; x_wconf 89' lang='grc' dir='ltr'><strong>ἐκ</strong></span> <span class='ocrx_word' id='word_1_230' title='bbox 3848 1493 3951 1541; x_wconf 86' lang='grc' dir='ltr'>Πα-</span> 
     </span>
    </p>
   </div>
   <div class='ocr_carea' id='block_1_31' title="bbox 2313 1567 3957 1654">
    <p class='ocr_par' dir='ltr' id='par_1_31' title="bbox 2313 1567 3957 1654">
     <span class='ocr_line' id='line_1_31' title="bbox 2313 1567 3957 1654; baseline 0.004 -33"><span class='ocrx_word' id='word_1_231' title='bbox 2313 1568 2433 1642; x_wconf 79' lang='grc' dir='ltr'>τρὸς</span> <span class='ocrx_word' id='word_1_232' title='bbox 2505 1567 2917 1650; x_wconf 68' lang='grc' dir='ltr'>ἐκπορευόμενον</span> <span class='ocrx_word' id='word_1_233' title='bbox 2988 1573 3071 1631; x_wconf 79' lang='grc' dir='ltr'><strong>διὰ</strong></span> <span class='ocrx_word' id='word_1_234' title='bbox 3159 1578 3296 1639; x_wconf 77' lang='grc' dir='ltr'>ι’ἷοῦ.</span> <span class='ocrx_word' id='word_1_235' title='bbox 3356 1578 3416 1635; x_wconf 90' lang='grc' dir='ltr'>Τί</span> <span class='ocrx_word' id='word_1_236' title='bbox 3462 1576 3518 1633; x_wconf 80' lang='grc' dir='ltr'><strong>δὲ</strong></span> <span class='ocrx_word' id='word_1_237' title='bbox 3562 1578 3643 1641; x_wconf 82' lang='grc' dir='ltr'>,τὸ</span> <span class='ocrx_word' id='word_1_238' title='bbox 3704 1578 3957 1654; x_wconf 67' lang='grc' dir='ltr'>ἐμφαῖνον</span> 
     </span>
    </p>
   </div>
   <div class='ocr_carea' id='block_1_32' title="bbox 584 1645 2235 1752">
    <p class='ocr_par' dir='ltr' id='par_1_32' title="bbox 584 1645 2229 1752">
     <span class='ocr_line' id='line_1_32' title="bbox 584 1645 2229 1752; baseline 0.003 -46"><span class='ocrx_word' id='word_1_239' title='bbox 584 1645 780 1752; x_wconf 38' lang='lat' dir='ltr'><strong>etiam.</strong></span> <span class='ocrx_word' id='word_1_240' title='bbox 795 1665 867 1710; x_wconf 82' lang='lat' dir='ltr'><strong>ex</strong></span> <span class='ocrx_word' id='word_1_241' title='bbox 895 1647 1221 1752; x_wconf 66' lang='lat' dir='ltr'><strong>Filioesse</strong></span> <span class='ocrx_word' id='word_1_242' title='bbox 1235 1651 1605 1752; x_wconf 53' lang='lat' dir='ltr'><strong>manifestat?</strong></span> <span class='ocrx_word' id='word_1_243' title='bbox 1636 1652 1896 1716; x_wconf 90' lang='lat' dir='ltr'><strong>Attende</strong></span> <span class='ocrx_word' id='word_1_244' title='bbox 1917 1659 1983 1752; x_wconf 68' lang='lat' dir='ltr'><strong>et</strong></span> <span class='ocrx_word' id='word_1_245' title='bbox 2002 1650 2229 1713; x_wconf 89' lang='lat' dir='ltr'><strong>intelli-</strong></span> 
     </span>
    </p>
   </div>
   <div class='ocr_carea' id='block_1_33' title="bbox 2318 1645 3955 1752">
    <p class='ocr_par' dir='ltr' id='par_1_33' title="bbox 2318 1645 3955 1752">
     <span class='ocr_line' id='line_1_33' title="bbox 2318 1645 3955 1752; baseline 0.021 -42"><span class='ocrx_word' id='word_1_246' title='bbox 2318 1657 2399 1752; x_wconf 45' lang='grc' dir='ltr'>καὶ</span> <span class='ocrx_word' id='word_1_247' title='bbox 2440 1656 2501 1714; x_wconf 88' lang='grc' dir='ltr'><strong>ἐκ</strong></span> <span class='ocrx_word' id='word_1_248' title='bbox 2528 1667 2617 1716; x_wconf 90' lang='grc' dir='ltr'><strong>τοῦ</strong></span> <span class='ocrx_word' id='word_1_249' title='bbox 2639 1645 2774 1718; x_wconf 41' lang='grc' dir='ltr'>’Υἱοῦ</span> <span class='ocrx_word' id='word_1_250' title='bbox 2805 1663 2946 1719; x_wconf 81' lang='grc' dir='ltr'>εἶναι</span> <span class='ocrx_word' id='word_1_251' title='bbox 2976 1663 3103 1721; x_wconf 73' lang='grc' dir='ltr'>αὐτό</span> <span class='ocrx_word' id='word_1_252' title='bbox 3135 1684 3151 1745; x_wconf 75' lang='grc' dir='ltr'>ς</span> <span class='ocrx_word' id='word_1_253' title='bbox 3185 1667 3461 1746; x_wconf 76' lang='grc' dir='ltr'>Πρόσσχες</span> <span class='ocrx_word' id='word_1_254' title='bbox 3491 1664 3595 1733; x_wconf 74' lang='grc' dir='ltr'>ἤδη</span> <span class='ocrx_word' id='word_1_255' title='bbox 3626 1667 3718 1723; x_wconf 71' lang='grc' dir='ltr'>καὶ</span> 
     </span>
    </p>
   </div>
   <div class='ocr_carea' id='block_1_34' title="bbox 584 1736 2235 1835">
    <p class='ocr_par' dir='ltr' id='par_1_34' title="bbox 584 1736 2233 1835">
     <span class='ocr_line' id='line_1_34' title="bbox 584 1736 2233 1835; baseline 0.003 -39"><span class='ocrx_word' id='word_1_256' title='bbox 584 1752 710 1835; x_wconf 58' lang='lat' dir='ltr'><strong>ges.</strong></span> <span class='ocrx_word' id='word_1_257' title='bbox 743 1736 997 1835; x_wconf 89' lang='lat' dir='ltr'><strong>Sanctus</strong></span> <span class='ocrx_word' id='word_1_258' title='bbox 1041 1741 1138 1802; x_wconf 88' lang='lat' dir='ltr'><strong>hic</strong></span> <span class='ocrx_word' id='word_1_259' title='bbox 1185 1740 1469 1835; x_wconf 78' lang='lat' dir='ltr'><strong>Spiritum</strong></span> <span class='ocrx_word' id='word_1_260' title='bbox 1497 1741 1607 1835; x_wconf 71' lang='lat' dir='ltr'><strong>Dei</strong></span> <span class='ocrx_word' id='word_1_261' title='bbox 1634 1741 2138 1835; x_wconf 67' lang='lat' dir='ltr'><strong>vocat_Spitjtum,</strong></span> <span class='ocrx_word' id='word_1_262' title='bbox 2171 1749 2233 1802; x_wconf 86' lang='lat' dir='ltr'><strong>et</strong></span> 
     </span>
    </p>
   </div>
   <div class='ocr_carea' id='block_1_35' title="bbox 2318 1736 3959 1835">
    <p class='ocr_par' dir='ltr' id='par_1_35' title="bbox 2318 1736 3959 1835">
     <span class='ocr_line' id='line_1_35' title="bbox 2318 1736 3959 1835; baseline 0.006 -36"><span class='ocrx_word' id='word_1_263' title='bbox 2318 1750 2525 1823; x_wconf 80' lang='grc' dir='ltr'>Πνεῦμα</span> <span class='ocrx_word' id='word_1_264' title='bbox 2557 1756 2686 1808; x_wconf 87' lang='grc' dir='ltr'>Θεοῦ</span> <span class='ocrx_word' id='word_1_265' title='bbox 2714 1749 2856 1830; x_wconf 82' lang='grc' dir='ltr'>λέγει</span> <span class='ocrx_word' id='word_1_266' title='bbox 2885 1755 2947 1809; x_wconf 83' lang='grc' dir='ltr'><strong>τὸ</strong></span> <span class='ocrx_word' id='word_1_267' title='bbox 2999 1736 3209 1832; x_wconf 78' lang='grc' dir='ltr'>Πνεῦμα</span> <span class='ocrx_word' id='word_1_268' title='bbox 3238 1736 3283 1813; x_wconf 3' lang='grc' dir='ltr'>ῦὸ</span> <span class='ocrx_word' id='word_1_269' title='bbox 3324 1736 3476 1835; x_wconf 63' lang='grc' dir='ltr'>ἅγιος</span> <span class='ocrx_word' id='word_1_270' title='bbox 3511 1773 3523 1787; x_wconf 85' lang='grc'><strong><em>⁸</em></strong></span> <span class='ocrx_word' id='word_1_271' title='bbox 3577 1759 3667 1812; x_wconf 78' lang='grc' dir='ltr'><strong>καί</strong></span> <span class='ocrx_word' id='word_1_272' title='bbox 3709 1736 3801 1812; x_wconf 72' lang='grc' dir='ltr'><strong>τὸν</strong></span> <span class='ocrx_word' id='word_1_273' title='bbox 3842 1736 3959 1809; x_wconf 84' lang='grc' dir='ltr'><strong>Σω-</strong></span> 
     </span>
    </p>
   </div>
   <div class='ocr_carea' id='block_1_36' title="bbox 585 1822 2232 1911">
    <p class='ocr_par' dir='ltr' id='par_1_36' title="bbox 585 1822 2232 1911">
     <span class='ocr_line' id='line_1_36' title="bbox 585 1822 2232 1911; baseline 0.001 -24"><span class='ocrx_word' id='word_1_274' title='bbox 585 1822 948 1887; x_wconf 84' lang='lat' dir='ltr'><strong>Salvatorem</strong></span> <span class='ocrx_word' id='word_1_275' title='bbox 981 1834 1189 1891; x_wconf 69' lang='lat' dir='ltr'><strong>testem</strong></span> <span class='ocrx_word' id='word_1_276' title='bbox 1236 1822 1515 1906; x_wconf 86' lang='lat' dir='ltr'><strong>adducit,</strong></span> <span class='ocrx_word' id='word_1_277' title='bbox 1549 1830 1719 1893; x_wconf 87' lang='lat' dir='ltr'><strong>illum</strong></span> <span class='ocrx_word' id='word_1_278' title='bbox 1775 1830 1892 1893; x_wconf 92' lang='lat' dir='ltr'><strong>dici</strong></span> <span class='ocrx_word' id='word_1_279' title='bbox 1945 1828 2232 1911; x_wconf 89' lang='lat' dir='ltr'><strong>Spiritum</strong></span> 
     </span>
    </p>
   </div>
   <div class='ocr_carea' id='block_1_37' title="bbox 584 1912 2233 2001">
    <p class='ocr_par' dir='ltr' id='par_1_37' title="bbox 584 1912 2233 2001">
     <span class='ocr_line' id='line_1_37' title="bbox 584 1912 2233 2001; baseline 0.002 -26"><span class='ocrx_word' id='word_1_280' title='bbox 584 1912 717 1987; x_wconf 90' lang='lat' dir='ltr'><strong>Dei,</strong></span> <span class='ocrx_word' id='word_1_281' title='bbox 751 1921 872 1976; x_wconf 91' lang='lat' dir='ltr'><strong>tum</strong></span> <span class='ocrx_word' id='word_1_282' title='bbox 904 1915 1105 1979; x_wconf 90' lang='lat' dir='ltr'><strong>subdit</strong></span> <span class='ocrx_word' id='word_1_283' title='bbox 1132 1917 1310 1984; x_wconf 66' lang='lat' dir='ltr'><strong>:iuNe</strong></span> <span class='ocrx_word' id='word_1_284' title='bbox 1341 1919 1475 2000; x_wconf 91' lang='lat' dir='ltr'><strong>quis</strong></span> <span class='ocrx_word' id='word_1_285' title='bbox 1504 1919 1751 1981; x_wconf 84' lang='lat' dir='ltr'><strong>audiens</strong></span> <span class='ocrx_word' id='word_1_286' title='bbox 1779 1918 2233 2001; x_wconf 89' lang='lat' dir='ltr'><strong>spiritum,pro-</strong></span> 
     </span>
    </p>
   </div>
   <div class='ocr_carea' id='block_1_38' title="bbox 587 2003 2233 2084">
    <p class='ocr_par' dir='ltr' id='par_1_38' title="bbox 587 2003 2233 2084">
     <span class='ocr_line' id='line_1_38' title="bbox 587 2003 2233 2084; baseline 0.002 -21"><span class='ocrx_word' id='word_1_287' title='bbox 587 2003 897 2083; x_wconf 88' lang='lat' dir='ltr'><strong>prietatem</strong></span> <span class='ocrx_word' id='word_1_288' title='bbox 915 2005 1243 2084; x_wconf 82' lang='lat' dir='ltr'><strong>signiﬁcari</strong></span> <span class='ocrx_word' id='word_1_289' title='bbox 1273 2007 1664 2084; x_wconf 82' lang='lat' dir='ltr'><strong>existimet,et</strong></span> <span class='ocrx_word' id='word_1_290' title='bbox 1693 2027 1810 2069; x_wconf 92' lang='lat' dir='ltr'><strong>non</strong></span> <span class='ocrx_word' id='word_1_291' title='bbox 1828 2016 2050 2070; x_wconf 73' lang='lat' dir='ltr'><strong>natum</strong></span> <span class='ocrx_word' id='word_1_292' title='bbox 2061 2024 2233 2068; x_wconf 89' lang='lat' dir='ltr'><strong>com-</strong></span> 
     </span>
    </p>
   </div>
   <div class='ocr_carea' id='block_1_39' title="bbox 584 2093 2236 2169">
    <p class='ocr_par' dir='ltr' id='par_1_39' title="bbox 584 2093 2236 2169">
     <span class='ocr_line' id='line_1_39' title="bbox 584 2093 2236 2169; baseline 0.002 -17"><span class='ocrx_word' id='word_1_293' title='bbox 584 2093 1171 2169; x_wconf 88' lang='lat' dir='ltr'><strong>munionem,Paulus</strong></span> <span class='ocrx_word' id='word_1_294' title='bbox 1193 2095 1373 2161; x_wconf 90' lang='lat' dir='ltr'><strong>dicit:</strong></span> <span class='ocrx_word' id='word_1_295' title='bbox 1400 2095 1584 2160; x_wconf 88' lang='lat' dir='ltr'><strong>Nobis</strong></span> <span class='ocrx_word' id='word_1_296' title='bbox 1619 2115 1756 2159; x_wconf 88' lang='lat' dir='ltr'><strong>vero</strong></span> <span class='ocrx_word' id='word_1_297' title='bbox 1789 2115 1907 2159; x_wconf 92' lang='lat' dir='ltr'><strong>non</strong></span> <span class='ocrx_word' id='word_1_298' title='bbox 1938 2104 2030 2159; x_wconf 89' lang='lat' dir='ltr'><strong>est</strong></span> <span class='ocrx_word' id='word_1_299' title='bbox 2064 2095 2236 2157; x_wconf 88' lang='lat' dir='ltr'><strong>datus</strong></span> 
     </span>
    </p>
   </div>
   <div class='ocr_carea' id='block_1_40' title="bbox 579 2180 2226 2268">
    <p class='ocr_par' dir='ltr' id='par_1_40' title="bbox 579 2180 2226 2268">
     <span class='ocr_line' id='line_1_40' title="bbox 579 2180 2226 2268; baseline 0.005 -27"><span class='ocrx_word' id='word_1_300' title='bbox 579 2180 824 2261; x_wconf 89' lang='lat' dir='ltr'><strong>spiritus</strong></span> <span class='ocrx_word' id='word_1_301' title='bbox 885 2184 1116 2260; x_wconf 88' lang='lat' dir='ltr'><strong>mundi,</strong></span> <span class='ocrx_word' id='word_1_302' title='bbox 1169 2184 1276 2248; x_wconf 89' lang='lat' dir='ltr'><strong>sed</strong></span> <span class='ocrx_word' id='word_1_303' title='bbox 1328 2184 1587 2268; x_wconf 92' lang='lat' dir='ltr'><strong>Spiritus</strong></span> <span class='ocrx_word' id='word_1_304' title='bbox 1615 2188 1716 2265; x_wconf 86' lang='lat' dir='ltr'><strong>qui</strong></span> <span class='ocrx_word' id='word_1_305' title='bbox 1764 2204 1832 2247; x_wconf 83' lang='lat' dir='ltr'><strong>ex</strong></span> <span class='ocrx_word' id='word_1_306' title='bbox 1887 2187 2010 2248; x_wconf 89' lang='lat' dir='ltr'><strong>Deo</strong></span> <span class='ocrx_word' id='word_1_307' title='bbox 2050 2193 2160 2249; x_wconf 89' lang='lat' dir='ltr'><strong>est.</strong></span> <span class='ocrx_word' id='word_1_308' title='bbox 2200 2209 2226 2239; x_wconf 69' lang='grc' dir='ltr'><strong>ι</strong></span> 
     </span>
    </p>
   </div>
   <div class='ocr_carea' id='block_1_41' title="bbox 577 2268 2233 2355">
    <p class='ocr_par' dir='ltr' id='par_1_41' title="bbox 577 2268 2233 2355">
     <span class='ocr_line' id='line_1_41' title="bbox 577 2268 2233 2355; baseline 0.001 -23"><span class='ocrx_word' id='word_1_309' title='bbox 577 2268 819 2332; x_wconf 85' lang='lat' dir='ltr'><strong>Attento</strong></span> <span class='ocrx_word' id='word_1_310' title='bbox 874 2271 957 2334; x_wconf 92' lang='lat' dir='ltr'><strong>sis</strong></span> <span class='ocrx_word' id='word_1_311' title='bbox 1006 2274 1230 2351; x_wconf 90' lang='lat' dir='ltr'><strong>animo,</strong></span> <span class='ocrx_word' id='word_1_312' title='bbox 1263 2292 1486 2355; x_wconf 74' lang='lat' dir='ltr'><strong>quaeso.</strong></span> <span class='ocrx_word' id='word_1_313' title='bbox 1547 2276 2022 2355; x_wconf 81' lang='lat' dir='ltr'><strong>Chrysostomus,</strong></span> <span class='ocrx_word' id='word_1_314' title='bbox 2074 2271 2233 2355; x_wconf 92' lang='lat' dir='ltr'><strong>quod</strong></span> 
     </span>
    </p>
   </div>
   <div class='ocr_carea' id='block_1_42' title="bbox 579 2356 2229 2444">
    <p class='ocr_par' dir='ltr' id='par_1_42' title="bbox 579 2356 2229 2444">
     <span class='ocr_line' id='line_1_42' title="bbox 579 2356 2229 2444; baseline 0.003 -25"><span class='ocrx_word' id='word_1_315' title='bbox 579 2356 738 2419; x_wconf 89' lang='lat' dir='ltr'><strong>idem</strong></span> <span class='ocrx_word' id='word_1_316' title='bbox 771 2368 861 2421; x_wconf 90' lang='lat' dir='ltr'><strong>est</strong></span> <span class='ocrx_word' id='word_1_317' title='bbox 886 2361 1114 2438; x_wconf 89' lang='lat' dir='ltr'><strong>dicere,</strong></span> <span class='ocrx_word' id='word_1_318' title='bbox 1140 2380 1210 2425; x_wconf 82' lang='lat' dir='ltr'><strong>ex</strong></span> <span class='ocrx_word' id='word_1_319' title='bbox 1240 2381 1383 2425; x_wconf 90' lang='lat' dir='ltr'><strong>auro</strong></span> <span class='ocrx_word' id='word_1_320' title='bbox 1407 2364 1582 2426; x_wconf 90' lang='lat' dir='ltr'><strong>ducta</strong></span> <span class='ocrx_word' id='word_1_321' title='bbox 1609 2362 1864 2444; x_wconf 89' lang='lat' dir='ltr'><strong>Spiritus</strong></span> <span class='ocrx_word' id='word_1_322' title='bbox 1892 2362 2229 2435; x_wconf 85' lang='lat' dir='ltr'><strong>tuba,dicit:</strong></span> 
     </span>
    </p>
   </div>
   <div class='ocr_carea' id='block_1_43' title="bbox 590 2445 2236 2530">
    <p class='ocr_par' dir='ltr' id='par_1_43' title="bbox 590 2445 2236 2530">
     <span class='ocr_line' id='line_1_43' title="bbox 590 2445 2236 2530; baseline 0.002 -21"><span class='ocrx_word' id='word_1_323' title='bbox 590 2467 615 2502; x_wconf 76' lang='grc' dir='ltr'><strong>α</strong></span> <span class='ocrx_word' id='word_1_324' title='bbox 650 2445 967 2528; x_wconf 88' lang='lat' dir='ltr'><strong>Pr0pterea</strong></span> <span class='ocrx_word' id='word_1_325' title='bbox 1001 2452 1249 2515; x_wconf 88' lang='lat' dir='ltr'><strong>Paulum</strong></span> <span class='ocrx_word' id='word_1_326' title='bbox 1283 2470 1356 2514; x_wconf 83' lang='lat' dir='ltr'><strong>ex</strong></span> <span class='ocrx_word' id='word_1_327' title='bbox 1385 2449 1510 2514; x_wconf 91' lang='lat' dir='ltr'><strong>Deo</strong></span> <span class='ocrx_word' id='word_1_328' title='bbox 1538 2451 1756 2514; x_wconf 79' lang='lat' dir='ltr'><strong>dixisse</strong></span> <span class='ocrx_word' id='word_1_329' title='bbox 1812 2451 2124 2530; x_wconf 89' lang='lat' dir='ltr'><strong>Spiritum,</strong></span> <span class='ocrx_word' id='word_1_330' title='bbox 2158 2469 2236 2513; x_wconf 94' lang='lat' dir='ltr'><strong>ne</strong></span> 
     </span>
    </p>
   </div>
   <div class='ocr_carea' id='block_1_44' title="bbox 586 2534 2235 2621">
    <p class='ocr_par' dir='ltr' id='par_1_44' title="bbox 586 2534 2235 2621">
     <span class='ocr_line' id='line_1_44' title="bbox 586 2534 2235 2621; baseline 0.003 -26"><span class='ocrx_word' id='word_1_331' title='bbox 586 2534 718 2615; x_wconf 89' lang='lat' dir='ltr'><strong>quis</strong></span> <span class='ocrx_word' id='word_1_332' title='bbox 746 2537 998 2599; x_wconf 89' lang='lat' dir='ltr'><strong>audiens</strong></span> <span class='ocrx_word' id='word_1_333' title='bbox 1038 2540 1194 2620; x_wconf 90' lang='lat' dir='ltr'><strong>quod</strong></span> <span class='ocrx_word' id='word_1_334' title='bbox 1230 2538 1496 2603; x_wconf 84' lang='lat' dir='ltr'><strong>Salvator</strong></span> <span class='ocrx_word' id='word_1_335' title='bbox 1525 2541 1584 2603; x_wconf 92' lang='lat' dir='ltr'><strong>in</strong></span> <span class='ocrx_word' id='word_1_336' title='bbox 1625 2539 1951 2620; x_wconf 81' lang='lat' dir='ltr'><strong>Evangelia</strong></span> <span class='ocrx_word' id='word_1_337' title='bbox 1982 2540 2235 2621; x_wconf 85' lang='lat' dir='ltr'><strong>dixerat,</strong></span> 
     </span>
    </p>
   </div>
   <div class='ocr_carea' id='block_1_45' title="bbox 584 2623 2242 2712">
    <p class='ocr_par' dir='ltr' id='par_1_45' title="bbox 584 2623 2242 2712">
     <span class='ocr_line' id='line_1_45' title="bbox 584 2623 2242 2712; baseline 0.001 -25"><span class='ocrx_word' id='word_1_338' title='bbox 584 2623 830 2702; x_wconf 72' lang='lat' dir='ltr'><strong>Spiritus</strong></span> <span class='ocrx_word' id='word_1_339' title='bbox 856 2624 989 2703; x_wconf 91' lang='lat' dir='ltr'><strong>Dei,</strong></span> <span class='ocrx_word' id='word_1_340' title='bbox 1008 2628 1305 2691; x_wconf 85' lang='lat' dir='ltr'><strong>existimet</strong></span> <span class='ocrx_word' id='word_1_341' title='bbox 1334 2629 1768 2712; x_wconf 87' lang='lat' dir='ltr'><strong>proprietatem</strong></span> <span class='ocrx_word' id='word_1_342' title='bbox 1798 2628 2148 2710; x_wconf 82' lang='lat' dir='ltr'><strong>signiﬁcari,</strong></span> <span class='ocrx_word' id='word_1_343' title='bbox 2180 2636 2242 2692; x_wconf 92' lang='lat' dir='ltr'><strong>et</strong></span> 
     </span>
    </p>
   </div>
   <div class='ocr_carea' id='block_1_46' title="bbox 586 2717 2242 2800">
    <p class='ocr_par' dir='ltr' id='par_1_46' title="bbox 586 2717 2242 2800">
     <span class='ocr_line' id='line_1_46' title="bbox 586 2717 2242 2800; baseline 0.004 -27"><span class='ocrx_word' id='word_1_344' title='bbox 586 2729 707 2774; x_wconf 92' lang='lat' dir='ltr'><strong>non</strong></span> <span class='ocrx_word' id='word_1_345' title='bbox 731 2722 956 2777; x_wconf 60' lang='lat' dir='ltr'><strong>natura;</strong></span> <span class='ocrx_word' id='word_1_346' title='bbox 977 2719 1480 2781; x_wconf 87' lang='lat' dir='ltr'><strong>communionem.</strong></span> <span class='ocrx_word' id='word_1_347' title='bbox 1513 2742 1537 2778; x_wconf 72' lang='grc' dir='ltr'><strong>ο</strong></span> <span class='ocrx_word' id='word_1_348' title='bbox 1573 2717 1769 2792; x_wconf 88' lang='lat' dir='ltr'><strong>Quare</strong></span> <span class='ocrx_word' id='word_1_349' title='bbox 1798 2718 2102 2800; x_wconf 60' lang='lat' dir='ltr'><strong>quaeinter</strong></span> <span class='ocrx_word' id='word_1_350' title='bbox 2135 2720 2242 2781; x_wconf 93' lang='lat' dir='ltr'><strong>Pa-</strong></span> 
     </span>
    </p>
   </div>
   <div class='ocr_carea' id='block_1_47' title="bbox 591 2802 2243 2889">
    <p class='ocr_par' dir='ltr' id='par_1_47' title="bbox 591 2802 2243 2889">
     <span class='ocr_line' id='line_1_47' title="bbox 591 2802 2243 2889; baseline 0.007 -29"><span class='ocrx_word' id='word_1_351' title='bbox 591 2806 741 2863; x_wconf 89' lang='lat' dir='ltr'><strong>trem</strong></span> <span class='ocrx_word' id='word_1_352' title='bbox 771 2812 829 2866; x_wconf 89' lang='lat' dir='ltr'><strong>et</strong></span> <span class='ocrx_word' id='word_1_353' title='bbox 857 2802 1143 2887; x_wconf 88' lang='lat' dir='ltr'><strong>Spiritum</strong></span> <span class='ocrx_word' id='word_1_354' title='bbox 1182 2808 1528 2870; x_wconf 90' lang='lat' dir='ltr'><strong>communio</strong></span> <span class='ocrx_word' id='word_1_355' title='bbox 1556 2815 1784 2871; x_wconf 64' lang='lat' dir='ltr'><strong>natura:</strong></span> <span class='ocrx_word' id='word_1_356' title='bbox 1813 2816 1924 2884; x_wconf 91' lang='lat' dir='ltr'><strong>est,</strong></span> <span class='ocrx_word' id='word_1_357' title='bbox 1959 2806 2100 2870; x_wconf 88' lang='lat' dir='ltr'><strong>inde</strong></span> <span class='ocrx_word' id='word_1_358' title='bbox 2127 2815 2243 2889; x_wconf 74' lang='lat' dir='ltr'><strong>est,</strong></span> 
     </span>
    </p>
   </div>
   <div class='ocr_carea' id='block_1_48' title="bbox 584 2894 2243 2981">
    <p class='ocr_par' dir='ltr' id='par_1_48' title="bbox 584 2894 2243 2981">
     <span class='ocr_line' id='line_1_48' title="bbox 584 2894 2243 2981; baseline 0.005 -27"><span class='ocrx_word' id='word_1_359' title='bbox 584 2894 746 2971; x_wconf 91' lang='lat' dir='ltr'><strong>quod</strong></span> <span class='ocrx_word' id='word_1_360' title='bbox 779 2898 910 2981; x_wconf 91' lang='lat' dir='ltr'><strong>ipse</strong></span> <span class='ocrx_word' id='word_1_361' title='bbox 939 2917 1008 2961; x_wconf 82' lang='lat' dir='ltr'><strong>ex</strong></span> <span class='ocrx_word' id='word_1_362' title='bbox 1034 2901 1158 2965; x_wconf 86' lang='lat' dir='ltr'><strong>Deo</strong></span> <span class='ocrx_word' id='word_1_363' title='bbox 1189 2908 1371 2975; x_wconf 89' lang='lat' dir='ltr'><strong>est,et</strong></span> <span class='ocrx_word' id='word_1_364' title='bbox 1402 2903 1599 2965; x_wconf 84' lang='lat' dir='ltr'><strong>Patre.</strong></span> <span class='ocrx_word' id='word_1_365' title='bbox 1634 2900 1722 2965; x_wconf 80' lang='lat' dir='ltr'><strong>Ex</strong></span> <span class='ocrx_word' id='word_1_366' title='bbox 1752 2903 1867 2964; x_wconf 76' lang='lat' dir='ltr'><strong>lioc</strong></span> <span class='ocrx_word' id='word_1_367' title='bbox 1901 2902 2060 2963; x_wconf 89' lang='lat' dir='ltr'><strong>enim</strong></span> <span class='ocrx_word' id='word_1_368' title='bbox 2092 2901 2243 2981; x_wconf 89' lang='lat' dir='ltr'><strong>solo,</strong></span> 
     </span>
    </p>
   </div>
   <div class='ocr_carea' id='block_1_49' title="bbox 2316 1836 3960 1924">
    <p class='ocr_par' dir='ltr' id='par_1_49' title="bbox 2316 1836 3960 1924">
     <span class='ocr_line' id='line_1_49' title="bbox 2316 1836 3960 1924; baseline -0.004 -20"><span class='ocrx_word' id='word_1_369' title='bbox 2316 1836 2448 1915; x_wconf 70' lang='grc' dir='ltr'><strong>τῆρα</strong></span> <span class='ocrx_word' id='word_1_370' title='bbox 2530 1840 2765 1920; x_wconf 83' lang='grc' dir='ltr'>μάρτυρα</span> <span class='ocrx_word' id='word_1_371' title='bbox 2835 1843 3085 1924; x_wconf 22' lang='grc' dir='ltr'>παράγει,</span> <span class='ocrx_word' id='word_1_372' title='bbox 3118 1851 3212 1902; x_wconf 90' lang='grc' dir='ltr'><strong>τοῦ</strong></span> <span class='ocrx_word' id='word_1_373' title='bbox 3266 1843 3509 1924; x_wconf 87' lang='grc' dir='ltr'>λέγεσθαι</span> <span class='ocrx_word' id='word_1_374' title='bbox 3570 1846 3699 1902; x_wconf 74' lang='grc' dir='ltr'>αὐτὸ</span> <span class='ocrx_word' id='word_1_375' title='bbox 3758 1845 3960 1917; x_wconf 84' lang='grc' dir='ltr'>Πνεῦμα</span> 
     </span>
    </p>
   </div>
   <div class='ocr_carea' id='block_1_50' title="bbox 2318 1922 3960 2010">
    <p class='ocr_par' dir='ltr' id='par_1_50' title="bbox 2318 1922 3960 2010">
     <span class='ocr_line' id='line_1_50' title="bbox 2318 1922 3960 2010; baseline 0.012 -28"><span class='ocrx_word' id='word_1_376' title='bbox 2318 1934 2473 1986; x_wconf 88' lang='grc' dir='ltr'>Θεοῦ.</span> <span class='ocrx_word' id='word_1_377' title='bbox 2523 1929 2656 1985; x_wconf 85' lang='grc' dir='ltr'>Εἶτα</span> <span class='ocrx_word' id='word_1_378' title='bbox 2687 1930 2871 2009; x_wconf 76' lang='grc' dir='ltr'>ἐπάγει</span> <span class='ocrx_word' id='word_1_379' title='bbox 2905 1947 2921 1962; x_wconf 83' lang='grc'><strong><em>⁸</em></strong></span> <span class='ocrx_word' id='word_1_380' title='bbox 2975 1952 3005 1992; x_wconf 84' lang='grc'><strong>(</strong></span> <span class='ocrx_word' id='word_1_381' title='bbox 3051 1922 3174 1991; x_wconf 71' lang='grc' dir='ltr'><strong>ιἸνα</strong></span> <span class='ocrx_word' id='word_1_382' title='bbox 3230 1936 3307 2010; x_wconf 82' lang='grc' dir='ltr'><strong>μή</strong></span> <span class='ocrx_word' id='word_1_383' title='bbox 3343 1922 3444 2000; x_wconf 32' lang='grc' dir='ltr'>-τις</span> <span class='ocrx_word' id='word_1_384' title='bbox 3494 1935 3729 1998; x_wconf 61' lang='grc' dir='ltr'>ἄκουσας</span> <span class='ocrx_word' id='word_1_385' title='bbox 3756 1938 3960 2006; x_wconf 73' lang='grc' dir='ltr'>Πνεῦμα</span> 
     </span>
    </p>
   </div>
   <div class='ocr_carea' id='block_1_51' title="bbox 2318 2016 3959 2103">
    <p class='ocr_par' dir='ltr' id='par_1_51' title="bbox 2318 2016 3959 2103">
     <span class='ocr_line' id='line_1_51' title="bbox 2318 2016 3959 2103; baseline 0.003 -32"><span class='ocrx_word' id='word_1_386' title='bbox 2318 2016 2619 2084; x_wconf 82' lang='grc' dir='ltr'>οἰκειότητα</span> <span class='ocrx_word' id='word_1_387' title='bbox 2677 2022 2867 2096; x_wconf 74' lang='grc' dir='ltr'>νομίσῃ</span> <span class='ocrx_word' id='word_1_388' title='bbox 2909 2023 3255 2097; x_wconf 81' lang='grc' dir='ltr'>σημαίνεσθαι</span> <span class='ocrx_word' id='word_1_389' title='bbox 3324 2025 3413 2079; x_wconf 85' lang='grc' dir='ltr'><strong>καὶ</strong></span> <span class='ocrx_word' id='word_1_390' title='bbox 3469 2024 3546 2099; x_wconf 77' lang='grc' dir='ltr'><strong>μὴ</strong></span> <span class='ocrx_word' id='word_1_391' title='bbox 3604 2023 3814 2103; x_wconf 71' lang='grc' dir='ltr'>φύσεως</span> <span class='ocrx_word' id='word_1_392' title='bbox 3842 2042 3959 2077; x_wconf 83' lang='grc' dir='ltr'>κοι-</span> 
     </span>
    </p>
   </div>
   <div class='ocr_carea' id='block_1_52' title="bbox 2319 2103 3959 2189">
    <p class='ocr_par' dir='ltr' id='par_1_52' title="bbox 2319 2103 3959 2189">
     <span class='ocr_line' id='line_1_52' title="bbox 2319 2103 3959 2189; baseline 0.002 -29"><span class='ocrx_word' id='word_1_393' title='bbox 2319 2106 2529 2185; x_wconf 89' lang='grc' dir='ltr'>νωνίαν,</span> <span class='ocrx_word' id='word_1_394' title='bbox 2576 2109 2603 2163; x_wconf 89' lang='grc' dir='ltr'>ὁ</span> <span class='ocrx_word' id='word_1_395' title='bbox 2648 2108 2852 2172; x_wconf 83' lang='grc' dir='ltr'>Παῦλος</span> <span class='ocrx_word' id='word_1_396' title='bbox 2901 2109 3091 2189; x_wconf 84' lang='grc' dir='ltr'>λέγει’</span> <span class='ocrx_word' id='word_1_397' title='bbox 3159 2135 3187 2166; x_wconf 73' lang='grc' dir='ltr'><strong>α</strong></span> <span class='ocrx_word' id='word_1_398' title='bbox 3232 2103 3398 2186; x_wconf 68' lang='grc' dir='ltr'>’Υμῖν</span> <span class='ocrx_word' id='word_1_399' title='bbox 3454 2110 3508 2168; x_wconf 80' lang='grc' dir='ltr'><strong>δὲ</strong></span> <span class='ocrx_word' id='word_1_400' title='bbox 3551 2116 3650 2171; x_wconf 74' lang='grc' dir='ltr'>οὐκ</span> <span class='ocrx_word' id='word_1_401' title='bbox 3708 2109 3862 2177; x_wconf 80' lang='grc' dir='ltr'>ἐδόθη</span> <span class='ocrx_word' id='word_1_402' title='bbox 3902 2110 3959 2163; x_wconf 80' lang='grc' dir='ltr'>τὸ</span> 
     </span>
    </p>
   </div>
   <div class='ocr_carea' id='block_1_53' title="bbox 2317 2195 3962 2279">
    <p class='ocr_par' dir='ltr' id='par_1_53' title="bbox 2317 2195 3962 2279">
     <span class='ocr_line' id='line_1_53' title="bbox 2317 2195 3962 2279; baseline 0.002 -30"><span class='ocrx_word' id='word_1_403' title='bbox 2317 2200 2522 2269; x_wconf 87' lang='grc' dir='ltr'>πνεῦμα</span> <span class='ocrx_word' id='word_1_404' title='bbox 2593 2203 2685 2252; x_wconf 90' lang='grc' dir='ltr'><strong>τοῦ</strong></span> <span class='ocrx_word' id='word_1_405' title='bbox 2736 2198 2960 2279; x_wconf 88' lang='grc' dir='ltr'>κόσμου,</span> <span class='ocrx_word' id='word_1_406' title='bbox 3020 2198 3156 2256; x_wconf 80' lang='grc' dir='ltr'>ἀλλὰ</span> <span class='ocrx_word' id='word_1_407' title='bbox 3235 2202 3298 2257; x_wconf 82' lang='grc' dir='ltr'>τὸ</span> <span class='ocrx_word' id='word_1_408' title='bbox 3356 2206 3566 2276; x_wconf 86' lang='grc' dir='ltr'>Πνεῦμα</span> <span class='ocrx_word' id='word_1_409' title='bbox 3636 2201 3700 2257; x_wconf 81' lang='grc' dir='ltr'>τὸ</span> <span class='ocrx_word' id='word_1_410' title='bbox 3756 2198 3816 2255; x_wconf 86' lang='grc' dir='ltr'><strong>ἐκ</strong></span> <span class='ocrx_word' id='word_1_411' title='bbox 3878 2195 3962 2254; x_wconf 79' lang='grc' dir='ltr'><strong>τοῦ</strong></span> 
     </span>
    </p>
   </div>
   <div class='ocr_carea' id='block_1_54' title="bbox 2312 2280 3962 2367">
    <p class='ocr_par' dir='ltr' id='par_1_54' title="bbox 2312 2280 3962 2367">
     <span class='ocr_line' id='line_1_54' title="bbox 2312 2280 3962 2367; baseline 0.01 -32"><span class='ocrx_word' id='word_1_412' title='bbox 2312 2289 2469 2361; x_wconf 79' lang='grc' dir='ltr'>Θεοῦ,</span> <span class='ocrx_word' id='word_1_413' title='bbox 2522 2306 2548 2337; x_wconf 66' lang='grc' dir='ltr'><strong>ε</strong></span> <span class='ocrx_word' id='word_1_414' title='bbox 2632 2286 2895 2366; x_wconf 84' lang='grc' dir='ltr'>Πρόσεχε,</span> <span class='ocrx_word' id='word_1_415' title='bbox 2983 2287 3301 2367; x_wconf 84' lang='grc' dir='ltr'>παρακαλῶ.</span> <span class='ocrx_word' id='word_1_416' title='bbox 3392 2280 3451 2346; x_wconf 53' lang='grc' dir='ltr'><strong>(Ο</strong></span> <span class='ocrx_word' id='word_1_417' title='bbox 3534 2286 3962 2367; x_wconf 78' lang='grc' dir='ltr'>Χρυσοῤῥήμ-ων,</span> 
     </span>
    </p>
   </div>
   <div class='ocr_carea' id='block_1_55' title="bbox 2314 2370 3961 2457">
    <p class='ocr_par' dir='ltr' id='par_1_55' title="bbox 2314 2370 3961 2457">
     <span class='ocr_line' id='line_1_55' title="bbox 2314 2370 3961 2457; baseline 0.004 -32"><span class='ocrx_word' id='word_1_418' title='bbox 2314 2372 2503 2427; x_wconf 84' lang='grc' dir='ltr'>ταυτὸν</span> <span class='ocrx_word' id='word_1_419' title='bbox 2546 2370 2591 2427; x_wconf 82' lang='grc' dir='ltr'><strong>δ’</strong></span> <span class='ocrx_word' id='word_1_420' title='bbox 2649 2376 2839 2455; x_wconf 75' lang='grc' dir='ltr'>εἰπεῖν,</span> <span class='ocrx_word' id='word_1_421' title='bbox 2886 2378 2920 2445; x_wconf 81' lang='grc' dir='ltr'><strong>ἡ</strong></span> <span class='ocrx_word' id='word_1_422' title='bbox 2961 2376 3295 2457; x_wconf 72' lang='grc' dir='ltr'>χρυσήλατος</span> <span class='ocrx_word' id='word_1_423' title='bbox 3368 2375 3593 2457; x_wconf 79' lang='grc' dir='ltr'>σάλπιγξ</span> <span class='ocrx_word' id='word_1_424' title='bbox 3647 2384 3742 2434; x_wconf 87' lang='grc' dir='ltr'><strong>τοῦ</strong></span> <span class='ocrx_word' id='word_1_425' title='bbox 3798 2375 3961 2432; x_wconf 81' lang='grc' dir='ltr'>Πνεύ-</span> 
     </span>
    </p>
   </div>
   <div class='ocr_carea' id='block_1_56' title="bbox 2316 2459 3961 2543">
    <p class='ocr_par' dir='ltr' id='par_1_56' title="bbox 2316 2459 3961 2543">
     <span class='ocr_line' id='line_1_56' title="bbox 2316 2459 3961 2543; baseline 0.001 -27"><span class='ocrx_word' id='word_1_426' title='bbox 2316 2481 2507 2535; x_wconf 85' lang='grc' dir='ltr'>ματος,</span> <span class='ocrx_word' id='word_1_427' title='bbox 2552 2459 2721 2543; x_wconf 75' lang='grc' dir='ltr'>λέγει,</span> <span class='ocrx_word' id='word_1_428' title='bbox 2762 2487 2789 2518; x_wconf 72' lang='grc' dir='ltr'>ι</span> <span class='ocrx_word' id='word_1_429' title='bbox 2839 2466 2937 2521; x_wconf 83' lang='grc' dir='ltr'>Διὰ</span> <span class='ocrx_word' id='word_1_430' title='bbox 2965 2472 3120 2522; x_wconf 88' lang='grc' dir='ltr'>τοῦτο</span> <span class='ocrx_word' id='word_1_431' title='bbox 3171 2468 3199 2523; x_wconf 89' lang='grc' dir='ltr'>ὀ</span> <span class='ocrx_word' id='word_1_432' title='bbox 3229 2466 3436 2531; x_wconf 82' lang='grc' dir='ltr'>Παῦλος</span> <span class='ocrx_word' id='word_1_433' title='bbox 3467 2466 3528 2523; x_wconf 88' lang='grc' dir='ltr'><strong>ἐκ</strong></span> <span class='ocrx_word' id='word_1_434' title='bbox 3554 2475 3650 2524; x_wconf 92' lang='grc' dir='ltr'><strong>τοῦ</strong></span> <span class='ocrx_word' id='word_1_435' title='bbox 3692 2467 3825 2523; x_wconf 83' lang='grc' dir='ltr'>Θεοῦ</span> <span class='ocrx_word' id='word_1_436' title='bbox 3843 2464 3961 2520; x_wconf 83' lang='grc' dir='ltr'>εἶπε</span> 
     </span>
    </p>
   </div>
   <div class='ocr_carea' id='block_1_57' title="bbox 2316 2549 3961 2633">
    <p class='ocr_par' dir='ltr' id='par_1_57' title="bbox 2316 2549 3961 2633">
     <span class='ocr_line' id='line_1_57' title="bbox 2316 2549 3961 2633; baseline 0.001 -29"><span class='ocrx_word' id='word_1_437' title='bbox 2316 2549 2377 2604; x_wconf 77' lang='grc' dir='ltr'>τὸ</span> <span class='ocrx_word' id='word_1_438' title='bbox 2422 2555 2655 2631; x_wconf 79' lang='grc' dir='ltr'>Πνεῦμα,</span> <span class='ocrx_word' id='word_1_439' title='bbox 2700 2551 2792 2608; x_wconf 77' lang='grc' dir='ltr'>’ίνα</span> <span class='ocrx_word' id='word_1_440' title='bbox 2822 2554 2899 2627; x_wconf 85' lang='grc' dir='ltr'><strong>μή</strong></span> <span class='ocrx_word' id='word_1_441' title='bbox 2951 2576 3032 2617; x_wconf 90' lang='grc' dir='ltr'><strong>τις</strong></span> <span class='ocrx_word' id='word_1_442' title='bbox 3076 2554 3303 2617; x_wconf 79' lang='grc' dir='ltr'>ἀκούσας</span> <span class='ocrx_word' id='word_1_443' title='bbox 3353 2563 3445 2613; x_wconf 90' lang='grc' dir='ltr'><strong>τοῦ</strong></span> <span class='ocrx_word' id='word_1_444' title='bbox 3498 2561 3756 2633; x_wconf 76' lang='grc' dir='ltr'>Σωτῆρος</span> <span class='ocrx_word' id='word_1_445' title='bbox 3787 2550 3961 2610; x_wconf 72' lang='grc' dir='ltr'>εἶπόν-</span> 
     </span>
    </p>
   </div>
   <div class='ocr_carea' id='block_1_58' title="bbox 2318 2638 3959 2718">
    <p class='ocr_par' dir='ltr' id='par_1_58' title="bbox 2318 2638 3959 2718">
     <span class='ocr_line' id='line_1_58' title="bbox 2318 2638 3959 2718; baseline 0.002 -27"><span class='ocrx_word' id='word_1_446' title='bbox 2318 2657 2410 2700; x_wconf 84' lang='grc' dir='ltr'><strong>τος</strong></span> <span class='ocrx_word' id='word_1_447' title='bbox 2466 2638 2592 2693; x_wconf 71' lang='grc' dir='ltr'>αὖτὸ</span> <span class='ocrx_word' id='word_1_448' title='bbox 2650 2638 2703 2694; x_wconf 92' lang='grc' dir='ltr'><strong>ἐν</strong></span> <span class='ocrx_word' id='word_1_449' title='bbox 2762 2639 3099 2718; x_wconf 78' lang='grc' dir='ltr'>Εὖαγγελίοις</span> <span class='ocrx_word' id='word_1_450' title='bbox 3154 2642 3367 2717; x_wconf 84' lang='grc' dir='ltr'>Πνεῦμα</span> <span class='ocrx_word' id='word_1_451' title='bbox 3432 2649 3585 2716; x_wconf 83' lang='grc' dir='ltr'>Θεοῦ,</span> <span class='ocrx_word' id='word_1_452' title='bbox 3631 2644 3829 2718; x_wconf 76' lang='grc' dir='ltr'>νομίσῃ</span> <span class='ocrx_word' id='word_1_453' title='bbox 3883 2641 3959 2694; x_wconf 83' lang='grc' dir='ltr'><strong>οἱ-</strong></span> 
     </span>
    </p>
   </div>
   <div class='ocr_carea' id='block_1_59' title="bbox 2322 2724 3957 2809">
    <p class='ocr_par' dir='ltr' id='par_1_59' title="bbox 2322 2724 3957 2809">
     <span class='ocr_line' id='line_1_59' title="bbox 2322 2724 3957 2809; baseline 0.009 -31"><span class='ocrx_word' id='word_1_454' title='bbox 2322 2724 2576 2809; x_wconf 76' lang='grc' dir='ltr'>κειότητα</span> <span class='ocrx_word' id='word_1_455' title='bbox 2626 2730 2970 2801; x_wconf 81' lang='grc' dir='ltr'>σημαίνεσθαι</span> <span class='ocrx_word' id='word_1_456' title='bbox 3017 2732 3105 2787; x_wconf 86' lang='grc' dir='ltr'><strong>καὶ</strong></span> <span class='ocrx_word' id='word_1_457' title='bbox 3165 2731 3243 2798; x_wconf 51' lang='lat' dir='ltr'><strong>vi};</strong></span> <span class='ocrx_word' id='word_1_458' title='bbox 3294 2732 3497 2809; x_wconf 80' lang='grc' dir='ltr'>φύσεως</span> <span class='ocrx_word' id='word_1_459' title='bbox 3570 2730 3870 2791; x_wconf 84' lang='grc' dir='ltr'>κοινωνίαν.</span> <span class='ocrx_word' id='word_1_460' title='bbox 3931 2749 3957 2780; x_wconf 75' lang='grc'>³</span> 
     </span>
    </p>
   </div>
   <div class='ocr_carea' id='block_1_60' title="bbox 2329 2804 3962 2897">
    <p class='ocr_par' dir='ltr' id='par_1_60' title="bbox 2329 2804 3962 2897">
     <span class='ocr_line' id='line_1_60' title="bbox 2329 2804 3962 2897; baseline 0.005 -27"><span class='ocrx_word' id='word_1_461' title='bbox 2329 2804 2507 2871; x_wconf 64' lang='grc' dir='ltr'>’Ὥστε</span> <span class='ocrx_word' id='word_1_462' title='bbox 2538 2818 2573 2885; x_wconf 78' lang='grc' dir='ltr'>ἡ</span> <span class='ocrx_word' id='word_1_463' title='bbox 2605 2817 2764 2893; x_wconf 83' lang='grc' dir='ltr'>μέσον</span> <span class='ocrx_word' id='word_1_464' title='bbox 2824 2820 3028 2897; x_wconf 84' lang='grc' dir='ltr'>Πατρὸς</span> <span class='ocrx_word' id='word_1_465' title='bbox 3080 2821 3168 2876; x_wconf 82' lang='grc' dir='ltr'><strong>καὶ</strong></span> <span class='ocrx_word' id='word_1_466' title='bbox 3236 2804 3537 2896; x_wconf 69' lang='grc' dir='ltr'>Πνέύματος</span> <span class='ocrx_word' id='word_1_467' title='bbox 3581 2821 3832 2877; x_wconf 78' lang='grc' dir='ltr'>κοινωνία</span> <span class='ocrx_word' id='word_1_468' title='bbox 3870 2820 3962 2882; x_wconf 62' lang='grc' dir='ltr'>τῆς</span> 
     </span>
    </p>
   </div>
   <div class='ocr_carea' id='block_1_61' title="bbox 2331 2903 3962 2983">
    <p class='ocr_par' dir='ltr' id='par_1_61' title="bbox 2331 2903 3962 2983">
     <span class='ocr_line' id='line_1_61' title="bbox 2331 2903 3962 2983; baseline 0.001 -24"><span class='ocrx_word' id='word_1_469' title='bbox 2331 2903 2534 2983; x_wconf 76' lang='grc' dir='ltr'>φύσεως</span> <span class='ocrx_word' id='word_1_470' title='bbox 2606 2904 2836 2963; x_wconf 87' lang='grc' dir='ltr'>ἐντεῦθεν</span> <span class='ocrx_word' id='word_1_471' title='bbox 2920 2907 3062 2964; x_wconf 85' lang='grc' dir='ltr'>ἐστιν</span> <span class='ocrx_word' id='word_1_472' title='bbox 3129 2907 3190 2965; x_wconf 88' lang='grc' dir='ltr'><strong>ἐκ</strong></span> <span class='ocrx_word' id='word_1_473' title='bbox 3238 2916 3331 2967; x_wconf 90' lang='grc' dir='ltr'><strong>τοῦ</strong></span> <span class='ocrx_word' id='word_1_474' title='bbox 3390 2908 3528 2965; x_wconf 73' lang='grc' dir='ltr'>εἶναι</span> <span class='ocrx_word' id='word_1_475' title='bbox 3578 2910 3708 2966; x_wconf 70' lang='grc' dir='ltr'>αὐτὸ</span> <span class='ocrx_word' id='word_1_476' title='bbox 3765 2907 3825 2963; x_wconf 82' lang='grc' dir='ltr'><strong>ἐκ</strong></span> <span class='ocrx_word' id='word_1_477' title='bbox 3875 2909 3962 2961; x_wconf 82' lang='grc' dir='ltr'><strong>τοῦ</strong></span> 
     </span>
    </p>
   </div>
   <div class='ocr_carea' id='block_1_62' title="bbox 587 2983 2235 3083">
    <p class='ocr_par' dir='ltr' id='par_1_62' title="bbox 587 2983 2235 3083">
     <span class='ocr_line' id='line_1_62' title="bbox 587 2983 2235 3083; baseline 0.003 -37"><span class='ocrx_word' id='word_1_478' title='bbox 587 2983 745 3083; x_wconf 59' lang='lat' dir='ltr'><strong>quod</strong></span> <span class='ocrx_word' id='word_1_479' title='bbox 778 2986 878 3051; x_wconf 86' lang='lat' dir='ltr'><strong>ille</strong></span> <span class='ocrx_word' id='word_1_480' title='bbox 899 2987 1377 3083; x_wconf 81' lang='lat' dir='ltr'><strong>diciturSpiritus</strong></span> <span class='ocrx_word' id='word_1_481' title='bbox 1404 2990 1693 3083; x_wconf 85' lang='lat' dir='ltr'><strong>Dei,forte</strong></span> <span class='ocrx_word' id='word_1_482' title='bbox 1717 2991 1895 3083; x_wconf 81' lang='lat' dir='ltr'><strong>etiam</strong></span> <span class='ocrx_word' id='word_1_483' title='bbox 1928 2990 2235 3054; x_wconf 82' lang='lat' dir='ltr'><strong>existima-</strong></span> 
     </span>
    </p>
   </div>
   <div class='ocr_carea' id='block_1_63' title="bbox 2318 2983 3960 3083">
    <p class='ocr_par' dir='ltr' id='par_1_63' title="bbox 2321 2994 3960 3077">
     <span class='ocr_line' id='line_1_63' title="bbox 2321 2994 3960 3077; baseline -0.001 -28"><span class='ocrx_word' id='word_1_484' title='bbox 2321 3000 2453 3049; x_wconf 91' lang='grc' dir='ltr'>Θεοῦ</span> <span class='ocrx_word' id='word_1_485' title='bbox 2496 2994 2583 3050; x_wconf 82' lang='grc' dir='ltr'><strong>καὶ</strong></span> <span class='ocrx_word' id='word_1_486' title='bbox 2642 2996 2862 3074; x_wconf 84' lang='grc' dir='ltr'>Πατρός.</span> <span class='ocrx_word' id='word_1_487' title='bbox 2927 2995 3022 3053; x_wconf 84' lang='grc' dir='ltr'>Ἐκ</span> <span class='ocrx_word' id='word_1_488' title='bbox 3075 2997 3176 3077; x_wconf 83' lang='grc' dir='ltr'><strong>γὰρ</strong></span> <span class='ocrx_word' id='word_1_489' title='bbox 3235 2999 3397 3074; x_wconf 86' lang='grc' dir='ltr'>μόνου</span> <span class='ocrx_word' id='word_1_490' title='bbox 3437 3007 3530 3056; x_wconf 87' lang='grc' dir='ltr'><strong>τοῦ</strong></span> <span class='ocrx_word' id='word_1_491' title='bbox 3569 2996 3816 3077; x_wconf 83' lang='grc' dir='ltr'>λέγεσθαι</span> <span class='ocrx_word' id='word_1_492' title='bbox 3845 2994 3960 3051; x_wconf 72' lang='grc' dir='ltr'>αὐτὸ</span> 
     </span>
    </p>
   </div>
   <div class='ocr_carea' id='block_1_64' title="bbox 584 3068 2235 3164">
    <p class='ocr_par' dir='ltr' id='par_1_64' title="bbox 584 3068 2235 3164">
     <span class='ocr_line' id='line_1_64' title="bbox 584 3068 2235 3164; baseline 0.006 -31"><span class='ocrx_word' id='word_1_493' title='bbox 584 3068 766 3164; x_wconf 80' lang='lat' dir='ltr'><strong>bitur,</strong></span> <span class='ocrx_word' id='word_1_494' title='bbox 824 3068 1241 3160; x_wconf 80' lang='lat' dir='ltr'><strong>proprietatem</strong></span> <span class='ocrx_word' id='word_1_495' title='bbox 1291 3079 1459 3142; x_wconf 91' lang='lat' dir='ltr'><strong>innui</strong></span> <span class='ocrx_word' id='word_1_496' title='bbox 1490 3099 1524 3143; x_wconf 90' lang='lat' dir='ltr'><strong>a</strong></span> <span class='ocrx_word' id='word_1_497' title='bbox 1552 3079 1969 3143; x_wconf 90' lang='lat' dir='ltr'><strong>communione</strong></span> <span class='ocrx_word' id='word_1_498' title='bbox 2014 3088 2235 3143; x_wconf 71' lang='lat' dir='ltr'><strong>naturae</strong></span> 
     </span>
    </p>
   </div>
   <div class='ocr_carea' id='block_1_65' title="bbox 2318 3068 3958 3164">
    <p class='ocr_par' dir='ltr' id='par_1_65' title="bbox 2322 3068 3958 3164">
     <span class='ocr_line' id='line_1_65' title="bbox 2322 3068 3958 3164; baseline 0.004 -27"><span class='ocrx_word' id='word_1_499' title='bbox 2322 3088 2530 3157; x_wconf 85' lang='grc' dir='ltr'>Πνεῦμα</span> <span class='ocrx_word' id='word_1_500' title='bbox 2602 3090 2731 3140; x_wconf 86' lang='grc' dir='ltr'>Θεοῦ</span> <span class='ocrx_word' id='word_1_501' title='bbox 2756 3068 2893 3164; x_wconf 51' lang='grc' dir='ltr'>’τάχ’</span> <span class='ocrx_word' id='word_1_502' title='bbox 2964 3084 3026 3144; x_wconf 75' lang='grc' dir='ltr'><strong>ἄν</strong></span> <span class='ocrx_word' id='word_1_503' title='bbox 3232 3068 3319 3143; x_wconf 78' lang='grc' dir='ltr'><strong>καὶ</strong></span> <span class='ocrx_word' id='word_1_504' title='bbox 3377 3068 3659 3162; x_wconf 43' lang='grc' dir='ltr'>νομισθείη.</span> <span class='ocrx_word' id='word_1_505' title='bbox 3709 3084 3958 3148; x_wconf 81' lang='grc' dir='ltr'>οίκειότης</span> 
     </span>
    </p>
   </div>
   <div class='ocr_carea' id='block_1_66' title="bbox 582 3161 2239 3251">
    <p class='ocr_par' dir='ltr' id='par_1_66' title="bbox 582 3161 2239 3251">
     <span class='ocr_line' id='line_1_66' title="bbox 582 3161 2239 3251; baseline 0.005 -29"><span class='ocrx_word' id='word_1_506' title='bbox 582 3161 966 3240; x_wconf 79' lang='lat' dir='ltr'><strong>diversam,et</strong></span> <span class='ocrx_word' id='word_1_507' title='bbox 987 3169 1348 3249; x_wconf 89' lang='lat' dir='ltr'><strong>procedente</strong></span> <span class='ocrx_word' id='word_1_508' title='bbox 1377 3168 1650 3233; x_wconf 86' lang='lat' dir='ltr'><strong>oratione</strong></span> <span class='ocrx_word' id='word_1_509' title='bbox 1665 3170 2123 3251; x_wconf 81' lang='lat' dir='ltr'><strong>Chrysostomus</strong></span> <span class='ocrx_word' id='word_1_510' title='bbox 2142 3187 2239 3231; x_wconf 92' lang='lat' dir='ltr'><strong>re-</strong></span> 
     </span>
    </p>
   </div>
   <div class='ocr_carea' id='block_1_67' title="bbox 586 3252 2235 3339">
    <p class='ocr_par' dir='ltr' id='par_1_67' title="bbox 586 3252 2235 3339">
     <span class='ocr_line' id='line_1_67' title="bbox 586 3252 2235 3339; baseline 0.003 -26"><span class='ocrx_word' id='word_1_511' title='bbox 586 3252 734 3331; x_wconf 89' lang='lat' dir='ltr'><strong>petit</strong></span> <span class='ocrx_word' id='word_1_512' title='bbox 760 3275 775 3314; x_wconf 87' lang='lat'><strong>:</strong></span> <span class='ocrx_word' id='word_1_513' title='bbox 807 3256 939 3320; x_wconf 70' lang='lat' dir='ltr'><strong>«Sic</strong></span> <span class='ocrx_word' id='word_1_514' title='bbox 959 3275 1167 3320; x_wconf 88' lang='lat' dir='ltr'><strong>rursus</strong></span> <span class='ocrx_word' id='word_1_515' title='bbox 1186 3258 1406 3320; x_wconf 89' lang='lat' dir='ltr'><strong>dicitur</strong></span> <span class='ocrx_word' id='word_1_516' title='bbox 1423 3258 1683 3339; x_wconf 92' lang='lat' dir='ltr'><strong>Spiritus</strong></span> <span class='ocrx_word' id='word_1_517' title='bbox 1712 3257 1920 3333; x_wconf 89' lang='lat' dir='ltr'><strong>Patris,</strong></span> <span class='ocrx_word' id='word_1_518' title='bbox 1948 3265 2007 3318; x_wconf 79' lang='lat' dir='ltr'><strong>et</strong></span> <span class='ocrx_word' id='word_1_519' title='bbox 2036 3275 2111 3318; x_wconf 93' lang='lat' dir='ltr'><strong>ne</strong></span> <span class='ocrx_word' id='word_1_520' title='bbox 2128 3276 2235 3319; x_wconf 82' lang='lat' dir='ltr'><strong>ex-</strong></span> 
     </span>
    </p>
   </div>
   <div class='ocr_carea' id='block_1_68' title="bbox 581 3340 2238 3429">
    <p class='ocr_par' dir='ltr' id='par_1_68' title="bbox 581 3340 2238 3429">
     <span class='ocr_line' id='line_1_68' title="bbox 581 3340 2238 3429; baseline 0.004 -28"><span class='ocrx_word' id='word_1_521' title='bbox 581 3340 817 3407; x_wconf 88' lang='lat' dir='ltr'><strong>istimes</strong></span> <span class='ocrx_word' id='word_1_522' title='bbox 845 3345 904 3408; x_wconf 89' lang='lat' dir='ltr'><strong>id</strong></span> <span class='ocrx_word' id='word_1_523' title='bbox 929 3349 1256 3411; x_wconf 89' lang='lat' dir='ltr'><strong>secundum</strong></span> <span class='ocrx_word' id='word_1_524' title='bbox 1307 3349 1733 3429; x_wconf 80' lang='lat' dir='ltr'><strong>praprietatem</strong></span> <span class='ocrx_word' id='word_1_525' title='bbox 1791 3346 1933 3421; x_wconf 88' lang='lat' dir='ltr'><strong>dici,</strong></span> <span class='ocrx_word' id='word_1_526' title='bbox 1968 3345 2238 3410; x_wconf 83' lang='lat' dir='ltr'><strong>Salvator</strong></span> 
     </span>
    </p>
   </div>
   <div class='ocr_carea' id='block_1_69' title="bbox 585 3431 2239 3517">
    <p class='ocr_par' dir='ltr' id='par_1_69' title="bbox 585 3431 2239 3517">
     <span class='ocr_line' id='line_1_69' title="bbox 585 3431 2239 3517; baseline 0.003 -27"><span class='ocrx_word' id='word_1_527' title='bbox 585 3431 915 3496; x_wconf 79' lang='lat' dir='ltr'><strong>confirmat.</strong></span> <span class='ocrx_word' id='word_1_528' title='bbox 953 3435 1100 3498; x_wconf 89' lang='lat' dir='ltr'><strong>Cum</strong></span> <span class='ocrx_word' id='word_1_529' title='bbox 1121 3439 1356 3499; x_wconf 83' lang='lat' dir='ltr'><strong>venerit</strong></span> <span class='ocrx_word' id='word_1_530' title='bbox 1378 3434 2008 3517; x_wconf 86' lang='lat' dir='ltr'><strong>Paracletus,Spiritus</strong></span> <span class='ocrx_word' id='word_1_531' title='bbox 2029 3435 2239 3497; x_wconf 89' lang='lat' dir='ltr'><strong>verita-</strong></span> 
     </span>
    </p>
   </div>
   <div class='ocr_carea' id='block_1_70' title="bbox 584 3516 2234 3606">
    <p class='ocr_par' dir='ltr' id='par_1_70' title="bbox 584 3516 2234 3606">
     <span class='ocr_line' id='line_1_70' title="bbox 584 3516 2234 3606; baseline 0.005 -28"><span class='ocrx_word' id='word_1_532' title='bbox 584 3516 790 3601; x_wconf 91' lang='lat' dir='ltr'><strong>tis,qui</strong></span> <span class='ocrx_word' id='word_1_533' title='bbox 818 3541 890 3584; x_wconf 87' lang='lat' dir='ltr'><strong>ex</strong></span> <span class='ocrx_word' id='word_1_534' title='bbox 925 3525 1099 3587; x_wconf 88' lang='lat' dir='ltr'><strong>Patre</strong></span> <span class='ocrx_word' id='word_1_535' title='bbox 1149 3524 1558 3605; x_wconf 75' lang='lat' dir='ltr'><strong>procedit.-Si</strong></span> <span class='ocrx_word' id='word_1_536' title='bbox 1589 3516 1891 3606; x_wconf 20' lang='lat' dir='ltr'><strong>itaque’ex</strong></span> <span class='ocrx_word' id='word_1_537' title='bbox 1924 3524 2045 3586; x_wconf 91' lang='lat' dir='ltr'><strong>Deo</strong></span> <span class='ocrx_word' id='word_1_538' title='bbox 2079 3542 2234 3597; x_wconf 91' lang='lat' dir='ltr'><strong>esse,</strong></span> 
     </span>
    </p>
   </div>
   <div class='ocr_carea' id='block_1_71' title="bbox 587 3611 2241 3695">
    <p class='ocr_par' dir='ltr' id='par_1_71' title="bbox 587 3611 2241 3695">
     <span class='ocr_line' id='line_1_71' title="bbox 587 3611 2241 3695; baseline 0.004 -27"><span class='ocrx_word' id='word_1_539' title='bbox 587 3615 645 3669; x_wconf 90' lang='lat' dir='ltr'><strong>et</strong></span> <span class='ocrx_word' id='word_1_540' title='bbox 672 3627 744 3671; x_wconf 80' lang='lat' dir='ltr'><strong>ex</strong></span> <span class='ocrx_word' id='word_1_541' title='bbox 777 3614 947 3674; x_wconf 87' lang='lat' dir='ltr'><strong>Patre</strong></span> <span class='ocrx_word' id='word_1_542' title='bbox 978 3611 1269 3695; x_wconf 91' lang='lat' dir='ltr'><strong>Spiritum</strong></span> <span class='ocrx_word' id='word_1_543' title='bbox 1300 3623 1571 3677; x_wconf 88' lang='lat' dir='ltr'><strong>sanctum</strong></span> <span class='ocrx_word' id='word_1_544' title='bbox 1595 3611 1943 3695; x_wconf 88' lang='lat' dir='ltr'><strong>procedere,</strong></span> <span class='ocrx_word' id='word_1_545' title='bbox 1980 3629 2241 3678; x_wconf 86' lang='lat' dir='ltr'><strong>commu-</strong></span> 
     </span>
    </p>
   </div>
   <div class='ocr_carea' id='block_1_72' title="bbox 582 3696 2234 3776">
    <p class='ocr_par' dir='ltr' id='par_1_72' title="bbox 582 3696 2234 3776">
     <span class='ocr_line' id='line_1_72' title="bbox 582 3696 2234 3776; baseline 0.002 -18"><span class='ocrx_word' id='word_1_546' title='bbox 582 3696 827 3761; x_wconf 90' lang='lat' dir='ltr'><strong>nionem</strong></span> <span class='ocrx_word' id='word_1_547' title='bbox 889 3710 1116 3765; x_wconf 83' lang='lat' dir='ltr'><strong>naturae</strong></span> <span class='ocrx_word' id='word_1_548' title='bbox 1167 3722 1302 3766; x_wconf 92' lang='lat' dir='ltr'><strong>cum</strong></span> <span class='ocrx_word' id='word_1_549' title='bbox 1360 3703 1529 3765; x_wconf 90' lang='lat' dir='ltr'><strong>Patre</strong></span> <span class='ocrx_word' id='word_1_550' title='bbox 1584 3702 1895 3765; x_wconf 84' lang='lat' dir='ltr'><strong>manifesto</strong></span> <span class='ocrx_word' id='word_1_551' title='bbox 1948 3701 2234 3776; x_wconf 89' lang='lat' dir='ltr'><strong>indicant,</strong></span> 
     </span>
    </p>
   </div>
   <div class='ocr_carea' id='block_1_73' title="bbox 588 3788 2242 3872">
    <p class='ocr_par' dir='ltr' id='par_1_73' title="bbox 588 3788 2242 3872">
     <span class='ocr_line' id='line_1_73' title="bbox 588 3788 2242 3872; baseline 0.002 -25"><span class='ocrx_word' id='word_1_552' title='bbox 588 3803 749 3850; x_wconf 83' lang='lat' dir='ltr'><strong>neex</strong></span> <span class='ocrx_word' id='word_1_553' title='bbox 773 3788 932 3871; x_wconf 83' lang='lat' dir='ltr'><strong>quod</strong></span> <span class='ocrx_word' id='word_1_554' title='bbox 973 3791 1333 3872; x_wconf 91' lang='lat' dir='ltr'><strong>simpliciter</strong></span> <span class='ocrx_word' id='word_1_555' title='bbox 1375 3792 1608 3855; x_wconf 89' lang='lat' dir='ltr'><strong>dicatur</strong></span> <span class='ocrx_word' id='word_1_556' title='bbox 1629 3791 1731 3855; x_wconf 91' lang='lat' dir='ltr'><strong>ille</strong></span> <span class='ocrx_word' id='word_1_557' title='bbox 1750 3791 2012 3871; x_wconf 89' lang='lat' dir='ltr'><strong>Spiritus</strong></span> <span class='ocrx_word' id='word_1_558' title='bbox 2043 3789 2151 3854; x_wconf 89' lang='lat' dir='ltr'><strong>Dei</strong></span> <span class='ocrx_word' id='word_1_559' title='bbox 2183 3799 2242 3853; x_wconf 91' lang='lat' dir='ltr'><strong>et</strong></span> 
     </span>
    </p>
   </div>
   <div class='ocr_carea' id='block_1_74' title="bbox 590 3878 2238 3964">
    <p class='ocr_par' dir='ltr' id='par_1_74' title="bbox 590 3878 2238 3964">
     <span class='ocr_line' id='line_1_74' title="bbox 590 3878 2238 3964; baseline 0.001 -24"><span class='ocrx_word' id='word_1_560' title='bbox 590 3878 849 3958; x_wconf 88' lang='lat' dir='ltr'><strong>Spiritus</strong></span> <span class='ocrx_word' id='word_1_561' title='bbox 882 3882 1069 3945; x_wconf 88' lang='lat' dir='ltr'><strong>Patris</strong></span> <span class='ocrx_word' id='word_1_562' title='bbox 1098 3882 1219 3945; x_wconf 87' lang='lat' dir='ltr'><strong>alia</strong></span> <span class='ocrx_word' id='word_1_563' title='bbox 1268 3883 1598 3964; x_wconf 88' lang='lat' dir='ltr'><strong>proprietas</strong></span> <span class='ocrx_word' id='word_1_564' title='bbox 1625 3880 1699 3943; x_wconf 93' lang='lat' dir='ltr'><strong>ab</strong></span> <span class='ocrx_word' id='word_1_565' title='bbox 1729 3898 1820 3961; x_wconf 90' lang='lat' dir='ltr'><strong>ea,</strong></span> <span class='ocrx_word' id='word_1_566' title='bbox 1854 3899 1986 3963; x_wconf 64' lang='lat' dir='ltr'><strong>qua;</strong></span> <span class='ocrx_word' id='word_1_567' title='bbox 2015 3887 2105 3942; x_wconf 90' lang='lat' dir='ltr'><strong>est</strong></span> <span class='ocrx_word' id='word_1_568' title='bbox 2129 3898 2238 3941; x_wconf 90' lang='lat' dir='ltr'><strong>na-</strong></span> 
     </span>
    </p>
   </div>
   <div class='ocr_carea' id='block_1_75' title="bbox 588 3968 2241 4052">
    <p class='ocr_par' dir='ltr' id='par_1_75' title="bbox 588 3968 2241 4052">
     <span class='ocr_line' id='line_1_75' title="bbox 588 3968 2241 4052; baseline 0 -23"><span class='ocrx_word' id='word_1_569' title='bbox 588 3979 738 4031; x_wconf 71' lang='lat' dir='ltr'><strong>turae</strong></span> <span class='ocrx_word' id='word_1_570' title='bbox 761 3971 1108 4032; x_wconf 90' lang='lat' dir='ltr'><strong>communio</strong></span> <span class='ocrx_word' id='word_1_571' title='bbox 1139 3971 1577 4052; x_wconf 86' lang='lat' dir='ltr'><strong>introducatur,</strong></span> <span class='ocrx_word' id='word_1_572' title='bbox 1602 3989 1717 4052; x_wconf 90' lang='lat' dir='ltr'><strong>qua</strong></span> <span class='ocrx_word' id='word_1_573' title='bbox 1748 3971 1981 4033; x_wconf 90' lang='lat' dir='ltr'><strong>ratione</strong></span> <span class='ocrx_word' id='word_1_574' title='bbox 2015 3968 2120 4050; x_wconf 91' lang='lat' dir='ltr'><strong>qui</strong></span> <span class='ocrx_word' id='word_1_575' title='bbox 2143 3988 2241 4030; x_wconf 91' lang='lat' dir='ltr'><strong>as-</strong></span> 
     </span>
    </p>
   </div>
   <div class='ocr_carea' id='block_1_76' title="bbox 593 4058 2241 4142">
    <p class='ocr_par' dir='ltr' id='par_1_76' title="bbox 593 4058 2241 4142">
     <span class='ocr_line' id='line_1_76' title="bbox 593 4058 2241 4142; baseline -0.001 -22"><span class='ocrx_word' id='word_1_576' title='bbox 593 4068 800 4120; x_wconf 89' lang='lat' dir='ltr'><strong>serunt</strong></span> <span class='ocrx_word' id='word_1_577' title='bbox 846 4059 1014 4123; x_wconf 90' lang='lat' dir='ltr'><strong>illum</strong></span> <span class='ocrx_word' id='word_1_578' title='bbox 1071 4059 1358 4142; x_wconf 89' lang='lat' dir='ltr'><strong>Spiritum</strong></span> <span class='ocrx_word' id='word_1_579' title='bbox 1407 4060 1545 4124; x_wconf 88' lang='lat' dir='ltr'><strong>Filii</strong></span> <span class='ocrx_word' id='word_1_580' title='bbox 1595 4070 1652 4122; x_wconf 92' lang='lat' dir='ltr'><strong>et</strong></span> <span class='ocrx_word' id='word_1_581' title='bbox 1683 4059 1929 4123; x_wconf 92' lang='lat' dir='ltr'><strong>Siritum</strong></span> <span class='ocrx_word' id='word_1_582' title='bbox 1976 4058 2241 4122; x_wconf 87' lang='lat' dir='ltr'><strong>veritatis</strong></span> 
     </span>
    </p>
   </div>
   <div class='ocr_carea' id='block_1_77' title="bbox 589 4148 2241 4231">
    <p class='ocr_par' dir='ltr' id='par_1_77' title="bbox 589 4148 2241 4231">
     <span class='ocr_line' id='line_1_77' title="bbox 589 4148 2241 4231; baseline 0.001 -22"><span class='ocrx_word' id='word_1_583' title='bbox 589 4148 921 4211; x_wconf 89' lang='lat' dir='ltr'><strong>secundum</strong></span> <span class='ocrx_word' id='word_1_584' title='bbox 951 4149 1128 4213; x_wconf 91' lang='lat' dir='ltr'><strong>aliam</strong></span> <span class='ocrx_word' id='word_1_585' title='bbox 1158 4149 1514 4231; x_wconf 87' lang='lat' dir='ltr'><strong>simpliciter</strong></span> <span class='ocrx_word' id='word_1_586' title='bbox 1552 4150 2002 4231; x_wconf 82' lang='lat' dir='ltr'><strong>praprietatem,</strong></span> <span class='ocrx_word' id='word_1_587' title='bbox 2023 4157 2241 4229; x_wconf 80' lang='lat' dir='ltr'><strong>praeter</strong></span> 
     </span>
    </p>
   </div>
   <div class='ocr_carea' id='block_1_78' title="bbox 590 4239 2239 4322">
    <p class='ocr_par' dir='ltr' id='par_1_78' title="bbox 590 4239 2239 4322">
     <span class='ocr_line' id='line_1_78' title="bbox 590 4239 2239 4322; baseline 0.001 -24"><span class='ocrx_word' id='word_1_588' title='bbox 590 4254 746 4312; x_wconf 86' lang='lat' dir='ltr'><strong>eam,</strong></span> <span class='ocrx_word' id='word_1_589' title='bbox 779 4259 910 4322; x_wconf 73' lang='lat' dir='ltr'><strong>quaa</strong></span> <span class='ocrx_word' id='word_1_590' title='bbox 950 4249 1045 4304; x_wconf 88' lang='lat' dir='ltr'><strong>est</strong></span> <span class='ocrx_word' id='word_1_591' title='bbox 1091 4252 1322 4305; x_wconf 64' lang='lat' dir='ltr'><strong>natura:</strong></span> <span class='ocrx_word' id='word_1_592' title='bbox 1364 4242 1728 4314; x_wconf 86' lang='lat' dir='ltr'><strong>communio,</strong></span> <span class='ocrx_word' id='word_1_593' title='bbox 1764 4260 1883 4303; x_wconf 93' lang='lat' dir='ltr'><strong>non</strong></span> <span class='ocrx_word' id='word_1_594' title='bbox 1916 4239 2239 4302; x_wconf 81' lang='lat' dir='ltr'><strong>manst&#39;este</strong></span> 
     </span>
    </p>
   </div>
   <div class='ocr_carea' id='block_1_79' title="bbox 2317 3171 3958 3253">
    <p class='ocr_par' dir='ltr' id='par_1_79' title="bbox 2317 3171 3958 3253">
     <span class='ocr_line' id='line_1_79' title="bbox 2317 3171 3958 3253; baseline -0.006 -16"><span class='ocrx_word' id='word_1_595' title='bbox 2317 3171 2692 3251; x_wconf 75' lang='grc' dir='ltr'>οημαίνεσθαι,</span> <span class='ocrx_word' id='word_1_596' title='bbox 2765 3171 2902 3240; x_wconf 71' lang='grc' dir='ltr'>ἄλλη</span> <span class='ocrx_word' id='word_1_597' title='bbox 2972 3175 3114 3253; x_wconf 74' lang='grc' dir='ltr'>παρὰ</span> <span class='ocrx_word' id='word_1_598' title='bbox 3176 3175 3273 3243; x_wconf 74' lang='grc' dir='ltr'>τὴν</span> <span class='ocrx_word' id='word_1_599' title='bbox 3335 3175 3612 3231; x_wconf 90' lang='grc' dir='ltr'>κοινωνίαν</span> <span class='ocrx_word' id='word_1_600' title='bbox 3696 3176 3795 3241; x_wconf 81' lang='grc' dir='ltr'><strong>τῆς</strong></span> <span class='ocrx_word' id='word_1_601' title='bbox 3863 3172 3958 3251; x_wconf 77' lang='grc' dir='ltr'><strong>φύ-</strong></span> 
     </span>
    </p>
   </div>
   <div class='ocr_carea' id='block_1_80' title="bbox 2318 3260 3958 3341">
    <p class='ocr_par' dir='ltr' id='par_1_80' title="bbox 2318 3260 3958 3341">
     <span class='ocr_line' id='line_1_80' title="bbox 2318 3260 3958 3341; baseline 0 -27"><span class='ocrx_word' id='word_1_602' title='bbox 2318 3280 2477 3323; x_wconf 87' lang='grc' dir='ltr'>σεως.</span> <span class='ocrx_word' id='word_1_603' title='bbox 2541 3279 2569 3318; x_wconf 73' lang='lat'><strong>)</strong></span> <span class='ocrx_word' id='word_1_604' title='bbox 2638 3261 2735 3318; x_wconf 81' lang='grc' dir='ltr'><strong>Καὶ</strong></span> <span class='ocrx_word' id='word_1_605' title='bbox 2804 3260 2963 3319; x_wconf 84' lang='grc' dir='ltr'>πάλιν</span> <span class='ocrx_word' id='word_1_606' title='bbox 3046 3265 3387 3341; x_wconf 79' lang='grc' dir='ltr'>παρακατιὼν</span> <span class='ocrx_word' id='word_1_607' title='bbox 3479 3264 3507 3320; x_wconf 84' lang='grc' dir='ltr'><strong>ό</strong></span> <span class='ocrx_word' id='word_1_608' title='bbox 3579 3262 3958 3341; x_wconf 73' lang='grc' dir='ltr'>Χρυσοῤῥήμων</span> 
     </span>
    </p>
   </div>
   <div class='ocr_carea' id='block_1_81' title="bbox 2319 3348 3958 3432">
    <p class='ocr_par' dir='ltr' id='par_1_81' title="bbox 2319 3348 3958 3432">
     <span class='ocr_line' id='line_1_81' title="bbox 2319 3348 3958 3432; baseline 0.001 -28"><span class='ocrx_word' id='word_1_609' title='bbox 2319 3350 2477 3426; x_wconf 75' lang='grc' dir='ltr'>φησίν</span> <span class='ocrx_word' id='word_1_610' title='bbox 2510 3364 2527 3380; x_wconf 79' lang='grc'><strong>⁸</strong></span> <span class='ocrx_word' id='word_1_611' title='bbox 2595 3371 2622 3402; x_wconf 74' lang='grc' dir='ltr'>ι</span> <span class='ocrx_word' id='word_1_612' title='bbox 2657 3348 2807 3407; x_wconf 72' lang='grc' dir='ltr'>Οὕτω</span> <span class='ocrx_word' id='word_1_613' title='bbox 2849 3348 3008 3407; x_wconf 69' lang='grc' dir='ltr'>πάλιν</span> <span class='ocrx_word' id='word_1_614' title='bbox 3064 3351 3277 3430; x_wconf 71' lang='grc' dir='ltr'>εἴρηται</span> <span class='ocrx_word' id='word_1_615' title='bbox 3321 3359 3531 3429; x_wconf 87' lang='grc' dir='ltr'>Πνεῦμα</span> <span class='ocrx_word' id='word_1_616' title='bbox 3575 3353 3785 3432; x_wconf 86' lang='grc' dir='ltr'>Πατρός</span> <span class='ocrx_word' id='word_1_617' title='bbox 3821 3370 3835 3385; x_wconf 89' lang='grc'><strong>·</strong></span> <span class='ocrx_word' id='word_1_618' title='bbox 3879 3350 3958 3405; x_wconf 85' lang='grc' dir='ltr'>καὶ</span> 
     </span>
    </p>
   </div>
   <div class='ocr_carea' id='block_1_82' title="bbox 2319 3436 3959 3520">
    <p class='ocr_par' dir='ltr' id='par_1_82' title="bbox 2319 3436 3959 3520">
     <span class='ocr_line' id='line_1_82' title="bbox 2319 3436 3959 3520; baseline 0 -28"><span class='ocrx_word' id='word_1_619' title='bbox 2319 3436 2412 3492; x_wconf 68' lang='grc' dir='ltr'>’ἕνα</span> <span class='ocrx_word' id='word_1_620' title='bbox 2470 3438 2547 3512; x_wconf 75' lang='grc' dir='ltr'>μὴ</span> <span class='ocrx_word' id='word_1_621' title='bbox 2604 3439 2825 3515; x_wconf 76' lang='grc' dir='ltr'>νομίσῃς</span> <span class='ocrx_word' id='word_1_622' title='bbox 2883 3446 3037 3520; x_wconf 84' lang='grc' dir='ltr'>τοῦτο</span> <span class='ocrx_word' id='word_1_623' title='bbox 3088 3441 3208 3497; x_wconf 85' lang='grc' dir='ltr'>κατ’</span> <span class='ocrx_word' id='word_1_624' title='bbox 3264 3443 3523 3498; x_wconf 68' lang='grc' dir='ltr'>οἶκείωσιν</span> <span class='ocrx_word' id='word_1_625' title='bbox 3604 3440 3877 3520; x_wconf 82' lang='grc' dir='ltr'>λάγεσθαι,</span> <span class='ocrx_word' id='word_1_626' title='bbox 3933 3436 3959 3492; x_wconf 79' lang='grc' dir='ltr'><strong><em>ὃ</em></strong></span> 
     </span>
    </p>
   </div>
   <div class='ocr_carea' id='block_1_83' title="bbox 2322 3518 3960 3607">
    <p class='ocr_par' dir='ltr' id='par_1_83' title="bbox 2322 3518 3960 3607">
     <span class='ocr_line' id='line_1_83' title="bbox 2322 3518 3960 3607; baseline -0.001 -25"><span class='ocrx_word' id='word_1_627' title='bbox 2322 3526 2512 3605; x_wconf 78' lang='grc' dir='ltr'>Σωτὴρ</span> <span class='ocrx_word' id='word_1_628' title='bbox 2580 3525 2793 3603; x_wconf 77' lang='grc' dir='ltr'>βεϐαιοῖ</span> <span class='ocrx_word' id='word_1_629' title='bbox 2833 3543 2847 3558; x_wconf 91' lang='grc'>⁶</span> <span class='ocrx_word' id='word_1_630' title='bbox 2913 3518 3088 3587; x_wconf 60' lang='lat' dir='ltr'><strong>&quot;Otum</strong></span> <span class='ocrx_word' id='word_1_631' title='bbox 3130 3527 3184 3585; x_wconf 80' lang='grc' dir='ltr'>δὲ</span> <span class='ocrx_word' id='word_1_632' title='bbox 3226 3528 3351 3605; x_wconf 72' lang='grc' dir='ltr'>ἐλθη</span> <span class='ocrx_word' id='word_1_633' title='bbox 3422 3532 3449 3586; x_wconf 85' lang='grc' dir='ltr'>ὁ</span> <span class='ocrx_word' id='word_1_634' title='bbox 3505 3518 3853 3607; x_wconf 80' lang='grc' dir='ltr'>Παράκλητος</span> <span class='ocrx_word' id='word_1_635' title='bbox 3905 3527 3960 3581; x_wconf 79' lang='grc' dir='ltr'>τὸ</span> 
     </span>
    </p>
   </div>
   <div class='ocr_carea' id='block_1_84' title="bbox 2322 3615 3958 3698">
    <p class='ocr_par' dir='ltr' id='par_1_84' title="bbox 2322 3615 3958 3698">
     <span class='ocr_line' id='line_1_84' title="bbox 2322 3615 3958 3698; baseline 0.001 -28"><span class='ocrx_word' id='word_1_636' title='bbox 2322 3621 2532 3691; x_wconf 87' lang='grc' dir='ltr'>Πνεῦμα</span> <span class='ocrx_word' id='word_1_637' title='bbox 2602 3621 2699 3684; x_wconf 82' lang='grc' dir='ltr'>τῆς</span> <span class='ocrx_word' id='word_1_638' title='bbox 2756 3615 3026 3685; x_wconf 75' lang='grc' dir='ltr'>ἀληθείας,</span> <span class='ocrx_word' id='word_1_639' title='bbox 3088 3619 3115 3673; x_wconf 88' lang='grc' dir='ltr'>ὃ</span> <span class='ocrx_word' id='word_1_640' title='bbox 3172 3620 3313 3697; x_wconf 82' lang='grc' dir='ltr'>παρὰ</span> <span class='ocrx_word' id='word_1_641' title='bbox 3377 3625 3468 3675; x_wconf 91' lang='grc' dir='ltr'><strong>τοῦ</strong></span> <span class='ocrx_word' id='word_1_642' title='bbox 3524 3621 3731 3698; x_wconf 81' lang='grc' dir='ltr'>Πατρὸς</span> <span class='ocrx_word' id='word_1_643' title='bbox 3801 3617 3958 3672; x_wconf 88' lang='grc' dir='ltr'>ἐκπο-</span> 
     </span>
    </p>
   </div>
   <div class='ocr_carea' id='block_1_85' title="bbox 2321 3702 3961 3785">
    <p class='ocr_par' dir='ltr' id='par_1_85' title="bbox 2321 3702 3961 3785">
     <span class='ocr_line' id='line_1_85' title="bbox 2321 3702 3961 3785; baseline -0.001 -24"><span class='ocrx_word' id='word_1_644' title='bbox 2321 3705 2554 3784; x_wconf 81' lang='grc' dir='ltr'>ρεύεται.</span> <span class='ocrx_word' id='word_1_645' title='bbox 2593 3735 2616 3767; x_wconf 78' lang='grc' dir='ltr'>ι</span> <span class='ocrx_word' id='word_1_646' title='bbox 2676 3708 2731 3763; x_wconf 77' lang='lat' dir='ltr'><strong>El</strong></span> <span class='ocrx_word' id='word_1_647' title='bbox 2774 3714 2899 3785; x_wconf 89' lang='grc' dir='ltr'>γοῦν</span> <span class='ocrx_word' id='word_1_648' title='bbox 2940 3709 3028 3764; x_wconf 85' lang='grc' dir='ltr'>καὶ</span> <span class='ocrx_word' id='word_1_649' title='bbox 3061 3709 3123 3764; x_wconf 80' lang='grc' dir='ltr'>τὸ</span> <span class='ocrx_word' id='word_1_650' title='bbox 3176 3707 3231 3764; x_wconf 73' lang='grc' dir='ltr'>ἐν</span> <span class='ocrx_word' id='word_1_651' title='bbox 3265 3715 3396 3765; x_wconf 91' lang='grc' dir='ltr'>Θεοῦ</span> <span class='ocrx_word' id='word_1_652' title='bbox 3425 3709 3567 3764; x_wconf 76' lang='grc' dir='ltr'>εἶναι</span> <span class='ocrx_word' id='word_1_653' title='bbox 3622 3710 3713 3765; x_wconf 86' lang='grc' dir='ltr'><strong>καὶ</strong></span> <span class='ocrx_word' id='word_1_654' title='bbox 3740 3708 3802 3764; x_wconf 84' lang='grc' dir='ltr'>τὸ</span> <span class='ocrx_word' id='word_1_655' title='bbox 3829 3702 3961 3780; x_wconf 73' lang='grc' dir='ltr'>παρὰ</span> 
     </span>
    </p>
   </div>
   <div class='ocr_carea' id='block_1_86' title="bbox 2320 3793 3956 3875">
    <p class='ocr_par' dir='ltr' id='par_1_86' title="bbox 2320 3793 3956 3875">
     <span class='ocr_line' id='line_1_86' title="bbox 2320 3793 3956 3875; baseline 0.001 -26"><span class='ocrx_word' id='word_1_656' title='bbox 2320 3796 2412 3851; x_wconf 79' lang='grc' dir='ltr'><strong>τοῦ</strong></span> <span class='ocrx_word' id='word_1_657' title='bbox 2482 3796 2684 3866; x_wconf 73' lang='grc' dir='ltr'>Πατρὸς</span> <span class='ocrx_word' id='word_1_658' title='bbox 2742 3798 2801 3852; x_wconf 76' lang='grc' dir='ltr'>τὸ</span> <span class='ocrx_word' id='word_1_659' title='bbox 2844 3803 3054 3871; x_wconf 88' lang='grc' dir='ltr'>Πνεῦμα</span> <span class='ocrx_word' id='word_1_660' title='bbox 3109 3797 3171 3852; x_wconf 81' lang='grc' dir='ltr'>τὸ</span> <span class='ocrx_word' id='word_1_661' title='bbox 3223 3796 3370 3875; x_wconf 81' lang='grc' dir='ltr'>ἅγιον</span> <span class='ocrx_word' id='word_1_662' title='bbox 3427 3797 3794 3875; x_wconf 81' lang='grc' dir='ltr'>ἐκπορεύεσθαι</span> <span class='ocrx_word' id='word_1_663' title='bbox 3869 3793 3956 3857; x_wconf 80' lang='grc' dir='ltr'>τὴν</span> 
     </span>
    </p>
   </div>
   <div class='ocr_carea' id='block_1_87' title="bbox 2322 3884 3957 3965">
    <p class='ocr_par' dir='ltr' id='par_1_87' title="bbox 2322 3884 3957 3965">
     <span class='ocr_line' id='line_1_87' title="bbox 2322 3884 3957 3965; baseline -0.001 -26"><span class='ocrx_word' id='word_1_664' title='bbox 2322 3885 2452 3961; x_wconf 83' lang='grc' dir='ltr'>πρὸς</span> <span class='ocrx_word' id='word_1_665' title='bbox 2482 3885 2573 3940; x_wconf 81' lang='grc' dir='ltr'><strong>τὸν</strong></span> <span class='ocrx_word' id='word_1_666' title='bbox 2607 3884 2811 3965; x_wconf 83' lang='grc' dir='ltr'>Πατέρα</span> <span class='ocrx_word' id='word_1_667' title='bbox 2867 3885 3143 3943; x_wconf 84' lang='grc' dir='ltr'>κοινωνίαν</span> <span class='ocrx_word' id='word_1_668' title='bbox 3210 3891 3307 3952; x_wconf 75' lang='grc' dir='ltr'>τῆς</span> <span class='ocrx_word' id='word_1_669' title='bbox 3365 3887 3568 3965; x_wconf 73' lang='grc' dir='ltr'>φύσεως</span> <span class='ocrx_word' id='word_1_670' title='bbox 3629 3888 3785 3943; x_wconf 70' lang='grc' dir='ltr'>αὐτοῦ</span> <span class='ocrx_word' id='word_1_671' title='bbox 3825 3903 3957 3959; x_wconf 81' lang='grc' dir='ltr'>παρ-</span> 
     </span>
    </p>
   </div>
   <div class='ocr_carea' id='block_1_88' title="bbox 2324 3969 3957 4052">
    <p class='ocr_par' dir='ltr' id='par_1_88' title="bbox 2324 3969 3957 4052">
     <span class='ocr_line' id='line_1_88' title="bbox 2324 3969 3957 4052; baseline -0.001 -24"><span class='ocrx_word' id='word_1_672' title='bbox 2324 3978 2562 4038; x_wconf 72' lang='grc' dir='ltr'>ιστῶσιν.</span> <span class='ocrx_word' id='word_1_673' title='bbox 2635 3973 2728 4030; x_wconf 70' lang='grc' dir='ltr'><strong>ἵνα</strong></span> <span class='ocrx_word' id='word_1_674' title='bbox 2801 3975 2877 4049; x_wconf 80' lang='grc' dir='ltr'>μὴ</span> <span class='ocrx_word' id='word_1_675' title='bbox 2948 3974 3053 4031; x_wconf 76' lang='grc' dir='ltr'><strong>ἀπὸ</strong></span> <span class='ocrx_word' id='word_1_676' title='bbox 3121 3982 3211 4031; x_wconf 89' lang='grc' dir='ltr'><strong>τοῦ</strong></span> <span class='ocrx_word' id='word_1_677' title='bbox 3295 3973 3535 4052; x_wconf 81' lang='grc' dir='ltr'>λέγεσθαι</span> <span class='ocrx_word' id='word_1_678' title='bbox 3595 3973 3776 4039; x_wconf 76' lang='grc' dir='ltr'>ἁπλῶς</span> <span class='ocrx_word' id='word_1_679' title='bbox 3842 3969 3957 4027; x_wconf 76' lang='grc' dir='ltr'><strong>αὖτὸ</strong></span> 
     </span>
    </p>
   </div>
   <div class='ocr_carea' id='block_1_89' title="bbox 2322 4061 3956 4141">
    <p class='ocr_par' dir='ltr' id='par_1_89' title="bbox 2322 4061 3956 4141">
     <span class='ocr_line' id='line_1_89' title="bbox 2322 4061 3956 4141; baseline -0.004 -23"><span class='ocrx_word' id='word_1_680' title='bbox 2322 4064 2534 4137; x_wconf 83' lang='grc' dir='ltr'>Πνεῦμα</span> <span class='ocrx_word' id='word_1_681' title='bbox 2607 4069 2737 4119; x_wconf 88' lang='grc' dir='ltr'>Θεοῦ</span> <span class='ocrx_word' id='word_1_682' title='bbox 2780 4065 2866 4119; x_wconf 86' lang='grc' dir='ltr'><strong>καὶ</strong></span> <span class='ocrx_word' id='word_1_683' title='bbox 2939 4069 3149 4137; x_wconf 87' lang='grc' dir='ltr'>Πνεῦμα</span> <span class='ocrx_word' id='word_1_684' title='bbox 3209 4065 3411 4141; x_wconf 81' lang='grc' dir='ltr'>Πατρὸς</span> <span class='ocrx_word' id='word_1_685' title='bbox 3467 4061 3604 4130; x_wconf 70' lang='grc' dir='ltr'>ἄλλη</span> <span class='ocrx_word' id='word_1_686' title='bbox 3661 4085 3743 4126; x_wconf 91' lang='grc' dir='ltr'><strong>τις</strong></span> <span class='ocrx_word' id='word_1_687' title='bbox 3801 4062 3956 4117; x_wconf 86' lang='grc' dir='ltr'>οἰκει-</span> 
     </span>
    </p>
   </div>
   <div class='ocr_carea' id='block_1_90' title="bbox 2320 4150 3952 4230">
    <p class='ocr_par' dir='ltr' id='par_1_90' title="bbox 2320 4150 3952 4230">
     <span class='ocr_line' id='line_1_90' title="bbox 2320 4150 3952 4230; baseline 0.002 -23"><span class='ocrx_word' id='word_1_688' title='bbox 2320 4150 2446 4216; x_wconf 76' lang='grc' dir='ltr'>ότης</span> <span class='ocrx_word' id='word_1_689' title='bbox 2483 4151 2749 4226; x_wconf 88' lang='grc' dir='ltr'>νομισθείη</span> <span class='ocrx_word' id='word_1_690' title='bbox 2793 4153 2893 4208; x_wconf 88' lang='grc' dir='ltr'>τινὶ</span> <span class='ocrx_word' id='word_1_691' title='bbox 2926 4152 3065 4230; x_wconf 83' lang='grc' dir='ltr'>παρὰ</span> <span class='ocrx_word' id='word_1_692' title='bbox 3091 4152 3187 4219; x_wconf 77' lang='grc' dir='ltr'>τὴν</span> <span class='ocrx_word' id='word_1_693' title='bbox 3242 4152 3516 4208; x_wconf 86' lang='grc' dir='ltr'>κοινωνίαν</span> <span class='ocrx_word' id='word_1_694' title='bbox 3565 4155 3663 4220; x_wconf 76' lang='grc' dir='ltr'>τῆς</span> <span class='ocrx_word' id='word_1_695' title='bbox 3694 4153 3897 4230; x_wconf 70' lang='grc' dir='ltr'>φύσεως</span> <span class='ocrx_word' id='word_1_696' title='bbox 3938 4164 3952 4180; x_wconf 85' lang='grc'><strong>⁸</strong></span> 
     </span>
    </p>
   </div>
   <div class='ocr_carea' id='block_1_91' title="bbox 2319 4239 3957 4317">
    <p class='ocr_par' dir='ltr' id='par_1_91' title="bbox 2319 4239 3957 4317">
     <span class='ocr_line' id='line_1_91' title="bbox 2319 4239 3957 4317; baseline -0.004 -21"><span class='ocrx_word' id='word_1_697' title='bbox 2319 4246 2432 4304; x_wconf 83' lang='grc' dir='ltr'>πῶς</span> <span class='ocrx_word' id='word_1_698' title='bbox 2527 4244 2573 4296; x_wconf 81' lang='grc' dir='ltr'>οἱ</span> <span class='ocrx_word' id='word_1_699' title='bbox 2656 4239 2899 4317; x_wconf 83' lang='grc' dir='ltr'>λέγοντες</span> <span class='ocrx_word' id='word_1_700' title='bbox 2970 4241 3095 4297; x_wconf 72' lang='grc' dir='ltr'>αὒτὸ</span> <span class='ocrx_word' id='word_1_701' title='bbox 3165 4247 3376 4315; x_wconf 90' lang='grc' dir='ltr'>Πνεῦμα</span> <span class='ocrx_word' id='word_1_702' title='bbox 3432 4244 3551 4299; x_wconf 78' lang='grc' dir='ltr'>Υἱοῦ</span> <span class='ocrx_word' id='word_1_703' title='bbox 3610 4242 3697 4297; x_wconf 80' lang='grc' dir='ltr'><strong>καὶ</strong></span> <span class='ocrx_word' id='word_1_704' title='bbox 3757 4245 3957 4311; x_wconf 80' lang='grc' dir='ltr'>Πνεῦμα</span> 
     </span>
    </p>
   </div>
   <div class='ocr_carea' id='block_1_92' title="bbox 592 4322 2235 4412">
    <p class='ocr_par' dir='ltr' id='par_1_92' title="bbox 592 4328 2235 4412">
     <span class='ocr_line' id='line_1_92' title="bbox 592 4328 2235 4412; baseline 0 -23"><span class='ocrx_word' id='word_1_705' title='bbox 592 4328 867 4394; x_wconf 84' lang='lat' dir='ltr'><strong>dividunt</strong></span> <span class='ocrx_word' id='word_1_706' title='bbox 907 4350 941 4393; x_wconf 94' lang='lat' dir='ltr'><strong>a</strong></span> <span class='ocrx_word' id='word_1_707' title='bbox 972 4332 1126 4396; x_wconf 91' lang='lat' dir='ltr'><strong>Filio</strong></span> <span class='ocrx_word' id='word_1_708' title='bbox 1166 4332 1457 4412; x_wconf 77' lang='lat' dir='ltr'><strong>Spiritum</strong></span> <span class='ocrx_word' id='word_1_709' title='bbox 1509 4331 1843 4394; x_wconf 90' lang='lat' dir='ltr'><strong>secundum</strong></span> <span class='ocrx_word' id='word_1_710' title='bbox 1896 4330 2086 4410; x_wconf 90' lang='lat' dir='ltr'><strong>ipsam</strong></span> <span class='ocrx_word' id='word_1_711' title='bbox 2149 4347 2235 4390; x_wconf 87' lang='lat' dir='ltr'><strong>es-</strong></span> 
     </span>
    </p>
   </div>
   <div class='ocr_carea' id='block_1_93' title="bbox 2318 4322 3957 4412">
    <p class='ocr_par' dir='ltr' id='par_1_93' title="bbox 2322 4322 3957 4401">
     <span class='ocr_line' id='line_1_93' title="bbox 2322 4322 3957 4401; baseline -0.002 -18"><span class='ocrx_word' id='word_1_712' title='bbox 2322 4327 2569 4394; x_wconf 83' lang='grc' dir='ltr'>ἀληθείας</span> <span class='ocrx_word' id='word_1_713' title='bbox 2618 4329 2753 4385; x_wconf 77' lang='grc' dir='ltr'>κατά</span> <span class='ocrx_word' id='word_1_714' title='bbox 2811 4350 2927 4387; x_wconf 86' lang='grc' dir='ltr'>τινα</span> <span class='ocrx_word' id='word_1_715' title='bbox 2982 4327 3150 4395; x_wconf 75' lang='grc' dir='ltr'>ἄλλην</span> <span class='ocrx_word' id='word_1_716' title='bbox 3208 4327 3392 4391; x_wconf 78' lang='grc' dir='ltr'>ἁπλῶς</span> <span class='ocrx_word' id='word_1_717' title='bbox 3477 4330 3778 4395; x_wconf 77' lang='grc' dir='ltr'>οἰκειότητα</span> <span class='ocrx_word' id='word_1_718' title='bbox 3828 4322 3957 4401; x_wconf 74' lang='grc' dir='ltr'>παρά</span> 
     </span>
    </p>
   </div>
   <div class='ocr_carea' id='block_1_94' title="bbox 591 4416 2236 4503">
    <p class='ocr_par' dir='ltr' id='par_1_94' title="bbox 591 4416 2236 4503">
     <span class='ocr_line' id='line_1_94' title="bbox 591 4416 2236 4503; baseline -0.003 -21"><span class='ocrx_word' id='word_1_719' title='bbox 591 4420 902 4484; x_wconf 87' lang='lat' dir='ltr'><strong>sentialem</strong></span> <span class='ocrx_word' id='word_1_720' title='bbox 947 4420 1397 4503; x_wconf 75' lang='lat' dir='ltr'><strong>naturalemque</strong></span> <span class='ocrx_word' id='word_1_721' title='bbox 1443 4420 1634 4501; x_wconf 93' lang='lat' dir='ltr'><strong>ipsius</strong></span> <span class='ocrx_word' id='word_1_722' title='bbox 1691 4417 2119 4483; x_wconf 77' lang='lat' dir='ltr'><strong>existentiam?</strong></span> <span class='ocrx_word' id='word_1_723' title='bbox 2147 4416 2236 4477; x_wconf 88' lang='lat' dir='ltr'><strong>vel</strong></span> 
     </span>
    </p>
   </div>
   <div class='ocr_carea' id='block_1_95' title="bbox 592 4506 2239 4589">
    <p class='ocr_par' dir='ltr' id='par_1_95' title="bbox 592 4506 2239 4589">
     <span class='ocr_line' id='line_1_95' title="bbox 592 4506 2239 4589; baseline -0.002 -16"><span class='ocrx_word' id='word_1_724' title='bbox 592 4510 754 4574; x_wconf 90' lang='lat' dir='ltr'><strong>enim</strong></span> <span class='ocrx_word' id='word_1_725' title='bbox 783 4518 843 4573; x_wconf 88' lang='lat' dir='ltr'><strong>et</strong></span> <span class='ocrx_word' id='word_1_726' title='bbox 869 4529 941 4572; x_wconf 80' lang='lat' dir='ltr'><strong>ex</strong></span> <span class='ocrx_word' id='word_1_727' title='bbox 990 4510 1144 4575; x_wconf 87' lang='lat' dir='ltr'><strong>Filio</strong></span> <span class='ocrx_word' id='word_1_728' title='bbox 1176 4510 1312 4581; x_wconf 90' lang='lat' dir='ltr'><strong>erit,</strong></span> <span class='ocrx_word' id='word_1_729' title='bbox 1344 4509 1526 4573; x_wconf 90' lang='lat' dir='ltr'><strong>veluti</strong></span> <span class='ocrx_word' id='word_1_730' title='bbox 1556 4507 1814 4589; x_wconf 88' lang='lat' dir='ltr'><strong>Spiritus</strong></span> <span class='ocrx_word' id='word_1_731' title='bbox 1862 4506 2020 4583; x_wconf 86' lang='lat' dir='ltr'><strong>Filii,</strong></span> <span class='ocrx_word' id='word_1_732' title='bbox 2056 4506 2239 4570; x_wconf 87' lang='lat' dir='ltr'><strong>sicuti</strong></span> 
     </span>
    </p>
   </div>
   <div class='ocr_carea' id='block_1_96' title="bbox 592 4595 2237 4678">
    <p class='ocr_par' dir='ltr' id='par_1_96' title="bbox 592 4595 2237 4678">
     <span class='ocr_line' id='line_1_96' title="bbox 592 4595 2237 4678; baseline -0.004 -17"><span class='ocrx_word' id='word_1_733' title='bbox 592 4606 684 4661; x_wconf 88' lang='lat' dir='ltr'><strong>est</strong></span> <span class='ocrx_word' id='word_1_734' title='bbox 712 4617 782 4661; x_wconf 80' lang='lat' dir='ltr'><strong>ex</strong></span> <span class='ocrx_word' id='word_1_735' title='bbox 812 4598 1051 4673; x_wconf 90' lang='lat' dir='ltr'><strong>Deo,uti</strong></span> <span class='ocrx_word' id='word_1_736' title='bbox 1073 4599 1332 4678; x_wconf 89' lang='lat' dir='ltr'><strong>Spiritus</strong></span> <span class='ocrx_word' id='word_1_737' title='bbox 1382 4597 1594 4660; x_wconf 86' lang='lat' dir='ltr'><strong>Dei.Et</strong></span> <span class='ocrx_word' id='word_1_738' title='bbox 1630 4597 1680 4659; x_wconf 92' lang='lat' dir='ltr'><strong>si</strong></span> <span class='ocrx_word' id='word_1_739' title='bbox 1726 4615 1793 4658; x_wconf 82' lang='lat' dir='ltr'><strong>ex</strong></span> <span class='ocrx_word' id='word_1_740' title='bbox 1824 4595 2071 4657; x_wconf 84' lang='lat' dir='ltr'><strong>veritate</strong></span> <span class='ocrx_word' id='word_1_741' title='bbox 2103 4595 2237 4656; x_wconf 83' lang='lat' dir='ltr'><strong>fue-</strong></span> 
     </span>
    </p>
   </div>
   <div class='ocr_carea' id='block_1_97' title="bbox 593 4684 2238 4769">
    <p class='ocr_par' dir='ltr' id='par_1_97' title="bbox 593 4684 2238 4769">
     <span class='ocr_line' id='line_1_97' title="bbox 593 4684 2238 4769; baseline -0.003 -20"><span class='ocrx_word' id='word_1_742' title='bbox 593 4686 694 4763; x_wconf 88' lang='lat' dir='ltr'><strong>rit,</strong></span> <span class='ocrx_word' id='word_1_743' title='bbox 749 4686 837 4749; x_wconf 90' lang='lat' dir='ltr'><strong>uti</strong></span> <span class='ocrx_word' id='word_1_744' title='bbox 887 4686 1146 4769; x_wconf 89' lang='lat' dir='ltr'><strong>Spiritns</strong></span> <span class='ocrx_word' id='word_1_745' title='bbox 1190 4686 1480 4760; x_wconf 87' lang='lat' dir='ltr'><strong>veritatis,</strong></span> <span class='ocrx_word' id='word_1_746' title='bbox 1513 4684 2140 4767; x_wconf 49' lang='lat' dir='ltr'><strong>quemadmodumlest</strong></span> <span class='ocrx_word' id='word_1_747' title='bbox 2167 4701 2238 4745; x_wconf 83' lang='lat' dir='ltr'><strong>ex</strong></span> 
     </span>
    </p>
   </div>
   <div class='ocr_carea' id='block_1_98' title="bbox 596 4770 2241 4858">
    <p class='ocr_par' dir='ltr' id='par_1_98' title="bbox 596 4770 2241 4858">
     <span class='ocr_line' id='line_1_98' title="bbox 596 4770 2241 4858; baseline -0.004 -21"><span class='ocrx_word' id='word_1_748' title='bbox 596 4778 770 4839; x_wconf 86' lang='lat' dir='ltr'><strong>Patre</strong></span> <span class='ocrx_word' id='word_1_749' title='bbox 795 4775 881 4838; x_wconf 92' lang='lat' dir='ltr'><strong>uti</strong></span> <span class='ocrx_word' id='word_1_750' title='bbox 910 4775 1167 4858; x_wconf 83' lang='lat' dir='ltr'><strong>Spiritus</strong></span> <span class='ocrx_word' id='word_1_751' title='bbox 1195 4774 1405 4837; x_wconf 88' lang='lat' dir='ltr'><strong>Patris.</strong></span> <span class='ocrx_word' id='word_1_752' title='bbox 1438 4774 1511 4835; x_wconf 88' lang='lat' dir='ltr'><strong>Et</strong></span> <span class='ocrx_word' id='word_1_753' title='bbox 1559 4774 1671 4835; x_wconf 90' lang='lat' dir='ltr'><strong>bac</strong></span> <span class='ocrx_word' id='word_1_754' title='bbox 1717 4773 1951 4834; x_wconf 86' lang='lat' dir='ltr'><strong>ratione</strong></span> <span class='ocrx_word' id='word_1_755' title='bbox 1998 4770 2241 4834; x_wconf 69' lang='lat' dir='ltr'><strong>habebit</strong></span> 
     </span>
    </p>
   </div>
   <div class='ocr_carea' id='block_1_99' title="bbox 592 4860 2238 4945">
    <p class='ocr_par' dir='ltr' id='par_1_99' title="bbox 592 4860 2238 4945">
     <span class='ocr_line' id='line_1_99' title="bbox 592 4860 2238 4945; baseline -0.005 -16"><span class='ocrx_word' id='word_1_756' title='bbox 592 4884 732 4945; x_wconf 74' lang='lat' dir='ltr'><strong>erga</strong></span> <span class='ocrx_word' id='word_1_757' title='bbox 759 4866 976 4930; x_wconf 87' lang='lat' dir='ltr'><strong>Filium</strong></span> <span class='ocrx_word' id='word_1_758' title='bbox 1000 4874 1224 4928; x_wconf 72' lang='lat' dir='ltr'><strong>naturae</strong></span> <span class='ocrx_word' id='word_1_759' title='bbox 1244 4862 1749 4929; x_wconf 89' lang='lat' dir='ltr'><strong>communionem,</strong></span> <span class='ocrx_word' id='word_1_760' title='bbox 1782 4862 1831 4923; x_wconf 72' lang='lat' dir='ltr'><strong>si</strong></span> <span class='ocrx_word' id='word_1_761' title='bbox 1863 4860 2238 4923; x_wconf 92' lang='lat' dir='ltr'><strong>communio-</strong></span> 
     </span>
    </p>
   </div>
   <div class='ocr_carea' id='block_1_100' title="bbox 595 4950 2242 5033">
    <p class='ocr_par' dir='ltr' id='par_1_100' title="bbox 595 4950 2242 5033">
     <span class='ocr_line' id='line_1_100' title="bbox 595 4950 2242 5033; baseline -0.004 -16"><span class='ocrx_word' id='word_1_762' title='bbox 595 4974 731 5019; x_wconf 91' lang='lat' dir='ltr'><strong>nem</strong></span> <span class='ocrx_word' id='word_1_763' title='bbox 764 4963 986 5017; x_wconf 74' lang='lat' dir='ltr'><strong>naturaa</strong></span> <span class='ocrx_word' id='word_1_764' title='bbox 1015 4972 1154 5033; x_wconf 79' lang='lat' dir='ltr'><strong>erga</strong></span> <span class='ocrx_word' id='word_1_765' title='bbox 1176 4957 1409 5018; x_wconf 89' lang='lat' dir='ltr'><strong>Patrem</strong></span> <span class='ocrx_word' id='word_1_766' title='bbox 1440 4950 1889 5031; x_wconf 81' lang='lat' dir='ltr'><strong>babebit,veluti</strong></span> <span class='ocrx_word' id='word_1_767' title='bbox 1918 4967 1988 5012; x_wconf 82' lang='lat' dir='ltr'><strong>ex</strong></span> <span class='ocrx_word' id='word_1_768' title='bbox 2033 4951 2158 5012; x_wconf 89' lang='lat' dir='ltr'><strong>Deo</strong></span> <span class='ocrx_word' id='word_1_769' title='bbox 2183 4958 2242 5011; x_wconf 92' lang='lat' dir='ltr'><strong>et</strong></span> 
     </span>
    </p>
   </div>
   <div class='ocr_carea' id='block_1_101' title="bbox 596 5037 2240 5124">
    <p class='ocr_par' dir='ltr' id='par_1_101' title="bbox 596 5037 2240 5124">
     <span class='ocr_line' id='line_1_101' title="bbox 596 5037 2240 5124; baseline -0.004 -17"><span class='ocrx_word' id='word_1_770' title='bbox 596 5062 666 5107; x_wconf 83' lang='lat' dir='ltr'><strong>ex</strong></span> <span class='ocrx_word' id='word_1_771' title='bbox 699 5046 870 5107; x_wconf 88' lang='lat' dir='ltr'><strong>Patre</strong></span> <span class='ocrx_word' id='word_1_772' title='bbox 901 5045 1213 5124; x_wconf 79' lang='lat' dir='ltr'><strong>exsistens;</strong></span> <span class='ocrx_word' id='word_1_773' title='bbox 1245 5060 1389 5121; x_wconf 79' lang='lat' dir='ltr'><strong>erga</strong></span> <span class='ocrx_word' id='word_1_774' title='bbox 1414 5060 1551 5104; x_wconf 87' lang='lat' dir='ltr'><strong>vero</strong></span> <span class='ocrx_word' id='word_1_775' title='bbox 1582 5039 1972 5102; x_wconf 88' lang='lat' dir='ltr'><strong>Filiumillam</strong></span> <span class='ocrx_word' id='word_1_776' title='bbox 1998 5037 2240 5100; x_wconf 87' lang='lat' dir='ltr'><strong>habebit</strong></span> 
     </span>
    </p>
   </div>
   <div class='ocr_carea' id='block_1_102' title="bbox 596 5127 2242 5214">
    <p class='ocr_par' dir='ltr' id='par_1_102' title="bbox 596 5127 2242 5214">
     <span class='ocr_line' id='line_1_102' title="bbox 596 5127 2242 5214; baseline -0.004 -19"><span class='ocrx_word' id='word_1_777' title='bbox 596 5132 1133 5214; x_wconf 83' lang='lat' dir='ltr'><strong>proprietatem,uti</strong></span> <span class='ocrx_word' id='word_1_778' title='bbox 1160 5131 1516 5213; x_wconf 88' lang='lat' dir='ltr'><strong>simpliciter</strong></span> <span class='ocrx_word' id='word_1_779' title='bbox 1544 5130 1801 5213; x_wconf 87' lang='lat' dir='ltr'><strong>Spiritus</strong></span> <span class='ocrx_word' id='word_1_780' title='bbox 1823 5127 1984 5208; x_wconf 88' lang='lat' dir='ltr'><strong>Filii,</strong></span> <span class='ocrx_word' id='word_1_781' title='bbox 2020 5136 2079 5189; x_wconf 90' lang='lat' dir='ltr'><strong>et</strong></span> <span class='ocrx_word' id='word_1_782' title='bbox 2100 5127 2242 5208; x_wconf 89' lang='lat' dir='ltr'><strong>Spi-</strong></span> 
     </span>
    </p>
   </div>
   <div class='ocr_carea' id='block_1_103' title="bbox 597 5218 2245 5303">
    <p class='ocr_par' dir='ltr' id='par_1_103' title="bbox 597 5218 2245 5303">
     <span class='ocr_line' id='line_1_103' title="bbox 597 5218 2245 5303; baseline -0.004 -18"><span class='ocrx_word' id='word_1_783' title='bbox 597 5221 747 5285; x_wconf 88' lang='lat' dir='ltr'><strong>ritus</strong></span> <span class='ocrx_word' id='word_1_784' title='bbox 766 5221 1052 5298; x_wconf 88' lang='lat' dir='ltr'><strong>veritatis,</strong></span> <span class='ocrx_word' id='word_1_785' title='bbox 1086 5239 1217 5303; x_wconf 71' lang='lat' dir='ltr'><strong>quae</strong></span> <span class='ocrx_word' id='word_1_786' title='bbox 1258 5220 1452 5302; x_wconf 90' lang='lat' dir='ltr'><strong>ipsum</strong></span> <span class='ocrx_word' id='word_1_787' title='bbox 1498 5219 1721 5282; x_wconf 91' lang='lat' dir='ltr'><strong>nudum</strong></span> <span class='ocrx_word' id='word_1_788' title='bbox 1767 5218 1842 5279; x_wconf 84' lang='lat' dir='ltr'><strong>ab</strong></span> <span class='ocrx_word' id='word_1_789' title='bbox 1894 5236 1964 5279; x_wconf 89' lang='lat' dir='ltr'><strong>ea</strong></span> <span class='ocrx_word' id='word_1_790' title='bbox 1994 5235 2128 5298; x_wconf 72' lang='lat' dir='ltr'><strong>quae</strong></span> <span class='ocrx_word' id='word_1_791' title='bbox 2156 5225 2245 5279; x_wconf 89' lang='lat' dir='ltr'><strong>est</strong></span> 
     </span>
    </p>
   </div>
   <div class='ocr_carea' id='block_1_104' title="bbox 595 5305 2241 5391">
    <p class='ocr_par' dir='ltr' id='par_1_104' title="bbox 595 5305 2241 5391">
     <span class='ocr_line' id='line_1_104' title="bbox 595 5305 2241 5391; baseline -0.004 -18"><span class='ocrx_word' id='word_1_792' title='bbox 595 5329 738 5391; x_wconf 73' lang='lat' dir='ltr'><strong>erga</strong></span> <span class='ocrx_word' id='word_1_793' title='bbox 759 5310 974 5377; x_wconf 86' lang='lat' dir='ltr'><strong>Filium</strong></span> <span class='ocrx_word' id='word_1_794' title='bbox 1006 5310 1296 5372; x_wconf 90' lang='lat' dir='ltr'><strong>naturalis</strong></span> <span class='ocrx_word' id='word_1_795' title='bbox 1326 5310 1695 5384; x_wconf 89' lang='lat' dir='ltr'><strong>communio,</strong></span> <span class='ocrx_word' id='word_1_796' title='bbox 1727 5305 2163 5379; x_wconf 83' lang='lat' dir='ltr'><strong>deserat.Quod</strong></span> <span class='ocrx_word' id='word_1_797' title='bbox 2194 5307 2241 5368; x_wconf 90' lang='lat' dir='ltr'><strong>si</strong></span> 
     </span>
    </p>
   </div>
   <div class='ocr_carea' id='block_1_105' title="bbox 600 5397 2241 5480">
    <p class='ocr_par' dir='ltr' id='par_1_105' title="bbox 600 5397 2241 5480">
     <span class='ocr_line' id='line_1_105' title="bbox 600 5397 2241 5480; baseline -0.002 -18"><span class='ocrx_word' id='word_1_798' title='bbox 600 5400 737 5463; x_wconf 86' lang='lat' dir='ltr'><strong>novi</strong></span> <span class='ocrx_word' id='word_1_799' title='bbox 766 5399 863 5462; x_wconf 91' lang='lat' dir='ltr'><strong>isti</strong></span> <span class='ocrx_word' id='word_1_800' title='bbox 890 5400 1147 5480; x_wconf 81' lang='lat' dir='ltr'><strong>theologi</strong></span> <span class='ocrx_word' id='word_1_801' title='bbox 1178 5399 1373 5479; x_wconf 83' lang='lat' dir='ltr'><strong>magni</strong></span> <span class='ocrx_word' id='word_1_802' title='bbox 1404 5398 1606 5462; x_wconf 80' lang='lat' dir='ltr'><strong>Basilii</strong></span> <span class='ocrx_word' id='word_1_803' title='bbox 1637 5397 2002 5461; x_wconf 89' lang='lat' dir='ltr'><strong>enuntiatum</strong></span> <span class='ocrx_word' id='word_1_804' title='bbox 2024 5414 2241 5475; x_wconf 83' lang='lat' dir='ltr'><strong>repro-</strong></span> 
     </span>
    </p>
   </div>
   <div class='ocr_carea' id='block_1_106' title="bbox 601 5486 2243 5572">
    <p class='ocr_par' dir='ltr' id='par_1_106' title="bbox 601 5486 2243 5572">
     <span class='ocr_line' id='line_1_106' title="bbox 601 5486 2243 5572; baseline -0.003 -20"><span class='ocrx_word' id='word_1_805' title='bbox 601 5489 834 5564; x_wconf 86' lang='lat' dir='ltr'><strong>bantes,</strong></span> <span class='ocrx_word' id='word_1_806' title='bbox 884 5489 1042 5572; x_wconf 90' lang='lat' dir='ltr'><strong>quod</strong></span> <span class='ocrx_word' id='word_1_807' title='bbox 1088 5489 1321 5563; x_wconf 89' lang='lat' dir='ltr'><strong>asserit,</strong></span> <span class='ocrx_word' id='word_1_808' title='bbox 1357 5509 1387 5550; x_wconf 70' lang='grc' dir='ltr'><strong>ε</strong></span> <span class='ocrx_word' id='word_1_809' title='bbox 1420 5487 1705 5569; x_wconf 86' lang='lat' dir='ltr'><strong>Spiritum</strong></span> <span class='ocrx_word' id='word_1_810' title='bbox 1756 5486 1999 5569; x_wconf 90' lang='lat' dir='ltr'><strong>quidem</strong></span> <span class='ocrx_word' id='word_1_811' title='bbox 2052 5486 2243 5548; x_wconf 89' lang='lat' dir='ltr'><strong>Patris</strong></span> 
     </span>
    </p>
   </div>
   <div class='ocr_carea' id='block_1_107' title="bbox 599 5574 2242 5665">
    <p class='ocr_par' dir='ltr' id='par_1_107' title="bbox 599 5574 2242 5665">
     <span class='ocr_line' id='line_1_107' title="bbox 599 5574 2242 5665; baseline -0.004 -20"><span class='ocrx_word' id='word_1_812' title='bbox 599 5578 906 5665; x_wconf 86' lang='lat' dir='ltr'><strong>Spiritum,</strong></span> <span class='ocrx_word' id='word_1_813' title='bbox 933 5577 1090 5659; x_wconf 88' lang='lat' dir='ltr'><strong>quod</strong></span> <span class='ocrx_word' id='word_1_814' title='bbox 1124 5596 1191 5639; x_wconf 81' lang='lat' dir='ltr'><strong>ex</strong></span> <span class='ocrx_word' id='word_1_815' title='bbox 1224 5579 1397 5640; x_wconf 87' lang='lat' dir='ltr'><strong>Patre</strong></span> <span class='ocrx_word' id='word_1_816' title='bbox 1423 5576 1726 5657; x_wconf 87' lang='lat' dir='ltr'><strong>:Spiritum</strong></span> <span class='ocrx_word' id='word_1_817' title='bbox 1749 5593 1887 5639; x_wconf 87' lang='lat' dir='ltr'><strong>vero</strong></span> <span class='ocrx_word' id='word_1_818' title='bbox 1917 5574 2242 5657; x_wconf 82' lang='lat' dir='ltr'><strong>Filii,qund</strong></span> 
     </span>
    </p>
   </div>
   <div class='ocr_carea' id='block_1_108' title="bbox 2316 4415 3954 4497">
    <p class='ocr_par' dir='ltr' id='par_1_108' title="bbox 2316 4415 3954 4497">
     <span class='ocr_line' id='line_1_108' title="bbox 2316 4415 3954 4497; baseline -0.002 -24"><span class='ocrx_word' id='word_1_819' title='bbox 2316 4418 2415 4486; x_wconf 79' lang='grc' dir='ltr'><strong>τὴν</strong></span> <span class='ocrx_word' id='word_1_820' title='bbox 2480 4419 2756 4474; x_wconf 91' lang='grc' dir='ltr'>κοινωνίαν</span> <span class='ocrx_word' id='word_1_821' title='bbox 2826 4424 2922 4485; x_wconf 83' lang='grc' dir='ltr'>τῆς</span> <span class='ocrx_word' id='word_1_822' title='bbox 2973 4419 3175 4497; x_wconf 68' lang='grc' dir='ltr'>φύσεως</span> <span class='ocrx_word' id='word_1_823' title='bbox 3236 4421 3294 4475; x_wconf 70' lang='lat'><strong>0-3</strong></span> <span class='ocrx_word' id='word_1_824' title='bbox 3382 4415 3648 4497; x_wconf 79' lang='grc' dir='ltr'>προδέλως</span> <span class='ocrx_word' id='word_1_825' title='bbox 3715 4416 3954 4493; x_wconf 63' lang='grc' dir='ltr'>διαιροῦν.</span> 
     </span>
    </p>
   </div>
   <div class='ocr_carea' id='block_1_109' title="bbox 2318 4499 3952 4582">
    <p class='ocr_par' dir='ltr' id='par_1_109' title="bbox 2318 4499 3952 4582">
     <span class='ocr_line' id='line_1_109' title="bbox 2318 4499 3952 4582; baseline -0.003 -20"><span class='ocrx_word' id='word_1_826' title='bbox 2318 4505 2424 4563; x_wconf 78' lang='grc' dir='ltr'><strong>ὰπὸ</strong></span> <span class='ocrx_word' id='word_1_827' title='bbox 2465 4516 2559 4566; x_wconf 91' lang='grc' dir='ltr'><strong>τοῦ</strong></span> <span class='ocrx_word' id='word_1_828' title='bbox 2636 4510 2755 4564; x_wconf 80' lang='grc' dir='ltr'>Υίοῦ</span> <span class='ocrx_word' id='word_1_829' title='bbox 2824 4510 2885 4564; x_wconf 83' lang='grc' dir='ltr'>τὸ</span> <span class='ocrx_word' id='word_1_830' title='bbox 2946 4514 3153 4582; x_wconf 82' lang='grc' dir='ltr'>Πνεῦμα</span> <span class='ocrx_word' id='word_1_831' title='bbox 3209 4507 3326 4563; x_wconf 85' lang='grc' dir='ltr'>κατ’</span> <span class='ocrx_word' id='word_1_832' title='bbox 3381 4508 3542 4573; x_wconf 72' lang='grc' dir='ltr'>αὖτὴν</span> <span class='ocrx_word' id='word_1_833' title='bbox 3590 4508 3690 4574; x_wconf 79' lang='grc' dir='ltr'>τὴν</span> <span class='ocrx_word' id='word_1_834' title='bbox 3750 4499 3952 4563; x_wconf 72' lang='grc' dir='ltr'>οὖσιώδξ</span> 
     </span>
    </p>
   </div>
   <div class='ocr_carea' id='block_1_110' title="bbox 2319 4593 3955 4676">
    <p class='ocr_par' dir='ltr' id='par_1_110' title="bbox 2319 4593 3955 4676">
     <span class='ocr_line' id='line_1_110' title="bbox 2388 4593 3949 4634; baseline -0.002 1"><span class='ocrx_word' id='word_1_835' title='bbox 2388 4598 2404 4618; x_wconf 68' lang='grc' dir='ltr'><strong>κ</strong></span> <span class='ocrx_word' id='word_1_836' title='bbox 2601 4597 2613 4612; x_wconf 65' lang='grc' dir='ltr'><strong>ι</strong></span> <span class='ocrx_word' id='word_1_837' title='bbox 2731 4598 2784 4630; x_wconf 70' lang='grc' dir='ltr'><strong>ν-</strong></span> <span class='ocrx_word' id='word_1_838' title='bbox 2818 4599 2843 4633; x_wconf 70' lang='grc' dir='ltr'><strong>ς-</strong></span> <span class='ocrx_word' id='word_1_839' title='bbox 2873 4595 2899 4634; x_wconf 72' lang='grc' dir='ltr'>τι</span> <span class='ocrx_word' id='word_1_840' title='bbox 3013 4594 3034 4617; x_wconf 76' lang='grc' dir='ltr'><em>ν</em></span> <span class='ocrx_word' id='word_1_841' title='bbox 3118 4615 3133 4628; x_wconf 86' lang='grc'><strong>.</strong></span> <span class='ocrx_word' id='word_1_842' title='bbox 3313 4596 3325 4611; x_wconf 65' lang='grc' dir='ltr'><strong>ε</strong></span> <span class='ocrx_word' id='word_1_843' title='bbox 3511 4597 3524 4614; x_wconf 66' lang='grc' dir='ltr'><strong>ε</strong></span> <span class='ocrx_word' id='word_1_844' title='bbox 3602 4619 3610 4628; x_wconf 88' lang='grc'><strong>.</strong></span> <span class='ocrx_word' id='word_1_845' title='bbox 3754 4602 3776 4611; x_wconf 85' lang='lat'><strong>-</strong></span> <span class='ocrx_word' id='word_1_846' title='bbox 3868 4593 3895 4632; x_wconf 68' lang='grc' dir='ltr'>ις</span> <span class='ocrx_word' id='word_1_847' title='bbox 3932 4597 3949 4605; x_wconf 70' lang='lat'><strong><em>~</em></strong></span> 
     </span>
     <span class='ocr_line' id='line_1_111' title="bbox 2319 4593 3955 4676; baseline -0.003 -25"><span class='ocrx_word' id='word_1_848' title='bbox 2319 4618 2406 4652; x_wconf 86' lang='grc' dir='ltr'><strong>και</strong></span> <span class='ocrx_word' id='word_1_849' title='bbox 2435 4618 2661 4676; x_wconf 78' lang='grc' dir='ltr'>φυσικην</span> <span class='ocrx_word' id='word_1_850' title='bbox 2691 4619 2846 4654; x_wconf 68' lang='grc' dir='ltr'>αυ.οδ</span> <span class='ocrx_word' id='word_1_851' title='bbox 2876 4617 3086 4674; x_wconf 65' lang='grc' dir='ltr'>οπαρςιν</span> <span class='ocrx_word' id='word_1_852' title='bbox 3117 4643 3134 4676; x_wconf 91' lang='grc'><strong>,</strong></span> <span class='ocrx_word' id='word_1_853' title='bbox 3193 4597 3228 4664; x_wconf 82' lang='grc' dir='ltr'>ἡ</span> <span class='ocrx_word' id='word_1_854' title='bbox 3271 4617 3370 4674; x_wconf 90' lang='grc' dir='ltr'><strong>γαρ</strong></span> <span class='ocrx_word' id='word_1_855' title='bbox 3441 4617 3528 4651; x_wconf 86' lang='grc' dir='ltr'><strong>και</strong></span> <span class='ocrx_word' id='word_1_856' title='bbox 3570 4593 3631 4650; x_wconf 73' lang='grc' dir='ltr'><strong>ἐκ</strong></span> <span class='ocrx_word' id='word_1_857' title='bbox 3687 4617 3780 4652; x_wconf 87' lang='grc' dir='ltr'><strong>του</strong></span> <span class='ocrx_word' id='word_1_858' title='bbox 3845 4599 3955 4646; x_wconf 78' lang='lat'><strong>1.00</strong></span> 
     </span>
    </p>
   </div>
   <div class='ocr_carea' id='block_1_111' title="bbox 2320 4683 3950 4764">
    <p class='ocr_par' dir='ltr' id='par_1_111' title="bbox 2320 4683 3950 4764">
     <span class='ocr_line' id='line_1_112' title="bbox 2320 4683 3950 4764; baseline -0.006 -23"><span class='ocrx_word' id='word_1_859' title='bbox 2320 4683 2466 4741; x_wconf 79' lang='grc' dir='ltr'>ἔσται</span> <span class='ocrx_word' id='word_1_860' title='bbox 2498 4687 2572 4749; x_wconf 81' lang='grc' dir='ltr'>ὡς</span> <span class='ocrx_word' id='word_1_861' title='bbox 2632 4692 2841 4761; x_wconf 85' lang='grc' dir='ltr'>Πνεῦμα</span> <span class='ocrx_word' id='word_1_862' title='bbox 2905 4686 3046 4760; x_wconf 78' lang='grc' dir='ltr'>Υἱοῦ,</span> <span class='ocrx_word' id='word_1_863' title='bbox 3105 4686 3339 4764; x_wconf 83' lang='grc' dir='ltr'>καθάπερ</span> <span class='ocrx_word' id='word_1_864' title='bbox 3394 4685 3533 4740; x_wconf 80' lang='grc' dir='ltr'>ἐστιν</span> <span class='ocrx_word' id='word_1_865' title='bbox 3576 4685 3637 4741; x_wconf 92' lang='grc' dir='ltr'><strong>ἐκ</strong></span> <span class='ocrx_word' id='word_1_866' title='bbox 3692 4694 3784 4742; x_wconf 88' lang='grc' dir='ltr'><strong>τοῦ</strong></span> <span class='ocrx_word' id='word_1_867' title='bbox 3812 4684 3950 4749; x_wconf 90' lang='grc' dir='ltr'>Θεοῦ,</span> 
     </span>
    </p>
   </div>
   <div class='ocr_carea' id='block_1_112' title="bbox 2320 4768 3952 4850">
    <p class='ocr_par' dir='ltr' id='par_1_112' title="bbox 2320 4768 3952 4850">
     <span class='ocr_line' id='line_1_113' title="bbox 2320 4768 3952 4850; baseline 0 -21"><span class='ocrx_word' id='word_1_868' title='bbox 2320 4776 2393 4839; x_wconf 84' lang='grc' dir='ltr'>ὡς</span> <span class='ocrx_word' id='word_1_869' title='bbox 2424 4780 2636 4850; x_wconf 80' lang='grc' dir='ltr'>Πνεῦμα</span> <span class='ocrx_word' id='word_1_870' title='bbox 2670 4782 2802 4831; x_wconf 87' lang='grc' dir='ltr'>Θεοῦ</span> <span class='ocrx_word' id='word_1_871' title='bbox 2835 4790 2849 4804; x_wconf 85' lang='grc'>⁹</span> <span class='ocrx_word' id='word_1_872' title='bbox 2903 4774 2939 4842; x_wconf 76' lang='grc' dir='ltr'>ἢ</span> <span class='ocrx_word' id='word_1_873' title='bbox 2996 4775 3084 4831; x_wconf 86' lang='grc' dir='ltr'><strong>καὶ</strong></span> <span class='ocrx_word' id='word_1_874' title='bbox 3127 4774 3187 4830; x_wconf 88' lang='grc' dir='ltr'><strong>ἐκ</strong></span> <span class='ocrx_word' id='word_1_875' title='bbox 3228 4773 3326 4841; x_wconf 72' lang='grc' dir='ltr'>τῆς</span> <span class='ocrx_word' id='word_1_876' title='bbox 3378 4773 3624 4840; x_wconf 85' lang='grc' dir='ltr'>ἆληθειας</span> <span class='ocrx_word' id='word_1_877' title='bbox 3692 4772 3833 4828; x_wconf 80' lang='grc' dir='ltr'>ἕσται</span> <span class='ocrx_word' id='word_1_878' title='bbox 3889 4768 3952 4829; x_wconf 81' lang='grc' dir='ltr'><strong>ὡς</strong></span> 
     </span>
    </p>
   </div>
   <div class='ocr_carea' id='block_1_113' title="bbox 2323 4860 3951 4941">
    <p class='ocr_par' dir='ltr' id='par_1_113' title="bbox 2323 4860 3951 4941">
     <span class='ocr_line' id='line_1_114' title="bbox 2323 4860 3951 4941; baseline -0.001 -22"><span class='ocrx_word' id='word_1_879' title='bbox 2323 4870 2535 4939; x_wconf 80' lang='grc' dir='ltr'>Πνεῦμα</span> <span class='ocrx_word' id='word_1_880' title='bbox 2604 4863 2872 4938; x_wconf 71' lang='grc' dir='ltr'>ἀληθείας,</span> <span class='ocrx_word' id='word_1_881' title='bbox 2947 4864 3181 4941; x_wconf 81' lang='grc' dir='ltr'>καθάπερ</span> <span class='ocrx_word' id='word_1_882' title='bbox 3252 4861 3395 4919; x_wconf 90' lang='grc' dir='ltr'>ἐστιν</span> <span class='ocrx_word' id='word_1_883' title='bbox 3460 4862 3519 4919; x_wconf 86' lang='grc' dir='ltr'><strong>ἐκ</strong></span> <span class='ocrx_word' id='word_1_884' title='bbox 3578 4869 3672 4920; x_wconf 79' lang='grc' dir='ltr'><strong>τοῦ</strong></span> <span class='ocrx_word' id='word_1_885' title='bbox 3738 4860 3951 4937; x_wconf 80' lang='grc' dir='ltr'>Πατρὸς,</span> 
     </span>
    </p>
   </div>
   <div class='ocr_carea' id='block_1_114' title="bbox 2321 4947 3954 5031">
    <p class='ocr_par' dir='ltr' id='par_1_114' title="bbox 2321 4947 3954 5031">
     <span class='ocr_line' id='line_1_115' title="bbox 2321 4947 3954 5031; baseline -0.002 -22"><span class='ocrx_word' id='word_1_886' title='bbox 2321 4955 2395 5017; x_wconf 82' lang='grc' dir='ltr'>ὡς</span> <span class='ocrx_word' id='word_1_887' title='bbox 2440 4959 2650 5029; x_wconf 88' lang='grc' dir='ltr'>Πνεῦμα</span> <span class='ocrx_word' id='word_1_888' title='bbox 2709 4953 2910 5031; x_wconf 86' lang='grc' dir='ltr'>Πατρός</span> <span class='ocrx_word' id='word_1_889' title='bbox 2944 4969 2959 4984; x_wconf 92' lang='grc'>⁶</span> <span class='ocrx_word' id='word_1_890' title='bbox 3018 4954 3105 5010; x_wconf 80' lang='grc' dir='ltr'><strong>καὶ</strong></span> <span class='ocrx_word' id='word_1_891' title='bbox 3161 4952 3326 5016; x_wconf 75' lang='grc' dir='ltr'>οὕτως</span> <span class='ocrx_word' id='word_1_892' title='bbox 3384 4950 3488 5018; x_wconf 79' lang='grc' dir='ltr'>ἕξει</span> <span class='ocrx_word' id='word_1_893' title='bbox 3533 4954 3619 5009; x_wconf 86' lang='grc' dir='ltr'><strong>καὶ</strong></span> <span class='ocrx_word' id='word_1_894' title='bbox 3688 4952 3783 5019; x_wconf 79' lang='grc' dir='ltr'><strong>τὴν</strong></span> <span class='ocrx_word' id='word_1_895' title='bbox 3835 4947 3954 5026; x_wconf 79' lang='grc' dir='ltr'>πρὸς</span> 
     </span>
    </p>
   </div>
   <div class='ocr_carea' id='block_1_115' title="bbox 2321 5036 3953 5122">
    <p class='ocr_par' dir='ltr' id='par_1_115' title="bbox 2321 5036 3953 5122">
     <span class='ocr_line' id='line_1_116' title="bbox 2321 5036 3953 5122; baseline -0.006 -23"><span class='ocrx_word' id='word_1_896' title='bbox 2321 5044 2412 5099; x_wconf 77' lang='grc' dir='ltr'><strong>τὸν</strong></span> <span class='ocrx_word' id='word_1_897' title='bbox 2450 5045 2568 5099; x_wconf 79' lang='grc' dir='ltr'>Υίὺν</span> <span class='ocrx_word' id='word_1_898' title='bbox 2598 5044 2872 5099; x_wconf 90' lang='grc' dir='ltr'>κοινωνίαν</span> <span class='ocrx_word' id='word_1_899' title='bbox 2898 5047 2999 5110; x_wconf 78' lang='grc' dir='ltr'>τῆς</span> <span class='ocrx_word' id='word_1_900' title='bbox 3028 5042 3233 5122; x_wconf 73' lang='grc' dir='ltr'>φύσεως</span> <span class='ocrx_word' id='word_1_901' title='bbox 3266 5046 3283 5072; x_wconf 88' lang='lat'><strong>‘</strong></span> <span class='ocrx_word' id='word_1_902' title='bbox 3316 5041 3352 5110; x_wconf 74' lang='grc' dir='ltr'><strong>ἢ</strong></span> <span class='ocrx_word' id='word_1_903' title='bbox 3417 5042 3513 5109; x_wconf 79' lang='grc' dir='ltr'>τὴν</span> <span class='ocrx_word' id='word_1_904' title='bbox 3562 5063 3660 5117; x_wconf 89' lang='grc' dir='ltr'><strong>μεν</strong></span> <span class='ocrx_word' id='word_1_905' title='bbox 3716 5041 3843 5118; x_wconf 82' lang='grc' dir='ltr'>πρὸς</span> <span class='ocrx_word' id='word_1_906' title='bbox 3871 5036 3953 5091; x_wconf 82' lang='grc' dir='ltr'>τὸν</span> 
     </span>
    </p>
   </div>
   <div class='ocr_carea' id='block_1_116' title="bbox 2324 5128 3954 5211">
    <p class='ocr_par' dir='ltr' id='par_1_116' title="bbox 2324 5128 3954 5211">
     <span class='ocr_line' id='line_1_117' title="bbox 2324 5128 3954 5211; baseline -0.005 -23"><span class='ocrx_word' id='word_1_907' title='bbox 2324 5130 2530 5211; x_wconf 86' lang='grc' dir='ltr'>Πατέρα</span> <span class='ocrx_word' id='word_1_908' title='bbox 2558 5133 2835 5189; x_wconf 69' lang='grc' dir='ltr'>κοινωδίαν</span> <span class='ocrx_word' id='word_1_909' title='bbox 2863 5138 2958 5209; x_wconf 74' lang='grc' dir='ltr'><strong>τῇς</strong></span> <span class='ocrx_word' id='word_1_910' title='bbox 3014 5131 3216 5211; x_wconf 75' lang='grc' dir='ltr'>φύσεως</span> <span class='ocrx_word' id='word_1_911' title='bbox 3273 5129 3396 5210; x_wconf 77' lang='grc' dir='ltr'>ἕξει,</span> <span class='ocrx_word' id='word_1_912' title='bbox 3457 5133 3530 5195; x_wconf 85' lang='grc' dir='ltr'>ὡς</span> <span class='ocrx_word' id='word_1_913' title='bbox 3599 5133 3663 5188; x_wconf 74' lang='grc' dir='ltr'><strong>ἐκ</strong></span> <span class='ocrx_word' id='word_1_914' title='bbox 3717 5136 3807 5185; x_wconf 87' lang='grc' dir='ltr'><strong>τοῦ</strong></span> <span class='ocrx_word' id='word_1_915' title='bbox 3836 5128 3954 5183; x_wconf 87' lang='grc' dir='ltr'>Θεοῦ</span> 
     </span>
    </p>
   </div>
   <div class='ocr_carea' id='block_1_117' title="bbox 2324 5216 3956 5300">
    <p class='ocr_par' dir='ltr' id='par_1_117' title="bbox 2324 5216 3956 5300">
     <span class='ocr_line' id='line_1_118' title="bbox 2324 5216 3956 5300; baseline -0.005 -23"><span class='ocrx_word' id='word_1_916' title='bbox 2324 5221 2412 5277; x_wconf 83' lang='grc' dir='ltr'><strong>καὶ</strong></span> <span class='ocrx_word' id='word_1_917' title='bbox 2436 5220 2576 5300; x_wconf 73' lang='grc' dir='ltr'>παρά</span> <span class='ocrx_word' id='word_1_918' title='bbox 2606 5228 2697 5277; x_wconf 89' lang='grc' dir='ltr'><strong>τοῦ</strong></span> <span class='ocrx_word' id='word_1_919' title='bbox 2725 5223 2929 5295; x_wconf 76' lang='grc' dir='ltr'>Πατρός</span> <span class='ocrx_word' id='word_1_920' title='bbox 2989 5221 3071 5294; x_wconf 85' lang='grc' dir='ltr'>ὃν,</span> <span class='ocrx_word' id='word_1_921' title='bbox 3116 5221 3246 5298; x_wconf 78' lang='grc' dir='ltr'>πρὸς</span> <span class='ocrx_word' id='word_1_922' title='bbox 3304 5217 3357 5276; x_wconf 78' lang='grc' dir='ltr'><strong>δὲ</strong></span> <span class='ocrx_word' id='word_1_923' title='bbox 3414 5220 3506 5276; x_wconf 78' lang='grc' dir='ltr'><strong>τὸν</strong></span> <span class='ocrx_word' id='word_1_924' title='bbox 3588 5220 3710 5276; x_wconf 77' lang='grc' dir='ltr'>ι’ῖὸν</span> <span class='ocrx_word' id='word_1_925' title='bbox 3765 5216 3956 5278; x_wconf 85' lang='grc' dir='ltr'>ἐκείνην</span> 
     </span>
    </p>
   </div>
   <div class='ocr_carea' id='block_1_118' title="bbox 2324 5300 3957 5385">
    <p class='ocr_par' dir='ltr' id='par_1_118' title="bbox 2324 5300 3957 5385">
     <span class='ocr_line' id='line_1_119' title="bbox 2324 5300 3957 5385; baseline -0.004 -20"><span class='ocrx_word' id='word_1_926' title='bbox 2324 5308 2427 5376; x_wconf 78' lang='grc' dir='ltr'>ἔξει</span> <span class='ocrx_word' id='word_1_927' title='bbox 2505 5310 2603 5379; x_wconf 75' lang='grc' dir='ltr'>τὴν</span> <span class='ocrx_word' id='word_1_928' title='bbox 2671 5309 2970 5377; x_wconf 76' lang='grc' dir='ltr'>οἰκειότητα</span> <span class='ocrx_word' id='word_1_929' title='bbox 3024 5312 3096 5374; x_wconf 83' lang='grc' dir='ltr'>ὡς</span> <span class='ocrx_word' id='word_1_930' title='bbox 3156 5308 3339 5371; x_wconf 75' lang='grc' dir='ltr'>ἁπλῶς</span> <span class='ocrx_word' id='word_1_931' title='bbox 3391 5308 3606 5385; x_wconf 75' lang='grc' dir='ltr'>Πνεῦμα</span> <span class='ocrx_word' id='word_1_932' title='bbox 3683 5310 3824 5379; x_wconf 83' lang='grc' dir='ltr'>Υίοῦ,</span> <span class='ocrx_word' id='word_1_933' title='bbox 3878 5300 3957 5358; x_wconf 77' lang='grc' dir='ltr'><strong>καὶ</strong></span> 
     </span>
    </p>
   </div>
   <div class='ocr_carea' id='block_1_119' title="bbox 2325 5390 3955 5477">
    <p class='ocr_par' dir='ltr' id='par_1_119' title="bbox 2325 5390 3955 5477">
     <span class='ocr_line' id='line_1_120' title="bbox 2325 5390 3955 5477; baseline -0.005 -22"><span class='ocrx_word' id='word_1_934' title='bbox 2325 5405 2539 5475; x_wconf 91' lang='grc' dir='ltr'>Πνεῦμα</span> <span class='ocrx_word' id='word_1_935' title='bbox 2605 5397 2875 5465; x_wconf 81' lang='grc' dir='ltr'>ἀληθείας,</span> <span class='ocrx_word' id='word_1_936' title='bbox 2940 5398 3057 5466; x_wconf 68' lang='grc' dir='ltr'>ἥτις</span> <span class='ocrx_word' id='word_1_937' title='bbox 3137 5396 3414 5477; x_wconf 78' lang='grc' dir='ltr'>ἀλλότριον</span> <span class='ocrx_word' id='word_1_938' title='bbox 3513 5399 3612 5465; x_wconf 78' lang='grc' dir='ltr'>τῆς</span> <span class='ocrx_word' id='word_1_939' title='bbox 3672 5398 3802 5477; x_wconf 76' lang='grc' dir='ltr'>πρὸς</span> <span class='ocrx_word' id='word_1_940' title='bbox 3875 5390 3955 5447; x_wconf 77' lang='grc' dir='ltr'>τὸν</span> 
     </span>
    </p>
   </div>
   <div class='ocr_carea' id='block_1_120' title="bbox 2336 5483 3954 5569">
    <p class='ocr_par' dir='ltr' id='par_1_120' title="bbox 2336 5483 3954 5569">
     <span class='ocr_line' id='line_1_121' title="bbox 2336 5483 3954 5569; baseline -0.007 -23"><span class='ocrx_word' id='word_1_941' title='bbox 2336 5490 2455 5546; x_wconf 76' lang='grc' dir='ltr'>Υίδν</span> <span class='ocrx_word' id='word_1_942' title='bbox 2483 5488 2706 5569; x_wconf 73' lang='grc' dir='ltr'>φυσικῆς</span> <span class='ocrx_word' id='word_1_943' title='bbox 2754 5489 3029 5552; x_wconf 90' lang='grc' dir='ltr'>κοινωνίας</span> <span class='ocrx_word' id='word_1_944' title='bbox 3086 5486 3230 5543; x_wconf 80' lang='grc' dir='ltr'>ἐάσει</span> <span class='ocrx_word' id='word_1_945' title='bbox 3290 5486 3436 5549; x_wconf 70' lang='grc' dir='ltr'>αὐτό.</span> <span class='ocrx_word' id='word_1_946' title='bbox 3500 5489 3559 5545; x_wconf 84' lang='grc' dir='ltr'><strong>Εἰ</strong></span> <span class='ocrx_word' id='word_1_947' title='bbox 3627 5485 3683 5543; x_wconf 73' lang='grc' dir='ltr'><strong>δὲ</strong></span> <span class='ocrx_word' id='word_1_948' title='bbox 3728 5483 3954 5543; x_wconf 76' lang='grc' dir='ltr'>θάλουσιν</span> 
     </span>
    </p>
   </div>
   <div class='ocr_carea' id='block_1_121' title="bbox 2328 5573 3953 5656">
    <p class='ocr_par' dir='ltr' id='par_1_121' title="bbox 2328 5573 3953 5656">
     <span class='ocr_line' id='line_1_122' title="bbox 2328 5573 3953 5656; baseline -0.006 -19"><span class='ocrx_word' id='word_1_949' title='bbox 2328 5582 2374 5637; x_wconf 77' lang='grc' dir='ltr'>οἱ</span> <span class='ocrx_word' id='word_1_950' title='bbox 2404 5578 2509 5635; x_wconf 82' lang='grc' dir='ltr'>νέοι</span> <span class='ocrx_word' id='word_1_951' title='bbox 2538 5577 2778 5656; x_wconf 76' lang='grc' dir='ltr'>θεολόγοι</span> <span class='ocrx_word' id='word_1_952' title='bbox 2834 5578 2922 5635; x_wconf 85' lang='grc' dir='ltr'>καὶ</span> <span class='ocrx_word' id='word_1_953' title='bbox 2970 5577 3067 5645; x_wconf 72' lang='grc' dir='ltr'><strong>τὴν</strong></span> <span class='ocrx_word' id='word_1_954' title='bbox 3115 5573 3385 5652; x_wconf 85' lang='grc' dir='ltr'>θεολογίαν</span> <span class='ocrx_word' id='word_1_955' title='bbox 3442 5582 3533 5633; x_wconf 88' lang='grc' dir='ltr'><strong>τοῦ</strong></span> <span class='ocrx_word' id='word_1_956' title='bbox 3585 5574 3814 5655; x_wconf 87' lang='grc' dir='ltr'>μέγαλου</span> <span class='ocrx_word' id='word_1_957' title='bbox 3855 5578 3953 5627; x_wconf 74' lang='grc' dir='ltr'><strong>Βα-</strong></span> 
     </span>
    </p>
   </div>
  </div>
