4150 6292
491 386 609 457 419

1568 392 1778 458 JOAN.
1824 390 2045 458 VECCI
2083 386 2194 453 ΟΡ.
2241 384 2753 455 ΡΑΤΒΙΑΒΕΗΑΞ

3748 381 3869 448 420

500 553 525 583 α
560 527 819 589 tionibus
849 544 945 598 ex,
981 536 1037 588 et
1067 525 1278 607 abper
1303 535 1485 587 totum
1523 525 1799 601 utitur,et
1829 546 1896 588 ex
1928 526 2051 588 Deo
2076 544 2107 586 e

2222 548 2249 582 α
2296 548 2428 603 σεως
2460 526 2785 605 ἑρμηνεύων,
2843 540 2962 592 ταῖς
3019 527 3291 607 προθέσεσι
3334 532 3403 604 τῇ
3442 547 3500 582 τε
3554 526 3617 583 ἐκ
3657 526 3746 582 καὶ
3791 531 3865 602 τῇ

500 642 526 672 ιι
559 636 592 677 a
620 622 790 679 Patre
820 616 983 678 illum
1016 616 1297 677 in-inuat.
1334 614 1445 679 Hic
1486 633 1625 678 vero
1660 615 1915 695 Spiritus
1946 625 2004 677 et
2028 615 2133 678 Fi-

500 731 524 761 ι
562 707 623 768 lii
656 705 811 767 idem
847 712 1066 765 natura;
1097 712 1154 764 et
1197 708 1469 766 essentne
1518 712 1742 765 tantum
1805 723 2129 785 exponens,

498 820 524 851 ιι
562 815 678 856 non
701 812 836 855 vero
870 792 1336 871 processionetn,
1370 792 1589 854 nullam
1614 811 1693 861 ex
1727 793 1815 856 his
1843 792 2133 874 praeposi-

498 907 519 938 α
558 883 819 945 tionibus
841 888 1103 959 usurpat,
1134 880 1234 943 sed
1263 880 1624 962 simpliciter
1646 890 1705 941 et
1729 882 1860 943 sine
1891 882 2007 944 illis
2025 882 2131 944 Dei

495 995 522 1026 α
555 969 773 1032 ChriSti
799 968 1081 1048 Spiritum
1138 978 1458 1050 nuncupat,
1492 969 1754 1030 divinum
1790 986 2129 1049 praeconem

495 1084 520 1115 α
555 1058 797 1120 Paulum
828 1056 1040 1118 similis
1060 1055 1345 1120 doeirinaa
1365 1066 1574 1120 testem
1605 1058 1766 1118 omni
1781 1058 2130 1139 exceptione

493 1172 519 1204 α
558 1148 845 1227 majorem
877 1145 1210 1207 adducens.
1316 1210 1321 1213 ,

1130 1418 1466 1498 Refutatt'o.

566 1524 629 1588 Si
661 1542 731 1585 ex
765 1541 835 1584 eo
866 1520 1019 1602 quod
1052 1538 1231 1582 aurea
1253 1521 1592 1602 eloquentia
1637 1523 1916 1602 praeditus
1958 1522 2131 1584 Pater

486 1613 742 1695 Spiritus
772 1610 1211 1692 processionem
1245 1628 1577 1690 exponens,
1610 1630 1684 1674 ex
1705 1621 1762 1673 et
1791 1612 1864 1675 ab
1897 1631 2129 1693 praepo-

2221 636 2248 670 α
2295 615 2436 694 παρὰ
2480 614 2665 672 ’διόλου
2719 615 2916 695 χρῆται
2960 616 3020 673 ἐκ
3074 622 3164 674 τοῦ
3207 623 3361 693 Θεοῦ,
3430 617 3518 673 καὶ
3572 616 3714 695 παρὰ
3774 616 3869 670 τοῦ

2219 727 2245 762 ι
2293 705 2495 780 Πατρὸς
2556 704 2754 771 ταύτην
2821 702 3084 761 διδάσκων
3118 724 3130 738 ·
3214 705 3430 763 ἐνταῦθα
3517 703 3572 760 δὲ
3624 707 3724 771 τὴν
3775 711 3870 760 τοῦ

2223 811 2247 847 ιι
2292 794 2412 849 Υἱοῦ
2461 794 2549 849 καὶ
2604 802 2698 851 τοῦ
2769 794 3069 870 Πνεύματος
3123 800 3393 873 παριστῶν
3450 793 3866 872 ὁμοουσιότητα,

2221 901 2250 935 α
2293 882 2381 936 καί
2433 882 2531 948 τὴν
2600 886 2698 948 τῆς
2753 882 2955 962 φύσεως
3012 882 3311 950 ταυτότητα
3365 888 3556 958 μόνην,
3618 884 3678 939 οῦ
3752 883 3864 958 μὴν

2221 990 2248 1024 α
2295 969 2385 1025 καὶ
2427 970 2523 1036 τὴν
2554 969 2887 1049 ἐκπόρευσιν,
2921 968 3135 1045 οὐδεμιᾷ
3191 975 3294 1028 τῶν
3349 973 3599 1028 τοιούτων
3655 976 3864 1051 χρῆται

2221 1078 2244 1114 ιι
2291 1057 2609 1136 προθέσεων,
2640 1058 2759 1115 ἀλλ’
2792 1058 2975 1123 ἁπλῶς
3032 1057 3197 1124 οὕτως
3249 1059 3369 1118 ἄνευ
3396 1062 3565 1118 αὐτῶν
3593 1067 3687 1118 τοῦ
3729 1068 3864 1118 Θεοῦ

2218 1168 2248 1202 α
2278 1149 2365 1203 καὶ
2432 1153 2524 1203 τοῦ
2590 1154 2814 1226 Χριστοῦ
2868 1146 3012 1227 λέγει
3063 1150 3125 1205 τὸ
3195 1154 3431 1226 Πνεῦμα,
3500 1151 3589 1208 τὸν
3659 1152 3859 1220 θεοκή-

2218 1253 2243 1291 α
2277 1256 2405 1314 ρυκα
2456 1233 2662 1294 Παῦλον
2718 1230 2969 1315 παράγων
3041 1242 3140 1306 τῆς
3210 1240 3460 1305 τοιαύτης
3518 1236 3854 1303 διδασκαλίας

2218 1343 2243 1379 ι
2277 1321 2688 1402 ἀπαρέγραπτον
2718 1326 2978 1406 μάρτυρα.
3015 1349 3038 1380 ι

2848 1422 3199 1503 Ἀντίῤῥησις,

2290 1516 2458 1598 Εἴπερ
2527 1520 2614 1577 οῦν
2670 1518 2755 1578 διὰ
2823 1522 2905 1597 τὸ,
2978 1523 3070 1578 τὸν
3169 1520 3579 1600 Χρυσυῤῥήμονα
3647 1523 3858 1604 Πατέρα

2209 1609 2385 1686 ἡμῶν,
2449 1611 2566 1687 περὶ
2635 1610 2732 1684 μὲν
2802 1615 2902 1677 τῆς
2970 1617 3066 1667 τοῦ
3122 1611 3426 1686 Πνεύματος
3496 1610 3858 1692 ἐκπορεύσεως

484 1702 802 1767 sitionibus
852 1717 959 1779 per
1001 1706 1183 1760 totum
1245 1699 1454 1775 utitur,
1486 1700 1547 1761 in
1569 1702 1694 1780 jam
1735 1720 1873 1762 vero
1905 1701 2107 1780 digesta

2211 1696 2560 1775 ἐρμηνεύοντα
2590 1710 2711 1763 ταῖς
2768 1698 3040 1778 προθέσεσι
3078 1704 3147 1774 τῇ
3190 1719 3246 1754 τε
3288 1697 3372 1777 ἐκ,
3429 1700 3515 1755 καὶ
3568 1705 3636 1776 τῇ
3687 1702 3853 1779 παρὰ,

485 1809 730 1854 Suorum
763 1805 1105 1850 sermonum
1131 1787 1662 1868 pericope,nullam
1689 1808 1757 1851 ex
1786 1790 1959 1851 dictis
1974 1808 2107 1870 pra;-

2211 1789 2441 1865 χρὴσθαι
2501 1784 2698 1860 διόλου,
2749 1789 2804 1843 ἐν
2869 1785 2924 1843 δὲ
2980 1793 3049 1863 τῇ
3106 1784 3209 1854 ἤδη
3264 1786 3478 1865 ῥηθείσῃ
3537 1794 3639 1846 τῶν
3698 1791 3858 1849 αὐτοῦ

486 1878 881 1961 positionibus
898 1876 1277 1955 usurpat,sed
1294 1876 1650 1957 simpliciter
1672 1888 1727 1940 et
1757 1878 1979 1959 absque
2008 1878 2125 1940 illis

483 1967 758 2050 spiritum
800 1965 906 2027 Dei
936 1974 994 2026 et
1023 1963 1297 2043 spiritum
1328 1965 1548 2027 Christi
1578 1966 2126 2047 nuncupat,abnuis

483 2058 685 2119 dicere
708 2054 983 2135 spiritum
997 2053 1171 2116 etiam
1205 2070 1274 2115 ex
1304 2053 1452 2115 Filio
1473 2072 1629 2131 esse,
1662 2057 1817 2117 haud
1845 2056 2004 2136 justa
2032 2057 2121 2118 la-

481 2148 591 2227 cis,
625 2145 765 2207 dum
820 2142 1040 2221 refugis
1099 2141 1377 2221 spiritum
1431 2163 1502 2205 ex
1551 2145 1702 2207 Filio
1746 2145 2037 2225 proﬁteri,
2069 2145 2122 2206 si

484 2235 761 2298 eumdem
794 2232 986 2311 ipsum
1019 2230 1128 2291 tibi
1181 2233 1535 2294 constituam
1567 2233 2019 2314 decernentem,
2051 2252 2123 2296 ex

482 2323 633 2386 Filio
663 2339 797 2383 esse
834 2318 1120 2399 Spiritum
1172 2326 1466 2380 sanctum.
1500 2321 1610 2383 Hic
1642 2322 1802 2383 enim
1855 2323 2123 2385 oratione

482 2412 558 2473 de
586 2409 997 2472 Incaruatione
1027 2405 1264 2468 Domini
1292 2409 1476 2469 nostri
1507 2408 1648 2471 Jesu
1681 2411 1920 2483 Christi,
1953 2413 2121 2489 cujus

480 2498 835 2581 principium
887 2506 976 2558 est
1029 2515 1042 2554 :
1109 2519 1132 2551 ι
1172 2497 1327 2557 Vere
1384 2497 1660 2578 apparuit
1705 2498 1876 2560 nobis
1926 2498 2123 2561 divina

2206 1873 2378 1953 λόγων
2435 1880 2700 1954 περικοπῆ
2761 1874 2977 1951 οὒδεμιᾷ
3063 1882 3156 1932 τοῦ
3233 1875 3485 1932 τοιούτων
3555 1877 3855 1956 προθέσεων

2206 1964 2528 2043 χρήσασθαι.
2586 1962 2707 2020 ἀλλ’
2775 1963 2959 2028 ἆπλὼς
3012 1964 3178 2027 οὕτως
3233 1962 3355 2020 ἄνευ
3409 1966 3515 2021 τῶν
3555 1967 3856 2046 προθέσεων

2203 2052 2405 2109 τούτων
2454 2051 2628 2131 λέγειν
2669 2052 2730 2108 τὸ
2772 2057 2984 2126 Πνεῦμα
3035 2052 3128 2109 τοῦ
3206 2059 3359 2128 Θεοῦ,
3427 2054 3516 2110 καὶ
3567 2057 3660 2111 τοῦ
3713 2062 3854 2135 Χρι-

2204 2148 2330 2199 στοῦ
2396 2148 2624 2217 πνεῦμα,
2711 2143 2772 2199 06
2855 2140 2993 2222 δέχῃ
3098 2141 3239 2199 εἶναι
3346 2143 3409 2199 τὸ
3488 2148 3692 2219 πνεῦμα
3761 2147 3855 2201 καὶ

2203 2228 2263 2284 ἐκ
2317 2230 2408 2286 τοῦ
2467 2233 2603 2306 ι’ἱοῦ,
2695 2228 2867 2288 οὐκέτ’
2951 2230 3012 2286 ἄν
3069 2230 3192 2298 εἴης
3263 2228 3462 2293 δίκαιος
3531 2231 3853 2312 ἀπαρνήσα-

2203 2322 2318 2375 σθαι
2367 2320 2430 2375 τὸ
2486 2319 2546 2375 ἐκ
2598 2341 2691 2377 του
2774 2322 2897 2376 Υἱοῦ
2965 2318 3138 2397 λέγειν
3199 2322 3261 2377 τὸ
3303 2327 3532 2397 πνεῦμα,
3592 2320 3682 2378 ἐὰν
3751 2324 3853 2380 αῦ-

2201 2406 2291 2461 τὸν
2372 2405 2578 2463 ἐκεῖνόν
2651 2428 2732 2464 σοι
2814 2409 3140 2487 παραστήσω
3213 2406 3558 2486 θεολογοῦντα
3624 2410 3684 2465 ἐκ
3754 2417 3853 2467 τοῦ

2210 2496 2330 2551 Υἱοῦ
2360 2495 2501 2551 εἶναι
2530 2496 2591 2551 τὸ
2650 2501 2861 2570 Πνεῦμα
2914 2497 2976 2552 τὸ
3029 2495 3200 2575 ἅγιον.
3265 2498 3428 2561 Οὗτος
3493 2499 3581 2553 καὶ
3637 2498 3736 2577 γὰρ
3789 2501 3852 2555 ὲν

478 2579 685 2670 gratia,
725 2615 749 2645 ι
778 2587 1013 2685 inquit;
1046 2612 1064 2643 ι
1103 2587 1375 2685 Accessit
1409 2588 1677 2653 Christus
1703 2590 1772 2652 ad
1808 2609 1936 2671 nos,
1962 2589 2107 2653 dedit

2206 2584 2283 2658 τῷ
2351 2584 2425 2646 εἰς
2459 2583 2580 2651 τὴν
2637 2583 3028 2663 ἐνανθρώπησιν
3085 2587 3177 2642 τοῦ
3227 2585 3413 2685 Κυρίου
3458 2579 3613 2660 ἡμῶν
3669 2584 3851 2653 Ἰησοῦ

476 2680 669 2757 nobis,
695 2677 794 2759 qui
826 2696 894 2739 ex
918 2695 988 2738 eo
1015 2683 1124 2756 est,
1154 2676 1452 2757 spiritum,
1483 2687 1540 2740 et
1588 2698 1804 2760 corpus
1856 2688 2107 2742 nustrun

2205 2677 2428 2751 Χριστοῦ
2454 2672 2600 2752 λόγῳ
2655 2675 2834 2754 αὐτοῦ,
2886 2673 2944 2730 06
2984 2675 3020 2742 ἡ
3053 2672 3224 2753 ἀρχὴ,
3264 2691 3288 2725 ι
3337 2672 3550 2738 ⁷Ὀντως
3608 2675 3847 2755 ἐπεφάνη

473 2766 813 2848 assumpsit.
850 2788 879 2826 ι
916 2767 989 2828 Ει
1018 2774 1289 2827 sanctum
1319 2767 1558 2847 quidem
1592 2768 1653 2830 in
1698 2769 1925 2848 digesta
1955 2770 2119 2850 peri-

474 2875 627 2938 cope
658 2856 835 2918 dictis
878 2853 1397 2935 praepositionibus
1426 2875 1598 2918 usum
1631 2877 1748 2918 non
1784 2858 1989 2936 fuisse,
2013 2878 2112 2920 ac-

474 2956 679 3013 curata
708 2957 803 3008 tua
835 2946 944 3008 ista
974 2946 1486 3009 animadversione
1530 2949 1824 3011 adnostati
1851 2973 1863 3009 :
1898 2959 1956 3011 at
1977 2970 2115 3013 vero

468 3037 634 3098 illum
658 3035 1012 3111 asseruisse,
1049 3034 1208 3096 idem
1237 3035 1598 3116 esse;dicere
1627 3038 1896 3118 spiritum
1926 3038 2118 3115 Dei,et

2202 2761 2339 2836 ἡμῖν
2366 2763 2401 2829 ἡ
2454 2769 2547 2819 τοῦ
2604 2762 2735 2819 Θεοῦ
2777 2762 2959 2842 χάρις,
2997 2788 3022 2821 ι
3076 2764 3233 2842 φησίν
3268 2779 3282 2793 ⁶
3331 2784 3360 2817 α
3407 2761 3572 2820 Πλθεν
3626 2765 3655 2820 6
3711 2771 3847 2844 Χρι-

2204 2850 2327 2913 στὸς
2369 2852 2501 2928 πρὸς
2549 2852 2715 2926 ἡμᾶς,
2773 2849 2964 2906 ἔδωκεν
3005 2851 3142 2927 ἡμῖν
3204 2852 3264 2907 τὸ
3319 2848 3372 2917 ἐξ
3413 2850 3571 2908 αὐτοῦ
3610 2859 3842 2929 πνεῦμα,

2201 2941 2297 2993 καὶ
2346 2936 2631 2996 ἀνελάϐετο
2671 2940 2732 2995 τὸ
2801 2938 3057 3017 ἡμέτερον
3125 2944 3301 3015 σῶμα.
3336 2967 3361 2999 ι
3439 2940 3539 2997 Καὶ
3594 2938 3675 2997 ὅτι
3743 2944 3846 3017 μὲν

2199 3026 2254 3083 ἐν
2308 3032 2377 3104 τῇ
2444 3028 2662 3104 τοιαύτῃ
2730 3034 2994 3106 περικοπῇ
3062 3030 3090 3084 6
3157 3027 3309 3107 ἅγιος
3388 3040 3507 3093 ταῖς
3567 3026 3836 3106 ῥηθείσαις

469 3126 743 3210 spiritum
786 3123 1044 3199 Christi,
1095 3113 1388 3206 tanquam‘
1431 3132 1527 3186 tua
1602 3113 2107 3191 animadversione

2198 3115 2502 3194 προθέσεσιν
2586 3119 2687 3210 ρῦκ
2777 3115 3071 3210 ἐχρήσατο,
3137 3118 3336 3196 πάνυγε
3417 3113 3662 3195 ἀκριϐοῦς
3743 3124 3845 3186 τῆς

467 3202 714 3280 minime
742 3214 985 3294 dignum
1010 3202 1345 3294 neglexisti.
1371 3213 1441 3276 Et
1462 3223 1658 3277 tamen
1691 3215 1839 3277 illud
1870 3214 2107 3279 maximi

2196 3203 2502 3269 ἐπιστασίας
2546 3202 2771 3274 ἠξίωσας
2803 3220 2820 3239 ⁸
2867 3204 2947 3261 ὅτι
3002 3203 3059 3261 δὲ
3101 3204 3202 3285 ἔφη
3235 3222 3253 3238 ·
3286 3204 3430 3263 Ἴσον
3472 3205 3611 3263 ἐστὶν
3668 3209 3844 3264 εἰπεῖν

448 3305 704 3367 .videtur
734 3321 867 3366 esse
899 3302 1185 3365 momenti
1212 3301 1286 3363 ad
1325 3303 1878 3382 demonstrandum,
1915 3306 2109 3385 Spiri-

468 3404 591 3456 tum
624 3411 756 3455 esse
787 3393 963 3454 etiam
995 3410 1063 3453 ex
1092 3392 1265 3454 Filio.
1299 3390 1566 3475 Namque
1597 3394 1647 3455 si
1697 3394 1855 3456 idem
1886 3404 1975 3456 est
2010 3396 2108 3457 di-

462 3500 621 3557 cere,
655 3480 926 3561 spiritum
958 3480 1153 3551 Dei,et
1183 3479 1455 3559 spiritum
1511 3481 1749 3558 Christi,
1810 3484 2101 3564 quemad-

463 3571 709 3633 modum
739 3589 809 3630 ex
866 3570 988 3632 Deo
1038 3582 1155 3638 est.
1208 3569 1346 3650 quia
1400 3571 1644 3652 spiritus
1674 3572 1779 3634 Dei
1811 3581 1939 3648 est;
1979 3575 2108 3655 pari

461 3659 696 3722 ratione
716 3665 775 3718 et
796 3675 864 3719 ex
886 3656 1035 3719 Filio
1068 3665 1177 3733 est,
1212 3658 1350 3738 quia
1380 3660 1622 3740 spiritus
1650 3659 1780 3722 Filii
1814 3669 1923 3723 est.

967 3936 1065 4000 Ea
1096 3936 1298 3998 eadem
1328 3936 1602 4001 humilia.

538 4035 634 4097 IX.
679 4055 707 4096 ‹
731 4034 792 4098 Si
821 4041 1016 4096 autem
1043 4032 1307 4095 audieris
1336 4033 1633 4098 dicentem
1669 4058 1683 4097 :
1726 4038 1984 4103 «Mittam
2003 4058 2103 4102 vo-

461 4149 489 4182 α
524 4124 616 4188 bis
638 4123 919 4205 Spiritum
948 4123 1343 4198 sanctumﬁh
1357 4142 1433 4186 ne
1455 4126 1781 4189 secundum
1809 4126 2096 4190 Deitatem

459 4236 487 4270 α
520 4213 797 4294 accipias.
833 4212 992 4274 Deus
1027 4211 1186 4274 enim
1222 4230 1338 4273 non
1373 4214 1647 4277 mittitur.
1681 4215 1934 4279 Nomina
1960 4226 2097 4279 sunt

457 4326 487 4359 α
521 4303 645 4364 haec
674 4302 1082 4383 operationem
1114 4300 1527 4376 signiﬁcantia,
1579 4321 1649 4366 eo
1698 4305 1855 4384 quod
1901 4300 2095 4369 omnis

456 4415 485 4447 α
520 4391 621 4471 qui
651 4390 855 4459 mittit,
881 4389 944 4450 in
972 4389 1071 4451 illa
1104 4390 1281 4451 mittit
1308 4390 1459 4466 loca,
1492 4391 1552 4453 in
1584 4392 1798 4474 quibus
1830 4414 1947 4456 non
1977 4405 2090 4459 est.

2191 3299 2397 3369 πνεῦμα
2468 3296 2600 3352 Θεοῦ
2667 3296 2754 3351 καὶ
2811 3296 3025 3369 Πνεῦμα
3078 3296 3325 3373 Χριστοῦ,
3385 3292 3522 3352 ἀλλὰ
3575 3296 3729 3353 τοῦτό
3779 3317 3845 3375 γε

2191 3380 2410 3462 ἄμοιρον
2467 3382 2772 3446 ἐπιστασίας
2851 3381 3125 3461 παρεῖδες.
3184 3384 3256 3441 Τὸ
3337 3379 3393 3439 δὲ
3470 3383 3678 3453 πολλὴν
3730 3386 3836 3452 τὴν

2188 3469 2344 3549 ἰσχὺν
2412 3468 2531 3551 ἔχει
2588 3472 2719 3549 πρὸς
2788 3469 3049 3537 ἀπόδειξιν
3116 3472 3211 3527 τοῦ
3296 3472 3437 3528 εἶναι
3492 3474 3554 3529 τὸ
3626 3478 3837 3549 πνεῦμα

2188 3560 2277 3614 καὶ
2343 3558 2405 3615 ἐκ
2444 3568 2537 3618 τοῦ
2605 3560 2745 3622 Υἱοῦ.
2796 3561 2856 3617 Εἰ
2910 3561 3009 3638 γὰρ
3038 3558 3159 3616 ἴσον
3200 3559 3341 3616 ἐστιν
3397 3560 3569 3618 εἰπεῖν
3629 3571 3841 3637 πνεῦμα

2189 3651 2321 3702 Θεοῦ
2362 3648 2449 3703 καὶ
2490 3653 2699 3725 Πνεῦμα
2754 3655 3002 3728 Χριστοῦ,
3073 3647 3252 3727 ὥσπερ
3301 3650 3363 3705 ἐκ
3429 3657 3523 3706 τοῦ
3564 3657 3694 3707 Θεοῦ
3716 3651 3832 3708 ἐστι

2187 3731 2271 3790 διὰ
2312 3736 2372 3791 τὸ
2401 3735 2545 3792 εἶναι
2574 3743 2778 3812 πνεῦμα
2828 3743 2979 3814 Θεοῦ,
3012 3734 3148 3794 οὕτω
3209 3737 3296 3794 καὶ
3348 3736 3409 3794 ἐκ
3450 3744 3541 3795 τοῦ
3574 3740 3695 3797 Υἶοῦ
3719 3735 3831 3797 ἐστῖ

2187 3820 2271 3879 διὰ
2300 3825 2360 3879 τὸ
2402 3824 2545 3880 εἶναι
2571 3831 2784 3901 Πνεῦμα
2814 3828 2957 3887 Υἱσῦ.

2645 3919 2738 3981 Ἐγ
2783 3928 2882 3990 τῆς
2927 3925 3087 3990 αὗτῆς
3131 3922 3361 3999 ὁμιλίας,

2170 4016 2178 4034 ’
2267 4013 2375 4085 [Λέ.
2417 4051 2439 4083 ι
2472 4023 2597 4084 Ἐὰν
2637 4022 2691 4080 δὲ
2719 4024 2949 4103 ἀκούσῃς
2997 4022 3244 4104 λέγοντος
3301 4048 3327 4082 ιι
3361 4025 3671 4086 Ἀποστελῶ
3698 4030 3829 4104 ὑμῖν

2185 4130 2215 4173 ι
2247 4115 2307 4170 τὸ
2351 4119 2562 4189 Πνεῦμα
2594 4114 2676 4189 ,τὸ
2712 4113 2884 4193 ἅγιον,
2918 4133 2949 4174 ι
2998 4113 3076 4190 μὴ
3128 4115 3227 4182 τὴν
3271 4115 3509 4183 Θεότητα
3564 4115 3820 4195 ἐκλάϐῃς,

2184 4224 2208 4259 σ
2246 4204 2374 4268 Θεὸς
2418 4203 2518 4285 γάρ
2568 4204 2662 4260 οὒκ
2702 4201 3107 4262 ἀποστέλλεται.
3156 4200 3425 4279 Ὀνόματά
3494 4205 3603 4261 ἐστι
3661 4212 3825 4262 ταῦτα

2182 4314 2211 4348 α
2246 4293 2344 4360 την
2377 4292 2637 4371 ἐνέργειαν
2690 4294 3036 4368 σημαίνοντα,
3096 4296 3212 4350 οἷον
3253 4299 3357 4356 πᾶς
3401 4296 3429 4350 6
3483 4294 3824 4352 ἀποστέλλων

2178 4401 2204 4433 α
2251 4383 2324 4445 εἷς
2368 4380 2592 4446 ἐκείνους
2622 4379 2933 4438 ἀποστέλλει
2972 4382 3093 4447 τοὺς
3117 4379 3331 4461 τόπους,
3365 4382 3418 4437 ἐν
3461 4384 3552 4446 οἷς
3582 4384 3661 4458 μὴ
3688 4384 3822 4461 πάρ-

457 4504 482 4536 ‹‹
516 4463 697 4559 Finge
719 4479 879 4559 quod
910 4496 1016 4556 ego
1048 4479 1257 4559 loquar
1287 4463 1463 4542 alicui
1496 4481 1557 4543 in
1602 4463 1717 4545 bac
1765 4483 1928 4547 sede.
1961 4483 2092 4547 Non

2196 4492 2221 4547 ζ
2245 4495 2408 4534 εστιν.
2472 4463 2693 4530 ’Υπόθου
2726 4480 2729 4483 ’
2761 4469 2856 4547 ἐμὲ
2939 4471 3080 4528 εἶναι
3160 4473 3249 4527 τὸν
3307 4469 3567 4555 λαλοῦντα
3622 4472 3675 4528 ἐν
3726 4479 3822 4551 ,⁷τῷ

455 4589 481 4625 σ
518 4587 754 4648 possum
787 4566 1301 4648 dicere‘cuipiam.
1351 4570 1530 4648 Veni,
1570 4572 1795 4633 mittam
1832 4582 1888 4634 te
1927 4574 2086 4652 huc;

454 4681 478 4713 ιι
516 4658 629 4719 hoc
660 4675 778 4718 non
802 4663 893 4718 est
924 4655 1289 4731 mittere,sed
1323 4658 1615 4722 collocare
1646 4670 1703 4722 et
1723 4662 1955 4724 adstare
1977 4662 2093 4725 sibi

450 4766 483 4804 ι
513 4746 730 4808 facere.
777 4744 945 4818 Quod
992 4764 1127 4806 cum
1176 4745 1334 4808 Deus
1378 4748 1600 4829 ubique
1631 4758 1759 4813 est:
1802 4776 1825 4808 ι
1863 4751 2089 4815 Caelum

451 4859 480 4890 α
514 4835 694 4909 enim,
729 4834 943 4915 inquit,
979 4840 1037 4895 et
1061 4844 1277 4896 terram
1310 4837 1554 4915 impleo,
1577 4838 2084 4904 dicitDominus.»

451 4947 478 4979 α
512 4922 638 4996 Quo
671 4922 847 4985 mittit
872 4922 975 5004 qui
996 4922 1218 5003 ubique
1245 4924 1366 4985 est?
1404 4952 1425 4981 «
1452 4924 1514 4988 Si
1544 4928 1869 4990 ascendero
1891 4929 1951 4990 in
1974 4949 2090 4992 caa-

453 5032 478 5069 ιι
512 5012 729 5086 lum,tu
761 5011 885 5075 illic
914 5028 999 5073 es:
1026 5011 1075 5072 si
1098 5010 1469 5075 descendero
1498 5014 1557 5077 in
1590 5015 2083 5091 infernum,ades:

448 5124 477 5157 α
513 5100 563 5161 si
599 5117 909 5180 sumpsero
940 5117 1165 5180 pennas
1186 5120 1348 5163 meas
1376 5102 1725 5180 diluculo,et
1748 5105 2086 5169 habitavero

450 5209 475 5246 α
512 5187 574 5248 in
607 5187 886 5250 extremis
939 5190 1370 5252 mariszetenim
1412 5210 1621 5254 manus
1670 5201 1766 5255 tua
1813 5194 1950 5257 illuc
1972 5196 2083 5258 de-

449 5299 474 5335 ιι
510 5278 689 5339 ducet
718 5294 811 5337 mc
845 5277 968 5339 '55.»
1012 5276 1294 5350 Quorsam
1332 5279 1511 5361 igitur
1554 5280 1715 5344 Deus
1748 5282 1966 5347 mittit?
1993 5282 2081 5347 Αή

446 5390 470 5424 ι
506 5365 659 5428 forte
716 5365 855 5446 quia
905 5364 1037 5446 ipse
1091 5368 1333 5447 quidem
1392 5369 1639 5452 ubique,
1672 5370 1722 5432 is
1752 5382 1949 5434 autem
1981 5374 2084 5453 qui

443 5474 475 5516 α
509 5453 783 5531 mittitur,
806 5472 922 5516 non
948 5453 1196 5537 ubique?
1216 5456 1374 5520 Misit
1405 5458 1564 5523 Deus
1585 5458 1800 5521 Filium
1832 5479 2002 5523 suum
2022 5463 2082 5525 in

446 5565 474 5599 α
508 5541 837 5606 mundum:
865 5561 1006 5604 num
1034 5551 1097 5605 ut
1129 5564 1246 5607 non
1295 5556 1646 5628 pmsentem
1702 5548 1763 5611 in
1806 5552 2027 5614 mundo
2050 5552 2082 5615 ἱ)

523 5711 587 5763 8‘5
612 5715 760 5775 Joan
781 5726 902 5786 xw,
933 5711 994 5772 7.

2181 4591 2205 4626 ι
2240 4562 2518 4638 καθίσματι
2546 4560 2716 4635 τούτῳ
2753 4579 2764 4591 ·
2810 4559 2869 4615 οὔ
2926 4556 3147 4636 δύναμαι
3206 4560 3376 4615 εἰπεῖν
3428 4581 3553 4637 τινι,
3631 4565 3814 4637 Δεῦρο,

2182 4676 2207 4708 «ι
2245 4650 2524 4709 ἀποστελῶ
2595 4671 2654 4705 σε
2682 4646 2805 4708 ὦδε.
2868 4654 3032 4707 Τοῦτο
3088 4651 3181 4707 οὒκ
3230 4647 3343 4704 ἔστι
3388 4648 3622 4724 πὲμψαι,
3680 4645 3817 4706 ἀλλὰ

2180 4768 2204 4801 ι
2242 4740 2571 4822 συγκαθίσαι,
2613 4738 2652 4807 ἢ
2692 4740 3048 4818 παραστῆναι.
3109 4738 3167 4794 Εἰ
3227 4735 3281 4792 δὲ
3324 4739 3352 4793 6
3410 4738 3538 4801 Θεὸς
3605 4758 3815 4793 παντα-

2179 4861 2201 4893 ι
2234 4838 2361 4912 χοῦ,
2399 4856 2422 4888 ι
2455 4831 2555 4887 Τὸν
2586 4830 2807 4908 οὖρανὸν
2832 4828 2932 4906 γὰρ
2981 4827 3069 4883 καὶ
3108 4826 3208 4889 τὴν
3250 4829 3351 4906 γῆν
3380 4828 3490 4905 ἐγὼ
3531 4825 3745 4904 πληρῶ,
3779 4848 3809 4882 1

2179 4945 2207 4978 ιι
2238 4929 2339 4979 ποῦ
2366 4919 2565 4994 πέμπει
2597 4919 2624 4974 6
2667 4923 2946 4997 πανταχοῦ
3000 4919 3114 4996 ὧνς
3156 4946 3178 4976 ι
3211 4915 3335 4973 Ἐὰν
3390 4913 3569 4972 ὰναϐῶ
3623 4916 3696 4979 εἷς
3723 4916 3813 4973 τὸν

2175 5040 2198 5071 σ
2233 5011 2472 5090 οὐρανὸν,
2505 5009 2578 5066 σὺ,
2625 5006 2741 5064 ἐκεῖ
2788 5007 2844 5063 εἴ
2877 5024 2894 5041 ⁸
2941 5002 3064 5063 Ἐὰν
3120 5001 3336 5061 καταϐῶ
3391 5006 3469 5068 τίς
3523 5005 3615 5061 τὸν
3656 5001 3809 5079 ᾅδην,

2173 5130 2197 5165 α
2245 5101 2400 5180 πάρει
2434 5114 2448 5128 ⁶
2509 5099 2601 5154 ἐὰν
2642 5094 2891 5157 ἀναλάϐω
2938 5095 3032 5158 τὰς
3102 5093 3362 5173 πτέρυγάς
3411 5116 3514 5170 μου
3567 5092 3686 5180 κατξ
3715 5091 3811 5169 ὄρ-

2176 5220 2198 5250 σ
2239 5178 2384 5269 θρον,
2414 5188 2502 5244 καὶ
2530 5185 2930 5251 κατασκηνώσω
2984 5184 3057 5248 εἷς
3094 5182 3161 5237 τὰ
3203 5181 3410 5262 ἔσχατα
3466 5188 3565 5248 τῆς
3605 5178 3810 5238 θαλάσ-

2176 5310 2197 5340 σ
2229 5301 2328 5347 σης
2364 5268 2378 5309 έ
2412 5276 2500 5333 καὶ
2527 5275 2627 5354 γὰρ
2648 5274 2764 5330 ἐκεῖ
2791 5274 2825 5341 ἡ
2883 5272 3003 5352 χείρ
3032 5292 3124 5327 σου
3180 5268 3441 5348 ὁδηγήσει
3494 5290 3585 5337 με.
3617 5297 3639 5329 ι
3701 5275 3809 5326 Ποῦ

2169 5394 2195 5427 ι
2226 5368 2314 5425 οῦν
2357 5370 2385 5424 6
2430 5366 2559 5428 Θεὸς
2605 5361 2967 5440 ἂποστέλλεις
3027 5356 3177 5417 Ἀλλ’
3232 5357 3330 5437 ἄρα
3387 5359 3465 5435 μὴ
3528 5359 3679 5421 οῦτὸς
3709 5357 3809 5433 μὲν

2174 5486 2195 5516 ι
2228 5464 2528 5537 πανταχοῦ,
2553 5456 2582 5511 6
2610 5450 2665 5509 δὲ
2694 5449 3153 5527 ἀποστελλόμενος
3180 5450 3242 5505 οῦ
3267 5447 3522 5528 πανταχῆ
3552 5466 3571 5529 ς
3611 5443 3808 5537 {arre-

2173 5569 2194 5602 ι
2226 5531 2443 5605 στειλεν
2472 5531 2659 5606 δ’Θεὸς
2689 5542 2779 5597 τὸν
2838 5542 2960 5598 Υίδν
3012 5539 3084 5604 είς
3124 5538 3214 5596 τὸν
3267 5537 3471 5615 κόσμον
3504 5550 3522 5570 ⁸
3560 5565 3584 5597 ι
3616 5531 3697 5616 ἆρ’
3728 5535 3805 5600 ὦς

1082 5712 1147 5764 ει
1173 5714 1399 5778 Jerem.
1432 5734 1596 5794 mu,
1625 5718 1725 5781 24.
1810 5720 1875 5771 85
1901 5723 2058 5789 Psal.
2086 5719 2369 5793 cxxxviu,
2405 5717 2444 5784 8
2471 5734 2601 5799 sqq.
