4180 6282
241 372 344 436 421
1262 370 1345 438 IN
1391 316 1785 437 CAMATERI
1820 316 2464 431 ἡΑΝΙΜΑΒνΕΗεΙΟΝ
2473 365 2576 430 ES.
3497 353 3613 422 422

248 529 269 561 ι
317 510 394 583 μὴ
453 511 689 589 παρόντα
732 510 785 567 ἐν
842 517 918 584 τῷ
959 510 1185 588 κόσμῳς
1245 508 1367 570 Πῶς
1427 506 1514 562 οῦν
1571 504 1823 570 Ἰωάννης
1856 504 1883 557 6

1989 518 1997 548 ι
2038 496 2344 568 Quomodo
2376 498 2553 578 igitur
2579 495 2839 560 Joannes
2873 492 3227 575 evangelista
3256 492 3606 557 dicitzaOm~

252 620 272 648 ι
302 583 680 677 εὑαγγελίστὴς
737 583 926 678 λέγει’
983 621 1004 651 ι
1065 583 1182 657 Ἔν⁷
1218 604 1294 671 τῷ
1336 596 1525 671 κόσμῳ
1564 595 1655 667 ἦν,
1713 595 1801 649 καὶ
1857 593 1883 647 6

1989 587 2131 647 mnia
2164 608 2267 668 pur
2299 588 2491 668 ipsum
2552 590 2703 649 facta
2751 593 2908 648 sunt.
2965 583 3029 645 In
3090 584 3310 644 mundo
3369 592 3513 660 erat,
3550 594 3609 647 et

255 711 274 740 ι
318 690 519 764 γόσμος
551 689 599 746 δι
631 694 785 748 α’ἶντοῦ
837 689 1068 767 ὲγένετο,
1105 714 1124 744 ι
1190 695 1310 752 Πῶς
1364 687 1451 744 οὖν
1507 683 1780 751 ἀπεστάλη
1811 685 1884 747 εἷς

1989 701 2001 727 ι
2040 677 2293 767 mundus
2328 695 2432 753 per
2461 677 2653 756 ipsum
2711 676 2900 767 factus
2958 682 3046 767 est
3093 672 3205 734 36‘?
3240 700 3263 728 υ
3300 672 3608 767 Quomodo

258 798 278 828 α
320 780 414 834 τὸν
459 780 708 854 κόσμον;
768 777 927 835 πίλιν
998 775 1273 843 ἀπεστάλη
1317 780 1344 832 6
1415 772 1751 846 ἀποσταλεὶς,
1799 776 1885 827 καὶ

1989 791 2000 817 ι
2035 764 2213 842 igitur
2243 765 2454 826 iterum
2488 767 2547 825 in
2581 764 2865 825 mundum
2902 764 3118 824 missus
3151 770 3285 826 est?
3312 763 3463 826 Num
3492 765 3607 827 ite-

255 886 275 917 ι
310 865 515 939 ἔμεινεν
546 868 574 921 6
619 864 935 928 ἀποστείλας
991 863 1100 921 ἅνω
1140 866 1228 920 καὶ
1258 867 1285 920 6
1329 863 1643 924 ἀποσταλεὶς
1691 860 1835 916 κάτω
1868 877 1882 932 ;

1976 877 1999 907 α
2035 872 2164 913 rum
2200 853 2413 915 missus
2435 862 2545 924 est,
2592 853 2688 933 qui
2722 853 2866 914 alias
2911 852 3124 914 missus
3159 861 3267 926 est,
3303 860 3365 915 et
3399 855 3613 916 mansit

256 972 276 1002 ⁸
322 959 444 1018 Πῶς
475 952 645 1032 ἔλεγε,
703 975 726 1004 υ
759 956 857 1011 Καὶ
898 955 927 1010 6
975 953 1189 1029 πέμψας
1233 976 1298 1028 με
1345 949 1463 1028 μετ’
1496 950 1623 1024 ἐμοῦ
1664 948 1817 1027 ἐστις
1861 968 1882 999 ι

1989 967 2000 995 ι
2038 943 2136 1022 qui
2171 943 2351 1023 misit,
2377 962 2576 1022 supra,
2610 952 2667 1003 et
2692 942 2791 1023 qui
2822 942 3039 1003 missus
3067 950 3178 1023 est,
3213 944 3363 1004 infra
3386 944 3417 1004 ?
3446 945 3610 1018 Quo-

255 1068 276 1099 ι
312 1041 627 1123 Ἀσφάλισαι
675 1045 767 1099 τὸν
810 1041 991 1120 λογον,
1051 1043 1273 1098 Δύναται
1329 1043 1427 1120 γὰρ
1480 1041 1649 1096 εἰπεῖν
1680 1040 1708 1093 6
1740 1040 1884 1115 αἶρε-τ

256 1152 276 1183 ι
320 1132 494 1204 τικὸς,
526 1125 656 1190 Μετ’
683 1134 814 1207 ἐμοῦ
857 1130 965 1186 ἐστι
995 1135 1063 1207 τῇ
1113 1131 1326 1206 βοηθείᾳ
1360 1146 1373 1159 ⁸
1430 1131 1503 1190 ὡς
1545 1126 1686 1205 λέγω
1739 1124 1889 1201 κάγὼ

254 1247 274 1278 ι
326 1210 384 1276 Ὀ
416 1221 546 1285 Θεὸς
578 1216 694 1295 μετ’
724 1220 857 1296 ἐμοῦ
928 1219 1091 1281 ἐστιν.
1140 1219 1246 1275 Οὔκ
1288 1218 1442 1274 εἶπεν
1484 1214 1666 1277 ἁπλῶς
1703 1232 1720 1250 ⁶
1754 1212 1889 1285 ἀλλά

256 1335 276 1364 ι
307 1308 394 1382 τίς
437 1328 459 1358 ι
494 1298 553 1366 Ὀ
602 1310 785 1388 Πατὴρ
815 1310 843 1364 6
893 1311 949 1364 ἒν
1016 1309 1135 1382 ἒμοὶ
1192 1306 1386 1381 μένων,
1425 1302 1447 1381 II
1499 1307 1554 1362 Ei
1610 1301 1727 1380 μετ’
1793 1307 1891 1374 ανδ-τ

259 1417 277 1445 ι
309 1405 402 1454 τοῦ
428 1396 497 1462 ἦν
551 1398 640 1453 καὶ
695 1397 936 1470 Eva-31:6
983 1394 1159 1472 ἔμενε,
1218 1394 1580 1471 πῶςηέκεϊνος
1641 1392 1890 1473 ἀπέστειιτ

263 1506 283 1534 ι
313 1484 403 1541 λεν
436 1506 454 1557 ;
606 1491 752 1559 πῶς,
779 1485 927 1549 οὗτος
1000 1474 1275 1550 ἀπεστάλη
1305 1502 1320 1559 ;
1382 1482 1507 1540 Εἴτε
1532 1476 1648 1560 γὰρ
1705 1480 1889 1550 ἦλθον,

263 1596 283 1624 ι
310 1576 356 1630 οἱ
399 1572 489 1629 δύο
517 1567 521 1571 ’
554 1573 737 1645 ἦλθον,
794 1575 882 1629 καὶ
931 1572 1095 1636 οῦδεὶς
1151 1572 1425 1639 ἀπεστάλη
1460 1592 1473 1604 ·
1522 1570 1633 1627 εἴτε
1688 1569 1892 1645 ἔμεινεν

264 1683 284 1712 ι
317 1665 344 1719 6
388 1663 573 1742 Πατὴρ
600 1662 730 1744 ἅνω,
762 1663 876 1725 πῶς
936 1662 1078 1741 λέγει
1129 1664 1156 1719 6
1202 1664 1343 1736 Υἱὸς,
1384 1689 1407 1719 ε
1444 1652 1501 1719 (Ο
1557 1660 1733 1737 πατὴρ
1776 1656 1892 1733 μετ’

257 1768 285 1802 ἀ
317 1750 449 1826 ἐμοῦ
471 1754 636 1831 ἔστιν,
671 1772 693 1800 ι
764 1754 808 1807 εἰ
850 1750 957 1807 ἅνω
1012 1751 1217 1826 ἔμεινεν
1273 1753 1301 1807 6
1355 1749 1710 1828 ἀποστείλαςς
1774 1752 1890 1805 Πῶς

1978 1057 1999 1085 ιι
2039 1032 2213 1091 modo
2242 1030 2478 1092 dicebat
2513 1052 2526 1095 :
2559 1055 2580 1086 (ι
2614 1030 2684 1110 Et
2711 1031 2811 1111 qui
2834 1030 2994 1090 misit
3016 1050 3108 1092 me
3131 1051 3363 1094 mecum
3388 1035 3605 1095 estw?»

1977 1143 2003 1174 α
2038 1117 2322 1192 Obsecro,
2355 1120 2672 1198 diligenter
2702 1119 2994 1195 attendas,
3028 1139 3238 1182 secure
3265 1141 3433 1185 serva
3481 1144 3607 1186 ser-

1981 1233 2000 1264 ι
2044 1227 2301 1270 monem.
2332 1207 2529 1270 Potest
2558 1208 2950 1281 enimdicere
2985 1208 3309 1273 Haereticus
3341 1232 3357 1272 :
3384 1212 3610 1276 Mecum

1981 1321 2002 1375 ᾳ
2042 1305 2131 1358 est
2161 1316 2265 1358 suo
2296 1297 2543 1371 auxilio,
2578 1297 2729 1358 sicut
2759 1306 2814 1356 et
2845 1314 2956 1372 ego
2977 1296 3111 1358 dico
3142 1317 3154 1361 :
3192 1302 3348 1362 Deus
3378 1320 3609 1365 mecum

1980 1412 2006 1442 α
2042 1396 2150 1449 est.
2182 1386 2312 1448 Non
2344 1388 2487 1449 dixit
2519 1387 2871 1466 simpliciter
2906 1407 2919 1447 :
2955 1389 3059 1449 sed
3106 1391 3299 1468 quid?
3348 1397 3521 1457 Pater
3557 1400 3616 1458 in

1981 1500 2010 1532 α
2046 1495 2138 1538 me
2172 1495 2439 1551 manens,
2478 1476 2526 1537 si
2559 1495 2793 1537 mecum
2820 1488 2967 1551 erat,
2994 1485 3052 1538 et
3102 1497 3332 1542 mecum
3378 1485 3613 1561 mansit,

1984 1587 2009 1622 α
2042 1567 2336 1645 quomodo
2360 1567 2460 1626 ille
2492 1566 2771 1636 misit,vel
2793 1566 3089 1644 quomodo
3120 1568 3219 1631 hic
3234 1570 3450 1633 missus
3481 1573 3617 1636 est?

1983 1680 2010 1709 (ι
2045 1654 2104 1717 Si
2138 1654 2294 1715 enim
2331 1655 2771 1725 venerunt,duo
2787 1662 3618 1735 venerunt,etneutermissus

1985 1768 2004 1799 ι
2044 1752 2152 1804 est.
2187 1743 2257 1804 Et
2290 1744 2340 1803 si
2377 1744 2591 1804 mansit
2638 1761 2816 1823 supra
2874 1744 3062 1818 Pater,
3122 1749 3420 1825 quomodo
3477 1750 3620 1814 dicit

259 1863 281 1894 ι
315 1839 435 1919 ἔχει
506 1838 622 1915 μετ’
666 1844 826 1899 αὐτοῦ
883 1843 911 1897 6
955 1839 1268 1904 ἀποσταλεὶς
1326 1841 1418 1895 τὸν
1473 1836 1893 1911 ἀποστείλαντα;

1989 1856 2010 1887 α
2046 1831 2248 1906 Filius,
2290 1854 2311 1888 (ι
2350 1834 2529 1921 Pater
2560 1849 2739 1921 meus
2791 1850 3022 1893 mecum
3059 1842 3146 1893 est
3172 1835 3283 1894 37?
3313 1862 3335 1895 υ
3365 1839 3414 1898 si
3444 1857 3623 1921 supra

256 1954 278 1985 .
312 1918 460 2007 Ἐγὼ
528 1930 626 2008 γὰρ
661 1951 713 2003 ,,
774 1930 955 2009 εἶπεν,
987 1951 1008 1982 ι
1056 1928 1110 1984 ἐν
1154 1935 1230 2003 τῷ
1287 1929 1449 2007 Πατρὶ
1504 1929 1590 1983 καὶ
1640 1929 1667 1982 6
1713 1926 1893 2009 Πατὴρ

1989 1944 2007 1977 κ
2047 1921 2258 1981 mansit
2289 1920 2388 2000 qui
2442 1918 2599 1980 misit
2632 1936 2646 1981 :
2682 1921 2978 1998 quomodo
3011 1940 3214 1983 secum
3260 1924 3440 1990 habet
3472 1918 3619 1991 uiis-

258 2041 280 2070 ι
325 2005 443 2092 μετ’
474 2005 609 2091 ἒμοῦ
646 2016 779 2078 ἐστι.
817 2038 838 2068 ι
876 2005 993 2083 Udi;
1024 2017 1113 2073 οῦν
1141 2019 1169 2073 6
1228 2005 1543 2079 ἀποσταλεὶς
1573 2014 1740 2093 λέγει,
1779 2037 1800 2067 α
1837 2005 1894 2071 ιΟ

1989 2031 2007 2069 ι
2044 2030 2144 2071 sus
2178 2009 2555 2070 mittentem?
2601 2034 2623 2063 ιι
2660 2009 2780 2089 qu
2814 2009 2997 2085 enim,
3031 2010 3197 2085 dixit,
3250 2013 3310 2074 in
3341 2014 3533 2092 Patre,
3565 2029 3624 2081 et

257 2128 280 2159 ι
324 2108 502 2187 πατήρ
559 2105 613 2162 έν
665 2106 827 2187 ἐμοίς
876 2132 898 2163 ι
961 2110 1082 2177 Πῶης
1154 2104 1209 2161 δὲ
1288 2104 1448 2162 πὰλιν
1538 2102 1892 2183 ἀπέστειλενς

258 2218 280 2248 ι
331 2183 507 2251 ’Ὅταν
578 2194 666 2251 οὗν
905 2214 928 2248 α
970 2194 1219 2270 ’ΠέμψωΔ
1272 2192 1502 2270 ῦμτν’τὸ
1571 2200 1782 2268 Πνεῦμα
1837 2193 1896 2247 τὸ

262 2302 285 2332 I
315 2282 490 2359 ἅγιοι,
528 2307 553 2339 Io
593 2284 707 2351 τὴν
760 2282 956 2363 δωρεὰν
1024 2283 1167 2362 λέγει
1251 2293 1342 2343 τοῦ
1411 2283 1736 2359 Πνεύματος,
1813 2282 1898 2337 καὶ

263 2391 286 2422 ι
321 2371 415 2428 ἵνα
458 2373 660 2447 μάθητε
690 2372 770 2430 ὅτι
827 2375 863 2442 ἡ
920 2373 1086 2452 δωρεὰ
1127 2373 1413 2449 πέμπεται,
1461 2373 1522 2427 16
1591 2369 1645 2427 δὲ
1689 2376 1899 2445 Πνεῦμα

268 2488 290 2518 ι
325 2462 417 2519 οῦκ
488 2460 886 2537 ἀποστέλλεται,
963 2465 990 2518 6
1048 2463 1237 2541 Σωτὴρ
1279 2460 1419 2539 λέγει
1475 2474 1590 2525 τοῖς
1661 2460 1897 2516 ἀποστό-

269 2572 292 2602 I
337 2549 450 2615 λοις
485 2567 500 2580 ⁸
541 2571 564 2601 ι
596 2552 817 2607 Μεινατε
845 2551 900 2607 ἐν
953 2549 1321 2630 Ἰερουσαλὴμ,
1378 2548 1478 2613 ἕως
1509 2549 1570 2606 ἂν
1619 2546 1899 2615 ἐνδύσησθε

270 2665 292 2694 ι
338 2637 557 2714 δύναμιν
627 2638 679 2705 ἐξ
733 2638 919 2715 ὕψους,
980 2641 1223 2714 Λήψεσθε
1290 2639 1394 2717 γὰρ
1466 2636 1680 2714 δύναμιν
1739 2635 1902 2693 ἐπελ-

263 2751 289 2787 ¢
336 2727 518 2792 θόντος
587 2734 678 2784 τοῦ
756 2728 905 2806 ἁγίου
984 2728 1305 2802 Πνεύματος,
1353 2724 1435 2805 ἐφ’
1488 2727 1647 2800 ὑμᾶς.
1700 2743 1721 2774 ι
1776 2724 1902 2785 Κᾶν

266 2839 289 2870 κ
342 2814 619 2892 ἣδύναμις
673 2817 739 2884 ἦν
795 2815 1199 2896 χορηγουμένη,
1244 2812 1385 2883 ἀλλὰ
1435 2816 1497 2871 τὸ
1562 2820 1773 2890 Πνεῦμα
1842 2814 1903 2870 τὸ

264 2930 290 2967 ᾳ
330 2913 623 2983 χορηγοῦν,
684 2904 900 2977 Πάντως
943 2905 1042 2983 γὰρ
1085 2903 1289 2983 ἐνεργεῖ
1331 2905 1393 2960 τὸ
1436 2902 1489 2960 ἕν
1518 2904 1607 2959 καὶ
1660 2904 1722 2959 τὸ
1777 2903 1902 2960 αὐτὸ

265 3014 288 3045 ι
325 2998 559 3067 Πνεῦμα,
620 2990 846 3071 διαιροῦν
918 2990 1017 3065 ἰδίᾳ
1085 2993 1292 3066 ἑκάστῳ
1383 2993 1555 3057 καθὼς
1634 2990 1899 3068 βούλεται,

268 3107 291 3137 α
339 3082 414 3136 Σὺ
456 3082 555 3156 μὲν
583 3081 670 3138 οὖν
700 3085 761 3140 οὐ
801 3079 925 3157 δύνῃ
963 3078 1127 3146 δεῖξαι
1188 3080 1530 3158 πεμπόμενον
1578 3081 1640 3137 τὸ
1692 3086 1903 3154 Πνεῦμα

271 3194 292 3224 ι
338 3170 400 3226 16
425 3169 577 3246 ἅγιον
623 3167 726 3225 ἀπὸ
781 3174 985 3247 γυμνῆς
1054 3171 1154 3235 τῆς
1210 3171 1484 3237 Θεότητος,
1544 3166 1669 3228 Ἐάν
1715 3166 1769 3224 δέ
1815 3191 1901 3226 σοι

264 3281 293 3327 ς
340 3255 487 3323 δείξω
535 3259 627 3314 τὸν
667 3264 898 3325 ποιητὴν
928 3259 1143 3336 οὐρανοῦ
1213 3259 1301 3315 καὶ
1342 3263 1444 3337 γῆς
1501 3256 1901 3334 ἀποστελλόμε-

271 3376 295 3405 ι
329 3370 417 3404 νον
468 3346 575 3403 ἀπὸ
630 3354 722 3404 τοῦ
785 3347 1088 3422 Πνεύματος
1146 3353 1234 3404 τοῦ
1288 3348 1461 3428 ἁγίου,
1488 3349 1577 3411 ντί,
1610 3349 1903 3427 ποιήσεις;

271 3455 295 3486 ι
329 3435 366 3504 ἢ
408 3433 631 3514 ἅρνησαι
660 3437 751 3493 τὸν
793 3437 1018 3514 Χριστὸν
1062 3438 1145 3494 οιαὶ
1174 3435 1467 3512 ἆπάλειψον
1524 3437 1616 3516 τὰς
1673 3437 1904 3516 Γραφὰς,

274 3554 298 3583 ι
329 3524 367 3591 ἣ
408 3523 590 3587 δοῦλος
631 3527 705 3581 ὧν
730 3530 824 3580 τοῦ
857 3530 1099 3602 Χριστοῦ,
1162 3523 1457 3587 ὑποτάττοο
1493 3514 1616 3587 ταῖς
1645 3514 1903 3602 mem.

271 3635 294 3666 ι
332 3613 433 3670 Καὶ
461 3622 564 3671 ποῦ
610 3614 790 3691 φησὶν,
842 3610 1054 3690 εἴρηται,
1112 3612 1303 3693 τοῦτο;
1367 3602 1575 3669 ’Ἄκουε
1630 3620 1722 3671 τοῦ
1778 3619 1909 3670 Θεοῦ

271 3730 295 3762 ι
329 3699 578 3778 λέγοντος
625 3700 709 3758 διὰ
736 3707 828 3781 τοῦ
860 3702 1132 3781 προφήτου
1173 3698 1398 3759 Ἠσαίου
1421 3708 1514 3757 τοῦ
1553 3702 1779 3780 κήρκιος
1807 3702 1906 3767 τῆς

271 3815 295 3845 ι
329 3787 593 3853 εὐσεϐείας
627 3809 642 3824 ο
681 3810 704 3841 ι
783 3778 989 3847 "Amne"
1036 3811 1157 3869 μου,
1194 3812 1217 3843 ι
1281 3792 1462 3868 φησὶν,
1495 3814 1528 3849 α
1579 3778 1770 3847 Ἰακὼϐ
1822 3791 1909 3846 καὶ

269 3906 297 3939 α
334 3875 576 3959 Ἰσραὴλ,
608 3878 666 3935 ὅν
694 3878 802 3957 ἐγὼ
843 3876 1013 3940 καλῶ.
1067 3875 1208 3956 Ἐγὼ
1262 3880 1391 3943 Θεὸς
1448 3884 1656 3958 πρῶτος
1685 3882 1773 3936 καὶ
1802 3879 1910 3957 ἐγὼ

271 3993 293 4024 ι
346 3968 481 4045 μετὰ
535 3972 719 4043 ταῦτα,
792 3968 881 4023 καὶ
947 3965 1087 4035 πλὴν
1159 3966 1287 4043 ἐμοῦ
1342 3969 1459 4031 θεὸς
1523 3966 1615 4024 οῦκ
1671 3966 1804 4029 ἔστι.
1877 3994 1900 4025 ι

275 4083 297 4112 ι
330 4055 652 4137 Προσέχετε,
730 4055 918 4114 λοιπὸν
998 4056 1096 4134 γὰρ
1167 4056 1381 4123 ἐνταῦθα
1436 4058 1515 4131 τὸ⁵
1566 4061 1901 4137 ζητούμενον.

1985 2124 2004 2154 ι
2042 2101 2216 2161 Pater
2245 2117 2477 2181 mecum
2513 2098 2601 2158 est
2626 2098 2710 2160 '59;
2749 2124 2773 2153 ››
2822 2099 3130 2171 Quomodo
3176 2101 3354 2180 igitur
3404 2106 3624 2171 missus

1990 2211 2018 2244 α
2051 2188 2195 2248 dicit
2226 2207 2240 2247 :
2275 2187 2446 2248 Pater
2471 2187 2531 2247 in
2561 2206 2655 2248 me
2689 2194 2822 2250 est?
2850 2186 2921 2248 Et
2952 2184 3248 2267 quomodo
3279 2191 3490 2255 iterum
3516 2198 3624 2259 mi-

1990 2301 2017 2333 α
2053 2275 2179 2337 sit"?
2208 2276 2389 2356 Igitur
2417 2295 2550 2337 cum
2583 2277 2747 2351 dicit,
2790 2302 2815 2331 (ι
2857 2276 3079 2339 Mittam
3132 2279 3298 2340 vobis
3335 2280 3621 2363 Spiritum

1989 2391 2015 2421 α
2052 2373 2347 2441 sanctum,
2385 2392 2410 2421 ι)
2447 2366 2667 2425 donum
2697 2365 2843 2426 dicit
2871 2366 3146 2446 Spiritus,
3182 2378 3237 2430 et
3270 2379 3332 2430 ut
3383 2372 3622 2437 discatis
3678 2417 3681 2421 -

1990 2481 2016 2512 α
2050 2455 2270 2517 donum
2306 2455 2478 2534 mitti,
2513 2454 2797 2534 Spiritum
2823 2465 3017 2517 autem
3050 2475 3167 2518 non
3202 2459 3377 2537 mitti,
3411 2459 3622 2526 Salva-

1990 2569 2017 2599 α
2053 2552 2142 2605 tor
2164 2543 2307 2633 dicit
2336 2542 2619 2633 apostolis
2650 2560 2663 2605 :
2706 2567 2730 2598 υ
2766 2542 2999 2608 Manete
3026 2548 3086 2607 in
3117 2544 3621 2633 Hierusalem,do~

1991 2657 2018 2689 κ
2052 2651 2163 2693 nec
2204 2631 2536 2693 induamini
2568 2632 2778 2693 virtute
2809 2650 2876 2694 ex
2910 2633 3051 2709 alto,
3081 2645 3139 2699 et
3165 2639 3411 2701 sumatis
3434 2631 3621 2703 virtu-

1992 2746 2018 2777 α
2054 2729 2170 2782 tem
2206 2721 2676 2801 supervenientis
2721 2722 2978 2801 Spiritus
3028 2725 3218 2787 sancti
3246 2726 3308 2788 in
3340 2747 3440 2791 vos
3469 2731 3552 2794 40.
3591 2758 3616 2788 ι

1992 2834 2017 2865 α
2052 2811 2216 2872 Licet
2237 2809 2419 2870 virtus
2444 2809 2950 2890 suppeditabatur,
2978 2812 3231 2892 Spiritus
3252 2823 3448 2880 tamen
3472 2831 3619 2895 erat,

1993 2923 2019 2954 α
2053 2898 2154 2979 qui
2185 2897 2597 2978 suppeditabat
2626 2897 2838 2961 Omnia
2869 2900 3028 2961 enim
3060 2914 3340 2982 operatur
3368 2927 3541 2983 unus,
3568 2921 3628 2972 et

1992 3012 2014 3045 (ι
2049 2986 2210 3049 idem
2242 2986 2521 3068 Spiritus,
2555 2987 2826 3049 dividens
2851 2988 3192 3069 unicuique,
3243 3001 3305 3054 ut
3342 2996 3482 3060 vult.
3536 2997 3625 3061 Tu

1995 3101 2017 3135 α
2048 3096 2185 3154 ergo
2206 3095 2322 3137 non
2348 3084 2514 3155 potes
2534 3076 2851 3139 ostendere
2871 3078 3023 3139 mitti
3051 3077 3337 3159 Spiritum
3350 3095 3621 3150 sanctum

1993 3191 2020 3223 α
2055 3184 2202 3246 pura
2267 3164 2491 3227 Deitate
2543 3183 2555 3228 :
2620 3185 2728 3245 ego
2776 3175 2973 3228 autem
3029 3169 3081 3230 si
3148 3173 3465 3237 ostendero
3516 3176 3624 3239 tibi

1996 3280 2019 3313 α
2055 3255 2338 3343 factorem
2369 3253 2501 3343 εαξη
2532 3264 2592 3343 et
2641 3262 2815 3316 terra:
2849 3256 3000 3317 mitti
3049 3276 3084 3318 a
3139 3254 3362 3339 Spiritu
3390 3272 3619 3343 sancto,

1998 3367 2020 3401 α
2057 3342 2199 3434 quid
2229 3341 2461 3403 facies?
2490 3342 2580 3434 vel
2638 3360 2788 3422 nega
2825 3344 3160 3434 Christum,
3222 3348 3310 3410 vel
3358 3341 3627 3434 expunge

1994 3454 2023 3494 ‹
2057 3431 2414 3520 Scripturas,
2472 3432 2563 3493 vel
2595 3450 2729 3520 cum
2788 3433 2870 3494 sis
2908 3452 3113 3497 servus
3165 3431 3620 3520 Scripturarum,

1999 3545 2023 3579 ιι
2058 3519 2597 3599 obediScripturis.
2631 3519 2701 3581 Et
2732 3520 2854 3602 ubi,
2884 3520 3095 3604 inquit,
3129 3519 3355 3589 dictum
3372 3531 3628 3596 esthoc?

1992 3631 2016 3663 σ
2050 3609 2202 3671 Audi
2236 3612 2426 3673 Deum
2477 3608 2773 3671 dicentem
2823 3629 2937 3691 per—
2984 3606 3337 3694 prophetam
3368 3616 3626 3698 Esaiam,“

1994 3723 2022 3755 α
2057 3699 2292 3779 pietatis
2312 3713 2692 3779 praeconem:
2725 3724 2751 3754 α
2782 3699 2939 3762 Audi
2975 3719 3090 3776 me,
3120 3703 3521 3784 dicit,Jacob,
3571 3718 3631 3772 et

1993 3809 2018 3841 α
2052 3786 2256 3863 Israel,
2289 3804 2465 3866 quem
2492 3805 2599 3865 ego
2627 3805 2865 3850 accerso
2901 3805 2914 3848 :
2951 3788 3067 3868 Ego
3097 3790 3254 3854 Deus
3288 3794 3535 3874 primus,
3571 3808 3629 3860 et

1997 3900 2023 3931 α
2056 3874 2212 3938 Deus
2251 3876 2515 3955 posthac,
2551 3883 2609 3937 et
2638 3888 2854 3956 praeter
2884 3895 2980 3939 me
3029 3880 3189 3942 Deus
3218 3900 3336 3944 non
3369 3894 3460 3946 est
3479 3885 3558 3950 44.
3594 3908 3623 3947 »

1993 3988 2024 4022 ι
2056 3964 2358 4027 .tttendite
2386 3982 2528 4026 oro:
2561 3973 2748 4027 restat
2780 3965 2938 4027 enim
2984 3967 3081 4029 hic
3121 3970 3278 4049 quod
3322 3975 3622 4053 quaeritur.

1997 4079 2024 4110 α
2058 4053 2201 4144 Quis
2232 4055 2352 4144 haec
2373 4053 2546 4144 dicit,
2582 4054 2836 4116 Paterne
2890 4054 3244 4144 aniFilius?
3290 4058 3440 4123 Vide
3472 4083 3627 4144 quo—

278 4169 301 4202 I
337 4133 422 4208 Τῖς
451 4146 480 4200 6
506 4133 671 4200 εἶπὼν
698 4165 886 4222 ταυτα,
931 4145 960 4199 6
990 4133 1172 4222 Πατὴρ
1227 4144 1264 4212 ἢ
1314 4147 1342 4202 ὁ
1373 4145 1491 4209 Υἱός
1518 4161 1535 4220 ;
1601 4133 1744 4223 ’Ὅρα
1795 4146 1897 4208 πῶς

1999 4167 2022 4202 ε
2060 4142 2233 4204 modo
2267 4142 2324 4202 in
2358 4141 2546 4220 ﬁgura
2575 4144 2934 4205 monarchiae
2963 4143 3312 4208 Trinitatem
3370 4133 3630 4214 obscure

280 4261 304 4292 ι
346 4231 402 4288 ἐν
474 4233 768 4312 μοναρχίας
823 4232 970 4305 τύπῳ
1025 4233 1125 4300 τὴν
1181 4230 1371 4311 Τριάδα
1405 4234 1683 4313 κηρύτττει
1715 4254 1897 4311 συγκε-

2000 4255 2023 4290 ‹‹
2060 4229 2360 4311 praadicat.
2398 4255 2425 4285 α
2457 4229 2578 4308 Ego
2609 4230 2758 4291 deus
2789 4232 3036 4310 primus,
3069 4240 3129 4295 et
3158 4253 3265 4312 ego
3300 4239 3542 4315 posthac
3571 4247 3631 4302 et

278 4348 302 4381 ι
336 4318 709 4396 καλυμμένως,
747 4339 768 4370 α
798 4319 959 4399 ’Ἐγὼ
1017 4323 1146 4386 Θεὸς
1202 4327 1430 4401 πρῶτος,
1489 4324 1576 4380 καὶ
1631 4322 1738 4401 ἐγὼ
1780 4320 1897 4398 μετέ

2000 4341 2029 4380 α
2062 4327 2271 4400 praeter
2300 4337 2395 4379 me
2424 4335 2542 4380 non
2568 4327 2655 4380 est
2688 4321 2862 4382 Deus.
2904 4344 2926 4377 υ
2963 4320 3105 4393 Quis
3133 4331 3243 4397 est,
3271 4325 3370 4404 qui
3398 4327 3522 4391 haec
3543 4326 3630 4388 di-

278 4436 301 4467 c
335 4420 521 4489 ταῦτα,
556 4411 641 4466 καὶ
682 4409 825 4476 πλὴν
874 4409 1004 4486 ἐμοῦ
1035 4412 1152 4474 θεὸς
1181 4412 1275 4468 οὸκ
1318 4410 1451 4475 ἔστι,
1487 4434 1511 4467 ι
1564 4414 1650 4477 Τίς
1680 4415 1708 4469 ὀ
1749 4418 1897 4469 ταῦτα

2001 4431 2025 4466 (ι
2061 4405 2185 4472 cit?
2218 4406 2425 4467 mundi
2455 4406 2759 4480 Conditor,
2782 4408 2982 4468 subdit
3010 4409 3168 4470 enim
3204 4427 3217 4472 :
3261 4434 3282 4464 α
3308 4411 3428 4491 Ego
3453 4432 3632 4477 manu

278 4526 302 4557 ⁸
333 4498 505 4578 λέγων
538 4519 555 4575 i
602 4501 630 4555 δ
691 4499 1045 4577 Δημιουργός.
1089 4499 1341 4579 Ἐπάργει
1391 4503 1490 4580 γάρ
1527 4520 1540 4535 -
1589 4521 1615 4557 ι
1657 4498 1800 4579 Ἐγὼ
1840 4507 1897 4576 τῇ

2001 4520 2023 4556 α
2063 4514 2194 4557 mea
2223 4494 2457 4556 fundavi
2491 4503 2704 4555 terram
2735 4495 2853 4553 42.»
2889 4495 3071 4559 Vides
3118 4499 3391 4579 opiﬁcem
3424 4502 3632 4582 loqui?

273 4610 299 4645 ‹
331 4588 474 4665 χειρί
548 4609 650 4663 μου
693 4585 1014 4663 ἐθεμελίωσα
1068 4589 1162 4657 νὴν
1202 4595 1325 4668 γῆν.
1364 4610 1387 4640 ι
1486 4589 1656 4647 Βλέπε
1710 4595 1823 4656 πῶς
1881 4592 1897 4646 ε

1998 4611 2021 4643 α
2060 4584 2131 4646 Et
2151 4583 2402 4665 Spiritus
2434 4601 2601 4644 meus
2631 4584 2883 4646 firmavit
2925 4587 3165 4649 caelum.
3196 4586 3317 4668 Ego
3350 4589 3631 4653 omnibus

279 4701 300 4731 ι
353 4678 687 4756 Δημιουργος
742 4674 949 4737 λαλεῖν
1004 4699 1027 4731 ι
1059 4679 1157 4740 Καὶ
1198 4700 1258 4734 το
1323 4680 1535 4755 Πνεῦμά
1596 4702 1695 4755 μου
1755 4679 1897 4736 ἐστε-

1999 4698 2026 4730 α
2059 4670 2669 4750 stellismandaviJSgo
2697 4674 2951 4739 excitavi
2967 4693 3099 4736 cum
3133 4677 3362 4755 justitia
3399 4697 3627 4759 regem,

279 4790 303 4823 ι
336 4763 500 4843 ρέωσε
527 4766 618 4821 τὸν
661 4766 898 4845 οὐρανόν.
932 4764 1077 4844 Ἐγὼ
1127 4772 1253 4824 πᾶσι
1296 4782 1412 4832 τοῖς
1456 4767 1670 4846 ἄστροις
1713 4768 1897 4827 ἐνετειε

2001 4786 2029 4825 ι
2062 4771 2117 4823 et
2151 4778 2357 4822 omnes
2386 4759 2491 4821 viae
2509 4779 2655 4822 mea
2673 4769 2910 4825 rectae.»
2947 4764 3092 4827 Cum
3111 4764 3370 4846 seipsum
3387 4766 3635 4831 dixisset

282 4881 305 4913 ι
352 4852 553 4929 λάμην.
623 4854 766 4932 Ἐγὼ
819 4852 1005 4933 ἤγειρα
1062 4856 1197 4931 μετὰ
1264 4855 1595 4924 δικαιοσύνης
1666 4856 1897 4935 βασιλέαε

2005 4878 2031 4908 α
2065 4851 2344 4912 factorem
2377 4848 2517 4911 coeli
2547 4859 2606 4911 et
2626 4858 2816 4927 tcrrae,
2852 4852 3188 4917 subnectit:
3232 4852 3391 4916 «Non
3414 4855 3486 4916 ab
3510 4856 3629 4918 ini-

288 4973 311 5002 ι
341 4943 429 4999 καὶ
454 4948 620 4999 πᾶσαι
651 4944 702 4999 αἱ
733 4941 838 5000 ὁδοί
866 4965 966 5019 μου
1019 4942 1238 5007 εὐθεῖαι,
1278 4968 1301 4999 ι
1358 4946 1532 5003 Εἰπὼν
1576 4947 1757 5005 ἑαυτὸν
1814 4945 1897 5014 δη.

2009 4966 2031 5001 α
2070 4940 2149 5003 tio
2174 4939 2235 5001 in
2258 4940 2487 5001 occulto
2528 4938 2758 5003 locutus
2780 4960 2910 5002 sum
2946 4941 3110 5004 vobis
3161 4943 3309 5019 haec,
3345 4962 3541 5026 neque
3571 4946 3633 5006 in

285 5059 311 5093 ι
358 5032 607 5111 μιουργὸν
661 5033 746 5088 καὶ
816 5032 1046 5100 ποιητὴν
1130 5036 1348 5113 οὐρανοῦ
1416 5036 1503 5091 καὶ
1555 5041 1680 5114 γῆς,
1775 5035 1897 5115 λέγε

2009 5055 2031 5088 «
2070 5032 2201 5092 loco
2220 5028 2537 5090 tenebroso
2566 5028 2648 5091 44.
2692 5054 2712 5087 ι
2736 5029 2954 5093 Dicens
2988 5050 3001 5094 :
3042 5055 3067 5087 α
3106 5032 3365 5094 Fundavi
3391 5041 3633 5110 terram,

285 5139 310 5171 α
356 5119 544 5177 λοιπὸν
572 5130 734 5179 ταῦτα
768 5136 781 5150 ⁸
826 5140 848 5170 ι
879 5122 987 5180 Οὔκ
1014 5119 1106 5178 ἄπ’
1138 5121 1316 5202 ἀρχῆς
1361 5123 1414 5181 ἐν
1459 5131 1631 5204 κρυφῇ
1683 5123 1897 5193 ἒλάλησι

2009 5142 2038 5182 ‹
2078 5126 2135 5182 et
2160 5117 2353 5180 creavi
2383 5117 2595 5180 caelum
2626 5118 2689 5170 45
2711 5140 2727 5192 ;
2769 5119 3006 5201 quando
3031 5119 3167 5182 facti
3188 5120 3454 5199 suntilli,
3490 5124 3635 5186 ade-

288 5231 315 5267 t
357 5210 485 5283 ὑμῖν
517 5215 703 5285 ταῦτα,
734 5206 848 5268 οὐδὲ
906 5209 960 5265 ἐν
1004 5210 1154 5283 τόπῳ
1207 5219 1478 5287 σκοτεινῷ.
1517 5231 1541 5261 ι
1604 5214 1779 5271 Εἰπὼν
1837 5214 1897 5272 ὅτ

2005 5236 2031 5267 σ
2067 5228 2217 5279 ram,
2260 5215 2319 5269 et
2369 5225 2547 5282 nunc,
2588 5232 2612 5262 α
2638 5206 2927 5270 Dominus
2957 5209 3116 5270 misit
3144 5228 3262 5285 me,
3295 5218 3354 5273 et
3382 5208 3640 5290 Spiritus

291 5325 313 5356 ι
347 5294 698 5375 Ἐθεμελίωσα
726 5298 824 5366 τὴν
853 5304 979 5377 γῆν,
1009 5300 1097 5355 καὶ
1137 5299 1362 5367 ἐποίησα
1411 5302 1502 5359 16v
1531 5303 1745 5381 οὐρανόν
1779 5307 1796 5336 ⁸
1830 5304 1897 5361 ὅτι

2008 5324 2037 5358 αιΔ
2067 5298 2286 5360 illius.»
2317 5294 2401 5356 Te
2448 5295 2698 5370 scilicet,
2733 5297 2833 5378 qui
2864 5297 3055 5359 fecisti
3086 5298 3300 5361 caelum
3341 5309 3400 5361 et
3422 5308 3639 5363 terram

292 5414 312 5443 ι
360 5384 622 5467 ἐγένοντο,
657 5386 773 5444 ἐκεῖ
799 5386 945 5461 ἤμην
978 5408 994 5425 ’
1030 5407 1053 5438 ι
1090 5388 1178 5445 καὶ
1233 5396 1341 5463 νῦν,
1408 5418 1431 5449 ι
1466 5390 1649 5470 Κύριος
1677 5391 1897 5450 ἀπέστειι

2006 5413 2030 5447 ι
2069 5383 2863 5452 Dominusmisitsecundum
2886 5406 3146 5450 carnem.
3187 5388 3645 5453 Factorcmliin-

360 5545 425 5597 56
450 5543 622 5629 Joan.
655 5563 696 5622 I,
725 5547 925 5629 3,40,
1004 5545 1072 5629 5:7
1098 5543 1244 5629 ibid.
1278 5562 1403 5629 vni,
1436 5548 1537 5613 29.
1620 5551 1685 5603 δι
1712 5551 1858 5617 ibid.
1888 5570 1897 5615 :

1994 5595 2011 5624 ,
2043 5547 2143 5611 32.
2228 5543 2466 5629 39_ibid.
2499 5561 2620 5629 Inv,
2657 5547 2756 5611 11.
2841 5548 2902 5599 40
2935 5550 3070 5610 Luc.
3099 5564 3255 5629 xxnv,
3286 5549 3365 5611 49
3445 5549 3499 5599 4ί
3522 5547 3637 5614 Ita.

287 5641 485 5703 mm,
530 5627 625 5689 12.
710 5625 770 5677 4³
794 5626 942 5690 ibid.
996 5626 1089 5703 t3,
1174 5627 1416 5692 451³³81.
1448 5646 1631 5712 Imm,
1664 5632 1721 5694 6.
1811 5633 2070 5697 “Joan.
2103 5643 2268 5703 xvm,
2299 5624 2399 5688 20.
2488 5624 2792 5691 “Jerem.
2826 5644 3029 5705 XLVIII,
3064 5629 3160 5692 13.
3241 5624 3251 5629 ⁷
3540 5664 3543 5669 ι
