4180 6282
552 308 674 374 4‘23
996 372 1000 374 ,
1245 317 1249 320 ’
1656 308 1864 372 .IOAN.
1914 305 2133 372 VECCI
2177 301 2286 365 ΟΡ.
2337 300 2848 367 PATRIARCHE
3816 301 3928 366 424

555 463 578 496 α
615 441 1138 504 tonat:«Dominus
1170 439 1331 501 misit
1353 458 1448 500 me
1472 446 1528 500 et
1547 438 1804 518 Spiritus
1831 436 2217 500 illius.nMis-.

2301 435 2396 492 ῑλέ
2441 457 2507 512 με
2535 437 2622 492 καὶ
2677 438 2738 492 τὸ
2795 442 3008 512 Πνεῦμα
3061 438 3236 496 αῦτοῦ.
3278 462 3302 497 δ
3362 437 3434 494 Σὲ
3477 438 3568 493 τὸν
3624 437 3921 506 ποιήσαντα

557 554 579 586 ιι
620 528 1388 610 sionemSpiritusHaeretici
1406 527 1645 608 capiunt
1668 529 1725 588 in
1745 527 2191 590 contumeliam.

2301 527 2430 582 ιτὸν
2484 526 2698 604 οὐρανὸν
2748 527 2841 582 καὶ
2883 527 2982 594 τὴν
3039 530 3142 604 γῆν
3199 525 3385 605 Κύριος
3462 524 3738 583 ἀπέστειλε
3791 527 3924 582 κατά

561 642 582 674 α
620 619 780 681 Misit
810 605 1126 689 Pater,non
1152 619 1345 678 locum
1377 605 1688 697 deserens,
1725 617 1977 678 necloco
2000 625 2192 678 trans-

2301 637 2308 668 ι
2353 615 2451 682 τὴν
2481 615 2670 693 σάρκα.
2705 605 2763 672 Ὀ
2815 617 3045 682 ποιητὴς
3113 616 3330 694 ούρανοῦ
3398 613 3543 694 λέγει
3581 632 3596 648 ·
3679 634 3702 666 ι
3741 613 3918 691 Κύριος

562 733 582 762 ε
625 711 796 770 latus.
830 707 986 769 illisit
1015 706 1201 768 Filius
1233 705 1516 785 Spiritum
1554 725 1670 766 non
1703 706 1946 766 divisus.
1999 705 2068 766 Et
2101 704 2193 765 id-

2301 701 2624 760 ιάπέστειλέ
2679 723 2745 778 με
2803 705 2889 760 καὶ
2955 705 3016 760 τὸ
3079 709 3291 779 Πνεῦμα
3335 703 3512 761 αὐτοῦ.
3550 723 3573 754 ι
3647 703 3758 772 Τήν
3788 701 3922 758 ἀπο·

561 821 583 852 ιι
621 796 778 857 circo
813 794 1114 875 Scriptura
1145 793 1575 856 ilicithuDens
1605 794 1810 856 efl'udit
1832 796 2050 856 donum
2071 792 2202 873 Spi-

2301 812 2310 848 t
2372 793 2564 862 στολὴν
2637 796 2683 850 οἱ
2761 795 3012 873 αἰρετικοὶ
3094 801 3187 850 τοῦ
3273 794 3572 869 Πνεύματος
3646 794 3718 858 εἰς
3785 789 3922 870 ὕϐριν

562 909 584 941 ιι
624 885 768 946 ritus
798 884 1008 945 sancti.
1038 910 1064 938 »
1101 883 1386 944 Divinitas
1419 902 1537 944 non
1588 883 1915 944 effunditur
1948 882 2051 944 sed
2087 883 2198 943 do-

2301 882 2733 961 ιλαμὸἀνουσιν.
2825 883 3132 942 Ἀπέστειλε
3217 886 3422 964 Πατὴρ,
3497 884 3556 941 οὒ
3637 884 3920 958 μεταστάς,

569 997 585 1029 1
623 991 786 1045 num,
822 981 1061 1053 propter
1089 973 1223 1052 hoc,
1258 982 1324 1035 ut
1353 972 2030 1054 demonstraretur,quia
2063 974 2195 1046 hoc,

2301 1006 2314 1035 ι
2359 973 2697 1031 Ἀπέστειλεν
2776 977 2803 1031 ὁ
2863 976 2977 1040 Υἱὸς
3047 975 3143 1054 τὸί
3192 979 3427 1049 Πνεῦμα,
3486 975 3547 1029 οῦ
3631 970 3921 1051 διαιρεθείς.

563 1088 588 1117 α
623 1062 779 1143 quod
812 1061 1154 1135 effunditur,
1191 1081 1308 1122 non
1365 1070 1451 1122 est
1501 1059 1759 1142 Spiritus
1799 1053 2059 1129 sanetus,
2095 1061 2198 1122 sed

2301 1065 2447 1126 [Διὰ
2501 1071 2654 1120 τοῦτο
2697 1064 2731 1131 ἦ
2787 1063 2992 1143 Γραιιρὴ²
3031 1085 3054 1115 ι
3131 1053 3188 1120 ’0
3233 1064 3386 1135 Θεὸς⁹
3424 1087 3447 1118 ι
3509 1063 3688 1141 φησὶν,
3755 1080 3778 1111 ι
3840 1058 3918 1125 ἐξ.

564 1173 590 1209 ε
626 1149 880 1231 Spiritus
912 1151 1014 1210 Dei
1046 1149 1405 1230 gratia,dicit
1455 1149 1640 1212 David
1674 1149 1930 1212 Christo:
1973 1149 2202 1211 «Effusa

2301 1182 2313 1212 ι
2361 1151 2486 1231 έχεε
2541 1152 2640 1219 τὴν
2697 1149 2893 1230 δωρεὰν
2947 1161 3040 1210 τοῦ
3081 1151 3230 1229 ἁγίου
3273 1151 3600 1224 Πνεύματος.
3641 1172 3663 1202 ι
3728 1150 3920 1216 Θεότης

567 1267 589 1297 α
629 1252 717 1304 est
746 1243 932 1320 gratia
961 1243 1018 1303 in
1055 1241 1223 1304 labiis
1253 1241 1368 1302 tuis
1403 1242 1484 1303 47.
1527 1267 1550 1295 n
1609 1243 1808 1302 Gratia
1853 1243 2196 1313 etl'unditur,

2301 1239 2758 1320 ιοῦκξέκχεῖται,
2817 1238 2937 1295 ἀλλ’
2990 1241 3024 1307 ἡ
3082 1237 3269 1318 δωρεά,
3321 1239 3419 1295 Διά
3459 1245 3637 1318 τοῦτο⁷
3696 1237 3787 1293 ἴνα
3817 1235 3920 1292 δει-

565 1354 588 1387 ι
629 1351 745 1392 non
776 1332 874 1411 qui
906 1330 1148 1408 largitur
1177 1329 1444 1407 gratiam.
1481 1329 1542 1393 Si
1575 1330 1814 1410 aequalis
1840 1331 2200 1410 honorprze-

2301 1335 2479 1410 ιχθῇ,
2553 1329 2632 1385 ὅτι
2683 1331 2745 1385 τὸ
2800 1329 3156 1408 ἐκχυνόμενον
3208 1332 3266 1387 οῦ
3321 1334 3533 1402 Πνεῦμα
3587 1328 3764 1408 ἅγιον,
3795 1325 3922 1382 ἀλλὰ

568 1441 592 1476 (ι
628 1419 882 1493 dicatur,
939 1428 996 1479 et
1025 1419 1194 1494 illud,
1246 1437 1280 1478 a
1309 1437 1374 1480 se
1404 1421 1552 1499 ipso,
1594 1418 2029 1479 manifestatum
2087 1427 2198 1494 est,

2301 1445 2316 1478 ι
2355 1420 2658 1494 Πνεύματος
2705 1425 2836 1474 Θεοῦ
2895 1417 3074 1496 χάρις,
3125 1415 3267 1496 λέγει
3331 1414 3497 1473 Δαυῖδ
3549 1423 3626 1491 τῷ
3669 1423 3877 1495 Χριστῷ
3907 1435 3919 1446 ·

568 1531 594 1563 α
633 1525 751 1568 non
783 1515 836 1566 et
870 1505 1036 1580 illud,
1075 1506 1157 1568 De
1189 1525 1320 1567 meo
1347 1507 1791 1588 accipit-Lquasi
1837 1525 1870 1566 a
1902 1514 2074 1588 puteo
2105 1510 2202 1567 in-

2301 1506 2608 1588 ιἘξεχύθη
2650 1509 2686 1577 ἡ
2717 1507 2877 1586 χάρις
2927 1505 2980 1560 ἐν
3023 1504 3226 1586 χείλεσί
3277 1527 3394 1566 σου.
3428 1524 3452 1557 ι
3511 1505 3677 1580 Χάρισ
3731 1505 3924 1583 Ιεκχεῖ-

567 1617 595 1656 (
635 1595 979 1676 terpretrari
1009 1596 1139 1674 quis
1167 1603 1377 1676 potest.

569 1705 593 1740 ο
658 1686 751 1760 μία
809 1686 1154 1764 κηρὺττητκι,
1211 1687 1298 1748 καὶ
1363 1689 1445 1760 τὸ,

572 1797 600 1828 α
648 1796 950 1845 μηνευεται,
991 1797 1017 1828 n

1505 1685 1611 1718 2..-“

1497 1709 1612 1765 αφὶ

1167 1880 1643 1943 Animadversio.

647 2001 681 2044 ι
711 1979 990 2044 Curiosus
1021 1992 1279 2045 mentem
1314 1985 1445 2064 fige,
1480 1984 1933 2066 consideraque,
1967 2003 2081 2066 qua
2111 2003 2210 2046 ra-

573 2095 600 2126 α
632 2074 790 2132 tione
832 2071 1064 2133 divinus
1092 2073 1203 2134 iste
1236 2075 1409 2135 Pater
1439 2074 1790 2135 effusionem
1826 2074 2209 2135 missionem-

569 2180 599 2220 ‹
635 2179 749 2240 que
781 2158 1037 2240 Spiritus
1065 2160 1778 2242 intelligat,exponatque,
1815 2173 1899 2243 ut,
1935 2182 2066 2223 cum
2101 2181 2211 2223 au-

573 2269 602 2307 (
635 2249 748 2325 dis,
800 2268 833 2308 a
881 2248 1132 2310 Domino
1189 2249 1474 2330 Spiritum
1531 2251 2076 2330 effundi,mittique,
2137 2250 2210 2311 ad

576 2361 603 2392 α
639 2345 991 2417 praesentem
1020 2338 1172 2399 hanc
1204 2338 1632 2418 expositionem
1664 2339 1890 2402 similes
1921 2338 2212 2400 dictiones

577 2450 600 2482 ε
637 2425 914 2488 conferas
943 2445 1404 2507 componasque.

1214 2525 1555 2606 Ile/utalia.

653 2631 970 2690 Asserente
1020 2627 1458 2708 Chrysostomo,
1506 2627 1693 2689 Deum
1727 2648 1843 2690 non
1877 2629 2048 2696 mitti.
2082 2648 2216 2692 rur-

575 2735 827 2796 sumque
876 2717 1096 2778 donum
1137 2716 1331 2790 mitli;
1363 2716 1647 2797 Spiritum
1679 2736 1816 2779 vero
1861 2737 1977 2779 non
2037 2719 2209 2795 mitti,

573 2825 705 2867 cum
740 2804 920 2867 Filius
951 2805 1113 2872 dicit,
1153 2826 1179 2864 ε
1217 2805 1432 2866 Mittam
1494 2805 1657 2868 vobis
1709 2806 1994 2887 Spiritum
2044 2826 2212 2870 sanc-

575 2901 722 2956 tum:
758 2919 779 2952 υ
813 2912 1065 2968 necnon,
1101 2892 1387 2954 Deilatem
1415 2913 1530 2954 non
1548 2895 1792 2968 effundi,
1825 2895 1928 2957 sed
1948 2895 2167 2957 donum
2195 2917 2210 2972 ;

575 2982 904 3062 item,quod
935 2981 1258 3043 effunditur
1287 3000 1405 3042 non
1437 3000 1570 3044 esse
1600 2983 1883 3064 Spiritum
1914 2993 2209 3060 sanctum,

577 3070 682 3133 sed
711 3070 817 3132 Dei
846 3071 1432 3151 gratiam,propterea
1470 3090 1585 3132 non
1630 3089 1765 3132 eum
1808 3073 2002 3153 ipsum
2033 3072 2213 3135 Para-

576 3159 793 3222 cletum
819 3159 1074 3220 indicari
1103 3159 1424 3237 existimas,
1459 3159 1563 3222 sed
1595 3160 1841 3238 gratiam
1868 3163 2210 3241 quamdam,

2294 1622 2316 1654 α
2347 1619 2455 1671 ται,
2484 1600 2586 1676 οῦχ
2626 1599 2653 1652 ὁ
2695 1594 3017 1674 δωρούμενος
3073 1595 3171 1662 τὴν
3213 1595 3393 1674 χάριν.
3468 1593 3594 1651 Ἐὰν
3648 1594 3684 1662 ἦ
3741 1594 3923 1668 ὁμοτι-

1657 1686 1830 1742 sxa-:5.
1866 1687 2265 1765 σεσαφὴνισιαι,
2312 1688 2423 1766 καὶ,
2481 1688 2562 1761 τὸ,
2626 1682 2718 1742 ἀπ’
2762 1683 2891 1761 ἒμοῦ
2940 1683 3169 1760 λήψεται
3225 1686 3296 1749 ὡς
3356 1684 3461 1740 ἀπὸ
3502 1681 3790 1759 δεζαμενῇς
3840 1685 3928 1762 Ep,-

2944 1875 3280 1938 Ἐπιστασία.

2383 2008 2404 2038 ι
2439 1983 2756 2050 Ἐπίστησον
2842 1977 3093 2059 ἀκριϐῶς⁴⁹
3165 1986 3280 2044 πῶς
3361 1982 3391 2036 ὃ
3468 1977 3715 2060 Θεοφόρος
3785 1979 3928 2040 οὗτος

2301 2097 2324 2130 ι
2356 2070 2452 2136 τὴν
2509 2075 2600 2125 τοῦ
2655 2067 2805 2146 ἁγίου
2862 2067 3164 2143 Πνεύματος
3221 2066 3438 2147 ἔκχυσιν
3491 2069 3580 2123 καὶ
3633 2062 3931 2131 ἀποστολὴν

2303 2188 2326 2218 σ
2353 2158 2441 2214 καὶ
2470 2170 2585 2214 νοεῖ
2625 2158 2713 2213 καὶ
2755 2154 3005 2230 διδάσκει,
3066 2154 3141 2213 ἵν’
3206 2182 3228 2212 ι
3256 2156 3343 2213 ὅτε
3386 2157 3593 2220 ἀκούεις
3635 2155 3778 2233 παρά
3845 2159 3933 2209 τοῦ

2301 2270 2323 2302 ι
2362 2245 2545 2326 Κυρίου
2592 2247 2653 2302 τὸ
2711 2251 2921 2321 Πνεῦμα
2975 2245 3340 2325 προχεόμενον
3387 2247 3474 2302 καὶ
3531 2242 3931 2317 ἀποστελλόμε-

2301 2359 2322 2390 ι
2356 2357 2466 2408 νον,
2510 2336 2641 2413 πρὸς
2672 2335 2770 2402 τὴν
2798 2341 3063 2413 παροῦσαν
3083 2334 3364 2415 ἑρμηνείαν
3405 2335 3492 2391 καὶ
3547 2333 3642 2397 τάς
3688 2333 3930 2393 τοιαύτας

2297 2448 2321 2483 α
2358 2420 2681 2499 συμϐιϐάζῃς
2715 2423 2914 2504 φωνάς.
2968 2453 2990 2484 ι

2937 2536 3296 2618 Ἀντίρῤησις.

2377 2645 2479 2698 Τοῦ
2523 2638 2956 2720 ῐρυσορῤήμονος
3025 2641 3285 2720 εἷπόντος,
3346 2641 3474 2704 Θεὸς
3531 2640 3625 2697 οῦκ
3679 2638 3933 2697 ἀπόστελ-

2295 2726 2465 2802 λεται,
2508 2730 2595 2785 καὶ
2625 2727 2806 2805 πάλιν,
2844 2719 2900 2787 ’0
2946 2727 3113 2810 δωρεά
3167 2719 3456 2806 πέμπεται,
3517 2729 3577 2784 τὸ
3629 2726 3685 2783 δὲ
3727 2733 3935 2803 Πνεῦμα

2295 2818 2389 2873 οῦκ
2417 2816 2822 2890 ἀποστέλλεται,
2859 2815 2983 2874 ὀίεαν
3039 2819 3067 2873 ὀ
3116 2818 3236 2882 Υἱὸς
3278 2815 3433 2896 λέγῃ,
3503 2839 3526 2870 ι
3579 2817 3786 2892 Πέμψω
3813 2819 3935 2892 ῦμτν

2293 2905 2354 2962 τὸ
2405 2911 2615 2979 Πνεῦμα
2655 2908 2717 2963 τὸ
2764 2905 2917 2984 ἅγιον
2949 2922 2963 2937 ⁶
2999 2925 3022 2957 ι
3058 2908 3146 2963 καὶ
3213 2905 3394 2981 πάλιν,
3455 2906 3655 2972 Θεότης
3707 2909 3803 2965 οῦκ
3843 2906 3936 2964 έκ-

2296 3005 2504 3073 χεϊται,
2537 2991 2657 3050 ἀλλ’
2711 3007 2742 3049 1‘
2791 2993 2959 3070 δωρεά
2991 3014 3029 3074 ’γ
3067 2997 3156 3052 καὶ
3213 2994 3394 3068 πάλιν,
3453 2997 3524 3052 Τὸ
3579 2993 3934 3074 ἐκχυνόμενον

2296 3083 2354 3139 οῦ
2409 3084 2615 3159 πνεῦμά
2677 3081 2818 3140 ἐστιν
2886 3073 3059 3162 ἅγιον,
3115 3083 3250 3140 ἀλλᾶ
3298 3085 3599 3159 Πνεύματος
3638 3073 3771 3143 Θεοῦ
3827 3083 3936 3164 χᾶ-

2297 3194 2398 3251 ρις,
2461 3172 2536 3247 μὴ
2596 3169 2680 3230 διὰ
2734 3179 2899 3230 ταῦτα
2967 3174 3090 3253 οῦχὶ
3144 3175 3298 3230 αὐτὸν
3377 3172 3583 3230 ἐκεῖνον
3660 3171 3938 3239 δηλοῦσθαι

573 3249 750 3345 veluti
783 3248 857 3310 ab
889 3267 959 3310 eo
1009 3246 2040 3345 avulsam.Cum_Scriptura_asserit,
2075 3249 2210 3331 Spi-

2301 3246 2758 3342 τὸνΠαράκλητον
2815 3263 2931 3341 οἵῃ,
3003 3246 3139 3321 ἀλλά
3191 3265 3365 3345 Δχάριν
3422 3264 3539 3322 τινά
3591 3263 3942 3345 ἀποδιεσχοι-

572 3338 751 3400 ritum
775 3345 1042 3398 sanctum
1068 3335 1366 3398 aDomino
1388 3337 1638 3412 effundi,
1658 3337 1954 3420 mittique;
1985 3339 2034 3401 si
2065 3340 2210 3413 haec,

575 3424 1106 3506 inquam,opinaris
1153 3426 1228 3486 de
1268 3423 1487 3506 Spiritu
1513 3437 1740 3506 sancto,
1771 3429 1870 3508 qui
1903 3447 1935 3490 a
1963 3427 2216 3491 Domino

580 3512 994 3586 eﬂ‘unditur,et
1026 3512 1297 3588 mittitur,
1334 3514 1506 3593 plane
1543 3531 1579 3574 a
1602 3524 2042 3596 vera.rectaque
2072 3534 2216 3579 sen-

577 3601 761 3663 tentia
779 3601 954 3680 longe
968 3601 1231 3662 omnium
1260 3601 1628 3680 evagaris.Et
1643 3621 1912 3665 meorum
1925 3605 2218 3668 dictorum

581 3690 748 3753 testis
797 3690 974 3752 fuerit
1003 3689 1259 3770 Spiritus
1289 3690 1482 3765 dator,
1517 3708 1572 3753 e:
1627 3692 2058 3772 suppeditator,
2091 3697 2216 3775 qui,

580 3799 714 3842 cum
747 3779 806 3841 in
839 3777 1154 3858 Evangelio
1180 3779 1346 3860 dicit,
1367 3803 1391 3835 ιι
1423 3779 1567 3841 Cum
1599 3781 1828 3841 venerit
1857 3780 2218 3864 Paracletus,

582 3887 760 3950 quem
793 3887 901 3946 ego
935 3868 1163 3930 mittam
1195 3867 1357 3928 vobis
1381 3887 1450 3929 ex
1475 3870 1647 3933 Patre
1669 3869 1755 3945 48,
1784 3895 1808 3929 ο
1834 3889 1950 3931 non
1971 3873 2218 3950 gratiam

575 3958 893 4042 quamdam
921 3959 1272 4040 spiritalem,
1303 3959 1480 4022 veluti
1536 3960 1612 4020 ab
1669 3961 1927 4022 essentia
1965 3961 2221 4043 Spiritus

579 4048 824 4110 divisam
845 4066 914 4110 ac
938 4049 1266 4129 sejunctam
1289 4048 1565 4125 insinuat,
1590 4049 1692 4111 sed
1723 4049 2092 4112 Paracletum
2127 4051 2218 4132 ip-

581 4155 739 4212 sum,
773 4136 876 4217 qui
908 4144 998 4198 est
1043 4135 1201 4198 Deus
1250 4136 1566 4217 perfectus,
1621 4146 1678 4199 et
1705 4157 1900 4213 verus,
1933 4140 2016 4200 uti
2047 4143 2221 4203 Pater

582 4234 640 4286 et
668 4225 852 4287 Filius
900 4232 1007 4286 est.
1060 4226 1124 4286 Si
1175 4225 1371 4306 itaque
1421 4225 1578 4287 Deus
1629 4237 1737 4302 est,
1771 4232 1869 4309 qui
1901 4228 2215 4291 aDomino

581 4314 926 4390 effunditur,
965 4313 1328 4395 mittiturque
1377 4313 1652 4396 Spiritus,
1686 4316 2000 4391 scito,cum
2031 4318 2219 4398 Chry-

578 4412 905 4465 sostomum
935 4401 1105 4465 audis
1134 4403 1456 4483 dicentem,
1490 4403 1646 4466 Deus
1677 4425 1794 4468 non
1829 4407 2102 4481 mittitur,
2162 4422 2224 4475 et

581 4492 739 4574 quod
769 4492 1091 4556 effunditur
1120 4511 1236 4552 non
1267 4502 1356 4555 est
1378 4492 1633 4573 Spiritus
1683 4503 1947 4570 sanctus,
1976 4495 2081 4558 sed
2112 4495 2220 4557 Dei

2297 3341 2550 3427 νισμένήν
2622 3350 2800 3431 ὥσπερ
2854 3352 3075 3414 ἐκείνου.
3162 3341 3338 3410 ’Ὅταν
3403 3353 3438 3420 ἡ
3538 3353 3717 3431 Γραιγῆ
3782 3341 3940 3432 λέγῃ,

2301 3463 2333 3499 α
2363 3441 2435 3498 Τὸ
2465 3445 2676 3516 Πνεῦμα
2717 3440 2780 3497 τὸ
2819 3440 2968 3519 ἅγιον
3000 3443 3142 3522 παρά
3171 3452 3264 3502 τοῦ
3317 3443 3500 3520 Κυρίου
3537 3454 3826 3522 προχεῖται
3856 3444 3943 3499 καὶ

2301 3527 2708 3606 ἀποστέλλεται,
2743 3556 2767 3588 ι
2825 3530 3003 3610 πόρῤω
3071 3529 3284 3608 βάλλειν
3339 3529 3449 3587 ἴσθι
3495 3535 3593 3599 τῆς
3645 3537 3740 3588 τοῦ
3795 3531 3943 3609 ἁγίου

2303 3613 2553 3680 διανοίας,
2615 3618 2714 3674 Καὶ
2755 3618 2951 3698 μάρτυς
3007 3620 3112 3675 τῶν
3167 3619 3308 3694 ἐμῶν
3351 3617 3527 3696 λόγων
3583 3619 3738 3683 αὐτὸς
3785 3619 3815 3674 ὅ
3851 3624 3944 3676 τοῦ

2303 3706 2606 3781 Πνεύματος
2649 3704 2807 3786 δοτήρ
2835 3727 2892 3762 τε
2920 3707 3009 3764 καὶ
3037 3708 3298 3786 χορηγός.
3353 3706 3535 3785 Λέγων
3565 3707 3665 3786 γὰρ
3735 3706 3791 3764 ἐν
3837 3711 3942 3766 E6-

2303 3793 2594 3872 αγγελίοις,
2629 3819 2653 3854 ι
2690 3785 2866 3853 υΟταν
2923 3794 2978 3852 δὲ
3035 3785 3160 3873 ἔλθῃ
3197 3785 3234 3853 γό
3289 3785 3660 3876 Παράκλητοςς
3720 3796 3778 3852 ὃν
3836 3796 3942 3875 δγὼ

2303 3885 2504 3959 πέμψω
2526 3885 2657 3960 ὑμῖν
2697 3886 2837 3964 παρά
2892 3892 2984 3941 τοῦ
3042 3886 3270 3963 Πατρὸς,
3331 3905 3355 3938 ι
3419 3886 3542 3964 οῦχὶ
3609 3885 3770 3964 χάριν
3826 3885 3943 3942 τινά

2302 3971 2532 4048 πέμπειν
2584 3974 2824 4054 ἒμφαίνει
2911 3974 3293 4050 πνευματικὴν,
3364 3974 3518 4030 οἱονεὶ
3597 3978 3698 4039 τῆς
3768 3972 3947 4037 οὐσίας

2301 4058 2733 4141 ἀποδιῃρημένην
2811 4069 2904 4120 τοῦ
3020 4063 3346 4142 Πνεύματος,
3432 4059 3549 4118 ἀλλ’
3615 4061 3770 4118 αὐτὸν
3853 4064 3947 4118 τὸν

2302 4149 2674 4230 Παράκλτπον,
2720 4149 2830 4214 ὅτις
2863 4150 2992 4214 Θεός
3050 4151 3161 4208 ἐστι
3204 4149 3426 4224 τελειος⁹
3479 4151 3568 4207 καὶ
3610 4149 3838 4230 ἀληθὴς,
3871 4152 3944 4214 ὡς

2300 4238 2329 4294 ὁ
2397 4238 2579 4316 Πατὴρ
2648 4239 2736 4295 καὶ
2778 4240 2807 4295 ὀ
2877 4241 3019 4304 Υἱὸς.
3080 4241 3139 4296 Ei.
3191 4246 3313 4318 γοῦν
3369 4239 3496 4302 Θεός
3548 4238 3658 4295 ἐστι
3701 4240 3763 4296 τὸ
3805 4240 3947 4318 παρὰ

2302 4328 2396 4382 τοῦ
2423 4327 2609 4406 Κυρίου
2638 4327 3003 4407 προχεόμενον
3056 4329 3142 4384 καὶ
3199 4326 3658 4403 ἀποστελλόμενον
3711 4335 3943 4408 πνεῦμα³

2301 4415 2458 4493 γνῶθι
2555 4415 2761 4472 ἀκούων
2860 4426 2955 4474 τοῦ
3034 4415 3460 4496 Χρυσοῤῥήμενος
3541 4415 3790 4494 λέγοντος
3858 4419 3942 4496 τὸ³

2304 4505 2432 4567 Θεὸς
2491 4503 2585 4561 ούκ
2654 4504 3056 4580 ἀποστέλλεται,
3141 4508 3251 4580 καὶ,
3334 4507 3406 4563 Τὸ
3477 4505 3837 4586 ἐκχυνόμενον
3889 4509 3948 4565 ού

577 4581 834 4661 Spiritus
861 4580 1233 4674 gratia,_hanc
1255 4589 1477 4674 tantum
1502 4581 1576 4643 ob
1595 4601 1829 4644 causam
1853 4584 2215 4658 enuntiasse,

2303 4593 2514 4668 Πνεῦμά
2563 4595 2706 4650 εστιν
2761 4594 2938 4673 ἅγιον,
2997 4594 3136 4651 ἀλλὰ
3201 4595 3503 4670 Πνεύματος
3541 4580 3695 4652 "ego;
3763 4595 3946 4674 χάρις,

579 4688 654 4732 ne
684 4673 817 4750 quis
839 4669 1273 4750 separationem
1307 4669 1586 4750 aliquam,
1640 4681 1819 4752 atque
1867 4671 2220 4734 divisionem

580 4758 829 4821 localem
879 4757 994 4820 sibi
1023 4757 1221 4820 animo
1267 4758 1468 4840 ﬁngat,
1520 4779 1654 4822 cum
1686 4758 1872 4822 Deum
1919 4760 2220 4841 iutelligit,

581 4847 731 4908 mitti
761 4857 938 4929 atque
969 4845 1714 4929 efl‘undi.Quandoquidem
1746 4848 1795 4908 si
1827 4848 1887 4909 in
1919 4867 2050 4910 eam
2081 4868 2219 4912 sen-

581 4937 823 4998 tentiam
874 4955 991 4997 non
1023 4934 1349 5016 accipiatur
1379 4937 1549 5011 illud,
1582 4935 1740 4999 Deus
1795 4955 1913 4998 non
1945 4937 2217 5014 mittitur,

580 5024 878 5102 quomodo
905 5023 1091 5086 Deum
1111 5025 1666 5088 asseremusFilium
1700 5025 1944 5087 missum
1967 5045 2001 5087 a
2016 5027 2224 5090 Patre?

579 5110 650 5172 Et
677 5112 725 5172 si
760 5113 884 5174 haec
943 5113 1050 5176 tibi
1091 5131 1230 5176 vera
1275 5114 1556 5177 videntur
1602 5133 1758 5192 esse,
1790 5114 2028 5196 discito,
2085 5115 2229 5179 licet

579 5199 807 5276 missio,
843 5212 902 5263 et
932 5201 1221 5264 demissio
1266 5223 1398 5285 quae
1445 5205 1508 5267 in
1558 5203 1733 5266 nobis
1788 5202 1887 5280 sit,
1949 5205 2224 5284 Spiritus,

581 5287 942 5351 habitualem
975 5290 1404 5355 habitationem
1437 5294 1756 5372 significet,
1811 5311 1879 5353 ex
1911 5292 2038 5374 ipsa
2070 5293 2229 5356 nihi-

578 5375 840 5438 lominus
873 5379 1177 5460 missione,
1199 5388 1374 5462 atque
1404 5381 1752 5445 dimissione
1782 5381 2010 5444 clarum
2039 5401 2230 5445 rema-

585 5465 1048 5548 nere.Spiritum
1079 5484 1153 5530 ex
1185 5470 1478 5548 mittente,
1513 5481 1573 5534 et
1600 5470 1940 5534 dimittente
1973 5473 2231 5538 Domino

661 5634 725 5687 46
763 5637 901 5701 Act.
932 5652 997 5713 ιι,
1031 5635 1131 5698 38.
1217 5638 1278 5688 47
1307 5639 1465 5703 Psal.
1496 5657 1650 5714 xm,
1688 5641 1750 5706 3.

2305 4684 2380 4746 ὡς
2449 4679 2534 4738 διὰ
2574 4689 2730 4740 τοῦτο
2769 4681 2916 4740 ταῦτ’
2973 4683 3214 4764 εἴρηκεν,
3259 4681 3354 4740 ἵνα
3411 4685 3488 4760 μή
3543 4705 3623 4748 τις
3681 4682 3947 4740 διαστάσιν

2303 4792 2421 4827 τινα
2469 4771 2800 4849 φαντάσηται
2857 4773 3106 4849 τοπικὴν⁹
3166 4775 3294 4830 Θεὸν
3352 4772 3554 4829 ἀκούων
3608 4773 3949 4848 πεμπόμενον

2304 4860 2391 4915 καὶ
2459 4858 2941 4936 ἀποστελλόμενον.
3003 4858 3179 4935 Ἐπεὶ,
3225 4862 3268 4917 εἰ
3326 4861 3403 4937 μὴ
3458 4863 3549 4924 εἰς·
3587 4862 3840 4928 τοιαύτην
3871 4860 3950 4916 ἔν-

2304 4968 2449 5005 νοιαν
2520 4946 2806 5028 έχληφθείη
2862 4950 2945 5029 τὸ,
3023 4973 3048 5006 ι
3113 4951 3241 5015 Θεὸς
3301 4948 3396 5006 οῦκ
3475 4948 3885 5023 ἀποστέλλεται,
3925 4974 3950 5009 ι

2307 5042 2422 5100 πῶς
2479 5036 2541 5094 ἀν
2601 5040 2731 5101 Θεὸς
2788 5037 3135 5118 ὀμολογεθείη
3205 5040 3233 5095 ὀ
3296 5036 3756 5115 ἀποστελλόμενος
3839 5040 3955 5102 Υἱὸς

2308 5124 2452 5206 παρά
2493 5128 2585 5181 τοῦ
2616 5127 2819 5205 Πατρὸς
2852 5145 2868 5207 ;
2927 5129 3028 5186 Καὶ
3097 5127 3251 5208 εἴπερ
3306 5125 3482 5194 ἀληθῆ
3539 5148 3622 5184 σοι
3665 5133 3831 5184 ταῦτα
3861 5123 3952 5182 δο-

2310 5227 2420 5293 κεῖ,
2455 5214 2682 5291 μάνθανε
2707 5217 2781 5278 ὥς
2808 5216 2905 5272 κᾶν
2957 5217 3047 5273 καὶ
3103 5219 3139 5286 ἡ
3191 5216 3394 5292 πέμψε(
3449 5216 3539 5272 καὶ
3591 5217 3626 5286 ἡ
3683 5214 3956 5282 ἀποστολῆ

2311 5303 2407 5370 τὴν
2476 5305 2549 5368 εἰς
2605 5307 2749 5380 ἡμᾶς
2791 5304 3089 5382 γενομένην
3130 5307 3272 5384 παρά
3325 5310 3418 5362 τοῦ
3473 5304 3658 5384 Κυρίου
3698 5303 3956 5384 σχετικὴν

2309 5393 2575 5460 ἔνοίκησιν
2647 5391 2849 5461 δηλῶσι
2919 5401 3010 5453 τοῦ
3099 5395 3425 5471 Πνεύματος,
3500 5391 3620 5449 ἀλλ’
3690 5391 3744 5459 ἒξ
3794 5393 3956 5459 αὐτῆς

2311 5484 2413 5548 τῆς
2475 5480 2730 5558 πέμψεώς
2787 5502 2844 5536 τε
2900 5482 2988 5540 καὶ
3027 5480 3330 5551 ἀποστολῆς
3401 5479 3735 5560 ἀναφαίνεται
3791 5481 3961 5558 ὑπάρ-

1843 5641 1909 5691 48
1937 5643 2106 5705 Joan.
2134 5661 2237 5712 ιν.
2269 5645 2368 5710 26.
