4180 6282
516 284 633 350 427

1610 283 1821 349 JOAN.
1868 282 2086 349 VECCI
2129 278 2243 343 GP.
2292 284 2806 353 PATPJARCHxE

3765 290 3880 355 4‘28

517 420 823 493 Conditor,
851 436 958 501 per
979 418 1182 483 ﬂatum
1201 416 1332 479 vita;
1357 437 1370 479 :
1396 423 1455 479 et
1472 415 1744 481 Christus
1761 415 1955 489 nobis,
1983 413 2165 479 Acci-

2259 422 2470 496 Χριστὸς
2500 418 2554 478 δὲ
2610 423 2769 497 ἡμῖν,
2825 419 3023 479 Λάϐετε
3079 424 3238 502 χάριν
3308 424 3406 492 τὴν
3462 423 3529 481 δι’
3599 426 3875 503 ὑπουργίας

518 512 636 592 pite
652 511 899 590 gratiam
924 528 1029 589 per
1078 507 1471 569 ministerium
1520 504 1777 585 Spiritus
1798 504 2023 567 sancti:
2054 504 2158 566 sed

515 601 578 662 in
600 602 903 662 creatione
924 598 1182 659 hominis
1204 598 1375 657 ﬂatus
1407 596 1536 656 vitae
1574 602 1812 656 vocatus
1859 602 1967 666 est,
2002 593 2156 673 quod

517 690 877 752 insuﬂlatum
910 696 999 749 est
1026 704 1038 749 :
1063 686 1176 747 vita
1218 703 1472 765 namque
1499 701 1642 745 vera
1665 690 1755 744 est
1787 682 2024 744 deitatis
2049 700 2158 742 na-

519 788 670 842 tura.
699 778 751 840 si
782 777 956 837 modo
989 793 1191 836 verum
1216 782 1327 854 est,
1352 791 1463 835 nos
1492 773 1554 833 in
1584 771 1687 833 illa
1709 769 2157 852 vivere,moveri

521 877 578 930 et
598 869 918 929 esse.Voce
938 883 1077 925 vero
1102 859 1675 942 SalvatorisSpiritus
1704 867 1943 922 sanctus
1964 859 2158 922 dictus

519 966 629 1027 est,
662 955 819 1016 idem
846 953 975 1031 ipse
1013 951 1281 1031 ejusdem
1310 951 1588 1032 Spiritus,
1626 968 1803 1029 quem
1849 948 2159 1010 animabus

518 1044 783 1106 fidelium
837 1040 1170 1103 inhabitare
1199 1040 1337 1100 facit
1366 1049 1540 1120 atque
1572 1038 1930 1114 intromittit,
1966 1046 2027 1099 et
2053 1054 2161 1118 per

516 1139 711 1214 ipsum
748 1131 888 1192 etin
919 1131 1049 1209 ipso
1069 1128 1341 1189 immutat
1364 1127 1424 1188 in
1457 1128 1910 1207 formam,quam
1942 1125 2002 1187 iu
2033 1126 2162 1206 ipso

520 1223 610 1284 sui
633 1221 805 1282 initio
825 1218 1141 1299 possedit?
1168 1242 1201 1285 λ»
1239 1216 1346 1278 His
1374 1236 1408 1278 a
1464 1216 1599 1277 divo
1631 1216 1852 1294 Cyrillo
1882 1234 2000 1276 una
2028 1233 2162 1276 cum

520 1312 655 1372 aliis
668 1310 968 1388 plerisque
999 1305 1542 1385 Patribus,quorum
1558 1305 1711 1366 dicta
1727 1304 1802 1365 ob
1818 1304 2163 1366 brevitatem

521 1400 1038 1477 derelinquuntur,
1082 1394 1359 1467 -ecretis,
1394 1394 1540 1455 scito
1574 1411 1797 1471 magnae
1827 1394 2015 1471 culpae
2035 1392 2167 1453 ﬁeri

2241 516 2333 565 τοῦ
2362 510 2512 587 ἁγίου
2567 512 2888 586 Πνεύματος.
2948 508 3067 567 ἀλλ’
3116 514 3170 567 Ῑεν
3229 512 3325 587 μὲν
3353 519 3423 589 τῇ
3462 521 3554 572 τοῦ
3610 514 3877 594 ἀνθρώπω

2243 596 2557 678 δημιουργίᾳ
2624 600 2762 668 πνοή
2830 605 2974 670 ζωῆς
3055 601 3358 676 ὠνόμασται
3438 605 3498 659 16
3547 604 3870 684 ἔμφυσηθέν,

2241 687 2354 757 ζωὴ
2412 688 2511 765 γὰρ
2550 686 2755 755 ἀληθὴς
2793 689 2830 757 ἡ
2874 694 2974 756 τῆς
3016 690 3267 757 θεότητος
3310 693 3459 772 φύσις
3493 710 3507 725 °
3556 692 3709 767 εἷ’περ
3735 695 3874 749 εστὶν

2243 774 2436 841 ἀληθὲς
2479 778 2552 839 ὡς
2593 779 2650 832 ἒν
2698 780 2832 854 αὒτῇ
2860 784 3056 854 ζῶμεν,
3102 780 3192 835 καὶ
3235 781 3530 856 κινούμεθα,
3578 784 3667 839 καὶ
3693 781 3872 857 ἒσμέν.

2245 863 2340 919 Διέ
2369 861 2423 919 δὲ
2452 869 2552 931 τῆς
2574 871 2667 923 τοῦ
2695 866 2941 946 Σωτῆρος
2990 872 3170 946 φωνῆς
3228 873 3437 944 Πνεῦμα
3487 870 3640 947 ἅγιον
3669 868 3877 947 εἴρηται

2242 952 2366 1009 αὐτό
2420 975 2521 1009 που
2589 954 2726 1010 κατὰ
2793 957 2855 1011 τὸ
2922 952 3114 1021 ἀληθὲς
3170 968 3292 1018 ταῖς
3350 964 3453 1013 τῶν
3519 958 3875 1015 Πιστευόντων

2240 1046 2449 1120 ψυχαῖς
2500 1043 2952 1120 ἔγκατοικίζοντός
2993 1064 3050 1099 τε
3104 1045 3189 1100 καὶ
3230 1044 3457 1110 ἒνιέντος
3513 1049 3573 1104 16
3643 1052 3877 1127 Πνεῦμα,

2243 1132 2331 1187 καὶ
2388 1128 2454 1186 δι’
2513 1132 2671 1188 αὐτοῦ
2722 1152 2779 1188 τε
2846 1133 2933 1188 καὶ
2986 1134 3041 1188 ἓν
3085 1133 3225 1207 αὐτῷ
3295 1134 3757 1209 μεταπλᾶττοντος
3807 1137 3879 1198 είς

2246 1217 2389 1282 εἶδος
2417 1220 2479 1275 τὸ
2531 1222 2587 1274 Ιεν
2643 1219 2861 1299 ἀρχαῖς.
2930 1244 2951 1274 ι
3017 1230 3241 1279 Τοιαῦτα
3283 1230 3375 1280 τοῦ
3440 1226 3589 1303 ἁγίου
3632 1222 3883 1304 Κυρίλλου

2245 1305 2613 1385 θεολογοῦντος
2679 1309 2770 1364 σὺν
2813 1305 2993 1372 ἄλλοις
3058 1316 3162 1365 τῶν
3206 1313 3452 1391 Πατέρων
3506 1311 3757 1391 πολλοῖς,
3808 1314 3883 1366 ὧν

2248 1398 2298 1451 αἱ
2347 1396 2525 1471 ῥήσεις
2580 1394 2662 1452 διὰ
2710 1398 2806 1464 τὴν
2849 1400 3210 1478 μακρηγορίαν
3252 1402 3594 1478 παρείθησαν,
3664 1400 3770 1457 ἴσθι
3825 1404 3884 1459 οῦ

524 1488 869 1561 obnoxium,
903 1491 1293 1553 asserentem,
1321 1501 1438 1542 non
1487 1482 1680 1561 ipsum
1716 1480 2024 1561 Spiritum,
2055 1478 2161 1540 sed

2259 1487 2443 1559 μετρίῳ
2483 1487 2791 1541 ὑποκεῖσθαι
2820 1492 2896 1560 τῷ
2944 1487 3153 1562 κρίματι
3208 1491 3299 1545 τὸν
3357 1489 3601 1571 λέγοντα,
3661 1493 3735 1553 ὼς
3791 1490 3882 1547 οὒκ

524 1576 780 1658 Spiritus
809 1578 965 1637 dona
995 1572 1179 1633 ﬁlium
1213 1572 1472 1635 mittere.
1511 1570 1682 1631 Licet
1709 1570 1865 1630 enim
1899 1578 1957 1630 et
1986 1568 2159 1659 habit

2259 1574 2370 1629 ιιῦτὸ
2427 1578 2659 1647 Πνεῦμα,
2704 1571 2841 1629 ἀλλὰ
2911 1575 2976 1630 τὰ
3044 1584 3135 1633 τοῦ
3191 1568 3494 1654 Πνεύματος
3578 1568 3883 1659 χαρίσματα

524 1657 742 1728 tualem
778 1661 1263 1725 inhabitationem
1320 1659 1575 1739 Spiritus
1604 1659 1808 1720 missio
1842 1667 2023 1738 notet,
2057 1657 2165 1719 sed

2259 1661 2470 1728 πέμπων
2498 1663 2635 1718 ἔστὶν
2666 1664 2694 1717 6
2739 1663 2881 1727 Υἱὸς.
2948 1664 3005 1719 Εἰ
3035 1666 3134 1743 γὰρ
3160 1665 3256 1722 καί
3287 1668 3384 1734 τὴν
3441 1669 3512 1731 εἰς
3567 1657 3686 1733 τοὺς
3719 1668 3886 1732 ἀξίους

524 1756 652 1835 ipse
684 1753 862 1814 rebus
906 1750 1184 1812 omnibus
1236 1766 1494 1828 presens
1550 1748 1889 1808 Paracletus
1919 1756 2028 1826 est,
2065 1746 2167 1827 qui

2259 1751 2505 1829 τχετικὴν
2535 1750 2796 1817 ἓνοίκησιν
2852 1758 2942 1809 τοῦ
2999 1755 3300 1817 Πνεύματος
3358 1758 3394 1823 ἡ
3451 1756 3654 1832 πέμψις
3703 1754 3880 1829 δηλο’,

525 1844 770 1920 habitat,
804 1841 978 1903 modo
1000 1847 1058 1900 et
1086 1837 1336 1913 ratione,
1372 1855 1505 1918 quae
1549 1836 1747 1898 verbis
1776 1835 2027 1918 exprimi
2053 1853 2167 1898 ne-

2259 1837 2369 1895 Ξιλλ’
2402 1840 2557 1904 αὐτὸς
2606 1842 2633 1895 6
2705 1843 2983 1921 πανταχοῦ
3050 1843 3232 1921 παρὼν
3291 1843 3635 1923 Παράκλητός
3684 1849 3828 1901 ἔστιν
3857 1846 3886 1900 6

528 1940 769 2013 queunt.

2259 1930 2477 1983 ὲνοικῶν
2520 1924 2758 2005 ἀρρήτως
2800 1929 2888 1984 καὶ
2908 1928 3038 2009 ὑπέρ
3067 1928 3249 2007 λόγον.

884 2029 1181 2108 Eiusdem
1208 2045 1284 2090 ea:
1329 2045 1462 2090 eam
1510 2028 1806 2089 oratione.

2614 2035 2716 2085 Τοῦ
2759 2029 2914 2085 αὐτοῦ
2942 2032 3003 2085 ὲκ
3042 2037 3133 2088 τοῦ
3161 2031 3317 2089 αὐτοῦ
3345 2030 3527 2110 λόγου.

614 2134 707 2198 13.
750 2155 773 2191 ι
802 2132 1089 2205 Quoniam
1120 2148 1259 2191 vero
1319 2129 1585 2190 nondum
1633 2126 2169 2216 fueraticruciﬂxus

2336 2119 2410 2208 ιγ’
2444 2156 2467 2187 α
2511 2129 2661 2187 Ἐπεὶ
2690 2131 2789 2211 γὰρ
2843 2131 2990 2189 οὔπω
3051 2135 3377 2213 εσταυρώθη,
3435 2136 3528 2192 οῦκ
3584 2136 3673 2216 ἦν,
3738 2138 3887 2216 φησὶ,

537 2250 564 2282 α
596 2243 717 2286 non
748 2230 894 2294 erat,
926 2221 1029 2295 ait,
1052 2218 1308 2299 Spiritus
1328 2227 1571 2280 sanctus
1598 2215 1941 2306 hominibus
1970 2215 2166 2306 datus.

2259 2243 2280 2277 ι
2313 2226 2522 2294 Πνεῦμα
2547 2218 2695 2298 ἅγιον
2722 2221 2843 2285 τοῖς
2898 2222 3185 2301 ἀνθρώποις
3229 2221 3398 2286 δοθέν.
3456 2226 3527 2282 Τὸ
3582 2215 3682 2306 γὰρ
3708 2215 3893 2282 ἔσται)-

536 2338 563 2369 α
596 2316 719 2375 Vox
747 2311 967 2391 quippe
998 2308 1379 2387 gloriﬁcatus,
1412 2306 1569 2367 idem
1597 2302 2170 2395 valet,quod‘cruci~

2259 2331 2281 2363 ι
2318 2310 2459 2386 ρώθη
2510 2310 2649 2365 εστὶν
2706 2307 2977 2377 ἐδοξάσθη.
3038 2313 3097 2368 Εἰ
3155 2314 3254 2391 γὰρ
3304 2314 3393 2369 καὶ
3445 2302 3606 2394 φύσει
3648 2302 3709 2371 τὸ
3753 2321 3892 2395 πρᾶ-

538 2428 566 2460 α
600 2402 770 2463 ﬁxus.
802 2399 949 2460 Nam
984 2397 1094 2457 etsi
1121 2414 1221 2457 res
1248 2401 1335 2456 est
1362 2408 1574 2455 natura
1617 2411 1725 2455 sua
1752 2391 2165 2471 ignominiosa,

2259 2419 2279 2450 I
2312 2419 2423 2475 γμα
2460 2396 2836 2461 ἒπονείδιστον,
2869 2397 2990 2455 ἀλλ’
3029 2399 3212 2468 ἒπειδὴ
3252 2402 3380 2479 ὑπὲρ
3433 2391 3538 2458 τῶν
3567 2391 3894 2483 φιλουμένων

540 2518 562 2549 ι
599 2491 739 2571 quia
762 2496 960 2548 tamen
989 2502 1194 2545 eorum
1244 2500 1422 2543 causa
1472 2482 1671 2549 ﬁebat,
1734 2497 1882 2560 quos
1910 2477 2169 2557 amabat,

2261 2508 2281 2539 ι
2316 2487 2541 2566 ἒγίνετο,
2572 2484 2721 2552 δόξαν
2762 2490 2887 2544 αὐτὸ
2914 2486 3072 2545 καλεῖ
3102 2492 3130 2545 6
3176 2477 3420 2570 Χριστός,
3480 2477 3743 2557 Καί-τίνος
3775 2491 3891 2549 ἔνε-

541 2600 571 2638 ‹
604 2567 854 2657 gloriam
888 2574 1046 2634 illam
1079 2572 1352 2633 Christus
1378 2570 1637 2650 appellat
1666 2567 1859 2641 Quare
1883 2567 2171 2658 vero,dic,

2259 2597 2283 2629 α
2317 2595 2432 2658 κεν,
2464 2573 2576 2630 εἶπέ
2605 2598 2722 2650 μοι,
2752 2578 2853 2655 πρὸ
2882 2584 2972 2633 τοῦ
3000 2567 3231 2657 σταυροῦ
3268 2578 3360 2635 οὒκ
3388 2577 3541 2646 ἒδόθη
3560 2582 3620 2636 τὸ
3644 2587 3891 2658 Πνεῦμας

542 2692 569 2724 ¢
600 2652 823 2747 quaeso,
857 2669 993 2723 ante
1040 2659 1539 2721 resurrectionem
1598 2677 1715 2719 non
1772 2666 1860 2719 est
1916 2656 2174 2737 Spiritus

2266 2689 2287 2719 ι
2324 2652 2454 2721 υΟτι
2484 2666 2538 2718 ὲν
2566 2652 2840 2743 ἁμαρτίαις
2870 2665 2937 2733 ἦν
2982 2666 3016 2733 ἡ
3047 2652 3352 2746 οἰκουμένη,
3408 2669 3465 2723 ἓν
3529 2652 3896 2747 προσκροόμαέ

544 2778 567 2813 α
607 2744 778 2816 datus
799 2751 1074 2832 quoniam
1108 2749 1168 2808 in
1200 2748 1461 2829 peccatis
1503 2756 1628 2809 erat
1676 2744 1836 2807 orbis
1858 2753 2173 2820 terrarum,

2263 2770 2287 2805 ι
2325 2774 2427 2826 σιν,
2471 2754 2527 2807 ὲν
2558 2750 2721 2832 ἔχθρᾳ
2748 2755 2834 2809 καὶ
2863 2752 3069 2835 ἀτιμίᾳ²
3121 2744 3345 2813 οὐδέπω
3376 2764 3469 2813 τοῦ
3500 2744 3713 2832 Ἀμνοῦ-
3738 2744 3898 2838 προσ-

545 2869 573 2901 (
606 2844 664 2906 in
698 2838 1150 2912 offensionibus,
1186 2836 1347 2910 odio,
1382 2846 1439 2897 et
1471 2835 1793 2915 ignominia
1819 2856 1833 2915 ;
1859 2852 1991 2895 cum
2021 2852 2174 2894 non-

2267 2863 2289 2895 ι
2339 2840 2665 2920 ενεχθέντος,
2698 2851 2790 2900 τοῦ
2818 2842 2914 2908 τὴν
2958 2842 3215 2920 ἁμαρτίαν
3269 2844 3511 2924 αἴροντος
3538 2854 3631 2903 τοῦ
3670 2835 3896 2923 κόσμου,

546 2957 572 2989 α
604 2933 743 2994 dum
776 2928 1005 2990 oblatus
1034 2927 1236 3001 Agnus
1254 2933 1427 2985 esset.
1491 2923 1592 3005 qui
1622 2923 2174 3013 mundiitollitpec-

2266 2951 2295 2984 ε
2325 2927 2476 2985 Ἐπεὶ
2507 2931 2596 2985 οὖν
2626 2927 2828 2986 οὐδέπω
2870 2931 2935 2999 ἧν
2967 2932 2995 2987 6
3050 2933 3275 3012 Χριστὸς
3332 2923 3665 3013 σταυρωθεὶς,
3698 2934 3900 2993 οὐδέπω

546 3048 573 3080 α
604 3030 823 3084 calum.
859 3014 1144 3089 Quoniam
1169 3014 1344 3092 igitur
1362 3014 1624 3075 nondum
1651 3012 1964 3073 cruciﬁxus
1992 3011 2174 3072 fuerat

2270 3039 2292 3070 ι
2323 3017 2390 3086 ἦν
2458 3016 2770 3095 καταλλαγὴ
2845 3011 3109 3098 γενομένη
3138 3036 3154 3052 ⁸
3237 3026 3339 3089 τῆς
3421 3011 3479 3078 δὲ
3561 3023 3902 3104 καταλλαγῆς

547 3138 574 3169 α
602 3110 894 3187 Christus,
925 3102 1337 3167 reconciliatio
1376 3103 1639 3165 nondum
1673 3102 1823 3163 facta
1842 3106 2007 3164 erat:
2042 3119 2174 3162 cum

2269 3129 2291 3159 ι
2339 3108 2522 3190 μήπω⁸
2536 3108 2856 3190 γενομένης,
2917 3109 3131 3174 εἰκότως
3175 3107 3291 3170 οὐδὲ
3345 3112 3407 3168 τὸ
3467 3117 3681 3189 Πνεῦμα
3736 3102 3901 3190 ἐγέμ-

548 3226 573 3257 ι
609 3219 747 3263 vero
780 3186 1039 3258 nondum
1096 3201 1253 3255 esset
1302 3191 1453 3253 facta
1506 3190 1931 3263 reconciliatio,
1965 3190 2174 3251 merito

2266 3213 2291 3247 α
2324 3217 2476 3258 πετο,
2508 3186 2683 3253 ’Ὥστε
2725 3196 3065 3277 καταλλαγῆς
3093 3200 3379 3279 τεκμήριον
3427 3202 3514 3281 16,
3573 3186 3636 3258 16
3692 3186 3904 3280 Πνεῦμα

545 3309 577 3353 (ί
612 3306 804 3368 neque
834 3285 1088 3366 Spiritus
1127 3281 1485 3371 mittebatur.
1515 3279 1734 3371 Quare
1753 3279 2174 3371 reconciliatio-

2273 3312 2296 3343 ι
2340 3283 2730 3353 ἀποσταλῆναι.
2805 3287 2904 3342 Διὰ
2959 3294 3115 3344 τοῦτο
3182 3290 3270 3345 καὶ
3324 3291 3353 3345 6
3410 3279 3630 3369 Χριστός
3686 3279 3852 3371 φησιν
3884 3310 3899 3324 ·

553 3406 576 3435 α
614 3366 1014 3439 ηἰεήίηιὶὶρίυιῐι
1036 3379 1146 3451 est,
1176 3370 1425 3450 Spiritus
1452 3369 1675 3432 missio.
1701 3368 2021 3448 Propterea
2041 3366 2174 3428 dicit

2266 3401 2291 3436 ι
2348 3397 2370 3427 ι
2414 3373 2671 3453 Συμφέρει
2700 3374 2850 3449 ὑμῖν,
2881 3373 2975 3429 ’ίνα
3024 3374 3131 3453 ἐγὼ
3186 3366 3467 3459 ἀπέλθωνέ
3496 3377 3621 3436 Ἐὰν
3671 3366 3773 3457 γὰρ
3800 3379 3907 3459 ἐγὼ

556 3490 581 3525 ε
617 3467 790 3528 etiam
823 3462 1091 3525 Christus
1118 3482 1131 3517 :
1164 3485 1188 3514 α
1222 3458 1682 3539 Expeditvobis,
1709 3473 1774 3518 ut
1798 3477 1906 3536 ego
1935 3457 2174 3518 vadam:

2270 3489 2292 3520 ι
2340 3463 2419 3538 μὴ
2450 3461 2681 3538 ἀπέλθω,
2714 3462 2918 3528 ἐκεῖνος
2978 3466 3037 3523 οὗ
3079 3464 3157 3541 μὴ
3186 3464 3336 3542 ἔλθῃ.
3385 3455 3493 3524 ’Ἂν
3548 3470 3627 3544 μὴ
3688 3455 3907 3529 Ὕᾶπέλθω

555 3581 581 3610 α
616 3560 662 3615 si
708 3552 865 3614 enim
896 3569 1013 3610 non
1045 3548 1274 3628 abiero,
1328 3548 1427 3608 ille
1460 3566 1577 3607 non
1630 3547 1863 3608 veniet:
1914 3545 1969 3606 si
2024 3545 2174 3605 enim

2272 3574 2295 3607 ι
2328 3551 2464 3631 ἐκεῖ,
2497 3552 2584 3606 καὶ
2612 3549 2922 3617 καταλλάξω
2949 3554 3040 3609 τὸν
3083 3553 3313 3634 Πατέρα⁹
3357 3557 3538 3637 φησὶν,
3584 3557 3644 3614 οὗ
3706 3560 3904 3637 πέμπει

552 3669 579 3701 α
612 3662 731 3705 non
790 3639 1016 3715 abiero,
1052 3645 1110 3697 et
1170 3638 1400 3698 Patrem
1456 3636 1939 3710 reconciliavero,
1968 3632 2174 3715 inquit,

2267 3661 2295 3697 ε
2340 3629 2467 3716 ὑμῖν
2494 3640 2586 3696 τὸν
2616 3638 2984 3719 Παράκλητον.
3032 3660 3060 3696 ι
3225 3629 3236 3634 ’
3298 3629 3302 3630 ν
3370 3629 3382 3634 “
3521 3629 3534 3637 ”
3778 3629 3787 3637 ’

553 3753 583 3793 ‹
612 3729 977 3793 Paracletum
1004 3725 1171 3787 vobis
1202 3744 1319 3787 non
1353 3724 1542 3786 mittet
1572 3724 1657 3788 ‘9.
1700 3749 1721 3780 ι

1107 3829 1155 3888 Α
1168 3827 1600 3890 nimadversio.

632 3960 659 3990 α
694 3932 987 4004 Audisne,
1021 3927 1314 4011 quomodo
1343 3926 1442 3989 hic
1467 3927 1636 3991 orbis
1684 3934 1976 3990 terrarum
2006 3926 2191 4007 Magi-

555 4031 711 4085 cster
744 4022 931 4102 palam
958 4018 1157 4081 edicit.
1199 4020 1432 4081 Patrem
1455 4034 1561 4098 per
1588 4017 1803 4080 Filium
1834 4016 2187 4080 reconcilia-

562 4133 592 4173 (
624 4120 749 4177 tttm
789 4110 1032 4173 misisse
1054 4106 1364 4189 Spiritum.

1189 4209 1528 4288 Refutatio.

632 4317 846 4380 Annon
872 4324 932 4378 tu
950 4333 1186 4395 quoque
1230 4313 1399 4375 audis
1448 4311 1731 4393 Spiritum
1763 4310 2039 4384 missum,
2070 4327 2191 4370 non

550 4426 690 4469 vero
711 4406 1042 4485 simplicem
1075 4404 1346 4483 gratiam.
1380 4409 1654 4482 tanquam
1689 4401 1950 4462 avulsam
1995 4417 2030 4459 a
2054 4398 2187 4478 Spi-

553 4497 693 4559 ritu.
729 4495 832 4557 sed
868 4495 1062 4575 ipsum
1095 4490 1493 4553 Paracletum?
1515 4491 1576 4553 Si
1600 4491 1802 4571 itaque
1853 4488 2194 4551 Paracletus

555 4586 808 4647 mitittur
838 4604 871 4645 a
900 4586 1095 4655 Patre,
1129 4598 1187 4642 et
1216 4581 1398 4642 Filius
1430 4581 1489 4640 in
1523 4582 1633 4641 hac
1650 4578 1934 4641 missione
1953 4596 2070 4638 non
2101 4593 2194 4638 se-

550 4675 820 4756 jungitur
844 4671 1225 4746 aPatre,dum
1249 4669 1837 4730 mittiturParacletus
1854 4684 1959 4746 per
1978 4664 2193 4727 Filium

561 4783 678 4825 una
701 4762 1005 4833 missione,
1028 4769 1085 4821 et
1106 4778 1220 4821 una
1235 4758 1676 4836 datione,plane
1696 4768 1966 4837 apertum
1993 4773 2194 4817 rema-

559 4860 684 4932 net,
722 4851 1088 4913 Paracletum
1121 4867 1190 4910 ex
1225 4852 1389 4909 I'atre
1415 4846 1763 4927 procedere,
1799 4852 1856 4907 et
1890 4844 2101 4907 Filium
2134 4847 2193 4904 in

2916 3835 3250 3896 Ἐπιστασία.

2358 3957 2386 3989 ε
2419 3933 2677 4009 Ἀκούεις,
2707 3941 2822 3998 πῶς
2878 3935 3093 3995 ἐνταῦθα
3147 3943 3384 4018 φανερῶς
3439 3937 3667 3998 διδᾶσκει
3725 3944 3755 3999 6
3811 3946 3908 4011 τῆς

2275 4044 2301 4077 α
2336 4022 2647 4099 οἰκουμένης
2693 4021 3029 4091 Διδάσκαλως
3081 4026 3173 4081 τὸν
3228 4026 3435 4104 Πατέρα
3502 4025 3587 4085 διὰ
3641 4036 3735 4088 τοῦ
3791 4035 3910 4089 rio-3

2276 4132 2302 4168 ι
2335 4110 2732 4190 καταλλαγέντα
2762 4112 2969 4189 πέμψαι
2999 4114 3060 4170 τὸ
3092 4120 3343 4195 Πνεῦμας
3394 4132 3420 4168 ι

2920 4214 3269 4295 ⁷Λντίῤῥησις.

2354 4315 2503 4375 Ἀλλ’
2533 4317 2737 4405 ᾂκούεις
2781 4320 2870 4375 καὶ
2909 4320 2994 4396 σὺ,
3039 4325 3155 4384 πῶς
3209 4321 3273 4377 16
3317 4322 3661 4398 πεμπόμενον
3703 4333 3910 4405 Πνεῦμα

2274 4408 2377 4486 οὐχ
2457 4404 2639 4470 ἁπλῶς
2696 4407 2805 4465 ἐστι
2862 4407 3181 4484 πεμπομένη
3246 4409 3429 4491 χάρις,
3486 4414 3641 4469 οἱονεί
3709 4404 3915 4474 ἀποδιε-

2274 4495 2556 4572 σπασμὲνη
2623 4504 2715 4553 τοῦ
2782 4498 3108 4573 Πνεύματος,
3165 4496 3283 4554 ἀλλ’
3327 4501 3482 4557 αὐτὸν
3543 4503 3573 4557 6
3624 4505 3914 4584 Παράκλη-

2275 4605 2406 4665 τος;
2478 4587 2535 4642 El
2605 4593 2729 4664 γοῦν
2780 4589 2808 4643 6
2865 4585 3209 4666 Παράκλητος
3266 4587 3533 4663 πέμπεται
3587 4593 3729 4669 παρὰ
3825 4605 3918 4655 τοῦ

2279 4676 2508 4753 Πατρὸς,
2538 4676 2626 4731 καὶ
2677 4677 2705 4731 6
2762 4676 2879 4739 Υἱὸς
2925 4675 2978 4732 ἐν
3029 4681 3097 4752 τῇ
3151 4674 3352 4751 πέμψει
3393 4678 3558 4756 ταύτῃ
3615 4680 3675 4736 οὔ
3721 4679 3914 4763 διῄρη-

2276 4786 2362 4820 ται
2402 4771 2495 4821 τοῦ
2523 4765 2747 4843 Πατρὸς,
2793 4764 2971 4820 καθότι
3029 4764 3293 4838 πέμπεται
3346 4767 3374 4821 6
3430 4767 3778 4845 Παράκλητος
3832 4772 3912 4831 διὰ

2279 4857 2401 4911 Υἱοῦ
2431 4852 2632 4927 πέμψει
2676 4858 2771 4927 μιᾷ
2798 4854 2885 4909 καὶ
2943 4850 3082 4909 δόσει
3141 4858 3261 4933 μιᾷ,
3319 4851 3538 4921 εὔδηλον
3589 4860 3663 4921 ὡς
3695 4861 3724 4915 6
3766 4863 3918 4926 αὐτὸς

564 4942 946 5023 processione
977 4940 1085 5000 hac
1103 4957 1219 4999 non
1251 4936 1547 5016 segregari
1576 4955 1609 4996 a
1641 4934 1834 5002 Patre.
1862 4951 1996 4995 cum
2017 4932 2165 4994 Para

2280 4939 2629 5020 Παράκλητος
2694 4941 3029 5021 ἐκπορεύεται
3098 4932 3251 5020 παφὰν
3313 4949 3406 4999 τοῦ
3463 4948 3692 5025 Πατρὸς,
3737 4951 3824 5009 καὶ
3891 4955 3919 5008 6

565 5020 754 5093 cletus
787 5048 894 5109 per
938 5028 1155 5089 Filium
1192 5029 1474 5108 procedat
1505 5023 1885 5105 processione
1916 5020 2113 5101 unica,
2144 5040 2174 5083 e

2283 5034 2401 5096 Υἱὸς
2456 5029 2511 5086 ἐν
2567 5036 2636 5107 τῇ
2690 5020 2991 5109 ἒκπορεύσει
3057 5031 3223 5107 ταύτῃ
3280 5034 3340 5090 οῦ
3375 5020 3619 5111 διῂρηται
3669 5044 3762 5093 τοῦ
3800 5045 3918 5097 Πα-

569 5117 916 5181 exsistentia
946 5117 1123 5179 unica
1152 5136 1269 5177 non
1300 5116 1417 5177 alia
1469 5114 1708 5194 quidem
1766 5130 1801 5173 a
1860 5113 2054 5184 Patre,
2092 5110 2174 5171 ali.

2286 5122 2433 5200 τρὸς,
2514 5119 2693 5176 καθότι
2791 5120 3124 5199 ἐκπορεύεται
3193 5123 3221 5177 6
3276 5110 3621 5200 Παράκλητος
3663 5123 3748 5182 διὰ
3806 5132 3924 5187 nos

570 5226 677 5290 per
698 5206 934 5285 Filium,
958 5205 1296 5269 utveritatis
1323 5202 1784 5267 calumniatores
1808 5200 2207 5281 suspicantur.

657 5574 723 5626 4³
749 5573 919 5639 Joan.
949 5588 1078 5648 XVI,
1111 5571 1177 5635 7.

2290 5209 2590 5287 ἐκπορεύσει
2674 5215 2770 5284 μιᾷ
2837 5211 2925 5266 καὶ
2990 5207 3201 5289 ὑπάρξει
3271 5216 3389 5286 μιᾷ,
3454 5211 3548 5268 οὐκ
3617 5212 3755 5291 ἄλλῃ
3826 5220 3926 5293 μὲν

2294 5298 2435 5375 παρὰ
2464 5299 2665 5376 Πατρὸς
2696 5298 2847 5379 ἑτέρᾳ
2901 5297 2956 5355 δὲ
2985 5296 3070 5355 διὰ
3100 5297 3243 5378 Υἱοῦ²
3298 5300 3372 5363 ὡς
3428 5300 3476 5356 οἱ
3527 5304 3624 5371 τῆς
3677 5303 3929 5377 ἀληθείας

2298 5386 2614 5467 συκοφάνται
2639 5388 2814 5467 φασὶν,
