4150 6292
525 365 633 437 431
1632 372 1844 438 JOAN.
1878 369 2100 438 VECCI
2127 366 2154 428 C

2273 359 2790 429 PATRIARCHE
3792 351 3940 418 432

525 503 766 581 ditetur,
791 499 968 568 datur
980 503 1221 569 facultas
1243 512 1408 569 recto
1437 504 1726 585 cognitori
1767 503 1908 566 inde
1929 499 2151 564 intelli-

2250 497 2362 556 ὶῦδὲ
2395 507 2470 574 τῷ
2514 499 2707 575 ἰταλῷ
2757 501 3066 579 ἀντιλέγεις
3105 500 3284 564 καλῶς
3342 498 3550 576 λέγοντι
3603 496 3660 550 τὸ
3691 493 3930 562 Πνεῦμα

529 611 695 674 gere,
721 579 780 656 te
799 613 992 676 neque
1017 594 1159 658 Italo
1173 579 1606 669 contradicere,
1635 593 1903 675 quibene
1934 589 2154 654 asserit.

2254 585 2304 652 ἐξ
2357 589 2560 669 ἀμφοῖν
2617 589 2982 667 ἐκπορεύεσθαι
3039 589 3121 646 διὰ
3155 592 3216 646 τὸ
3247 591 3306 644 ἐκ
3381 587 3581 664 ῐιατρὸς
3650 579 3716 636 δι’
3783 579 3935 634 Υἱοῦ

525 682 812 764 Spiritum
833 675 1173 764 exiutroque
1199 682 1549 765 proeedere,
1584 682 1863 764 quoniam
1905 701 1976 744 ex
1998 682 2154 744 Patre

2253 675 2618 755 ἐκπορεύεσθαι
2631 723 2643 736 .

526 787 635 852 per
662 769 876 834 Filium
908 772 1200 853 procedit.

707 876 784 940 1η
805 877 925 940 alio
948 877 1240 941 adversus
1259 878 1534 941 eumdem
1556 878 1988 942 Antirrhetico.

606 986 707 1049 l5.
773 1009 800 1040 α
834 983 1141 1057 Quomodo
1173 985 1332 1048 enim
1365 987 1508 1066 quae
1555 986 1820 1067 separari
1864 993 2168 1066 nequeunt

2397 865 2494 921 Καὶ
2524 863 2575 921 ἐν
2616 864 2776 944 ἑτέρῳ
2804 863 2950 943 λόγῳ
2979 871 3084 921 τῶν
3115 866 3288 921 αὐτῶν
3317 859 3747 939 Ἀντιῤῥητικῶν.

2331 960 2452 1042 ις’.
2494 992 2518 1026 α
2568 976 2686 1034 Πῶς
2731 969 2792 1026 ἅν
2828 971 2917 1027 οὖν
2947 973 3230 1052 χωρίζοιτο
3260 970 3324 1026 τὲ
3378 968 3675 1047 ἀχώριστα,
3722 964 3916 1040 Λόγος

530 1098 559 1131 ι
587 1072 1038 1155 separabuntur,
1073 1074 1339 1140 Verbum
1369 1059 1501 1151 Dei,
1549 1083 1608 1137 et
1626 1059 1912 1156 'Spiritus
1941 1059 2014 1137 ex
2042 1072 2154 1137 Deo

2261 1087 2280 1114 ι
2314 1065 2470 1136 Θεοῦ,
2516 1061 2603 1116 καὶ
2633 1065 2844 1136 Πνεῦμα
2878 1061 2938 1118 ἐκ
2967 1069 3097 1118 Θεοῦ
3123 1059 3189 1115 δι’
3235 1061 3352 1114 rio-3
3383 1077 3398 1136 ;

534 1187 557 1220 α
595 1181 702 1245 per
718 1161 932 1226 Filium
959 1166 987 1224 ?
1020 1187 1049 1222 π

1082 1268 1575 1331 Αηίγηαάυενείο·

607 1398 637 1438 ι
671 1375 802 1438 Non
831 1373 1143 1437 dissimilia
1171 1383 1456 1456 suntquae
1486 1374 1582 1437 hic
1609 1382 1848 1437 sanctus
1872 1374 2070 1450 docet,
2091 1393 2163 1436 ex

526 1480 552 1514 α
587 1457 710 1521 Deo
740 1480 1012 1525 asserens
1045 1461 1352 1543 Spiritum,
1385 1463 1506 1524 sive
1529 1482 1598 1525 ex
1643 1461 1852 1527 Patre:
1892 1461 1979 1524 sic
2001 1463 2159 1525 enim

527 1571 556 1605 α
587 1548 714 1628 illo,
745 1569 854 1632 per
879 1551 1120 1630 Filium,
1154 1552 1327 1614 datur
1355 1551 1625 1631 intelligi.

1167 1657 1506 1737 Refutatio.

2903 1254 3242 1314 Ἐπιστασία.

2335 1384 2357 1413 ι
2408 1358 2483 1414 Τὰ
2542 1359 2669 1418 αὐτὰ
2725 1359 2983 1417 κάνταῦθα
3039 1358 3266 1416 διδάσκει
3325 1361 3353 1414 ὁ
3410 1358 3584 1434 ἅγιος,
3647 1355 3706 1411 ἐκ
3769 1359 3917 1409 Θεοῦ

2248 1469 2271 1501 ι
2314 1441 2484 1522 λέγων
2524 1448 2585 1501 τὸ
2630 1453 2865 1528 Πνεῦμα,
2905 1447 3020 1514 ἤτοι
3065 1451 3158 1505 τοῦ
3189 1445 3414 1526 Πατρός.
3473 1445 3622 1502 Οὕτω
3664 1443 3766 1520 γαρ
3806 1443 3906 1498 τὸ.

2249 1560 2271 1589 ι
2304 1529 2381 1588 δι’
2427 1536 2571 1610 Υἱοῦ,
2605 1549 2748 1593 νοεῖν
2776 1533 2974 1599 δίδωσι.
3010 1562 3032 1594 ι

2883 1642 3208 1722 Ἀντίῤῥησις
3219 1691 3232 1703 ,

599 1760 730 1826 Non
761 1763 875 1826 hoc
903 1763 1060 1846 quod
1095 1773 1154 1826 tu
1186 1763 1336 1825 dicis
1364 1763 1535 1826 datur
1590 1761 1840 1842 intelligi
1890 1763 2015 1842 illo,
2054 1783 2154 1845 per

2327 1744 2397 1801 Οῦ
2424 1752 2577 1802 τοῦτο
2626 1749 2654 1802 ὃ
2710 1749 2815 1828 φῂς
2851 1747 3025 1804 δίδωσι
3081 1761 3224 1805 νοεῖν
3275 1749 3360 1806 τὸ.
3420 1745 3488 1801 δι’
3549 1749 3668 1800 Υἱοῦ
3723 1740 3901 1818 ἤγουν

519 1851 759 1927 Filium,
795 1872 865 1914 ex
917 1855 1088 1916 Patre
1118 1852 1385 1914 scilicet:
1425 1870 1680 1932 namque
1725 1851 1871 1913 illud
1900 1870 1978 1914 ea:
2013 1851 2152 1935 Deo,

520 1947 586 2003 ut
615 1941 805 2021 palam
858 1949 1182 2023 apertaque
1238 1939 1431 2002 modis
1489 1939 1767 2001 omnibus
1816 1939 2155 2016 innotescit,

520 2029 822 2112 propriam
883 2029 1235 2092 sententiam
1291 2047 1644 2110 suspensam
1704 2026 1904 2092 habet.
1977 2029 2160 2092 Datur

515 2136 691 2200 porro
748 2117 1018 2198 intelligi,
1075 2118 1362 2200 Spiritum
1422 2137 1540 2178 non
1619 2119 1899 2180 continue
1943 2129 2003 2180 et
2049 2118 2159 2179 im-

515 2205 797 2285 mediate,
833 2207 938 2268 sed
968 2225 1076 2288 per
1105 2208 1317 2270 Filium
1347 2223 1481 2268 esse
1515 2224 1588 2268 ex
1616 2209 1809 2270 Patre.

792 2312 1072 2392 Ejusdem
1101 2331 1177 2376 ea:
1207 2317 1488 2376 oratione
1517 2311 1592 2374 de
1623 2312 1896 2392 Spiritu.

599 2420 699 2484 17.
730 2441 754 2478 ι
790 2419 1045 2500 Spiritus
1076 2417 1476 2482 sanctusnihil
1505 2417 1564 2478 in
1583 2418 1780 2496 seipso
1798 2417 2158 2483 adscititium

526 2527 556 2568 ‹
591 2508 794 2585 habet,
819 2509 923 2570 sed
939 2511 1014 2569 ab
1035 2517 1254 2570 aeterno
1271 2506 1470 2568 omnia
1499 2506 1782 2585 possidet.
1815 2516 1876 2568 ut
1900 2507 2156 2586 Spiritus

528 2618 552 2654 α
588 2594 718 2671 Dei,
751 2604 812 2658 et
869 2614 938 2656 ex
977 2597 1105 2677 ipso
1155 2613 1448 2677 apparens
1477 2594 1568 2656 sui
1605 2613 1840 2656 causam
1869 2614 2004 2656 eum
2040 2597 2154 2656 ha-

523 2707 551 2741 c
594 2682 743 2746 hens
777 2691 840 2745 ut
867 2685 959 2746 sui
1001 2685 1188 2765 ipsius
1246 2684 1499 2758 fontem,
1558 2682 1817 2762 indeque
1845 2703 2150 2760 emanans,

522 2797 546 2832 ε
585 2774 718 2835 fons
747 2791 884 2834 vero
917 2773 1046 2854 ipse
1077 2773 1500 2853 prae-lictorum
1551 2770 1844 2834 bonorum
1873 2772 1978 2834 sed
2027 2773 2155 2853 ipse

522 2881 554 2922 ‹
584 2861 825 2942 quidem
856 2880 925 2924 ex
960 2864 1082 2924 Deo
1101 2863 1350 2924 emuens
1375 2861 1435 2922 in
1467 2860 1790 2940 hypoSIasi,
1842 2880 1972 2941 quae
2012 2881 2154 2923 vero

520 2973 544 3008 α
572 2969 640 3012 ex
673 2969 744 3012 eo
774 2951 1024 3012 efﬂuunt
1053 2951 1426 3030 operationes
1446 2949 1638 3028 ipsius
1660 2949 1972 3012 sunt.Hinc
2015 2949 2156 3031 Spi-

518 3047 548 3096 ἀ
583 3039 762 3100 ritum
783 3050 1048 3102 sanctum
1082 3039 1240 3102 Deus
1261 3040 1322 3100 in
1356 3057 1463 3100 nos
1494 3037 1730 3100 abunde
1763 3039 2012 3100 effundit
2043 3057 2154 3120 per

520 3153 545 3184 ιι
581 3128 834 3210 Filium;
867 3129 1092 3205 etfudit,
1127 3148 1245 3191 non
1276 3127 1527 3190 creavit:
1564 3127 1849 3206 elargitus
1878 3138 1994 3204 est,
2029 3107 2152 3190 rion

2250 3107 2469 3193 ἐξέχεεν,
2526 3116 2620 3171 οῦκ
2699 3115 2902 3172 ἑκτισεν
2937 3131 2951 3147 ⁸

519 3237 543 3274 ι
583 3217 869 3294 condidit,
907 3239 921 3278 ε
956 3218 1139 3292 dedit,
1175 3237 1293 3280 non
1325 3215 1653 3279 fabrefecit.
1694 3239 1718 3275 υ

1072 3325 1566 3388 Animadversio.

595 3427 881 3506 «Illud,ex
903 3432 1442 3510 Deo,sempercum
1461 3428 1814 3510 supradictis
1836 3439 2147 3508 connecte,

521 3537 545 3573 ι
582 3535 652 3579 ex
683 3518 854 3580 Patre
875 3518 1101 3580 scilicet
1127 3519 1292 3580 illum
1319 3518 1749 3597 intelligcns,ut
1770 3536 1837 3579 ex
1856 3529 2152 3598 praesente

522 3627 550 3660 «
585 3607 862 3688 pericope
894 3607 1201 3668 manifesto
1234 3606 1676 3684 comprobatur.
1725 3604 1991 3687 Namque
2014 3627 2150 3672 cum

522 3717 548 3750 α
583 3695 799 3774 saepius
827 3704 1066 3756 sanctus
1093 3694 1356 3771 dixisset,
1391 3694 1651 3774 Spiritus
1679 3693 1786 3755 Dei
1817 3703 1873 3755 et
1903 3714 1971 3756 ex
2001 3695 2148 3774 Deo,

523 3802 554 3842 ι
584 3782 740 3861 quod
773 3784 1146 3864 postmodum
1177 3781 1567 3862 subjunxerit,
1603 3781 1996 3844 Eti'uditDeus
2047 3804 2156 3864 per

522 3894 549 3926 α
579 3867 781 3933 Jesum
843 3869 1162 3944 Christum,
1225 3881 1425 3951 aperte
1473 3869 1760 3934 indicavit
1816 3871 1891 3932 de
1925 3873 2151 3951 .Patre,

523 3978 554 4020 ‹
589 3959 762 4022 etiam
793 3958 1018 4040 reliqua
1039 3958 1385 4022 asseruisse.

1173 4064 1512 4146 Refutatz'o.

593 4173 931 4254 Intelligere
960 4175 1396 4255 explanareque
1427 4192 1666 4254 semper
1693 4175 1862 4254 illud,
1895 4198 1970 4243 ex
2003 4185 2152 4263 Deo,

517 4272 794 4346 tanquam
818 4290 843 4322 ιι
881 4283 948 4325 ex
967 4263 1158 4338 Patre,
1189 4289 1214 4319 ι
1241 4263 1463 4341 optime
1479 4263 1738 4344 satisque
1761 4265 1857 4346 pie
1877 4269 2152 4332 animad-

511 4372 748 4416 versum
761 4362 869 4417 est.
898 4355 1314 4453 Verumtamen
1338 4351 1478 4454 illud
1513 4372 1748 4454 quoque
1772 4355 2152 4421 animadver—
2175 4403 2221 4454 Β

515 4443 758 4505 tendum
793 4449 940 4516 erat,
977 4460 1252 4521 magnum
1276 4441 1336 4502 in
1355 4440 1570 4502 divinis
1597 4441 1879 4504 Basilium
1912 4445 1972 4508 in
2001 4466 2151 4527 prte-

515 4530 670 4593 dicta
691 4531 991 4612 pericope,
1016 4550 1082 4592 ex
1109 4529 1229 4592 Deo
1242 4530 1460 4591 ﬂuxum
1484 4530 1828 4610 Spiritus,in
1853 4533 2148 4615 bypostasi

516 4618 904 4703 dixisse._Qui
934 4620 1092 4703 enim
1121 4619 1179 4679 id
1207 4627 1466 4703 aunotat,
1498 4618 1654 4703 facili
1681 4622 1917 4703 negotio
1939 4623 2154 4703 digno-

509 4709 658 4774 scet,
692 4698 976 4780 Spiritum
999 4699 1179 4761 etiam
1205 4717 1274 4761 ex
1296 4697 1441 4760 Filio
1454 4697 1795 4762 effluentem
1823 4702 1881 4762 in
1904 4697 2148 4785 sua'hy-

510 4787 1022 4869 postasiemuere,
1086 4795 1362 4867 tanquam
1423 4786 1523 4867 qui
1581 4806 1686 4867 per
1738 4791 1929 4869 ipsum
1961 4801 2148 4854 estex

508 4875 974 4959 Patre.Namque
997 4876 1135 4959 quid
1159 4876 1319 4937 aliud
1339 4875 1451 4940 erit
1473 4875 1791 4938 efﬂuxusin
1826 4877 2142 4962 hypostasi,

510 4983 686 5046 quam
717 4966 1001 5028 naturalis
1024 4965 1289 5047 quaedam
1322 4973 1380 5026 et
1409 4965 1739 5026 essrntialis
1763 4967 2144 5031 exsistentia?

511 5071 845 5152 Ejusdem,
861 5090 939 5152 ea;
963 5073 1476 5152 interpretatione,
1493 5069 1729 5132 Psalmi
1747 5070 1822 5131 3'2
1844 5073 1906 5133 in
1920 5073 2147 5138 dictum

733 5174 754 5208 ι
797 5151 980 5214 Verbo
1015 5151 1258 5215 Domini
1283 5151 1414 5214 caeli
1439 5151 1672 5230 ﬁrmati
1700 5159 1862 5215 sunt.
1901 5177 1926 5208 υ

592 5345 692 5421 18,
726 5371 746 5404 ι
779 5346 1324 5428 UtigiturYerbum
1349 5357 1584 5410 creator
1613 5346 1826 5409 coelum
1872 5347 2143 5427 firmavit,

515 5453 544 5494 ι
573 5438 696 5514 pari
726 5437 902 5499 modo
925 5446 982 5500 et
1004 5435 1256 5518 Spiritus
1287 5437 1417 5518 Dei,
1451 5437 1550 5518 qui
1579 5457 1612 5499 a
1645 5439 1824 5500 Patre
1855 5437 2145 5520 procedit,

514 5544 546 5583 ι
565 5541 636 5586 ex
655 5543 760 5589 ore
807 5544 1024 5611 nempe
1044 5527 1253 5608 ipsius,
1288 5545 1364 5589 ne
1395 5526 1536 5608 quid
1555 5526 1748 5608 ipsum
1773 5535 2142 5610 extraneum,

2241 1834 2325 1913 τὸ»
2371 1833 2429 1890 ἐκ
2495 1843 2587 1894 τοῦ
2629 1841 2857 1916 Πκτρὸς.
2903 1841 2974 1896 Τὸ
3043 1840 3141 1916 γὰρ
3183 1858 3203 1886 ι
3263 1838 3323 1892 ἐκ
3392 1845 3483 1894 τοῦ
3559 1840 3687 1890 Θεοῦ
3751 1832 3898 1886 κατὰ

2239 1925 2303 1978 τὸ
2372 1923 2546 1991 πάντη
2620 1927 2782 2005 σαφὲς
2827 1928 3230 2007 ἀπηρτισμένην
3282 1925 3381 1993 τὴν
3433 1925 3628 1980 οὶκείαν
3689 1921 3903 1976 ἔννοιαν

2243 2011 2383 2093 ἕχει.
2425 2013 2611 2072 Δίδιυσι
2642 2015 2695 2072 δὲ
2736 2020 2881 2075 νοεῖν
2945 2021 3007 2074 τὸ
3079 2020 3154 2094 μὴ
3211 2021 3273 2075 τὸ
3345 2023 3555 2090 Πνεῦμα
3611 2016 3900 2092 προσεχὼς

2247 2104 2333 2158 καί
2401 2103 2640 2180 ἀμέσως,
2698 2105 2833 2163 ἀλλὰ
2893 2106 2977 2164 διὰ
3017 2107 3108 2164 τοῦ
3169 2110 3287 2164 Υἱοῦ
3345 2107 3487 2162 εἶναι
3538 2103 3598 2158 ἐκ
3650 2108 3743 2156 τοῦ
3775 2107 3901 2154 Πα-

2245 2192 2390 2270 τρός.

2446 2307 2550 2356 Τοῦ
2578 2303 2736 2357 αὐτοῦ
2765 2304 2870 2358 ἀπὸ
2898 2309 2989 2358 τοῦ
3019 2304 3138 2380 περὶ
3170 2303 3470 2377 Πνεύματος
3503 2300 3686 2378 λόγου,

2325 2393 2412 2474 ιζ’,

2246 2521 2270 2552 σ
2304 2493 2474 2548 πάντα
2517 2493 2646 2573 ἕχον
2701 2497 2774 2559 ὠς
2805 2501 3016 2571 Πνεῦμα
3073 2504 3203 2553 Θεοῦ
3257 2499 3344 2553 καὶ
3386 2497 3439 2561 ἐξ
3494 2498 3648 2552 αὑτοῦ
3702 2517 3891 2574 πειρη-

2246 2609 2268 2637 ι
2316 2583 2429 2661 νὸς,
2461 2582 2632 2640 αἴτιον
2665 2586 2816 2640 αὐτὸν
2876 2584 3003 2665 ἕχον
3053 2587 3126 2649 ὡς
3184 2586 3368 2664 πηγὴν
3427 2587 3634 2664 ἑαυτοῦ,
3692 2584 3889 2640 κάκεῖ-

2243 2694 2268 2728 ε
2302 2672 2386 2724 Θεν
2443 2672 2705 2750 πηγάζον,
2777 2675 2930 2751 πηγὴ
2985 2675 3040 2728 δὲ
3125 2677 3251 2732 αὐτὸ
3319 2681 3426 2730 τῶν
3494 2672 3887 2753 προειρημένων

2247 2779 2273 2811 ς
2306 2759 2534 2836 ἁγαθωκ,
2568 2759 2702 2816 ἀλλὰ
2759 2763 2883 2820 αῦτὸ
2941 2763 3037 2838 μὲν
3107 2762 3167 2819 ἐκ
3215 2771 3345 2822 Θεοῦ
3395 2764 3657 2841 πηγάζον.
3691 2761 3888 2817 ἐνυπά-

2250 2865 2272 2894 ι
2305 2849 2495 2903 στατόν
2552 2847 2688 2928 ἐστι,
2735 2851 2800 2906 τὰ
2851 2847 2906 2906 δὲ
2964 2849 3016 2915 ὲξ
3072 2856 3227 2910 αὐτοῦ
3280 2852 3585 2930 πηγάζοντα
3637 2850 3890 2928 ἐνεργειαί

2248 2956 2274 2988 α
2311 2936 2441 2990 εἰσιν
2495 2941 2674 2998 αὐτοῦ.
2736 2945 2900 2995 Τοῦτο
2947 2941 3009 2994 τὸ
3101 2946 3313 3015 Πνεῦμα
3353 2943 3415 2995 τὸ
3471 2939 3618 3017 ἅγιον
3677 2938 3885 3018 ἐξέχεεν

2243 3046 2268 3080 ε
2316 3021 2404 3102 ἔφ’
2475 3026 2618 3100 ἡμᾶς
2658 3024 2920 3091 πλουσίως
2978 3030 3006 3083 6
3077 3031 3205 3092 Θεὸς
3266 3027 3350 3084 διὰ
3401 3026 3574 3095 Ἰησοῦ
3618 3029 3837 3107 Χρὶστοῦ
3869 3046 3884 3061 ⁸

3045 3117 3354 3196 ἐχαρίσατο,
3425 3118 3517 3174 οῦκ
3613 3116 3883 3196 ἐποίησεν³

2245 3218 2268 3249 ι
2299 3199 2516 3278 ἔδωκεν,
2551 3207 2645 3262 οῦκ
2674 3201 3118 3283 ὲδημιούαγησεν.
3158 3235 3180 3265 ι

2495 2404 2702 2464 .o"‘-
3018 2408 3043 2463 ὲ
3184 2408 3424 2464 ν-εο
3536 2430 3562 2444 υ

2620 2433 2734 2464 ww
2820 2430 2949 2464 ξιον
3047 2431 3072 2463 ν
3143 2430 3284 2464 αυτω
3368 2430 3529 2464 πικτη
3546 2431 3644 2464 .ον.
3703 2423 3892 2464 α.οιω.

2620 2423 2734 2466 ῦυεν
2820 2423 2949 2486 εχον
3018 2423 3072 2463 εν
3143 2423 3284 2483 αὐτῷ
3340 2423 3644 2478 επικτητον,
3703 2423 3892 2470 ατοιως

2897 3311 3230 3373 Ἐπιστασία.

2321 3439 2347 3471 ι
2380 3418 2473 3492 Τὸ,
2519 3415 2578 3473 ἐκ
2605 3423 2760 3492 Πεοῦ²
2815 3416 2896 3473 ἀεὶ
2948 3421 3078 3498 πρὸς
3134 3420 3199 3476 τὰ
3252 3420 3502 3500 εἰρημένα
3544 3415 3822 3495 συμϐίϐαζε
3853 3436 3866 3449 '

2246 3523 2268 3553 ι
2309 3504 2369 3561 ἐκ
2422 3513 2517 3562 τοῦ
2560 3508 2764 3586 Πατρὸς
2822 3504 3065 3573 δηλονότι
3111 3515 3245 3566 νοῶν
3307 3511 3393 3565 καὶ
3422 3509 3727 3585 ἑρμηνεύων
3757 3505 3878 3562 αότδ

2243 3620 2266 3650 ι
2296 3594 2469 3659 καθώς
2526 3597 2616 3652 καὶ
2685 3595 2792 3652 ἀπὸ
2859 3600 2958 3662 τῆς
3000 3599 3272 3675 παρούσης
3350 3601 3644 3676 περικοπῆς
3699 3600 3875 3674 σαφῶς

2247 3707 2269 3738 ι
2299 3685 2634 3759 παρίσταται,
2696 3682 2960 3747 Πολλάκις
3020 3687 3118 3762 γὰρ
3177 3686 3338 3742 εἰπὼν
3380 3689 3409 3742 6
3463 3687 3614 3765 ἅγιος
3671 3689 3876 3757 Πνεῦμα

2241 3785 2268 3819 σ
2318 3778 2448 3831 Θεοῦ
2473 3774 2561 3829 καὶ
2617 3771 2678 3854 ἑκ
2735 3780 2888 3854 Θεοῦ,
2964 3772 3048 3831 διὰ
3117 3780 3210 3830 τοῦ
3265 3774 3583 3854 ἐπαγαγεῖν,
3645 3770 3881 3850 Ἐξέχειν

2245 3886 2268 3916 ι
2305 3863 2333 3916 6
2365 3863 2493 3926 Θεὸς
2535 3859 2620 3917 διὰ
2651 3853 2825 3929 Ἰησοῦ
2855 3853 3079 3942 Χριστοῦ
3131 3868 3311 3943 σαφῶς
3370 3860 3594 3929 ἒδίδαξεν
3652 3861 3725 3926 ὡς
3768 3861 3881 3938 περὶ

2249 3969 2270 4000 ι
2302 3952 2396 4006 τοῦ
2436 3952 2642 4030 Πατρὸς
2673 3951 2895 4010 κάκεῖνα
2923 3952 3089 4032 λέγει.
3134 3977 3158 4010 ι

2889 4057 3241 4138 Ἀντίῤῥησις,

2319 4167 2391 4224 T6
2423 4167 2520 4241 μὲν
2550 4178 2695 4223 νοεῖν
2723 4169 2811 4224 καὶ
2843 4167 3146 4246 ἑρμηνεύειν
3190 4165 3269 4223 ἀεὶ
3297 4168 3382 4248 τὸ³
3404 4166 3464 4223 ἑκ
3493 4169 3628 4226 Θεοῦ
3656 4169 3729 4231 ὡς
3763 4197 3784 4226 ι
3819 4166 3876 4223 ὲκ

2237 4261 2329 4311 τοῦ
2357 4256 2580 4335 Πατρός,
2617 4283 2644 4315 ι
2677 4255 2958 4314 κάλλιστόν
2999 4255 3106 4312 ἐστι
3159 4257 3247 4312 καὶ
3277 4256 3412 4312 πάνυ
3454 4253 3661 4320 εὐσεϐές
3693 4273 3711 4290 ⁸
3768 4278 3868 4323 ση-

2240 4344 2493 4418 μειωτέον
2537 4343 2590 4400 δὲ
2644 4345 2732 4401 καὶ
2763 4343 2908 4410 ὅπως
2967 4348 2996 4402 6
3052 4344 3214 4410 πολὺς
3241 4345 3308 4401 τὰ
3355 4348 3475 4401 θεῖα
3525 4345 3790 4409 Βασίλειος
3819 4344 3870 4399 ἐν

2237 4439 2306 4510 τῇ
2375 4431 2476 4500 ἤδη
2534 4434 2748 4511 ῥηθείσῃ
2790 4439 3056 4514 περικοπῇ
3123 4437 3214 4491 τόν
3272 4433 3334 4490 ἔκ
3407 4441 3538 4490 Θεοῦ
3588 4434 3865 4512 πηγασμὸν

2235 4528 2328 4578 τοῦ
2390 4523 2693 4597 Πνεύματος
2749 4522 3100 4581 ἔνυπόστατον
3170 4522 3409 4601 εἴρηκεν.
3458 4515 3515 4581 Ὀ
3587 4525 3686 4603 γὰρ
3728 4529 3870 4579 τοῦτο

2237 4612 2674 4686 σημειωσάμενος
2736 4610 2970 4691 εὒχσρῶς
3032 4611 3374 4689 διαγνώσεται
3430 4614 3503 4675 ὡς
3559 4613 3620 4668 τὸ
3671 4617 3870 4686 Πνεῦμα

2235 4721 2327 4777 καὶ
2355 4699 2416 4755 ἐκ
2459 4706 2550 4756 τοῦ
2621 4701 2744 4756 Υῐοῦ
2799 4702 3038 4779 πηγάζον
3095 4700 3444 4765 ἐνυπόστατος
3501 4701 3752 4780 πηγάζει,
3805 4702 3870 4762 ὡς

2236 4786 2306 4843 δι’
2345 4788 2505 4848 αὐτοῦ
2530 4789 2771 4868 ὑπάρχον
2823 4787 2882 4845 ἐκ
2946 4795 3040 4845 τοῦ
3079 4789 3305 4868 Πατρός.
3367 4789 3426 4847 Τί
3481 4790 3581 4868 γὰρ
3637 4788 3698 4844 ἄν
3751 4787 3870 4844 ἄλλο

2235 4875 2331 4943 εἴη
2366 4880 2654 4956 πηγασμὸς
2697 4877 3044 4942 ἐνυπόστατος
3090 4877 3168 4936 ὅτι
3221 4878 3297 4954 μὴ
3355 4879 3556 4959 φυσικὴ
3585 4901 3664 4942 τις
3709 4876 3866 4955 ὕπαρ-

2238 4962 2314 5031 ξις
2346 4968 2432 5022 καὶ
2464 4964 2723 5032 οῦσιώδης
2755 4985 2770 5042 ς

2233 5076 2340 5130 Τοῦ
2370 5077 2524 5132 αὐτοῦ
2553 5073 2612 5129 ἐκ
2639 5079 2737 5142 τῆς
2781 5074 3059 5153 ἑρμηνείας
3097 5065 3181 5133 λθ’
3225 5072 3454 5151 Ψαλμοῦ
3503 5077 3576 5139 εἰς
3633 5077 3694 5132 τὸ
3721 5075 3868 5152 ῥητὸν

2316 5156 2378 5210 τὸ
2434 5155 2654 5231 φάσκον,
2741 5183 2764 5215 ι
2823 5162 2909 5230 Τῷ
2973 5156 3130 5233 Λόγῳ
3195 5162 3288 5212 τοῦ
3364 5162 3494 5212 Θεοῦ
3574 5157 3620 5211 οἱ
3675 5155 3864 5233 οὐρανοὶ

2319 5234 2735 5314 ἐστερεώθησαν.
2784 5260 2810 5295 ι

2323 5368 2402 5413 ιη.
2467 5368 2496 5401 α
2532 5337 2623 5411 ἐὶς
2667 5347 2755 5401 οῦν
2799 5347 2826 5401 6
2869 5342 3186 5426 δημιουργὸς
3242 5348 3412 5425 Λόγος
3454 5345 3736 5425 ἐστερέωσε
3788 5347 3868 5402 τὸν

2238 5457 2270 5493 1
2319 5435 2557 5515 οὐρανὸν,
2590 5434 2728 5492 οὕτω
2768 5437 2855 5492 καὶ
2911 5438 2972 5492 τὸ
3033 5438 3246 5513 Πνεῦμα
3313 5443 3406 5494 τοῦ
3460 5445 3612 5509 Οεοῦ,
3675 5439 3703 5494 6
3745 5434 3869 5515 παρᾶ

2240 5549 2273 5580 α
2306 5533 2400 5582 τοῦ
2455 5526 2658 5604 Πατρὸς
2715 5523 3072 5602 ἆκπορεύεται,
3132 5524 3398 5583 τουτέστιν
3481 5525 3542 5584 in
3609 5532 3701 5582 τοῦ
3752 5525 3864 5582 στό-
