4180 6282
482 372 600 440 435

1570 383 1836 445 JOANN.
1869 379 2085 442 VECCI
2115 381 2229 442 GP.
2263 378 2778 444 PATRIARCHE

3726 379 3846 443 436

481 503 775 583 Eiusdem
799 508 878 571 ea:
907 497 1147 595 iisquae
1175 513 1415 595 séripsit
1444 502 1733 588 adversus
1763 511 2118 588 Subellium,
2145 521 2171 570 Α

2259 521 2308 570 a6
2365 516 2522 570 αὑτοῦ
2565 513 2624 570 ἐκ
2667 521 2774 571 τῶν
2831 516 2969 571 κατὰ
3007 513 3317 595 Σαϐελλίου,
3379 516 3464 572 καὶ
3521 513 3726 594 Ἀρείου
3771 515 3856 569 καὶ

941 589 1162 653 Afium
1187 600 1242 655 et
1273 589 1661 656 Eu’nomium.

564 681 665 743 ‘20.
709 706 730 736 ι
762 685 862 744 Est
905 682 1141 762 quidem
1176 687 1347 746 Pater
1383 705 1553 746 suum
1611 704 1744 747 esse
1799 685 1934 765 perf
1968 694 2124 745 ctum

2784 597 3036 670 Εὗνομίου
3080 595 3253 673 λόγων
3267 645 3279 657 ,

2288 676 2362 746 κ’.
2426 715 2451 749 ι
2488 677 2652 746 ΙἘστι
2709 690 2806 764 μὲν
2865 690 2963 769 γὰρ
3022 693 3050 746 6
3110 689 3290 767 Πατὴρ
3349 688 3552 746 τέλειον
3595 687 3740 767 ἔχων
3797 689 3854 743 16

493 796 515 828 α
553 773 881 854 possidens,
917 781 974 834 et
1005 769 1543 855 nulliusindigens,
1574 777 1741 856 origo
1773 785 1830 838 et
1859 774 2128 836 fonsFilii

2275 775 2415 830 εἶναι
2461 777 2548 831 καί
2615 775 2874 852 ἀνενδεὲς,
2940 776 3051 856 ῥίζα
3106 780 3193 834 καὶ
3249 778 3402 856 πηγὴ
3446 787 3540 836 τοῦ
3597 779 3718 832 Υἱοῦ
3773 775 3858 830 καὶ

496 889 518 921 ι
555 872 612 924 et
643 861 893 942 Spiritus
923 865 1240 934 san_cti.Est
1267 884 1401 927 vero
1434 867 1679 930 etFilius
1711 868 1770 927 in
1804 866 1977 946 plena
2005 865 2124 927 dei-

493 973 517 1004 α
553 959 673 1014 tate
704 948 901 1012 vivens
945 949 1200 1013 Verbum
1233 963 1290 1015 et
1337 956 1488 1016 fetus
1519 955 1731 1030 Patris,
1783 955 2001 1016 nullius
2031 954 2126 1014 in-

500 1072 521 1102 α
554 1039 763 1120 digens
796 1059 809 1100 :
841 1039 1054 1120 plenus
1073 1060 1209 1103 vero
1238 1043 1514 1124 Spiritus,
1549 1064 1665 1105 non
1700 1062 1834 1124 pars
1863 1043 2130 1116 alterius,

506 1158 527 1189 ι
561 1129 666 1190 sed
721 1129 1016 1208 perfectus
1063 1140 1121 1192 et
1176 1131 1404 1211 integer
1449 1132 1510 1194 in
1559 1133 1753 1213 seipso
1785 1131 2133 1196 considera-

509 1245 530 1275 ι
562 1225 679 1279 tus.
719 1245 742 1276 ι

1061 1313 1556 1380 Animadversio.

592 1435 613 1465 ι
642 1404 824 1466 Vides
859 1404 1066 1480 solum
1121 1404 1352 1467 Patrem
1396 1407 1683 1486 originem
1729 1414 1784 1468 et
1815 1407 2031 1468 fontem
2065 1427 2138 1468 u-

513 1523 536 1552 α
569 1494 863 1573 triusque,‘
890 1492 1022 1553 Filii
1047 1497 1266 1575 ‘nempe
1298 1502 1356 1556 et
1403 1497 1653 1576 Spiritus
1695 1496 1986 1563 sancti.ab
2030 1497 2142 1557 hoc

513 1611 535 1642 ι
569 1581 766 1642 divino
801 1585 974 1642 Patre
1018 1582 1252 1660 publice
1283 1584 1610 1645 enuntiari?
1640 1583 1701 1645 Si
1733 1583 1932 1658 itaque
1962 1584 2147 1645 Filius

514 1696 534 1726 ι
568 1678 725 1731 esset
757 1689 893 1748 ergo
921 1671 1134 1731 et'fons
1187 1669 1465 1751 Spiritus,
1501 1671 1796 1754 quomodo
1834 1671 1976 1733 illud
2011 1691 2149 1734 vere

511 1789 536 1822 α
577 1777 820 1837 magnus
850 1758 959 1820 iste
989 1758 1225 1821 silentio
1255 1761 1684 1842 praeteriisset?
1716 1782 1736 1810 ι

1151 1942 1488 2023 Refutatio.
1775 1999 1780 2004 .

560 2117 564 2120 τ
592 2023 896 2118 Originem
928 2023 1167 2120 quidem
1196 2048 1253 2099 et
1282 2037 1502 2099 fontem
1523 2036 1660 2100 Filii
1690 2045 1749 2100 et
1778 2036 2030 2117 Spiritus
2049 2035 2154 2096 Pa-

516 2139 665 2192 trem
700 2145 854 2200 esse,
884 2143 1084 2198 nemo,
1109 2126 1160 2188 si
1190 2125 1471 2206 pietatem
1505 2127 1676 2200 colat,
1701 2126 1930 2187 inficias
1951 2125 2151 2186 iverit.

516 2220 793 2281 Attamen
813 2233 956 2296 cum
987 2211 1160 2275 Pater
1184 2214 1416 2294 diversa
1447 2233 1622 2276 causa
1645 2214 1724 2275 sit
1760 2215 1967 2275 harum
2003 2213 2151 2274 dua-

515 2327 648 2371 rum
707 2322 1116 2386 persouarum,
1153 2313 1228 2364 et.
1269 2304 1604 2367 differentia
1649 2323 1844 2366 causae
1888 2303 1963 2364 sit
1992 2302 2151 2383 quod

518 2399 635 2459 hoc
665 2394 819 2476 quod
855 2393 1135 2455 continue
1165 2411 1229 2454 se
1255 2392 1453 2465 habet,
1478 2392 1609 2454 Filli
1639 2411 1818 2454 causa
1847 2399 1955 2462 est,
1994 2391 2152 2452 nullo

517 2485 632 2556 alio
663 2481 963 2550 communi
1005 2481 1400 2560 conjungente
1430 2480 1642 2542 Filium
1673 2479 1854 2558 Patri,
1904 2479 2156 2558 Spiritus

519 2591 658 2635 vero
689 2588 866 2644 causa
898 2587 1004 2649 per
1033 2569 1268 2648 Filium,
1328 2568 1432 2648 qui,
1461 2568 1745 2648 Spiritum
1803 2567 1957 2629 Patri
2009 2585 2156 2628 con-

517 2658 734 2741 jungit.
766 2656 1275 2730 Quemadmodum
1310 2657 1396 2718 sol
1427 2656 1577 2717 radii
1607 2665 1699 2719 est
1723 2656 2000 2718 continue
2023 2673 2159 2717 cau-

523 2769 612 2823 sa,
642 2757 699 2809 et
727 2746 888 2808 nullo
915 2745 1052 2815 alio,
1087 2745 1240 2825 quod
1273 2762 1588 2824 commune
1617 2747 1715 2827 sit,
1747 2745 2160 2816 mediante,lu-

526 2836 703 2899 minis
732 2829 928 2896 autem
960 2852 1073 2912 per,
1094 2833 1349 2904 radium.
1384 2833 1490 2906 Qui
1520 2835 1645 2896 haec
1675 2833 2027 2904 attendet,et
2059 2835 2161 2896 Pa-

525 2938 680 2988 trem
710 2923 1000 3002 originem
1033 2932 1089 2983 et
1111 2921 1332 2994 fontem
1359 2923 1469 2985 Fili
1500 2931 1560 2984 et
1586 2923 1841 3004 Spiritus
1863 2930 2160 3001 agnoscet,

527 3023 588 3077 et
616 3011 829 3077 Filium
855 3007 1114 3093 Spiritus
1143 3010 1366 3086 fontem
1413 3011 1708 3087 fatebitur,
1743 3010 1898 3091 quod
1928 3029 1962 3072 a
1993 3013 2166 3073 Patre

530 3122 636 3185 per
665 3102 877 3166 Filium
915 3099 1215 3182 procedat.
1245 3167 1249 3172 ,

1049 3283 1334 3362 Ejusdem
1361 3291 1418 3346 et
1448 3281 1690 3345 iisdem.

612 3380 709 3440 2t.
748 3395 773 3427 α
806 3374 926 3453 Ego
955 3374 1193 3456 quidem
1225 3393 1358 3438 cum
1390 3374 1560 3438 Patre
1593 3372 1880 3451 intelligo,
1910 3392 2026 3433 non
2059 3389 2171 3432 au-

538 3485 563 3516 α
599 3473 716 3527 tem
749 3466 983 3528 Patrem
1010 3481 1141 3526 esse
1173 3462 1574 3542 Spiritum,et
1602 3480 1734 3524 cum
1780 3461 1926 3523 Filio
1963 3459 2170 3521 conci-

549 3585 572 3615 ι
604 3553 726 3634 pio,
761 3570 878 3615 non
908 3559 1103 3614 autem
1149 3551 1364 3620 Filium
1413 3558 1702 3624 vocatum,
1755 3549 1859 3610 sed
1891 3568 2028 3628 erga
2058 3549 2170 3609 Pa-

547 3671 567 3701 ι
602 3650 750 3703 trem
782 3639 1278 3702 necessitudinem
1313 3639 1603 3716 intelligo,
1636 3655 1772 3699 cum
1804 3636 2038 3697 audiam
2066 3658 2080 3696 :
2111 3635 2173 3698 Si

549 3761 571 3792 ε
602 3729 735 3811 quis
773 3727 1073 3808 Spiritum
1123 3726 1338 3790 CltriSti
1397 3746 1513 3788 non
1573 3725 1772 3799 habet,
1807 3726 1903 3788 hic
1937 3744 2054 3786 non
2085 3734 2174 3787 est

546 3845 568 3875 ε
599 3818 783 3881 illius.
822 3842 846 3872 υ

1139 3908 1628 3971 Animadversio.

629 4033 650 4064 ι
682 4003 840 4066 Nihil
873 4011 957 4064 est
988 4003 1098 4065 hac
1127 4002 1397 4063 doctrina
1426 4001 1765 4077 dilucidius,
1799 4019 1931 4082 qua;
1961 4018 2030 4062 ex
2060 4003 2177 4064 Pa-

551 4123 572 4153 ι
606 4101 696 4155 tre
726 4091 978 4172 Spiritus
1011 4090 1449 4171 processionem
1485 4089 1676 4169 palam
1725 4090 2007 4163 insinuat,
2043 4108 2183 4168 erga

547 4181 817 4244 «Filium
865 4197 1005 4242 vero
1057 4177 1565 4241 necessitudinem
1625 4187 1865 4260 propter
1909 4177 2180 4240 eamdem

548 4299 570 4330 α
603 4276 898 4332 naturam.
941 4292 963 4323 ι

1182 4360 1516 4440 Refutatt'o.

619 4455 777 4519 Vere
808 4455 918 4517 hac
949 4453 1219 4517 doctrina
1250 4453 1399 4515 nihil
1430 4459 1520 4514 est
1547 4452 2190 4526 dilucidius,verumta-
2212 4451 2255 4500 D

543 4564 682 4609 men
714 4561 840 4606 non
883 4562 955 4606 ea
989 4544 1240 4619 ratione,
1272 4561 1389 4623 qua
1419 4550 1481 4603 tu
1512 4541 1733 4622 scripto
1780 4541 1993 4602 tradita
2029 4542 2189 4601 testi-

543 4633 743 4696 monia
787 4643 1018 4695 temere
1048 4649 1345 4712 praveque
1375 4630 1808 4710 interpretaris,
1871 4629 1974 4690 sed
2020 4648 2187 4705 vera,

541 4742 676 4805 quae
709 4723 884 4784 nobis
912 4721 1014 4783 dat
1043 4720 1484 4800 intelligere,ex
1516 4719 1664 4799 ipsis
1685 4717 1921 4779 Domini
1950 4718 2192 4780 vocibus

544 4811 880 4886 ostendi,ex
940 4811 1067 4892 ipso
1113 4817 1170 4871 et
1203 4811 1376 4872 Patre
1409 4825 1542 4869 esse
1573 4806 1861 4887 Spiritum
1893 4816 2186 4868 sanctum.

543 4905 688 4966 Cum
721 4901 880 4962 enim
901 4907 1140 4961 sanctus
1170 4895 1572 4974 dixeritzErga
1601 4897 1836 4958 Patrem
1868 4896 2194 4956 necessitu-

545 4989 746 5051 dinem
778 4984 1236 5067 intelligo,quud
1270 5003 1341 5046 ex
1371 4987 1547 5047 Patre
1576 4982 1868 5061 procedit,
1923 5001 2059 5060 erga
2089 4983 2190 5044 Fi-

546 5079 692 5140 lium
722 5095 946 5157 autem,
982 5093 1113 5137 cum
1173 5071 1524 5152 intelligam,
1576 5070 1854 5151 Quisquis
1908 5069 2196 5149 Spiritum

547 5165 766 5229 Christi
797 5183 913 5226 non
945 5164 1247 5230 habet.hic
1275 5181 1392 5224 non
1423 5167 1516 5223 est
1544 5160 1804 5240 illius,—
1837 5167 2039 5238 aperte
2062 5168 2200 5221 ante

547 5253 752 5316 oculos
795 5252 990 5332 posuit
1019 5250 1430 5327 exangelicum
1465 5248 1686 5309 dictum
1735 5245 1968 5320 dicens,
2002 5247 2196 5326 Spiri-

551 5352 672 5404 tum
727 5339 991 5402 veritatis
1031 5337 1314 5418 Spiritnm
1368 5344 1662 5416 sanctum,
1697 5357 1719 5386 ι
1789 5334 1947 5396 idem
2003 5335 2200 5397 valere

549 5430 705 5511 quod
738 5447 808 5492 ex
837 5428 950 5491 alio
984 5426 1256 5502 habetur,
1294 5449 1320 5483 ‹
1358 5445 1428 5487 ex
1457 5425 1630 5486 Patre
1660 5423 1854 5504 ipsum
1910 5423 2198 5500 procede-

549 5537 636 5582 re.
674 5545 695 5574 ι
731 5518 968 5581 Etenim
1001 5515 1051 5575 si
1076 5514 1385 5576 familiaris
1425 5521 1516 5575 est
1547 5513 1726 5588 Patri,
1755 5511 1893 5593 quia
1924 5531 1992 5573 ex
2027 5517 2196 5574 Patre

553 5610 873 5694 procedit,
950 5606 1256 5670 familiaris
1331 5625 1468 5668 vero
1526 5607 1727 5694 Filio,
1787 5604 1949 5694 quod
2035 5605 2195 5667 illius

552 5693 830 5783 Spiritus,
855 5699 980 5780 jam
1012 5703 1281 5758 remanet
1310 5695 1682 5758 manifestum
1709 5693 1864 5756 bene
1894 5693 2188 5755 dictorum

2173 1809 2211 1857 Β

2220 894 2242 922 ι
2273 865 2365 918 106
2406 864 2556 940 ἁγίου
2586 867 2910 940 Πνεύματος,
2971 856 3136 923 ’Ἔστι
3196 864 3250 921 δὲ
3308 869 3335 922 6
3381 868 3498 928 Υἱὸς
3556 865 3609 920 ἐν
3667 862 3856 941 πλήρει

2216 973 2240 1004 ¢
2285 957 2346 1028 τῇ
2399 952 2608 1019 θεότητι
2663 955 2767 1024 ζῶν
2825 956 3020 1032 Λόγος,
3067 957 3156 1011 καὶ
3213 956 3453 1033 γέννημα
3496 960 3589 1010 106
3634 953 3856 1030 Πατρὸς,

2224 1069 2245 1098 ι
2292 1038 2520 1106 ἀνενδεές
2557 1057 2570 1070 ⁸
2634 1041 2834 1120 πλῆρες
2906 1041 2959 1099 δὲ
3002 1045 3062 1100 16
3124 1050 3355 1118 Πνεῦμα,
3419 1047 3477 1100 οὗ
3521 1041 3682 1120 μέρος
3741 1039 3858 1096 ἑτέ-

2225 1154 2247 1184 σ
2293 1152 2404 1208 pou,
2451 1128 2586 1186 ἀλλὰ
2616 1130 2817 1188 τέλειον
2864 1135 2951 1189 καὶ
3005 1130 3295 1210 ὀλόκληρον
3349 1129 3433 1210 ετξ
3489 1131 3676 1188 ἑαυτοῦ
3719 1131 3854 1184 θεω-

2227 1247 2248 1276 ι
2283 1219 2553 1297 ρούμενον.
2593 1239 2618 1272 ι

2871 1312 3204 1377 Ἐπιστασία,

2308 1422 2332 1454 ι
2367 1396 2519 1485 εΟρᾷς
2593 1407 2751 1482 μόνον
2793 1409 2882 1463 τὸν
2928 1408 3133 1479 Πατέρα
3179 1409 3320 1485 ῥίζαν
3377 1413 3464 1465 καὶ
3508 1409 3691 1486 πηγὴν
3753 1407 3860 1480 ἁμ-

2234 1524 2254 1552 ι
2301 1493 2554 1574 φοτέρων,
2619 1502 2712 1552 τοῦ
2766 1518 2823 1552 τε
2912 1498 3034 1553 Υἱοῦ
3103 1495 3344 1564 δηλονότι
3429 1500 3516 1554 καὶ
3569 1505 3662 1554 106
3719 1496 3865 1574 ἁγίου

2235 1610 2257 1642 ι
2305 1584 2631 1659 Πνεύματος,
2701 1587 2842 1661 παρὰ
2896 1592 2987 1642 106
3059 1587 3193 1642 θείου
3251 1588 3434 1643 τούτου
3503 1589 3704 1664 Πατρὸς
3763 1607 3865 1650 κη·

2237 1700 2258 1730 ι
2293 1671 2646 1751 ρυττὸμενον;
2687 1675 2745 1728 Εἰ
2802 1673 2886 1729 οὖν
2921 1675 3006 1730 καὶ
3050 1677 3077 1730 6
3122 1677 3238 1738 Υἱὸς
3293 1676 3406 1752 ῥίζα
3468 1682 3542 1732 ὦν
3571 1677 3659 1731 καὶ
3716 1675 3866 1750 πηγὴ

2241 1790 2262 1819 ι
2293 1767 2384 1816 τυῦ
2461 1762 2785 1836 Πνεύματος,
2860 1765 2996 1838 πῶς,
3059 1762 3118 1818 ἂν
3171 1765 3199 1819 6
3269 1763 3437 1842 μέγας

2237 1874 2261 1906 σ
2309 1848 2576 1917 εσιώπησε
2595 1871 2612 1924 ;
2647 1874 2669 1904 ι

3518 1771 3671 1820 τοῦτο
3729 1783 3866 1839 παρ-

2877 1941 3235 2022 Ἀητίῤῥησις.

2323 2027 2487 2106 Ῥίζαν
2531 2036 2628 2108 μὲν
2684 2036 2770 2092 καὶ
2825 2037 3007 2114 πηγὴν
3049 2047 3142 2097 τοῦ
3200 2041 3320 2095 Υἱοῦ
3375 2039 3462 2094 καὶ
3517 2048 3610 2097 τοῦ
3666 2041 3877 2114 [Ινεύμα

2239 2147 2326 2187 τος
2385 2126 2475 2180 τὸν
2531 2125 2735 2202 Πατέρα
2801 2126 2940 2182 εἶναι
3013 2124 3174 2188 οὒδεὶς
3270 2125 3504 2182 εὐσεϐεῖν
3559 2125 3875 2203 βουλόμενος

2234 2214 2615 2290 ἀπαρνήσεται,
2651 2213 2796 2281 Πλὴν
2846 2213 2966 2270 ἀλλ’
2997 2214 3109 2271 ἐπεὶ
3165 2213 3403 2295 διάφορόν
3461 2217 3600 2272 ἐστιν
3632 2214 3806 2273 αἴτιον
3849 2218 3875 2271 6

2237 2302 2417 2378 Πατὴρ
2443 2307 2550 2357 τῶν
2580 2300 2667 2358 δύο
2722 2304 2916 2359 ⁸ιούτων
2961 2305 3284 2384 προσώπων,
3329 2307 3364 2373 ἡ
3422 2303 3475 2360 δὲ
3533 2303 3754 2386 διαφορὰ
3781 2306 3876 2370 τῆς

2236 2391 2425 2462 αἰτίας,
2484 2390 2564 2445 ὅτι
2607 2392 2667 2446 τὸ
2725 2393 2822 2466 μὲν
2893 2391 3000 2447 ἐστὶ
3070 2397 3378 2473 προσεχῶς,
3454 2401 3544 2450 τοῦ
3605 2395 3702 2468 μὲν
3762 2397 3879 2452 Υἱοῦ

2238 2479 2376 2535 ἐστιν
2439 2476 2636 2552 αἴτιος,
2684 2477 2750 2535 δι’
2811 2478 3014 2546 οὒδενὸς
3072 2480 3230 2538 ἄλλου
3289 2489 3463 2539 κοινοῦ
3532 2483 3880 2544 συνάπτοντος

2236 2570 2327 2624 16v
2388 2569 2504 2624 Υίὸν
2559 2575 2636 2642 τῷ
2695 2571 2879 2643 Πατρὶ,
2938 2577 3031 2626 τοῦ
3085 2567 3140 2626 δὲ
3198 2572 3500 2646 Πνεύματος
3567 2572 3742 2633 αἴτιος
3804 2570 3884 2627 διὰ

2240 2658 2332 2713 106
2388 2657 2528 2730 Υῐοῦ,
2587 2656 2679 2712 τοῦ
2735 2660 2821 2714 καὶ
2864 2661 2923 2715 τὸ
2976 2664 3188 2734 Πνεῦμα
3245 2660 3596 2723 συνάπτοντος
3653 2669 3730 2735 τῷ
3783 2667 3888 2716 Πα-

2239 2745 2368 2824 τρί’
2415 2747 2488 2808 ὥς
2547 2747 2574 2800 6
2633 2744 2786 2813 ἣλιος
2843 2751 2941 2815 τῆς
2999 2747 3096 2822 μὲν
3142 2747 3356 2814 ἀκτῖνος
3409 2758 3690 2831 προσεχῶς
3750 2749 3888 2806 ἐστιν

2247 2831 2442 2912 αἴτιον,
2490 2835 2574 2889 καὶ
2618 2832 2688 2889 δι’
2714 2833 2919 2898 οὐδενὸς
2964 2839 3160 2908 κοινοῦ,
3218 2847 3312 2896 τοῦ
3364 2835 3418 2893 δὲ
3475 2843 3650 2918 φωτὸς
3681 2837 3766 2895 διὰ
3793 2841 3888 2904 τῆς

2247 2923 2487 2995 ἀκτῖνος,
2539 2925 2634 2980 Καὶ
2663 2924 2692 2978 6
2735 2924 2941 2989 τούτοις
2975 2927 3385 3004 προσεσχηκὼς,
3432 2928 3520 2982 καὶ
3549 2929 3640 2984 τὸν
3686 2927 3889 3006 Πατέρα

2249 3011 2387 3087 ῥίζαν
2429 3011 2514 3067 καὶ
2556 3013 2739 3089 πηγήν
2769 3011 2926 3080 εἰδείη
2972 3013 3032 3068 ἂν
3079 3016 3199 3070 Υἱοῦ
3229 3035 3285 3070 τε
3314 3016 3402 3070 καὶ
3445 3016 3774 3090 Πνεύματος,
3806 3019 3888 3072 καὶ

2248 3101 2337 3156 τὸν
2371 3102 2489 3156 Υἱὸν
2519 3101 2702 3178 πηγὴν
2747 3100 3060 3180 ὁμολογήσῃ
3101 3111 3193 3160 τοῦ
3235 3105 3562 3184 Πνεύματος,
3622 3103 3702 3162 δίά
3745 3107 3806 3161 16
3839 3105 3896 3161 ἐκ

2251 3189 2453 3264 Πατρὸς
2484 3187 2551 3245 δι’
2596 3193 2718 3246 Υἱοῦ
2751 3193 2876 3248 αὐτὸ
2909 3191 3309 3269 ἐκπορεύεσθαι,

2706 3290 2810 3340 Τοῦ
2837 3283 2993 3342 αὐτοῦ
3023 3284 3083 3339 ἐκ
3112 3289 3220 3340 τῶν
3248 3286 3438 3345 αὐτῶν.

2331 3362 2442 3432 καί
2498 3397 2520 3427 ι
2566 3372 2708 3454 Ἐγὼ
2753 3375 2806 3432 δὲ
2861 3377 2994 3450 μετά
3053 3378 3254 3456 Πατρὸς
3311 3377 3430 3452 μὲν⁹
3473 3376 3615 3447 οἴδα,
3665 3378 3788 3458 οὒχὶ
3843 3377 3894 3435 δὲ

2262 3491 2284 3521 ι
2317 3461 2521 3540 Πατέρα
2591 3465 2652 3520 τὸ
2722 3471 2958 3540 Πνεῦμα,
3019 3467 3106 3521 καὶ
3171 3467 3304 3540 μετὰ
3379 3468 3499 3524 Υἱοῦ
3567 3465 3889 3546 παρέλαϐον,

2265 3577 2283 3608 ι
2319 3550 2438 3630 οὐχὶ
2503 3548 2558 3607 δὲ
2625 3554 2743 3609 Υἱὸν
2799 3553 3196 3629 ὠνομασμένον,
3270 3552 3406 3610 ἀλλὰ
3471 3555 3568 3622 τὴν
3629 3555 3724 3630 μὲν
3767 3559 3896 3634 πρὸς

2265 3667 2286 3696 σ
2332 3641 2421 3694 τὸν
2465 3639 2670 3720 Πατέρα
2695 3644 2992 3709 οἰκειότητα
3049 3648 3172 3709 νοῶ,
3229 3643 3326 3707 τὴν
3378 3645 3506 3721 πρὸς
3553 3645 3644 3700 τὸν
3698 3649 3816 3702 Υἱὸν
3846 3644 3899 3701 δὲ

2262 3756 2284 3784 ι
2323 3725 2504 3795 ἐπειδὴ
2579 3729 2775 3804 ἀκούω,
2827 3731 2893 3787 Εἴ
2952 3753 3031 3793 τις
3085 3729 3297 3805 Πνεῦμα
3349 3737 3570 3809 Χριστοῦ
3627 3736 3721 3791 οὐκ
3763 3732 3905 3813 ἔχει,

2265 3830 2286 3860 σ
2321 3819 2470 3879 οὗ.ος
2503 3821 2597 3876 οὐκ
2627 3816 2764 3875 ἔστιν
2798 3822 2978 3882 αὐτοῦ,

2913 3912 2930 3935 ’
2941 3913 3251 3975 Επιστασία,

2347 4030 2368 4060 ι
2401 4003 2461 4060 Τί
2507 4007 2606 4071 τῆς
2663 4001 2994 4070 διδασκαλίας
3067 4007 3260 4072 ταύτης
3316 4005 3655 4084 σαφέστερον,
3715 4007 3776 4064 ἐκ
3819 4031 3911 4064 τοι»

2272 4121 2294 4151 α
2344 4094 2539 4170 Πατρὸς
2607 4095 2704 4168 μὲν
2776 4094 2875 4162 τὴν
2943 4094 3035 4149 106
3116 4096 3413 4169 Πνεύμαεος
3496 4100 3731 4174 φανερῶς
3815 4094 3909 4153 δο-

2270 4203 2293 4236 ¢
2328 4181 2682 4257 γματιζούσης
2741 4181 3068 4258 ἐκπόρευσιν,
3143 4184 3234 4251 τὴν
3291 4181 3345 4238 δὲ
3428 4185 3557 4260 πρὸς
3630 4185 3721 4240 τὸν
3796 4187 3915 4240 Υἱὸν

2271 4297 2296 4330 ι
2331 4269 2614 4344 οἶκείωσιν,
2646 4268 2730 4326 διὰ
2759 4271 2819 4326 16
2849 4271 3130 4346 ὀμοούσιον
3162 4290 3177 4346 ;

2908 4362 3234 4442 Ἀντίῤῥησις
3245 4411 3258 4426 .

2354 4454 2594 4522 Ἀληθῶς
2626 4457 2722 4532 μὲν
2774 4455 2918 4516 οῦδὲν
2961 4463 3059 4524 τῆς
3113 4455 3456 4522 διδασκαλίας
3506 4459 3702 4525 ταύτης
3755 4461 3922 4540 σαφέ-

2273 4565 2455 4622 στερον
2484 4543 2625 4612 πλὴν
2656 4549 2715 4604 οὗ
2757 4545 2875 4602 καθ’
2905 4545 2963 4602 ὅν
3020 4545 3176 4623 λόγον
3233 4547 3292 4603 οὗ
3363 4547 3428 4602 τὰ
3489 4549 3718 4626 γραφικὰ
3787 4549 3921 4624 ῥητὰ

2275 4639 2435 4688 ιαῦτα
2467 4632 2765 4713 παρεξηγῇ,
2817 4633 2953 4692 ἀλλὰ
2982 4636 3117 4690 κατὰ
3159 4635 3249 4690 τὸν
3306 4634 3478 4701 ἀληθῆ
3538 4633 3717 4713 λόγον,
3778 4635 3922 4699 ὅστις

2275 4733 2417 4777 νοεῖν
2446 4719 2651 4778 δίδωσιν
2697 4721 2749 4788 ἐξ
2799 4726 2969 4779 αὐτῶν
3001 4729 3106 4779 τῶν
3165 4729 3257 4780 τοῦ
3320 4726 3502 4798 Κυρῖου
3576 4727 3764 4804 φωνῶν
3793 4725 3923 4782 ἀνα-

2277 4811 2566 4889 φαίνεσθαι,
2597 4813 2658 4867 τὸ
2688 4811 2739 4877 ἐξ
2793 4814 2950 4870 αὐτοῦ
3001 4834 3058 4868 τε
3113 4813 3200 4867 καὶ
3256 4815 3349 4868 106
3407 4814 3607 4891 Πατρὸς
3664 4828 3801 4868 εἶναι
3867 4817 3927 4870 16

2280 4904 2490 4972 Πνεῦμα
2533 4901 2596 4954 16
2623 4899 2795 4976 ἅγιον.
2830 4897 3046 4966 Ἐπειδὴ
3076 4900 3179 4978 γὰρ
3208 4901 3235 4954 ὀ
3265 4900 3416 4979 ἅγιος
3467 4899 3567 4979 ἔφη
3610 4903 3682 4962 ὡς
3712 4935 3790 4944 -
3821 4904 3929 4967 Τὴν

2281 4987 2390 5060 μὴν
2443 4987 2572 5064 πρὸς
2633 4987 2839 5064 Πατέρα
2907 4989 3209 5054 οἰκειότητα
3271 4995 3398 5058 νοῶ,
3444 4987 3626 5056 ἐπειδὴ
3670 4993 3809 5069 παρᾶ
3839 4999 3929 5047 τοῦ

2283 5075 2486 5152 Πατρὸς
2515 5076 2876 5153 Ιεκπορεύεται,
2904 5077 3002 5142 τὴν
3033 5077 3164 5154 πρὸς
3205 5077 3323 5133 Υἱὸν
3352 5073 3428 5150 δὲ,
3491 5074 3674 5144 ἐπειδὴ
3731 5081 3928 5147 ἀκούω,

2285 5162 2353 5220 Εἴ
2378 5185 2457 5226 τις
2490 5169 2701 5238 Πνεῦμα
2739 5171 2963 5242 Χριστοῦ
2993 5166 3087 5221 οὐκ
3115 5163 3255 5243 ἔχει,
3307 5167 3455 5228 οὗτος
3512 5169 3606 5223 οὒκ
3662 5164 3802 5222 ἔστιν
3836 5171 3931 5224 αῦ-

2285 5259 2399 5325 τοῦ,
2434 5284 2513 5295 -
2541 5253 2874 5331 παρέστησεν
2917 5252 3172 5333 ἐναργῶς,
3215 5255 3288 5314 ὡς
3351 5252 3379 5319 ἣ
3416 5252 3733 5330 εὐαγγελική
3778 5255 3930 5331 ῥῆσις

2285 5341 2320 5407 ἡ
2383 5339 2632 5418 λέγουσα,
2703 5370 2724 5399 ε
2776 5348 2986 5411 Πνεῦμα
3037 5346 3136 5408 τῆς
3179 5339 3425 5408 ἀληθείας
3482 5343 3542 5397 τὸ
3602 5349 3811 5417 Πνεῦμα
3873 5346 3935 5399 16

2288 5427 2464 5506 ἅγιον,
2501 5452 2523 5482 ι
2561 5428 2738 5485 ἐκεῖνο
2767 5427 2976 5485 δύναται
3047 5429 3174 5508 ὅπερ
3204 5431 3238 5496 ἡ
3296 5428 3544 5508 λέγουσα,
3587 5459 3608 5488 ι
3653 5433 3796 5507 παρὰ
3851 5439 3940 5488 τοῦ

2289 5519 2495 5594 Πατρὸς
2550 5519 2674 5576 αὐτὸ
2740 5519 3132 5596 ἐκπορεύεσθαι,
3186 5547 3211 5578 ι
3273 5520 3329 5576 Εἰ
3389 5519 3488 5597 γὰρ
3571 5521 3770 5576 οἰκεῖον
3847 5525 3940 5595 μὲν

2288 5607 2472 5684 Πατρὶ,
2507 5605 2586 5662 ὅτι
2617 5606 2678 5662 ἐκ
2718 5617 2811 5665 τοῦ
2845 5609 3046 5686 Πατρὸς
3103 5606 3462 5685 ἐκπορεύεται,
3524 5609 3721 5663 οἰκεῖον
3780 5607 3835 5664 δὲ
3867 5617 3936 5681 τῷ

2303 5695 2425 5766 ι’ἰῷ,
2459 5693 2538 5749 ὅτι
2600 5695 2812 5769 Πνεῦμα
2865 5695 3006 5751 ἐστιν
3077 5697 3234 5752 αὐτοῦ
3265 5713 3280 5728 °
3351 5693 3569 5761 εὔδηλον
3629 5698 3700 5758 ὡς
3773 5696 3946 5757 καλῶς
