4180 6282
295 405 408 471 437

1319 413 1402 477 ΙΝ
1445 410 1834 477 CAMATERI
1874 410 2621 479 ANIMADVERSIONES.

3541 411 3663 477 438

296 540 390 609 τῆς
431 547 542 600 τῶν
574 542 932 623 εῦαγγελικῶν
979 546 1181 604 τούτων
1217 547 1393 623 ῥητῶν
1438 545 1784 604 ἀντελάϐοντο
1827 544 1968 603 δια-.

2058 545 2499 625 evangelicorum
2544 547 2897 610 sententiam
2942 550 3299 611 consecutos
3323 546 3532 626 fuisse,
3563 543 3668 626 qui

294 630 456 711 νοίας,
492 633 541 688 οἰ
565 630 809 712 λέγοντες
869 635 1032 711 μηδὲν
1092 658 1144 692 τι
1203 637 1634 716 παραχαράττειν
1675 638 1737 692 τὸ
1766 638 1943 713 Εὐαγ-

297 717 470 796 γέλιον
532 723 624 778 τὸν
679 721 902 801 λέγοντα
945 725 1005 781 ἐκ
1063 726 1162 801 μὲν
1231 732 1324 781 τοῦ
1374 728 1577 795 [ἰατρὸς
1622 726 1765 782 εἶναι
1820 727 1945 781 αὐτὸ

300 813 512 883 Πνεῦμα
567 810 647 866 ὅτι
705 810 765 868 ἐκ
819 820 911 870 τοῦ
980 815 1183 893 Πατρὸς
1274 816 1398 873 αὐτὸ
1462 814 1828 894 ἐκπορεύεσθαι
1884 816 1946 870 τὸ

303 895 620 976 Εὖαγγέλιον
678 915 956 981 μαρτυρεῖ,
1007 902 1067 959 ἐκ
1135 900 1189 958 δὲ
1252 909 1345 960 τοῦ
1415 907 1533 961 Υἱοῦ
1616 904 1776 977 εἶναι,
1865 901 1946 958 ὅτι

299 989 511 1061 Πνεῦμα
569 991 668 1054 τῆς
722 987 970 1056 ἀληθείας
1031 990 1087 1047 ἐν
1142 1005 1260 1055 τοῖς
1316 990 1690 1071 Εὖαγγελίκοις
1744 992 1946 1071 κηρύτ-

299 1093 447 1130 τεται
459 1122 473 1138 ,

758 1172 861 1225 Τοῦ
889 1171 1048 1227 αὐτοῦ
1087 1167 1147 1224 ἐκ
1188 1175 1294 1226 τῶν
1324 1169 1518 1232 αὐτῶν,
1564 1202 1569 1207 -

377 1243 488 1329 κβ’.
543 1277 568 1310 :t
601 1256 662 1313 Εἰ
690 1255 751 1312 ἐκ
793 1263 925 1314 Θεοῦ
952 1257 1014 1313 τὸ
1066 1263 1296 1337 Πνεῦμα,
1355 1263 1470 1323 πῶς
1510 1260 1611 1316 ὑπὸ
1639 1258 1736 1327 τὴν
1780 1259 1947 1315 κτίσιν

307 1364 329 1396 ε
365 1342 515 1421 ἄγεις
550 1362 567 1419 ;
612 1346 685 1403 Οῦ
713 1344 813 1425 γὰρ
841 1343 907 1425 δὴ
978 1348 1155 1403 ἒκεῒνο
1211 1346 1376 1425 ἐρεῖς,
1437 1347 1516 1404 ὅτι
1568 1349 1748 1404 καὶτὰ
1777 1349 1949 1406 πάντα

306 1453 334 1486 α
367 1430 428 1486 ὲκ
468 1439 562 1490 τοῦ
633 1424 794 1495 Θεοῦ,
855 1424 1068 1512 ’Ὠσπερ
1124 1424 1300 1515 γᾶρό
1332 1438 1554 1516 Χριστὸς
1613 1444 1743 1494 Θεοῦ
1801 1436 1952 1515 λέγε-

309 1540 351 1574 ει
381 1542 495 1599 ται,
527 1523 653 1602 οῦχί
694 1519 750 1579 δὲ
796 1522 1047 1598 σκτίσμα,
1103 1526 1176 1588 ὡς
1235 1524 1324 1580 καὶ
1377 1525 1540 1600 ἣμετς
1571 1541 1586 1557 ·
1646 1525 1811 1599 ἡμεῖς
1853 1525 1952 1602 γὰρ

307 1631 335 1662 α
366 1616 616 1685 Χριστοῦ,
660 1613 885 1690 Χριστὸς
930 1609 986 1668 δὲ
1047 1619 1178 1670 Θεοῦ
1209 1631 1224 1647 ⁸
1282 1611 1401 1669 ἀλλ’
1459 1612 1633 1677 ἄλλως
1677 1614 1774 1689 μὲν
1801 1612 1955 1690 λεγό-

312 1718 336 1755 ι
372 1702 506 1774 μεθα
548 1701 715 1774 ἡμεῖς
772 1707 1022 1780 Χριστου,
1095 1702 1169 1765 ὡς
1225 1698 1399 1758 δοῦλοι
1455 1700 1727 1776 δεσπότου,
1776 1699 1951 1765 ἄλλως

310 1807 334 1838 ι
377 1784 432 1842 δὲ
479 1791 703 1866 Χριστὸς
764 1795 896 1846 Θεοῦ
945 1787 1179 1867 λέγεται,
1227 1791 1300 1854 ὡς
1345 1792 1463 1853 Υἱὸς
1535 1797 1629 1847 τοῦ
1693 1790 1899 1869 Πατρός
1931 1810 1947 1825 ’
1973 1825 2014 1875 Β

311 1898 338 1929 α
370 1875 509 1933 οὕτω
536 1878 624 1934 καὶ
664 1879 726 1935 τὸ
796 1885 1030 1955 Πνεῦμα,
1078 1882 1171 1938 οῦκ
1221 1876 1405 1945 ἔπειδή
1470 1881 1556 1936 καὶ
1596 1879 1662 1936 τὰ
1715 1878 1951 1959 λειτοέρ-

311 1986 340 2017 ¢
387 1964 513 2040 γικὰ
583 1965 888 2040 Πνεύματα,
964 1964 1064 2033 ἤδη
1126 1968 1214 2023 καὶ
1283 1968 1344 2023 τὸ
1405 1972 1617 2042 Πνεῦμα
1687 1969 1749 2023 τὸ
1803 1966 1953 2046 ἅγιον

312 2076 340 2107 ιι
374 2053 561 2127 ὅμοιον
606 2058 788 2118 αὐτοῖς
844 2053 930 2110 διὰ
981 2055 1099 2136 τὴν,
1134 2057 1512 2135 προσηγορίαν,
1551 2046 1655 2113 ’Ἐν
1713 2060 1813 2136 γάρ
1844 2056 1951 2113 ἔστι

315 2165 343 2196 α
375 2143 435 2197 τὸ
492 2139 704 2208 ἀληθῶς
788 2148 1021 2218 Πνεῦμα.
1087 2132 1178 2208 Ὠς
1234 2132 1336 2223 γὰρ
1381 2132 1594 2201 ’πολλοὶ
1663 2132 1796 2221 μὲν⁷
1829 2148 1950 2219 υἱοὶ,

317 2252 346 2285 α
394 2229 479 2293 εἷς
510 2227 564 2284 δὲ
596 2232 625 2285 ὁ
654 2228 902 2297 ἀληθινὸς
964 2233 1102 2302 Υἱὸς,
1150 2231 1320 2289 οῧτωτ
1360 2232 1461 2288 κᾶν
1513 2235 1686 2291 πάντα
1734 2232 1957 2312 λέγηται

317 2339 346 2373 α
373 2319 438 2373 ἐκ
467 2323 618 2390 Θεοῦ,
665 2317 800 2375 ἀλλὰ
829 2320 1018 2397 κυρίως
1074 2322 1103 2376 ὁ
1155 2322 1275 2384 Υἱὸς
1325 2319 1385 2377 ἐκ
1437 2329 1529 2380 τοῦ
1572 2329 1723 2402 Θεοῦ,
1769 2325 1856 2380 καὶ
1896 2325 1957 2380 τὸ

318 2428 345 2462 ε
394 2412 609 2480 Πνεῦμα
637 2405 698 2463 ἐκ
741 2415 834 2464 τοῦ
890 2415 1021 2465 Θεοῦ
1051 2423 1067 2438 ⁶
1115 2408 1229 2465 ἐπεὶ
1281 2410 1368 2466 καὶ
1425 2412 1454 2466 ὃ
1516 2412 1634 2474 Υἱὸς
1677 2412 1817 2490 παρᾶ
1865 2411 1959 2469 τοῦ

318 2518 346 2551 ι
391 2495 598 2571 Πατρὸς
625 2492 828 2568 ἐξῆλθε,
873 2498 960 2553 καὶ
1018 2498 1080 2552 τὸ
1139 2503 1352 2572 Πνεῦμα
1407 2497 1466 2554 ἐκ
1505 2506 1595 2556 τοῦ
1626 2501 1831 2579 Πατρὸς
1861 2499 1957 2556 ἐκ·

319 2604 342 2640 ι
377 2582 680 2662 πορεύεται,
721 2581 845 2640 ἀλλ’
901 2586 930 2641 ὁ
984 2587 1102 2648 Υἱὸς
1158 2585 1218 2641 ἐκ
1257 2593 1350 2643 τοῦ
1400 2589 1604 2666 Πατρὸς
1659 2596 1952 2666 γεννητῶς,

320 2695 345 2727 α
381 2673 444 2730 τὸ
486 2669 542 2727 δὲ
585 2678 799 2747 Πνεῦμα
840 2671 1078 2752 ἆῤῥήτως
1107 2675 1167 2731 ἐκ
1196 2682 1287 2731 τοῦ
1317 2683 1468 2737 Θεοῦ.
1507 2697 1533 2733 ι

965 2760 981 2783 ’
990 2771 1188 2819 Επιστα
1194 2763 1276 2820 σία
1287 2811 1301 2826 ,

394 2844 425 2906 ἐ
480 2842 559 2910 uO
633 2849 891 2914 πολλάκις
963 2854 1270 2931 εἰρήκαμεν,
1327 2854 1584 2912 κάνταῦθα
1639 2858 1958 2936 σημείωσαι,

319 2959 349 2998 ί
382 2946 498 3003 πῶς
546 2941 796 3004 ὡσαύτως
852 2942 899 2997 οἱ
968 2941 1109 3019 ἅγιοι
1165 2942 1392 3022 Πατέρες
1434 2942 1848 3025 ἐκλαμϐάνονται
1876 2948 1962 3025 τὸ,

321 3046 351 3087 (
385 3027 446 3085 ὲκ
471 3030 565 3086 τοῦ
603 3036 755 3108 Θεοῦ,
785 3031 873 3085 καὶ
901 3031 983 3101 τὸ,
1041 3031 1101 3087 ἐκ
1156 3037 1246 3087 τοῦ
1301 3032 1530 3111 Πατρός.
1566 3022 1767 3090 ’Ἄκουε
1796 3032 1851 3089 δὲ
1878 3022 1966 3091 καὶ

326 3138 355 3171 α
400 3114 480 3173 ὅτι
510 3117 570 3173 ὲκ
611 3123 704 3175 τοῦ
734 3116 933 3196 Πατρός
986 3119 1048 3173 τὸ
1109 3124 1345 3194 Πνεῦμα.
1407 3124 1466 3179 οῦ
1507 3121 1606 3195 μὲν
1649 3122 1737 3179 καὶ
1787 3120 1848 3177 ἐκ
1875 3128 1967 3178 τοῦ

328 3223 353 3261 ι
412 3208 554 3267 Υἱοῦ.

959 3292 1281 3373 Ἀντίῤῥησις

404 3379 478 3435 Σὺ
508 3380 603 3454 μὲν
657 3383 748 3438 τὸν
819 3382 911 3437 σὸν
953 3382 1219 3462 ἀκροατὴν
1272 3383 1478 3440 ἀκούειν
1534 3386 1751 3465 ὑποτίθῃ
1794 3388 1874 3445 ὅτι
1909 3388 1970 3445 ἐκ

321 3477 415 3528 τοῦ
460 3471 660 3548 Πατρὸς
734 3471 795 3525 τὸ
864 3476 1099 3550 Πνεῦμα,
1163 3474 1223 3529 οῦ
1265 3472 1373 3547 μὴν
1413 3474 1500 3529 καὶ
1569 3473 1628 3530 ἐκ
1695 3482 1788 3533 τοῦ
1849 3480 1971 3534 Υίοῦ

325 3556 415 3612 ἐὰν
444 3554 501 3613 δέ
540 3564 725 3616 τοῦτον
769 3559 922 3615 αὑτὸν
976 3558 1081 3637 ἐγὼ
1130 3580 1423 3638 παραγαγω
1463 3563 1556 3617 τὸν
1598 3563 1765 3641 μέγαν
1808 3567 1971 3621 Βασί-

324 3645 471 3703 λειον
504 3646 558 3702 ἐν
612 3652 690 3720 τῷ
743 3647 899 3724 τρίτῳ
938 3653 1045 3703 τῶν
1099 3648 1228 3727 πρὸς
1288 3650 1540 3724 Εὐνόμιον
1566 3650 1974 3731 Ἀντιῤῥητικῶν

327 3732 553 3811 λέγοντα
587 3750 601 3764 ’
635 3756 663 3793 ι
695 3736 766 3794 Τό
798 3740 1007 3810 Πνεῦμα
1034 3732 1175 3814 παρὰ
1199 3742 1292 3793 τοῦ
1329 3739 1450 3794 Υἱοῦ
1477 3738 1608 3818 ἕχον
1621 3742 1683 3796 τὸ
1710 3741 1852 3798 εἶναι
1888 3759 1903 3773 ⁸
1941 3766 1969 3797 ι

329 3821 406 3878 ἔτι
436 3820 491 3878 δέ
521 3825 611 3880 τὸν
640 3822 789 3901 ἅγιον
833 3821 1085 3899 Κόριλλον
1144 3823 1199 3880 ἔν
1258 3825 1333 3882 ἒνὶ
1386 3828 1491 3882 τῶν
1541 3828 1839 3909 κεφαλαίων
1883 3838 1975 3889 τοῦ

331 3909 571 3989 δευτέρου
615 3918 722 3969 τῶν
759 3912 1043 3988 Θησαυρῶν
1071 3911 1294 3990 λέγοντα
1318 3923 1340 3948 ⁹
1390 3940 1422 3975 α
1454 3917 1723 3974 Δείκνυται
1767 3925 1971 4000 σαφῶς,

330 4001 424 4057 οὐκ
450 3999 726 4080 ἀλλότριον
773 4009 866 4058 τοῦ
923 4002 1042 4057 Υἱοῦ
1069 4002 1130 4058 τὸ
1186 4008 1397 4077 Πνεῦμα
1452 4006 1512 4060 τὸ
1569 4003 1741 4084 ἃγιον,
1774 3999 1893 4065 ἀλλ’
1923 4007 1978 4064 ὲν

332 4088 476 4163 abre
505 4090 592 4145 καὶ
620 4088 671 4154 ἐξ
728 4092 883 4147 αὐτοῦ
915 4105 930 4119 ⁸
970 4107 992 4140 I
1066 4090 1154 4145 καὶ
1220 4090 1311 4145 τὸν
1357 4091 1565 4159 Νύσσης
1593 4094 1882 4173 Γρηγόριον
1925 4096 1980 4152 ἐν

333 4182 404 4253 τῇ
447 4178 520 4241 εἰς
548 4179 610 4233 τὸ
668 4177 852 4256 Πατὴρ
905 4178 1060 4251 ἡμῶν
1113 4175 1294 4252 ὀμιλίᾷ
1352 4178 1508 4236 αὐτοῦ
1565 4179 1813 4264 λέγοντα,
1850 4202 1880 4242 (
1910 4187 1981 4243 Τὸ

333 4264 390 4322 δὲ
418 4265 569 4344 ἅγιον
610 4272 820 4341 Πνεῦμα
864 4267 952 4321 καὶ
994 4264 1055 4321 ἐκ
1093 4272 1187 4322 τοῦ
1244 4268 1449 4335 Πατρὸς
1491 4267 1747 4350 λέγεται,
1780 4274 1870 4329 καὶ
1926 4272 1986 4329 ὲκ

340 4382 365 4416 ι
411 4361 506 4412 τοῦ
556 4357 677 4411 Υἱοῦ
724 4357 863 4410 εἶναι
906 4367 1384 4434 προσμαρτυρεϊται
1414 4374 1428 4390 ⁸
1497 4379 1519 4413 ι
1557 4360 1642 4414 καὶ
1697 4361 1788 4415 τὸν
1821 4360 1985 4441 μέγαν

340 4445 650 4503 Ἀθανάσιον
706 4444 762 4498 ἐν
791 4449 868 4517 τῷ
910 4444 1027 4520 περὶ
1068 4442 1165 4510 τῆς
1236 4443 1487 4523 ἐνσάρκου
1540 4446 1842 4528 ἐπιφανείας
1895 4448 1989 4507 τοῦ

2026 632 2253 710 dicunt,
2287 653 2405 696 non
2436 635 2654 698 laedere
2685 636 3065 716 Evangelium
3096 637 3345 699 dicens:
3380 640 3463 699 Ex
3500 638 3667 696 Patre

2027 722 2266 802 quidem
2310 742 2461 794 esse,
2496 726 2649 806 quod
2697 726 2823 806 ipse
2855 728 2934 788 sit
2965 725 3245 807 Spiritus,
3280 725 3435 805 quod
3470 723 3663 803 ipsum

2028 830 2098 873 ex
2145 811 2315 874 Patre
2362 814 2684 893 procedere
2735 815 3075 877 testimonio
3126 834 3234 875 suo
3288 812 3664 890 Evangelium

2027 900 2258 975 ﬁrmat;
2291 919 2359 962 ex
2400 902 2549 965 Filio
2579 920 2718 964 vero
2749 922 2901 985 esse,
2936 904 3093 985 quod
3125 901 3381 985 Spiritus
3409 898 3668 964 veritatis

2026 988 2090 1049 iu
2116 989 2433 1070 Evangelia
2467 992 2839 1072 praedicatur.

2508 1168 2801 1248 Ejusdem
2828 1186 2903 1232 ex
2932 1170 3164 1233 iisdem.

2109 1254 2208 1317 22.
2251 1276 2274 1312 α
2329 1254 2394 1318 Si
2441 1273 2512 1318 ex
2568 1258 2691 1318 Deo
2751 1256 3005 1337 Spiritus
3049 1264 3162 1331 est,
3212 1275 3324 1336 qua
3355 1262 3418 1317 tu
3441 1255 3672 1316 ratione

2036 1366 2063 1399 α
2097 1350 2390 1406 creaturae
2437 1344 2781 1407 submittis?
2813 1347 2945 1408 Non
2994 1345 3154 1407 enim
3215 1344 3358 1405 illud
3419 1342 3665 1416 dixeris,

2038 1454 2062 1488 ι
2099 1432 2296 1493 omnia
2323 1452 2392 1494 ex
2424 1433 2545 1494 Deo
2577 1432 3245 1506 esse.Quemadmodum
3280 1431 3439 1493 enim
3464 1430 3671 1493 Cbris-

2040 1543 2063 1580 α
2102 1529 2193 1581 tus
2213 1519 2370 1582 Deus
2391 1521 2758 1596 dicitur,non
2780 1531 2975 1583 autem
3009 1522 3393 1594 creatura,uti
3426 1536 3673 1580 nosznos

2044 1631 2068 1666 ιι
2102 1608 2259 1670 enim
2290 1608 2527 1681 Christi,
2559 1611 2831 1672 Christus
2862 1611 2993 1687 Dei;
3023 1610 3141 1671 alia
3173 1608 3466 1690 siquidem
3497 1607 3672 1669 ratio-

2041 1720 2069 1752 «
2103 1713 2178 1760 ne
2203 1716 2311 1758 nos
2341 1698 2560 1760 Christi
2614 1698 2875 1759 dicimur
2919 1705 2984 1759 ut
3039 1698 3193 1760 δοινί
3250 1695 3509 1769 Domini,
3560 1695 3676 1756 alia

2041 1807 2064 1842 α
2098 1785 2366 1849 Christus
2412 1786 2543 1867 Dei,
2576 1787 2661 1847 uti
2718 1786 2902 1849 Filius
2952 1787 3181 1849 Patris:
3218 1785 3345 1865 pari
3403 1784 3580 1846 modo
3611 1792 3676 1845 et

2042 1894 2067 1931 α
2103 1874 2355 1955 Spiritus
2383 1882 2642 1948 sanetus,
2675 1894 2793 1936 non
2851 1884 3164 1955 propterea
3204 1873 3360 1954 quod
3409 1872 3531 1934 sint
3559 1872 3670 1933 ad-

2043 1984 2067 2019 ι
2103 1962 2509 2025 ministratorii
2562 1964 2829 2044 spiritus,
2856 1964 2979 2042 jam
3041 1970 3099 2024 et
3148 1962 3403 2043 Spiritus
3432 1968 3674 2022 sanctus

2044 2072 2073 2112 tt
2104 2051 2219 2112 illis
2245 2052 2458 2113 similis
2490 2060 2598 2126 est,
2619 2060 2860 2132 propter
2884 2051 3156 2114 eamdem
3186 2049 3669 2130 appellationem.

2039 2161 2064 2196 ι
2098 2139 2262 2203 Unus
2292 2140 2452 2201 enim
2483 2149 2574 2203 est
2601 2159 2740 2202 vere
2770 2141 3055 2221 Spiritus.
3089 2140 3255 2201 Sicut
3310 2138 3472 2200 enim
3504 2136 3675 2197 multi

2046 2251 2069 2286 ιι
2105 2236 2243 2290 sunt
2272 2229 2400 2307 ﬁlii,
2436 2230 2541 2290 sed
2574 2247 2727 2290 unus
2776 2236 2868 2290 est
2900 2246 3083 2291 verus
3137 2227 3342 2293 Filius.
3398 2227 3481 2287 ita
3531 2225 3671 2286 licet

2045 2340 2070 2374 ι
2105 2316 2304 2379 omnia
2347 2317 2619 2379 dicantur
2649 2336 2719 2379 ex
2750 2317 2895 2392 Deo,
2952 2318 3058 2380 sed
3095 2316 3334 2397 proprie
3382 2314 3571 2378 Filius
3602 2331 3677 2375 ex

2044 2430 2073 2462 ιι
2104 2407 2252 2486 Deo,
2286 2414 2345 2467 et
2372 2406 2626 2486 Spiritus
2653 2425 2722 2468 ex
2752 2406 2897 2487 Deo,
2927 2425 3061 2468 cum
3092 2415 3150 2467 et
3180 2405 3366 2467 Filius
3409 2422 3479 2464 ex
3509 2402 3679 2464 Patre

2045 2518 2073 2551 α
2105 2494 2309 2570 exivit,
2346 2505 2403 2557 et
2445 2497 2701 2576 Spiritus
2732 2514 2802 2557 ex
2835 2499 3003 2557 Patre
3035 2492 3322 2574 procedit,
3355 2492 3458 2553 sed
3497 2490 3680 2552 Filius

2044 2605 2073 2639 α
2105 2585 2351 2646 exPatre
2371 2584 2770 2663 generationis
2802 2582 3268 2665 modo,Spiritus
3296 2579 3680 2643 ineffabiliter

2048 2694 2072 2728 α
2109 2690 2178 2734 ex
2208 2671 2355 2734 Deo.
2395 2696 2423 2729 ι»

2599 2762 2650 2823 Α
2663 2761 3095 2824 nimadversio.

2132 2873 2152 2905 ι
2192 2848 2356 2920 Quod
2378 2848 2595 2929 saepius
2614 2848 3166 2924 inculcavimus,hic
3194 2863 3429 2927 quoque
3455 2852 3680 2920 notato,

2051 2959 2080 2994 ι
2112 2945 2346 2999 sanctos
2376 2936 2580 2999 Patres
2609 2938 2819 2999 eodem
2854 2937 3357 3016 modocaccipere,
3401 2952 3469 2995 ex
3532 2936 3683 3013 Deo,

2053 3050 2075 3082 ι
2116 3033 2197 3105 et,
2248 3044 2318 3088 ex
2363 3024 2556 3086 Patre.
2591 3024 2809 3087 Audito
2838 3042 3076 3105 quoque
3105 3043 3176 3085 ex
3210 3025 3382 3086 Patre
3412 3020 3682 3102 spiritum

2058 3134 2083 3171 ι
2116 3131 2270 3190 esse,
2304 3132 2424 3175 non
2453 3132 2525 3176 ex
2552 3112 2725 3175 Filio.
2753 3136 2778 3171 ι
2884 3166 2887 3169 .

2791 3226 2865 3255 il»

2683 3289 3027 3368 Befutatio.
3060 3316 3085 3339 τι
3212 3312 3219 3339 ε
3696 3352 3697 3357 η

2129 3380 2216 3442 Tu
2244 3378 2484 3460 quidem
2524 3378 2911 3445 audituriztuo
2939 3377 3230 3452 insinuas,
3262 3372 3705 3449 utz'audriatr'ear:

2050 3471 2225 3533 Patre
2251 3468 2541 3548 Spiritum
2564 3486 2725 3548 esse,
2742 3476 3107 3528 nouantem»
3132 3464 3408 3527 extFiltios
3426 3462 3709 3537 LQuodnsir

2056 3576 2164 3637 ego
2192 3557 2489 3618 adducam
2537 3553 3389 3635 mgnumvBasiliuma-tertips
3411 3553 3715 3632 atde

2053 3645 2408 3709 Eunomium
2435 3645 3166 3708 AntirrheticOLdlcentem
3194 3661 3221 3706 ἓν
3238 3664 3280 3703 τ(
3301 3642 3715 3723 Spiritumem

2053 3734 2203 3796 Filio
2252 3733 2486 3795 habere:
2520 3734 2684 3813 quad:
2709 3735 2824 3807 sit;
2855 3757 2877 3789 ι
2917 3740 3039 3793 tum
3090 3740 3357 3807 sanctum
3388 3729 3717 3809 tC'ynilhmr
3803 3744 3807 3747 λ

2059 3843 2175 3887 uno
2206 3821 2921 3886 secundiEbeSaurorum
2951 3820 3169 3901 capite,
3195 3819 3721 3897 cOStendtturma-u

2058 3913 2179 3975 lam
2208 3930 2327 3973 non
2356 3912 2614 3972 alienum
2665 3927 2796 3971 esse
2826 3929 2860 3971 a
2892 3910 3039 3972 Filio
3072 3908 3358 3989 Spiritum
3399 3914 3701 3986 sanctum;

2060 4003 2164 4065 sed
2196 4002 2256 4063 in
2287 4001 2414 4081 ipso
2446 4009 2506 4061 et
2526 4020 2594 4062 ex
2626 3999 2784 4081 ipso?
2817 4025 2842 4055 ι
2875 4009 2933 4060 et
2961 3997 3288 4079 Nyssenum
3348 3997 3701 4075 Gregorium

2061 4089 2307 4153 homilia
2338 4090 2397 4150 in
2428 4087 2769 4151 Orationem
2811 4088 3203 4159 Dominicam,
3244 4086 3535 4165 cSpiritus
3563 4103 3703 4145 vero

2065 4188 2301 4242 sanctus
2335 4187 2393 4239 et
2420 4196 2489 4238 ex
2520 4180 2693 4239 Patre
2722 4175 2957 4241 dicitur.
2993 4184 3047 4235 et
3092 4194 3164 4235 ex
3202 4175 3349 4236 Filio
3410 4191 3544 4236 esse
3574 4191 3705 4232 om-

2067 4269 2232 4330 nium
2255 4266 2572 4346 astipulatu
2603 4266 3023 4340 conﬁrmatur;
3061 4287 3084 4320 »
3124 4272 3181 4324 et
3211 4280 3484 4340 magnum
3516 4261 3704 4321 Atha-

2068 4357 2300 4418 nasium
2327 4355 2593 4417 oratione
2620 4353 2697 4414 de
2717 4353 3019 4413 incarnata
3046 4352 3415 4430 apparitione
3439 4350 3705 4410 Salvato-

2070 4443 2153 4505 ris
2185 4442 2316 4515 Dei,
2353 4445 2471 4505 «Ex
2502 4442 2629 4521 ipso
2650 4441 2853 4519 itaque
2876 4439 2936 4499 in
2969 4440 3161 4518 ipsum
3198 4437 3705 4510 descendebat,ex

342 4533 595 4611 Σωτῆρος
650 4536 781 4587 Θεοῦ
836 4529 981 4608 λόγῳ
1023 4529 1270 4610 λέγοντα,
1351 4558 1373 4589 ι
1424 4529 1508 4598 Ἐξ
1564 4526 1721 4593 αὐτοῦ
1773 4536 1862 4592 οὖν
1911 4538 1968 4593 εἰς

2070 4532 2300 4594 Deitate
2327 4531 2512 4612 ipsius
2534 4530 2594 4590 in
2629 4528 3050 4589 humanitatem
3082 4527 3325 4607 ipsius;»
3349 4526 3710 4605 tandemque

340 4620 497 4677 αῦτὸν
525 4619 662 4689 κατή
708 4642 750 4698 ι,
794 4617 855 4675 ὲκ
893 4620 992 4685 τῆς
1033 4618 1283 4684 θεότητος
1328 4623 1485 4680 αὐτοῦ
1526 4623 1599 4685 εἰς
1640 4624 1737 4692 τὴν
1779 4625 1985 4705 ἀνορω-

340 4708 548 4776 πότητα
590 4709 746 4766 αὐτοῦ
781 4725 795 4742 ·
831 4731 858 4763 ο
896 4709 982 4764 καὶ
1031 4708 1124 4764 τὸν
1161 4706 1569 4787 Χρυσορρήμονα
1610 4708 1687 4785 δὲ,
1732 4713 1768 4780 ἢ
1813 4713 1986 4781 τάλη-

337 4801 424 4863 θὲς
457 4800 628 4855 εἰπεῖν
667 4795 991 4876 θεοῤῥήμονα
1018 4798 1073 4852 ἓν
1133 4802 1210 4870 τῷ
1265 4794 1410 4874 λόγῳ
1436 4804 1514 4873 τῷ
1546 4801 1621 4863 εὶς
1675 4802 1772 4869 τὴν
1830 4804 1985 4859 ὶναν-

339 4890 612 4972 θρῴπησιν
640 4894 733 4946 τοῦ
800 4889 984 4966 Κυρίου
1029 4888 1184 4962 ὴμῶν
1215 4885 1392 4952 Ἰησοῦ
1446 4896 1670 4967 Χριστοῦ
1725 4891 1947 4972 λέγοντα
1973 4913 1986 4927 ·

347 4967 597 5039 ."moav
642 4977 671 5033 ὁ
717 4977 938 5055 Χριστὸς
983 4976 1113 5052 πρὸς
1178 4975 1346 5054 ἡμᾶς,
1399 4973 1590 5034 ἔδωκεν
1643 4967 1812 5054 ἡμῖν,
1839 4982 1900 5037 τὸ
1943 4978 1995 5044 ἐξ

342 5073 505 5129 αὖτοῦ
534 5073 771 5144 Πνεῦμα,
816 5065 903 5120 καὶ
959 5059 1240 5119 ἀνελάϐετο
1281 5065 1341 5119 τὸ
1397 5063 1652 5144 ἡμεςςέρον
1705 5068 1861 5144 σῶμα
1896 5089 1908 5103 .
1960 5089 1989 5128 )

342 5159 394 5214 τί
462 5156 684 5226 ποιήσει
815 5154 906 5217 σὸς
951 5151 1184 5230 ἀκροατή
1242 5151 1445 5226 οὗτος;
1496 5141 1626 5233 Ἀρά
1678 5177 1740 5235 γε
1784 5141 1865 5214 σοὶ
1919 5163 1997 5232 τῷ

344 5248 453 5303 ἀπὸ
494 5243 696 5308 κοιλίας
745 5241 812 5301 τὲ
853 5238 1100 5298 δοκοῦντα
1142 5238 1558 5318 καινολογοῦντι,
1607 5241 1643 5310 ἢ
1685 5257 1802 5308 τοῖς
1848 5246 1996 5312 ἁπη-

2074 4620 2581 4701 Chrysostomum,
2615 4617 2761 4690 sive,
2797 4626 2861 4676 ut
2885 4616 3097 4676 melius
3125 4614 3711 4694 dicam,Deiloquum

2075 4710 2340 4773 oratione
2368 4707 2429 4768 in
2464 4703 3116 4767 [ncarnationeDomini
3147 4703 3330 4763 nostri
3357 4702 3708 4764 JesuChris-

2076 4799 2165 4860 ti:
2207 4821 2234 4852 α
2266 4796 2442 4859 Venit
2470 4794 2738 4859 Christus
2789 4792 2864 4855 ad
2917 4811 3061 4853 nos:
3092 4792 3256 4852 dedit
3307 4790 3491 4851 nobis.
3518 4791 3711 4870 Spiri-

2076 4896 2225 4961 tum,
2256 4885 2356 4965 qui
2381 4901 2452 4946 ex
2483 4884 2612 4964 ipso
2642 4889 2752 4956 est,
2783 4889 2842 4942 et
2861 4880 3089 4960 accepit
3118 4887 3385 4941 nostrum
3416 4896 3653 4959 corpus.
3682 4903 3710 4936 ι

2078 4973 2217 5056 quid
2266 4982 2400 5033 tuus
2449 4971 2546 5033 hic
2610 4968 2844 5031 auditor
2897 4968 3120 5030 faciet?
3169 4967 3386 5056 Tibine
3415 4985 3486 5028 ex
3518 4974 3718 5028 ventre

2076 5055 2362 5144 quidquid
2386 5060 2446 5122 in
2479 5059 2725 5121 buccam
2752 5056 2983 5119 venerit
3047 5055 3340 5119 etfutienti
3362 5074 3435 5116 an
3467 5073 3718 5144 enume-

2076 5143 2223 5214 ratis
2271 5149 2572 5221 omnibus,
2632 5153 2690 5207 et
2743 5163 2846 5226 per
2874 5144 3159 5226 Spiritum
3210 5162 3309 5205 res
3358 5143 3722 5222 theologicas

2084 5238 2549 5308 decernentibus
2576 5234 2848 5299 Patribus
2894 5252 3067 5296 aures
3120 5232 3435 5314 praebebit,
3475 5233 3719 5296 credet—

348 5331 691 5413 ριθμημὲνοις
770 5336 924 5401 πᾶσι,
1008 5329 1096 5386 καὶ
1174 5325 1259 5383 διὰ
1328 5330 1630 5405 Πνεύματος
1698 5332 2004 5412 θεολογοῦσι
2087 5332 2249 5417 que?

348 5421 582 5501 Πατράσι
610 5420 952 5490 πεισθήσεται
985 5438 1002 5490 ;

347 5530 453 5581 Τοῦ
496 5520 647 5577 αὖτοῦ
703 5517 810 5575 ἀπὸ
878 5521 969 5573 τοῦ
1023 5502 1073 5570 θ’
1100 5518 1232 5598 ,τῷν
1275 5514 1404 5591 πρὸς
1481 5513 1839 5598 Ἀμφιλόχιον
1896 5541 1992 5576 κε-

1027 5591 1287 5674 φαλαίων.

435 5677 541 5763 κγ’.
580 5715 603 5747 ι
644 5676 789 5753 "Han
847 5683 902 5742 δὲ
932 5685 1020 5741 καὶ
1075 5684 1194 5760 περὶ
1230 5687 1323 5738 τοῦ
1393 5680 1696 5760 Πνεῦματος
1746 5707 1839 5750 τας
1870 5707 1990 5743 κοι-

2115 5514 2407 5596 Ejusdem
2434 5519 2509 5567 ex
2535 5517 2697 5596 nono
2724 5501 2920 5596 capite
3086 5499 3333 5581 Spiritu
3361 5507 3571 5565 sancto
3603 5500 3684 5563 ad

2649 5581 3169 5660 Amphilochium.

2155 5690 2257 5752 23.
2297 5681 2463 5746 dam
2491 5688 2631 5734 vero
2663 5668 2838 5732 etiam
2868 5669 2943 5732 de
2973 5668 3197 5753 Spiritu
3224 5675 3427 5732 sancto
3459 5684 3727 5731 commu-
