4180 6282
472 409 592 476 443

1617 414 1885 478 JOANN.
1939 409 2153 476 VECCI
2195 415 2308 477 CP.
2353 415 2868 480 PATRIARCH/E

3736 417 3856 482 444

482 571 509 602 α
543 547 891 629 compositis
946 549 1194 614 distare.
1252 550 1409 613 Patri
1459 567 1597 611 vero
1630 555 1688 610 et
1715 547 1862 611 Filio
1897 555 2122 608 tantum

2228 573 2234 604 ι
2285 555 2445 606 τικῶν
2495 552 2581 606 καὶ
2640 550 2949 625 πληθυσμόν
3019 552 3280 634 ἐχόντων.
3339 553 3504 632 Πατρὶ
3545 549 3600 609 δὲ
3631 553 3721 610 καὶ
3753 554 3856 627 ι’ἰῷ

484 659 511 690 α
548 637 751 698 unitus
775 647 1172 719 est,quantum
1229 639 1515 701 consortii
1565 637 1741 698 habet
1768 635 1960 697 unitas
1992 655 2126 697 cum

484 726 793 789 «unitate.
844 727 959 788 Sed
1012 747 1121 789 nec
1171 729 1311 791 hinc
1367 729 1556 789 solum
1592 725 1875 806 probatur
1908 733 2130 786 naturae

485 837 511 868 α
549 815 912 896 communio,
963 835 1165 877 vesum
1217 817 1382 878 illinc
1433 833 1690 896 quoque,
1724 814 1877 894 quod
1910 832 1978 874 ex
2006 812 2128 874 Deo

480 921 510 961 ‹
549 921 679 964 esse
711 903 952 977 dicitur,
987 924 1105 966 non
1136 903 1224 966 sic
1272 923 1341 967 ex
1392 904 1511 965 Deo
1542 903 1810 976 veniens,
1833 901 2124 982 quemad-

483 1015 509 1045 α
546 991 784 1052 modum
813 1011 883 1053 ex
919 994 1039 1055 Deo
1071 1002 1208 1054 sunt
1234 991 1574 1064 omnia,sed
1608 1001 1880 1071 tanquam
1915 1009 1984 1052 ex
2008 989 2128 1051 Deo

483 1103 504 1134 ο
542 1097 849 1154 emanans,
885 1101 1078 1163 neque
1114 1101 1220 1164 per
1250 1079 2127 1161 generationem,quomadmo-

485 1191 507 1224 ε
549 1167 690 1228 dum
724 1168 932 1250 Filius,
983 1171 1086 1232 sed
1148 1181 1424 1251 tanquam
1457 1167 1710 1248 Spiritus
1740 1169 1925 1228 Patris
1948 1168 2076 1246 ejus
2111 1188 2125 1228 :

485 1279 511 1311 α
546 1256 790 1319 omnino
820 1267 1015 1321 tamen
1050 1279 1160 1322 nec
1214 1279 1280 1321 os
1309 1257 1639 1320 membrum
1669 1265 1779 1336 est,
1814 1274 1922 1318 nec
1953 1257 2129 1317 ﬂatus

488 1365 510 1400 α
547 1346 889 1408 resolubilis
919 1349 1200 1428 Spiritus,
1236 1347 1340 1409 sed
1373 1357 1430 1407 et
1465 1365 1530 1406 os
1559 1346 1776 1406 dicitur
1805 1353 1976 1425 prout
2004 1345 2127 1405 Deo

485 1458 507 1488 ε
548 1435 842 1502 convenit,
888 1445 949 1498 et
1005 1438 1261 1518 Spiritus
1315 1435 1577 1498 essentia
1607 1436 1826 1513 vivens,
1861 1434 2125 1494 sanctiﬁ-

489 1543 513 1581 ς
551 1523 807 1585 cationis
835 1527 1117 1607 domina;
1155 1527 1312 1588 unde
1331 1525 1415 1588 sic
1439 1525 1779 1586 declaratur
1806 1524 1966 1584 illius
1989 1542 2125 1583 con—

487 1633 509 1666 ι
548 1613 818 1688 sortium,
853 1624 919 1676 ut
948 1615 1266 1678 ineﬂ‘abilis
1287 1614 1564 1677 essentiae
1595 1613 1805 1676 modus
1835 1621 2126 1673 servetur.

484 1724 511 1754 ι
552 1700 706 1774 Quin
739 1704 1036 1766 etChristi
1064 1705 1321 1786 Spiritus
1359 1702 1597 1784 dicitur,
1625 1701 1997 1783 tanquamilli
2021 1720 2129 1762 na-

488 1808 516 1847 ‹
553 1801 683 1851 tura
710 1792 1114 1871 conjunctum.
1154 1816 1182 1853 ι

1058 1882 1544 1944 Attt'madversio.

567 1992 594 2022 α
629 1968 710 2030 Ex
741 1971 849 2032 hac
903 1970 1184 2052 pericope
1239 1989 1482 2051 prorsus
1540 1969 1775 2045 discito,
1831 1968 2130 2050 quomodo

489 2081 512 2112 ιι
551 2056 804 2137 Spiritus
858 2079 995 2139 erga
1029 2064 1259 2122 Patrem
1305 2070 1362 2122 et
1408 2059 1620 2121 Filium
1675 2057 2040 2120 consortium
2073 2062 2131 2117 et

485 2168 508 2201 tt
545 2149 1027 2226 conjunctionem
1083 2163 1322 2211 sanetus
1373 2149 1659 2220 insinuet,
1701 2147 1857 2210 Patri
1887 2145 2128 2226 quidem

490 2255 518 2293 ι
552 2235 716 2297 illum
750 2238 1032 2317 conjungi
1057 2236 1581 2317 decernens,quod
1611 2256 1679 2297 ex
1705 2255 1774 2296 eo
1799 2241 2129 2307 emanet,et

488 2347 514 2378 «
552 2342 683 2386 esse
739 2327 988 2402 habeat;
1044 2327 1191 2389 Filio
1254 2344 1417 2399 voro,
1454 2337 1729 2406 tanquam
1795 2324 1880 2384 illi
1927 2332 2133 2385 natura

492 2435 516 2468 σ
554 2415 963 2494 conjunctum.
1001 2440 1028 2471 ιι

1148 2505 1476 2582 Refutatio.

565 2596 1024 2660 Animadversio
1047 2599 1174 2659 haec
1201 2607 1296 2658 tua
1320 2597 1405 2657 uti
1435 2597 1681 2658 minime
1705 2597 2008 2676 docta,sed
2034 2617 2132 2661 ca-

487 2683 638 2745 villis
668 2686 921 2748 subnixa
974 2687 1236 2748 eliditur.
1295 2687 1566 2765 Namque
1607 2686 1825 2746 asseris
1853 2686 2132 2749 Basilium

487 2774 766 2854 conjungi
823 2776 981 2838 Patri
1033 2777 1318 2856 Spiritum
1380 2776 1729 2846 decernere,
1777 2777 1932 2856 quod
1965 2796 2031 2838 ex
2067 2797 2136 2839 eo

489 2874 746 2936 emanet,
809 2875 868 2928 et
900 2884 1032 2926 esse
1064 2863 1273 2926 habeat
1310 2882 1322 2926 :
1373 2864 1523 2925 Filio
1577 2883 1713 2925 vero
1744 2874 2018 2945 tanquam
2052 2867 2138 2927 illi

489 2959 698 3012 natttra
756 2953 1168 3034 conjunctum.
1229 2953 1299 3014 Et
1373 2955 1529 3016 ratio
1582 2954 1822 3033 quidem
1885 2955 2138 3034 Spiritus

493 3056 628 3099 cum
662 3041 834 3102 Patre
865 3042 1328 3122 conjunctionis,
1363 3042 1516 3104 bene
1543 3061 1607 3103 se
1640 3043 1814 3104 habet
1850 3062 1862 3106 :
1897 3062 2136 3104 verum-

496 3135 691 3190 tamen
726 3128 978 3211 Spiritus
1007 3131 1489 3211 conjunctionem
1539 3150 1670 3192 cum
1706 3132 1876 3206 Filio,
1908 3134 2142 3194 stultam

2218 661 2238 691 ο
2291 639 2426 696 κατὰ
2479 647 2727 697 τοσοῦτον
2781 639 3009 718 ἥνωται,
3055 643 3277 699 καθόσον
3334 641 3449 721 ἔχει
3508 643 3669 716 μονὰς
3727 643 3856 720 πρὸς

2219 748 2241 781 α
2290 725 2490 802 μονάδα
2542 728 2640 795 τὴν
2698 730 3016 798 οἰκειότητα,
3086 733 3181 788 Καὶ
3252 733 3344 787 οῦκ
3393 730 3624 788 ἐντεῦθεν
3695 730 3856 803 μόνον

2219 837 2240 872 (ι
2291 817 2391 884 τῆς
2461 819 2594 873 κατὰ
2651 819 2802 898 φύσιν
2855 821 3129 883 κοινωνίας
3202 823 3251 876 αἱ
3281 818 3592 894 ἀποδείξεις,
3625 817 3744 874 ἀλλ’
3775 817 3852 876 ὅτι

2216 927 2243 959 α
2289 907 2375 962 καὶ
2406 903 2466 960 ἐκ
2515 909 2611 962 τοῦ
2649 914 2778 964 Θεοῦ
2821 908 2962 964 εἶναι
3014 907 3247 986 λέγεται,
3298 912 3401 988 οῦχ
3445 909 3518 972 ὡς
3575 909 3641 964 τὰ
3683 908 3856 964 πάντα

2217 1017 2242 1048 α
2290 993 2350 1050 ἐκ
2375 1001 2468 1051 τοῦ
2497 1002 2648 1072 Θεοῦ,
2707 994 2826 1053 ἀλλ’
2883 999 2956 1060 ὡς
3016 997 3075 1053 ἐκ
3131 1000 3221 1054 τοῦ
3291 1004 3420 1056 Θεοῦ
3477 995 3751 1076 προελθὸν,
3796 1000 3855 1055 οῦ

2217 1105 2242 1136 «
2289 1088 2556 1161 γεννητῶς
2599 1086 2672 1147 ὡς
2730 1087 2758 1140 ὁ
2827 1087 2966 1159 Υἱὸς,
3022 1083 3142 1141 ἀλλ’
3197 1087 3270 1149 ὡς
3329 1092 3538 1160 Πνεῦμα
3593 1086 3856 1160 στόματος

2219 1195 2242 1230 α
2294 1177 2448 1232 αὐτοῦ
2481 1190 2496 1204 ’
2545 1176 2756 1240 πάντως
2812 1174 2866 1232 δὲ
2910 1175 3025 1236 οῦδὲ
3053 1179 3115 1234 τὸ
3144 1177 3315 1252 στόμα
3353 1177 3536 1251 μέλος,
3572 1177 3688 1232 οὔτε
3717 1177 3857 1242 πνοὴ

2218 1285 2242 1318 ιι
2291 1262 2522 1338 λυομένη
2565 1265 2626 1319 τὸ
2657 1266 2888 1340 Πνεῦμα,
2930 1264 3067 1322 ἀλλὰ
3095 1268 3181 1322 καὶ
3223 1268 3284 1322 τὸ
3327 1267 3498 1341 στόμα
3525 1269 3851 1344 θεοπρεπῶς,

2219 1375 2244 1405 α
2291 1353 2378 1407 καὶ
2433 1353 2493 1407 τὸ
2550 1358 2760 1426 Πνεῦμα
2814 1355 2960 1410 οὐσία
3003 1361 3168 1427 ζωσα,
3215 1355 3475 1432 ἀγιασμοῦ
3529 1355 3697 1430 κυρία.
3747 1359 3854 1420 Τῆς

2220 1462 2242 1496 α
2292 1442 2387 1516 μὲν
2417 1442 2746 1508 οἰκειότητος
2777 1440 3106 1518 δηλουμένη(
3165 1443 3418 1520 ἐντεῦθεν,
3478 1450 3568 1501 τοῦ
3619 1441 3674 1498 δὲ
3725 1443 3852 1519 τρό-

2217 1553 2245 1584 at
2290 1553 2392 1586 που
2434 1535 2531 1596 τῆς
2587 1529 2853 1606 ὑπάρξεως
2935 1531 3159 1610 ἆῤῥήτου
3244 1531 3662 1611 φυλασσομένου,
3720 1529 3855 1589 ἀλλὰ

2220 1642 2246 1672 at
2293 1621 2380 1675 καὶ
2489 1625 2700 1694 Πνεῦμα
2787 1627 3009 1698 Χριστοῦ
3073 1620 3304 1700 λέγεται,
3391 1623 3464 1684 ὡς
3519 1623 3856 1695 ᾠκειωμένον

2221 1729 2244 1764 ι
2290 1709 2426 1766 κατὰ
2467 1708 2619 1788 φύσιν
2662 1709 2824 1782 αὖτῷ.
2860 1730 2882 1760 ι

2865 1887 3200 1950 Ἐπιστασία,

2301 2003 2329 2034 α
2375 1983 2562 2058 Σαφῶς
2606 1979 2710 2038 ἀπὸ
2761 1981 2955 2047 ταύτης
3008 1983 3105 2048 τῆς
3135 1985 3427 2058 περικοπῆς
3460 1981 3709 2057 μάνθανε,
3743 1985 3856 2041 πῶς

2222 2090 2245 2124 ι
2291 2069 2390 2135 τὴν
2443 2075 2535 2124 τοῦ
2592 2069 2894 2143 Πνεῦματος
2951 2070 3082 2147 πρὸς
3126 2071 3216 2126 τὸν
3263 2069 3465 2148 Πατέρα
3502 2071 3587 2125 καὶ
3619 2070 3710 2125 τὸν
3740 2070 3860 2124 Υἱὸν

2224 2176 2251 2215 ι
2293 2156 2550 2212 οἰκείωσιν
2606 2154 2832 2212 διδάσκει
2890 2159 2917 2213 ὁ
2967 2156 3138 2235 ἅγιος,
3198 2165 3275 2230 τῷ
3331 2157 3426 2233 μὲν
3492 2159 3652 2235 Πατρὶ
3691 2158 3858 2212 οἰκει-

2223 2265 2246 2300 α
2295 2247 2471 2300 οῦσθαι
2497 2251 2652 2301 τοῦτο
2695 2243 3048 2323 δογματίζων,
3114 2247 3187 2307 ὡς
3244 2244 3296 2311 ἐξ
3359 2246 3514 2302 αῦτοῦ
3569 2247 3665 2312 τὴν
3723 2244 3860 2322 πρό-

2219 2355 2247 2388 σ
2293 2331 2410 2390 οδον
2462 2333 2548 2388 καὶ
2589 2334 2650 2388 τὸ
2701 2333 2842 2389 εἶναι
2875 2333 3027 2413 ἔχον,
3073 2337 3150 2409 τῷ
3179 2332 3232 2389 δὲ
3283 2336 3409 2414 Υἱῷ,
3441 2335 3512 2397 ὡς
3543 2335 3679 2390 κατᾶ
3710 2333 3858 2413 φύσιν

2219 2443 2246 2476 ι
2295 2420 2630 2496 ᾠκειωμένον
2664 2423 2824 2496 αῦτῴ,
2863 2447 2885 2476 ι

2865 2509 3213 2590 ’Λντίῤῥησις.

2298 2603 2405 2660 Οῦκ
2460 2600 2685 2676 ἀληθής,
2743 2599 2877 2656 ἀλλὰ
2933 2601 3288 2680 σεσοφισμένη
3345 2622 3436 2656 σου
3465 2601 3499 2666 ἡ
3561 2599 3859 2658 ἐπιστασία.

2220 2690 2402 2768 Λέγεις
2459 2691 2558 2769 γὰρ
2613 2692 2684 2755 ὡς
2747 2692 2772 2745 ὃ
2831 2688 2979 2767 ἅγιος
3037 2697 3112 2763 τῷ
3169 2689 3263 2763 μὲν
3336 2689 3498 2766 Πατρὶ
3555 2689 3861 2746 οἰκειοῦσθαι

2220 2777 2518 2855 δογματίζει
2589 2780 2650 2834 τὸ
2724 2784 2956 2856 Πνεῦμα,
3024 2780 3097 2841 ὡς
3175 2776 3225 2842 ἐξ
3274 2779 3429 2835 αῦτοῦ
3485 2777 3583 2840 τὴν
3641 2773 3863 2854 πρόοδον

2220 2869 2308 2922 καὶ
2348 2869 2409 2922 τὸ
2457 2867 2600 2922 εἶναι
2643 2866 2794 2945 ἔχον,
2840 2872 2916 2940 τῷ
2945 2865 2999 2922 δὲ
3047 2869 3172 2940 Γὶῷ,
3203 2869 3276 2930 ὡς
3319 2866 3452 2922 κατὰ
3483 2865 3862 2944 φῦσινῴκειω-

2223 2956 2377 3027 μένον
2433 2955 2596 3030 αὐτῷ.
2660 2958 2756 3012 Καὶ
2803 2957 2892 3010 τὸν
2923 2955 3018 3030 μὲν
3051 2953 3211 3033 λόγον
3239 2955 3336 3021 τῆς
3367 2956 3495 3032 πρὸς
3525 2955 3617 3009 τὸν
3659 2952 3866 3030 Πατέρα

2225 3043 2539 3106 οἰκειώσεως
2594 3050 2685 3099 τοῦ
2743 3045 3065 3117 Πνεῦματος,
3130 3039 3384 3105 ἀπεδίδως
3433 3039 3608 3104 καλῶς
3643 3057 3655 3068 '
3691 3041 3778 3095 τὸν
3814 3037 3867 3094 δὲ

2226 3131 2384 3210 λόγον
2439 3134 2536 3198 τῆς
2625 3139 2714 3188 τοῦ
2796 3132 3094 3206 Πνεύματος
3163 3133 3254 3186 τὸν
3354 3132 3472 3185 Υἱὸν
3557 3128 3868 3192 οἰκειώσεως

491 3217 760 3294 profecto
815 3219 1000 3296 illam,
1061 3231 1119 3281 et
1174 3239 1340 3300 teque
1397 3219 1713 3282 absurdam
1769 3222 1828 3281 in
1879 3221 2141 3282 medium

2228 3219 2536 3288 ἀδιανόητον
2593 3221 2867 3301 προφέρεις
2923 3222 3010 3276 καὶ
3085 3218 3456 3290 ἀνακόλουθον,
3517 3220 3604 3274 καὶ
3676 3221 3737 3275 οῦ
3777 3237 3872 3272 κα-

492 3305 815 3378 οίΐθνε,ηοο
846 3327 916 3369 eo
949 3309 1148 3384 modo,
1179 3328 1294 3386 quo
1319 3319 1556 3370 sanctus
1581 3309 1852 3370 instituit.
1881 3309 2145 3391 Namque

493 3402 555 3455 tu
589 3396 830 3470 asseris,
869 3397 1152 3458 Basilium
1187 3397 1337 3459 Filio
1389 3396 1673 3474 Spiritum
1721 3399 1997 3477 conjungi
2032 3399 2142 3460 de-

497 3501 769 3564 cernere,
804 3486 1055 3563 ﬁgurate
1091 3486 1573 3554 pronuntiantem
1605 3502 1634 3546 a
1671 3488 2143 3560 con-muni,tan-

495 3589 672 3652 quam
707 3571 793 3632 illi
818 3582 1023 3634 natura
1055 3575 1463 3652 conjunctum,
1491 3575 1645 3654 quod
1683 3575 1856 3653 plane
1882 3595 1996 3636 non
2027 3577 2143 3637 alio

495 3661 672 3722 modo
730 3680 793 3722 se
853 3661 1053 3735 habet,
1089 3682 1262 3743 quam
1295 3663 1345 3724 si
1375 3662 1507 3743 quis
1540 3665 1956 3744 interrogatus,
1990 3664 2143 3736 Quid

499 3757 588 3810 est
608 3749 750 3812 hoc?
772 3751 1184 3831 responderet,
1212 3752 1323 3812 hoc
1346 3769 1501 3814 esse.
1530 3751 1615 3812 Ad
1641 3751 1780 3830 quid
1807 3753 1962 3813 enim
1985 3753 2146 3814 aliud

494 3838 766 3914 respicis,
799 3859 932 3899 cum
958 3839 1129 3912 dicis,
1164 3840 1311 3902 Filio
1335 3857 1472 3900 vero
1496 3841 1625 3918 conj
1639 3849 1847 3901 unctus
1867 3839 2143 3918 Spiritus,

499 3935 773 4006 tanquam
794 3927 906 4007 ipsi
930 3928 1314 4008 conjunctus?
1332 3929 1751 3990 Verumtamen
1771 3939 2008 3990 sanctus
2032 3950 2148 3991 non

497 4014 579 4076 ita
623 4015 854 4077 locutus
914 4025 1024 4080 est.
1079 4014 1194 4078 Sed
1229 4035 1361 4077 cum
1393 4025 1569 4077 antea
1597 4017 1868 4098 dixisset,
1900 4019 2152 4084 indicari

499 4105 753 4183 Spiritus
786 4125 917 4166 cum
952 4105 1122 4167 Patre
1147 4106 1536 4184 consortium,
1585 4106 1741 4185 quod
1770 4107 1896 4187 ipse
1929 4125 1996 4169 ex
2032 4107 2152 4168 Deo

501 4212 624 4256 non
650 4201 712 4254 ut
734 4194 963 4275 reliqua
985 4195 1186 4255 omnia
1209 4196 1576 4264 emanat,sed
1601 4203 1659 4254 ut
1683 4196 1804 4256 oris
1828 4196 1987 4256 illius
2011 4195 2150 4276 Spi-

496 4283 802 4364 ritus,tum
824 4283 1149 4364 subjunxit,
1170 4282 1283 4346 Sed
1311 4293 1370 4345 et
1390 4283 1644 4364 Spiritus
1666 4285 1881 4347 Christi
1903 4286 2141 4360 dicitur,

498 4381 780 4454 tanquam
811 4373 899 4434 illi
931 4382 1141 4434 natura
1172 4375 1567 4451 conjunctus;
1601 4373 1755 4452 quod
1793 4383 1975 4448 notat,
2011 4383 2144 4434 tan-

499 4480 677 4541 quam
712 4475 818 4542 per
877 4462 1072 4542 ipsum
1126 4461 1439 4540 exsistens,
1494 4461 1994 4541 quemadmodum
2026 4462 2152 4542 ipse
2177 4461 2212 4474 ν
2246 4465 2362 4517 me
2396 4477 2409 4490 ο

501 4549 649 4610 locis
681 4549 741 4610 in
799 4550 930 4612 aliis
961 4558 1168 4630 aperte
1209 4549 1646 4611 determinavit.
1679 4548 1841 4611 Idem
1875 4551 2032 4611 enim
2067 4559 2156 4610 est

499 4637 703 4698 dicere
733 4639 986 4717 Spiritus
1013 4638 1171 4713 Filii,
1209 4638 1365 4718 quod
1401 4657 1506 4717 per
1532 4637 1772 4711 Filium,
1809 4647 1865 4699 et
1895 4639 2155 4720 Spiritus

502 4725 659 4801 Filii,
715 4728 871 4806 quod
936 4737 1146 4788 natura
1205 4727 1559 4806 cunjunctus
1591 4735 1680 4786 est
1711 4747 1844 4790 cum
1882 4747 1951 4788 eo
2011 4726 2155 4788 Inde

500 4816 660 4876 enim
691 4816 945 4895 Spiritus
971 4816 1316 4895 conjunctio
1349 4835 1480 4876 cum
1515 4815 1660 4877 Filio
1694 4825 2010 4877 consecuta
2043 4827 2150 4882 est.

502 4905 656 4983 quod
693 4905 790 4966 ille
823 4923 930 4986 per
961 4906 1174 4968 Filium
1206 4923 1276 4964 ex
1331 4904 1502 4965 Patre
1546 4917 1637 4965 est
1671 4924 1683 4967 :
1719 4904 1832 4966 alia
1859 4905 2154 4985 siquidem

503 4992 734 5053 ratione
767 5012 886 5054 non
917 5002 1078 5055 esset
1107 4993 1468 5071 conjunctus
1500 4992 1672 5066 Filio,
1725 4994 1773 5054 si
1809 5012 1913 5073 per
1944 4993 2154 5056 Filium

507 5100 624 5139 non
657 5089 836 5144 esset.
871 5083 1102 5145 Nullam
1137 5082 1296 5142 enim
1325 5080 1497 5141 aliam
1539 5083 1834 5141 rationem
1858 5080 2160 5158 assignare

505 5169 800 5249 quispiam
835 5175 1048 5249 poterit
1078 5169 1524 5248 conjunctionis
1575 5169 1708 5231 Filii
1741 5188 1872 5230 cum
1909 5169 2154 5248 Spiritu,

507 5257 620 5318 nisi
653 5259 807 5337 quod
841 5259 940 5318 ille
981 5277 1085 5338 per
1118 5259 1330 5320 Filiqu
1367 5267 1476 5321 est.
1509 5257 1715 5338 Neque
1740 5258 1898 5318 enim
1933 5277 2064 5337 nos,
2097 5265 2161 5318 ut

507 5345 677 5406 multi
731 5365 801 5406 ex
857 5346 952 5425 iis,
998 5347 1097 5426 qui
1131 5365 1334 5425 parum
1369 5346 1748 5407 considerate
1781 5345 2065 5426 quidquid
2099 5348 2159 5406 in

507 5433 752 5495 buccam
785 5435 1035 5507 venerit,
1065 5436 1363 5516 effutiunt,
1389 5435 1681 5509 dicemus,
1703 5436 1992 5516 Spit-itum
2020 5454 2164 5496 con-

498 5524 771 5602 junctum
839 5541 971 5583 esse
1003 5522 1170 5584 Filio.
1209 5525 1364 5602 quod
1399 5525 1672 5604 ejusdem
1707 5543 1840 5585 cum
1873 5524 2022 5588 Filio
2051 5543 2162 5585 na-

2226 3313 2330 3374 θὼς
2415 3309 2567 3366 αὐτὸν
2614 3313 2640 3365 ὁ
2698 3307 2844 3386 ἅγιος
2903 3310 3221 3388 προήνεγκε,
3269 3308 3342 3362 Σὺ
3392 3308 3488 3382 μὲν
3531 3307 3630 3384 γὰρ
3672 3304 3865 3384 λέγεις,
3943 3337 3946 3340 -

2228 3401 2299 3462 ὡς
2357 3402 2384 3455 ὁ
2455 3397 2629 3477 ἅγιος,
2686 3407 2763 3473 τῷ
2815 3396 2871 3453 δὲ
2945 3401 3047 3472 Υἱῷ
3091 3399 3422 3469 οἰκειοῦσθαι,
3484 3393 3781 3473 δογματίζει
3809 3395 3871 3449 τὸ

2231 3487 2461 3563 Πνεῦμα,
2515 3494 2670 3544 τοῦτο
2713 3487 2816 3565 γὰρ
2873 3489 3104 3543 νοεῖσθαι
3166 3485 3270 3540 ἀπὸ
3312 3484 3512 3555 κοινοῦ,
3572 3485 3644 3546 ὡς
3675 3484 3872 3556 ᾠιειω·

2229 3577 2385 3651 μένον
2455 3576 2594 3649 αῦτῴ
2654 3576 2789 3630 κατὰ
2857 3576 3028 3654 φύσιν,
3093 3575 3189 3630 Καὶ
3244 3579 3396 3629 τοῦτο
3454 3571 3563 3627 ἐστι
3609 3581 3869 3644 τοιοῦτον,

2227 3671 2342 3722 οἷον
2415 3662 2475 3718 ἅν
2532 3686 2611 3725 τις
2667 3663 3035 3742 ἐρωτώμενος,
3091 3662 3139 3717 τί
3169 3661 3281 3717 ἐστι
3315 3659 3484 3740 τόδε,
3535 3659 3872 3737 ἀποκρίναιτο

2229 3755 2308 3812 ὅτι
2365 3744 2524 3811 ’Ἐστι
2575 3751 2715 3812 τόδε.
2780 3754 2865 3815 Εἰς
2934 3753 2984 3807 τί
3038 3752 3137 3829 γὰρ
3198 3748 3328 3806 ἄλλο
3359 3752 3454 3828 ὁρᾷ
3490 3748 3662 3826 λέγειν
3706 3769 3766 3803 σε
3793 3745 3872 3829 ὅτι

2229 3851 2316 3917 Τῷ
2371 3841 2425 3897 δὲ
2487 3843 2585 3914 Γὶῷ
2639 3843 2840 3897 οἰκεῖον
2881 3841 2941 3895 τὸ
2974 3846 3207 3914 Πνεῦμα,
3253 3839 3327 3902 ὡς
3366 3839 3562 3893 οἰκεῖον
3594 3838 3733 3909 αὐτῷ
3766 3857 3782 3909 ς
3816 3825 3874 3892 Ὀ

2233 3931 2287 3988 δὲ
2318 3931 2468 4009 ἅγιος
2500 3932 2603 4008 οῦγ⁹
2647 3927 2810 3992 οὕτως
2867 3927 2992 4008 ἔφη,
3027 3926 3162 3985 ἀλλὰ
3189 3926 3438 4006 πρότερον
3469 3926 3629 3981 εἰπὼν
3673 3923 3872 3990 δηλοῦ-

2234 4025 2354 4076 σθαι
2391 4020 2488 4086 τὴν
2531 4020 2660 4096 πρὸς
2715 4020 2803 4073 τὸν
2863 4017 3068 4096 Πατέρα
3127 4016 3424 4081 οἰκειότητα
3453 4021 3544 4071 τοῦ
3576 4013 3876 4088 Πνεῦματος

2235 4109 2340 4164 ἀπὸ
2382 4114 2471 4164 τοῦ
2529 4103 2804 4184 προελθεῖν
2865 4107 3010 4183 αὐτὸ,
3041 4105 3142 4183 οὐχ
3172 4105 3242 4165 ὡς
3274 4102 3338 4158 τὰ
3385 4101 3554 4158 πάντα
3593 4099 3653 4156 ἐκ
3722 4107 3877 4173 Θεοῦ,

2236 4193 2354 4251 ἀλλ’
2414 4197 2486 4259 ὡς
2551 4200 2762 4268 Πνεῦμα
2819 4193 3080 4267 στόματος
3125 4191 3278 4246 αὐτοῦ
3313 4205 3326 4219 ’
3378 4188 3540 4253 οὕτως
3582 4189 3878 4266 ἒπήγαγεν,

2230 4282 2396 4340 Ἀλλὰ
2453 4283 2536 4338 καί
2602 4289 2812 4356 Πνεῦμα
2857 4287 3080 4358 Χριστοῦ
3137 4279 3371 4357 λέγεται,
3431 4279 3503 4340 ὡς
3545 4275 3879 4350 ᾠκειωμένον

2235 4373 2376 4444 αῦτῷ
2432 4372 2566 4428 κατὰ
2608 4371 2784 4450 φύσιν,
2834 4369 2961 4448 ὅπερ
3006 4368 3169 4447 ἐστιν,
3215 4371 3287 4432 ὡς
3354 4367 3594 4445 ὑπάρχον
3662 4363 3746 4420 διὰ
3787 4364 3880 4420 τοῦ

2482 4460 2654 4521 καθὼς
2707 4460 2861 4522 αὐτὸς
2905 4460 3052 4522 οὗτος
3097 4456 3150 4512 ὲν
3194 4454 3372 4518 ἄλλοις
3407 4461 3585 4533 σαφῶς
3615 4451 3877 4528 δεδογμά-

2235 4569 2348 4607 τικε
2381 4565 2395 4579 ⁸
2457 4549 2642 4604 ταύτὸν
2700 4549 2798 4625 γὰρ
2842 4547 2981 4602 ἐστιν
3026 4547 3195 4601 εἰπεῖν
3259 4550 3468 4616 Πνεῦμα
3513 4545 3654 4614 Υἱοῦ,
3688 4539 3768 4596 ὅτι
3799 4538 3884 4595 διὰ

2237 4638 2327 4694 τοῦ
2382 4639 2520 4715 Υἱοῦ,
2583 4637 2669 4691 καὶ
2732 4641 2939 4710 Πνεῦμα
3005 4635 3146 4705 Υἱοῦ,
3203 4631 3282 4688 ὅτι
3331 4633 3527 4688 οἰκεῖον
3575 4633 3717 4704 αὒτῷ
3745 4630 3882 4685 κατὰ.

2238 4728 2411 4807 φύσιν,
2477 4717 2537 4781 Ἠ
2594 4725 2693 4803 γὰρ
2749 4725 2879 4796 πρὸς
2937 4723 3027 4777 τὸν
3090 4724 3206 4777 Υἱὸν
3237 4719 3494 4783 οἰκείωσις
3524 4727 3617 4776 τοῦ
3644 4719 3885 4792 Πνεῦμα-

2238 4804 2350 4889 τος,
2385 4816 2586 4870 ἐκεῖθεν
2630 4810 3006 4884 ἠκολούθησεν,
3067 4809 3127 4865 ἐκ
3180 4815 3272 4865 τοῦ
3327 4811 3466 4863 εἶναι
3511 4808 3636 4863 αῦτὸ
3679 4804 3761 4861 διὰ
3790 4812 3882 4862 τοῦ

2243 4909 2362 4964 Υἱοῦ
2427 4905 2486 4961 ἐκ
2543 4902 2744 4974 Πατρός
2784 4916 2797 4930 ⁸
2843 4901 2938 4956 οὒκ
2980 4899 3042 4954 ἅν
3083 4899 3182 4977 γὰρ
3221 4895 3396 4959 ἄλλως
3447 4896 3512 4963 ἦν
3555 4897 3750 4952 οἰκεῖον
3809 4901 3887 4968 τῷ

2243 4997 2370 5068 ι’ῐῴ,
2406 4995 2449 5048 εἰ
2491 4992 2567 5067 μὴ
2617 4989 2700 5045 διὰ
2751 4996 2840 5045 τοῦ
2879 4991 2999 5044 Υἱοῦ
3027 4988 3116 5054 ἧν.
3178 4984 3370 5044 Οὐδένα
3397 4983 3496 5063 γάρ
3525 4983 3684 5062 λόγον
3713 4981 3888 5045 ἄλλως

2242 5083 2365 5162 ἔχει
2394 5104 2470 5145 τις
2528 5079 2700 5136 δοῦναι
2749 5079 2844 5146 τῆς
2887 5087 2981 5136 τοῦ
3038 5076 3340 5150 Πνεῦματος
3411 5075 3543 5152 πρὸς
3598 5075 3688 5128 τὸν
3770 5073 3890 5128 Υἰὸν

2243 5157 2564 5236 οἰκειότητος
2621 5169 2664 5224 εἰ
2725 5169 2801 5242 μὴ
2857 5165 2916 5220 τό
2960 5162 3043 5220 διὰ
3098 5171 3188 5220 τοῦ
3259 5165 3377 5218 Υἱοῦ
3407 5162 3548 5218 εἶναι
3581 5160 3728 5221 αὐτό.
3761 5157 3889 5218 063E

2243 5261 2342 5339 γὰρ
2398 5259 2486 5315 καὶ
2567 5258 2731 5331 ἡμεῖς
2772 5255 3013 5334 ἐροῦμεν,
3059 5255 3132 5316 ὡς
3190 5249 3376 5308 πολλοὶ
3430 5257 3566 5339 τῶν,
3604 5246 3890 5339 ἀπερισκέ-

2243 5337 2388 5412 πτως
2448 5345 2880 5423 ὰπερευγομένων
2963 5342 3174 5416 σύμπαν
3236 5339 3297 5395 τό
3352 5337 3753 5416 περιστάμενον,
3816 5337 3891 5404 ὡς

2244 5437 2440 5492 οἰκεῖον
2481 5435 2586 5507 Υἱῷ
2639 5433 2699 5488 τό
2759 5437 2989 5502 Πνεῦμα,
3047 5427 3124 5484 ὅτι
3178 5427 3454 5502 ὁμοούσιον
3515 5427 3640 5498 Υἱῷ.
3688 5425 3747 5480 Εἰ
3793 5423 3893 5500 γὰρ

2246 5535 2542 5602 προηγεῖτο
2631 5521 2692 5576 τό
2763 5518 3039 5592 ὁμοούσιον
3091 5521 3190 5583 τῆς
3247 5514 3496 5580 τοιαύτης
3542 5513 3890 5584 οἰκειότητος,

507 5601 654 5672 ωηο
685 5621 791 5675 est.
828 5613 977 5674 Nam
1028 5601 1252 5672 natura:
1306 5601 1660 5688 similitudo,
1693 5631 1822 5693 qua;
1875 5614 2031 5674 inter
2063 5632 2141 5674 eo:

2250 5601 2336 5670 ἐπὶ
2391 5613 2454 5669 τό
2522 5611 2650 5692 πρός
2691 5608 2902 5677 ἄλληλα
2972 5611 3145 5667 αὐτῶν
3194 5608 3472 5681 ὁμοουσιον
3541 5601 3890 5693 ἀντιστρέφει,

505 5699 842 5776 intercedit,
877 5699 1354 5774 contravertitur,
1387 5710 1447 5761 et
1498 5691 1898 5781 posset—aequa
1937 5701 2141 5765 rationt

2254 5703 2319 5770 ἧν
2375 5703 2437 5757 ἂν
2461 5702 2548 5758 καὶ
2606 5698 2818 5777 ἰλέγετο
2869 5699 2959 5754 καὶ
3001 5699 3029 5753 ὁ
3083 5697 3201 5758 Υἱὸς
3231 5694 3428 5756 οἰκεῖος
3471 5698 3547 5766 τῷ
3575 5691 3840 5764 Πνεῦματι
3877 5706 3893 5722 ⁸
