4180 6282
285 321 406 385 449

1335 317 1418 380 IN
1461 309 1857 384 CAMATERI
1896 307 2529 379 ANIMADVERSION
2539 318 2646 380 ES.

3560 322 3680 386 450

295 480 415 539 χει,
479 455 662 521 αἴτιος
734 455 833 533 μὲν
904 455 993 512 καὶ
1034 455 1282 534 ἀρχηγὸς
1339 453 1510 510 αὗτῶν
1554 450 1648 509 οὐκ
1702 448 1763 506 ἄν
1807 446 1900 514 εἴη
1931 444 1959 499 6

2050 461 2273 539 servus,
2305 446 2483 533 quod
2496 447 2669 527 plane
2716 466 2988 513 asserere
3042 449 3289 534 impium
3324 464 3413 518 est
3442 464 3499 518 et
3530 455 3680 520 blas-

292 551 440 629 Υἱὸς,
498 546 772 626 ὑπηρέτης
857 544 912 602 δὲ
995 545 1130 610 ἴσως
1203 546 1293 602 καὶ
1345 542 1609 619 διάκονος,
1662 539 1792 619 ὅπερ
1847 538 1955 596 ἐστὶ

286 633 534 701 δυσσεϐὲς
563 658 623 693 τε
653 636 742 693 καὶ
770 634 1087 716 βλάσφημον
1119 654 1136 715 ς

761 744 863 795 Τοῦ
897 735 1057 795 αὗτοῦ
1097 734 1157 793 ἐκ
1185 740 1284 803 τῆς
1318 738 1503 801 αὐτῆς.

374 862 397 893 ι
446 831 556 913 κζ’.
613 838 764 900 Ἀλλ’
821 843 850 898 6
891 842 983 897 τὸν
1019 840 1227 919 Πατέρα
1291 840 1489 909 νοήσας
1550 838 1705 896 αὐτὸν
1762 858 1820 892 τε
1863 834 1944 916 ἐφ’

298 956 318 982 ι
364 931 555 991 ἑαυτοῦ
595 932 809 1008 ὶνόησε,
855 931 942 987 καὶ
991 930 1085 986 τὸν
1138 931 1256 985 Υἱὸν
1303 935 1372 1005 τῇ
1426 924 1623 999 διανοίᾳ
1707 948 1947 1005 συμπαρ-

299 1042 320 1068 ι
365 1017 597 1085 εδέξατο.
667 1009 725 1077 Ὀ
781 1016 835 1075 δὲ
877 1020 1058 1076 τοῦτον
1101 1016 1278 1075 λαϐὼν
1333 1023 1424 1075 τοῦ
1482 1019 1602 1073 Υἱοῦ
1629 1017 1690 1071 τὸ
1735 1021 1946 1089 Πνεῦμα

2039 532 2342 612 phomum.

2494 731 2805 815 Ejusdem
2835 751 2913 796 ea:
2940 735 3174 797 eadem.

2108 827 2209 891 27.
2249 854 2275 885 α
2302 828 2415 891 Sed
2442 831 2540 909 qui
2573 851 2679 912 per
2718 837 2944 896 l’atrem
2974 836 3283 911 intellexit,
3312 846 3368 900 et
3397 838 3592 919 ipsum
3614 841 3677 903 in

2038 940 2059 973 ιι
2096 919 2292 998 seipso
2327 921 2706 994 inteleliit,et
2733 922 3134 986 Filiumsimul
3194 945 3263 987 ea
3290 926 3681 1007 intelligentia

2036 1035 2052 1059 ι
2097 1009 2437 1097 complexus
2460 1009 2688 1082 est.Qui
2709 1030 2847 1074 vero
2877 1014 3034 1075 hunc
3059 1014 3676 1097 acceperit,Spiritum

300 1128 321 1156 ι
365 1106 463 1164 οῦκ
532 1107 852 1188 ἆπεμέρισεν
884 1127 899 1142 ·
963 1106 1083 1164 ἀλλ’
1154 1104 1454 1170 ἀκολούθως
1516 1105 1612 1181 μὲν
1669 1104 1806 1161 κατὰ
1846 1103 1946 1170 τὴν

2050 1124 2058 1150 ι
2094 1114 2123 1155 a
2157 1095 2306 1157 Filio
2357 1116 2474 1158 non
2522 1097 2718 1161 divisit
2754 1101 2896 1161 :sed
2922 1102 3093 1181 juxta
3131 1103 3402 1166 ordinem
3435 1095 3674 1186 quidem

300 1229 319 1252 ο
366 1195 535 1273 τάξιν,
567 1196 919 1272 συνημμένως
978 1196 1033 1254 δὶ
1094 1197 1230 1253 κατά
1285 1196 1384 1264 τὴν
1439 1197 1592 1273 φύσιν
1640 1198 1746 1249 τῶν
1786 1195 1945 1271 τριῶν

2050 1209 2059 1238 ι
2096 1202 2481 1264 personarum
2524 1200 2980 1269 consequenter,
3008 1191 3176 1269 juxta
3227 1211 3371 1254 vero
3403 1202 3672 1256 naturam

301 1313 321 1342 ι
367 1286 505 1342 κατὰ
560 1286 749 1343 ταύτον
804 1285 1281 1365 συγκεκραμμένην
1351 1283 1406 1340 ἐν
1464 1286 1634 1357 ἑαυτῷ
1700 1283 1795 1350 τὴν
1853 1282 1949 1338 πί-

301 1396 321 1425 ι
367 1395 482 1430 στιν
538 1375 937 1435 ἆνετυπώσατο.
1004 1377 1104 1434 Καὶ
1146 1378 1175 1432 6
1217 1375 1279 1431 τὸ
1325 1379 1535 1449 Πνεῦμα
1586 1372 1747 1447 μόνον
1791 1370 1952 1428 εἰπὼν

297 1488 315 1515 ι
370 1461 758 1541 συμπεριελα8ε
812 1470 881 1540 τῇ
937 1465 1196 1542 ὁμολογίᾳ
1253 1464 1443 1542 ταύτῃ,
1472 1462 1562 1518 καὶ
1602 1460 1715 1534 τὸν,
1749 1459 1810 1517 οῦ
1838 1459 1949 1516 ἐστι

300 1580 321 1606 ι
371 1552 431 1606 τὸ
501 1553 737 1628 Πνεῦμα.
832 1553 932 1610 Καὶ
1017 1550 1199 1621 ἐπειδὴ
1267 1558 1360 1608 τοῦ
1447 1556 1673 1629 Χριστοῦ
1726 1546 1836 1603 ἐστι
1892 1548 1954 1603 τὸ

304 1672 325 1701 ι
372 1642 612 1721 Πνεῦμα,
644 1644 731 1700 καὶ
762 1642 823 1700 ἐκ
853 1643 946 1699 τοῦ
1006 1643 1164 1721 Θεοῦ,
1207 1642 1382 1704 καθώς
1411 1663 1571 1721 φησιν
1627 1641 1655 1695 δ
1725 1636 1952 1718 Παῦλος,

303 1753 323 1782 ι
608 1729 665 1827 ἐξ
722 1731 957 1827 ἁλύσεως
1007 1736 1035 1790 6
1091 1740 1183 1790 τοῦ
1254 1731 1371 1827 ἐνδς
1440 1728 1629 1827 ἄκρου..
1656 1728 1950 1827 ἁψάμενοςἔ
1977 1778 2016 1827 Β

303 1840 325 1868 ι
375 1820 556 1878 καὶτὸ
608 1819 785 1899 ἕτερον
828 1821 997 1901 ἄκρον
1047 1821 1479 1882 συνεπεσπάσατο
1511 1838 1524 1851 ·
1573 1816 1738 1883 οὕτως
1795 1819 1824 1873 6
1894 1811 1954 1873 τὸ

312 1941 332 1967 ι
383 1915 595 1983 Πνεῦμα
654 1907 900 1975 ἑλκύσας,
972 1912 1147 1974 καθὼς
1219 1932 1381 1990 φησιν
1436 1911 1465 1964 6
1542 1908 1850 1987 Προφήτης,
1886 1903 1952 1961 δι’

311 2019 331 2046 ι
381 1998 536 2057 αὖτοῦ
592 1999 679 2055 καὶ
746 2001 835 2056 τὸν
895 2000 1104 2080 Πατέρα
1157 2001 1245 2056 καὶ
1299 2001 1390 2056 τὸν
1460 2000 1579 2055 Υἱὸν
1636 1994 1954 2075 συνεφελκύ-

316 2112 335 2137 ι
383 2107 535 2147 σατο.
602 2088 702 2145 Καὶ
753 2089 798 2144 εἰ
850 2090 941 2145 τὸν
1000 2090 1120 2145 Υἱὸν
1177 2087 1438 2156 ἀληθινῶς
1508 2108 1589 2151 τις
1646 2082 1823 2158 λάϐοι,
1854 2082 1954 2149 ἔξει

314 2198 335 2224 σ
385 2175 542 2230 αὺτὸν
600 2174 942 2255 ἑκατέρωθεν,
1027 2181 1104 2245 πῆ
1177 2178 1274 2253 μὲν
1331 2174 1424 2233 τόν
1495 2176 1680 2234 ἑαυτου
1723 2173 1952 2253 Πατέρα,

315 2294 335 2319 ι
383 2267 460 2330 πῆ
504 2260 559 2319 δὲ
615 2265 676 2320 τὸ
731 2262 881 2343 ἅγιον
924 2266 1138 2341 Πνεῦμα
1194 2266 1644 2343 συνεπαγόμενον.
1697 2260 1826 2321 Οό’τε
1854 2268 1954 2341 γᾶρ

307 2371 333 2406 ι
380 2358 473 2408 τοῦ
531 2353 738 2430 Πατρός
788 2356 817 2410 6
860 2353 940 2410 ἀεὶ
993 2353 1066 2412 ὢν
1125 2353 1179 2409 ἐν
1232 2361 1311 2429 τῷ
1365 2354 1527 2433 Πατρὶ
1582 2352 1955 2426 ἀποτμηθῆναι

314 2461 335 2489 ι
382 2438 626 2522 δάναται,
712 2442 827 2499 οὔτε
897 2451 988 2500 τοῦ
1074 2444 1378 2519 Πνεύματος
1449 2463 1581 2499 ποτε
1636 2440 1954 2522 διαζευχθῆ-

310 2548 336 2580 σ
384 2550 533 2586 σεται
587 2521 681 2587 τοῦ
737 2529 865 2589 ἰδίου
920 2535 949 2589 6
1004 2532 1177 2590 πάντα
1208 2533 1262 2589 ἐν
1293 2532 1434 2607 αὑτῷ
1474 2529 1720 2609 ἐνεργῶν.
1758 2521 1955 2586 Ὦσαύ-

316 2643 337 2670 σ
382 2640 488 2682 τως
533 2621 621 2676 καὶ
673 2623 701 2677 6
769 2621 860 2677 τόν
913 2621 1119 2702 Πατέρα
1201 2619 1499 2696 δεξάμενος,
1546 2621 1633 2676 καὶ
1678 2621 1769 2675 τὸν
1818 2621 1955 2697 ι’ἱὸν,

316 2736 336 2762 α
382 2708 471 2762 καὶ
526 2710 586 2765 τό
630 2710 842 2786 Πνεῦμα
896 2708 1318 2790 ωμπαρεδέξατο
1369 2716 1437 2787 τῇ
1479 2708 1711 2774 δυνάμει.
1746 2710 1818 2765 0‘5
1858 2708 1958 2785 γὰρ

268 2815 278 2825 ·
315 2825 335 2853 ο
383 2795 496 2852 ἐστι
552 2799 722 2873 τομὴν
779 2798 1054 2867 ἐπινοῆσαι
1084 2801 1120 2869 ἢ
1168 2798 1413 2880 διαίρεσιν
1453 2796 1570 2854 κατ’
1601 2796 1782 2856 οῦδὲνα
1828 2797 1957 2876 τρό-

317 2913 338 2940 ι
385 2907 511 2958 πον,
570 2888 644 2951 ὦς
696 2886 733 2955 ἢ
796 2890 912 2945 Υἶὸν
979 2890 1145 2968 χωρὶς
1178 2889 1480 2963 Πνεύματος
1524 2889 1799 2959 νοηθῆναι,
1831 2885 1867 2953 ἢ
1898 2886 1958 2941 τὸ

314 2995 337 3025 ι
389 2974 600 3049 Πνεύμα
673 2977 764 3032 τοῦ
818 2978 941 3034 Υἱοῦ
1010 2974 1378 3057 διαζευχθῆναι
1414 2993 1427 3006 ⁸
1514 2973 1652 3031 ἀλλὰ
1719 2996 1799 3039 τις
1858 2972 1957 3053 ἄῤ-

2043 1298 2064 1329 α
2102 1274 2494 1353 conjunctim,
2524 1276 2698 1337 trium
2728 1296 3111 1357 personarum
3143 1280 3319 1342 fidem
3352 1283 3558 1345 eadem
3578 1304 3677 1346 ra-

2042 1387 2066 1416 α
2102 1362 2261 1453 tione
2291 1372 2794 1453 contemperatam
2820 1368 2877 1428 in
2909 1370 3107 1447 seipso
3140 1370 3447 1449 expressit
3477 1370 3547 1433 Et
3575 1372 3680 1453 qui

2044 1478 2060 1504 ι
2103 1452 2178 1512 de
2207 1450 2427 1533 Spirilu
2458 1458 2584 1515 solo
2627 1456 2907 1536 loqu'tur,
2941 1456 3116 1518 simul
3158 1457 3267 1519 ista
3302 1450 3681 1524 conlessione

2041 1565 2066 1595 α
2103 1547 2158 1601 ει
2191 1558 2319 1602 eam
2355 1561 2485 1622 qua:
2523 1543 2687 1604 illum
2714 1545 3044 1618 concernit,
3077 1547 3249 1626 cujus
3278 1547 3532 1629 Spiritus
3563 1558 3676 1630 est,

2043 1653 2067 1684 ιι
2105 1630 2432 1709 conjunxit.
2461 1634 2526 1691 lit
2557 1632 2834 1713 quoniam
2870 1634 3088 1697 Christi
3118 1635 3375 1715 Spiritus
3397 1636 3574 1699 etiam
3608 1656 3679 1700 ex

2044 1743 2069 1771 «
2105 1717 2226 1779 Deo
2258 1726 2525 1793 est,tes:e
2554 1719 2827 1796 Paulo,ﬁt
2860 1732 2922 1783 ut
2948 1724 3447 1804 quemadmodum
3478 1726 3539 1787 in
3573 1746 3676 1789 ca-

2046 1830 2067 1859 α
2104 1807 2367 1887 tena,qui
2396 1808 2572 1869 unius
2593 1809 2794 1870 annuli
2826 1811 3222 1873 summitatem
3254 1813 3677 1893 apprehendit,

2043 1918 2065 1949 α
2107 1896 2219 1956 hoc
2249 1897 2376 1976 ipso
2399 1896 2576 1958 simul
2601 1907 2657 1958 et
2684 1898 2934 1959 alterum
2965 1898 3251 1961 insertum
3291 1901 3562 1964 attrahit:
3598 1901 3679 1962 ita

2043 2006 2066 2040 ι
2104 1993 2159 2044 et
2183 1984 2301 2065 hic,
2334 1985 2435 2065 qui
2468 1986 2752 2065 Spiritum
2785 1988 2986 2057 trahit,
3027 1996 3087 2049 ut
3115 1987 3409 2069 Propheta
3456 1980 3674 2070 inquit,

2044 2096 2066 2127 (ι
2103 2091 2207 2152 per
2228 2073 2489 2154 ipsumet
2512 2075 2723 2137 Filium
2745 2079 3038 2139 etPatrem
3058 2096 3173 2137 una
3192 2078 3367 2139 simul
3409 2087 3673 2141 attraxe-

2041 2184 2067 2216 α
2105 2161 2292 2224 rit.Et
2314 2165 2361 2223 si
2394 2165 2524 2242 quis
2554 2182 2693 2225 vere
2722 2163 2934 2225 Filium
2961 2166 3449 2245 apprehenderit,
3489 2166 3680 2231 habe-

2043 2272 2065 2306 c
2105 2248 2477 2330 bitetipsum
2515 2252 2817 2334 utrinque,
2852 2254 2989 2315 hinc
3018 2254 3248 2316 Patrem
3284 2255 3465 2328 illius,
3515 2256 3682 2319 illinc

2044 2363 2069 2394 ι
2106 2337 2390 2419 Spiritum
2420 2351 2690 2403 sanctum
2723 2361 2839 2403 una
2869 2342 3487 2425 conjunctum.Neque
3516 2344 3675 2407 enim

2044 2452 2071 2484 ιι
2109 2447 2143 2489 a
2174 2431 2342 2491 l’atre
2372 2429 2640 2491 abscindi
2670 2432 3010 2513 poterit,qui
3030 2450 3270 2512 semper
3298 2442 3388 2495 est
3417 2432 3675 2509 inPatre,

2046 2540 2073 2572 α
2108 2535 2301 2597 neque
2332 2541 2360 2577 ει
2399 2519 2636 2600 proprio
2669 2519 2893 2601 Spiritu
2919 2522 3252 2602 sejungitur
3282 2522 3681 2603 unquam,qui

2048 2631 2071 2662 ιι
2110 2605 2169 2667 ἰη
2197 2606 2325 2686 ipso
2356 2618 2635 2687 operatur
2663 2609 2883 2671 omnia.
2919 2610 3325 2673 Consimiliter
3346 2620 3404 2673 et
3432 2610 3534 2692 qui
3567 2615 3680 2673 Pa-

2048 2718 2071 2752 ι
2107 2704 2257 2757 trem
2290 2707 2601 2757 assecutus
2630 2698 2892 2774 fuerit,et
2922 2698 3136 2761 Filium
3171 2718 3285 2761 una
3305 2719 3435 2761 cum
3460 2700 3587 2781 illo,
3620 2707 3683 2762 et

2048 2803 2079 2843 ‹
2111 2782 2394 2863 Spiritum
2445 2794 2716 2846 sanctum
2750 2786 2955 2848 eadem
2990 2787 3201 2850 virtute
3231 2797 3534 2850 assecutus
3565 2797 3679 2849 est.

2050 2894 2073 2928 ι
2106 2871 2237 2933 Non
2267 2873 2425 2933 enim
2460 2882 2650 2954 potest
2677 2874 2873 2955 aliqua
2899 2876 3018 2937 ullo
3050 2885 3222 2955 pacto
3246 2876 3684 2955 excogitari,vel

2048 2982 2071 3016 ι
2110 2960 2415 3034 sectio,ve|
2453 2961 2756 3043 divisio,ut
2776 2964 2900 3025 sive
2926 2962 3112 3026 Filius
3140 2983 3176 3025 a
3206 2967 3384 3027 Patre
3411 2964 3681 3043 cogitari,

317 3084 342 3117 ι
387 3060 549 3139 ῥητος
606 3065 695 3120 καὶ
750 3065 1111 3133 ὰκατανόητος
1162 3049 1227 3123 ἐν’
1264 3065 1469 3129 τούτοις
1498 3049 1960 3139 καταλαμϐάνεται

2050 3073 2071 3105 ιι
2108 3049 2230 3139 sive
2258 3049 2517 3139 Spiritus
2538 3069 2572 3111 a
2600 3050 2748 3113 Filio
2778 3052 3011 3132 sejungi
3039 3062 3237 3133 queat,
3272 3054 3378 3114 sed
3407 3053 3683 3116 ineffabi-

319 3177 341 3208 ι
387 3150 477 3206 καὶ
530 3151 566 3219 ἡ
637 3153 881 3211 κοινωνία
935 3155 1023 3211 καὶ
1079 3156 1114 3224 ἡ
1175 3153 1456 3233 διάκρισις,
1532 3152 1648 3210 οὔτε
1714 3152 1813 3220 τῆς
1850 3159 1960 3209 ’τῶν

315 3254 344 3287 α
389 3238 732 3297 ὑποστάσεων
814 3239 1062 3321 διαφορᾶς
1145 3245 1206 3299 τὸ
1275 3243 1374 3312 τῆς
1461 3243 1666 3323 φύσεως
1740 3241 1960 3321 συνεχὲς

321 3344 344 3374 ι
390 3323 724 3404 διασπώσης,
764 3329 880 3388 οὔτε
929 3336 1028 3398 τῆς
1070 3333 1207 3388 κατὰ
1258 3332 1358 3399 τὴν
1415 3332 1591 3389 οὗσίαν
1627 3331 1959 3407 κοινότητος,

322 3438 345 3469 α
391 3416 451 3471 τὲ
509 3414 702 3489 ἰδιάζον
732 3425 837 3477 τῶν
864 3421 1244 3499 γνωρισμάτων
1271 3420 1629 3501 ἀναχεούσης.
1676 3439 1699 3471 ³

975 3700 1308 3763 Ἐπιστασία.

401 3822 428 3854 κ
478 3787 624 3878 ’Ὅρα
668 3800 927 3859 κάνταῦθα
971 3805 1055 3877 τὸ,
1108 3803 1168 3860 ἑκ
1193 3810 1287 3860 τοῦ
1313 3809 1465 3880 Θεοῦ,
1498 3804 1611 3860 ἀντὶ
1638 3810 1753 3883 τοῦ,
1786 3803 1846 3860 ἐκ
1873 3812 1967 3864 τοῦ

321 3913 347 3945 ι
396 3888 619 3965 Πατρός,
689 3896 768 3965 τῷ
851 3890 986 3970 ἁγίῳ
1060 3889 1524 3968 ἐκλαμϐανόμενον
1554 3910 1568 3923 ⁶
1627 3894 1716 3950 καὶ
1754 3892 1963 3969 θαύμα-

324 3998 346 4025 ι
394 3997 486 4032 σον
535 3977 635 4045 τὴν
686 3978 783 4036 τοῦ
853 3981 1127 4061 πανσόφου
1180 3980 1364 4038 τούτου
1419 3979 1739 4040 διδασκάλω
1805 3981 1959 4061 ἀκρί-

321 4086 344 4114 ι
392 4061 561 4146 ϐειαν,
620 4073 735 4134 πῶς
787 4066 875 4125 ἐπὶ
929 4069 1027 4145 μὲν
1083 4079 1177 4129 τοῦ
1213 4072 1347 4128 Θεοῦ
1397 4071 1486 4128 καὶ
1514 4071 1613 4138 τὴν
1668 4070 1730 4126 ἐκ
1782 4092 1955 4151 προσ-

319 4173 345 4205 (
392 4153 537 4211 ἐθετο
590 4156 858 4235 πρόθεσιν,
904 4156 989 4214 ἐπὶ
1016 4154 1071 4213 δὲ
1125 4163 1217 4214 τοῦ
1271 4164 1496 4238 Χριστοῦ
1547 4158 1746 4226 ταύτην
1813 4181 1958 4239 παρ-

319 4265 345 4299 (
396 4239 599 4319 ἑλειψε,
657 4251 894 4325 φανερῶς
942 4246 1154 4310 πάντως
1229 4244 1557 4326 δογματίζων
1613 4246 1843 4305 ἐντεῦθεν
1899 4246 1961 4306 ἐκ

2050 3163 2078 3195 α
2110 3138 2185 3199 lis
2203 3138 2467 3220 quaedam
2491 3139 2554 3202 in
2584 3140 2738 3216 istis,
2765 3149 2826 3203 et
2851 3159 2984 3222 quae
3012 3141 3174 3203 nulla
3193 3141 3551 3221 cogitatione
3582 3160 3689 3223 ap-

2050 3252 2078 3285 α
2113 3227 2406 3308 prehendi
2431 3228 2645 3308 poterit
2671 3238 2787 3291 tam
2811 3229 3178 3305 communio,
3199 3249 3376 3311 quam
3407 3230 3687 3294 discretio

2052 3336 2081 3379 ‹
2113 3316 2734 3400 deprehenditur,qua
2755 3336 2952 3400 neque
2976 3337 3083 3400 per
3103 3319 3496 3382 diﬂ‘erentiam
3508 3320 3689 3401 hypo-

2054 3426 2079 3464 α
2115 3413 2355 3467 staseon
2415 3406 2757 3469 contnuatio
2809 3414 3034 3469 naturae
3089 3407 3410 3486 dissipatur
3443 3428 3457 3469 :
3490 3427 3688 3490 neque

2050 3518 2079 3551 α
2112 3513 2221 3576 per
2270 3513 2400 3557 eam
2458 3497 2788 3558 secundum
2839 3496 3156 3559 essentiam
3203 3496 3685 3563 communionem

2051 3607 2074 3641 α
2112 3583 2448 3666 proprietas
2474 3587 2784 3646 notionum
2814 3585 3216 3649 confunditur.
3263 3610 3290 3643 η

2607 3687 3102 3753 Αηίηιαάυσνεὶο.

2135 3814 2159 3849 α
2193 3790 2345 3855 Vide
2374 3792 2551 3855 etiam
2602 3793 2702 3855 hic
2752 3792 2922 3875 illud,
2952 3811 3026 3855 ex
3054 3792 3199 3869 Deo,
3241 3793 3373 3855 loco
3402 3790 3584 3875 illius,
3617 3810 3690 3855 ex

2052 3905 2080 3938 α
2112 3880 2305 3959 Patre,
2339 3901 2374 3944 a
2400 3890 2605 3945 sancto
2634 3883 2865 3946 desumi
2897 3903 2913 3945 :
2947 3891 3005 3945 et
3031 3883 3327 3946 admirare
3375 3881 3687 3965 sapientis-

2051 3992 2075 4028 ι
2113 3971 2249 4034 simi
2294 3972 2554 4035 doctoris
2603 3973 2849 4052 hujusce
2896 3973 3247 4054 exquisitam
3290 3972 3687 4054 diligentiam,

2046 4084 2071 4119 ι
2108 4059 2210 4141 qui
2256 4060 2331 4122 de
2378 4063 2503 4124 Deo
2549 4061 3027 4143 praepositionem
3067 4080 3149 4125 ea;
3178 4060 3520 4143 usurpavit;
3553 4080 3688 4124 cum

2048 4172 2074 4208 α
2108 4166 2246 4211 vero
2301 4161 2462 4212 esset
2510 4168 2708 4213 sermo
2739 4151 2813 4213 de
2842 4149 3102 4223 Christo,
3144 4168 3418 4232 prorsum
3449 4167 3578 4212 eam
3612 4149 3665 4212 si

2049 4260 2073 4296 ι
2110 4236 2291 4299 lentio
2338 4237 2669 4319 praeteriit,
2730 4239 2873 4302 hinc
2945 4239 3256 4302 manifeste
3310 4239 3685 4319 decernens,

321 4351 346 4383 ι
390 4335 484 4386 τοῦ
570 4323 800 4410 Πατρός-
859 4334 1001 4393 εἶναι
1085 4336 1245 4411 μόνον
1304 4323 1434 4403 ’τὴν
1508 4338 1602 4393 τοῦ
1657 4337 1960 4412 Πνεύματος

2051 4345 2076 4382 α
2111 4342 2180 4387 ex
2231 4323 2407 4388 Patre
2447 4326 2854 4389 tantummodo
2912 4345 3044 4390 esse
3088 4326 3342 4410 Spiritus
3397 4325 3694 4389 exsisten-

321 4442 348 4477 ι
394 4417 631 4500 ὕπαρξιν,
670 4448 694 4479 ι

975 4524 1321 4604 Ἀντίρῤησις.

397 4624 540 4682 Πάνυ
567 4648 649 4683 τοι
705 4627 1004 4697 συνίστησιν
1061 4628 1291 4708 ἐναργῶς
1347 4629 1382 4697 ἡ
1439 4628 1661 4706 ῥηθεϊσα
1702 4630 1968 4710 περικοπή

316 4713 418 4781 τὴν
473 4713 734 4782 δηΛουσαν
802 4714 885 4779 διὰ
942 4717 1035 4774 τοῦ
1076 4719 1198 4774 Υἱοῦ
1254 4717 1393 4774 εἶναι
1435 4720 1497 4774 τὸ
1542 4720 1752 4795 Πδιεύμα
1777 4718 1967 4778 θεολο-

316 4804 459 4879 γίαν,
513 4805 602 4861 καὶ
662 4804 728 4862 δι’
787 4805 965 4864 ἄλλων
1006 4806 1104 4883 μὲν
1144 4811 1251 4863 τῶν
1307 4805 1362 4862 ἐν
1417 4805 1552 4884 αὐτῇ
1578 4808 1804 4885 ῥήσεων,
1835 4808 1972 4863 κατὰ

319 4888 377 4946 δὲ
434 4890 691 4971 ἐξαίρετον
768 4892 852 4951 διὰ
931 4895 1030 4963 τῆς
1073 4893 1333 4974 λεγούσης
1392 4894 1621 4971 ρήσεως,
1656 4897 1700 4953 εί
1731 4899 1820 4953 τὸν
1853 4899 1972 4953 Υἱὸν

324 4978 587 5047 ἀληθινῶς
641 5004 721 5046 τις
767 4981 943 5062 λάϐοι,
1003 4983 1104 5049 ἔξει
1161 4984 1320 5040 αὐτὸν
1363 4981 1706 5065 ἑκατέρωθεν,
1749 4990 1827 5053 πῆ
1878 4985 1973 5061 μὲν

316 5070 413 5125 τὸν
456 5069 640 5130 ἑαυτοῦ
696 5072 926 5151 Πατέρα,
984 5072 1063 5141 πῆ
1106 5070 1159 5127 δὲ
1212 5074 1276 5128 τό
1333 5069 1467 5128 ἴδιον
1499 5074 1711 5149 Πνεύμα
1739 5095 1972 5130 συνεπα-

318 5157 567 5234 γόμενον,
629 5159 702 5215 Σὺ
771 5157 851 5232 δὲ,
894 5160 992 5227 τὴν
1044 5165 1218 5216 πᾶσαν
1260 5158 1356 5227 τῆς
1406 5163 1703 5240 περικοπῆς
1760 5160 1974 5239 δύναμιν

319 5244 577 5325 παριδὼν,
648 5249 912 5326 θαύματος
970 5246 1168 5329 ἀξιοῖς,
1221 5254 1337 5312 πῶς
1411 5247 1496 5306 ἐπὶ
1552 5250 1649 5307 μὲν
1696 5257 1791 5307 τοῦ
1845 5259 1977 5311 Θεοῦ

324 5337 418 5391 καὶ
473 5336 572 5404 τὴν
629 5336 690 5394 ἐκ
745 5337 1028 5417 προσέθετο
1067 5339 1332 5415 πρόθεσιν,
1381 5338 1466 5393 ἒπὶ
1508 5334 1564 5393 δὲ
1621 5339 1714 5396 τοῦ
1755 5346 1978 5419 Χριστοῦ

321 5424 522 5493 ταύτην
602 5425 890 5507 παρέλειψε
924 5444 940 5459 ⁸
1050 5428 1324 5483 κάντεῦθεν
1425 5427 1663 5505 συνάγεις
1745 5427 1806 5484 ἐκ
1892 5435 1978 5486 τοῦ

332 5516 540 5595 Πα·.ρὸς
598 5516 740 5573 εἶναι
796 5516 958 5593 μόνον
1029 5515 1127 5582 τὴν
1184 5521 1277 5572 τοῦ
1368 5516 1670 5590 Πνεύματος
1736 5516 1973 5598 ὕπαρξιν,

324 5602 500 5665 Ἀλλᾶ
543 5606 604 5662 ού
657 5604 838 5669 καλῶς
894 5602 985 5662 οῦδ
1025 5602 1180 5669 ἀξίως
1225 5602 1325 5671 τῆς
1367 5608 1468 5672 σῆς
1497 5603 1767 5685 ἒγχινοίᾶς
1796 5605 1975 5663 ἐντεῦη

326 5700 416 5754 θεν
470 5697 716 5775 σννάγεις
783 5696 846 5753 τό
925 5695 987 5753 ἑκ
1073 5695 1236 5769 μόνου
1299 5703 1392 5753 τοῦ
1463 5698 1667 5775 Πατρὸς
1722 5696 1863 5755 εἶναι
1914 5700 1977 5755 τὸ

1981 4429 2029 4481 D
2054 4437 2078 4474 ι
2115 4416 2277 4478 tiam.
2318 4440 2342 4476 ι

2718 4520 3044 4600 Refutatia.

2126 4620 2448 4683 Conﬁrmat
2472 4622 2676 4703 utique
2727 4633 2787 4684 et
2840 4620 3218 4704 apertissime
3250 4636 3508 4701 praesens
3538 4621 3693 4701 peri-

2048 4728 2198 4790 cope
2231 4709 2581 4773 sententiam
2611 4722 3003 4788 asserentem,
3030 4728 3139 4793 per
3163 4709 3377 4771 Filium
3406 4708 3693 4791 Spiritum

2053 4806 2275 4873 esse,et
2294 4798 2426 4860 aliis
2455 4806 2578 4861 suis
2608 4800 2873 4875 dictis,et
2901 4801 3003 4863 illo
3052 4799 3430 4883 potissimum
3462 4815 3477 4861 :
3511 4796 3575 4861 Si
3601 4796 3695 4860 Fi-

2056 4887 2201 4949 lium
2233 4887 2363 4970 quis
2391 4906 2529 4950 vere
2558 4890 3045 4971 apprehenderit,
3096 4887 3337 4951 habebit
3384 4895 3443 4949 et
3494 4886 3693 4968 ipsum

2058 4977 2337 5058 utrinque
2360 4977 2499 5040 hinc
2530 4982 2758 5042 Patrem
2809 4980 2987 5056 illius,
3016 4978 3180 5042 illinc
3210 4976 3493 5058 Spiritum
3519 4995 3696 5039 sanc-

2055 5078 2181 5128 tum
2212 5064 2326 5127 sibi
2354 5068 2761 5148 conjunctum.
2811 5076 2884 5131 At
2943 5080 3025 5144 tu,
3062 5066 3336 5130 universa
3393 5065 3703 5147 pericopes

2052 5156 2110 5217 vi
2167 5156 2455 5234 neglecta,
2521 5167 2795 5239 tanquam
2845 5156 3236 5220 admiratione
3286 5154 3528 5236 dignum
3562 5172 3701 5245 pro-
3746 5228 3767 5245 .

2059 5248 2232 5327 ponis
2281 5247 2446 5307 illum
2495 5246 2571 5308 de
2622 5248 2742 5309 Deo
2799 5248 3139 5330 loquentem
3183 5264 3263 5306 ea:
3329 5242 3699 5325 praepositio-

2060 5351 2198 5393 nem
2228 5350 2568 5415 usurpasse,
2592 5334 2667 5396 de
2686 5336 2919 5398 Christo
2944 5354 3082 5397 Vero
3112 5351 3453 5395 sermonem
3479 5331 3701 5394 haben-

2061 5429 2179 5482 tem
2212 5421 2373 5483 illam
2406 5421 2644 5485 silentio
2673 5422 3011 5488 involvisse.
3054 5422 3318 5503 Indeque
3372 5420 3601 5499 colligis
3630 5437 3700 5482 ex

2058 5512 2235 5573 Patre
2257 5527 2392 5572 esse
2423 5518 2647 5573 tantum
2680 5511 2936 5594 Spiritus
2994 5511 3417 5575 exsistentiam.
3452 5508 3703 5573 Verum-

2062 5607 2261 5660 tamen
2285 5615 2479 5681 neque
2512 5600 2688 5678 bene,
2714 5619 2910 5684 neque
2939 5620 3043 5684 pro
3071 5608 3173 5663 tua
3202 5614 3378 5680 quam
3403 5596 3703 5679 proﬁteris

2057 5685 2325 5769 solertia,
2372 5694 2435 5751 et
2479 5689 2955 5772 perspicacitate,
2993 5689 3139 5754 inde
3186 5685 3419 5764 colligis
3462 5704 3535 5748 ex
3573 5684 3701 5749 solo
