4180 6282
535 233 642 300 451
1637 238 1848 303 JOAN.
1897 240 2117 305 VECCI
2159 242 2170 298 t

2258 286 2272 301 .
2321 235 2835 306 PATRIARCH/E
3801 234 3914 299 452

534 372 700 434 Patre
733 391 865 434 esse
897 371 1176 454 Spiritum
1203 372 1741 436 sanctum.Etenim
1767 373 1814 434 si
1838 374 1993 455 quod
2017 391 2170 435 sanc-

2272 375 2482 449 Πνεύμα
2522 376 2584 432 τὸ
2634 375 2811 455 ἅγιον.
2873 379 2931 434 Εἰ
2993 378 3113 457 γὰρ,
3147 376 3226 434 ὅτι
3276 380 3305 434 ὃ
3348 377 3495 456 ἅγιος
3527 375 3622 444 τὴν
3658 374 3720 431 ἐκ
3747 395 3914 453 προσ-

538 470 632 524 tus
665 462 1140 543 praepositionem
1172 481 1249 525 ea;
1279 464 1338 523 in
1372 461 1538 523 Patre
1584 463 1889 536 adnexuit,
1927 461 2080 525 dicis
2108 481 2170 524 ex

2263 460 2406 518 έθετο
2464 463 2549 519 ἐπὶ
2617 472 2709 520 τοῦ
2765 468 2989 544 Πατρὸς,
3035 465 3206 544 λέγεις
3263 465 3323 521 Ex
3376 467 3537 539 μόνου
3585 471 3678 520 τοῦ
3710 463 3910 540 Πατρός

535 551 660 612 solo
697 553 867 614 Patre
901 569 1031 614 esse
1055 550 1416 630 ipsum,‘non
1444 550 1554 611 erit
1586 551 1778 612 modis
1807 551 2083 613 omnibus
2108 570 2170 612 ex

2263 549 2404 606 εἶναι
2440 554 2610 628 ἀύτὸ,
2659 558 2753 612 οὒκ
2805 553 2949 610 ἔσται
2980 555 3190 617 πάντως
3222 554 3282 610 ἐκ
3311 553 3473 629 μόνου
3504 551 3588 608 διὰ
3643 551 3740 615 τὰς
3771 549 3909 607 πολ-

538 640 687 713 solo,
725 649 964 721 propter
992 640 1174 700 multa
1201 640 1420 720 scripto
1446 639 1654 701 tradita
1678 641 2016 703 teSIimonia
2038 641 2170 704 divi-

2262 638 2435 720 λαχου
2503 643 2602 708 τῆς
2643 643 2783 707 Θείας
2840 642 3047 723 Γραφῆς
3105 641 3363 711 δηλούσας
3421 645 3507 698 καὶ
3555 641 3616 697 Ex
3664 647 3761 698 τοῦ
3794 643 3908 696 Υἱοῦ

531 752 606 793 na
639 733 1044 811 theologorum
1081 732 1316 794 Patrum
1352 731 1902 808 decernentia,eum
1935 752 2002 796 ex
2028 733 2170 798 Filio

2265 729 2406 786 εἶναι
2436 732 2561 786 αὐτὸ
2593 754 2818 812 γρησεις
2850 738 2954 788 τῶν
2984 732 3244 811 θεολόγων
3280 731 3522 810 Πατέρων
3552 733 3728 806 ἡμῶν.

533 839 690 884 esse.
2327 839 2330 842 ’

533 928 834 1008 Ejusdem
863 946 940 991 ea:
967 925 1327 1008 antigrapho
1357 926 1504 1007 ﬁdei
1535 925 1610 989 ab
1659 927 1859 990 eodem
1906 929 2170 991 distans.

2261 934 2363 985 T06
2442 930 2600 985 αὐτοῦ
2697 928 2757 984 Ex
2839 935 2928 985 τοῦ
3029 927 3154 1007 παρ’
3238 930 3393 985 αὐτοῦ
3465 925 3903 1007 ὕπαγορευθέντος

2685 1008 3001 1088 ἀντιγράφου
3055 1015 3154 1076 τῆς
3221 1009 3470 1072 πίστεως.

611 1120 711 1182 28.
749 1143 774 1175 σ
802 1117 902 1180 Est
932 1124 1126 1178 autem
1158 1117 1480 1181 declaratio
1513 1117 1662 1180 recti
1693 1137 1902 1181 sensus
1926 1118 1983 1179 in
2007 1137 2100 1193 eo,
2127 1119 2170 1180 si

2337 1132 2432 1176 κη.
2485 1129 2507 1161 ι
2567 1108 2856 1177 Ἀπόδειξις
2898 1110 2951 1166 δὲ
2998 1119 3088 1169 τοῦ
3131 1115 3280 1192 ὀρθοῦ
3321 1113 3682 1192 φρονήματος,
3733 1114 3794 1168 τὸ
3827 1113 3900 1187 μὴ

536 1235 562 1266 α
601 1208 832 1270 aPatre
863 1215 920 1268 et
969 1206 1118 1269 Filio
1166 1225 1282 1266 non
1329 1225 1662 1288 separetur.
1709 1205 1954 1288 Oportet
2015 1209 2170 1268 enim

2267 1225 2288 1255 σ
2333 1201 2578 1278 χωρίζειν
2635 1202 2760 1256 αὐτὸ
2818 1202 3021 1280 Πατρὸς
3079 1203 3166 1257 καὶ
3249 1204 3391 1288 Ποῦ.
3454 1212 3549 1258 Δεῖ
3602 1203 3702 1280 γὰρ
3758 1205 3899 1278 ἡμᾶς

533 1323 558 1354 α
595 1297 876 1379 baptizari
907 1297 1203 1376 nos,juxta
1245 1295 1397 1375 quod
1429 1318 1462 1357 a
1496 1287 2132 1376 Domino’accepimus
2155 1346 2170 1377 ,

2772 1289 2786 1306 \
2924 1292 2936 1308 ο
3241 1287 3292 1314 [ﬂ
3668 1292 3679 1312 Ι
3827 1289 3869 1312 λκ

2263 1316 2286 1348 ι
2333 1288 2666 1364 βαπτίζεσθαι
2728 1312 2846 1370 μεν³
2911 1312 2983 1354 ως
3055 1289 3442 1370 παρελαοομεν,
3499 1313 3765 1348 πιστεύειν
3823 1307 3897 1365 οε,

533 1407 562 1447 ε
598 1395 656 1447 et
673 1376 933 1448 ieredere
963 1384 1494 1463 sicutbaptizamnr
1519 1405 1532 1445 :
1559 1385 1889 1464 gloriﬁcare
1905 1405 2043 1446 vero
2067 1387 2170 1448 Pa-

2267 1406 2288 1436 ι
2334 1377 2404 1440 ὼς
2492 1377 2872 1458 βαπτιζόμεθα,
2957 1376 3184 1449 δοξάζειν
3257 1376 3335 1452 δὲ,
3415 1381 3486 1442 ὡς
3539 1381 3901 1436 πεπιστεύκα-

535 1500 558 1530 ‹‹
597 1485 743 1535 trem
775 1473 1047 1535 etFiIium
1083 1480 1139 1533 et
1168 1471 1452 1549 Spiritum
1488 1463 2170 1553 stinctum,quemadmo-

2259 1488 2284 1518 (ι
2335 1486 2453 1542 μεν,
2517 1463 2746 1542 Πατέρα,
2793 1468 2879 1522 καὶ
2939 1467 3074 1546 Υἱόν,
3103 1469 3190 1523 καὶ
3222 1463 3370 1545 ἅγιον
3401 1475 3633 1544 Πνεῦμα,
3670 1469 3899 1548 ἀφίστα-

532 1589 556 1620 (ι
591 1564 730 1625 dum
761 1561 1123 1624 credidimus
1156 1565 1222 1622 Et
1255 1576 1635 1640 posti-aquam
1692 1551 1894 1622 hac—in
1925 1580 1989 1623 re
2023 1580 2169 1622 con-

2260 1582 2282 1612 ε
2331 1557 2446 1610 σθαι
2504 1551 2559 1609 δὲ
2644 1555 2739 1622 τῆς
2824 1557 3099 1619 κοινωνίας
3186 1563 3289 1612 τῶν
3357 1559 3551 1633 κτίσμα
3610 1558 3896 1640 λεγόντων,

537 1675 560 1709 α
599 1652 780 1729 venit,
813 1656 1046 1731 oportet
1097 1651 1269 1711 simul
1315 1650 1794 1710 communionem
1839 1669 2042 1711 eorum
2076 1649 2164 1710 fu-

2260 1670 2282 1702 ‹
2331 1644 2404 1705 ὡς
2461 1648 2696 1723 φανερῶς
2786 1642 3261 1724 βλασφημούντων,
3359 1647 3557 1704 ἐκείνου
3628 1649 3899 1726 διωμολοο

533 1764 555 1798 ιι
590 1759 754 1821 gere,
813 1730 911 1820 qui
968 1737 1248 1818 Spiritum
1309 1747 1576 1799 sanctum
1635 1746 1969 1799 creaturam
2033 1757 2168 1801 esse

2260 1760 2282 1789 ι
2328 1730 2582 1808 γημένου.
2683 1731 2971 1811 Ἀναγκαία
3055 1735 3152 1812 γὰρ
3235 1737 3269 1803 ἡ
3342 1735 3725 1812 ἐπισημείωσις
3810 1737 3895 1796 διὰ

2267 1406 2288 1436 ι
2334 1377 2404 1440 ὼς

535 1855 558 1885 α
593 1830 822 1908 dicunt,
857 1837 1131 1906 tanquam
1159 1838 1363 1905 aperte
1387 1825 1550 1888 illum
1576 1825 2114 1906 blasphemantium
2149 1844 2163 1890 :

534 1942 554 1975 ε
596 1926 684 1980 est
714 1917 874 1979 enim
904 1914 1243 1977 necessaria
1269 1913 1629 1994 subsiguatio
1665 1922 1910 1994 prapter
1937 1916 2166 1976 calum-

531 2032 558 2063 α
597 2007 879 2080 niatores,
914 2023 1042 2086 qua:
1072 2005 1184 2064 hoc
1216 2003 1450 2076 habeat,
1485 2006 1641 2084 quod
1680 2022 1873 2084 neque
1929 2005 2166 2083 ingeni-

532 2121 559 2152 α
597 2107 719 2158 tum
762 2095 1021 2156 dicimus
1070 2091 1352 2172 Spiritum
1410 2103 1680 2155 sanctum
1716 2113 1729 2152 :
1767 2111 1947 2152 unum
2011 2093 2170 2153 enim

533 2211 561 2242 ε
596 2183 867 2245 novimus
892 2181 1240 2259 ingenitum,
1278 2188 1334 2240 et
1371 2200 1551 2240 unum
1611 2199 1841 2250 eorum,
1877 2180 1977 2260 qui
2008 2189 2170 2255 sunt,

533 2300 554 2330 ι
596 2272 954 2354 principium
991 2271 1218 2330 Patrem
1255 2270 1488 2330 Domini
1541 2269 1723 2330 nostri
1756 2271 1892 2330 Jetu
1926 2271 2168 2348 Christi,

532 2385 556 2421 ιι
593 2380 787 2442 neque
808 2361 1069 2440 genitum
1095 2358 1367 2419 dicimus:
1397 2377 1575 2418 unum
1610 2358 1768 2418 enim
1803 2376 1933 2418 esse
1953 2359 2171 2439 unige-

534 2476 557 2507 (ι
600 2451 790 2512 nitum
837 2450 898 2509 in
944 2447 1081 2508 ﬁdei
1129 2446 1445 2507 traditione
1477 2446 1798 2507 didicimus
1833 2466 1846 2507 :
1883 2445 2170 2526 Spiritum

529 2561 558 2601 ‹
595 2537 855 2600 veritatis
876 2547 1071 2597 autem
1100 2554 1166 2596 ex
1194 2538 1364 2597 Patre
1389 2536 1716 2612 procedere
1749 2533 2169 2615 edocti,exDeo

533 2651 561 2687 ι
597 2631 726 2690 sine
757 2625 1055 2688 creatione
1084 2643 1213 2686 esse
1238 2625 1614 2685 conﬁtemur.
1659 2648 1680 2678 ι

1098 2733 1141 2792 Α
1155 2754 1187 2790 n
1199 2736 1274 2791 im
1283 2749 1316 2792 ιι
1326 2731 1361 2792 (ί
1369 2733 1520 2792 versi
1524 2750 1579 2793 0.

617 2864 639 2896 ι
678 2837 934 2901 Videsne
960 2837 1052 2896 hic
1075 2854 1310 2918 quoque
1334 2835 1526 2915 ipsum
1559 2854 1638 2898 αις
1676 2835 1797 2897 Deo
1831 2838 1982 2898 idem
2013 2856 2168 2912 esse,

539 2954 559 2984 ο
598 2946 664 2989 ac
695 2945 772 2989 ea;
795 2929 1068 3000 Patre,ut
1098 2943 1508 3003 swpenumero
1538 2923 2113 2989 animadvertimus?
2141 2950 2164 2984 ο

1172 3031 1502 3109 Refu'atio.

614 3145 704 3208 Ne
726 3141 1009 3206 continuo
1028 3138 1236 3201 eadem
1264 3147 1534 3218 repetere
1549 3137 2173 3220 tibiproponito,idem

531 3253 660 3297 esse
693 3250 774 3295 em
807 3232 1136 3310 Deo,atque
1155 3247 1235 3291 ea:
1255 3229 1467 3292 Patre.
1495 3229 1862 3308 Applicanda
1881 3229 1987 3293 tibi
2005 3248 2175 3293 mens

530 3333 622 3385 est
643 3321 774 3382 aliis
805 3337 1040 3400 quoque
1071 3317 1405 3379 divinarum
1440 3315 1876 3397 Scripturarum
1901 3317 2174 3379 dictioni-

529 3412 742 3482 bus,ex
770 3409 985 3489 quibus
1039 3405 1480 3487 suppeditatum
1517 3415 1606 3466 est
1638 3408 1857 3465 nostris
1891 3406 2171 3467 Patribns

536 3497 886 3576 theolog.cis
917 3515 987 3557 ex
1021 3500 1188 3555 Patre
1219 3503 1277 3555 et
1307 3494 1453 3556 Filio
1503 3511 1636 3554 esse
1685 3491 1966 3573 Spiritum
1993 3513 2171 3556 sanc-

531 3587 957 3664 tum.Namque
988 3583 1082 3646 hic
1118 3602 1362 3663 magnus
1405 3583 1655 3644 Basilius
1685 3583 1994 3644 manifesto
2026 3602 2170 3646 cau-

530 3697 654 3739 sam
687 3675 978 3746 indicans,
1012 3672 1087 3733 ob
1119 3692 1295 3751 quam
1329 3690 1396 3732 ex
1433 3676 1602 3732 l’atre
1659 3671 1993 3732 declaratur
2041 3691 2172 3735 esse

531 3765 782 3846 Spiritus
813 3772 1072 3842 sanctus,
1108 3761 1522 3840 Evangelicam
1555 3779 1757 3821 vocem
1788 3761 1851 3821 in
1901 3761 2170 3822 testimo-

531 3857 693 3916 nium
717 3852 981 3923 adducit.
1019 3869 1150 3931 qua:
1181 3850 1341 3912 nullo
1375 3849 1550 3910 modo
1583 3851 1834 3912 convelli
1865 3858 2073 3930 potest,
2103 3869 2173 3914 ex

529 3946 703 4007 Patre
733 3940 991 4023 Spiritus
1047 3938 1754 4018 exsistentim,propterea
1783 3957 1851 4001 ex
1891 3942 2009 4001 Deo
2041 3958 2172 4000 esse

532 4031 756 4113 absque
787 4032 908 4092 ulla
938 4030 1240 4092 creatione
1281 4028 1565 4109 Spiritum
1620 4037 1886 4089 sanctum
1919 4029 2171 4090 conﬁte-

535 4140 666 4182 mur
703 4138 716 4183 :
750 4120 907 4200 quod
940 4121 997 4180 in
1030 4117 1352 4194 evangeliis
1402 4117 1597 4180 edocti
1646 4137 1849 4178 sumus
1907 4117 2071 4179 illum
2103 4137 2175 4180 ex

530 4209 708 4273 Patre
730 4209 1054 4290 procedere
1087 4208 1158 4268 Et
1180 4208 1301 4286 jam
1339 4206 1511 4286 plane
1545 4207 1656 4268 hoc
1688 4207 1862 4267 modo
1895 4225 1964 4267 ex
2000 4209 2173 4270 Patre

2259 1848 2281 1877 α
2326 1827 2478 1876 τοῦτο
2556 1829 3028 1904 συκοφαντοῦντας,
3089 1823 3168 1880 ὅτι
3247 1823 3364 1882 οὔτε
3395 1825 3681 1905 ἀγέννητον
3737 1829 3902 1908 λέγο-

2253 1934 2279 1966 α
2327 1929 2422 1982 μεν
2506 1911 2567 1965 τὸ
2648 1911 2859 1986 Πνεύμα
2943 1913 3002 1968 τὸ
3077 1913 3228 1990 ἅγιον
3259 1929 3272 1942 ⁸
3363 1913 3451 1970 ἕνα
3521 1919 3620 1995 γὰρ
3675 1917 3902 1995 οἴδαμεν

2258 2024 2279 2054 ι
2325 1997 2614 2076 ἀγέννητον
2671 2002 2757 2056 καὶ
2797 2003 2922 2075 μίαν
2963 2007 3068 2056 τῶν
3113 2001 3278 2059 ὅντων
3309 2003 3510 2084 ἀρχὴν,
3570 2007 3660 2063 τόν
3691 2009 3900 2088 Πατέρα

2255 2113 2280 2146 ε
2326 2093 2417 2142 τοῦ
2477 2088 2660 2167 Κυρίου
2716 2091 2871 2163 ἡμῶν
2928 2089 3102 2156 Ἰησοῦ
3134 2099 3378 2170 Χριστοῦ,
3411 2094 3525 2150 οὔτε
3585 2098 3841 2174 γεννητόν
3877 2114 3892 2128 ⁸

2257 2201 2281 2234 ε
2329 2174 2420 2230 ἕνα
2476 2178 2574 2254 γὰρ
2632 2179 2903 2255 Μονογενῆ
2967 2178 3020 2235 ἐν
3073 2187 3140 2256 τῇ
3202 2181 3482 2260 παραδόσει
3540 2191 3636 2252 τῆς
3667 2189 3896 2252 πῖστεως

2258 2288 2283 2322 ε
2331 2263 2704 2346 ἐδιδάχθημεν.
2763 2273 2834 2328 Τὸ
2892 2269 2949 2326 δὲ
3001 2272 3210 2346 Πνεύμα
3274 2278 3373 2340 τῆς
3430 2273 3675 2342 ἀληθείας
3719 2277 3779 2334 ἐκ
3808 2285 3902 2335 τοῦ

2258 2381 2282 2414 ε
2334 2359 2535 2435 Πατρὸς
2611 2359 2978 2437 ἔκπορεύεσθαι
3047 2359 3402 2441 διδαχθέντες,
3488 2364 3547 2420 Ex
3601 2372 3693 2422 τοῦ
3768 2371 3902 2424 Θεοῦ

2258 2469 2283 2502 ι
2329 2444 2471 2501 εἶναι
2501 2445 2861 2525 ὁμολογοῦμεν
2905 2449 3184 2513 ἀκτίστως.

2921 2735 3251 2798 Ἐπισεασία.

2336 2859 2360 2890 α
2411 2833 2562 2921 Ὀρᾷς
2614 2845 2874 2899 κανταῦθα
2953 2845 3016 2898 τὸ
3069 2845 3193 2901 αὐτὸ
3251 2845 3310 2901 Ex
3369 2855 3500 2904 Θεοῦ
3550 2852 3627 2923 τῷ
3693 2850 3754 2906 Ex
3806 2860 3903 2909 τοῦ

2257 2959 2282 2993 ι
2333 2932 2554 3011 Πατρός,
2603 2933 2676 2996 ὡς
2706 2929 2962 2995 πολλάκις
2993 2933 3297 3011 εἰρήκαμεν.
3348 2959 3370 2990 ι

2903 3038 3252 3118 Ἀντίῤῥησις.

2339 3149 2426 3216 Μὴ
2482 3157 2636 3208 τοῦτο
2693 3149 2854 3225 μόνον
2901 3147 3086 3205 σκόπει
3144 3149 3421 3230 προφέρειν
3479 3151 3580 3226 ἀεὶ,
3630 3151 3710 3209 ὅτι
3763 3156 3898 3212 ταύ-

2256 3237 2346 3292 τόν
2405 3237 2514 3293 ἐστι
2543 3240 2604 3292 τὸ
2635 3236 2695 3294 Ex
2741 3245 2834 3294 τοῦ
2891 3243 3020 3293 Θεοῦ
3062 3243 3138 3311 τῷ
3179 3237 3238 3294 Ex
3295 3246 3386 3295 τοῦ
3443 3241 3669 3318 Πατρός.
3731 3240 3901 3300 Ἀλλά

2257 3325 2340 3383 δεῖ
2397 3347 2455 3383 σε
2511 3326 2795 3407 προσέχειν
2839 3328 2926 3384 καὶ
2975 3340 3098 3390 ταῖς
3150 3325 3335 3391 ἄλλαις
3362 3335 3466 3384 τῶν
3496 3331 3646 3385 θείων
3676 3335 3896 3412 Γραφῶν

2255 3414 2490 3493 ρήσεσιν,
2540 3415 2590 3480 ἐξ
2644 3419 2717 3471 ὧν
2759 3430 2874 3480 τοῖς
2915 3415 3180 3494 θεολόγοις
3225 3417 3484 3496 Πατράσιν
3525 3420 3681 3494 ἡμῶν
3725 3423 3898 3480 εἰπεῖν

2254 3502 2519 3582 ἐνεγένετο
2574 3503 2632 3559 Ex
2694 3506 2894 3584 Πατρὸς
2952 3507 3037 3560 καὶ
3094 3507 3214 3561 ι’ἱοῦ
3261 3511 3398 3562 εἶναι
3452 3507 3512 3564 τό
3569 3509 3778 3585 Πνεύμα
3834 3510 3899 3568 τό

2254 3591 2426 3670 ἅγιον.
2510 3591 2791 3669 Προδιςλως
2852 3597 2880 3649 ὁ
2949 3592 3114 3671 μέγας
3173 3593 3464 3668 Βασίλειος,
3513 3595 3728 3656 ἐνταῦθα
3797 3600 3898 3667 τὴν

2255 3683 2420 3737 αἰτίαν
2488 3680 2684 3756 δηλῶν,
2750 3683 2865 3738 ὅθεν
2915 3685 2976 3737 εκ
3007 3689 3097 3738 τοῦ
3127 3686 3329 3760 Πατρός
3359 3684 3693 3763 ἀναφαίνεται
3751 3689 3894 3745 εἶναι

2252 3773 2312 3827 τὸ
2382 3772 2591 3846 Πνεύμα
2632 3774 2693 3828 τὸ
2748 3771 2919 3849 ἅγιον,
2980 3773 3079 3839 τὴν
3137 3771 3485 3851 εὖαγγελικὴν
3542 3773 3896 3853 προϐάλλεται

2254 3861 2434 3942 φωνὴν
2513 3863 2586 3924 εἰς
2643 3862 2922 3940 μαρτυρίαν
2968 3860 3283 3928 ἀδιάϐλητον
3310 3863 3405 3930 τῆς
3449 3863 3509 3918 Ex
3549 3873 3640 3923 τοῦ
3696 3868 3900 3945 Πατρὸς

2253 3949 2521 4029 ὑπάρξεως
2562 3956 2655 4006 τοῦ
2715 3950 3042 4025 [Ινεύματος,
3114 3953 3202 4007 καὶ
3245 3969 3416 4032 φησιο
3467 3953 3563 4007 Διὰ
3620 3956 3770 4010 τοῦτο
3839 3954 3901 4011 Ex

2253 4045 2346 4095 τοῦ
2401 4045 2540 4096 Θεοῦ·
2589 4038 2732 4094 εἶναι
2783 4037 3148 4117 ὁμολογουμεν
3196 4040 3451 4104 ἆκτίσῖσης
3480 4042 3542 4097 τὸ
3587 4049 3796 4118 Πνεῦμα
3837 4047 3900 4101 τὸ

2255 4126 2425 4206 ἅγιον,
2494 4127 2573 4183 ὅτι
2633 4126 2686 4182 ἐν
2719 4126 3056 4206 Εὖαγγελίοις
3101 4126 3448 4209 ἐδιδάχθημεν
3477 4129 3538 4186 Ex
3576 4134 3670 4189 τοῦ
3699 4137 3900 4213 Πατρὸς

2258 4217 2380 4272 αὐτὸ
2436 4215 2824 4294 ἐκπορεύεσθαι.
2889 4217 2985 4274 Καὶ
3053 4215 3156 4284 ἤδη
3223 4219 3460 4297 καθαρῶς
3511 4218 3674 4285 οὕτως
3747 4223 3782 4289 ἡ
3840 4223 3902 4280 ἐκ

528 4298 839 4362 existentia
870 4296 1120 4378 Spiritus
1164 4313 1267 4375 per
1315 4295 1608 4365 indicans,
1642 4294 1833 4375 ipsum
1877 4313 1948 4356 ex
1996 4297 2170 4357 Patre

2255 4310 2344 4360 τοῦ
2401 4307 2604 4380 Πατρὸς
2661 4302 2874 4384 ῦπαρξις
2929 4311 3019 4361 τοῦ
3047 4294 3469 4381 Πνεύματος-δια
3495 4309 3592 4377 τῆς
3634 4307 3899 4379 δηλούσης

532 4392 878 4472 procedere,
939 4389 1342 4464 evangelicum
1391 4386 1613 4448 dictum
1647 4394 2165 4450 commonstratur.

528 4480 848 4544 Considera
884 4497 1056 4559 porro
1089 4493 1148 4538 tu
1181 4495 1309 4558 quae
1335 4494 1368 4536 a
1392 4495 1600 4554 magno
1629 4475 1960 4556 Epiphanio
1982 4475 2172 4538 inAu-

529 4579 727 4651 cyroto
758 4567 1153 4630 determinata
1205 4575 1362 4638 sunt,
1398 4575 1462 4626 ut
1491 4565 1706 4638 discas,
1763 4563 2048 4645 Spiritum
2102 4583 2172 4626 ex

527 4660 680 4723 Filio
713 4658 1018 4728 exsistere,
1052 4657 1167 4718 alio
1199 4673 1437 4735 quoque
1475 4652 1812 4733 evangelico
1872 4652 2032 4714 dicto
2062 4652 2169 4714 de-

526 4746 870 4810 monstrari.
903 4744 1170 4827 Namque
1195 4745 1276 4805 ait
1309 4764 1322 4806 :
1361 4769 1380 4799 ι
1413 4741 1672 4823 Uterque
1716 4741 1936 4803 habitat
1966 4741 2027 4801 in
2059 4743 2170 4803 ho—

529 4837 692 4899 mine
733 4837 894 4916 justo
953 4834 1222 4897 Christus
1276 4842 1335 4894 et
1401 4832 1633 4913 Spritus
1703 4831 1884 4891 illius.
1948 4829 2170 4902 Quodsi

532 4927 802 4988 Christus
831 4943 899 4986 ex
927 4928 1098 4987 Patre
1128 4923 1411 4996 creditur,
1445 4921 1602 4983 Deus
1639 4940 1706 4982 ex
1740 4919 1950 4990 Deo,et
1979 4917 2172 5000 Spiri-

529 5021 621 5076 tus
643 5034 710 5076 ex
742 5015 998 5082 Christo.
1050 5021 1150 5074 aut
1203 5015 1278 5073 ab
1337 5019 1610 5092 utroque,
1647 5017 1708 5070 ut
1763 5007 2036 5069 Christus
2065 5009 2172 5081 ait,

527 5101 636 5174 Qui
668 5122 702 5163 a
737 5105 910 5164 Patre
943 5101 1227 5179 procedit.
1267 5109 1322 5162 et
1355 5099 1461 5162 Hic
1520 5100 1594 5160 de
1655 5116 1784 5159 meo
1829 5096 2102 5177 accipiet.
2135 5117 2166 5158 ι

527 5191 791 5252 Videsne
824 5211 892 5252 ex
925 5191 1154 5253 duobus
1185 5191 1276 5252 his
1325 5187 1688 5269 evangelicis
1739 5187 1917 5248 dictis
1948 5185 2168 5264 colligi,

533 5297 601 5341 ex
635 5278 806 5341 Patre
837 5292 896 5340 et
922 5279 1070 5340 Filio
1123 5298 1255 5342 esse
1305 5277 1589 5360 Spiritum
1649 5285 1941 5350 sanctum,
1990 5285 2047 5337 et
2104 5293 2174 5337 ex

527 5369 699 5432 Patre
756 5369 1019 5450 quidem,
1054 5369 1209 5451 quod
1242 5388 1309 5431 ex
1343 5372 1514 5432 Patre
1565 5369 1892 5450 procedat;
1925 5384 1994 5427 ex
2031 5366 2174 5429 Filio

530 5477 668 5522 vero
697 5459 853 5542 quod
886 5476 954 5520 ex
984 5458 1112 5539 ipso
1142 5458 1411 5539 accipiat.
1445 5458 1636 5539 Hujus
1666 5476 1799 5520 cum
1831 5455 1892 5518 in
1924 5454 2173 5536 profun-

527 5548 603 5616 da
626 5546 1086 5633 introspexeris,
1121 5548 1342 5630 poteris
1381 5548 1656 5629 judicare
1695 5563 1975 5626 magnum
2001 5543 2173 5608 Basi-

2253 4395 2316 4448 Ex
2364 4399 2455 4448 τοῦ
2526 4399 2726 4470 Πατρὸς
2781 4394 2906 4449 αὗτό
2960 4396 3327 4474 ἒκπορεύεσθαι
3378 4397 3737 4476 Εὗαγγελικῆς
3794 4398 3900 4478 ῥή-

2254 4503 2388 4545 σεως
2440 4480 2794 4561 ἀναφαίνεται.
2860 4483 3054 4538 Σκόπει
3109 4483 3164 4540 δὲ
3237 4486 3297 4540 σὺ
3335 4487 3440 4560 ξκαὶ
3494 4487 3560 4542 τὰ
3624 4489 3764 4567 παρᾶ
3805 4495 3899 4546 τοῦ

2254 4569 2486 4648 μεγάλου
2556 4568 2863 4650 Ἐπιφανίου
2921 4571 2974 4628 ἐν
3035 4579 3113 4648 τῷ
3185 4571 3501 4654 Ἀγκυρωτῷ
3579 4575 3896 4656 δεδογματι-

2255 4659 2442 4735 σμένα,
2504 4659 2649 4723 ὅπως
2709 4659 2770 4714 ἂν
2817 4668 2954 4738 γνῷς
3009 4663 3082 4725 ὡς
3138 4663 3224 4718 καὶ
3273 4665 3332 4719 τὸ
3363 4664 3423 4719 ἐκ
3449 4671 3540 4721 τοῦ
3575 4668 3694 4722 ι’ἱοῦ
3723 4666 3896 4746 ὑπάρ-

2256 4771 2376 4830 χειν
2425 4751 2487 4804 τὸ
2557 4749 2768 4824 Πνεύμα
2840 4750 2945 4807 ἀπὸ
3021 4748 3226 4828 ρήσεως
3309 4751 3476 4820 ἄλλης
3537 4754 3898 4834 Εὖαγγελικῆς

2252 4837 2610 4916 ἀναφαίνεται.
2683 4841 2824 4905 Φησὶ
2875 4840 2973 4918 γὰρ
3030 4840 3193 4906 οὕτως
3229 4859 3243 4874 ⁸
3284 4863 3308 4897 ι
3353 4842 3657 4924 Ἀμφότερα
3705 4867 3897 4902 κατοι-

2253 4940 2340 4983 κεῖ
2396 4926 2449 4982 ἐν
2478 4933 2555 5001 τῷ
2611 4926 2868 5006 ἀνθρώπῳ
2923 4934 3000 5002 τῷ
3063 4927 3272 5006 δικαίῳ,
3331 4933 3358 4987 ὁ
3419 4935 3641 5011 Χριστὸς
3697 4936 3785 4990 καὶ
3837 4936 3902 4990 τδ

2254 5016 2466 5090 Πνεύμα
2519 5017 2695 5073 αὐτοῦ.
2775 5018 2833 5073 Εἰ
2889 5015 2944 5072 δὲ
3002 5021 3224 5098 Χριστὸς
3282 5019 3342 5075 Ex
3393 5030 3487 5080 τοῦ
3544 5024 3744 5102 Πατρὸς
3815 5045 3904 5079 πι-

2253 5106 2510 5176 στεῦεται,
2570 5106 2699 5170 Θεὸς
2759 5105 2817 5160 Ex
2877 5113 3030 5188 Θεοῦ,
3086 5109 3270 5164 καὶτὸ
3324 5111 3533 5185 Πνεύμα
3576 5110 3634 5167 Ex
3663 5118 3752 5168 τοῦ
3780 5117 3904 5190 Χρι-

2253 5215 2399 5267 στου,
2471 5193 2506 5261 ἢ
2577 5193 2701 5272 παρ’
2745 5193 3076 5275 ἀμφοτέρων,
3137 5199 3208 5262 ὡς
3263 5220 3424 5277 φησιν
3481 5201 3508 5255 ὁ
3539 5201 3784 5278 Χριστὸς,
3830 5197 3901 5258 ’Ὀ

2254 5282 2395 5361 παρά
2449 5282 2542 5338 τοῦ
2598 5284 2800 5360 Πατρὸς
2877 5285 3236 5365 ἔκπορεύεται,
3310 5289 3415 5362 xvi,
3489 5288 3649 5351 Οὗτος
3699 5290 3760 5344 kx
3810 5297 3905 5347 τοῦ

2255 5370 2383 5444 ἐμοῦ
2453 5368 2705 5447 λήψεται.
2760 5389 2784 5424 ι
2846 5363 3022 5452 Ὀρᾷςί
3056 5363 3230 5438 ὅπως
3273 5373 3332 5432 Ex
3387 5375 3484 5444 τῆς
3541 5374 3627 5433 δύο
3675 5375 3902 5454 εὐαγγε-

2255 5458 2416 5517 λικῶν
2471 5466 2658 5541 φωνῶν
2713 5461 2912 5519 τούτων
2969 5463 3244 5542 συνάγεται
3299 5467 3360 5520 'sx
3416 5464 3620 5544 Πατρδς
3648 5467 3736 5522 καὶ
3780 5468 3902 5521 Υἱοῦ

2255 5548 2398 5606 εἶναι
2449 5551 2511 5607 τὸ
2567 5551 2779 5629 Πνεύμα
2849 5553 2909 5607 τὸ
2966 5550 3138 5634 ἅγιον,
3183 5552 3244 5609 Ex
3284 5554 3384 5630 μὶν
3441 5554 3534 5613 τοῦ
3564 5557 3787 5637 Πατρδς,
3822 5554 3902 5613 ὅτι
