4180 6282
261 270 378 340 453
1284 274 1367 342 ΙΝ
1411 272 1807 340 CAMATERI
1847 271 1953 336 AN

2044 268 2598 338 ‘ADVERSIONES.
3531 271 3650 335 454

262 409 320 464 ὲκ
407 409 501 466 τοῦ
566 413 771 489 Πατρὸς
831 410 1191 491 ἐκπορεύεται,
1236 410 1298 467 ἐκ
1353 408 1407 466 δὲ
1437 416 1528 466 τοῦ
1561 409 1704 477 Υἶοῦ,
1754 404 1834 462 ὅτι
1865 401 1957 470 EE!

2046 425 2168 480 um,
2200 426 2319 468 non
2377 415 2440 468 ut
2488 405 2856 488 comprobet,
2913 426 3030 468 non
3065 408 3348 470 exsistere
3397 429 3463 471 ex
3497 409 3647 472 Filio

263 501 424 556 αὐτοῦ
519 498 804 574 λαμϐάνει.
902 511 1067 560 Τοῦτο
1160 507 1285 578 γοῦν
1386 497 1746 560 κατοπτεύσας
1851 497 1916 556 εἰς

2048 495 2286 574 piritum
2342 496 2400 556 in
2461 496 2650 577 posita
2701 497 2979 576 pericope
3012 497 3232 560 dixisse
3268 520 3281 556 :
3323 525 3344 552 α
3369 499 3448 561 Ex
3484 503 3651 561 Patre

262 587 460 661 βλθως,
522 586 805 665 διαγνῶναι
874 587 1022 669 ἔχεις
1071 591 1144 654 ὡς
1203 592 1230 645 ὁ
1293 587 1460 666 μέγας
1493 585 1786 655 Βασίλειος,
1817 588 1921 663 οὔχ

2047 585 2328 645 rocedere
2361 584 2753 656 edocti,illum
2789 604 2855 646 ex
2896 585 3017 646 Deo
3050 605 3179 648 esse
3203 587 3579 662 conﬁtemur,
3617 613 3643 644 ι)

265 653 354 730 ξ’να
398 653 742 757 παραστήσῃ,
799 679 876 752 μὴ
905 653 966 734 fx.
1007 679 1100 735 τοῦ
1132 653 1265 734 γΥἱοῦ
1293 653 1554 756 ῦπάρχειν
1583 677 1642 732 τὸ
1686 681 1919 753 Πνεῦμα,

2044 672 2109 732 ed
2142 681 2202 732 ut
2233 653 2586 753 declararet,
2621 673 2919 734 undonam
2956 683 3014 734 et
3046 695 3112 736 ex
3163 695 3278 755 quo
3311 677 3651 756 evangelica

267 763 319 819 ἐν
373 769 443 840 τῇ
498 765 713 843 ῥηθείσῃ
786 765 888 847 ἔφη
967 773 1253 844 περικοπῇ.
1308 789 1334 821 α
1393 764 1490 823 Ἐκ
1571 787 1664 822 του
1720 765 1923 841 Πατρὸς

2049 760 2165 821 icto
2199 760 2470 823 [’atribus
2505 763 2869 824 theolocisin
2893 774 3152 825 mentem
3177 769 3406 828 venerit
3428 767 3650 846 dicere,

268 853 638 930 ἐκπορεύεσθαι
697 853 1031 936 διδαχθέντες
1100 858 1162 912 τὸ
1240 855 1474 931 Πνεύμα,
1533 853 1591 910 ἐκ
1646 856 1740 910 τοῦ
1797 855 1928 908 Θεοῦ

2045 868 2078 910 x
2113 851 2284 911 Patre
2308 849 2591 929 Spiritum
2625 851 2847 913 habere
2879 855 3309 917 exsistentiam.

268 941 410 997 εἶναι
457 942 822 1022 ὁμολογοῦμεν
880 946 1026 1019 αῦτὸ,
1065 965 1086 996 ι
1126 942 1358 1001 ἀλλ’ἵνα
1441 941 1744 1021 διασαφήση
1809 941 1996 999 ῦπὸθεν
2053 941 2140 994 καὶ
2194 942 2251 994 ὲκ
2310 940 2461 1002 ποίας
2524 947 2780 1018 γραγικῆς

2864 945 3143 1022 μαρτδρίας
3197 947 3317 1010 τοῖς
3377 945 3428 1003 δε
3473 947 3652 1026 λόγοις

271 1030 534 1108 Πατράσιν
563 1031 772 1109 ὶγένετο
803 1034 997 1105 εἰπεῖν,
1031 1031 1091 1087 ἐκ
1117 1039 1211 1088 τοῦ
1240 1032 1440 1110 Πατρὸς
1470 1031 1531 1086 τό
1559 1029 1771 1105 Πνεῦμα
1789 1027 1934 1108 ἔχειν
1968 1028 2061 1094 τὴν
2101 1027 2338 1102 ὕπαρξιν,

351 1143 455 1192 Τοῦ
486 1139 643 1196 αὒτοῦ
671 1137 731 1194 ἐκ
766 1143 864 1202 τῆς
895 1140 1026 1218 πρὸς
1069 1139 1164 1202 τάς
1214 1138 1503 1201 Κανονικάς
1532 1134 1846 1202 ῐεπιστολῆς.

1911 1215 1926 1234 \

351 1233 456 1300 κ6’.
527 1265 550 1296 ι
600 1246 672 1301 Τὸ
746 1243 799 1299 δὲ
860 1245 1072 1320 Πνεύμα
1133 1246 1194 1300 τὸ
1265 1244 1414 1320 ἅγιον
1477 1245 1635 1320 Πατρὶ
1689 1241 1784 1300 μὲν
1843 1239 1930 1296 και

2234 1132 2522 1210 Eiusdem
2555 1153 2628 1196 ex
2657 1137 2902 1216 epistola
2932 1140 3012 1200 ad
3045 1140 3399 1210 Canonicas.

2093 1237 2168 1299 ‘29
2229 1261 2251 1293 (ι
2289 1238 2544 1318 Spiritus
2578 1249 2771 1300 autem
2807 1248 3044 1306 sanctus
3075 1266 3206 1307 cum
3239 1251 3407 1312 Patre
3432 1253 3655 1315 etFilio

282 1355 306 1382 α
355 1331 464 1405 Υἱῷ
543 1336 962 1412 συναριθμεῖται,
1045 1331 1176 1388 διότι
1257 1333 1346 1388 καὶ
1401 1332 1531 1409 ὑπὲρ
1585 1331 1682 1396 τὴν
1753 1329 1932 1385 κτίσιν

2044 1353 2046 1380 ;
2080 1338 2714 1408 annumeratus,supra
2744 1350 2981 1392 omnem
3013 1336 3650 1415 consistitcreaturam,

281 1443 304 1469 α
355 1423 520 1492 ἐστιν,
585 1421 825 1477 τέτακται
871 1420 924 1477 δὲ
972 1421 1166 1501 τρίτον,
1227 1423 1300 1483 ὡς
1344 1421 1431 1475 καὶ
1486 1419 1539 1474 ἐν
1596 1419 1932 1496 Εὐαγγελίοις

283 1532 308 1560 α
356 1505 698 1587 δεδιδάγμεθα
757 1511 900 1588 παρὰ
958 1512 1050 1566 τοῦ
1100 1510 1286 1587 Κυρίου
1345 1508 1604 1585 εἰπόντος,
1672 1532 1693 1562 ι
1728 1513 1928 1585 Πορευ-

2022 1440 2043 1469 (ι
2084 1415 2277 1476 locum
2313 1435 2448 1476 vero
2485 1419 2719 1478 tertium
2751 1420 2998 1497 obtinet,
3023 1425 3519 1503 quemadmodum
3549 1447 3658 1492 nos

2023 1527 2049 1557 α
2085 1503 2255 1564 docet
2281 1505 2338 1598 in
2374 1504 2684 1598 Evangelio
2714 1509 3024 1598 meinus.
3064 1535 3088 1568 α
3124 1513 3345 1577 Euntes
3370 1516 3660 1598 baptizate

285 1617 307 1646 ι
355 1594 531 1658 θέντες
588 1597 862 1672 βαπτίζετε
920 1599 992 1662 εἷς
1065 1599 1125 1652 τὸ
1193 1594 1360 1672 ὄνομα
1430 1603 1523 1651 τοῦ
1570 1597 1801 1680 Πατρὸς,
1843 1589 1930 1650 καὶ

2083 1594 2142 1652 in
2173 1595 2412 1654 nomine
2436 1596 2714 1666 Patris,et
2742 1596 2875 1658 Filii
2899 1609 2957 1660 et
2993 1598 3250 1680 Spiritus
3281 1589 3470 1666 sancti
3501 1608 3586 1669 55.
3628 1632 3650 1665 υ

285 1706 310 1735 α
357 1693 451 1741 τοῦ
511 1686 651 1762 Υἱοῦ,
687 1687 772 1741 καὶ
800 1695 892 1744 τοῦ
947 1685 1096 1762 ἀγίου
1127 1685 1448 1760 Πνεύματος,
1500 1707 1521 1736 ι
1569 1674 1626 1742 ²Ο
1657 1682 1710 1740 δὲ
1741 1706 1930 1764 προτι-

2044 1706 2048 1736 ;
2084 1680 2195 1753 Qui
2231 1685 2618 1762 praeposuerit
2640 1684 2803 1746 illum
2824 1674 3095 1766 Filio,vel
3121 1692 3290 1754 Patre
3311 1693 3526 1757 dixerit
3545 1715 3658 1758 an-

290 1795 311 1826 σ
359 1773 464 1835 θεὶς
541 1775 682 1847 Υἶοῦ,
755 1773 790 1841 ἢ
849 1771 1198 1852 πρεσϐύτερον
1279 1772 1450 1850 λέγων
1507 1775 1734 1850 Πατρὸς,
1781 1775 1931 1834 οὗτος

2044 1792 2050 1824 :
2088 1771 2400 1850 tiquiorem
2431 1789 2585 1846 esse,
2614 1774 2834 1834 resistit
2855 1775 2964 1836 iste
2993 1780 3094 1839 Dei
3125 1780 3508 1857 ordinationi,
3540 1793 3598 1846 et
3627 1803 3662 1846 a

290 1882 312 1914 α
361 1861 662 1918 ἀνθίσταται
721 1863 817 1938 μὲν
872 1870 942 1940 τῇ
1013 1870 1106 1919 τοῦ
1175 1869 1306 1920 Θεοῦ
1355 1859 1602 1940 διαταγῇ,
1658 1859 1932 1940 ἀλλότριος

2044 1881 2051 1913 ι
2083 1875 2225 1918 sana
2255 1859 2372 1919 [ille
2404 1861 2636 1921 alienus
2663 1861 2920 1936 aberrat,
2955 1865 3095 1926 dum
3147 1887 3264 1929 non
3313 1870 3655 1934 inviolatum

289 1971 313 2000 (ι
363 1946 418 2002 δὲ
463 1949 558 2017 τῆς
600 1953 933 2028 ὑγιαινούσης
981 1953 1230 2019 πίστεως⁹
1265 1951 1343 2026 μὴ
1384 1951 1442 2005 ὃν
1475 1946 1739 2028 παρέλαϐε
1782 1947 1932 2015 δοξο-

2044 1956 2390 2008 :conservat
2447 1949 2613 2008 illum
2662 1951 2930 2012 ordinem
2979 1955 3429 2033 gloriﬁcationis
3483 1980 3659 2041 quem

291 2061 316 2090 α
363 2035 547 2116 λογίας
607 2040 800 2118 τρόπον
849 2039 1143 2120 φυλάττων,
1202 2037 1322 2095 ἀλλ’
1393 2040 1563 2112 ἑαυτῷ
1619 2039 1936 2118 κενοφωνίας

291 2150 317 2180 «
365 2128 437 2191 εἷς
495 2126 768 2205 ἀρέσκειαν
822 2130 1112 2207 ἀνθρώπων
1179 2129 1428 2189 ἐπινοῶν.
1477 2129 1533 2184 Εἰ
1576 2129 1675 2206 γάρ
1731 2127 1934 2183 ἀνώτε-

295 2240 317 2265 κ
370 2237 458 2293 ρον
519 2218 671 2288 Θεοῦ,
723 2219 818 2274 οὐκ
875 2217 935 2272 ἐκ
976 2227 1070 2275 τοῦ
1099 2224 1250 2289 Θεοῦ,
1283 2217 1398 2280 πῶς
1424 2213 1769 2293 πρεσϐύτερόν
1827 2214 1936 2271 ἔστι

295 2325 319 2358 α
367 2311 462 2361 τοῦ
505 2304 556 2369 ἐξ
588 2307 645 2361 οῦ
670 2307 784 2361 ἔστι
815 2325 832 2384 ;
867 2307 953 2369 Τίς
985 2304 1040 2361 δὲ
1072 2308 1158 2361 καὶ
1214 2307 1247 2374 ἦ
1291 2305 1574 2384 παράνοια,
1609 2303 1724 2367 ἐνὸς
1781 2303 1934 2367 ὄντος

298 2415 318 2446 σ
369 2400 463 2450 τοῦ
519 2395 830 2470 ἀγεννήτου,
863 2393 993 2450 ἄλλο
1023 2417 1072 2449 τι
1103 2393 1277 2472 λέγειν
1323 2394 1415 2451 τοῦ
1472 2393 1761 2471 ἀγεννήτου
1792 2391 1933 2448 ἀνώ-

295 2504 322 2534 α
371 2503 521 2559 τερον
554 2529 571 2557 ,
602 2480 720 2538 ἀλλ’
797 2479 910 2539 οὐδὲ
968 2488 1061 2538 τοῦ
1119 2488 1444 2559 Μονογενυῦς
1475 2481 1746 2560 πρότερον.
1782 2480 1941 2538 Οὐδὲν

298 2593 324 2623 ι
370 2570 470 2647 γὰρ
527 2569 688 2644 μέσον
776 2573 897 2627 Υἱοῦ
949 2572 1038 2626 καὶ
1095 2569 1320 2649 Πατρός,
1367 2575 1426 2626 Εἰ
1469 2568 1522 2624 δὲ
1553 2569 1630 2645 μή
1688 2567 1828 2626 ἐστιν
1884 2569 1945 2625 ἐκ

301 2683 326 2710 ι(
377 2665 528 2731 Θεοῦ,
584 2657 667 2714 διὰ
711 2666 932 2738 Χριστοῦ
977 2657 1032 2715 δὲ
1077 2658 1240 2734 ἔστιν,
1288 2657 1377 2717 οῦδ
1433 2657 1543 2714 ἔστι
1595 2660 1656 2715 τὸ
1699 2659 1944 2737 παράπαν

299 2771 320 2800 α
371 2746 509 2802 ὥστε
577 2749 612 2814 ἡ
667 2749 783 2827 περὶ
850 2751 950 2814 τὴν
1019 2746 1160 2812 τάξιν
1243 2747 1554 2821 καινοτομία
1621 2748 1784 2812 αῦτῆς
1844 2745 1943 2813 τῆς

301 2860 326 2888 α
375 2835 644 2914 ὑπάρξεως
713 2835 959 2903 ἀθέτησιν
1015 2835 1157 2916 ἔχει,
1215 2838 1303 2892 καὶ
1363 2833 1495 2902 ὅλης
1567 2840 1665 2902 τῆς
1719 2835 1945 2906 πίστεώς

306 2949 326 2978 ι
378 2924 518 2980 ἐστιν
553 2921 793 3002 ἄρνησις.

2027 2061 2052 2090 «
2090 2037 2325 2116 accepit
2351 2039 2654 2111 traditum,
2689 2041 2793 2100 sed
2819 2049 2882 2100 ut
2914 2043 3147 2121 placere
3178 2047 3362 2122 possit
3393 2037 3656 2112 homini-

2027 2147 2049 2179 ο
2086 2124 2218 2198 bus,
2254 2124 2570 2186 verborum
2603 2127 2717 2188 sibi
2747 2129 3050 2192 adinvenit
3075 2135 3381 2198 novitates.
3432 2137 3576 2200 Nam
3610 2142 3662 2201 si

2027 2236 2050 2269 ιι
2087 2216 2208 2307 ροο
2266 2214 2550 2307 subsistat
2602 2218 2901 2297 superior,
2964 2239 3336 2304 nequaquam
3370 2235 3562 2307 potest
3588 2246 3659 2294 ex

2026 2329 2048 2356 ιι
2086 2302 2207 2363 Deo
2239 2321 2390 2365 esse.
2418 2304 2712 2385 Scriptum
2745 2316 2832 2368 est
2862 2307 3020 2369 enim
3041 2302 3338 2392 {Spiritus
3363 2302 3557 2378 autem
3591 2337 3663 2380 ex

2028 2418 2055 2447 ιι
2090 2391 2210 2489 Deo
2233 2402 2346 2466 est;
2374 2394 2528 2474 quod
2560 2395 2608 2455 si
2629 2413 2697 2457 ex
2741 2395 2984 2489 Deo‘sit,
3019 2391 3318 2482 antiquior
3346 2423 3480 2466 esse
3510 2409 3658 2489 Deo,

2031 2505 2053 2536 (ι
2090 2480 2189 2560 qui
2223 2490 2430 2560 potest,
2463 2501 2530 2544 ex
2562 2503 2677 2564 quo
2710 2484 2825 2548 est?
2847 2486 2991 2559 Quae
3022 2498 3108 2550 est
3130 2480 3326 2553 autem
3353 2502 3412 2554 et
3433 2494 3533 2556 illa
3563 2480 3660 2557 in;

2029 2589 2058 2630 (
2093 2570 2419 2642 sania,cum
2446 2591 2596 2634 unus
2619 2574 2862 2636 omnino
2888 2576 3487 2656 sitingenitus,alium
3507 2586 3665 2647 afﬁr-

2034 2682 2063 2713 α
2099 2677 2258 2719 mare
2287 2659 2552 2737 ingenito
2573 2664 2942 2741 superiorem
2967 2666 3254 2729 esse?imo
3278 2689 3388 2732 nec
3408 2673 3662 2750 priorem

2035 2767 2062 2804 α
2096 2747 2334 2826 quidem
2369 2747 2706 2826 Unigenito.
2735 2771 2866 2813 cum
2897 2753 3054 2817 inter
3080 2757 3295 2819 Filium
3343 2747 3420 2821 sit
3458 2770 3515 2822 et
3551 2766 3665 2825 Pa-

2029 2842 2178 2895 trem
2242 2836 2385 2897 nibil
2437 2839 2901 2923 intermedium;
2963 2845 3175 2924 quodsi
3247 2867 3315 2908 ex
3374 2849 3494 2912 Deo
3546 2871 3666 2916 non

2031 2943 2066 2985 ι
2099 2925 2388 2992 consistit.
2427 2947 2532 3006 per
2553 2928 2852 2993 Christum
2882 2943 3076 2994 autem
3107 2943 3216 3012 est,
3242 2948 3402 3000 certe
3424 2942 3670 3004 omnino

306 3042 327 3068 ο
363 3030 484 3073 non
519 3020 610 3074 est
643 3032 658 3073 :
691 3031 882 3093 usque
913 3013 1064 3074 adeo
1092 3014 1220 3076 haec
1248 3012 1324 3076 de
1352 3011 1564 3076 ordine
1603 3010 1927 3093 innovatio,
1963 3029 1986 3061 ι
2033 3014 2218 3094 ipsius
2273 3016 2628 3081 exsistentize
2685 3010 3210 3101 annibilationem,
3231 3033 3290 3087 et
3317 3027 3457 3089 ﬁdei
3491 3030 3672 3096 totius

307 3128 329 3156 α
366 3099 825 3180 abnegationem
851 3101 1057 3166 habes.
1093 3123 1115 3154 ι

960 3208 1304 3274 Ἐπιστασία,
1963 3217 2002 3267 C

388 3339 412 3369 ι
461 3314 698 3380 Ἀκουεις
723 3321 836 3380 πῶς
895 3317 1172 3397 πανταχοῦ
1214 3321 1242 3374 ὁ
1285 3317 1434 3396 ἅγιος
1463 3320 1548 3398 τὸ,
1581 3317 1642 3374 ὲκ
1671 3325 1763 3376 τοῦ
1792 3324 1946 3389 Θεοῦ,

311 3429 338 3460 α
386 3405 471 3461 ὲπὶ
523 3415 616 3464 τοῦ
671 3408 874 3484 Πατρὸς
937 3404 1373 3488 ἐκλαμϐάνεται;
1431 3411 1593 3465 Τοῦτο
1661 3407 1762 3484 γὰρ
1817 3405 1952 3461 κάν-

312 3517 336 3550 ε
386 3497 549 3550 ταῦθα
591 3501 771 3575 σαφῶς
830 3495 1143 3574 παρίστησιν
1204 3497 1364 3552 εἰπών
1397 3515 1410 3528 ·
1470 3493 1620 3552 Ἀλλ’
1681 3493 1796 3553 οὐδὲ
1863 3499 1955 3550 τοῦ

313 3607 341 3639 α
390 3589 718 3660 Μονογενοῦς
775 3584 1026 3664 πρότερον
1059 3599 1073 3614 ⁶
1133 3586 1268 3641 κατά
1334 3585 1523 3641 ταύτὸν
1577 3583 1632 3640 δὲ
1702 3581 1785 3639 διὰ
1852 3588 1958 3638 τῶν

313 3697 342 3728 α
388 3672 638 3728 τοιούτων
703 3672 792 3728 καὶ
847 3673 945 3739 τὴν
1037 3675 1098 3729 ὶκ
1152 3681 1245 3730 106
1299 3675 1502 3752 Πατρὸς
1585 3670 1801 3752 ὕπαρξιν
1867 3669 1961 3727 τοῦ

316 3784 342 3818 σ
391 3762 716 3840 Πνεύματος,
779 3759 838 3818 ού
908 3760 1004 3836 μὲν
1087 3761 1147 3818 ἐκ
1225 3771 1320 3821 106
1404 3769 1727 3840 Μονογενούς
1811 3757 1960 3816 διδά-

318 3874 345 3904 ι
394 3871 532 3912 σκει,
582 3869 605 3900 1

971 3954 1322 4035 Ἀντίῤῥησις.

403 4063 591 4127 Κακῶς
635 4064 896 4122 κάνταῦθα
925 4063 1023 4131 τὴν
1069 4065 1168 4130 σὴν
1207 4063 1439 4148 ¹ἐσοφίσω
1482 4064 1810 4122 ἐπιστασίαν.
1859 4061 1967 4118 Λέ-

281 4147 286 4150 ’
318 4175 433 4232 γεις
465 4154 564 4232 γὰρ
595 4154 667 4216 ὡς
699 4155 727 4209 ὁ
757 4152 906 4231 ἅγιος
950 4153 1136 4231 εἰπὼν,
1181 4147 1317 4209 ἀλλὰ
1347 4151 1461 4210 οὐδὲ
1505 4160 1597 4209 τοῦ
1641 4159 1965 4230 Μονογενοος

317 4241 598 4321 πρότερον,
635 4248 814 4320 σαφῶς
845 4243 1130 4320 ¹παρίστησι
1173 4243 1234 4298 τὸ
1290 4242 1348 4298 ἐκ
1400 4249 1492 4299 τοῦ
1564 4249 1694 4298 Θεοῦ
1750 4240 1834 4297 ἐπὶ
1877 4243 1969 4296 τοῦ

319 4331 527 4409 Πατρὸς
569 4328 946 4406 λαμϐάνεσθαι,
995 4329 1140 4388 Κατά
1168 4332 1356 4388 ταυτὸν
1387 4327 1441 4386 δὲ
1473 4329 1556 4386 διὰ
1583 4337 1690 4388 τῶν
1718 4329 1968 4386 τοιούτων

319 4418 552 4476 διδάσκει
594 4422 682 4476 καὶ
737 4420 835 4486 τὴν
878 4418 938 4474 ἐκ
992 4425 1086 4476 τοῦ
1152 4421 1353 4498 Πατρὸς
1397 4419 1612 4498 ὕπαρξιν
1667 4428 1758 4477 τοῦ
1803 4417 1968 4473 Πνεύ-

324 4531 517 4587 ματος,
562 4511 620 4566 οῦ
678 4508 784 4582 μὴν
841 4510 902 4563 Ex
977 4517 1069 4566 106
1149 4515 1494 4586 Μονογενοῦς.
1575 4509 1673 4565 Καὶ
1728 4507 1789 4562 σὺ
1873 4505 1970 4580 μὲν

2612 3216 3087 3283 Animadversio.

2117 3320 2139 3390 ξ
2174 3299 2443 3390 Audisne
2477 3301 2622 3366 locis
2651 3305 2710 3366 in
2742 3305 3018 3368 omnibus
3065 3316 3331 3372 sanctum
3383 3311 3553 3390 illud,
3604 3334 3676 3378 ex

2042 3410 2069 3441 α
2101 3385 2244 3461 Deo,
2278 3389 2351 3449 de
2381 3393 2553 3453 Patre
2583 3394 2926 3455 assumere?
2953 3393 3078 3457 Hoc
3108 3397 3286 3458 etiam
3309 3399 3409 3462 hic
3438 3385 3676 3484 quoque

2045 3498 2068 3531 ι
2105 3477 2576 3572 confirmat,cum
2600 3481 2747 3572 dicit
2775 3505 2788 3541 :
2821 3483 2935 3546 Sed
2961 3503 3150 3566 neque
3170 3477 3487 3568 Unigenito
3511 3477 3673 3572 prio-

2049 3589 2071 3622 ι
2109 3578 2327 3639 rem,et
2355 3569 2564 3662 eodem
2597 3571 2724 3651 ipso
2753 3580 3020 3654 tempore
3048 3593 3155 3654 per
3185 3577 3308 3639 haec
3339 3588 3396 3640 et
3426 3569 3680 3662 Spiritus

2048 3679 2076 3711 α
2112 3657 2519 3719 exsistentiam
2553 3678 2624 3721 ex
2653 3661 2852 3738 Patre,
2889 3681 3007 3724 non
3033 3673 3230 3727 autem
3263 3685 3333 3728 ex
3365 3657 3678 3750 Uni-genito

2049 3769 2076 3801 α
2112 3744 2338 3809 θάσσει.
2370 3771 2397 3803 ιο

2699 3946 3027 4027 Refutatz’o.

2131 4042 2284 4105 Male
2335 4043 2432 4106 hic
2462 4064 2697 4126 quoque
2728 4057 2883 4110 tuam
2914 4050 3494 4118 animadversionem
3516 4077 3684 4121 com-

2051 4130 2412 4222 minisceris.
2437 4138 2708 4217 Namque
2737 4137 2908 4212 dicis,
2943 4159 3076 4202 cum
3108 4152 3350 4206 sanctus
3381 4147 3688 4222 dicat,Sed

2052 4236 2244 4299 neque
2273 4219 2585 4299 Unigenito
2618 4226 3111 4307 priorem,aperte
3141 4232 3493 4295 conﬁrmare
3516 4219 3688 4310 illud,

2050 4324 2120 4368 ex
2153 4310 2300 4390 Deo,
2333 4311 2406 4372 de
2428 4314 2599 4374 Patre
2629 4315 2882 4395 assumi;
2916 4325 2971 4376 et
3003 4317 3210 4378 eodem
3264 4322 3388 4400 ipso
3421 4330 3689 4401 tempore

2051 4414 2158 4476 per
2180 4397 2304 4459 haec
2335 4401 2588 4464 edocere
2633 4421 2702 4464 ex
2734 4405 2906 4464 Patre
2965 4403 3220 4484 Spiritus
3263 4397 3684 4491 e'xsistentiam,

2053 4504 2172 4546 non
2201 4496 2394 4549 autem
2429 4509 2497 4550 ex
2527 4491 2853 4570 Unigenito.
2893 4491 2962 4552 Et
2993 4502 3051 4553 tu
3095 4495 3335 4573 quidem
3385 4498 3532 4560 haec.
3569 4498 3689 4562 Ve-

320 4579 515 4656 11611.
569 4579 812 4664 Ἀληθῶς
871 4594 925 4652 δὲ
974 4599 1058 4670 τὸ,
1118 4595 1265 4654 Ἀλλ’
1307 4579 1439 4654 ἰοῦδὲ
1488 4604 1580 4654 τοῦ
1650 4579 1957 4673 Μονογενουι

2056 4585 2389 4673 rumtamen
2411 4579 2553 4640 illud
2573 4579 2853 4673 ‘.'ere,Sed
2879 4581 3386 4673 n_equeUnigenito
3409 4586 3690 4667 priorem,

323 4688 578 4764 πρότερον
620 4687 708 4742 καὶ
761 4687 845 4760 τὸ,
891 4683 1050 4744 Οῦδὲν
1119 4686 1218 4765 γὰρ
1261 4685 1421 4762 μέσον
1483 4687 1604 4741 1⁸ἱοῦ
1629 4686 1715 4741 καὶ
1747 4684 1971 4763 Πατρὸς,

323 4778 414 4832 καὶ
463 4777 547 4846 τὸ,
607 4775 870 4854 Τετάχθαι
925 4773 1097 4853 τρίτον
1157 4776 1217 4830 τὸ
1277 4775 1513 4855 Πνεύμα,
1576 4775 1820 4830 σύστασιν
1877 4772 1976 4851 φέ-

327 4887 503 4944 ρουσιν
549 4860 764 4942 ἀκριϐῆ,
825 4865 917 4918 τοῦ
989 4861 1442 4941 θεολογικωτάτου
1522 4864 1730 4929 Νύσσης
1791 4865 1976 4918 τεθεο-

327 4952 651 5031 λογηκότος,
722 4978 744 5009 ι
807 4955 1240 5030 Προεπινοεϊσθαι
1313 4953 1411 5028 μὲν
1479 4953 1570 5006 τὸν
1628 4951 1832 5028 Πατέρα
1888 4959 1980 5009 τοῦ

330 5045 453 5098 ι’ἱοῦ
521 5047 599 5115 τῷ
666 5040 764 5108 τῆς
843 5041 1005 5106 αἰτίας
1076 5038 1244 5120 λόγῳ,
1302 5043 1710 5120 προθεωρεῖσθαι
1780 5037 1834 5095 δὲ
1883 5039 1976 5095 τὸν

329 5133 451 5186 Υἱὸν
484 5135 582 5196 τῆς
638 5129 731 5186 τοῦ
795 5129 1096 5204 Πνεύματος
1165 5129 1503 5192 ὑποστάσεως
1557 5130 1693 5185 κατά
1735 5129 1824 5185 τὸν
1879 5133 1978 5194 τῆς

332 5221 500 5284 αἰτίας
573 5217 755 5295 λόγον,
817 5233 841 5267 ι
887 5217 1020 5296 ἅπερ
1075 5218 1248 5274 πάντα
1295 5217 1624 5298 ἐμφαίνουσι,
1674 5219 1735 5274 τὸ
1766 5214 1848 5272 διὰ
1891 5223 1986 5273 τοῦ

333 5311 460 5366 Υίοῦ
517 5307 660 5363 εἶναι
713 5309 775 5363 τὸ
830 5312 1041 5383 Πνεῦμα
1099 5306 1158 5363 ἐκ
1197 5317 1291 5366 τοῦ
1351 5309 1577 5387 Πατρὸς.
1630 5307 1792 5364 Τούτο
1860 5314 1983 5384 γοῦν

333 5396 422 5453 ἰπὶ
479 5397 564 5470 τὸ,
619 5393 754 5452 Ἀπὸ
821 5401 928 5452 τῶν
969 5393 1317 5471 διειλημένων
1361 5402 1430 5473 τῇ
1471 5394 1687 5472 ῥηθείσῃ
1719 5399 1984 5472 περικοπῇ

335 5485 744 5564 ὄμφαινόμενον,
829 5485 888 5540 οῦ
960 5485 1092 5565 μὴν,
1183 5486 1256 5548 ὡς
1320 5485 1476 5548 αὐτὸς
1533 5484 1690 5563 ἔφης,
1748 5481 1828 5538 ὅτι
1899 5481 1983 5538 διὰ

419 5612 484 5667 ³3
511 5613 718 5680 Matth.
748 5629 947 5695 xxvm,
986 5614 1087 5680 19.

2063 4674 2121 4724 et
2136 4665 2546 4740 illud,Nullum
2562 4668 2721 4730 enim
2734 4668 3100 4730 interFllium
3117 4678 3173 4731 et
3189 4677 3415 4734 Patrem
3430 4665 3692 4736 medium

2062 4760 2240 4826 est,et
2260 4753 2545 4834 Spiritum
2571 4758 2742 4840 tertio
2763 4757 2893 4817 loco
2916 4757 3218 4833 collocari,
3253 4764 3521 4840 apprime
3542 4780 3690 4823 con-

2062 4842 2298 4903 ﬁrmant
2316 4836 2685 4906 sententiain
2696 4847 2872 4907 rebus
2895 4846 3242 4926 tbeologicis
3261 4836 3564 4912 tradendis
3577 4869 3700 4913 ma-

2061 4931 2203 4992 ximi
2254 4931 2522 5012 Nysseni,
2565 4936 2960 5012 decernentis,
3002 4961 3021 4991 ε
3070 4935 3283 4998 Filium
3333 4940 3507 5001 Patre
3539 4958 3696 5020 pra:-

2061 5022 2334 5101 intelligi,
2361 5024 2589 5086 ratione
2617 5036 2895 5099 causaa,et
2926 5026 3418 5105 przeconsiderari
3443 5026 3698 5109 Spiritus

2062 5112 2362 5192 hypostasi
2385 5113 2598 5176 Filium
2631 5117 2956 5176 secundum
2989 5115 3278 5178 rationem
3311 5135 3703 5199 causasque

2064 5201 2264 5262 omnia
2293 5203 2680 5278 demonstrat,
2714 5222 2818 5283 per
2859 5205 3071 5266 Filium
3096 5223 3164 5266 ex
3199 5207 3370 5268 Patre
3399 5225 3531 5282 esse
3564 5207 3702 5288 Spi-

2063 5291 2261 5354 ritum.
2323 5293 2395 5354 Et
2442 5293 2554 5354 hoc
2604 5292 2840 5372 quidem
2874 5301 2982 5369 est,
3017 5294 3172 5374 quod
3206 5312 3276 5356 ex
3312 5295 3426 5372 his,
3483 5314 3612 5377 quae
3643 5296 3704 5358 in

2065 5383 2344 5463 praedicta
2374 5384 2651 5465 pericope
2687 5385 3296 5464 comprehenduntur,
3326 5386 3705 5449 demonstra-

2066 5481 2307 5549 tur,non
2323 5483 2386 5534 ut
2399 5482 2457 5534 tu
2474 5473 2827 5554 asseris,per
2847 5474 3254 5537 haacSanctum
3273 5474 3707 5560 exPatreSpiri-
