4180 6282
561 409 681 478 463

1648 412 1861 476 JOAN.
1907 412 2128 477 VECCI
2171 411 2293 499 op.
2330 408 2848 479 PATRIARCHIE

3810 400 3921 469 464

568 579 592 611 ι
625 547 821 612 cunda
865 564 1044 611 causa
1099 546 1447 622 dissereret,
1481 545 1814 628 perspicuis
1870 544 2068 608 verbis
2124 545 2199 604 ita

2302 567 2316 600 l
2368 546 2587 621 άγομεν,
2649 545 2735 599 καὶ
2778 546 2837 600 :6
2895 547 3171 623 γεννητὸν,
3227 545 3315 600 καὶ
3372 545 3431 598 :6
3483 541 3540 597 ἐκ
3593 547 3683 596 τοῦ
3727 542 3928 616 Πατρὸς

568 668 592 700 ι
626 639 895 719 loquens.
933 635 1106 699 Velut
1151 635 1430 716 poculum
1480 633 1779 715 quoddam
1833 634 2205 716 superﬂuxit.

564 755 590 790 ι
622 724 964 790 Verendum
1014 724 1177 787 enim
1228 734 1403 798 esset,
1459 743 1535 786 ne
1584 731 1844 785 coactam
1892 722 2205 803 quamdam

566 844 589 876 σ
625 813 1069 892 generationem
1127 814 1571 887 invehercmus,
1603 831 1672 874 ac
1731 812 1888 873 velut
1940 812 2207 872 naturale

565 929 588 960 α
622 903 919 985 quoddam
952 910 1396 964 excrementum
1437 908 1793 981 retentuque
1823 900 2093 972 difﬁcile,
2147 900 2205 958 in

565 1021 589 1053 ι
622 991 987 1053 divinitatem
1033 988 1280 1053 minime
1327 990 1649 1072 quadrans.
1696 988 1957 1051 Prounde
1988 986 2207 1050 ﬁnibus

565 1110 590 1143 ι
619 1080 839 1143 nostris
862 1088 1098 1142 nosmet
1127 1079 1529 1160 continentes,
1563 1077 1893 1157 ingenitum
1925 1086 1982 1138 et
2030 1077 2204 1156 geni-

565 1195 587 1227 ι
628 1178 751 1232 tum
782 1168 1143 1243 inducimus,
1198 1177 1257 1230 at
1304 1187 1372 1230 ex
1430 1170 1605 1231 Patre
1667 1166 2110 1246 proredentem,
2146 1174 2208 1225 ut

564 1287 586 1318 ι
619 1256 873 1341 quodam
930 1256 1064 1319 loco
1127 1258 1284 1320 Deus
1332 1256 1460 1337 ipse
1511 1274 1580 1317 ac
1605 1254 1867 1317 Verbum
1920 1273 2202 1335 praenun-

564 1379 588 1409 ι
618 1346 799 1409 tiavit.
836 1345 955 1410 Sed
987 1345 1223 1427 quando
1253 1344 1426 1406 hac?
1452 1342 2044 1425 inquientNimirum
2078 1343 2204 1403 haec

564 1468 587 1498 α
619 1453 804 1514 supra
837 1434 1076 1516 quando
1106 1432 1441 1507 suut.Quo:l
1475 1432 1525 1493 si
1556 1432 1734 1494 etiam
1788 1431 2206 1493 audaciuscule

559 1550 585 1585 ‹
620 1522 845 1605 aliquid
884 1521 1209 1585 dicendum
1238 1529 1483 1596 est,tum
1517 1525 1644 1583 hac
1675 1529 2010 1593 erant,cutn
2028 1519 2205 1581 Pater

563 1634 586 1665 ι
622 1621 770 1676 erat.
805 1610 1053 1685 Quando
1081 1621 1278 1673 autem
1312 1610 1526 1674 Pater?
1582 1607 1892 1691 Nunquam
1922 1627 2039 1669 non
2070 1606 2199 1669 fuit.

563 1724 587 1756 ι
623 1699 786 1764 Idem
817 1700 892 1762 de
918 1699 1087 1770 Filio,
1123 1700 1282 1761 idem
1329 1699 1404 1760 de
1455 1696 1677 1779 Spiritu
1724 1706 1928 1759 sancto
1960 1715 2205 1777 promp-

566 1820 588 1851 ι
620 1797 743 1852 tum
780 1795 869 1851 est
918 1787 1140 1851 dicere.
1167 1787 1335 1860 Quod
1384 1787 1435 1848 si
1466 1790 1693 1861 rursqu
1727 1805 1821 1848 me
1849 1787 2202 1864 interroges,

563 1899 588 1931 α
619 1896 825 1942 rursus
856 1876 962 1940 tibi
992 1876 1395 1958 respondebo.
1430 1876 1678 1949 Quando
1732 1873 1917 1936 Filius
1971 1875 2149 1954 genit.
2181 1893 2208 1933 s

2296 633 2788 712 «ἐκπορευόμενον,
2848 635 2923 696 ὡς
2985 634 3086 689 πού
3144 655 3305 712 φησιν
3363 632 3514 694 αἰπὺς
3560 633 3587 686 6
3646 631 3775 689 Θεὸς
3844 628 3932 683 καὶ

2296 750 2319 780 ι
2353 721 2544 798 Λόγος.
2599 721 2734 777 Πότε
2764 721 2854 778 οὖν
2881 728 3091 794 ταῦτα;
3128 724 3183 778 Εἰ
3236 721 3290 776 δὲ
3346 718 3428 776 δεῖ
3468 741 3519 775 τι
3547 719 3635 774 καὶ
3677 721 3926 777 νεανικῶς

2297 834 2322 862 ιι
2356 810 2549 883 εἰπεῖν,
2585 806 2672 866 ὅτε
2719 811 2746 864 ὁ
2790 809 2996 888 Πατὴρ,
3057 812 3191 866 Πότε
3248 811 3276 865 6
3334 809 3554 886 Πατῆρς
3587 807 3693 862 Οὔκ
3750 804 3817 871 ἧν
3844 801 3929 857 ὅτε

2294 926 2314 951 ι
2353 901 2447 955 οὒκ
2473 897 2562 965 ἦν.
2612 904 2776 954 Τοῦτο
2815 896 2904 954 οὖν
2947 899 3033 954 καὶ
3090 900 3118 954 6
3176 899 3318 970 Υἱὸς,
3376 895 3463 953 καὶ
3519 897 3581 950 :6
3634 898 3844 967 Πνεῖιμα
3871 891 3932 946 :6

2297 1010 2320 1042 ι
2367 985 2537 1063 ἅγιον.
2603 984 2767 1043 Πάλιν
2826 986 2994 1066 ἐρώτα
3045 1009 3138 1066 με,
3182 988 3270 1043 καὶ
3338 984 3495 1042 πάλιν
3552 979 3930 1060 ἀποκρινοῦμαί

2297 1098 2322 1127 ιι
2351 1096 2457 1134 σοι.
2486 1073 2623 1131 Πότε
2666 1074 2721 1130 δὲ
2785 1077 2813 1131 6
2855 1063 2983 1138 ’Υἱὸς
3039 1063 3405 1153 γεγέννηταις
3466 1063 3605 1130 ”Οτε
3672 1074 3699 1126 6
3760 1069 3939 1145 Πατὴρ

2298 1184 2319 1214 σ
2368 1168 2426 1223 οὒ
2482 1166 2818 1242 γεγεννήται.
2854 1164 2990 1220 Πότε
3018 1161 3071 1219 δὲ
3142 1165 3201 1219 :6
3271 1168 3483 1238 Πνεῦμα
3551 1159 3931 1238 ἐκπορεύεται,

2298 1276 2318 1306 υ
2371 1242 2508 1310 ΗΟτε
2579 1255 2608 1308 6
2652 1254 2770 1315 Υἱὸς
2816 1256 2909 1310 οὐκ
2979 1252 3338 1331 ἐκπορεύεται,
3393 1249 3528 1306 ἀλλὰ
3621 1247 3932 1326 γεγέννηται

2297 1364 2317 1394 ιι
2356 1342 2595 1420 ὰλρόνως
2648 1342 2737 1396 καὶ
2805 1341 2933 1417 ὑπὲρ
2991 1339 3172 1419 λόγον,
3236 1342 3280 1396 εί
3313 1342 3399 1397 καὶ
3442 1341 3519 1415 μὴ
3570 1336 3845 1412 δυνάμεθαξ
3874 1338 3933 1391 :6

2294 1456 2314 1483 ι
2350 1430 2478 1509 ὑπὲρ
2537 1429 2733 1509 χρόνον
2788 1434 3152 1509 παραστῆσαι,
3213 1428 3450 1493 Θέλοντες
3507 1428 3766 1508 χρονικην
3838 1425 3931 1481 ὲκ-

2295 1543 2319 1571 (ι
2355 1531 2541 1599 φυγεῖν
2600 1516 2847 1591 ἔμφασιν.
2910 1520 2982 1575 Τὸ
3036 1520 3135 1597 γὰρ
3190 1518 3297 1584 ὅτε,
3352 1518 3439 1573 καὶ
3494 1520 3595 1595 πρὸ
3644 1512 3813 1585 τοῦδε,
3847 1515 3935 1569 καὶ

2295 1637 2314 1662 ι
2349 1608 2483 1682 μετὰ
2508 1613 2695 1679 ταῦτα,
2741 1608 2829 1663 καὶ
2858 1606 2952 1662 ἀπ’
3010 1606 3211 1686 ἀρχῆς,
3272 1608 3366 1663 οὐχ
3409 1602 3636 1685 ἅχρονα,
3695 1603 3795 1660 κᾶν
3852 1602 3932 1658 ὅτι

2295 1694 2585 1771 «μάλιστα
2644 1694 2971 1771 βιαζώιιεθα.
3034 1695 3184 1762 Πλὴν
3254 1697 3299 1751 εἶ
3363 1696 3424 1752 :6
3464 1692 3934 1772 παρεκτεινόμενον

3163 1792 3224 1844 τὸ
3300 1788 3486 1861 αἰῶνα,
3548 1783 3935 1861 λαμϐάνοιμεν,

2297 1902 2317 1927 ιι
2361 1877 2421 1932 :6
2451 1876 2528 1951 μὴ
2570 1877 2775 1945 κινήσει
2834 1877 2954 1948 τινὶ,
3015 1874 3150 1951 μηδὲ
3207 1874 3355 1943 ἡλίου
3408 1879 3542 1955 φορᾷ
3596 1874 3938 1953 μεριζόμενον

2296 1815 2317 1843 (ι
2355 1801 2471 1852 τοῖς
2529 1786 2718 1854 ἀϊδίοις
2787 1787 3079 1864 διάστημα,

568 2001 590 2031 ι
624 1966 756 2032 est?
784 1968 929 2029 Cum
961 1968 1134 2028 Pater
1162 1965 1395 2047 genitus
1444 1984 1563 2027 non
1596 1972 1705 2027 est.
1741 1963 1987 2038 Quando
2013 1962 2207 2043 Spiri-

2302 1990 2323 2020 ιι
2362 1966 2829 2044 κᾲμετρούμενον
2879 1964 3009 2044 ὅπερ
3051 1965 3328 2047 ρχρόνος,
3385 1968 3505 2027 Πῶς
3564 1965 3651 2021 οὖν
3710 1965 3770 2022 οὗ
3816 1987 3937 2023 06v-

562 2081 587 2114 α
621 2065 719 2121 tus
751 2054 1076 2137 processit?
1122 2043 1290 2117 Tunc
1321 2073 1455 2116 cum
1506 2053 1692 2115 Filius
1744 2071 1861 2114 non
1895 2051 2206 2133 processit,

2302 2076 2323 2111 ι
2363 2043 2596 2133 ἀναρχα,
2627 2054 2672 2108 εἷ
2702 2051 2945 2108 συναίδια
3030 2043 3161 2111 ’Ότι
3225 2053 3446 2133 ἐκεῖθεν,
3521 2055 3565 2109 εί
3593 2056 3681 2111 καὶ
3710 2054 3790 2130 μὴ
3822 2051 3941 2128 μετ’

570 2177 592 2209 ι
625 2145 729 2208 sed
778 2144 925 2207 citra
956 2152 1190 2226 tempus
1221 2144 1429 2206 ullum.
1467 2162 1536 2205 ac
1564 2161 1745 2225 supra
1777 2160 2013 2204 omnem
2037 2141 2205 2202 ratio-

2302 2167 2320 2197 ιι
2372 2141 2596 2200 ἐκετνον.
2647 2143 2718 2199 Τὸ
2747 2142 2844 2216 μὲν
2871 2143 2969 2220 γὰρ
2998 2142 3232 2223 ἄναρχον
3274 2143 3361 2198 καὶ
3418 2140 3613 2215 ἀΐδιον,
3646 2144 3707 2199 :6
3764 2141 3942 2199 αἐδιον

568 2264 592 2297 ι
627 2235 723 2298 nis
774 2235 1048 2297 humanae
1098 2243 1339 2314 captum
1405 2234 1639 2313 genitus
1689 2240 1801 2308 est,
1858 2231 2091 2294 etiamsi
2150 2231 2206 2291 id

2302 2261 2321 2290 ιι
2359 2234 2411 2290 δὲ
2455 2234 2514 2293 οὔ
2544 2235 2756 2299 πάντως
2786 2235 2897 2312 ἄνα,
2918 2259 3043 2315 χον,
3103 2234 3202 2299 ἕως
3235 2235 3298 2290 ἅν
3327 2237 3397 2300 εἰς
3451 2236 3631 2315 ἀρχὴν
3663 2236 3941 2317 ἀναφέρῃ-

568 2352 591 2384 ι
623 2323 782 2405 quod
829 2340 1009 2405 supra
1058 2330 1300 2403 tempus
1353 2330 1465 2403 est,
1517 2322 1828 2383 declarare
1875 2323 2202 2401 cupientes.

2302 2352 2319 2379 ιι
2353 2346 2436 2380 ut
2460 2325 2552 2379 τὸν
2583 2322 2807 2401 Πατέρα.
2844 2324 2951 2381 06x
3000 2323 3207 2403 ἄναρχα
3261 2331 3385 2401 γοῦν
3439 2325 3515 2398 τῷ
3544 2327 3715 2400 αἰτίῷ.
3766 2326 3944 2394 Δηλον

563 2435 589 2467 α
624 2411 1013 2495 temporalem
1047 2410 1312 2492 speciem
1343 2429 1411 2472 ac
1466 2410 1958 2489 significationem
2010 2408 2211 2486 fugere

2302 2437 2321 2460 ι
2374 2411 2426 2468 δὲ
2478 2413 2539 2468 :6
2582 2410 2754 2468 αἴτιον
2808 2414 2881 2475 ὡς
2952 2412 3010 2469 03
3066 2413 3275 2476 πάντως
3322 2410 3665 2492 πρεσϐύτερον
3717 2421 3830 2471 τῶν
3872 2418 3942 2471 ὡκ.

565 2523 586 2554 ι
635 2501 1267 2583 nequeamus.Etenim
1300 2500 1394 2560 has
1424 2517 1622 2573 voces,
1656 2497 2209 2579 quando.antehac,

2302 2526 2323 2551 α
2362 2499 2501 2554 ἐστιν
2531 2497 2705 2555 αἴτιον
2736 2517 2750 2531 ⁸
2782 2497 3027 2579 ούδὲῖγὰρ
3069 2505 3160 2555 τοῦ
3203 2500 3376 2579 φωτὸς
3408 2502 3436 2555 6
3490 2498 3642 2568 ἣλιος
3679 2522 3692 2536 ⁸
3723 2503 3816 2559 καί
3845 2502 3941 2560 ἄν-

563 2619 587 2649 ι
632 2591 943 2672 pOSthac,a
972 2588 1287 2670 principio,
1316 2587 1603 2668 temporis
1634 2586 1978 2668 neutiquam
2003 2603 2212 2664 exper-

2303 2612 2323 2639 ιι
2368 2588 2506 2667 αρχά
2535 2610 2648 2652 πως
2682 2592 2757 2662 τῷ
2782 2590 2983 2668 χρόνῳ,
3006 2590 3104 2645 κᾶν
3137 2590 3196 2644 σὺ
3225 2587 3562 2667 μορμολύττῃ
3593 2592 3713 2655 τοὺς
3745 2590 3948 2649 ἁπλου-

570 2707 592 2738 σ
630 2687 717 2741 tes
749 2686 1334 2759 sunt,quamcunque
1365 2676 1480 2738 vim
1535 2675 1651 2737 illis
1704 2676 2033 2739 inferamus
2088 2672 2212 2734 Nisi

2303 2702 2326 2729 (ι
2364 2675 2575 2754 στερους
2608 2694 2621 2707 ·
2658 2678 2716 2734 οὒ
2760 2680 2858 2757 γὰρ
2889 2680 2988 2734 ὑπὸ
3034 2677 3226 2757 χρόνον
3276 2677 3341 2733 τὰ
3371 2676 3422 2743 ἐξ
3450 2681 3523 2734 ὡν
3580 2682 3607 2736 6
3650 2682 3877 2759 χρόνος,
3915 2705 3940 2736 ι

571 2788 592 2821 α
631 2766 785 2828 forte
825 2784 1009 2828 aevum
1060 2765 1444 2846 accipiamus,
1480 2767 1591 2825 hoc
1640 2771 1728 2824 cst
1762 2763 2130 2824 intervallum
2170 2763 2334 2843 itlud,
2369 2763 2524 2842 quod
2557 2764 2730 2825 simul
2764 2784 2900 2827 cum
2947 2764 3129 2826 rebus
3156 2762 3398 2825 aeternis
3428 2768 3792 2843 extenditur,
3834 2786 3945 2829 nec

574 2876 604 2915 ‹
636 2855 759 2917 ullo
796 2862 981 2929 motu,
1012 2862 1110 2916 aut
1162 2853 1306 2915 solis
1352 2872 1557 2929 cursu,
1590 2872 1721 2935 qua;
1757 2852 2041 2933 temporis
2094 2863 2299 2913 natura
2354 2861 2464 2927 est,
2499 2851 2801 2917 deﬁnitur.
2849 2852 2999 2926 Quid
3034 2872 3199 2932 ergo,
3246 2852 3502 2933 inquies,
3539 2855 3588 2915 si
3646 2855 3837 2918 Filius
3892 2866 3948 2917 et

571 2969 600 3000 α
633 2942 886 3025 Spiritus
932 2952 1171 3005 sanctus
1215 2943 1371 3007 Patri
1403 2941 1677 3005 comterni
1712 2948 1871 3017 sunt,
1928 2940 2066 3021 quid
2104 2942 2300 3001 atferri
2352 2950 2560 3020 potest,
2611 2944 2753 3022 quin
2785 2942 3061 3024 principii
3114 2959 3371 3023 quoque,
3421 2944 3945 3022 quemadmodum

574 3057 600 3089 α
639 3043 696 3096 et
722 3032 823 3095 ille
864 3032 982 3094 sint
1027 3037 1349 3114 expertes?
1391 3031 1541 3105 Quia
1599 3030 1670 3093 ab
1731 3030 1859 3112 ipso
1904 3039 2061 3104 sunt,
2129 3029 2260 3091 licet
2323 3049 2439 3091 non
2488 3042 2616 3109 post
2674 3030 2892 3112 ipsum.
2955 3030 3125 3104 Quod
3184 3029 3343 3091 enim
3400 3032 3695 3114 principio
3750 3043 3949 3109 caret,

573 3150 598 3179 α
634 3133 919 3187 aeternum
979 3142 1212 3206 quoque
1268 3131 1377 3195 est,
1437 3120 1591 3203 quod
1653 3129 1846 3183 autem
1901 3120 2330 3200 mternumjest.
2382 3139 2498 3181 non
2531 3121 2797 3202 protinus
2827 3140 3083 3203 quoque,
3118 3117 3416 3202 principio
3455 3130 3642 3198 vacat,
3676 3123 3949 3203 quandiu

574 3247 601 3275 or
635 3222 706 3283 ad
742 3225 969 3283 Patrem
1027 3220 1187 3284 velut
1216 3220 1287 3281 ad
1345 3219 1704 3302 principium
1764 3226 1823 3278 et
1880 3217 2172 3296 originem
2235 3217 2510 3282 refertur.
2570 3219 2727 3298 Ergo
2787 3219 2875 3280 illi
2938 3229 3225 3301 quantum
3268 3216 3338 3278 ad
3374 3238 3612 3282 causam
3647 3219 3947 3301 principio

574 3335 603 3367 α
638 3310 884 3373 minime
940 3319 1158 3371 carent.
1226 3309 1610 3389 PerSpicuum
1648 3317 1737 3369 est
1793 3315 1988 3368 autem
2021 3325 2257 3368 causam
2289 3326 2404 3368 non
2439 3308 2680 3370 omnino
2717 3308 3113 3389 antiquiorem
3148 3329 3280 3375 esse
3307 3306 3405 3384 ἥδ,
3439 3326 3691 3390 quorum
3721 3327 3943 3372 causa:

576 3420 605 3459 ε
636 3418 830 3480 neque
880 3398 1038 3461 enim
1072 3398 1161 3459 sol
1212 3398 1406 3460 lucem
1440 3406 1712 3477 tempore
1741 3396 2091 3471 antecedit;
2141 3404 2426 3475 quantum
2469 3403 2666 3458 autem
2710 3396 2785 3459 ad
2837 3405 3072 3479 tempus
3125 3397 3406 3480 principii
3453 3409 3734 3479 expertes
3776 3406 3941 3481 sunt,

582 3511 604 3544 ι
641 3486 968 3569 quamlibet
1019 3493 1075 3548 tu
1125 3485 1436 3548 verborum
1472 3486 1652 3548 larvis
1701 3484 2096 3565 simpliciores
2123 3483 2355 3571 animos
2386 3483 2674 3547 territes:
2726 3503 2839 3549 nec
2878 3491 3041 3550 enim
3091 3487 3342 3571 tempori
3389 3485 3664 3564 subsunt,
3718 3505 3817 3570 ea,
3874 3505 3947 3552 ex

574 3600 603 3632 α
632 3575 845 3657 quibus
876 3582 1110 3654 tempus
1141 3574 1430 3654 originem
1463 3573 1762 3655 sumpsitt.
1804 3598 1822 3629 ι
2207 3570 2214 3581 '

1140 3680 1618 3744 Animadversio.
2236 3691 2276 3739 C

656 3785 1405 3866 «Consideratodiligenter
1423 3785 1717 3848 dictiones
1742 3786 1802 3847 in
1817 3786 1925 3847 hac
1944 3787 2212 3867 pericope

2391 3813 2418 3844 α
2461 3791 2705 3869 Πρόσεχε
2761 3798 2989 3857 συνετῶς
3034 3795 3123 3852 καὶ
3170 3807 3294 3860 ταῖς
3336 3794 3393 3851 ὲν
3448 3800 3517 3871 τῇ
3570 3795 3814 3873 παρούσῃ
3846 3816 3949 3852 πε-

579 3908 603 3939 ι
634 3876 1192 3957 comprehensas,et
1215 3894 1418 3938 earum
1433 3874 1969 3947 sententiam.Quid
1999 3895 2212 3956 nempe

2308 3900 2331 3934 ιι
2382 3885 2577 3958 ρικοπῇ
2619 3885 2714 3936 :06
2733 3880 2881 3959 ἁγίου
2909 3881 3077 3949 λέξεσι
3134 3886 3221 3942 καὶ
3261 3889 3330 3953 τῆ
3394 3885 3590 3943 τούτων
3647 3883 3848 3953 ἐννοίᾳ.
3895 3884 3956 3943 Τί

577 3992 601 4023 α
634 3965 946 4045 colligatur
975 3983 1045 4027 ex
1073 3964 1380 4046 illo,atque
1409 3964 1482 4026 ad
1508 3983 1687 4026 unam
1711 3972 1770 4026 et
1799 3965 2070 4026 eamdem
2089 3984 2212 4026 rem

2304 3965 2602 4034 «δηλονότι
2648 3968 2925 4048 συνάγεται
2954 3971 3016 4028 ἐκ
3057 3980 3172 4047 τοῦ,
3230 3976 3319 4031 καὶ
3375 3975 3508 4049 πρὸς
3566 3973 3629 4029 :6
3678 3971 3733 4028 ἕν
3763 3974 3874 4031 τῶν
3904 3971 3953 4039 ἐξ

581 4085 602 4113 ι
634 4072 866 4142 eorum,
896 4072 1027 4135 qua;
1055 4072 1128 4142 ex
1154 4053 1284 4134 ipso
1316 4062 1473 4142 sunt,
1507 4054 1824 4142 conjuncta
1872 4052 2212 4134 propensio,

2306 4079 2330 4111 α
2364 4060 2521 4115 αὖτοῦ
2564 4057 2821 4132 σύνευσις,
2881 4060 2969 4117 καὶ
2994 4062 3206 4126 πάντως
3261 4063 3343 4137 :6,
3408 4063 3497 4120 καὶ
3538 4060 3722 4142 ἄμφω,
3779 4062 3876 4120 τόν
3902 4084 3957 4119 τε

580 4174 603 4204 ι
638 4151 699 4206 et
728 4141 921 4204 modis
948 4141 1249 4232 omnibus,
1282 4141 1456 4203 ambo
1508 4140 1715 4232 Filium
1745 4150 1803 4204 et
1832 4141 2115 4232 Spiritum
2144 4160 2212 4203 ex

2306 4168 2333 4199 ιι
2369 4145 2487 4201 Υἱὸν
2518 4146 2604 4201 καὶ
2670 4147 2733 4201 :6
2781 4149 3019 4229 Πνεῦμα,
3073 4150 3126 4217 ιε
3191 4150 3306 4216 ἐνὸς
3377 4150 3519 4207 εἶναι
3581 4140 3953 4232 τοῦπατρὸς,

578 4252 602 4284 α
635 4250 752 4294 uno
783 4249 918 4294 esse
947 4230 1142 4304 Patre,
1173 4249 1293 4291 non
1333 4238 1529 4291 autem
1557 4230 1766 4307 {unum
1819 4248 1886 4292 ex
1934 4229 2166 4291 duobus
2200 4251 2212 4290 :

2308 4256 2334 4287 α
2366 4237 2427 4290 ο’›
2456 4233 2563 4307 μὴν
2606 4234 2669 4290 :6
2711 4233 2767 4290 ἔν
2796 4234 2856 4292 ἐκ
2884 4239 2989 4293 τῶν
3039 4237 3152 4298 δύο.
3199 4241 3271 4297 T6
3325 4241 3451 4299 αὐτὸ
3506 4237 3561 4295 δέ
3618 4229 3959 4304 πάντωςκαῖ

577 4356 601 4383 ι
636 4338 831 4402 neque
860 4319 1058 4381 minus
1089 4328 1149 4380 et
1170 4337 1240 4380 ex
1266 4317 1393 4392 illo,
1428 4319 1591 4380 Alter
1638 4319 1877 4400 quidem
1908 4318 2141 4397 genitor
2165 4328 2212 4380 et

2310 4344 2334 4376 α
2370 4321 2431 4377 ἐκ
2458 4329 2573 4394 :06,
2606 4324 2634 4379 6
2663 4322 2760 4398 μὲν
2821 4327 3092 4406 γεννήτωρ
3133 4328 3223 4384 καὶ
3264 4326 3576 4407 προϐολεὺς,
3621 4334 3728 4384 τῶν
3783 4326 3841 4385 δὲ
3896 4331 3955 4386 τὸ

579 4439 603 4472 ε
641 4409 1206 4491 productor,horum
1237 4416 1432 4469 autem
1465 4410 1618 4469 alter
1637 4407 2054 4495 soboles,alter
2076 4426 2212 4488 pro-

2312 4434 2337 4464 ιι
2373 4410 2468 4485 μὲν
2499 4410 2761 4489 γέινημα,
2792 4414 2853 4469 :6
2882 4411 2937 4471 δὲ
2992 4413 3278 4494 προϐλήμα
3311 4434 3329 4452 ⁶
3385 4415 3563 4495 ὥσπερ
3622 4418 3712 4474 καὶ
3753 4416 3816 4475 ἐκ
3842 4418 3953 4491 :06,

585 4529 607 4559 ι
638 4498 832 4561 cessio
864 4515 878 4561 :
912 4497 996 4587 uti
1026 4505 1088 4559 et
1117 4515 1188 4558 ex
1212 4496 1340 4576 illo,
1370 4496 1700 4575 ingenitum
1735 4494 2069 4558 inducimus
2108 4498 2212 4558 Pa-

2315 4522 2338 4554 ιι
2387 4502 2447 4555 :6
2511 4499 2800 4579 ἀγέννητον
2860 4505 3164 4585 εἰσάγομεν,
3224 4504 3411 4587 ἤγουν,
3463 4507 3555 4563 τὸν
3611 4507 3845 4586 Πατέρα.
3890 4510 3958 4565 T6

586 4617 608 4647 α
643 4594 793 4649 trem
838 4586 1088 4657 scilicet,
1126 4593 1185 4646 et
1216 4603 1287 4647 ex
1323 4588 1495 4645 l'atre
1554 4585 1998 4665 procedentem.
2033 4584 2212 4666 Spiri-

2316 4613 2341 4644 ιι
2370 4591 2644 4666 γεννητὸδ,
2695 4588 2943 4657 δηλονότι
2971 4595 3062 4649 τὸν
3122 4584 3287 4670 Ῠὶὸν,
3322 4584 3410 4651 καί
3438 4596 3498 4651 :6
3545 4597 3608 4651 ὲκ
3634 4601 3724 4652 τοῦ
3754 4584 3958 4673 Πατρὸς

584 4704 609 4736 ι
642 4684 765 4738 tum
795 4692 1276 4755 nempe,necnon
1302 4683 1357 4736 et
1393 4674 1602 4747 exilio;
1630 4692 1769 4753 ergo
1795 4672 1904 4748 illi,
1941 4683 2212 4754 quantun

2323 4701 2345 4730 ιι
2381 4680 2715 4756 εκπορευτὸν,
2789 4682 2849 4737 :6
2906 4687 3118 4757 Πνεῦμα
3148 4681 3374 4757 δηλαδὴ,
3421 4685 3507 4740 καὶ
3566 4682 3628 4740 ἐκ
3654 4690 3745 4741 :06
3778 4700 3793 4714 '
3870 4672 3960 4740 οὐκ

590 4793 612 4824 ι
646 4764 717 4826 ad
750 4782 989 4827 causam
1019 4762 1312 4853 principio
1347 4782 1461 4823 non
1489 4762 1882 4843 carent.quod
1914 4774 2121 4842 aperte
2144 4764 2201 4823 in

2320 4791 2347 4822 α
2381 4766 2588 4848 ἄναρχοι
2615 4776 2740 4846 γοῦν
2784 4773 2864 4842 τῷ
2919 4773 3088 4847 αἰτίῳ,
3145 4770 3307 4839 δηλον
3348 4770 3403 4828 δὲ
3444 4774 3507 4829 :6
3536 4771 3733 4835 αἴτιον,
3767 4773 3957 4853 Σαφῶς

589 4880 611 4912 ι
647 4852 772 4915 nuit
803 4851 1175 4915 causamJIis
1194 4852 1352 4913 enim
1374 4852 1686 4914 manifesto
1717 4870 1899 4911 unum
1921 4853 2208 4912 amborun

2319 4880 2345 4911 ι
2379 4857 2479 4935 γαρ
2550 4856 2782 4914 ἐντεῦθεν
2844 4859 3129 4938 παρίστησι
3186 4862 3279 4918 τὸν
3356 4859 3447 4920 ἕνα
3503 4862 3595 4917 καὶ
3649 4851 3957 4940 ἀμφοτέρων

591 4970 613 5000 α
647 4960 780 5005 esse
806 4960 1069 5004 causam.
1106 4959 1225 5001 non
1257 4958 1397 5002 vero
1428 4940 1576 5002 duos
1609 4939 1784 5000 unius
1807 4939 2212 5019 comprobat”

2321 4969 2344 5001 ιι
2394 4946 2535 5002 εἶναι
2564 4944 2759 5023 αἴτιον,
2794 4949 2855 5005 o6
2897 4949 3002 5024 μὴν
3045 4950 3170 5015 τοὺς
3202 4947 3292 5008 δύο
3321 4957 3413 5007 1.06
3443 4950 3581 5014 ἑνός.
3625 4972 3646 5006 ο

1233 5044 1560 5125 Refutatt'o.

2957 5052 3313 5134 Ἀντίῤῥησις,

2968 3685 3283 3746 Ἐπιστασία

668 5150 829 5212 Licet
857 5170 927 5213 ex
956 5151 1373 5233 supralaudato
1404 5150 1561 5212 dicto
1592 5172 1605 5209 :
1634 5149 1754 5211 «Ad
1789 5167 1963 5211 unam
1993 5156 2047 5209 et
2070 5167 2229 5210 eam-

587 5238 724 5301 dem
758 5257 885 5301 rem
918 5257 1289 5322 eorum,quae
1318 5258 1386 5302 ex
1419 5239 1547 5321 ipso
1578 5237 2057 5317 sunl,conjuncta
2088 5256 2230 5318 pro-

589 5326 818 5409 pensio,
860 5348 881 5379 ι
915 5328 1222 5407 colligatur
1247 5348 1316 5390 ex
1344 5347 1465 5390 uno
1494 5331 1662 5390 l-‘atre
1684 5324 1858 5387 ambo
1892 5344 2023 5387 esse
2050 5336 2109 5387 et
2130 5327 2230 5389 Fi-

588 5415 735 5481 lium
770 5423 828 5478 et
854 5411 1163 5495 Spiritum,
1190 5425 1448 5478 attamen
1480 5436 1547 5478 ax
1582 5414 1971 5496 dicto,.A|ter
1992 5415 2230 5495 quidem

590 5500 849 5583 genitor,
885 5512 941 5565 et
972 5505 1311 5585 productor,
1338 5506 1548 5567 horum
1580 5517 1778 5564 autem
1801 5504 1950 5567 alter
1971 5503 2228 5579 soboles,

590 5589 742 5653 alter
769 5590 1093 5673 processio,
1132 5613 1156 5646 ιο
1190 5612 1307 5654 non
1337 5613 1511 5654 unam
1544 5611 1676 5654 esse
1704 5590 2060 5669 simpliciter
2088 5611 2231 5653 cau-

592 5681 855 5756 sam,sed
883 5698 1059 5741 unam
1093 5683 1483 5765 eamdemque
1505 5699 1742 5745 causam
1773 5679 1886 5742 alio
1917 5686 2094 5761 atque
2117 5681 2231 5743 alio

594 5771 772 5832 modo
804 5787 1043 5833 causam
1080 5785 1213 5832 esse
1245 5769 1377 5832 Filii
1408 5780 1467 5833 et
1487 5766 2016 5851 Spiritus,nemine
2037 5770 2097 5833 id
2120 5789 2231 5832 ne-

2398 5147 2452 5202 Εἰ
2504 5146 2593 5201 καὶ
2649 5144 2709 5201 ἐκ
2750 5145 2846 5214 τῆς
2899 5145 3158 5225 λεγούσης
3226 5150 3457 5227 ῥήσεως,
3524 5170 3547 5204 ι
3598 5151 3736 5231 Πρός
3793 5151 3856 5207 :6
3914 5148 3964 5205 ἕν

2312 5240 2416 5290 τῶν
2475 5233 2535 5291 ἐκ
2575 5236 2733 5294 αὗτοῦ
2786 5236 3023 5302 σύνευσις
3059 5260 3082 5296 ι
3142 5242 3422 5319 συνάγεται
3491 5240 3551 5295 :6
3622 5236 3674 5305 ἐξ
3716 5238 3831 5303 ἐνὸς
3875 5244 3963 5295 :06

2314 5324 2514 5400 Πατρὸς
2547 5322 2691 5379 εἶναι
2737 5321 2922 5405 ἄμφω,
2954 5326 3045 5383 τόν
3088 5325 3142 5383 δε
3192 5330 3311 5385 Υἱὸν
3359 5329 3448 5385 καὶ
3476 5329 3537 5385 τὸ
3582 5335 3818 5407 Πνεῦμα,
3849 5324 3965 5384 ἀλλ’

2316 5416 2375 5471 ὲκ
2407 5422 2498 5492 τῇς
2531 5414 2790 5495 λεγούσης
2819 5418 3053 5499 ῥήσεως,
3091 5443 3118 5476 α
3156 5410 3214 5478 Ὀ
3260 5421 3359 5497 μὲν
3413 5422 3683 5501 γεννήτωρ
3713 5423 3799 5478 καὶ
3832 5443 3966 5501 προ-

2315 5501 2522 5578 ϐολεὺς,
2552 5510 2658 5561 τῶν
2690 5503 2744 5561 δὲ
2792 5508 2853 5563 :6
2898 5508 2997 5584 μὲν
3052 5508 3314 5587 γέννημα,
3370 5511 3434 5567 :6
3488 5506 3543 5566 δὲ
3602 5507 3889 5591 πρόϐλημα
3936 5531 3959 5565 ι

2316 5596 2420 5678 οὔχ
2445 5596 2526 5653 ὅτι
2556 5596 2611 5653 ἔν
2641 5596 2823 5664 ἂπλῶς
2866 5601 2927 5656 :6
2960 5599 3161 5685 αἴτιον,
3223 5602 3347 5661 ἀλλ’
3410 5604 3489 5661 ὅτι
3547 5605 3672 5661 αὐτὸ
3701 5605 3763 5668 :6
3792 5601 3849 5659 ἔν
3879 5601 3967 5660 αἴ-

2314 5708 2427 5743 τιον
2489 5685 2722 5768 διαφόρῳ
2760 5688 2943 5767 τρόπῳ
2983 5689 3121 5748 ἐστὶν
3181 5691 3357 5752 αἴτιον
3416 5696 3538 5752 Υἱοῦ
3593 5693 3683 5750 καὶ
3724 5688 3969 5769 Πνεύμα·

2315 5797 2423 5851 τος,
2484 5775 2923 5855 ὁμολογουμένως
2982 5781 3285 5861 συνάγεται.
3322 5785 3383 5840 Δί
3425 5784 3523 5862 γὰρ
3580 5777 3744 5847 λέξεις
3818 5782 3967 5838 αὗται
