4180 6282
299 284 413 361 465

1326 302 1411 367 IN
1452 288 1850 366 CAMATERI
1891 296 2642 368 ANIMADVERSIONES.

3549 290 3670 362 466

296 435 383 488 τὸν
411 431 660 514 διαφόρον
719 437 909 514 τρόπον
977 435 1178 511 μᾶλλον
1234 436 1451 504 δηλοῦσι
1508 445 1602 495 τοῦ
1656 460 1716 495 τε
1773 435 1935 495 αἰτίου

2023 432 2623 514 gante,concluditur.
2659 428 2926 514 Namque
2940 431 3238 495 dictiones
3254 428 3347 493 hae
3366 428 3668 492 diversum

296 528 383 577 τοῦ
423 542 484 577 τε
533 524 791 587 αἰτιατοῦ.
856 527 927 582 Τὸ
983 527 1083 605 γὰρ
1139 524 1313 582 αἴτιον
1367 523 1452 583 διὰ
1505 527 1660 584 τοῦτο
1706 529 1767 583 τὸ
1847 534 1940 582 τοῦ

296 612 608 687 γεννήτορας
639 614 728 670 καὶ
757 612 1064 692 προϐολὲως
1120 612 1321 694 ἔσχηεν
1365 613 1556 694 ὄνομα,
1583 615 1661 671 ὅτι
1707 613 1938 697 διαφόρῳ

296 699 471 776 τρόπῳ
538 699 677 757 ἐστὶν
724 701 918 765 αἴτιον.
976 704 1074 761 Καὶ
1127 706 1189 759 τὸ
1228 705 1461 760 αἱτιατὸν
1515 701 1600 763 διὰ
1648 712 1802 763 τοῦτο
1850 708 1941 761 τοῦ

295 788 627 864 γεννήματος
679 791 764 846 καὶ
854 787 1228 868 προϐλήματος
1318 790 1554 871 ἔσχηκεν
1610 792 1798 871 ὄνομα,
1860 791 1937 847 ὅτι

294 872 553 955 διαφόρως
625 877 860 956 πρόεισιν
901 880 963 935 ἐκ
1031 884 1123 935 τοῦ
1197 880 1381 938 αἰτίου.
1445 881 1543 939 Καὶ
1597 882 1631 948 ἡ
1696 880 1793 955 μὲν
1834 887 1940 936 τῶν

296 961 485 1029 λέξεων
528 963 748 1045 διαφορὰ
774 968 837 1023 τὸ
894 965 1139 1046 διάφορον
1186 973 1285 1034 τῆς
1343 966 1566 1048 προόδου
1621 967 1883 1039 δεδήλωκε
1923 992 1934 1006 ·

303 1076 328 1105 ι
362 1054 433 1110 Τὸ
460 1051 522 1109 δὲ
548 1060 648 1121 τῆς
691 1053 913 1134 προόδου
958 1054 1197 1135 διάφορον
1243 1058 1344 1113 ὑπὸ
1400 1058 1617 1136 μάρτυρι
1674 1064 1752 1132 τῷ
1795 1059 1937 1116 Νύσ-

295 1162 416 1211 σης,
447 1144 512 1198 τὸ
552 1151 838 1224 προσεχῶς
891 1144 1024 1218 ἐστι,
1088 1146 1175 1201 καὶ
1218 1143 1302 1201 διὰ
1370 1153 1462 1202 τοῦ
1534 1152 1841 1226 προπχῶς.
1907 1171 1931 1203 ι

296 1227 389 1286 Ἐκ
444 1228 502 1286 δὲ
546 1235 639 1289 τοῦ
680 1239 963 1312 προσεχῶς
999 1235 1087 1289 καί
1140 1231 1225 1289 διὰ
1278 1235 1373 1291 τοῦ
1425 1241 1741 1315 παοσεχῶς,
1801 1234 1935 1292 ἀνα-

292 1319 530 1397 φαίνεται
572 1319 657 1378 διὰ
710 1330 802 1380 τοῦ
866 1323 987 1379 Γὶοῦ
1040 1321 1279 1401 προϊέναι
1337 1324 1398 1379 τὸ
1452 1328 1664 1397 Πνεῦμα
1717 1327 1779 1381 ὲκ
1844 1335 1938 1383 τοῦ

295 1407 520 1483 Πατρός.
554 1415 719 1465 Τοῦτο
747 1420 871 1487 γοῦν
918 1410 1050 1480 ἐστι,
1107 1411 1169 1466 τὸ
1211 1408 1271 1467 ἐκ
1300 1418 1391 1467 τοῦ
1426 1426 1439 1440 ⁸
1482 1434 1510 1467 ι
1549 1402 1607 1468 Ὀ
1666 1412 1764 1486 μὲν
1810 1434 1935 1490 γεν-

295 1495 471 1573 νήτωρ
514 1496 603 1552 καὶ
642 1495 954 1578 προϐολεὺς,
1005 1501 1112 1555 τῶν
1160 1496 1239 1573 δέ,
1311 1501 1371 1555 τὸ
1429 1500 1526 1574 μὲν
1580 1498 1843 1579 γέννημα,
1875 1503 1937 1557 τὸ

292 1579 345 1637 δὲ
376 1580 667 1661 πρόϐλημα
712 1608 737 1640 ο
798 1587 1153 1665 συναγόμενον
1187 1606 1202 1622 ⁸
1238 1589 1270 1655 ἦ
1327 1585 1558 1658 δήλωσις
1615 1586 1818 1657 δηλαδή
1848 1592 1939 1646 τιιῦ

291 1668 537 1750 διαφόρου
565 1677 665 1742 τῆς
734 1676 900 1740 αἰτίας
948 1676 1164 1754 τρόπου,
1222 1678 1311 1732 καὶ
1363 1681 1464 1743 τῆς
1530 1680 1635 1733 τῶν
1693 1678 1938 1734 αἰτιατῶν

2024 521 2266 583 modum
2292 522 2486 604 potius
2508 522 2775 584 indicant
2797 539 2987 584 causa;
3017 529 3076 583 et
3095 518 3340 584 causati.
3375 518 3564 583 Causa
3581 516 3669 605 si-

2022 610 2262 688 quidem
2296 616 2614 691 propterea
2643 610 2757 672 sibi
2806 617 2862 673 et
2891 609 3177 690 genitoris
3208 615 3267 671 et
3296 607 3671 689 productoris

2024 716 2239 759 nomen
2276 698 2616 774 vindicavit,
2674 697 2834 780 quod
2864 698 3100 762 diverso
3131 696 3309 759 modo
3332 714 3508 759 causa
3538 701 3667 771 est;

2023 794 2079 846 et
2107 796 2406 848 causatum
2440 794 2758 868 propterea
2786 786 3010 849 sobolis
3056 794 3114 849 et
3140 783 3541 866 “processionis
3561 802 3673 845 no-

2026 892 2157 934 nven
2190 875 2420 958 ascivit,
2454 876 2613 957 quod
2644 875 2878 939 diverso
2911 874 3087 938 modo
3124 893 3195 937 ex
3229 891 3408 936 causa
3428 890 3671 954 proma-

2024 971 2142 1026 nat.
2174 966 2242 1025 Et
2256 965 2428 1044 plane
2449 964 2777 1026 dictionum
2792 964 3102 1027 diversitas
3117 961 3518 1025 diversitatem
3540 977 3671 1043 pro-

2025 1053 2378 1115 manationis
2395 1052 3161 1117 ostendit.Promanationis
3172 1068 3313 1114 vero
3334 1048 3668 1123 diversitas,

2025 1147 2177 1201 teste
2234 1144 2547 1221 Nysseno,’
2581 1164 2602 1193 ι
2637 1141 2801 1214 Quod
2865 1142 3209 1204 continuum
3266 1147 3379 1214 est,
3453 1145 3514 1202 et
3567 1156 3675 1220 per

2025 1228 2165 1288 illud
2253 1230 2412 1310 quod
2499 1233 2848 1292 continuum
2910 1239 3021 1311 est,
3088 1259 3110 1290 ι
3173 1247 3245 1292 eo
3293 1246 3455 1305 vero,
3512 1230 3668 1310 quod

2020 1317 2365 1378 cmrinuum
2428 1325 2540 1400 est,
2602 1326 2660 1380 et
2719 1337 2825 1399 per
2880 1317 3028 1381 illud
3098 1318 3256 1399 quod
3314 1316 3666 1379 continuum

2019 1415 2128 1487 est,
2160 1415 2404 1487 apparet
2459 1425 2566 1489 per
2620 1407 2837 1471 Filium
2895 1423 3250 1488 promanare
3286 1404 3573 1486 Spiritum
3601 1422 3671 1466 ex

2024 1497 2218 1558 l’atre.
2257 1494 2381 1558 Hoc
2412 1499 2615 1577 itaque
2647 1515 2716 1557 ex
2774 1496 2901 1577 illo,
2940 1523 2963 1554 ε
2996 1495 3242 1560 Genitor
3266 1512 3406 1557 vero
3437 1500 3496 1554 et
3526 1508 3669 1574 pro-

2021 1585 2232 1644 ductor
2262 1586 2500 1665 horum,
2537 1585 2688 1647 alter
2715 1585 2955 1648 soboles
2983 1593 3097 1665 est,
3130 1584 3280 1646 alter
3310 1581 3670 1664 processio,»

2022 1672 2338 1751 colligitur,
2370 1673 2764 1735 manifestatio
2792 1688 3009 1754 nempe
3031 1672 3254 1735 diversi
3274 1689 3468 1734 causa;
3485 1669 3669 1747 modi,

294 1756 542 1841 διαφόρου
571 1761 815 1842 προόδου,
889 1762 1137 1839 οὔμενουν
1208 1763 1389 1829 ἁπλῶς
1440 1762 1578 1822 οὕτω
1631 1768 1694 1821 τὸ
1724 1764 1777 1831 ἐξ
1820 1767 1935 1830 ἑνὸς

2023 1772 2073 1821 et
2105 1769 2480 1823 causatorum
2512 1762 2766 1825 diuersae
2798 1760 3266 1844 promanationis
3291 1779 3305 1824 :
3331 1778 3451 1821 non
3474 1771 3671 1821 autem

294 1849 457 1904 αἰτίου
486 1850 628 1906 εἶναι
656 1853 808 1926 αὔτα,
838 1854 913 1915 ὡς
968 1852 1262 1919 ὲπὲστησας
1305 1854 1389 1911 σύ.
1449 1855 1519 1911 Τὸ
1561 1855 1660 1933 γὰρ
1703 1853 1755 1921 ἐξ
1821 1854 1935 1919 ἐνὸς

293 1938 458 1993 αἰτίου
503 1937 563 1995 ἐκ
620 1940 789 2015 μόνης
858 1945 955 2007 τῆς
1010 1941 1212 2018 ρήσεως
1264 1939 1507 2009 ἐδηλώθη
1576 1948 1699 2022 τῆς,
1738 1966 1763 1997 α
1798 1946 1934 2023 Πρὸς

290 2027 351 2081 τὸ
381 2025 434 2081 ἓν
478 2034 584 2083 τῶν
633 2026 686 2093 ἐξ
756 2032 911 2086 αὐτοῦ
965 2031 1220 2102 σύνευσις,
1268 2049 1293 2080 ο
1342 2029 1403 2087 ἐκ
1458 2028 1513 2086 δὲ
1543 2037 1636 2088 τοῦ
1676 2030 1932 2112 διαφόρως

292 2116 434 2172 εἶναι
467 2114 628 2196 ἄμφω
656 2119 722 2173 τὰ
764 2119 972 2174 αἰτιατὰ
1024 2117 1085 2174 τὰ
1138 2118 1235 2193 μὲν
1290 2117 1350 2174 ἐκ
1407 2119 1567 2193 μόνου
1611 2117 1813 2188 δηλαδὴ
1844 2141 1935 2176 το)

288 2206 502 2283 πρώτου
543 2209 617 2270 ὡς
647 2208 929 2287 προσεχιῖκ
956 2207 1008 2272 ἐξ
1066 2211 1242 2275 αὺτοῦ,
1296 2210 1360 2265 τὸ
1415 2207 1469 2263 δὲ
1512 2206 1598 2267 διὰ
1645 2215 1736 2265 τοῦ
1764 2230 1932 2288 προσ-

293 2300 438 2377 εχῶς
470 2296 531 2354 ἐκ
557 2305 649 2355 τοῦ
705 2298 938 2374 πρώτου,
1009 2311 1124 2362 τοῖς
1180 2298 1447 2376 θεολόγοις
1491 2299 1753 2378 Πατράσιν
1780 2302 1933 2375 ἡμῶι

287 2386 587 2464 ἐπεγένετο,
632 2387 694 2442 ἐκ
737 2389 938 2465 Πατρὸς
969 2390 1054 2444 καὶ
1089 2389 1206 2443 Υἰοῦ
1247 2390 1309 2443 τὸ
1351 2387 1563 2464 Πνεῦμα
1591 2389 1784 2448 εἰπεῖν.

454 2563 557 2644 Τοῦ
598 2563 754 2644 iam!)
778 2566 841 2619 hx
882 2585 976 2620 του
1003 2566 1119 2639 περί
1178 2568 1297 2621 Υἱοῦ
1324 2562 1561 2644 δευτέρου
1590 2564 1772 2643 λόγου.

372 2642 521 2727 ag",
565 2675 587 2706 σ
624 2641 795 2709 ’Ἱδιον
847 2650 902 2707 δὲ
947 2655 1040 2709 τοῦ
1066 2654 1163 2728 μὲν
1220 2641 1480 2733 ἂνάρχοο
1505 2641 1704 2734 Πατὴρ,
1764 2675 1858 2711 του
1886 2653 1933 2709 E.’

296 2767 320 2800 ιι
355 2744 605 2822 ἀνέρχως
690 2740 1029 2819 γεννηθέντος
1131 2744 1273 2814 Υἱὸς,
1355 2748 1448 2799 τοῦ
1515 2740 1571 2798 δὲ
1630 2742 1935 2821 ἀγεννήτως

2018 1850 2292 1928 simplici:
2308 1869 2374 1911 er
2405 1850 2451 1913 it
2503 1870 2571 1913 ex
2592 1870 2709 1913 una
2727 1869 2907 1912 causa
2928 1850 3029 1911 illa
3052 1867 3203 1926 esse,
3234 1856 3299 1910 ut
3317 1856 3379 1910 tu
3399 1847 3676 1910 animad-

2018 1941 2243 2003 vertisti
2301 1942 2468 2015 Quod
2504 1941 2663 2004 enim
2696 1962 2765 2004 ex
2795 1963 2912 2004 una
2973 1960 3150 2004 causa
3173 1949 3285 2021 est,
3310 1958 3380 2004 ex
3412 1939 3673 2003 dictione

2018 2032 2115 2093 illa
2146 2033 2271 2094 sola
2301 2033 2747 2110 manifestatur,
2804 2051 2936 2115 qua;
2984 2032 3160 2110 dicit,
3199 2061 3218 2089 ι
3256 2029 3328 2093 Et
3354 2030 3427 2093 ad
3457 2048 3667 2113 unum,

2017 2141 2147 2202 quae
2163 2140 2236 2183 ex
2256 2122 2388 2200 ipso
2412 2123 2900 2203 sunt.conjuncta
2917 2121 3236 2203 propensio
3259 2138 3274 2184 ;
3307 2142 3331 2175 ι
3356 2136 3427 2182 ex
3446 2137 3516 2181 eo
3532 2136 3670 2182 vero

2017 2211 2170 2290 quod
2194 2210 2430 2272 diverso
2455 2211 2630 2272 modo
2655 2219 2897 2273 causata
2915 2229 2983 2273 se
3005 2210 3289 2291 habeant,
3306 2206 3671 2289 hocquidem

2019 2318 2084 2359 ex
2119 2301 2242 2360 Snio
2264 2302 2467 2376 Patre,
2504 2300 2586 2361 uti
2621 2302 2902 2363 continue
2943 2320 3011 2362 es
3057 2300 3211 2381 ipso,
3245 2299 3501 2360 alterum
3531 2314 3672 2359 vero

2021 2406 2125 2467 per
2149 2387 2289 2450 illud
2314 2390 2661 2451 continuum
2681 2396 2768 2451 est
2800 2406 2870 2450 ex
2903 2388 3118 2471 primo,
3146 2386 3436 2466 theologis
3452 2383 3673 2447 nostris

2020 2476 2287 2539 Patribus
2307 2478 2524 2553 arrisit,
2571 2496 2640 2540 ex
2678 2476 2849 2540 Patre
2866 2486 2923 2539 et
2941 2476 3089 2539 Filio
3114 2473 3399 2557 Spiritum
3430 2473 3667 2535 dicere.

2170 2566 2462 2643 Eiusdem
2492 2584 2570 2629 ea:
2602 2569 2897 2630 Oratione
2922 2569 3192 2629 secunda
3220 2565 3295 2626 de
3324 2562 3502 2627 Filio.

2058 2653 2308 2717 XXXVI.
2321 2654 2665 2736 «Proprium
2679 2663 2873 2717 autem
2891 2654 3149 2736 ejus,qui
3165 2651 3440 2737 principii
3457 2670 3669 2735 expers

2026 2774 2046 2802 σ
2084 2752 2419 2816 est,nomen
2438 2755 2528 2805 est
2551 2743 2764 2820 Pater;
2786 2746 2916 2823 ejus
2939 2746 3037 2825 qui
3060 2743 3207 2804 citra
3230 2741 3414 2804 ullum
3432 2743 3662 2823 princi-

298 2856 322 2887 ιι
374 2830 743 2911 προελθόντος,
790 2830 826 2898 ἢ
871 2831 1176 2911 προϊόντος,
1221 2832 1285 2887 τὸ
1341 2830 1553 2907 Πνεῦμα
1607 2832 1670 2887 τὸ
1694 2830 1866 2909 ἅγιον,
1904 2855 1931 2886 »

2027 2861 2046 2890 ιι
2085 2832 2242 2912 pium
2256 2833 2490 2911 genitus
2512 2833 2837 2912 est,Filius;
2862 2832 3023 2894 illius
3039 2833 3140 2913 qui
3164 2830 3311 2893 citra
3337 2831 3667 2907 generatio-

2028 2946 2049 2975 ι
2083 2939 2219 2981 nem
2242 2921 2661 3001 processit,aut
2683 2918 3344 3002 progreditur,Spiritus
3361 2927 3656 2982 sanctus.-

995 3006 1329 3071 Ἐπιστασία.

2599 3010 3094 3072 Animadversio.

380 3121 408 3159 ε
442 3101 533 3169 Μὴ
562 3101 624 3156 τὸ
677 3098 797 3156 ἄνευ
831 3100 1135 3176 προσθήκης
1191 3100 1332 3163 τινὸς
1390 3097 1605 3155 ἐνταῦθα
1674 3100 1935 3178 γραφῆναι

2106 3118 2127 3145 ι
2164 3100 2250 3179 Ne
2273 3105 2330 3159 te
2363 3097 2639 3160 obturbet
2658 3097 2880 3179 absque
2905 3098 3023 3159 ulla
3041 3095 3345 3159 additione
3359 3095 3456 3156 hic
3476 3095 3663 3158 ’scribi

297 3211 324 3249 ι
358 3191 480 3268 περὶ
506 3196 598 3247 τοῦ
655 3189 959 3264 Πνεύματος
1012 3190 1086 3252 ὡς
1139 3188 1446 3268 προϊόντος,
1501 3187 1538 3255 ἢ
1595 3189 1683 3242 καὶ
1737 3196 1935 3266 προελ-

2023 3212 2046 3243 α
2081 3188 2153 3248 de
2170 3186 2420 3267 Spiritu,
2448 3187 2759 3264 processit,
2813 3195 2915 3248 aut
2944 3184 3344 3267 progreditur,
3376 3184 3481 3247 sed
3514 3183 3662 3246 illud

294 3304 318 3335 ι
370 3279 551 3341 θόντος
606 3277 821 3355 θροείτω
879 3298 959 3355 σε,
1021 3275 1158 3333 ἀλλὰ
1232 3278 1362 3355 πρὸς
1427 3277 1493 3335 τὰ
1573 3276 1935 3356 προγραφέντα

2023 3309 2041 3334 ι
2079 3275 2147 3334 ad
2184 3293 2359 3354 supra
2382 3275 2507 3355 jam
2534 3274 2753 3354 scripta
2781 3281 3053 3355 computa
3090 3280 3146 3334 et
3174 3271 3400 3334 confer.
3443 3272 3568 3334 [mo
3592 3286 3661 3333 ex

292 3393 321 3425 α
350 3370 441 3425 καὶ
469 3375 624 3425 τοῦτο
650 3363 951 3442 συμϐἰϐαζε.
989 3364 1199 3422 Μᾶλλον
1258 3366 1355 3439 μὲν
1397 3365 1492 3423 οῦκ
1543 3365 1602 3421 ἐκ
1644 3370 1751 3421 τῶν
1780 3364 1835 3420 ἐν
1865 3372 1934 3442 τῇ

2023 3384 2043 3415 α
2074 3363 2495 3434 additionibus,
2513 3381 2644 3444 quae
2663 3363 2724 3424 in
2755 3360 3141 3444 subsequenti
3166 3359 3445 3442 pericope
3460 3359 3662 3441 legun-

294 3483 322 3512 ι
375 3456 560 3537 ἐφεξῆς
615 3459 878 3534 περικοπῇ
944 3456 1284 3534 προσθήκῶν,
1368 3455 1466 3523 τὴν
1530 3453 1716 3512 τούτου
1774 3452 1933 3534 δέχου

2023 3478 2043 3505 υ
2080 3464 2194 3522 tur,
2231 3452 2394 3515 illius
2420 3452 2886 3514 declarationem
2923 3450 3125 3534 petito.
3169 3476 3192 3510 ν

294 3572 319 3603 ι
359 3547 672 3626 σαφήνειαν.
722 3568 751 3599 ι

1957 3062 1996 3113 C

941 3631 1290 3712 Ἀντίρῤησις.

2546 3711 2556 3712 7
2640 3710 2651 3712 _
2676 3620 3008 3712 Refutatio.

377 3714 439 3779 ~EI
470 3725 565 3778 τοῦ
590 3723 749 3798 ῥητοῦ
804 3706 1407 3801 σαφήνεια-περιφανὴς
1493 3722 1781 3799 Παρίστησι
1838 3722 1932 3799 γὰρ

2105 3712 2245 3801 Dicti
2265 3712 2513 3791 hujusce
2526 3710 3073 3801 declaratio_aperta
3089 3706 3481 3801 est.Os_tendit
3505 3708 3666 3801 enim

285 3816 362 3877 ὡς
393 3814 431 3879 ὴ
460 3797 646 3891 κυρίως
676 3809 873 3877 ἰδιότης
890 3797 995 3866 -του
1024 3797 1328 3885 Πνεύματος
1388 3812 1520 3877 αὕτη
1616 3808 1802 3878 κλῆσις
1825 3797 1935 3866 ἐστι

2023 3798 2376 3891 ipsissjmam
2403 3799 2824 3880 proprietatem
2843 3799 3092 3891 Spiritus
3113 3797 3568 3891 appellationem
3583 3797 3669 3878 ip-

284 3909 382 3958 τοῦ
412 3886 715 3975 Πνεῦματος
751 3918 767 3934 ⁸
799 3900 887 3955 καὶ
929 3899 1044 3955 ὃθεν
1075 3898 1137 3955 ἄν
1187 3899 1298 3955 ἐστι
1352 3898 1627 3979 προελθὸν,
1671 3899 1707 3967 ἢ
1748 3902 1935 3976 προϊὸν

2023 3908 2146 3950 sam
2173 3886 2426 3969 Spiritus
2457 3905 2589 3950 esse
2615 3908 2630 3959 ;
2665 3897 2720 3949 et
2765 3888 2921 3949 unde
2952 3887 3260 3969 processit,
3289 3892 3389 3947 aut
3417 3902 3667 3967 progre-

282 3993 349 4047 τὸ
383 3996 594 4064 Πνεῦμα
638 3991 709 4051 ὡς
758 3995 966 4063 Πνεῦμα
1022 3986 1360 4067 ἐκπορευτὸν,
1410 3988 1629 4064 οὔμενω
1679 3989 1753 4050 ὡς
1809 4009 1932 4067 γεν-

2023 3979 2181 4067 ditur
2202 3977 2762 4067 Spiritus,tanqu_am
2781 3975 3066 4067 Spiritum
3082 3975 3507 4067 procedentem
3528 3988 3666 4056 pro-

284 4081 451 4147 νητὸς
494 4079 731 4157 πρόεισιν
760 4079 878 4140 Υἱός
889 4123 903 4137 .
1157 4064 1166 4067 -
1345 4064 1355 4067 ⁷
1824 4064 1832 4067 ’

2023 4065 2206 4144 gredi,
2239 4083 2357 4124 non
2379 4082 2517 4125 vero
2546 4065 2834 4143 genitum,
2870 4064 2955 4125 uti
2984 4064 3220 4126 Filium.

373 4175 480 4227 τοῦ
532 4171 689 4225 αὖτοῦ
746 4165 808 4221 ἐκ
874 4174 966 4225 τοῦ
1035 4166 1152 4242 περὶ
1199 4174 1293 4223 τοῦ
1347 4163 1494 4243 ἄγίου
1556 4166 1856 4240 Πνεύματος

1026 4243 1210 4322 λόγου.

2166 4153 2459 4231 Ejusdem
2487 4171 2566 4214 ea;
2593 4157 2870 4216 oratione
2912 4154 2987 4215 de
3015 4153 3257 4233 Spiritu
3285 4157 3514 4214 sancto.

372 4325 496 4394 AZ'.
566 4355 589 4389 ι
628 4334 727 4392 Καὶ
794 4332 951 4392 πάλιν
1014 4318 1168 4400 ἥλιον
1235 4333 1556 4408 ἐνεθυμήθην
1612 4335 1699 4390 καὶ
1741 4333 1931 4389 ἀκτῖνα

2100 4318 2384 4383 XXXVII.
2419 4344 2440 4373 ι
2465 4318 2664 4383 Solem
2683 4339 2887 4381 rursus
2904 4320 2965 4381 in
2989 4320 3322 4400 radium,ac
3346 4321 3540 4383 lucem
3566 4340 3668 4382 co-

289 4450 319 4480 α
372 4426 460 4483 καὶ
509 4426 638 4503 φῶς.
700 4419 863 4478 Ἀλλὰ
936 4421 1195 4478 κάνταῦθα
1264 4419 1379 4485 δέος
1468 4426 1654 4501 πρῶτα
1706 4422 1804 4497 μὲν
1860 4420 1935 4496 μὴ

2030 4441 2050 4469 α
2084 4409 2256 4485 gitavi
2292 4411 2506 4469 Verum
2526 4408 2869 4489 bicquoque
2888 4409 3272 4471 metuendum
3288 4416 3397 4479 est,
3408 4410 3663 4490 primum

291 4538 315 4571 ε
362 4513 594 4575 σύνθεσις
635 4533 715 4574 τις
773 4509 1048 4575 ἐπινοῆται
1104 4515 1203 4576 τῆς
1260 4510 1535 4567 ἀσυνθέτου
1564 4510 1791 4590 φύσεως,
1824 4508 1935 4566 ὥσ-

2031 4529 2050 4557 ιι
2090 4518 2162 4559 ne
2212 4497 2622 4577 incompositae
2670 4507 2897 4560 natura;
2954 4497 3368 4577 incompositio
3393 4498 3664 4579 quaedam

290 4628 319 4657 ι
349 4623 451 4680 περ
492 4598 643 4669 ἡλίου
683 4599 899 4655 καὶτῶν
957 4597 1011 4654 ἐν
1071 4599 1208 4672 ἡλίῳ
1242 4614 1256 4629 ⁶
1318 4596 1580 4677 δεύτερον,
1626 4596 1706 4673 δὲ,
1740 4598 1818 4673 μὴ
1849 4598 1939 4654 τὸν

290 4716 318 4744 ε
354 4687 563 4768 Πατέρα
610 4689 979 4760 οὒσιώσωμενν
1046 4685 1215 4744 τᾶλλα
1272 4686 1326 4743 δὲ
1373 4688 1459 4761 μὼ
1526 4687 1937 4764 ὑποστήσωμεν,

291 4802 316 4836 ι
370 4777 513 4834 ἀλλὰ
593 4773 835 4850 δυνάμεις
908 4782 1038 4833 Θεοῦ
1107 4777 1438 4851 ποιήσωμεν,
1510 4775 1934 4854 ἒνυπαρχούσας,

289 4893 317 4924 ι
357 4869 464 4946 οἶδ-Λ
491 4863 818 4945 ὒφεστώσας.
852 4861 981 4922 Οὔτε
1052 4866 1151 4943 γὰρ
1208 4867 1375 4929 ἀκτὶς,
1435 4862 1552 4921 οὔτε
1607 4869 1719 4944 φῶς
1775 4861 1936 4926 ἄλλος

287 4982 316 5012 α
357 4955 534 5023 ἥλιος,
581 4950 700 5010 ἀλλ’
753 4952 971 5029 ᾑλιακαί
1028 4975 1165 5018 τινες
1223 4954 1512 5032 ἂπόῤῥοιαί,
1572 4955 1659 5010 καὶ
1702 4952 1931 5019 ποιότη-

287 5070 315 5101 α
368 5066 456 5106 τες
500 5039 789 5104 οὗσιώδεις.
852 5043 946 5099 Καὶ
988 5041 1098 5116 ἅμα
1141 5045 1202 5099 τὸ
1251 5043 1416 5116 εἶναι,
1468 5044 1644 5098 καὶτὸ
1677 5042 1756 5117 μὴ
1787 5041 1930 5096 εἶναι

289 5154 322 5194 ‹
370 5141 449 5207 τῷ
492 5134 609 5205 Θεῴ
636 5129 808 5207 δῶμεν
850 5129 904 5185 ἓν
933 5131 1135 5195 τούτοις
1193 5131 1315 5187 ὅσον
1356 5132 1419 5188 ἐκ
1471 5137 1562 5187 τοῦ
1604 5128 1930 5209 δποδείγμα-

287 5247 311 5278 ο
370 5243 487 5295 τος,
518 5219 549 5274 ὃ
592 5208 810 5275 καὶίτῶν
839 5217 1128 5297 εἰρημένων
1157 5219 1513 5299 ἀτοπώτερον.
1552 5237 1580 5277 δ

943 5483 1276 5547 Ἐπιστκσία,

376 5602 404 5633 α
443 5568 589 5655 "Op:
614 5575 751 5634 πάνυ
787 5575 1103 5652 θαυμαστὸν,
1168 5582 1305 5650 πῶς,
1353 5577 1396 5632 εἰ
1451 5577 1538 5633 καὶ
1593 5576 1672 5652 μὴ
1727 5573 1933 5654 ἀρέσκει

2027 4612 2045 4637 υ
2087 4587 2474 4664 excogitetur,
2509 4586 3014 4666 quemadmodum
3040 4586 3188 4648 solis
3217 4593 3277 4647 et
3298 4605 3670 4668 eorumquaa

2030 4707 2050 4732 σ
2085 4675 2194 4735 soli
2224 4675 2446 4738 insunt.
2507 4675 2736 4737 Deinde
2787 4694 2860 4737 ne
2886 4675 3042 4738 Patri
3071 4674 3313 4755 quidem
3345 4675 3667 4738 essentiam

2023 4782 2047 4811 α
2080 4762 2432 4836 tribuamus,
2458 4762 2561 4825 sed
2581 4763 2845 4844 reliquos
2867 4763 3196 4826 subsistere
3216 4781 3526 4842 negemus,
3561 4781 3664 4825 ve~

2022 4879 2045 4909 α
2083 4870 2211 4912 rum
2246 4851 2556 4913 facultates
2584 4852 2874 4932 quasdam
2912 4852 3019 4916 Dei
3051 4851 3507 4933 constituamus,
3536 4871 3669 4933 qua;

2025 4969 2045 4997 ι
2085 4939 2192 5019 ipsi
2233 4940 2471 5020 quidem
2520 4940 2723 5016 insint,
2751 4960 2869 5002 non
2892 4949 3088 5004 autem
3113 4960 3219 5022 per
3238 4960 3302 5002 se
3316 4940 3658 5003 subsistant.

2022 5061 2041 5087 ι
2081 5032 2282 5109 Neque
2341 5030 2499 5090 enim
2556 5030 2759 5095 radius
2788 5039 2889 5092 aut
2916 5030 3013 5093 lux
3044 5030 3148 5093 alii
3177 5030 3336 5092 soles
3364 5038 3525 5111 sunt,
3557 5031 3663 5093 sed

2023 5151 2042 5177 ι
2077 5119 2218 5180 solis
2236 5120 2393 5180 velut
2414 5120 3025 5201 deﬂuxusquidam,et
3045 5120 3460 5183 substantiales
3481 5121 3666 5201 quali-

2021 5238 2042 5265 ι
2080 5212 2344 5271 tatesAc
2366 5217 2648 5289 praeterea
2667 5227 2742 5269 ne
2755 5209 2930 5271 simul
2954 5218 3154 5272 etesse
3170 5219 3360 5272 etnon
3377 5209 3664 5293 esse,Deo

2022 5327 2042 5354 ι
2081 5298 2139 5357 in
2164 5296 2256 5358 his
2275 5298 2797 5377 demus,quantum
2822 5316 2895 5360 ex
2910 5299 3024 5361 hoc
3044 5299 3318 5381 exemplo
3340 5297 3540 5378 colligi
3562 5317 3665 5379 po-

2027 5421 2046 5447 .
2083 5386 2283 5463 tust,id
2307 5387 2460 5463 quod
2476 5385 2888 5465 superioribus
2900 5387 3076 5451 etiam
3096 5387 3660 5455 absurdius-fuerit.»

2584 5481 3067 5546 Animadversio

2110 5590 2131 5620 ι
2164 5566 2349 5631 Valde
2399 5565 2753 5632 admirabile
2800 5580 2892 5633 est
2922 5571 3037 5635 hoc
3063 5570 3221 5654 quod
3244 5571 3434 5637 audis.
3470 5573 3659 5647 Licet,
