4180 6282
453 205 568 270 467

1562 210 1769 274 JOAN.
1818 209 2037 271 VEGCI
2081 207 2192 270 GP.
2226 209 2744 277 ΡΑΤΗΙΑΒΟΗΛΕ

3724 202 3850 271 £68

483 366 506 398 ι
543 339 702 400 enim
729 355 992 419 prasens
1021 341 1360 423 exemplum
1381 347 1583 404 sancto
1615 359 1733 403 non
1758 340 2130 420 perplaceat,‘

2223 351 2343 419 [τῷ
2391 348 2526 424 ἁγιῳ
2578 349 2640 403 τὸ
2689 349 2854 427 παρὸν
2936 346 3228 425 ὑπόδειγμα
3311 344 3392 402 δίὲι
3444 345 3558 410 δέος
3603 343 3850 420 εὔλογον,

471 448 498 484 α
533 435 778 507 propter
808 427 1108 506 timorem,
1136 449 1255 492 non
1283 429 1486 511 utique
1508 449 1542 491 a
1562 429 1791 491 ratione
1815 429 2076 491 alienum
2102 449 2119 502 ;

470 538 498 574 ‹
531 523 790 578 attamen
835 535 904 580 ex
935 518 1050 580 hoc
1115 537 1348 600 quoque
1381 517 1586 600 probat
1619 516 2018 599 apertissime,
2051 533 2126 578 ex

471 631 494 665 ι
529 605 705 667 Patre
759 613 1105 688 utrumque,
1163 607 1378 670 Filium
1444 607 1674 669 scilicet
1733 614 1791 669 et
1837 606 2123 687 Spiritum

469 716 492 750 ι
527 693 709 756 veluti
738 712 812 757 ex
846 695 973 758 sole
1000 696 1204 758 lumen
1237 703 1296 758 et
1326 695 1532 758 radius
1562 704 1672 770 est,
1707 713 1860 758 esse.
1891 715 1912 746 ι

1129 789 1449 870 Refutatie
1461 836 1476 851 .

551 879 772 944 Verum
803 882 1262 964 est,exemplum
1292 883 1484 964 palam
1519 881 1856 954 ostendere,
1881 888 2118 943 utrum-

2211 455 2234 486 ι
2257 433 2415 509 ’ὅμως
2439 436 2542 492 κάκ
2584 436 2768 493 τούτο)
2820 437 3103 516 παρίστησι
3147 441 3326 515 σαφῶς
3367 437 3442 498 ὡς
3485 435 3546 492 ἐκ
3593 442 3685 492 τοῦ
3729 440 3854 490 Πα-

2212 543 2235 577 ι
2288 524 2414 601 τρδς
2454 525 2542 580 καὶ
2570 523 2753 605 ἄμφω,
2797 522 2826 580 ὅ
2879 545 2938 582 τε
2973 526 3094 588 Υἱὸς
3149 521 3352 591 δηλαδὴ
3381 525 3466 581 καὶ
3518 524 3578 580 τὸ
3609 529 3849 598 Πνεῦμα,

2211 632 2236 666 α
2285 613 2357 677 ὡς
2387 609 2438 678 ἐξ
2468 611 2618 681 ἡλίου
2642 618 2752 695 φῶς
2783 613 2871 671 καὶ
2898 614 3064 680 ἀκτίς.
3101 637 3129 669 ι

2841 793 3194 874 Ἀντίρρησις.

2282 885 2523 956 Ἀληθῶς
2577 889 2639 944 τὸ
2687 887 2980 967 ὑπόδειγμα
3028 891 3091 945 ὲκ
3155 892 3248 947 τοῦ
3304 891 3506 969 Πατρός
3563 888 3705 945 εἶναι
3759 890 3851 943 καὶ

469 987 585 1057 que
612 987 743 1032 esse
772 988 842 1032 ex
872 969 1045 1033 Patre
1080 992 1092 1031 :
1130 971 1234 1033 sed
1294 971 1442 1033 illud
1477 990 1710 1052 quoque
1761 971 1955 1032 modis
1983 989 2117 1030 om-

2223 973 2360 1055 ἱμφω
2408 977 2720 1054 παρίστησιν
2756 995 2770 1008 ⁸
2830 975 2950 1033 ἀλλ’
3007 976 3153 1050 ὅμως
3221 978 3394 1054 πάντῃ
3451 983 3630 1057 σαφῶς
3674 979 3735 1033 τὸ
3779 974 3850 1031 δι’

469 1056 647 1120 nibus
675 1059 961 1140 ostendit,
996 1078 1104 1140 per
1155 1059 1373 1122 Filium
1435 1078 1566 1122 esse
1596 1057 1906 1140 Spiritum,
1940 1059 2024 1119 uti
2049 1077 2121 1120 ex

467 1147 594 1210 sole
624 1165 730 1228 per
759 1148 991 1210 radium
1027 1149 1257 1210 lumen.

588 1240 880 1318 Ejusdem
937 1259 1016 1304 ex
1061 1239 1355 1306 Oratione
1386 1242 1456 1303 de
1496 1241 1737 1322 Spiritu
1765 1250 1994 1304 sancto.

548 1420 859 1485 XXXVIII.
889 1452 912 1484 α
947 1420 1235 1494 Quoniam
1255 1439 1432 1502 porro
1451 1420 1802 1482 divisionem
1830 1430 1986 1482 tuam
2007 1420 2123 1501 pri-

477 1537 500 1570 ι
528 1510 1336 1592 mam,quainteringenitum
1354 1509 1677 1589 etgenitum
1695 1510 1844 1572 nihil
1863 1510 2122 1571 medium

479 1619 502 1651 ι
535 1617 669 1661 esse
689 1599 1021 1666 arbitraris,
1051 1599 1206 1660 haud
1225 1616 1516 1681 quaquam
1534 1597 2124 1678 admittimus,proti-

2212 1066 2333 1122 Υἱοῦ
2361 1064 2422 1122 ἐκ
2480 1067 2681 1144 Πατρὸς
2730 1067 2872 1122 εἶναι
2928 1067 2989 1123 τὸ
3049 1072 3282 1142 Πνεῦμα,
3329 1068 3402 1133 ὡς
3460 1065 3511 1132 ἐξ
3565 1064 3718 1135 ἡλίου
3757 1063 3851 1122 διὰ

2199 1158 2297 1220 τῆς
2340 1153 2558 1215 ἀκτῖνος
2602 1156 2663 1210 τὸ
2694 1160 2830 1235 φῶς,

2201 1253 2304 1315 Τοῦ
2385 1248 2542 1308 αὐτοῦ
2639 1249 2745 1304 ἀπὸ
2818 1255 2912 1306 τοῦ
2942 1249 3084 1328 ,περὶ
3149 1250 3243 1306 τοῦ
3308 1248 3458 1328 ἆγίου
3543 1250 3848 1323 Πνεύματος

2937 1327 3122 1390 λόγου.

2937 1350 3000 1385 ΛΟ
3069 1351 3122 1390 υ.

2283 1408 2420 1493 ΑΠ’,
2459 1443 2486 1475 α
2535 1418 2680 1477 Ἐπεὶ
2711 1418 2766 1478 δέ
2795 1444 2888 1478 σου
2935 1350 3068 1490 ea?
3088 1421 3306 1500 πρώτην
3363 1420 3608 1501 διαίρεσιν
3665 1422 3725 1477 οὗ
3754 1418 3850 1476 δε-

2210 1529 2234 1565 ι
2269 1509 2498 1588 χόμεθα,
2545 1511 2642 1578 τάν
2685 1507 2849 1583 μηδὲν
2911 1511 3197 1588 ἀγεννήτου
3239 1513 3326 1568 καὶ
3379 1518 3630 1590 γεννητοῦ
3686 1509 3849 1584 μέσον

2213 1617 2236 1652 α
2272 1593 2765 1673 ὑπολαμϐάνουσαν,
2825 1601 3008 1658 αὐτίκα
3065 1600 3375 1679 οἰχήσονται
3431 1621 3518 1656 σοι
3571 1600 3705 1673 μετὰ
3746 1603 3850 1664 τῆς

477 1713 504 1750 ‹
535 1706 646 1748 nus
667 1687 771 1749 tibi
789 1695 922 1748 cum
941 1687 1222 1767 praeclara
1253 1696 1352 1751 tua
1373 1687 1664 1748 divisione
1704 1687 1914 1748 fratres
1954 1686 2037 1748 illi
2067 1695 2124 1748 et

2223 1709 2239 1741 ι
2273 1691 2471 1760 σεμνῆς
2529 1683 2828 1764 διαιρέσεως
2886 1690 2933 1743 οἱ
2976 1685 3186 1768 ἀδελφοὶ
3267 1690 3352 1743 καὶ
3425 1689 3620 1753 υἱωνοὶ,
3670 1687 3853 1765 ὥσπερ

473 1797 497 1829 ι
523 1783 772 1855 nepotes
819 1775 1115 1856 peribunt,
1145 1785 1207 1837 ut
1228 1777 1329 1857 qui
1353 1776 1544 1856 primo
1575 1775 1678 1837 illo
1705 1776 2124 1856 disputationis

481 1891 503 1922 ι
537 1877 653 1925 tua:
722 1863 941 1945 capite,
991 1865 1156 1943 quasi
1204 1864 1549 1944 multiplicis
1605 1865 1907 1939 cujusdam
1941 1883 2125 1925 nexus

483 1978 506 2010 σ
539 1951 708 2013 initio
741 1952 933 2032 primo
964 1953 1180 2028 soluto,
1236 1952 1408 2014 simul
1462 1972 1696 2034 quoque
1727 1953 1904 2014 soluti
1931 1972 1998 2014 ac
2027 1953 2124 2013 di-

475 2063 500 2096 «
533 2039 683 2120 lapsi
723 2039 863 2114 sint,
891 2051 1067 2120 atque
1096 2059 1129 2101 a
1159 2041 1484 2103 divinitatis
1507 2041 1778 2103 doctrina
1817 2060 1950 2102 sese
1973 2040 2121 2103 sub-

477 2154 500 2186 ι
534 2127 830 2190 duxerint.
870 2128 980 2191 Ubi
1005 2129 1185 2190 enim.
1223 2148 1443 2210 quaeso,
1481 2149 1665 2210 pones
1695 2131 1753 2191 id
1789 2131 1945 2210 quod
1979 2148 2122 2210 pro-

487 2245 508 2276 ι
543 2216 727 2291 cedit,
760 2216 917 2296 quod
967 2218 1207 2298 quidem
1262 2219 1418 2279 inter
1468 2220 1612 2279 duas
1652 2217 1961 2278 divisionis
2015 2227 2128 2279 tum

488 2335 509 2365 σ
543 2304 1140 2384 partesinterjectum
1189 2324 1320 2367 esse
1364 2314 1619 2385 constat,
1653 2315 1830 2386 atque
1862 2325 1896 2366 a
1923 2307 2123 2367 Theo-

487 2422 509 2453 ι
541 2393 674 2473 logo
705 2393 888 2454 multo
911 2402 969 2454 te
1015 2395 1437 2474 praestantiore,
1494 2394 1771 2456 nimirum
1803 2413 1838 2455 a
1868 2394 2124 2475 Christo,

483 2511 506 2542 ι
539 2481 978 2544 introducitur?
1007 2482 1135 2545 Nisi
1177 2483 1427 2544 fortasse
1458 2499 1661 2546 vocem
1692 2482 1854 2543 illam
1886 2493 2130 2563 propter

487 2598 509 2630 α
546 2570 786 2632 tertium
817 2578 983 2631 tuum
1047 2578 1462 2633 testamentum
1500 2590 1568 2632 ex
1615 2570 1950 2649 Evangeliis
1998 2589 2129 2632 sus-

487 2658 760 2736 «tulisti,
821 2656 1079 2740 Spiritus
1135 2669 1374 2721 sanctus
1401 2660 1501 2739 qui
1551 2678 1586 2720 a
1633 2659 1805 2721 Patre
1837 2661 2124 2740 procedit.

491 2773 514 2806 ι
549 2747 662 2820 Qui
711 2754 1007 2826 quatenus
1064 2747 1138 2809 ab
1196 2748 1298 2809 illo
1345 2747 1632 2828 procedit,
1687 2757 1958 2810 creatura
2009 2767 2128 2809 non

495 2865 517 2896 ι
553 2844 670 2912 est,
711 2844 1006 2917 quatenus
1039 2854 1244 2898 rursus
1303 2836 1538 2915 genitus
1595 2855 1713 2897 non
1773 2845 1885 2910 est,
1946 2836 2130 2898 Filius

494 2944 671 2986 «non
727 2937 843 3000 est,
921 2933 1217 3004 quatenus
1298 2933 1496 2986 autem
1572 2924 1732 2986 inter
1794 2925 2128 3004 ingenitum

491 3040 513 3070 ι
551 3020 612 3076 et
663 3012 924 3093 genitum
986 3014 1218 3075 medius
1274 3023 1386 3090 est,
1446 3013 1603 3075 Deus
1635 3023 1744 3076 est.
1803 3015 1996 3094 Atque
2052 3015 2134 3076 ita

495 3135 517 3164 ι
548 3101 742 3164 vitatis
762 3101 1236 3183 syllogismorum
1264 3111 1494 3164 tuorum
1536 3102 1786 3182 laqueis,
1811 3102 1970 3164 Deus
2003 3122 2130 3164 ma-

495 3220 517 3250 α
550 3189 766 3252 nifeste
796 3189 1492 3269 apparuit,divisionibus
1516 3189 1632 3252 tuis
1655 3189 1904 3270 ﬁrmior,
1937 3208 2005 3251 ac
2031 3209 2130 3250 va-

495 3308 517 3339 ι
551 3279 789 3340 lentior.
843 3277 986 3350 Quze
1016 3295 1157 3357 ergo
1207 3287 1296 3339 est
1328 3280 1452 3340 haec
1486 3277 1811 3359 processio,
1845 3278 2082 3358 inquies
2110 3279 2135 3339 ϊ

492 3395 517 3430 ι
553 3367 658 3431 Dic
690 3375 751 3428 tu
781 3385 911 3449 quae
937 3366 1126 3428 Patris
1152 3366 1496 3449 i_ngenitura
1517 3367 1615 3446 sit,
1649 3374 1706 3428 et
1732 3384 1839 3445 ego
1862 3365 1995 3427 Filii
2028 3388 2134 3445 ge-

2211 1798 2235 1830 α
2281 1776 2423 1838 τινὸς
2461 1771 2653 1849 δεσμοῦ
2710 1774 3043 1833 πολυπλόκου
3097 1782 3198 1842 τῆς
3250 1776 3464 1855 πρώτης
3507 1776 3688 1854 ἆαχῆς
3721 1797 3852 1830 συν-

2212 1886 2239 1918 α
2271 1862 2623 1940 διαλυθείσης,
2713 1862 3129 1929 συνδιαλυθέντες
3224 1867 3314 1922 καὶ
3391 1871 3491 1932 τῆς
3577 1864 3853 1942 θεολογίας

2213 1975 2239 2006 α
2268 1953 2737 2032 ὑποχωρήσαντες.
2814 1960 2921 2010 Ποῦ
2993 1955 3091 2033 γὰρ
3160 1956 3338 2024 θήσεις
3395 1956 3456 2010 τὸ
3514 1954 3852 2032 ἐκπορευτὸν,

2213 2061 2237 2096 α
2286 2043 2400 2097 εἰπέ
2433 2064 2546 2121 μοι,
2581 2041 2741 2115 μέσον
2784 2043 3044 2120 ἀναφανὲν
3100 2048 3199 2109 τῆς
3257 2048 3354 2110 σῆς
3409 2041 3732 2121 διαιρέσεως,
3765 2045 3859 2098 καὶ

2211 2151 2239 2182 α
2285 2129 2427 2207 παρὰ
2481 2130 2781 2203 κρείσσονος
2819 2131 2853 2198 ἢ
2913 2129 3048 2188 κατά
3106 2131 3164 2186 σέ
3205 2129 3455 2208 θεολόγου
3502 2137 3594 2187 τοῦ
3655 2135 3855 2196 Σωτῆ-

2211 2240 2237 2272 ι
2273 2239 2358 2296 ρος
2387 2219 2564 2292 ἡμῶν,
2599 2219 2943 2294 εἰσαγόμενον
2978 2239 2994 2299 ς
3047 2221 3090 2276 εἰ
3131 2221 3209 2294 μὴ
3265 2220 3362 2287 την
3413 2219 3594 2298 φωνὴν
3646 2218 3856 2285 ἐκείνην

2214 2327 2237 2362 (ι
2283 2311 2388 2361 τῶν
2418 2311 2524 2362 σῶν
2555 2304 2743 2370 ἐξείλες
2774 2306 3130 2385 Εὖαγγελίων.
3197 2308 3295 2364 Διὰ
3362 2311 3460 2374 τὴν
3528 2309 3707 2385 τρίτην
3755 2329 3857 2363 σου

2214 2413 2238 2449 α
2274 2391 2551 2466 διαθήκην,
2595 2396 2658 2451 τὸ
2682 2401 2893 2469 Πνεῦμα
2920 2397 2982 2452 τὸ
3028 2395 3201 2474 ἅγιον,
3263 2395 3291 2451 ὅ
3346 2396 3487 2474 παρὰ
3528 2402 3618 2450 τοῦ
3650 2397 3856 2473 Πατρὸς

2215 2503 2239 2538 (ι
2274 2483 2609 2560 ἓκπορεύεται
2645 2499 2658 2512 ⁸
2720 2482 2749 2538 ὅ
2805 2478 3026 2540 καθόσον
3087 2486 3185 2560 μὲν
3240 2484 3444 2541 ἐκεῖθεν
3488 2484 3853 2562 ἐκπορεύεται,

2216 2593 2244 2626 σ
2289 2575 2350 2626 οὐ
2393 2569 2607 2650 κτίσμα,
2637 2573 2857 2629 καθόσον
2891 2570 2945 2628 δὲ
2991 2573 3050 2630 οὐ
3092 2574 3366 2653 γεννητὸν,
3401 2574 3504 2652 οὐχ
3554 2573 3701 2644 Υἱὸς,
3745 2595 3854 2628 κα-

2219 2679 2248 2718 (
2277 2660 2430 2717 θόσον
2473 2658 2528 2715 δὲ
2556 2660 2841 2738 ἀγεννήτου
2889 2662 2976 2718 καὶ
3018 2671 3272 2739 γεννητοῦ
3325 2661 3506 2737 μέσον,
3568 2662 3721 2723 Θεός.
3756 2662 3858 2719 Καὶ

2219 2772 2246 2804 α
2279 2747 2416 2805 οὕτω
2473 2771 2562 2806 σου
2608 2751 2701 2813 τὰς
2746 2756 2855 2806 τῶν
2927 2749 3294 2829 συλλογισμῶν
3368 2749 3516 2829 ἄρκις
3575 2748 3853 2831 διαφυγὸν,

2220 2862 2242 2893 ι
2297 2839 2423 2903 Θεὸς
2480 2837 2775 2916 ἀνεπέφηνε
2819 2844 2922 2896 τῶν
2975 2846 3080 2895 σῶν
3136 2837 3436 2915 διαιρέσεων
3491 2840 3854 2918 ἰσχυρότερος.

2221 2947 2244 2983 α
2281 2928 2368 2991 Τίς
2439 2927 2528 2984 οὖν
2569 2929 2602 2995 ἡ
2647 2927 2992 3005 ἐκπόρευσις;
3051 2929 3179 2986 Εἰπὲ
3238 2929 3298 2984 σὺ
3354 2929 3452 2994 τὴν
3508 2928 3860 3006 ἆγγεννησίαν

2223 3039 2245 3072 α
2280 3023 2372 3074 τοῦ
2401 3018 2627 3088 Πατρὸς,
2661 3017 2810 3094 κάγὼ
2839 3017 2939 3084 τήν
2999 3017 3243 3096 γέννησιν
3287 3025 3378 3075 τοῦ
3427 3019 3546 3073 Υἱοῦ
3615 3015 3862 3096 φυσιολο-

2221 3128 2244 3160 ι
2277 3107 2450 3183 γήσω,
2501 3106 2589 3162 καὶ
2635 3106 2731 3172 τὴν
2801 3105 3104 3184 ἐκπόρευσιν
3151 3115 3242 3165 τοῦ
3275 3105 3598 3180 Πνεῦματος.
3634 3108 3722 3161 καί
3749 3127 3861 3162 πα-

2223 3216 2246 3246 ι
2291 3192 2718 3271 ραπληκτίσομεν
2808 3194 3118 3274 ἀμφότεροι,
3218 3194 3291 3258 εἷς
3375 3199 3505 3252 Θεοῦ
3595 3193 3861 3273 μυστήρια

2227 3301 2256 3340 (
2287 3283 2710 3360 παρακόπτοντες
2745 3301 2762 3319 ο
2834 3285 2921 3341 καὶ
2950 3293 3114 3344 ταῦτα
3155 3282 3327 3362 τίνες;
3387 3285 3446 3340 Οἱ
3489 3280 3624 3357 μηδὲ
3681 3283 3748 3341 τὰ
3805 3282 3859 3338 έν

2225 3390 2256 3430 (
2300 3372 2453 3428 ποσὶν
2482 3369 2669 3426 εἰδέναι
2699 3369 2996 3446 δυνάμενοι.
3037 3395 3058 3429 ι

493 3479 521 3510 α
555 3444 949 3530 nerationem,
1003 3462 1061 3516 et
1120 3444 1372 3536 Spiritus
1433 3444 1873 3536 processionem
1935 3444 2232 3535 explicare
2288 3458 2632 3538 aggrediar:
2670 3467 2734 3519 ut
2763 3444 2936 3520 ambo
2970 3457 3187 3520 mentis
3221 3457 3491 3520 versania
3522 3456 3865 3538 praecipites

491 3568 518 3599 α
550 3560 816 3620 agamur,
867 3542 931 3603 in
973 3542 1079 3604 Dei
1128 3544 1406 3622 mysteria
1454 3543 1658 3604 oculos
1705 3543 2042 3622 injicientes
2077 3565 2089 3608 :
2147 3547 2326 3630 idque
2375 3549 2472 3629 qui
2503 3547 2791 3611 tandem?
2837 3547 3064 3629 Nempe
3093 3546 3193 3629 qui
3225 3566 3300 3610 ne
3337 3565 3406 3609 ea
3429 3547 3702 3629 quidem,
3733 3565 3865 3630 qua;

493 3654 517 3690 ι
556 3641 694 3695 ante
724 3631 909 3714 pedes
935 3639 1074 3692 sunt
1105 3632 1262 3694 scire
1294 3650 1630 3712 possumus.
1671 3657 1696 3687 ι

1062 3725 1554 3787 Animadversio.

581 3846 604 3876 ι
636 3815 801 3878 Hanc
833 3817 1196 3897 pericopem,
1229 3835 1362 3898 quae
1391 3817 1735 3898 planissima
1782 3826 1892 3894 est,
1931 3820 2134 3900 expla-

493 3936 518 3970 ι
554 3907 796 3969 natione
824 3907 1096 3988 indigere
1151 3927 1269 3970 non
1321 3919 1483 3990 puto.
1518 3908 1663 3973 Cum
1711 3911 1871 3972 enim
1902 3921 2140 3974 sanctus

498 4027 520 4058 α
555 3995 796 4077 dixerit,
828 3996 1042 4059 fratres
1095 4006 1153 4058 et
1183 4006 1432 4078 nepotes
1462 3998 1783 4080 perituros,
1821 4000 1932 4061 hoc
1963 4018 2136 4078 pror-

494 4107 516 4138 ι
552 4104 653 4148 sus
681 4085 897 4162 innuit,
937 4086 1268 4165 ingenitum
1312 4085 1597 4166 Spiritum
1637 4106 1791 4166 esse,
1827 4097 1886 4150 et
1908 4109 1978 4152 ex
2011 4090 2142 4151 solo

501 4201 523 4234 ι
554 4178 752 4252 Patre,
785 4193 905 4238 non
934 4183 1130 4238 autem
1163 4193 1234 4238 ex
1264 4173 1418 4238 Filio
1448 4177 1796 4258 procedere.
1832 4203 1853 4234 ι

1153 4355 1483 4434 Refutatio.

574 4449 677 4512 Nae
705 4459 765 4511 tu
797 4449 1039 4531 quidem
1089 4467 1226 4510 vera
1251 4468 1371 4511 non
1402 4449 1688 4532 loqueris,
1713 4451 1871 4532 quod
1903 4461 2145 4513 sanctus

495 4539 666 4616 dixit,
701 4567 726 4601 ‹
760 4538 971 4601 fratres
1021 4545 1085 4600 et
1129 4545 1376 4618 nepotes
1407 4540 1762 4620 perituros,»
1803 4545 2150 4620 prorsusin-

496 4627 802 4709 nuisse,ex
823 4627 950 4689 solo
973 4626 1168 4709 Patre,
1202 4646 1321 4688 non
1355 4637 1550 4690 autem
1575 4648 1648 4690 ex
1684 4629 1832 4691 Filio
1866 4627 2148 4709 Spiritum

497 4716 830 4796 procedere
856 4738 869 4777 :
895 4717 1002 4778 sed
1036 4717 1443 4779 tantummodo
1474 4717 1640 4778 illum
1677 4718 2000 4797 procedere
2031 4739 2152 4781 non

497 4812 696 4870 tamen
727 4805 1058 4884 ingenitum
1095 4805 1181 4868 uti
1212 4807 1476 4886 Patrem,
1525 4824 1722 4886 neque
1772 4806 2032 4884 genitum
2068 4813 2153 4872 uti

494 4895 736 4957 Filium.
797 4894 924 4957 Hoc
966 4896 1125 4956 enim
1184 4901 1347 4956 notat
1393 4893 1564 4969 illud,
1625 4915 1651 4949 ‹
1697 4893 1808 4957 Ubi
1866 4912 2050 4976 pones
2094 4897 2153 4958 id

498 4985 660 5066 quod
693 4983 988 5065 procedit,
1028 4983 1182 5064 quod
1214 4983 1454 5064 quidem
1487 4984 1644 5046 inter
1674 4985 1821 5046 duas
1847 4984 2155 5048 divisionis

497 5079 615 5134 tua;
643 5079 843 5154 partes
873 5071 1280 5151 interjicitur?
1315 5092 1339 5125 ι

721 5235 726 5240 ,
817 5165 1112 5244 Ejusdem
1155 5185 1236 5229 ea:
1292 5166 1501 5229 eadem
1532 5166 1828 5229 oratione.

576 5264 810 5329 XXXIX
841 5287 872 5322 α
905 5265 1257 5331 ΝοδτεΒουε
1278 5286 1436 5330 unus
1453 5266 1853 5349 est,quoniam
1876 5286 1993 5329 una
2022 5265 2154 5328 dei-

498 5383 524 5420 ‹
558 5364 854 5439 tas,atque
869 5356 939 5417 ad
959 5374 1145 5419 unum
1171 5375 1404 5439 ea,qua3
1421 5375 1490 5420 ex
1516 5375 1586 5419 eo
1605 5365 1761 5431 sunt,
1788 5356 2149 5418 referuntur.

500 5473 524 5504 α
560 5446 794 5508 etiamsi
812 5452 935 5508 tres
950 5463 1237 5527 personas
1257 5445 1582 5510 credimus.
1619 5444 1825 5528 Neque
1847 5445 2004 5508 enim
2039 5446 2155 5508 hoc

501 5561 525 5594 ο
559 5533 925 5615 magis,illud
965 5533 1166 5596 minus
1212 5542 1301 5597 est
1322 5535 1501 5611 Dcus,
1528 5553 1641 5598 nec
1672 5535 1785 5598 hoc
1809 5534 1975 5616 prius
2006 5533 2151 5597 illud

2879 3731 3207 3790 Ἐπιστασία.

2306 3846 2329 3882 α
2365 3827 2570 3893 Ταύτην
2626 3826 2724 3894 τὴν
2784 3825 3078 3900 περικοπὴν
3150 3822 3484 3906 σαφεστάτην
3540 3827 3698 3881 οὖσαν
3768 3823 3864 3879 οἶ-

2226 3935 2247 3968 α
2284 3939 2378 3991 μαι
2410 3915 2488 3990 μὴ
2535 3912 2734 3972 δεῖσθαί
2789 3936 2928 3980 τινος
2983 3915 3314 3992 ἐπεργασίας.
3354 3911 3450 3972 Ἐκ
3490 3914 3589 3992 γὰρ
3644 3920 3737 3968 τοῦ
3776 3914 3866 3968 τὸν

2227 4028 2253 4060 ι
2301 4003 2451 4082 ἅγιον
2483 4006 2652 4060 εἰπεῖν
2681 4005 2801 4066 τοὺς
2851 4000 3099 4083 ἀδελφοὺς
3157 4006 3244 4060 καὶ
3284 4003 3406 4066 τοὺς
3448 4003 3664 4064 υἱωνοὺς
3695 4003 3866 4080 οἰχή-

2229 4117 2255 4149 α
2290 4095 2467 4150 σεσθαι
2511 4098 2664 4150 τοῦτο
2707 4091 2916 4155 πάντως
2983 4093 3294 4170 παρίσταται
3349 4091 3410 4148 τό
3465 4113 3522 4146 τε
3582 4090 3867 4168 ἀγέννητον

2229 4200 2254 4233 α
2300 4189 2394 4240 τοῦ
2420 4182 2745 4258 Πνεύματος,
2795 4181 2879 4236 καὶ
2935 4182 2995 4236 τὸ
3054 4179 3114 4237 ἐκ
3170 4181 3329 4256 μόνου
3381 4183 3474 4237 τοῦ
3539 4181 3767 4250 Πατρὸς,
3811 4180 3869 4234 οὒ

2235 4293 2262 4324 σ
2298 4271 2406 4347 μήν
2448 4272 2535 4328 καὶ
2562 4279 2654 4329 τοῦ
2693 4272 2818 4327 Υἷαῦ
2849 4269 3205 4344 έκπορευτὺνς
3241 4290 3268 4329 ι

2886 4362 3213 4442 ’Δντίῤῥησις

2310 4457 2419 4516 Οὒκ
2449 4455 2657 4524 ἀληθῶς
2702 4456 2857 4536 ἔφης,
2891 4455 2950 4512 ἐκ
2993 4462 3082 4512 τοῦ
3139 4456 3228 4511 τὸν
3277 4455 3426 4521 ἃγιον
3457 4456 3649 4528 εἷπεῖν,
3691 4473 3714 4506 ιι
3750 4453 3869 4516 τοὺς

2229 4546 2483 4628 ἀδελφοὺς
2536 4546 2623 4602 καὶ
2692 4547 2812 4609 τοὺς
2882 4546 3097 4609 υἱωνοὺς
3167 4546 3501 4624 οἰχήσεσθαι,
3553 4561 3577 4596 ι
3664 4542 3870 4604 πάντως

2233 4638 2571 4714 παρίστασθαι
2643 4637 2702 4692 τὸ
2746 4635 2806 4691 ἐκ
2849 4635 3010 4710 μόνον
3068 4640 3161 4690 τοῦ
3227 4635 3452 4712 Πατρὸς,
3500 4636 3558 4691 οὔ
3615 4631 3723 4707 μὴν
3791 4631 3874 4686 καὶ

2230 4736 2324 4785 τοῦ
2362 4727 2481 4782 Υἱοῦ
2534 4725 2848 4803 ἐκπορευτὸν
2904 4729 2995 4779 τοῦ
3065 4723 3389 4797 Πνεύματος,
3436 4719 3574 4777 ἀλλὰ
3626 4723 3710 4789 τὸ,
3773 4719 3873 4794 μό-

2235 4837 2337 4879 νως
2389 4815 2701 4892 ἐκπορευτὸν
2771 4813 2897 4871 αὐτὸ
2993 4812 3155 4871 εἶναι.
3237 4812 3498 4886 Οὒμενουν
3565 4810 3870 4888 ἀγέννητον,

2237 4907 2310 4970 ὡς
2355 4908 2382 4961 ὁ
2429 4905 2634 4982 Πατὴρ,
2686 4903 2721 4972 ἢ
2765 4904 3040 4980 γεννητὸν,
3086 4905 3158 4968 ὡς
3206 4905 3232 4958 ὁ
3295 4903 3434 4964 Υἱός.
3461 4907 3624 4958 Τοῦτο
3648 4899 3747 4978 γὰρ
3777 4897 3874 4966 δη-

2236 4994 2328 5053 λοῖ
2372 4995 2454 5075 τὸ,
2509 5015 2536 5048 ε
2569 4999 2676 5050 Ποῦ
2733 4994 2912 5062 θήσεις
2967 4993 3029 5048 τὸ
3088 4990 3421 5070 ἐκπορευτὸν,
3482 4989 3643 5064 μέσον
3676 4989 3874 5067 ἀναφα-

2237 5085 2320 5141 νὲν
2351 5089 2450 5152 τῆς
2479 5087 2580 5151 σῆς
2609 5079 2963 5160 διαιρέσεωςῖ
2996 5106 3019 5135 ιι

2701 5180 2804 5232 Τοῦ
2835 5175 2990 5229 αὐτοῦ
3019 5171 3079 5228 ἐκ
3108 5177 3200 5227 τοῦ
3242 5174 3419 5231 αὐτοῦ,

2320 5258 2447 5330 ΛΘ’.
2513 5252 2661 5343 Ὀμϊν
2721 5269 2801 5331 εἷς
2858 5266 3010 5339 Θεὸς,
3059 5262 3140 5320 ὅτι
3201 5263 3294 5339 μία
3348 5261 3560 5334 θεότης,
3613 5263 3701 5318 καὶ
3754 5261 3878 5340 πρὸς

2245 5378 2267 5416 α
2301 5357 2354 5414 ἕν
2385 5358 2450 5413 τὰ
2482 5354 2533 5422 ἐξ
2564 5357 2724 5413 αὑτοῦ
2776 5356 2875 5421 τῆν
2932 5353 3199 5431 ἆναῳορᾶν
3259 5349 3402 5431 ἔχει,
3474 5349 3572 5407 κᾶν
3644 5350 3760 5428 τρία
3788 5372 3880 5404 πι-

2245 5476 2266 5508 c
2299 5447 2568 5514 στεύηται.
2643 5445 2717 5502 Οὔ
2769 5443 2971 5523 γὰρτὸ
3017 5441 3114 5517 μὲν
3179 5439 3404 5517 μᾶλλον,
3480 5441 3541 5495 τὸ
3603 5437 3656 5494 δὲ
3727 5438 3881 5506 ἧττον

2243 5556 2267 5592 σ
2305 5535 2436 5600 Θτός
2471 5554 2485 5569 ’
2519 5531 2636 5594 οῦδὲ
2665 5534 2726 5590 τὸ
2767 5532 2867 5610 μὲν
2928 5531 3210 5611 πρότερον,
3266 5530 3327 5585 τὸ
3371 5527 3425 5585 δὲ
3482 5527 3721 5609 ὕστερον.
3759 5525 3884 5585 Ούδὲ
