4150 6292
216 317 334 382 469
1284 330 1365 393 ΙΝ
1412 325 1805 392 GAMATERI
1846 328 1903 390 AI

1999 325 2377 390 MADVERSI
2383 329 2484 391 ΟΝ
2489 325 2597 392 ES.
3507 319 3626 390 470

216 474 238 503 ι
268 455 559 531 βούλήσει
622 461 890 536 τέμνεται,
955 460 1070 519 οὒδὲ
1128 461 1340 538 δυνάμει
1411 466 1695 543 μερίζεται,
1782 458 1895 518 οὒδέ

1999 483 2006 510 ι
2037 456 2353 536 posterius.
2378 460 2501 521 Nec
2523 459 2819 522 voluntate
2839 460 3215 535 scinduntur,
3236 464 3336 522 aut
3347 456 3622 541 potentia

222 569 245 601 ι
277 566 327 633 τι
358 553 479 602 τῶν
517 547 632 605 ὅσα
677 564 797 615 τοῖς
842 564 1111 629 μεριστοϊς
1169 554 1419 633 ὑπάρχει,
1480 554 1743 621 mneo:
1796 551 1896 607 λα-

1999 544 2395 633 ιάῑνίγάιιιιιιιιι.
2427 555 2525 608 aut
2581 547 2840 629 denique
2869 548 3187 630 quidquam
3223 565 3458 627 eorum,
3489 560 3622 627 qua

225 659 246 689 ι
278 629 403 689 δεῖν
454 635 641 701 ἔστιν.
718 638 841 696 ἀλλ’
912 640 1202 715 ἀμερίστως
1258 629 1783 720 ἔνημεμερισμένοις,
1857 641 1900 695 εἰ

1999 658 2012 685 ι
2046 632 2299 720 dividuis
2320 634 2500 697 rebus
2524 635 2997 714 contingunt,hic
3037 629 3274 719 quoque
3299 632 3620 716 reperitur.

226 740 248 770 ι
278 719 367 778 δεῖ
398 726 706 803 συντόμως
749 729 942 805 εἰπεῖν,
974 730 1010 796 ἡ
1063 730 1272 803 θεότης,
1330 732 1417 787 καὶ
1471 719 1591 788 οἷον
1649 728 1703 787 ἐν
1730 728 1900 798 ἡλίους

1999 741 2010 771 ι
2046 719 2159 783 Sed
2191 722 2493 785 individua
2537 723 2599 785 in
2636 724 2916 805 dividuis,
2962 733 3022 787 et
3049 745 3169 788 uno
3196 724 3371 788 verbo
3398 722 3617 794 dicam.

226 838 247 868 ι
279 813 814 898 τρισὶνῌὲχομένοις
857 816 1132 898 ἀλλήλων,
1182 820 1275 894 μία
1316 827 1408 876 τοῦ
1449 820 1622 898 φωτὸς
1666 821 1897 897 σύγκραο

1999 839 2008 867 ι
2046 818 2135 871 est
2162 810 2459 886 divinitas,
2490 829 2558 873 ac
2582 812 2742 875 velut
2769 812 2829 874 in
2861 812 3048 875 tribus
3076 812 3303 876 solibus
3356 811 3518 874 inter
3555 828 3622 873 se

220 925 242 958 ι
276 922 389 965 σις.
452 892 654 961 "oi-3w
703 907 802 980 μὲν
857 906 945 962 οὖν
1000 892 1130 985 πρὸς
1184 892 1285 974 τὴν
1337 892 1561 975 θεότητα
1616 892 1900 983 βλέψωμεν
1990 928 2009 954 ι
2044 899 3118 965 εοὴωτεηιίὴιιειωεΙιιοίεοοωαιὶειίο
3153 909 3212 963 et
3242 900 3617 982 temperatio.

216 1014 236 1045 ι
276 992 378 1047 Καὶ
466 993 589 1059 τὴν
656 995 875 1072 πρώτην
929 994 1097 1051 αἰτίαν
1138 997 1225 1052 καὶ
1302 997 1402 1063 τὴν
1468 998 1783 1076 μοναρχίαν,
1845 995 1898 1051 ἕν

1999 1015 2009 1044 ι
2044 987 2186 1049 Cum
2222 1006 2360 1067 ergo
2390 988 2463 1049 ad
2488 987 2856 1053 divinitatem
2881 990 3254 1071 primamque
3291 988 3453 1050 illam
3477 1005 3623 1049 cau-

211 1100 233 1132 ι
269 1078 418 1151 ἡμῖν
463 1082 541 1136 τὸ
605 1085 995 1162 φανταζόμενον
1029 1098 1043 1113 ⁸
1105 1081 1229 1143 ὅταν
1298 1082 1352 1140 δὲ
1395 1086 1526 1165 πρὸς
1573 1087 1659 1160 τὰ,
1711 1085 1765 1141 ἐν
1808 1085 1898 1146 οἷς

1999 1093 2190 1148 nam,
2252 1078 2542 1157 uniusque
2604 1076 2997 1159 principatum
3050 1087 3108 1139 et
3152 1076 3470 1158 imperium
3525 1092 3624 1165 re-

217 1193 238 1224 ι
284 1167 323 1233 ἡ
356 1170 600 1246 θεότης,
629 1172 719 1227 καὶ
768 1172 833 1228 τὰ
890 1171 950 1228 ἐκ
1003 1172 1099 1239 τῆς
1158 1173 1373 1252 πρώτης
1433 1162 1599 1238 αἰτίας
1656 1174 1898 1253 ἄχρονως

1999 1192 2011 1221 ι
2045 1163 2630 1253 spexerimus,unum
2648 1172 2757 1239 est,
2781 1166 2934 1253 quod
2964 1165 3182 1228 mentis
3201 1162 3621 1253 nostreeoculis

221 1285 244 1314 ι
289 1258 522 1315 ἐκεῖθεν
588 1258 716 1318 (ντα,
766 1262 853 1317 καὶ
920 1249 1210 1335 ὀμοδόξως,
1274 1264 1401 1341 ’τρία
1456 1264 1521 1320 τὰ
1571 1249 1900 1341 προσκυνού-

1999 1282 2012 1304 ι
2046 1251 2409 1341 obversatur.
2445 1252 2590 1315 Cum
2623 1271 2832 1313 rursus
2859 1252 2930 1341 ad
2962 1271 3053 1324 ea.
3089 1254 3148 1315 in
3182 1252 3395 1341 quibus
3415 1249 3624 1341 estdi-

227 1378 247 1404 ι
282 1370 457 1420 μενα,
501 1371 529 1399 ι

1999 1362 2011 1392 ι
2044 1340 2255 1400 vinilas
2279 1347 2337 1402 et
2365 1358 2497 1420 quas
2525 1357 2594 1402 ex
2628 1341 2820 1422 prima
2872 1340 2973 1403 illa
3001 1359 3197 1411 causa,
3249 1340 3397 1403 citra
3442 1339 3624 1402 ullam

1985 1454 2007 1486 ιι
2046 1428 2332 1509 temporis
2380 1428 2918 1511 intercapedinem,
2952 1449 3021 1493 ac
3072 1430 3198 1511 pari
3233 1428 3420 1510 gloria
3467 1435 3624 1500 sunt.

1992 1541 2011 1569 ι
2046 1517 2158 1580 tria
2186 1527 2322 1581 sunt
2348 1538 2480 1602 quae
2509 1520 2811 1583 odoratur.
2852 1545 2871 1571 ι

909 1620 1240 1683 Ἐπιττασία.
1770 1663 1775 1667 -

2556 1615 3047 1679 Animadversio.

312 1738 334 1764 ι
372 1713 689 1790 Νουνεχιῦς
733 1709 890 1768 ἄκουε
946 1721 1057 1785 τοῦ,
1119 1702 1280 1785 Ἡμῖν
1338 1712 1411 1772 εἰς
1466 1713 1619 1782 Θεὸς,
1673 1707 1753 1764 ὅτι
1809 1709 1900 1783 μία

2072 1734 2092 1762 .
2126 1703 2458 1808 Diligenter
2474 1705 2579 1766 illa
2604 1706 2938 1808 observato,
2955 1705 3135 1770 Nobis
3158 1710 3318 1773 Deus
3338 1724 3491 1770 unus
3507 1714 3622 1783 est,

231 1827 251 1857 ι
285 1799 497 1866 θεότης
539 1816 553 1829 ’
617 1801 707 1856 καὶ
761 1801 888 1877 πρὸς
943 1798 996 1854 ἒν
1051 1800 1115 1856 τὰ
1169 1798 1221 1865 ἐξ
1283 1800 1438 1856 αὐτοῦ
1490 1798 1589 1864 τὴν
1642 1796 1898 1876 ἀναφορὰν

1999 1822 2011 1847 ι
2040 1795 2196 1872 quod
2226 1812 2337 1854 una
2358 1792 2574 1867 Deitas,
2593 1804 2653 1855 et
2681 1796 2751 1856 ad
2784 1814 2966 1856 unum
2991 1816 3082 1872 ea,
3115 1815 3246 1878 quae
3271 1815 3340 1859 ex
3357 1815 3428 1857 eo
3459 1803 3622 1867 sunt,

231 1912 251 1940 ι
288 1889 443 1966 ἔχει,
516 1894 619 1944 κᾶν
660 1889 772 1967 τρία
813 1889 1123 1954 πιστεύηται
1152 1929 1166 1945 .
1223 1889 1309 1944 καὶ
1363 1887 1477 1961 τοῦ,
1541 1876 1715 1944 U0W"
1773 1886 1901 1962 πρὸς

1999 1880 2397 1954 .referentur,
2459 1881 2687 1942 etiamsi
2751 1891 2869 1943 tres
2928 1876 3214 1962 personas
3278 1883 3620 1946 credimus:

235 1999 256 2027 ι
288 1978 361 2030 τὰ
406 1975 471 2031 ἐν
507 1976 599 2041 οῖς
643 1978 677 2044 ἡ
726 1976 913 2043 θεότης
949 1995 963 2010 ο
1024 1977 1134 2048 καὶ,
1181 1976 1255 2034 Τὰ
1284 1974 1344 2031 ἐκ
1401 1980 1500 2042 τῆς
1557 1973 1769 2052 πρώτης
1814 1974 1898 2027 αἶ·-

1999 2000 2013 2026 ι
2050 1970 2188 2029 item
2214 1968 2400 2030 ?Cum
2432 1987 2639 2031 rursus
2670 1969 2742 2031 ad
2771 1989 2863 2044 ea,
2895 1970 2955 2032 in
2988 1970 3203 2052 quibus
3225 1972 3623 2049 divinitasest,

238 2090 257 2117 ι
295 2064 415 2122 τίεις
483 2064 739 2145 ἀχρόνως
794 2066 994 2121 ἐκεῖθεν
1036 2064 1161 2121 ὄντα
1207 2066 1294 2120 καὶ
1349 2061 1637 2139 ὁμοδόξως,
1693 2062 1809 2139 τρία
1839 2060 1903 2115 τα

1999 2088 2013 2115 Ι
2053 2068 2131 2129 et,
2156 2076 2287 2138 qua)
2317 2076 2384 2118 ex
2418 2057 2608 2138 prima
2637 2058 2948 2140 illacausa,
2982 2061 3127 2121 citra
3143 2061 3317 2122 ullam
3342 2058 3626 2140 temporis

235 2178 259 2212 ε
291 2157 747 2231 προσκυνούμενα
775 2173 786 2184 ·
850 2156 936 2210 καὶ
1016 2154 1076 2211 ἐκ
1158 2154 1355 2211 τούτων
1432 2154 1532 2231 γὰρ
1565 2170 1578 2183 ⁶
1638 2147 1900 2228 ἀριδή).ιυς

1999 2145 2550 2226 ιίηιεγοειρθόίηεηι
2605 2155 2662 2208 et
2711 2146 2840 2228 pari
2894 2147 3080 2226 gloria
3135 2155 3296 2226 sunt,
3330 2151 3444 2210 tria
3485 2154 3627 2209 sunt

236 2266 258 2297 ι
306 2246 645 2322 παρίσταται
700 2245 785 2322 τὸ,
844 2244 933 2299 τὸν
992 2241 1196 2323 Πατέρα
1258 2242 1402 2299 εἶναι
1452 2243 1539 2298 καὶ
1592 2238 1901 2319 ἀμφοτέρων

1999 2264 2014 2292 ι
2047 2254 2175 2315 qua)
2204 2236 2543 2296 adorantur.
2576 2234 2682 2296 His
2708 2234 3000 2323 siquidem
3030 2245 3237 2317 aperte
3261 2234 3620 2316 comproba-

239 2354 259 2383 ι
295 2330 517 2395 αἴτιον,
558 2358 579 2384 ι

901 2422 1224 2503 Ἀντίῤῥησις
1235 2470 1246 2481 .

313 2520 371 2573 Εἰ
405 2520 507 2574 καὶ
552 2518 613 2574 ἐκ
666 2520 769 2574 τῶν
823 2517 1111 2596 εἰρημένων
1168 2518 1479 2597 παρίσταται
1540 2518 1599 2573 τὸ
1658 2516 1747 2575 τὸν
1779 2520 1895 2570 ηι-

233 2606 361 2685 τέρα
417 2607 574 2663 εἶναι
619 2609 705 2663 καὶ
748 2607 1057 2687 ἀμφοτέρων
1104 2606 1299 2679 αἴτιον,
1361 2604 1495 2663 ἀλλὰ
1550 2607 1637 2661 καὶ
1706 2600 1758 2668 ἐξ
1802 2605 1899 2659 αὖ·

238 2700 342 2751 τῶν
390 2697 816 2775 παρίπαταιὼς
867 2699 902 2764 ἡ
949 2696 1041 2772 μία
1072 2702 1162 2752 τοῦ
1191 2695 1364 2774 φωτὸς
1422 2690 1726 2774 σύγκρασις,
1772 2694 1806 2761 ἡ
1850 2691 1904 2746 ἐν

241 2784 417 2850 ἧλίοις
492 2787 659 2864 τρισὶν
717 2784 996 2864 ἐχομένοις
1079 2782 1327 2853 ἀλλήλων
1398 2780 1785 2861 φανταζομένη,
1845 2784 1903 2838 τὸ

241 2870 548 2950 ἀδιαίρετον
578 2881 684 2930 τῶν
734 2877 889 2952 τριῶν
931 2877 1071 2929 ἔστιν
1125 2872 1484 2930 ὑποστάσεων.
1546 2870 1617 2929 Τὸ
1673 2869 1728 2925 δὲ
1775 2871 1900 2926 τού-

243 2983 347 3019 των
399 2962 700 3042 ἀδιαίρετον
747 2964 956 3028 πάντως
1024 2965 1117 3020 οὒκ
1187 2961 1403 3018 ἂλλοθεν
1455 2959 1575 3017 ἀλλ’
1629 2959 1665 3029 ἢ
1710 2959 1772 3015 ἐκ
1810 2969 1903 3018 τοῦ

251 3054 371 3110 Ποῦ
402 3055 469 3110 τὸ
502 3059 718 3128 Πνεῦμα
744 3053 1002 3132 ὑπάρχειν
1030 3054 1093 3108 int
1117 3059 1210 3109 τοῦ
1238 3048 1465 3129 Πατρός.

242 3150 346 3201 Τοῦ
374 3151 544 3205 αὺτοῦ
613 3146 674 3202 ἐκ
728 3154 817 3202 τοῦ
872 3143 1031 3223 λόγου
1082 3147 1197 3222 περὶ
1238 3143 1521 3221 δόγματος,
1563 3145 1652 3201 καὶ
1694 3165 1896 3200 κατασ-

792 3226 992 3290 τάσεως
1037 3225 1102 3282 ἐπ
1112 3228 1367 3286 ισκόπων.

327 3308 422 3379 Μ’.
463 3338 490 3369 α
547 3318 674 3375 Δέον
703 3319 840 3392 μήτε
884 3316 1047 3382 οὕτως
1092 3317 1234 3374 εἶναί
1301 3338 1446 3382 τινας
1519 3315 1899 3397 φιλοπάτορας,

253 3431 273 3459 ι
308 3409 382 3471 ὡς
427 3410 524 3463 καὶ
568 3409 627 3463 τὸ
657 3408 798 3464 εἶναι
858 3406 1062 3486 Πατέρα
1118 3419 1410 3485 περιαιρεῖν
1448 3426 1459 3438 ·
1522 3406 1657 3468 τίνος
1714 3404 1813 3483 γὰρ
1843 3401 1905 3458 ἂν

255 3521 276 3548 ι
311 3499 395 3552 καὶ
446 3496 545 3562 εἴη
603 3496 805 3575 Πατὴρ,
865 3502 957 3551 τοῦ
1027 3497 1143 3552 ι’ἱοῦ
1189 3495 1285 3563 τὴν
1349 3494 1508 3575 φύσνν
1565 3491 1906 3568 ἆπεξενωμέ-

254 3605 277 3636 ε
324 3611 416 3643 νου
506 3588 594 3642 καὶ
664 3583 1171 3664 ἀπηλλοτριωμένοι)
1232 3585 1366 3660 μετὰ
1449 3583 1545 3651 τὴς
1630 3581 1903 3655 κτίσεωςτ,

260 3705 280 3733 σ
325 3675 460 3750 μήθ’
504 3674 642 3732 οἶτω
695 3674 1090 3755 φιλοχρίστους,
1150 3675 1222 3737 ὡς
1284 3675 1420 3749 μήτε
1477 3672 1648 3747 τούτῳ
1698 3669 1789 3751 qui
1807 3671 1903 3727 ἑτ-

254 3786 277 3817 ι
311 3788 421 3822 τειν
455 3767 517 3822 τὸ
551 3764 693 3821 εἶναι
735 3766 872 3825 Nov.
921 3764 1068 3827 Τῖνος
1125 3763 1228 3841 γὰρ
1257 3760 1319 3818 ἄν
1369 3762 1456 3818 καὶ
1514 3759 1604 3827 εἴη
1646 3761 1789 3840 Υἱὸς,
1828 3760 1904 3834 μὴ

257 3883 279 3909 ιι
324 3858 460 3934 πρὸς
535 3855 710 3910 αἴτιον
768 3852 1153 3932 ἀναφερόμενος
1194 3853 1282 3907 τὸν
1344 3850 1573 3929 Πατέρα.
1634 3851 1771 3923 μήτε
1828 3856 1905 3922 τῷ

257 3967 278 3996 ι
324 3944 500 4024 Πατρί
557 3945 617 3999 τὸ
667 3942 763 4010 τῆς
833 3943 1009 4021 ἀρχῆς
1079 3942 1517 4020 κατασμικρύνειν
1550 3937 1774 4015 ἄξίωμα,
1806 3944 1905 4004 τῆ)

257 4062 277 4089 ι
325 4035 399 4096 ὼς
448 4033 615 4098 Πατρὶ
662 4033 748 4087 καὶ
798 4033 1115 4109 γεννήτορι;
1170 4036 1370 4108 μικρῶν
1428 4030 1528 4108 γὰρ
1579 4028 1640 4084 ἄν
1683 4024 1775 4093 εἴη
1819 4028 1907 4083 καὶ

262 4151 282 4180 ι
314 4120 541 4189 ἀναξίων
574 4114 745 4201 ἁρχὴ,
790 4122 869 4196 μὴ
924 4122 1175 4187 θεότητος
1217 4122 1290 4176 ὧν
1349 4118 1523 4183 αἴτιος
1577 4122 1678 4184 τῆς
1708 4117 1761 4173 ἐν
1803 4117 1909 4190 Titii

264 4239 284 4267 ι
314 4214 402 4267 καὶ
472 4210 737 4284 Πνεύματι
794 4208 1163 4285 θεωρουμένης
1249 4202 1468 4273 Ἐπειδὴ
1512 4207 1623 4285 χρὴ
1681 4206 1770 4259 καὶ
1816 4205 1905 4259 τὸν

268 4325 287 4354 ι
313 4296 407 4353 ἕνα
455 4301 588 4353 Θεὸν
639 4310 845 4375 τηρεῖν,
877 4297 965 4352 καὶ
1018 4297 1112 4357 τὰς
1152 4308 1297 4373 τρεῖς
1353 4293 1667 4356 ὑποστάσεις
1710 4290 1903 4367 ὀμηλο-

268 4411 289 4442 ι
318 4404 465 4465 γε”ν,
498 4386 677 4445 εἴτουν
718 4386 833 4461 τρία
884 4386 1163 4463 πρόσωπα,
1223 4385 1310 4439 καὶ
1367 4382 1595 4449 ἑκάστην
1626 4384 1760 4457 μετα
1805 4382 1902 4446 της

262 4511 283 4533 ι
314 4476 596 4543 ἰδιότητος.
660 4485 891 4554 Τηροῖτο
933 4473 977 4530 δ’
1038 4472 1124 4546 ἄν,
1183 4475 1255 4537 ὡς
1313 4474 1341 4528 ὁ
1398 4471 1525 4547 ἐμὸς
1584 4468 1764 4547 λόγος,
1821 4470 1906 4532 εἷς

265 4594 284 4621 ι
317 4568 413 4640 μὲν
486 4568 641 4640 Θεὸς,
682 4567 754 4627 εἷς
809 4564 865 4620 ἕν
936 4564 1109 4620 αἴτιον
1153 4564 1240 4618 καὶ
1301 4563 1418 4618 1⁸ῐοῦ
1476 4561 1562 4616 καὶ
1605 4559 1905 4634 Πνεύματυς

266 4681 286 4711 ι
327 4652 757 4734 ἀναφερομένων,
816 4655 877 4710 οὗ
951 4650 1350 4726 συντιθεμένων,
1424 4647 1538 4705 οὗῖὲ
1588 4645 1901 4724 συναλειφθ-

265 4765 284 4795 ι
313 4743 513 4821 μένων,
545 4742 633 4798 καὶ
680 4743 814 4798 κατὰ
839 4744 901 4798 τὸ
958 4740 1010 4797 ’ἐν
1069 4741 1155 4796 καὶ
1212 4740 1398 4795 ταυτὸν
1456 4739 1553 4803 τῆς
1624 4738 1895 4802 θεὺτητος.

264 4858 285 4890 ι
316 4831 387 4888 ἶν’
433 4830 601 4894 οὕτως
631 4831 898 4905 ὀνομάσω,
932 4829 1130 4903 κίνημα
1154 4848 1212 4884 τε
1246 4828 1332 4883 καὶ
1378 4823 1644 4900 βούλημα,
1678 4823 1765 4879 καί
1806 4824 1900 4891 τὴν

272 4939 290 4967 ι
333 4922 430 4989 τῆς
463 4921 636 4982 οὐσίας
665 4919 985 4985 ταυτότητα.
1026 4934 1051 4967 ι

1993 2348 2012 2376 ι
2048 2332 2162 2399 tur,
2200 2326 2432 2386 Patrem
2467 2341 2599 2385 esse
2628 2322 2935 2405 utriusque
2966 2342 3225 2390 causam.
3253 2355 3275 2386 ι

2636 2417 2965 2495 Refutatio.

2064 2509 2140 2571 Ex
2168 2509 2291 2589 jam
2316 2507 2506 2571 allatis
2522 2507 2965 2590 comprobatur,
2992 2509 3225 2574 Patrem
3248 2530 3381 2575 esse
3401 2510 3626 2581 utrius-

1988 2618 2101 2678 que
2131 2616 2366 2659 causam
2400 2615 2511 2659 nec
2542 2596 2738 2659 minus
2768 2616 2836 2659 ex
2862 2597 3073 2660 iisdem
3097 2599 3415 2676 stabilitur,
3447 2618 3626 2662 unam

1992 2686 2232 2747 luminis
2260 2685 2759 2768 commistionem,
2794 2705 2925 2768 quae
2954 2688 3015 2749 in
3048 2689 3236 2753 tribus
3273 2689 3497 2752 solibus
3525 2689 3624 2750 in-

1993 2783 2153 2835 terse
2179 2774 2615 2836 cohaarentibus
2634 2784 2831 2837 mente
2862 2776 3214 2860 concipitur,
3250 2778 3625 2841 individuum

1988 2863 2163 2925 trium
2181 2864 2572 2944 hypostaseon
2614 2864 2943 2928 connotari.
2988 2864 3209 2927 Horum
3233 2885 3372 2930 vero
3402 2866 3625 2928 indivi-

1984 2952 2165 3013 duum
2198 2970 2316 3012 non
2373 2950 2613 3013 aliunde
2660 2951 2947 3031 originem
2998 2952 3173 3015 habet
3221 2973 3395 3036 quam
3427 2974 3494 3017 ex
3527 2973 3622 3032 eo,

1918 3073 1957 3122 ρ
1983 3042 2136 3121 quod
2171 3057 2276 3120 per
2304 3039 2518 3102 Filium
2550 3038 2805 3121 Spiritus
2835 3040 3063 3102 exsistit
3086 3060 3122 3104 a
3150 3045 3346 3107 Patre.

1988 3135 2270 3209 Ejusdem
2314 3132 2386 3195 de
2432 3133 2729 3213 dogmate,
2783 3140 2843 3195 et
2894 3137 3325 3199 constitutione
3389 3138 3629 3216 episco-

2679 3229 2898 3291 porum
2910 3261 2919 3271 .

2067 3305 2186 3368 XL.
2229 3334 2250 3364 ι
2284 3304 2551 3366 Profecto
2584 3320 2694 3367 nec
2716 3303 2999 3385 quosdam
3031 3305 3112 3369 ita
3140 3307 3330 3371 Patris
3358 3317 3631 3373 amantes

1997 3427 2018 3455 ι
2053 3413 2184 3456 esse
2209 3402 2463 3474 oportet,
2496 3401 2559 3454 ut
2591 3392 2679 3456 illi
2707 3393 2895 3456 Patris
2918 3413 3135 3457 nomen
3161 3397 3629 3479 adimant,cujus

1999 3510 2019 3536 α
2059 3482 2216 3544 enim
2237 3479 2409 3543 Pater
2432 3482 2627 3556 fuerit,
2661 3482 2711 3544 si
2732 3482 2913 3544 Filius
2934 3481 3093 3546 abeo
3108 3493 3318 3548 natura
3365 3485 3630 3550 diversus

1997 3605 2015 3633 ι
2052 3591 2184 3635 esse
2215 3572 2466 3646 dicatur,
2529 3580 2704 3653 atque
2744 3590 2861 3633 una
2902 3590 3035 3633 cum
3067 3573 3297 3657 reliqua
3344 3575 3632 3640 creaturis

1995 3697 2013 3721 .
2042 3661 2414 3727 abalienetur
2441 3665 2467 3721 Ἰ
2498 3679 2608 3722 nec
2634 3678 2839 3722 rursus
2864 3664 2945 3722 ita
2992 3662 3213 3725 Christi
3250 3673 3538 3740 amantes,
3566 3674 3633 3728 ut

1996 3780 2016 3807 ι
2046 3768 2121 3809 ne
2150 3748 2282 3811 Filii
2303 3748 2543 3829 quidem
2570 3766 2786 3810 nomen
2801 3749 3165 3829 eiinzegrum
3199 3754 3634 3833 servent,cujus

1994 3865 2014 3895 α
2050 3838 2208 3899 enim
2223 3856 2423 3918 quaeso
2454 3838 2638 3900 Filius
2656 3836 2977 3911 fuerit,nisi
2999 3839 3069 3899 ad
3096 3837 3329 3903 Patrem
3354 3848 3630 3923 tanquam

1994 3962 2012 3986 .
2050 3928 2122 3987 ad
2156 3928 2511 4009 principium
2534 3926 2976 3991 refcratur?nec
2990 3926 3253 4008 denique
3270 3929 3430 3993 Patri
3460 3930 3629 4012 prin-

1995 4046 2014 4071 α
2045 4017 2184 4095 eipii
2207 4017 2548 4095 dignitatem
2584 4015 2927 4088 imminere,
2952 4034 3127 4096 quam
3154 4028 3215 4079 ut
3236 4020 3409 4081 Pater
3437 4039 3494 4093 et
3524 4039 3631 4099 ge-

1993 4130 2010 4155 ι
2056 4105 2208 4165 nitor
2240 4103 2446 4166 habet:
2486 4122 2795 4184 parvorum
2821 4107 3041 4166 etenim
3075 4107 3634 4189 certe,ipsoquein-

1932 4212 1969 4260 υ
1994 4226 2013 4248 ι
2048 4195 2359 4271 dignorum
2395 4192 2748 4273 principium
2772 4192 2968 4268 fuerit,
3024 4193 3137 4254 nisi
3186 4194 3430 4257 Deitatis
3476 4197 3634 4277 ejus,

1991 4313 2010 4341 ε
2050 4301 2179 4362 quae
2201 4284 2257 4342 in
2273 4281 2421 4343 Filio
2446 4289 2505 4345 et
2531 4281 2753 4362 Spiritu
2775 4288 2977 4343 sancto
3000 4283 3432 4361 consideratur,
3459 4303 3636 4348 causa

1993 4404 2013 4431 ι
2043 4390 2069 4430 s
2100 4381 2137 4433 t.
2168 4370 2653 4450 Quaneoquidem
2688 4380 2749 4431 et
2779 4388 2930 4430 unus
2964 4368 3117 4431 Deus
3147 4372 3498 4435 retinendus
3520 4382 3631 4448 est,

2000 4493 2018 4519 ι
2058 4469 2115 4521 et
2141 4470 2262 4521 tres
2283 4460 2656 4541 hypostases,
2681 4458 2807 4520 sive
2831 4466 2950 4518 tres
2973 4462 3632 4547 persomecontitendte,

1999 4575 2023 4603 ιι
2049 4558 2107 4610 et
2123 4549 2361 4628 quidem
2389 4566 2756 4628 unaquaeque
2780 4565 2912 4607 cum
2936 4566 3041 4607 sua
3064 4549 3635 4629 proprietate.Porro

1995 4670 2015 4697 ι
2058 4639 2165 4699 hac
2197 4636 2425 4698 ratione
2452 4656 2581 4697 mea
2633 4634 2873 4716 quidem
2928 4639 3244 4719 sententia,
3295 4639 3454 4704 Deus
3484 4662 3638 4705 unus

1996 4763 2015 4789 ι
2050 4725 2424 4802 retinebitur,
2458 4726 2506 4787 si
2553 4725 2763 4788 Filium
2827 4732 2884 4785 et
2932 4724 3217 4804 Spiritum
3261 4738 3528 4792 sanctum
3560 4732 3635 4794 ad

1993 4851 2011 4876 ι
2050 4835 2221 4879 unam
2257 4834 2495 4877 causam
2526 4814 2876 4886 referemus,
2916 4830 3030 4872 non
3061 4825 3259 4877 autem
3309 4835 3635 4900 compona-

1987 4942 2009 4971 ι
2047 4925 2178 4968 mus
2210 4924 2319 4967 nec
2350 4904 2862 4974 commisceamus,
2897 4900 3007 4962 etsi
3056 4919 3233 4965 unam
3258 4915 3438 4987 atque
3465 4925 3634 4971 eam-

271 5010 457 5071 (dem
515 5006 864 5080 divinitatis,
923 5020 985 5066 ut
1063 5005 1142 5066 ita
1189 5005 1424 5086 loquar,
1487 5001 1839 5074 motionem,
1900 5011 1954 5061 et
2016 4998 2396 5070 voluntatem,
2460 4997 2851 5078 essentiaaque
2904 4991 3271 5056 identitatem
3332 4996 3635 5086 intelliga-

273 5119 296 5149 α
332 5113 487 5158 mus.
526 5116 553 5153 ι

922 5183 1108 5243 Ἐπιστ
1118 5185 1234 5242 ασία
1246 5233 1258 5246 .

343 5296 364 5325 ι
419 5280 655 5339 Συνετῶς
699 5275 935 5354 πρόσεχε
974 5276 1062 5331 καὶ
1108 5287 1230 5339 ταῖς
1287 5273 1383 5342 τῆς
1434 5272 1703 5351 παρούσης
1758 5289 1910 5347 περι-

274 5390 292 5419 ι
321 5369 496 5431 κοπῆς
557 5360 876 5435 συλλαϐαῖς,
935 5361 1098 5441 ἤγουν
1157 5376 1301 5437 ταῖς,
1356 5366 1558 5440 μικρῶν
1586 5361 1685 5439 γὰρ
1730 5357 1790 5414 ἄν
1821 5356 1911 5423 εἴη

271 5477 291 5509 ι
320 5454 408 5507 καὶ
466 5452 695 5517 ἆναΞὶων,
738 5452 909 5530 ἀρχὴ,
972 5454 1048 5527 μὴ
1096 5453 1341 5519 θεότητος
1401 5454 1472 5507 ὧν
1523 5449 1701 5512 αἶ’τιος
1730 5447 1828 5514 τῆς
1856 5448 1912 5500 ἓν

276 5558 293 5584 ι
334 5543 437 5615 ὶΊῷ
494 5545 581 5597 καὶ
658 5541 916 5614 [Ινεύματι
1019 5541 1379 5619 θεωρουμένης
1419 5562 1429 5573 ·
1490 5542 1578 5596 καὶ
1659 5550 1779 5599 τανς
1838 5534 1910 5597 εἷς

2573 5176 3056 5238 Animadversio.

2079 5303 2097 5325 .
2133 5268 2456 5329 Prudenter
2486 5268 2775 5331 attendite
2807 5279 2868 5331 et
2899 5268 3149 5348 hujusce
3178 5268 3489 5350 pericopes
3513 5267 3635 5350 syl-

2003 5381 2021 5406 -
2058 5355 2227 5427 labis,
2261 5373 2501 5434 nempe,
2537 5354 2854 5417 Parvorum
2873 5356 3033 5417 enim
3057 5366 3239 5431 certe,
3278 5365 3452 5438 atque
3482 5355 3641 5418 indi-

1998 5472 2017 5499 ι
2057 5461 2303 5523 gnorum
2340 5444 2723 5524 principium,
2759 5444 2877 5507 nisi
2909 5444 3176 5520 Deitatis,
3212 5463 3342 5526 quae
3389 5447 3448 5507 in
3480 5443 3637 5509 Filio

2002 5563 2020 5590 ι
2049 5542 2104 5593 et
2124 5531 2344 5614 Spiritu
2367 5542 2569 5594 sancto
2592 5532 3024 5609 consideratur,
3062 5532 3416 5614 principium
3436 5532 3634 5596 fuerit:
