4150 6292
253 305 358 376 473
1290 324 1372 386 IN
1417 321 1809 386 CAMATERI
1851 324 1900 383 Α

2001 323 2487 388 MADVERSION
2495 325 2602 388 ES.
3508 322 3580 387 47
3593 317 3631 384 4

265 467 286 498 ι
322 447 560 529 τούτους,
673 452 980 530 νοούμενον,
1078 466 1195 518 τοῖς
1264 453 1772 535 πνευματικωτέροις
1841 451 1896 508 δὲ

2001 479 2010 509 ι
2045 454 2391 529 tem,Deum
2413 475 2647 538 quoque
2670 457 2864 537 ipsum
2897 457 3050 538 apud
3077 475 3179 519 eos
3204 477 3220 539 ;
3245 457 3342 539 qui
3375 473 3467 531 ea,
3501 474 3632 536 quae

266 557 284 590 ι
323 539 408 628 καὶ
437 537 739 618 λεγόμενον
773 559 788 575 °
821 545 961 620 μὴτε
1003 545 1106 602 ὑπὸ
1161 545 1341 626 ἀρχὴν
1399 559 1574 603 ποιεῖν
1623 547 1715 603 τὸν
1787 553 1901 602 Πα-

2001 551 2458 623 uapponuntur,
2502 537 2774 626 apprime
2821 537 3184 625 intelligunt,
3206 537 3314 628 qui
3337 545 3409 607 ab
3435 543 3636 625 impiis

262 645 282 679 ι
322 625 466 716 τερα,
503 628 600 686 ἴνα
656 632 730 708 μὴ
784 641 878 690 τοῦ
919 633 1128 713 πρώτου
1180 657 1231 691 τι
1262 625 1482 713 πρῶτον
1512 632 1901 713 εἰσαγάγωμεν,

2001 661 2017 690 ι
2050 632 2292 712 quidem
2312 634 2488 696 etiam
2513 625 2996 716 oppugnatur,ab
3022 636 3094 697 iis
3119 625 3313 699 autem
3339 635 3438 716 qui
3458 651 3638 714 supra

263 736 289 766 ε
328 713 374 805 ἐξ
439 717 503 773 οὗ
549 721 648 777 καὶ
699 722 760 778 τὸ
834 725 973 779 εἶναι
1043 723 1238 800 πρώτῳ
1266 725 1732 803 περιτραπήσεται,
1768 726 1901 799 μήτε

2001 749 2017 779 Ι
2051 739 2154 782 eos
2171 731 2510 804 assurgunt,
2533 713 2729 786 animo
2776 735 3052 805 etmente
3075 713 3407 805 concipitur
3433 745 3448 797 ;
3471 713 3544 784 ab
3562 721 3635 784 iis

262 824 283 855 I
325 799 568 894 ἄναρχδν
597 808 695 864 τὸν
754 811 895 883 Υἱὸν,
949 809 985 878 ἢ
1015 812 1078 866 τὸ
1108 799 1427 886 Πνεῦμα-τὸ·
1449 811 1623 890 ἅγιον,
1681 810 1771 866 ἵνα
1829 813 1901 886 μὴ

2001 838 2018 867 ι
2049 829 2210 881 vero,
2246 811 2345 892 qui
2378 799 2564 892 magis
2613 804 2911 894 spiritales
2940 823 3098 888 sunt,
3134 799 3308 874 etiam
3343 811 3629 893 praedica-

259 911 283 943 ε
323 892 382 947 τὸ
433 901 532 950 τοῦ
589 899 800 976 Πατρὸς
876 897 1012 954 ἴδιον
1098 898 1448 978 περιὲλωμεν.
1529 903 1637 958 Οῦκ
1697 897 1906 979 ἄιαρχα

261 1001 281 1034 I
323 979 442 1059 γὰρ,
504 985 602 1041 καὶ
674 985 882 1066 ἄναρχα
935 1010 1049 1054 πως
1098 1005 1111 1018 ⁸
1174 990 1203 1045 ὃ
1273 989 1362 1044 καὶ
1415 987 1725 1066 παράδοξον.
1799 991 1906 1047 Οῦκ

257 1090 282 1120 ι
323 1065 535 1150 ἔναρχα
601 1081 703 1142 μὲν
759 1065 858 1155 γὰρ
915 1081 992 1150 τῷ
1034 1079 1204 1152 αἰτίῷ,
1277 1076 1337 1134 ἐκ
1374 1065 1505 1136 Θεοῦ
1543 1078 1662 1156 γὰρ,
1723 1079 1767 1134 εἰ
1818 1077 1905 1134 καὶ

257 1177 283 1209 ι
323 1157 398 1231 μὴ
441 1158 567 1233 μετ’
601 1163 783 1240 αὐτὸν,
816 1167 888 1229 ὡς
931 1164 983 1230 ἐξ
1029 1165 1181 1235 ήλίοοο
1237 1173 1348 1246 φῶς
1383 1181 1398 1196 ⁸
1459 1165 1667 1244 ἄναρχα
1719 1164 1773 1221 δὲ
1828 1173 1904 1240 τῷ

259 1265 284 1297 ⁸
541 1264 558 1278 ⁶
596 1254 659 1309 οῦ
689 1253 789 1330 γὰρ
839 1255 941 1310 ὑπὸ
982 1255 1200 1334 χρόνον,
1233 1253 1322 1311 ἵνα
1367 1255 1446 1332 μὴ
1487 1257 1549 1311 τὸ
1575 1253 1691 1332 ῥέον
1735 1259 1770 1330 ᾖ
1796 1261 1903 1310 τῶν

259 1351 280 1387 ε
322 1333 574 1393 ἑστώτων
607 1340 981 1422 πρεσϐύτερον,
1012 1333 1041 1399 ί»

1994 933 2016 958 .
2051 907 2166 962 tur.
2197 899 2341 962 Illud
2393 901 2537 962 item
2589 901 2931 982 praescribe,
2967 917 3027 962 ut
3078 922 3186 964 nec
3221 902 3372 963 Patri
3405 901 3627 981 princi-

1992 1018 2014 1049 σ
2052 987 2212 1067 pium
2231 987 2663 1072 tribuamus,ne
2690 991 2829 1072 quid
2851 991 3039 1072 primo
3063 991 3226 1071 prius
3248 990 3624 1068 inducamus,

1989 1104 2014 1136 «ι
2048 1095 2113 1137 ex
2137 1096 2253 1158 quo
2297 1077 2378 1153 id,
2430 1080 2586 1159 quod
2620 1080 2872 1158 primum
2906 1089 3015 1152 est,
3061 1079 3349 1159 originem
3384 1077 3629 1138 traxisse

1994 1195 2014 1224 ι
2053 1184 2298 1227 necesse
2348 1166 2466 1237 sit;
2519 1186 2627 1229 nec
2680 1167 2890 1230 Filium
2955 1177 3012 1229 et
3042 1167 3324 1249 Spiritum
3358 1177 3625 1228 sanctum

1989 1279 2012 1312 ε
2051 1254 2327 1335 principii
2383 1273 2510 1336 exp.
2535 1265 2657 1317 rtes
2713 1276 2843 1318 esse
2887 1268 3239 1323 astruamus,
3274 1275 3347 1317 ne
3380 1254 3536 1318 Patri
3567 1253 3626 1314 id

1993 1372 2014 1401 α
2047 1343 2200 1422 quod
2224 1343 2335 1422 ipsi
2359 1345 2660 1424 proprium
2683 1353 2793 1417 est,
2815 1345 3169 1407 adimamus.
3201 1345 3292 1406 Ili
3321 1361 3541 1425 quippe
3571 1351 3632 1403 et

259 1443 278 1477 ι
307 1421 612 1514 principio
643 1421 889 1492 minime
920 1439 1146 1506 carent,
1205 1439 1263 1494 et
1291 1431 1729 1514 quodammodo
1762 1438 1964 1492 carent
1998 1451 2014 1502 ;
2051 1421 2206 1511 quod
2239 1421 2381 1492 sane
2411 1421 2572 1493 dictu
2599 1433 2814 1493 mirum
2847 1444 2954 1494 est.
2993 1435 3121 1495 Non
3150 1433 3310 1493 enim
3340 1421 3626 1512 quantum

258 1531 277 1566 ι
313 1511 403 1603 _ad
466 1531 715 1576 causam
769 1517 1062 1599 principio
1117 1511 1344 1595 carent,
1400 1539 1470 1582 ex
1525 1519 1647 1582 Deo
1702 1519 1862 1581 enim
1893 1527 2052 1586 sunt.
2111 1518 2248 1582 licet
2281 1538 2397 1580 non
2453 1529 2586 1601 post
2614 1523 2807 1603 ipsum
2865 1511 3371 1602 quemadmodum
3399 1539 3466 1580 ex
3501 1521 3628 1582 sole

257 1622 280 1652 α
312 1597 548 1700 lumen,
610 1605 717 1667 sed
750 1597 1059 1700 ⁸ιιιιειῐιιιπι]
1117 1608 1188 1670 ad
1216 1618 1475 1700 tempus
1526 1607 1804 1700 principii
1846 1616 1984 1669 sunt
2015 1616 2309 1700 expertes.
2347 1597 2470 1670 Nec
2503 1597 2660 1700 enim
2716 1597 2965 1688 tempori
3008 1610 3258 1689 subjecti
3292 1619 3449 1670 sunt.
3481 1610 3623 1669 Nam

257 1709 282 1741 ι
325 1688 551 1779 alioqui
608 1693 770 1774 quod
829 1697 1050 1759 ﬂuxum
1096 1704 1185 1758 est
1211 1695 1308 1771 iis,
1367 1688 1500 1779 quas
1525 1688 1754 1760 stabilia
1788 1703 1951 1771 sunt,
2001 1705 2058 1756 et
2099 1695 2254 1776 quod
2308 1716 2424 1757 non
2456 1707 2544 1759 est
2572 1698 2663 1768 iis,
2723 1717 2853 1778 quae
2883 1709 3038 1775 sunt,
3076 1688 3236 1778 prius
3265 1708 3440 1778 atque
3469 1696 3628 1758 anti-

260 1796 285 1835 ‹
313 1777 485 1858 quius
517 1789 706 1846 esset.
746 1807 770 1842 ι

923 1879 1256 1944 Ἐπιστασία.

335 2001 356 2034 ε
405 1971 566 2062 Ὀρᾷς
655 1986 916 2044 κάνταῦθα
993 1987 1054 2044 ὲκ
1128 1991 1220 2046 τοῦ
1279 1990 1482 2068 Πατρὸς
1539 1987 1816 2068 προελθόν,
1866 1989 1903 2058 ἢ

261 2090 284 2122 ι
325 2071 410 2125 καὶ
439 2074 848 2155 προερχόμενον
877 2077 938 2132 τὸ
969 2083 1220 2154 Πνεῦμα;
1256 2099 1282 2132 ι

923 2167 1272 2249 Ἀντίῤῥησις,

330 2246 482 2336 Ὀρᾷν
537 2259 629 2318 δεῖ
687 2262 759 2326 ὡς
800 2246 1104 2320 κάνταῦθα-Ἴ
1131 2262 1191 2318 ἐκ
1231 2273 1323 2322 τοῦ
1370 2265 1570 2342 Πατρός
1625 2263 1898 2343 προελθὸν,

258 2346 290 2412 ἢ
342 2349 426 2404 καὶ
485 2350 684 2428 προϊὸν
713 2352 741 2406 ὁ
783 2348 932 2427 ἅγιος
991 2349 1091 2431 ἔφη
1134 2353 1196 2407 τὸ
1230 2358 1438 2428 Πνεῦμα
1473 2374 1486 2388 ⁸
1519 2350 1638 2408 ἀλλ’
1669 2357 1792 2430 ὁρᾷν
1821 2349 1905 2409 δεῖ

259 2435 338 2490 καὶ
387 2435 467 2493 ὅτι
525 2445 638 2494 πᾶν
696 2438 927 2495 ἐντεῦθεν
984 2439 1277 2518 πέφρακται
1333 2442 1505 2518 στόμα
1548 2448 1654 2498 τῶν
1710 2441 1903 2519 λεγόν-

256 2542 354 2578 των
393 2523 663 2607 διαφέρειν
733 2527 818 2583 ἐπὶ
871 2532 977 2591 τῶς
1034 2526 1256 2608 προόδου
1323 2537 1416 2587 τοῦ
1486 2532 1786 2606 Πνεύματος
1843 2529 1904 2586 τὰ

259 2614 488 2688 προϊέναι
533 2623 631 2675 τοῦ
672 2614 1062 2696 ἐκπορεύεσθαι,

721 2798 824 2858 Τοῦ
852 2798 1010 2857 αῦτοῦ
1049 2797 1109 2856 ἐκ
1136 2806 1229 2856 τοῦ
1256 2801 1434 2864 αὐτοῦ.

331 2877 460 2976 ὀ
531 2917 556 2948 ι
594 2889 835 2958 Ἀληθῶς
879 2888 1031 2967 ἅγιον
1079 2891 1140 2946 τὸ
1170 2896 1381 2966 Πνεῦμα
1407 2893 1470 2948 τὸ
1497 2892 1670 2970 ἅγιον,
1702 2896 1774 2953 Οῦ
1802 2897 1902 2976 γὰρ

263 2995 288 3027 α
333 2973 459 3036 ἄλλο
513 2987 785 3050 τοιοῦτον,
843 2977 957 3038 οῦδὲ
1025 2977 1188 3044 οὕτως
1257 2981 1330 3044 ὡς
1399 2982 1461 3037 εκ
1525 2973 1829 3059 προσθήκης
1872 2973 1900 3041 ὃ

267 3085 291 3116 ι
332 3064 622 3146 ἁγιασμὸς,
696 3067 817 3126 ἀλλ’
872 3071 999 3128 αὐτὸ
1054 3068 1276 3146 ἀγιότης
1311 3087 1329 3104 ⁶
1399 3067 1514 3126 οῦδὲ
1572 3069 1774 3145 μᾶλλον
1815 3074 1902 3129 καὶ

269 3174 294 3206 α
331 3157 487 3222 ἦττον
525 3174 541 3188 ⁸
595 3155 709 3216 οὐδὲ
773 3156 1060 3237 ἀρξάμενον
1103 3164 1390 3236 χρονικιῖκ,
1448 3159 1484 3226 ἢ
1544 3159 1898 3235 παυσόμενον,

268 3262 290 3296 I
335 3248 516 3305 Κοινὸν
581 3248 681 3325 γὰρ
738 3249 900 3322 Πατρὶ
956 3247 1054 3321 μὲν
1119 3246 1206 3302 καὶ
1264 3247 1370 3320 Υἱῷ
1416 3248 1504 3303 καὶ
1558 3246 1693 3325 ἁγίῳ
1739 3250 1902 3305 Πνεύ-

272 3352 292 3385 ι
335 3357 457 3408 ματι
500 3338 570 3393 τὸ
612 3336 692 3411 μὴ
734 3334 1032 3415 γεγονέναι,
1079 3336 1168 3392 καὶ
1215 3335 1250 3402 ἡ
1281 3335 1492 3408 θεότης,
1556 3339 1660 3411 Υἱῷ
1711 3335 1764 3392 δὲ
1819 3339 1905 3394 καὶ

269 3441 293 3475 ι
341 3423 468 3502 ἁγίῳ
511 3426 781 3500 Πνεύματι
808 3425 870 3481 τὸ
915 3425 974 3481 ἐκ
1032 3431 1126 3482 τοῦ
1181 3424 1406 3502 Πατρός,
1439 3422 1572 3482 ἴδιον
1603 3424 1657 3480 δὲ
1701 3426 1902 3503 Πατρός

265 3530 291 3562 ε
335 3513 427 3586 μὲν
454 3516 491 3585 ἡ
525 3514 835 3594 ἂγεννησία,
896 3514 1020 3570 Υἱοῦ
1082 3511 1139 3569 δὲ
1189 3515 1224 3580 ἡ
1282 3511 1549 3590 γέννησις,
1603 3515 1902 3590 Πνεύματος

269 3618 289 3654 ι
333 3597 384 3656 δέ
422 3605 456 3671 ἡ
519 3603 853 3681 ἐκπόρευσις.
917 3603 976 3659 Εἰ
1027 3599 1080 3657 δὲ
1135 3602 1226 3658 τὸν
1283 3601 1474 3679 τρόπον
1528 3601 1800 3673 ἐπιζητεῖς
1854 3604 1904 3660 τί

273 3707 297 3740 ι
337 3691 676 3768 καταλείψεις
757 3703 876 3754 τοῖς
949 3691 1132 3765 μόνοις
1199 3689 1480 3767 γινώσκειν
1534 3688 1744 3757 ἄλληλα
1811 3693 1902 3748 καὶ

270 3797 294 3829 α
335 3781 680 3856 γινώσκεσθαι
707 3778 798 3837 ὑπ’
828 3777 1078 3848 ἀλλήλων
1109 3777 1570 3856 μαρτυρουμένοις.
1611 3805 1634 3837 ι

2563 1880 2608 1938 Α
2623 1878 3048 1940 νιὶηιαιίιοενείο.

2069 2012 2094 2044 ‹
2131 1983 2310 2046 Vides
2337 1984 2434 2045 hic
2462 2003 2698 2064 quoque
2729 2003 2797 2045 ex
2830 1985 3002 2046 Patre
3020 1982 3319 2064 progredi,
3345 1982 3628 2063 procede-

1989 2096 2012 2127 α
2047 2091 2232 2153 reque
2257 2071 2541 2154 Spiritum
2573 2079 2890 2136 sanctum?
2927 2103 2950 2133 υ

2646 2165 2973 2246 Refututt'o.

2063 2257 2268 2340 Neque
2291 2259 2486 2321 minus
2503 2259 2599 2321 hic
2620 2259 3208 2322 animadvertendum
3235 2267 3346 2330 est,
3362 2267 3629 2319 sanctum

1987 2367 2056 2408 ex
2090 2351 2256 2410 Patre
2313 2367 2686 2428 promanare,
2719 2358 2821 2409 aut
2855 2350 3180 2429 procedere
3230 2348 3510 2429 Spiritum
3539 2351 3633 2408 di-

1987 2437 2142 2498 xisse
2174 2484 2187 2497 .
2222 2445 2622 2499 verumtamen
2656 2447 2714 2499 et
2736 2437 2878 2498 illud
2905 2457 3140 2518 quoque
3168 2436 3629 2508 observandum,

1987 2525 2126 2586 hinc
2157 2545 2361 2586 eorum
2393 2544 2460 2586 os
2489 2525 2743 2600 obstrui,
2777 2527 2877 2607 qui
2900 2526 3272 2588 contendunt
3302 2527 3361 2587 in
3393 2543 3627 2606 proma-

1985 2615 2224 2676 natione
2251 2613 2533 2696 Spiritus,
2568 2615 2728 2676 aliud
2777 2633 2910 2677 esse
2959 2615 3258 2696 progredi,
3298 2612 3458 2676 aliud
3489 2631 3631 2694 pro-

1985 2703 2227 2767 cedere.

2481 2797 2772 2876 Ejusdem
2800 2814 2881 2859 εω
2901 2797 3130 2861 eadem.

2062 2887 2262 2952 XLIII.
2285 2916 2310 2950 ι
2345 2889 2630 2968 Spiritum
2653 2898 2924 2950 sanctum
2949 2907 3086 2952 vere
3104 2896 3372 2950 sanctum
3397 2907 3412 2952 ;
3439 2905 3634 2968 neque

1990 3007 2013 3039 ι
2047 2978 2204 3039 enim
2238 2977 2388 3038 alius
2416 2977 2548 3037 talis
2579 2983 2686 3040 est.
2723 2995 2834 3038 nec
2865 2982 3077 3038 eodem
3113 2977 3313 3048 modo,
3336 2995 3532 3056 neque
3563 2993 3633 3036 ex

1993 3065 2388 3128 «accessione
2446 3065 2818 3126 sanctitatem
2878 3064 3074 3141 habet,
3133 3066 3237 3126 sed
3269 3075 3357 3125 est
3381 3065 3634 3145 ipsamet

1995 3188 2016 3217 ι
2050 3156 2351 3235 sanctitas,
2383 3173 2492 3216 nec
2527 3155 2709 3232 magis
2741 3163 2802 3214 et
2837 3154 3054 3234 minus,
3084 3173 3194 3216 nec
3225 3173 3338 3234 quo
3369 3154 3441 3214 ad
3474 3160 3633 3214 tem-

1996 3275 2017 3304 ι
2058 3263 2166 3325 pus
2195 3243 2483 3320 originem
2518 3261 2772 3322 unquam
2801 3242 3026 3317 habuit,
3064 3260 3171 3306 nec
3203 3243 3378 3304 linem
3406 3241 3633 3302 habitu-

1995 3362 2016 3390 ι
2049 3351 2149 3393 rus
2180 3342 2289 3394 est.
2315 3331 2437 3393 Hoc
2461 3331 2619 3392 enim
2646 3331 2804 3394 Patri
2829 3341 2886 3393 et
2911 3330 3060 3393 Filio
3083 3340 3142 3394 et
3163 3330 3409 3410 Spiritui
3427 3339 3629 3390 sancto

1997 3452 2018 3481 ι
2049 3441 2367 3482 commune
2401 3429 2511 3501 est,
2545 3423 2701 3500 quod
2745 3421 2990 3481 minime
3021 3421 3206 3481 creati
3238 3427 3375 3480 sunt
3409 3435 3424 3481 :
3458 3427 3634 3498 atque

1995 3543 2016 3571 ι
2050 3510 2175 3591 ipsa
2196 3510 2494 3572 divinitas.
2521 3509 2644 3571 Hoc
2669 3518 2868 3570 autem
2891 3508 3038 3570 Filio
3055 3519 3113 3570 et
3135 3507 3383 3589 Spiritui
3404 3515 3630 3580 sancto,

1989 3628 2011 3658 ι
2048 3599 2202 3680 quod
2239 3607 2487 3679 uterque
2514 3616 2720 3659 eorum
2747 3616 2816 3658 ex
2844 3595 3014 3658 Patre
3037 3606 3146 3658 est.
3182 3601 3259 3659 At
3283 3613 3418 3657 vero
3445 3593 3634 3656 Patris

1993 3719 2012 3747 ι
2045 3687 2377 3768 proprietas
2436 3686 2560 3748 haec
2617 3693 2729 3767 est,
2783 3685 2941 3766 quod
2981 3685 3282 3765 ingenitus
3311 3685 3390 3747 sit
3424 3701 3440 3747 :
3473 3681 3630 3763 Filii,

1987 3807 2009 3836 ι
2047 3777 2200 3855 quod
2225 3775 2497 3854 genitus;
2555 3772 2811 3855 Spiritus
2861 3775 3072 3847 sancti,
3105 3775 3261 3855 quod
3293 3772 3626 3835 emittatur.

268 3888 293 3920 ι
319 3867 480 3940 Quod
513 3869 566 3931 si
617 3868 856 3931 modum
890 3865 1129 3949 quieris,
1174 3863 1316 3948 quid
1354 3865 1428 3928 iis
1470 3865 1792 3929 relicturus
1823 3885 1908 3942 es,
1941 3884 2092 3945 quos
2120 3865 2278 3938 solos
2313 3875 2514 3926 mutuo
2538 3882 2603 3926 se
2632 3881 3014 3943 cognoscere,
3046 3872 3220 3946 atque
3251 3882 3285 3925 a
3315 3882 3380 3925 se
3416 3869 3620 3923 mutuo

271 3978 291 4012 ι
319 3958 593 4040 cognosci
621 3957 928 4038 Scriptura
959 3963 1203 4017 testatur
1222 3954 1254 4015 ?
1286 3979 1314 4010 ρ

919 4044 1252 4105 Ἐπιστασία.

341 4163 361 4195 ε
407 4139 652 4204 Ἀκούεις
708 4141 797 4196 καὶ
844 4137 1003 4196 πάλιν
1072 4139 1249 4194 κοινὸν
1306 4139 1412 4211 Υἷῷ
1493 4137 1580 4192 καὶ
1638 4137 1899 4212 Πνεῦματι

269 4246 290 4280 ε
333 4231 389 4286 τὸ
416 4231 480 4288 ἐκ
521 4238 616 4289 τοῦ
647 4228 848 4307 Πατρός
879 4227 1022 4284 εἶναι
1065 4227 1154 4282 καὶ
1186 4224 1345 4304 ἄμφω
1375 4245 1393 4305 ;
1432 4244 1454 4274 ι

899 4318 1255 4399 Ἀντίῤῥησις.

333 4415 574 4485 Ἀληθῶς
607 4433 621 4447 ⁸
689 4415 864 4472 κοινόν
923 4415 1028 4486 Υἱῷ
1096 4413 1184 4468 καὶ
1254 4412 1515 4486 Πνεύματι
1577 4412 1638 4467 τό
1694 4409 1752 4466 ἐκ
1807 4421 1899 4470 τοῦ

2561 4045 2679 4104 Ani
2687 4043 3018 4104 madversio

2074 4167 2093 4194 .
2126 4137 2309 4199 Audis
2340 4137 2436 4199 hic
2466 4154 2703 4216 quoque
2732 4153 3049 4196 commune
3080 4152 3212 4196 esse
3237 4134 3385 4196 Filio
3415 4148 3472 4194 et
3504 4136 3635 4213 Spi-

1993 4257 2014 4284 ι
2047 4228 2184 4286 Γιίυί
2217 4235 2441 4295 sancto,
2477 4245 2546 4287 ex
2583 4231 2752 4286 Patre
2783 4242 2913 4285 esse
2944 4233 3258 4303 utrumque
3279 4222 3336 4280 ‘?-

2654 4313 2988 4391 Bcf-utalia.

2062 4404 2237 4478 Vere,
2264 4405 2394 4486 quis
2418 4406 2474 4465 id
2510 4401 2730 4479 negat?
2765 4422 3082 4463 commune
3116 4417 3203 4462 est
3234 4401 3381 4462 Filio
3415 4409 3472 4462 et
3500 4400 3632 4479 Spi-

266 4509 454 4585 Πατρός
515 4505 658 4561 εῖναι
715 4505 804 4560 καὶ
851 4501 1011 4580 ἄμφω
1047 4520 1062 4534 ⁸
1094 4499 1304 4566 ἀληθῶς
1335 4499 1389 4555 δὲ
1419 4500 1506 4556 καὶ
1531 4498 1611 4555 ὅτι
1642 4497 1899 4578 διαφόρως

2001 4493 2122 4554 'itui
2173 4513 2241 4555 ex
2279 4500 2446 4555 I-‘atre
2477 4511 2608 4554 esse
2640 4502 2974 4571 utrumque,
3009 4490 3394 4551 nihilominus
3429 4507 3629 4549 verum

262 4605 408 4654 ταῦτα
467 4595 530 4652 ἐκ
584 4592 677 4651 τοῦ
730 4594 959 4670 Πατρός.
1035 4590 1108 4644 Σὺ
1163 4586 1218 4644 δὲ
1261 4587 1416 4661 διατί,
1451 4595 1544 4645 τοῦ
1572 4587 1721 4670 ἀγρίου
1753 4587 1807 4643 ἐν
1835 4593 1903 4664 τῇ

264 4683 609 4765 ἀπαριθμήσει
698 4687 805 4738 τῶν
852 4667 1166 4747 ’ἰδιοτήτων
1241 4675 1510 4755 λέγοντος.
1551 4705 1574 4736 σ
1611 4667 1777 4734 ’Ἱδιον
1846 4675 1900 4733 δὲ

265 4763 458 4856 Πατρός
519 4774 618 4849 μὲν
675 4773 710 4840 ἡ
768 4767 1078 4856 ἆγεννησζα,
1113 4767 1233 4824 Υίοῦ
1256 4763 1311 4856 δὲ
1349 4767 1385 4832 ὴ
1412 4765 1680 4856 γέννησις,
1732 4766 1898 4822 Πνεύ-

267 4855 416 4934 ματος
449 4861 506 4919 δὲ
546 4863 583 4931 ἡ
610 4861 899 4934 ἔκπεμψις,
938 4877 961 4906 ι
997 4855 1112 4911 ἀντὶ
1138 4862 1229 4911 τοῦ
1275 4855 1468 4929 εἰπεῖν,
1530 4857 1566 4922 ἡ
1609 4855 1899 4936 ἐκπεμψις,

265 4951 296 5018 ἡ
356 4952 662 5030 ἒκπόρευσις
718 4951 928 5024 εἷπαςς
988 4945 1049 5003 Τί
1103 4965 1186 5001 σοι
1255 4946 1403 5024 τάχα
1458 4940 1792 5018 συμϐάλλλον
1831 4945 1899 5010 ἦν

264 5047 402 5100 τοῦτο
439 5059 458 5116 ς
504 5039 722 5101 Πάντως
766 5033 832 5092 δι’
876 5033 1022 5092 οωὲν
1077 5032 1251 5112 ἕτερον
1305 5035 1340 5100 ἠ
1399 5034 1754 5111 παραποίησις
1796 5032 1897 5088 ἒπ-

267 5133 450 5202 ενοήθη
507 5151 591 5185 σοι
650 5126 805 5200 αὕτη,
865 5122 984 5180 ἀλλ’
1041 5122 1077 5190 ἢ
1134 5119 1267 5178 διότι
1332 5121 1420 5176 καὶ
1474 5121 1615 5200 παρὰ
1657 5128 1748 5178 τοῦ
1778 5123 1898 5178 Υἱοῦ

265 5219 545 5296 ιῦρίσκεταί
598 5240 701 5275 που
742 5220 848 5272 τῶν
906 5213 1057 5270 θείων
1118 5216 1334 5290 Γραφῶν
1391 5208 1794 5286 ἐκπεμπόμενον
1836 5211 1896 5267 τό

263 5311 463 5387 Πνεῦμα
492 5310 554 5365 τὸ
583 5307 756 5386 ἅγιον.

592 5404 697 5460 Τοῦ
721 5402 880 5460 σῦτοῦ
906 5400 1011 5460 ἀπὸ
1040 5407 1130 5459 τοῦ
1159 5398 1568 5473 Συντακτηρίου.

331 5565 469 5637 ΜΔ’.
504 5593 531 5627 ε
581 5563 804 5651 υΟνομα
834 5571 889 5630 δὲ
943 5580 1022 5651 τῷ
1077 5573 1174 5650 μὲν
1233 5571 1456 5650 ἆνάρχῳ
1492 5567 1698 5647 Πατὴρ,
1731 5571 1800 5643 τῇ
1841 5563 1894 5622 δὲ

264 5679 287 5712 ε
323 5664 466 5748 ἀρχῇ
531 5665 676 5741 Υἱὸς,
721 5669 800 5740 τῷ
852 5660 908 5719 δὲ
961 5662 1098 5742 μετὰ
1145 5667 1246 5731 τῆς
1275 5659 1452 5743 ἀρχῆς
1481 5662 1695 5733 Πνεῦμα
1722 5653 1894 5735 ἅγιον,

1986 4582 2160 4642 etiam
2191 4594 2300 4655 est,
2331 4582 2571 4644 eosdem
2611 4581 2724 4642 alia
2763 4589 2939 4659 atque
2969 4580 3083 4640 alia
3111 4579 3343 4640 ratione
3372 4597 3440 4640 ex
3465 4577 3634 4639 Patre

1985 4689 2141 4732 esse.
2167 4672 2360 4742 Quare
2388 4689 2524 4732 vero
2561 4681 2641 4742 tu,
2679 4689 2810 4729 cum
2846 4680 3083 4729 sanctus
3117 4668 3173 4728 in
3207 4668 3630 4747 proprietatum

1984 4760 2431 4821 enumeratione
2491 4759 2668 4838 dicat,
2706 4787 2729 4820 ι
2768 4759 3192 4838 Proprietatem
3251 4775 3385 4817 esse
3420 4757 3627 4826 Patris,

1991 4881 2012 4909 ι
2048 4851 2200 4928 quod
2229 4849 2532 4929 ingenitus
2573 4850 2671 4921 sit,
2709 4845 2865 4921 Filii,
2893 4845 3049 4926 quod
3083 4850 3342 4922 genitus,
3377 4844 3632 4923 Spiritus

1984 4969 2008 5001 α
2044 4941 2254 5021 sancti,
2287 4941 2441 5021 quod
2475 4939 2798 5007 emittatur,
2835 4965 2855 4992 ι
2917 4940 3043 4999 loco
3093 4938 3450 5016 cmssionis,
3489 4955 3630 5016 pru-

1982 5029 2315 5092 cessionem
2369 5027 2716 5110 usurpaSti?
2773 5025 2923 5099 Quid
2965 5028 3074 5088 hcc
3111 5027 3213 5088 tibi
3247 5027 3634 5088 conferebat?

1983 5119 2163 5181 Plane
2184 5122 2308 5182 haec
2332 5119 2436 5180 tibi
2463 5117 2794 5180 immutatio
2840 5117 3164 5195 excogitata
3189 5127 3298 5190 est,
3318 5126 3634 5196 propterea

1980 5209 2136 5289 quod
2173 5214 2227 5269 in
2285 5207 2586 5269 nonnullis
2619 5205 2764 5266 locis
2813 5205 3144 5267 divinarum
3192 5206 3630 5286 Scripturarum

1978 5298 2270 5377 repetitur
2299 5297 2490 5359 emitti
2513 5314 2548 5357 a
2572 5295 2720 5358 Filio
2756 5291 3041 5375 Spiritum
3077 5304 3374 5356 sanctum.

1978 5399 2264 5476 Eiusdem
2320 5417 2400 5462 ea:
2445 5402 2724 5461 oratione
2759 5395 2994 5465 habita
3047 5399 3112 5458 in
3156 5399 3478 5477 prasentia
3536 5395 3636 5460 CL

2593 5495 2658 5559 ep
2667 5482 3002 5554 isc0porum
3015 5525 3028 5538 .

2059 5566 2261 5634 XLIV.
2298 5589 2322 5620 α
2359 5567 2588 5630 Nomen
2615 5575 2811 5628 autem
2846 5565 3122 5647 principii
3153 5567 3400 5648 experti,
3438 5569 3630 5637 Pater,

1983 5683 2008 5718 ι
2044 5655 2577 5740 principio,Filius,
2590 5655 2644 5718 ei
2666 5665 2862 5718 autem
2881 5654 3040 5737 quod
3056 5672 3189 5719 cum
3203 5655 3496 5740 principio
3516 5665 3629 5733 est,
