4180 6282
245 281 354 348 477

1273 294 1367 356 IN
1399 284 1788 359 CAMLTERI
1829 281 2573 352 ANIMADVERSIONES.

3485 268 3602 334 478

249 427 275 460 ι
319 408 649 500 εστήκασιν.-
681 407 910 489 Ἀμερὴς
988 413 1112 492 γὰρ,
1170 415 1244 478 ὡς
1301 413 1525 495 ἔφημεν,
1585 414 1638 482 ἐξ
1705 417 1880 500 ἀρχῆς

1976 441 1992 474 ι
2028 423 2150 478 tum
2213 415 2687 477 imminutionem
2746 413 2928 475 ullam
2985 409 3184 490 subiit,
3217 416 3274 471 et
3303 406 3464 500 hiad
3493 422 3604 467 nos

249 513 273 548 ι
314 502 417 551 τῶν
445 497 756 576 κρειττόνων
783 500 819 568 ἡ
862 500 1035 580 φύσις.
1075 519 1097 552 I

890 770 1198 831 Ἐπιστασία
1208 819 1224 836 .

321 880 342 912 ι
375 861 518 921 Πάνυ
566 866 841 934 θαυμαστη
906 866 995 922 καὶ
1069 866 1195 933 οῦτη
1248 868 1284 934 ἡ
1341 869 1630 947 περικοπὴ,
1691 875 1873 929 ποικί-

244 971 266 1003 ι
311 946 415 1014 λως
475 948 560 1007 διὰ
615 949 876 1033 διαφόρων
949 946 1420 1034 παραδειγμάτων,
1483 965 1574 1016 τοῦ
1632 981 1689 1017 τε
1741 961 1875 1018 κατὰ

243 1055 270 1097 (
308 1039 394 1094 τόν
455 1037 610 1106 ἥλιον
664 1039 906 1108 δηλονότι
960 1045 1046 1100 καὶ
1105 1045 1200 1108 τὰς
1248 1044 1469 1109 ἀκτῖνας
1500 1049 1586 1104 καὶ
1619 1055 1710 1106 τοῦ
1739 1052 1875 1106 κατὰ

243 1145 268 1186 ι
308 1129 402 1219 τῆν
457 1130 644 1219 πηγὴν
672 1132 761 1188 καὶ
803 1132 923 1196 τοὺς
953 1134 1247 1209 ποταμοὺς,
1281 1135 1347 1191 τὰ
1375 1135 1506 1192 αὐτὰ
1534 1150 1656 1203 ταῖς
1681 1137 1877 1219 προλα-

245 1237 268 1272 ι
307 1214 521 1280 ϐούσαις
605 1217 1012 1297 δογματίζουσα,
1102 1224 1188 1280 καὶ
1261 1221 1596 1300 διδάσκουσα,
1667 1214 1742 1291 ὡς
1824 1228 1876 1294 ἐξ

243 1325 264 1361 ι
308 1304 421 1371 ἐνὸς
471 1304 676 1376 δηλαδὴ
703 1316 794 1365 τοῦ
830 1310 1053 1390 Πατρός,
1087 1310 1116 1367 ὅ
1147 1333 1203 1369 τε
1277 1314 1571 1393 μονογενὴς
1615 1317 1729 1382 Υἱός
1791 1321 1876 1375 καὶ

242 1411 269 1452 ι
309 1395 367 1451 τό
397 1401 615 1471 Πνεῦμα
639 1395 702 1453 τό
731 1396 902 1476 ἅγιον.
940 1422 963 1453 ι

878 1489 1227 1569 Ἀντίῤῥησις,

311 1577 548 1646 Ἀληθῶς
579 1582 640 1636 τὸ
690 1582 827 1638 κατὰ
883 1583 972 1639 τὸν
1023 1581 1178 1651 ἥλιον
1214 1587 1425 1651 καὶτὰς
1480 1589 1703 1656 ἀκτῖνας
1759 1614 1870 1648 πα-

1962 525 1986 557 σ
2020 522 2209 585 usque
2235 511 2684 585 processerunt,
2718 521 2830 565 nec
2854 511 3048 563 tamen
3076 519 3108 561 a
3130 501 3301 563 Patre
3332 497 3451 558 ullo
3485 514 3606 556 mo-

1957 619 1982 654 σ
2016 593 2094 654 do
2142 601 2516 673 separantur.
2590 590 2897 653 Individua
2957 589 3140 660 enim,
3201 596 3267 651 ut
3321 585 3604 663 diximus,

1961 711 1983 742 α
2017 682 2236 743 summi
2268 681 2530 744 numinis
2554 690 2760 744 natura
2783 689 2892 742 est.
2931 711 2952 741 ι

2526 775 3019 837 Animadversio.

2041 894 2062 922 ι
2097 866 2167 930 Et
2199 869 2324 932 haec
2353 888 2591 951 quoque
2616 869 2895 950 peric0pe
2919 867 3086 929 valde
3103 861 3470 951 admirabilis
3492 866 3604 934 est,

1962 987 1984 1017 ι
2020 957 2221 1019 multis
2243 959 2434 1020 modis
2462 950 2566 1036 per
2587 959 2821 1019 diversa
2842 955 3106 1035 exempla
3133 964 3254 1015 tum
3278 950 3420 1013 solis
3441 958 3498 1011 et
3518 966 3608 1009 ra-

1964 1075 1985 1105 ι
2021 1045 2280 1121 diorum,
2317 1055 2437 1108 tum
2472 1046 2676 1127 fontis,
2701 1057 2757 1108 et
2787 1045 3096 1106 ﬂuminum
3129 1041 3359 1116 eadem,
3395 1055 3522 1120 quae
3552 1043 3611 1097 et

1965 1163 1988 1193 ε
2023 1136 2414 1217 suprapositze
2473 1136 2746 1217 pericope
2800 1133 3114 1205 deﬁniens,
3168 1131 3508 1208 docensque
3537 1142 3608 1185 ex

1969 1242 1991 1272 ε
2025 1243 2142 1285 uno
2175 1225 2400 1286 scilicet
2431 1224 2601 1286 Patre
2633 1234 2747 1285 tam
2777 1223 2993 1285 Filium
3029 1219 3604 1300 unigenitumquam

1969 1343 1990 1372 α
2027 1311 2313 1394 Spiritum
2346 1323 2614 1376 sanctum
2646 1331 2800 1376 esse.
2834 1336 2853 1364 ι

2620 1495 2950 1557 Refututio.

2620 1497 2706 1557 Re
2736 1497 2950 1556 utalia.

2037 1586 2190 1650 Vere
2212 1591 2352 1652 solis
2396 1598 2454 1652 et
2496 1497 2823 1664 radiorilim,
2851 1607 2960 1649 nec
2984 1605 3101 1647 non
3124 1582 3305 1646 fontis
3321 1591 3376 1643 et
3397 1579 3609 1641 ﬂuvio-

238 1665 507 1760 ράδειγμαὲ
570 1669 656 1760 διαὶ
711 1671 771 1726 τὸ
829 1673 967 1727 κατὰ
1013 1671 1109 1740 τὴν
1140 1675 1322 1752 πηγὴν
1377 1679 1464 1736 καὶ
1517 1680 1638 1743 τοὺς
1698 1703 1869 1737 ποτα-

1976 1695 2097 1737 rum
2134 1680 2403 1760 exempla
2430 1698 2499 1740 ex
2527 1699 2644 1740 uno
2680 1682 2850 1740 Patre
2894 1677 3301 1737 demonstrant
3330 1687 3460 1731 esse
3491 1675 3610 1760 tam

238 1757 382 1835 μοὺς,
566 1758 684 1847 ἑνὸς
740 1767 834 1818 τοῦ
877 1761 1080 1840 Πατρός
1129 1762 1465 1843 ἐμφαίνουσιν
1494 1769 1662 1845 εἶναι,
1696 1770 1785 1826 τόδ
1817 1791 1874 1827 τε

1976 1754 2326 1844 inigenitum
2381 1769 2593 1830 Filium
2631 1786 2802 1847 quam
2850 1765 3132 1846 Spiritum
3165 1768 3458 1821 sanctum.
3491 1754 3611 1817 Ve-

237 1846 495 1934 μονογενῇ
594 1845 737 1926 Υἱόν,
821 1850 910 1905 καὶ
966 1850 1026 1905 τό
1106 1857 1318 1928 Πνεῦμα
1374 1853 1434 1910 τό
1504 1854 1676 1934 ἅγιον.
1732 1857 1877 1927 Πλὴν

237 1929 347 1989 ἀλλ’
402 1932 670 2015 οὐδέτερον
724 1939 831 1994 τῶν
910 1937 1348 2018 παραδειγμάτων
1391 1950 1468 2018 τῷ
1522 1929 1657 2023 ἁγίῳ
1686 1944 1876 2018 ἐξελή-

237 2024 432 2115 φθη-είς
461 2023 727 2115 ἀναίρεσιν
780 2027 926 2106 τάχα
981 2050 1073 2085 του
1114 2031 1190 2104 μὴ
1220 2031 1360 2088 εἶναι
1421 2030 1504 2088 διὰ
1557 2034 1652 2091 τού
1703 2035 1877 2115 ἐτέρου

233 2112 290 2166 τὸ
341 2111 539 2192 ἕτερον.
627 2102 890 2193 "Amne:
957 2118 1067 2182 Τῆς
1120 2102 1396 2186 Ἵάληθείας
1455 2102 1800 2190 πεπλάνηται.
1850 2128 1877 2182 ὁ

235 2201 360 2294 οὕτω
401 2209 634 2282 φρονῶν.
669 2205 726 2261 Εἰ
769 2206 869 2284 γὰρ
910 2202 996 2263 διὰ
1043 2216 1196 2266 τοῦτο
1252 2207 1467 2285 δίδυμον
1522 2215 1614 2268 τοῦ
1671 2217 1877 2294 Πατρὸς

235 2290 410 2382 ακτινα
451 2293 547 2348 τὸν
621 2295 740 2349 Υἱὸν
795 2295 882 2350 καὶ
927 2295 988 2350 τὸ
1020 2300 1232 2382 Πνεῦμα
1262 2300 1290 2354 ὁ
1331 2297 1482 2379 ἅγιος
1526 2290 1876 2382 ἀπεκάλεσεν,

237 2378 321 2435 ἵνα
375 2382 698 2460 παραστήσῃ
753 2385 832 2456 μὴ
889 2387 1029 2440 εἶναι
1071 2381 1156 2441 διὰ
1223 2393 1316 2443 τοῦ
1369 2378 1546 2462 ἐτέρου
1575 2391 1635 2447 τὸ
1675 2378 1873 2471 ἔτὲρονλ

240 2469 328 2526 οὒκ
367 2468 428 2525 ἂν
470 2471 526 2527 ἐν
589 2468 771 2535 ἄλλοις
800 2471 866 2527 τὰ
895 2469 981 2528 δύο
1011 2474 1218 2530 αἰτιατα
1264 2482 1452 2556 ταῦτα,
1501 2483 1575 2542 ὥς
1621 2477 1672 2546 ἐξ
1729 2468 1880 2548 ἡλίου

242 2558 422 2648 ακτϊνα
478 2560 571 2648 καὶ
621 2565 756 2639 φῶς,
802 2562 878 2614 ὧν
935 2563 1378 2641 ὁμολογουμένως
1434 2564 1519 2622 διὰ
1564 2569 1781 2648 θατέρου
1819 2573 1881 2628 τὸ

246 2645 428 2727 ἕτερον,
476 2647 811 2727 ἐδογμάτιζε.
886 2651 962 2707 Τὰ
1020 2651 1148 2706 αὐτὰ
1192 2653 1329 2731 φημὶ
1372 2655 1460 2710 καὶ
1515 2657 1588 2719 εἰς
1632 2645 1700 2714 1‘0
1747 2662 1883 2717 κατὰ

238 2737 327 2829 την
384 2738 570 2815 πηγὴν
756 2739 878 2801 τοὺς
932 2741 1206 2815 ποταμοὺς
1263 2741 1619 2821 παράδειγμα.
1671 2749 1728 2804 Εἰ
1783 2751 1882 2829 γὰρ

239 2823 314 2880 διὰ
367 2832 521 2883 τοῦτο
575 2847 598 2878 ι
632 2823 860 2903 διῤῥυτον
940 2830 1182 2902 ποταμὸν
1241 2857 1263 2887 ι
1331 2831 1422 2887 τὸν
1490 2833 1609 2888 Υίὸν
1663 2837 1751 2892 καὶ
1798 2823 1882 2894 ’τῦ

243 2921 437 2990 Πνεῦμα
501 2912 780 2994 ἐκάλεσεν,
837 2915 928 2972 ἵνα
984 2913 1203 2995 δηλώσῃ
1251 2920 1416 3000 τάχα,
1477 2921 1556 2995 μὴ
1613 2923 1755 2980 εἶναι
1799 2923 1883 2982 διὰ

239 3010 320 3061 τοῦ
371 3003 552 3084 ἐτέρου
593 3005 656 3059 τὸ
715 3003 890 3083 ἕτερον
921 3022 934 3034 ·
965 3007 1058 3063 οὐκ
1101 3005 1164 3061 ἂν
1207 3008 1260 3064 ἐν
1292 3007 1472 3073 ἄλλοις
1503 3008 1587 3066 διὰ
1628 3019 1719 3068 τοῦ
1747 3016 1883 3070 κατὰ

239 3094 318 3149 τὸν
398 3092 669 3174 ὀφθαλμὸν
739 3094 826 3149 καὶ
895 3095 994 3161 τὴν
1050 3098 1234 3174 πηγήν
1319 3099 1406 3154 καὶ
1483 3099 1574 3154 τὸν
1642 3105 1886 3178 ποταμὸν

240 3179 678 3268 παραδείγματος,
739 3181 823 3262 ἐφ’
900 3185 975 3238 ὧν
1053 3183 1496 3263 ὁμολογουμένως
1567 3191 1594 3244 ὁ
1649 3194 1888 3268 ποταμὸς

239 3267 315 3326 διὰ
365 3275 460 3341 τῆς
532 3275 716 3351 πηγῆς
772 3272 834 3328 τό
877 3273 1007 3350 πρὸς
1052 3270 1262 3342 ἄλληλα
1298 3273 1543 3356 διάφορον
1573 3283 1678 3334 τῶν
1709 3281 1886 3336 αἰτια-

243 3366 339 3417 τῶν
377 3359 692 3438 ὑπῃνίξατο.
750 3359 917 3418 Ἀλλὰ
975 3359 1182 3437 δίδυμον
1240 3364 1336 3439 μὲν
1380 3365 1570 3422 ἀκτῖνα
1613 3368 1705 3424 τὸν
1771 3371 1888 3425 risv

244 3451 326 3506 καὶ
389 3451 449 3508 τὸ
504 3456 723 3526 Πνεῦμα
779 3452 807 3506 ὁ
860 3448 1011 3527 ἅγιος
1055 3451 1351 3510 ἀπεκάλεσι
1410 3451 1494 3509 διὰ
1552 3456 1613 3511 τὸ
1655 3463 1761 3512 τῶν
1804 3456 1891 3514 δύο

247 3539 482 3596 αἷτιατῶν
560 3539 858 3617 προσώπων
911 3537 1305 3599 ἰδιοϋπόστατον
1333 3557 1346 3572 °
1408 3541 1522 3598 ἐπεὶ
1575 3545 1663 3599 καὶ
1705 3547 1891 3624 τρισά-

249 3649 411 3694 κτινος
459 3630 495 3698 ἡ
559 3627 660 3695 ὅλη
719 3627 966 3684 καλεῖται
996 3630 1206 3703 θεότης,
1255 3629 1432 3710 ὥσπερ
1481 3631 1569 3688 οῦν
1611 3634 1698 3688 καὶ
1739 3655 1890 3712 τρισ-

245 3715 389 3785 ήλιος
441 3715 527 3776 διὰ
589 3718 651 3773 τὸ
707 3720 1144 3796 τριουπόστατον,
1191 3717 1448 3797 διῤῥὺτοις
1507 3717 1563 3777 δὲ
1620 3725 1891 3797 ποταμοὺς

245 3803 308 3858 τὰ
367 3805 496 3863 αὐτὰ
555 3805 814 3882 πρόσωπα
871 3803 1032 3861 πάλιν
1089 3803 1174 3862 διὰ
1216 3808 1312 3874 τὴν
1369 3808 1530 3875 αὐτὴν
1563 3810 1730 3866 αἰτίαν
1758 3810 1888 3868 ἐκά-

245 3889 379 3949 λεσε.
447 3896 543 3952 Καὶ
576 3896 793 3971 μαθήσῃ
836 3902 990 3952 τοῦτο
1049 3897 1413 3974 παρακατιὼν,
1447 3899 1502 3954 ὲν
1535 3899 1622 3964 οἷς
1655 3902 1890 3979 εὑρήσεις

246 3982 330 4037 τὸν
381 3983 556 4062 ἅγιον,
623 3983 721 4050 τὴν
777 3983 1133 4041 ἆνεικόνιστον
1162 3987 1250 4041 καὶ
1292 3985 1655 4054 ἀκαταιόητον
1700 3987 1892 4069 Τριάδα

250 4072 317 4135 εἰς
379 4071 549 4150 μέγαν
606 4072 847 4146 ποταμὸν
905 4073 1242 4144 εἷκονὶζοντα,
1300 4075 1388 4130 καὶ
1442 4074 1646 4153 ῥέεθρον
1702 4075 1780 4149 ἕν,
1838 4077 1892 4132 ἐν

246 4174 500 4239 τρισσοϊσι
545 4161 787 4217 τόποισιν
841 4160 1190 4236 ἐλαυνόμενον
1247 4164 1383 4220 κατὰ
1437 4165 1616 4240 γαίης.
1681 4158 1738 4222 Ὀ
1794 4167 1894 4245 γὰρ

251 4250 307 4306 τὸ
363 4251 416 4306 ἐν
483 4265 751 4331 τρισσοτσι
823 4252 1058 4307 τύποισιν
1140 4249 1488 4327 ἐλαυνόμενον
1568 4251 1772 4332 ῥέεθρον
1843 4254 1896 4310 ἕν

1959 1864 2292 1917 rumtamen
2326 1857 2551 1916 nullum
2589 1875 2654 1916 ex
2690 1855 2780 1915 his
2812 1852 3043 1914 duobus
3072 1849 3357 1927 exemplis
3378 1863 3609 1906 assum-

1963 1950 2127 2021 ptum
2162 1953 2252 2004 est
2308 1963 2340 2003 a
2397 1951 2604 2005 sancto
2661 1943 2729 2003 ad
2765 1941 3153 2002 refellendum
3182 1955 3364 1998 unum
3398 1952 3464 1994 ex
3496 1930 3611 1992 alio

1961 2049 2074 2091 non
2095 2050 2265 2094 esse:
2299 2033 2442 2093 nihil
2477 2034 2672 2092 minus
2741 2031 2848 2102 Qui
2882 2031 2963 2091 ila
2997 2037 3155 2088 tenet
3185 2027 3355 2103 longe
3387 2041 3420 2083 a
3448 2021 3610 2080 veri-

1965 2129 2078 2180 tate
2105 2119 2362 2182 aberrat.
2399 2120 2634 2182 Etenim
2663 2120 2710 2180 si
2747 2127 3058 2200 propterea
3099 2114 3393 2194 duplicem
3426 2108 3613 2200 Patris

1962 2211 2192 2271 radium
2227 2210 2440 2272 Filium
2475 2219 2533 2271 et
2572 2199 2867 2289 Spiritum
2891 2215 3155 2268 sanctum
3179 2199 3512 2282 appellavit,
3549 2205 3614 2257 ut

1962 2295 2022 2356 id
2056 2300 2462 2365 conﬁrmaret,
2497 2315 2676 2357 unum
2711 2315 2777 2358 ex
2811 2297 2924 2356 alio
2958 2313 3074 2354 non
3117 2308 3273 2369 esse,
3309 2303 3611 2366 nunquam

1961 2385 2111 2448 locis
2132 2386 2192 2447 in
2218 2387 2350 2447 aliis
2373 2387 2490 2446 duo
2516 2386 2640 2447 haec
2672 2395 2909 2446 causata
2926 2383 3103 2444 veluti
3127 2399 3196 2442 ex
3227 2377 3352 2440 sole
3381 2374 3609 2436 radium

1964 2484 2020 2536 et
2051 2474 2276 2545 lumen,
2332 2493 2510 2535 unum
2545 2493 2612 2535 ex
2643 2474 2756 2535 alio
2791 2472 3040 2533 firmiter
3069 2487 3199 2531 esse
3228 2463 3608 2540 decrevisset,

1965 2564 2120 2642 quod
2143 2565 2343 2624 itidem
2373 2582 2573 2624 assero
2596 2563 2671 2625 de
2689 2562 2848 2622 fonte
2869 2574 2928 2625 et
2949 2559 3292 2622 ﬂuminibus
3317 2552 3609 2642 exemplo.

1967 2641 2196 2712 Etenim
2257 2656 2306 2714 si
2367 2660 2681 2733 propterea
2732 2682 2753 2710 ι
2788 2650 3034 2712 biﬂuum
3087 2649 3306 2708 ﬂumen
3343 2672 3366 2704 ι
3399 2641 3614 2704 Filium

1966 2749 2024 2800 et
2077 2739 2362 2820 Spiritum
2419 2739 2805 2820 nuncupavit,
2865 2748 2928 2800 ut
2958 2736 3300 2798 oste-nderet
3329 2749 3510 2793 unum
3544 2746 3616 2820 ex

1964 2815 2297 2890 altero-non
2332 2848 2486 2903 esse,
2523 2815 2820 2907 nunquam
2870 2827 3146 2907 equidem
3177 2824 3236 2884 in
3268 2820 3401 2882 aliis
3431 2815 3611 2890 oculi,

1966 2917 2143 2978 fontis
2175 2929 2232 2979 et
2259 2918 2418 2979 ﬂuvii
2449 2920 2743 2997 exemplo,
2778 2926 2836 2977 in
2871 2916 3082 2997 quibus
3113 2911 3350 2974 nemine
3382 2907 3615 2968 discre-

1973 3019 2146 3087 pante
2203 3008 2412 3068 ﬂuvius
2465 3025 2570 3086 per
2627 3006 2872 3084 fontem,
2931 3002 3330 3064 diversitatem
3363 2997 3617 3087 interse

1971 3083 2345 3156 causatorum
2407 3083 2748 3156 iudicasset.
2781 3092 3200 3155 Verumtamen
3234 3094 3472 3148 sanctus
3500 3083 3616 3143 du-

1974 3185 2188 3264 plicem
2225 3183 2454 3245 radiqu
2497 3184 2709 3246 Filium
2735 3191 2793 3243 et
2820 3181 3105 3262 Spiritum
3132 3173 3442 3257 appellavit
3475 3189 3617 3250 pro-

1973 3285 2106 3354 pter
2165 3273 2463 3352 propriam
2523 3273 2989 3350 uniuscujusque
3051 3283 3318 3349 personce
3367 3267 3619 3354 causata;

1971 3349 2582 3441 subsistentiam,cum
2610 3371 2667 3422 et
2693 3349 2966 3421 triradius
2984 3366 3102 3418 tota
3126 3361 3365 3416 vocetur
3391 3349 3614 3441 Deitas,

1975 3437 2474 3530 quemadmodum
2539 3449 2613 3510 ob
2673 3458 2792 3510 tres
2833 3464 3116 3527 personas
3145 3441 3356 3520 triplex
3378 3439 3488 3530 sol,
3527 3437 3616 3498 bi-

1977 3527 2092 3600 ﬂua
2124 3558 2260 3599 vero
2291 3537 2537 3599 ﬂumina
2562 3539 2799 3598 easdem
2822 3555 3026 3597 rursus
3051 3549 3336 3615 personas
3361 3527 3434 3588 ob
3457 3544 3620 3588 eam-

1977 3628 2111 3689 dem
2134 3647 2370 3689 causam
2398 3626 2733 3707 appellavit.
2761 3625 2826 3686 Et
2852 3626 2963 3686 hoc
2988 3644 3054 3684 ex
3081 3623 3172 3683 his
3193 3635 3330 3700 qua;
3353 3635 3618 3707 sequun-

1977 3725 2069 3778 tur
2097 3717 2389 3791 addisces,
2415 3704 2711 3796 in'quibus
2731 3723 2996 3776 sanctum
3017 3712 3332 3792 repereris.
3359 3704 3621 3796 Trinita—

1977 3816 2116 3872 tem.
2142 3824 2273 3885 quae
2296 3823 2490 3885 neque
2515 3795 2767 3883 imagine
2791 3803 3066 3884 exprimi,
3089 3817 3283 3880 neque
3313 3797 3416 3857 into
3440 3795 3619 3854 llectu

1978 3895 2106 3972 capi
2142 3901 2354 3973 potest,
2419 3894 2614 3972 magni
2665 3893 2823 3953 ﬂuvii
2907 3892 3102 3971 eftigie
3159 3889 3618 3968 exprimentem,

1979 4001 2151 4062 quam
2186 3985 2369 4057 vocal,
2424 3992 2482 4045 et
2541 3982 2731 4042 rivum
2794 4001 2973 4043 unum
3005 3980 3192 4042 tribus
3227 3974 3418 4038 modis
3450 3988 3635 4051 super

1978 4081 2194 4133 terram
2222 4073 2483 4152 compuls
2499 4090 2622 4131 um.
2645 4069 2858 4131 Tribus
2879 4089 3013 4130 vero
3039 4068 3230 4130 modis
3244 4066 3430 4127 rivum
3455 4075 3635 4138 super

1979 4167 2198 4221 terrain
2233 4159 2631 4239 compulsum,
2668 4178 2850 4218 unum
2901 4158 3218 4239 triﬂuvium
3253 4152 3494 4239 ﬂuvium
3524 4167 3633 4239 ap-

1984 4252 2236 4331 pellans,
2264 4269 2297 4310 a
2322 4235 2486 4309 recto
2523 4246 2838 4307 aberiavit.
2875 4244 3022 4316 Quid
3059 4235 3426 4331 porrqaliud
3449 4235 3635 4314 signi-

252 4339 509 4418 τρίῤῥοτον
592 4342 835 4416 ποταμὸν
903 4340 1167 4414 ὀνομάσας
1257 4341 1352 4396 οὐκ
1408 4339 1470 4396 ἄν
1539 4341 1750 4421 ἁμάρτῃ
1807 4345 1884 4401 τοί

1984 4327 2190 4400 iicabit
2252 4336 2464 4398 ﬂuvius
2522 4333 2832 4412 triﬂuvius,
2865 4352 3037 4412 quam
3074 4342 3192 4392 tres
3220 4327 3634 4421 Deitatisper-

253 4409 476 4492 δέοντος.
553 4430 615 4486 Τί
657 4426 703 4483 δ’
735 4409 795 4482 ἐίν
839 4425 969 4484 ἄλλο
995 4409 1274 4494 *δηλώσειε
1331 4409 1587 4503 ποταμὸς.
1641 4409 1884 4510 τρίβρυτοι

1986 4447 2186 4500 sonas,
2224 4426 2381 4507 quod
2417 4433 2475 4484 et
2534 4432 2650 4482 tres
2706 4409 2968 4501 radii,_et
3002 4432 3118 4480 tres
3153 4421 3308 4478 soles
3331 4414 3634 4493 signiﬁca—

254 4515 286 4584 ἢ
329 4518 388 4574 τὸ
429 4523 529 4585 τῆς
587 4519 840 4584 θεότητος
904 4517 1336 4596 τρισυπόστατον,
1384 4515 1513 4596 ὅπερ
1569 4516 1760 4588 ἐδήλου
1815 4523 1902 4577 καὶ

252 4606 308 4660 τὸ
348 4607 680 4686 τρισάκτινον
723 4608 810 4662 καὶ
839 4604 1113 4684 τρισήλιον
1147 4626 1162 4680 ;

253 4705 349 4756 Τοῦ
429 4701 588 4758 αῦτοῦ
670 4700 730 4757 ἐκ
811 4702 915 4756 τῶν
1001 4701 1163 4780 ἑπῴν,
1238 4704 1343 4754 τῶν
1414 4699 1530 4776 περὶ
1586 4699 1682 4768 τῆς
1749 4700 1902 4780 ἁγίας

949 4777 1166 4858 Τριάδος

336 4898 361 4928 σ
409 4865 566 4950 mg".
618 4864 725 4933 ΗΕν
769 4880 980 4949 Πνεῦμα
1012 4872 1062 4939 ἐξ
1093 4873 1318 4950 ἀγαθοῖο)
1362 4879 1517 4946 Θεοῦ,
1564 4874 1717 4937 Θεὸς,

893 4967 1204 5026 Ἐπιστασία
1215 5012 1228 5028 .

341 5082 369 5123 (
413 5065 486 5123 Τὸ
539 5063 593 5130 EE
621 5064 845 5142 ἀγαθοῖο
901 5065 1059 5134 Θεοῦ,
1120 5061 1249 5140 πρὸς
1302 5061 1370 5120 τὰ
1397 5061 1908 5140 προσεσημειωμὲνα

268 5175 289 5205 ι
340 5149 623 5229 συμϐίϐαζε
634 5200 647 5215 ,
682 5175 706 5206 ι

920 5244 1271 5325 Ἀντίῤῥησις.

344 5339 510 5398 Ἀλλὰ
564 5342 760 5399 καὶτὰ
814 5337 1323 5419 προσεσημειωμένα
1393 5335 1510 5409 περὶ
1564 5339 1659 5402 τῆς
1715 5334 1903 5416 διαφο-

263 5434 352 5508 ρᾶς
381 5437 487 5486 τῶν
518 5433 789 5504 αἷτιατῶν,
823 5431 902 5506 μὴ
931 5431 1258 5510 παράτρεχε.

341 5538 367 5570 α
413 5517 513 5576 Ἐκ
539 5521 644 5576 τῶν
686 5521 805 5599 περὶ
837 5519 1136 5595 Πνεύματος
1169 5519 1334 5580 ἐπῶν,

342 5628 368 5661 ι
415 5609 549 5670 κζ’.
607 5609 702 5668 Ἐκ
758 5607 986 5684 μαινάδος
1041 5609 1198 5690 Τριὰς
1251 5607 1384 5688 ἐστὶ,
1443 5606 1530 5667 καὶ
1576 5605 1638 5662 ἐκ
1691 5603 1906 5684 Τριάδος

1988 4517 2174 4579 bant?

2055 4687 2346 4766 Ejusdem
2378 4703 2454 4746 ea:
2502 4683 2877 4747 Carminibus
2909 4684 2978 4742 dc
3009 4685 3214 4742 sancta
3249 4674 3568 4737 Trinitutc.

2071 4864 2269 4930 XLVI.
2305 4886 2324 4913 ι
2356 4862 2523 4926 Unus
2556 4863 2814 4943 Spiritus
2841 4878 2908 4922 ex
2934 4858 3088 4920 bono
3125 4859 3268 4926 Deo,
3296 4856 3454 4918 Deus
3513 4876 3533 4902 ι

2585 4964 3066 5027 Auimadrcnio.

2083 5082 2103 5110 ι
2136 5063 2279 5123 Cum
2311 5056 2430 5118 illis
2458 5074 2592 5136 quae
2623 5061 2940 5134 tramutata
2967 5059 3104 5109 sunt
3128 5047 3318 5108 ethoc
3349 5043 3640 5119 conferto,

2043 5169 2112 5210 ex
2150 5149 2304 5210 bono
2341 5147 2490 5208 Deo.
2532 5173 2552 5201 ι

2650 5231 2798 5308 Ile/ii
2812 5228 2982 5290 talio.
3412 5288 3415 5291 .

2072 5336 2213 5407 Quae
2238 5352 2414 5413 supra
2449 5339 2772 5411 praenotata
2803 5335 2942 5386 sunt
2961 5325 3036 5387 de
3066 5321 3401 5385 diﬂ'erentia
3430 5336 3645 5380 causa-

1993 5435 2210 5491 toruin.
2249 5441 2359 5484 nec
2390 5420 2711 5481 oscitanter
2740 5415 2939 5495 legito.

2111 5515 2209 5575 Ea:
2238 5511 2452 5574 iisdem
2501 5510 2877 5570 carminibus
2915 5505 2987 5566 de
3015 5501 3267 5582 Spiritu
3297 5507 3526 5561 sancto.

2067 5598 2414 5666 XLVII.cEx
2434 5604 2690 5661 monade
2709 5591 2882 5654 Trias
2899 5601 3007 5666 est,
3030 5599 3090 5652 et
3106 5607 3176 5652 ex
3198 5586 3412 5649 Triade
3441 5600 3652 5647 (nonas
