4150 6292
227 372 325 442 465
1231 379 1308 446 1N
1353 380 1746 448 CAMATERI
1792 364 2547 442 ANIMADVERSIONES.
3454 367 3575 435 486

230 539 247 565 ι
288 513 605 592 πιστεύουσι,
633 512 697 569 δι’
755 517 816 570 οῦ
875 517 962 570 καὶ
1017 513 1202 573 δοκοῦν
1258 517 1355 592 μὲν
1413 518 1466 572 ἐν
1496 519 1571 590 τῷ
1617 523 1732 590 Θεῷ
1759 515 1869 591 γί-ς

1939 532 1960 566 α
1993 528 2124 570 cum
2157 507 2535 570 credentibus
2566 507 2868 586 largiatur,
2919 523 3025 586 per
3073 524 3248 586 quem
3305 505 3577 568 videmur

228 627 249 654 ι
289 604 451 656 νεσθαι
484 603 577 658 καὶ
618 603 749 658 κατὰ
776 610 930 659 τοῦτο
963 605 1306 662 συνάπτεσθαι
1351 605 1405 662 ἐν
1435 605 1598 679 αὒτῷ.
1633 602 1848 671 Ἐπειδὴ

1943 622 1964 650 ι
1997 599 2053 658 in
2081 597 2200 658 Deo
2232 598 2538 669 exsistere,
2576 615 2762 676 eaque
2784 595 3010 657 ratione
3031 594 3092 655 in
3144 595 3244 656 illo
3289 595 3571 676 coaptari.

227 713 248 744 ι
287 689 375 767 γὰρ
404 692 430 745 ὁ
495 691 665 770 Λόγος
709 690 851 748 ἔστιν
910 691 966 748 ἐν
1009 698 1086 767 τῷ
1117 697 1296 772 Πατρὶ,
1332 697 1396 752 τὸ
1424 693 1477 750 δὲ
1537 697 1748 770 Πνεῦμα
1788 696 1850 750 ὲκ

1938 709 1959 740 ε
1994 687 2142 749 Nam
2176 687 2451 766 quoniam
2482 685 2744 748 Verbum
2789 695 2843 745 et
2886 683 2946 744 in
2985 687 3182 758 Patre,
3227 691 3284 746 et
3324 683 3577 765 Spiritus

226 801 245 833 ι
286 786 367 834 τοῦ
394 779 576 856 Λόγου
631 778 846 853 δίδοται,
891 780 1030 838 θέλει
1059 781 1244 840 λαϐεῖν
1276 786 1419 859 ἡμᾶς
1453 786 1512 840 τὸ
1544 790 1777 858 Πνεῦμα,
1817 808 1844 839 ι

1940 796 1959 827 ι
1995 795 2023 834 a
2055 773 2251 836 Verbo
2282 775 2558 854 (leuatur,
2603 775 2735 835 ideo
2771 773 3039 834 voluntas
3069 772 3200 852 ejus
3233 781 3342 847 est,
3377 783 3442 836 ut.
3473 792 3579 836 nos

1937 883 1958 913 σ
2007 864 2366 941 accipiamus
2396 863 2706 943 Spiritum.
2745 882 2767 911 ι

867 956 1204 1020 Ἐπιστασία.

2510 956 2628 1016 Ani
2635 953 3001 1016 madversio.

292 1075 311 1106 ι
354 1051 423 1107 Τὸ
475 1051 607 1106 αὐτὸ
634 1050 738 1106 κὰκ
783 1057 882 1117 τῆς
939 1054 994 1108 ἒν
1037 1059 1105 1128 τῇ
1162 1074 1400 1129 παρουσῃ
1429 1058 1692 1130 περικοπῇ
1720 1055 1850 1108 θαυ-

2017 1067 2040 1101 ι
2072 1047 2190 1108 Hoc
2226 1047 2379 1107 idem
2415 1066 2482 1108 ex
2515 1045 2874 1117 admirabili,
2913 1065 3044 1125 quae
3073 1046 3133 1108 in
3165 1047 3276 1109 ista
3299 1047 3575 1128 pericope

224 1155 248 1194 t
285 1138 467 1211 μασίας
525 1136 755 1205 πλοκῆς.
819 1140 905 1195 καὶ
951 1147 1043 1196 τοῦ
1071 1141 1190 1197 οἷον
1222 1139 1578 1218 συλλογισμοῦ
1624 1141 1851 1220 ἀναφαί-

1941 1159 1964 1194 ιι
1987 1135 3071 1214 contineturimplicationeettantum
3100 1154 3214 1196 non
3240 1137 3576 1217 syllogismo

224 1246 243 1280 I
285 1245 441 1304 νεται,
476 1227 633 1282 εἶκαὶ
689 1227 768 1302 μὴ
795 1225 880 1284 διὰ
927 1236 1019 1284 τοῦ
1063 1230 1261 1308 Λόγου,
1293 1228 1413 1285 ἀλλ’
1446 1231 1637 1308 ἐκ-τοῦ
1680 1230 1851 1307 Λόγου

1941 1250 1961 1282 ο
1999 1233 2263 1304 apparet,
2295 1223 2429 1284 licet
2476 1243 2592 1285 non
2655 1243 2760 1303 per
2818 1222 3107 1300 Verbum,
3162 1226 3265 1286 sed
3316 1244 3348 1286 a
3384 1224 3575 1286 Verbo

224 1336 245 1368 ι
285 1314 428 1369 εἶπεν
458 1313 682 1371 ἐνταῦθα
710 1316 771 1371 τὰ
802 1322 1014 1392 Πνεῦμα
1058 1315 1304 1381 δίδοσθαι,
1343 1344 1364 1371 ι

1941 1338 1962 1370 ι
1998 1314 2284 1394 Spiritum
2329 1312 2598 1374 exhiberi
2627 1313 2880 1374 dixerat.
2920 1338 2941 1368 ο
3167 1316 3193 1333 ⁸·

849 1407 1182 1489 Ἀντίῤῥησις
1195 1458 1208 1472 ,

2591 1405 2918 1484 Refutatt'o.

287 1503 351 1557 ()3
399 1501 539 1558 πάνυ
597 1521 694 1558 σου
776 1504 812 1569 ἡ
873 1502 1091 1558 ἐνταυθα
1149 1503 1427 1560 ἐπιστασία
1474 1501 1847 1580 δυσαπολόγη-

2015 1500 2464 1563 Animadversio
2497 1508 2616 1568 tua,
2663 1517 2838 1579 quam
2867 1500 2962 1562 hic
2986 1503 3332 1581 complicas,
3357 1521 3475 1562 non
3500 1501 3579 1563 ita

217 1608 312 1649 τος.
379 1585 475 1644 Ἐκ
534 1590 638 1668 γὰρ
680 1591 776 1657 τῆς
821 1591 874 1647 ἐν
903 1591 971 1659 τῆ
1000 1592 1216 1669 ῥηθείσῃ
1270 1599 1534 1672 περικειπῇ
1562 1593 1851 1667 θαυμασίας

1943 1587 2106 1651 facile
2122 1589 2568 1668 responsionem
2586 1589 2654 1648 ad
2668 1587 3054 1668 mittit.Namq
3067 1608 3140 1651 ue
3160 1607 3229 1650 ex
3242 1588 3582 1653 admirabili

219 1673 408 1741 πλοκῆς
462 1679 556 1732 καὶ
605 1685 697 1734 τοῦ
727 1679 870 1752 οἷον,
908 1677 998 1734 ἵνα
1054 1681 1190 1736 κατὰ
1233 1680 1292 1734 σὲ
1345 1679 1578 1755 εἴποιμι,
1614 1678 1854 1757 συλλογι-

1942 1677 2340 1756 ἱιῐιριίωιίοηθ
2366 1688 2418 1738 et
2446 1687 2666 1738 tantum
2697 1697 2809 1737 non
2833 1679 3171 1758 syllogismo
3197 1678 3392 1758 injam
3409 1679 3581 1740 allata

219 1770 337 1836 σμοῦ
380 1763 438 1820 οὗ
469 1767 531 1820 τὸ
597 1768 724 1822 αὖτὸ
779 1780 896 1830 τοῖς
941 1765 1318 1844 προλαϐοῦσιν,
1365 1771 1438 1830 ὡς
1470 1768 1532 1824 σὺ
1561 1769 1688 1846 φὴς,
1721 1768 1854 1824 ἀνα-

1941 1767 2306 1847 pericope,ut
2330 1775 2522 1827 tecum
2549 1767 3230 1844 'oquar,conlentis,non
3259 1768 3417 1828 idem
3449 1786 3579 1827 cum

223 1853 434 1929 φαίνεται
469 1870 484 1884 ⁸
552 1853 673 1910 ἀλλ’
739 1855 921 1912 ἐκεῖνα
975 1843 1110 1934 εἰπερ
1166 1859 1240 1919 ὡς
1293 1843 1585 1936 προϊόντες
1613 1843 1855 1931 εἰσόμεθα

1940 1843 2116 1935 7supro
2140 1843 2342 1934 positis
2372 1843 2669 1935 exprimit,
2703 1855 2806 1915 sed
2842 1874 2908 1916 ea
2940 1856 3089 1936 ipsa,
3119 1874 3250 1935 qua:
3265 1873 3579 1935 progressu

227 1939 272 1993 ἒν
320 1947 382 2016 τῇ
424 1944 557 2018 πρὸς
592 1948 902 2023 Σεραπίωνα
929 1943 1223 2022 Ἐπιστολῇ
1255 1949 1281 2002 ὁ
1320 1947 1469 2024 ἅγιος
1515 1945 1650 2026 ἐρεῖ,
1682 1944 1735 2000 ἐν
1767 1945 1856 2008 οἷς

1938 1944 2168 2005 oration
2198 1943 2305 2003 sin
2337 1942 2598 2022 Epistola
2622 1942 2696 2002 ad
2723 1942 3108 2022 Serapionem
3131 1951 3371 2004 sanctus
3401 1942 3577 2019 dicet,

228 2026 362 2084 αὒτὸν
390 2031 686 2108 εὒρτςσομεν
744 2031 990 2110 λέγοντα,
1059 2062 1081 2094 ι
1144 2033 1240 2092 Ἐκ
1295 2037 1500 2114 Πατρὸς
1540 2037 1603 2092 τὸ
1646 2037 1856 2110 Πνεῦμα

1941 2031 2481 2112 deprehendemus,
2506 2031 2568 2090 in
2592 2029 2806 2111 quibus
2858 2050 2993 2090 eum
3038 2039 3242 2112 aperte
3285 2030 3580 2092 dicentem

224 2115 595 2196 ἐκπορεύεσθαι,
646 2120 830 2189 ἓπειδὴ
885 2125 1024 2202 παρὰ
1077 2125 1171 2180 τοῦ
1218 2124 1389 2201 Λόγου
1416 2131 1509 2180 τοῦ
1550 2123 1609 2180 ἐκ
1652 2124 1854 2203 Πατρὸς

1938 2121 2329 2201 reperiemus,
2373 2153 2393 2179 ι
2419 2118 2500 2180 Ex
2527 2118 2696 2180 Patre
2718 2119 3006 2200 Spiritum
3038 2119 3388 2200 procedere,
3445 2137 3577 2180 cum

228 2203 639 2284 ὁμολογουμένου
736 2209 994 2286 ἐκλάμπει
1104 2213 1190 2267 καὶ
1307 2212 1684 2270 ἀποστέλλεται
1768 2212 1856 2268 καὶ

1943 2208 2200 2271 aVerbo
2260 2207 2416 2288 quod
2475 2227 2544 2269 ex
2605 2209 2781 2269 Patre
2833 2207 3147 2288 asseritur,
3208 2208 3466 2282 eluceat,
3525 2216 3582 2270 et

226 2290 394 2349 δίδοται
405 2339 418 2352 .

1939 2297 2226 2372 mittatur,
2274 2305 2328 2358 et
2359 2297 2551 2358 detur.
2593 2327 2613 2356 ι

225 2394 311 2446 Τοῦ
354 2393 508 2447 αὐτοῦ
567 2391 678 2448 ἀπὸ
733 2399 825 2449 τοῦ
878 2395 1010 2469 πρὸς
1047 2394 1302 2452 Μελέτιον
1351 2397 1436 2451 καὶ
1489 2393 1732 2452 Εὖσέϐιον
1761 2397 1852 2452 τὸν

1937 2390 2226 2472 Ejusdem
2280 2409 2357 2452 ex
2409 2389 2774 2472 refutatione
2815 2389 3199 2471 hypocriseos
3239 2391 3495 2464 Meletii,
3524 2403 3576 2457 et

729 2475 1042 2548 Σαμοσατὲα
1070 2474 1319 2555 ἐλέγχου.
1991 2470 2001 2472 7

1991 2470 2001 2472 7
2440 2470 2688 2532 Eusebii
2712 2470 3111 2534 Samosatcm'.

294 2552 394 2624 Μ’,
433 2588 454 2618 ι
501 2559 606 2621 Ἠν
662 2563 717 2621 δὲ
761 2565 1009 2624 ἀδύνατον
1054 2568 1107 2624 ἐν
1151 2552 1342 2644 τῇντῆς
1391 2567 1608 2648 Τριάδος
1639 2567 1762 2644 δόξῃ
1791 2570 1853 2624 τὸ

2019 2563 2131 2626 LV.
2175 2589 2200 2618 ι
2238 2562 2373 2624 Erat
2403 2582 2539 2625 vero
2569 2562 2937 2648 impossibile
2971 2563 3029 2623 in
3056 2561 3364 2628 Trinitatis
3392 2566 3577 2646 gloria

234 2666 254 2702 α
286 2655 484 2737 ῌνεῦμα
574 2651 898 2734 δοξάζεσθαι,
969 2657 1045 2732 μὴ
1116 2646 1443 2735 προοδικῶς-
1488 2655 1547 2713 ἄν
1601 2657 1662 2712 ἐκ
1723 2658 1856 2713 Θεοῦ

1943 2678 1971 2710 ι
2003 2653 2285 2733 Spiritum
2309 2652 2648 2732 gloriﬁcari,
2676 2646 2786 2713 ιιὶὲὶ
2814 2671 2883 2714 ex
2907 2653 3029 2715 Deo
3062 2671 3167 2732 per
3197 2653 3410 2717 Filium
3444 2675 3579 2737 pro-

233 2756 252 2789 ι
281 2735 338 2824 δι’
379 2742 518 2816 Υἷοῦ,
602 2740 737 2798 ἀλλὰ
791 2752 1082 2812 ποιητικῶς
1155 2745 1214 2802 ἐκ
1284 2752 1415 2802 Θεοῦ
1472 2748 1716 2824 γεγονὸς,
1781 2746 1852 2808 ὥς

1942 2765 1967 2798 ι
2002 2743 2379 2823 grederetur,
2413 2742 2518 2802 sed
2573 2761 2740 2822 aequa
2791 2749 2967 2822 atque
3015 2741 3146 2803 alia;
3193 2735 3478 2807 creaturé
3509 2763 3574 2806 ex

232 2843 251 2876 ι
282 2823 528 2905 λέγωσιν,
589 2852 612 2883 ι
1552 2823 1559 2824 7

1941 2859 1964 2892 ι
2000 2829 2123 2893 Deo
2157 2830 2474 2911 productus
2505 2829 2731 2910 fuisset,
2771 2839 2832 2890 ut
2853 2840 3149 2893 asserunt.
3189 2858 3211 2890 ι

875 2927 1208 2989 Ἰαέπιστασία.
2512 2975 2514 2983 λ

2512 2923 2999 2986 Animadversio.
3160 2923 3165 2930 ’

300 3016 596 3101 ιΠρόσχες
673 3017 900 3098 ἀκριϐῶς
985 3027 1054 3097 τῇ
1111 3031 1204 3081 τοῦ
1285 3022 1434 3100 ἁγίου
1475 3027 1678 3101 γραφῇ,
1736 3022 1851 3085 πῶς

2022 3043 2050 3075 ι
2085 3017 2342 3081 Attende
2357 3015 2671 3096 diligenter
2685 3017 3038 3096 etscriptum
3064 3017 3251 3080 Patris
3275 3019 3571 3081 examina:

238 3125 256 3154 ι
291 3100 399 3160 ἔνθα
465 3105 696 3187 πρόοδον
751 3107 893 3187 λέγει
943 3117 1036 3166 τοῦ
1085 3111 1412 3186 Πνεύματος,
1474 3100 1618 3173 εὐθύς
1675 3109 1736 3166 ἐκ
1763 3112 1855 3166 τοῦ

1943 3136 1966 3168 α
1989 3106 2184 3169 statim
2218 3106 2376 3166 enim
2403 3113 2582 3184 atque
2614 3104 3086 3184 progressionem
3121 3106 3374 3185 Spiritus
3421 3105 3574 3168 insi-

237 3211 258 3245 ι
297 3196 481 3278 ματρὸς
565 3196 734 3264 αὐτὴν
817 3195 1138 3275 δογματίζει,
1221 3206 1386 3258 Τοῦτο
1453 3201 1558 3278 γὰρ
1641 3199 1876 3262 πάντως¹

1945 3217 1967 3248 σ
1998 3202 2156 3256 nuat.
2190 3193 2350 3255 illico
2377 3213 2446 3255 ex
2479 3196 2647 3255 Patre
2707 3210 2834 3252 eam
2887 3191 3178 3259 decernit.
3236 3194 3359 3257 Hoc
3413 3193 3573 3258 enim

237 3293 256 3323 ε
295 3276 440 3346 δηλοῖ
465 3286 554 3362 τὸ,
594 3284 654 3342 ἐκ
697 3288 829 3344 Θεοῦ
857 3284 923 3342 δι’
959 3288 1101 3350 Υἱοῦ.
1138 3307 1166 3344 ι
1470 3276 1476 3277 7
1534 3276 1540 3278 7

1943 3309 1975 3344 α
2005 3300 2246 3364 prorsus
2278 3281 2492 3357 innuit,
2525 3298 2596 3343 ex
2625 3279 2747 3342 Deo
2780 3297 2885 3360 per
2904 3279 3140 3343 Filium.
3185 3306 3206 3341 ο

858 3377 1209 3458 ’Λντίῤῥησις,

2587 3375 2915 3452 Refutatio.

301 3468 365 3524 E6
419 3492 499 3529 σοι
563 3472 795 3556 γένοιτο,
827 3473 1086 3554 ἄνθρωπε,
1151 3476 1230 3534 ὅτι
1267 3477 1327 3534 ἐκ
1358 3483 1489 3534 Θεοῦ
1515 3477 1581 3534 δι’
1614 3477 1736 3534 Υῑοῦ
1763 3476 1860 3543 τὴν

2022 3470 2238 3533 Fausta
2270 3467 2372 3530 tibi
2405 3467 2741 3542 obveniant,
2790 3467 2869 3528 mi
2920 3468 3097 3530 homo
3146 3470 3302 3550 quod
3355 3489 3423 3533 ex
3454 3469 3574 3534 Deo

345 3561 646 3637 Πνεῦματος
687 3562 910 3642 πρόοδον
958 3565 1336 3644 ὡμολόγησας.
1383 3558 1556 3624 ’Ὅτον
1586 3566 1684 3646 γὰρ
1717 3565 1862 3624 οὔπω

1945 3577 2051 3640 per
2081 3559 2292 3622 Filium
2345 3558 2596 3639 Spiritus
2647 3559 3120 3638 progressionem
3179 3561 3404 3635 fateris,
3465 3579 3577 3624 nec

234 3641 393 3722 ἀλώσῃ
441 3641 785 3730 ὁμολογήσας
831 3657 916 3710 καὶ
971 3641 1032 3711 τὲ)
1062 3641 1165 3722 τῆς.
1213 3655 1265 3720 εξ
1311 3658 1398 3712 καὶ
1441 3641 1858 3730 ξιαίσοδῦναμον

1944 3649 2131 3712 multo
2150 3657 2280 3730 post
2302 3648 2769 3729 deprehenderis
2801 3648 3068 3709 conﬁteri
3100 3650 3577 3730 praepositionum

234 3731 306 3823 ini.
359 3747 440 3796 τοῦ
498 3743 648 3798 Υἱοῦ.
712 3743 808 3799 Καὶ
865 3743 924 3798 οῦ
960 3743 1137 3822 πόῤῥω
1169 3747 1346 3801 Λοιπὸν
1378 3747 1420 3800 εἰ
1462 3747 1566 3801 τῶν
1597 3744 1858 3823 λεγόντων

1939 3756 2018 3800 ea:
2050 3748 2109 3800 et
2160 3755 2268 3818 per
2319 3739 2393 3799 de
2451 3737 2600 3799 Filio
2656 3737 2808 3799 vires
2857 3738 3135 3818 aequales,
3210 3745 3268 3800 et
3318 3739 3404 3801 sic
3462 3759 3577 3802 non

236 3817 278 3885 ἐξ
302 3822 480 3905 ἀμφοιν
510 3830 660 3885 εἶναι
693 3831 753 3886 τὸ
781 3837 994 3908 Πνεῦμα
1114 3833 1288 3910 ἆίγιον.
1671 3817 1680 3823 7

1942 3817 2190 3889 multum
2219 3826 2362 3888 abes
2393 3826 2464 3889 ab
2496 3826 2592 3900 iis,
2627 3826 2728 3907 qui
2759 3844 2827 3888 ex
2859 3817 3109 3908 utroque
3141 3826 3424 3908 Spiritum
3447 3847 3578 3892 esse

1939 3915 2291 3978 decernunt.

337 4010 429 4060 Τοῦ
457 4009 639 4080 αὐτοῦ,
669 4011 730 4065 εκ
758 4015 856 4077 τῆς
887 4011 1017 4087 πρὸς
1076 4010 1384 4089 Σεραπίωνα
1413 4009 1728 4079 ἐπιστολῆς,

2137 4008 2182 4068 1:
2188 4009 2426 4088 jusdem
2449 4025 2530 4070 ea:
2559 4008 2815 4087 epistola
2847 4010 2930 4070 ad
2965 4007 3374 4087 Serapionem.

304 4093 413 4167 Νς.
449 4117 478 4158 (
519 4101 720 4157 Οὐκοῦν
769 4109 945 4163 κακῶς
1004 4109 1309 4182 ῳρονοῦντες
1363 4106 1478 4182 περὶ
1549 4111 1640 4160 τοῦ
1685 4104 1852 4159 Πνεῦ-

2017 4100 2166 4165 LVI.
2194 4128 2220 4157 ‹‹
2248 4103 2400 4165 Male
2421 4101 2616 4182 itaque
2635 4104 2962 4165 sentientes
2985 4102 3058 4163 de
3078 4103 3302 4182 Spiritu
3349 4112 3573 4185 sancto,

242 4197 264 4228 α
293 4202 441 4253 ματος
475 4194 572 4243 τοῦ
614 4187 784 4266 ἁγίου,
843 4187 958 4246 οὐδὲ.
1016 4193 1132 4268 περὶ
1186 4200 1280 4250 τοῦ
1337 4193 1457 4247 Υἰοῦ
1501 4191 1678 4255 καλῶς
1724 4213 1854 4270 φρο-

1943 4211 1968 4247 ι
1991 4191 2144 4253 baud
2177 4201 2336 4252 recte
2371 4191 2445 4252 de
2478 4191 2626 4252 Filio
2657 4190 2942 4252 sentiunt.
2970 4191 3208 4252 Etenim
3241 4191 3288 4252 si
3315 4203 3478 4254 recte
3503 4195 3576 4255 de

242 4287 260 4317 ιι
291 4279 465 4361 νοῦσιν.
535 4277 593 4331 Εἰ
650 4277 749 4355 γὰρ
807 4277 1055 4358 ἐφρόνουν
1107 4281 1271 4357 ὀρθῶς
1329 4282 1447 4358 περὶ
1517 4288 1620 4361 τοῦ,
1657 4281 1853 4360 Λάγου,

1940 4305 1965 4336 α
2001 4280 2145 4341 Filio
2178 4281 2486 4356 sentirent,
2521 4298 2663 4341 sane
2686 4280 2890 4360 utique
2940 4289 3218 4360 recteque
3250 4280 3324 4342 de
3359 4281 3575 4361 Spiritu

243 4375 264 4406 ι
291 4355 517 4437 ἐφρόνουν
563 4365 723 4442 ὑγιῶς
787 4355 877 4422 καὶ
932 4367 1048 4444 περὶ
1091 4355 1184 4424 τοῦ
1241 4355 1564 4443 Πνεῦματος.
1600 4357 1660 4428 "0
1713 4355 1882 4447 rapat

1946 4393 1970 4426 α
2005 4369 2316 4430 sentirent.
2348 4355 2574 4448 quiex
2627 4355 2811 4430 Patre
2854 4355 3143 4448 procedit,
3193 4376 3251 4428 et
3283 4355 3417 4428 Filii
3441 4387 3576 4430 cum

325 4428 356 4437 ι-
609 4428 619 4442 ι
1002 4428 1012 4444 |
1376 4428 1386 4443 I
1528 4428 1538 4433 ⁷
1792 4428 1801 4447 Ι

240 4454 368 4504 «τοῦ
420 4455 626 4531 Πατρὸς
697 4453 1058 4533 ἐκπορεύεται,
1135 4457 1222 4512 καὶ
1281 4464 1374 4512 τοῦ
1431 4458 1551 4513 Υἱοῦ
1606 4456 1740 4514 ἴδιον
1801 4457 1858 4512 ὃν

1953 4486 1974 4518 ι
2007 4428 2281 4538 proprius
2305 4428 2405 4531 sii,
2433 4428 2747 4518 abeodem
2778 4428 2948 4517 daiur
2994 4428 3326 4536 discipulis,
3360 4428 3576 4517 et

245 4556 262 4585 ⁸
292 4539 401 4615 παρ’
456 4545 615 4600 αὐτοῦ
672 4540 864 4600 δίδοται
914 4556 1034 4608 τοῖς
1093 4548 1361 4620 μαθηταῖς
1417 4549 1505 4603 καὶ
1559 4552 1686 4602 πᾶσι
1744 4560 1860 4608 τοῖς

1278 4548 1361 4608 αἷς
1417 4549 1505 4603 καὶ
1559 4552 1686 4602 πᾶσι
1744 4560 1860 4608 τοῖς
1951 4577 1974 4603 ι-
2009 4547 2194 4608 versis
2224 4547 2283 4606 in
2316 4545 2480 4606 illum
2507 4543 2917 4608 credentibus.

245 4647 262 4678 ι
291 4631 605 4688 πιστεύουσιν
651 4633 722 4694 εἰς
767 4631 946 4695 αὐτόν.
996 4651 1019 4682 ³

870 4725 1183 4784 Ἐπιστασία
1194 4775 1206 4790 ,

2527 4715 3009 4788 Animadversio,

312 4841 330 4868 ι
362 4813 678 4887 Ἐπίστησον
747 4817 977 4900 ἀκριϐῶς
1052 4827 1122 4895 τῇ
1197 4827 1462 4900 περικοπῇ
1517 4820 1708 4899 ταύτῃ,
1781 4821 1873 4887 καὶ

2039 4839 2060 4870 ι
2095 4808 2903 4900 Animadvertitodiligenter
2928 4809 3079 4900 lianc
3127 4806 3581 4900 pericopem.7et

250 4922 268 4952 ε
303 4905 577 4989 θαύμασον,
648 4909 746 4977 τὴν
789 4917 880 4965 τοῦ
928 4909 1075 4987 ἁγίου
1116 4907 1401 4987 ἀκρίϐειαν,
1451 4911 1564 4973 πῶς
1611 4909 1859 4988 ἐκπορεύ-

1944 4933 1969 4966 α
2003 4899 2358 4979 exquisitum
2389 4898 2851 4960 sanctiacnmen
2885 4897 3181 4959 admirare
3207 4916 3220 4956 :
3243 4896 3388 4956 dum
3420 4895 3578 4956 enim

247 5010 265 5040 α
307 5013 426 5060 σεως
480 4985 741 5074 μνήσθείς
801 5005 896 5054 τοῦ
936 4985 1086 5076 ἁγίου
1145 4985 1445 5073 Π-νεύματος
1507 4999 1594 5053 καὶ
1635 4985 1855 5072 δόσεως,

1945 5017 1968 5050 ι
2008 4987 2406 5069 processionis
2434 4988 2692 5066 Spiritus
2713 4987 2902 5049 sancti
2935 4994 2990 5047 et
3019 4985 3272 5047 dationis
3318 4985 3579 5076 mentio—

255 5103 272 5133 '
309 5081 396 5148 τὴν
460 5089 558 5161 μὲν
611 5087 914 5165 ἐκπόρευσιν
983 5088 1166 5143 τούτου
1220 5089 1298 5160 τῷ
1358 5089 1518 5164 Πατρὶ
1582 5084 1857 5166 ἀπένειμε,

1945 5107 1969 5141 ι
2007 5096 2140 5166 nem
2173 5076 2418 5150 inducit,
2457 5079 2632 5157 hujus
2656 5077 2891 5166 quidem
2926 5074 3366 5156 processionem
3399 5073 3578 5149 Patri,

256 5191 273 5220 ι
309 5169 395 5236 τὴν
423 5172 473 5230 δὲ
501 5174 647 5233 ’δόσιν
688 5182 766 5250 τῷ
797 5178 922 5250 Υἱῷ.
965 5200 988 5232 ι
1844 5165 1847 5166 7

1844 5165 1847 5166 7
1950 5192 1972 5223 ι
2005 5165 2305 5228 dationem
2339 5166 2484 5227 Filio
2515 5165 2801 5228 attribuit.
2842 5187 2865 5220 ι

871 5267 1195 5348 ’Λντέρῤησις
1207 5314 1219 5328 .
2028 5347 2035 5348 7
2386 5347 2389 5348 7

2028 5347 2035 5348 7
2386 5347 2389 5348 7
2593 5258 2921 5348 Refutatio.

320 5355 383 5410 Σὺ
435 5363 528 5435 μὲν
553 5363 642 5418 καὶ
697 5360 857 5418 πάλιν
902 5363 1002 5428 τὴν
1045 5360 1350 5440 ἒκπόρευσιν
1379 5362 1468 5418 καὶ
1523 5357 1665 5416 δόσιν
1723 5356 1864 5414 διαι-

2025 5347 2114 5411 Τιι
2156 5347 2536 5409 rursusinter
2568 5346 3007 5427 processionem
3039 5354 3096 5408 et
3153 5345 3452 5408 dationem
3485 5347 3581 5410 di-

257 5454 350 5508 Ρεῗς
383 5463 396 5478 °
450 5451 555 5529 ἐγὼ
597 5449 652 5506 δὲ
680 5453 772 5506 τὸν
815 5451 1078 5530 ἀκροατὴν
1134 5451 1427 5526 ὑπομνήσω
1457 5452 1529 5515 ὡς
1559 5450 1620 5504 τὸ
1650 5445 1864 5523 διδόμε-

1945 5437 2229 5501 scrimina
2249 5434 2742 5498 comminisceris.
2771 5436 2986 5496 Verum
3019 5435 3199 5516 egoin
3234 5436 3580 5496 memoriam

259 5548 332 5620 ΪΟῨ
371 5541 500 5618 παρὰ
571 5542 692 5597 Υἶοῦ
734 5545 965 5620 Πνευμα,
1013 5541 1086 5603 ὥς
1143 5536 1193 5604 ἐξ
1250 5540 1408 5599 αὐτοῦ
1461 5538 1724 5618 ὑπάρχον,
1757 5534 1865 5591 ἔστι

1949 5525 2233 5590 auditoris
2278 5544 2652 5620 revocavere,
2687 5523 2786 5605 qui
2815 5525 2986 5620 datur
3011 5545 3045 5588 a
3103 5524 3582 5620 Filio777Spirit7us,

261 5611 492 5696 διδόμενοι
522 5627 646 5708 παρ’
691 5627 869 5690 αὒτοῦ.

1949 5633 2084 5708 eum
2123 5623 2400 5696 tanquam
2456 5633 2524 5677 ex
2581 5613 2711 5696 ipso
2774 5613 3154 5678 exsistentem
3212 5613 3346 5677 aliis
3413 5612 3584 5675 exhi-

1949 5704 2104 5769 beri.
