4150 6292
1631 333 1899 410 JOANN.
1936 342 2156 407 VECCI
2193 340 2308 401 cp.
2346 313 2884 404 PATRIARCHE.
3839 328 3956 398 438

882 476 1177 556 Ejusdem
1203 494 1280 541 ex
1316 481 1530 542 eadem
1581 475 1888 560 Epislola.
2169 559 2177 560 γ
2233 482 2271 528 Α

640 565 812 630 LVII.
853 590 874 620 ι
911 564 1100 628 Dicite
1133 565 1332 644 igitur,
1371 567 1424 629 si
1457 567 1515 628 in
1563 559 1761 648 aliquo
1809 562 2024 625 divina;
2051 559 2208 624 Scri-

613 663 806 736 pturae
835 653 965 716 loco
1013 643 1323 734 reperitur
1371 654 1624 736 Spiritus
1665 643 1916 716 sanctus
1952 648 2208 736 simp'ici

2298 675 2318 706 ι
2351 649 2584 727 ρίσκεται
2651 652 2714 707 τὸ
2793 657 3005 728 Πνεῦμα
3055 650 3116 707 τὰ
3187 649 3337 727 ἅγιον
3422 646 3707 728 εἰρημένον
3745 643 3948 736 ,ᾇπλῶς

559 773 581 802 ι
613 733 862 805 nomine
897 733 1152 822 Spiritus
1185 733 1430 805 vocatus
1442 743 1668 824 absque
1705 739 2068 820 adjectiono,
2099 735 2205 798 Dei

2298 765 2317 796 ι
2348 738 2560 815 Πνεῦμα
2643 741 2810 820 χωρὶς
2895 740 3205 819 προσθήκης
3279 739 3374 795 τοῦ
3429 736 3682 816 λέγεσθαι
3740 733 3778 802 ἦ
3861 740 3949 791 τοῦ

565 865 584 892 ι
622 833 869 904 scilicet,
907 831 1030 892 sive
1059 830 1268 904 Patris,
1311 841 1413 892 aut
1475 832 1590 894 mei
1653 831 1841 912 ipsius
1899 827 2114 892 Christi
2148 834 2206 888 et

2298 853 2312 884 ι
2348 833 2478 884 Θεοῦ
2550 827 2585 895 ἦ
2640 835 2731 886 τοῦ
2790 831 3013 907 Πατρὸς,
3075 827 3110 896 ἢ
3141 826 3220 883 ὅτι
3246 828 3380 902 ἐμοῦ
3409 830 3568 885 αὐτοῦ
3599 831 3698 882 τοῦ
3729 831 3950 903 Χριστοῦ

567 345 684 411 48⁸7

2696 479 2797 531 Τοῦ
2840 477 2994 532 αὐτοῦ
3056 472 3116 530 ἐκ
3182 473 3279 540 τῆς
3343 473 3528 538 αὐτῆς.

2372 549 2495 618 ΝΖ’.
2549 588 2572 620 ε
2607 561 2813 619 Εἴπατε
2855 569 3004 641 γοῦν,
3077 558 3132 618 εἴ
3173 582 3276 618 που
3303 564 3403 628 τῆς
3433 560 3573 625 θείας
3607 561 3830 637 Γραφῆς
3861 557 3950 613 εῦ-

567 955 585 979 .
618 921 777 994 Filii,
805 927 902 980 aut
934 938 1001 980 ex
1034 937 1192 986 meo.
1219 919 1377 1000 quod
1418 929 1507 983 est
1547 943 1576 978 ει
1629 919 1751 980 Deo
1780 941 1792 978 :
1823 929 2076 980 autcum
2098 933 2202 977 ar-

561 1041 582 1068 α
619 1009 825 1082 ticulo,
853 1026 928 1069 ne
949 1007 1566 1089 simpliciterSpiritus
1591 1017 2064 1088 nuncuparetur,
2097 1003 2201 1065 sed

566 1131 585 1159 σ
621 1099 714 1159 hic
748 1095 1024 1176 Spiritus,
1059 1105 1157 1156 aut
1185 1095 1440 1176 Spiritus
1468 1107 1728 1173 sanctus,
1781 1104 1881 1157 aut
1935 1093 2200 1155 l’aracle-

559 1216 584 1246 ιι
622 1195 734 1258 tus,
767 1194 865 1246 aut
888 1183 1168 1258 veritatis,
1204 1186 1360 1266 quod
1388 1195 1478 1248 est
1507 1185 1660 1254 Filii.
1697 1205 1791 1264 qm
1821 1184 1984 1262 dicit,
2021 1209 2039 1236 ι
2077 1183 2200 1259 Ego

558 1301 588 1334 (ς
619 1294 746 1336 sum
772 1273 1069 1354 veritas“,
1121 1282 1182 1334 ut
1241 1273 1552 1334 audientes
1607 1273 1954 1354 simpliciter
2001 1272 2198 1352 prola-

561 1395 581 1426 ι
621 1376 744 1429 tum
765 1365 1051 1447 Spiritum
1086 1365 1516 1446 intelligeretis,
1581 1384 1710 1427 esse
1740 1365 2022 1447 Spiritum
2058 1382 2200 1426 san-

565 1486 585 1514 ιι
617 1464 778 1518 ctum
833 1475 855 1504 ι

1141 1549 1601 1612 Animadrersio

641 1674 662 1702 ι
698 1643 886 1722 Figito
909 1641 1088 1704 altius
1119 1651 1380 1705 mentem
1406 1644 1584 1706 allato
1613 1643 1920 1707 Athanasii
1953 1643 2212 1729 scripto,

2291 941 2312 973 ι
2347 915 2433 972 καὶ
2493 919 2610 972 Υἱοῦ
2667 916 2703 984 ἢ
2775 916 2900 994 παρ’
2939 919 3091 993 ὲμου,
3151 913 3179 970 ὅ
3235 917 3346 970 ἰιστι
3386 913 3529 993 παρὰ
3585 921 3683 970 τοῦ
3729 918 3881 984 Θεοῦ,
3913 910 3947 978 ἢ

2292 1030 2312 1058 ι
2351 1003 2483 1077 μετᾶ
2541 1010 2632 1060 τοῦ
2671 1004 2880 1084 ἄρθρου,
2929 1003 3022 1060 ἵνα
3079 1004 3155 1079 μὴ
3194 1001 3376 1068 ἁπλῶς
3419 1000 3652 1080 λέγηται
3709 1001 3942 1074 Πνεῦμα,

2294 1117 2315 1148 ι
2348 1089 2483 1146 ἀλλὰ
2534 1094 2595 1148 τὸ
2649 1093 2860 1169 Πνεῦμα
2927 1093 2963 1162 ἢ
3017 1091 3144 1149 αὗτὸ
3199 1098 3354 1148 τοῦτο
3426 1092 3644 1166 Πνεῦμα
3685 1089 3865 1168 ἅγιον,
3910 1087 3945 1154 ἢ

2293 1206 2314 1236 ι
2362 1179 2724 1262 παράκλητον,
2769 1183 2804 1250 ἢ
2861 1180 3132 1254 ἀληθείας,
3178 1179 3205 1234 ὅ
3249 1179 3358 1237 ἔστι
3412 1201 3507 1238 του
3554 1181 3684 1237 Υἱοῦ
3727 1199 3822 1235 του
3851 1175 3942 1233 λέ-

2289 1295 2311 1326 c
2344 1289 2548 1348 γοντος,
2590 1297 2611 1328 ι
2660 1268 2802 1348 Ἐγώ
2833 1272 2938 1346 εἰμι
2961 1275 2995 1340 ἡ
3028 1268 3268 1342 ἀλήθεια,
3319 1266 3409 1323 ἵνα
3442 1267 3728 1330 ἂκούοντες
3760 1263 3941 1327 ἅπλῶς

2285 1373 2310 1404 σ
2345 1357 2578 1438 Πνεύμα,
2623 1359 2955 1429 ὑπονοήσ-ητε
2987 1358 3130 1415 εἶναι
3160 1359 3220 1414 τὸ
3249 1357 3462 1431 Πνεῦμα
3503 1358 3564 1412 τὸ
3595 1354 3779 1434 ἅγιον.
3817 1381 3840 1413 ι

2947 1524 3281 1590 Ἐπιστασία,

2383 1641 2406 1673 ι
2440 1617 2762 1695 Ἐμόαθονον
2845 1626 2913 1697 τῇ
2991 1642 3208 1698 τοιαυτῃ
3279 1626 3370 1677 τοῦ
3425 1620 3580 1699 ἁγίου
3639 1621 3944 1697 συγγραφῇ,

566 1764 587 1793 ι
625 1749 702 1794 ea:
732 1705 898 1792 illum
926 1731 1402 1812 praepositionem
1449 1732 1510 1793 in
1566 1733 1821 1814 Spiritus
1864 1705 2208 1796 exsistehtid

2307 1733 2328 1762 ι
2359 1713 2473 1770 πῶς
2558 1711 2656 1778 τὴν
2715 1711 2859 1788 παρὰ
2928 1711 3172 1788 πρόθεσιν
3242 1710 3312 1773 εἰς
3356 1732 3454 1771 την
3497 1705 3593 1765 105
3637 1707 3946 1782 Πνεύματος

2352 1793 2378 1814 CI
2491 1795 2512 1814 ν
2666 1799 2678 1814 Ι
2823 1800 2851 1810 ~
2897 1805 2943 1814 —
3042 1799 3056 1814 ι
3100 1797 3114 1814 9
3233 1799 3274 1814 Ι..

567 1851 589 1882 ι
635 1821 746 1883 soli
777 1819 934 1884 Patri
963 1819 1294 1882 attribuere
1357 1850 1382 1882 ι»
1498 1869 1500 1872 .

1209 1915 1542 1989 Refutatt'o.

643 2007 1125 2090 Praepositionem
1157 2024 1232 2070 ex
1279 2009 1354 2070 de
1385 2007 1642 2089 Spiritus
1681 2009 2026 2072 exsistentia
2055 2011 2210 2072 acci-

563 2100 732 2180 piens
767 2106 826 2160 tu
859 2106 1020 2158 recto
1053 2096 1114 2156 in
1155 2097 1344 2158 sancti
1374 2097 1566 2159 Patris
1618 2099 1902 2178 scriptum
1963 2100 2207 2161 allatum

566 2195 822 2250 mentem
854 2184 988 2264 figis
1016 2202 1029 2248 :
1061 2194 1468 2248 verumtamen
1499 2186 1611 2247 soli
1640 2185 1794 2247 Patri
1837 2186 1997 2247 illam
2039 2187 2209 2249 attri-

563 2275 1099 2350 buens,maximum
1125 2275 1183 2335 in
1209 2276 1449 2355 modum
1479 2296 1511 2338 a
1539 2295 1674 2338 vera
1699 2275 1856 2337 illius
1881 2277 2210 2355 intelligen.

563 2366 645 2426 tia
666 2365 931 2437 aberras,
969 2381 1250 2443 namque,
1277 2353 1411 2425 cum
1446 2365 1644 2425 multa:
1701 2365 1925 2445 scripto
1983 2353 2212 2428 traditae

559 2456 940 2516 auctoritates
970 2470 1038 2512 ex
1074 2453 1246 2514 Patre
1278 2459 1337 2513 et
1388 2451 1542 2514 Filio
1597 2451 1882 2533 Spiritum
1927 2472 2058 2515 esse
2088 2464 2210 2516 sta-

562 2542 794 2616 bilient,
832 2543 1030 2601 nescio
1061 2548 1161 2600 aut
1194 2541 1316 2602 ulla
1344 2541 1479 2616 alia,
1508 2559 1640 2621 quae
1670 2560 1740 2602 ex
1774 2552 2022 2623 utroque
2041 2561 2211 2624 aper-

564 2632 680 2690 tius
709 2627 1082 2707 comprobet,
1137 2628 1423 2708 assignari
1483 2632 1721 2709 poterit.
1769 2629 1913 2692 Cum
1957 2630 2115 2692 enim
2147 2632 2208 2693 in

555 2720 681 2799 jam
713 2717 917 2798 positis
931 2727 1164 2776 sanctus
1187 2718 1501 2780 ostendere
1521 2718 1634 2778 sibi
1657 2720 2057 2800 proposuerit,
2080 2720 2206 2781 ubi-

571 2825 802 2886 cunque
835 2803 1088 2885 Spiritus
1137 2825 1270 2866 cum
1304 2807 1605 2868 additionc
1647 2810 2057 2887 pronuntiatus
2117 2828 2208 2871 re-

572 2897 823 2976 petitur,
860 2913 1074 2972 nempe
1103 2895 1230 2978 Dei,
1265 2896 1389 2956 sive
1413 2897 1625 2977 Patris,
1651 2898 1774 2958 sive
1804 2898 2047 2971 Christi,
2081 2902 2207 2959 sive

561 2985 716 3059 Filii,
743 2983 936 3065 ipsum
969 2983 1273 3044 insinuare
1306 2983 1612 3063 Spiritum,
1648 3004 1717 3046 ex
1747 2985 1962 3048 Triade
1996 3005 2202 3060 unum,

2298 1821 2320 1853 α
2351 1793 2565 1876 ὕπαρξιν
2607 1799 2755 1875 μόνῳ
2780 1800 2858 1875 τῷ
2897 1799 3060 1878 Πατρὶ
3091 1797 3348 1879 ἀφορίζει.
3385 1823 3409 1854 ι

2937 1901 3290 1983 Ἀντίρῤησις.

2371 2004 2480 2071 Τὴν
2523 2007 2630 2080 μὴν
2689 2007 2832 2084 παρὰ
2891 2006 3132 2085 πρόθεσιν
3191 2006 3265 2070 εἰς
3322 2004 3422 2072 τὴν
3467 2004 3562 2062 τοῦ
3637 2003 3940 2077 Πνεῦμα-ξος

2289 2089 2520 2172 ὕπαρχιν
2585 2091 2956 2170 ὶκλαμϐάνων,
3018 2092 3194 2159 καλῶς
3245 2101 3314 2170 τῇ
3345 2093 3438 2150 105
3480 2093 3635 2171 ἀγίου
3666 2095 3944 2170 συγγραφῇ

2287 2178 2592 2257 ἒμὸαθὺνεις
2643 2201 2660 2220 ⁸
2721 2184 2870 2258 μόνῳ
2951 2182 3005 2239 δὲ
3075 2189 3152 2257 τῷ
3219 2183 3380 2260 Πατρῖ
3450 2182 3714 2262 ἄφορίζων
3758 2180 3938 2257 αθτὴνι

2291 2268 2426 2326 πολὺ
2481 2275 2576 2338 τῆς
2634 2271 2859 2339 ἂληθους
2914 2269 3142 2334 διανοίας
3193 2271 3496 2351 ἀφέστηκας
3526 2286 3540 2300 ⁸
3591 2267 3813 2326 πολλῶν
3846 2267 3940 2344 γάρ

2293 2365 2542 2442 χρήσεων
2588 2372 2856 2443 γραφικῶν
2921 2365 2981 2422 ἐκ
3049 2365 3249 2444 Πατρὸς
3319 2364 3408 2419 καὶ
3492 2365 3616 2419 Υἰοῦ
3671 2358 3938 2428 δηλουσῶν

2293 2451 2433 2507 εἶναι
2475 2454 2536 2508 τὸ
2593 2453 2829 2534 Πνεῦμα,
2863 2454 2956 2511 οὔκ
3006 2450 3129 2510 οἴδα
3186 2449 3240 2508 εἴ
3271 2473 3348 2514 τις
3383 2450 3534 2530 ἑτέρα
3562 2454 3664 2517 τῆς
3693 2449 3937 2528 χρήσεως

2290 2539 2485 2607 ταύτης
2542 2539 2879 2621 ἐκδηλότερον
2924 2539 3152 2608 δηλώσει
3195 2541 3257 2596 τὸ
3312 2539 3364 2605 ἐξ
3406 2539 3637 2617 ἀμφοῖν.
3697 2535 3784 2594 Ἐν
3841 2535 3933 2613 γὰρ

2291 2640 2408 2691 τοῖς
2457 2627 2560 2696 ἤδη
2607 2629 2842 2708 ῥηθεῖσιν
2909 2633 2937 2687 ὁ
2994 2629 3172 2707 ἅγιος,
3215 2628 3380 2700 θέλων
3435 2631 3798 2707 παραστῆσαι,
3842 2626 3930 2696 ὡς,

2292 2713 2411 2774 ὅποι
2463 2715 2523 2773 ἂν
2569 2718 2865 2796 εὒρὲσκηταὶ
2920 2720 2982 2776 τὸ
3026 2719 3240 2793 Πνεῦμα
3283 2715 3560 2796 εἰρημένον
3593 2715 3730 2791 μετὰ
3771 2733 3932 2790 προσ-

2289 2805 2458 2874 θήκης
2515 2809 2678 2885 τυλὸν
2720 2818 2812 2866 τοῦ
2882 2813 3034 2881 Θεοῦ,
3096 2805 3132 2874 ἢ
3193 2813 3285 2863 τοῦ
3342 2806 3570 2883 Πατρὸς,
3621 2803 3658 2870 ἢ
3702 2802 3930 2879 1051191-

2290 2900 2434 2966 στοῦ,
2473 2894 2507 2962 ἢ
2539 2897 2631 2951 τοῦ
2663 2898 2783 2951 T105
2812 2897 2937 2952 αὒτὸ
2977 2894 3138 2962 δηλοῖ
3184 2897 3244 2950 τὸ
3301 2895 3511 2968 Πνεῦμα
3552 2896 3618 2949 τὸ
3646 2897 3745 2958 τῆς
3777 2890 3926 2968 Τριά-

2288 2979 2374 3047 δος
2445 2981 2498 3037 ἐν
2569 2985 2655 3039 καὶ
2723 2983 3175 3064 συμπληρωτικὸν
3241 2989 3342 3050 τῆς
3385 2979 3632 3061 Τριάδος,
3665 2981 3794 3060 πρὸς
3820 2990 3925 3039 τοῖς

555 3073 862 3155 ipsiusque
896 3071 1126 3134 Triadis
1159 3075 1602 3153 completivnm,
1636 3075 1792 3135 inter
1848 3076 1962 3136 alia
1993 3075 2204 3156 quibus

2298 3067 2470 3139 ξίλλοις
2526 3074 2601 3126 ὧν
2659 3074 2692 3140 ἡ
2755 3074 3039 3142 πποσθήκη
3109 3079 3260 3130 τοῦτο
3336 3069 3523 3151 δηλοῖ,
3589 3068 3920 3150 προσενείρει·

557 3164 812 3257 adjectio
843 3161 902 3223 id
927 3161 1531 3257 indical,superaddit
1573 3173 1632 3257 e_t
1656 3164 1801 3257 ill_ud
1825 3154 2078 3257 velutia
2100 3165 2201 3226 Fi-

2298 3159 2372 3213 ιαὶ
2403 3161 2463 3214 τὸ
2519 3161 2592 3224 ὡς
2648 3161 2753 3216 ἀπὸ
2807 3167 2899 3216 τοῦ
2966 3159 3084 3216 T105
3126 3159 3401 3239 εἰρημένον
3429 3161 3510 3229 1‘0,
3541 3158 3579 3226 ii
3605 3154 3730 3234 παρ’
3775 3156 3923 3257 ipso:

558 3252 639 3313 lio
664 3253 912 3320 dictum,
948 3259 1052 3312 aut
1080 3268 1124 3326 a,
1147 3269 1240 3312 me
1272 3251 1422 3330 ipso,
1459 3252 1615 3333 quod
1647 3273 1680 3314 a
1711 3251 1832 3314 Deo
1863 3263 1952 3315 est
1982 3274 1998 3329 ;
2025 3254 2205 3334 idque

555 3359 855 3414 asserens,
889 3358 957 3400 ex
989 3347 1237 3418 utroque
1267 3337 1552 3420 Spiritum
1603 3361 1734 3404 esse
1765 3351 2202 3404 commonstra-

557 3429 660 3502 vit,
701 3428 1058 3508 modumque
1089 3447 1204 3509 quo
1262 3449 1330 3490 ex
1393 3438 1644 3511 utroque
1704 3440 1815 3493 est.
1849 3433 1992 3494 Cum
2027 3431 2204 3493 etiam

557 3531 786 3581 asserat
815 3515 999 3579 veluti
1030 3535 1098 3578 ex
1132 3517 1280 3578 Filio
1337 3519 1454 3581 dlci
1515 3527 1794 3601 tanquam
1847 3539 1914 3581 ex
1979 3519 2206 3599 meipso

562 3607 718 3689 quod
753 3613 842 3668 est
868 3623 900 3666 a
931 3602 1142 3675 Deo.iu
1165 3606 1416 3668 duorum
1443 3608 1655 3669 horum
1686 3608 1994 3670 nominum
2036 3627 2204 3669 com-

563 3693 879 3780 plicatione
915 3693 1061 3754 illud
1119 3712 1190 3756 ex
1247 3705 1497 3776 utroque
1557 3695 1856 3778 explicuit.
1914 3696 2014 3760 Sic
2043 3696 2208 3777 prius

561 3784 925 3848 mentionem
972 3782 1107 3844 Filii
1155 3783 1464 3848 inducens.
1521 3784 1804 3867 illicoque
1859 3786 2205 3861 adnectens,

559 3874 715 3956 quod
748 3879 836 3934 est
861 3891 894 3933 a
925 3870 1067 3946 Deo,
1103 3871 1552 3948 demonstravit,
1581 3874 1757 3936 veluti
1779 3893 1850 3936 ex
1877 3893 1998 3936 uno
2031 3874 2207 3937 Patre

560 3961 811 4036 etFilio,
844 3979 960 4020 non
994 3959 1168 4021 veluti
1194 3979 1263 4021 ex
1294 3961 1525 4024 duabus
1555 3965 1746 4024 causis
1796 3970 1855 4024 et
1899 3964 2208 4044 principiis

561 4050 848 4132 Spiritum
874 4057 1142 4110 sanctum
1173 4067 1331 4126 esse;
1357 4069 1468 4130 qua
1483 4055 1641 4113 enim
1663 4053 1891 4115 ratione
1915 4053 2046 4114 dure
2078 4072 2208 4115 esse

568 4140 824 4221 Spiritus
853 4137 1040 4200 sancti
1081 4155 1272 4200 causa;
1329 4151 1608 4219 poterunt
1662 4143 1837 4204 Pater
1880 4150 1939 4203 et
1996 4143 2205 4217 Filius,

567 4248 700 4291 cum
734 4227 916 4291 Filius
949 4225 1125 4298 dicat,
1148 4223 1401 4303 Spiritus
1425 4247 1491 4289 ex
1521 4248 1637 4296 me.
1659 4229 1813 4310 quod
1848 4242 1937 4290 est
1966 4249 2033 4291 ex
2058 4230 2207 4305 Deo,

2287 3245 2315 3301 ὅ
2365 3247 2476 3303 ἐστι
2548 3250 2687 3317 παρὰ
2728 3249 2820 3306 105
2862 3249 3014 3311 Θεοῦ.
3050 3250 3148 3306 Καὶ
3199 3249 3367 3305 τούτω
3398 3248 3558 3304 εἰπὼν
3590 3249 3619 3303 ὁ
3647 3244 3816 3324 ἂγιος.
3849 3239 3903 3296 δτ

2285 3357 2343 3392 τε
2395 3336 2446 3402 ἐξ
2503 3336 2701 3416 ἀμφοῖν
2757 3339 2818 3394 τὸ
2864 3339 3072 3413 Ilva-3px
3116 3358 3356 3418 ενεφηνε,
3418 3337 3506 3393 καὶ
3563 3334 3712 3397 ὅπως
3745 3331 3794 3398 ἐξ
3819 3331 3918 3405 ἆμ-

2288 3449 2432 3506 φοιν.
2493 3423 2582 3484 Ἐν
2633 3429 2732 3506 γὰρ
2776 3434 2852 3502 τῷ
2906 3429 3075 3484 εἰπεῖν
3119 3429 3192 3493 ὡς
3236 3428 3341 3483 ἀπὸ
3409 3426 3501 3483 105
3553 3427 3677 3482 T105
3703 3423 3781 3501 {1‘0
3807 3418 3919 3498 παρ’

2289 3513 2440 3590 ἒμου,
2487 3513 2515 3570 ὅ
2573 3514 2681 3571 ἐστι
2712 3517 2854 3596 παρὰ
2895 3516 2987 3573 105
3030 3523 3184 3591 Θεοῦ,
3217 3514 3271 3571 ἓν
3302 3516 3399 3591 μὲν
3429 3521 3497 3587 τῇ
3527 3520 3637 3570 τῶν
3679 3510 3766 3570 δύο
3805 3510 3916 3566 ἀνο-

2291 3604 2470 3678 μᾶτων
2499 3602 2763 3682 ἒπιπλοκῇ
2804 3603 3022 3685 ὲνέφηνε
3049 3608 3110 3662 τὸ
3133 3604 3185 3671 ἒξ
3214 3605 3414 3686 ἀμφοῖν
3449 3619 3462 3633 ⁸
3497 3603 3551 3659 ἐν
3597 3601 3652 3658 δὲ
3681 3607 3756 3676 τῷ
3787 3619 3916 3675 μνη“

2291 3695 2477 3760 σθῆναι
2521 3695 2772 3775 πρότερον
2832 3705 2923 3754 τοῦ
2971 3696 3114 3770 T105,
3166 3695 3254 3751 καὶ
3285 3694 3557 3770 σδντόμως
3617 3691 3914 3768 ἐπαγαγεῖν,

2291 3780 2320 3837 ὅ
2377 3781 2486 3838 ’ἐστι
2515 3783 2656 3862 παρὰ
2686 3783 2778 3839 105
2834 3782 2986 3864 Θεοῦ,
3021 3784 3236 3863 ἐνέφηνε
3292 3784 3352 3840 τὸ
3408 3784 3480 3848 ὡς
3539 3780 3670 3862 παρ’
3701 3779 3810 3842 ἐνὸς
3842 3779 3917 3831 τοῦ

2299 3870 2420 3927 Υἱοῦ
2461 3871 2547 3928 καὶ
2588 3871 2680 3929 105
2708 3874 2934 3952 Πατρὸς,
2999 3871 3243 3948 οὔμενουν
3301 3873 3374 3936 ὡς
3431 3871 3576 3950 παρὰ
3617 3869 3704 3926 δύο
3756 3865 3916 3952 αἰτίων

2288 3961 2376 4016 καὶ
2426 3960 2610 4040 ἀρχῶν
2661 3949 2834 4018 εἶναι⁷
2863 3963 2924 4017 τὸ
2983 3962 3192 4038 Πιεύμα
3249 3963 3312 4018 τὸ
3365 3961 3539 4038 ἅγιον,
3593 3964 3712 4021 Πῶς
3743 3955 3836 4034 γὰρ
3861 3949 3914 4006 ἂν

2291 4062 2401 4106 εἷεν
2433 4047 2519 4106 δύο
2573 4052 2666 4106 τοῦ
2692 4051 2993 4126 Πνεόματος
3053 4049 3201 4107 αἴτια
3262 4049 3443 4129 Πατὴρ
3484 4050 3573 4106 καὶ
3598 4051 3626 4106 ὃ
3667 4047 3800 4123 Υἱὸς,
3832 4047 3913 4099 τοῦ

2301 4139 2421 4195 Υἰοῦ
2482 4137 2750 4218 λέγοντος,
2809 4141 2871 4196 τὸ
2925 4140 3135 4216 Πνεῦμα
3204 4137 3329 4218 παρ’
3386 4138 3537 4218 ἐμου,
3596 4137 3632 4196 ὅ
3653 4136 3759 4192 ἐστι
3787 4129 3910 4218 παρᾷ

2288 4234 2381 4283 τοῦ
2422 4215 2572 4298 Θεοῦ,
2645 4215 2745 4284 καὶ.
2798 4229 2959 4302 μόνον
3013 4215 3136 4308 οῦχὶ
3191 4215 3421 4303 βοῶντος
3468 4215 3541 4291 ὡς
3601 4228 3644 4282 εἰ
3694 4223 3775 4279 καὶ
3801 4215 3911 4296 παρ’

569 4328 913 4398 tantumque
943 4334 1059 4376 non
1094 4315 1475 4390 inclamante,
1526 4317 1662 4380 licet
1692 4335 1766 4380 ex
1818 4337 1912 4380 me
1952 4319 2208 4400 Spritus

2298 4313 2420 4392 ἐμοῦ
2471 4318 2533 4372 τὸ
2589 4317 2802 4392 Πνεόμά
2827 4319 2994 4398 ἔστιν,
3026 4316 3143 4373 ἀλλ’
3193 4319 3266 4380 εἰς
3298 4318 3388 4373 τὸν
3422 4316 3628 4396 Πατέρα
3654 4314 3750 4381 τὴν
3773 4327 3906 4388 πρω·

569 4416 677 4472 est.
711 4424 914 4467 verum
949 4406 1005 4466 in
1051 4406 1286 4466 Patrem
1321 4406 1658 4484 primariam
1693 4417 1752 4470 et
1786 4406 2011 4489 absque
2045 4408 2212 4490 prin-

569 4497 724 4578 cipio
756 4513 1017 4568 causam,
1046 4494 1204 4556 unde
1235 4503 1290 4555 et
1325 4513 1430 4574 ego
1457 4495 1613 4576 quod
1647 4495 1757 4556 sim
1793 4495 2010 4576 habeo,
2037 4497 2218 4559 refcr-

575 4596 689 4648 tur.
719 4582 1230 4658 Quemadmodum
1275 4584 1432 4645 enim
1468 4584 1526 4644 in
1581 4583 1713 4646 aliis
1755 4584 1897 4667 dixi,
1929 4585 2215 4666 quidquid

569 4695 604 4736 a
635 4674 781 4736 Filio
812 4681 871 4734 et
895 4690 967 4734 ex
990 4670 1162 4749 Filio,
1199 4681 1258 4733 et
1290 4691 1395 4752 per
1427 4673 1641 4736 Filium
1693 4692 1825 4736 esse
1880 4673 2121 4750 dicitur,
2157 4674 2218 4736 in

570 4766 806 4827 Patrem
837 4759 1112 4823 refertur.
1148 4761 1605 4844 Proptereaque-
1633 4762 1736 4844 qui
1781 4781 1850 4825 ex
1885 4765 2075 4833 Patre,
2112 4781 2222 4844 per

573 4851 788 4915 Filium
848 4866 920 4910 ex
971 4855 1220 4929 utroque
1269 4849 1518 4925 exsistit,
1572 4851 1756 4913 veluti
1816 4871 1886 4914 ex
1935 4871 2055 4914 uno
2101 4862 2213 4915 est.

569 4938 692 5002 Nec
729 4954 933 5019 parum
963 4935 1037 4997 ad
1089 4936 1147 4998 id
1199 4937 1357 5000 idem
1413 4939 1713 5016 conducit,
1765 4945 1920 5021 quod
1976 4941 2150 5002 etiam
2183 4959 2218 5002 a

573 5045 784 5107 magno
817 5025 1032 5089 Basilio
1054 5025 1115 5087 in
1145 5025 1597 5107 quadragesima
1627 5029 1873 5090 bomilia
1905 5029 2212 5090 Moralium

569 5115 788 5178 dicitur
817 5133 950 5177 cum
1008 5115 1255 5177 scribit:
1298 5141 1319 5173 ι
1353 5117 1486 5179 Νοη
1533 5117 1783 5192 alienus,
1839 5124 1928 5179 est
1969 5136 2002 5178 a
2028 5118 2217 5196 gloria

570 5205 762 5270 Patris
793 5204 897 5267 Dei
927 5204 1182 5285 Spiritus
1231 5224 1299 5267 ex
1342 5205 1626 5268 ineffabili
1676 5225 1802 5281 ore,
1835 5205 2219 5267 inefl'abililer

571 5313 889 5377 apparens,
921 5295 1025 5356 sed
1059 5293 1160 5356 Dri
1214 5293 1492 5375 Spiritus,
1540 5304 1598 5359 et
1644 5295 1800 5375 apud
1849 5295 2061 5368 Deum,
2096 5303 2152 5356 et
2181 5313 2215 5356 a

573 5389 697 5447 Deo
727 5384 966 5464 missus,
989 5393 1047 5446 et
1069 5403 1176 5465 per
1199 5385 1407 5446 Filium
1433 5385 1866 5467 suppeditatus,
1898 5392 1964 5446 ut
1995 5383 2214 5446 dicitur

570 5493 606 5539 a
635 5481 879 5556 paterna
907 5491 1183 5552 persona,
1219 5472 1459 5555 spiritus
1511 5492 1698 5551 meus,
1749 5473 1851 5556 qui
1896 5480 1986 5535 est
2037 5473 2098 5533 in
2131 5481 2207 5534 te.

652 5643 707 5698 ϐί
751 5646 898 5708 Joan
954 5661 1076 5722 xw,-
1106 5646 1166 5705 6.

2295 4427 2393 4473 την
2421 4407 2508 4462 xxi
2551 4403 2781 4485 ἄναρχον
2833 4407 2996 4462 αἰτίαν
3049 4405 3186 4463 ἐστὶν
3217 4406 3624 4487 ἀναφερόμενον,
3675 4401 3782 4459 ὅθεν
3833 4403 3916 4457 καὶ

2297 4493 2413 4570 ἐμοὶ
2445 4496 2504 4550 τὸ
2534 4495 2674 4550 εἶναι
2701 4494 2860 4553 ἐστιν.
2919 4485 3010 4558 Ὠς
3047 4496 3147 4576 γὰρ
3175 4497 3263 4552 καὶ
3310 4485 3365 4551 ὲν
3394 4492 3575 4559 ἄλλοις
3607 4493 3903 4573 εἰρήκειμεν,

2298 4581 2352 4640 εἴ
2407 4603 2462 4638 τε
2519 4583 2660 4664 παρὰ
2713 4585 2852 4652 Υἱοῦ,
2888 4585 2974 4640 καὶ
3029 4581 3079 4650 ἐξ
3139 4587 3281 4664 Υἰοῦ,
3327 4584 3414 4639 καὶ
3470 4580 3537 4638 δι’
3581 4585 3698 4638 Υἰοῦ
3725 4575 3910 4664 λέγεται

2299 4671 2462 4746 εἶναι,
2525 4659 2608 4735 εἰς⁷
2667 4673 2758 4728 τὸν
2815 4673 3023 4752 Πατέρα
3091 4678 3188 4741 τὴν
3243 4659 3506 4752 ἇναφορὰν
3549 4669 3689 4752 ἔχει,
3721 4667 3802 4724 καὶ
3838 4659 3908 4715 διὰ

2297 4761 2450 4848 τούτο
2476 4761 2536 4816 τό
2567 4760 2625 4816 ἐκ
2681 4763 2880 4840 Πατρὸς
2937 4759 3004 4817 δι’
3060 4763 3200 4837 Υἷοῦ,
3248 4762 3335 4818 καὶ
3362 4758 3412 4827 ἐξ
3439 4761 3642 4840 ἀμφοῖν
3670 4755 3904 4848 ὑπάρζξνῒ

2297 4836 2370 4912 ὣς
2398 4847 2452 4914 ἒξ
2482 4849 2594 4914 ένάς
2643 4836 2806 4913 ἒστινξ
2863 4853 2968 4909 Οὐκ
3028 4836 3190 4928 ὀλίγα
3237 4848 3292 4906 δὲ
3335 4852 3465 4929 πρὸς
3495 4836 3648 4906 τοῦτο
3689 4836 3901 4918 συμϐάλ-

2297 4936 2377 4994 λει
2407 4939 2494 4994 καὶ
2547 4940 2609 4995 τὸ
2650 4939 2790 5018 παρᾶ
2846 4945 2938 4996 τοῦ
2967 4938 3201 5018 μεγάλου
3250 4937 3523 4998 Βασιλείου
3549 4941 3605 4994 ἓν
3645 4942 3710 5012 τῇ
3737 4945 3907 5018 τεσσα-

2298 5033 2527 5104 ρακοστῇ
2583 5013 2762 5104 ὁμιλία
2830 5013 2980 5106 ρηθξφ
3039 5013 3144 5085 τῶν
3203 5033 3357 5088 αὒτοῦ
3419 5026 3666 5101 Ἠθικῶν,
3719 5022 3771 5078 ἐν
3831 5013 3906 5073 οἷς

2300 5115 2424 5196 ἔφη,
2477 5145 2498 5174 ι
2559 5120 2668 5176 Οὐκ
2708 5105 2982 5195 ἀλλότριον
3024 5117 3120 5186 τῆς
3163 5125 3254 5175 τοῦ
3285 5125 3415 5174 Θεοῦ
3438 5115 3591 5184 δόξης
3634 5117 3692 5172 τὸ
3720 5105 3904 5196 Πνεῦμα

2299 5187 2358 5259 ἐκ
2411 5213 2503 5264 τοῦ
2571 5202 2796 5283 άρῤητου
2849 5187 3107 5282 στόματος
3177 5205 3416 5286 ἆρρήτως
3473 5205 3724 5286 πεφηνδςο
3791 5187 3904 5292 mil

2301 5295 2431 5349 Θεοῦ
2476 5294 2686 5368 Πνεῦμα
2741 5294 2828 5349 καὶ
2881 5295 3022 5372 παρὰ
3094 5300 3228 5369 Θεῷ,
3287 5292 3736 5369 ἀποστελλόμενον
3784 5297 3906 5372 παρα

2297 5379 2449 5456 Θεοῦ,
2507 5366 2622 5437 καὶ.
2664 5378 2731 5436 δι’
2784 5381 2907 5438 T105
2959 5366 3392 5463 ἀορηγοῦμενον,
3453 5387 3525 5447 ὡς
3577 5366 3774 5459 λέγεται
3822 5366 3903 5463 μὶγ

2294 5469 2354 5526 ἐκ
2419 5475 2513 5527 τοῦ
2567 5471 2824 5550 πατρικοῦ
2886 5452 3194 5550 πρόσώπου,
3254 5475 3314 5530 τὸ
3371 5475 3580 5547 Πνεῦμα
3622 5471 3678 5526 τὸ
3707 5452 3900 5540 ἐμὸν,δ
