4180 6282
240 292 364 362 489
1285 302 1369 366 ΙΝ
1410 301 1803 366 CAMATERI
1845 300 1891 360 A

1987 300 2598 365 MADVERSIONES.
3513 290 3637 360 490

242 434 388 490 ἐστιν
424 436 507 492 ἐπὶ
537 437 635 492 σοί.
687 437 908 516 Λέγεται
961 437 1014 493 δὲ
1061 439 1161 494 ὑπὸ
1217 446 1310 496 τοῦ
1358 439 1538 517 Κυρίου
1568 437 1674 510 ὅτι,
1713 464 1735 496 ι
1782 429 1893 478 Πῖκ·

1983 421 2210 493 Dicitur
2258 452 2493 514 quoque
2537 453 2570 495 a
2620 434 2852 498 Christo
2889 454 2901 493 :
2946 459 2972 490 «
3003 431 3375 496 Paracletum
3403 432 3630 495 mittam

243 522 518 603 ρακλητον
561 525 760 600 πέμψω
789 528 937 602 ὑμῖν,
975 546 996 576 l
1035 529 1091 584 ὃν
1121 549 1238 584 τινα
1280 529 1368 583 καὶ
1397 526 1554 583 καλεῖ
1581 527 1643 582 τὸ
1689 526 1894 599 Πνεύμα

1986 520 2169 596 vobis,
2203 542 2376 603 quem
2430 531 2487 585 et
2531 532 2698 584 vocat
2743 522 3024 603 Spiritum
3070 520 3330 583 veritatis
3378 521 3462 582 62.
3504 547 3524 578 ι
3567 521 3629 586 Si

395 599 741 680 ἀληθείας.)
795 599 850 672 Et
881 599 1004 694 γουν
1048 620 1075 673 6
1120 620 1216 692 μὲν
1275 616 1443 694 μέγας
1491 614 1761 678 Βασίλειος
1793 612 1894 669 δια-

1986 608 2164 688 igitur
2195 599 2440 691 magnus
2471 612 2721 674 Basilius
2754 599 2959 692 aperte
2982 609 3241 692 exponit,
3276 629 3346 673 ex
3379 630 3631 692 persona

249 715 442 780 τρανοϊ
499 703 560 758 ἐκ
628 711 722 760 τοῦ
805 713 1060 783 πατρικοῦ
1140 712 1424 784 προσώπου
1517 705 1758 782 λέγεσθαι
1840 703 1900 757 τὸ

1988 697 2171 757 Patris
2205 697 2346 779 dici,
2371 699 2624 779 Spiritus
2655 699 2956 779 meus,qui
2985 707 3074 761 est
3101 698 3159 761 in
3191 706 3248 760 te
3273 721 3286 757 :
3308 706 3627 780 etmagnus

251 792 470 865 Πνεύμα
513 794 574 847 τὸ
631 792 783 872 ἐμὸν,
840 792 978 849 ἐστιν
1053 793 1137 850 ἐπὶ
1198 795 1298 865 σοὶ,
1349 797 1389 850 ὁ·
1417 792 1472 848 δὲ
1516 793 1679 870 μέγας
1740 789 1900 848 Ἀθα-

1986 786 2365 860 Athanasius,
2407 788 2490 849 uti
2540 807 2609 850 ex
2652 789 2801 852 Filio
2843 787 2986 850 dicit
3025 786 3334 868 Spiritum,
3382 807 3452 850 ex
3503 807 3620 865 me,

251 881 436 944 νάσιος
508 884 581 946 ὡς
626 882 732 938 ἀπὸ
785 892 878 940 τοῦ
917 883 1038 940 Υἱοῦ
1067 881 1214 960 λέγει
1259 885 1320 939 τὸ
1353 883 1562 957 Πνεύμα
1590 880 1712 958 παρ’
1748 882 1901 958 ἑμου,

1985 874 2139 953 quod
2200 885 2288 936 est
2335 895 2403 938 ex
2460 876 2606 958 Deo,
2649 876 2945 958 quomodo
2977 877 3072 938 hic
3102 895 3220 938 non
3253 878 3623 958 apertissime

250 968 278 1023 ὅ
308 971 425 1026 ἐστι
471 973 614 1050 παρὰ
672 979 762 1028 τοῦ
807 978 958 1044 Θεοῦ,
1005 979 1119 1034 πῶς
1164 975 1223 1028 06
1264 969 1541 1050 προδήλως
1584 971 1812 1026 ἐντεῦθεν
1845 967 1901 1022 ἐκ

1988 963 2320 1025 ostenditur
2350 964 2488 1027 inde
2515 965 2734 1044 colligi,
2766 985 2836 1027 ex
2864 967 3038 1028 Patre
3069 973 3126 1027 et
3155 965 3304 1027 Filio
3337 984 3468 1028 esse
3485 965 3621 1048 Spi-

249 1062 459 1136 [ἰατρὸς
489 1062 577 1116 καὶ
624 1063 744 1118 Υἱοῦ
793 1061 934 1118 εἶναι
991 1062 1051 1116 τὸ
1095 1067 1306 1135 Πνεῦμα
1361 1062 1422 1116 τὸ
1473 1060 1625 1139 ἅγιον
1683 1058 1900 1138 ἀναφαίο

1987 1053 2252 1124 ritum,et
2283 1072 2399 1114 non
2436 1061 2709 1135 tanquam
2755 1073 2824 1116 ex
2872 1052 3100 1115 duabus
3137 1054 3331 1116 causis
3361 1065 3418 1118 et
3451 1056 3620 1136 prin-

242 1169 416 1223 νεται,
493 1151 580 1205 καὶ
636 1152 739 1229 οὐχ
796 1151 870 1214 ὡς
925 1151 984 1206 ἐκ
1042 1148 1129 1205 δύο
1186 1150 1362 1205 αἰτίων
1413 1150 1502 1204 καὶ
1545 1148 1749 1228 ἀρχῶν,
1787 1145 1893 1201 ἁλλ²

1987 1143 2179 1221 cipiis,
2206 1143 2308 1203 sed
2340 1151 2617 1223 tanquam
2650 1160 2723 1204 ex
2752 1142 2918 1204 uno?
2949 1141 3064 1204 Sed
3117 1151 3174 1203 et
3216 1150 3455 1205 sanctus
3504 1145 3618 1226 Cy-

240 1241 313 1301 ὼς
358 1237 415 1303 ἐξ
476 1239 592 1300 ἑνός
628 1257 644 1317 ;
688 1237 856 1294 Ἀλλὰ
884 1240 971 1294 καὶ
1025 1241 1053 1294 6
1083 1238 1230 1316 ἅγιος
1291 1236 1541 1317 Κύριλλος
1573 1250 1690 1300 τοῖς
1721 1233 1891 1313 μεγά-

1975 1232 2143 1293 rillus
2173 1250 2310 1293 cum
2345 1233 2571 1308 magnis
2603 1232 2766 1294 hisce
2797 1231 3066 1292 Patribus
3123 1231 3186 1292 in
3250 1232 3462 1294 eadem
3495 1253 3625 1296 sen-

238 1326 353 1392 λοις
400 1328 604 1391 τούτοις
651 1328 912 1404 Πατράσιν
967 1328 1038 1388 εἰς
1081 1328 1178 1393 τὴν
1217 1326 1377 1394 αὔτὴν
1434 1327 1638 1383 ἔννοιαν
1671 1347 1889 1403 συγκρο-

1981 1324 2166 1382 tentia
2197 1321 2581 1383 concordabit
2600 1321 2662 1382 in
2695 1320 3183 1401 interpretatione
3201 1321 3496 1400 Evangelii
3524 1341 3624 1385 se-

241 1418 399 1485 τήσει
459 1416 514 1471 ἐν
579 1421 647 1491 τῇ
714 1416 964 1494 ἑρμηνείᾳ
1017 1417 1110 1470 τοῦ
1150 1416 1285 1470 κατὰ
1341 1415 1614 1488 Ἰωάννην,
1674 1421 1760 1468 νῦν
1805 1412 1892 1487 μὲν

1979 1409 2238 1470 cundum
2285 1413 2599 1486 Joannem,
2643 1428 2802 1471 nunc
2831 1409 3071 1490 quidem
3114 1408 3296 1472 veluti
3327 1428 3398 1472 ex
3427 1412 3622 1490 seipso

244 1509 317 1570 ὡς
393 1505 491 1584 ἀφ’
545 1506 728 1560 ἑαυτοῦ
784 1503 955 1582 λέγων
989 1549 1003 1563 .
1065 1529 1090 1561 ιι
1139 1495 1354 1582 υιὶσπερ
1423 1504 1522 1582 γὰρ
1583 1503 1722 1558 ἐστιν
1767 1499 1895 1556 ἴδιον

1983 1498 2222 1560 dicens:
2263 1521 2292 1554 ε
2318 1498 2829 1570 Quemadmodum
2860 1498 3019 1559 enim
3053 1497 3326 1578 proprius
3357 1507 3446 1560 est
3483 1499 3619 1581 Spi-

246 1597 468 1671 Πνεύμα
535 1594 629 1651 τοῦ
676 1595 797 1650 Υἱοῦ
838 1600 1068 1673 φυσικῶς
1112 1593 1165 1649 ἐν
1209 1593 1350 1668 αὗτῷ
1391 1615 1448 1649 τε
1517 1593 1757 1671 ὑπάρχον
1815 1591 1897 1646 καὶ

1983 1591 2130 1651 ritus
2174 1590 2328 1666 Filii,
2384 1591 2729 1654 naturaliter
2767 1591 2827 1650 in
2871 1591 2999 1670 ipso
3053 1590 3362 1665 exsisteus,
3415 1600 3472 1652 et
3518 1611 3626 1674 per

247 1685 314 1742 δι’
372 1687 537 1741 αὐτοῦ
593 1685 805 1762 προϊὸν,
862 1682 999 1739 οὕτω
1054 1684 1140 1738 καὶ
1195 1691 1288 1739 τοῦ
1358 1684 1558 1761 Πατρὸς
1596 1702 1607 1714 '
1643 1681 1732 1744 οἷς
1761 1677 1814 1734 δὲ
1843 1681 1898 1734 τὸ

1982 1680 2176 1757 ipsum
2239 1679 2647 1759 progrediens,
2710 1680 2790 1740 ita
2846 1687 2905 1740 et
2962 1679 3170 1740 Patris.
3206 1678 3432 1751 Quibus
3483 1700 3624 1744 vero

247 1777 465 1850 Πνεύμα
509 1775 706 1845 κοινὸν,
767 1773 972 1837 τούτοις
1016 1771 1108 1838 εἴη
1139 1769 1309 1841 δήπου
1339 1772 1548 1834 πάντως
1584 1769 1644 1825 ἂν
1701 1770 1788 1824 καὶ
1841 1768 1898 1826 τὰ

1985 1765 2238 1846 Spiritus
2293 1767 2627 1828 communis
2675 1776 2783 1840 est,
2834 1767 2952 1827 illis
3000 1785 3242 1846 prorsus
3291 1768 3532 1846 fuerint,
3567 1777 3623 1832 et

247 1865 426 1928 οὐσίας
485 1865 543 1918 οὺ
615 1860 930 1940 διωρισμένα
963 1876 976 1889 ⁸
1017 1885 1040 1915 ι
1095 1869 1182 1918 νῦν
1226 1857 1280 1914 δὲ
1325 1858 1492 1936 λέγων
1549 1860 1622 1922 ὡς
1665 1857 1770 1912 ἀπὸ
1817 1867 1898 1916 :0]

1988 1876 2118 1936 quae
2161 1857 2432 1918 essentia:
2477 1865 2636 1937 sunt,
2686 1876 2804 1916 non
2853 1865 3164 1936 separata:
3208 1880 3229 1911 ι
3269 1875 3428 1918 nunc
3459 1877 3622 1940 vero,

246 1956 367 2008 Υἱοῦ
427 1953 561 2027 πρὸς
633 1950 750 2006 τοὺς
797 1948 1034 2023 μαθητάς
1075 1963 1088 1976 ⁶
1146 1977 1166 2007 α
1214 1946 1376 2022 Ἐμὸν
1433 1947 1531 2025 γὰρ
1574 1944 1784 2019 Πνεύμα
1840 1943 1897 1997 τὸ

1988 1945 2071 2006 uti
2101 1964 2134 2006 a
2165 1945 2310 2007 Filio
2354 1946 2429 2006 ad
2476 1945 2798 2025 discipulos
2833 1964 2845 2008 :
2883 1965 2904 1995 ι
2945 1949 3111 2008 Meus
3141 1945 3300 2006 enim
3346 1945 3621 2027 Spiritus,

244 2041 491 2119 ἐνεργοῦν
548 2039 602 2095 ἐν
659 2040 806 2113 ὑμῖν.
838 2027 1088 2115 “²Ὠσπερ
1146 2033 1201 2090 δὲ
1253 2035 1402 2109 ἐμὸν,
1460 2033 1596 2088 οὕτω
1664 2035 1751 2088 καὶ
1806 2038 1895 2086 τοῦ

1982 2035 2079 2114 qui
2112 2041 2387 2114 operatur
2416 2035 2477 2094 in
2509 2033 2696 2097 vobis.
2729 2033 3240 2106 Quemadmodum
3264 2035 3422 2095 enim
3455 2055 3623 2099 meus

248 2137 380 2187 Θεοῦ
431 2131 522 2185 καὶ
567 2129 790 2206 [Ιατρὸς.

1981 2125 2061 2184 ita
2084 2134 2143 2186 et
2174 2123 2275 2184 Dei
2307 2133 2364 2186 et
2392 2123 2580 2185 Patris
2611 2132 2720 2186 est.
2758 2151 2778 2180 ι

843 2230 939 2289 Ἐκ
971 2231 1069 2298 τῆς
1113 2231 1270 2298 αῦτῆς
1283 2279 1294 2290 .

2506 2232 2610 2294 Ex
2638 2233 2850 2294 eadem
2877 2230 3171 2310 Epistolu.

327 2333 468 2400 NH'.
507 2367 532 2400 ι
571 2343 644 2398 Οὖ
721 2340 820 2418 γὰρ
893 2335 1117 2415 ἄγγελον
1193 2335 1476 2394 συνέτασσε
1531 2343 1600 2412 τῇ
1661 2336 1894 2414 Θεότητι,

2061 2339 2254 2402 LVIll.
2285 2369 2307 2401 α
2332 2339 2537 2420 Neque
2568 2338 2727 2401 enim
2759 2337 3033 2418 angelum
3065 2356 3185 2400 una
3213 2357 3347 2401 cum
3396 2339 3621 2404 Divini-

255 2453 276 2484 ι
309 2430 427 2489 οῦδὲ
489 2431 545 2486 ἐν
601 2429 846 2503 κτίσματι
919 2431 1180 2492 συνῆπτεν
1237 2427 1380 2497 ἡμᾶς
1439 2425 1609 2500 ἑαυτῷ
1664 2426 1751 2482 καὶ
1821 2430 1897 2498 τῷ

1986 2455 2004 2481 ι
2044 2437 2157 2490 tate
2185 2428 2736 2509 collocabat,neque
2765 2427 2825 2488 in
2857 2434 3132 2489 creatura
3178 2427 3533 2510 sibimetipsi
3564 2436 3625 2493 et

255 2552 276 2582 ι
312 2524 499 2601 Πατρὶ,
557 2520 675 2577 ἀλλ’
732 2519 786 2575 ἐν
827 2525 904 2592 τῷ
956 2518 1220 2592 Πνεύματι
1269 2523 1346 2590 τῷ
1388 2516 1543 2593 ὰγίῷ,
1576 2516 1702 2594 ὅπερ
1745 2517 1896 2580 αὐτός

1983 2539 2006 2570 α
2045 2518 2198 2579 Patri
2233 2537 2340 2578 nos
2385 2517 2812 2598 conjungebat,
2865 2515 2970 2578 sed
3018 2516 3080 2578 in
3127 2517 3351 2597 Spiritu
3394 2527 3618 2593 sancto,

254 2642 275 2671 ι
309 2610 778 2690 ἐναγγειλάμενος,
853 2607 946 2663 οὐκ
1029 2604 1244 2684 εἴρηκεν
1319 2601 1542 2682 ἄγγελον
1629 2603 1894 2661 ἀποστέλ-

1986 2630 2007 2660 α
2047 2625 2222 2686 quem
2242 2607 2367 2686 ipse
2394 2607 2768 2686 promittens,
2791 2624 2909 2667 non
2929 2605 3362 2685 dixitangelum
3385 2607 3621 2669 mittere

254 2732 274 2760 ι
306 2703 446 2776 λειν,
507 2698 644 2756 ἀλλὰ
698 2699 759 2753 τὸ
801 2695 1008 2769 Πνεύμα
1067 2699 1166 2760 τῆς
1224 2693 1493 2772 ἀληθείας,
1539 2694 1567 2748 ὃ
1626 2695 1764 2770 παρὰ
1806 2703 1897 2752 τοῦ

1984 2721 2004 2750 ι
2040 2697 2141 2756 sed
2175 2693 2456 2774 Spiritum
2492 2694 2772 2770 veritatis,
2809 2693 2911 2774 qui
2941 2713 2974 2755 a
2999 2693 3169 2756 Patre
3209 2694 3500 2774 procedit,
3562 2704 3622 2758 et

253 2822 274 2853 ι
309 2792 518 2868 Πατρὸς
577 2786 936 2866 ἐκπορεύεται,
1019 2784 1105 2838 καὶ
1174 2782 1234 2838 ἐκ
1288 2789 1379 2838 τοῦ
1450 2785 1569 2838 Υἱοῦ
1611 2779 1892 2862 λαμϐάνει,

1288 2789 1379 2838 τοῦ
1450 2785 1569 2838 Υἱοῠ
1611 2779 1892 2862 λαμϐάνει,
1982 2808 2004 2840 ι
2043 2800 2113 2844 ex
2144 2783 2291 2844 Filio
2321 2783 2538 2864 accipit
2565 2790 2625 2845 et
2655 2782 2852 2844 datur.
2891 2811 2911 2841 ι

251 2907 275 2940 ε
306 2885 395 2939 καὶ
440 2877 660 2940 δίδοται.
697 2908 720 2940 ι

920 2984 1251 3046 Ἐπιστασία.
1914 3012 1954 3061 C
2535 2978 2571 3038 Ά

1914 3012 1954 3061 C
2535 2978 3023 3040 Animadversio.

322 3126 346 3158 α
381 3101 486 3160 Καὶ
540 3105 696 3156 τοῦτο
757 3108 874 3158 τοῖς
924 3090 1323 3172 προειρημένοις
1379 3084 1664 3143 ἀκόλουθον
1701 3100 1716 3114 ⁶
1751 3085 1892 3152 παρὰ

2060 3119 2080 3149 σ
2116 3088 2241 3150 Hoc
2271 3105 2505 3167 quoque
2535 3105 2669 3147 cum
2693 3087 2816 3166 jam
2849 3085 3020 3147 dictis
3052 3086 3392 3162 concordat,
3431 3106 3465 3149 a
3495 3091 3609 3151 Pa-

251 3213 273 3244 ι
304 3190 397 3266 μὲν
461 3189 561 3267 γὰρ
615 3192 710 3242 τοῦ
763 3185 966 3262 Πατρὸς
1022 3179 1387 3258 ἐκπορεύεσθαι
1444 3176 1505 3230 τὸ
1549 3181 1782 3267 [[νεῦμα,
1831 3174 1891 3267 ἐκ

1978 3202 1998 3232 ι
2035 3184 2124 3238 tre
2144 3177 2386 3267 quidem
2436 3175 2724 3267 Spiritum
2780 3174 3128 3267 procedere,
3164 3191 3234 3234 ex
3284 3172 3434 3237 Filio
3464 3195 3603 3239 vero

251 3307 272 3337 ι
300 3260 388 3336 τοῦ
468 3260 590 3333 Ῠὶοῦ
642 3273 697 3330 δὲ
753 3260 1062 3348 λαμϐάνειν,
1121 3270 1208 3325 καὶ
1265 3264 1518 3337 διδοσθαι,
1573 3260 1802 3318 διδάσκει
1860 3262 1888 3316 6

1513 3311 1518 3332 μ
1573 3260 1802 3318 διδάσκει
1860 3262 1888 3316 ὃ
1974 3290 1997 3322 ι
2032 3265 2326 3345 accipere,
2362 3273 2418 3325 et
2444 3263 2573 3326 dari
2603 3271 2844 3325 sanctus
2873 3263 3104 3325 edocet.
3143 3291 3164 3321 ι

248 3390 269 3419 ι
301 3365 480 3444 ἅγιος.
530 3390 551 3420 ι

885 3461 1212 3542 Ἀντίῤῥησις
1223 3507 1235 3520 .

2606 3455 2939 3534 Refutatio.

314 3575 556 3644 Ἀληθῶς
601 3573 743 3653 παρᾶ
802 3571 898 3648 μὲν
940 3575 1031 3626 τοῦ
1116 3567 1318 3646 Πατρὸς
1363 3561 1760 3653 ,ἐκπορεύεσθαι
1819 3565 1879 3619 τὸ

1964 3650 1997 3653 Α
2045 3561 2197 3625 Vere
2227 3563 2468 3644 quidem
2496 3581 2529 3624 a
2558 3565 2730 3626 Patre
2762 3561 3090 3653 procedere
3122 3561 3476 3653 Spiritum,a
3506 3567 3607 3629 Fi-

236 3668 446 3744 Πνεύμα
502 3664 562 3721 ἐκ
615 3649 708 3720 τοῦ
770 3658 892 3717 Υἱοῦ
934 3656 988 3714 δὲ
1043 3654 1330 3732 λαμϐάνειν
1358 3649 1586 3744 διδάσκει
1631 3652 1659 3707 6
1700 3650 1873 3744 ἅγιος,

1961 3650 2039 3712 lio
2063 3670 2198 3714 vero
2226 3653 2748 3732 acciperesanctus
2778 3651 3307 3715 docet.Considera
3339 3673 3514 3734 porro
3545 3666 3605 3720 tu

236 3738 434 3813 Σκόπει
478 3753 532 3810 δὲ
562 3754 648 3808 καί
706 3749 785 3806 ὅτι
838 3747 1047 3814 ἀληθῶς
1080 3745 1139 3802 ἐκ
1183 3746 1288 3799 τῶν
1334 3738 1688 3819 εὗαγγελικῶν
1746 3741 1876 3796 τού-

1959 3757 2030 3802 ex
2062 3742 2150 3803 his
2200 3742 2553 3820 evangelicis
2607 3740 2779 3801 dictis
2823 3759 2960 3803 vere
3019 3741 3278 3814 ostendi,
3315 3741 3599 3822 Spiritum

234 3867 335 3901 των
403 3845 610 3924 ῥήσεων
657 3838 912 3895 δείκνυται
953 3835 1014 3891 τὸ
1056 3833 1108 3898 ἐξ
1151 3832 1351 3910 ἀμφοῖν
1399 3829 1635 3885 εἶναιτὸ
1664 3829 1875 3904 Πνεύμα

1957 3838 2224 3890 sanctum
2259 3849 2330 3891 ex
2353 3839 2602 3908 utroque
2626 3847 2754 3888 esse
2786 3847 2799 3886 :
2832 3828 2989 3908 quod
3018 3847 3152 3888 cum
3178 3827 3275 3890 hic
3297 3829 3601 3895 insinuare

229 3936 287 3991 τὸ
336 3917 491 4014 ἅγιον
525 3949 539 3962 '
586 3929 715 4007 ὅπερ
783 3929 869 3982 καὶ
937 3923 1171 3992 δηλῶσαι
1214 3919 1530 3997 βουλόμενος
1599 3917 1815 3974 ἐνταυθα
1845 3920 1873 3973 ὁ

1956 3919 2133 3981 vellet
2181 3925 2440 3990 sanctus,
2499 3918 2622 3978 haec
2672 3917 3011 3995 evangelica
3060 3917 3217 3979 dicta
3267 3918 3426 3982 inter
3469 3940 3602 3986 sese

231 4004 402 4102 ἅγιος,
491 4004 749 4090 ἀλλήλαις
832 4015 926 4076 τὰς
1012 4008 1355 4088 εὖαγγελικὰς
1424 4007 1616 4069 ταύτας
1675 4006 1871 4102 προσέ-

1954 4006 2349 4087 complicavit.
2385 4004 2732 4085 Quicunque
2765 4006 2926 4065 enim
2959 4023 3026 4066 ex
3063 4006 3354 4083 Patribus,
3404 4008 3596 4091 Spiri-

228 4094 396 4178 ιιτλεξε⁷
448 4111 652 4190 ῥήσεις.
716 4095 910 4167 ιὈστις
963 4101 1060 4179 γὰρ
1119 4098 1180 4155 ἄν
1235 4104 1374 4190 των-
1415 4096 1576 4174 ἆγίων
1624 4094 1869 4190 Θελήσειε

1953 4103 2076 4158 tum
2109 4115 2178 4157 ex
2207 4098 2380 4158 Patre
2415 4102 2472 4154 et
2495 4095 2641 4156 Filio
2667 4113 2798 4155 esse
2830 4105 3298 4158 commonstrare
3317 4099 3596 4179 voluerit,

226 4183 489 4280 θεολογῶν
573 4196 633 4253 ἐκ
697 4193 898 4271 Πατρὸς
967 4190 1055 4246 καὶ
1115 4185 1236 4244 Υἱοῦ
1289 4183 1538 4280 δηλῶσαι.
1597 4184 1738 4280 εἶναι
1810 4185 1868 4240 τὸ

1952 4205 2068 4247 non
2099 4185 2230 4246 aliis
2261 4203 2433 4264 quam
2475 4183 2635 4244 hiscc
2668 4183 3022 4261 evangelicis
3057 4185 3411 4248 testimoniis
3455 4209 3600 4254 usus

227 4271 459 4370 Πνεύμξα,
556 4284 716 4353 δηλοῖ
791 4282 945 4338 τούτο
1027 4277 1246 4356 μοίρτυσι
1303 4287 1424 4336 ταῖς
1494 4272 1866 4350 εὒαγγελικαϊς

1950 4272 2462 4336 demonstraverit.
2509 4271 2577 4331 Et
2606 4290 2940 4332 sermonem
2974 4272 3132 4333 hunc
3165 4293 3362 4334 meum
3399 4277 3460 4337 in
3495 4298 3597 4340 re-

228 4347 459 4443 ταύταις⁷
500 4387 705 4456 φωναῖς
761 4370 1040 4452 χρώμενος
1078 4387 1092 4402 ·
1161 4366 1258 4422 Καὶ
1314 4363 1560 4432 συστήσει
1619 4385 1707 4438 μοι
1775 4364 1865 4418 τὸν

1952 4364 2060 4425 bus
2080 4363 2296 4424 divinis
2328 4360 2753 4441 pertractandis
2780 4361 3030 4422 eximius
3047 4361 3410 4442 Epiphanius
3427 4385 3593 4429 cam-

229 4468 382 4549 λόγον
427 4441 482 4522 -ὁ
516 4441 713 4526 ,πολὺς
886 4441 1022 4549 *θεῖα
1077 4453 1401 4549 Ἐἶτιφεξνιος¹
1431 4451 1485 4507 ἐν
1529 4449 1623 4549 οἷς
1676 4449 1863 4549 λέγει’

1954 4451 2454 4533 probaverit,cum
2505 4449 2749 4510 scribit:
2782 4478 2802 4507 ι
2838 4448 3097 4530 Utraque
3130 4441 3190 4512 in
3224 4453 3464 4516 homine
3487 4457 3593 4535 ju-

235 4584 256 4615 ι
286 4537 591 4636 ’Ἁμφότερα
667 4560 908 4608 κατοικεῖ
952 4545 1045 4636 σέν
1100 4544 1177 4618 τῷ
1245 4541 1500 4636 ᾇνθρώπιμ
1553 4546 1633 4636 τῷ
1687 4538 1869 4636 δικαίῳ

1952 4549 2038 4602 sto
2071 4541 2338 4636 habitant
2368 4538 2636 4600 Christus
2679 4546 2736 4636 et
2777 4537 3030 4618 Spiritus
3062 4540 3293 4636 jpsius.
3346 4541 3512 4614 Quod
3543 4546 3593 4607 si

229 4649 256 4702 6
321 4625 546 4726 ὶίρίστὸς
613 4642 699 4697 καὶ
770 4639 831 4694 τὸ
915 4634 1128 4711 Πνεύμα
1207 4633 1384 4726 αύτου,
1442 4631 1502 4687 Εἰ
1549 4628 1602 4684 δὲ
1647 4630 1867 4726 Χριστὸς

1951 4629 2214 4691 Christus
2245 4647 2311 4689 ex
2344 4630 2518 4688 Patre
2562 4625 2826 4687 creditur
2869 4645 3021 4701 esse,
3059 4627 3216 4689 Deus
3258 4649 3327 4691 ex
3358 4631 3500 4707 Deo,
3537 4647 3593 4697 et

229 4735 285 4792 ἐκ
342 4714 438 4792 τοῦ
507 4731 710 4810 Πατρὶς
769 4727 1094 4796 πιστεύεται,
1169 4723 1295 4786 Θεὸς
1365 4720 1424 4776 ἐκ
1498 4726 1649 4797 Θεοῦ,
1697 4719 1782 4774 καὶ
1810 4719 1873 4774 τὸ

1961 4717 2212 4798 Spiritus
2258 4736 2327 4777 ex
2366 4714 2753 4810 Christo,sive
2801 4734 2869 4778 ex
2931 4725 3203 4810 utroque,
3239 4731 3301 4781 ut
3329 4722 3595 4786 Christus

229 4831 436 4904 Πνεύμα
499 4829 562 4881 ἐκ
622 4803 722 4880 ’τοῦ
796 4824 1043 4904 Χριστοῦ,
1131 4817 1166 4881 ἢ
1221 4814 1346 4893 παρ’
1405 4811 1736 4904 ἀμφοτέρων,
1802 4814 1873 4904 ᾡς

1956 4807 2256 4904 insinuat}
2291 4829 2320 4904 _¢
2355 4803 2467 4904 Qnui
2496 4821 2529 4864 a
2558 4807 2738 4904 Patre.
2781 4805 3146 4884 procedit63.
3186 4832 3206 4860 ι
3248 4817 3305 4870 et
3328 4810 3425 4872 hic
3464 4839 3486 4868 σ
3517 4813 3597 4876 de

221 4892 374 4984 φησιν
437 4919 465 4972 6
525 4912 746 4984 Χριοτὸς
782 4928 793 4939 ·
850 4936 871 4967 α
908 4897 986 4965 ”Ο
1046 4904 1185 4983 παρᾶ
1242 4910 1332 4959 τοῦ
1363 4903 1564 4981 Πατρὸς
1596 4900 1869 4978 ἐκπορεύε-

1954 4916 2087 4958 meo
2119 4893 2471 4975 accipiet“.
2511 4924 2532 4953 ι
2577 4892 2841 4984 Tandem
2875 4897 2972 4975 qui
3005 4897 3126 4958 baac
3152 4900 3449 4977 percurris
3473 4906 3597 4967 ani-

222 4979 330 5080 ιέαι,
373 5027 395 5056 ι
447 5005 560 5075 καὶ,
614 5027 636 5057 ι
668 5001 814 5064 οὗτος
857 4997 918 5053 ἐκ
973 5004 1064 5053 τοῦ
1118 4993 1246 5067 ἐμοῦ
1287 4991 1539 5067 λήψεται.
1591 5009 1613 5040 ι
1647 4989 1790 5053 Τέως
1836 4993 1863 5046 6

1953 5005 2112 5048 mum
2146 4985 2600 5058 advertito,eum
2632 4983 2732 5063 qui
2763 5002 2894 5045 cum
2930 4987 3331 5051 cardinalibus
3360 4991 3591 5053 instan—

221 5071 334 5159 τοτὲ
388 5113 639 5172 παρουσιν
684 5087 1019 5166 ἐντυγχάνων
1062 5083 1367 5160 ἐπίστησον,
1416 5085 1530 5143 πῶς
1579 5081 1606 5134 δ
1651 5078 1703 5134 ἐν
1739 5093 1860 5142 “ac:

1947 5085 2036 5137 ter
2078 5075 2253 5134 nimis
2302 5071 2690 5146 contendens,
2725 5073 2893 5148 illud,
2928 5073 3009 5136 Ex
3041 5093 3177 5138 meo
3209 5079 3480 5160 accipiet,
3512 5081 3586 5143 ad

225 5188 350 5263 πρὸς
419 5161 540 5246 ττίὺς
597 5161 968 5246 καδδηνάλῖως
1031 5171 1314 5263 διαλέξεσιν
1367 5170 1684 5263 ἐνστατικιῦς
1728 5171 1861 5228 πάνυ

1945 5165 2135 5228 Patris
2167 5180 2476 5243 personam
2511 5161 2860 5223 relationem
2903 5163 3123 5225 habere
3155 5177 3212 5228 et
3236 5187 3354 5230 non
3381 5170 3454 5231 ad
3487 5191 3585 5232 se-

226 5249 388 5351 λέγων
432 5273 514 5327 ὃτι
543 5270 629 5342 τὸ,
687 5265 784 5324 Ἐκ
824 5262 916 5321 τοῦ
971 5262 1100 5336 ἐμοῦ
1128 5259 1380 5335 λήψεται,
1415 5259 1546 5337 πρὸς
1590 5257 1650 5313 τό
1676 5279 1860 5336 πατρι-

1945 5249 2632 5351 metipsum.~.~r.::.‘endere,
2659 5249 2951 5351 dictiones
2972 5254 3197 5317 similes
3224 5261 3583 5343 pronuntiat,

228 5337 316 5418 κὸν
370 5362 487 5442 ἔχει
546 5357 829 5437 πρόσωπον
883 5353 982 5420 τὴν
1038 5349 1322 5430 ἀναφορὰν,
1369 5348 1455 5403 καὶ
1513 5345 1634 5426 οὒχὶ
1678 5347 1860 5402 ἑαυτὸν

1944 5345 2040 5404 hic
2071 5361 2139 5403 ex
2170 5341 2320 5403 Filio
2351 5337 2635 5419 Spiritum
2672 5341 2948 5422 accipere
2992 5343 3161 5406 fateri
3190 5337 3585 5428 {agnoscito-I

304 5519 366 5572 ϐΞ
396 5519 564 5584 Joan.
599 5535 700 5590 xv,
733 5514 832 5579 26.
917 5511 982 5563 6³
1010 5509 1159 5574 ibid.
1245 5507 1308 5558 64
1337 5505 1482 5569 ibid.
1517 5521 1636 5582 xvr,
1672 5507 1770 5581 l4,
1806 5507 1901 5566 15.

535 5682 795 5746 Pam!“
841 5680 955 5741 Gn.
1001 5675 1204 5738 CXLI.
3111 5670 3186 5732 16
