4180 6282
573 299 681 373 491

1677 298 1888 372 JOAN.
1936 294 2158 371 VECCI
2196 284 2311 367 GP.
2358 293 2871 368 PATRIARCHE
2922 306 2925 307 ί

3828 290 3942 366 499

573 462 689 525 que
712 462 849 506 eum
879 461 998 506 non
1029 441 1335 507 veritatem
1373 451 1713 524 exqutrere,
1741 440 1844 504 sed
1877 440 2210 503 contentio-

2313 437 2656 518 παραδεικνύει
2728 441 2756 495 6
2812 440 2908 508 τὴν
2962 438 3099 506 λέξιν
3156 440 3355 507 ταύτην
3398 441 3583 518 εἰπὼν,
3642 439 3855 497 ἐνταυθα
3884 437 3942 494 ἐκ

574 550 711 596 nem
744 550 1094 614 propagare.

1057 801 1352 881 Ejusdem
1385 818 1464 864 ea:
1493 800 1721 864 eadem.

656 886 804 952 LlX.
838 909 863 940 α
897 892 1108 955 Sancta
1140 891 1298 954 enim
1333 899 1391 954 et
1419 890 1593 954 beata
1630 889 1889 953 Trinitas
1939 889 2211 972 indivisa,

2301 534 2394 583 106
2438 531 2560 586 Υἱοῦ
2613 524 2904 603 λαμϐάνειν
2958 530 3022 584 τὸ
3066 535 3278 604 Πνεῦμα
3338 526 3615 605 ὁμολογεῖ.
3653 529 3748 584 Καὶ
3789 530 3941 605 γνῶθι

2302 616 2381 690 μὴ
2424 614 2675 686 ἀλήθειαν
2728 618 2884 674 αὐτὸν
2951 617 3220 697 ἐκζητεϊν,
3281 614 3416 675 ἀλλὰ
3472 616 3762 692 πεισμονὴν
3819 636 3938 671 συν-

2303 726 2468 775 ιστᾳν.

2889 797 2984 857 Ἐκ
3026 800 3127 866 τῆς
3172 803 3355 866 αὒτῆς.

2381 880 2512 953 NS'.
2560 917 2584 949 ι
2621 881 2685 948 Ἠ
2742 892 2843 970 γὰρ
2904 892 3027 970 ἁγία
3100 896 3188 949 καὶ
3218 892 3448 971 μακαρία
3479 893 3632 971 Τριὰς
3663 888 3942 970 ἀδιαίρετος

578 1001 605 1036 α
638 982 697 1038 et
721 975 784 1038 in
813 979 1135 1062 semetipsa
1161 982 1483 1060 conjuncta
1513 987 1691 1056 est,et
1719 999 1852 1042 cum
1876 983 2217 1043 enuntiatur

2313 979 2444 1041 [καὶ
2489 978 2743 1055 ἡνωμένη
2787 981 2918 1058 πρὸς
2963 981 3157 1048 ἑαυτὴν
3208 983 3343 1055 εστι,
3391 982 3477 1037 καὶ
3533 979 3820 1058 λεγομένου
3859 988 3946 1037 τοὺ

577 1081 604 1116 ε
640 1064 837 1143 Pater,
866 1068 1041 1133 adest
1069 1069 1248 1132 etiam
1281 1069 1440 1131 illius
1465 1069 1816 1151 Verbum,et
1844 1069 1945 1149 qui
1983 1068 2043 1130 in
2067 1067 2214 1131 Filio

2313 1069 2581 1146 ιΠατρὸς,
2643 1069 2893 1147 πρόσεστι
2938 1071 3026 1125 καὶ
3067 1071 3096 1125 6
3153 1069 3337 1125 τούτου
3396 1069 3586 1147 Λόγος,
3647 1070 3735 1124 καὶ
3778 1069 3839 1124 16
3894 1068 3945 1123 ἐν

578 1182 601 1213 α
639 1161 728 1217 est
755 1156 1033 1237 Spiritus.
1060 1160 1205 1223 Cum
1229 1177 1375 1222 vero
1405 1159 1747 1221 nominatur
1766 1158 2044 1233 Filius,in
2065 1157 2214 1221 Filio

2313 1182 2328 1212 l
2360 1160 2438 1231 τῴ
2496 1159 2600 1231 Υἱῷ
2655 1159 2889 1233 Πνεῦμα.
2949 1156 3073 1218 Ἐὰν
3116 1155 3168 1213 δὲ
3225 1157 3312 1213 καὶ
3355 1160 3382 1214 6
3437 1159 3553 1220 Υἱὸς
3598 1157 3940 1231 ὀνομάζηται,

584 1272 607 1304 ι
638 1246 814 1331 Pater
841 1254 954 1328 est,
1006 1255 1064 1311 et
1111 1247 1369 1331 Spiritus
1414 1256 1578 1312 extra
1626 1247 1888 1311 Verbum
1937 1266 2055 1310 non
2101 1255 2213 1311 est.

584 1358 607 1389 ι
638 1330 767 1395 Una
793 1335 1087 1416 siquidem
1122 1330 1213 1400 est
1242 1337 1434 1401 Patris
1467 1336 1673 1418 gratia,
1704 1354 1835 1418 quae
1864 1355 1969 1418 per
2000 1335 2214 1399 Filium

585 1450 609 1481 ι
640 1420 701 1482 in
727 1422 954 1504 Spiritu
984 1433 1189 1489 sancto
1215 1427 1570 1507 completur.
1609 1447 1635 1481 ι

1141 1518 1630 1582 Αηίπιαὰυενεὶο.

660 1633 685 1667 ε
718 1607 1020 1674 Advertito
1050 1611 1148 1674 hic
1178 1611 1319 1693 dici,
1344 1611 1581 1692 injFilio
1607 1610 1915 1693 Spiritum,
1959 1629 2077 1673 non
2109 1628 2215 1672 au-

585 1723 608 1754 ι
644 1704 760 1758 tem
793 1715 862 1760 ex
888 1698 1061 1764 Filio.

1211 1792 1555 1873 Refutatio.

657 1884 725 1945 In
749 1882 875 1962 jam
906 1885 1097 1965 posita
1128 1886 1411 1968 pericope
1462 1885 1750 1968 Spiritum
1797 1886 1859 1947 in
1898 1883 2072 1965 Filio,
2106 1901 2223 1945 non

579 1977 774 2032 autem
806 1990 878 2034 ex
910 1972 1061 2035 Filio
1091 1974 1211 2037 dici
1239 1974 1526 2057 Spiritum
1579 1974 2094 2037 animadversione
2128 1980 2225 2033 tua

578 2066 766 2135 notas,
799 2079 931 2142 quae
951 2080 1088 2125 vero
1118 2063 1178 2125 in
1211 2082 1280 2126 ea
1311 2071 1404 2127 est
1455 2063 1820 2127 admirabilis
1869 2061 2218 2142 complexio,

591 2154 652 2208 et
682 2156 911 2210 tantum
942 2169 1086 2226 non,
1118 2160 1182 2213 ut
1213 2152 1329 2214 tuis
1377 2160 1509 2215 utar
1550 2152 1769 2224 verbis,
1823 2151 2221 2231 syllogismus,

579 2252 869 2316 apparere
899 2258 1008 2320 per
1036 2240 1248 2302 Filium
1279 2241 1567 2322 Spiritum
1615 2240 1774 2304 Patri
1815 2240 2221 2320 conjunctum,

582 2332 861 2405 tanquam
910 2328 1008 2409 qui
1061 2347 1170 2408 per
1222 2330 1440 2392 Filium
1477 2350 1548 2393 ex
1575 2333 1749 2393 Patre
1781 2328 2027 2403 exsistit,
2065 2325 2225 2387 unde

582 2420 641 2474 et
689 2412 878 2477 beatae
937 2415 1245 2481 Trinitatis
1300 2427 1571 2482 naturam
1619 2418 1933 2480 indivisam
1988 2424 2225 2478 sanctus

582 2500 1111 2587 colligit,tanquam
1146 2507 1307 2570 nulla
1336 2506 1849 2569 animadversione
1875 2505 2056 2585 digna
2078 2523 2226 2586 prae-

585 2589 751 2652 teris.

1064 2688 1167 2751 Ea:
1193 2689 1405 2752 eadem
1433 2688 1738 2771 Epistola.

667 2772 784 2837 LX.
827 2805 848 2836 ι
875 2775 1385 2849 Quemadmodum
1410 2779 1569 2840 enim
1600 2776 1807 2852 Filius,
1841 2776 1943 2858 qui
1974 2778 2033 2839 in
2048 2778 2221 2839 Patre

592 2882 614 2912 ε
646 2870 755 2937 est,
809 2872 868 2925 et
917 2863 980 2925 in
1029 2885 1146 2947 quo
1176 2869 1353 2930 Pater
1381 2874 1491 2947 est,
1526 2885 1645 2929 non
1674 2875 1761 2929 est
1791 2874 2084 2940 creatura,
2116 2862 2220 2925 sed

598 2972 621 3002 ι
655 2959 915 3033 paternae
959 2954 1237 3016 essentia
1280 2958 1578 3036 proprius,
1612 2956 1725 3018 hoc
1760 2956 1920 3018 enim
1945 2971 2046 3016 vos
2074 2972 2227 3034 quo-

2307 1271 2330 1303 α
2358 1248 2415 1302 ἓν
2442 1253 2519 1321 τῷ
2578 1249 2684 1321 Υἱῷ
2710 1249 2801 1302 εστ
2814 1270 2857 1303 ιν
2912 1248 2939 1302 6
2990 1247 3196 1327 Πατὴρ,
3229 1247 3315 1302 καὶ
3345 1248 3406 1302 τὸ
3436 1253 3647 1321 Πνεῦμα
3690 1248 3784 1304 οὐκ
3811 1244 3945 1302 ’ἐστιν

2303 1361 2329 1396 ς
2361 1334 2513 1398 ἐκτὸς
2567 1341 2660 1391 106
2714 1335 2907 1412 Λόγου.
2965 1334 3068 1391 Μία
3110 1336 3209 1413 γὰρ
3268 1334 3411 1391 ἐστιν
3451 1337 3486 1403 ἡ
3528 1337 3593 1390 ἒκ
3630 1341 3722 1391 τοῦ
3750 1334 3947 1413 Πατρὸς

2307 1447 2328 1479 ι
2362 1423 2521 1503 χάρις
2563 1420 2632 1478 δι’
2670 1424 2791 1479 Υἱοῦ
2814 1421 2868 1477 ἐν
2902 1422 3163 1497 Ιινεῦματι
3195 1423 3327 1500 ἁγίῳ
3369 1421 3734 1502 πληρουμένη.
3770 1444 3793 1473 ι

2954 1512 3293 1575 Ἐπιστασὶα.

2388 1632 2411 1665 ι
2446 1594 2615 1685 ”Ορα,
2662 1612 2776 1669 πῶς
2820 1607 2881 1662 τὸ
2925 1605 2978 1663 ἐν
3006 1612 3083 1678 τῷ
3123 1608 3227 1679 Υἱῷ
3270 1604 3416 1683 λέγει
3447 1613 3679 1681 Πνεῇμα²
3742 1610 3803 1664 06
3844 1606 3950 1680 μὴν

2311 1717 2333 1748 ι
2360 1694 2420 1751 16
2453 1697 2515 1751 ὲκ
2556 1702 2646 1752 106
2687 1697 2832 1756 Υἱοῦ.
2884 1720 2907 1749 ι

2944 1787 3296 1867 Ἀντίῤῥησις,

2389 1869 2426 1892 ι.
2620 1881 2635 1901 ‘
2887 1887 2914 1897 κ
3058 1889 3084 1899 ηρ
3330 1883 3341 1899 ε
3587 1884 3611 1895 υ
3744 1890 3766 1899 η
3808 1881 3823 1896 Ω
3925 1888 3945 1898 ν

2426 1889 2518 1939 Οτι
2575 1903 2673 1955 μεν
2729 1880 2782 1938 ἐν
2847 1904 2924 1955 τῳ
2989 1885 3116 1956 Υἱῳ,
3174 1885 3234 1940 0’)
3280 1906 3387 1958 μην
3419 1880 3479 1937 ἐκ
3520 1904 3613 1938 του
3653 1885 3773 1939 Υἱου
3804 1904 3859 1937 εν
3887 1904 3953 1957 τῃ

2309 1966 2523 2046 ῥηθείσῃ
2580 1975 2846 2048 περικοπῇ
2902 1969 3047 2048 λέγει
3106 1973 3133 2026 6
3187 1970 3338 2048 ἅγιος
3368 1972 3428 2027 16
3458 1977 3694 2047 Πνεῦμα,
3738 1971 3952 2027 ἐπιστα-

2309 2057 2423 2122 σίας
2453 2056 2621 2122 ἆξιοϊς
2657 2073 2670 2086 ⁸
2707 2056 2788 2114 ὅτι
2832 2056 2885 2113 δὲ
2927 2060 2989 2114 ἐκ
3044 2058 3138 2125 τῆς
3184 2058 3239 2114 ἐν
3288 2061 3422 2135 αὗτῇ
3472 2060 3757 2133 θαυμασίας
3815 2058 3951 2115 πλο-

2305 2150 2430 2225 κῆς,
2490 2148 2577 2202 καὶ
2629 2154 2740 2216 τοῦ,
2777 2146 2896 2203 οἶον
2941 2149 3077 2203 κατὰ
3133 2147 3212 2220 σὲ,
3247 2149 3334 2204 καὶ
3363 2147 3520 2204 πάλιν
3552 2150 3721 2205 εἰπεῖν
3763 2148 3954 2206 συλλο-

2308 2243 2519 2313 γισμοῦ,
2579 2236 2912 2318 ἀναφαίνεται
2970 2236 3052 2293 διὰ
3108 2246 3200 2295 τοῦ
3257 2241 3376 2295 Υἱοῦ
3424 2241 3486 2295 16
3529 2246 3740 2315 Πνεῦμα
3788 2263 3949 2297 σανα-

2304 2324 2565 2401 πτόμενον
2598 2333 2673 2399 τῷ
2730 2327 2912 2404 Πατρὶ,
2959 2329 3031 2389 ὡς
3075 2324 3158 2382 διὰ
3199 2327 3289 2383 τοῧ
3348 2330 3465 2384 Pio-3
3493 2330 3731 2408 ὑπάρχον
3758 2329 3823 2386 ἐκ
3864 2337 3954 2386 τοῦ

2305 2416 2532 2492 Πατρὸς,
2568 2414 2755 2470 ὁπόθεν
2827 2416 2915 2469 καὶ
2958 2416 3019 2470 τὸ
3067 2419 3167 2481 τῆς
3215 2418 3472 2494 μακαρίας
3516 2414 3731 2495 Τριάδος
3777 2415 3951 2474 ἀδιαί-

2304 2523 2454 2581 ρετον
2509 2504 2537 2558 6
2578 2502 2729 2580 ἅγιος
2774 2505 2914 2558 εἶναι
2960 2499 3247 2576 δεδήλωκε,
3280 2505 3431 2560 τούτο
3460 2502 3706 2580 οὐδεμιᾶς
3738 2505 3956 2563 ἐπιστα-

2304 2591 2418 2656 σίας
2452 2588 2639 2656 ἀξιοῖς.

2893 2681 2989 2743 Ἐκ
3030 2690 3130 2753 τῆς
3174 2688 3363 2753 αὐτῆς.

2384 2766 2480 2841 Ξ’.
2515 2800 2541 2835 ε
2578 2768 2794 2858 υδὶσπιερ
2822 2780 2921 2858 γὰρ
2965 2782 2992 2836 ὁ
3061 2781 3203 2859 Υἱὸς,
3238 2783 3265 2836 6
3296 2779 3348 2835 ἐν
3381 2787 3459 2856 τῷ
3503 2785 3663 2862 Πατρὶ
3692 2784 3795 2860 ὢν,
3831 2784 3884 2842 ἰν
3914 2789 3957 2860 ᾧ

2312 2889 2335 2921 ι
2368 2871 2455 2927 καὶ
2483 2872 2513 2926 6
2540 2870 2720 2948 Πατὴρ
2760 2872 2927 2950 ἔστιν,
2986 2871 3082 2928 οὔκ
3127 2871 3236 2928 ἔστι
3284 2873 3502 2948 κτίσμα,
3536 2873 3657 2932 ἀλλ’
3687 2875 3829 2942 ἴδιος
3859 2882 3953 2946 τῆς

2316 2983 2342 3018 ε
2370 2965 2464 3016 τοῦ
2491 2960 2693 3038 Πατρὶς
2746 2959 2922 3025 οὒσίας
2955 3005 2969 3020 .
3038 2961 3193 3018 10610
3234 2962 3334 3041 γὰρ
3376 2963 3463 3019 καὶ
3490 2964 3645 3039 ὑμεῖς
3688 2988 3955 3045 προσποιο

586 3058 611 3089 α
647 3060 764 3124 que
797 3041 1555 3137 affirmare-dissimulatis;
1589 3044 1733 3137 pari
1744 3044 1921 3137 modo
1943 3051 2001 3105 et
2030 3042 2224 3123 Spiri-

2318 3076 2342 3107 ι
2373 3051 2515 3106 ετσθε
2550 3048 2731 3128 λέγειν
2763 3066 2778 3081 ·
2813 3049 2950 3107 οὕτω
2989 3053 3077 3108 καὶ
3129 3053 3191 3107 16
3239 3052 3452 3128 Πνεύμα
3492 3055 3553 3109 16
3582 3053 3635 3111 ἐν
3680 3041 3756 3131 τῷ
3831 3062 3952 3137 figi,

593 3159 615 3191 ε
644 3113 764 3207 tus,
800 3131 986 3213 quiin
1023 3131 1171 3196 Filio
1204 3141 1382 3207 est,et
1412 3133 1473 3194 in
1504 3113 1620 3213 qui)
1648 3132 1833 3195 Filius
1851 3141 1962 3209 est,
1995 3113 2114 3193 non
2138 3139 2224 3194 est

2313 3161 2339 3198 ι
2371 3138 2425 3195 ἐν
2451 3140 2498 3212 ᾧ
2538 3113 2683 3195 καὶιὸ
2748 3140 2867 3204 Υἱὸς
2924 3140 3088 3214 ἐστιν,
3122 3140 3180 3198 o6
3208 3140 3356 3217 θέμις
3376 3113 3521 3206 ’τοῖς
3544 3113 3797 3220 κτίσμασι

586 3240 612 3273 α
646 3223 734 3285 fas
761 3238 897 3287 cum
930 3221 1219 3285 creaturis
1247 3222 1548 3288 collocari.
1590 3240 1616 3274 ν

1185 3318 1666 3381 Animadversio.

598 3490 631 3500 _
682 3432 705 3464 α
738 3411 1070 3474 Prudenter
1098 3411 1251 3473 banc
1283 3411 1623 3492 pericopem
1664 3410 2061 3500 considerato,
2091 3427 2232 3500 ver-

598 3498 625 3555 ῐ
654 3518 786 3562 rum
821 3501 979 3563 enim
1028 3519 1230 3563 ausam
1262 3500 1367 3562 tibi
1399 3511 1638 3563 sanctus
1692 3499 1973 3562 exhibere
2022 3498 2231 3560 nolens

591 3619 614 3650 ι
648 3607 784 3651 cum
814 3592 1020 3651 scribit
1068 3587 1350 3671 Spiritum
1405 3589 1585 3651 etiam
1634 3589 1696 3650 in
1747 3588 1894 3651 Filio
1945 3605 2077 3650 esse
2121 3604 2226 3667 per

586 3700 618 3735 ι(
649 3676 866 3757 ipsum,
894 3687 954 3739 et
983 3697 1051 3741 ex
1074 3679 1201 3759 ipso
1246 3696 1377 3740 esse
1424 3678 1684 3754 dicendi,
1719 3677 2026 3757 subjunxit
2050 3677 2222 3738 etiam

589 3795 613 3827 ι
649 3767 724 3827 de
758 3766 927 3841 Filio,
958 3773 1148 3848 inquo
1172 3776 1281 3843 est,
1318 3766 1376 3826 in
1402 3764 1625 3847 Spiritu
1652 3764 2045 3846 nempe,nihil
2065 3764 2226 3826 aliud

591 3884 612 3913 ι
646 3853 871 3915 ibidem
923 3855 1243 3916 ostendens
1293 3855 1405 3916 nisi
1466 3856 1807 3931 essentiam,
1837 3862 2228 3933 naturamque

591 3971 613 4001 ει
646 3941 980 4005 indivisam.
1016 3943 1140 4006 Hoc
1163 3945 1321 4006 enim
1354 3943 1544 4024 ipsum
1579 3950 1636 4004 et
1665 3942 1740 4005 de
1768 3944 1943 4005 Patre
1983 3950 2037 4004 et
2080 3940 2230 4004 Filio

593 4053 617 4089 ιι
656 4039 831 4093 antea
862 4033 1280 4095 insinuaverat.

595 4203 634 4223 ν
682 4221 720 4223 γ-
993 4220 1003 4223 _
1272 4128 1602 4223 Ile/utalia.

671 4221 928 4281 Mutuam
989 4220 1147 4282 inter
1207 4238 1273 4283 se
1334 4222 1738 4302 hypostaseon
1800 4219 2232 4297 circummgra-

2314 3251 2340 3283 α
2370 3227 2604 3285 τάσσειν.
2643 3247 2669 3282 ι

2969 3322 3301 3382 Ἐπιστασία.

2401 3444 2425 3475 α
2459 3421 2698 3480 Συνετῶς
2753 3414 3038 3483 ἐπίστησον
3087 3422 3154 3493 τῇ
3183 3424 3447 3495 περικοπῇ
3473 3420 3659 3495 ταύτῃ.
3698 3410 3829 3478 u[vat
3856 3422 3951 3501 γὰρ

2319 3523 2344 3563 α
2380 3503 2458 3580 μὴ
2500 3502 2676 3582 λόγων
2704 3500 2869 3568 λαϐὰς
2916 3506 2944 3561 6
2971 3504 3120 3583 ἅγιος
3162 3503 3317 3562 δώσει
3348 3529 3429 3564 σοι
3460 3508 3621 3565 εἰπὼν
3649 3509 3712 3565 16
3742 3500 3953 3586 Πνεῦμα

2310 3618 2337 3655 ι
2368 3593 2457 3649 καὶ
2484 3591 2538 3647 ἐν
2567 3597 2644 3666 τῷ
2701 3595 2807 3667 Υἱῷ
2875 3593 3042 3673 εἶναι,
3114 3596 3185 3658 ὡς
3256 3593 3341 3650 διὰ
3392 3595 3544 3654 τούτο
3598 3598 3686 3654 καὶ
3716 3596 3768 3664 ἐξ
3800 3599 3955 3656 αὐτοῦ

2315 3705 2339 3738 σ
2373 3681 2514 3738 εἶναι
2570 3679 2743 3760 λέγειν
2800 3704 2880 3752 σε,
2961 3682 3200 3761 ἐπήγαγε
3261 3685 3349 3740 καὶ
3408 3686 3525 3764 περὶ
3567 3694 3658 3743 τοῦ
3700 3691 3827 3744 ι’ἱοῦ
3868 3690 3950 3761 16,

2319 3792 2341 3823 ι
2375 3769 2428 3826 ἐν
2482 3773 2527 3843 ᾧ
2581 3772 2747 3850 ἔστιν,
2791 3770 2953 3850 ἤγουν
3014 3771 3067 3828 ἐν
3121 3778 3198 3847 τῷ
3253 3774 3516 3849 Πνεύματι
3574 3773 3720 3831 οὐδὲν
3776 3775 3952 3856 ἕτερον

2318 3857 2605 3916 «ἐντεῦθεν
2673 3856 2872 3923 δεικνὺς
2953 3861 2989 3928 ἢ
3057 3862 3118 3917 τὸ
3179 3867 3278 3929 τῆς
3351 3862 3526 3928 οὐσίας
3580 3864 3668 3920 καὶ
3749 3866 3951 3944 φύσεως

2317 3972 2339 4003 ι
2375 3945 2684 4027 ἀδιαίρετον,
2771 3950 2842 4007 T6
2901 3951 3027 4007 0.616
3096 3951 3195 4030 γὰρ
3262 3952 3351 4008 καὶ
3411 3954 3527 4031 περὶ
3598 3956 3804 4033 Πατρὸς
3869 3954 3953 4011 καὶ

2320 4062 2341 4091 ι
2375 4038 2495 4092 1⁸ἱοῦ
2526 4034 2762 4115 εἴρηκεν.
2801 4060 2822 4089 ι

2955 4129 3305 4210 Ἀντίῤῥησις.

2397 4211 2526 4280 εὈτι
2582 4224 2681 4299 μὲν
2723 4225 2820 4292 τὴν
2849 4225 2903 4282 ἐν
2959 4223 3216 4296 ἀλλήλαις
3258 4230 3363 4282 τῶν
3404 4227 3743 4285 ὑποστάσεων
3800 4250 3953 4307 περι-

587 4308 834 4386 tionem,
870 4319 926 4371 et
956 4310 1112 4391 quod
1143 4309 1285 4372 inde
1335 4310 1604 4389 sequitur
1653 4306 1971 4369 indivisum
2014 4323 2224 4368 essen—

2313 4311 2581 4391 χώρησιν,
2640 4314 2728 4369 καὶ
2770 4315 2830 4370 τὸ
2885 4313 3112 4372 ἐντεῦθεν
3170 4313 3456 4394 ἀδιαίρετον
3510 4322 3610 4384 τῆς
3636 4319 3814 4381 οὐσίας
3867 4306 3949 4374 καὶ

588 4396 682 4459 tiae
732 4417 799 4460 ac
855 4407 1082 4461 naturae
1110 4408 1378 4461 sanctum
1424 4398 1721 4460 iudicasse
1778 4395 1975 4475 exiis,
2006 4396 2224 4487 quain

2313 4401 2515 4481 φύσεως
2558 4404 2586 4457 6
2636 4402 2784 4480 ἅγιος
2815 4402 3211 4484 παρεδήλωσεν,
3255 4404 3360 4461 ἀπὸ
3407 4412 3514 4461 τῶν
3561 4406 3950 4487 ἐμπεριειλημ-

587 4487 746 4550 dicta
777 4489 1058 4570 pericope
1108 4492 1512 4563 continentur,
1547 4485 1925 4549 manifestum
1957 4468 2066 4549 est.
2103 4481 2224 4546 Ve-

2313 4468 2483 4566 μένων
2539 4496 2607 4567 τῇ
2659 4468 2872 4571 ρλιθείσῃ
2893 4468 2903 4484 ’
2928 4468 3210 4572 περικοπῇ,
3240 4492 3503 4571 πρόδηλόν
3534 4468 3675 4551 ἐστιν
3700 4468 3724 4528 ι’
3759 4500 3820 4555 o6
3850 4468 3953 4571 μὴν

586 4584 921 4639 rumtamen
955 4596 1074 4638 non
1104 4595 1174 4639 eo
1205 4576 1367 4656 quod
1401 4585 1459 4638 tu
1481 4576 1628 4639 dicis
1651 4594 1832 4664 scopo
1862 4573 2018 4664 dicta
2045 4590 2224 4634 enun-

2313 4576 2365 4634 δὲ
2405 4578 2473 4634 τὰ
2528 4578 2752 4656 ῥηθέντα
2780 4583 2808 4638 6
2850 4581 3002 4659 ἅγιος
3031 4581 3156 4663 ἔφη³
3216 4581 3332 4657 ἵνα,
3375 4584 3450 4647 ὠς
3506 4584 3568 4639 σὺ
3610 4584 3742 4664 φῄς,
3776 4587 3852 4661 μή
3876 4604 3952 4646 τις

591 4664 777 4739 tiavit,
811 4684 887 4727 ne
912 4666 1046 4747 quis
1066 4666 1470 4747 suspicaretur
1493 4684 1562 4727 ex
1585 4663 1733 4726 Filio
1757 4682 1888 4725 esse
1918 4662 2224 4743 Spiritum,

2313 4667 2550 4736 οἰήσαιτο
2592 4667 2652 4723 ἐκ
2705 4676 2797 4726 τοῦ
2856 4671 2971 4727 ι’ἱοῦ
3011 4662 3151 4727 εἶναι
3194 4671 3255 4727 16
3303 4678 3513 4747 Πνεῦμα
3576 4662 3660 4728 3ιᾶ
3706 4675 3769 4729 16
3799 4674 3852 4729 ἐν
3882 4678 3955 4746 τῷ

590 4752 750 4834 quod
780 4753 841 4815 in
884 4753 1036 4819 Filio
1084 4755 1338 4835 Spiritus
1369 4762 1547 4818 esset.
1600 4753 1741 4826 Quae
1785 4753 1944 4815 enim
1978 4770 2047 4813 ex
2079 4749 2224 4812 Filio

2314 4758 2418 4830 ι’ἱῷ
2473 4756 2615 4812 εἶναι
2671 4757 2796 4815 αὐτό
2830 4777 2843 4789 ⁸
2879 4761 2927 4817 οἷ
2955 4760 3054 4837 γὰρ
3096 4759 3155 4816 ἐκ
3195 4767 3288 4817 106
3320 4763 3439 4817 1⁸ἷοῦ
3467 4758 3765 4825 δεικνύντες
3798 4762 3953 4838 ὑπάρ-

589 4842 875 4925 Spiritum
911 4861 1044 4906 esse
1072 4844 1334 4906 rationes
1362 4844 1799 4916 demonstrant,
1830 4859 1948 4902 non
1980 4841 2039 4900 in
2075 4857 2224 4930 prae-

2313 4865 2434 4924 χειν
2505 4846 2630 4902 αὐτὸ
2673 4844 2827 4925 λόγοι
2887 4851 2982 4905 οὒκ
3023 4850 3096 4912 εἷς
3137 4849 3234 4916 τὴν
3268 4848 3326 4905 ἐκ
3380 4848 3733 4929 περιέστησαν
3761 4849 3948 4930 πρόθε-

592 4932 884 5012 positione
913 4950 988 4996 ea:
1015 4932 1478 5008 subsistunt,sed
1507 4931 1648 4994 inde
1677 4931 1862 4993 robur
1906 4928 2224 5009 accipiunt.

2315 4956 2418 5013 σιν,
2466 4931 2583 4990 ἀλλ’
2628 4934 2828 4993 ἐκεῖθεν
2882 4937 2980 5005 τὴν
3034 4938 3191 5017 ἰσχὺν
3248 4928 3487 5018 ἔχουσιν,
3534 4938 3648 4995 ὅθεν
3703 4928 3955 5001 ποΛλάκις

594 5022 756 5083 unde
806 5039 918 5085 nos
967 5022 1158 5104 palam
1207 5033 1535 5104 aperteque
1591 5019 1806 5101 saepius
1852 5018 2224 5081 demonstra-

2315 5028 2557 5104 καθαρῶς
2589 5025 2950 5104 ἀπεδείξαμεν,

589 5126 805 5176 rimus.

1073 5204 1369 5286 Ejusdem
1399 5223 1477 5268 ex
1504 5205 1741 5267 eadem.

676 5295 819 5360 LXI.
858 5319 881 5350 α
913 5295 1165 5378 Spiritus
1194 5306 1433 5362 sanctus
1481 5316 1723 5380 semper
1766 5297 1926 5361 idem
1960 5306 2051 5359 est
2080 5314 2094 5359 :
2123 5315 2224 5359 ne-

2400 5292 2541 5364 ΞΑ’.
2587 5327 2611 5361 ε
2648 5307 2719 5364 Τὸ
2779 5313 2991 5384 Πνεῦμα
3018 5310 3079 5365 16
3108 5308 3260 5384 ἅγιον
3303 5307 3383 5364 ἀεὶ
3411 5308 3472 5363 τὰ
3527 5309 3654 5367 αὐτὸ
3681 5308 3822 5366 ἐστιν
3856 5328 3869 5342 ·
3903 5310 3961 5365 06

604 5414 624 5445 ι
657 5403 773 5467 que
804 5386 961 5448 enim
996 5394 1085 5448 est
1114 5405 1184 5449 ex
1214 5389 1724 5469 participantibus,
1758 5387 1864 5450 sed
1907 5387 2064 5449 illius
2096 5385 2224 5448 uni-

2327 5420 2349 5449 ι
2380 5393 2479 5472 γὰρ
2520 5400 2626 5449 τῶν
2682 5397 3021 5475 μετεχόντων
3062 5397 3224 5475 ἐστὶν,
3293 5394 3412 5453 ἀλλ’
3483 5398 3639 5454 αὐτου
3680 5398 3748 5454 τὰ
3789 5397 3955 5454 πάντα

604 5504 626 5535 α
657 5492 826 5537 versa
851 5475 1229 5557 participant.
1263 5478 1429 5550 Quod
1463 5480 1513 5539 si
1545 5478 1598 5539 is
1628 5496 1867 5558 semper
1893 5475 2053 5539 idem
2072 5483 2160 5537 est
2180 5484 2224 5537 et

2327 5507 2349 5538 ι
2383 5480 2624 5560 μετέχει.
2701 5485 2757 5541 Et
2812 5482 2868 5540 δὲ
2919 5486 3073 5542 τούτο
3146 5483 3265 5559 μὲν,
3322 5483 3405 5541 ἀεὶ
3461 5485 3525 5541 16
3581 5486 3707 5542 αὐτὸ
3736 5484 3843 5541 ἐστι
3875 5483 3959 5540 καὶ

603 5587 626 5619 σ
661 5563 1394 5653 participatum,creaturaa
1408 5585 1548 5629 vero
1562 5567 1724 5649 illius
1737 5565 2224 5649 participant,non

2321 5594 2348 5629 ε
2382 5573 2656 5645 μεθεκτὸν,
2725 5574 2792 5629 τὰ
2832 5571 2887 5630 δὲ
2947 5574 3209 5650 κτίσματα
3266 5572 3568 5653 μετέχοντα
3596 5573 3738 5632 ἐστιν
3780 5573 3935 5630 αὐτοῦ

606 5677 627 5707 ι
662 5654 774 5717 erit
805 5652 1060 5736 Spiritus
1093 5662 1354 5730 sanctus,
1389 5676 1581 5738 neque
1607 5657 2074 5736 angelusmeque
2089 5656 2236 5715 Ver-

2779 5218 2881 5269 Τοῦ
2914 5213 3072 5271 αἱ)τοῦ
3113 5211 3172 5269 ἐκ
3201 5216 3300 5279 τῆς
3332 5216 3517 5279 αὐτῆς.

3939 5618 3956 5651 θ

2326 5680 2345 5710 ι
2378 5659 2470 5716 οὒκ
2542 5659 2601 5715 ἄν
2653 5660 2741 5728 εἷ’-ί,
2803 5664 2861 5717 :6
2906 5663 3116 5739 Πνεῦμα
3144 5663 3204 5718 16
3251 5662 3399 5741 ἅγιον
3426 5661 3545 5718 οὕτε
3576 5661 3800 5742 ἅγγελος
3842 5662 3955 5718 οὔτε
