4180 6282
253 376 358 444 493

1262 384 1344 448 ΙΝ
1388 380 1782 446 CAMATERI
1821 376 2571 445 ANIMADVERSIONES.

3491 377 3614 443 494

258 536 278 565 ι
310 513 496 594 Λόγος,
556 513 677 572 ἀλλ’
752 514 894 573 ἴδιον
970 526 1062 576 τοῦ
1135 518 1327 596 Λόγου,
1373 537 1477 595 παρ
1518 516 1576 572 οὗ
1617 512 1884 589 διδόμενον

1981 539 1998 569 ι
2031 512 2196 588 hum,
2229 514 2331 574 sed
2362 514 2637 594 proprius
2666 512 2872 592 Verbi,
2907 532 2941 576 a
2969 532 3085 595 quo
3116 512 3288 575 datus
3315 531 3350 576 a
3376 520 3607 576 creatu-

258 622 278 652 α
305 602 586 684 μετέχεται
629 605 773 684 παρὰ
811 606 917 662 τῶν
984 606 1309 681 κτίσματων,
1348 626 1370 658 ι

886 692 1222 755 Ἐπιστασία.

331 806 349 835 ι
384 782 660 862 Πρόσσχες
711 789 781 860 τῇ
833 787 1111 860 θαυμαστῇ
1168 791 1262 840 τοῦ
1292 783 1439 861 ἁγίου
1481 778 1737 855 ἀκριϐείᾳ,
1771 785 1883 843 πῶς

259 893 278 922 ι
307 867 418 926 ἔνθα
473 871 574 948 τῂν
631 873 773 949 παρὰ
864 872 1107 952 πρόθεσιν
1186 871 1269 928 ἐπὶ
1335 878 1427 928 τοῦ
1488 871 1606 925 Υίοῦ
1663 868 1880 944 τέθεικε,

261 976 281 1005 ι
310 956 575 1034 διδόμενον
604 964 727 1017 εἷπε
756 963 818 1017 τὸ
860 968 1096 1038 Πνεῦμα.
1131 982 1155 1013 ι

903 1137 1252 1217 Ἀντίρῥησιςο

327 1217 386 1284 Ἠ
438 1229 715 1303 θαυμαστὴ
761 1238 856 1288 τοῦ
911 1228 1062 1306 ἁγίου
1104 1226 1342 1307 ἆκριόεια
1398 1223 1581 1281 εἰδέναι
1634 1244 1693 1280 σε
1749 1221 1887 1279 θέλει

250 1312 316 1375 ὡς
369 1314 431 1369 τὸ
498 1315 643 1393 παρᾶ
698 1323 790 1372 τοῦ
848 1318 969 1372 Υἱοῦ
1035 1312 1304 1390 διδόμενον
1365 1320 1573 1388 Πνεῦμα
1631 1313 1704 1374 ὡς
1746 1310 1888 1389 παρὰ

250 1416 333 1466 τοῦ
369 1408 488 1464 Υἱοῦ
515 1408 758 1487 ὑπάρχον
788 1406 983 1465 διδοται
1027 1406 1150 1487 παρ’
1182 1411 1358 1468 αὐτοῦ.

848 1586 941 1645 Ἐκ
972 1586 1072 1654 τῆς
1100 1589 1285 1653 αὐτῆς.

324 1665 456 1734 ΞΒ’.
509 1699 534 1730 σ
572 1667 631 1732 Ἀ
688 1678 787 1757 γὰρ
842 1676 902 1732 τὰ
946 1681 1157 1751 Πνεῖμα
1189 1675 1393 1748 ἐκᾶστῳ
1448 1672 1668 1752 διαιρεῖ,
1727 1672 1887 1728 ταύτα

259 1791 278 1820 ι
308 1763 445 1842 παρὰ
510 1766 604 1821 τοῦ
682 1767 885 1845 Πατρὸς
969 1762 1053 1820 διὰ
1135 1767 1226 1820 τοεῖ
1300 1766 1471 1840 Λόγου
1540 1773 1884 1842 χορηγετται.

1972 630 1994 660 (ι
2030 600 2112 662 ris
2144 601 2547 682 participatur.
2578 620 2603 656 ›

2530 692 3022 755 Animadversio.

2056 813 2075 839 ι
2113 783 2419 845 Attendito
2437 782 2849 845 admirabilem
2875 784 3345 867 exquisitamque
3364 786 3614 866 hujusce

1971 888 1998 923 ι
2033 870 2224 932 sancti
2276 871 2335 933 in
2387 873 2500 934 bac
2551 891 2619 935 re
2659 873 3048 954 exprimenda
3078 874 3467 955 diligentiam.
3501 874 3615 938 Ubi

1974 984 2001 1015 α
2034 961 2192 1021 enim
2227 962 2711 1043 prepositionem
2741 981 2823 1026 ea:
2850 963 3141 1045 apposuit,
3168 964 3297 1027 dari
3327 963 3609 1046 Spiritum

1975 1076 1996 1106 ε
2031 1049 2200 1111 dixit.
2240 1081 2263 1113 υ

2608 1140 2949 1220 Refutatio.

2049 1228 2440 1291 Admirabilis
2469 1237 2645 1310 atque
2675 1240 2953 1292 accurata
2999 1231 3188 1293 sancti
3216 1231 3278 1293 in
3309 1249 3376 1296 re
3410 1233 3613 1313 expri-

1970 1317 2186 1378 menda
2214 1317 2538 1396 diligentia,
2569 1319 2625 1381 id
2664 1338 2699 1381 a
2726 1327 2785 1382 te
2814 1339 2933 1382 non
2983 1319 3245 1398 ignorari
3293 1322 3439 1396 vult,
3469 1322 3611 1403 Spi-

1968 1405 2173 1481 ritum,
2236 1405 2337 1486 qui
2383 1426 2417 1468 a
2460 1407 2609 1469 Filio
2660 1407 2853 1485 datur,
2910 1408 3088 1471 veluti
3137 1427 3205 1471 ex
3255 1410 3406 1472 Filio
3452 1410 3613 1473 exsi-

1969 1501 2224 1556 stentem
2256 1494 2547 1559 exhiberi.

2611 1585 2713 1649 Em
2738 1587 2971 1649 eadem.

2050 1671 2223 1735 LXII.
2266 1703 2288 1733 «
2322 1673 2466 1746 Qum
2522 1675 2683 1735 enim
2735 1674 2993 1757 Spiritus
3041 1677 3361 1758 unicuique
3406 1678 3613 1741 distri-

1976 1786 1998 1817 α
2033 1759 2181 1833 buit,
2237 1779 2305 1822 ea
2353 1781 2385 1821 a
2437 1765 2609 1824 Patre
2677 1781 2784 1843 per
2842 1763 3054 1826 Filium
3107 1765 3606 1846 suppeditantur:

256 1853 482 1908 ιΠάντα
539 1852 639 1931 γὰρ
696 1862 791 1912 τοῦ
846 1855 1051 1930 Πατρὸς
1110 1860 1203 1910 τοῦ
1268 1853 1391 1908 ὶὶοὒ
1447 1850 1557 1937 ἐστι
1594 1868 1608 1883 ⁶
1655 1848 1734 1905 διὸ
1803 1847 1891 1903 καὶ

1981 1867 1999 1898 α
2028 1850 2233 1937 omnia
2252 1848 2547 1929 siquidem
2580 1851 2769 1913 Patris
2799 1852 2931 1914 Filii
2964 1862 3121 1915 sunt.
3175 1852 3369 1926 Quare
3396 1863 3457 1918 et
3479 1875 3611 1937 qum

256 1966 277 1994 ι
308 1941 368 1997 τὰ
434 1941 579 2018 παρὰ
646 1949 738 1998 τοῦ
809 1945 927 1997 Υἱοῦ
1002 1941 1057 1996 ἐν
1154 1940 1418 2016 Πνεύματι
1491 1936 1736 2013 διδόμενα
1792 1944 1885 1994 τοῦ

1981 1957 1993 1988 ι
2027 1936 2176 1998 Filio
2211 1940 2266 1998 in
2299 1939 2520 2018 Spiritu
2569 1940 3086 2021 donantur,Patris
3142 1950 3280 2004 sunt
3336 1932 3606 2008 munera.

258 2056 278 2085 σ
311 2029 515 2108 Πατρός
564 2029 674 2086 ἐστι
745 2031 1073 2110 χαρίσματα.
1165 2030 1266 2087 Καὶ
1337 2034 1429 2085 τοῦ
1472 2031 1776 2101 Πνεὺματος
1833 2022 1888 2080 δὲ

257 2145 279 2175 ι
308 2114 454 2181 ὄντος
514 2118 569 2174 ἐν
625 2121 783 2195 ἡμῖν,
829 2121 915 2174 καὶ
971 2122 999 2175 6
1061 2119 1227 2196 Λόγος
1273 2120 1302 2173 6
1357 2119 1510 2174 τούτο
1552 2114 1719 2178 διδούς
1749 2114 1889 2170 ἐστιν

255 2222 278 2254 ι
309 2206 361 2262 ἐν
382 2208 524 2282 ἡμῖν
556 2226 572 2242 ’
607 2207 663 2263 ἐν
688 2208 766 2282 τῷ
801 2208 955 2286 Λόγῳ
983 2205 1039 2263 δέ
1078 2207 1220 2262 ἐστιν
1263 2208 1291 2262 6
1325 2206 1532 2284 Πατήρ.
1568 2232 1590 2262 ι

915 2295 1249 2354 Ἐπιστασία.

334 2406 358 2440 α
390 2384 672 2464 Πρόσσχες
729 2390 843 2449 πῶς
897 2385 991 2448 τὰς
1046 2391 1139 2441 τοῦ
1168 2384 1468 2458 Πνεύματος
1495 2381 1691 2462 δωρεὰς
1750 2382 1891 2459 παρὰ

259 2498 281 2529 ι
318 2483 406 2532 τοῦ
451 2478 654 2554 Πατρὸς
698 2472 763 2530 δι’
820 2477 940 2533 Υἱοῦ
980 2473 1121 2552 λέγει
1164 2476 1544 2553 χορηγεῖσθαι.
1583 2497 1606 2529 ι

904 2561 1230 2642 Ἀντίρρησις
1242 2608 1254 2621 .

332 2653 461 2709 Ἐὰν
490 2651 709 2725 ἀληθείᾳ
757 2665 1053 2732 προσσχεῖν
1102 2649 1306 2726 ἐθέλῃς,
1356 2649 1770 2727 ἆκροατὰξπώς
1798 2649 1892 2710 τὰς

254 2748 339 2797 τοῦ
399 2741 704 2814 Πνειῖματος
763 2738 960 2819 δωρεὰς
1019 2740 1159 2819 παρὰ
1218 2745 1307 2797 τοῦ
1376 2739 1577 2816 Πατρὸς
1635 2735 1702 2793 δι’
1777 2739 1897 2794 1⁵ἱοῦ

257 2829 394 2908 λέγει
455 2832 483 2885 6
539 2830 688 2909 ἅγιος
719 2833 1098 2909 χορηγεῖσθαι,
1130 2829 1214 2884 δεῖ
1242 2848 1301 2883 σε
1332 2839 1654 2906 προσσχεῖν,
1689 2826 1803 2890 πῶς
1833 2825 1900 2882 τὰ

256 2917 588 2999 διαιρούμενα
628 2921 770 2997 παρὰ
835 2926 926 2975 τοῦ
983 2918 1286 2993 Πνεύματος
1337 2915 1541 2989 ἑκάστῳ
1621 2915 1899 2994 χαρίσμα-

258 3030 318 3064 τα
358 3008 507 3087 παρὰ
529 3014 623 3065 τοῦ
664 3009 867 3087 Πατρός
896 3005 980 3063 διὰ
1009 3016 1103 3065 τοῦ
1146 3007 1315 3083 Λόγου
1357 3006 1454 3060 εἰσὶ
1497 3004 1895 3084 χορηγούμενα.

260 3098 314 3153 Εἰ
368 3097 471 3173 μὲν
528 3097 627 3176 γὰρ
681 3097 822 3175 παρὰ
875 3103 966 3153 τοῦ
1010 3097 1212 3174 Πατρὸς
1243 3092 1326 3150 διὰ
1372 3102 1462 3153 τοῦ
1492 3093 1661 3171 Λόγου
1691 3092 1901 3162 νοήσεις

1977 2047 1998 2080 σ
2032 2023 2102 2085 Et
2130 2024 2382 2104 Spiritus
2413 2046 2546 2089 cum
2578 2036 2671 2090 est
2700 2028 2759 2089 in
2792 2029 2985 2105 nobis,
3029 2038 3087 2093 et
3137 2031 3395 2094 Verbum
3441 2032 3609 2096 illum

1981 2139 2003 2168 ι
2034 2114 2320 2176 exhibens
2349 2117 2405 2177 in
2434 2118 2629 2195 nobis,
2658 2116 2721 2180 in
2751 2116 2946 2182 Verbo
2976 2128 3169 2181 autem
3227 2123 3403 2184 Pater
3432 2138 3544 2184 est.
3582 2147 3603 2178 Ι

2050 2354 2055 2359 ,
2533 2297 3024 2361 Animadversio.

2062 2410 2084 2439 ι
2118 2383 2420 2445 Attendito
2451 2381 2705 2464 Spiritus
2733 2404 2981 2449 munera
3008 2404 3042 2450 a
3068 2391 3238 2450 Patre
3260 2407 3366 2469 per
3402 2387 3613 2450 Filium

1985 2496 2006 2525 ο
2040 2472 2427 2552 suppeditari.
2456 2499 2479 2531 ο

2620 2563 2955 2643 Refutatio.

2056 2649 2118 2711 Si
2149 2668 2283 2710 cum
2343 2651 2586 2714 veritate
2641 2654 2951 2715 attendere
2993 2655 3102 2736 vis,
3137 2675 3171 2717 ο
3198 2656 3453 2735 auditor,
3505 2675 3623 2737 qua

1978 2738 2205 2798 ratione
2231 2737 2485 2820 Spiritus
2517 2758 2763 2804 munera
2793 2761 2827 2803 a
2856 2746 3030 2806 Patre
3059 2762 3166 2824 per
3217 2744 3433 2807 Filium
3479 2764 3622 2807 sau-

1981 2832 2108 2887 ctus
2160 2826 2259 2888 hic
2306 2828 2517 2891 doceat
2572 2830 2962 2912 suppeditari,
3022 2832 3451 2895 attendendum
3509 2841 3622 2911 est,

1983 2917 2279 2994 quomodo
2311 2936 2342 2977 a
2373 2918 2599 2999 Spiritu
2645 2920 2895 2997 singulis
2941 2940 3188 2983 munera
3218 2922 3557 2998 distributa,
3592 2940 3627 2984 a

1982 3004 2158 3065 Patre
2192 3004 2524 3082 perFilium
2560 3008 3276 3087 suppeditantur.Etenim
3309 3012 3356 3072 si
3386 3029 3420 3072 a
3447 3012 3625 3074 Patre

1986 3111 2092 3176 per
2120 3092 2382 3154 Verbum
2415 3112 2660 3156 munera
2701 3097 3014 3177 suppedita
3069 3098 3458 3175 intellexeris,
3493 3105 3625 3159 tan-

256 3186 319 3243 τὰ
373 3185 684 3266 χαρίσματα
778 3185 1171 3265 χορηγούμενα,
1260 3185 1332 3248 ὼς
1398 3183 1490 3239 τοὺ
1546 3201 1900 3261 χορηγουντος

1991 3200 2164 3264 quam
2199 3182 2301 3262 qui
2332 3201 2400 3244 ea
2429 3183 2816 3263 suppeditans
2845 3186 3123 3266 Spiritus,
3158 3188 3332 3249 Patre
3382 3204 3494 3267 per
3522 3187 3623 3248 Fi-

257 3274 384 3331 αὗτὰ
442 3275 748 3350 Πνεύματος
804 3273 947 3354 παρᾶ
987 3275 1193 3353 Πατρὸς
1244 3272 1575 3351 ὑπάρχοντος
1607 3269 1690 3327 διὰ
1758 3272 1898 3344 Υἱοῦ,

254 3362 431 3428 καλῶς
463 3364 573 3443 καὶ,
624 3368 889 3442 νουνεχῶς
926 3361 1077 3426 ὄντος
1132 3368 1199 3438 τῇ
1250 3368 1344 3419 τοῦ
1385 3361 1535 3439 ἀγὶου
1607 3359 1904 3440 προσέσχες

257 3452 451 3526 Ξννοίᾳ.
512 3454 572 3510 Εἰ
622 3450 676 3509 δὲ
719 3453 860 3532 παρὰ
914 3452 1100 3510 τούτον
1128 3453 1219 3508 τὸν
1262 3450 1420 3529 λόγον
1465 3449 1642 3513 ἄλλως
1693 3450 1903 3519 νοήσεις

256 3544 398 3621 παρὰ
440 3547 541 3599 τοῦ
594 3543 798 3608 [ἰατρὸς
883 3538 967 3597 διὰ
1009 3543 1101 3597 τοῦ
1159 3540 1279 3597 Υἱοῦ
1334 3540 1399 3595 τὰ
1454 3541 1546 3597 τοῦ
1598 3538 1903 3615 Πνερματος

257 3631 620 3711 χορηγεῖσθαι
662 3630 993 3709 χαρίσματα,
1026 3631 1114 3685 καὶ
1161 3629 1484 3708 ἀμφοτέρους
1538 3626 1630 3684 τόν
1685 3649 1743 3683 τε
1787 3632 1903 3683 Πα-

256 3720 381 3799 τέρα
436 3721 531 3776 καὶ
582 3719 674 3774 τὸν
730 3720 850 3774 Υἱὸν
889 3717 1152 3797 ὑπηρέτας
1209 3717 1307 3785 τῆς
1364 3723 1470 3774 τῶν
1538 3721 1907 3793 πνευματικῶν

257 3808 615 3889 χαρισμάτων
696 3809 908 3877 νοήσεις
983 3805 1243 3882 διανομῆς
1278 3825 1297 3845 ο
1373 3806 1510 3864 κατά
1578 3806 1679 3884 γὰρ
1735 3810 1908 3861 πᾶσαν

260 3899 501 3976 ἀνάγκην
533 3902 611 3971 τῷ
659 3894 804 3975 λόγῳ
832 3917 1194 3976 χορηγουνται
1244 3896 1406 3952 ταότα
1457 3895 1599 3973 παρὰ
1654 3893 1856 3971 Πατρός
1890 3907 1904 3921 ⁸

1984 3272 2128 3334 lium
2162 3271 2259 3347 sit,
2298 3270 2450 3333 bene
2470 3271 2712 3352 quidem
2742 3292 2810 3335 ac
2843 3276 3167 3353 prudenter
3190 3293 3386 3337 veram
3433 3276 3627 3338 sancti

1985 3362 2340 3423 sententiam
2378 3370 2684 3423 assecutus
2705 3382 2789 3423 es.
2825 3362 2989 3435 Quod
3013 3364 3063 3425 si
3099 3376 3313 3444 praeter
3343 3364 3498 3427 hanc
3525 3382 3627 3427 ra-

1985 3449 2207 3511 tionem
2240 3449 2410 3511 aliter
2442 3449 3054 3533 intellexeris,aPatre
3087 3471 3193 3533 per
3232 3452 3449 3515 Filium
3484 3451 3625 3534 Spi-

1986 3537 2135 3599 ritus
2193 3556 2441 3599 munera
2492 3539 2882 3620 suppeditari,
2924 3550 2983 3604 et
3035 3549 3353 3622 utrumque
3400 3540 3632 3604 Patrem

1987 3644 2207 3706 nempe
2236 3635 2293 3687 et
2322 3626 2559 3693 Filium.
2599 3629 2954 3709 spiritalium
2988 3649 3300 3692 munerum
3349 3631 3638 3711 suppedi-

1992 3716 2227 3777 tatiouis
2259 3715 2558 3779 ministros
2578 3720 3001 3798 apprehendes
3037 3742 3049 3782 :
3086 3739 3345 3800 namque
3397 3739 3639 3800 prorsus

1992 3805 2358 3878 necessario,
2394 3825 2461 3868 ea
2505 3807 2633 3887 ipsa
2692 3808 2925 3871 ratione
2955 3828 3072 3890 qua
3124 3808 3577 3890 suppeditantur
3602 3826 3638 3870 a

1992 3895 2190 3968 Patre,
2239 3894 2448 3958 eadem
2503 3914 2610 3977 per
2666 3898 2874 3959 Filium
2907 3897 3468 3979 suppeditabuntur,
3499 3898 3641 3960 etsi

258 3994 338 4062 τῷ
393 3989 543 4060 αὖτῷ
598 3987 1063 4066 χορηγηθήσονται
1121 3986 1209 4041 καὶ
1279 3982 1362 4041 διὰ
1403 3994 1495 4043 τοῦ
1536 3985 1678 4043 Υίοῦ.
1727 3983 1825 4040 Καὶ
1869 3982 1900 4036 εἲ

1995 4002 2029 4045 a
2063 3985 2256 4056 Patre,
2312 3984 2396 4045 uti
2428 3983 2653 4065 Spiritu
2700 3987 3027 4049 exsistente
3054 4006 3090 4047 a
3120 3989 3317 4063 Patre,
3354 3985 3640 4049 manifes-

262 4077 360 4153 μὲν
414 4075 563 4154 παρὰ
620 4076 848 4153 Πατρὸς,
936 4076 1009 4137 ὡς
1079 4081 1172 4130 τοῠ
1240 4073 1542 4148 Πνεύματος
1584 4072 1900 4150 ὑπάρχοντος

1999 4080 2122 4133 tum
2182 4079 2271 4132 est
2318 4073 2492 4133 etiam
2531 4093 2637 4153 per
2670 4075 2905 4143 Filium.
2939 4076 3022 4136 uti
3051 4075 3275 4156 Spiritu
3324 4074 3644 4137 eXsistente

443 4164 537 4221 τοῦ
591 4165 819 4241 Πατρὸς,
889 4161 1106 4229 εὔδηλον
1158 4161 1238 4219 ὅτι
1294 4163 1383 4218 καὶ
1425 4159 1507 4217 διὰ
1534 4183 1626 4217 του
1669 4163 1810 4224 Υἱοῡ,
1844 4160 1900 4215 ὧι

2004 4179 2111 4241 per
2145 4161 2555 4234 Filium.Quod
2573 4164 2622 4224 si
2655 4183 2761 4244 per
2783 4166 2995 4227 Filium
3028 4165 3245 4226 asseris
3276 4184 3345 4225 ea
3365 4165 3645 4245 suppedi-

263 4255 357 4313 τοῦ
402 4253 711 4329 Πνεόματος
766 4253 1104 4332 ὑπάρχοντος
1163 4250 1247 4309 διὰ
1297 4250 1413 4307 1⁸ἱοῦ
1463 4270 1474 4279 ·
1510 4251 1554 4306 εἰ
1595 4246 1651 4304 δὲ
1680 4246 1764 4305 διὰ
1803 4247 1900 4304 Υἱοῖ

2009 4249 2141 4330 tari,
2172 4269 2288 4311 non
2323 4252 2644 4313 exsistente
2674 4255 2891 4331 Spiritu
2920 4272 3028 4330 per
3058 4253 3501 4327 Filium,modis
3522 4270 3645 4315 om-

263 4345 628 4427 χορηγετσθαι
695 4341 871 4419 λέγεις
915 4341 1069 4415 αὔτα,
1132 4342 1208 4417 μὴ
1249 4340 1580 4419 ὑπάρχοντος
1636 4336 1726 4393 τοῦ
1752 4336 1900 4426 Πνεύτ

2011 4338 2185 4399 nibus
2208 4340 2743 4419 suppeditabantur
2767 4351 2824 4402 et
2853 4362 2885 4402 a
2918 4346 3111 4415 Patre,
3140 4343 3360 4422 Spiritu
3392 4360 3511 4402 non
3538 4360 3647 4403 ex-

264 4416 440 4511 ματος
512 4429 598 4487 διὰ
658 4416 801 4501 Υἱοῗῖ,
861 4429 1074 4492 πάντως
1136 4416 1613 4509 χορηγηθήσονται
1670 4427 1756 4482 καὶ
1785 4416 1900 4503 παρέ

1981 4427 2255 4528 ⁵εἱειειξιθ
2286 4416 2956 4534 εῬοιινθ.¹Ει.οιιωηειιῐι
3005 4432 3131 4534 haec
3183 4416 3331 4534 ratio
3361 4429 3651 4534 assignari

261 4524 356 4583 τοῦ
416 4522 652 4600 Πατρδς,
712 4521 790 4596 μὴ
848 4522 943 4576 τοῦ
1022 4520 1328 4595 Πνεύματος
1394 4516 1725 4596 ὑπάρχοντος
1782 4515 1900 4591 παρέ

1981 4515 2250 4596 'poterit,
2310 4534 2426 4577 non
2477 4518 2673 4597 colligi
2735 4519 2874 4580 inde
2932 4518 3132 4582 servili
3186 4519 3364 4581 modo
3412 4518 3649 4582 aPatre

262 4614 356 4673 τοῦ
385 4609 621 4689 Πατρός.
683 4610 783 4667 Καὶ
820 4607 901 4672 τίς
952 4606 1028 4665 ἔτι
1084 4607 1320 4666 λείπεται
1367 4606 1525 4684 λόγος
1588 4605 1666 4682 μὴ
1696 4604 1900 4681 συνάγει

2006 4613 2064 4665 et
2094 4604 2242 4667 Filio
2272 4604 2560 4686 spiritalia
2595 4626 2844 4671 munera
2866 4607 3286 4689 suppeditari?

264 4709 385 4763 σθαι
440 4702 679 4758 ἒντευθεν
771 4699 1108 4777 ὕπηρετικῶς
1196 4698 1337 4773 παρὰ
1392 4697 1597 4775 Πατρὸς
1645 4695 1733 4751 καὶ
1802 4694 1925 4748 1⁸ἱοῦ

262 4796 331 4853 τὰ
359 4791 699 4869 πνευματικὰ
724 4791 1082 4868 χορηγεῖσθαι
1112 4788 1421 4869 χαρίσματα
1452 4807 1468 4863 ;

874 4875 972 4935 Ἐκ
1010 4877 1109 4946 τῆς
1154 4878 1338 4944 αὖτῆς.

348 4959 492 5032 EF’.
548 4988 572 5019 Ι
606 4958 669 5024 Ἠ
712 4967 812 5045 γὰρ
840 4963 1088 5041 διδομένη
1147 4966 1305 5045 χάρις
1347 4966 1437 5022 καὶ
1465 4962 1633 5042 δωρεα
1665 4964 1718 5019 ἐν
1749 4958 1925 5040 Τριάδι

272 5091 296 5123 ι
324 5059 532 5118 δίδοται
561 5057 706 5135 παρὰ
745 5057 840 5112 τοῦ
886 5055 1091 5132 Πατρὸς
1124 5051 1189 5109 δι’
1240 5054 1361 5110 Υἱοῦ
1391 5053 1445 5109 ἐν
1474 5054 1736 5128 Πνεύματι
1769 5051 1900 5129 ἁγίῳ

2016 5071 2043 5102 α
2077 5045 2139 5107 in
2171 5045 2661 5128 Trinitate,datur
2689 5067 2724 5109 a
2751 5052 2928 5111 Batre
2963 5068 3069 5131 per
3098 5049 3312 5112 Filium
3344 5048 3405 5109 in
3429 5046 3655 5129 Spiritu

272 5178 297 5211 ι
334 5140 567 5225 υιὶσττιερ
593 5147 693 5223 γὰρ
736 5144 796 5201 ἐκ
848 5151 942 5201 τοῦ
995 5145 1198 5224 Πατρὸς
1256 5143 1364 5200 ἐστι
1424 5141 1508 5198 διὰ
1568 5145 1688 5199 Υίοῡ
1715 5143 1749 5209 ἡ
1783 5137 1900 5195 διδο-

2019 5160 2041 5194 ι
2080 5146 2307 5201 sancto.
2352 5136 2862 5210 Quemadmodum
2912 5141 3073 5203 enim
3118 5149 3177 5202 et
3206 5158 3274 5202 ex
3326 5138 3497 5202 Patre
3552 5156 3660 5220 per

269 5266 298 5301 α
325 5240 474 5316 μέν-η
530 5235 714 5316 χάρις,
772 5232 936 5297 οὕτως
1004 5232 1100 5289 οὐκ
1162 5232 1225 5288 ἂν
1283 5233 1491 5312 γένοιτο
1532 5230 1775 5288 κοινωνία
1830 5233 1897 5293 τῆ

2020 5256 2042 5287 ι
2073 5226 2286 5289 Filium
2319 5228 2507 5316 gratia
2531 5227 2693 5303 data,
2726 5229 2805 5290 ita
2836 5230 2997 5292 nulla
3027 5230 3206 5292 fuerit
3232 5227 3488 5290 dationis
3511 5244 3652 5307 gra-

271 5357 297 5391 ι
329 5315 537 5389 δόσεως
581 5324 636 5380 ἐν
676 5325 814 5399 ἡμῖν
842 5324 887 5379 εἰ
916 5322 994 5398 μὴ
1024 5321 1079 5377 ἐν
1111 5327 1189 5395 τῷ
1229 5323 1496 5398 Πνεύματι
1526 5328 1603 5395 τῷ
1631 5321 1786 5398 ἁγίῳ,
1821 5340 1847 5374 ι

2018 5340 2046 5372 α
2083 5316 2161 5377 tia
2189 5316 2249 5377 in
2279 5315 2452 5378 nobis
2486 5317 2601 5380 nisi
2631 5318 2692 5379 in
2720 5317 2941 5400 Spiritu
2972 5328 3200 5384 sancto.
3236 5345 3263 5376 »

948 5410 1283 5475 Ἐπιστασία.

2576 5409 3070 5473 Animadversio.

2652 4867 2754 4930 Ea:
2782 4868 3007 4931 eadem.

2090 4954 2292 5020 LXIII.
2331 4980 2357 5013 α
2381 4956 2579 5021 Gratia
2608 4959 2899 5040 siquidem
2933 4968 2991 5023 et
3019 4978 3238 5022 munus
3293 4957 3450 5040 quod
3480 4958 3656 5020 datur

357 5526 389 5561 α
442 5497 599 5586 Ὀρᾷς
656 5501 938 5581 πανταχοῦ
1022 5503 1110 5558 καὶ
1191 5503 1350 5566 αὐτὰς
1407 5502 1503 5564 τὰς
1544 5498 1775 5586 χάριτας
1847 5518 1900 5552 κο

2106 5521 2124 5552 ι
2165 5494 2421 5586 Videsne
2451 5496 2598 5559 locis
2621 5496 2681 5558 in
2712 5498 2992 5563 omnibus
3012 5500 3171 5581 ipsas
3196 5497 3424 5578 gratias
3446 5504 3505 5560 et
3533 5515 3662 5558 mu-

274 5616 303 5652 ¢
337 5583 544 5676 δωρεᾶς
601 5595 695 5650 τοῦ
757 5592 1061 5666 Πνεύματος
1142 5590 1201 5647 ἐκ
1255 5592 1347 5647 τοῦ
1416 5589 1621 5668 Πατρὸς
1678 5583 1773 5685 δι’.
1814 5586 1900 5685 Υίο

2026 5611 2048 5645 α
2085 5584 2490 5685 ηοτεδρίινὶιυιε
2517 5589 2767 5685 eitPatre
2798 5607 2905 5685 per
2934 5589 3147 5652 Filium
3180 5587 3312 5650 ﬁeri
3342 5587 3657 5685 docentem

283 5713 305 5745 ι
339 5671 579 5768 γίνεσθαι
653 5679 960 5739 διδάσκοντά
1010 5701 1068 5736 σε
1124 5682 1215 5737 τὸν
1246 5680 1395 5759 ἂγιον
1429 5698 1443 5758 ς
1484 5680 1538 5735 Εἰ
1568 5698 1693 5756 γουν
1726 5677 1776 5731 αἱ
1819 5674 1893 5754 χά

2024 5700 2047 5735 (ι
2083 5686 2140 5738 te
2168 5675 2479 5736 sanctum?
2508 5675 2569 5738 Si
2603 5693 2742 5754 ergo
2760 5678 2959 5756 gratia;
2975 5687 3033 5741 et
3052 5694 3299 5740 munera
3318 5695 3433 5738 non
3456 5695 3525 5741 ex
3553 5671 3658 5735 Fi-
