4150 6292
307 235 446 303 497

1382 241 1460 304 IN
1505 234 1897 303 CAMATERI
1938 235 2688 302 ANIMADVERSIONES.

3603 235 3720 302 498

310 390 405 433 σις
442 376 560 427 τοῦ
615 371 916 446 Πνεύματος
971 370 1066 437 τὴν
1120 368 1181 425 ἐκ
1239 346 1442 448 Πατρὸς
1491 367 1558 425 δι’
1627 369 1747 426 T106
1791 365 1976 448 ῦπαρξι

2088 363 2259 427 Patre
2291 386 2397 446 per
2425 367 2640 431 Filium
2672 367 2927 449 Spiritus
2955 370 3134 445 datio,
3169 369 3438 452 ejusdem
3463 389 3534 432 ex
3553 369 3724 432 Patre

310 457 500 515 αὐτοῦ
540 460 868 528 συνίστησιν.

957 551 1054 610 Ἐκ
1083 555 1180 622 τῆς
1209 551 1396 620 αὐτῆς.

403 635 588 719 Ξς·’.
629 666 652 695 ι
689 636 748 706 Ὀ
805 648 906 726 γὰρ
965 647 1223 704 πιστεύων
1267 647 1339 709 εἷς
1368 647 1460 702 τὸν
1509 644 1714 723 Πατέρα
1743 643 1884 703 οἶδεν
1941 645 1995 702 ἐν

315 755 350 787 ιι
402 737 502 808 τῷ
538 737 703 815 Πατρὶ
757 737 848 792 τὸν
929 737 1071 810 Υἱὸν,
1122 736 1298 791 καὶτὸ
1341 741 1550 809 Πνεῦμα
1581 737 1676 792 οὒκ
1717 735 1867 799 ἐκτὸς
1908 742 1998 792 τοῦ

316 844 349 875 α
404 825 574 896 T106,
623 825 710 879 καὶ
762 822 839 882 διό
893 830 1047 881 τοῦτο
1108 823 1341 879 πιστεύει
1413 824 1501 879 καὶ
1555 824 1628 887 εἷς
1681 824 1773 879 τὸν
1853 824 1994 896 Υἱὸν,

311 926 346 968 (
403 911 510 966 καὶ
547 913 621 975 εἰς
651 913 714 969 τὸ
765 919 979 986 Πνεῦμα
1032 912 1094 968 τὸ
1138 911 1313 989 ἅγιον.
1363 909 1580 980 Ἐπειδὴ
1623 913 1712 968 καὶ
1753 912 1848 986 μία
1898 912 1996 978 τῆς

315 1018 353 1057 ι
403 998 654 1078 Τριάδος
697 1001 732 1068 ἡ
805 1001 1017 1074 Θεότης,
1101 1002 1173 1064 ὡς
1253 999 1304 1066 ἕξ
1335 1000 1450 1064 ἐνὸς
1478 1007 1570 1058 τοῦ
1599 1002 1803 1080 Πατρὺς
1832 1021 1996 1078 γινω-

313 1108 346 1141 σ
402 1088 693 1164 σχομένη.
730 1109 754 1140 ³

1007 1184 1340 1245 Ἐπιστασία.

412 1307 439 1335 ι
477 1284 655 1335 Τοῦτο
696 1284 874 1357 σαφῶς
901 1275 1129 1334 διδάσκει
1155 1277 1242 1334 καὶ
1269 1278 1359 1334 τὸν
1399 1278 1542 1352 Υἱὸν,
1575 1278 1662 1335 καὶ
1689 1277 1750 1334 τὸ
1782 1283 1995 1354 Πνεῦμα

317 1389 347 1420 ¢
387 1365 460 1421 ἐκ
495 1369 598 1423 τοῦ
629 1367 861 1446 Πατρός.
900 1386 923 1418 I

993 1455 1338 1535 Ἀντίῤῥησις.

406 1542 647 1631 ’Ὠσπερ
692 1550 744 1618 ἐξ
795 1552 910 1616 ἐνὸς
965 1559 1056 1609 106
1111 1553 1313 1631 Πατρὸς
1383 1551 1729 1630 γινώσκεσθαι
1757 1554 1856 1621 τὴν
1885 1559 1984 1622 τῆς

311 1638 562 1717 Τριάδος
645 1641 870 1707 θεόττιτα
949 1639 1164 1697 ἐνταῦθα
1243 1637 1469 1696 διδάσκει
1528 1643 1557 1696 6
1613 1640 1786 1721 ἅγιος,
1861 1641 1980 1704 ἀλλ’

314 1727 502 1792 063:1:
580 1729 720 1786 ἐστιν
754 1731 782 1786 6
812 1728 1030 1786 κωλύων
1072 1728 1242 1806 λέγειν
1301 1732 1360 1785 τὸ
1412 1736 1624 1804 Πνεῦμα
1659 1732 1746 1787 καὶ
1773 1732 1833 1788 ἐκ
1885 1737 1982 1799 τῆς

311 1817 592 1884 Θεότητος
649 1824 743 1874 τοῦ
796 1819 917 1875 T106
964 1834 979 1849 ⁶
1021 1817 1184 1882 οὕτως
1229 1815 1280 1882 ἐξ
1338 1816 1450 1880 ἐνὸς
1496 1825 1586 1874 τοῦ
1641 1820 1842 1894 Πατρὸς
1897 1826 1989 1876 τοῦ

319 1907 456 1962 T106
535 1907 626 1961 καὶ
697 1913 789 1962 τοῦ
847 1905 1148 1980 Πνεύματος
1220 1906 1592 1985 ὑπαρχόντων,
1665 1905 1828 1970 οὐδεὶς
1883 1914 1988 1964 τῶν

315 1994 587 2071 Πατὲρῶν
629 1995 858 2051 ἐκώλυσε
900 1997 987 2051 καὶ
1029 1997 1091 2052 kx
1145 2001 1235 2051 106
1288 1997 1407 2052 T106
1459 1993 1632 2073 λέγειν
1663 1996 1722 2051 τὸ
1755 2002 1987 2072 Πνεῦμα.

318 2085 429 2140 Καὶ
481 2105 580 2158 τον
646 2081 804 2160 λόγον
845 2084 1084 2154 ζητήσας
1135 2081 1279 2139 οὐδὲν
1323 2081 1497 2162 ἕτερον
1540 2082 1715 2140 αἴτιον
1769 2089 1873 2140 τῶν
1907 2087 1980 2141 εί-

315 2172 583 2248 ρημὲνων
627 2171 858 2249 εὖρήσει,
906 2170 1024 2227 ἀλλ’
1070 2171 1105 2239 ἢ
1161 2173 1224 2226 τὸ
1253 2170 1352 2240 τήν
1388 2170 1604 2251 ὕπαρξιν
1633 2173 1722 2229 καὶ
1763 2173 1989 2240 θεότητα

313 2266 415 2315 τοῦ
449 2261 762 2336 Πνεύματος
793 2258 878 2315 διὰ
906 2259 997 2317 τοῦ
1041 2263 1158 2316 T106
1187 2260 1328 2316 εἶναι
1357 2263 1418 2316 bc
1457 2268 1550 2317 τοῦ
1578 2260 1806 2340 Πατρός.

666 2351 752 2418 Ἐξ
782 2351 959 2432 ἐτέρας
989 2355 1120 2432 πρὸς
1164 2354 1323 2410 αὐτὸν
1353 2353 1663 2423 ἐπιστολῆς,

403 2433 550 2504 ΞΖ’.
592 2472 615 2503 ι
662 2443 878 2519 Ἀμέλει
906 2452 1000 2502 τοῦ
1030 2446 1234 2523 Πατρός
1284 2445 1588 2521 πέμποντος
1632 2450 1692 2503 τὸ
1750 2455 1982 2527 Πνεῦμα,

327 2552 352 2588 ε
389 2535 417 2588 6
491 2535 612 2596 T16;
662 2532 906 2614 ἐμφυσῶν
977 2532 1184 2591 δίδωσιν
1213 2536 1338 2593 αὐτὸ
1365 2549 1483 2598 τοῖς
1510 2539 1776 2610 μαθηταῖς
1810 2553 1823 2568 ⁸
1872 2537 1987 2594 ἐπεὶ

327 2640 352 2675 α
390 2622 617 2684 πάντως
650 2620 747 2678 ὅσα
775 2621 892 2702 ἔχει
937 2625 965 2678 6
997 2623 1180 2702 Πατὴρ
1203 2631 1297 2680 τοῦ
1335 2626 1456 2680 T106
1483 2624 1644 2686 ἐστιν,
1677 2646 1710 2680 ›)

1000 2713 1338 2776 Ἐπιστασία.

407 2835 432 2868 ε
471 2819 653 2867 Ταυτα
695 2810 846 2867 κοινὰ
890 2813 1094 2888 Πατρὸς
1144 2813 1232 2868 καὶ
1299 2815 1442 2884 T106,
1504 2815 1539 2882 ἡ
1591 2815 1783 2889 πομπὴ
1833 2818 1920 2872 καὶ
1948 2816 1983 2882 ὴ

329 2920 358 2953 α
404 2897 559 2962 δόσις
601 2907 694 2957 τοῦ
719 2899 1044 2978 Πνεύματος,
1091 2903 1152 2958 o6
1183 2900 1288 2976 μὴν
1321 2903 1409 2957 καὶ
1434 2902 1468 2968 ἡ
1501 2900 1837 2980 ὲκπόρευσις,
1873 2924 1896 2956 ι

990 2989 1342 3070 Ἀντίῤῥησις.

2079 471 2186 534 per
2215 454 2427 518 Filium
2463 457 2864 521 exsistentiam
2895 458 3175 522 stabiliat.

2702 551 2806 614 Ea;
2831 551 3058 614 eadem.

2160 641 2353 704 LXVI.
2394 666 2420 698 α
2457 641 2566 714 Qui
2597 643 2754 704 enim
2787 643 2980 707 credit
3009 644 3071 706 in
3101 640 3718 721 Patrem,agnoscitin

2087 754 2110 784 α
2151 731 2318 792 Patre
2369 731 2608 805 Filium,
2642 741 2699 794 et
2729 732 3015 812 Spiritum
3077 752 3193 792 non
3254 744 3422 794 extra
3474 729 3718 803 Filium,

2089 842 2110 874 ο
2151 827 2576 901 proptereaque
2607 819 2781 882 etiam
2809 820 2868 881 in
2890 819 3103 882 Filium
3136 819 3413 895 credit,et
3443 818 3503 879 in
3523 817 3720 896 Spiri-

2087 932 2109 962 α
2153 926 2271 967 tum
2306 907 3104 990 sanctum.Quandoquidem
3147 928 3265 970 una
3297 916 3385 971 est
3420 907 3725 970 Trinitatis

2087 1020 2106 1051 ε
2145 995 2444 1068 divinitas,
2505 1015 2636 1076 quae
2687 997 2871 1060 veluti
2919 1015 2991 1059 ex
3047 1015 3165 1058 uno
3219 999 3388 1059 Patre
3442 994 3720 1075 agnosci-

2088 1107 2109 1139 α
2149 1092 2263 1144 tur.
2304 1109 2330 1138 »

2635 1179 3123 1240 Animadversio.

2166 1297 2189 1323 ‹‹
2225 1269 2348 1332 Hoc
2388 1269 2528 1332 item
2561 1278 2764 1352 aperte
2794 1270 3074 1346 insinuat,
3111 1277 3168 1331 et
3195 1269 3407 1332 Filium
3441 1278 3498 1332 et
3525 1270 3720 1351 Spiri-

2083 1380 2106 1413 α
2146 1369 2264 1419 tum
2299 1377 2366 1420 ex
2396 1362 2588 1422 Patre.
2627 1384 2655 1416 ι

2733 1453 3037 1531 Itefutatio

2154 1542 2242 1606 Uti
2275 1563 2343 1604 ex
2388 1564 2503 1605 uno
2553 1542 2729 1607 Patre
2783 1545 3091 1607 Trinitatis
3132 1543 3412 1605 deitatem
3472 1540 3716 1618 agnosci

2068 1639 2306 1691 sanctus
2337 1632 2568 1706 edocet,
2604 1632 2708 1693 sed
2744 1633 2940 1694 nullus
2966 1633 3176 1714 estqui
3206 1629 3716 1712 impediat,Spiri-

2071 1729 2191 1780 tum
2227 1720 2401 1780 etiam
2430 1739 2496 1781 ex
2530 1721 2837 1782 divinitate
2868 1721 3001 1784 Filii
3026 1739 3296 1783 asserere
3324 1740 3336 1782 :
3362 1719 3448 1780 sic
3479 1737 3548 1780 ex
3597 1736 3716 1780 uno

2073 1811 2243 1870 Putre
2267 1827 2398 1868 cuin
2427 1808 2610 1871 Filius
2641 1819 2698 1870 et
2731 1808 2986 1890 Spiritus
3017 1809 3367 1884 sint,nullus
3425 1827 3492 1868 ex
3527 1807 3716 1868 Patri-

2074 1896 2185 1956 bus
2221 1901 2423 1973 vetuit,
2453 1917 2522 1958 ex
2551 1899 2700 1959 Filio
2733 1900 2907 1959 etiam
2949 1898 3234 1979 Spiritum
3266 1896 3404 1960 dici.
3440 1895 3511 1958 Et
3527 1894 3716 1956 ratio-

2074 2007 2208 2047 nem
2244 1989 2536 2049 dictorum
2568 1989 2776 2050 sedulo
2809 1989 3147 2070 exquirens,
3179 1987 3404 2050 nullam
3421 1985 3595 2047 aliam
3617 1984 3716 2046 in-

2073 2077 2287 2148 veniet,
2323 2095 2495 2156 quam
2526 2077 2680 2157 quod
2737 2077 3079 2139 exsistentia
3130 2084 3189 2140 et
3240 2075 3431 2138 deitas
3460 2072 3716 2154 Spiritus

2073 2184 2176 2245 per
2203 2164 2412 2225 Filium
2446 2175 2536 2228 est
2562 2184 2630 2227 ex
2669 2169 2859 2228 Patre.

2394 2347 2486 2410 Ea:
2515 2347 2642 2409 alia
2676 2347 2754 2408 ad
2783 2348 3050 2410 eumdem
3081 2345 3382 2427 Epistula.

2157 2437 2380 2502 LXVII.
2421 2464 2447 2494 α
2504 2443 2678 2502 Patre
2729 2441 3026 2520 siquidem
3081 2439 3352 2502 mittente
3405 2436 3714 2518 Spiritum,

2079 2551 2100 2582 ι
2146 2527 2328 2588 Filius
2383 2527 2691 2590 insufﬂans
2722 2527 2960 2589 exhibet
2987 2528 3154 2589 illum
3187 2525 3524 2608 discipulis,
3577 2544 3711 2586 cum

2076 2641 2100 2670 α
2139 2635 2524 2697 quaecumque
2553 2615 2725 2678 Pater
2754 2616 2951 2692 habet,
2984 2616 3094 2678 Fili
3120 2616 3260 2678 sint.
3303 2640 3326 2674 ο
3400 2680 3404 2684 ,

2666 2711 3154 2774 Animadversio.

2153 2824 2180 2861 σ
2215 2801 2352 2864 i-lzec
2381 2805 2726 2866 communia.
2750 2803 2939 2866 Patris
2970 2813 3028 2866 et
3059 2805 3194 2867 Filii
3226 2814 3388 2878 sunt,
3423 2802 3624 2865 missio
3652 2811 3714 2864 et

2073 2914 2099 2950 ι
2134 2893 2290 2952 datio
2323 2891 2597 2974 Spiritus,
2633 2912 2752 2954 non
2785 2893 2923 2954 item
2956 2892 3281 2973 processio.
3321 2916 3343 2951 ιι

2729 2987 3066 3068 Refutatio.

407 3081 567 3140 Ἀλλ’
613 3085 792 3164 ὥσπερ
835 3085 872 3151 ὴ
923 3085 983 3141 ἐκ
1038 3093 1130 3142 τοῦ
1173 3087 1375 3166 Πατρός
1418 3089 1608 3163 πομπή
1635 3110 1691 3143 τε
1724 3091 1812 3146 καὶ
1841 3086 1976 3154 δόσις

2149 3080 2264 3143 Sed
2311 3080 2812 3160 quemadmodum
2868 3101 2936 3144 ex
2992 3085 3157 3144 Patre
3213 3081 3418 3142 missio
3462 3087 3520 3141 et
3549 3078 3709 3139 datio

322 3178 415 3228 106
478 3174 784 3249 Πνεύματος
835 3171 1039 3229 δίδωσιν
1091 3188 1233 3232 νοεῖν
1266 3175 1325 3231 ἐκ
1357 3177 1560 3256 Πατρός
1615 3177 1758 3233 εἶναι
1829 3180 1978 3254 αὐτὸ,

325 3259 466 3316 οὕτω
527 3263 618 3317 καὶ
673 3263 707 3330 ἡ
764 3260 824 3318 ἐκ
873 3269 966 3319 τοῦ
1027 3265 1147 3319 T106
1186 3266 1376 3339 πομπή
1415 3287 1472 3320 τε
1502 3266 1590 3321 καὶ
1632 3263 1775 3329 δόσις
1805 3264 1979 3324 δίδωσι

324 3362 476 3404 νοεῖν
507 3348 570 3406 ἐκ
623 3357 714 3406 τοῦ
779 3353 900 3406 T106
957 3351 1100 3407 εἶναι
1144 3351 1292 3414 αῦτό,
1342 3353 1446 3409 Μία
1489 3354 1588 3432 γὰρ
1619 3354 1655 3421 ἦ
1688 3351 1748 3410 ἐκ
1776 3355 1979 3433 Πατρός

324 3438 414 3493 καὶ
472 3441 600 3495 T106
669 3437 811 3503 δόσις
862 3441 950 3496 καὶ
1006 3439 1208 3515 πέμψις
1279 3449 1371 3498 τοῦ
1418 3443 1740 3517 Πνεύματος,
1793 3445 1881 3500 καὶ
1935 3447 1980 3517 ᾧ

324 3526 472 3603 λόγῳ
517 3527 784 3602 πέμπεται
829 3529 889 3585 ἐκ
946 3531 1174 3610 Πατρὸς,
1255 3540 1330 3604 τῷ
1379 3530 1521 3604 αὒτῷ
1577 3532 1789 3596 πάντως
1831 3532 1976 3608 πέμ-

325 3635 483 3671 πεται
515 3617 604 3672 καὶ
632 3615 686 3682 ἒξ
726 3617 867 3676 Υἱοῦ.

794 3718 896 3768 Τοῦ
924 3715 1080 3769 αὖτοῦ
1109 3711 1168 3768 ἐκ
1197 3717 1295 3779 τῆς
1327 3715 1512 3780 αὐτῆς,

403 3793 552 3864 ΞΗ’,
609 3824 631 3854 ι
668 3805 722 3859 Εἰ
756 3802 809 3859 δὲ
848 3803 1098 3861 ἀδύνατον
1153 3807 1306 3862 τὺῦτο
1348 3827 1408 3885 γε
1463 3821 1578 3871 τοῖς
1613 3808 1821 3888 ἄφροσι,
1868 3807 1972 3884 μὲ-

331 3912 357 3944 σ
401 3913 480 3948 νει
525 3892 626 3968 γὰρ
697 3891 920 3950 ἕκαστον
987 3896 1060 3956 ὡς
1117 3893 1324 3971 γέγονε,
1381 3895 1565 3971 πολλῷ
1634 3896 1836 3972 μᾶλλον
1906 3899 1973 3955 τὰ

331 4000 352 4032 ι
401 3979 516 4036 ἄνω
543 3979 639 4048 τῆς
689 3981 912 4047 κτίσεως
955 3980 1124 4038 ἂΐδιον
1154 3981 1273 4063 ἔχει
1321 3985 1414 4052 τὴν
1443 3982 1722 4060 διαμονὴν,
1762 3989 1849 4043 καὶ
1879 3991 1973 4046 οῦκ

329 4086 350 4119 ε
399 4067 543 4124 ’ἐστιν
617 4066 815 4143 ἄλλως,
864 4070 900 4138 ἢ
933 4073 1006 4135 ὡς
1064 4068 1206 4127 ἔστιν
1263 4073 1290 4128 6
1338 4074 1518 4152 Πατὴρ
1574 4077 1756 4154 Πατὴρ
1783 4077 1872 4132 καὶ
1914 4079 1973 4135 o6

328 4176 354 4206 ι
399 4158 644 4227 πάππος,
704 4159 792 4214 καὶ
850 4161 878 4214 6
940 4159 1059 4222 Υἱὸς
1127 4159 1242 4226 Υἱός
1270 4163 1381 4216 ἔστι
1438 4169 1530 4218 τοῦ
1582 4170 1735 4237 Θεοῦ,
1782 4166 1869 4219 καὶ
1913 4167 1972 4222 o6

329 4265 354 4296 α
398 4245 583 4324 Πατὴρ
637 4253 730 4302 τοῦ
777 4247 1102 4322 Πνεύματος,
1165 4249 1253 4304 καὶ
1311 4251 1371 4305 τὸ
1447 4257 1660 4326 Πνεῦμα
1714 4253 1775 4308 τὸ
1821 4251 1971 4330 ἅγιον

327 4352 353 4384 ε
397 4335 612 4410 Πνεῦμα
667 4335 842 4412 ἅγιον,
901 4338 988 4393 καὶ
1031 4337 1126 4394 οὒκ
1184 4337 1400 4417 ἔκγονον
1442 4346 1536 4397 τοῦ
1595 4343 1821 4421 Πατρὸς,
1858 4339 1974 4398 οὐδὲ

331 4439 352 4473 ι
397 4420 624 4504 ἁδελφὸς
667 4433 760 4483 τοῦ
813 4427 954 4486 T106.
995 4450 1016 4478 ι

974 4518 1311 4581 Ἐπιστασία,

404 4633 425 4663 ι
459 4609 516 4664 E1
587 4630 710 4685 γοῦν
767 4611 862 4667 οῦκ
931 4611 1141 4691 ἔκγονος
1188 4623 1293 4687 ,τοῦ
1351 4618 1555 4695 Πατρὸς
1611 4617 1671 4671 τὸ
1733 4623 1963 4688 Πνεῦμα,

327 4713 354 4745 α
398 4702 510 4759 πῶς
571 4695 631 4751 ὲιι
684 4705 779 4754 τοῦ
831 4701 1000 4779 T106;
1049 4704 1105 4758 Εἰ
1165 4707 1242 4778 μὴ
1289 4705 1470 4784 Πατὴρ
1525 4711 1617 4761 τοῦ
1664 4706 1964 4780 Πνεύματος

329 4801 354 4833 ι
397 4784 422 4838 6
453 4786 596 4860 Υἱὸς,
643 4791 758 4850 πῶς
797 4786 848 4852 ἐξ
878 4790 1037 4846 αὐτοῦ
1067 4791 1128 4846 τὸ
1157 4797 1371 4867 Πνεῦμα
1406 4814 1421 4866 ;
1459 4821 1482 4852 ι

976 4880 1325 4962 Ἀντίρρησις.

399 4975 502 5029 Οὔκ
558 4972 775 5050 ἔκγονος
833 4983 925 5032 τοῦ
985 4980 1186 5056 Πατρὸς
1244 4983 1304 5035 τὸ
1335 4987 1567 5054 Πνεῦμα,
1615 4981 1696 5037 ὅτι
1766 4982 1964 5038 06111-

326 5059 416 5136 τὴρ
470 5083 566 5118 του
615 5063 918 5138 Πνεύματος
977 5067 1004 5121 ὃ
1044 5069 1185 5129 Υιὸς.
1261 5068 1412 5126 Ἐπεὶ
1466 5067 1520 5124 δὲ
1563 5069 1758 5148 λέγεις,
1797 5072 1852 5128 Εἰ
1883 5073 1960 5146 μὴ

327 5149 497 5227 Πατὴρ
555 5157 645 5207 τοῦ
715 5153 1019 5227 Πνεύματος
1105 5157 1132 5210 6
1199 5159 1340 5230 Υἱὸς,
1402 5164 1516 5222 πῶς
1573 5159 1624 5224 ἐξ
1692 5162 1851 5216 αὐτοῦ
1904 5162 1964 5217 τὸ

428 5244 446 5252 υ
563 5255 576 5268 .
629 5237 653 5258 Ἰ
798 5239 811 5259 9
928 5241 940 5262 Ι
1204 5245 1218 5264 1
1357 5245 1370 5266 9
1735 5250 1747 5268 \

331 5239 530 5312 Πνεῦμα
561 5285 577 5311 ,
633 5241 736 5294 ισοι
789 5262 1104 5317 αρνουμενος
1135 5266 1222 5300 και
1251 5247 1311 5300 τὸ
1354 5267 1414 5301 εκ
1454 5269 1544 5303 του
1588 5255 1790 5326 Πατρος
1823 5249 1964 5305 εἶναι

330 5323 383 5377 τὸ
412 5331 641 5400 Πνεῦμα.
707 5329 885 5407 Πατὴρ
947 5331 1044 5404 μὲν
1098 5333 1196 5412 γὰρ
1244 5333 1340 5390 οὒκ
1392 5333 1500 5392 ἔστι
1560 5344 1651 5393 τοῦ
1721 5339 1966 5413 Πνεῦμα-

330 5429 410 5501 τῡς
449 5417 477 5470 6
521 5415 726 5492 Πατὴρ,
772 5415 892 5473 ἀλλ’
935 5417 1084 5494 ὅμως
1139 5420 1192 5487 ἒξ
1250 5427 1408 5485 αὖτοῦ
1438 5426 1498 5482 τό
1543 5432 1754 5501 Πνεῦμα
1802 5427 1912 5482 ἐστι
1947 5447 1964 5462 ο

453 5505 773 5594 μαρτυρήσει
821 5529 918 5581 μοι
978 5509 1070 5564 τὸν
1112 5507 1272 5590 λόγον
1329 5515 1358 5569 6
1414 5514 1481 5570 τὰ
1534 5518 1655 5572 θεῖα
1682 5499 1688 5501 Ἴ
1714 5515 1968 5594 μέγιστος

335 5588 551 5667 Μάξιμος
638 5592 692 5649 ἐν
765 5594 801 5671 ᾖ
887 5595 1147 5656 ἐκτίθεται
1194 5588 1460 5670 -διαλέξει
1527 5588 1828 5684 Ὀρθοδόξοῦ
1881 5603 1968 5660 καὶ

2066 3169 2319 3249 Spiritus
2365 3170 2466 3230 dat
2525 3169 2696 3230 nobis
2726 3169 3066 3251 intelligere
3097 3189 3168 3232 ex
3218 3173 3394 3234 Patre
3421 3166 3707 3249 Spiritum

2065 3278 2218 3331 csse,
2255 3257 2331 3318 ita
2359 3267 2416 3318 et
2447 3276 2514 3319 ex
2544 3258 2926 3333 Filio_missio
2959 3269 3016 3321 et
3037 3259 3196 3321 datio
3223 3258 3330 3321 dat
3370 3255 3708 3334 intelligere

2063 3367 2130 3407 (ιχ
2168 3347 2312 3409 Filio
2345 3347 2509 3408 illum
2545 3366 2697 3411 esse.
2725 3347 2851 3412 Una
2879 3349 3174 3430 siquidem
3220 3355 3309 3410 est
3338 3365 3412 3409 ex
3444 3348 3613 3406 Patre
3646 3352 3707 3405 et

2063 3439 2101 3496 1³
2110 3436 2210 3496 ilin
2238 3435 2396 3497 datio
2429 3445 2486 3496 et
2518 3436 2722 3498 missio
2749 3437 3027 3518 Spiritus,
3063 3446 3121 3500 et
3151 3455 3266 3518 qua
3290 3434 3524 3497 ratione
3555 3433 3699 3493 mit-

2064 3525 2202 3584 titur
2251 3544 2318 3585 ex
2380 3527 2571 3606 Patre,
2625 3525 3108 3608 eademlprorsus
3140 3525 3394 3588 mittitur
3422 3521 3600 3585 etiam
3633 3539 3707 3583 ex

2059 3613 2233 3676 Filio.

2542 3709 2826 3789 Ejusdem
2858 3727 2935 3773 ex
2961 3712 3192 3773 eadem.

2139 3801 2384 3865 LXVIII.
2418 3803 2614 3876 «Quod
2647 3804 2697 3865 si
2723 3804 2780 3865 id
2813 3814 2902 3866 est
2950 3803 3316 3886 impossibile
3345 3801 3700 3882 impruden-

2061 3917 2083 3943 ιι
2126 3893 2298 3952 tibus.
2327 3895 2525 3954 Manet
2549 3893 2707 3954 enim
2742 3893 3206 3974 unumquodque
3233 3891 3316 3953 uti
3341 3891 3554 3953 factum
3583 3897 3697 3964 est,

2059 4005 2083 4032 α
2123 3982 2302 4040 multo
2339 3982 2524 4040 lllﬂtliS
2571 4000 2699 4061 qua;
2731 4001 2908 4062 supra
2938 3982 3306 4044 creationem
3337 3989 3498 4054 sunt,
3530 3996 3696 4039 sein-

2060 4095 2081 4122 (ι
2120 4070 2406 4148 piternzun
2442 4070 2748 4149 possident
2774 4072 3233 4150 persistentiam,
3273 4090 3380 4131 nec
3423 4069 3537 4129 alio
3565 4086 3698 4128 mo-

2063 4181 2083 4210 α
2125 4162 2198 4215 ito
2230 4167 2340 4231 est,
2375 4177 2550 4238 quam
2583 4178 2697 4239 quo
2735 4164 2924 4234 Pater,
2958 4160 3149 4237 Pater,
3183 4169 3241 4220 et
3292 4179 3408 4220 non
3440 4176 3606 4236 avus,
3643 4164 3700 4216 et

2064 4272 2087 4299 «
2132 4247 2315 4308 Filius
2367 4246 2544 4308 Filius
2574 4257 2662 4308 est
2689 4247 2820 4319 Dei,
2870 4256 2929 4309 et
2977 4267 3095 4309 non
3135 4249 3306 4309 Pater
3330 4246 3610 4328 Spiritus,
3642 4254 3701 4305 et

2067 4361 2090 4388 α
2129 4346 2368 4395 sanctus
2400 4335 2653 4415 Spiritus
2684 4335 2940 4417 Spiritus
2965 4346 3292 4409 sanctus,et
3344 4355 3462 4397 non
3515 4333 3701 4395 Patris

1986 4429 2029 4479 D
2055 4449 2078 4477 α
2120 4443 2324 4503 nepos,
2364 4443 2556 4504 neque
2588 4425 2953 4488 Filiifrater?
2993 4452 3013 4482 ο

2610 4520 3090 4581 Animadversio.

2137 4635 2158 4662 α
2197 4610 2255 4671 Si
2281 4609 2475 4690 itaque
2509 4629 2623 4670 non
2657 4621 2746 4670 est
2778 4631 2966 4693 nepos
3017 4612 3202 4674 I'atris
3249 4611 3690 4692 Spiritus,quo-

2056 4723 2076 4753 α
2120 4700 2291 4757 modo
2316 4716 2384 4757 ex
2410 4697 2596 4760 Filio?
2628 4698 2688 4760 Si
2724 4719 2838 4760 non
2867 4710 2954 4760 est
2987 4701 3168 4763 Filius
3197 4699 3368 4760 Pater
3409 4697 3686 4778 Spiritus,

2049 4791 2351 4866 quomodo
2383 4806 2450 4848 ex
2486 4787 2617 4868 ipso
2651 4791 2929 4869 Spiritus.
2963 4815 2987 4845 ιν

2696 4884 2841 4961 lie/'11
2851 4886 3018 4944 (alio.

2125 4974 2252 5033 Non
2278 4983 2366 5036 i'st
2399 4992 2584 5056 nepos
2605 4974 2788 5037 Patris
2809 4976 3086 5057 Spiritus,
3119 4976 3276 5058 quod
3309 4973 3492 5037 Filius
3519 4975 3692 5036 Pater

2046 5061 2304 5140 .‘pit'itus
2355 5083 2468 5123 non
2529 5073 2636 5125 est.
2683 5063 2825 5126 Cum
2879 5084 3015 5126 vero
3073 5064 3288 5127 addis:
3324 5064 3384 5126 Si
3434 5083 3549 5125 non
3602 5070 3694 5124 est

2048 5149 2232 5212 Filius
2267 5155 2436 5214 Pater
2465 5155 2742 5234 Spiritus.
2771 5157 3069 5236 quomodo
3121 5175 3191 5218 ex
3251 5155 3380 5235 ipso
3436 5154 3690 5236 Spiritus

2050 5242 2264 5302 fuerit?
2314 5243 2577 5322 profecto
2628 5255 2686 5306 tu
2736 5245 2967 5309 inﬁcias
3021 5246 3096 5321 is,
3147 5254 3205 5307 et
3254 5265 3324 5308 ex
3353 5243 3525 5307 Patre
3559 5261 3692 5306 esse

2052 5330 2362 5410 Spiritum.
2419 5334 2590 5394 l’aler
2634 5353 2792 5395 enim
2841 5355 2957 5396 non
3007 5346 3096 5398 est
3125 5335 3381 5415 Spiritus
3406 5337 3597 5407 Pater,
3633 5340 3692 5392 et

2051 5421 2440 5481 nihilominus
2471 5441 2539 5482 ex
2601 5423 2728 5502 ipso
2782 5425 3036 5504 Spiritus
3080 5433 3205 5486 est:
3242 5424 3526 5504 testisque
3571 5425 3687 5483 mei

2050 5511 2190 5572 dii-ti
2219 5511 2410 5572 aderit
2437 5511 2498 5572 in
2529 5513 2708 5574 rebus
2737 5513 2954 5576 divinis
2985 5514 3414 5595 pertractandis
3445 5512 3685 5574 absolu-

2050 5600 2314 5662 tissimus
2371 5602 2656 5665 Maximus
2687 5602 2748 5664 in
2780 5604 3075 5686 colloquio
3105 5623 3138 5666 a
3160 5622 3224 5666 se
3255 5601 3413 5666 edito
3461 5599 3684 5664 Ortho-
