4180 6282
486 228 604 293 499

1630 229 1871 293 JOANN
1950 226 2164 291 VECCI
2206 228 2319 292 GP»
2364 229 2879 294 PATRIARCHIE

3741 223 3852 293 500

487 358 622 421 doxi
653 368 710 422 et
739 361 1021 424 Anommi
1049 379 1183 423 cum
1210 359 1395 422 dicit:
1440 381 1470 420 (ι
1503 360 1757 441 Spiritus
1800 358 1959 420 enim
2004 364 2124 423 Pa-

2229 362 2490 438 Ὰνομοίου
2544 362 2716 441 λέγων
2741 378 2757 394 ’
2822 384 2847 419 ε
2921 364 2991 422 Τό
3045 364 3145 443 γὰρ
3228 369 3439 437 Πνεῦμα
3498 360 3705 440 Πατέρα
3763 363 3855 420 οὐκ

485 454 637 509 trem
669 467 788 511 non
819 448 1018 524 habet,
1054 467 1247 530 neque
1279 448 1436 510 enim
1469 450 1702 529 genitus
1727 454 1835 510 est.
1874 472 1900 503 ››

1131 543 1229 606 Ea.
1261 541 1488 604 eadem.

567 633 757 698 LXIX.
799 659 817 691 ι
856 634 1141 715 Discipuli
1172 635 1370 715 itaque
1400 653 1537 696 cum
1568 635 1874 697 audissent
1912 658 1924 698 :
1957 661 1983 691 «
2019 635 2130 697 Ba-

494 748 520 777 α
552 724 835 804 ptizantes
867 742 967 785 eos
987 724 1048 785 in
1088 722 1520 785 nominePatris
1546 724 1855 803 et}Filii,rt
1880 723 2136 806 Spiritus

494 835 523 874 ‹
553 815 762 889 sancti,
774 837 798 875 ι
813 834 928 877 non
947 815 1241 878 curiosius
1256 815 1820 897 perquirunt,quare
1836 816 2135 878 secundus

493 928 520 959 α
555 912 644 965 est
663 904 868 977 Filius,
902 916 963 965 et
993 904 1200 966 tertius
1230 902 1509 985 Spiritus,
1544 914 1602 967 et
1655 924 1840 986 quare
1891 922 2132 986 prorsus

494 1016 516 1047 α
552 991 857 1056 Trinitas?
884 992 989 1054 sed
1025 997 1104 1052 uti
1140 992 1991 1073 audiveruntcrediderunl,et
2014 1011 2133 1053 non

493 1104 520 1135 α
555 1080 730 1142 sicuti
761 1099 862 1142 vos
893 1080 1335 1161 interrogarunt
1376 1101 1388 1144 :
1433 1081 1621 1144 Filius
1673 1082 1851 1161 igitur
1878 1090 1967 1143 est
1996 1079 2132 1160 Spi-

489 1189 518 1228 ‹
552 1169 747 1231 ritus?
778 1188 970 1250 neque
1005 1170 1161 1250 quod
1198 1177 1325 1250 post
1356 1171 1571 1233 Filium
1600 1170 1890 1232 Dominus
1933 1170 2128 1250 Spiri-

494 1281 517 1314 (ι
556 1269 679 1321 tum
716 1259 1102 1331 nominasset,
1131 1260 1589 1341 interrogarunt,
1625 1279 1766 1321 avus
1795 1260 1973 1337 igitur
2017 1262 2129 1320 Pa-

494 1371 520 1402 α
554 1346 642 1408 ier
673 1346 808 1409 est?
837 1366 956 1409 non
983 1347 1142 1409 enim
1162 1347 1481 1410 audierunt
1511 1350 1572 1409 in
1599 1350 1839 1410 nomine
1864 1350 1977 1427 avi,
2022 1348 2129 1410 sed

495 1459 523 1491 α
557 1435 618 1496 in
651 1436 889 1497 nomine
919 1435 1124 1512 Patris,
1151 1444 1207 1497 et
1238 1437 1390 1498 hanc
1421 1437 1599 1499 fidem
1629 1436 1909 1499 omnibus
1933 1437 2128 1498 divul-

496 1549 523 1580 α
554 1532 789 1603 garunt.
825 1549 852 1580 ιο

1069 1619 1552 1682 Animadversio.

2214 450 2333 530 ἔχει
2367 469 2386 486 ⁸
2419 449 2534 507 οὐδὲ
2563 453 2661 530 γὰρ
2704 451 2983 531 ἐγεννήθη.
3033 473 3055 505 ι

2801 546 2899 604 Ἐκ
2924 548 3025 613 τῆς
3067 547 3253 611 αὒτῆς.
3646 592 3651 599 .

2290 626 2430 699 ΞΘ’.
2466 660 2489 693 ι
2551 640 2610 696 Οἱ
2666 659 2791 717 γουν
2874 638 3103 714 μαθηταὶ
3185 636 3532 711 ἀκούσαντες,
3595 654 3622 687 α
3654 635 3853 691 Βαπτί-

2220 742 2250 784 (
2280 732 2458 797 ζοντες
2514 726 2703 793 αὐτοὺς
2775 729 2847 793 εἷς
2906 729 2967 783 τὸ
3023 726 3192 803 ὄνομα
3256 732 3350 783 τοῦ
3405 725 3611 802 Πατρὸς
3654 724 3741 779 καὶ
3767 729 3853 779 τοῦ

2221 837 2245 870 :t
2281 818 2401 872 Υἱοῦ
2442 818 2529 873 καὶ
2609 824 2700 874 τοῦ
2769 817 2917 896 ἁγίου
2999 817 3329 896 Πνεόματος,
3360 834 3391 868 »
3447 816 3506 872 οὺ
3549 813 3851 892 περιειργά-

2219 926 2249 958 α
2281 926 2463 986 σαντο,
2533 903 2667 963 διατί
2762 904 2995 980 δεύτερος
3075 908 3102 962 6
3169 907 3306 979 Υἱὸς,
3377 903 3466 960 καὶ
3543 902 3717 981 τρίτον
3796 902 3853 957 τὸ

2220 1013 2247 1046 ι
2280 999 2513 1068 Πνεῦμα,
2569 993 2607 1062 ἢ
2653 992 2788 1051 διατί
2843 994 2981 1058 ὅλως
3037 994 3252 1073 Τριάς;
3302 989 3423 1049 ἀλλ’
3467 994 3543 1055 ὣς
3602 988 3849 1060 ἥκουσαν.

2221 1103 2243 1136 ς
2280 1082 2612 1162 ἐπίστευσαν,
2657 1085 2745 1141 καὶ
2791 1088 2894 1164 οὐχ
2922 1082 3100 1162 ὥσπερ
3131 1084 3311 1161 ὖμεϊς,
3344 1080 3632 1160 ἠρώτησαν
3680 1093 3694 1108 ’
3737 1080 3853 1142 Υἱὸς

2220 1193 2243 1227 α
2280 1170 2370 1227 οὖν
2426 1171 2537 1229 ἐστι
2606 1175 2667 1229 τὸ
2722 1179 2988 1249 Πνεῦμα;
3042 1169 3159 1230 οὐδὲ
3231 1172 3468 1233 εἰπόντος
3518 1174 3616 1225 τοῦ
3672 1168 3852 1246 Κυρίου

2218 1282 2247 1314 α
2278 1261 2414 1335 μετὰ
2480 1262 2572 1318 τόν
2658 1263 2774 1319 ι’ἱὸν
2842 1264 2903 1318 τὸ
2958 1266 3196 1341 Πνεῦμα,
3252 1259 3562 1339 ἠρώτησαν,
3638 1255 3852 1320 πάππος

2216 1370 2245 1403 α
2279 1348 2367 1406 οὗν
2422 1352 2449 1406 6
2507 1350 2738 1425 Πατὴρς
2797 1355 2856 1410 οὐ
2909 1352 3009 1429 γὰρ
3076 1348 3329 1423 ἥκουσαν,
3374 1349 3446 1411 εἰς
3505 1345 3677 1420 ὄνομα
3719 1344 3856 1401 πάπ-

2220 1458 2250 1493 α
2282 1460 2405 1514 που,
2452 1439 2569 1497 ἀλλ’
2609 1442 2683 1503 εἷς
2739 1438 2909 1516 ὄνομα
2954 1441 3180 1518 Πατρός,
3225 1439 3314 1494 καὶ
3370 1437 3566 1502 ταότην
3609 1434 3707 1500 τὴν
3761 1434 3853 1490 πί-

2224 1550 2249 1584 ε
2287 1549 2399 1586 στιν
2427 1528 2682 1608 ἒκήρυξαν
2724 1529 2962 1592 πάντως.
3013 1553 3040 1589 ι

2884 1619 3217 1681 Ἐπιστασία.

572 1738 600 1776 α
637 1716 917 1778 Eamdem
948 1715 1045 1776 hic
1074 1732 1309 1794 quoque
1334 1715 1694 1777 sententiam
1719 1716 2002 1793 continet,
2032 1732 2136 1793 pa-

2301 1715 2407 1783 Τῆς
2491 1715 2653 1782 αὐτῆς
2739 1714 2938 1778 ἐννοίας
3019 1715 3107 1770 καὶ
3163 1722 3339 1793 τοῦτο,
3413 1717 3595 1792 σαφῶς
3654 1708 3857 1789 δογμαοο

497 1826 519 1859 «
560 1804 673 1865 lam
736 1805 1110 1883 decernens,
1174 1821 1291 1863 non
1364 1821 1500 1865 esse
1558 1822 1648 1883 ~ex
1722 1802 1873 1865 Filio
1948 1802 2142 1883 Spiri-

496 1918 523 1950 α
555 1903 702 1956 tum.
745 1916 768 1951 Ι

1135 1982 1451 2062 Refutatc'o
1465 2034 1476 2047 .

570 2079 789 2139 Verum
848 2085 957 2153 est,
1017 2075 1288 2139 eamdem
1348 2079 1702 2142 sententiam
1764 2080 1825 2140 in
1884 2079 1990 2140 hac
2027 2094 2138 2158 pe-

491 2169 695 2248 ricope
742 2165 1057 2241 contineri,
1117 2184 1237 2226 non
1295 2182 1432 2227 vero
1485 2185 1555 2229 eo
1611 2186 1812 2249 scopo,
1846 2184 2022 2247 quem
2079 2174 2139 2228 tu

489 2257 687 2336 aﬂ'ers,
720 2255 824 2317 sed
856 2274 950 2336 eo,
984 2274 1101 2335 quo
1134 2253 1470 2316 ostenditur
1527 2256 1786 2336 Spiritus
1837 2274 1975 2333 erga
2025 2257 2139 2316 Pa—

489 2354 642 2407 trem
675 2362 781 2424 per
807 2343 1022 2406 Filium
1069 2343 1438 2424 conjunctio.
1477 2346 1602 2406 Hoc
1632 2344 1853 2406 etenim
1904 2351 2141 2405 sanctus

494 2432 798 2513 explicuit,
830 2432 1158 2495 secundum
1190 2431 1385 2492 locum
1421 2451 1538 2493 non
1572 2434 1835 2495 refutans
1874 2432 1931 2492 in
1966 2431 2138 2512 Filio,

499 2540 694 2604 neque
717 2521 953 2584 tertium
986 2522 1048 2583 in
1080 2521 1305 2603 Spiritu
1326 2531 1553 2585 sancto.

982 2614 1276 2694 Ejusdem
1305 2630 1380 2676 ea:
1407 2614 1641 2676 eadem.

582 2707 755 2772 LXX.
790 2729 817 2768 α
848 2707 1019 2771 Unde
1044 2708 1106 2770 in
1136 2707 1355 2769 deitate
1411 2708 1538 2769 sola
1584 2707 1755 2769 Pater
1805 2706 2040 2788 proprie
2083 2716 2146 2770 et

508 2821 531 2854 α
572 2797 734 2859 solus
764 2797 937 2861 Pater
960 2816 1093 2860 cum
1127 2796 1226 2872 sit,
1259 2804 1368 2871 est,
1406 2806 1466 2859 et
1492 2796 1626 2869 fuit,
1652 2809 1713 2858 et
1745 2815 1983 2877 semper
2006 2796 2140 2871 erit,

509 2911 537 2942 α
572 2895 629 2948 et
657 2886 840 2948 Filius
875 2886 1117 2968 proprie
1147 2895 1207 2947 et
1234 2886 1397 2948 solus
1427 2885 1611 2947 Filius
1657 2894 1767 2961 est,
1826 2896 1885 2948 et
1914 2886 1987 2947 de
2018 2885 2146 2946 istis

504 2998 530 3033 (ι
563 2984 650 3037 est
674 2984 732 3038 et
760 2978 995 3038 Patrem
1024 2994 1264 3055 semper
1285 2993 1442 3049 esse,
1470 2983 1527 3036 et
1553 2975 1671 3036 dici
1704 2975 2143 3053 Patrem,etFi-

2231 1822 2261 1865 ι
2280 1805 2443 1884 τίζον,
2475 1803 2554 1879 μὴ
2577 1805 2641 1863 bc
2680 1809 2772 1860 τοῦ
2815 1806 2935 1863 Υἱοῦ
2962 1803 3104 1860 εἶναι
3134 1803 3195 1859 τὸ
3225 1808 3459 1877 Πνεῦμα,
3497 1821 3521 1853 ο

2871 1984 3194 2064 ’Λντίῤῥησις
3204 2029 3217 2043 .

2306 2081 2543 2150 Ἀληθῶς
2596 2086 2697 2149 τῆς
2770 2081 2934 2148 αὐτῆς
2977 2081 3177 2144 ἑννοίας
3222 2081 3312 2135 καὶ
3350 2080 3385 2146 ἡ
3435 2079 3660 2156 ῥηθεϊσα
3712 2096 3862 2155 περι-

2224 2174 2390 2252 κοπή,
2446 2170 2506 2227 οὒ
2551 2172 2656 2247 μὴν
2705 2191 2765 2248 γε
2808 2167 2927 2227 καθ’
2980 2167 3039 2225 ὅν
3096 2169 3159 2224 σὺ
3228 2165 3401 2245 λέγεις
3445 2168 3671 2240 σκοπὸν,
3732 2163 3865 2221 ἀλλὰ

2223 2262 2358 2318 κατὰ
2402 2262 2465 2317 τὸ
2507 2258 2698 2328 δηλοῦν
2753 2259 2852 2327 τὴν
2897 2268 2985 2318 νοῦ
3040 2257 3345 2332 Πνεύματος
3389 2256 3673 2336 συνάφειαν
3732 2254 3864 2333 πρός

2222 2352 2313 2407 τὸν
2371 2349 2580 2429 Πατέρα
2635 2348 2719 2406 διὰ
2769 2355 2861 2405 τοῦ
2892 2350 3034 2410 Υἱοῦ,
3108 2354 3272 2405 Τοῦτο
3316 2346 3414 2425 γὰρ
3456 2348 3483 2402 ὁ
3542 2344 3695 2423 ἅγιος
3749 2341 3860 2399 ἐνέ-

2222 2461 2381 2521 (ίνηνε³
2434 2440 2496 2495 τὸ
2561 2437 2797 2517 δεύτερον
2853 2437 3146 2517 δεχόμενος
3212 2434 3295 2491 ἐπὶ
3347 2443 3440 2494 τοῦ
3479 2437 3623 2510 Υἱοῠ,
3670 2433 3757 2490 καὶ
3804 2433 3863 2487 τὸ

2221 2530 2392 2607 τρίτον
2437 2527 2523 2585 ἐπὶ
2544 2533 2635 2584 τοῦ
2666 2527 2994 2601 Πνεύματος.

2685 2629 2787 2678 Τοῦ
2815 2618 2973 2676 αὖτοῦ
3003 2617 3063 2674 ἐκ
3108 2623 3208 2685 τῆς
3254 2617 3443 2685 αὐτῆς.

2306 2703 2389 2775 Ο’,
2428 2732 2453 2767 ι
2489 2701 2654 2771 υΟθεν
2694 2714 2781 2769 ὶπὶ
2819 2713 2918 2780 τῆς
2958 2712 3208 2780 θεότητος
3251 2712 3419 2787 μόνης
3478 2712 3506 2766 6
3557 2708 3739 2786 Πατὴρ
3768 2728 3859 2762 κυ-

2233 2831 2255 2862 σ
2303 2805 2425 2881 ρίως
2466 2803 2556 2859 καὶ
2608 2802 2766 2877 μόνος
2817 2802 3000 2882 Πατὴρ
3042 2801 3115 2858 ὤν
3174 2802 3308 2875 ἔστι,
3364 2802 3452 2857 καὶ
3504 2800 3599 2878 ἦν,
3649 2798 3736 2853 καὶ
3790 2795 3863 2851 ἀεὶ

2237 2916 2258 2947 ι
2300 2896 2437 2973 ιτστι³
2509 2894 2597 2949 καὶ
2654 2895 2681 2949 6
2740 2894 2857 2958 Υἱὸς
2912 2893 3102 2972 κυρίως
3146 2893 3233 2947 καὶ
3294 2890 3590 2966 μόνοςΥἱὸς
3621 2887 3751 2962 ἐστι,
3782 2886 3864 2942 καὶ

2236 3008 2259 3038 ι
2304 2981 2388 3038 ἐπὶ
2443 2983 2644 3039 τούτων
2696 2980 2826 3060 ἐστὶ,
2871 2986 2958 3037 καὶ
3008 2982 3092 3055 τὸ,
3139 2983 3166 3037 6
3199 2980 3382 3058 Πατὴρ
3413 2978 3493 3033 ἀεὶ
3538 2977 3744 3055 Πατὴρ,
3781 2975 3863 3031 καὶ

502 3085 531 3125 α
563 3064 707 3126 lium
757 3064 971 3128 Filiqu
1024 3082 1286 3146 semper;
1312 3073 1372 3128 et
1403 3062 1657 3145 Spiritus
1709 3066 1851 3126 item
1907 3072 2143 3125 sanctus

2236 3094 2259 3125 ι
2305 3072 2386 3152 τὸ,
2447 3073 2475 3127 6
2501 3070 2620 3134 Υἱός
2675 3071 2755 3127 ἀεὶ
2792 3072 2911 3134 Υἱός
2960 3083 3099 3127 εἶναι
3146 3092 3203 3126 τε
3232 3070 3320 3125 καὶ
3347 3067 3592 3147 λέγεσθαι
3624 3086 3643 3104 ο
3675 3066 3761 3121 καὶ
3782 3065 3860 3136 τὸ;

501 3179 526 3211 ι
559 3173 798 3236 semper
828 3154 1082 3237 Spiritus
1112 3163 1352 3216 sanctus
1377 3162 1485 3235 est,
1524 3172 1582 3216 et
1611 3156 1769 3216 hunc
1790 3172 1823 3214 a
1847 3156 1968 3216 Deo
1986 3171 2140 3233 esse,

500 3268 527 3299 α
562 3252 619 3306 et
641 3263 675 3306 a
705 3247 880 3308 Patre
910 3262 1016 3325 per
1049 3243 1262 3306 Filium
1319 3243 1447 3307 dari
1478 3243 1799 3305 credimus.
1833 3245 1954 3305 Hac
1985 3242 2145 3303 enim

503 3355 525 3390 α
567 3333 797 3394 ratione
824 3342 1029 3396 sancta
1080 3332 1344 3395 Trinitas
1396 3333 1784 3396 immutabilis
1839 3341 2037 3393 manet
2084 3331 2146 3391 in

501 3443 525 3479 α
556 3440 672 3483 una
706 3421 925 3484 deitate
940 3422 1159 3501 agnita.
1191 3447 1214 3480 ι)

1063 3604 1559 3667 Adimadversio.

598 3716 627 3758 ‹
657 3696 768 3760 Hic
799 3704 1044 3761 sanctus
1074 3697 1358 3771 declarat,
1391 3697 1687 3759 dationem
1725 3695 1978 3777 Spiritus
1999 3717 2030 3756 ει
2050 3696 2150 3757 Pa-

504 3806 532 3847 ‹
565 3794 656 3848 tre
678 3805 785 3868 per
810 3787 1022 3850 Filium
1054 3786 1398 3867 ﬁeri,quare
1432 3786 1563 3848 aliis
1611 3788 1787 3847 etiam
1819 3787 1878 3846 in
1908 3786 2053 3846 locis
2082 3786 2145 3846 in

504 3898 526 3933 ο
562 3875 782 3957 quibus
806 3876 1005 3952 docet,
1066 3874 1353 3956 Spiritum
1417 3874 1569 3936 mitti
1630 3874 1879 3955 darique
1909 3894 1942 3935 a
1971 3874 2142 3950 Filio,

502 3988 529 4021 ι
565 3965 900 4026 secundum
929 3966 1084 4026 hanc
1113 3964 1571 4028 declarationem
1604 3964 1705 4024 illa
1751 3960 1881 4025 esse
1921 3964 2145 4025 intelli-

502 4075 525 4111 ι
559 4053 773 4133 genda.
810 4053 1116 4116 Attendito
1178 4052 1378 4129 etiam,
1411 4054 1707 4134 quomodo
1739 4072 2001 4133 .magnus
2034 4053 2148 4115 iste

503 4168 523 4200 ι
561 4143 757 4219 Pater,
791 4144 1475 4218 nonnullorum,tantum
1506 4162 1625 4204 non
1668 4142 2144 4225 praevaticinnns,

500 4266 531 4300 ι
565 4241 640 4304 ab
672 4241 837 4305 hisce
897 4241 1253 4304 sententiam
1313 4241 1609 4303 diversam
1639 4240 1996 4322 reprimens,
2030 4260 2146 4303 non

502 4353 525 4388 (ι
562 4330 751 4393 dixit:
788 4329 1081 4413 Dicimus,
1108 4339 1209 4393 aut
1236 4330 1527 4405 dicemus,
1552 4329 1656 4392 sed
1695 4349 1708 4393 :
1745 4328 2079 4393 Credimus.
2113 4357 2140 4388 ι

1136 4513 1474 4593 Refutatz'o.

577 4607 722 4670 Cum
784 4613 1025 4669 sanctus
1103 4607 1368 4670 declaret
1422 4608 1681 4688 Spiritus
1753 4605 2052 4669 dationem
2115 4625 2150 4670 a

496 4701 669 4759 Patre
717 4714 823 4778 per
874 4695 1087 4759 Filium
1147 4697 1303 4773 ﬁeri,
1338 4697 1558 4778 inquis,
1617 4698 1941 4759 secundum
1998 4698 2150 4759 hanc

493 4785 957 4849 declarationem
987 4786 1104 4848 alia
1135 4804 1373 4868 quoque
1426 4804 1562 4848 esse
1604 4785 2011 4864 intelligenda,
2050 4784 2150 4848 ubi

497 4873 675 4936 docet
702 4873 878 4949 mitti,
913 4883 1012 4935 aut
1043 4874 1168 4936 dari
1210 4893 1244 4937 a
1290 4873 1437 4935 Filio
1475 4874 1781 4954 Spiritum,
1816 4891 2032 4952 nempe
2076 4872 2147 4934 ab
2194 4944 2199 4949 δ

500 4980 571 5023 eo
600 4960 1228 5044 quiaudit,Spiritum
1269 4982 1303 5024 a
1363 4964 1512 5026 Filio
1571 4963 1745 5037 mitti,
1806 4962 2148 5041 intelligen-

498 5051 639 5113 dum
669 5069 800 5112 esse
831 5050 982 5113 mitti
1030 5053 1246 5115 aFilio
1302 5052 1616 5133 Spiritum,
1665 5051 1822 5132 quod
1880 5050 2152 5111 mittatur

500 5158 607 5220 per
638 5138 874 5202 Filium.
902 5140 1364 5221 Agnoscendum
1418 5142 1680 5223 profecto
1739 5160 1771 5202 a
1826 5147 1882 5202 te
1916 5159 2153 5221 quoque

500 5235 612 5302 est,
648 5226 887 5304 Italum,
938 5248 1074 5291 cum
1124 5231 1271 5292 dicit
1327 5248 1702 5311 promanare,
1740 5237 1796 5291 et
1826 5229 2153 5311 procedere

500 5316 783 5399 Spiritum
814 5336 884 5380 cx
910 5317 1084 5396 Filio,
1118 5319 1254 5382 ideo
1303 5319 1508 5383 isthzec
1558 5318 1781 5393 dicere,
1816 5318 1974 5400 quod
2010 5336 2151 5396 ,ro-

503 5413 721 5482 manat,
769 5406 1159 5489 proceditque
1213 5408 1466 5490 Spiritus
1509 5428 1616 5490 per
1649 5407 1882 5491 Filium,
1909 5419 1967 5469 et
1999 5407 2152 5469 hanc

580 5536 645 5588 66
686 5537 899 5605 Matth.
931 5553 1142 5617 xxvm,
1178 5540 1273 5603 19.

2235 3189 2259 3221 α
2302 3167 2515 3235 Πνεῦμα
2570 3157 2625 3215 δὲ
2680 3161 2740 3216 τὸ
2788 3158 2943 3236 ἅγιον
3001 3159 3081 3215 ἀεὶ
3122 3165 3333 3234 Πνεῦμα
3383 3158 3533 3235 ἅγιον
3592 3156 3726 3234 ἐστι,
3784 3153 3863 3210 καὶ

2236 3276 2259 3307 ι
2302 3270 2455 3309 τουτο
2482 3259 2575 3307 τοῦ
2616 3256 2749 3307 Θεοῦ
2804 3249 2968 3327 εἶναι,
3043 3249 3131 3304 καὶ
3189 3248 3331 3325 παρὰ
3368 3245 3462 3303 τοῦ
3532 3247 3737 3324 Πατρὸς
3801 3238 3862 3297 δι’

2237 3366 2259 3396 ι
2287 3342 2407 3397 Υἱοῦ
2465 3336 2687 3394 δίδοσθαι
2744 3338 3187 3414 πεπιστεύκαμεν.
3245 3335 3396 3395 Οὕτω
3478 3335 3581 3414 γὰρ
3650 3336 3684 3407 ἦ
3750 3331 3864 3409 ἁγία

2238 3456 2260 3486 ι
2306 3429 2461 3508 Τριὰς
2509 3426 2861 3491 ἀναλλοίωτος
2929 3426 3074 3502 μένει
3150 3425 3202 3483 ἐν
3273 3431 3371 3501 μιᾷ
3425 3423 3640 3491 θεότητι
3706 3443 3862 3502 γινω-

2235 3545 2258 3576 α
2305 3516 2564 3593 σχομένη.
2600 3536 2623 3566 ι

2876 3608 3186 3667 Ἐπιστασία
3197 3657 3211 3672 ,

2317 3728 2340 3760 ε
2374 3701 2655 3780 Σαφηνίζει
2743 3702 2961 3759 ἐνταῦθα
3047 3702 3075 3757 6
3156 3700 3306 3779 ἅγιος
3362 3698 3441 3755 ὅτι
3500 3701 3591 3756 καὶ
3647 3699 3683 3764 in
3731 3695 3860 3755 δόσις

2234 3809 2279 3851 (α
2306 3791 2399 3848 τοῦ
2452 3793 2753 3865 Πνεῦματος
2824 3792 2967 3871 παρὰ
3065 3791 3269 3869 Πατρὸς
3343 3787 3410 3844 δι’
3476 3791 3595 3847 Υἱοῦ
3651 3787 3860 3866 γίνεται,

2315 3880 2340 3903 ορ
2568 3884 2582 3902 ι
2667 3880 2691 3899 ν
2874 3878 2898 3896 -\
2925 3878 2946 3897 κ
3200 3879 3219 3911 λ
3444 3878 3471 3901 η
3590 3876 3640 3896 ς·
3823 3874 3833 3895 ο

2235 3901 2258 3938 tt
2307 3902 2442 3937 ωστε
2498 3904 2585 3938 και
2669 3884 2788 3937 ενθα
2870 3881 3099 3937 οιοάσκει
3156 3901 3382 3955 πέμπειν
3438 3902 3474 3947 η
3529 3876 3725 3935 διὸοναι
3777 3897 3860 3931 τον

2235 3994 2259 4026 ιι
2292 3972 2412 4027 Υἱὸν
2467 3971 2528 4026 τί)
2584 3976 2816 4045 Πνεῦμα,
2869 3970 3004 4025 κατᾶ
3050 3969 3245 4036 ταύτην
3292 3968 3389 4034 τὴν
3421 3969 3710 4045 σαφήνειαν
3762 3965 3858 4021 κά-

2236 4082 2263 4115 ¢
2309 4059 2466 4116 κεῖνα
2522 4071 2666 4116 νοεῖν
2719 4057 3018 4138 ὀφείλομεν.
3083 4060 3360 4137 Πρὸσσχες
3417 4054 3471 4111 δὲ
3525 4057 3617 4112 καὶ
3669 4055 3779 4119 πῶς
3834 4056 3859 4108 6

2234 4172 2263 4205 α
2310 4147 2474 4227 μέγας
2519 4151 2683 4212 οὕτως
2737 4148 2942 4227 Πατὴρ,
2997 4147 3057 4204 τό
3086 4169 3243 4204 τινων
3282 4146 3403 4202 οἷον
3430 4141 3859 4224 προαναστέλλων

2234 4261 2261 4294 α
2311 4237 2653 4317 προφητικῶς
2739 4238 2856 4313 περὶ
2953 4235 3049 4303 τ’ἦς
3112 4234 3206 4293 τοῦ
3256 4234 3513 4311 παναγίου
3572 4232 3859 4307 Πνεύματος

2235 4349 2257 4383 α
2309 4326 2668 4405 ἐκπορεύσεως
2723 4325 3106 4404 ὲτερόγνωμον,
3170 4328 3264 4384 οῦκ
3305 4324 3454 4403 ε’ίπε,
3514 4322 3771 4402 Λέγομεν,
3803 4319 3856 4395 ἢ,

2233 4441 2263 4476 ι
2311 4416 2659 4496 Διδάσκομεν,
2691 4413 2849 4491 ἀλλὰ,
2880 4412 3365 4489 Πεπιστεόκαμεν,ι

2862 4508 3205 4588 Ἀντίῤῥησις.

2312 4603 2554 4684 Ἐπειδὴ⁷
2586 4602 2671 4659 διὰ
2712 4605 2773 4660 τὸ
2806 4603 3106 4683 σαφηνίζειν
3134 4604 3224 4659 τὸν
3266 4603 3416 4681 ἅγιον
3447 4605 3543 4672 τὴν
3587 4609 3677 4661 τοῦ
3702 4599 3859 4685 Πνεῦ-

2232 4716 2397 4773 ματος
2453 4691 2596 4751 δοσιν
2650 4695 2791 4773 παρὰ
2843 4695 3047 4771 Πατρὸς
3137 4690 3202 4747 δι’
3246 4696 3367 4752 Υἱοῦ
3411 4694 3665 4773 γίνεσθαι,
3699 4691 3858 4769 λέγεις

2233 4783 2460 4866 ὀφείλειν
2522 4784 2658 4839 κατᾶ
2726 4784 2923 4849 ταύτην
2979 4794 3121 4840 νοεῖν
3167 4782 3266 4849 τὴν
3296 4784 3581 4863 σαφήνειαν
3652 4782 3860 4838 κάκεῖνα

2233 4874 2367 4953 ἅπερ
2395 4872 2563 4951 λέγει,
2624 4871 2742 4929 ἔνθα
2798 4869 3027 4928 διδάσκει
3084 4870 3314 4947 πέμπειν
3355 4873 3389 4940 ἢ
3420 4871 3613 4929 διδόναι
3641 4873 3726 4928 τὸν
3752 4870 3859 4925 Υἱὸν

2233 4965 2295 5020 τὸ
2338 4968 2574 5036 Πνεῦμα,
2630 4960 2867 5019 τουτέστι
2921 4963 3012 5017 τὸν
3058 4960 3317 5018 ἀκούοντα
3370 4959 3600 5036 πέμπειν
3628 4962 3718 5017 τὸν
3759 4958 3862 5013 ι’ἱὸν

2236 5056 2295 5108 τὸ
2351 5058 2562 5127 Πνεῦμα
2620 5064 2760 5108 νοεῖν
2836 5049 3135 5127 πέμπεσθαι
3177 5050 3318 5127 παρὰ
3362 5053 3482 5106 Υἶοῦ
3521 5052 3583 5106 τὸ
3638 5047 3856 5121 Πνεῦμα,

2237 5139 2318 5196 ὅτι
2375 5137 2566 5195 δίδοται
2625 5137 2708 5194 διὰ
2727 5138 2848 5196 ἶ·ἱοῦ
2882 5156 2896 5172 ’
2957 5135 3040 5193 δεῖ
3095 5158 3153 5193 σε
3211 5134 3571 5215 διαγινώσκειν
3607 5138 3679 5199 ὡς
3710 5134 3790 5191 καὶ
3836 5132 3862 5186 6

2234 5227 2405 5308 λέγων
2491 5225 2691 5293 Ἰταλὸς
2771 5224 3160 5308 προϐεϐλῆσθαι
3228 5228 3315 5283 καὶ
3397 5226 3755 5307 εκπορεὺεσθαι
3806 5220 3861 5274 τὸ

2235 5318 2447 5393 Πνεὺμα
2523 5315 2575 5383 ἐξ
2644 5316 2779 5391 ficii,
2851 5314 2925 5372 διέ
2982 5337 3135 5373 τουτο
3163 5314 3329 5371 ταυτί
3358 5338 3541 5395 φησιν,
3600 5313 3679 5370 ὅτι
3733 5330 3859 5389 προ-

2233 5404 2486 5477 ϐέϐληται
2543 5407 2631 5465 καὶ
2683 5407 3021 5487 εκπορευεται
3070 5406 3133 5461 τὸ
3210 5410 3422 5483 Πνεῦμα
3465 5402 3531 5460 δι’
3593 5403 3728 5477 Υἱοῦ,
3785 5395 3860 5454 καὶ
