4180 6282
276 370 383 439 501
1291 376 1375 441 IN
1419 373 1815 441 CAMATERI
1843 372 2597 442 ANIMADVERSIONES.
3520 369 3638 436 502

262 508 608 581 ἀκολουθήσει
666 517 734 584 τῇ
791 508 1071 589 διαγνώσει
1143 511 1310 589 ταύτῃ
1369 512 1447 585 μὴ
1497 513 1558 570 τὸ
1599 512 1660 569 ἐκ
1704 510 1900 589 Πατρὸς

1998 513 2159 570 tuam
2193 511 2597 590 cognitionem
2626 517 2930 591 sequetur,
2968 509 3128 571 nullo
3160 507 3335 571 modo
3372 506 3634 585 ditl‘erre,

260 600 347 654 κσὶ
391 602 513 659 Υἱοῦ
578 599 946 676 ἐκπορεύεσθαι
1028 601 1090 657 τὸ
1153 605 1367 675 Πνεῦμα
1406 601 1471 656 τὸ
1512 600 1665 679 ἅγιον
1724 598 1900 679 διαφέ-

1998 616 2064 658 ex
2087 596 2257 661 Patre
2286 608 2345 662 et
2372 599 2520 662 Filio
2553 598 2843 681 Spiritum
2878 598 3317 680 procedere,et,
3349 614 3419 658 ex
3466 594 3639 657 Patre

260 709 369 766 ρειν
397 695 490 745 τοῦ
520 688 580 745 ἐκ
609 690 813 768 Πατρὸς
869 685 955 747 διὰ
1013 691 1161 759 Υἱοῦ,
1226 688 1403 769 ὥσπερ
1460 687 1576 748 οὐδὲ
1604 692 1667 748 τὸ
1694 691 1756 747 ὲκ
1800 696 1900 745 Πα-

1999 704 2103 764 per
2130 685 2367 767 Filium,
2395 688 2894 769 quemadmodum
2926 705 3121 768 neque
3151 685 3352 748 diﬂ'ert
3373 683 3544 747 illum
3568 700 3637 745 ex

256 777 381 855 τρὸς
408 784 502 834 τοῦ
567 781 686 835 Υἱοῦ
741 777 1039 853 πέμπεσθαι
1094 778 1222 836 αὐτὸ
1278 775 1509 859 διαφέρει
1550 786 1643 836 τοῦ
1696 779 1757 835 ἐκ
1801 785 1907 835 Πα-

257 866 386 943 τρὸς
412 864 482 921 δι’
522 868 642 925 Υἱοῦ
669 867 795 923 αὒτὺ
824 865 1147 941 πέμπεσθαι,

421 957 520 1017 Ἕκ
545 965 645 1027 τῆς
690 959 818 1038 πρὸς
862 958 1173 1038 Σεραπίωνα
1230 958 1411 1040 ἑτέρας
1442 960 1747 1030 ἐπιστολῆς.

342 1042 475 1116 ΟΛ’.
515 1076 535 1109 ι
591 1054 689 1111 Καὶ
770 1053 870 1132 γὰρ
939 1052 1123 1133 ὥσπερ
1225 1052 1463 1132 γέννημα
1548 1056 1829 1132 μονογενὲς
1881 1060 1909 1113 6

266 1163 292 1197 α
342 1143 465 1207 Υἱός
520 1144 656 1223 ἐστι,
729 1141 866 1199 οὕτω
932 1142 1021 1197 καὶ
1090 1142 1151 1198 τό
1208 1148 1418 1217 Πνεῦμα
1468 1143 1610 1222 παρὰ
1663 1151 1754 1201 τοῦ
1792 1147 1910 1201 Υἱου

265 1253 291 1287 ι
338 1230 610 1308 διδόμενον
660 1233 749 1289 καὶ
806 1230 1175 1310 πεμπόμενον,
1234 1232 1324 1287 καὶ
1380 1231 1508 1288 αὐτὰ
1564 1231 1620 1287 ἔν
1662 1231 1772 1288 ἔστι
1822 1235 1909 1290 καὶ

265 1343 289 1376 ε
343 1320 404 1378 οὐ
473 1320 669 1395 πολλὰ,
742 1317 859 1380 οὐδὲ
913 1318 975 1375 ἐκ
1027 1318 1242 1377 πολλῶν
1286 1318 1365 1395 ἕν,
1428 1318 1563 1376 ἀλλὰ
1593 1321 1755 1397 μόνον
1783 1321 1908 1378 αὐτό

264 1431 288 1465 ι
339 1416 577 1484 Πνεῦμα.
606 1407 760 1471 Ἐνος
829 1408 928 1487 γὰρ
982 1406 1130 1474 ὄντος
1174 1409 1267 1465 106
1306 1409 1426 1465 Υίοῦ
1454 1408 1548 1466 τοῦ
1577 1415 1772 1480 ζῶντος
1800 1411 1909 1467 Λό-

262 1521 292 1553 α
337 1521 436 1577 γου
465 1499 589 1574 μίαν
618 1498 759 1555 εἶναι
789 1495 872 1554 δεῖ
900 1495 1105 1554 τελείαν
1135 1498 1224 1553 καὶ
1252 1494 1432 1576 πλήρη
1464 1498 1563 1565 τὴν
1593 1498 1906 1577 ἆγιαστικὴν

262 1610 294 1643 α
339 1590 510 1663 ζωὴν,
556 1587 714 1644 οὖσαν
782 1585 1045 1664 ἐνέργειαν
1117 1589 1275 1646 αὐτοῦ
1322 1586 1438 1663 καὶ)
1465 1584 1682 1667 δωρεὰν,
1737 1586 1772 1656 ἤ
1827 1610 1907 1652 τις

264 1700 293 1732 α
339 1680 404 1734 ὲκ
460 1683 552 1733 τοῦ
596 1676 797 1754 Πατρός
853 1673 1063 1752 λέγεται
1119 1674 1533 1753 ἐκπορεύεσθαι·
1592 1675 1706 1732 ἐπεὶ
1766 1677 1907 1754 παρὰ

264 1790 289 1820 υ
339 1768 436 1822 τοῦ
489 1768 660 1843 Λόγου
701 1770 794 1820 τοῦ
841 1762 902 1819 ὲκ
949 1762 1154 1841 Πατρός
1211 1761 1638 1840 ὁμολογουμένου
1697 1761 1901 1840 ἐκλάμ-
1926 1794 1967 1844 Β

263 1879 286 1909 ι
339 1876 455 1934 πει,
485 1855 574 1911 καὶ
599 1850 1003 1925 ἀποστέλλεται,
1047 1853 1135 1908 καὶ
1165 1850 1385 1916 δίδοται,
1421 1870 1444 1905 ι

924 1941 1234 2002 Ἐπιστασία
1244 1991 1258 2005 .

338 2026 472 2119 ηορα
525 2040 623 2107 τὴν
678 2043 769 2095 τοῦ
844 2038 998 2115 ἁγίου
1079 2034 1370 2117 ἀκρίϐειαν,
1459 2040 1572 2101 πῶς
1616 2040 1736 2095 ἔνθα
1803 2039 1901 2106 τὴν

260 2155 289 2186 α
337 2129 482 2209 παρα
524 2127 768 2208 πρόθεσιν
796 2127 885 2185 καὶ
913 2126 997 2183 ἐπὶ
1038 2132 1132 2183 τοῦ
1189 2128 1393 2205 Πατρὸς
1429 2127 1518 2183 καὶ
1546 2125 1632 2183 ἐπὶ
1661 2129 1751 2184 τοῦ
1787 2127 1906 2184 Υἱοῦ

260 2242 285 2275 ι
336 2219 558 2292 τέθεικε,
604 2214 855 2273 διέστειλε
882 2215 976 2281 τὰς
1020 2214 1196 2294 φωνάς
1246 2233 1261 2248 ⁸
1295 2216 1385 2272 καὶ
1427 2214 1513 2272 ἐπὶ
1542 2215 1641 2291 μὲν
1667 2223 1759 2274 τοῦ
1787 2223 1902 2273 Πα-

255 2332 284 2363 σ
333 2308 459 2386 τρός
515 2304 702 2384 εἴρηκε
785 2304 883 2372 τὴν
950 2302 1284 2383 ἐκπόρευσιν,
1366 2304 1453 2361 επὶ
1506 2302 1562 2360 δὲ
1614 2311 1707 2362 τοῦ
1785 2308 1905 2364 Υἱοῦ

254 2422 282 2453 ιι
331 2397 433 2463 τὴν
463 2393 752 2471 ἔκλαμψιν,
783 2394 870 2451 καὶ
899 2391 1226 2467 ἀποστολὴν,
1256 2394 1343 2451 καὶ
1372 2392 1536 2455 δόσιν.
1565 2418 1588 2449 ι

899 2484 1225 2566 Ἀντίῤῥησις
1235 2529 1253 2548 ο

334 2583 481 2664 Ἐγὼ
535 2580 590 2639 δὲ
658 2606 819 2664 φημι,
881 2584 955 2646 ὡς
1025 2584 1150 2662 οὐχὶ
1232 2583 1325 2647 τὰς
1379 2584 1559 2663 φωνὰς
1611 2583 1830 2641 ἐνταυθα
1873 2585 1902 2641 6

248 2676 404 2752 ἅγιος
454 2670 729 2751 διέστειλε,
775 2671 874 2726 τὴν
928 2668 1238 2748 ἐκπόρευσιν
1290 2692 1428 2750 φημι
1482 2671 1589 2729 ἀπὸ
1650 2671 1748 2740 τῆς
1804 2670 1899 2728 ἐκ·-

248 2762 531 2838 λάμψεως,
591 2761 680 2817 καὶ
729 2760 790 2815 τὸ
819 2756 1081 2815 ἀνάπαλιν
1112 2774 1128 2791 ⁸
1197 2756 1322 2816 ἀλλ’
1363 2757 1546 2828 ἐπειδὴ
1603 2760 1775 2816 πάντα
1801 2756 1898 2815 ὅσα

246 2853 309 2907 τὸ
368 2850 580 2925 Πνεῦμα
635 2846 688 2913 ἐξ
754 2849 874 2913 Υὶοῦ
926 2845 1139 2926 λέγεται
1204 2847 1373 2927 ἔχειν,
1412 2848 1517 2927 οὔχ
1544 2849 1617 2913 ὡς
1676 2846 1728 2913 EE
1767 2845 1897 2909 ἰδίας

246 2940 394 3018 παρὰ
447 2940 539 2994 τὸν
583 2936 786 3014 Πατέρα
834 2936 1005 3002 αἰτίας
1053 2935 1184 3016 ἔχον
1233 2935 1376 2993 ἐστιν
1409 2951 1425 2966 ⁸
1459 2933 1744 3007 ἀναϐλύζον
1798 2936 1897 3013 γὰρ

246 3038 343 3089 τοῦ
411 3032 555 3105 Ποῦ,
612 3030 701 3086 καὶ
740 3028 1117 3107 ιπροχεόμενον
1161 3026 1216 3093 ἒξ
1265 3031 1404 3101 Υἱοῦ,
1454 3028 1556 3107 οὐχ
1584 3029 1657 3092 ὡς
1689 3025 1740 3093 ἐξ
1766 3023 1895 3082 ἰδίας

245 3116 523 3189 ἀναϐλύζει
566 3119 654 3174 καὶ
717 3129 1004 3196 προχεῖται
1060 3116 1202 3191 παρὰ
1255 3117 1345 3172 τὸν
1398 3114 1604 3196 Πατέρα
1647 3120 1830 3194 πηγῆς
1879 3134 1894 3150 ·

245 3204 369 3264 ἀλλ’
425 3205 506 3263 ὅτι
547 3210 611 3263 ’ὲκ
665 3206 867 3283 Πατρός
910 3202 977 3260 δι’
1042 3207 1162 3263 Υἱοῦ
1217 3202 1491 3276 ἀναϐλύζει
1532 3224 1591 3260 τε
1619 3205 1705 3261 καὶ
1757 3225 1896 3283 προ-

246 3308 461 3376 χεῖται,
526 3296 615 3351 καὶ
675 3292 727 3358 ἐξ
792 3296 914 3353 Υὶοῦ
970 3291 1272 3364 ἂναϐλύζειν
1339 3290 1548 3370 λέγεται
1617 3294 1705 3349 καὶ
1757 3314 1895 3370 προ-

242 3386 465 3463 χετσθαι
502 3403 517 3417 ’
580 3380 745 3446 οὕτως
804 3381 959 3437 οἱονεὶ
1016 3382 1044 3436 6
1074 3380 1223 3458 ἅγιος
1255 3377 1640 3458 συλλογίζεται.
1672 3378 1893 3447 Ἐπειδὴ

241 3473 305 3528 16
352 3471 565 3544 Πνεῦμα
613 3469 754 3547 παρὰ
808 3474 899 3523 τοῦ
955 3466 1149 3545 Λόγου,
1208 3466 1445 3525 τουτέστι
1474 3463 1558 3521 διὰ
1600 3472 1692 3523 τοῦ
1725 3466 1893 3543 Λόγου

244 3560 487 3639 πρόεισιν
546 3558 606 3614 ἐκ
671 3558 897 3636 Πατρὸς,
954 3555 1132 3631 ὥσπερ
1162 3555 1213 3621 ἐξ
1254 3553 1405 3621 ἡλίου
1436 3552 1520 3611 διὰ
1546 3562 1639 3612 τοῦ
1691 3556 1888 3635 φωτὸς,

240 3651 543 3730 φωτιστικὴ
590 3644 912 3723 λαμπηδὼν,
972 3646 1001 3701 6
1058 3642 1109 3700 δὲ
1185 3644 1355 3721 Λόγος
1435 3642 1495 3699 ἐκ
1547 3650 1638 3719 τοῦ
1684 3644 1889 3722 Πατρὸς

236 3734 625 3813 ὡμολόγηται,
685 3732 770 3790 διὰ
825 3754 980 3790 τοττο
1032 3733 1119 3788 καὶ
1178 3731 1303 3789 αὖυό
1358 3731 1499 3811 παρὰ
1565 3738 1656 3789 τοῦ
1685 3732 1889 3810 Πατρός

238 3825 615 3904 ἐκπορεύεσθαι
647 3822 856 3903 λέγεται
870 3869 881 3880 .

232 3915 337 3976 Ἐκ
391 3918 498 3974 τὼν
554 3917 670 3995 περὶ
738 3922 831 3972 τοῦ
862 3994 865 3995 ν
902 3913 1113 3995 ὁμοίους
1172 3913 1319 3970 εῖναι
1399 3914 1491 3969 τὸν
1546 3911 1753 3992 Πατέρα
1801 3911 1893 3972 καὶ

320 3998 414 4054 τόν
494 3992 634 4053 Υὶόν
669 3996 756 4051 καὶ
809 3994 870 4051 τό
951 3992 1102 4071 ἅγιον
1180 3999 1392 4069 Πνεῦμα
1435 3998 1734 4072 μαρτυριῶν
1788 3998 1888 4060 τῆς

319 4082 536 4157 Γραφῆς
565 4073 864 4155 κεφαλαίων
892 4074 1286 4152 τεασαράκοντα
1329 4073 1493 4135 ὀκτώ.

319 4161 488 4233 OB...
520 4170 581 4228 Τί
612 4170 721 4226 ἰστι
753 4171 906 4248 Θεόςς
936 4159 997 4224 Ἦ
1028 4167 1240 4224 πάντων
1263 4167 1408 4247 ἀρχὴ
1436 4167 1571 4224 κατὰ
1597 4168 1689 4223 τόν
1720 4165 1890 4224 Ἀπό-

238 4285 267 4317 ι
319 4261 508 4318 στολον
545 4278 558 4291 ’
609 4286 634 4317 ι
667 4257 764 4323 Εἷς
794 4258 923 4321 Θεός
955 4259 981 4313 6
1011 4257 1216 4334 Πατὴρ,
1249 4256 1300 4322 ἒξ
1343 4256 1403 4313 06
1442 4257 1509 4313 τὰ
1528 4256 1760 4320 πάντα,)
1793 4260 1889 4315 Καὶ

2000 777 2168 836 Patre
2197 783 2257 838 et
2282 775 2452 852 Filio,
2489 785 2546 839 et
2569 796 2638 838 ex
2667 777 2839 838 Patre
2868 794 2976 857 per
2996 774 3211 839 Filium
3244 772 3420 837 mitti.

2262 958 2365 1022 Ex
2392 959 2522 1023 alia
2551 961 2630 1023 ad
2652 958 3047 1039 Serapionem
3073 957 3350 1039 epistola.

2072 1048 2271 1113 LXXI.
2314 1077 2336 1108 ιι
2368 1051 2634 1133 Namque
2662 1052 2837 1115 sicuti
2866 1051 3038 1114 fastus
3077 1050 3418 1128 unigenitus
3446 1048 3631 1111 Filius

1998 1161 2024 1191 α
2061 1146 2170 1211 est,
2204 1142 2284 1202 ito
2316 1149 2373 1201 et
2402 1141 2682 1221 Spiritus,
2736 1140 2836 1223 qui
2888 1159 2922 1201 a
2969 1140 3119 1203 Filio
3147 1139 3322 1202 datur
3359 1146 3417 1201 et
3447 1136 3634 1198 mitti-

1999 1253 2023 1281 α
2062 1234 2175 1309 tur,
2202 1248 2355 1292 unus
2386 1239 2476 1291 est
2530 1238 2589 1291 et
2646 1249 2763 1292 non
2811 1229 3015 1305 multa,
3074 1246 3269 1310 neque
3314 1245 3383 1290 ex
3436 1225 3637 1289 multis

1998 1340 2022 1370 α
2060 1336 2265 1394 unum,
2289 1318 2393 1381 sed
2423 1319 2586 1380 solus
2621 1321 2747 1398 ipse
2776 1316 3055 1399 Spiritus.
3080 1318 3226 1381 Cum
3259 1315 3416 1379 enim
3449 1332 3632 1378 unum

1999 1427 2020 1459 α
2059 1405 2135 1465 sit
2165 1407 2575 1481 Filius,vivens
2604 1406 2891 1489 Verbum,
2924 1413 3158 1487 oportet
3190 1423 3366 1467 unam
3398 1422 3634 1485 quoque

2000 1514 2022 1546 ι
2062 1512 2195 1556 esse
2226 1495 2546 1575 perfectam
2577 1504 2635 1558 et
2664 1496 2903 1574 plenam
2933 1495 3111 1556 vitam
3137 1493 3631 1567 sanctiﬁcantem,

1997 1606 2019 1636 ιι
2059 1583 2395 1663 ψιωὶρείυε
2415 1592 2506 1646 est
2535 1585 2804 1664 operatio
2836 1594 2888 1646 et
2917 1583 3164 1658 donum,
3199 1601 3332 1664 quae
3362 1600 3433 1645 ex
3463 1580 3636 1644 Patre

1997 1695 2021 1725 α
2056 1671 2274 1734 dicitur
2294 1673 2623 1753 prucedere
2649 1695 2661 1732 :
2693 1691 2827 1736 cum
2856 1691 2923 1736 ex
2956 1670 3342 1753 Verbo,quod
3363 1690 3434 1733 ex
3457 1675 3629 1733 Patre

1996 1783 2018 1813 α
2056 1778 2189 1822 esse
2216 1760 2525 1842 asseritur,
2559 1761 2776 1836 elucet,
2814 1761 3101 1823 emittitur
3125 1767 3185 1823 et
3211 1760 3490 1823 donatur.
3523 1782 3546 1817 ι

2592 1942 3075 2005 Animadversio.

2073 2055 2096 2088 α
2132 2033 2341 2098 Notato
2373 2036 2561 2097 sancti
2593 2042 2856 2099 exactam
2878 2034 2968 2097 rei
2994 2033 3425 2114 dicussionem,
3474 2051 3627 2113 quo-

1994 2145 2017 2174 «
2056 2121 2229 2183 modo
2256 2122 2360 2185 ubi
2392 2122 2870 2204 praepositionem
2903 2139 2980 2185 ea:
3008 2121 3082 2183 de
3111 2120 3306 2194 Patre,
3329 2127 3388 2181 et
3417 2117 3496 2181 de
3524 2117 3627 2180 Fi-

1995 2231 2017 2265 c
2052 2210 2130 2270 lio
2161 2210 2505 2285 enuntiavit,
2561 2210 2855 2273 dictiones
2906 2209 3206 2286 distinxit;
3237 2215 3300 2271 et
3328 2206 3403 2269 de
3454 2208 3629 2270 Patre

1993 2323 2016 2355 α
2055 2300 2519 2379 processionem,
2544 2301 2620 2362 de
2647 2300 2796 2363 Filio
2835 2318 2972 2363 vero
3019 2299 3333 2378 fulgorem,
3385 2296 3625 2359 missio-

1992 2407 2019 2445 ι
2053 2406 2215 2467 nem,
2249 2389 2628 2453 etdationem
2661 2388 2947 2451 asseruit.
2987 2414 3012 2444 ιο

2626 2483 2961 2563 Refutatio.

2062 2575 2181 2641 Sed
2206 2578 2358 2660 ipse,
2388 2578 2506 2654 aio,
2536 2586 2804 2642 sanctum
2822 2578 2920 2641 hic
2949 2586 3067 2640 non
3099 2576 3387 2640 dictiones
3409 2577 3626 2642 distin-

1980 2665 2163 2743 xisse,
2189 2670 2655 2748 processionem,
2689 2667 2954 2747 inquam,
2984 2674 3043 2728 et
3073 2665 3357 2745 fulgorem
3376 2674 3435 2728 et
3473 2684 3624 2731 con-

1983 2764 2094 2818 tra.
2128 2756 2246 2821 Sed
2266 2775 2404 2819 cum
2431 2774 2801 2838 quaecunque
2831 2754 3086 2837 Spiritus
3112 2773 3183 2819 ex
3225 2754 3374 2817 Fi'io
3406 2756 3623 2820 dicitur

1980 2845 2228 2920 habere,
2252 2864 2374 2908 non
2403 2845 2489 2907 uti
2525 2863 2595 2909 ex
2626 2844 2887 2927 propria,
2919 2844 3150 2908 seclusa
3210 2846 3405 2919 Patre,
3442 2863 3622 2907 causa

1980 2933 2263 3013 possidet.
2288 2934 2586 2998 Exsiliens
2626 2933 2786 2996 enim
2826 2951 2897 2995 ex
2926 2932 3097 3003 Filio.
3127 2942 3185 2994 et
3214 2932 3436 2995 eﬂ'usus
3456 2952 3491 2995 a
3515 2933 3616 2996 Fi-

1984 3021 2086 3098 lio,
2120 3041 2238 3084 non
2268 3023 2353 3085 uti
2380 3041 2452 3085 ex
2498 3024 2737 3104 proprio
2768 3021 2965 3084 exsilit
3013 3020 3478 3102 elfunditurque,
3512 3040 3613 3085 se-

1982 3113 2145 3173 cluso
2176 3114 2372 3193 Patre,
2405 3112 2586 3188 fonte,
2618 3110 2723 3174 sed
2753 3111 2911 3192 quod
2942 3128 3013 3172 ex
3056 3109 3206 3173 Filio
3250 3110 3488 3172 exsilire
3517 3110 3617 3172 di-

1981 3207 2166 3281 catur,
2200 3209 2253 3262 et
2284 3200 2583 3282 profundi,
2608 3200 2767 3262 hunc
2798 3198 2859 3261 in
2889 3198 3128 3261 modum
3168 3206 3406 3262 sanctus
3429 3199 3616 3261 ratio-

1978 3289 2230 3352 cinatur.
2262 3289 2406 3353 Cum
2459 3288 2712 3371 Spiritus
2740 3309 2775 3352 a
2801 3287 3022 3370 Verbo,
3072 3289 3185 3351 hoc
3239 3295 3329 3349 est
3377 3306 3484 3369 per
3510 3288 3613 3351 Fi-

1978 3376 2119 3438 lium
2154 3378 2529 3459 progreditur
2579 3397 2653 3442 ex
2705 3382 2879 3442 Patre
2925 3386 3201 3459 tanquam
3250 3395 3322 3440 ex
3349 3375 3477 3440 sole
3507 3394 3616 3458 per

1974 3468 2176 3530 lumen
2204 3467 2545 3530 illuminans
2570 3467 2794 3543 radius,
2815 3476 2873 3531 et
2894 3465 3163 3529 Verbum
3188 3483 3258 3528 ex
3288 3468 3461 3530 Patre
3483 3484 3617 3530 esse

1972 3557 2126 3636 apud
2157 3575 2365 3620 omnes
2412 3557 2472 3618 in
2530 3556 2804 3620 confesso
2844 3565 2953 3632 est,
2989 3563 3302 3638 propterea
3339 3564 3398 3617 et
3446 3556 3545 3619 hic
3575 3572 3611 3619 a

1972 3647 2144 3709 Patre
2163 3646 2490 3729 procedere
2517 3646 2754 3710 dicitur.

1973 3918 2079 4005 Enr:
2107 3919 2404 4005 capitibus
2431 3920 2847 4005 quadraginta
2884 3927 3022 4005 octo
3044 3919 3115 4005 (te
3133 3918 3327 3983 simili
3350 3924 3616 3983 essentia

2022 3998 2191 4061 inter
2210 3998 2455 4063 Putrem
2471 4005 2526 4063 et
2557 3998 2798 4064 Filium
2821 4008 2882 4063 et
2910 3998 3210 4081 Spiritum
3236 4007 3543 4063 sanctum.

2050 4171 2275 4235 LXXII.
2310 4173 2462 4247 Quid
2494 4181 2584 4235 est
2616 4176 2803 4238 Deus?
2826 4171 3104 4236 Omnium
3138 4172 3496 4255 principium
3522 4191 3615 4235 se-

1976 4284 2004 4317 «
2039 4262 2296 4323 cundum
2326 4263 2673 4344 Apostolum
2701 4262 2999 4325 dicentem
3041 4280 3055 4326 :
3095 4261 3293 4326 «Unus
3317 4263 3475 4325 Deus
3494 4263 3613 4324 Pa-

239 4370 264 4406 ι
316 4351 418 4429 γὰρ
474 4350 503 4404 6
558 4347 728 4425 Λόγος
779 4345 830 4411 ἐξ
900 4347 1061 4405 αὐτοῦ
1113 4350 1406 4423 γεννητὼς,
1467 4346 1557 4401 καὶ
1584 4346 1646 4401 16
1675 4345 1884 4420 Πνεῦμκ

1985 4374 2002 4407 ι
2036 4358 2151 4425 ter,
2187 4369 2256 4413 ex
2286 4352 2402 4431 quo
2434 4353 2631 4414 omnia
2649 4351 2751 4413 67:
2784 4350 3048 4416 Verbum
3101 4360 3297 4413 autem
3355 4350 3485 4429 ejus
3540 4368 3613 4413 ex

238 4460 264 4496 ι
318 4437 370 4504 ἐξ
430 4438 586 4495 αὖτοῦ
615 4436 961 4517 ἐκπορευτῶς,
1016 4435 1140 4491 εἶτα
1200 4441 1346 4491 πᾶσα
1396 4435 1431 4502 ἡ
1474 4434 1640 4499 κτίσις
1671 4432 1755 4491 διὰ
1794 4442 1885 4491 τοῦ

236 4549 265 4587 ι
316 4528 489 4606 Λόγου
519 4525 573 4582 ἰν
604 4526 866 4601 Πνεόματι
895 4523 1123 4591 συνέστη
1156 4521 1579 4603 δημιουργικῶς,
1611 4542 1634 4573 ι

904 4809 1238 4871 Ἐπιστασία.

318 4939 341 4972 ιι
390 4917 529 4996 Ὅρα
610 4918 747 4980 τίνος
827 4916 1147 4995 ἐκπορευτὸν
1214 4918 1274 4972 τὸ
1327 4922 1540 4989 Πνεῦμα
1596 4912 1768 4993 λέγεις
1849 4916 1876 4969 6

230 5030 259 5063 ε
308 5007 487 5086 ἅγιος,
527 5032 551 5062 ι

872 5095 885 5115 ’
896 5097 1171 5176 Λντιρρησι
1182 5119 1200 5161 ς
1212 5141 1227 5156 .

656 5190 859 5269 Πατρός
930 5189 1141 5256 παντως
1224 5189 1540 5267 ἐκπορευτόν
1614 5189 1758 5268 λέγει
1798 5192 1873 5303 ξό

659 5279 684 5303 ἴ.
741 5281 777 5303 ,θ
850 5281 910 5303 ,με
949 5281 999 5303 ὶη
1044 5289 1119 5303 _--
1190 5277 1308 5303 \ﬂ-‘
1338 5280 1467 5303 ,'__{-
1524 5299 1561 5303 ,ξ
1605 5279 1722 5303 μ’-)
1844 5301 1868 5303 ν.

309 5187 322 5213 ’
333 5202 406 5251 Εκ
481 5200 572 5249 τοῦ

1974 4462 2001 4494 α
2037 4438 2164 4520 ipso
2196 4441 2476 4503 nascendi
2506 4441 2758 4509 ratione,
2796 4450 2854 4502 et
2879 4440 3135 4521 Spiritus
3182 4437 3612 4520 progrediendi

1975 4552 1995 4583 ι
2037 4528 2213 4589 modo
2267 4528 2515 4606 exsistit,
2551 4530 2768 4592 deinde
2817 4529 3100 4592 universa
3149 4545 3349 4590 rerum
3398 4533 3610 4590 natura

1971 4638 1994 4674 α
2035 4634 2140 4697 per
2162 4614 2424 4679 Verbum
2455 4625 2512 4679 et
2535 4616 2825 4698 Spiritum
2849 4617 3097 4681 creandi
3117 4616 3351 4679 ratione
3378 4615 3609 4677 consti-

1972 4729 1993 4762 ι
2035 4713 2155 4768 tuta
2179 4712 2291 4770 est.
2315 4725 2345 4766 ι

2521 4801 3004 4865 Animadversio.

2047 4913 2074 4951 ι
2108 4891 2441 4969 Attendito,
2475 4912 2510 4955 a
2538 4913 2653 4975 quo
2685 4892 2969 4975 Spiritum
3012 4893 3335 4976 procedere
3363 4901 3604 4956 sanctus

1963 5002 1991 5035 α
2024 4990 2271 5044 asserat.
2311 5006 2334 5039 υ

2597 5083 2917 5162 Refutatt'o.

2037 5179 2121 5240 Ex
2142 5180 2318 5245 Patre
2349 5200 2593 5262 prorsus
2620 5180 2766 5243 dicit
2794 5180 3117 5262 procedere
3146 5180 3453 5263 Spiritum.
3489 5183 3603 5245 Ve-

226 5289 460 5358 Πνεῦμα.
519 5277 687 5337 Ἀλλὰ
736 5281 779 5336 εἷ
827 5281 914 5336 καὶ
945 5281 1004 5336 ἐκ
1039 5289 1130 5337 τοῦ
1190 5277 1310 5335 Υίοῦ
1337 5280 1519 5357 ὑπαρχ
1522 5299 1567 5333 ει
1600 5279 1746 5352 αὐτό,
1780 5269 1874 5337 067.

1989 5290 2086 5333 um
2119 5282 2181 5337 et
2205 5272 2254 5334 si
2269 5291 2339 5334 ex
2367 5271 2518 5333 Filio
2546 5273 2726 5332 etiam
2756 5279 2864 5351 est,
2904 5288 3023 5331 non
3069 5270 3206 5333 ideo
3237 5269 3593 5346 contendes,

222 5372 362 5451 ἰρεϊς
403 5370 617 5430 πάντως
676 5371 748 5430 ὡς
811 5364 1135 5427 ἀποϐάλοιτο
1179 5368 1241 5422 ἄν
1269 5368 1331 5422 τὸ
1386 5364 1727 5441 ἐκπορευτδν,
1784 5370 1871 5424 καὶ

1995 5381 2087 5421 υτιι
2118 5360 2393 5425 amisisse
2419 5358 2783 5441 procedendi
2816 5358 3356 5442 modum,forteque
3385 5377 3592 5422 susce-

221 5459 600 5539 προσλήψαιτο
629 5456 765 5521 ἴσως
795 5458 854 5513 τὸ
884 5457 1158 5535 γεννητόν.
1182 5506 1185 5507 ,

303 5626 329 5692 Ι
358 5627 497 5691 Cor.
527 5641 652 5699 νιιι,
686 5625 744 5691 6.

1954 5451 2111 5531 pisse
2141 5450 2424 5513 nascendi
2460 5448 2772 5513 rationem.
