4180 6282
561 375 678 438 503

1650 371 1917 434 JOANN.
1946 365 2164 430 VECCI
2197 363 2310 425 GP.
2341 357 2855 426 PATRIARGHE

3808 359 3916 426 504

545 509 836 587 Eiusdem
867 526 945 572 ea:
973 511 1251 570 oratione
1307 511 1372 570 in
1420 509 1620 586 forma
1649 503 1893 583 Dialogi
1921 501 2204 564 Macedo-

2295 501 2390 553 Τοῦ
2433 496 2591 552 αὐτοῦ
2672 494 2778 550 ἀπὸ
2809 501 2924 587 ..τοῦ
2991 493 3152 572 λόγου
3219 503 3312 587 τ.οῦ
3371 493 3428 587 ἐν
3463 491 3606 587 ἐἴδει
3661 490 3916 559 διαλέξεως

1040 594 1218 650 niani
1251 595 1305 651 et
1335 587 1704 651 Orthodnxi.

640 679 1002 748 LXXlI[.cSi
1023 681 1221 761 itaque
1235 682 1704 743 demonstratum
1729 674 2202 754 fuerit,ejusdem

569 800 592 835 ο
629 792 763 837 esse
793 778 1017 831 natura:
1050 779 1108 831 et
1133 771 1367 832 deitatis
1397 788 1531 831 cum
1569 771 1739 828 Patre
1787 773 1844 826 et
1885 764 2033 826 Filio
2066 762 2203 844 Spi-

564 889 587 924 ιι
623 865 823 931 ritum,
873 859 973 940 qui
1020 879 1089 920 ex
1144 860 1273 939 ipso
1331 863 1505 922 Patre
1554 875 1661 937 per
1714 854 1927 916 Filium
1986 854 2205 914 effusus

559 980 582 1012 ι
619 961 731 1026 est,
760 957 819 1010 et
847 948 1215 1010 adorandum
1251 947 1644 1010 etcolendum
1672 962 1804 1006 esse
1826 943 2202 1005 demonstra-

565 1070 592 1100 α
627 1041 810 1103 bitur.
853 1063 876 1093 »

1118 1132 1304 1193 Anim
1315 1131 1620 1193 adversio.

636 1244 658 1280 ιι
698 1222 784 1285 Ne
807 1231 1033 1286 temere
1065 1233 1123 1286 et
1155 1224 1380 1305 absque
1407 1224 1676 1302 diligenti
1708 1219 2204 1288 attentionehanc

561 1335 588 1367 ιι
626 1330 945 1392 percurras
977 1312 1324 1393 pericopen.
1362 1312 1648 1394 Namque,
1684 1320 1749 1376 ut
1774 1308 2202 1382 reor,admira-

559 1425 586 1456 α
623 1400 801 1461 bilem
837 1401 896 1461 in
919 1401 1046 1480 ipsa
1071 1402 1405 1481 comperies
1429 1401 1779 1464 claritatem.
1817 1398 1966 1461 Illud
2020 1396 2202 1467 enim,

563 1511 585 1545 ιι
623 1508 692 1550 ex
723 1489 876 1569 ipso,
917 1489 1318 1569 praepositum,
1349 1510 1465 1551 non
1497 1489 1569 1551 ab
1593 1491 1708 1551 alio
1728 1508 1860 1551 esse
1893 1485 2204 1546 manifesto

561 1599 584 1633 ιι
621 1578 882 1639 indicat:
922 1596 991 1640 ex
1024 1597 1138 1659 quo
1180 1579 1374 1640 modis
1419 1580 1697 1641 omnibus
1744 1579 1909 1639 illum
1963 1593 2032 1636 ex
2083 1572 2206 1631 solo

566 1686 595 1726 ‹
629 1668 800 1728 Patre
832 1685 964 1728 esse
1008 1676 1272 1747 apparet.
1324 1667 1441 1730 Sed
1500 1674 1560 1731 et
1599 1687 1709 1748 per
1757 1663 2090 1748 prapositio
2135 1660 2208 1720 de

2654 571 3042 633 Μακεδονιανοῦ
3076 571 3188 630 καὶ
3243 571 3570 651 Ὀρθοὸόξου.

2371 659 2498 727 Ol".
2553 694 2576 726 ι
2623 667 2749 726 Ἐὰν
2790 667 2877 724 οῦν
2907 666 3096 747 δειχθῇ
3121 672 3220 734 τῆς
3249 666 3414 734 αὐτῆς
3444 667 3586 724 εἶναι
3618 667 3812 745 φύσεως
3841 669 3917 723 καὶ

2295 781 2323 814 ιι
2350 758 2599 825 θεότητος
2711 764 2788 831 τῷ
2884 760 2990 831 ι’ἱῷ
3056 757 3143 813 καὶ
3197 758 3360 836 Πατρὶ
3409 756 3470 814 τό
3555 755 3780 830 Πνεῦμα,
3860 757 3914 812 τό

2295 868 2319 902 ι
2354 845 2406 912 ἐξ
2463 848 2624 905 αὐτοῦ
2689 851 2784 903 τοῦ
2841 847 3043 924 [ἰατρὸς
3095 843 3176 903 διὰ
3233 847 3324 901 τοῦ
3372 847 3494 904 Υἱοῦ
3561 843 3798 924 ἐκχυθὲν,
3838 847 3918 901 καὶ

2294 959 2323 991 ιι
2357 934 2720 1016 προσκυνητόν
2751 935 2839 991 καὶ
2881 933 3159 1013 λατρευτὸν
3189 931 3656 1013 ἀποδειχθήσεται.
3688 959 3710 989 ι

2954 1114 3288 1177 Ἐπιστασία.
3333 1187 3338 1193 τ

2377 1235 2399 1268 ι
2452 1213 2540 1278 Μὴ
2583 1211 3007 1290 ἀπεριμερίμνως
3058 1210 3156 1278 τὴν
3213 1232 3481 1288 παρουσαν
3529 1209 3734 1288 διέλθῃς
3777 1232 3918 1290 περι-

2294 1323 2322 1355 σ
2357 1302 2554 1370 κοπῆν.
2605 1291 2696 1362 Ὠς
2759 1300 2917 1376 οἶμαι
2973 1301 3062 1356 καὶ
3103 1299 3201 1378 γὰρ
3251 1299 3556 1375 θαυμαςτὴν
3585 1300 3821 1378 εῦρήσεις
3875 1299 3922 1355 ἐν

2296 1407 2328 1448 (
2354 1393 2488 1466 αὐτῇ
2543 1387 2936 1468 γλαφυρότητα,
2972 1390 3044 1446 Τὸ
3087 1389 3185 1466 γὰρ
3228 1386 3280 1454 ἐξ
3327 1388 3486 1446 αὐτοῦ
3532 1389 3806 1467 προστεθὲν
3870 1392 3926 1446 τὸ

2296 1500 2323 1533 ι
2361 1478 2437 1553 μὴ
2496 1474 2620 1556 παρ’
2652 1476 2827 1556 ἑτερου
2870 1475 3051 1544 δηλοῖ.
3101 1474 3198 1535 Ἐκ
3252 1477 3435 1534 τούτου
3494 1476 3549 1534 δὲ
3601 1477 3808 1543 πάντως
3849 1488 3930 1542 καὶ

2299 1587 2322 1624 ιι
2357 1569 2418 1622 τὸ
2460 1567 2602 1644 παρὰ
2673 1567 2835 1642 μόνου
2904 1573 2996 1622 τοῦ
3076 1567 3276 1645 Πατρὸς
3351 1567 3711 1646 ἀναφαίνεται.
3773 1565 3926 1624 Ἀλλὰ

2298 1679 2324 1710 ιι
2358 1657 2445 1711 καὶ
2496 1656 2531 1722 ἡ
2618 1653 2702 1711 διὰ
2763 1655 3008 1734 πρόθεσις
3080 1655 3166 1711 ἐπὶ
3240 1662 3333 1712 τοῦ
3388 1656 3512 1712 Υἱοῦ
3559 1658 3794 1731 τεθεῖσα,
3850 1656 3923 1731 μὴ

561 1773 592 1814 ‹
626 1754 775 1816 Filio
807 1755 986 1836 dicta,
1021 1741 1140 1816 non
1175 1775 1244 1817 ex
1267 1755 1397 1835 ipso
1434 1741 1689 1819 effusum
1743 1741 1896 1818 esse-
1922 1750 2204 1832 Spiritum

2299 1767 2326 1799 ιι
2359 1743 2410 1809 ἐξ
2453 1746 2611 1800 αῦτοῦ
2639 1747 2866 1822 χυθῆναι
2896 1743 2956 1800 τό
3000 1745 3213 1820 Πνεῦμα
3241 1741 3484 1810 ὶδίδαξεν,
3523 1767 3548 1802 ι

565 1867 592 1897 α
627 1842 826 1904 docet.

1196 1950 1534 2030 Refutat-z’o.

633 2042 796 2104 Fieri
825 2044 1056 2124 nequit,
1083 2053 1148 2106 ut
1167 2052 1226 2104 tu
1243 2045 1727 2125 praepositionum
1751 2061 1828 2107 ea:
1857 2041 2202 2121 etpervircs

553 2132 807 2213 aequales
830 2132 1110 2212 deneges,
1137 2152 1344 2211 quare,
1380 2143 1442 2194 ut
1455 2135 1579 2214 jam
1613 2133 1894 2202 diximus,
1915 2131 2026 2192 ista
2051 2149 2196 2190 con-

551 2219 833 2296 fessione,
893 2241 1067 2301 quam
1105 2223 1364 2300 effugere
1407 2221 1957 2303 nequeas.propriis
1981 2219 2094 2278 tuis
2120 2219 2202 2278 la-

555 2308 671 2371 biis
701 2310 1254 2390 comprehenderis.
1287 2313 1716 2373 Verumtamen
1749 2311 1924 2371 etiam
1963 2308 2012 2368 si
2045 2307 2209 2367 hisce

553 2397 761 2459 viritus
789 2399 1272 2478 praepositionum
1306 2400 1631 2479 aequalibus
1663 2399 1917 2480 Spiritus
1943 2416 2010 2458 ex
2043 2403 2171 2456 utro

553 2506 670 2569 que
691 2505 824 2549 esse
853 2507 973 2549 non
1004 2497 1274 2568 apparet,
1316 2507 1445 2568 quae
1476 2497 1566 2550 est
1610 2489 1718 2549 ista
1771 2485 2210 2566 consequentiae

561 2575 773 2649 series,
809 2594 879 2638 ex
910 2577 1058 2638 solio
1098 2580 1268 2638 Patre
1299 2585 1354 2638 te
1385 2577 1608 2649 dicere,
1646 2578 1910 2656 cum,qui
1941 2595 2010 2637 ex
2040 2577 2208 2636 Patre

559 2683 666 2747 per
694 2664 908 2726 Filium
931 2664 1188 2728 exsistit?
1208 2665 1278 2726 Et
1305 2673 1462 2726 tuam
1494 2668 1550 2727 in
1569 2666 1916 2727 disserendo
1941 2664 2205 2745 pertina-

565 2754 715 2816 ciam
750 2754 1280 2815 animadvertimus
1311 2774 1444 2815 cum
1482 2753 2209 2836 negasSpiritum,quiper

560 2842 774 2906 Filium
809 2843 1154 2923 effunditur,
1184 2862 1216 2904 a
1250 2843 1398 2904 Filio
1429 2843 1677 2906 effundi.
1730 2844 1960 2906 Etenim
2006 2842 2054 2901 si
2108 2841 2203 2902 ubi

558 2938 782 3012 aperta,
817 2950 884 2992 ac
927 2933 1116 3012 palam
1174 2931 1450 2993 omnibus
1482 2940 1570 2993 est
1627 2933 1991 3011 differentia,
2026 2939 2084 2990 tu
2119 2931 2204 2989 si-

558 3020 720 3082 milia
748 3020 934 3082 audes
958 3020 1288 3095 enuntiare,
1325 3021 1624 3101 quomodo
1659 3020 1949 3101 praebebis
1996 3037 2200 3080 assen-

554 3127 686 3174 sum
718 3108 1054 3172 dicentibus
1085 3109 1233 3171 nihil
1257 3109 1496 3171 diﬂ‘erre
1528 3128 1597 3170 ex
1627 3109 1804 3171 Patre
1834 3125 1939 3189 per
1968 3107 2203 3179 Filium,

562 3209 620 3262 et
650 3218 720 3261 ex
749 3207 998 3279 utroque
1029 3197 1316 3278 Spiritum
1352 3198 1724 3278 procedere?

1239 3291 1535 3368 Ejusdem
1549 3339 1564 3355 .

643 3383 1005 3446 LXXIV.«Et
1026 3385 1322 3464 quodnam
1348 3384 1496 3446 adeo
1528 3384 1773 3464 impium
1806 3383 2203 3463 fuerit,Spiri-

563 3483 685 3534 tum
711 3481 1043 3534 creaturam
1076 3491 1506 3553 asserere,cum
1531 3473 1716 3536 Filins
1746 3473 2096 3534 dicatzuNon
2118 3492 2197 3531 es-

560 3562 635 3622 tis
668 3580 766 3622 vos
797 3562 895 3640 qui
925 3561 1370 3641 loquimini,sed
1399 3562 1654 3638 Spiritus
1681 3561 2201 3641 Patris,quiloqui-

562 3659 659 3712 tur
675 3648 736 3710 in
761 3649 1068 3710 vohis68?»
1083 3650 1222 3711 Cum
1244 3651 1340 3711 hic
1363 3649 2024 3729 dicat,Sp|ritumPatris
2044 3669 2199 3722 es~e,

563 3747 624 3800 tu
655 3738 952 3819 quomodo
977 3741 1156 3800 audes
1180 3739 1345 3799 illum
1374 3747 1707 3799 creaturam
1737 3738 1988 3800 vocare?
2015 3738 2206 3810 Quare

564 3844 684 3892 non
703 3826 874 3889 audis
907 3829 1138 3889 Patrem
1172 3828 1495 3889 dicentem:
1533 3851 1552 3883 ι
1595 3826 1656 3887 In
1691 3827 1900 3888 diebus
1931 3828 2210 3887 extremis

565 3916 863 3980 effundam
899 3934 966 3977 ex
990 3916 1210 3996 Spiritu
1239 3934 1370 3977 meo
1403 3915 1463 3974 in
1496 3935 1733 3977 omnem
1761 3916 2125 3991 carnem69;o
2157 3928 2212 3977 et

567 4023 800 4067 rursum
830 4023 843 4067 :
887 4030 913 4061 ιι
938 4004 1092 4066 Ecce
1122 4004 1305 4066 Filius
1345 4023 1512 4065 meus
1543 4006 1816 4080 dilectus,
1861 4005 1919 4065 in
1953 4024 2066 4084 quo
2099 4005 2213 4066 sibi

571 4094 925 4175 complacuit
970 4097 1166 4156 anima
1225 4112 1356 4155 mea
1415 4094 1513 4165 70,
1577 4095 1871 4156 effundam
1925 4093 2209 4174 Spiritum

570 4202 767 4245 meum
796 4185 1190 4265 superipsum
1212 4183 1242 4244 ?
1277 4209 1303 4240 »
1604 4225 1608 4228 -

1139 4278 1633 4340 Animadversio.

658 4397 685 4428 ιι
702 4369 1031 4436 Obxervato
1062 4369 1382 4450 diligenter
1402 4372 1554 4432 hanc
1581 4370 2079 4451 pericopem,quze
2104 4390 2214 4431 non

2929 1935 3259 2018 Ἀντίῤῥησις
3270 1984 3284 2000 .

2365 2027 2646 2088 Ἀδύνατόν
2730 2031 2840 2087 ἐστι
2918 2033 2979 2087 τὸ
3055 2036 3154 2100 τῆς
3227 2032 3278 2098 ἐξ
3336 2035 3424 2090 καὶ
3488 2031 3572 2089 διὰ
3624 2031 3929 2108 ἱσοδύναμον

2282 2119 2680 2198 ἀπαρνήσασθαί
2739 2142 2821 2192 σε,
2897 2119 3020 2177 ὅσον
3070 2121 3239 2201 οὔπω³
3295 2123 3368 2186 ὡς
3426 2121 3653 2200 ἔφημεν,
3705 2124 3835 2202 πρὸς
3875 2129 3930 2178 τό

2291 2212 2389 2274 τῆς
2450 2205 2735 2285 ὁμολογίας
2793 2209 2988 2275 ταύτης
3033 2209 3263 2288 ἄφυκτον
3319 2209 3553 2290 χείλεσιν
3607 2208 3756 2274 ἰδίοις
3813 2210 3932 2268 ἐσό-

2292 2317 2446 2372 μενον
2476 2295 2705 2357 ἀλωτόν.
2739 2297 2879 2362 Τέως
2912 2300 2956 2354 εἶ
2992 2303 3071 2374 μὴ
3114 2301 3201 2355 καὶ
3242 2301 3378 2355 κατὰ
3406 2299 3467 2355 τό
3511 2306 3614 2356 τῶν
3645 2299 3931 2378 προθέσεων

2290 2383 2594 2460 ίσοδύναμον
2640 2386 2880 2465 ἀναφανῇ
2949 2388 3010 2443 τό
3054 2385 3105 2452 ἐξ
3148 2387 3350 2468 ἀμφοῖν
3393 2389 3534 2444 εἶναι
3595 2389 3659 2444 τό
3702 2395 3930 2463 Πνεῦμα,

2289 2473 2445 2529 ποίαν
2503 2472 2620 2553 ἔχει
2676 2475 2776 2541 τὴν
2831 2474 3138 2533 ἀκολουθίαν
3181 2477 3241 2533 ἐκ
3284 2478 3444 2552 μόνου
3472 2487 3564 2535 τοῦ
3607 2481 3812 2556 Πατρὸς
3841 2477 3930 2534 λέ-

2289 2583 2401 2640 γειν
2454 2582 2512 2618 σε
2567 2562 2628 2618 τὰ
2685 2561 2746 2619 ἐκ
2791 2574 2883 2623 τοῦ
2935 2565 3140 2642 Πατρός
3170 2565 3413 2644 ὑπάρχον
3443 2564 3526 2621 διὰ
3550 2573 3643 2623 τοῦ
3673 2569 3833 2640 Υἱοῦ;
3865 2569 3930 2624 Ού

2289 2656 2493 2730 μικρῶς
2557 2649 2612 2708 δὲ
2679 2653 2966 2732 παρίστησι
3023 2656 3085 2710 τὸ
3143 2655 3216 2718 εἰς
3259 2656 3556 2729 πεισμονὴν
3611 2653 3933 2734 διαλέγεσθαί

2288 2761 2346 2795 σε
2387 2741 2475 2795 καὶ
2532 2739 2614 2796 ὅτι
2672 2741 2881 2822 ἀπαρνῇ
2921 2744 2983 2798 τὸ
3025 2740 3109 2799 διὰ
3151 2750 3243 2800 τοῦ
3287 2743 3405 2800 Υἱοῦ
3435 2743 3702 2821 χεόμενον
3734 2747 3933 2820 Πνεῦμα

2292 2830 2351 2884 ἐκ
2419 2835 2516 2886 τοῦ
2587 2834 2710 2887 Υἱοῦ
2764 2834 3004 2910 χεῖσθαι.
3087 2834 3144 2890 Εἰ
3204 2833 3303 2911 γὰρ
3371 2831 3503 2889 ὅπου
3559 2831 3825 2905 πρόδηλον
3876 2835 3932 2889 τό

2291 2915 2570 2998 ἀδιάφορον
2651 2917 2825 2997 λέγεις
2905 2921 3146 2999 τοιαῦτα,
3225 2926 3338 2986 πῶς
3420 2921 3483 2978 ἂν
3539 2923 3746 2979 σύνθοιο
3825 2935 3933 2984 τοῖς

2289 3004 2500 3085 λέγουσι
2571 3005 2735 3079 μηδὲν
2819 3006 3078 3088 διαφέρειν
3133 3013 3194 3066 bc
3256 3012 3458 3090 Πατρός
3527 3008 3593 3066 δι’
3670 3015 3790 3068 rio-3
3855 3013 3933 3068 καὶ

2292 3092 2344 3159 ἐξ
2388 3094 2591 3172 ἀμφοῖν
2633 3093 2807 3173 λέγειν
2851 3100 2912 3154 τὸ
2940 3104 3150 3174 Πνεῦμα
3180 3098 3596 3178 ἐκπορευόμενον
3634 3117 3652 3178 ς

2960 3289 3062 3338 Τοῦ
3099 3283 3278 3340 αὐτοῦ.

2367 3361 2498 3430 ΟΔ’.
2553 3392 2576 3428 ιι
2627 3373 2725 3430 Καὶ
2750 3374 2800 3428 τί
2851 3373 2992 3430 ἐστιν
3032 3373 3374 3454 ἀσεϐέστερον
3417 3377 3509 3430 τοῦ
3535 3377 3712 3432 εἰπεῖν
3740 3377 3927 3451 κτίσμα

2295 3481 2316 3514 ι
2353 3461 2415 3515 τὸ
2473 3463 2682 3534 Πνεῦμα
2737 3463 2797 3518 τὸ
2829 3461 3004 3543 ιιῖγιον³
3035 3461 3281 3542 λέγοντος
3307 3463 3400 3520 τοῦ
3465 3466 3582 3521 Υἱοῦ
3656 3463 3738 3521 ὅτι
3777 3487 3800 3521 ιι
3835 3465 3933 3523 Οὒκ

2295 3567 2318 3602 ιι
2351 3548 2470 3604 ἒστὲ
2527 3547 2682 3624 ῦμεϊς
2739 3551 2786 3606 οἱ
2841 3549 3146 3626 λαλοῦντες,
3179 3551 3314 3608 ἀλλὰ
3344 3553 3402 3609 τό
3446 3555 3662 3630 Πνεῦμα
3704 3561 3796 3611 τοῦ
3825 3560 3933 3610 Πα-

2296 3660 2323 3690 ιι
2356 3638 2476 3714 τρός
2531 3641 2593 3695 τὸ
2666 3637 2860 3696 λαλοῦν
2938 3641 2992 3697 ἐν
3051 3644 3232 3718 ὑμϊν;
3283 3667 3307 3700 ι
3371 3642 3538 3702 Αῦτοῦ
3578 3641 3829 3722 λέγοντος
3880 3643 3936 3698 τό

2299 3745 2323 3778 ιι
2359 3726 2574 3802 Πνεῦμα
2632 3737 2726 3787 τοῦ
2783 3731 2984 3808 Πατρός
3048 3732 3216 3805 εἶναι,
3273 3733 3334 3788 σὺ
3378 3738 3490 3798 πῶς
3531 3731 3708 3811 λέγεις
3751 3734 3935 3808 κτίσμα

2296 3834 2323 3874 (
2363 3815 2541 3888 aurci;
2599 3816 2718 3882 Πῶς
2763 3815 2817 3872 δὲ
2848 3819 2940 3875 οῦκ
3009 3819 3215 3884 ἀκούεις
3271 3828 3364 3878 τοῦ
3423 3823 3641 3887 Πατπὺς
3672 3821 3934 3902 λεγοντος,

2303 3927 2324 3958 ιι
2362 3902 2452 3960 Ἐν
2521 3917 2643 3968 ταῖς
2685 3905 2942 3985 ἒσχοίταις
2997 3909 3220 3988 ἡμέραις
3284 3909 3462 3990 ἐκχεῶ
3504 3911 3610 3967 ἀπό
3656 3918 3748 3968 τοῦ
3792 3911 3939 3967 Πνεύ-

2302 4015 2324 4046 ι
2363 4014 2530 4068 ματος
2590 4017 2690 4068 μου
2747 3994 2831 4051 ἐπὶ
2887 4002 3060 4054 πᾶσαν
3104 3999 3292 4078 σάρκα,
3335 4022 3358 4054 ι)
3407 3999 3493 4054 καὶ
3537 3998 3639 4074 ἔτι,
3675 4022 3699 4056 ιι
3739 3999 3866 4058 Ἰδοὺ
3905 4001 3929 4054 ὁ

2303 4100 2328 4139 (
2364 4088 2500 4146 Παῖς
2529 4104 2630 4158 μου
2673 4085 2700 4139 ὁ
2733 4082 3003 4160 ἐκλεκτὸς,
3038 4088 3109 4150 είς
3141 4085 3198 4143 ὅν
3251 4086 3533 4168 εὐδόκησεν
3560 4091 3596 4157 ἡ
3630 4090 3786 4168 ψυχή
3819 4109 3936 4167 μου,

2303 4193 2329 4224 ιι
2363 4171 2509 4241 θήσω
2536 4173 2596 4228 τὸ
2626 4178 2840 4247 Πνεῦμα
2870 4196 2970 4249 μου
2998 4175 3084 4231 ἐπ’
3119 4176 3274 4232 αὐτόν
3305 4198 3322 4249 ;
3522 4161 3529 4173 ι

2953 4267 3262 4327 Ἐπιστασία
3273 4320 3286 4335 ,

2389 4384 2416 4415 ιι
2464 4360 2742 4442 Πρόσσχες
2795 4362 3021 4442 ἀκριϐῶς
3077 4372 3148 4442 τῇ
3189 4371 3453 4443 περιχοπῇ
3503 4366 3699 4444 ταύτῃ,
3735 4369 3810 4443 μή
3841 4367 3937 4440 μό-

574 4486 601 4517 α
639 4469 862 4548 tantum
895 4458 1252 4548 Salvatorem
1289 4465 1501 4548 testem
1536 4458 1807 4548 adducit,
1838 4460 2033 4521 Patris
2089 4478 2205 4520 essc

2309 4474 2331 4506 ιι
2371 4472 2460 4508 νον
2502 4453 2590 4509 τὸν
2651 4457 2878 4529 Σωτῆρα
2933 4476 3242 4532 παραγουσῃ
3298 4476 3380 4510 σοι
3429 4455 3667 4533 μάρτυρα
3711 4463 3802 4512 τοῦ
3830 4461 3935 4509 Πα-

576 4574 598 4606 ι
638 4547 947 4630 Spiritum,
983 4555 1042 4608 et
1065 4546 1137 4608 ab
1170 4565 1239 4608 eo
1273 4547 1625 4627 procedere,
1655 4547 1758 4608 sed
1797 4547 1991 4627 ipsum
2043 4549 2205 4608 etian‘

2311 4562 2333 4595 ιι
2367 4540 2488 4618 τρός
2545 4541 2688 4596 εἶναι
2743 4543 2804 4597 τὸ
2875 4549 3088 4619 Πνεῦμα
3170 4546 3258 4600 καὶ
3301 4541 3425 4622 παρ’
3478 4544 3638 4601 αὐτού
3693 4543 3937 4622 ἐκπορεύ-

577 4659 607 4698 ι
638 4636 893 4699 Patrem.
934 4661 961 4690 »

1225 4728 1564 4807 Refutatio.

649 4823 924 4888 Praesens
950 4825 1227 4905 pericope
1260 4831 1318 4884 et
1344 4821 1704 4886 Salvatorem
1736 4833 1792 4886 et
1823 4824 2214 4886 illiusPatrem

572 4923 757 4976 testes
780 4913 1044 4986 adducit,
1080 4912 1362 4992 Spiritum
1398 4931 1530 4972 esse
1562 4912 1752 4974 Patris
1769 4911 2074 4992 Spiritum.
2106 4917 2216 4975 Ita-

570 5022 686 5084 que
716 5006 763 5065 si
796 5022 865 5064 ex
892 5007 1020 5082 ipsa
1045 5000 1277 5079 colligis
1296 5000 1540 5063 exPatre
1565 5002 1731 5063 illum
1754 5003 2219 5083 procedere,hoc

568 5109 706 5153 vero
742 5092 938 5164 modo,
988 5109 1100 5152 nec
1147 5091 1261 5150 alio
1292 5089 1507 5151 veritas
1549 5111 1611 5152 se
1665 5090 1867 5152 habet.
1929 5091 2216 5163 Quoniam

569 5179 727 5241 enim
761 5180 1016 5259 Spiritus
1039 5178 1226 5240 Patris
1250 5187 1358 5252 est,
1395 5197 1462 5240 ex
1490 5181 1660 5241 Patre
1693 5179 1909 5241 existit.
1953 5180 2100 5252 Quid
2136 5181 2216 5240 fa-

567 5269 712 5342 cies,
745 5287 880 5329 cum
907 5266 1296 5346 inScripturis
1326 5267 1656 5330 innumeris
1683 5267 1741 5328 in
1770 5268 1918 5330 locis
1935 5270 2214 5350 Spiritum

567 5356 701 5418 Filii
732 5357 902 5418 audis
931 5355 1217 5436 Spiritum
1252 5364 1519 5417 sanctum
1546 5356 1576 5415 ἱ)

638 5615 705 5667 68
735 5616 913 5679 Marc.
947 5630 1071 5688 xm,
1112 5615 1208 5677 11.
1295 5615 1358 5664 69
1393 5615 1529 5678 Act.
1563 5631 1625 5690 ιι,
1663 5615 1763 5675 t7.

2309 4653 2335 4684 ιι
2367 4633 2533 4706 εσθαι,
2581 4629 2716 4686 ἀλλὰ
2759 4633 2844 4687 καὶ
2890 4633 3043 4688 αὐτὸν
3071 4635 3161 4689 τὸν
3191 4632 3419 4710 Πατέρα.
3461 4656 3484 4690 ιι

2955 4722 3305 4803 Ἀντίῤῥησις.
3413 4719 3415 4723 ’

2385 4807 2447 4872 Ἠ
2490 4818 2712 4895 ῥηθεϊσα
2767 4819 3030 4892 περικοπή
3087 4821 3180 4876 καὶ
3237 4821 3327 4876 τὸν
3374 4821 3597 4900 Σωτῆρα
3629 4822 3837 4877 καὶτὸν
3866 4820 3945 4874 αὖ·

2301 4906 2392 4962 τοῦ
2446 4906 2652 4982 Πατέρα
2746 4908 3007 4986 μάρτυρας
3093 4909 3318 4988 παράγει
3386 4916 3477 4966 τοῦ
3563 4908 3810 4987 λέγεσθαι
3865 4908 3943 4963 καὶ

2302 4995 2443 5050 εἶναι
2501 4997 2560 5051 τὸ
2620 4997 2830 5071 Πνεῦμα
2893 5003 2982 5052 τοῦ
3037 4999 3240 5074 Πατρὸς
3298 4999 3531 5073 Πνεῦμα.
3582 5001 3641 5056 Εἰ
3687 5022 3812 5076 γοῦν
3858 4996 3941 5051 ἐν·

2302 5088 2474 5141 τευθεν
2531 5084 2748 5153 συνῆξας
2803 5086 2864 5140 σὺ
2921 5087 2982 5141 τὸ
3047 5087 3189 5166 παρά
3243 5090 3334 5144 τοῦ
3376 5087 3580 5166 Πατρός
3626 5088 3755 5146 αὐτό
3785 5087 3942 5143 ἐκπο-

2303 5175 2560 5256 ρεύεσθαι,
2621 5175 2759 5231 οὕτω
2817 5173 2872 5230 δὲ
2923 5176 3158 5256 παίνιως³
3217 5180 3303 5234 καὶ
3347 5179 3441 5234 οὐκ
3495 5176 3671 5242 ἄλλως
3731 5177 3845 5258 ἔχει
3886 5175 3941 5230 τὸ

2302 5263 2519 5330 ἀληθὲς,
2591 5265 2689 5321 Διὰ
2743 5266 2841 5343 γὰρ
2890 5266 2950 5321 τό
3008 5269 3147 5322 εἶναι
3192 5274 3403 5342 Πνεῦμα
3449 5267 3678 5346 Πατρός,
3724 5266 3944 5345 ὑπάρχει

2300 5353 2359 5410 ἐκ
2406 5365 2500 5414 τοῦ
2555 5354 2756 5432 Πατρός
2793 5371 2805 5385 ⁸
2887 5355 2938 5410 τί
3009 5357 3251 5425 ποιήσεις
3335 5377 3598 5436 μυριαχου
3643 5362 3753 5412 τῶν
3807 5356 3946 5411 θείων

2300 5450 2516 5523 Γραφῶν
2573 5446 2784 5521 Πνεῦμα
2842 5444 2964 5501 Υἱοῦ
3026 5445 3232 5502 ἀχοὺων
3277 5447 3338 5501 τὸ
3396 5451 3608 5520 Πνεῦμα
3652 5446 3718 5502 τὸ
3758 5444 3948 5522 ἅγιονς

1850 5617 1911 5666 70
1941 5619 2145 5679 Matth.
2182 5634 2283 5694 xu,
2320 5613 2419 5677 18.
