4150 6292
249 345 361 413 505

914 498 1016 550 Τοῦ
1042 490 1227 551 αὐτοῦ.

318 568 451 640 οΕ’.
495 604 521 634 ι
552 582 649 638 Καὶ
678 584 809 660 πρὸς
863 583 1066 648 τούτοις
1099 587 1128 642 6
1170 583 1363 662 Πέτρος
1417 580 1562 660 λέγει
1593 599 1606 614 ⁸
1645 605 1671 641 α
1707 570 1896 652 ’Υμεῖς

249 697 270 728 ι
299 669 589 725 ὶπίστασθε
631 670 916 748 γενόμενον
972 672 1118 748 ῥῆμα
1148 669 1264 729 καθ’
1321 668 1454 737 ὅλης
1505 669 1601 736 τῆς
1647 663 1896 727 Ἰουδαίας

153 773 156 776 ’
252 756 596 835 ιᾶρξάμενον
654 760 788 833 μετὰ
855 761 917 816 τὸ
976 761 1277 841 βάπτισμα,
1320 760 1348 816 ὅ
1405 755 1654 838 ἷεκήρυξεν
1711 753 1897 813 Ἰωάν-

247 866 271 900 ι
314 868 435 913 νης.
473 843 684 914 Ἰησοῦν
740 850 831 905 τόν
875 851 980 906 ὰπὸ
1036 851 1294 928 Ναζαρὲτ,
1345 851 1418 912 ὡς
1475 846 1686 925 ἔχρισεν
1744 843 1898 899 αὐτὸν

251 959 277 990 ι
311 938 338 991 6
381 936 520 997 Θεὸς
551 937 818 1012 Πνεόματι
860 938 994 1016 ἀγίῷ
1047 941 1134 995 καὶ
1201 936 1434 1013 δυνάμει.
1493 931 1624 1015 Ἀρα
1665 935 1743 1008 τῷ
1772 933 1899 990 ἀαυ·

251 1049 272 1081 ι
300 1031 392 1081 τοῦ
448 1024 704 1101 κτίσματι
761 1027 975 1106 χρίεται
1045 1030 1072 1083 6
1107 1028 1275 1107 Υἱόςς
1327 1028 1424 1085 Καὶ
1466 1028 1580 1088 πῶς
1633 1027 1726 1083 οὐκ
1767 1020 1896 1077 ἀνό-

250 1141 273 1170 ε
304 1135 432 1179 ητον
465 1114 642 1170 εἰπεῖν
671 1122 820 1173 τοῦτν
847 1137 864 1187 ;
903 1117 1001 1174 Καὶ
1050 1118 1204 1179 αὐτὸς
1235 1114 1289 1172 δέ
1345 1114 1489 1193 λέγει
1521 1111 1538 1144 ‘
1620 1133 1643 1164 ι
1692 1117 1899 1184 Πνεῦμα

255 1231 275 1261 α
305 1201 498 1281 Κυρίου
530 1199 616 1258 kn’
645 1205 768 1284 ἒμὲ,
801 1203 860 1260 οὗ
904 1205 1105 1260 εἵνεκεν
1165 1203 1349 1284 ἔχρισέ
1395 1224 1483 1278 με.
1521 1229 1544 1260 ι
1596 1200 1702 1259 Καὶ
1733 1203 1761 1256 6
1791 1197 1900 1255 Πέ-

255 1319 276 1348 ι
305 1312 425 1368 τρος
471 1289 531 1347 δὲ
582 1294 636 1348 εν
679 1306 804 1356 ταῖς
850 1292 1071 1372 Πράξεσι
1127 1298 1232 1350 τῶν
1284 1289 1596 1350 ἀποστόλων
1625 1288 1768 1368 λέγει
1813 1285 1904 1344 οὔ·

255 1408 275 1437 ·
317 1405 451 1448 τως·
499 1409 532 1440 α
567 1391 646 1463 Τῇ
674 1384 814 1458 δεξιᾷ
844 1389 931 1443 οῦν
961 1393 1052 1445 τοῦ
1082 1393 1213 1443 Θεοῦ
1240 1387 1489 1464 ὑψωθεὶς,
1518 1385 1615 1451 τὴν
1644 1404 1698 1440 νε
1726 1386 1902 1460 ἑπαγ-

257 1494 278 1525 ι
310 1473 495 1552 γελίαν
578 1483 672 1532 τοῦ
742 1476 890 1554 ἅγὶου
946 1476 1250 1551 Πνεύματος
1308 1471 1509 1551 λαϐὼν,
1552 1471 1580 1528 ὅ
1623 1473 1762 1538 παρὰ
1815 1477 1906 1527 τοῦ

257 1584 282 1615 ι
326 1564 561 1642 Πατρὸς,
653 1563 839 1645 ἒξέχεε
922 1571 1099 1640 τοῦτο,
1187 1563 1216 1619 ὅ
1298 1564 1453 1639 ὑμεῖς
1539 1560 1758 1638 βλέπετε
1815 1563 1902 1618 καὶ

258 1678 278 1704 ι
311 1649 550 1710 ἀκούετε.
592 1676 615 1708 ι

905 1739 1242 1801 Ἐπιστασία.

336 1848 358 1879 ι
404 1833 650 1892 Συνετῶς
720 1831 806 1886 καὶ
846 1831 1042 1898 ταύτης
1128 1835 1228 1896 τῆς
1285 1834 1584 1905 περικοπῆς
1655 1829 1898 1886 ἄκουσον.

264 1944 285 1974 ι
315 1917 412 1974 Καὶ
439 1919 546 1997 γὰρ
597 1915 730 1985 αὕτη
773 1920 834 1975 οὗ
892 1919 1052 1994 μόνον
1082 1920 1173 1975 τὸν
1229 1885 1364 1974 των⁸
1390 1916 1700 1974 ἀποστόλων
1743 1938 1904 1993 κορυ-
1929 1885 1966 1936 Β

265 2029 287 2061 ι
315 2008 604 2084 φαιότατον
663 2006 858 2086 Πέτρον
900 2011 961 2064 ὲκ
1001 2015 1093 2064 τοῦ
1160 2008 1361 2086 Πατρὸς
1405 2007 1546 2063 εἶναι
1603 2008 1664 2062 τὸ
1697 2004 1907 2078 Πνεῦμα

269 2110 289 2140 ι
332 2094 563 2173 παράγει
596 2093 930 2170 διδάσκοντα,
962 2095 1099 2152 ἀλλὰ
1139 2097 1225 2151 καὶ
1267 2096 1359 2151 τὸν
1388 2095 1574 2151 τούτου
1601 2091 1908 2154 διδάσκαλον

272 2206 292 2238 ι
331 2184 421 2239 τὸν
449 2188 684 2264 Σωτῆρα
713 2186 962 2264 Χριστόν,
1014 2216 1034 2245 .

907 2272 1268 2352 Ἀητίρῤησις.

343 2362 440 2416 Διὰ
494 2363 561 2418 τὸ
615 2363 706 2418 τὸν
766 2361 960 2441 Πέτρον
1003 2365 1173 2420 εἰπεῖν
1227 2360 1413 2419 λαϐεῖν
1465 2361 1606 2438 παρὰ
1673 2367 1764 2416 τοῦ
1795 2363 1914 2414 Πα-

269 2451 382 2526 τρὸς
432 2453 530 2506 τὸν
589 2456 815 2530 Σωτῆρα
882 2454 980 2519 τὴτ
1037 2451 1353 2530 ἐπαγγελίαν
1394 2456 1486 2507 τοῦ
1527 2449 1677 2527 ἁγίου
1745 2447 1912 2503 Πνεῦ-

272 2560 428 2610 ματος
471 2540 725 2618 συνάγεις
780 2543 842 2596 Ex.
924 2549 1012 2598 εοῦ
1065 2542 1268 2615 Πατρὸς
1327 2539 1469 2595 εἶναι
1540 2539 1600 2594 τὸ
1651 2543 1915 2611 Πνεῦμα;

274 2628 361 2682 Καὶ
411 2629 454 2683 εἰ
497 2635 679 2700 τοῦτο,
725 2628 936 2692 πάντως
994 2627 1050 2684 δὲ
1101 2636 1254 2685 τοῦτο
1285 2645 1301 2659 ⁸
1335 2633 1449 2690 πῶς
1507 2627 1606 2706 γὰρ
1677 2624 1737 2680 ἄν
1766 2622 1919 2681 ἔλαϐε

269 2718 360 2784 τὴν
405 2719 733 2799 ἒπαγγελίαν
776 2728 869 2778 τοῦ
927 2721 1229 2797 Πνεῦματος
1284 2721 1426 2798 παρὰ
1483 2724 1572 2775 τοῦ
1617 2719 1818 2797 Πατρὸς
1889 2719 1916 2774 6

273 2809 489 2889 Σωτὴρ,
556 2811 719 2886 εἰμὴ
766 2811 826 2866 τὸ
899 2817 1111 2886 Πνεῦμα
1179 2809 1320 2888 παρὰ
1387 2815 1478 2865 τοῦ
1536 2809 1736 2886 Πατρὸς
1807 2810 1914 2884 iw;

273 2895 411 2953 ἕσται
453 2899 548 2954 καὶ
577 2900 719 2978 παρὰ
749 2906 841 2956 τοῦ
898 2902 1038 2972 Υἱοῦ,
1089 2901 1146 2955 ἒν
1204 2906 1295 2955 τοῦ
1360 2897 1482 2976 παρ’
1540 2896 1699 2953 αὐτοῦ
1738 2897 1919 2952 τούτου

276 2993 358 3041 τοῦ
425 2985 683 3050 λαϐόντος
741 2990 835 3045 οὐκ
891 2987 1047 3069 ἄλλο,
1104 2986 1220 3043 ἀλλ’
1281 2989 1406 3046 αὐτὸ
1464 2989 1526 3042 τὸ
1599 2983 1922 3063 ἐπαγγελθὲν

276 3076 580 3155 ἐκχυθῆναι.
644 3079 702 3135 Εἰ
755 3079 855 3156 γὰρ
919 3079 997 3153 μὴ
1075 3075 1411 3151 διακονικῶς,
1475 3075 1611 3132 ἀλλὰ
1693 3081 1924 3156 φυσικῶς

278 3166 410 3243 παρὰ
489 3173 586 3223 τοῦ
664 3169 787 3226 Υἳοῦ
825 3170 1098 3249 ἒκχεϊται,
1155 3168 1365 3228 πάντως
1412 3167 1484 3229 ὡς
1560 3162 1683 3242 παρ’
1770 3163 1928 3220 αὒτοῦ

1292 347 1372 447 ΙΝ
1417 346 1808 414 GAMATERI
1853 345 2598 411 ANIMADVEBSIONES.

3506 329 3624 399 506

2664 472 2980 554 Ejusdem.

2063 564 2280 627 LXXV.
2317 588 2344 620 α
2369 563 2457 626 Ad
2492 564 2616 625 haac
2644 552 2853 624 Petrus
2883 560 3063 623 dicit:
3095 559 3244 622 «Vos
3267 557 3449 620 scitus
3465 552 3621 638 quod

1985 677 2008 712 ε
2044 655 2264 717 factum
2298 661 2386 715 est
2406 651 2667 715 Verbum
2699 669 2808 732 per
2834 650 3172 713 universam
3199 649 3485 718 Judazam,
3521 645 3620 706 in-

1986 769 2014 801 α
2047 743 2277 824 cipiens
2298 762 2332 804 a
2361 740 2602 806 Galilaea
2620 749 2750 822 post
2776 737 3318 821 haptismum,quod
3353 733 3628 824 praedica-

1986 859 2014 891 α
2048 822 2126 894 vit
2151 832 2434 896 Joannes.
2463 833 2668 893 .lesum
2699 848 2734 892 a
2761 828 3075 902 Nazareth,
3113 825 3412 910 quomodo
3457 822 3628 886 unxit

1986 949 2013 980 (ι
2047 940 2183 985 eum
2227 921 2384 984 Deus
2439 919 2660 1000 Spiritu
2709 927 2914 982 sancto
2946 928 3006 981 et
3042 918 3254 979 virtute
3274 916 3354 978 Ἡ.
3384 937 3408 970 ι
3443 911 3629 992 Igitur

1974 1037 2014 1072 με
2049 1011 2333 1092 suiipsius
2381 1009 2664 1072 unctione
2719 1007 2902 1071 Filius
2960 1003 3346 1088 perungitur?
3373 1002 3444 1065 Et
3471 1019 3626 1092 quo-

1985 1128 2011 1164 ι
2043 1088 2218 1162 modo
2247 1099 2308 1161 id
2339 1115 2634 1173 asserere,
2667 1116 2784 1160 non
2806 1095 3350 1158 fueritabalienatio
3384 1088 3630 1152 mentis?

1992 1213 2014 1246 ι
2051 1189 2184 1271 Ipse
2216 1207 2454 1270 quoque
2486 1187 2668 1249 dicit:
2701 1185 2957 1268 Spiritus
2999 1184 3234 1248 Domini
3291 1197 3471 1271 super
3506 1195 3626 1251 me,

1989 1301 2016 1335 «
2048 1268 2218 1358 cujus
2236 1268 2423 1340 causa
2455 1276 2628 1338 unxit
2650 1294 2744 1336 me
2765 1273 2962 1337 73.nEt
2986 1273 3193 1336 Petrus
3222 1271 3280 1332 in
3317 1268 3477 1358 Actis
3494 1285 3632 1358 apo-

1991 1397 2015 1431 ι
2051 1355 2337 1430 stolorum
2369 1369 2497 1429 haec
2520 1364 2724 1427 habet:
2751 1363 3033 1426 «Dextera
3052 1363 3253 1443 itaque
3282 1357 3388 1421 Dei
3408 1355 3626 1419 exalta-

1997 1488 2018 1517 ι
2055 1464 2168 1530 tus,
2202 1464 2260 1517 et
2293 1453 2684 1536 promissione
2716 1451 2971 1533 Spiritus
3001 1450 3186 1513 sancti
3215 1454 3458 1527 accepta
3481 1463 3514 1506 a
3534 1446 3632 1505 Pa-

1994 1565 2019 1602 α
2053 1553 2165 1619 tre,
2208 1532 2419 1606 eﬂ‘udit
2475 1532 2774 1623 hoc,quod
2830 1561 2934 1602 vos
2989 1539 3203 1602 videtis
3250 1544 3310 1598 et
3347 1532 3631 1611 intelligi-

1989 1659 2017 1690 ιι
2053 1633 2126 1695 tis
2153 1634 2232 1691 73.
2275 1652 2302 1691 )

2554 1721 2604 1783 A
2616 1720 3022 1783 nimadversio
3037 1769 3041 1774 .

2077 1832 2098 1865 α
2140 1809 2468 1871 Prudenter
2499 1809 2673 1870 etiam
2723 1809 2875 1871 hanc
2923 1809 3257 1890 pcricopem
3289 1801 3630 1864 observato.

1994 1924 2021 1956 α
2057 1900 2194 1979 Ipsa
2225 1899 2384 1960 enim
2443 1917 2560 1959 non
2599 1906 2824 1960 tantum
2863 1894 3287 1978 Apostolorum
3331 1907 3629 1953 summum

1995 2018 2017 2048 σ
2057 1978 2346 2049 verticem
2377 1989 2716 2060 Petrum,ex
2745 1990 2912 2048 Patre
2937 1985 3221 2064 Spiritum
3247 1998 3378 2041 esse
3403 1978 3628 2039 docen-

1993 2099 2018 2131 α
2053 2085 2169 2137 tem
2205 2078 2445 2157 profert,
2478 2075 2580 2136 sed
2609 2075 2762 2137 illius
2791 2075 2968 2137 etiam
3005 2078 3428 2154 praceptorem
3453 2064 3629 2130 Chri-

1995 2188 2020 2223 ι
2055 2175 2210 2228 stum
2241 2166 2624 2229 Salvatorem.
2665 2183 2687 2215 ι

2639 2255 2970 2331 Refutatio.

2073 2345 2362 2420 Quoniam
2385 2343 2592 2405 Petrus
2615 2343 2764 2406 dixit
2783 2341 3142 2404 Salvatorem
3185 2357 3217 2400 a
3246 2340 3420 2401 Patre
3458 2351 3636 2396 acce-

2000 2437 2156 2518 pisse
2201 2434 2652 2515 promissionem
2684 2433 2939 2514 Spiritus
2985 2427 3187 2495 sancti.
3224 2423 3526 2489 suhinfers
3569 2441 3635 2484 ex

2000 2517 2171 2591 Patre
2200 2522 2485 2604 Spiritum
2511 2519 2685 2583 esse?
2713 2520 2784 2582 Et
2804 2520 2853 2581 si
2884 2517 3132 2599 id,quod
3168 2524 3360 2576 tamen
3395 2528 3640 2604 prorsus

2002 2624 2111 2687 est,
2137 2601 2433 2694 quomodo
2464 2611 2622 2673 enim
2657 2609 2884 2691 accepit
2919 2604 3366 2689 promissionem
3387 2601 3642 2682 Spiritus

2000 2724 2034 2766 a
2069 2688 2242 2765 Patre
2263 2698 2561 2780 [Salvator,
2615 2699 2667 2761 si
2715 2688 2975 2779 Spiritus
3021 2715 3055 2757 a
3087 2697 3256 2758 Patre
3306 2710 3423 2754 non
3468 2688 3644 2752 erat?

2001 2795 2116 2858 erit
2148 2800 2206 2854 et
2226 2809 2293 2851 ex
2322 2789 2493 2862 Filio,
2520 2787 2674 2870 quod
2714 2807 2784 2849 ex
2815 2789 2928 2849 hoc
2958 2786 3087 2866 ipso
3118 2783 3218 2866 qui
3247 2780 3488 2870 accipit,
3522 2797 3640 2870 non

2003 2886 2151 2949 alius
2180 2898 2351 2960 quam
2380 2868 2702 2956 promissus
2730 2875 2983 2957 Spiritus
3009 2875 3232 2935 ell'usus
3260 2879 3353 2960 est
3366 2959 3375 2960 ί
3408 2868 3640 2960 Etenim

2005 2975 2054 3036 si
2077 2957 2420 3036 non—servili
2453 2966 2650 3032 modo.
2677 2966 2780 3026 sed
2817 2960 3264 3026 naturaliaFilio
3297 2957 3640 3032 effunditur,

2009 3081 2248 3146 prorsus
2277 3062 2359 3122 uti
2381 3061 2452 3123 ab
2484 3060 2584 3122 illo
2616 3060 2876 3121 existens
2907 3055 3251 3146 etl‘unditutl.
3293 3052 3439 3146 Item
3482 3050 3532 3111 si
3576 3069 3645 3110 ex

2010 3139 2081 3216 eo
2113 3153 2267 3234 quod
2299 3151 2563 3214 Salvator
2589 3148 2824 3226 dixerit,
2861 3167 2882 3198 ι
2915 3144 3174 3234 Spiritus
3209 3139 3441 3234 Domini
3471 3157 3650 3234 super

350 3228 360 3243 ι
893 3228 931 3249 Α·
1082 3228 1098 3247 ¹
1472 3228 1478 3229 7
1639 3228 1648 3242 ι

281 3253 514 3336 ὑ’πτάρχον
547 3255 816 3336 ἐκχεῖται.
855 3258 910 3314 Εἰ
941 3255 994 3312 δὲ
1051 3258 1139 3312 καὶ
1194 3259 1256 3311 ἒκ
1305 3261 1397 3312 τοῦ
1456 3257 1624 3312 εἰπεῖν
1683 3255 1770 3309 τὸν
1804 3261 1923 3308 Σω-

2016 3228 2181 3311 me.)
2209 3239 2438 3320 colligis
2459 3254 2687 3310 rursus,
2715 3245 2777 3296 ut
2806 3243 2902 3296 tua
2924 3229 3376 3297 Animadversio
3400 3228 3642 3301 indicat,

282 3347 432 3423 τῆρα,
509 3367 538 3402 ι
570 3351 782 3421 Πνεῦμα
840 3348 1022 3423 Κυρίου
1062 3345 1150 3402 ἔπ’
1204 3346 1326 3424 εμὲ,
1356 3368 1378 3398 ι
1440 3345 1680 3421 συνάγεις
1737 3341 1917 3412 πάλιθ,

285 3431 351 3496 ὡς
379 3433 412 3499 ἡ
455 3432 531 3500 στὶ
572 3434 848 3490 ἐπιστασία
902 3432 1079 3504 δηλοῖ,
1135 3435 1196 3488 τὸ
1264 3435 1325 3488 ὲκ
1392 3438 1484 3488 τοῦ
1550 3431 1751 3509 [ἰατρὸς
1783 3429 1926 3496 εἶναι

285 3522 342 3577 τὸ
409 3530 650 3603 Πνεῦμα,
712 3523 888 3588 καλῶς
945 3521 998 3579 δὲ
1069 3523 1332 3601 συνάγεις,
1395 3523 1483 3577 καὶ
1549 3526 1701 3576 τοῦτο
1784 3518 1927 3577 ’ἐσται

289 3611 489 3678 πάντως
547 3615 637 3670 καὶ
705 3613 765 3670 ἐκ
816 3622 908 3672 τοῦ
966 3616 1111 3693 Υἱοῦ,
1170 3617 1243 3677 ὡς
1302 3611 1548 3679 ἀληθείας
1609 3616 1820 3686 Πνεῦμα
1851 3613 1937 3668 καὶ

293 3707 509 3779 Χριστοῦ
542 3709 776 3768 Πνεῦμα.

890 3793 988 3851 Καὶ
1017 3793 1152 3867 μετά
1195 3814 1332 3854 τινα.

409 3871 488 3902 ρ’
585 3885 661 3902 ...ν
813 3883 826 3900 κ
957 3881 971 3902 ν
1012 3885 1037 3902 Λ
1094 3881 1106 3902 ι
1305 3886 1350 3902 π
1401 3878 1439 3902 Λ
1597 3879 1682 3902 ηυξ
1741 3878 1809 3902 n1

367 3878 510 3954 οςζ
585 3885 701 3938 Τῶν
766 3883 864 3955 μὲν
948 3881 1234 3960 ἀνθρώπων
1305 3878 1511 3937 Παύλου
1595 3879 1684 3933 καὶ
1741 3878 1939 3955 Πέτρου

300 3991 319 4020 ι
349 3971 432 4024 καὶ
483 3969 738 4044 Τιμοθέου
822 3971 1251 4050 προῦπάρχουσιν
1327 3967 1608 4047 ἅνθρωποι,
1686 3968 1775 4022 καὶ
1833 3973 1939 4022 τῶν

300 4083 320 4111 .
364 4061 460 4134 πρὸ
521 4059 693 4118 αὗτὼν
749 4057 952 4118 3mm-
1009 4068 1099 4117 τοῦ
1159 4057 1212 4115 δὲ
1271 4057 1438 4126 Ἀδὰμ
1492 4061 1552 4115 οὒ
1607 4056 1938 4134 προϋπάρχει

303 4165 325 4198 ι
355 4145 535 4220 ἄλλος,
594 4145 712 4203 ἀλλ’
771 4150 926 4211 αὐτὸς
1002 4151 1029 4205 6
1101 4149 1253 4210 Θεός,
1329 4147 1530 4219 Πατρὸς
1574 4143 1627 4199 δὲ
1689 4146 1775 4200 καὶ
1821 4140 1942 4200 Υἱοῦ

302 4258 322 4286 ο
366 4239 450 4292 καὶ
522 4237 670 4314 ἁγίου
725 4238 1024 4300 Πνεύματος
1081 4235 1224 4292 οῦδὲν
1270 4235 1624 4314 προϋπάρχει,
1688 4230 1807 4288 ἀλλ’
1878 4235 1939 4288 ὲκ

305 4349 324 4379 ι
352 4331 439 4382 τοῦ
481 4327 686 4404 Πατρὸς
718 4328 746 4382 6
778 4328 895 4389 Υἱὸς
950 4326 1260 4404 γεγέννηται
1303 4326 1391 4382 καὶ
1450 4325 1510 4379 τὸ
1570 4321 1779 4397 Πνεῦμα
1841 4321 1936 4376 ἐκ-

305 4437 324 4466 n
368 4414 663 4493 πορεύεται,
707 4438 729 4469 n

941 4504 955 4527 ’
969 4505 1256 4561 Επιστασία
1268 4552 1280 4565 ,

377 4615 399 4648 ι
436 4593 495 4650 ΕΞ
525 4589 579 4648 δὲ
628 4592 687 4648 ἐκ
743 4599 832 4649 τοῦ
875 4593 994 4650 Υἶοῦ
1050 4601 1108 4648 τὸ
1181 4599 1391 4667 Πνεῦμα
1436 4589 1794 4668 ἐκπορεύεται,
1827 4589 1940 4648 πῶς

309 4701 328 4730 I
359 4682 446 4737 οὐκ
500 4677 696 4745 ἒδίδαξε
751 4681 838 4737 καὶ
895 4688 1048 4738 τοῦτο
1093 4683 1120 4737 6
1167 4679 1343 4758 ἅγιος,
1397 4676 1516 4733 ἀλλ’
1570 4679 1633 4732 εκ
1685 4681 1778 4731 τοῦ
1822 4680 1938 4729 Πα-

316 4785 334 4813 σ
362 4769 477 4847 τρὸς
506 4771 595 4824 καὶ
624 4765 805 4847 ἄμφω,
869 4769 962 4836 εὴν
995 4791 1051 4825 τε
1093 4777 1185 4826 τοὶ
1245 4771 1365 4825 Υἰοῦ
1408 4766 1661 4845 γέννησεν
1716 4764 1803 4818 καὶ
1845 4762 1941 4829 τὴν

310 4881 330 4910 ι
371 4863 460 4914 τοῦ
490 4858 795 4932 Πνεῦματος
835 4858 1170 4937 ὲκπόρευιτιν,
1219 4857 1604 4934 ἐδογμάτισεν,
1649 4875 1670 4908 ι

945 4945 1256 5005 Ἐπιστασὶα
1269 4996 1282 5009 ,

377 5034 588 5092 Ἐκεῖνο
646 5036 823 5114 τοῦτο,
871 5036 898 5091 ὃ
941 5038 1026 5092 καὶ
1079 5035 1273 5093 πολλοί
1332 5037 1450 5114 περὶ
1512 5037 1609 5101 τῆς
1667 5026 1949 5107 εὐαγγελι-

313 5126 403 5187 κῆς
453 5146 578 5202 φασι
635 5125 862 5201 ῥήσεως,
911 5125 1175 5204 λέγοντες,
1227 5127 1284 5182 Εἰ
1345 5127 1433 5180 καὶ
1477 5127 1539 5179 εκ
1591 5128 1683 5177 τοῦ
1743 5121 1862 5174 Υἱοῦ
1895 5117 1950 5171 τὸ

312 5214 533 5287 Πνεῦμα,
566 5219 679 5276 πῶς
710 5219 809 5292 οὐχ
844 5217 872 5271 6
921 5217 1102 5292 Κύριος
1136 5214 1260 5293 ἔφη,
1308 5213 1376 5271 ’Ὀ
1437 5213 1576 5291 παρᾶ
1621 5215 1712 5265 τοῦ
1747 5205 1945 5283 Πατρὸς

313 5300 390 5355 καὶ
439 5303 569 5378 ἐμοῦ
618 5303 1004 5383 ἐκπορεύεται;
1087 5303 1271 5361 Ἀλλὰ⁹
1347 5303 1579 5358 ἴστωσαν
1623 5300 1667 5355 οἱ
1725 5304 1950 5352 τοιοῦτοι

315 5383 406 5455 ὅτι,
437 5391 613 5470 ὥσπερ
655 5391 824 5470 λέγων
868 5396 896 5449 6
957 5394 1138 5470 Κύρῑος
1173 5409 1187 5422 ⁸
1258 5415 1278 5444 ι
1313 5389 1487 5452 Οὐδείς
1533 5387 1648 5445 οἶδε
1692 5388 1781 5442 τὸν
1835 5383 1952 5436 Υἱὸν

319 5475 357 5529 εἶ
391 5481 464 5552 μὴ
507 5481 534 5536 ὀ
591 5482 792 5558 Πατὴρ,
854 5483 976 5563 οὐχὶ
1019 5481 1226 5561 ἄγνοιον
1269 5489 1360 5538 τοῦ
1418 5479 1716 5554 Πνεῦματος
1777 5492 1954 5536 κατη-

2006 3351 2078 3395 ex
2109 3317 2565 3408 PatreSpiritum
2599 3344 2728 3387 esse
2746 3334 2803 3385 et
2824 3322 3005 3404 probe
3032 3324 3144 3382 hoc
3192 3319 3366 3382 etiam
3391 3317 3642 3408 colligis,

2010 3423 2121 3483 erit
2149 3404 2392 3480 omnino
2416 3424 2473 3477 et
2499 3434 2567 3476 ex
2591 3414 2762 3487 Filio,
2796 3421 3071 3493 tanquam
3112 3411 3211 3492 qui
3257 3417 3343 3470 est
3388 3404 3650 3468 veritatis

2011 3509 2293 3591 Spiritus,
2325 3507 2380 3570 et
2412 3504 2629 3568 Christi
2661 3502 2936 3585 Spiritus.

2595 3773 2675 3835 Et
2700 3778 2833 3852 post
2858 3785 3083 3852 pauca.

2102 3850 2968 3940 LXXVIJHominuniquidem
3004 3857 3166 3921 Pauli
3197 3864 3252 3918 et
3274 3854 3523 3927 Petri,et
3548 3850 3655 3940 Ti-

2024 3983 2048 4016 (
2082 3955 2203 4016 thei
2238 3952 2632 4033 praexsistunt
2660 3939 2931 4011 homines
2955 3954 3012 4008 et
3035 3965 3238 4007 eorum
3259 3943 3358 4025 qui
3387 3957 3523 4003 ante
3537 3939 3659 4000 l‘ue-

2031 4073 2052 4102 σ
2083 4027 2348 4104 runt-alii
2374 4061 2388 4113 ;
2420 4039 2642 4100 Atlamo
2666 4057 2803 4099 vero
2834 4037 2982 4097 alius
3005 4055 3120 4096 non
3149 4032 3520 4113 precexsistit,
3555 4027 3658 4090 sed

2029 4160 2051 4190 ι
2087 4131 2239 4193 Deus
2267 4130 2394 4210 ipse
2418 4150 2434 4204 ;
2462 4131 2648 4191 Patris
2680 4146 2818 4188 vero
2845 4134 2901 4187 et
2929 4125 3063 4187 Filii
3091 4133 3150 4185 et
3173 4121 3428 4202 Spiritus
3477 4114 3664 4210 sancti

2027 4252 2047 4282 ι
2079 4220 2226 4281 nihil
2251 4205 2360 4291 est,
2391 4217 2546 4298 quod
2583 4215 2965 4297 prwexsistat,
3020 4212 3124 4274 sed
3158 4230 3226 4272 ex
3258 4213 3429 4272 Patre
3476 4205 3662 4268 Filius

2027 4332 2048 4362 ι
2082 4315 2400 4390 generatus
2431 4313 2542 4382 est,
2577 4313 2635 4367 et
2663 4304 2918 4385 Spiritus
2951 4299 3236 4384 procedit.
3277 4321 3297 4349 I-

2587 4481 3090 4544 Am‘mudversio.

2113 4605 2134 4633 ι
2167 4575 2230 4639 Si
2264 4593 2332 4636 ex
2363 4571 2514 4635 Filio
2571 4571 2827 4652 Spiritus
2877 4566 3167 4649 procedit,
3219 4579 3400 4644 quare
3453 4577 3573 4652 non
3615 4565 3673 4619 ct

2033 4695 2055 4726 ι
2087 4665 2232 4726 illud
2258 4670 2495 4724 sanctus
2524 4647 2782 4732 edocuit,
2809 4647 3014 4719 rerum
3047 4674 3113 4715 cx
3148 4657 3317 4716 Patre
3364 4647 3672 4726 utriusque

2034 4785 2054 4814 ι
2094 4753 2221 4817 Filii
2255 4749 2790 4831 generationem,ct
2821 4745 3074 4828 Spiritus
3097 4739 3534 4825 processionem
3563 4735 3674 4796 de—

2039 4874 2059 4903 ι
2098 4841 2283 4904 crevit
2308 4840 2334 4901 ?
2367 4861 2387 4890 ι

2678 4925 3013 5005 Refutatio.

2113 5018 2262 5082 Illud
2295 5018 2514 5098 ipsum,
2541 5016 2695 5096 quod
2734 5001 2785 5076 et
2823 5015 3090 5094 plerique
3111 5010 3212 5098 alii
3237 5007 3310 5068 de
3341 5001 3677 5081 evangelico

2034 5110 2194 5171 dicto
2233 5097 2642 5187 pronuntiant,
2677 5104 2737 5167 Si
2785 5124 2852 5166 ex
2884 5103 3034 5165 Filio
3073 5097 3320 5180 Spiritus
3350 5107 3462 5164 est,
3496 5108 3681 5187 quare

2038 5178 2321 5261 Dominus
2350 5214 2466 5255 nen
2494 5178 2641 5255 dixit
2675 5212 2688 5256 :
2722 5194 2830 5266 Qui
2863 5213 2933 5254 ex
2972 5178 3144 5254 Patre
3177 5194 3234 5249 et
3266 5203 3362 5245 me
3389 5178 3679 5263 procedit.

2035 5287 2149 5349 Sed
2182 5284 2678 5368 quemadmodum
2708 5283 2914 5344 dicens
2948 5279 3251 5346 Dominus:
3284 5272 3503 5334 «Nemo
3526 5267 3686 5330 novit

2034 5358 2246 5438 Filium
2283 5372 2396 5434 nisi
2452 5374 2624 5433 Pater
2665 5373 2750 5446 74,
2783 5397 2803 5426 ι
2845 5391 2961 5433 non
3019 5365 3368 5448 ignoratiam
3426 5358 3685 5442 Spiritus

2036 5459 2508 5526 connotavitsed
2542 5459 2792 5541 primam
2825 5459 2985 5522 Patri
3017 5453 3419 5537 cognitionem
3444 5467 3566 5517 Suae
3589 5463 3686 5510 na-

393 5678 440 5729 ⁷¹
466 5681 596 5747 Act.
630 5697 691 5757 x,
727 5678 826 5744 37.
915 5678 1178 5758 79133.1,
1213 5679 1284 5745 61
1318 5699 1334 5756 ;
1367 5679 1510 5742 Luc.
1548 5691 1624 5749 tv,
1659 5670 1759 5732 18.
1845 5665 1907 5716 7³

2015 5668 2071 5727 :t.
2107 5677 2176 5748 ιι,
2214 5660 2310 5725 35.
2397 5660 2462 5709 ’Μ
2487 5659 2698 5723 Matth.
2728 5675 2814 5742 x1,
2845 5660 2946 5727 27.
