4180 6282
242 330 361 397 m9
384 326 391 332 .

1271 338 1359 404 IN’
1398 337 1792 402 CAMATERI
1835 335 2594 403 ANIMADVERSIONES.

3497 330 3620 400 510

246 490 375 527 ποτε
432 469 486 526 ἐν
555 472 750 550 ρήματι
834 472 1155 552 ἐνεργητικῴ
1223 470 1562 553 προϐάλλειν,
1622 471 1660 540 ἢ
1731 463 2433 551 ἑκπο-ΛΡᾶΙΓθωὶρδυω
2462 474 2785 551 ἔκπορεύειν,
2843 477 2944 533 aut
2971 466 3286 550 προϐάλλειν
3315 464 3621 553 Spiritum,

247 559 413 636 ρεύειν
441 560 533 615 τὸν
574 560 782 639 Πατέρα
808 562 870 617 τὸ
926 568 1161 638 Πνεῦμα,
1226 559 1303 618 ἵν’
1356 560 1450 629 εἴη
1503 560 1593 618 καὶ
1643 566 1798 617 τοῦτο
1827 558 1899 620 εἰς

245 647 489 727 ἀφορμὴν
572 646 865 711 σκανδάλου
914 651 1042 726 ὑμῖν
1092 662 1207 712 τοῖς
1287 648 1422 715 νέοις
1490 646 1894 728 δογματισταῖς,

249 735 491 815 λέγουσιν
536 739 609 801 ὡς
660 739 690 795 ὁ
748 740 866 802 Υἱὸς
925 740 1045 819 οῦχὶ
1088 737 1400 819 προϐάλλει,
1460 738 1577 797 οὐδὲ
1633 737 1899 815 ἐκπορεύει

245 827 305 882 τὸ
333 832 571 906 Πνεῦμα,
629 828 675 884 εἰ
730 828 818 884 καὶ
877 830 904 884 ὁ
961 828 1144 908 Πατὴρ
1199 827 1410 906 λέγεται
1462 834 1556 884 τοῦ
1600 827 1897 900 Πνεῦματος

247 912 559 995 προϐολεῦς,
630 917 675 972 εἰ
737 918 824 973 καὶ
878 918 939 973 τὸ
982 923 1195 993 Πνεῦμα
1247 916 1464 995 λέγεται
1532 916 1899 995 ἒκπορεύεσθαι

245 1004 303 1061 ἐκ
335 1005 583 1083 Πατρός;
635 1003 786 1062 Ἀλλ’
840 1007 888 1062 οἱ
942 1005 1186 1084 θεολόγοι
1231 1008 1425 1069 πάντες
1482 1005 1707 1084 Πατέρες
1762 1003 1903 1082 ἐνερ-

243 1095 461 1171 γητικὸν
490 1094 635 1172 ῥῆμα
668 1093 754 1150 ἐπὶ
781 1097 873 1151 τοῦ
920 1096 1123 1172 Πατρὸς
1167 1099 1262 1154 οὒκ
1316 1096 1498 1164 εἶπον,
1558 1096 1622 1150 τὸ
1663 1090 1901 1173 προϐάλ-

244 1182 351 1240 λειν
411 1185 500 1241 καὶ
548 1182 868 1262 ὲκπορεύειν,
928 1183 1066 1241 ἀλλὰ
1163 1187 1225 1241 τὸ
1279 1185 1587 1265 προσχέειν,
1643 1184 1899 1260 πηγάζειν

245 1294 300 1328 τε
341 1274 430 1328 καὶ
475 1271 789 1347 ἒκπέμπειν,
837 1270 970 1352 ἅπερ
1034 1272 1205 1329 πάντα
1259 1274 1347 1329 καὶ
1388 1273 1447 1329 ἐκ
1515 1279 1603 1328 τοῦ
1649 1274 1769 1329 Υἱοῦ
1834 1272 1897 1327 τὸ

245 1366 455 1436 Πνεῦμα
485 1359 697 1439 λέγεται
728 1360 903 1441 ἔχειν.

244 1475 343 1525 Τοῦ
374 1470 536 1526 αὑτοῦ
564 1467 671 1523 ἀπὸ
712 1474 806 1524 τοῦ
837 1468 892 1525 ἐν
923 1466 1054 1524 εἴδει
1105 1465 1378 1533 διαλέξεως
1428 1473 1783 1524 Μοντανιστοῦ
1809 1468 1895 1521 καὶ

906 1547 920 1570 ’
926 1546 1206 1626 Ορθοδόξου
1215 1594 1227 1609 .

1981 563 2045 617 ut
2082 558 2181 620 hic
2227 577 2464 640 quoque
2521 578 2698 622 causa
2755 558 3020 622 scandali
3078 563 3238 618 esset
3264 553 3432 617 vobis
3461 552 3629 615 novis

1980 643 2786 728 dogmatistis,asserentibus
2804 647 3021 710 Filium
3047 663 3244 728 neque
3265 642 3625 725 producere,

1981 750 2177 814 neque
2198 734 2473 798 emittere
2490 737 2803 817 Spiritum,
2826 737 2966 799 licet
2986 735 3159 798 Patei‘
3176 733 3410 796 dicatur
3430 730 3627 812 Spiri-

1983 828 2077 883 tus
2109 823 2476 901 productor;
2530 825 2671 888 licet
2724 824 2982 907 Spiritus
3028 830 3328 886 asseratur
3353 839 3424 882 ex
3454 822 3630 883 Patre

1982 910 2353 989 procedere?
2382 912 2498 976 Sed
2558 931 2769 975 omnes
2798 912 3004 977 Patres
3032 910 3291 989 theologi
3322 923 3626 988 nunquam

1980 998 2043 1059 in
2076 1000 2253 1061 Patre
2310 1000 2554 1063 verbum
2605 1003 2857 1065 activum
2902 1007 3263 1081 usurparunt
3300 998 3625 1076 ὶκπορεύειν,

1984 1096 2043 1149 et
2070 1088 2386 1169 προϐάλλειν
2420 1110 2433 1155 :
2465 1093 2569 1154 sed
2614 1093 2940 1172 effundere,
2974 1091 3218 1153 eilluere
3246 1097 3304 1149 et
3333 1088 3627 1165 emittere,

1983 1195 2115 1257 quae
2144 1178 2346 1240 omnia
2376 1199 2445 1243 ex
2477 1180 2627 1244 Filio
2658 1180 2879 1243 dicitur
2908 1179 3164 1260 Spiritus
3195 1176 3436 1239 habere.

1977 1461 2278 1544 Ejusdem
2306 1483 2385 1528 ea!
2413 1469 2686 1531 oratione
2715 1469 2778 1530 in
2824 1469 3027 1546 forma
3060 1463 3369 1545 colloquii,
3394 1460 3634 1526 Monta-

2456 1553 2634 1610 m‘stae
2663 1554 2721 1611 et
2752 1547 3122 1612 Orthodozri.

319 1642 458 1716 ΠΑ’.
541 1673 564 1710 e
603 1642 822 1731 ΗΩσπερ
866 1652 1011 1713 οῦδὲν
1068 1654 1185 1712 ἐστί
1243 1655 1407 1730 μέσον
1452 1660 1541 1711 νοῦ
1593 1656 1679 1710 καὶ
1748 1652 1895 1731 λόγον.

2070 1650 2330 1716 LXXXI.
2361 1677 2384 1709 ιι
2420 1651 2935 1726 Quemadmodum
2964 1652 3112 1715 nihil
3138 1659 3226 1713 est
3254 1644 3631 1712 mediumin-

249 1765 277 1796 ι
317 1742 407 1798 καὶ
464 1746 660 1815 πνοῆς,
707 1741 874 1806 οὕτως
935 1740 1080 1799 οὐδὲν
1133 1742 1294 1802 μέσον
1350 1744 1554 1822 Πατρὸς
1614 1742 1702 1798 καὶ
1781 1742 1902 1797 Υἱοῦ

247 1853 271 1886 α
302 1833 391 1888 καὶ
437 1830 589 1909 ἁγίου
643 1831 971 1906 Πνεύματος.
1035 1837 1241 1899 Νοῆσαι
1298 1829 1352 1887 δε
1419 1829 1503 1888 δεῖ
1558 1831 1620 1886 τὸ
1685 1835 1899 1904 Πνεῦμα

251 1940 273 1975 ι
305 1918 509 1977 τέλειον
559 1918 614 1974 ἑν
682 1918 856 1992 τελεία
909 1920 1192 1977 ὑποστάσει
1264 1921 1405 1998 παρὰ
1474 1918 1895 1997 Umpb:'_£x1ro-

252 2027 275 2065 ι
308 2008 610 2088 ρευόμενον.
650 2035 672 2066 ι

902 2111 1231 2173 ’Ζπιστασία.

321 2251 346 2285 ι
384 2212 594 2280 “Λκο)ε
627 2223 767 2301 παρὰ
796 2222 933 2286 τίνος
975 2225 1038 2280 τὺ
1067 2228 1279 2297 Πνεῦμα
1307 2222 1662 2302 ἐκπορεύεται.
1707 2246 1727 2277 ι

880 2323 1232 2405 Ἀντίῤῥησις.

319 2432 490 2492 Ἀλλὰ
562 2435 796 2515 πρόσεχε
866 2435 955 2492 καὶ
1005 2432 1086 2490 ὅτι
1129 2435 1191 2490 τὸ
1260 2431 1589 2513 παράδειγμα
1632 2437 1704 2498 ὡς
1747 2434 1890 2512 παρὰ

1989 1762 2017 1796 α
2053 1746 2144 1802 ter
2165 1751 2424 1803 mentem
2451 1752 2509 1804 et
2527 1762 2891 1822 sermonem,
2919 1752 2976 1805 et
2998 1750 3240 1817 statum,
3268 1741 3351 1801 ita
3371 1735 3519 1799 nihil
3542 1738 3632 1797 est

1989 1848 2014 1885 ι
2049 1829 2313 1891 medium
2337 1830 2731 1893 interPatrem
2752 1842 2810 1894 et
2831 1832 3047 1896 Filium
3070 1841 3126 1893 et
3150 1829 3437 1909 Spiritum
3455 1842 3632 1887 sanc-

1988 1940 2010 1972 σ
2051 1918 2432 1980 tum.Verum
2454 1919 2928 1983 considerandus
2960 1918 3310 2000 estSpiritus
3330 1914 3630 1996 perfectus

1986 2028 2014 2060 cr
2046 2003 2107 2067 in
2129 2006 2394 2085 perfecta
2419 2007 2717 2090 hypostasi
2745 2013 2959 2073 aPatre
2990 2006 3382 2090 procedens.»

2563 2115 3055 2178 Animadversio.

2064 2239 2087 2274 ι
2125 2216 2414 2296 Audisne,
2443 2237 2477 2281 a
2505 2237 2765 2299 quonam
2792 2218 3049 2301 Spiritus
3073 2216 3403 2300 procedat?
3433 2238 3457 2274 ι

2634 2325 2972 2406 Refutatio.

2052 2426 2172 2491 Sed
2204 2429 2492 2493 attendite
2526 2438 2586 2493 tu
2618 2442 3000 2513 mentemque
3037 2429 3197 2511 ﬁgito
3229 2428 3502 2509 exemplo
3533 2443 3627 2489 ac-

247 2523 461 2602 πρώτης
498 2513 663 2589 αἰτίας
694 2513 781 2582 καὶ
823 2524 1000 2602 ἀρχῆς
1056 2528 1149 2579 τοῦ
1204 2524 1408 2601 Πατρὸς
1436 2520 1597 2590 δηλοῖ
1641 2524 1758 2603 περὶ
1797 2529 1891 2580 τοῦ

1988 2527 2205 2599 :urate,
2267 2518 2426 2601 quod
2486 2520 2668 2582 veluti
2726 2539 2761 2583 a
2818 2521 3009 2603 prima
3039 2536 3218 2583 causa
3245 2513 3625 2603 ctprincipio

241 2614 360 2670 Υἱοῦ
409 2614 474 2669 τὸ
538 2619 751 2688 Πνεῦμα
807 2611 1241 2690 ἐκπορευόμενον,
1318 2613 1391 2675 ὡς
1446 2609 1531 2668 διὰ
1587 2620 1678 2671 τοῦ
1732 2611 1892 2690 λόγου

240 2699 372 2757 ἐστὶν
399 2702 437 2769 ἡ
484 2703 624 2770 πνοή
655 2701 717 2758 ἐκ
756 2710 846 2761 τοῦ
870 2708 979 2762 νοῦ.

550 2811 792 2865 ΡΗΣΕΙΣ
824 2813 953 2864 ΤΟΥ
980 2810 1178 2863 ΑΓΙΟΥ
1212 2815 1246 2863 Κ
1267 2810 1504 2864 ΥΡΙΛΛΟ
1521 2814 1583 2864 Υ.

767 2910 864 2969 Ἐκ
891 2918 996 2969 τῶν
1028 2918 1342 2992 Θησαυρῶν.

312 3011 453 3083 ΠΚ’.
495 3042 518 3077 ι
558 3019 777 3089 Ἐπειδὴ
806 3017 861 3076 δὲ
907 3020 1125 3096 ἀμαθῶς
1176 3019 1264 3076 καὶ
1317 3024 1476 3075 τοῦτα
1535 3018 1891 3098 προτείνουσιν

245 3128 273 3169 (
314 3112 361 3167 οἱ
388 3107 455 3166 δι’
488 3109 749 3185 ἐναντίας,
784 3109 989 3188 ἀνάγκη
1040 3106 1105 3177 δὴ
1157 3107 1345 3165 λοιπὸν
1405 3105 1489 3163 ἐπ’
1540 3109 1724 3164 ἒκεϊνα
1765 3130 1888 3187 χω-

245 3225 268 3258 (
299 3213 435 3279 ρετν,
464 3197 535 3255 δι’
590 3200 665 3254 ὧν
714 3201 777 3256 τὸ
836 3198 888 3264 ἐξ
955 3198 1029 3255 ὧν
1072 3195 1427 3275 δυσφημοῦσιν
1485 3196 1700 3271 ἀμαθῶς
1749 3196 1889 3252 ἀπο-

258 3315 279 3343 ο
305 3288 689 3367 κρουσθήσεται
774 3284 994 3364 βλάϐος,
1082 3288 1199 3366 Οὐχ
1258 3286 1448 3358 οὕτως,
1505 3286 1551 3339 ὦ
1604 3283 1887 3361 βέλτιστοι,

246 3394 271 3431 ε
304 3378 369 3432 τὰ
427 3376 604 3436 πάντα
660 3376 831 3455 φαμὲν
883 3375 944 3433 ἐκ
999 3385 1088 3435 τοῦ
1160 3381 1310 3449 Θεοῦ,
1383 3373 1616 3453 καθλπερ
1692 3376 1777 3430 καὶ
1829 3377 1891 3430 τὸ

248 3490 269 3518 ι
303 3471 519 3541 Πνεῦμα
554 3480 569 3493 '
629 3467 691 3521 τὸ
750 3465 848 3540 μὲν
904 3467 1004 3544 γάρ
1082 3464 1190 3520 ἐστι
1288 3469 1519 3544 φυσικῶς
1594 3463 1889 3544 ἐνυπάρχον

1975 2608 2148 2669 Patre
2173 2607 2441 2671 insinuat
2472 2626 2580 2689 per
2608 2600 2833 2673 Filium
2854 2609 3183 2693 procedere
3212 2600 3626 2688 Spiritum,uti

1976 2712 2085 2776 per
2111 2714 2449 2759 sermonem
2478 2698 2650 2760 ﬂatus
2706 2708 2797 2761 est
2824 2718 2894 2763 ex
2927 2706 3151 2761 mente.

2416 2803 2480 2868 S.
2529 2804 2857 2869 CYRILLI
2901 2805 3144 2870 DICTA
3159 2856 3172 2870 .

2553 2913 2657 2975 Ea:
2687 2912 3045 2979 Thesauris.

2054 3013 2336 3083 LXXXII.
2379 3040 2401 3075 ι
2433 3017 2580 3082 Cum
2609 3031 2808 3083 autem
2840 3020 3118 3102 imperite
3148 3016 3468 3080 admodum
3497 3015 3625 3077 base

1980 3126 2007 3158 α
2043 3115 2342 3184 opponant
2374 3106 2696 3170 adversarii
2726 3126 2975 3171 necesse
3006 3116 3117 3170 est
3146 3107 3216 3169 ad
3250 3105 3352 3167 illa
3376 3103 3624 3183 gradum

1980 3213 2005 3249 α
2040 3194 2261 3269 tacere,
2324 3213 2433 3277 per
2462 3215 2593 3277 quae
2621 3216 2774 3259 noxa
2822 3200 2894 3259 ab
2927 3199 3156 3260 eisdem
3188 3194 3625 3275 imprudenter,

1980 3305 2004 3337 α
2042 3281 2507 3365 blaspliemeque
2527 3286 2735 3348 inferri
2760 3286 3346 3369 tentata,repellitur.
3367 3281 3495 3343 Non
3518 3280 3626 3361 ita,

1979 3394 2007 3426 α
2040 3389 2072 3431 o
2100 3372 2332 3452 optimi,
2357 3375 2558 3436 omnia
2579 3394 2648 3437 ex
2676 3376 2793 3438 Deo
2822 3375 3096 3452 dicimus,
3123 3370 3625 3456 quemadmodum

1987 3484 2013 3515 α
2047 3469 2104 3521 et
2135 3461 2421 3542 Spiritum
2452 3480 2465 3526 :
2527 3465 2623 3526 hic
2671 3466 2830 3526 enim
2879 3465 3226 3527 naturaliter
3281 3462 3341 3524 in
3374 3479 3445 3523 eo
3476 3460 3630 3521 exsi-

248 3573 272 3610 ι
318 3553 484 3629 αὐτῷ,
519 3554 608 3611 καὶ
666 3551 927 3619 οὖσιωδῶς
986 3553 1310 3633 ἐμπεφυκὸς,
1354 3550 1432 3607 ἵν’
1485 3551 1650 3617 οὕτως
1708 3553 1888 3609 εἴπω-

1988 3572 2014 3604 α
2049 3557 2237 3631 stens,
2264 3559 2322 3612 et
2351 3553 2752 3615 essentialiter
2778 3555 3115 3636 adhaerens,
3142 3562 3202 3615 ut
3227 3552 3309 3615 ita
3333 3551 3624 3625 dicamus,

241 3663 265 3699 ι
300 3664 417 3722 μεθ,
451 3644 542 3699 καὶ
570 3642 873 3719 ἀμερίστως
942 3641 994 3708 ἐξ
1039 3642 1198 3699 αὑτοῦ
1243 3642 1429 3719 προϊόν
1471 3658 1484 3671 ⁸
1541 3642 1605 3697 τὰ
1662 3639 1737 3715 δὲ,
1794 3643 1889 3711 τῆς

1988 3662 2009 3695 ι
2048 3637 2303 3702 indivise
2336 3659 2408 3703 ex
2440 3660 2510 3703 eo
2544 3643 2922 3723 progreditur
2954 3661 2969 3706 :
3011 3661 3193 3725 Opera
3220 3648 3629 3715 vero,etcrea-

239 3757 262 3789 ι
295 3729 559 3809 ἐνεργείας
621 3730 753 3809 ’ἔργα
808 3732 895 3787 καὶ
954 3731 1229 3804 ποιήματα
1299 3726 1366 3784 δι’
1423 3731 1545 3785 Υἱοῦ
1600 3728 1653 3785 ἐν
1723 3731 1895 3787 Πνεῦ-

1990 3750 2017 3783 α
2057 3735 2203 3789 turre
2223 3729 2490 3793 actiones
2518 3740 2655 3792 sunt
2685 3751 2792 3813 per
2812 3731 3026 3794 Filium
3058 3732 3119 3793 in
3148 3730 3371 3812 Spiritu
3400 3726 3628 3811 produ-

243 3843 268 3873 ι
299 3842 427 3894 ματι
524 3818 802 3898 γεγονότα,
885 3821 973 3875 καὶ
1058 3818 1224 3881 οὕτως
1308 3817 1368 3874 ἐκ
1426 3824 1559 3874 Θεοῦ
1618 3819 1895 3894 νοούμενα,

1990 3842 2016 3871 α
2051 3826 2181 3892 (δια),
2218 3828 2276 3879 et
2333 3820 2443 3881 hac
2489 3822 2722 3883 ratione
2776 3840 2848 3883 ex
2876 3822 3001 3884 Deo
3030 3821 3366 3883 intellectae.
3404 3814 3629 3890 Quodsi

242 3934 263 3966 ι
301 3909 358 3966 Εἰ
438 3907 495 3965 δὲ
540 3909 745 3978 τούτοις
799 3910 956 3984 ἡμῶν
1010 3910 1069 3965 οὖ
1123 3908 1359 3964 πείθεσθε
1414 3919 1535 3971 τοῖς
1606 3905 1811 3985 λόγοις,
1846 3908 1895 3973 ἐν

1991 3925 2017 3965 ‹
2051 3906 2217 3967 hisce
2250 3909 2625 3972 sermonibus
2658 3930 2774 3972 non
2807 3910 3165 3983 suademini,
3195 3909 3300 3971 sed
3331 3907 3391 3969 in
3416 3905 3626 3968 eodem

239 4022 265 4052 α
298 3997 396 4074 ἴσῃ
454 3996 511 4054 δὲ
571 3996 711 4064 τάξει
770 4011 889 4061 τοῖς
947 3997 1328 4072 πεποιημένοις
1398 3998 1487 4053 καὶ
1564 3998 1625 4052 τὸ
1682 4000 1895 4074 Πνεῦμα

1992 4017 2020 4050 α
2052 3995 2210 4069 loco,
2241 4005 2301 4057 et
2356 4008 2656 4061 creaturas
2705 4008 2763 4060 et
2810 4000 3093 4080 Spiritum
3120 3996 3433 4079 reponitis,
3469 3992 3625 4075 quod

242 4114 262 4144 ι
293 4088 509 4168 θήσετε,
554 4085 638 4143 διὰ
668 4089 728 4143 τὸ
785 4088 844 4143 ἐκ
909 4095 1040 4144 Θεοῦ
1107 4088 1194 4143 καὶ
1243 4087 1368 4142 αὖτὸ
1422 4084 1691 4162 λέγεσθαι,
1726 4089 1894 4145 καθὰ-

1988 4106 2008 4140 α
2048 4102 2115 4145 ex
2145 4084 2268 4146 Deo
2304 4094 2359 4147 et
2389 4086 2517 4167 ipse
2548 4087 2799 4169 dicatur,
2833 4088 3335 4170 quemadmodum
3377 4093 3433 4145 et
3482 4083 3624 4157 illae,

239 4199 263 4228 α
296 4197 395 4255 περ
469 4176 673 4251 ἐκεῖνα,
733 4178 783 4231 τί
823 4178 886 4232 τὸ
943 4175 1145 4233 κωλύον
1201 4176 1343 4249 ἡμᾶς
1417 4174 1895 4253 ἀνθυπενεγκόντας

1988 4196 2009 4227 ιι
2046 4172 2182 4252 quid
2203 4173 2514 4254 impediet,
2549 4195 2624 4238 ne
2646 4185 2853 4240 contra
2877 4186 3245 4258 Opponentes
3265 4189 3624 4236 asseramus:

240 4287 265 4318 α
297 4266 488 4324 εἰπεῖν.
550 4266 608 4322 Εἰ
651 4265 711 4322 ἐκ
763 4272 895 4322 Θεοῦ
950 4266 1018 4321 τὰ
1066 4265 1237 4321 πάντα
1286 4262 1422 4320 ἐστὶν
1476 4263 1654 4342 ὥσπερ
1697 4265 1784 4321 καὶ
1837 4267 1895 4323 τὸ

1988 4283 2008 4316 ι
2046 4260 2109 4325 Si
2138 4279 2205 4324 ex
2245 4262 2360 4324 Deo
2392 4266 2591 4327 omnia
2622 4273 2778 4341 sunt,
2810 4264 3311 4347 quemadmodum
3345 4269 3402 4322 et
3431 4258 3626 4340 Spiri-

241 4374 264 4408 I
299 4360 541 4433 Πνεῦμα,
600 4356 688 4410 καὶ
738 4355 800 4410 τὸ
850 4352 1107 4432 ἐξαίρετον
1164 4350 1311 4409 οὒδὲν
1366 4351 1420 4407 ἐν
1464 4352 1606 4426 αὖτῷ
1646 4353 1788 4432 παρά
1832 4355 1895 4409 τὰ

1988 4374 2011 4404 ι
2047 4357 2227 4439 tus,et
2248 4351 2396 4412 nihil
2431 4352 2490 4413 in
2511 4372 2582 4415 eo
2612 4354 2911 4433 singulare
2933 4362 3042 4427 est,
3071 4352 3227 4434 quod
3261 4354 3317 4413 in
3339 4348 3629 4412 creaturis

242 4464 263 4497 ε
299 4445 603 4518 ποιήματα,
666 4441 803 4499 διατι
844 4444 923 4518 μὴ
980 4444 1069 4500 καὶ
1126 4441 1346 4499 ἕκαστον
1406 4448 1513 4497 τῶν
1572 4442 1893 4519 γεγονότων,

1988 4462 2016 4494 α
2050 4438 2227 4500 etiam
2260 4458 2381 4502 non
2410 4441 2662 4517 eluceat,
2695 4461 2878 4523 quare
2923 4462 3041 4504 non
3071 4451 3129 4502 rt
3160 4456 3527 4521 unaquaeque
3556 4454 3628 4499 ex

240 4529 586 4611 «ἐπειδήπερ
616 4532 676 4589 ἐκ
726 4535 818 4590 τοῦ
876 4540 1006 4589 Θεοῦ
1066 4532 1209 4588 εἶναι
1268 4528 1504 4609 λέγεται,
1563 4528 1677 4586 οἶδε
1704 4531 1771 4586 τὰ
1811 4539 1895 4589 τοῦ

1988 4550 2015 4581 «
2049 4526 2364 4596 creaturis.
2423 4548 2556 4591 cum
2605 4548 2675 4591 ex
2728 4533 2850 4594 Deo
2898 4548 3031 4593 esse
3078 4529 3329 4599 dicatur,
3363 4544 3493 4608 qua)
3519 4524 3629 4589 Dei

246 4639 266 4669 ι
302 4630 458 4702 Θεοῦ,
533 4623 622 4678 καὶ
680 4624 861 4700 ὶρευνᾷ
900 4623 966 4678 τὰ
1021 4622 1156 4699 βάθη
1212 4627 1304 4677 τοῦ
1361 4625 1531 4693 Θεοῦ;
1577 4616 1788 4675 διατίδὲ
1822 4620 1895 4694 μὴ

1989 4638 2016 4669 α
2052 4621 2188 4675 sunt
2210 4614 2393 4691 novit,
2415 4626 2471 4678 et
2499 4617 2605 4679 Dei
2638 4618 2927 4700 profunda
2955 4618 3408 4699 perscrutatur?
3436 4614 3630 4687 Quare

248 4741 269 4771 ι
302 4709 385 4767 διὰ
443 4712 657 4769 πάντων
714 4711 1076 4769 ἀποκαλύπτει
1135 4712 1289 4790 Θεὸς,
1377 4706 1515 4765 ἀλλᾶ
1572 4706 1655 4763 διὰ
1740 4710 1895 4784 μόνου

1990 4729 2011 4761 ι
2050 4723 2168 4765 non
2200 4704 2377 4767 etiam
2438 4726 2543 4788 per
2598 4727 2805 4771 omnes
2854 4713 3014 4774 Deus
3068 4709 3310 4783 revelat,
3353 4707 3456 4768 sed
3491 4715 3628 4767 tan-

240 4827 261 4858 ι
291 4810 384 4860 τοῦ
437 4801 789 4877 Πνεῦματοςε
855 4790 993 4860 "Ou
1034 4805 1205 4857 τοίνυν
1265 4801 1330 4855 τὰ
1388 4797 1486 4872 μὲν
1543 4795 1677 4855 ἄλλα
1732 4801 1895 4868 ποιή-

1988 4801 2171 4854 «tum
2232 4813 2343 4875 per
2398 4795 2682 4877 Spiritum
2740 4797 3059 4861 sanctum?
3117 4798 3263 4861 Cum
3288 4796 3469 4875 igitur
3497 4795 3631 4858 aliae

237 4910 257 4943 ε
296 4890 438 4963 ματὲι
497 4887 585 4945 διὰ
653 4893 745 4948 τοῦ
803 4891 1106 4965 Πνεῦμα-ξος
1163 4889 1263 4955 τὴν
1343 4883 1682 4962 ἀποκάλυψιν
1754 4885 1893 4969 ἔχθει,

1988 4908 2013 4938 α
2049 4890 2338 4945 creaturae
2370 4904 2477 4966 per
2509 4884 3245 4967 Spiritumrevelationem
3296 4885 3626 4961 obtineant,

242 5006 262 5035 ι
296 4980 421 5037 αὐτὸ
452 4976 508 5034 δὲ
542 4981 603 5034 τὸ
661 4982 868 5054 Πνεῖμα
924 4979 1101 5059 ἐρευνᾷ
1160 4980 1246 5033 καὶ
1297 4976 1364 5032 τὰ
1413 4975 1548 5049 βάθη
1604 4977 1699 5031 τοῦ
1742 4983 1894 5038 Θεοῦ.

1990 4996 2012 5028 (ι
2050 4975 2176 5052 ipse
2226 4992 2368 5036 vero
2431 4974 2688 5056 Spiritus
2739 4984 3142 5056 perscrutelur
3172 4974 3278 5037 Dei
3311 4973 3628 5055 profunda,

239 5094 259 5125 ι
305 5069 377 5130 ὡς
409 5067 463 5133 ἐξ
495 5066 655 5125 αὐτοῦ
697 5070 784 5124 καὶ
826 5068 878 5124 ἐν
939 5068 1080 5141 αὒτῷ
1131 5072 1366 5148 φυσικῶς
1419 5062 1684 5142 ὑπάρχον,
1721 5064 1895 5145 ὥσπερ

1989 5086 2016 5117 «ι
2056 5077 2332 5142 umquam
2391 5065 2491 5145 qui
2523 5064 2583 5125 in
2616 5065 2742 5143 ipso
2792 5065 3138 5126 naturaliter
3171 5063 3418 5143 exsistit,
3454 5062 3540 5124 uti
3573 5070 3633 5125 et

239 5182 259 5211 ι
290 5158 378 5212 καὶ
421 5160 478 5211 ὲν
532 5159 608 5230 τῷ
656 5157 912 5236 ἀνθρώπῳ
969 5159 1030 5212 τὸ
1087 5156 1434 5235 ἀνθρώπινον,
1499 5149 1762 5231 πρόδηλον
1794 5151 1895 5221 δὴ·

1991 5175 2015 5207 ιι
2049 5150 2109 5211 in
2143 5151 2386 5213 homine
2446 5155 2759 5228 humanus,
2820 5154 3191 5215 manilestum
3229 5154 3401 5231 plane
3429 5171 3633 5214 rema-

238 5271 259 5302 ι
303 5248 499 5303 πουθεν
560 5244 633 5308 ὣς
693 5248 821 5310 Θεὸς
880 5246 978 5321 μὲν
1032 5248 1092 5302 τὸ
1135 5251 1372 5319 Πνεῦμα,
1405 5243 1466 5297 τὸ
1522 5239 1574 5305 ἐξ
1623 5240 1683 5295 οὗ
1710 5241 1898 5320 κυρίως

234 5356 256 5386 ιι
305 5333 435 5414 ἔχον
487 5335 576 5390 καὶ
618 5340 849 5409 φυσικῶς
902 5337 975 5399 ὡς
1029 5336 1184 5408 Θεὸς,
1237 5335 1302 5388 τὰ
1358 5329 1409 5386 δὲ
1443 5327 1578 5386 ἄλλα
1615 5331 1894 5404 ποιήματα

233 5448 254 5480 ι
287 5444 423 5478 κατα
431 5422 888 5502 χρηστικώτερον,
934 5425 1006 5487 ὡς
1058 5420 1117 5478 ἐκ
1167 5426 1391 5489 ποιητοῦ
1438 5417 1527 5475 καὶ
1572 5415 1894 5497 δημιουργοῦ

239 5535 258 5567 ι
288 5511 588 5591 πεφηνότα,
636 5510 689 5578 ἐξ
720 5511 779 5568 οὗ
821 5511 1109 5590 λεγόμενα.
1148 5534 1172 5569 ν

1989 5264 2016 5295 α
2051 5249 2172 5314 net,
2209 5241 2491 5321 Spiritum
2527 5262 2659 5304 esse
2700 5245 2911 5317 Deum,
2948 5243 3182 5324 proprie
3213 5242 3484 5319 i:lud,ex
3513 5242 3629 5305 alio

1984 5353 2007 5386 α
2047 5347 2179 5390 esse
2203 5330 2595 5414 obtinentem,
2623 5333 3045 5394 etnaturuliter
3067 5332 3147 5394 uti
3177 5332 3355 5405 Deus,
3388 5331 3632 5413 reliquae

1985 5442 2007 5475 ο
2043 5434 2183 5479 vero
2216 5431 2525 5484 creaturas
2581 5421 2769 5500 magis
2817 5420 3059 5484 abusive
3092 5429 3367 5504 tanquam
3402 5440 3533 5503 quas
3555 5439 3629 5484 ex

1982 5533 2004 5563 α
2040 5506 2264 5658 ἓαοῑοτῑε
2284 5516 2344 5572 et
2362 5509 2578 5591 opiﬁce
2598 5510 3023 5592 producantur,
3046 5510 3298 5594 ideoque
3314 5530 3382 5572 ex
3405 5529 3476 5574 eo
3499 5529 3633 5575 esse

1982 5621 2004 5652 α
2084 5612 2214 5657 ican
2245 5615 2336 5658 ur.
2378 5622 2402 5654 υ

1979 5621 2004 5652 α
2040 5612 2336 5661 dicantur.
2378 5622 2402 5654 η
