4180 6282
524 339 640 410 515
1629 349 1842 415 JOAN.
1890 350 2116 414 VEGCI
2155 353 2167 410 t

2256 395 2269 412 .
2317 345 2834 414 PATRIARCHE
3803 344 3927 411 516

529 490 679 557 tum,
715 485 772 546 in
806 485 980 546 aliam
1003 492 1179 567 atque
1221 483 1394 548 aliam
1442 486 1792 548 sententiam
1827 485 2167 563 detorquere

2269 489 2500 557 Πνεῦμα,
2549 487 2644 541 οῦκ
2698 482 2816 560 αἶδῇ
2873 486 2943 550 εἰς
2985 483 3154 550 ἄλλην
3213 485 3413 541 ἔννοιαν
3471 491 3622 541 τοῦτο
3677 480 3920 561 παρεξη-

532 591 648 633 non
674 573 972 636 verebaris
1000 596 1013 636 :
1053 575 1444 638 nihilominus
1471 575 1518 634 si
1542 574 1657 635 alio
1685 576 1856 636 modo
1879 592 1944 634 ex
1969 589 2167 634 essen-

2265 571 2542 647 γούμενος,
2591 571 2760 650 ὅμως,
2806 575 2849 628 εἱ
2890 574 2978 629 καὶ
3021 570 3194 638 ἄλλως
3245 574 3342 649 μὲν
3391 574 3451 630 ἐκ
3497 583 3593 645 τῆς
3624 572 3799 636 οῦσίας
3827 576 3922 625 τοῦ

532 659 610 720 tia
634 662 843 737 Patris,
869 663 984 724 alio
1015 682 1082 724 ex
1110 661 1496 725 essentiaFilii
1523 679 1655 723 esse
1706 660 2018 722 contendis
2041 658 2167 738 Spi-

2263 661 2490 738 Πατρὸς,
2523 658 2697 725 ἄλλως
2728 660 2783 716 δὲ
2827 660 2885 717 ἐκ
2913 667 3011 728 τῆς
3069 661 3246 726 οὐσίας
3307 672 3398 720 τοῦ
3471 665 3590 718 Υίοῦ
3632 662 3772 717 εἶναι
3818 659 3918 714 λέ-

527 755 732 836 ritum,
759 775 828 817 ex
860 757 1120 818 essentia
1141 757 1331 819 Patris
1357 773 1489 818 esse
1508 755 1737 824 dicens,
1759 763 2034 835 tanquam
2079 753 2167 832 qui

2262 767 2372 822 γεις
2401 749 2462 803 τὸ
2507 753 2740 823 Πνεῦμα,
2775 750 2834 805 ἐκ
2893 749 2990 825 μὲν
3017 753 3114 818 τῆς
3174 752 3347 815 οῦσίας
3406 761 3498 809 τοῦ
3528 751 3730 829 Πατρὸς
3773 762 3916 804 εἶναι

527 861 599 905 ex
621 833 794 908 Patre
821 847 1162 919 exsistat,ex
1185 846 1441 906 essentia
1462 863 1600 905 vero
1620 842 1753 906 Filii
1781 833 2167 923 proiptercon-

2261 833 2431 912 λέγων
2462 838 2586 892 αὐτὸ
2617 839 2690 900 ὡς
2724 839 2959 918 ὕπαρχον
2990 841 3051 896 ἶεκ
3107 848 3198 897 τοῦ
3245 842 3474 920 Πατρὸς,
3505 839 3564 895 ἐκ
3596 838 3650 894 δὲ
3678 843 3773 905 τῆς
3816 841 3916 895 οῦ·-

526 931 993 1014 substantialem,
1039 934 1189 996 scito
1237 934 1299 995 in
1353 933 1621 996 eamdem
1671 931 2025 992 sententiam
2063 938 2167 990 tuae

2261 924 2376 987 σίας
2418 935 2509 983 τοῦ
2538 929 2658 981 Υἱοῦ
2685 925 2771 981 διὰ
2827 929 2926 993 τὴν
2956 930 3370 1002 ὁμοουσιότητα,
3428 926 3546 985 ἀλλ’
3580 928 3690 983 ἴσθι
3733 929 3807 990 ὡς
3837 927 3912 988 εἷς

525 1021 916 1101 expositionis
947 1023 1289 1085 varietatem
1351 1039 1728 1084 concurrere.
1788 1019 1954 1092 Quod
2013 1018 2173 1080 enim

521 1111 748 1172 exsistit
804 1131 876 1174 ex
931 1112 1195 1174 essentia
1251 1114 1464 1185 Patris,
1522 1119 1611 1171 est
1663 1109 2173 1170 consulistantiale

527 1200 684 1262 Patri
715 1210 773 1263 et
801 1201 957 1282 quod
991 1201 1186 1263 existit
1217 1219 1288 1262 ex
1333 1200 1590 1262 essentia
1627 1197 1761 1260 Filii
1794 1206 1880 1258 est
1909 1196 2170 1259 consub-

525 1292 798 1352 stantiale
827 1291 992 1352 Filio.
1031 1289 1196 1362 Quod
1227 1291 1276 1350 si
1333 1309 1448 1350 non
1504 1291 1586 1350 ita
1642 1296 1753 1366 est,
1813 1287 1964 1347 forte
1997 1290 2170 1348 etiam

523 1378 679 1440 inter
695 1378 882 1440 Patris
903 1378 1096 1440 etFilii
1110 1379 1430 1440 essentiam
1451 1378 1772 1439 discrimen
1787 1375 2173 1456 aliquodesse

523 1467 1036 1548 deprehendetur,
1064 1469 1421 1546 etSpiritum
1453 1485 1567 1528 ase
1589 1467 1716 1546 ipso
1748 1463 2175 1540 dilferre,nunc

523 1557 765 1636 quidem
801 1575 921 1618 uno
964 1557 1138 1618 modo
1185 1575 1253 1618 ex
1301 1554 1754 1618 essentiaPatris
1796 1563 2170 1615 emanantem

524 1663 684 1705 nunc
711 1663 848 1706 vero
873 1645 987 1707 alio
1013 1645 1187 1706 modo
1211 1664 1280 1707 ex
1334 1649 1589 1708 essentia
1632 1647 1787 1707 Filii.
1823 1643 1913 1704 Ad
1961 1643 2176 1705 similia

519 1733 776 1796 absurda
805 1753 993 1815 eaque
1018 1735 1284 1797 enormia
1306 1746 1512 1797 vestree
1542 1753 1738 1816 pravae
1766 1733 2174 1812 expositiones

526 1825 892 1888 conducunL

1164 1914 1265 1976 Ea:
1293 1915 1530 1977 iisdem.

607 2002 895 2065 LXXXVI.
913 2028 938 2060 α
965 2007 1108 2067 Cum
1133 2004 1328 2083 itaque
1351 2004 1448 2084 qui
1479 2002 1765 2084 Spiritum
1786 2011 2053 2064 sanctum
2075 2020 2165 2063 ac-

527 2121 555 2154 α
583 2105 889 2176 ceperunt,
911 2106 1186 2177 tanquam
1209 2097 1394 2158 Deum
1418 2097 1476 2158 in
1500 2096 1836 2177 semetipsis
1856 2094 2164 2168 habentes,

529 2211 558 2251 α
582 2193 992 2264 vaticinantur,
1024 2192 1279 2272 ideoque
1311 2191 1372 2251 in
1423 2191 1731 2252 hominum
1777 2190 2170 2250 admiratione

528 2303 556 2336 α
582 2289 718 2342 sunt
749 2281 1046 2360 quomodo
1081 2282 1194 2342 erit
1242 2289 1533 2347 creatura,
1585 2295 1643 2340 ei.
1694 2298 1810 2339 non
1845 2279 2035 2357 potius
2063 2296 2168 2336 su-

528 2393 555 2426 σ
593 2368 959 2431 blimissimae
988 2370 1259 2430 essentia!
1280 2369 1606 2447 assumptio
1640 2366 1978 2446 hahitualis,
2003 2373 2172 2425 natu-

531 2482 560 2513 α
595 2457 801 2519 raliter
830 2457 1234 2538 pertransiens
1266 2475 1335 2518 ex
1364 2461 1534 2518 Patre
1567 2474 1674 2537 per
1700 2455 1915 2517 Filium
1948 2455 2005 2515 in
2039 2472 2163 2526 eos,

529 2567 559 2606 ‹
594 2547 693 2626 qui
724 2548 843 2626 apti
875 2555 1010 2606 sunt
1041 2547 1208 2607 illum
1242 2546 1516 2626 excipere
1539 2545 1569 2604 ‘?
1607 2572 1633 2604 Vt

1096 2635 1586 2697 Animadversio.

610 2753 631 2785 ο
671 2730 758 2792 Ne
790 2730 900 2790 hoc
932 2730 1197 2809 apertius
1225 2729 1384 2790 aliud
1432 2730 1708 2809 quaerito,
1744 2726 1890 2790 satis
1921 2727 2079 2788 enim
2112 2732 2170 2786 et

526 2838 556 2878 ‹
593 2819 806 2880 mirum
841 2816 900 2878 in
951 2818 1191 2878 modum
1239 2818 1334 2880 hic
1387 2835 1666 2896 magnum
1726 2816 1884 2878 hunc
1933 2814 2168 2896 pietatis

527 2933 554 2963 ι
584 2905 918 2986 Magistrum
975 2906 1422 2986 praepositiones
1472 2906 1859 2980 dividentem,
1915 2913 1972 2964 et
2015 2902 2171 2964 Patri

529 3021 552 3053 (ι
589 3013 682 3073 eat,
717 2995 864 3057 Filio
893 3012 1028 3060 vero
1057 3013 1190 3076 per,
1229 2995 1645 3058 attribuentem
1691 2993 1980 3057 offendes.
2021 3015 2044 3049 η

1173 3175 1504 3256 Refutatio.

601 3265 787 3339 Quam
813 3265 1020 3329 beatus
1037 3285 1220 3343 esses,
1249 3268 1330 3329 mi
1353 3268 1554 3330 homo.
1576 3266 1627 3328 si
1649 3283 1765 3328 non
1786 3264 1933 3326 tanti
1974 3264 2169 3342 jacta-

521 3373 623 3418 res
671 3356 1156 3436 przepositionum
1205 3357 1549 3431 divisiones,
1578 3374 1645 3418 ex
1694 3352 1909 3435 quibus
1940 3353 2169 3414 nullum

525 3444 760 3524 pondus
783 3445 1009 3505 veritati
1057 3445 1308 3520 accedit,
1361 3445 1462 3506 sed
1519 3443 1873 3506 sententiam
1907 3441 2171 3504 studiose

520 3533 930 3611 investigares,
957 3552 1086 3612 quas
1107 3533 1168 3594 in
1191 3533 1487 3614 pericoliis
1504 3533 1723 3612 scripto
1743 3529 1972 3592 traditis
1995 3529 2170 3590 insita

523 3629 634 3682 est.
668 3620 737 3681 Et
767 3620 1075 3692 attendito,
1136 3641 1250 3701 qua
1299 3621 1531 3682 ratione
1582 3621 1677 3681 hic
1734 3626 1994 3693 sanctus,
2032 3637 2163 3678 cum

521 3708 708 3771 Deum
738 3708 981 3770 dixisset
1024 3708 1307 3791 Spiritum
1341 3709 1723 3771 habitualiter
1772 3707 1831 3767 in
1867 3705 2166 3786 prophetis

521 3797 948 3878 procedentem
979 3802 1382 3878 acceptionem
1419 3799 1586 3858 illum
1619 3795 1971 3875 nominavit,
2004 3820 2028 3850 α
2057 3796 2162 3857 ha-

524 3886 807 3946 bitualem
841 3885 1292 3949 sublimissimai
1324 3887 1597 3948 essentia:
1631 3883 1979 3945 naturaliter
2021 3903 2164 3965 per-

524 3975 890 4036 transeuntis
915 3993 947 4036 a
973 3974 1149 4036 Patre
1174 3995 1279 4056 per
1300 3976 1509 4038 Filium
1535 3975 1594 4035 in
1624 3973 1855 4053 eos,qui
1882 3972 2005 4052 apti
2033 3981 2169 4034 sunt

523 4063 690 4124 illum
720 4067 1010 4144 recipere.
1050 4088 1073 4123 ν
1112 4063 1255 4128 Cum
1281 4065 1461 4144 igitur
1487 4063 1743 4144 Spiritus
1771 4071 2007 4122 sanctus
2039 4080 2168 4141 par-

521 4151 620 4213 tici
629 4152 785 4232 patio
801 4161 888 4214 est
904 4153 1219 4214 hahitualis
1234 4154 1672 4215 sublimissimaa
1684 4149 1950 4212 omnium
1967 4168 2164 4211 essen-

520 4240 617 4301 tia:
641 4260 672 4302 a
689 4243 860 4303 Patre
877 4261 982 4320 per
995 4241 1206 4304 Filium
1234 4243 1305 4304 ad
1330 4243 1541 4322 dignos
1561 4238 1983 4321 pertransiens,
2011 4257 2163 4318 quo-

521 4329 696 4391 modo
717 4348 832 4390 non
854 4331 1183 4392 ostenditur
1206 4331 1300 4392 hic
1326 4329 1806 4391 manifestissime
1857 4326 2161 4388 sublimis-

2253 1012 2350 1079 τήν
2380 1013 2545 1080 αὒτὴν
2576 1014 2776 1072 ἕννοιλν
2807 1016 3091 1097 συντρέχον
3121 1018 3230 1075 ἐστῖ
3260 1017 3321 1074 τὸ
3343 1024 3443 1085 τῆς
3475 1023 3576 1085 σῆς
3606 1016 3912 1095 ἐξηγήσεως

2251 1099 2518 1180 διάφορον.
2573 1094 2701 1161 υΟτι
2744 1105 2842 1183 γὰρ
2872 1094 3100 1185 ὑπάρχει
3131 1107 3191 1162 ἐκ
3219 1113 3319 1174 τῆς
3349 1107 3528 1170 οὐσίας
3564 1113 3656 1165 τοῦ
3678 1094 3908 1184 Πατρός,

2253 1190 2388 1246 ἐστὶν
2432 1193 2707 1266 ὁμοούσιον
2750 1200 2826 1267 τῷ
2882 1199 3064 1272 Πατρὶ,
3125 1198 3212 1252 καὶ
3270 1194 3350 1253 ὅτι
3406 1197 3634 1275 ὑπάργει
3681 1195 3742 1250 ἐκ
3808 1199 3909 1260 τῆς

2253 1280 2430 1342 οὐσίας
2474 1287 2563 1336 τοῦ
2609 1282 2750 1357 ι’ίοῦ,
2798 1281 2936 1338 ἐστὶν
2980 1283 3265 1357 ὁμοούσιον
3323 1292 3400 1358 τῷ
3433 1287 3558 1357 Υἱῷ.
3605 1285 3665 1341 Ei
3716 1282 3771 1339 δὲ
3802 1283 3908 1359 μὴ,

2255 1363 2383 1445 τάχ’
2415 1366 2476 1423 ἀν
2507 1368 2672 1441 μέσον
2727 1376 2825 1437 τῆς
2879 1377 2971 1427 τοῦ
3027 1374 3230 1450 Πατρὸς
3286 1375 3373 1428 καὶ
3432 1377 3548 1430 Υἱοῦ
3591 1374 3762 1436 οὐσίας
3786 1370 3912 1426 δια-

2256 1457 2388 1535 φορά
2456 1479 2535 1520 τις
2581 1461 2720 1514 εἶναι
2779 1458 3130 1537 ὑποληφθείη,
3185 1463 3272 1518 καὶ
3324 1464 3385 1518 τὸ
3455 1469 3665 1538 Πνεῦμα
3721 1463 3915 1517 ἑαυτοῦ

2256 1543 2535 1625 διαφέρειν,
2570 1547 2658 1602 νῦν
2703 1549 2798 1622 μὲν
2829 1546 3004 1612 ἄλλως
3063 1549 3122 1604 ἐκ
3177 1550 3273 1617 τῆς
3333 1552 3507 1614 οὐσίας
3564 1558 3656 1607 τοῦ
3699 1550 3908 1627 Πατρὸς

2255 1636 2466 1709 προϊὸν,
2499 1642 2586 1692 νῦν
2629 1634 2683 1692 δὲ
2728 1635 2902 1701 ἄλλως
2950 1637 3008 1694 ἐκ
3036 1644 3132 1705 τῆς
3177 1640 3352 1703 οὖσίας
3394 1648 3487 1696 τοῦ
3540 1641 3682 1698 Υἱοῦ.
3716 1638 3908 1696 Τοιοῦ-

2254 1744 2359 1777 των
2417 1723 2778 1800 ἀτοπημάτων
2847 1729 2919 1790 εἰς
2995 1728 3126 1802 ὕψος
3191 1732 3243 1784 αἱ
3312 1727 3699 1808 παρεξηγήσεις
3757 1728 3908 1800 ὑμῶν

2195 1803 2232 1850 Β
2255 1813 2672 1893 κεκορύφωνται.

2856 1903 2949 1961 Ἐκ
2977 1913 3083 1961 τῶν
3111 1911 3302 1966 αὐτῶν.

2380 1974 2460 2014 P‘
2590 1982 2627 2000 "
3001 1998 3012 2013 σ
3080 1998 3092 2013 κ
3694 1997 3706 2012 κ
3763 1995 3785 2010 n

2330 2012 2417 2064 [ιδ
2465 2039 2478 2051 .
2531 2010 2551 2038 ι
2629 2001 2727 2048 Οτε
2758 1994 2927 2049 τοίνυν
2970 2017 3017 2050 οι
3043 2017 3105 2051 το
3137 2002 3349 2072 Πνεῦμα
3378 1994 3630 2058 λαϐόντες
3660 2017 3720 2050 το
3750 2017 3907 2070 αγιον

2259 2101 2280 2130 ι
2315 2080 2387 2141 ὡς
2434 2081 2564 2134 Θεὸν
2621 2079 2840 2160 ἔχοντες
2905 2084 2958 2138 ἐν
3027 2085 3238 2148 ἑαυτοῖς
3315 2087 3714 2164 προφητεὼυσι,
3818 2085 3910 2139 καὶ

2261 2169 2661 2242 «θαυμάζονται
2719 2169 2810 2226 διὰ
2867 2180 3040 2245 τοῦτο,
3117 2180 3230 2237 πῶς
3330 2173 3476 2229 ἔσται
3522 2174 3751 2250 ποίημα,
3815 2174 3909 2228 καὶ

2257 2282 2279 2312 ι
2329 2259 2453 2335 οὐχὶ
2495 2257 2698 2332 μᾶλλον
2737 2264 2836 2326 τῆς
2897 2260 3150 2317 ἀνωτάτω
3204 2269 3388 2319 πασῶν
3429 2262 3602 2324 οὐσίας
3660 2257 3907 2337 μετάλη-

2256 2377 2278 2404 ι
2317 2349 2408 2419 qui;
2440 2349 2693 2427 σχετικὴ,
2738 2355 2970 2428 φυσικῶς
3031 2348 3361 2407 διαϐαίνουσα
3408 2352 3548 2429 παρά
3602 2351 3802 2426 Πατρὸς
3833 2338 3904 2403 δι’

2255 2459 2279 2489 α
2350 2438 2469 2489 Υιοῦ
2512 2438 2641 2516 πρὸς
2673 2438 2793 2500 τοὺς
2824 2437 3147 2506 ἐπιτηδείους
3193 2441 3262 2506 εἷς
3289 2442 3351 2496 τὸ
3380 2437 3563 2496 λαϐεῖν
3593 2459 3609 2512 ;
3641 2466 3663 2496 ο

2915 2615 3249 2680 Ἐπιστασία.

2338 2729 2360 2761 ι
2411 2702 2498 2769 Μὴ
2541 2705 2687 2774 ζήτει
2730 2707 2914 2762 τούτου
2990 2709 3303 2784 σαφέστερον
3338 2722 3351 2735 ·
3421 2707 3554 2762 πάνυ
3606 2707 3704 2785 γὰρ
3767 2709 3901 2762 θαυ-

2257 2816 2280 2847 ι
2317 2794 2533 2866 μαστῶς
2607 2793 2857 2871 εὑρίσκεις
2927 2794 3187 2850 κάνταῦθα
3215 2797 3306 2851 τὸν
3355 2795 3523 2873 μέγαν
3579 2802 3761 2852 τοῦτον
3803 2799 3903 2861 τῆς

2257 2903 2281 2932 ι
2315 2876 2579 2944 εὐσεϐείας
2651 2880 2966 2939 διδάσκαλον
3038 2880 3329 2961 διαιροῦντα
3421 2886 3513 2947 τὰς
3607 2882 3899 2962 προθέσεις.

2260 2987 2289 3026 (
2321 2971 2408 3024 καὶ
2439 2976 2517 3043 τῷ
2574 2973 2734 3049 Πατρὶ
2765 2971 2861 3047 μὲν
2903 2973 2999 3040 τὴν
3055 2973 3221 3051 παρὰ,
3289 2977 3386 3040 τὴν
3417 2972 3502 3032 διὰ
3553 2973 3607 3029 δὲ
3651 2979 3727 3046 τῷ
3795 2976 3899 3046 Υἱῷ

2189 3081 2230 3130 C
2261 3082 2284 3115 ι
2317 3056 2672 3134 ἀπονέμοντα.
2709 3081 2732 3114 ο

2891 3157 3243 3238 Ἀντίρῤησις.

2341 3234 2432 3309 Ὠς
2476 3247 2732 3324 μακάριος
2759 3246 2823 3308 ἅν
2849 3247 2940 3324 ἧς,
2974 3234 3239 3328 ἄνθρωπε,
3284 3250 3328 3306 εἱ
3359 3249 3436 3325 μη
3467 3252 3602 3314 παὸς
3633 3250 3726 3313 τὰς
3755 3248 3899 3307 διαι-

2253 3335 2423 3416 ρέσεις
2474 3342 2581 3392 τῶν
2639 3337 2934 3415 προθέσεων
2989 3337 3319 3418 ἐφιλοτιμοῦ,
3390 3336 3443 3403 ἐξ
3483 3341 3556 3393 ῶν
3630 3337 3774 3395 οὐδὲν
3833 3362 3902 3414 τῃ

2253 3422 2467 3501 ἀλῃθείᾳ
2495 3425 2558 3479 τὸ
2594 3423 2796 3503 κέρδος,
2828 3424 2963 3481 ἀλλὰ
3013 3428 3104 3482 τὸν
3161 3425 3369 3493 ἀληθῶς
3421 3427 3718 3505 ἐγκείμενον
3774 3442 3898 3491 τατς

2250 3526 2567 3591 περικοπαϊς
2621 3519 2728 3570 τῶν
2771 3515 2985 3594 γραφῶν
3028 3515 3302 3595 ἀνίχνευες
3355 3524 3494 3576 νοῦν.
3539 3517 3736 3573 Σκόπει
3799 3519 3898 3596 γὰρ

2249 3603 2322 3665 ὡς
2353 3602 2568 3659 ἐνταῦθα
2639 3604 2666 3657 ὁ
2701 3600 2853 3679 ἅγιος
2902 3605 3033 3659 Θεὸν
3086 3606 3246 3661 εἰπὼν
3288 3606 3348 3661 τὸ
3403 3612 3634 3682 Πνεῦμα,
3679 3608 3741 3662 τὸ
3782 3620 3899 3670 τοῖς

2248 3693 2539 3770 προφήταις
2597 3695 2862 3770 σχετικῶς
2933 3693 3295 3770 ἐγγινόμενον,
3381 3694 3684 3772 μετάληψιν
3755 3696 3895 3752 ὠνό-

2251 3802 2416 3855 μασεν
2475 3781 2601 3836 αὐτὸ
2671 3781 2925 3860 σχετικὴν
2969 3787 3064 3850 τῆς
3126 3783 3378 3839 ἀνωτάτω
3436 3791 3619 3840 πασῶν
3691 3788 3894 3864 οὖσιας,

2249 3876 2480 3948 φυσικῶς
2537 3868 2897 3927 διαϐαίνουσαν
2967 3873 3121 3950 -παρά
3179 3875 3380 3950 Πατρὸς
3431 3871 3497 3928 δι’
3580 3875 3697 3930 Υἱοῦ
3765 3876 3896 3953 πρὸς

2247 3959 2365 4023 τοὺς
2435 3958 2760 4027 ἐπιτηδείους
2805 3963 2876 4024 εἰς
2920 3963 2980 4016 τὸ
3022 3959 3228 4022 λαϐεῖν,
3284 3955 3294 3971 ’
3319 3972 3418 4019 Οτε
3447 3963 3612 4019 τοίνυν
3643 3964 3703 4018 τὸ
3729 3970 3898 4020 Πνεῦ-

2248 4069 2324 4122 μα
2379 4050 2441 4105 τὸ
2499 4046 2647 4127 ἅγιον
2706 4049 3002 4126 μεταληψίς
3048 4051 3157 4106 ἐστι
3215 4052 3444 4131 σχετικὴ
3505 4057 3599 4118 τῆς
3642 4052 3898 4112 ἀνωτάτω

2249 4144 2430 4194 πασῶν
2515 4141 2714 4210 οὗσίας,
2778 4141 2915 4208 παρά
2991 4141 3192 4217 Πατρὸς
3264 4139 3328 4194 δι’
3399 4143 3518 4199 Υίοῦ
3574 4144 3704 4220 πρὸς
3775 4142 3896 4206 τοὺς

2246 4226 2416 4292 ἀξίους
2475 4227 2826 4304 διαϐαίνουσα,
2902 4237 3013 4294 πῶς
3073 4231 3167 4286 οῦκ
3221 4231 3551 4310 ἀναφαίνεται
3619 4230 3895 4309 προδήλως

2247 4317 2476 4374 ἐντεῦθεν
2532 4322 2604 4382 ὡς
2659 4318 2693 4387 ἧ
2750 4320 3004 4376 ἀνωτάτω
3058 4326 3239 4376 πασῶν
3291 4323 3436 4378 οὐσία
3495 4323 3637 4400 παρά
3692 4326 3894 4402 Πατρὸς

521 4418 729 4481 simam
756 4419 1019 4480 omnium
1038 4420 1358 4482 essentiam
1374 4421 1595 4482 aPatre
1615 4435 1721 4498 per
1747 4415 1958 4476 Filium
1989 4417 2044 4476 in
2067 4415 2163 4476 di-

2256 4403 2315 4461 δι’
2360 4410 2478 4466 Υἱοῦ
2522 4410 2592 4470 εἰς
2625 4411 2685 4464 τὸ
2740 4412 2884 4465 θετον
2940 4409 3148 4466 ἕστοται
3193 4417 3426 4485 Πνεῦμα,
3486 4413 3558 4474 ὼς
3604 4417 3640 4465 Γ
3646 4413 3890 4491 ρηγόριος

517 4507 719 4569 vinum
753 4507 1038 4588 Spiritum
1083 4509 1233 4584 sisti,
1258 4509 1342 4570 uti
1377 4508 1720 4586 Gregorius,
1775 4504 1879 4585 qui
1908 4505 2168 4583 theologi

517 4613 812 4673 agnomen
834 4597 949 4658 sibi
997 4597 1207 4659 merito
1249 4596 1566 4660 vindicavit
1603 4595 1846 4656 heroico
1876 4593 2164 4668 carmine,

519 4684 582 4745 in
608 4705 724 4766 quo
747 4696 1045 4767 praecepta
1066 4684 1614 4766 Virginibustradit,
1646 4691 1926 4749 testatur:
1950 4705 1973 4740 α
2003 4681 2168 4745 Unus

516 4773 676 4835 Deus
698 4793 767 4836 ex
793 4775 1074 4838 Genitore
1117 4793 1222 4855 per
1251 4775 1466 4837 Filium
1488 4774 1548 4834 in
1575 4791 1850 4850 magnum
1881 4770 2165 4853 Spiritum

516 4869 707 4924 stante
723 4863 945 4926 deitate
970 4864 1030 4924 in
1048 4864 1326 4944 perfectis
1340 4863 1625 4944 perfecta.
1640 4889 1664 4917 ι
1676 4861 1747 4923 Et
1769 4863 1817 4922 si
1846 4860 2167 4922 divinitatis

515 4949 844 5012 absolutam
871 4952 1295 5032 perfectionem
1311 4971 1378 5014 ex
1396 4954 1568 5014 Patre
1601 4969 1706 5031 per
1719 4949 1933 5012 Filium
1955 4951 2013 5011 in
2039 4967 2163 5009 ma-

520 5059 698 5118 gnum
726 5041 1010 5121 Spiritum
1036 5039 1884 5120 sistisanctusdecernit,quod
1911 5041 2088 5100 etiam
2107 5038 2166 5098 in

519 5129 652 5190 aliis
678 5131 802 5191 suis
831 5131 1066 5211 scriptis
1085 5132 1346 5206 tradidit,
1372 5129 1664 5193 cumdicit
1690 5150 1702 5188 :
1736 5129 1976 5192 «Unitas
2008 5127 2166 5188 enim

518 5234 552 5277 a
565 5217 855 5299 principio
872 5219 932 5280 in
948 5220 1243 5281 binarium
1270 5230 1428 5281 mota
1451 5221 1510 5280 in
1526 5217 1817 5280 Trinitate
1836 5215 2121 5292 substitit,
2139 5238 2160 5266 ι

519 5308 817 5386 quomodo
847 5328 965 5370 non
999 5309 1113 5371 erit
1142 5329 1213 5370 ex
1257 5310 1426 5371 Patre
1457 5327 1566 5390 per
1616 5306 1832 5369 Filium
1883 5305 2164 5387 Spiritus,

516 5394 679 5456 unde
710 5395 930 5458 illudin
960 5396 1308 5474 theologicis
1327 5395 1774 5477 assertum,«Ex
1798 5407 2054 5473 utroque
2076 5395 2108 5454 9
2137 5423 2158 5451 υ

516 5496 814 5577 Ejusdem
837 5516 918 5560 ea:
938 5501 1436 5579 interpretatione
1456 5502 1519 5562 in
1541 5499 1766 5560 Joetem
1782 5497 2159 5578 prophetam.

541 5691 574 5706 -
598 5666 928 5731 LXXXNII.
945 5666 1106 5740 «Qua
1128 5664 1284 5727 enim
1310 5668 1536 5729 ratione
1565 5669 1720 5730 Deus
1739 5675 1851 5744 est,
1868 5675 1925 5729 et
1947 5686 2014 5730 ex
2041 5669 2158 5728 Deo

2252 4497 2279 4551 ὁ
2308 4502 2407 4563 τῆς
2451 4495 2716 4576 θεολογίας
2771 4497 3085 4573 ἀξιώνυμος,
3144 4501 3200 4554 ἐν
3229 4503 3312 4563 οἷς
3355 4501 3571 4578 ἡρωίζει
3616 4503 3710 4565 τὰς
3767 4504 3896 4582 πρὸς

2251 4585 2534 4655 παρθένους
2589 4587 2859 4656 ὑποθήκας
2917 4590 3072 4646 αὐτοῦ
3139 4601 3396 4668 μαρτυρεῖ
3455 4588 3624 4667 λέγων
3658 4609 3670 4622 ·
3747 4612 3768 4641 ι
3803 4596 3896 4654 Εἷς

2253 4675 2382 4736 Θεὸς
2409 4672 2469 4728 ἐκ
2509 4673 2727 4752 γενέταο
2771 4674 2836 4730 δι’
2911 4675 3057 4741 Υἱὲος
3107 4678 3176 4742 εἰς
3220 4676 3359 4752 μέγα
3411 4683 3645 4753 Πνεῦμα,
3679 4679 3897 4754 ἱσταμέ-

2250 4784 2347 4830 της
2375 4764 2621 4830 θεότητος
2682 4765 2756 4820 ἐνὶ
2809 4763 3034 4820 τελέοισι
3077 4765 3308 4833 τελείης,
3362 4790 3384 4821 υ
3438 4768 3534 4824 Καὶ
3577 4768 3620 4822 εἰ
3678 4768 3774 4835 τὴν
3803 4774 3896 4834 τῆς

2249 4852 2496 4918 θεότητος
2540 4851 2848 4919 τελειότητα
2877 4852 2936 4907 ἐκ
2969 4855 3168 4932 [ἰατρὸς
3213 4852 3296 4910 διὰ
3349 4857 3468 4910 Υἱοῦ
3510 4855 3583 4916 εἷς
3641 4855 3702 4909 τὸ
3762 4854 3896 4933 μέγα

2251 4939 2496 4998 ἵστασθαι
2554 4948 2765 5016 Πνεῦμα
2795 4945 2822 4997 ὁ
2878 4941 3026 5019 ἅγιος
3082 4941 3345 5021 θεολογεϊ,
3393 4941 3523 5021 ὅπερ
3578 4944 3667 4998 καὶ
3709 4942 3762 4999 ἐν
3807 4943 3895 4999 ἅλ-

2249 5026 2362 5092 λοις
2412 5027 2707 5099 δεδήλωκεν
2756 5031 2915 5086 εἰπών
2953 5049 2965 5063 °
3019 5054 3040 5083 ιι
3093 5032 3267 5094 Μονὰς
3311 5033 3409 5110 γὰρ
3466 5029 3558 5086 ἀπ’
3618 5030 3795 5110 ἀρχὴς
3826 5033 3895 5087 εἰτ-

2251 5116 2408 5174 δυάδα
2457 5122 2738 5184 κινηθεῖσα
2789 5119 2950 5198 μέχρι
2996 5118 3210 5197 Τριαδος
3239 5120 3387 5196 ἔστη,
3426 5141 3448 5172 ι
3487 5124 3600 5182 πῶς
3658 5118 3720 5173 ἄν
3781 5123 3897 5200 οὐχὶ

2249 5205 2310 5263 ἐκ
2369 5209 2568 5285 Πατρὸς
2614 5206 2697 5264 διὰ
2749 5226 2770 5256 ιν
2812 5210 2932 5265 Υἱοῦ
2982 5208 3072 5274 ε’ίη
3131 5210 3190 5265 τὸ
3250 5217 3479 5289 Πνεῦμα,
3526 5207 3712 5264 ὁπόθεν
3757 5212 3817 5264 τὸ
3848 5210 3896 5276 ἐξ

2251 5297 2448 5375 ἀμφοῖν
2480 5296 2692 5374 εἴρηκεν
2735 5299 2768 5365 ἡ
2798 5297 3039 5375 θεολογία
3075 5317 3091 5369 ;

2331 5488 2432 5546 Τοῦ
2479 5489 2636 5547 αὐτοῦ
2705 5489 2810 5545 ἀπὸ
2879 5495 2978 5556 τῆς
3033 5491 3105 5552 εἰς
3177 5493 3265 5548 τὸν
3326 5493 3602 5572 προφήτην
3659 5491 3819 5559 ἰωὴλ

2916 5571 3196 5648 ἑρμηνείας
3207 5618 3220 5632 ,

2328 5668 2450 5730 ΠΖ’,
2490 5691 2516 5723 α
2552 5662 2616 5739 ᾞ
2647 5668 2742 5743 μὲν
2790 5669 2889 5747 γάρ
2948 5669 3056 5724 ἐστι
3102 5670 3257 5746 Θεὸς,
3303 5669 3391 5726 καί
3450 5670 3508 5727 ἐκ
3565 5678 3695 5728 Θεοῦ
3766 5673 3898 5727 κατὰ
