4180 6282
515 322 634 387 519
1603 325 1818 393 JOAN.
1866 327 2086 394 VECCI
2128 330 2239 394 GP.
2288 327 2822 398 PATRIARCHE.
3783 341 3907 408 520

518 463 744 525 nullum
779 482 912 528 esse
939 463 1261 526 discrimen
1318 464 1439 526 sive
1491 482 1558 525 ex
1608 463 1776 525 Patre
1811 482 1916 543 per
1944 462 2112 524 Filiui

2201 483 2221 520 ι
2243 486 2349 543 ρειν
2382 465 2441 522 ἐκ
2486 469 2688 546 Πατρὸς
2716 467 2784 525 δι’
2807 472 2948 545 Υἱοῦ,
2985 473 3071 528 καὶ
3101 471 3152 538 ἐξ
3207 473 3409 550 ἀμφοῖν
3441 476 3583 533 εἶναι
3627 475 3802 556 λέγειν
3842 479 3902 534 τὸ

518 551 640 617 sive
673 571 746 614 ex
778 561 1030 634 utroque
1077 551 1365 633 Spiritum
1420 560 1692 614 sanctum
1735 571 1868 614 esse
1899 570 2112 613 asserui

2251 561 2459 628 Πνεῦμα
2483 557 2542 612 τὸ
2573 557 2744 636 ἅγιον,

520 643 728 703 rimus.

518 743 802 832 Ejusdem
847 761 924 832 ex
967 744 1424 832 prosphonetica
1467 745 1741 832 oratione
1784 745 1849 832 in
1875 759 2112 823 magum

2247 754 2348 802 Του
2376 745 2533 804 αὕτοῦ
2560 748 2785 832 ἀπὸ-τοῦ
2814 749 2866 806 ἐν
2897 752 3018 816 τοῖς
3074 768 3390 832 πρακτικοῖς
3431 755 3530 822 τῆς
3561 746 3618 832 γ’
3645 757 3894 832 οὶκουμε-

597 825 1022 911 theodosium,_
1065 841 1192 911 qua
1267 825 1431 886 inter
1487 833 1622 886 acta
1685 826 1877 885 tertia
1949 839 2112 894 simul

2326 828 2474 911 νικῆς
2546 827 2759 911 συνᾴδου
2839 831 3080 905 κειμένου
3115 823 3126 832 ’
3156 823 3594 911 προσφωνητικοῦ
3666 839 3740 900 εἷς
3793 823 3892 892 ’τὸν

595 897 984 967 ωειιηιεηὶσώ
1001 897 1278 967 Ιιᾰῡεειιν.

2327 905 2494 983 μέγαν
2539 907 2814 966 Θεοδόσιον
2845 897 3024 988 λόγου.
3198 897 3207 911 1
3305 897 3315 912 ⁸

595 1006 892 1069 LXXXIX.
911 1005 1796 1070 aUndedivinusPrtrusJudzeos
1820 1007 1898 1068 ita
1917 1006 2112 1096 alloqu

2305 1025 2349 1096 ﬁt
2413 1000 2544 1071 ΠΘ”,
2610 1013 2704 1068 Καὶ
2773 1019 2896 1089 γοῦν
2939 1015 2967 1069 6
3046 1014 3320 1080 θεσπέσιος
3381 1018 3575 1096 Πέτρος
3631 1015 3889 1083 Ἰουδαίοις

515 1106 668 1159 «tur:
695 1098 1107 1158 Paenitentiam
1128 1097 1305 1171 agite.
1345 1105 1401 1158 et
1420 1096 1741 1175 baptizetur
1757 1095 2112 1175 unusquisqu

2249 1122 2272 1152 ι
2304 1094 2404 1176 ἔφη
2479 1097 2790 1178 προσλαλῶν
2827 1117 2840 1130 ⁸
2907 1121 2929 1151 α
2966 1106 3362 1177 Μετανοήσατε,
3409 1094 3496 1163 καῖ
3549 1107 3889 1182 βαπτισθήτω

519 1211 540 1241 ι
572 1193 829 1247 vestrum
862 1184 922 1246 in
955 1183 1194 1246 nomine
1221 1187 1361 1247 Jesu
1395 1184 1614 1248 Christi
1641 1184 1700 1245 in
1743 1184 2112 1247 remissione]

2244 1209 2268 1240 α
2301 1185 2523 1250 ἕκαστος
2566 1189 2713 1263 ὑμῶν
2769 1189 2854 1246 ἐπὶ
2909 1197 2985 1266 τῷ
3027 1192 3247 1266 ὀνόματι
3308 1192 3484 1260 Ἰησοῦ
3538 1201 3761 1273 Χριστοῦ
3817 1197 3887 1258 εἰς

514 1303 536 1332 ι
574 1282 950 1355 peccatorum
1003 1280 1371 1355 vestrorum;
1463 1282 1522 1336 et
1576 1271 1882 1352 accipietis
1933 1273 2112 1335 donui

2243 1297 2267 1329 α
2316 1272 2498 1354 ἄφεσιν
2560 1276 2826 1357 ἁμαρτιῶν
2882 1281 3029 1354 ὑμῶν
3136 1283 3222 1338 καὶ
3281 1280 3512 1357 λήψεσθε
3554 1271 3653 1350 τὴν
3695 1281 3887 1362 δωρεὰν

514 1383 535 1413 ι
568 1361 822 1442 Spiritus
853 1362 1126 1432 sancti77,
1166 1387 1189 1419 η
1214 1364 1464 1425 Peccala
1485 1380 1742 1442 namque
1769 1361 1864 1435 iis,
1930 1362 2030 1442 qui
2073 1363 2108 1424 il

2242 1384 2265 1415 ‹
2295 1371 2387 1420 τοῦ
2455 1367 2601 1443 ἁγίου
2694 1368 3012 1442 Πνεύματος.
3101 1369 3374 1427 Ἀπολύοοιν
3457 1373 3555 1450 γὰρ
3633 1361 3886 1450 ἁμαρτίας

515 1477 538 1508 ε
565 1452 893 1528 adhaerent,
927 1452 1294 1532 condonans,
1321 1469 1492 1512 suum
1548 1470 1680 1511 mox
1727 1450 2006 1530 Spiritum
2040 1453 2112 1512 im

2239 1482 2262 1513 ι
2311 1454 2400 1508 τὸν
2453 1459 2594 1529 αύτῳ
2673 1457 3073 1534 προσκείμενον,
3134 1465 3211 1532 τῷ
3266 1457 3378 1531 ἰδίῳ
3460 1459 3646 1516 λοιπὸν
3717 1483 3884 1517 κατα-

516 1571 537 1601 .
575 1539 844 1621 pertitur,
904 1559 1078 1621 quem
1126 1541 1367 1621 quidem
1420 1539 1704 1613 Verbum,
1757 1549 2048 1619 quatenus
2080 1560 2112 1602 e

2236 1564 2261 1599 ι
2301 1543 2438 1621 χρίει
2510 1544 2799 1619 Πνεύματι,
2875 1544 3004 1626 ὅπερ
3062 1546 3227 1614 ἐνίησι
3286 1548 3382 1622 μὲν
3458 1550 3636 1625 αὐτὸς,
3713 1553 3785 1613 ὡς
3825 1552 3886 1604 ὲκ

511 1655 537 1690 ‹
565 1628 862 1691 DeoPatre
877 1629 1456 1709 procedit,immittit.
1493 1638 1550 1691 et
1578 1645 1652 1691 ex
1682 1630 1918 1709 propria
1940 1638 2110 1691 natur

2237 1653 2258 1682 ι
2310 1637 2440 1686 Θεοῦ
2509 1633 2712 1711 Πατρὸς
2768 1634 2954 1712 Λόγος,
3021 1637 3107 1692 καὶ
3174 1639 3236 1692 ἒκ
3288 1634 3419 1699 ἰδίας
3475 1639 3612 1712 ἡμῖν
3667 1639 3884 1704 ἀναπη-

511 1745 534 1776 α
566 1718 625 1780 in
659 1726 786 1793 nos,
823 1717 991 1798 quasi
1019 1737 1086 1781 ex
1117 1719 1276 1780 fonte
1305 1718 1558 1798 quodam
1585 1717 1970 1780 transfundit:
2006 1718 2104 1799 qui

2201 1740 2260 1782 to
2299 1718 2474 1796 γάζων
2531 1722 2756 1798 φύσεως,
2817 1723 2992 1780 κοινὸν
3036 1721 3090 1778 δὲ
3149 1723 3328 1802 ὣσπερ
3361 1727 3423 1780 τὸ
3479 1730 3669 1805 χρῆμα
3728 1727 3883 1790 τιθεὶς

511 1836 533 1866 α
567 1806 742 1868 etiam
760 1807 1032 1870 facultate
1062 1807 1423 1887 hacpropter
1467 1807 1748 1868 unionem
1793 1805 2112 1869 etincarna

2239 1835 2262 1864 α
2291 1812 2362 1882 τῇ
2432 1810 2566 1881 μετὰ
2629 1812 2820 1888 σαρκὸς
2880 1812 3152 1886 οἰκονομία
3220 1810 3305 1868 διὰ
3371 1814 3470 1880 τὴν
3542 1812 3751 1888 ἕνωσιν,
3795 1816 3884 1871 καὶ

504 1923 529 1957 ‹
559 1894 734 1958 tionis
755 1896 1146 1958 weonomiam
1196 1896 1501 1977 aequaltter
1547 1895 1986 1975 quodammodo
2010 1915 2112 1957 cun

2238 1919 2258 1949 ι
2287 1897 2361 1959 ὡς
2413 1896 2682 1976 ἅνθρωπος
2737 1900 2938 1955 ἐνέπνει
2999 1907 3338 1976 σωματικῶς.
3404 1899 3726 1981 Ἐνεφύσησε
3781 1905 3881 1982 γὰρ

505 2013 527 2042 ι
563 1984 805 2047 homine
859 1984 1320 2057 communicata,
1381 1982 1769 2062 corporaliter
1811 2003 2048 2064 quoque
2084 2005 2112 2046 u

2232 2009 2258 2044 ι
2302 2007 2420 2048 τοις
2482 1985 2648 2062 ἁγίοις
2693 1987 3037 2062 ἀποστόλοις,
3084 1989 3244 2045 εἰπών
3279 2009 3295 2024 ο
3359 2009 3384 2040 α
3419 1988 3617 2047 Λάϐετε
3663 1997 3877 2067 Πνεῦμα

503 2100 527 2129 ιι
563 2071 741 2134 homo
769 2072 1386 2154 inspiratzinsufﬂavit
1427 2072 1588 2135 enim
1640 2072 1701 2132 in
1732 2081 1968 2134 sanctos
1995 2091 2106 2152 apo

2235 2103 2257 2132 ι
2299 2072 2472 2150 ἂγιον,
2507 2094 2529 2124 ι
2600 2076 2695 2132 Καὶ
2754 2077 2847 2132 οὐκ
2903 2077 2963 2132 ἐκ
3018 2078 3209 2156 μέτρου
3277 2075 3452 2134 δίδωσι
3506 2081 3566 2134 τὸ
3637 2085 3874 2154 Πνεῦμα,

503 2187 525 2219 ε
553 2161 732 2223 stalos
767 2161 1014 2225 dicens:
1048 2183 1069 2214 ο
1090 2162 1355 2243 Accipite
1384 2161 1668 2238 Spiritum
1692 2169 1957 2223 sanctum
1991 2163 2074 2237 78,

2233 2189 2255 2220 ι
2289 2162 2424 2218 κατὰ
2474 2163 2574 2228 τὴν
2648 2161 2893 2221 Ἰωάννου
2976 2167 3181 2243 φωνὴν,
3257 2164 3377 2222 ἀλλ’
3437 2169 3592 2229 αὐτὸς
3673 2168 3874 2235 ἐνίησιν

497 2274 520 2304 σ
555 2249 658 2312 sed
710 2269 900 2332 neque
953 2271 1022 2314 ex
1071 2269 1348 2312 mensura
1405 2268 1638 2311 rursum
1698 2249 1798 2309 dat
1857 2251 2112 2329 Spiritun

2233 2280 2254 2310 α
2285 2248 2337 2315 ὶξ
2368 2252 2546 2325 αὐτοῦ,
2579 2253 2811 2330 καθάπερ
2872 2253 3056 2329 ἀμέλει
3114 2257 3202 2311 καὶ
3255 2257 3282 2310 6
3348 2257 3552 2335 Πατὴρ.
3606 2258 3702 2314 Καὶ
3749 2266 3872 2334 γοῦν

501 2363 523 2392 ι
551 2339 717 2417 juxta
743 2339 986 2402 Joannis
1015 2359 1242 2411 vocem,
1287 2339 1391 2402 sed
1452 2358 1521 2400 ex
1579 2356 1642 2399 se
1704 2356 1822 2398 non
1869 2355 2042 2400 secus
2072 2358 2112 2402 at

2227 2365 2252 2399 ι
2286 2341 2313 2394 6
2369 2341 2640 2405 θεσπέσιος
2697 2345 2929 2415 Παῦλος,
2989 2341 3121 2409 ὅλην
3181 2342 3489 2413 ἀποστήσας
3546 2345 3646 2412 τὴν
3702 2345 3755 2400 ἔν
3809 2367 3870 2423 γε

501 2456 523 2485 α
555 2430 730 2489 Pater
758 2430 1035 2490 eumdem
1070 2427 1348 2490 infundit.
1397 2426 1564 2490 Unde
1589 2444 1832 2504 magnus
1863 2426 1962 2487 ille
1992 2426 2111 2490 Pau

2227 2454 2248 2484 ι
2281 2427 2450 2500 τούτῳ
2517 2425 2786 2508 διαφορὰν,
2859 2431 2988 2486 ποτὲ
3058 2431 3154 2506 μὲν
3242 2431 3384 2506 αὐτῷ
3437 2439 3516 2507 τῷ
3585 2439 3700 2506 Θεῷ
3781 2443 3871 2496 καὶ

501 2545 521 2574 ι
557 2515 645 2577 lus
679 2524 893 2578 lautam
945 2518 1098 2579 hanc
1133 2520 1594 2578 controversiam
1629 2533 1660 2575 e
1693 2514 1888 2576 medio
1923 2515 2112 2579 tollen:

2221 2538 2246 2573 ι
2295 2517 2453 2595 Πατρὶ
2483 2517 2794 2595 προσνέμων
2851 2521 3054 2594 ὁρᾶται,
3135 2519 3262 2576 ποτέ
3321 2517 3373 2574 δὲ
3433 2523 3485 2576 ἓν
3544 2523 3720 2600 σαρκὶ,
3747 2519 3872 2577 ἀλλ’

497 2632 518 2661 ι
552 2604 726 2664 modo
759 2623 880 2665 rom
935 2607 1086 2667 hanc
1138 2608 1259 2668 Deo
1308 2613 1367 2666 et
1423 2604 1606 2677 Patri,
1669 2603 1844 2664 modo
1898 2621 2133 2666 rursum

499 2721 520 2749 ι
553 2691 687 2773 ipso
718 2693 863 2756 Filio
895 2694 1120 2756 tribuit.
1147 2694 1245 2756 Sic
1267 2692 1424 2755 enim
1445 2691 1650 2754 scribit
1677 2709 1690 2754 :
1727 2716 1746 2747 ι
1790 2689 1908 2752 Vos
1937 2700 2134 2755 autem

500 2811 521 2838 α
550 2781 609 2842 in
640 2799 816 2844 carne
844 2803 960 2845 non
989 2782 1146 2849 estis,
1183 2781 1287 2844 sed
1321 2782 1382 2842 in
1409 2781 1653 2860 Spiritu,
1688 2780 1736 2841 si
1765 2788 1962 2841 tamen
1994 2779 2133 2861 Spi-

496 2907 518 2937 ι
550 2872 700 2936 ritus
731 2871 836 2934 Dei
867 2872 1088 2934 habitat
1108 2871 1169 2932 in
1219 2869 1404 2931 vobis.
1439 2869 1502 2932 Si
1553 2869 1685 2950 quis
1719 2876 1914 2931 autem
1939 2869 2131 2948 Spiri-

491 2973 668 3028 ctum
755 2961 973 3027 Christi
1029 2979 1146 3024 non
1204 2959 1401 3040 habet,
1462 2959 1560 3020 hic
1614 2977 1732 3020 non
1805 2967 1894 3021 est
1953 2958 2128 3038 ejus:

488 3082 512 3115 ε
549 3055 596 3117 si
626 3064 820 3116 autem
851 3051 1119 3116 Christus
1184 3051 1244 3112 in
1276 3048 1440 3111 vobis
1491 3057 1603 3127 est,
1648 3065 1863 3128 corpus
1888 3047 2127 3129 quidem

2223 2625 2247 2660 ε
2285 2604 2340 2660 ἐν
2400 2611 2688 2685 Πνεύματι,
2735 2606 2888 2686 εἴπερ
2940 2613 3152 2683 Πνεῦμα
3227 2609 3360 2664 Θεοῦ
3421 2610 3560 2664 οἰκεῖ
3618 2608 3671 2663 ἐν
3712 2610 3863 2684 ὑμῖν.

2220 2716 2240 2745 ι
2281 2695 2338 2750 Εἰ
2385 2692 2441 2749 δέ
2498 2717 2576 2754 τις
2635 2695 2848 2770 Πνεῦμα
2895 2702 3119 2774 Χριστοῦ
3188 2698 3292 2776 οὐχ
3360 2695 3497 2777 ἔχει,
3573 2700 3720 2761 οὗτος
3774 2701 3868 2755 οὐκ

2224 2807 2245 2836 ι
2280 2779 2418 2837 ἕττιν
2449 2785 2629 2844 αὖτοῦ.
2666 2785 2721 2840 Εἰ
2751 2781 2804 2839 δὲ
2852 2786 3078 2864 Χριστὸς
3130 2784 3184 2840 ἐν
3241 2787 3392 2865 ὑμῖν,
3449 2787 3512 2841 τὸ
3567 2785 3663 2860 μὲν
3707 2792 3864 2862 σῶμα

2225 2892 2246 2922 α
2279 2873 2460 2949 νεκρὸν
2491 2869 2864 2951 ὃιίᾷμαρτίαν,
2899 2875 2959 2929 τὸ
3001 2871 3057 2928 δὲ
3116 2879 3326 2948 Πνεῦμα
3355 2879 3459 2944 ζῶν
3514 2871 3599 2929 διὰ
3654 2871 3861 2932 δικαιο-

2221 2983 2244 3017 ι
2277 2959 2459 3025 σύνην.
2495 2981 2519 3016 ι
2568 2949 2806 3039 ’Ἄραρα
2850 2961 2964 3037 οὖν,
2997 2959 3078 3017 ὅτι
3108 2963 3195 3018 καὶ
3230 2958 3362 3018 ἴδιόν
3417 2962 3532 3018 ἐστι
3563 2963 3624 3019 τὸ
3653 2963 3863 3040 Πνεῦμα

2221 3073 2243 3104 ι
2286 3049 2379 3103 τοῦ
2407 3050 2548 3122 rho,
2606 3049 2691 3105 καὶ
2748 3049 2857 3106 οὔτι
2917 3072 3017 3106 που
3065 3051 3226 3127 μόνον
3282 3054 3318 3128 ᾗ
3369 3052 3538 3129 Λόγος
3584 3051 3695 3109 ἒσνὶ
3760 3072 3862 3110 πε-

487 3171 512 3205 c
547 3152 845 3206 mortuum
879 3148 970 3203 est
1001 3148 1242 3221 propter
1271 3145 1620 3228 peccatum:
1655 3137 1898 3219 spiritus
1925 3145 2112 3228 autem

2213 3161 2238 3194 ε
2273 3137 2453 3228 (priva
2486 3135 2546 3193 ἐκ
2593 3139 2819 3218 Πατρὸς,
2881 3136 3002 3195 ἀλλ’
3044 3142 3089 3196 εί
3156 3142 3244 3196 καὶ
3309 3153 3487 3197 νοοῖτο
3544 3137 3658 3196 καθ’
3720 3141 3860 3219 ἡμᾶν

491 3232 669 3294 «vivit
709 3238 950 3313 propter
993 3227 1363 3310 justitiam”.
1389 3250 1413 3283 ι
1469 3225 1634 3289 Patet
1686 3245 1794 3305 ego
1835 3234 1895 3288 et
1936 3223 2112 3306 Spiri-

2215 3248 2238 3279 ι
2274 3223 2544 3304 ἄνθρωπος
2587 3228 2841 3304 γεγονὼς,
2908 3230 3012 3285 τῶν
3069 3233 3168 3296 τῆς
3224 3230 3473 3296 θεότητος
3560 3227 3860 3305 ιδιωμάτων

489 3350 508 3380 ε
543 3328 666 3384 tum
688 3320 823 3384 Filii
841 3335 1075 3401 quoque
1127 3316 1433 3398 proprium
1470 3333 1744 3392 esse,nec
1763 3314 1955 3377 solum
1985 3332 2129 3395 qua-

2216 3335 2239 3367 ι
2273 3315 2345 3378 ὡς
2375 3314 2428 3371 έν
2472 3311 2570 3386 ἰδίᾳ
2600 3315 2748 3392 φύσει
2783 3317 2841 3372 οὗ
2881 3313 3214 3391 λειπόμενος,
3266 3336 3289 3367 ι

487 3430 512 3462 ι
547 3417 719 3472 tenus
747 3399 1010 3471 Verbum
1044 3424 1114 3468 ex
1171 3408 1345 3469 Patre
1376 3405 1615 3486 prodiit,
1651 3403 1756 3466 sed
1817 3401 1992 3466 etiam
2049 3401 2101 3464 si
2147 3399 2438 3478 cogitetur
2492 3401 2822 3464 secundum
2870 3420 2978 3464 nos
3031 3403 3208 3466 homo
3263 3404 3473 3480 factus,
3533 3404 3859 3470 divinitatis

491 3521 515 3552 ι
549 3495 1032 3580 proprietatibus,
1064 3513 1197 3577 quas
1219 3495 1281 3556 in
1314 3494 1613 3576 propriam
1645 3493 1802 3556 illius
1831 3497 2100 3555 naturam
2131 3488 2512 3572 conveniunt,
2548 3509 2669 3553 non
2693 3491 3033 3556 destitutus.
3069 3518 3091 3548 ι

1049 3601 1517 3663 Animadversio

566 3721 588 3750 ι
621 3688 910 3766 Audisne,
943 3688 1244 3770 quomodo
1275 3688 1372 3750 hic
1398 3706 1470 3750 ex
1513 3689 1688 3751 Patre
1717 3686 1860 3750 dicit
1889 3695 2128 3751 sanctus

490 3805 515 3840 ι
554 3776 1398 3860 apparereSpiritum,immitti
1426 3793 1564 3838 vero
1595 3793 1629 3836 a
1645 3775 1794 3839 Filio
1814 3795 1932 3836 non
1953 3794 2127 3838 secus

485 3897 506 3926 σ
537 3876 715 3948 atque
771 3886 805 3928 a
852 3869 1025 3930 Patre
1069 3874 1310 3947 propter
1393 3864 1786 3946 aequalitatem
1872 3875 2116 3932 naturae.

482 3986 505 4016 α
536 3964 595 4020 et
615 3955 888 4018 essentia
909 3955 1298 4017 individuum.
1329 3953 1415 4017 Ne
1440 3963 1496 4016 te
1521 3973 1699 4036 porro
1721 3953 1866 4017 illud
1891 3963 2122 4018 contur-

474 4072 500 4107 ‹
534 4043 634 4106 bet
661 4043 816 4126 quod
848 4044 1025 4124 dicat,
1090 4045 1258 4107 illum
1306 4064 1377 4106 ex
1407 4045 1650 4126 propria
1702 4053 1909 4106 natura
1941 4043 2118 4108 veluti

478 4163 500 4194 ι
545 4153 616 4196 ex
655 4133 816 4196 fonte
843 4133 1170 4197 effundere.
1205 4134 1349 4197 Cum
1377 4134 1536 4197 enim
1569 4133 1735 4196 illum
1760 4153 1830 4196 ex
1851 4133 2116 4210 fente,ex

476 4251 497 4280 ι
526 4221 648 4286 Deo
677 4231 736 4285 et
762 4227 931 4285 Patre
960 4221 1212 4304 scilicet,
1250 4222 1414 4284 illum
1448 4222 1774 4303 procedere
1803 4223 2110 4301 didiceris,

472 4342 494 4374 ε
529 4330 709 4373 unam
726 4330 922 4374 veram
945 4320 1002 4374 et
1022 4311 1562 4375 immutabilemDei
1583 4310 1774 4374 Patris
1800 4311 1992 4374 etFilii
2021 4330 2110 4374 es-

2201 4331 2220 4360 ι
2256 4311 2624 4390 ἐκπορεύεσθαι

474 4429 494 4461 ι
529 4403 776 4465 sentiam
794 4419 948 4476 esse,
973 4409 1033 4464 et
1051 4401 1109 4462 in
1134 4402 1286 4463 hanc
1302 4399 1656 4464 sententiam
1678 4409 1736 4464 et
1754 4400 1898 4464 illud
1921 4409 2105 4463 attra-

468 4513 493 4550 ‹
528 4489 672 4566 hito,
708 4507 924 4571 nempe
954 4508 1024 4553 ex
1082 4491 1245 4553 fonte
1275 4509 1384 4572 per
1440 4488 1653 4552 Filium
1715 4489 1886 4552 nobis
1937 4489 2105 4552 illum

468 4605 492 4637 ι
527 4596 828 4644 emanare.
863 4599 885 4631 ³

445 4853 449 4856 ‘
539 4844 745 4910 Exhac
760 4856 859 4909 tua
882 4759 1492 4911 animadeggibadeoad
1541 4847 1900 4910 refellendas
1925 4847 2105 4909 hasce

459 4934 587 4988 tuas
611 4929 942 5007 nugatorias
981 4927 1685 5010 interpretationes,qaod
1727 4927 1936 4989 ultimo
1968 4927 2097 4990 loco

458 5017 628 5096 ponis
653 5018 998 5097 accipimus.
1051 5023 1196 5084 Cum
1247 5019 1404 5080 enim
1465 5037 1534 5079 ex
1588 5016 1828 5098 propria
1886 5027 2097 5080 natura

452 5103 634 5166 veluti
665 5125 734 5168 ex
759 5106 920 5169 fonte
961 5107 1177 5169 Filium
1203 5104 1799 5185 eﬂ‘undereSpiritum
1821 5125 1891 5168 eo
1917 5105 2098 5168 intel-

451 5191 608 5255 lectu
631 5196 717 5256 vis
744 5194 956 5277 accipi,
991 5215 1207 5279 nempe
1238 5216 1307 5260 ex
1355 5197 1512 5259 fonte
1550 5213 1654 5276 per
1681 5194 1893 5256 Filium
1924 5195 2097 5257 nobis

451 5281 619 5344 illum
646 5299 948 5358 emanare,
966 5287 1090 5366 jam
1114 5295 1288 5350 teneo
1315 5295 1680 5366 te,tanquam
1704 5282 1806 5365 qui
1837 5291 1894 5344 et
1921 5293 2093 5348 antea

450 5371 844 5433 fassusfueras
858 5375 1337 5455 praepositionum
1361 5395 1443 5440 ex
1455 5385 1514 5437 et
1521 5391 1633 5456 per
1643 5373 2088 5455 viresaaquales,

452 5478 586 5522 cum
619 5477 816 5522 sermo
844 5469 933 5523 est
960 5463 1036 5526 de
1067 5464 1237 5540 Filio,
1289 5464 1437 5528 nihil
1483 5482 1725 5546 prorsus
1752 5464 1991 5527 diﬂ'erre
2019 5483 2088 5526 ex

530 5631 588 5681 77
618 5636 751 5693 Ant.
778 5645 842 5706 Il,
878 5632 979 5695 38.
1067 5631 1329 5698 78.10am
1363 5652 1464 5710 xx,
1494 5634 1595 5696 22.

2876 3600 3212 3663 Ἐπιστασία.

2298 3709 2322 3743 α
2384 3687 2621 3753 Ἀκούεις
2703 3690 2986 3764 κάνταῦθα,
3070 3696 3184 3755 πῶς
3242 3691 3530 3771 πεφηνέναι
3618 3694 3716 3768 μὲν
3792 3696 3853 3751 τὸ

2217 3798 2240 3829 ε
2271 3783 2506 3852 Πνεῦμα,
2565 3778 2627 3835 ἐκ
2683 3779 2774 3836 τοῦ
2843 3781 3046 3857 Πατρὸς
3088 3777 3231 3857 λέγει
3289 3783 3318 3836 6
3372 3780 3546 3861 ἅγιος,
3631 3780 3850 3840 ἐνίεσθαι

2211 3891 2234 3923 ε
2266 3863 2320 3921 δὲ
2381 3869 2467 3923 καὶ
2523 3869 2663 3947 παρὰ
2741 3876 2831 3924 τοῦ
2917 3869 3058 3940 Υἱοῦ,
3129 3870 3302 3933 καθὼς
3382 3872 3469 3926 καὶ
3537 3874 3680 3950 παρὰ
3759 3878 3850 3928 τοῦ

2212 3979 2234 4010 ε
2267 3957 2470 4034 Πατρὸς
2500 3955 2583 4014 διὰ
2644 3958 2740 4025 τὴν
2785 3957 3065 4033 ὁμοτιμίαν
3107 3962 3203 4024 τῆς
3259 3958 3460 4037 φύσεως
3518 3960 3604 4016 καὶ
3646 3962 3708 4017 τὸ
3750 3966 3849 4028 τῆς

2211 4063 2233 4094 ι
2265 4045 2439 4110 οὐσίας
2509 4043 2820 4123 ἀδιαίρετον.
2901 4049 2971 4105 Τὸ
3032 4045 3087 4103 δὲ
3137 4049 3395 4125 πηγάζειν
3476 4051 3632 4106 αὑτὸν
3695 4058 3847 4107 τοῦτο

2208 4160 2230 4189 ι
2264 4132 2324 4189 ἐκ
2381 4135 2478 4202 τῆς
2536 4132 2662 4198 ἰδίας
2735 4135 2938 4214 φύσεως
3010 4135 3087 4211 μὴ
3143 4135 3357 4211 θροείτω
3414 4157 3496 4197 οε.
3545 4137 3691 4194 Ἐπεὶ
3747 4139 3845 4217 γὰρ

2203 4246 2225 4275 ο
2258 4220 2318 4278 ἐκ
2345 4222 2441 4298 μὲν
2484 4224 2581 4289 τῆς
2612 4229 2816 4301 πηγῆς,
2849 4222 3012 4302 ἤγουν
3065 4226 3127 4280 ὲκ
3183 4231 3273 4280 τοῦ
3311 4230 3438 4282 Θεοῦ
3495 4226 3584 4282 καὶ
3613 4229 3838 4306 Πατρὸς,

2731 4322 2885 4371 τοῦτο
2971 4313 3307 4389 μεμάθηκας,
3410 4314 3503 4389 μία
3595 4312 3650 4371 δὲ
3754 4319 3840 4373 καὶ

2197 4424 2219 4455 ε
2253 4397 2657 4478 ἀπαράλλακτος
2724 4403 2753 4469 ἡ
2808 4401 2902 4457 τοῦ
2972 4408 3103 4458 Θεοῦ
3163 4403 3365 4480 Πατρὸς
3432 4404 3518 4459 καὶ
3575 4410 3666 4460 τοῦ
3720 4406 3840 4464 Υἱοῦ

2197 4514 2221 4547 ι
2254 4489 2423 4569 οὐσία,
2455 4492 2585 4568 πρὸς
2655 4490 2751 4558 τὴν
2804 4491 3059 4557 τοιαύτην
3121 4488 3321 4546 ἔννοιαν
3366 4491 3453 4546 καὶ
3501 4491 3652 4547 τοῦτο
3710 4514 3837 4568 συμ-

2200 4599 2224 4631 α
2254 4575 2454 4655 βίϐαζε,
2487 4578 2647 4658 ἤγουν
2696 4581 2757 4635 τὸ
2786 4579 2845 4636 ἐκ
2899 4581 2997 4646 τῆς
3053 4583 3237 4658 πηγῆς
3293 4577 3376 4639 διὰ
3418 4590 3510 4639 τοῦ
3540 4583 3661 4638 Υἱοῦ
3701 4582 3834 4656 ἡμῖν

2197 4693 2218 4721 ι
2251 4676 2402 4725 τ’,ῦτο
2431 4669 2778 4746 πηγάζεσθαι,
2829 4691 2854 4723 ι

2832 4756 3128 4836 Ἀντίρῤησι
3146 4779 3184 4820 ;.

2269 4843 2426 4903 Οὒδέν
2481 4869 2531 4903 τι
2603 4846 2762 4904 πλέον
2805 4857 2896 4906 τοῦ
2955 4847 3348 4926 ἀκροτελευτίου
3409 4848 3506 4916 τῆς
3561 4851 3830 4928 παρούσης

2183 4933 2484 5002 ἐπιστασίας
2581 4938 2653 5000 εἷς
2740 4934 2966 5016 ἔλεγχον
3042 4943 3146 4992 τῶν
3239 4936 3654 5016 παρεξηγήσεών
3738 4961 3830 4998 σου

2181 5021 2484 5098 ληψόμεθα,
2526 5026 2668 5082 Ἐπεὶ
2735 5025 2834 5104 γάρ
2891 5027 2952 5080 τὸ
3008 5025 3068 5080 ἐκ
3109 5030 3206 5091 τῆς
3263 5023 3392 5088 ἰδίας
3449 5027 3654 5096 φύσεως
3695 5026 3829 5084 ἂνα-

2181 5113 2437 5190 πηγάζειν
2465 5115 2557 5170 τὸν
2602 5114 2718 5169 ι’ἱὸν
2775 5115 2837 5169 τὸ
2895 5120 3105 5188 Πνεῦμα
3148 5115 3277 5192 πρὸς
3335 5115 3584 5182 τοιαύτην
3627 5114 3828 5173 ἔννοιαν

2179 5199 2538 5277 συνεϐίϐασας,
2584 5202 2744 5280 ἤγουν
2812 5204 2871 5259 τὸ
2930 5204 2990 5259 ἑκ
3045 5202 3142 5270 τῆς
3187 5205 3371 5280 πηγῆς
3429 5202 3512 5259 διὰ
3567 5212 3658 5260 τοῦ
3708 5206 3826 5262 Υἱοῦ

2176 5291 2312 5364 ἡμῖν
2341 5297 2495 5347 τοῦτο
2536 5291 2886 5372 πηγάζεσθαι,
2944 5291 3059 5371 ἔχω
3092 5311 3150 5345 σε
3205 5289 3260 5345 δὲ
3333 5292 3826 5371 προωμολογηκότα

2175 5380 2263 5435 καὶ
2331 5381 2392 5435 τὸ
2450 5381 2549 5446 τῆς
2608 5379 2658 5446 ἐξ
2721 5383 2809 5436 καὶ
2861 5378 2944 5437 διὰ
2997 5378 3305 5455 ἰσοδύναμον
3365 5381 3449 5438 ἐπὶ
3505 5389 3598 5439 τοῦ
3655 5383 3774 5438 Υῐοῦ
3804 5397 3818 5412 ’

2174 5465 2319 5524 οὐδέν
2374 5490 2424 5524 τι
2481 5466 2710 5549 διαφέρει
2770 5469 2982 5533 πάντως
3064 5468 3124 5525 ἐκ
3173 5478 3267 5528 τοῦ
3324 5472 3527 5549 Πατρὸς
3581 5468 3662 5526 διὰ
3732 5478 3822 5528 τοῦ

1686 5634 1747 5685 79
1775 5637 1948 5698 Rom.
1982 5651 2108 5716 vni,
2142 5635 2201 5713 9,
2239 5641 2336 5699 4ο.
