4180 6282
501 330 620 396 523
1590 333 1804 398 JOAN.
1853 333 2077 398 VEGGI
2120 307 2240 394 cp.
2293 331 2813 397 PATRIARCHE
3777 340 3895 409 524

501 465 791 549 quidquid
822 467 1049 533 dicitur
1103 487 1138 531 a
1184 467 1354 558 Filio
1387 466 1567 558 efﬁci,
1626 466 1750 558 hoc
1790 466 1949 558 idem
1983 481 2123 558 pror

2209 460 2306 558 ιβῂ
2363 466 2576 558 πάντως
2620 468 2758 558 ἐστὶν
2812 467 3077 558 ἐνέργημα
3120 478 3212 527 τοῦ
3270 475 3410 550 Υἱοῦ,
3462 478 3549 533 καὶ
3633 477 3762 558 ὅπερ
3826 478 3889 535 ἄν

494 571 596 616 sus
618 563 737 619 eta
793 560 968 621 Patre
1026 558 1240 622 conﬁci
1299 556 1539 630 dicitur,
1593 554 1793 617 omnia
1851 555 2123 636 siquiden

2236 551 2446 630 λέγοιτο
2516 553 2931 635 διαπεραίνεσθαι
3001 555 3068 613 δι’
3141 562 3281 634 Υίου,
3336 574 3491 622 τοῦτο
3547 563 3602 621 δὲ
3670 551 3882 632 πάντως

500 641 574 705 ab
603 652 858 736 utroque
916 655 975 709 et
1022 665 1189 728 aequa
1247 646 1458 736 lance._
1492 666 1514 695 ι
1572 642 1840 736 Itemque
1873 663 1893 736 εΔ
1932 665 1953 736 f
1987 643 2123 717 Quo

2395 644 2710 736 κατόρθωμα
2751 652 2845 736 τοῦ
2875 648 3076 724 Πατρὸς
3124 663 3138 677 ⁸
3186 649 3357 736 πάντα
3395 652 3495 731 γὰρ
3546 651 3613 709 δι’
3674 655 3877 736 ἀμφοῖν

494 734 670 796 modo
723 728 841 797 non
901 754 1009 816 per
1068 744 1388 814 utrumque
1444 733 1505 809 in
1564 751 1672 795 nos
1730 732 1949 796 immiti
1978 751 2123 813 aequ:

2230 728 2281 783 ἐν
2316 730 2421 804 ἴσῳ
2454 747 2467 761 '
2506 757 2533 791 ι
2566 734 2651 787 καὶ
2683 730 2840 789 πάλιν
2877 753 2890 766 ·
2946 755 2968 787 ι
3001 741 3121 799 Πῶς
3164 738 3225 793 οὖ
3266 735 3334 792 δι’
3382 728 3583 819 ἆμιροτν
3627 728 3873 820 εἷς-ἡμᾶς

490 823 721 884 ratione
775 823 949 885 vitam
1011 823 1435 897 concedemus,
1499 828 1558 883 et
1607 840 1727 882 non
1783 840 1851 883 ex
1885 821 2139 896 duobus,

493 909 598 970 sed
632 917 907 992 tanquam
968 931 1038 973 ex
1094 931 1212 973 uno
1272 910 1470 971 omnia
1525 909 1858 971 viviﬁcante
1916 907 2076 972 Deo?
2110 935 2133 969 ο

491 995 880 1061 Conﬁrmabit
935 1018 1110 1080 porro
1159 1001 1283 1061 haec
1317 1007 1375 1061 et
1405 997 1702 1059 maximus
1730 998 2088 1061 Athanasius
2123 1021 2135 1061 :

495 1109 524 1141 α
555 1085 761 1161 Dante,
788 1088 889 1168 ait,
927 1092 1096 1151 Patre
1127 1088 1380 1168 gratiam
1424 1094 1483 1149 et
1526 1105 1756 1168 pacem,
1788 1087 2058 1148 eamdem
2084 1096 2141 1149 et

488 1174 673 1238 Filius
729 1176 1036 1257 elargitur.
1090 1175 1221 1240 Una
1267 1175 1561 1257 siquidem
1602 1175 1927 1256 eademque
1956 1177 2140 1255 gratia

491 1271 580 1325 est
607 1282 641 1325 a
681 1263 855 1327 Patre
884 1267 945 1327 in
977 1266 1149 1347 Filio,
1186 1264 1683 1346 quemadmodum
1714 1284 1895 1326 unum
1929 1275 2017 1332 est
2045 1266 2139 1327 lu-

492 1370 628 1414 men
672 1354 816 1416 solis
874 1363 933 1417 et
960 1355 1137 1427 radii,
1173 1363 1231 1415 et
1286 1354 1571 1434 splendor
1597 1354 1741 1415 solis
1771 1373 1879 1435 per
1906 1355 2136 1415 radium

488 1443 605 1515 ﬁt»
642 1451 765 1505 tum
795 1445 959 1509 addit
990 1465 1004 1510 :
1049 1468 1069 1496 ι
1095 1448 1419 1526 Propterea
1450 1454 1508 1508 et
1535 1445 1754 1507 Paulus
1782 1447 1853 1508 ad
1887 1445 2136 1510 Thessa-

2223 819 2278 872 ἒν
2321 817 2427 892 ἴσῳ
2477 819 2608 876 ἰέναι
2638 818 2877 896 δώσομεν
2919 823 3024 879 τὼν
3067 825 3210 895 ζωὴν
3248 828 3334 883 καὶ
3377 817 3517 886 οὔτοι
3571 854 3672 888 που
3700 817 3868 907 δυοῖν,

2223 904 2461 1002 άλλζὸὶς
2518 907 2568 973 ἐξ
2612 908 2726 973 ἐνὸς
2777 917 2868 966 τοῦ
2893 912 2959 966 τὰ
3002 913 3174 970 πάντα
3203 920 3586 994 ζωογονοῦντος
3620 927 3750 977 Θεοῦ
3781 942 3798 1002 ς

2221 992 2625 1054 Ἐπιόεϐαιώσει
2718 1020 2807 1072 μοι
2894 998 2948 1054 δὲ
3014 1001 3079 1055 τὰ
3147 1002 3276 1058 αὐτὰ
3323 992 3428 1061 ήκαὶ
3485 1010 3513 1062 ὁ
3581 992 3868 1087 πάμμεῆας

2223 1081 2494 1175 ’ᾼθνάσιος
2552 1084 2723 1175 λέγων
2756 1104 2771 1118 ⁸
2827 1114 2848 1144 ι
2884 1086 3125 1152 Διδόντος
3179 1099 3270 1147 τοῦ
3322 1096 3522 1171 Πατρὸς
3565 1081 3723 1175 χάριν
3780 1081 3866 1154 παὶ

2222 1172 2667 1263 εἰρήνη-θαύτην
2710 1176 2797 1230 καὶ
2853 1177 2882 1231 ὁ
2934 1178 3053 1241 Υἱὸς
3110 1176 3310 1241 δίδωσι,
3371 1182 3476 1237 Μία
3532 1172 3655 1263 γάρ⁷
3688 1188 3775 1242 καὶ
3830 1190 3864 1254 ἡ

2222 1260 2352 1327 αῦτά
2409 1262 2568 1341 χάρις
2619 1262 2728 1318 ἐστὶ
2782 1265 2923 1341 παρὰ
2983 1268 3182 1343 Πατρὸς
3241 1268 3293 1324 ἐν
3354 1272 3480 1344 Υἱῷ,
3512 1260 3756 1335 ὧςήὲστιν
3812 1275 3864 1330 ἕν

2219 1349 2279 1402 τὸ
2334 1356 2447 1427 φῶς
2519 1352 2611 1406 τοῦ
2670 1349 2819 1416 τηλίου
2872 1354 2959 1407 καὶ
3019 1361 3113 1409 τοῦ
3155 1355 3596 1434 ἀπαυγάσματος,
3668 1364 3755 1418 καὶ
3803 1366 3864 1418 τὸ

2220 1438 2460 1514 ῳωτίζειν
2514 1439 2606 1495 τοῦ
2700 1439 2851 1508 ἡλίου
2935 1438 3017 1496 διὰ
3097 1449 3188 1498 τοῦ
3245 1444 3659 1523 ἀπαυγάσματος
3717 1450 3863 1527 γίνε-

487 1533 828 1596 lonicenses
884 1535 1131 1598 scribit:
1175 1555 1197 1584 ι
1247 1534 1380 1615 Ipse
1432 1554 1570 1597 vero
1599 1536 1759 1598 Deus
1789 1543 1847 1596 et
1874 1536 2052 1598 Pater
2079 1546 2123 1597 e1

2219 1546 2303 1579 ται
2353 1544 2369 1561 ο
2417 1551 2441 1583 ι
2498 1527 2586 1583 καὶ
2639 1531 2933 1607 προστιθεὶς
2971 1544 2984 1557 ·
3041 1553 3064 1584 α
3125 1531 3222 1586 Διὰ
3278 1540 3433 1590 τοῦτο
3501 1536 3589 1591 καὶ
3658 1537 3864 1601 Παῦλος

488 1619 774 1685 Dominus
822 1621 998 1686 Jesus
1031 1614 1301 1687 Christus
1348 1624 1562 1702 dirigat
1586 1624 1735 1685 viam
1768 1633 2028 1685 nostram
2061 1625 2123 1687 ad

2217 1614 2347 1690 πρὸς
2412 1614 2597 1677 αὐτοὺς
2670 1614 3077 1682 Θεσσαλονικετς
3148 1618 3318 1697 λέγων
3353 1640 3371 1656 ο
3422 1640 3447 1673 α
3501 1622 3667 1688 Αὐτὸς
3737 1624 3791 1680 δὲ
3836 1629 3864 1682 ὁ

486 1728 589 1771 vos
638 1711 723 1788 82,
764 1735 789 1770 ι
850 1712 1137 1773 unitatem
1192 1712 1382 1774 Patris
1438 1721 1495 1774 et
1544 1712 1677 1775 Filii
1720 1713 2123 1774 conservavit:

2218 1702 2348 1789 Θεὸς
2406 1703 2493 1757 καὶ
2535 1703 2737 1789 Πατὴρ,
2785 1705 2872 1761 καὶ
2925 1706 3107 1782 Κύριος
3152 1705 3357 1773 Ἰησοῦς
3401 1714 3624 1789 Χριστὸς
3667 1735 3862 1769 κατευ-

484 1816 678 1881 neque
695 1800 856 1862 enim
906 1800 1074 1878 dixit,
1118 1800 1394 1879 dirigant,
1428 1809 1705 1882 tanquam
1727 1802 1885 1882 quod
1908 1821 2123 1864 conce-

2213 1788 2370 1882 θύναι.
2425 1790 2522 1857 τὴν
2572 1788 2691 1846 ὁδὸν
2740 1793 2893 1866 ἡμῶν
2935 1793 3065 1871 πρὸς
3109 1796 3266 1870 ὑμᾶς,
3307 1818 3329 1848 ι
3376 1788 3475 1865 τὴν
3519 1800 3741 1868 ἑνότητα
3769 1813 3865 1862 τοῦ

475 1876 719 1950 deretur
772 1907 806 1950 a
861 1876 1098 1950 duobus
1125 1887 1197 1949 ab
1231 1876 1345 1950 hoc
1378 1895 1437 1949 et
1462 1876 1706 1959 ab-hoc.
1740 1876 1845 1950 sed
1880 1888 2119 1968 dirigat,

2210 1876 2416 1968 ματρὸς
2457 1879 2545 1968 καὶ
2572 1879 2664 1934 τοῦ
2697 1881 2816 1938 Υἱοῦ
2867 1879 3113 1968 ἐφύλαξεν
3145 1899 3159 1914 ⁶
3216 1886 3276 1941 οὗ
3317 1886 3414 1964 γὰρ
3457 1889 3604 1962 εἶπε,
3664 1912 3862 1949 κατευ-

475 1985 535 2040 et
563 1977 835 2042 ostendat
862 1997 896 2041 a
920 1981 1093 2041 Patre
1121 1994 1231 2058 per
1256 1976 1473 2039 Filium
1497 1996 1627 2039 eam
1658 1977 1861 2059 dirigi.
1892 1999 1921 2039 ι
2004 1964 2026 1968 ⁷

2209 1964 2428 2034 θύναιεν,
2489 1967 2561 2029 ὡς
2645 1969 2788 2045 παρὰ
2862 1966 2949 2024 δύο
3007 1968 3282 2045 διδομένης
3326 1976 3468 2049 παρὰ
3516 1984 3700 2033 τοῦτου
3772 2002 3857 2059 καὶ

2202 2054 2407 2129 τούτου,
2455 2053 2615 2130 ἀλλὰ,
2645 2058 2969 2129 κατευθύναι,
3031 2058 3122 2116 ἴνα
3180 2059 3319 2128 δείξη
3363 2046 3445 2120 ὅτι
3486 2067 3515 2121 ὁ
3564 2068 3745 2146 Πατὴρ
3788 2046 3862 2124 διι

2202 2143 2320 2199 Υἱοῦ
2361 2141 2536 2215 δίδωσί
2564 2145 2781 2212 ταύτην.
2834 2174 2859 2205 ο

689 2249 792 2313 Ex
817 2247 1084 2313 secunda
1108 2252 1384 2314 oratione
1418 2249 1497 2313 ad
1535 2247 1884 2311 Hermiam.

2460 2234 2554 2293 Ἐκ
2582 2243 2675 2293 τοῦ
2716 2227 2772 2313 β’
2797 2243 2903 2294 τῶν
2948 2241 3077 2318 πρὸς
3115 2231 3357 2320 Ἐρμείαν
3399 2244 3599 2323 λόγων.

549 2336 696 2402 XCI.
737 2363 760 2395 ι
791 2336 939 2399 Nam
989 2357 1280 2400 summam
1329 2338 1572 2420 quidem
1627 2336 1915 2409 radicem,
1965 2332 2120 2396 ultra

2282 2328 2392 2420 ζΛ.
2434 2358 2457 2420 ς
2502 2328 2609 2397 Τὴν
2666 2331 2765 2420 μὲν
2821 2332 2920 2409 γὰρ
2949 2332 3206 2390 ἀνωτάτω
3259 2336 3424 2414 ῥίζαν,
3481 2341 3556 2403 ὦς
3608 2340 3857 2399 ἐπέκεινα

477 2455 498 2486 ε
537 2444 714 2508 quam
748 2426 897 2488 nihil
955 2426 1256 2505 intelliges
1310 2419 1379 2488 ac
1408 2425 1733 2507 concipies,
1768 2426 2027 2512 Patrem,
2062 2431 2121 2484 et

2209 2435 2235 2475 ι
2265 2419 2326 2473 τὸ
2384 2419 2594 2493 σύμπαν
2665 2419 2830 2496 οὐδὲν,
2867 2422 3135 2492 ἐννοήσεις
3163 2426 3255 2480 τὸν
3299 2427 3527 2509 Πατέρα,
3561 2432 3650 2488 τὸν
3694 2428 3749 2487 δέ
3791 2455 3855 2512 γε

476 2543 501 2576 ι
536 2506 769 2578 summa
788 2513 991 2576 radice
1015 2523 1216 2577 natum
1238 2523 1296 2576 et
1313 2517 1575 2594 genitum
1592 2506 1857 2594 accipies
1876 2511 2114 2583 Filium,

2209 2525 2230 2560 α
2266 2508 2364 2598 τῆς
2460 2506 2715 2598 ἀνωτάτω
2810 2508 2954 2585 ῥίζης
3020 2510 3351 2591 ἐκπεφυκότα
3428 2506 3521 2573 παῖ
3594 2506 3856 2598 γεγεννη-

472 2629 496 2662 ι
527 2622 647 2665 non
678 2603 739 2665 in
776 2603 988 2665 ordine
1018 2603 1228 2684 aequali
1257 2623 1389 2665 cum
1423 2602 1708 2665 creaturis
1750 2601 2023 2663 sortitum
2055 2600 2117 2660 in

2209 2617 2234 2648 ι
2267 2594 2425 2669 μένον
2493 2594 2755 2675 παραδέξῃ
2827 2600 2914 2656 τόν
2973 2602 3115 2674 Υἱὸν,
3167 2605 3261 2661 οὐκ
3302 2607 3358 2661 ἓν
3415 2604 3513 2682 ἴσῃ
3563 2594 3705 2673 τάξει
3733 2622 3853 2673 τοῖς

467 2717 495 2753 ‹
527 2700 796 2773 tempore
825 2693 1299 2770 generationem,
1334 2710 1531 2770 neque
1570 2690 1901 2752 minoribus
1936 2708 2113 2769 quam

2209 2706 2229 2737 κ
2267 2684 2647 2774 πεποιημένοις
2720 2686 2828 2774 ,τὴν
2899 2688 2954 2742 ἐν
3016 2694 3195 2767 χρόνῳ
3249 2689 3489 2771 λαχόντα
3573 2696 3842 2774 γέννησιν,

473 2807 496 2839 ι
527 2780 591 2842 in
646 2769 763 2855 his,
824 2769 885 2840 in
943 2781 1161 2861 quibus
1218 2784 1393 2843 Pater
1424 2769 1512 2841 est
1558 2799 1678 2841 sum
1709 2779 2113 2841 declarantem

2209 2793 2230 2825 α
2262 2769 2380 2863 οῦτε
2424 2774 2529 2863 μὴν
2575 2774 2628 2829 ἐν
2691 2772 2983 2851 ἐλάττοσιν,
3016 2777 3051 2845 ἢ
3100 2777 3155 2832 ἐν
3205 2780 3293 2843 οἷς
3323 2769 3372 2837 -ὃ
3415 2769 3597 2863 Πατὴρ
3637 2788 3698 2841 τὸ

467 2896 494 2931 ‹
531 2878 754 2931 natura:
785 2857 1436 2950 pulchritudinem,sed
1460 2868 1637 2930 simul
1658 2874 2116 2940 coaaternum,et

2209 2881 2232 2912 α
2262 2857 2390 2924 ἰδίας
2451 2862 2653 2941 φύσεως
2738 2863 3047 2942 ἐκφαίνοντα
3122 2864 3340 2943 κάλλος,
3430 2857 3579 2927 ἀλλ’.
3617 2871 3726 2948 ἅμα
3779 2894 3839 2930 τε

472 2987 496 3020 ι
530 2977 639 3040 per
654 2948 854 3019 omnia
874 2958 1158 3038 aequalem
1183 2948 1523 3019 mensuram
1540 2956 1853 3018 habentem
1868 2964 2112 3035 excepto

2209 2970 2227 3002 ι
2263 2950 2349 3004 καὶ
2406 2948 2695 3030 συναίδιον,
2768 2954 2854 3007 καὶ
2911 2960 3015 3009 πᾶν
3085 2956 3256 3014 ὁτιοῦν
3327 2958 3601 3039 ἱσόμετρον
3642 2961 3841 3042 ἔχοντα

468 3071 493 3105 ι
527 3036 638 3108 hoc
669 3046 826 3127 quod
875 3036 1144 3124 generet,
1208 3046 1263 3108 id
1324 3044 1652 3123 enim'jsoli
1704 3044 1823 3106 Deo
1874 3054 1933 3106 et
1959 3043 2116 3105 Patri

2209 3059 2232 3091 κ
2266 3036 2392 3117 δίχα
2439 3037 2602 3112 μόνου
2671 3046 2762 3095 τοῦ
2842 3054 3044 3102 τεκεῖν.
3104 3046 3367 3121 Προσήκοι
3411 3036 3523 3126 γὰρ
3567 3047 3629 3105 ἂν
3670 3036 3840 3108 ⁷τοῦτο

481 3164 503 3194 ι
536 3121 832 3197 convenit.
869 3121 1147 3197 Sanctum
1166 3135 1307 3195 item
1327 3121 1613 3214 Spiritum
1633 3132 2112 3211 agnominamus,

2209 3148 2231 3179 ι
2265 3127 2413 3199 μόνῳ
2448 3134 2524 3218 τῷ
2736 3130 2822 3184 καὶ
2873 3132 3055 3209 Πατρί,
3108 3131 3259 3210 ἅγιον
3301 3132 3356 3190 δὲ
3402 3121 3610 3213 Πνεῦμα
3664 3161 3839 3218 προσ-

476 3247 497 3277 ι
531 3224 631 3303 qui
653 3242 721 3285 ex
745 3222 869 3284 Deo
890 3226 1063 3285 Patre
1083 3242 1190 3303 per
1205 3222 1421 3285 Filium
1442 3221 1792 3283 naturaliter
1814 3220 2114 3301 profundi-

2209 3237 2231 3267 κ
2263 3228 2403 3292 ερετς
2457 3217 2519 3271 τὸ
2573 3216 2633 3272 ἐκ
2704 3225 2833 3274 Θεοῦ
2903 3220 3107 3297 Πατρὸς
3155 3219 3222 3275 δι’
3293 3226 3412 3279 Υἱοῦ
3469 3216 3838 3306 προχεόμενον

472 3340 494 3372 ι
528 3321 644 3388 tur,
680 3311 849 3392 quasi
899 3311 962 3372 in
1019 3312 1219 3390 lingua
1250 3310 1592 3391 spirationis
1622 3329 1688 3370 ex
1720 3328 1822 3371 ore
1850 3309 2116 3371 excuntis

2209 3325 2228 3357 ι
2263 3311 2518 3384 φυσικῶς,
2590 3304 2823 3385 καθάπερ
2872 3306 2925 3362 ἐν
2967 3308 3114 3381 τύπῳ
3153 3310 3249 3376 τῆς
3292 3310 3352 3367 ἐκ
3392 3319 3498 3369 τῶν
3558 3304 3837 3391 στομάτων

474 3429 496 3459 ι
531 3400 830 3480 propriam
857 3400 1030 3461 nobis
1054 3400 1456 3462 exsistentiam
1481 3400 1768 3478 designat.
1804 3397 1899 3462 Sic
1918 3398 2113 3459 mani-

472 3515 495 3546 ι
529 3488 735 3549 festam
763 3496 820 3549 et
848 3488 1216 3550 inconfusam
1264 3489 1440 3549 trium
1468 3489 1855 3568 hyposlaseon
1879 3487 1938 3547 in
1970 3506 2112 3568 pro—

474 3605 497 3635 ι
530 3576 676 3655 priis
705 3576 1066 3638 exsistentiis
1100 3577 1521 3657 proprietatem
1551 3595 1815 3658 servans,
1848 3595 2023 3637 unam
2055 3584 2115 3639 et

472 3665 1094 3727 «consubstantialem
1165 3674 1436 3728 naturam
1522 3664 1786 3744 reginam
1846 3666 2110 3727 omnium

468 3775 497 3807 α
527 3751 824 3817 adorabis.
864 3776 887 3813 ι

1052 3844 1540 3906 Αηίηιαιιυενδίο.

545 3954 569 3985 u
606 3930 902 3993 Adnotato
935 3932 1031 3993 hic
1054 3951 1291 4013 quoque
1316 3932 1645 3994 naturalem
1669 3930 1925 4013 Spiritus
1954 3931 2106 3994 ellu-

463 4043 491 4075 «
530 4019 760 4081 sionem
790 4039 859 4082 ex
906 4024 1080 4083 Patre
1128 4041 1234 4102 per
1263 4021 1502 4096 Filium,
1537 4039 1655 4083 non
1689 4040 1827 4083 vero
1858 4039 1926 4084 ex
1962 4021 2109 4085 Filio

463 4132 492 4165 α
527 4108 993 4173 constabilitam.
1032 4139 1054 4170 ι

1127 4198 1463 4277 Refutatio.

542 4284 604 4349 Si
630 4287 1080 4368 praepositiones
1118 4306 1213 4366 ex,
1249 4297 1307 4350 et
1324 4307 1438 4369 per
1461 4308 1579 4350 non
1602 4295 2007 4350 essentunum
2039 4307 2110 4349 ac

2202 3390 2539 3469 «διεκπνοῆς,
2600 3394 2697 3461 τὴν
2780 3392 2909 3450 ἰδίαν
2964 3397 3100 3470 ἡμῖν
3170 3399 3537 3475 ὑποσημαϊνον
3591 3402 3830 3484 ὕπαρξιν,

2203 3503 2226 3535 ιι
2261 3481 2395 3536 οὕτω
2437 3504 2494 3539 τε
2546 3489 2689 3563 σειφῇ
2730 3486 2817 3540 καὶ
2846 3484 3146 3564 ἀσύγχυτον
3175 3487 3273 3555 τὴν
3327 3494 3434 3544 τῶν
3488 3498 3640 3571 τριῶν
3698 3481 3836 3551 61:0-

2200 3592 2227 3623 «
2262 3570 2499 3662 στάσεων
2568 3570 2645 3662 ἓν,
2712 3571 2905 3639 ἱδικαῖς
2983 3572 3261 3653 ὐπάρξεσιν
3329 3570 3566 3647 ἰδιότητα
3632 3590 3834 3662 τηρῶν,

2201 3680 2228 3712 α
2262 3659 2385 3733 μίαν
2455 3681 2513 3715 τε
2570 3661 2657 3716 καὶ
2700 3662 2977 3737 ὁμοούσιον
3006 3663 3102 3731 τὴν
3131 3663 3377 3724 ἁπάντων
3407 3668 3647 3745 βασιλίδα
3675 3659 3840 3749 προσ-

2201 3768 2223 3801 ι
2259 3749 2503 3820 κυνήσεις
2546 3749 2719 3827 φύσιν.
2753 3777 2780 3809 ι

2853 3829 3185 3899 Ἐπιστασία,

2280 3945 2305 3978 ι
2352 3919 2658 3997 Σημείωσαι
2714 3923 2945 3981 κάταῦθα
3000 3927 3100 3995 τὴν
3158 3930 3380 4007 φυσικὴν
3435 3932 3529 3987 τοῦ
3584 3932 3826 4008 Πνεῦμα-

2198 4029 2227 4063 (
2259 4029 2346 4072 τος
2390 4010 2674 4089 πρόχυσιν,
2720 4010 2781 4067 ἐκ
2836 4016 2928 4070 τοῦ
2982 4017 3187 4096 Πατρὸς
3256 4015 3709 4097 δογματιζομένην
3753 4020 3838 4082 διὰ

2198 4119 2226 4151 α
2259 4104 2353 4155 τοῦ
2382 4099 2527 4174 Υἱοῦ,
2574 4100 2633 4157 οὗ
2674 4101 2781 4177 μὴν
2809 4103 2896 4161 καὶ
2926 4103 2985 4160 ἐκ
3014 4106 3107 4162 τοῦ
3137 4108 3277 4169 Υἱοῦ,
3330 4128 3357 4161 n

2834 4194 3181 4276 Ἀντίῤῥησις.

2272 4281 2332 4338 Εἰ
2388 4280 2485 4356 μὲν
2528 4282 2621 4337 οῦκ
2662 4281 2725 4349 ἧν
2767 4287 2953 4341 ταυτὸν
3010 4288 3045 4355 ἡ
3106 4285 3190 4343 διὰ
3246 4290 3334 4345 καὶ
3375 4288 3427 4356 ἐξ
3457 4289 3542 4347 ἐπὶ
3569 4300 3663 4350 τοῦ
3692 4293 3838 4367 Υἷοῦ,

460 4374 1133 4473 idemuinFilionitique
1170 4397 1286 4441 non
1318 4368 1543 4459 absque
1566 4377 1794 4473 ratione
1823 4378 2107 4473 adnotas-

2209 4368 2369 4470 >ῦτως
2401 4368 2463 4425 ἂν
2493 4370 2639 4473 εἶχε,
2677 4369 2835 4450 λόγον
2877 4378 3221 4450 σημειοῦσθαὶ
3265 4399 3322 4435 σε
3365 4380 3426 4434 τὸ
3456 4376 3540 4436 διὰ
3568 4390 3659 4439 τοῦ
3690 4383 3834 4461 Υἱοῦ,

462 4481 560 4526 ses
592 4465 763 4541 illud,
799 4484 905 4546 per
934 4466 1172 4541 Filium,
1233 4487 1353 4529 non
1386 4486 1521 4529 vero
1551 4486 1622 4529 ex
1646 4466 1822 4530 Filio.
1855 4466 2106 4530 Verum-

464 4562 663 4615 tamen
695 4574 829 4617 cum
851 4556 1140 4638 quidquid
1172 4575 1279 4637 per
1326 4556 1538 4619 Filium
1580 4556 1801 4618 dicitur
1835 4575 1986 4630 esse,
2025 4564 2113 4617 est

2193 4462 2254 4517 οὐ
2309 4458 2415 4534 μὴν
2468 4462 2557 4515 καὶ
2622 4458 2681 4515 ἐκ
2736 4468 2826 4517 τοῦ
2881 4465 3022 4523 Υἱοῦ.
3096 4464 3244 4522 Ἐπεὶ
3271 4464 3326 4522 δὲ
3354 4474 3459 4523 πᾶν
3500 4470 3562 4524 τὸ
3604 4466 3689 4525 διὰ
3743 4458 3840 4525 τοῦ

2196 4550 2314 4603 ι’ἱοῦ
2342 4545 2627 4624 λεγόμενον
2684 4550 2825 4607 εἶναι
2896 4551 3006 4609 ἐστι
3062 4556 3150 4610 καὶ
3185 4554 3274 4611 ’ἐκ
3328 4565 3419 4615 τοῦ
3483 4560 3622 4633 Υἱοῦ,
3670 4559 3731 4614 τὸ
3780 4558 3839 4615 ἐκ

465 4662 701 4723 quoque
758 4663 832 4706 ex
871 4634 1052 4726 Filio,
1114 4634 1216 4726 qui
1275 4665 1343 4708 ex
1403 4646 1526 4708 Deo
1558 4644 1729 4707 Patre
1761 4664 1864 4724 per
1893 4644 2109 4706 Filium

2209 4637 2326 4727 Θεοῦ
2380 4637 2585 4727 Πατρὸς
2622 4634 2706 4727 ⁸δι’
2776 4640 2893 4697 Υἱοῦ
2943 4642 3303 4721 προχεόμενον
3332 4650 3570 4724 φυσικῶς
3602 4652 3835 4727 Πνεῦμα,

461 4731 789 4794 effunditur
819 4724 1168 4796 naturaliter
1196 4735 1475 4815 Spiritus,
1508 4742 1567 4796 et
1612 4732 1874 4795 velutiin
1904 4734 2107 4815 ﬁgura,

2209 4725 2281 4780 ιαὶ
2333 4726 2567 4801 καθάπερ
2618 4724 2673 4781 ἐν
2742 4729 2889 4804 τύπῳ
2960 4731 3055 4797 τὴν
3112 4730 3171 4788 ἐκ
3240 4739 3345 4788 τῶν
3404 4733 3681 4810 στομάτων
3719 4724 3836 4791 διαέ

465 4839 596 4901 quae
644 4840 713 4883 ex
740 4841 843 4884 ore
877 4824 995 4885 exit
1041 4813 1410 4904 spirationis,
1446 4813 1613 4885 suam
1646 4821 1819 4882 nobis
1849 4813 2111 4884 declarat

2209 4818 2362 4880 τνοῆς
2431 4814 2541 4904 την,
2596 4813 2726 4904 ἰδίαν
2779 4820 2916 4893 ἡμῖν
2984 4820 3354 4896 ὑποσηματνον
3393 4822 3607 4902 ὕπαρξιν
3633 4823 3688 4889 ἒξ
3728 4825 3839 4901 ἆμ-

463 4908 894 4985 exsistentiam,
930 4912 1245 4973 manifesto
1275 4912 1351 4973 ab
1376 4921 1624 4993 utroque
1657 4918 1766 4973 est.

628 4998 732 5061 Em
775 5002 964 5063 tertia
1005 5003 1265 5081 ejusdem
1308 5008 1595 5065 tractatus
1648 5002 1946 5063 oratione.

546 5085 719 5151 XCII.
759 5113 786 5145 α
818 5090 939 5152 Nos
960 5109 1099 5152 vero
1124 5092 1371 5153 minime
1390 5092 1704 5170 opinemur
1724 5106 2113 5169 unquam,ex—

2190 4915 2314 4979 φοῖν
2358 4900 2638 4981 προδήλως
2669 4903 2828 4969 ἐστίν.

2314 4996 2410 5098 ’E‘x
2436 5006 2539 5098 τοῦΙ
2568 5001 2739 5076 τρίτου
2782 5000 2941 5081 λόγου
2982 5009 3080 5070 τῆς
3138 5008 3301 5072 αὐτῆς
3332 5007 3718 5083 πραγματείας,

2275 5080 2403 5166 4Β’.
2443 5117 2466 5149 ι
2503 5080 2742 5149 "Exta-1:1
2797 5080 2869 5149 3E7
2907 5096 3061 5171 ὑμεῖς
3094 5080 3398 5173 οἰηθείημεν
3441 5080 3504 5153 ἂν
3534 5121 3662 5155 ποτε
3693 5100 3840 5157 νόθον

469 5170 770 5267 «ternum
827 5178 1107 5259 quiddam
1166 5198 1320 5255 esse,
1380 5189 1437 5242 et
1469 5199 1659 5261 nuper
1688 5188 1888 5239 natum
1916 5179 2109 5267 Deum

2209 5177 2291 5234 ιὲν
2333 5179 2476 5236 εἶναι
2539 5183 2669 5237 Θεὸν
2736 5184 2824 5239 καὶ
2879 5184 3134 5266 ἀρτιφανῆ
3190 5170 3310 5241 τὸνή
3344 5188 3483 5256 Υίὸν,
3544 5187 3841 5267 ἆγιάζεσθαί

481 5284 502 5320 ι
540 5263 785 5356 Filium,
818 5267 1318 5356 sanctificarique,
1344 5270 1433 5332 vel
1458 5270 1636 5331 etiam
1660 5267 1731 5329 ad
1764 5266 2110 5356 {iliationem

2209 5292 2278 5344 ιε,
2346 5269 2385 5356 ,ἢ
2443 5277 2567 5348 γοῦν
2623 5273 2697 5336 εἰς
2753 5273 2971 5342 υἱότητα
3011 5263 3400 5343 διακεκλῆσθαι
3471 5263 3612 5356 παρᾶ
3682 5284 3836 5353 Θεοῦ,

469 5375 497 5411 σ
536 5354 732 5415 vocari
761 5373 793 5417 a
827 5354 970 5433 lleo,
1004 5365 1063 5418 et
1111 5358 1362 5438 gloriam
1418 5360 1691 5442 accipere
1731 5355 2112 5420 adventiliam

553 5534 613 5589 8³
642 5534 667 5600 l
695 5536 909 5601 Thess.
943 5555 1027 5621 ur,
1061 5545 1159 5609 11.

2195 5359 2282 5416 καὶ
2337 5355 2488 5423 δόξαν
2558 5359 2702 5418 ἑλεῖν
2757 5363 2855 5432 τὴν
2913 5364 3211 5432 εἶσποίητον
3282 5365 3374 5421 σὺν
3418 5355 3575 5445 ἡμῖν,
3636 5367 3838 5445 φύσεως
