4150 6292
180 418 309 482 525

1226 425 1306 491 ΙΝ
1350 425 1741 489 CAMATEBI
1786 421 2539 487 ANIMADVERSIONES.

3456 376 3587 484 526'

191 574 211 602 ι
246 551 306 607 δὲ
371 554 578 629 μᾶλλον
634 555 1003 626 διακεκτῆσθαι
1073 563 1234 635 ’νόμῳ
1285 559 1425 617 τοῦθ’
1483 559 1611 638 ὅπερ
1654 559 1792 615 ἐστιν

1937 576 1959 606 ι
1994 554 2324 629 nobiscum,
2360 554 2462 615 sed
2521 555 2649 633 lege
2686 564 2911 615 natura:
2943 553 3141 634 potius
3180 552 3483 632 possidere
3517 552 3574 612 id

193 665 215 695 ⁸
245 643 586 723 ῲποιτιθείη
643 644 690 701 δ’
746 649 809 702 ἂν
840 647 956 704 οὔτε
986 672 1086 706 που
1110 647 1192 706 διὰ
1221 657 1314 705 τοῦ
1355 648 1481 705 ἰδίου
1512 649 1811 723 Πνεύματος

193 746 218 779 ι
254 721 395 788 ΗΟτι
424 734 527 812 γὰρ
571 732 706 791 ἴδιον
762 744 855 793 τοῦ
917 740 1034 793 Υἱοῦ
1081 740 1141 793 τὸ
1186 745 1397 814 Πνεῦμα
1450 740 1558 793 ἔστι
1611 721 1842 813 καθάπερ

199 835 219 865 ι
252 818 447 893 ἀμέλει
513 825 601 879 καὶ
642 825 734 880 τοῦ
777 827 1001 904 Πατρὸς,
1057 827 1298 903 ἀναμαθῃ
1352 848 1431 890 τις
1476 824 1538 880 ἂν
1587 826 1675 881 καὶ
1729 822 1843 879 λίαν

198 932 221 964 ι
255 907 498 986 ἀμογητὶ
540 915 698 970 αὐτοῦ
742 914 838 989 μὲν
878 913 1148 993 λὲγοντος,
1191 943 1212 973 ι
1254 917 1312 972 Εἰ
1370 916 1459 971 οὗν
1513 916 1667 989 ὑμεῖς
1739 935 1837 967 που

203 1019 224 1048 ⁸
252 999 412 1075 ντιροὶ
468 997 613 1065 ὄντες
699 999 877 1057 οἴδατε
965 1003 1200 1081 δόγματα
1251 1004 1421 1081 ἀγαθὰ
1474 1001 1666 1058 διδόναι
1722 1013 1839 1062 τοῖς

199 1112 219 1140 ι
248 1083 460 1150 τέκνοις
510 1089 660 1163 ῦμιῦν
709 1107 721 1119 ·
757 1089 907 1165 πόσῳ
959 1091 1161 1165 μᾶλλον
1213 1094 1240 1148 6
1271 1094 1449 1169 Πατὴρ
1504 1094 1657 1166 ἡμῶν
1715 1092 1743 1146 6
1786 1089 1839 1144 ἐν

191 1196 213 1224 ι
245 1174 371 1236 τοῖς
451 1179 694 1253 οὐρανοῖς
750 1176 904 1235 δώσει
958 1180 1124 1257 ἀγαθὰ
1190 1194 1307 1243 τοῖς
1370 1183 1597 1236 αἰτοῦσιν
1656 1181 1833 1253 αὐτὸν,

193 1287 213 1314 σ
241 1262 329 1318 καὶ
388 1262 557 1319 πάλιν
590 1284 604 1299 ⁸
639 1268 712 1323 03
755 1268 853 1346 γὰρ
903 1269 1057 1343 ὑμεῖς
1116 1268 1232 1324 ἐστε
1261 1271 1309 1324 0i
1352 1267 1654 1341 λαλοῦντες,
1702 1266 1837 1322 ἄλλα

187 1369 209 1401 ί
242 1350 305 1403 τὸ
364 1356 578 1427 Πνεῦμα
621 1354 714 1409 τοῦ
758 1358 957 1427 Πατρὸς
1010 1358 1156 1431 ὑμῶν
1211 1358 1271 1411 τὸ
1302 1355 1490 1419 λαλοῦν
1521 1356 1574 1411 ἐν
1617 1357 1765 1431 ὑμῖν·
1806 1378 1832 1409 ››

200 1463 219 1492 ι
249 1434 345 1492 ὡδὶ
524 1443 613 1496 καὶ
683 1441 887 1501 Παύλου
946 1459 1063 1508 τοῖς
1134 1446 1461 1501 πιστεύουσιν
1501 1442 1837 1499 ἐπιστέλλον-

199 1548 221 1578 σ
249 1546 345 1589 τος
376 1545 390 1559 ⁹
427 1548 453 1579 ι
490 1520 676 1604 ’Υμεϊς
722 1529 775 1585 δὲ
820 1536 914 1590 οὒκ
968 1533 1084 1589 ἐστὲ
1114 1534 1168 1589 ἐν
1214 1535 1385 1612 σακρὶ,
1432 1530 1552 1587 ἀλλ’
1582 1535 1637 1587 ἓν
1667 1533 1834 1587 Πνεῦ-

195 1635 218 1667 ι
255 1636 407 1689 ματι,
441 1616 594 1696 εἴπερ
650 1625 860 1695 Πνεῦμα
915 1628 1047 1677 Θεοῦ
1103 1624 1239 1678 οἰκεῖ
1292 1624 1347 1677 ἒν
1397 1622 1545 1695 ὑμῖν.
1582 1622 1637 1677 Εἰ
1667 1618 1720 1675 δέ
1759 1642 1838 1684 τις

1931 667 1957 698 α
1993 643 2144 721 quod
2180 644 2310 720 ipse
2342 652 2429 703 est
2458 664 2468 702 :
2506 662 2701 722 neque
2733 642 2789 703 in
2822 642 3039 704 Filium
3097 650 3408 722 receptum
3441 659 3571 702 esse

1931 750 1954 783 ι
1988 750 2094 811 per
2126 731 2424 811 proprium
2451 731 2936 812 Spiritum.Quod
2961 731 3117 793 enim
3144 732 3416 812 proprius
3437 730 3569 792 Filii

1934 848 1955 878 ι
1987 821 2239 898 Spiritus
2296 821 2394 901 sit,
2426 820 2925 900 quemadmodum
2981 820 3212 881 scilicet
3262 829 3321 881 et
3349 817 3565 899 Patris,

1931 931 1959 963 ε
1992 909 2269 970 didicerit
2298 910 2429 990 quis
2449 910 2672 989 ahsque
2699 928 2910 988 magno
2933 908 3294 988 lahore,ipso
3327 909 3566 987 quidem

1935 1021 1963 1053 α
1997 997 2231 1058 dicente
2270 1020 2282 1058 :
2322 1022 2342 1052 ι
2377 998 2547 1060 Unde
2578 1000 2623 1058 si
2683 1016 2782 1058 vos
2840 1017 2971 1058 cum
3024 996 3163 1057 mali
3213 995 3366 1076 sitis,
3400 998 3568 1058 scitis

1939 1112 1961 1142 ι
1994 1086 2148 1146 dona
2178 1089 2328 1147 bona
2359 1087 2499 1148 dare
2525 1085 2666 1147 ll‘liis
2696 1087 3155 1165 vestris,quanto
3181 1089 3368 1165 magis
3397 1089 3570 1149 Pater

1932 1200 1955 1236 ι
1989 1185 2202 1250 vester,
2236 1176 2334 1255 qui
2366 1176 2425 1235 in
2456 1175 2621 1236 caelis
2649 1182 2761 1248 est,
2814 1174 2979 1235 dabit
3029 1173 3185 1235 bona
3235 1176 3567 1255 petentibus

1930 1290 1951 1320 α
1986 1282 2050 1324 se
2079 1266 2161 1322 8‘5.
2203 1290 2224 1319 ι
2278 1263 2347 1323 Ει
2410 1282 2646 1325 rursum
2686 1261 2862 1323 :Non
2908 1263 3065 1323 enim
3124 1283 3228 1324 vos
3275 1264 3418 1326 estis
3467 1267 3567 1345 qui

1927 1376 1955 1407 σ
1990 1352 2435 1433 loquimini,sed
2469 1351 2725 1432 Spiritus
2754 1350 2946 1412 Patris
2969 1351 3283 1432 vestri,qui
3307 1352 3568 1433 loquitur

1926 1465 1947 1496 ι
1986 1442 2045 1503 in
2078 1442 2241 1503 vobis
2269 1441 2354 1505 δι.
2391 1464 2413 1496 ι
2449 1441 2569 1502 Nec
2601 1440 2771 1502 aliter
2801 1439 3019 1502 Paulus
3050 1440 3435 1503 credentibus
3463 1461 3574 1523 per

1927 1553 1949 1583 ι
1985 1530 2305 1609 Epistolam
2365 1529 2615 1591 scribit:
2667 1526 2847 1589 «Vos
2904 1537 3098 1589 autem
3161 1548 3279 1591 non
3332 1530 3477 1594 estis
3506 1531 3567 1591 in

1930 1647 1953 1678 ε
1983 1637 2180 1689 carne,
2217 1619 2322 1679 sed
2353 1619 2412 1677 in
2445 1617 2652 1697 spiritu
2689 1634 2701 1679 :
2739 1615 3034 1697 siquidem
3071 1616 3568 1698 SpiritusDeiha-

1933 1734 1954 1764 ι
1989 1707 2132 1768 bitat
2162 1708 2220 1768 in
2254 1705 2441 1769 vobis.
2476 1707 2538 1770 Si
2572 1724 2712 1767 vero
2768 1707 2903 1786 quis
2953 1705 3235 1787 Spiritum
3293 1706 3399 1771 Dei
3447 1728 3564 1771 non

201 1726 221 1757 ι
254 1707 467 1778 Πνεῦμα
535 1713 758 1785 Χριστοῦ
800 1713 893 1768 οῦκ
933 1709 1078 1789 ἔχει,
1140 1711 1289 1773 οὗτος
1333 1712 1426 1767 οῦκ
1466 1713 1609 1766 ἔστιν
1657 1709 1835 1788 αὐτοῦ,

202 1811 225 1842 ε
260 1792 319 1847 Εἰ
353 1791 408 1846 δὲ
462 1797 684 1872 Χριστὸς
744 1797 795 1852 ἐν
852 1800 1000 1873 ὑμῖν,
1061 1801 1119 1855 τὸ
1177 1798 1274 1873 μὲν
1320 1804 1475 1873 σῶμα
1530 1799 1708 1875 νεκρὸν
1772 1795 1819 1852 δι

1932 1827 1953 1857 ι
1985 1797 2183 1876 habet,
2219 1796 2310 1857 hic
2369 1815 2485 1856 non
2542 1803 2631 1856 est
2676 1795 2806 1874 ejus
2836 1796 2920 1853 "5.
2957 1819 2980 1849 ι
3015 1796 3087 1855 At
3118 1795 3167 1856 si
3199 1796 3472 1859 Christus
3506 1800 3564 1859 in

201 1901 226 1930 ι
256 1879 539 1959 ἆματρίαν,
601 1886 662 1940 τὸ
720 1883 771 1940 δὲ
816 1895 1018 1962 πνεῦμα
1060 1893 1163 1958 ζῶν
1192 1885 1276 1943 διὰ
1318 1885 1674 1952 δικαιοσύνην.
1707 1909 1733 1941 ι)
1767 1887 1821 1942 Ti

1922 1908 1947 1940 α
1983 1888 2174 1965 uobis,
2210 1906 2422 1967 corpus
2451 1887 2693 1967 quidem
2726 1895 3022 1949 mortuum
3068 1898 3311 1969 propter
3349 1908 3558 1970 pecca-

199 1987 222 2017 ο
254 1970 429 2027 τοίνδν
484 1973 629 2046 ἡμᾶς
700 1975 818 2037 τοὺς
890 1975 981 2032 ἐπὶ
1039 1977 1139 2053 γῆς
1185 1982 1252 2051 τῇ
1305 1976 1400 2042 τῆς
1445 1974 1685 2040 υἱότητος
1719 1971 1821 2050 δάε]

1932 2001 1954 2032 ι
1989 1985 2131 2057 tum,
2167 1978 2409 2058 spiritus
2452 1983 2646 2037 autem
2704 1976 2903 2037 vivens
2954 1985 3196 2057 propter
3245 1978 3557 2057 justitiam.

203 2078 224 2106 ι
256 2060 651 2141 καταχρυσοῦν,
697 2065 833 2141 φημὶ
880 2062 945 2131 δὴ
986 2066 1046 2123 τὸ
1091 2072 1300 2134 Πνεῦμα
1347 2065 1407 2119 τὸ
1458 2063 1630 2141 ἅγιον,
1694 2062 1821 2119 ἐπεί-

1929 2093 1951 2123 .
1986 2065 2167 2144 igitur
2210 2084 2315 2126 nos
2364 2064 2637 2125 homines
2670 2064 2975 2125 ﬁliationis
3004 2065 3191 2143 gloria
3238 2066 3561 2129 honestans

200 2160 226 2200 ι
256 2166 353 2223 περ
399 2146 508 2236 ἐστὶ
550 2158 643 2207 τοῦ
709 2154 851 2227 Υἱοῦ,
912 2153 1179 2232 ἐνεργήσει
1213 2154 1310 2229 μὲν
1368 2154 1440 2215 εἷς
1497 2152 1700 2231 ἐτέρους
1743 2153 1821 2231 ﬁt

1933 2179 1953 2209 ι
1988 2153 2237 2233 Spiritus
2265 2160 2523 2229 sanctus,
2557 2152 3036 2233 quandoquidem
3068 2153 3202 2215 Filii
3233 2164 3320 2215 est
3343 2173 3558 2236 opera-

198 2250 224 2282 ι
251 2235 570 2310 υἱοποίησιν,
668 2238 995 2317 ἀπρακτήσει
1104 2240 1155 2296 δὲ
1243 2239 1511 2303 παντελῶς
1567 2243 1682 2315 περὶ
1752 2243 1821 2296 τὸε

1932 2271 1955 2302 ι
1988 2242 2143 2303 bitur
2172 2240 2410 2321 quidem
2444 2240 2504 2301 in
2534 2240 2664 2301 aliis
2695 2241 2950 2301 ﬁliorum
2984 2235 3556 2322 adoptionem,otio-

198 2320 418 2407 τοῦπερ
460 2323 600 2379 ἐστὶν
658 2327 753 2382 οῦκ
813 2329 1198 2409 εἷσκεκριμὲνον
1236 2350 1246 2361 ·
1307 2329 1424 2385 οὔτε
1494 2330 1600 2404 μὴν
1657 2327 1821 2394 ἔξωθε-ι’

1925 2359 1956 2392 ς(
1991 2349 2089 2393 sus
2131 2320 2326 2391 autem
2361 2329 2733 2390 eritomnino
2758 2330 2818 2389 in
2848 2329 2951 2391 illo
2985 2320 3154 2410 cujus
3183 2330 3414 2393 scilicet
3445 2341 3555 2406 est,

196 2428 220 2460 ε
249 2410 663 2489 ἓκπειροιτηγὸς,
732 2414 850 2471 ἀλλ’
913 2416 1175 2481 οὔσιωδῶς
1230 2418 1469 2497 ὑπάρχον
1524 2420 1698 2496 αῦτοῦ,
1753 2439 1821 2479 κα

1931 2447 1953 2478 ε
1986 2439 2102 2481 non
2135 2418 2509 2491 adventitius,
2544 2437 2739 2499 neque
2770 2419 2946 2479 etiam
2978 2419 3344 2482 extrinsecus
3374 2420 3554 2482 adve-

201 2518 221 2548 ι
254 2494 323 2550 δι’
356 2498 517 2557 αὐτοῦ
572 2513 970 2583 προσχεόμενον
1062 2520 1178 2569 τοῖς
1236 2505 1379 2562 ἑλεῖν
1416 2504 1575 2571 ἀξίοις
1606 2507 1659 2560 ἐν
1690 2505 1821 2561 $630-

1925 2536 1950 2571 ‹
1986 2509 2179 2579 niens,
2227 2509 2328 2569 sed
2377 2494 2774 2569 essentiaiiter
2802 2508 2962 2569 illius
2993 2508 3306 2584 exsistens,
3365 2518 3423 2570 et
3454 2528 3560 2589 per

196 2586 335 2658 (κίᾳ
394 2591 623 2668 Πατρός,
680 2584 751 2650 Ἠ
809 2596 903 2650 οῦκ
958 2597 1119 2673 ὀρθῶς
1205 2617 1285 2651 σοι
1366 2601 1523 2651 ταῦτα
1570 2599 1724 2674 φέναι
1780 2618 1821 2650 τι

1927 2620 1951 2654 α
1986 2617 2120 2658 eum
2146 2598 2392 2673 etTusus,
2426 2605 2486 2656 ut
2515 2615 2548 2656 a
2577 2596 2770 2675 dignis
2810 2595 3140 2676 accipiatur
3163 2599 3335 2677 juxta
3366 2584 3555 2659 bene-

194 2696 218 2726 ι
247 2677 333 2731 καὶ
372 2677 708 2748 ἐννενοῆσθαι
751 2682 888 2740 δοκῶ
923 2703 938 2757 ;
999 2677 1155 2763 Ἱέρμξ
1197 2683 1504 2740 Παντάπασι
1574 2686 1669 2758 μὲν
1723 2686 1821 2743 οῦν

1921 2713 1944 2746 ι
1982 2686 2259 2764 placitum
2296 2684 2500 2745 Patris.
2527 2687 2745 2745 Annon
2776 2693 2936 2746 recte
2959 2686 3082 2745 haec
3104 2685 3394 2758 dicere,et
3417 2706 3558 2748 sen-

193 2784 218 2815 ε
253 2765 532 2843 Κύριὶλος.
601 2764 657 2829 Ὀ
706 2770 759 2827 δέ
788 2771 852 2839 δὴ
883 2780 988 2829 τῶν
1031 2776 1179 2829 Οεῖων
1220 2775 1347 2847 ὑμῖν
1395 2775 1691 2851 μυστηρίων
1754 2777 1821 2829 ἱε-

1923 2801 1945 2833 ι
1982 2774 2089 2834 tire
2122 2772 2821 2834 videor?ller.0mnibus
2852 2782 3014 2834 certe
3045 2774 3559 2855 modis.Cyrillus.

193 2875 214 2902 I
246 2859 465 2932 ρουργὸς
527 2857 797 2935 Ἰωάννης,
835 2862 959 2917 ὅταν
1003 2865 1074 2926 εἷς
1135 2862 1293 2938 μέσον
1336 2860 1442 2937 ἥκῃ
1472 2863 1608 2937 βοῶν
1635 2863 1750 2941 περί
1777 2884 1821 2917 τε

1919 2890 1943 2923 ‹
1976 2861 2049 2922 At
2077 2862 2410 2921 divinorum
2443 2869 2944 2922 sacramentorum
2978 2861 3251 2924 minister
3276 2865 3556 2941 Joannes,

190 2960 210 2992 ι
246 2949 379 3000 Θεοῦ
421 2949 510 3003 καὶ
538 2950 695 3023 ἡμῶν
726 2965 743 2986 ⁸
780 2970 805 3004 ε
841 2951 928 3009 Ἐν
958 2953 1124 3023 τούτῳ
1150 2952 1477 3028 γινώσκομεν
1506 2950 1585 3006 ὅτι
1616 2951 1668 3005 ἐν
1698 2953 1821 3026 inm

1917 2978 1942 3009 (κ
1977 2950 2209 3029 quando
2237 2949 2295 3008 in
2330 2949 2592 3009 medium
2630 2948 2828 3028 prodit
2877 2948 3141 3011 clamans
3198 2950 3272 3012 de
3329 2950 3453 3013 Deo
3499 2962 3556 3014 et

190 3048 212 3081 ι
245 3027 414 3113 ἐστιν,
468 3034 550 3090 ὅτι
595 3037 656 3092 ἐκ
696 3046 786 3095 τοῦ
840 3040 1144 3116 Πνεῦματος
1196 3040 1349 3095 αὐτοῦ
1384 3037 1570 3095 ἔδωκεν
1602 3041 1759 3114 ἡμῖν,
1797 3062 1821 3095 ε

1916 3068 1941 3099 α
1975 3027 2143 3098 nobis
2179 3058 2190 3099 :
2225 3058 2252 3096 α
2284 3040 2345 3100 In
2380 3037 2488 3098 hoc
2520 3027 3119 3116 cognoscimusquod
3152 3038 3211 3098 in
3245 3039 3418 3101 nobis
3440 3049 3551 3122 est,

187 3135 210 3170 ⁸
240 3121 356 3182 πῶς
404 3123 463 3178 οὐ
521 3125 793 3192 παντελῶς
824 3126 1187 3207 ἀταλαίπωρον
1218 3126 1370 3207 ἰῖεῖν,
1405 3127 1483 3183 ὅτι
1514 3129 1642 3191 Θεὸς
1686 3128 1821 3195 ἀλη-

1916 3156 1939 3187 α
1974 3127 2113 3206 quia
2146 3130 2218 3187 de
2245 3126 2451 3206 spiritu
2484 3144 2590 3187 suo
2623 3125 2784 3187 dedit
2832 3124 3003 3185 nobis
3030 3126 3118 3206 86,
3157 3153 3177 3183 ι
3214 3145 3329 3207 quo
3380 3121 3551 3209 pacto

186 3223 211 3261 ⁸
243 3210 349 3272 θῶς
381 3214 468 3268 καὶ
500 3219 599 3281 τῆς
641 3224 731 3272 τοῦ
774 3223 905 3273 Θεοῦ
962 3219 1048 3273 καὶ
1107 3218 1305 3297 Πατρὸς
1339 3216 1511 3280 οὐσίας
1540 3216 1821 3296 ἔκπέφυκεν

1916 3237 1945 3270 α
1978 3233 2094 3274 non
2126 3214 2367 3272 omnino
2399 3212 2572 3274 facile
2602 3212 2776 3300 fuerit
2810 3212 3009 3274 videre
3039 3212 3357 3293 quodDeus
3387 3235 3547 3293 vere,

184 3315 211 3347 α
239 3299 268 3350 ὁ
322 3302 470 3376 Υἱὸς,
506 3301 659 3382 εἴπερ
687 3306 827 3362 ἔστιν
858 3307 931 3370 ὡς
974 3307 1126 3379 Θεὸς,
1170 3308 1257 3361 καὶ
1309 3309 1411 3385 οὐχ
1454 3304 1626 3384 ἕτερον
1654 3327 1704 3361 τι
1732 3328 1825 3362 κα·

179 3404 208 3445 (
239 3396 453 3446 τοικοῦν
511 3391 566 3447 ἐν
608 3395 744 3468 ἡμῖν
799 3397 860 3450 τὸ
912 3402 1119 3470 Πνεῦμα
1182 3399 1383 3473 αὐτοῦ,
1451 3396 1547 3453 Καὶ
1577 3394 1703 3472 πρός
1762 3417 1821 3473 γε

309 3479 322 3500 1
582 3482 595 3498 ἱ
695 3484 710 3505 9
974 3494 997 3503 ν
1200 3491 1218 3500 υ
1381 3489 1404 3500 υ
1535 3485 1547 3503 \
1751 3484 1761 3503 ἱ

177 3493 200 3528 ε
230 3498 412 3551 του-τῳ
463 3504 622 3559 φημι,
671 3504 713 3538 ει
772 3485 832 3538 τὸ
875 3506 1079 3542 πνεῦμα
1132 3506 1223 3539 τοι)
1276 3491 1408 3540 Θεου
1464 3505 1552 3540 και
1592 3490 1818 3564 Πατρος,

174 3585 193 3617 ι
227 3566 284 3619 ἓν
341 3570 393 3639 ᾧ
433 3568 527 3636 τὴν
574 3577 676 3626 τῶν
734 3573 804 3637 εἰς
862 3573 921 3627 τὸ
979 3572 1119 3628 εἶναι
1181 3571 1647 3650 παρενηνεγμένων
1678 3580 1818 3643 ζωο-

172 3669 201 3711 (
228 3668 387 3710 7:016!
444 3679 502 3712 τε
571 3661 658 3715 καὶ
706 3660 907 3737 ἁγιάζει
963 3662 1134 3740 φύσιν,
1196 3658 1329 3715 ἴδιον
1372 3663 1515 3715 1εστιν
1543 3661 1633 3717 τοῦ
1672 3663 1814 3735 Υἰοῦ,

173 3760 195 3795 ε
228 3745 306 3805 τίς
376 3743 434 3799 ἂν
479 3749 552 3810 εἰς
607 3759 759 3807 τοῦτο
817 3751 1042 3825 προήκοι
1098 3745 1449 3827 χυδαιότητος
1521 3748 1812 3826 λογισμῶν,

173 3852 200 3885 ι
233 3833 308 3895 ὡς
372 3849 536 3909 νοεῖν,
568 3836 604 3904 ἢ
649 3837 839 3917 φράσαι
868 3844 965 3905 τῆς
1012 3840 1140 3917 πρὸς
1184 3837 1389 3918 Πατέρα
1442 3841 1569 3894 Θεὸν
1616 3842 1816 3914 ὁμοου-

169 3938 197 3978 (
233 3923 488 3988 σιότητος
533 3924 877 4006 ἐκπεφυκέναι
920 3928 1007 3983 καὶ
1062 3925 1237 3983 τελεῖν
1295 3927 1346 3982 ἐν
1403 3928 1669 4008 κτίσματι,
1731 3929 1816 3984 καὶ

171 4025 198 4066 ι
227 4010 357 4091 οὐχὶ
412 4014 478 4068 τὰ
544 4016 643 4081 τῆς
679 4017 817 4079 θείας
868 4017 1071 4096 φύσεως
1128 4014 1239 4073 ἴδια
1293 4017 1380 4073 καὶ
1422 4015 1654 4097 ἐξαίρετα
1711 4024 1815 4073 τὼν

169 4116 191 4151 l
224 4103 432 4167 ταύτης
504 4102 638 4173 ὅρων
695 4102 879 4170 ἐξοίσει
918 4126 975 4161 τε
1023 4107 1111 4162 καὶ
1165 4119 1441 4186 χαριεῖται
1500 4112 1567 4183 τῇ
1621 4109 1811 4180 κτίσει,

167 4206 188 4239 α
225 4189 299 4251 ὡς
367 4192 581 4269 ὁρᾶσθαι
636 4192 826 4250 λοιπὸν
890 4196 951 4250 τὸ
1006 4192 1372 4273 παραλλάττον
1429 4192 1596 4268 οῦδὲν,
1628 4194 1815 4271 ἰσομέ-

169 4294 191 4330 ι
220 4300 368 4351 τρως
427 4277 482 4335 δὲ
545 4282 687 4339 εῖναι
749 4282 965 4360 λαμπρὰ
997 4284 1163 4339 κτίσιν
1192 4304 1249 4338 τε
1296 4285 1382 4339 καὶ
1430 4284 1601 4362 φύσιν,
1752 4285 1813 4339 τὸ

171 4389 195 4421 ι
225 4368 369 4424 κατὰ
410 4370 624 4427 πάντων
666 4370 833 4429 ἔνεστι
876 4374 1091 4450 κράτος.
1129 4389 1152 4422 ι

831 4554 1165 4616 Ἐπιστασία.

248 4673 270 4704 ι
303 4634 481 4703 υΙδιον
538 4643 752 4704 ἐνταῦθα
808 4656 898 4706 τοῦ
995 4652 1108 4706 Υἱοῦ
1187 4650 1276 4706 καὶ
1356 4650 1417 4705 τὸ
1487 4653 1700 4724 Πνεῦμα
1750 4648 1812 4704 τὸ

173 4731 411 4813 (ἅγιον,
485 4736 619 4791 καθὰ
687 4739 774 4793 καὶ
829 4748 935 4797 τοῦ
993 4739 1194 4818 Πατρος
1253 4736 1336 4794 διὰ
1391 4737 1453 4794 τὸ
1479 4738 1683 4793 ὲνιαϊον
1714 4742 1810 4803 τῆς

170 4843 190 4875 ε
224 4826 460 4904 φύσεως,
506 4827 567 4881 οῦ
608 4826 717 4902 μὴ)
761 4824 844 4883 διὰ
900 4829 997 4897 τὴν
1050 4828 1374 4907 ἐκπόρευσιν,
1411 4824 1727 4892 Ἐπίστησον
1758 4825 1811 4880 δὲ

167 4935 191 4966 ι
219 4910 480 4993 ἀκριϐῶς,
536 4921 649 4980 πῶς
693 4915 811 4973 ἔνθα
881 4924 971 4974 τοῦ
1035 4919 1154 4974 Υἱοῦ
1219 4917 1534 4993 μνημονεύει
1565 4919 1593 4972 6
1634 4915 1805 4993 ἅγιος,

166 5023 191 5054 ε
222 5004 385 5059 αὖτοῦ
428 5001 576 5082 λέγει
618 5006 679 5061 τὸ
721 5012 954 5083 Πνεῦμα,
988 5010 1075 5064 καὶ
1105 5009 1159 5063 ἐν
1216 5007 1382 5085 αὐτῷ,
1413 5008 1499 5061 καὶ
1543 5004 1610 5061 δι’
1656 5008 1810 5063 αὐτοῦ

167 5108 193 5147 ε
222 5091 350 5148 ἔνθα
401 5090 458 5146 δὲ
525 5099 618 5150 τοῦ
663 5097 887 5175 Πατρὸς,
936 5098 1025 5152 καὶ
1064 5097 1163 5161 τὴν
1225 5094 1276 5160 ἐξ
1318 5096 1623 5173 προστίθησι
1672 5095 1808 5174 πρό-

169 5196 197 5238 (
221 5183 369 5238 θεσιν
425 5183 497 5247 ὡς
542 5183 819 5247 κάνταῦθα,
850 5202 872 5233 Ι

809 5366 1132 5448 Ἀντίρῤησις
1142 5414 1153 5428 .

243 5454 463 5526 Ἐπειδὴ
506 5460 535 5514 6
563 5457 716 5537 ἅγιος
764 5458 913 5525 οὗτος
970 5459 1112 5540 λέγει
1154 5461 1215 5517 τό
1266 5466 1479 5536 Πνεῦμα
1531 5466 1623 5516 τοῦ
1690 5457 1809 5515 Υἱοῦ

170 5539 294 5603 ἴδιον
366 5547 536 5625 εἶναι,
599 5548 833 5628 καθάπερ
896 5539 1082 5625 ἀμέλει
1138 5550 1226 5605 καὶ
1280 5556 1371 5606 τοῦ
1428 5549 1652 5628 Πατρὸς,
1701 5546 1808 5625 ἐγώ

1916 3326 1943 3359 α
1981 3310 2035 3363 et
2068 3321 2137 3363 ex
2167 3301 2272 3362 Dei
2304 3320 2370 3362 ac
2394 3300 2579 3361 Patris
2609 3299 2934 3361 substantia
2966 3303 3324 3381 processerit
3344 3304 3546 3376 Filius,

1913 3419 1936 3451 ι
1967 3391 2016 3451 si
2048 3390 2285 3470 quidem
2318 3400 2402 3451 est
2438 3398 2498 3449 ut
2530 3392 2709 3469 Deus,
2744 3398 2802 3450 et
2830 3408 2947 3451 non
2978 3390 3131 3451 alius
3161 3390 3398 3471 quidem
3436 3394 3546 3455 ha-

1908 3509 1933 3542 ι
1970 3481 2113 3543 bitat
2139 3481 2199 3541 in
2232 3478 2401 3539 nobis
2431 3478 2673 3559 spiritus
2695 3478 3115 3559 ejus?Insuper
3142 3491 3200 3542 et
3231 3482 3343 3543 hoc
3375 3483 3546 3545 dixe-

1910 3600 1933 3630 ι
1967 3570 2079 3631 rim
2115 3588 2128 3631 :
2165 3568 2226 3630 Si
2257 3568 2508 3649 Spiritus
2544 3569 2647 3630 Dei
2680 3576 2735 3627 et
2768 3568 2977 3639 Patris,
3015 3568 3075 3628 in
3105 3588 3220 3649 quo
3277 3581 3544 3632 naturam

1910 3688 1932 3719 α
1965 3677 2194 3733 eorum,
2228 3676 2357 3738 quae
2406 3665 2468 3717 ut
2524 3658 2660 3731 sint,
2727 3656 2996 3737 producti
3038 3658 3458 3733 sunt,viviﬁcat
3484 3668 3546 3722 et

1909 3776 1932 3807 ι
1964 3748 2311 3821 sanctiﬁcat,
2350 3745 2620 3826 proprius
2651 3752 2741 3807 est
2770 3754 2828 3805 et
2851 3744 3007 3826 Filii,
3043 3746 3174 3826 quis
3230 3746 3289 3808 in
3322 3756 3541 3810 tantam

1909 3867 1931 3899 ε
1964 3836 2178 3898 mentis
2204 3835 2611 3897 confusionem
2644 3833 3001 3915 perveniret,
3034 3846 3099 3896 ut
3128 3836 3317 3917 sapiat
3338 3837 3427 3897 vel
3450 3836 3542 3899 lo-

1906 3954 1929 3987 c
1962 3935 2174 4002 quatur
2204 3926 2370 3985 illum
2395 3923 2685 3985 excidisse
2707 3942 2739 3985 a
2762 3923 3377 3986 consubstantialitate
3404 3945 3540 3987 cum

1909 4043 1930 4074 ι
1960 4018 2135 4078 Patre
2174 4033 2240 4075 ac
2276 4017 2416 4089 Deo,
2465 4021 2521 4073 et
2568 4013 2725 4074 inter
2769 4018 3073 4075 creaturas
3116 4031 3248 4075 esse
3286 4031 3298 4076 :
3332 4022 3390 4075 et
3419 4033 3540 4076 non

1903 4132 1927 4165 ι
1961 4124 2087 4184 qua;
2118 4103 2331 4164 divinae
2360 4109 2581 4163 naturae
2614 4103 2944 4182 propria,et
2974 4101 3219 4163 eximias
3250 4101 3413 4162 illius
3440 4103 3543 4164 de-

1900 4219 1926 4250 α
1959 4193 2259 4253 ﬁnitiones
2305 4191 2533 4252 deferat
2562 4198 2620 4251 et
2651 4191 2935 4267 largiatur
2982 4203 3293 4265 creaturae,
3348 4190 3428 4250 ita
3476 4199 3541 4251 ut

1904 4312 1926 4343 ι
1958 4281 2107 4342 nihil
2137 4281 2402 4342 videatur
2432 4279 2676 4352 variare,
2716 4279 2821 4340 sed
2850 4278 3140 4359 aequalem
3198 4296 3535 4338 mensuram

1896 4401 1918 4431 ι
1954 4370 2236 4451 prmclara
2265 4378 2531 4431 creatura
2553 4376 2614 4431 et
2645 4378 2872 4444 natura,
2908 4386 3041 4428 cum
3082 4385 3151 4429 ea
3172 4366 3269 4428 cui
3299 4373 3389 4427 est
3418 4366 3534 4426 im-

1897 4490 1920 4522 ι
1954 4459 2182 4541 perium
2209 4476 2388 4539 super
2418 4457 2637 4517 omnia.
2675 4484 2696 4515 ι

2470 4545 2954 4608 Αηὶηιαᾱυθνεὶο.

1985 4672 2004 4702 ι
2037 4639 2347 4720 Proprium
2386 4637 2484 4699 hic
2515 4638 2647 4700 Filii
2674 4636 2903 4718 appella
2934 4635 3214 4717 Spiritum
3240 4642 3536 4711 sanctum,

1904 4758 1925 4789 α
1960 4730 2167 4793 eadem
2196 4728 2426 4789 ratione
2452 4746 2565 4808 qua
2594 4737 2653 4789 et
2684 4725 2872 4789 Patris
2895 4724 3172 4806 proprius
3197 4731 3307 4799 est,
3352 4742 3536 4805 prop-

1898 4843 1923 4876 α
1959 4830 2046 4882 ter
2076 4837 2260 4881 unum
2327 4817 2602 4896 idemque
2633 4825 2879 4890 natura),
2918 4834 3033 4875 non
3066 4821 3259 4874 autem
3298 4821 3539 4893 propter

1902 4940 1924 4970 ι
1955 4908 2437 4991 processionem;
2473 4914 2530 4967 et
2558 4914 2832 4966 accurate
2872 4902 3345 4978 animadvertito,
3386 4920 3536 4981 qua-

1902 5029 1922 5060 ι
1958 4999 2210 5071 ratione,
2246 5015 2379 5058 cum
2410 4994 2631 5055 mentio
2663 4993 2798 5055 Filii
2830 4994 2913 5067 ﬁt,
2948 4998 3187 5055 sanctus
3212 4991 3373 5053 illius
3401 5008 3537 5052 esse

1898 5118 1920 5149 ι
1954 5088 2235 5168 Spiritum
2289 5085 2455 5166 dicit,
2504 5092 2560 5144 et
2614 5083 2676 5145 in
2731 5083 2858 5161 ipso
2892 5090 2950 5143 et
2982 5099 3088 5162 per
3132 5081 3366 5161 ipsum:
3398 5098 3535 5141 cum

1899 5209 1921 5240 α
1953 5196 2091 5240 vero
2123 5175 2332 5250 Patris,
2367 5193 2448 5237 ea:
2477 5171 2981 5255 praepositionem,
3007 5170 3091 5235 uti
3122 5171 3217 5232 hic
3248 5169 3434 5231 videri
3461 5169 3535 5229 li-

1898 5296 1919 5329 ‹
1954 5274 2070 5342 cet,
2105 5264 2473 5344 conjungita

2535 5355 2869 5435 Befulatio.

1971 5453 2459 5535 Quandoquidem
2491 5451 2590 5515 hic
2621 5458 2860 5513 sanctus
2886 5449 3069 5512 tradit
3095 5450 3381 5532 Spiritum
3405 5467 3539 5531 pro—

1893 5544 2086 5626 prium
2120 5541 2255 5603 Filii
2285 5540 2947 5623 esse,quemadmodum
2976 5540 3206 5603 scilicet
3229 5548 3288 5603 et
3318 5539 3539 5617 Patris,

239 5712 300 5765 8³
325 5716 529 5782 Matth.
560 5719 789 5798 '11,”.
834 5719 899 5773 84
923 5719 1107 5785 Marc.
1141 5733 1270 5797 xm,
1304 5718 1405 5784 11.
1448 5718 1513 5772 85
1539 5717 1716 5782 Rom.
1751 5730 1879 5802 vm,
1911 5714 1972 5781 9.
2018 5711 2083 5765 86
2111 5710 2136 5776 Ι
2161 5709 2315 5777 Joan
2342 5728 2420 5793 iv,
2454 5710 2553 5779 t3.
