4150 6292
548 364 666 434 527

1657 363 1868 432 ΙΟΑΝ.
1902 364 2124 431 VECCI
2154 362 2266 428 GP.
2298 357 2812 430 PATRIARCHIE

3800 360 3930 425 528

547 516 656 577 ego
707 498 913 578 utique
967 513 1320 571 assererem,
1381 495 1878 576 quemadmodum
1912 495 2187 576 proprius

2292 521 2431 579 ξημι,
2491 499 2570 556 ὅτι
2635 499 2815 576 ὥσπερ
2859 497 2996 554 ἴδιον
3051 505 3144 555 τοῦ
3197 501 3422 578 Πατρὸς,
3467 497 3556 554 διὰ
3611 500 3673 554 τὸ
3716 498 3774 553 ἐκ
3826 504 3928 554 τοῦ

547 585 740 648 Patris
784 593 894 662 est,
929 586 1087 668 quod
1121 605 1191 647 ex
1221 588 1390 646 Patre
1420 592 1530 658 est,
1591 584 1672 645 ita
1721 585 2024 665 proprium
2059 603 2188 645 esse

545 674 704 756 Filii,
740 674 895 756 quod
930 693 1034 754 per
1065 674 1277 736 Filium
1312 681 1424 735 est.
1482 677 1552 736 Et
1582 674 1668 735 sic
1698 673 2004 752 utriusque
2045 691 2186 754 pro-

547 766 711 844 prius
759 762 1038 843 Spiritus,
1102 763 1258 842 quod
1315 781 1383 822 ex
1441 768 1694 843 utroque
1754 760 2184 841 progrediatur.

548 850 714 923 Quod
747 849 818 924 si,
851 859 914 912 ut
947 859 1005 912 tu
1037 868 1270 932 quoque
1299 851 1539 926 astruis,
1574 850 1832 931 propriis
1877 850 2102 912 estFilii
2135 858 2191 910 et

547 937 741 1000 Patris
795 935 1049 1018 Spiritus
1105 946 1346 1018 propter
1404 957 1586 1000 unum
1633 939 1914 1019 idemque
1942 947 2186 1015 naturae,

549 1024 698 1088 mihi
728 1026 988 1104 profecto
1020 1043 1213 1106 neque
1246 1027 1302 1088 id
1333 1027 1630 1108 displicet.
1677 1026 1819 1088 Cum
1855 1030 2010 1088 enim
2047 1046 2186 1107 pro-

550 1115 742 1194 prium
773 1116 1110 1196 utriusque,
1142 1117 1301 1195 quod
1361 1134 1433 1176 ex
1482 1123 1734 1196 utroque
1795 1116 2188 1195 progreditur,

550 1202 690 1285 quia
715 1220 854 1263 vero
883 1201 955 1263 ab
987 1210 1240 1282 utroque
1270 1203 1808 1282 progreditur,ideo
1841 1211 1930 1264 est
1962 1213 2019 1265 et
2039 1202 2193 1264 Patri

551 1299 608 1351 et
638 1289 786 1353 Filio
819 1290 1361 1365 consubstantialis,
1396 1291 1498 1370 qui
1528 1293 1608 1354 ait
1668 1291 1970 1372 proprium
2023 1293 2192 1353 illum

551 1378 742 1440 Patris
774 1377 971 1440 etFilii
1003 1387 1245 1458 propter
1273 1398 1457 1440 unum
1489 1379 1767 1461 idemque
1793 1380 2194 1452 naturae,nihil

551 1467 785 1528 aberrat
812 1485 846 1528 a
865 1465 1133 1540 veritate,
1163 1466 1340 1528 etiam
1371 1467 1556 1546 magis
1601 1468 1996 1548 sophistarum
2033 1487 2194 1530 more

553 1573 892 1617 sermonem
922 1554 1266 1635 disponens,
1297 1555 1436 1619 inde
1467 1556 1857 1636 comprobare
1881 1557 2024 1637 vult,
2055 1565 2192 1636 '_non

554 1663 687 1707 esse
716 1643 1004 1724 Spiritum
1035 1645 1210 1705 etiam
1243 1662 1312 1706 ex
1343 1644 1514 1706 Filio.

870 1743 1167 1824 Ejusdem
1194 1763 1270 1808 ea:
1315 1746 1520 1808 eadem
1567 1748 1861 1809 oratione.

632 1836 1099 1900 XCIII.cSancta
1129 1848 1328 1900 autem
1361 1837 1667 1920 Scriptura
1694 1859 1802 1900 nos
1832 1839 2191 1920 alloquente:

559 1953 586 1984 α
619 1926 811 1990 Omne
838 1926 1059 1987 donum
1091 1926 1406 2001 bonum,et
1435 1947 1610 1990 omne
1634 1947 1848 1991 munus
1869 1928 2193 2009 perfectum

562 2040 587 2072 α
621 2016 931 2078 desursum
983 2027 1093 2092 est,
1149 2015 1521 2078 descendens
1552 2035 1586 2077 a
1639 2016 1809 2080 Patre
1877 2017 2192 2090 luminum,

560 2132 586 2166 ‹
620 2103 773 2185 apud
808 2122 984 2184 quem
1019 2121 1138 2164 non
1162 2113 1252 2165 est
1283 2106 1814 2181 transmutatio,vel
1849 2106 2194 2168 conversio-

565 2217 589 2250 α
622 2193 715 2254 nis
743 2191 1112 2254 adumbratio
1137 2193 1258 2267 87,»
1293 2194 1455 2256 unde
1484 2201 1652 2274 putas
1683 2194 1810 2274 ipse
1840 2193 2199 2255 distributio-

565 2306 588 2340 ι
628 2299 763 2343 nem
799 2279 1130 2342 divinarum
1157 2281 1653 2359 gratiarumnobis
1684 2283 1846 2345 fieri?
1871 2283 2082 2344 Herm.
2119 2281 2197 2342 Ex

566 2395 589 2429 ε
627 2368 750 2432 Ι)εο
781 2368 948 2430 Patre
977 2369 1229 2431 scilicet.
1267 2369 1618 2450 CyrilQuin
1651 2377 1708 2432 et
1729 2371 1947 2433 sanctis
1968 2379 2196 2450 aposto-

567 2459 698 2520 (lis
756 2457 1102 2519 auctoritate
1160 2477 1266 2520 sua
1342 2458 1526 2521 Dabat
1585 2459 1855 2523 Christus
1919 2460 2196 2521 virtutem

568 2572 596 2604 κ
632 2554 837 2609 contra
863 2546 1107 2625 spiritus
1135 2547 1495 2622 immundos,
1529 2548 1611 2608 ita
1639 2556 1701 2610 ut
1730 2549 2018 2628 ejicerent
2042 2549 2197 2622 illos,

565 2657 595 2696 ‹
634 2643 692 2696 et
737 2641 1020 2696 curarent
1049 2653 1256 2697 omnes
1286 2637 1546 2710 morbos,
1583 2648 1639 2698 et
1665 2656 1874 2699 omnes
1926 2638 2202 2716 langures

572 2747 596 2782 (ι
631 2727 694 2784 in
726 2722 964 2804 pepulo,
1000 2730 1058 2783 et
1087 2723 1240 2803 quod
1273 2723 1368 2786 his
1394 2724 1780 2786 excellentius
1809 2734 1916 2798 est,
1934 2725 2110 2787 etiam
2136 2734 2196 2786 ut

573 2831 599 2869 ι
634 2819 877 2892 possent
904 2813 1092 2891 ipsam
1126 2829 1352 2873 morem
1380 2816 1616 2874 vincere
1638 2812 2014 2875 divinissime
2042 2832 2195 2894 prae-

572 2921 597 2958 ιι
634 2900 790 2980 cepit
821 2899 1026 2961 dicens
1060 2919 1074 2959 :
1115 2925 1134 2952 ι
1170 2899 1441 2962 Inﬁrmos
1471 2909 1696 2978 curate,
1724 2909 1782 2963 et
1805 2913 2067 2964 mortuos
2098 2922 2196 2963 su-

573 3006 604 3046 ‹
633 2985 863 3060 scitate,
896 2986 1168 3066 leprosos
1199 2988 1502 3062 mundate,
1533 2989 1826 3052 daemonia
1855 2991 2054 3071 ejicite
2075 2992 2157 3071 88;
2177 3016 2196 3046 ι

572 3099 600 3132 α
636 3075 939 3137 confessus
971 3082 1062 3136 est
1078 3085 1273 3140 autem
1300 3095 1583 3158 perquam
1617 3079 1926 3142 manifeste
1951 3080 2208 3143 Joannes

569 3186 598 3220 α
633 3163 841 3225 dicens
875 3180 888 3224 :
927 3188 953 3218 α
980 3166 1065 3224 De
1098 3165 1470 3244 plenitudine
1494 3169 1624 3247 ejus
1655 3188 1762 3230 nos
1794 3188 2002 3230 omnes
2027 3188 2204 3231 accc-

575 3273 600 3309 α
635 3253 830 3334 pimus
853 3251 937 3313 89.
979 3278 1005 3308 »
1042 3252 1272 3315 Donum
1329 3265 1524 3317 autem
1587 3255 1832 3332 bonum,
1881 3267 1939 3319 et
1997 3277 2210 3319 munus

575 3365 598 3398 ι
641 3341 968 3421 perfectum
1001 3341 1190 3403 eritne
1219 3341 1380 3403 aliud
1413 3345 1740 3425 quidpiam,
1777 3347 1930 3427 quod
1982 3347 2087 3408 tibi
2117 3347 2207 3407 vi-

576 3455 603 3485 «
638 3431 832 3504 detur,
869 3448 1040 3511 quam
1075 3432 1422 3512 participem
1458 3434 1611 3495 {ierit
1668 3435 1924 3515 Spiritus
1974 3435 2212 3497 sancti?

578 3539 606 3575 «
641 3517 1040 3579 Herm.Nullo
1073 3519 1743 3598 modo.Cyril.Proinde
1773 3523 2207 3606 vide,obsecro,

579 3631 606 3663 α
640 3606 1042 3680 amice,etiam
1077 3625 1146 3668 cx
1174 3608 1265 3668 his
1298 3606 1510 3672 Filium
1547 3614 1851 3691 pret-rium
1878 3631 2047 3674 suum
2070 3612 2212 3674 insi-

579 3720 601 3751 «
641 3703 784 3766 tum,
820 3695 899 3754 ita
929 3702 990 3754 ut
1028 3714 1145 3755 non
1178 3697 1515 3779 adjiciatur,
1547 3699 1829 3780 Spiritum
1854 3709 2214 3780 sanctum,et

579 3808 606 3840 α
643 3801 749 3863 per
777 3801 950 3862 quem
983 3802 1159 3844 omne
1212 3785 1431 3846 donum
1467 3788 1687 3850 bonum
1719 3797 1828 3852 est.
1865 3791 2013 3852 Nam
2047 3799 2212 3871 post-

580 3895 602 3929 α
640 3891 814 3952 quam
837 3873 1164 3933 resurrexit
1191 3873 1491 3937 destructa
1520 3879 1920 3958 corruptione.
1943 3879 2218 3942 vinculis-

583 3985 606 4018 ι
647 3980 762 4040 que
795 3960 1001 4021 mortis
1050 3961 1327 4041 abjectis,
1362 3965 1658 4028 reducens
1689 3986 1796 4028 nos
1841 3967 1912 4028 ad
1945 3970 2212 4030 sanctiﬁ-

583 4071 606 4108 α
649 4049 938 4110 cationem
975 4058 1030 4113 et
1058 4052 1394 4130 primaevam
1429 4063 1650 4116 naturae
1680 4056 2210 4136 pulchritudinem,

583 4157 614 4200 ‹
644 4138 1142 4219 quemadmodum
1173 4141 1233 4200 in
1264 4142 1556 4224 principio
1573 4147 1810 4222 generis
1830 4147 2072 4208 humani
2095 4156 2218 4209 tra-

583 4252 611 4284 ¢
647 4228 796 4288 dens
821 4227 1105 4308 apostolis
1153 4229 1470 4292 insufﬂavit
1519 4232 1577 4293 in
1619 4233 1827 4295 faciem
1887 4252 2092 4296 eorum
2123 4236 2220 4297 di-

582 4340 610 4372 «
645 4333 789 4377 cens
822 4335 835 4376 :
878 4335 905 4374 ι
937 4317 1202 4396 Accipite
1251 4320 1533 4400 Spiritum
1566 4330 1833 4384 sanctum
1864 4323 1948 4383 90.
1986 4349 2012 4380 »
2049 4324 2221 4396 Quod

2273 591 2473 668 [ἰατρὸς
2518 588 2686 668 εἶναι,
2743 587 2907 651 οὕτως
2967 587 3098 644 ἴδιον
3127 590 3214 644 γαὶ
3245 599 3334 646 τοῦ
3387 590 3529 660 Υἰοῦ,
3575 585 3658 643 διὰ
3688 589 3747 643 τὸ
3774 589 3924 642 εἶναι

2271 675 2337 731 δι’
2405 677 2545 752 Υἱοῦ,
2589 677 2678 732 καὶ
2734 675 2921 731 λοιπὸν
2977 675 3110 733 ἴδιον
3182 675 3385 755 ἀμφοῖν
3439 677 3500 731 τὸ
3559 681 3794 750 Πνεῦμα,
3842 677 3922 737 ὡς

2271 767 2458 844 προϊὸν
2533 763 2584 830 ἐξ
2656 765 2879 844 ἀμφοῖν.
2955 767 3012 822 Εἰ
3067 764 3121 820 δὲ
3175 767 3260 820 καὶ
3299 768 3370 830 ὡς
3402 765 3464 820 σὺ
3495 765 3598 843 φὴς
3629 762 3764 820 ἴδιον
3796 767 3923 819 fio-3

2271 856 2358 910 καὶ
2413 856 2616 932 Πατρὸς
2671 855 2732 908 τὸ
2804 852 3014 926 [Ινεῦμα
3055 851 3137 908 διὰ
3167 854 3227 908 τὸ
3283 853 3484 909 ἒνιαῖον
3537 853 3633 919 τῆς
3682 853 3916 931 φύσεως,

2274 940 2386 998 οῦδὲ
2445 949 2599 999 τοῦτο
2629 964 2720 1018 μοι
2759 940 3139 1019 ἀπαράδεκτον.
3202 939 3350 998 Ἐπεὶ
3387 943 3485 1020 γὰρ
3516 939 3652 998 ἴδιον
3689 940 3916 1020 ἀμφοῖν,

2273 1030 2353 1086 ὅτι
2411 1031 2644 1109 πρόεισιν
2690 1028 2739 1094 ἐξ
2769 1029 2996 1109 ἀμφοῖν,
3029 1029 3114 1085 διὰ
3144 1027 3199 1086 δὲ
3228 1032 3289 1085 τὸ
3333 1029 3384 1095 ἐξ
3414 1030 3619 1109 ἀμφοῖν
3651 1030 3916 1108 προϊέναι,

2273 1121 2546 1194 ὁμοοόσιον
2579 1120 2686 1175 ἐστι
2748 1121 2906 1196 Πατρῖ
2961 1121 3049 1174 γαὶ
3129 1123 3253 1193 Υἱῴ,
3315 1122 3343 1174 ὁ
3386 1117 3554 1196 λέγων
3587 1118 3741 1189 ἴδιον,
3789 1119 3916 1173 αὑτὸ

2277 1210 2475 1288 Πατρὸς
2533 1209 2618 1263 καὶ
2677 1210 2790 1263 Υἱοῦ
2819 1206 2902 1263 διὰ
2959 1210 3019 1263 τὸ
3063 1207 3261 1264 ἐνιαῖον
3317 1214 3414 1275 τῆς
3461 1209 3664 1286 φύσεως
3695 1205 3835 1264 οῦδὲν
3863 1227 3918 1260 τι

2276 1294 2611 1375 διαμαρτάνει
2681 1297 2776 1361 τῆς
2848 1293 3120 1365 ἀληθεάς,
3206 1298 3248 1351 εἰ
3306 1297 3414 1369 καὶ,
3480 1295 3920 1374 σοφιστικώτερον

2278 1383 2671 1462 μετερχόμενος
2755 1385 2846 1438 τὸν
2916 1381 3096 1462 λόγον,
3169 1384 3399 1440 ἐντεῦθεν
3471 1382 3712 1459 βούλεται
3771 1383 3922 1460 τάχα

2276 1472 2660 1530 κατασκευάσαι
2751 1473 2828 1545 μὴ
2913 1472 3054 1527 εἶναι
3147 1475 3207 1528 τὸ
3277 1478 3487 1547 Πνεῦμα
3542 1474 3625 1528 καὶ
3712 1471 3771 1527 ἐκ
3828 1476 3926 1525 τοῦ

2281 1561 2419 1621 Υἱοῦ.

2743 1745 2846 1796 Τοῦ
2877 1742 3032 1796 αὐτοῦ
3061 1738 3118 1793 ἐκ
3145 1748 3238 1797 τοῦ
3267 1740 3443 1800 αῦτοῦ.

2361 1822 2487 1908 4Γ’.
2553 1860 2576 1891 α
2623 1830 2780 1911 Ἱεροῦ
2840 1831 2894 1887 δὲ
2952 1834 3087 1907 ἡμῖν
3143 1832 3526 1912 ἐπιφωνοῦντος
3586 1831 3923 1909 γράμματος,

2285 1940 2312 1979 ι
2343 1926 2492 1977 Πᾶσα
2549 1918 2690 1983 δόσις
2721 1920 2914 1997 ἀγαθὴ,
2948 1923 3033 1976 καὶ
3090 1927 3192 1976 πᾶν
3237 1919 3456 1998 δώρημα
3498 1919 3696 1976 τέλειον
3729 1918 3929 1974 ἄνωθέν

2284 2032 2311 2064 ε
2346 2009 2453 2065 ἐστι
2486 2006 2804 2065 καταϐαῖνον
2835 2007 2894 2064 ἐκ
2938 2016 3026 2065 τοῦ
3056 2011 3259 2087 Πατρὸς
3315 2017 3420 2065 τῶν
3458 2010 3666 2088 φώτων,
3714 2007 3837 2084 παρ’
3879 2009 3931 2078 ᾧ

2287 2121 2307 2154 ι
2346 2103 2437 2156 οὐκ
2492 2097 2600 2153 ἔστι
2659 2097 2978 2175 παραλλαγὴ
3043 2098 3078 2166 ἢ
3133 2099 3332 2176 τροπῆς
3377 2097 3733 2171 ἀποσκίασμα,
3765 2096 3930 2151 πόθεν

2286 2209 2312 2241 α
2348 2185 2408 2241 ἂν
2450 2187 2630 2260 ᾠήθης
2684 2187 2836 2248 αὒτὸς
2895 2186 2992 2252 τὴν
3036 2189 3140 2241 τῶν
3181 2188 3331 2242 θείων
3388 2189 3523 2261 ἡμῖν
3576 2184 3928 2264 χαρισμάτων

2288 2299 2314 2329 α
2347 2276 2660 2352 πράττεσθαι
2743 2272 2996 2350 διανομὴν
3035 2324 3048 2335 .
3131 2269 3394 2350 Ἐρμείας,
3469 2275 3565 2330 Ἐκ
3622 2280 3752 2330 Θεοῦ
3806 2279 3926 2327 Πα-

2285 2387 2308 2423 α
2341 2368 2460 2446 τρὸς
2523 2364 2790 2432 δηλονότι,
2826 2364 3103 2444 Κόριλλος.
3140 2368 3236 2424 Καὶ
3261 2367 3390 2443 ξμὴν
3419 2379 3535 2428 τοῖς
3565 2366 3730 2444 ἁγίοις
3783 2365 3924 2421 ἀπο-

2289 2478 2310 2509 ι
2348 2453 2555 2517 στόλοις
2608 2452 2692 2511 ἐπ’
2740 2453 2970 2519 ἐξουσίας
3027 2453 3188 2510 ἐδίδου
3243 2456 3338 2521 τὴν
3419 2457 3554 2511 κατὰ
3608 2454 3925 2528 πνευμάτων

2289 2567 2315 2598 α
2349 2543 2652 2621 ἀκαθάρτων
2716 2543 3006 2600 εὒσθένειαν
3083 2546 3111 2599 ὁ
3167 2545 3412 2624 Χριστὸς,
3457 2543 3592 2600 ὥστε
3651 2541 3930 2598 ἐκϐάλλειν

2289 2655 2316 2686 α
2351 2633 2481 2688 αὒτά
2537 2631 2623 2686 καὶ
2665 2631 2963 2709 θεραπεὺειν
3011 2637 3184 2687 πᾶσαν
3241 2632 3414 2706 νόσον,
3463 2634 3548 2688 καὶ
3609 2637 3780 2688 πᾶσαν
3811 2652 3929 2706 μα-

2293 2741 2316 2775 (ι
2349 2720 2535 2776 λακίαν
2583 2722 2637 2774 ἒν
2705 2726 2780 2792 τῷ
2822 2718 3090 2797 λαῷμκαὶ
3134 2720 3201 2786 τὴ
3232 2719 3308 2776 ἔτι
3353 2723 3548 2777 τούτων
3590 2722 3926 2800 ῦπερτεροῦν,

2287 2831 2310 2864 ε
2345 2811 2433 2865 καὶ
2481 2813 2637 2867 αὐτοῦ
2699 2805 2940 2863 δύνασθαι
2983 2807 3264 2868 καταθλεῖν
3318 2811 3540 2866 θανάτου
3582 2808 3929 2880 διεκελεύετο,

2287 2922 2311 2953 σ
2346 2897 2765 2974 θεοπρεπέστατα
2835 2895 3028 2974 λέγων,
3081 2922 3103 2952 ε
3165 2896 3534 2964 Ἀσθενοῦντας
3592 2901 3926 2979 θεραπεύετε,

2292 3011 2320 3042 α
2353 2989 2437 3043 καὶ
2509 2986 2720 3064 νεκροὺς
2773 2984 3018 3064 ἐγείρετε,
3090 2984 3320 3065 λεπροὺς
3374 2989 3698 3067 καθαρίζετε,
3733 2986 3931 3062 δαιμό-

2295 3099 2324 3132 α
2356 3099 2438 3132 νια
2499 3071 2800 3149 ἐκϐάλλετε,
2839 3103 2862 3136 ι
2897 3072 3266 3154 διωμολόγηκέ
3311 3099 3366 3132 τε
3423 3079 3511 3133 καὶ
3578 3076 3719 3152 μάλα
3745 3077 3928 3155 σαφῶς

2297 3189 2320 3220 α
2357 3167 2385 3220 ὁ
2441 3163 2712 3226 θεσπέσιος
2756 3159 3006 3229 Ἰωάννης
3036 3162 3230 3242 λέγων,
3277 3164 3357 3220 ὅτι
3397 3187 3419 3218 ι
3446 3163 3542 3223 Ἐκ
3579 3176 3671 3224 τοῦ
3699 3163 3927 3242 πληρώ-

2295 3279 2318 3310 α
2355 3275 2520 3330 ματος
2565 3254 2721 3308 αὐτοῦ
2789 3250 2980 3314 πάντες
3038 3255 3200 3328 ἡμεῖς
3258 3251 3537 3330 ἐλάϐομεν.
3575 3275 3601 3310 ι
3663 3255 3816 3317 Δόσις
3876 3251 3933 3309 δὲ

2299 3365 2320 3398 α
2359 3343 2531 3420 ἀγαθὴ
2573 3342 2662 3398 καὶ
2705 3337 2926 3419 δώρημα
2979 3340 3179 3398 τέλειον
3224 3341 3314 3410 εἴη
3359 3343 3420 3399 ἂν
3475 3343 3650 3423 ἕτερον
3677 3365 3752 3418 τι,
3797 3342 3936 3399 κατά

2298 3453 2322 3489 ιι
2355 3452 2416 3509 γε
2479 3432 2540 3486 τὸ
2583 3430 2724 3504 αὒτῷ
2753 3451 2835 3484 σοι
2865 3428 3070 3511 δοκοῦν,
3115 3431 3254 3500 πλὴν
3285 3431 3365 3488 ὅτι
3409 3455 3487 3490 τοι
3513 3435 3575 3489 τὸ
3605 3430 3936 3511 μεταλαχειν

2296 3542 2323 3574 α
2359 3521 2503 3600 ἀγίου
2546 3519 2901 3596 Πνεύματος;
2978 3513 3245 3599 Ἑρμείας.
3316 3520 3593 3599 Οὐδαμῶς,
3655 3520 3934 3600 Κύριλλος.

2302 3632 2326 3667 (ι
2363 3599 2551 3685 ’Ἄθρει
2603 3605 2668 3674 δὴ
2700 3607 2785 3664 οὖν
2830 3609 2917 3664 καὶ
2959 3606 3042 3663 διὰ
3073 3609 3292 3685 τούτων,
3327 3612 3372 3664 ὦ
3412 3612 3549 3684 ἡμῖν
3607 3599 3850 3690 φιλότης,
3883 3609 3937 3675 ἐξ

2301 3695 2482 3755 «ἰδίου
2537 3694 2894 3774 πληρώματος
2964 3697 3215 3775 προϊέντα
3279 3700 3368 3754 τὸν
3422 3701 3539 3755 Υἱὸν
3566 3701 3628 3754 τὸ
3655 3697 3788 3756 ἴδιον
3833 3702 3938 3756 αὖ-

2301 3813 2324 3844 α
2358 3792 2470 3856 τοῦ,
2529 3786 2615 3840 καὶ
2703 3781 3086 3852 ἀναποϐλητως
3141 3789 3445 3868 ἒμπεφυκὸς
3494 3787 3643 3866 ἅγιον
3696 3793 3932 3868 Πνεῦμα,

2308 3903 2330 3933 ι
2361 3873 2426 3930 δι’
2470 3872 2528 3929 οὗ
2584 3878 2728 3930 πᾶσα
2783 3871 2922 3936 δόσις
2995 3874 3189 3954 ἀγαθή,
3234 3877 3384 3934 Ἐπεὶ
3437 3878 3535 3956 γὰρ
3585 3874 3796 3954 ἀνεϐίω,
3828 3900 3937 3934 κα-

2301 3989 2327 4024 (
2363 3961 2590 4025 ταλόσας
2657 3963 2754 4028 τὴν
2812 3963 3021 4043 φθορὰν,
3085 3966 3172 4021 καὶ
3226 3979 3340 4029 τοῖς
3394 3976 3487 4025 τοῦ
3536 3967 3756 4022 θανάτου
3811 3965 3941 4022 δεσ-

2301 4078 2326 4112 (
2362 4063 2487 4128 μοῖς
2596 4049 2845 4128 ὲῤῥωσθαι
2942 4054 3162 4134 φράσας,
3261 4057 3585 4132 ἀνακομίζων
3655 4058 3796 4128 ἡμᾶς
3864 4059 3939 4122 εἰς

2309 4163 2330 4192 ι
2363 4140 2631 4219 ἀγιασμδν
2665 4142 2752 4196 καὶ
2815 4143 2876 4196 τὸ
2905 4141 3137 4222 ἀρχαῖον
3194 4145 3289 4212 τῆς
3345 4146 3547 4225 φύσεως
3591 4144 3808 4216 κάλλος,
3833 4169 3942 4203 κα-

2309 4257 2332 4287 ι
2363 4229 2526 4308 θάπερ
2583 4227 2636 4282 ἐν
2692 4229 2913 4308 ἀπαρχῇ
2979 4232 3071 4288 τοῦ
3113 4233 3294 4310 γένους
3343 4234 3562 4296 ἀντιθεὶς
3621 4247 3738 4298 τοῖς
3793 4235 3941 4292 ἀπο-

2306 4345 2331 4379 (
2366 4316 2598 4387 στόλοις,
2631 4315 2943 4396 ἐνεφύσησεν
2987 4322 3058 4383 εἷς
3096 4323 3157 4377 τὸ
3201 4323 3483 4401 πρόσωπον
3512 4324 3680 4380 αὐτῶν
3723 4322 3893 4400 λέγων
3927 4341 3941 4354 ·

586 4427 610 4461 ι
645 4411 766 4464 sest
818 4422 1075 4484 superne
1106 4413 1161 4467 et
1191 4425 1225 4467 a
1276 4410 1448 4470 Patre
1500 4429 1676 4472 omne
1733 4410 1953 4473 donum
1986 4414 2202 4492 perfec-

2311 4435 2334 4466 ι
2368 4403 2564 4462 Λάϐετε
2607 4412 2817 4482 Πνεῦμα
2884 4408 3058 4487 ἅγιον,
3116 4433 3137 4464 ι
3177 4409 3326 4468 Ἀλλ’
3384 4412 3536 4490 εἴπερ
3581 4413 3717 4469 ἐστὶν
3749 4411 3945 4470 ἄνωθέν

587 4518 612 4551 α
648 4501 769 4554 tum
801 4502 1080 4573 operatur
1109 4503 1303 4557 autem
1335 4498 1545 4560 horum
1591 4499 2070 4562 distributionem
2103 4522 2202 4564 nor

2314 4523 2339 4556 ‹
2367 4518 2424 4552 τε
2483 4499 2569 4552 καὶ
2650 4499 2790 4576 παρά
2843 4507 2936 4554 τοῦ
3012 4504 3214 4580 Πατρὸς
3269 4508 3372 4558 πᾶν
3431 4501 3651 4581 δώρημα
3719 4502 3943 4578 τέλειον,

587 4607 612 4642 ‹
646 4589 712 4642 ut
740 4581 1013 4644 minister
1039 4583 1248 4657 Filius,
1274 4587 1380 4647 sed
1408 4589 1753 4650 auctoritate
1777 4589 1971 4670 potius
2001 4590 2221 4666 divina,

2317 4613 2338 4644 ι
2371 4585 2574 4663 ἐνεργεῖ
2626 4583 2680 4640 δὲ
2737 4587 2833 4652 τὴν
2886 4588 3082 4644 τούτων
3129 4588 3384 4665 διανομὴν
3441 4593 3500 4647 οῦ
3553 4589 3858 4654 διακονικῶς
3919 4595 3948 4648 ὁ

589 4694 617 4726 α
652 4689 904 4751 quonam
941 4675 1119 4735 modo
1151 4684 1356 4755 postea
1383 4677 1662 4752 cessabit,
1697 4688 1760 4738 ut
1790 4697 1907 4739 non
1939 4679 2015 4740 sit
2063 4700 2202 4760 qum

2311 4702 2337 4738 ε
2371 4676 2514 4748 Υἱὸς,
2572 4677 2626 4729 ὲν
2681 4674 2884 4747 ἕξουσίᾳ
2967 4676 3020 4732 δὲ
3079 4677 3281 4752 μᾶλλον
3338 4686 3406 4756 τῇ
3476 4683 3779 4758 θεοπρεπεῖ,
3811 4683 3950 4737 κατά

592 4783 616 4820 ιι
655 4767 744 4821 est
773 4761 1102 4824 secundum
1138 4771 1432 4841 naturam,
1468 4765 1527 4827 id
1561 4767 1717 4847 quod
1754 4775 1842 4829 est
1870 4768 1943 4841 is,
1969 4769 2224 4848 quieum

2401 4764 2483 4790 ξ...
2543 4761 2597 4790 ὶλ
2689 4763 2779 4790 ξίη.
2839 4764 2986 4790 κομι
3097 4767 3111 4790 1
3172 4789 3177 4790 ,
3274 4767 3335 4790 1r,
3503 4770 3512 4786 ο
3769 4778 3790 4787 ν
3918 4772 3930 4788 ι

2401 4764 2414 4784 κ
2546 4763 2569 4780 ’κ
2691 4763 2714 4784 ν
2970 4768 2983 4786 \
3296 4767 3316 4790 Γ
3503 4770 3512 4786 Ι
3769 4778 3790 4787 ν
3918 4772 3930 4788 \

2318 4793 2338 4824 ι
2369 4785 2484 4820 τινα
2541 4763 2606 4829 δὴ
2684 4785 2783 4842 αρα
2839 4764 3025 4822 λοιπον
3089 4767 3366 4846 ἀφεστήςει
3422 4791 3638 4847 τρόπον,
3705 4791 3793 4826 του
3866 4794 3947 4846 μη

594 4871 618 4905 α
654 4849 884 4938 genuit,
922 4869 1093 4912 verus
1125 4852 1358 4915 scilicet
1391 4855 1568 4928 Deus,
1617 4865 1675 4918 et
1731 4876 1848 4917 non
1880 4858 2197 4920 adulterini

2317 4880 2340 4912 ι
2370 4853 2510 4909 εἶναι
2563 4854 2696 4909 κατά
2767 4855 2917 4934 φύσιν
2959 4857 3097 4913 τοῦθ’
3147 4856 3274 4938 ὅπερ
3309 4859 3446 4916 ἐστὶν
3493 4863 3520 4915 ὁ
3563 4863 3818 4937 γεννήσας
3850 4863 3950 4918 αῦ-

594 4959 623 4994 ι
655 4937 1010 5031 quibusdam
1062 4942 1392 5006 honoribus
1422 4944 1601 5006 veluti
1652 4945 1713 5007 in
1771 4945 1967 5008 tabula
2013 4947 2202 5010 obum'

2319 4970 2341 5001 ι
2373 4943 2486 5016 τὸν,
2534 4941 2775 5009 ἀληθινὸς
2846 4943 3088 5012 δηλονότι
3145 4937 3293 5028 Θεὸς,
3348 4949 3436 5003 καὶ
3491 4951 3551 5005 οῦ
3606 4949 3774 5014 νόθοις
3816 4951 3947 5031 τισὶ,

596 5048 619 5083 ι
657 5025 883 5089 bratus.
923 5053 947 5086 ι

1150 5122 1333 5183 Anim
1343 5122 1644 5186 adversio.

679 5231 708 5264 α
729 5208 968 5272 Attento
999 5211 1197 5273 animo
1229 5213 1386 5276 dicta
1417 5216 2086 5299 considerato,desuper
2105 5238 2236 5283 esse

600 5320 628 5352 α
664 5313 699 5358 a
738 5299 905 5359 Patre
930 5318 1104 5362 omne
1122 5321 1337 5364 munus
1359 5306 1920 5384 perfectum,eorum
1939 5327 2075 5369 vero
2107 5309 2230 5370 dis-

2321 5057 2342 5087 σ
2374 5032 2604 5108 καθάπερ
2635 5031 2688 5086 ἐν
2717 5032 2892 5090 πίνακι
2922 5036 3404 5115 κατακεχρισμένος
3448 5052 3634 5114 τιμαῖς
3670 5058 3686 5115 ;
3719 5062 3741 5093 ι

2962 5127 3292 5194 Ἐπιστασία,

2407 5247 2428 5276 ι
2462 5227 2742 5299 Νουνεχῶς
2799 5221 3020 5279 ἄκουσον
3089 5224 3283 5280 ἄνωθεν
3336 5225 3431 5300 μὲν
3487 5227 3626 5283 εἶναι
3670 5227 3812 5304 παρά
3863 5236 3958 5286 τοῦ

2322 5347 2346 5370 ι
2380 5311 2582 5384 Πατρὸς
2652 5317 2755 5365 πᾶν
2839 5309 3057 5391 δώρημα
3137 5312 3360 5391 τέλειον,
3437 5314 3668 5394 ἐνεργεῖν
3722 5315 3776 5371 δὲ
3855 5318 3957 5385 τὴν

603 5408 628 5444 ιι
662 5385 1048 5480 tributionem
1079 5389 1292 5480 Filium
1328 5412 1446 5454 non
1481 5393 1566 5455 uti
1599 5394 1956 5472 ministrum,
1991 5397 2096 5459 sed
2129 5416 2202 5458 au

2327 5427 2350 5460 ε
2382 5399 2580 5454 τούτων
2642 5385 2923 5475 διανομὴν-
2965 5385 3054 5458 τὸν
3123 5404 3263 5479 Υἱὸν,
3325 5385 3383 5459 όῦ
3438 5385 3769 5480 διακδνικῶς,
3835 5405 3955 5463 ἀλλ’

605 5500 627 5531 ι
660 5474 930 5537 ctoritate
960 5497 1066 5540 sua
1094 5478 1179 5540 uti
1206 5478 1394 5542 Deum
1430 5484 1684 5562 operari.

2329 5513 2352 5546 ι
2385 5487 2808 5564 ἐξουσιαστικῶς,
2855 5492 2927 5555 ὡς
2972 5491 3122 5550 Θεόν.
3159 5508 3184 5540 υ

678 5643 742 5696 87
769 5640 976 5708 Jaceb.
1010 5663 1053 5725 ι,
1090 5647 1186 5711 17.
1232 5649 1296 5701 88
1325 5648 1526 5715 Matth.
1560 5669 1625 5729 Χ,
1659 5653 1718 5718 8.
1758 5653 1822 5704 89
1849 5655 2017 5718 Joan.
2052 5671 2094 5733 I,
2126 5656 2202 5717 16

2292 5658 2333 5709 ιο
2360 5659 2530 5718 Joan.
2568 5673 2667 5731 xx,
2713 5656 2813 5721 22.
