  <div class='ocr_page' id='page_1' title='image "/cluster/home/n/w/nwhite01/storage/ocr_20150623/141/mdp.39015078384206/272.png"; bbox 0 0 4180 6282; ppageno 0'>
   <div class='ocr_carea' id='block_1_1' title="bbox 3534 331 3652 400">
    <p class='ocr_par' dir='ltr' id='par_1_1' title="bbox 3534 331 3652 400">
     <span class='ocr_line' id='line_1_1' title="bbox 3534 331 3652 400; baseline -0.008 0"><span class='ocrx_word' id='word_1_1' title='bbox 3534 331 3652 400; x_wconf 84' lang='grc'>530</span> 
     </span>
    </p>
   </div>
   <div class='ocr_carea' id='block_1_2' title="bbox 279 343 2631 416">
    <p class='ocr_par' dir='ltr' id='par_1_2' title="bbox 279 343 2631 416">
     <span class='ocr_line' id='line_1_2' title="bbox 279 343 2631 416; baseline -0.004 -4"><span class='ocrx_word' id='word_1_2' title='bbox 279 346 398 413; x_wconf 77' lang='grc'>529</span> <span class='ocrx_word' id='word_1_3' title='bbox 1322 354 1403 416; x_wconf 93' lang='lat' dir='ltr'>IN</span> <span class='ocrx_word' id='word_1_4' title='bbox 1447 350 1840 416; x_wconf 77' lang='lat' dir='ltr'>CAMATERI</span> <span class='ocrx_word' id='word_1_5' title='bbox 1883 343 2631 408; x_wconf 81' lang='lat' dir='ltr'>ANIMADVERSIONES.</span> 
     </span>
    </p>
   </div>
   <div class='ocr_carea' id='block_1_3' title="bbox 933 473 1945 560">
    <p class='ocr_par' dir='ltr' id='par_1_3' title="bbox 933 479 1280 560">
     <span class='ocr_line' id='line_1_3' title="bbox 933 479 1280 560; baseline -0.006 -21"><span class='ocrx_word' id='word_1_6' title='bbox 933 479 1280 560; x_wconf 78' lang='grc' dir='ltr'>Ἀντίῤῥησις,</span> 
     </span>
    </p>
   </div>
   <div class='ocr_carea' id='block_1_4' title="bbox 2037 473 3003 560">
    <p class='ocr_par' dir='ltr' id='par_1_4' title="bbox 2671 473 3003 552">
     <span class='ocr_line' id='line_1_4' title="bbox 2671 473 3003 552; baseline -0.012 -16"><span class='ocrx_word' id='word_1_7' title='bbox 2671 473 3003 552; x_wconf 83' lang='lat' dir='ltr'>Refutatio.</span> 
     </span>
    </p>
   </div>
   <div class='ocr_carea' id='block_1_5' title="bbox 365 563 1945 654">
    <p class='ocr_par' dir='ltr' id='par_1_5' title="bbox 365 575 1930 654">
     <span class='ocr_line' id='line_1_5' title="bbox 365 575 1930 654; baseline 0.001 -22"><span class='ocrx_word' id='word_1_8' title='bbox 365 575 465 632; x_wconf 81' lang='grc' dir='ltr'>Καί</span> <span class='ocrx_word' id='word_1_9' title='bbox 497 575 546 631; x_wconf 86' lang='grc' dir='ltr'>τί</span> <span class='ocrx_word' id='word_1_10' title='bbox 574 597 655 631; x_wconf 92' lang='grc' dir='ltr'>σοι</span> <span class='ocrx_word' id='word_1_11' title='bbox 699 576 843 654; x_wconf 77' lang='grc' dir='ltr'>τάχα</span> <span class='ocrx_word' id='word_1_12' title='bbox 871 577 931 631; x_wconf 81' lang='grc' dir='ltr'>τὸ</span> <span class='ocrx_word' id='word_1_13' title='bbox 987 575 1046 631; x_wconf 76' lang='grc' dir='ltr'>ἐκ</span> <span class='ocrx_word' id='word_1_14' title='bbox 1075 582 1172 643; x_wconf 78' lang='grc' dir='ltr'>τῆς</span> <span class='ocrx_word' id='word_1_15' title='bbox 1245 576 1550 640; x_wconf 71' lang='grc' dir='ltr'>ἐπιστασίας</span> <span class='ocrx_word' id='word_1_16' title='bbox 1609 576 1716 633; x_wconf 80' lang='grc' dir='ltr'>ἐστὶ</span> <span class='ocrx_word' id='word_1_17' title='bbox 1768 599 1930 634; x_wconf 87' lang='grc' dir='ltr'>συνα-</span> 
     </span>
    </p>
   </div>
   <div class='ocr_carea' id='block_1_6' title="bbox 2037 563 3655 654">
    <p class='ocr_par' dir='ltr' id='par_1_6' title="bbox 2091 563 3655 647">
     <span class='ocr_line' id='line_1_6' title="bbox 2091 563 3655 647; baseline -0.003 -15"><span class='ocrx_word' id='word_1_18' title='bbox 2091 572 2202 644; x_wconf 90' lang='lat' dir='ltr'>Qui</span> <span class='ocrx_word' id='word_1_19' title='bbox 2227 590 2365 634; x_wconf 87' lang='lat' dir='ltr'>vero</span> <span class='ocrx_word' id='word_1_20' title='bbox 2399 571 2506 634; x_wconf 92' lang='lat' dir='ltr'>tibi</span> <span class='ocrx_word' id='word_1_21' title='bbox 2532 591 2604 633; x_wconf 84' lang='lat' dir='ltr'>ex</span> <span class='ocrx_word' id='word_1_22' title='bbox 2631 573 2742 634; x_wconf 89' lang='lat' dir='ltr'>hac</span> <span class='ocrx_word' id='word_1_23' title='bbox 2771 567 3288 633; x_wconf 84' lang='lat' dir='ltr'>animadversione</span> <span class='ocrx_word' id='word_1_24' title='bbox 3318 563 3655 647; x_wconf 80' lang='lat' dir='ltr'>colligitur?</span> 
     </span>
    </p>
   </div>
   <div class='ocr_carea' id='block_1_7' title="bbox 295 655 1945 741">
    <p class='ocr_par' dir='ltr' id='par_1_7' title="bbox 295 661 1932 740">
     <span class='ocr_line' id='line_1_7' title="bbox 295 661 1932 740; baseline 0.001 -23"><span class='ocrx_word' id='word_1_25' title='bbox 295 662 572 740; x_wconf 76' lang='grc' dir='ltr'>γόμενον;</span> <span class='ocrx_word' id='word_1_26' title='bbox 639 661 734 718; x_wconf 80' lang='grc' dir='ltr'>Ἐκ</span> <span class='ocrx_word' id='word_1_27' title='bbox 802 662 996 717; x_wconf 81' lang='grc' dir='ltr'>τούτων</span> <span class='ocrx_word' id='word_1_28' title='bbox 1041 662 1211 718; x_wconf 72' lang='grc' dir='ltr'>αὐτῶν</span> <span class='ocrx_word' id='word_1_29' title='bbox 1263 669 1366 718; x_wconf 78' lang='grc' dir='ltr'>τῶν</span> <span class='ocrx_word' id='word_1_30' title='bbox 1424 663 1477 719; x_wconf 83' lang='grc' dir='ltr'>ἐν</span> <span class='ocrx_word' id='word_1_31' title='bbox 1534 671 1603 740; x_wconf 76' lang='grc' dir='ltr'>τῇ</span> <span class='ocrx_word' id='word_1_32' title='bbox 1659 663 1932 736; x_wconf 74' lang='grc' dir='ltr'>ἐπιστασίᾳ</span> 
     </span>
    </p>
   </div>
   <div class='ocr_carea' id='block_1_8' title="bbox 2037 655 3654 741">
    <p class='ocr_par' dir='ltr' id='par_1_8' title="bbox 2037 655 3654 741">
     <span class='ocr_line' id='line_1_8' title="bbox 2037 655 3654 741; baseline -0.004 -20"><span class='ocrx_word' id='word_1_33' title='bbox 2037 661 2095 721; x_wconf 68' lang='lat' dir='ltr'>Bx</span> <span class='ocrx_word' id='word_1_34' title='bbox 2129 661 2221 722; x_wconf 90' lang='lat' dir='ltr'>his</span> <span class='ocrx_word' id='word_1_35' title='bbox 2251 680 2381 741; x_wconf 83' lang='lat' dir='ltr'>quae</span> <span class='ocrx_word' id='word_1_36' title='bbox 2411 661 2471 722; x_wconf 91' lang='lat' dir='ltr'>in</span> <span class='ocrx_word' id='word_1_37' title='bbox 2501 659 3019 722; x_wconf 84' lang='lat' dir='ltr'>animadversione</span> <span class='ocrx_word' id='word_1_38' title='bbox 3048 655 3452 730; x_wconf 73' lang='lat' dir='ltr'>continentur,</span> <span class='ocrx_word' id='word_1_39' title='bbox 3486 673 3654 716; x_wconf 91' lang='lat' dir='ltr'>com-</span> 
     </span>
    </p>
   </div>
   <div class='ocr_carea' id='block_1_9' title="bbox 290 742 1945 831">
    <p class='ocr_par' dir='ltr' id='par_1_9' title="bbox 290 749 1929 831">
     <span class='ocr_line' id='line_1_9' title="bbox 290 749 1929 831; baseline 0.004 -26"><span class='ocrx_word' id='word_1_40' title='bbox 290 749 821 828; x_wconf 79' lang='grc' dir='ltr'>ἐμπεριειλημμένων</span> <span class='ocrx_word' id='word_1_41' title='bbox 848 754 1021 808; x_wconf 83' lang='grc' dir='ltr'>κοινὸν</span> <span class='ocrx_word' id='word_1_42' title='bbox 1074 754 1274 831; x_wconf 81' lang='grc' dir='ltr'>Πατρὸς</span> <span class='ocrx_word' id='word_1_43' title='bbox 1319 755 1404 810; x_wconf 81' lang='grc' dir='ltr'>καὶ</span> <span class='ocrx_word' id='word_1_44' title='bbox 1463 755 1580 810; x_wconf 82' lang='grc' dir='ltr'>Υἱοῦ</span> <span class='ocrx_word' id='word_1_45' title='bbox 1609 755 1670 810; x_wconf 81' lang='grc' dir='ltr'>τὸ</span> <span class='ocrx_word' id='word_1_46' title='bbox 1721 760 1929 829; x_wconf 79' lang='grc' dir='ltr'>Πνεῦμα</span> 
     </span>
    </p>
   </div>
   <div class='ocr_carea' id='block_1_10' title="bbox 2037 742 3654 831">
    <p class='ocr_par' dir='ltr' id='par_1_10' title="bbox 2037 742 3654 828">
     <span class='ocr_line' id='line_1_10' title="bbox 2037 742 3654 828; baseline -0.003 -20"><span class='ocrx_word' id='word_1_47' title='bbox 2037 768 2253 810; x_wconf 90' lang='lat' dir='ltr'>nunem</span> <span class='ocrx_word' id='word_1_48' title='bbox 2273 768 2402 810; x_wconf 90' lang='lat' dir='ltr'>esse</span> <span class='ocrx_word' id='word_1_49' title='bbox 2435 749 2627 811; x_wconf 81' lang='lat' dir='ltr'>Patris</span> <span class='ocrx_word' id='word_1_50' title='bbox 2650 760 2706 810; x_wconf 90' lang='lat' dir='ltr'>et</span> <span class='ocrx_word' id='word_1_51' title='bbox 2732 749 2863 810; x_wconf 90' lang='lat' dir='ltr'>Filii</span> <span class='ocrx_word' id='word_1_52' title='bbox 2896 745 3210 828; x_wconf 84' lang='lat' dir='ltr'>Spiritum,</span> <span class='ocrx_word' id='word_1_53' title='bbox 3236 750 3507 808; x_wconf 85' lang='lat' dir='ltr'>sanctum</span> <span class='ocrx_word' id='word_1_54' title='bbox 3543 742 3654 804; x_wconf 87' lang='lat' dir='ltr'>de-</span> 
     </span>
    </p>
   </div>
   <div class='ocr_carea' id='block_1_11' title="bbox 293 838 1945 918">
    <p class='ocr_par' dir='ltr' id='par_1_11' title="bbox 293 838 816 917">
     <span class='ocr_line' id='line_1_11' title="bbox 293 838 816 917; baseline 0 -23"><span class='ocrx_word' id='word_1_55' title='bbox 293 839 321 894; x_wconf 85' lang='grc' dir='ltr'>ό</span> <span class='ocrx_word' id='word_1_56' title='bbox 349 838 502 917; x_wconf 75' lang='grc' dir='ltr'>ἅγιος</span> <span class='ocrx_word' id='word_1_57' title='bbox 537 838 791 896; x_wconf 81' lang='grc' dir='ltr'>δείκνυσιν</span> <span class='ocrx_word' id='word_1_58' title='bbox 802 884 816 899; x_wconf 90' lang='grc'><strong>.</strong></span> 
     </span>
    </p>
   </div>
   <div class='ocr_carea' id='block_1_12' title="bbox 2037 838 2768 918">
    <p class='ocr_par' dir='ltr' id='par_1_12' title="bbox 2037 839 2768 918">
     <span class='ocr_line' id='line_1_12' title="bbox 2037 839 2768 918; baseline 0.001 -20"><span class='ocrx_word' id='word_1_59' title='bbox 2037 845 2351 899; x_wconf 84' lang='lat' dir='ltr'>nonstrare</span> <span class='ocrx_word' id='word_1_60' title='bbox 2384 839 2626 918; x_wconf 89' lang='lat' dir='ltr'>planum</span> <span class='ocrx_word' id='word_1_61' title='bbox 2660 845 2768 899; x_wconf 92' lang='lat' dir='ltr'>est.</span> 
     </span>
    </p>
   </div>
   <div class='ocr_carea' id='block_1_13' title="bbox 434 925 1945 1010">
    <p class='ocr_par' dir='ltr' id='par_1_13' title="bbox 434 925 1782 1009">
     <span class='ocr_line' id='line_1_13' title="bbox 434 925 1782 1009; baseline 0 -23"><span class='ocrx_word' id='word_1_62' title='bbox 434 925 531 986; x_wconf 80' lang='grc' dir='ltr'>Ἐκ</span> <span class='ocrx_word' id='word_1_63' title='bbox 559 936 652 985; x_wconf 86' lang='grc' dir='ltr'>τοῦ</span> <span class='ocrx_word' id='word_1_64' title='bbox 682 927 833 986; x_wconf 76' lang='grc' dir='ltr'>ἕκτου</span> <span class='ocrx_word' id='word_1_65' title='bbox 861 929 1020 1008; x_wconf 83' lang='grc' dir='ltr'>λόγου</span> <span class='ocrx_word' id='word_1_66' title='bbox 1073 935 1168 996; x_wconf 75' lang='grc' dir='ltr'>τῆς</span> <span class='ocrx_word' id='word_1_67' title='bbox 1199 930 1360 996; x_wconf 69' lang='grc' dir='ltr'>αὐτῆς</span> <span class='ocrx_word' id='word_1_68' title='bbox 1399 932 1782 1009; x_wconf 81' lang='grc' dir='ltr'>πραγματείας.</span> 
     </span>
    </p>
   </div>
   <div class='ocr_carea' id='block_1_14' title="bbox 2037 925 3451 1010">
    <p class='ocr_par' dir='ltr' id='par_1_14' title="bbox 2216 928 3451 1010">
     <span class='ocr_line' id='line_1_14' title="bbox 2216 928 3451 1010; baseline -0.003 -20"><span class='ocrx_word' id='word_1_69' title='bbox 2216 929 2322 991; x_wconf 75' lang='lat' dir='ltr'>Ea:</span> <span class='ocrx_word' id='word_1_70' title='bbox 2348 936 2519 992; x_wconf 79' lang='lat' dir='ltr'>sexta</span> <span class='ocrx_word' id='word_1_71' title='bbox 2548 929 2779 1010; x_wconf 84' lang='lat' dir='ltr'>ejudem</span> <span class='ocrx_word' id='word_1_72' title='bbox 2817 928 3128 992; x_wconf 81' lang='lat' dir='ltr'>Tractalus</span> <span class='ocrx_word' id='word_1_73' title='bbox 3157 930 3451 989; x_wconf 76' lang='lat' dir='ltr'>oratione.</span> 
     </span>
    </p>
   </div>
   <div class='ocr_carea' id='block_1_15' title="bbox 371 1018 1945 1113">
    <p class='ocr_par' dir='ltr' id='par_1_15' title="bbox 371 1018 1929 1102">
     <span class='ocr_line' id='line_1_15' title="bbox 371 1018 1929 1102; baseline 0.003 -27"><span class='ocrx_word' id='word_1_74' title='bbox 371 1018 502 1095; x_wconf 58' lang='lat' dir='ltr'>(A&#39;.</span> <span class='ocrx_word' id='word_1_75' title='bbox 545 1045 567 1075; x_wconf 77' lang='grc' dir='ltr'>ι</span> <span class='ocrx_word' id='word_1_76' title='bbox 593 1023 740 1084; x_wconf 83' lang='grc' dir='ltr'>Τίνος</span> <span class='ocrx_word' id='word_1_77' title='bbox 773 1021 906 1079; x_wconf 79' lang='grc' dir='ltr'>ἴδιον</span> <span class='ocrx_word' id='word_1_78' title='bbox 941 1023 1082 1079; x_wconf 78' lang='grc' dir='ltr'>εἶναί</span> <span class='ocrx_word' id='word_1_79' title='bbox 1111 1045 1284 1102; x_wconf 71' lang='grc' dir='ltr'>φαμεν</span> <span class='ocrx_word' id='word_1_80' title='bbox 1329 1026 1389 1079; x_wconf 81' lang='grc' dir='ltr'>τὸ</span> <span class='ocrx_word' id='word_1_81' title='bbox 1420 1031 1631 1099; x_wconf 77' lang='grc' dir='ltr'>Πνεῦμα</span> <span class='ocrx_word' id='word_1_82' title='bbox 1662 1027 1722 1081; x_wconf 81' lang='grc' dir='ltr'>τὸ</span> <span class='ocrx_word' id='word_1_83' title='bbox 1754 1025 1929 1102; x_wconf 74' lang='grc' dir='ltr'>ἅγιον,</span> 
     </span>
    </p>
   </div>
   <div class='ocr_carea' id='block_1_16' title="bbox 2037 1018 3657 1113">
    <p class='ocr_par' dir='ltr' id='par_1_16' title="bbox 2097 1026 3657 1113">
     <span class='ocr_line' id='line_1_16' title="bbox 2097 1026 3657 1113; baseline -0.002 -22"><span class='ocrx_word' id='word_1_84' title='bbox 2097 1029 2238 1094; x_wconf 89' lang='lat' dir='ltr'>XCI.</span> <span class='ocrx_word' id='word_1_85' title='bbox 2279 1033 2503 1112; x_wconf 73' lang='lat' dir='ltr'>«Cujus</span> <span class='ocrx_word' id='word_1_86' title='bbox 2537 1032 2840 1113; x_wconf 89' lang='lat' dir='ltr'>proprium</span> <span class='ocrx_word' id='word_1_87' title='bbox 2890 1031 3149 1093; x_wconf 89' lang='lat' dir='ltr'>dicimus</span> <span class='ocrx_word' id='word_1_88' title='bbox 3197 1047 3328 1091; x_wconf 89' lang='lat' dir='ltr'>esse</span> <span class='ocrx_word' id='word_1_89' title='bbox 3374 1026 3657 1108; x_wconf 79' lang='lat' dir='ltr'>Spiritum</span> 
     </span>
    </p>
   </div>
   <div class='ocr_carea' id='block_1_17' title="bbox 296 1109 1945 1200">
    <p class='ocr_par' dir='ltr' id='par_1_17' title="bbox 296 1109 1936 1192">
     <span class='ocr_line' id='line_1_17' title="bbox 296 1109 1936 1192; baseline 0.002 -29"><span class='ocrx_word' id='word_1_90' title='bbox 296 1131 327 1163; x_wconf 70' lang='grc' dir='ltr'>α</span> <span class='ocrx_word' id='word_1_91' title='bbox 358 1109 580 1186; x_wconf 88' lang='grc' dir='ltr'>πότερον</span> <span class='ocrx_word' id='word_1_92' title='bbox 638 1109 702 1177; x_wconf 79' lang='grc' dir='ltr'>δὴ</span> <span class='ocrx_word' id='word_1_93' title='bbox 763 1111 924 1184; x_wconf 88' lang='grc' dir='ltr'>μόνου</span> <span class='ocrx_word' id='word_1_94' title='bbox 977 1118 1068 1168; x_wconf 81' lang='grc' dir='ltr'>τοῦ</span> <span class='ocrx_word' id='word_1_95' title='bbox 1112 1119 1242 1168; x_wconf 85' lang='grc' dir='ltr'>Θεοῦ</span> <span class='ocrx_word' id='word_1_96' title='bbox 1292 1113 1380 1168; x_wconf 80' lang='grc' dir='ltr'>καὶ</span> <span class='ocrx_word' id='word_1_97' title='bbox 1435 1115 1662 1192; x_wconf 73' lang='grc' dir='ltr'>Πατρὸς,</span> <span class='ocrx_word' id='word_1_98' title='bbox 1723 1113 1758 1180; x_wconf 75' lang='grc' dir='ltr'>ἢ</span> <span class='ocrx_word' id='word_1_99' title='bbox 1815 1120 1936 1190; x_wconf 88' lang='grc' dir='ltr'>γοῦν</span> 
     </span>
    </p>
   </div>
   <div class='ocr_carea' id='block_1_18' title="bbox 2037 1109 3659 1200">
    <p class='ocr_par' dir='ltr' id='par_1_18' title="bbox 2037 1109 3659 1200">
     <span class='ocr_line' id='line_1_18' title="bbox 2037 1109 3659 1200; baseline -0.002 -21"><span class='ocrx_word' id='word_1_100' title='bbox 2037 1128 2374 1194; x_wconf 77' lang='lat' dir='ltr'>Isanctum,</span> <span class='ocrx_word' id='word_1_101' title='bbox 2410 1109 2742 1200; x_wconf 75' lang='lat' dir='ltr'>utrumque</span> <span class='ocrx_word' id='word_1_102' title='bbox 2799 1120 2984 1181; x_wconf 91' lang='lat' dir='ltr'>solius</span> <span class='ocrx_word' id='word_1_103' title='bbox 3041 1118 3150 1182; x_wconf 87' lang='lat' dir='ltr'>Dei</span> <span class='ocrx_word' id='word_1_104' title='bbox 3207 1126 3265 1179; x_wconf 90' lang='lat' dir='ltr'>et</span> <span class='ocrx_word' id='word_1_105' title='bbox 3326 1116 3532 1196; x_wconf 85' lang='lat' dir='ltr'>Patris,</span> <span class='ocrx_word' id='word_1_106' title='bbox 3566 1115 3659 1176; x_wconf 87' lang='lat' dir='ltr'>vel</span> 
     </span>
    </p>
   </div>
   <div class='ocr_carea' id='block_1_19' title="bbox 291 1199 1945 1285">
    <p class='ocr_par' dir='ltr' id='par_1_19' title="bbox 291 1199 1939 1280">
     <span class='ocr_line' id='line_1_19' title="bbox 291 1199 1939 1280; baseline 0.001 -25"><span class='ocrx_word' id='word_1_107' title='bbox 291 1216 324 1255; x_wconf 70' lang='grc' dir='ltr'>α</span> <span class='ocrx_word' id='word_1_108' title='bbox 365 1199 454 1253; x_wconf 87' lang='grc' dir='ltr'>καὶ</span> <span class='ocrx_word' id='word_1_109' title='bbox 529 1205 621 1253; x_wconf 85' lang='grc' dir='ltr'>τοῦ</span> <span class='ocrx_word' id='word_1_110' title='bbox 703 1202 844 1272; x_wconf 78' lang='grc' dir='ltr'>Υἱοῦ,</span> <span class='ocrx_word' id='word_1_111' title='bbox 995 1201 1082 1256; x_wconf 77' lang='grc' dir='ltr'>καὶ</span> <span class='ocrx_word' id='word_1_112' title='bbox 1139 1199 1235 1256; x_wconf 72' lang='grc' dir='ltr'>ἄνα</span> <span class='ocrx_word' id='word_1_113' title='bbox 1292 1199 1448 1278; x_wconf 80' lang='grc' dir='ltr'>μέρος</span> <span class='ocrx_word' id='word_1_114' title='bbox 1528 1201 1770 1280; x_wconf 78' lang='grc' dir='ltr'>ἐκατέρου</span> <span class='ocrx_word' id='word_1_115' title='bbox 1852 1203 1939 1258; x_wconf 85' lang='grc' dir='ltr'>καὶ</span> 
     </span>
    </p>
   </div>
   <div class='ocr_carea' id='block_1_20' title="bbox 2037 1199 3656 1285">
    <p class='ocr_par' dir='ltr' id='par_1_20' title="bbox 2037 1199 3656 1285">
     <span class='ocr_line' id='line_1_20' title="bbox 2037 1199 3656 1285; baseline -0.001 -21"><span class='ocrx_word' id='word_1_116' title='bbox 2037 1235 2050 1264; x_wconf 80' lang='lat' dir='ltr'>r</span> <span class='ocrx_word' id='word_1_117' title='bbox 2084 1206 2258 1267; x_wconf 87' lang='lat' dir='ltr'>etiam</span> <span class='ocrx_word' id='word_1_118' title='bbox 2281 1207 2436 1283; x_wconf 84' lang='lat' dir='ltr'>Filii,</span> <span class='ocrx_word' id='word_1_119' title='bbox 2463 1209 2552 1269; x_wconf 92' lang='lat' dir='ltr'>vel</span> <span class='ocrx_word' id='word_1_120' title='bbox 2585 1199 2834 1270; x_wconf 20' lang='lat' dir='ltr'>seiorsim</span> <span class='ocrx_word' id='word_1_121' title='bbox 2896 1206 3162 1285; x_wconf 86' lang='lat' dir='ltr'>alterius,</span> <span class='ocrx_word' id='word_1_122' title='bbox 3213 1214 3274 1266; x_wconf 91' lang='lat' dir='ltr'>et</span> <span class='ocrx_word' id='word_1_123' title='bbox 3319 1202 3656 1276; x_wconf 84' lang='lat' dir='ltr'>amborum,</span> 
     </span>
    </p>
   </div>
   <div class='ocr_carea' id='block_1_21' title="bbox 297 1285 1945 1376">
    <p class='ocr_par' dir='ltr' id='par_1_21' title="bbox 297 1285 1936 1367">
     <span class='ocr_line' id='line_1_21' title="bbox 297 1285 1936 1367; baseline 0.005 -29"><span class='ocrx_word' id='word_1_124' title='bbox 297 1307 321 1338; x_wconf 76' lang='grc' dir='ltr'>ι</span> <span class='ocrx_word' id='word_1_125' title='bbox 356 1285 584 1366; x_wconf 70' lang='grc' dir='ltr'>ἀμφοῖν,</span> <span class='ocrx_word' id='word_1_126' title='bbox 627 1290 700 1350; x_wconf 82' lang='grc' dir='ltr'>ὡς</span> <span class='ocrx_word' id='word_1_127' title='bbox 730 1287 781 1344; x_wconf 81' lang='grc' dir='ltr'>ἕν</span> <span class='ocrx_word' id='word_1_128' title='bbox 814 1287 873 1345; x_wconf 81' lang='grc' dir='ltr'>ἐκ</span> <span class='ocrx_word' id='word_1_129' title='bbox 917 1291 1118 1367; x_wconf 77' lang='grc' dir='ltr'>Πατρὸς</span> <span class='ocrx_word' id='word_1_130' title='bbox 1149 1287 1216 1344; x_wconf 83' lang='grc' dir='ltr'>δι’</span> <span class='ocrx_word' id='word_1_131' title='bbox 1276 1293 1392 1346; x_wconf 79' lang='grc' dir='ltr'>ι’ἱοῦ</span> <span class='ocrx_word' id='word_1_132' title='bbox 1449 1289 1535 1346; x_wconf 78' lang='grc' dir='ltr'>διὰ</span> <span class='ocrx_word' id='word_1_133' title='bbox 1589 1291 1686 1356; x_wconf 75' lang='grc' dir='ltr'>τὴν</span> <span class='ocrx_word' id='word_1_134' title='bbox 1741 1290 1936 1350; x_wconf 83' lang='grc' dir='ltr'>ταυτό-</span> 
     </span>
    </p>
   </div>
   <div class='ocr_carea' id='block_1_22' title="bbox 2037 1285 3665 1376">
    <p class='ocr_par' dir='ltr' id='par_1_22' title="bbox 2037 1291 3665 1376">
     <span class='ocr_line' id='line_1_22' title="bbox 2037 1291 3665 1376; baseline -0.001 -21"><span class='ocrx_word' id='word_1_135' title='bbox 2037 1320 2050 1348; x_wconf 78' lang='grc' dir='ltr'>ι</span> <span class='ocrx_word' id='word_1_136' title='bbox 2089 1295 2255 1374; x_wconf 91' lang='lat' dir='ltr'>quasi</span> <span class='ocrx_word' id='word_1_137' title='bbox 2285 1316 2466 1357; x_wconf 89' lang='lat' dir='ltr'>unum</span> <span class='ocrx_word' id='word_1_138' title='bbox 2498 1317 2567 1358; x_wconf 84' lang='lat' dir='ltr'>ex</span> <span class='ocrx_word' id='word_1_139' title='bbox 2600 1300 2768 1358; x_wconf 87' lang='lat' dir='ltr'>Patre</span> <span class='ocrx_word' id='word_1_140' title='bbox 2804 1314 2908 1376; x_wconf 89' lang='lat' dir='ltr'>per</span> <span class='ocrx_word' id='word_1_141' title='bbox 2936 1295 3150 1358; x_wconf 90' lang='lat' dir='ltr'>Filium</span> <span class='ocrx_word' id='word_1_142' title='bbox 3183 1302 3423 1374; x_wconf 86' lang='lat' dir='ltr'>prepter</span> <span class='ocrx_word' id='word_1_143' title='bbox 3450 1291 3665 1354; x_wconf 82' lang='lat' dir='ltr'>identi-</span> 
     </span>
    </p>
   </div>
   <div class='ocr_carea' id='block_1_23' title="bbox 299 1377 1945 1460">
    <p class='ocr_par' dir='ltr' id='par_1_23' title="bbox 299 1377 1933 1460">
     <span class='ocr_line' id='line_1_23' title="bbox 299 1377 1933 1460; baseline 0.002 -28"><span class='ocrx_word' id='word_1_144' title='bbox 299 1395 330 1432; x_wconf 71' lang='grc' dir='ltr'>ι</span> <span class='ocrx_word' id='word_1_145' title='bbox 360 1397 498 1440; x_wconf 90' lang='grc' dir='ltr'>τητα</span> <span class='ocrx_word' id='word_1_146' title='bbox 550 1381 648 1442; x_wconf 78' lang='grc' dir='ltr'>τῆς</span> <span class='ocrx_word' id='word_1_147' title='bbox 695 1379 918 1460; x_wconf 57' lang='lat' dir='ltr'>ode-iac;</span> <span class='ocrx_word' id='word_1_148' title='bbox 966 1377 1234 1456; x_wconf 83' lang='grc' dir='ltr'>Ἐρμείας.</span> <span class='ocrx_word' id='word_1_149' title='bbox 1307 1379 1484 1442; x_wconf 76' lang='grc' dir='ltr'>Οὕτως</span> <span class='ocrx_word' id='word_1_150' title='bbox 1553 1379 1721 1458; x_wconf 74' lang='grc' dir='ltr'>ἔγωγε</span> <span class='ocrx_word' id='word_1_151' title='bbox 1775 1381 1933 1458; x_wconf 80' lang='grc' dir='ltr'>φημί,</span> 
     </span>
    </p>
   </div>
   <div class='ocr_carea' id='block_1_24' title="bbox 2037 1377 3657 1460">
    <p class='ocr_par' dir='ltr' id='par_1_24' title="bbox 2037 1379 3657 1460">
     <span class='ocr_line' id='line_1_24' title="bbox 2037 1379 3657 1460; baseline 0.001 -22"><span class='ocrx_word' id='word_1_152' title='bbox 2037 1410 2047 1438; x_wconf 90' lang='grc' dir='ltr'>ι</span> <span class='ocrx_word' id='word_1_153' title='bbox 2083 1391 2260 1444; x_wconf 86' lang='lat' dir='ltr'>tatem</span> <span class='ocrx_word' id='word_1_154' title='bbox 2304 1385 2644 1447; x_wconf 65' lang='lat' dir='ltr'>substantiae</span> <span class='ocrx_word' id='word_1_155' title='bbox 2676 1383 2702 1444; x_wconf 85' lang='lat'><strong>?</strong></span> <span class='ocrx_word' id='word_1_156' title='bbox 2730 1384 2944 1446; x_wconf 87' lang='lat' dir='ltr'>Herm.</span> <span class='ocrx_word' id='word_1_157' title='bbox 2980 1381 3080 1445; x_wconf 85' lang='lat' dir='ltr'>Sic</span> <span class='ocrx_word' id='word_1_158' title='bbox 3111 1401 3218 1460; x_wconf 93' lang='lat' dir='ltr'>ego</span> <span class='ocrx_word' id='word_1_159' title='bbox 3247 1381 3406 1444; x_wconf 91' lang='lat' dir='ltr'>dico.</span> <span class='ocrx_word' id='word_1_160' title='bbox 3457 1379 3657 1460; x_wconf 77' lang='lat' dir='ltr'>Cyril.</span> 
     </span>
    </p>
   </div>
   <div class='ocr_carea' id='block_1_25' title="bbox 299 1456 1945 1555">
    <p class='ocr_par' dir='ltr' id='par_1_25' title="bbox 299 1456 1937 1547">
     <span class='ocr_line' id='line_1_25' title="bbox 299 1456 1937 1547; baseline 0.004 -31"><span class='ocrx_word' id='word_1_161' title='bbox 299 1485 327 1516; x_wconf 71' lang='grc' dir='ltr'><em>ι</em></span> <span class='ocrx_word' id='word_1_162' title='bbox 366 1463 638 1540; x_wconf 81' lang='grc' dir='ltr'>Κόριλλος,</span> <span class='ocrx_word' id='word_1_163' title='bbox 701 1456 917 1546; x_wconf 35' lang='grc' dir='ltr'>Ὀρθιῦςγ</span> <span class='ocrx_word' id='word_1_164' title='bbox 963 1469 1008 1521; x_wconf 81' lang='grc' dir='ltr'>ὦ</span> <span class='ocrx_word' id='word_1_165' title='bbox 1063 1469 1239 1546; x_wconf 77' lang='grc' dir='ltr'>ἑταῖρε</span> <span class='ocrx_word' id='word_1_166' title='bbox 1274 1483 1287 1496; x_wconf 86' lang='grc'>⁶</span> <span class='ocrx_word' id='word_1_167' title='bbox 1349 1469 1436 1523; x_wconf 78' lang='grc' dir='ltr'>καὶ</span> <span class='ocrx_word' id='word_1_168' title='bbox 1492 1490 1548 1524; x_wconf 93' lang='grc' dir='ltr'>σε</span> <span class='ocrx_word' id='word_1_169' title='bbox 1597 1456 1702 1535; x_wconf 75' lang='grc' dir='ltr'>τῆς</span> <span class='ocrx_word' id='word_1_170' title='bbox 1768 1456 1937 1547; x_wconf 67' lang='grc' dir='ltr'>ἄγχι-</span> 
     </span>
    </p>
   </div>
   <div class='ocr_carea' id='block_1_26' title="bbox 2037 1456 3664 1555">
    <p class='ocr_par' dir='ltr' id='par_1_26' title="bbox 2037 1456 3664 1555">
     <span class='ocr_line' id='line_1_26' title="bbox 2037 1456 3664 1555; baseline -0.003 -21"><span class='ocrx_word' id='word_1_171' title='bbox 2037 1494 2055 1526; x_wconf 79' lang='grc' dir='ltr'>ι</span> <span class='ocrx_word' id='word_1_172' title='bbox 2089 1472 2272 1534; x_wconf 81' lang='lat' dir='ltr'>Recte</span> <span class='ocrx_word' id='word_1_173' title='bbox 2305 1474 2521 1555; x_wconf 85' lang='lat' dir='ltr'>inquis,</span> <span class='ocrx_word' id='word_1_174' title='bbox 2555 1473 2769 1554; x_wconf 82' lang='lat' dir='ltr'>amice,</span> <span class='ocrx_word' id='word_1_175' title='bbox 2802 1479 2860 1533; x_wconf 90' lang='lat' dir='ltr'>et</span> <span class='ocrx_word' id='word_1_176' title='bbox 2903 1471 2977 1533; x_wconf 92' lang='lat' dir='ltr'>ob</span> <span class='ocrx_word' id='word_1_177' title='bbox 3035 1456 3336 1549; x_wconf 75' lang='lat' dir='ltr'>ingenium</span> <span class='ocrx_word' id='word_1_178' title='bbox 3388 1469 3449 1529; x_wconf 93' lang='lat' dir='ltr'>in</span> <span class='ocrx_word' id='word_1_179' title='bbox 3479 1456 3664 1530; x_wconf 69' lang='lat' dir='ltr'>sacris</span> 
     </span>
    </p>
   </div>
   <div class='ocr_carea' id='block_1_27' title="bbox 296 1551 1945 1640">
    <p class='ocr_par' dir='ltr' id='par_1_27' title="bbox 296 1551 1940 1636">
     <span class='ocr_line' id='line_1_27' title="bbox 296 1551 1940 1636; baseline 0.002 -28"><span class='ocrx_word' id='word_1_180' title='bbox 296 1575 322 1608; x_wconf 74' lang='grc' dir='ltr'>ι</span> <span class='ocrx_word' id='word_1_181' title='bbox 355 1552 496 1614; x_wconf 87' lang='grc' dir='ltr'>νοίας</span> <span class='ocrx_word' id='word_1_182' title='bbox 575 1551 799 1631; x_wconf 79' lang='grc' dir='ltr'>ἄγαμαι,</span> <span class='ocrx_word' id='word_1_183' title='bbox 859 1556 944 1611; x_wconf 80' lang='grc' dir='ltr'>καὶ</span> <span class='ocrx_word' id='word_1_184' title='bbox 1001 1567 1124 1618; x_wconf 75' lang='grc' dir='ltr'>ταῖς</span> <span class='ocrx_word' id='word_1_185' title='bbox 1179 1555 1533 1620; x_wconf 81' lang='grc' dir='ltr'>θεοπνεύστοις</span> <span class='ocrx_word' id='word_1_186' title='bbox 1594 1563 1826 1636; x_wconf 75' lang='grc' dir='ltr'>Γραφαῖς</span> <span class='ocrx_word' id='word_1_187' title='bbox 1885 1559 1940 1612; x_wconf 84' lang='grc' dir='ltr'>εὗ</span> 
     </span>
    </p>
   </div>
   <div class='ocr_carea' id='block_1_28' title="bbox 2037 1551 3665 1640">
    <p class='ocr_par' dir='ltr' id='par_1_28' title="bbox 2037 1551 3665 1640">
     <span class='ocr_line' id='line_1_28' title="bbox 2037 1551 3665 1640; baseline -0.001 -20"><span class='ocrx_word' id='word_1_188' title='bbox 2037 1585 2054 1614; x_wconf 73' lang='grc' dir='ltr'>ι</span> <span class='ocrx_word' id='word_1_189' title='bbox 2089 1551 2410 1640; x_wconf 81' lang='lat' dir='ltr'>Scripturis</span> <span class='ocrx_word' id='word_1_190' title='bbox 2441 1551 2826 1624; x_wconf 51' lang='lat' dir='ltr'>exercitatum</span> <span class='ocrx_word' id='word_1_191' title='bbox 2857 1560 3140 1635; x_wconf 84' lang='lat' dir='ltr'>admiror,</span> <span class='ocrx_word' id='word_1_192' title='bbox 3187 1558 3344 1640; x_wconf 92' lang='lat' dir='ltr'>quod</span> <span class='ocrx_word' id='word_1_193' title='bbox 3374 1559 3527 1620; x_wconf 90' lang='lat' dir='ltr'>hanc</span> <span class='ocrx_word' id='word_1_194' title='bbox 3555 1555 3665 1619; x_wconf 86' lang='lat' dir='ltr'>de-</span> 
     </span>
    </p>
   </div>
   <div class='ocr_carea' id='block_1_29' title="bbox 303 1639 1945 1726">
    <p class='ocr_par' dir='ltr' id='par_1_29' title="bbox 303 1639 1938 1724">
     <span class='ocr_line' id='line_1_29' title="bbox 303 1639 1938 1724; baseline 0.005 -32"><span class='ocrx_word' id='word_1_195' title='bbox 303 1659 331 1692; x_wconf 75' lang='grc' dir='ltr'>α</span> <span class='ocrx_word' id='word_1_196' title='bbox 387 1639 530 1712; x_wconf 83' lang='grc' dir='ltr'>μάλα</span> <span class='ocrx_word' id='word_1_197' title='bbox 591 1639 972 1717; x_wconf 78' lang='grc' dir='ltr'>συμϐαίνουσαν</span> <span class='ocrx_word' id='word_1_198' title='bbox 1057 1644 1154 1710; x_wconf 76' lang='grc' dir='ltr'>τὴν</span> <span class='ocrx_word' id='word_1_199' title='bbox 1219 1644 1305 1700; x_wconf 81' lang='grc' dir='ltr'>ἐπὶ</span> <span class='ocrx_word' id='word_1_200' title='bbox 1372 1642 1504 1716; x_wconf 78' lang='grc' dir='ltr'>τῷδε</span> <span class='ocrx_word' id='word_1_201' title='bbox 1572 1643 1720 1710; x_wconf 80' lang='grc' dir='ltr'>δόξαν</span> <span class='ocrx_word' id='word_1_202' title='bbox 1789 1647 1938 1724; x_wconf 74' lang='grc' dir='ltr'>εἰρῆ-</span> 
     </span>
    </p>
   </div>
   <div class='ocr_carea' id='block_1_30' title="bbox 2037 1639 3667 1726">
    <p class='ocr_par' dir='ltr' id='par_1_30' title="bbox 2037 1639 3667 1726">
     <span class='ocr_line' id='line_1_30' title="bbox 2037 1639 3667 1726; baseline -0.002 -18"><span class='ocrx_word' id='word_1_203' title='bbox 2037 1672 2053 1701; x_wconf 69' lang='grc' dir='ltr'>κ</span> <span class='ocrx_word' id='word_1_204' title='bbox 2090 1639 2302 1726; x_wconf 85' lang='lat' dir='ltr'>legeris</span> <span class='ocrx_word' id='word_1_205' title='bbox 2324 1649 2854 1713; x_wconf 88' lang='lat' dir='ltr'>sententiam.Nam</span> <span class='ocrx_word' id='word_1_206' title='bbox 2880 1639 3486 1726; x_wconf 85' lang='lat' dir='ltr'>intelligiturquidem</span> <span class='ocrx_word' id='word_1_207' title='bbox 3510 1644 3667 1706; x_wconf 90' lang='lat' dir='ltr'>Deus</span> 
     </span>
    </p>
   </div>
   <div class='ocr_carea' id='block_1_31' title="bbox 297 1717 1945 1818">
    <p class='ocr_par' dir='ltr' id='par_1_31' title="bbox 297 1717 1938 1812">
     <span class='ocr_line' id='line_1_31' title="bbox 297 1717 1938 1812; baseline 0.003 -30"><span class='ocrx_word' id='word_1_208' title='bbox 297 1729 472 1783; x_wconf 80' lang='grc' dir='ltr'>«σθαί</span> <span class='ocrx_word' id='word_1_209' title='bbox 533 1753 692 1808; x_wconf 70' lang='grc' dir='ltr'>φημι,</span> <span class='ocrx_word' id='word_1_210' title='bbox 758 1742 972 1788; x_wconf 79' lang='grc' dir='ltr'>Νοεϊται</span> <span class='ocrx_word' id='word_1_211' title='bbox 1031 1733 1128 1806; x_wconf 78' lang='grc' dir='ltr'>μὲν</span> <span class='ocrx_word' id='word_1_212' title='bbox 1183 1733 1280 1812; x_wconf 80' lang='grc' dir='ltr'>γὰρ</span> <span class='ocrx_word' id='word_1_213' title='bbox 1341 1735 1368 1788; x_wconf 93' lang='lat'>6</span> <span class='ocrx_word' id='word_1_214' title='bbox 1422 1734 1550 1796; x_wconf 80' lang='grc' dir='ltr'>Θεὸς</span> <span class='ocrx_word' id='word_1_215' title='bbox 1605 1736 1688 1790; x_wconf 85' lang='grc' dir='ltr'>κοὶ</span> <span class='ocrx_word' id='word_1_216' title='bbox 1758 1717 1938 1812; x_wconf 75' lang='grc' dir='ltr'>Πατὴρ</span> 
     </span>
    </p>
   </div>
   <div class='ocr_carea' id='block_1_32' title="bbox 2037 1717 3669 1818">
    <p class='ocr_par' dir='ltr' id='par_1_32' title="bbox 2082 1717 3669 1818">
     <span class='ocr_line' id='line_1_32' title="bbox 2082 1717 3669 1818; baseline -0.001 -22"><span class='ocrx_word' id='word_1_217' title='bbox 2082 1717 2340 1799; x_wconf 47' lang='grc' dir='ltr'>οινρειιειι</span> <span class='ocrx_word' id='word_1_218' title='bbox 2368 1739 2425 1800; x_wconf 92' lang='lat' dir='ltr'>in</span> <span class='ocrx_word' id='word_1_219' title='bbox 2455 1739 2800 1800; x_wconf 87' lang='lat' dir='ltr'>exsistentia</span> <span class='ocrx_word' id='word_1_220' title='bbox 2837 1757 2944 1818; x_wconf 88' lang='lat' dir='ltr'>per</span> <span class='ocrx_word' id='word_1_221' title='bbox 2975 1717 3352 1809; x_wconf 65' lang='lat' dir='ltr'>se,substitit</span> <span class='ocrx_word' id='word_1_222' title='bbox 3381 1743 3576 1798; x_wconf 85' lang='lat' dir='ltr'>autem</span> <span class='ocrx_word' id='word_1_223' title='bbox 3610 1741 3669 1795; x_wconf 88' lang='lat' dir='ltr'>et</span> 
     </span>
    </p>
   </div>
   <div class='ocr_carea' id='block_1_33' title="bbox 304 1818 1945 1908">
    <p class='ocr_par' dir='ltr' id='par_1_33' title="bbox 304 1818 1940 1900">
     <span class='ocr_line' id='line_1_33' title="bbox 304 1818 1940 1900; baseline 0.005 -30"><span class='ocrx_word' id='word_1_224' title='bbox 304 1837 330 1870; x_wconf 77' lang='grc' dir='ltr'>ι</span> <span class='ocrx_word' id='word_1_225' title='bbox 361 1818 415 1871; x_wconf 74' lang='grc' dir='ltr'>ἓν</span> <span class='ocrx_word' id='word_1_226' title='bbox 473 1818 684 1897; x_wconf 78' lang='grc' dir='ltr'>ὑπάρξει</span> <span class='ocrx_word' id='word_1_227' title='bbox 742 1821 809 1888; x_wconf 75' lang='grc' dir='ltr'><strong>τῆ</strong></span> <span class='ocrx_word' id='word_1_228' title='bbox 865 1821 980 1877; x_wconf 84' lang='grc' dir='ltr'>καθ’</span> <span class='ocrx_word' id='word_1_229' title='bbox 1037 1823 1241 1893; x_wconf 76' lang='grc' dir='ltr'>ἑαυτὸν,</span> <span class='ocrx_word' id='word_1_230' title='bbox 1301 1821 1560 1900; x_wconf 68' lang='grc' dir='ltr'>ὑφέστηκε</span> <span class='ocrx_word' id='word_1_231' title='bbox 1618 1820 1671 1876; x_wconf 82' lang='grc' dir='ltr'>δὲ</span> <span class='ocrx_word' id='word_1_232' title='bbox 1735 1823 1800 1880; x_wconf 79' lang='grc' dir='ltr'>αὗ</span> <span class='ocrx_word' id='word_1_233' title='bbox 1853 1829 1940 1884; x_wconf 80' lang='grc' dir='ltr'>καὶ</span> 
     </span>
    </p>
   </div>
   <div class='ocr_carea' id='block_1_34' title="bbox 2037 1818 3669 1908">
    <p class='ocr_par' dir='ltr' id='par_1_34' title="bbox 2037 1822 3669 1908">
     <span class='ocr_line' id='line_1_34' title="bbox 2037 1822 3669 1908; baseline -0.001 -22"><span class='ocrx_word' id='word_1_234' title='bbox 2037 1826 2269 1886; x_wconf 71' lang='grc' dir='ltr'>ιΕἰΙίυε</span> <span class='ocrx_word' id='word_1_235' title='bbox 2326 1827 2586 1906; x_wconf 87' lang='lat' dir='ltr'>proprie,</span> <span class='ocrx_word' id='word_1_236' title='bbox 2644 1827 2910 1908; x_wconf 90' lang='lat' dir='ltr'>quamvis</span> <span class='ocrx_word' id='word_1_237' title='bbox 2964 1825 3224 1908; x_wconf 89' lang='lat' dir='ltr'>propriis</span> <span class='ocrx_word' id='word_1_238' title='bbox 3268 1822 3669 1886; x_wconf 83' lang='lat' dir='ltr'>subsistentiis</span> 
     </span>
    </p>
   </div>
   <div class='ocr_carea' id='block_1_35' title="bbox 305 1906 1945 1995">
    <p class='ocr_par' dir='ltr' id='par_1_35' title="bbox 305 1906 1941 1974">
     <span class='ocr_line' id='line_1_35' title="bbox 305 1906 1941 1974; baseline 0.005 -15"><span class='ocrx_word' id='word_1_239' title='bbox 305 1930 328 1960; x_wconf 76' lang='grc' dir='ltr'>σ</span> <span class='ocrx_word' id='word_1_240' title='bbox 381 1907 408 1960; x_wconf 91' lang='lat'>6</span> <span class='ocrx_word' id='word_1_241' title='bbox 453 1909 572 1971; x_wconf 80' lang='grc' dir='ltr'>Υἱὸς</span> <span class='ocrx_word' id='word_1_242' title='bbox 643 1906 819 1974; x_wconf 80' lang='grc' dir='ltr'>ἷδικῶς</span> <span class='ocrx_word' id='word_1_243' title='bbox 855 1927 868 1940; x_wconf 87' lang='grc'>⁶</span> <span class='ocrx_word' id='word_1_244' title='bbox 912 1907 1028 1965; x_wconf 77' lang='grc' dir='ltr'>ἀλλ’</span> <span class='ocrx_word' id='word_1_245' title='bbox 1068 1912 1111 1964; x_wconf 76' lang='grc' dir='ltr'>εἰ</span> <span class='ocrx_word' id='word_1_246' title='bbox 1156 1911 1242 1966; x_wconf 85' lang='grc' dir='ltr'>καὶ</span> <span class='ocrx_word' id='word_1_247' title='bbox 1296 1909 1424 1966; x_wconf 77' lang='grc' dir='ltr'>ἰδίαν</span> <span class='ocrx_word' id='word_1_248' title='bbox 1479 1911 1760 1967; x_wconf 81' lang='grc' dir='ltr'>ὑπόστασιν</span> <span class='ocrx_word' id='word_1_249' title='bbox 1818 1912 1941 1967; x_wconf 72' lang='grc' dir='ltr'>ἑκά-</span> 
     </span>
    </p>
   </div>
   <div class='ocr_carea' id='block_1_36' title="bbox 2037 1906 3664 1995">
    <p class='ocr_par' dir='ltr' id='par_1_36' title="bbox 2037 1906 3664 1995">
     <span class='ocr_line' id='line_1_36' title="bbox 2037 1906 3664 1995; baseline 0 -24"><span class='ocrx_word' id='word_1_250' title='bbox 2037 1934 2052 1970; x_wconf 81' lang='lat' dir='ltr'>r</span> <span class='ocrx_word' id='word_1_251' title='bbox 2087 1923 2334 1994; x_wconf 88' lang='lat' dir='ltr'>uterque</span> <span class='ocrx_word' id='word_1_252' title='bbox 2364 1906 2730 1995; x_wconf 76' lang='lat' dir='ltr'>sejungatur.</span> <span class='ocrx_word' id='word_1_253' title='bbox 2767 1914 2934 1978; x_wconf 86' lang='lat' dir='ltr'>Unde</span> <span class='ocrx_word' id='word_1_254' title='bbox 2968 1906 3101 1976; x_wconf 33' lang='lat' dir='ltr'>&#39;non</span> <span class='ocrx_word' id='word_1_255' title='bbox 3151 1931 3389 1974; x_wconf 91' lang='lat' dir='ltr'>omnem</span> <span class='ocrx_word' id='word_1_256' title='bbox 3420 1929 3664 1992; x_wconf 88' lang='lat' dir='ltr'>separa-</span> 
     </span>
    </p>
   </div>
   <div class='ocr_carea' id='block_1_37' title="bbox 308 1996 1945 2077">
    <p class='ocr_par' dir='ltr' id='par_1_37' title="bbox 308 1996 1941 2077">
     <span class='ocr_line' id='line_1_37' title="bbox 308 1996 1941 2077; baseline 0.006 -32"><span class='ocrx_word' id='word_1_257' title='bbox 308 2011 331 2045; x_wconf 72' lang='lat' dir='ltr'>c</span> <span class='ocrx_word' id='word_1_258' title='bbox 360 2013 508 2070; x_wconf 89' lang='grc' dir='ltr'>τερος</span> <span class='ocrx_word' id='word_1_259' title='bbox 581 1996 892 2071; x_wconf 72' lang='grc' dir='ltr'>ἀπετέμετο,</span> <span class='ocrx_word' id='word_1_260' title='bbox 956 1999 1044 2053; x_wconf 80' lang='grc' dir='ltr'>τὸν</span> <span class='ocrx_word' id='word_1_261' title='bbox 1096 2005 1220 2075; x_wconf 80' lang='grc' dir='ltr'>γοῦν</span> <span class='ocrx_word' id='word_1_262' title='bbox 1277 1999 1493 2054; x_wconf 72' lang='grc' dir='ltr'>εἶσάπαν</span> <span class='ocrx_word' id='word_1_263' title='bbox 1563 1997 1830 2077; x_wconf 80' lang='grc' dir='ltr'>διορισμὸν</span> <span class='ocrx_word' id='word_1_264' title='bbox 1881 2000 1941 2054; x_wconf 75' lang='grc' dir='ltr'>οὗ</span> 
     </span>
    </p>
   </div>
   <div class='ocr_carea' id='block_1_38' title="bbox 2037 1996 3668 2077">
    <p class='ocr_par' dir='ltr' id='par_1_38' title="bbox 2037 2001 3668 2065">
     <span class='ocr_line' id='line_1_38' title="bbox 2037 2001 3668 2065; baseline 0.002 -6"><span class='ocrx_word' id='word_1_265' title='bbox 2037 2031 2050 2060; x_wconf 84' lang='grc'><strong>1</strong></span> <span class='ocrx_word' id='word_1_266' title='bbox 2086 2001 2308 2063; x_wconf 88' lang='lat' dir='ltr'>tionem</span> <span class='ocrx_word' id='word_1_267' title='bbox 2340 2003 2616 2064; x_wconf 91' lang='lat' dir='ltr'>admittit.</span> <span class='ocrx_word' id='word_1_268' title='bbox 2654 2002 2781 2064; x_wconf 89' lang='lat' dir='ltr'>Non</span> <span class='ocrx_word' id='word_1_269' title='bbox 2834 2003 2994 2065; x_wconf 90' lang='lat' dir='ltr'>enim</span> <span class='ocrx_word' id='word_1_270' title='bbox 3045 2001 3383 2064; x_wconf 87' lang='lat' dir='ltr'>secernitur</span> <span class='ocrx_word' id='word_1_271' title='bbox 3431 2002 3606 2062; x_wconf 86' lang='lat' dir='ltr'>Pater</span> <span class='ocrx_word' id='word_1_272' title='bbox 3633 2018 3668 2062; x_wconf 90' lang='lat' dir='ltr'>a</span> 
     </span>
    </p>
   </div>
   <div class='ocr_carea' id='block_1_39' title="bbox 307 2083 1945 2170">
    <p class='ocr_par' dir='ltr' id='par_1_39' title="bbox 307 2083 1936 2163">
     <span class='ocr_line' id='line_1_39' title="bbox 307 2083 1936 2163; baseline 0.004 -28"><span class='ocrx_word' id='word_1_273' title='bbox 307 2101 334 2132; x_wconf 69' lang='grc' dir='ltr'>α</span> <span class='ocrx_word' id='word_1_274' title='bbox 367 2084 660 2158; x_wconf 83' lang='grc' dir='ltr'>προσίεται,</span> <span class='ocrx_word' id='word_1_275' title='bbox 696 2083 822 2141; x_wconf 66' lang='grc' dir='ltr'>Οὐδὲ</span> <span class='ocrx_word' id='word_1_276' title='bbox 881 2086 978 2163; x_wconf 79' lang='grc' dir='ltr'>γὰρ</span> <span class='ocrx_word' id='word_1_277' title='bbox 1021 2084 1080 2141; x_wconf 75' lang='grc' dir='ltr'>ἄν</span> <span class='ocrx_word' id='word_1_278' title='bbox 1133 2084 1400 2162; x_wconf 81' lang='grc' dir='ltr'>διορίζοιτο</span> <span class='ocrx_word' id='word_1_279' title='bbox 1468 2089 1667 2160; x_wconf 84' lang='grc' dir='ltr'>Πατρὸς</span> <span class='ocrx_word' id='word_1_280' title='bbox 1727 2089 1755 2142; x_wconf 97' lang='lat'>6</span> <span class='ocrx_word' id='word_1_281' title='bbox 1795 2088 1936 2161; x_wconf 76' lang='grc' dir='ltr'>Υἱὸς,</span> 
     </span>
    </p>
   </div>
   <div class='ocr_carea' id='block_1_40' title="bbox 2037 2083 3668 2170">
    <p class='ocr_par' dir='ltr' id='par_1_40' title="bbox 2037 2088 3668 2170">
     <span class='ocr_line' id='line_1_40' title="bbox 2037 2088 3668 2170; baseline 0.001 -21"><span class='ocrx_word' id='word_1_282' title='bbox 2037 2120 2052 2149; x_wconf 85' lang='grc' dir='ltr'><strong>Ι</strong></span> <span class='ocrx_word' id='word_1_283' title='bbox 2086 2091 2232 2152; x_wconf 54' lang='lat' dir='ltr'>Filio</span> <span class='ocrx_word' id='word_1_284' title='bbox 2288 2091 2440 2152; x_wconf 90' lang='lat' dir='ltr'>sicut</span> <span class='ocrx_word' id='word_1_285' title='bbox 2495 2093 2740 2170; x_wconf 82' lang='lat' dir='ltr'>angelus</span> <span class='ocrx_word' id='word_1_286' title='bbox 2799 2093 2871 2153; x_wconf 92' lang='lat' dir='ltr'>ab</span> <span class='ocrx_word' id='word_1_287' title='bbox 2927 2091 3165 2170; x_wconf 83' lang='lat' dir='ltr'>angelo,</span> <span class='ocrx_word' id='word_1_288' title='bbox 3197 2108 3394 2170; x_wconf 91' lang='lat' dir='ltr'>neque</span> <span class='ocrx_word' id='word_1_289' title='bbox 3423 2088 3577 2150; x_wconf 88' lang='lat' dir='ltr'>sicut</span> <span class='ocrx_word' id='word_1_290' title='bbox 3605 2088 3668 2150; x_wconf 92' lang='lat' dir='ltr'>in</span> 
     </span>
    </p>
   </div>
   <div class='ocr_carea' id='block_1_41' title="bbox 305 2169 1945 2261">
    <p class='ocr_par' dir='ltr' id='par_1_41' title="bbox 305 2169 1939 2251">
     <span class='ocr_line' id='line_1_41' title="bbox 305 2169 1939 2251; baseline 0.003 -25"><span class='ocrx_word' id='word_1_291' title='bbox 305 2189 335 2221; x_wconf 70' lang='grc' dir='ltr'>ι</span> <span class='ocrx_word' id='word_1_292' title='bbox 382 2169 561 2250; x_wconf 79' lang='grc' dir='ltr'>ὥσπερ</span> <span class='ocrx_word' id='word_1_293' title='bbox 603 2172 830 2250; x_wconf 80' lang='grc' dir='ltr'>ἅγγελος</span> <span class='ocrx_word' id='word_1_294' title='bbox 860 2173 1107 2251; x_wconf 72' lang='grc' dir='ltr'>ἇγγὲλου,</span> <span class='ocrx_word' id='word_1_295' title='bbox 1147 2176 1242 2231; x_wconf 84' lang='grc' dir='ltr'>Καὶ</span> <span class='ocrx_word' id='word_1_296' title='bbox 1272 2176 1378 2249; x_wconf 78' lang='grc' dir='ltr'>μὴν</span> <span class='ocrx_word' id='word_1_297' title='bbox 1408 2176 1494 2230; x_wconf 82' lang='grc' dir='ltr'>καὶ</span> <span class='ocrx_word' id='word_1_298' title='bbox 1541 2175 1596 2229; x_wconf 84' lang='grc' dir='ltr'>ἐν</span> <span class='ocrx_word' id='word_1_299' title='bbox 1651 2188 1768 2238; x_wconf 75' lang='grc' dir='ltr'>τοῖς</span> <span class='ocrx_word' id='word_1_300' title='bbox 1825 2172 1939 2231; x_wconf 84' lang='grc' dir='ltr'>καθ’</span> 
     </span>
    </p>
   </div>
   <div class='ocr_carea' id='block_1_42' title="bbox 2037 2169 3666 2261">
    <p class='ocr_par' dir='ltr' id='par_1_42' title="bbox 2037 2169 3666 2261">
     <span class='ocr_line' id='line_1_42' title="bbox 2037 2169 3666 2261; baseline 0.001 -24"><span class='ocrx_word' id='word_1_301' title='bbox 2037 2205 2052 2236; x_wconf 87' lang='grc' dir='ltr'>ι</span> <span class='ocrx_word' id='word_1_302' title='bbox 2086 2179 2259 2240; x_wconf 92' lang='lat' dir='ltr'>nobis</span> <span class='ocrx_word' id='word_1_303' title='bbox 2285 2198 2415 2240; x_wconf 92' lang='lat' dir='ltr'>cum</span> <span class='ocrx_word' id='word_1_304' title='bbox 2449 2169 2660 2260; x_wconf 85' lang='lat' dir='ltr'>aliquis</span> <span class='ocrx_word' id='word_1_305' title='bbox 2690 2180 2762 2240; x_wconf 92' lang='lat' dir='ltr'>ab</span> <span class='ocrx_word' id='word_1_306' title='bbox 2786 2169 3029 2261; x_wconf 62' lang='lat' dir='ltr'>aliquo,</span> <span class='ocrx_word' id='word_1_307' title='bbox 3049 2187 3201 2241; x_wconf 78' lang='lat' dir='ltr'>totus</span> <span class='ocrx_word' id='word_1_308' title='bbox 3231 2198 3266 2240; x_wconf 89' lang='lat' dir='ltr'>a</span> <span class='ocrx_word' id='word_1_309' title='bbox 3297 2169 3418 2240; x_wconf 88' lang='lat' dir='ltr'>toto</span> <span class='ocrx_word' id='word_1_310' title='bbox 3445 2177 3666 2238; x_wconf 84' lang='lat' dir='ltr'>distin-</span> 
     </span>
    </p>
   </div>
   <div class='ocr_carea' id='block_1_43' title="bbox 308 2259 1945 2350">
    <p class='ocr_par' dir='ltr' id='par_1_43' title="bbox 308 2259 1943 2343">
     <span class='ocr_line' id='line_1_43' title="bbox 308 2259 1943 2343; baseline 0.002 -28"><span class='ocrx_word' id='word_1_311' title='bbox 308 2279 336 2310; x_wconf 70' lang='grc' dir='ltr'>α</span> <span class='ocrx_word' id='word_1_312' title='bbox 365 2259 507 2333; x_wconf 77' lang='grc' dir='ltr'>ἡμᾶς</span> <span class='ocrx_word' id='word_1_313' title='bbox 533 2263 596 2316; x_wconf 85' lang='grc' dir='ltr'>τὸ</span> <span class='ocrx_word' id='word_1_314' title='bbox 626 2260 774 2318; x_wconf 68' lang='grc' dir='ltr'>δεῖνα</span> <span class='ocrx_word' id='word_1_315' title='bbox 803 2261 924 2326; x_wconf 81' lang='grc' dir='ltr'>ὅλος</span> <span class='ocrx_word' id='word_1_316' title='bbox 957 2261 1079 2318; x_wconf 78' lang='grc' dir='ltr'>ὅλου</span> <span class='ocrx_word' id='word_1_317' title='bbox 1137 2260 1396 2332; x_wconf 80' lang='grc' dir='ltr'>δίαστήξει</span> <span class='ocrx_word' id='word_1_318' title='bbox 1452 2266 1642 2343; x_wconf 75' lang='grc' dir='ltr'>τυχὸν,</span> <span class='ocrx_word' id='word_1_319' title='bbox 1691 2262 1805 2320; x_wconf 79' lang='grc' dir='ltr'>οῦτε</span> <span class='ocrx_word' id='word_1_320' title='bbox 1837 2265 1943 2333; x_wconf 77' lang='grc' dir='ltr'>μὴν</span> 
     </span>
    </p>
   </div>
   <div class='ocr_carea' id='block_1_44' title="bbox 2037 2259 3666 2350">
    <p class='ocr_par' dir='ltr' id='par_1_44' title="bbox 2037 2259 3666 2350">
     <span class='ocr_line' id='line_1_44' title="bbox 2037 2259 3666 2350; baseline -0.001 -22"><span class='ocrx_word' id='word_1_321' title='bbox 2037 2288 2054 2316; x_wconf 82' lang='grc' dir='ltr'>ι</span> <span class='ocrx_word' id='word_1_322' title='bbox 2089 2277 2216 2328; x_wconf 92' lang='lat' dir='ltr'>ctus</span> <span class='ocrx_word' id='word_1_323' title='bbox 2245 2259 2570 2349; x_wconf 83' lang='lat' dir='ltr'>est.Neque</span> <span class='ocrx_word' id='word_1_324' title='bbox 2599 2269 2779 2330; x_wconf 88' lang='lat' dir='ltr'>etiam</span> <span class='ocrx_word' id='word_1_325' title='bbox 2803 2259 3081 2350; x_wconf 86' lang='lat' dir='ltr'>utrinque</span> <span class='ocrx_word' id='word_1_326' title='bbox 3107 2265 3464 2330; x_wconf 60' lang='lat' dir='ltr'>differentias</span> <span class='ocrx_word' id='word_1_327' title='bbox 3483 2285 3666 2327; x_wconf 92' lang='lat' dir='ltr'>unum</span> 
     </span>
    </p>
   </div>
   <div class='ocr_carea' id='block_1_45' title="bbox 304 2346 1945 2437">
    <p class='ocr_par' dir='ltr' id='par_1_45' title="bbox 304 2346 1942 2430">
     <span class='ocr_line' id='line_1_45' title="bbox 304 2346 1942 2430; baseline 0.001 -26"><span class='ocrx_word' id='word_1_328' title='bbox 304 2363 333 2404; x_wconf 84' lang='lat'><strong>(</strong></span> <span class='ocrx_word' id='word_1_329' title='bbox 362 2346 608 2424; x_wconf 65' lang='grc' dir='ltr'>διαμπαξ</span> <span class='ocrx_word' id='word_1_330' title='bbox 654 2350 828 2407; x_wconf 78' lang='grc' dir='ltr'>ἐλάσει</span> <span class='ocrx_word' id='word_1_331' title='bbox 887 2357 983 2418; x_wconf 79' lang='grc' dir='ltr'>τῆς</span> <span class='ocrx_word' id='word_1_332' title='bbox 1041 2349 1286 2430; x_wconf 71' lang='grc' dir='ltr'>διαφορᾶς</span> <span class='ocrx_word' id='word_1_333' title='bbox 1319 2355 1346 2406; x_wconf 83' lang='grc' dir='ltr'>ὁ</span> <span class='ocrx_word' id='word_1_334' title='bbox 1403 2350 1582 2428; x_wconf 80' lang='grc' dir='ltr'>λόγος,</span> <span class='ocrx_word' id='word_1_335' title='bbox 1630 2351 1728 2407; x_wconf 78' lang='grc' dir='ltr'>ἀνὰ</span> <span class='ocrx_word' id='word_1_336' title='bbox 1785 2352 1942 2430; x_wconf 77' lang='grc' dir='ltr'>μέρος</span> 
     </span>
    </p>
   </div>
   <div class='ocr_carea' id='block_1_46' title="bbox 2037 2346 3664 2437">
    <p class='ocr_par' dir='ltr' id='par_1_46' title="bbox 2038 2346 3664 2437">
     <span class='ocr_line' id='line_1_46' title="bbox 2038 2346 3664 2437; baseline 0 -21"><span class='ocrx_word' id='word_1_337' title='bbox 2038 2378 2057 2406; x_wconf 77' lang='grc' dir='ltr'>ι</span> <span class='ocrx_word' id='word_1_338' title='bbox 2094 2358 2238 2417; x_wconf 90' lang='lat' dir='ltr'>ratio</span> <span class='ocrx_word' id='word_1_339' title='bbox 2271 2346 2538 2418; x_wconf 79' lang='lat' dir='ltr'>seorsum</span> <span class='ocrx_word' id='word_1_340' title='bbox 2568 2357 2845 2420; x_wconf 88' lang='lat' dir='ltr'>omnibus</span> <span class='ocrx_word' id='word_1_341' title='bbox 2868 2346 3060 2420; x_wconf 88' lang='lat' dir='ltr'>modis</span> <span class='ocrx_word' id='word_1_342' title='bbox 3091 2356 3324 2437; x_wconf 89' lang='lat' dir='ltr'>utrique</span> <span class='ocrx_word' id='word_1_343' title='bbox 3341 2355 3664 2417; x_wconf 88' lang='lat' dir='ltr'>constituit.</span> 
     </span>
    </p>
   </div>
   <div class='ocr_carea' id='block_1_47' title="bbox 311 2435 1945 2518">
    <p class='ocr_par' dir='ltr' id='par_1_47' title="bbox 311 2435 1945 2518">
     <span class='ocr_line' id='line_1_47' title="bbox 311 2435 1945 2518; baseline 0.004 -27"><span class='ocrx_word' id='word_1_344' title='bbox 311 2459 338 2490; x_wconf 71' lang='grc' dir='ltr'>ι</span> <span class='ocrx_word' id='word_1_345' title='bbox 371 2436 674 2517; x_wconf 82' lang='grc' dir='ltr'>ὁλοτρόπως</span> <span class='ocrx_word' id='word_1_346' title='bbox 708 2441 962 2518; x_wconf 74' lang='grc' dir='ltr'>ἐκάττ,ρὸν</span> <span class='ocrx_word' id='word_1_347' title='bbox 1009 2439 1178 2502; x_wconf 77' lang='grc' dir='ltr'>ἱστᾶς.</span> <span class='ocrx_word' id='word_1_348' title='bbox 1226 2435 1289 2496; x_wconf 80' lang='grc' dir='ltr'><strong>Ἦ</strong></span> <span class='ocrx_word' id='word_1_349' title='bbox 1334 2441 1431 2518; x_wconf 79' lang='grc' dir='ltr'>γὰρ</span> <span class='ocrx_word' id='word_1_350' title='bbox 1489 2438 1550 2494; x_wconf 79' lang='grc' dir='ltr'>ἄν</span> <span class='ocrx_word' id='word_1_351' title='bbox 1607 2440 1718 2496; x_wconf 73' lang='grc' dir='ltr'>εἷεν</span> <span class='ocrx_word' id='word_1_352' title='bbox 1747 2442 1833 2495; x_wconf 81' lang='grc' dir='ltr'>καὶ</span> <span class='ocrx_word' id='word_1_353' title='bbox 1862 2439 1945 2497; x_wconf 84' lang='grc' dir='ltr'>δύο</span> 
     </span>
    </p>
   </div>
   <div class='ocr_carea' id='block_1_48' title="bbox 2037 2435 3671 2518">
    <p class='ocr_par' dir='ltr' id='par_1_48' title="bbox 2037 2435 3671 2508">
     <span class='ocr_line' id='line_1_48' title="bbox 2037 2435 3671 2508; baseline 0.001 -3"><span class='ocrx_word' id='word_1_354' title='bbox 2037 2474 2059 2505; x_wconf 72' lang='grc' dir='ltr'>ε</span> <span class='ocrx_word' id='word_1_355' title='bbox 2098 2447 2308 2507; x_wconf 90' lang='lat' dir='ltr'>Nonne</span> <span class='ocrx_word' id='word_1_356' title='bbox 2352 2453 2552 2507; x_wconf 88' lang='lat' dir='ltr'>essent</span> <span class='ocrx_word' id='word_1_357' title='bbox 2603 2447 2778 2508; x_wconf 90' lang='lat' dir='ltr'>etiam</span> <span class='ocrx_word' id='word_1_358' title='bbox 2835 2447 2952 2508; x_wconf 92' lang='lat' dir='ltr'>duo</span> <span class='ocrx_word' id='word_1_359' title='bbox 3011 2446 3090 2508; x_wconf 94' lang='lat' dir='ltr'>dii</span> <span class='ocrx_word' id='word_1_360' title='bbox 3144 2435 3277 2507; x_wconf 76' lang='lat' dir='ltr'>cum</span> <span class='ocrx_word' id='word_1_361' title='bbox 3310 2462 3427 2507; x_wconf 89' lang='lat' dir='ltr'>una</span> <span class='ocrx_word' id='word_1_362' title='bbox 3459 2453 3517 2506; x_wconf 91' lang='lat' dir='ltr'>et</span> <span class='ocrx_word' id='word_1_363' title='bbox 3545 2445 3671 2506; x_wconf 86' lang='lat' dir='ltr'>sola</span> 
     </span>
    </p>
   </div>
   <div class='ocr_carea' id='block_1_49' title="bbox 313 2525 1945 2615">
    <p class='ocr_par' dir='ltr' id='par_1_49' title="bbox 313 2525 1945 2602">
     <span class='ocr_line' id='line_1_49' title="bbox 313 2525 1945 2602; baseline 0.001 -22"><span class='ocrx_word' id='word_1_364' title='bbox 313 2548 340 2580; x_wconf 66' lang='grc' dir='ltr'>α</span> <span class='ocrx_word' id='word_1_365' title='bbox 367 2528 486 2582; x_wconf 87' lang='grc' dir='ltr'>Θεοί</span> <span class='ocrx_word' id='word_1_366' title='bbox 515 2544 529 2557; x_wconf 81' lang='grc'><strong>⁸</strong></span> <span class='ocrx_word' id='word_1_367' title='bbox 580 2533 703 2601; x_wconf 83' lang='grc' dir='ltr'>μιᾶς</span> <span class='ocrx_word' id='word_1_368' title='bbox 735 2526 789 2582; x_wconf 78' lang='grc' dir='ltr'>δὲ</span> <span class='ocrx_word' id='word_1_369' title='bbox 846 2529 933 2584; x_wconf 80' lang='grc' dir='ltr'>καὶ</span> <span class='ocrx_word' id='word_1_370' title='bbox 1006 2527 1172 2600; x_wconf 88' lang='grc' dir='ltr'>μόνης</span> <span class='ocrx_word' id='word_1_371' title='bbox 1205 2525 1362 2594; x_wconf 66' lang='grc' dir='ltr'>οὔσης</span> <span class='ocrx_word' id='word_1_372' title='bbox 1407 2549 1463 2583; x_wconf 89' lang='grc' dir='ltr'>τε</span> <span class='ocrx_word' id='word_1_373' title='bbox 1530 2530 1616 2584; x_wconf 82' lang='grc' dir='ltr'>καὶ</span> <span class='ocrx_word' id='word_1_374' title='bbox 1659 2528 1945 2602; x_wconf 81' lang='grc' dir='ltr'>νοουμένης</span> 
     </span>
    </p>
   </div>
   <div class='ocr_carea' id='block_1_50' title="bbox 2037 2525 3671 2615">
    <p class='ocr_par' dir='ltr' id='par_1_50' title="bbox 2040 2533 3671 2615">
     <span class='ocr_line' id='line_1_50' title="bbox 2040 2533 3671 2615; baseline 0 -21"><span class='ocrx_word' id='word_1_375' title='bbox 2040 2564 2061 2594; x_wconf 72' lang='grc' dir='ltr'>α</span> <span class='ocrx_word' id='word_1_376' title='bbox 2095 2536 2334 2596; x_wconf 84' lang='lat' dir='ltr'>exsistat</span> <span class='ocrx_word' id='word_1_377' title='bbox 2387 2543 2443 2596; x_wconf 91' lang='lat' dir='ltr'>et</span> <span class='ocrx_word' id='word_1_378' title='bbox 2477 2535 2847 2615; x_wconf 88' lang='lat' dir='ltr'>intelligatur</span> <span class='ocrx_word' id='word_1_379' title='bbox 2878 2535 3102 2610; x_wconf 87' lang='lat' dir='ltr'>Deitas,</span> <span class='ocrx_word' id='word_1_380' title='bbox 3135 2536 3425 2595; x_wconf 86' lang='lat' dir='ltr'>viventem</span> <span class='ocrx_word' id='word_1_381' title='bbox 3447 2541 3504 2595; x_wconf 90' lang='lat' dir='ltr'>et</span> <span class='ocrx_word' id='word_1_382' title='bbox 3536 2533 3671 2594; x_wconf 88' lang='lat' dir='ltr'>sub-</span> 
     </span>
    </p>
   </div>
   <div class='ocr_carea' id='block_1_51' title="bbox 309 2615 1945 2696">
    <p class='ocr_par' dir='ltr' id='par_1_51' title="bbox 309 2615 1945 2694">
     <span class='ocr_line' id='line_1_51' title="bbox 309 2615 1945 2694; baseline 0.002 -26"><span class='ocrx_word' id='word_1_383' title='bbox 309 2636 331 2668; x_wconf 75' lang='grc' dir='ltr'>ι</span> <span class='ocrx_word' id='word_1_384' title='bbox 381 2615 658 2688; x_wconf 83' lang='grc' dir='ltr'>θεότητος,</span> <span class='ocrx_word' id='word_1_385' title='bbox 744 2619 913 2686; x_wconf 68' lang='grc' dir='ltr'>ζῶντα</span> <span class='ocrx_word' id='word_1_386' title='bbox 1003 2617 1089 2672; x_wconf 81' lang='grc' dir='ltr'>καὶ</span> <span class='ocrx_word' id='word_1_387' title='bbox 1141 2617 1469 2694; x_wconf 75' lang='grc' dir='ltr'>ὑφεστηκότα</span> <span class='ocrx_word' id='word_1_388' title='bbox 1525 2617 1945 2694; x_wconf 74' lang='grc' dir='ltr'>καταθρήσαιμεν</span> 
     </span>
    </p>
   </div>
   <div class='ocr_carea' id='block_1_52' title="bbox 2037 2615 3673 2696">
    <p class='ocr_par' dir='ltr' id='par_1_52' title="bbox 2037 2623 3673 2696">
     <span class='ocr_line' id='line_1_52' title="bbox 2037 2623 3673 2696; baseline -0.002 -12"><span class='ocrx_word' id='word_1_389' title='bbox 2037 2654 2058 2684; x_wconf 73' lang='grc' dir='ltr'>ε</span> <span class='ocrx_word' id='word_1_390' title='bbox 2093 2623 2398 2685; x_wconf 84' lang='lat' dir='ltr'>sistentem</span> <span class='ocrx_word' id='word_1_391' title='bbox 2432 2623 2767 2686; x_wconf 89' lang='lat' dir='ltr'>videremus</span> <span class='ocrx_word' id='word_1_392' title='bbox 2799 2625 2860 2686; x_wconf 91' lang='lat' dir='ltr'>in</span> <span class='ocrx_word' id='word_1_393' title='bbox 2890 2627 3060 2686; x_wconf 88' lang='lat' dir='ltr'>Patre</span> <span class='ocrx_word' id='word_1_394' title='bbox 3088 2623 3328 2696; x_wconf 91' lang='lat' dir='ltr'>Filium,</span> <span class='ocrx_word' id='word_1_395' title='bbox 3361 2630 3419 2683; x_wconf 89' lang='lat' dir='ltr'>et</span> <span class='ocrx_word' id='word_1_396' title='bbox 3470 2629 3673 2682; x_wconf 88' lang='lat' dir='ltr'>contra</span> 
     </span>
    </p>
   </div>
   <div class='ocr_carea' id='block_1_53' title="bbox 311 2703 1938 2781">
    <p class='ocr_par' dir='ltr' id='par_1_53' title="bbox 311 2703 1938 2781">
     <span class='ocr_line' id='line_1_53' title="bbox 311 2703 1938 2781; baseline 0.002 -25"><span class='ocrx_word' id='word_1_397' title='bbox 311 2722 334 2757; x_wconf 74' lang='grc' dir='ltr'>ι</span> <span class='ocrx_word' id='word_1_398' title='bbox 382 2703 442 2757; x_wconf 72' lang='grc' dir='ltr'>ἂν</span> <span class='ocrx_word' id='word_1_399' title='bbox 473 2703 526 2759; x_wconf 82' lang='grc' dir='ltr'>ἐν</span> <span class='ocrx_word' id='word_1_400' title='bbox 559 2708 720 2781; x_wconf 81' lang='grc' dir='ltr'>Πατρὶ</span> <span class='ocrx_word' id='word_1_401' title='bbox 762 2707 854 2760; x_wconf 79' lang='grc' dir='ltr'>τὸν</span> <span class='ocrx_word' id='word_1_402' title='bbox 893 2707 1034 2778; x_wconf 76' lang='grc' dir='ltr'>Υἱὸν,</span> <span class='ocrx_word' id='word_1_403' title='bbox 1095 2706 1181 2760; x_wconf 81' lang='grc' dir='ltr'>καὶ</span> <span class='ocrx_word' id='word_1_404' title='bbox 1238 2707 1344 2778; x_wconf 74' lang='grc' dir='ltr'>μὴν</span> <span class='ocrx_word' id='word_1_405' title='bbox 1405 2706 1491 2760; x_wconf 79' lang='grc' dir='ltr'>καὶ</span> <span class='ocrx_word' id='word_1_406' title='bbox 1559 2706 1620 2760; x_wconf 86' lang='grc' dir='ltr'>τὸ</span> <span class='ocrx_word' id='word_1_407' title='bbox 1690 2703 1938 2780; x_wconf 75' lang='grc' dir='ltr'>ἔμπαλιν,</span> 
     </span>
    </p>
   </div>
   <div class='ocr_carea' id='block_1_54' title="bbox 1514 2798 1943 2875">
    <p class='ocr_par' dir='ltr' id='par_1_54' title="bbox 1514 2798 1943 2875">
     <span class='ocr_line' id='line_1_54' title="bbox 1514 2798 1943 2875; baseline 0.002 -24"><span class='ocrx_word' id='word_1_408' title='bbox 1514 2798 1790 2875; x_wconf 75' lang='grc' dir='ltr'>χαρακτὴρ</span> <span class='ocrx_word' id='word_1_409' title='bbox 1844 2798 1943 2875; x_wconf 76' lang='grc' dir='ltr'>γὰρ</span> 
     </span>
    </p>
   </div>
   <div class='ocr_carea' id='block_1_55' title="bbox 313 2883 1941 2965">
    <p class='ocr_par' dir='ltr' id='par_1_55' title="bbox 313 2883 1941 2965">
     <span class='ocr_line' id='line_1_55' title="bbox 313 2883 1941 2965; baseline 0.001 -24"><span class='ocrx_word' id='word_1_410' title='bbox 313 2910 334 2941; x_wconf 75' lang='grc' dir='ltr'>ι</span> <span class='ocrx_word' id='word_1_411' title='bbox 368 2884 477 2940; x_wconf 78' lang='grc' dir='ltr'>ἔστι</span> <span class='ocrx_word' id='word_1_412' title='bbox 550 2887 648 2952; x_wconf 76' lang='grc' dir='ltr'>τῆς</span> <span class='ocrx_word' id='word_1_413' title='bbox 693 2888 1030 2949; x_wconf 74' lang='grc' dir='ltr'>ὑποστάσεως</span> <span class='ocrx_word' id='word_1_414' title='bbox 1096 2885 1274 2947; x_wconf 73' lang='grc' dir='ltr'>αὐτοῦ,</span> <span class='ocrx_word' id='word_1_415' title='bbox 1335 2883 1600 2962; x_wconf 86' lang='grc' dir='ltr'>Ἐρμείας.</span> <span class='ocrx_word' id='word_1_416' title='bbox 1661 2887 1941 2965; x_wconf 78' lang='grc' dir='ltr'>Σόμφημι.</span> 
     </span>
    </p>
   </div>
   <div class='ocr_carea' id='block_1_56' title="bbox 313 2973 1940 3053">
    <p class='ocr_par' dir='ltr' id='par_1_56' title="bbox 313 2973 1940 3053">
     <span class='ocr_line' id='line_1_56' title="bbox 313 2973 1940 3053; baseline 0.003 -27"><span class='ocrx_word' id='word_1_417' title='bbox 313 2994 339 3026; x_wconf 72' lang='grc' dir='ltr'>α</span> <span class='ocrx_word' id='word_1_418' title='bbox 375 2973 651 3053; x_wconf 85' lang='grc' dir='ltr'>Κύριλλος.</span> <span class='ocrx_word' id='word_1_419' title='bbox 702 2981 836 3036; x_wconf 86' lang='grc' dir='ltr'>Μιᾶς</span> <span class='ocrx_word' id='word_1_420' title='bbox 908 2975 996 3031; x_wconf 80' lang='grc' dir='ltr'>οῦν</span> <span class='ocrx_word' id='word_1_421' title='bbox 1053 2975 1256 3053; x_wconf 74' lang='grc' dir='ltr'>φύσεως</span> <span class='ocrx_word' id='word_1_422' title='bbox 1299 2973 1352 3028; x_wconf 76' lang='grc' dir='ltr'>ἕν</span> <span class='ocrx_word' id='word_1_423' title='bbox 1408 2977 1495 3029; x_wconf 85' lang='grc' dir='ltr'>καὶ</span> <span class='ocrx_word' id='word_1_424' title='bbox 1549 2976 1610 3029; x_wconf 84' lang='grc' dir='ltr'>τὸ</span> <span class='ocrx_word' id='word_1_425' title='bbox 1680 2981 1892 3049; x_wconf 85' lang='grc' dir='ltr'>Πνεῦμα</span> <span class='ocrx_word' id='word_1_426' title='bbox 1928 2994 1940 3006; x_wconf 85' lang='grc'><strong><em>⁸</em></strong></span> 
     </span>
    </p>
   </div>
   <div class='ocr_carea' id='block_1_57' title="bbox 309 2794 1430 2875">
    <p class='ocr_par' dir='ltr' id='par_1_57' title="bbox 309 2794 1430 2875">
     <span class='ocr_line' id='line_1_57' title="bbox 309 2794 1430 2875; baseline 0 -23"><span class='ocrx_word' id='word_1_427' title='bbox 309 2822 331 2852; x_wconf 76' lang='grc' dir='ltr'>ι</span> <span class='ocrx_word' id='word_1_428' title='bbox 361 2794 630 2852; x_wconf 80' lang='grc' dir='ltr'>τουτέστιν</span> <span class='ocrx_word' id='word_1_429' title='bbox 722 2796 774 2850; x_wconf 79' lang='grc' dir='ltr'>ἐν</span> <span class='ocrx_word' id='word_1_430' title='bbox 855 2800 958 2870; x_wconf 84' lang='grc' dir='ltr'>Υἱῴ</span> <span class='ocrx_word' id='word_1_431' title='bbox 1031 2798 1118 2852; x_wconf 81' lang='grc' dir='ltr'>τὸν</span> <span class='ocrx_word' id='word_1_432' title='bbox 1178 2797 1383 2875; x_wconf 78' lang='grc' dir='ltr'>Πατέρα</span> <span class='ocrx_word' id='word_1_433' title='bbox 1417 2812 1430 2825; x_wconf 87' lang='grc'><strong>⁹</strong></span> 
     </span>
    </p>
   </div>
   <div class='ocr_carea' id='block_1_58' title="bbox 2033 2710 3670 2789">
    <p class='ocr_par' dir='ltr' id='par_1_58' title="bbox 2033 2710 3670 2789">
     <span class='ocr_line' id='line_1_58' title="bbox 2033 2710 3670 2789; baseline -0.002 -16"><span class='ocrx_word' id='word_1_434' title='bbox 2033 2740 2055 2773; x_wconf 87' lang='grc'><strong>‹</strong></span> <span class='ocrx_word' id='word_1_435' title='bbox 2090 2711 2150 2771; x_wconf 91' lang='lat' dir='ltr'>in</span> <span class='ocrx_word' id='word_1_436' title='bbox 2188 2712 2600 2789; x_wconf 82' lang='lat' dir='ltr'>FilioPatrem;</span> <span class='ocrx_word' id='word_1_437' title='bbox 2632 2714 2942 2774; x_wconf 90' lang='lat' dir='ltr'>character</span> <span class='ocrx_word' id='word_1_438' title='bbox 2975 2714 3132 2774; x_wconf 86' lang='lat' dir='ltr'>enim</span> <span class='ocrx_word' id='word_1_439' title='bbox 3164 2710 3548 2774; x_wconf 89' lang='lat' dir='ltr'>subsistentia</span> <span class='ocrx_word' id='word_1_440' title='bbox 3588 2710 3670 2774; x_wconf 89' lang='lat' dir='ltr'>il-</span> 
     </span>
    </p>
   </div>
   <div class='ocr_carea' id='block_1_59' title="bbox 2034 2799 3672 2882">
    <p class='ocr_par' dir='ltr' id='par_1_59' title="bbox 2034 2799 3672 2882">
     <span class='ocr_line' id='line_1_59' title="bbox 2034 2799 3672 2882; baseline 0.001 -22"><span class='ocrx_word' id='word_1_441' title='bbox 2034 2821 2055 2850; x_wconf 80' lang='grc' dir='ltr'>ι</span> <span class='ocrx_word' id='word_1_442' title='bbox 2089 2801 2200 2860; x_wconf 91' lang='lat' dir='ltr'>lius</span> <span class='ocrx_word' id='word_1_443' title='bbox 2214 2799 3470 2882; x_wconf 76' lang='lat' dir='ltr'>est.Hermias.Assentior.Cyrillus.Unius</span> <span class='ocrx_word' id='word_1_444' title='bbox 3492 2799 3672 2879; x_wconf 88' lang='lat' dir='ltr'>igitur</span> 
     </span>
    </p>
   </div>
   <div class='ocr_carea' id='block_1_60' title="bbox 2035 2889 3670 2971">
    <p class='ocr_par' dir='ltr' id='par_1_60' title="bbox 2035 2889 3670 2971">
     <span class='ocr_line' id='line_1_60' title="bbox 2035 2889 3670 2971; baseline 0.001 -22"><span class='ocrx_word' id='word_1_445' title='bbox 2035 2921 2055 2949; x_wconf 76' lang='grc' dir='ltr'>ι</span> <span class='ocrx_word' id='word_1_446' title='bbox 2089 2899 2312 2951; x_wconf 65' lang='lat' dir='ltr'>natura;</span> <span class='ocrx_word' id='word_1_447' title='bbox 2344 2909 2494 2952; x_wconf 91' lang='lat' dir='ltr'>unus</span> <span class='ocrx_word' id='word_1_448' title='bbox 2523 2891 2700 2953; x_wconf 91' lang='lat' dir='ltr'>etiam</span> <span class='ocrx_word' id='word_1_449' title='bbox 2731 2889 3011 2969; x_wconf 79' lang='lat' dir='ltr'>Spiritus,</span> <span class='ocrx_word' id='word_1_450' title='bbox 3042 2899 3098 2952; x_wconf 90' lang='lat' dir='ltr'>et</span> <span class='ocrx_word' id='word_1_451' title='bbox 3129 2889 3398 2971; x_wconf 90' lang='lat' dir='ltr'>procedit</span> <span class='ocrx_word' id='word_1_452' title='bbox 3426 2889 3670 2970; x_wconf 86' lang='lat' dir='ltr'>quidem</span> 
     </span>
    </p>
   </div>
   <div class='ocr_carea' id='block_1_61' title="bbox 2034 2979 3672 3060">
    <p class='ocr_par' dir='ltr' id='par_1_61' title="bbox 2034 2979 3672 3060">
     <span class='ocr_line' id='line_1_61' title="bbox 2034 2979 3672 3060; baseline -0.001 -21"><span class='ocrx_word' id='word_1_453' title='bbox 2034 3004 2056 3032; x_wconf 73' lang='grc' dir='ltr'><em>υ</em></span> <span class='ocrx_word' id='word_1_454' title='bbox 2087 2979 2256 3059; x_wconf 87' lang='lat' dir='ltr'>quasi</span> <span class='ocrx_word' id='word_1_455' title='bbox 2283 2998 2316 3040; x_wconf 88' lang='lat' dir='ltr'>a</span> <span class='ocrx_word' id='word_1_456' title='bbox 2346 2979 2504 3041; x_wconf 90' lang='lat' dir='ltr'>fonte</span> <span class='ocrx_word' id='word_1_457' title='bbox 2536 2982 2732 3060; x_wconf 88' lang='lat' dir='ltr'>Patre,</span> <span class='ocrx_word' id='word_1_458' title='bbox 2769 2990 2862 3041; x_wconf 88' lang='lat' dir='ltr'>est</span> <span class='ocrx_word' id='word_1_459' title='bbox 2913 2988 3107 3042; x_wconf 88' lang='lat' dir='ltr'>autem</span> <span class='ocrx_word' id='word_1_460' title='bbox 3141 2997 3260 3040; x_wconf 90' lang='lat' dir='ltr'>non</span> <span class='ocrx_word' id='word_1_461' title='bbox 3289 2979 3520 3040; x_wconf 86' lang='lat' dir='ltr'>alienus</span> <span class='ocrx_word' id='word_1_462' title='bbox 3551 2985 3609 3038; x_wconf 93' lang='lat' dir='ltr'>et</span> <span class='ocrx_word' id='word_1_463' title='bbox 3637 2996 3672 3039; x_wconf 90' lang='lat' dir='ltr'>a</span> 
     </span>
    </p>
   </div>
   <div class='ocr_carea' id='block_1_62' title="bbox 313 3062 1945 3148">
    <p class='ocr_par' dir='ltr' id='par_1_62' title="bbox 313 3062 1945 3143">
     <span class='ocr_line' id='line_1_62' title="bbox 313 3062 1945 3143; baseline 0.002 -27"><span class='ocrx_word' id='word_1_464' title='bbox 313 3078 336 3108; x_wconf 75' lang='grc' dir='ltr'>ι</span> <span class='ocrx_word' id='word_1_465' title='bbox 367 3065 454 3119; x_wconf 83' lang='grc' dir='ltr'>καὶ</span> <span class='ocrx_word' id='word_1_466' title='bbox 483 3076 774 3143; x_wconf 77' lang='grc' dir='ltr'>προχεῖται</span> <span class='ocrx_word' id='word_1_467' title='bbox 820 3063 920 3137; x_wconf 75' lang='grc' dir='ltr'>μὲν</span> <span class='ocrx_word' id='word_1_468' title='bbox 973 3063 1166 3141; x_wconf 73' lang='grc' dir='ltr'>οἷάπερ</span> <span class='ocrx_word' id='word_1_469' title='bbox 1209 3062 1314 3118; x_wconf 82' lang='grc' dir='ltr'>ἀπὸ</span> <span class='ocrx_word' id='word_1_470' title='bbox 1368 3067 1547 3138; x_wconf 65' lang='grc' dir='ltr'>πηγῆς</span> <span class='ocrx_word' id='word_1_471' title='bbox 1595 3070 1686 3118; x_wconf 85' lang='grc' dir='ltr'>τοῦ</span> <span class='ocrx_word' id='word_1_472' title='bbox 1744 3065 1945 3142; x_wconf 84' lang='grc' dir='ltr'>[Ιατρὸς</span> 
     </span>
    </p>
   </div>
   <div class='ocr_carea' id='block_1_63' title="bbox 2037 3062 3668 3148">
    <p class='ocr_par' dir='ltr' id='par_1_63' title="bbox 2039 3067 3668 3148">
     <span class='ocr_line' id='line_1_63' title="bbox 2039 3067 3668 3148; baseline 0.002 -25"><span class='ocrx_word' id='word_1_473' title='bbox 2039 3096 2057 3123; x_wconf 75' lang='grc' dir='ltr'>ε</span> <span class='ocrx_word' id='word_1_474' title='bbox 2090 3067 2260 3142; x_wconf 85' lang='lat' dir='ltr'>Filio,</span> <span class='ocrx_word' id='word_1_475' title='bbox 2293 3067 2713 3148; x_wconf 89' lang='lat' dir='ltr'>proprietatem</span> <span class='ocrx_word' id='word_1_476' title='bbox 2749 3067 3013 3130; x_wconf 91' lang='lat' dir='ltr'>omnium</span> <span class='ocrx_word' id='word_1_477' title='bbox 3073 3068 3300 3129; x_wconf 89' lang='lat' dir='ltr'>habens</span> <span class='ocrx_word' id='word_1_478' title='bbox 3327 3067 3388 3127; x_wconf 90' lang='lat' dir='ltr'>in</span> <span class='ocrx_word' id='word_1_479' title='bbox 3418 3085 3483 3129; x_wconf 89' lang='lat' dir='ltr'>se</span> <span class='ocrx_word' id='word_1_480' title='bbox 3510 3067 3668 3146; x_wconf 91' lang='lat' dir='ltr'>ipso.</span> 
     </span>
    </p>
   </div>
   <div class='ocr_carea' id='block_1_64' title="bbox 310 3150 1946 3231">
    <p class='ocr_par' dir='ltr' id='par_1_64' title="bbox 310 3150 1946 3231">
     <span class='ocr_line' id='line_1_64' title="bbox 310 3150 1946 3231; baseline 0.001 -24"><span class='ocrx_word' id='word_1_481' title='bbox 310 3175 336 3207; x_wconf 80' lang='grc' dir='ltr'>α</span> <span class='ocrx_word' id='word_1_482' title='bbox 363 3151 473 3211; x_wconf 84' lang='grc' dir='ltr'>’ἐστι</span> <span class='ocrx_word' id='word_1_483' title='bbox 497 3175 561 3231; x_wconf 87' lang='grc' dir='ltr'>γε</span> <span class='ocrx_word' id='word_1_484' title='bbox 617 3153 724 3228; x_wconf 75' lang='grc' dir='ltr'>μήν</span> <span class='ocrx_word' id='word_1_485' title='bbox 776 3154 868 3208; x_wconf 70' lang='grc' dir='ltr'>οὐκ</span> <span class='ocrx_word' id='word_1_486' title='bbox 925 3150 1196 3229; x_wconf 81' lang='grc' dir='ltr'>ἀλλότριον</span> <span class='ocrx_word' id='word_1_487' title='bbox 1251 3153 1342 3207; x_wconf 86' lang='grc' dir='ltr'>τοῦ</span> <span class='ocrx_word' id='word_1_488' title='bbox 1403 3155 1520 3208; x_wconf 82' lang='grc' dir='ltr'>Υἱοῦ</span> <span class='ocrx_word' id='word_1_489' title='bbox 1552 3167 1566 3183; x_wconf 85' lang='grc'><strong>⁸</strong></span> <span class='ocrx_word' id='word_1_490' title='bbox 1639 3151 1946 3230; x_wconf 79' lang='grc' dir='ltr'>γεγέννηται</span> 
     </span>
    </p>
   </div>
   <div class='ocr_carea' id='block_1_65' title="bbox 315 3238 1946 3322">
    <p class='ocr_par' dir='ltr' id='par_1_65' title="bbox 315 3238 1946 3322">
     <span class='ocr_line' id='line_1_65' title="bbox 315 3238 1946 3322; baseline -0.001 -26"><span class='ocrx_word' id='word_1_491' title='bbox 315 3265 340 3296; x_wconf 77' lang='grc' dir='ltr'>α</span> <span class='ocrx_word' id='word_1_492' title='bbox 374 3242 474 3322; x_wconf 72' lang='grc' dir='ltr'>γὰρ</span> <span class='ocrx_word' id='word_1_493' title='bbox 575 3242 671 3310; x_wconf 66' lang='grc' dir='ltr'>τήν</span> <span class='ocrx_word' id='word_1_494' title='bbox 730 3248 819 3297; x_wconf 91' lang='grc' dir='ltr'>τοῦ</span> <span class='ocrx_word' id='word_1_495' title='bbox 875 3242 1076 3314; x_wconf 77' lang='grc' dir='ltr'>Πατρὸς</span> <span class='ocrx_word' id='word_1_496' title='bbox 1160 3238 1394 3306; x_wconf 78' lang='grc' dir='ltr'>ἰδιότητα</span> <span class='ocrx_word' id='word_1_497' title='bbox 1449 3246 1623 3296; x_wconf 81' lang='grc' dir='ltr'>πᾶσαν</span> <span class='ocrx_word' id='word_1_498' title='bbox 1679 3238 1824 3318; x_wconf 67' lang='grc' dir='ltr'>ἔχων</span> <span class='ocrx_word' id='word_1_499' title='bbox 1892 3240 1946 3295; x_wconf 78' lang='grc' dir='ltr'>ἐν</span> 
     </span>
    </p>
   </div>
   <div class='ocr_carea' id='block_1_66' title="bbox 313 3328 1944 3407">
    <p class='ocr_par' dir='ltr' id='par_1_66' title="bbox 313 3328 1944 3407">
     <span class='ocr_line' id='line_1_66' title="bbox 313 3328 1944 3407; baseline -0.001 -21"><span class='ocrx_word' id='word_1_500' title='bbox 313 3350 335 3380; x_wconf 80' lang='lat' dir='ltr'><strong>I</strong></span> <span class='ocrx_word' id='word_1_501' title='bbox 370 3332 558 3404; x_wconf 80' lang='grc' dir='ltr'>ἐαυτῷ.</span> <span class='ocrx_word' id='word_1_502' title='bbox 611 3331 708 3388; x_wconf 82' lang='grc' dir='ltr'>Καὶ</span> <span class='ocrx_word' id='word_1_503' title='bbox 763 3329 975 3407; x_wconf 84' lang='grc' dir='ltr'>ἐπείπερ</span> <span class='ocrx_word' id='word_1_504' title='bbox 1043 3329 1158 3384; x_wconf 84' lang='grc' dir='ltr'>ἐστι</span> <span class='ocrx_word' id='word_1_505' title='bbox 1213 3329 1306 3395; x_wconf 73' lang='grc' dir='ltr'>τῆς</span> <span class='ocrx_word' id='word_1_506' title='bbox 1377 3328 1629 3384; x_wconf 81' lang='grc' dir='ltr'>ἀνωτάτω</span> <span class='ocrx_word' id='word_1_507' title='bbox 1696 3329 1944 3396; x_wconf 74' lang='grc' dir='ltr'>θεότητος</span> 
     </span>
    </p>
   </div>
   <div class='ocr_carea' id='block_1_67' title="bbox 310 3415 1948 3496">
    <p class='ocr_par' dir='ltr' id='par_1_67' title="bbox 310 3415 1948 3496">
     <span class='ocr_line' id='line_1_67' title="bbox 310 3415 1948 3496; baseline -0.003 -18"><span class='ocrx_word' id='word_1_508' title='bbox 310 3446 333 3478; x_wconf 71' lang='grc' dir='ltr'>α</span> <span class='ocrx_word' id='word_1_509' title='bbox 379 3422 406 3474; x_wconf 80' lang='lat' dir='ltr'>&#39;o</span> <span class='ocrx_word' id='word_1_510' title='bbox 438 3417 745 3496; x_wconf 50' lang='grc' dir='ltr'>ἁγιασμὸς</span> <span class='ocrx_word' id='word_1_511' title='bbox 776 3418 835 3474; x_wconf 78' lang='grc' dir='ltr'>οὗ</span> <span class='ocrx_word' id='word_1_512' title='bbox 876 3419 936 3473; x_wconf 77' lang='grc' dir='ltr'>τὸ</span> <span class='ocrx_word' id='word_1_513' title='bbox 1010 3423 1218 3491; x_wconf 78' lang='grc' dir='ltr'>Πνεῦμα</span> <span class='ocrx_word' id='word_1_514' title='bbox 1275 3415 1530 3472; x_wconf 82' lang='grc' dir='ltr'>δεικτικόν</span> <span class='ocrx_word' id='word_1_515' title='bbox 1563 3435 1580 3452; x_wconf 77' lang='grc' dir='ltr'><strong>ο</strong></span> <span class='ocrx_word' id='word_1_516' title='bbox 1639 3417 1792 3495; x_wconf 79' lang='grc' dir='ltr'>ἅγιον</span> <span class='ocrx_word' id='word_1_517' title='bbox 1848 3419 1948 3496; x_wconf 81' lang='grc' dir='ltr'>γὰρ</span> 
     </span>
    </p>
   </div>
   <div class='ocr_carea' id='block_1_68' title="bbox 313 3507 1942 3589">
    <p class='ocr_par' dir='ltr' id='par_1_68' title="bbox 313 3507 1942 3589">
     <span class='ocr_line' id='line_1_68' title="bbox 313 3507 1942 3589; baseline 0 -21"><span class='ocrx_word' id='word_1_518' title='bbox 313 3539 334 3568; x_wconf 79' lang='grc' dir='ltr'>ι</span> <span class='ocrx_word' id='word_1_519' title='bbox 364 3511 500 3568; x_wconf 74' lang='grc' dir='ltr'>κατὰ</span> <span class='ocrx_word' id='word_1_520' title='bbox 555 3511 728 3589; x_wconf 65' lang='grc' dir='ltr'>φύσιν,</span> <span class='ocrx_word' id='word_1_521' title='bbox 789 3510 876 3564; x_wconf 82' lang='grc' dir='ltr'>καὶ</span> <span class='ocrx_word' id='word_1_522' title='bbox 922 3513 1020 3574; x_wconf 79' lang='grc' dir='ltr'>τῆν</span> <span class='ocrx_word' id='word_1_523' title='bbox 1090 3507 1220 3574; x_wconf 82' lang='grc' dir='ltr'>ὅλης</span> <span class='ocrx_word' id='word_1_524' title='bbox 1294 3507 1511 3570; x_wconf 78' lang='grc' dir='ltr'>κτίσεως</span> <span class='ocrx_word' id='word_1_525' title='bbox 1615 3508 1942 3585; x_wconf 76' lang='grc' dir='ltr'>ἂγιαστικόν.</span> 
     </span>
    </p>
   </div>
   <div class='ocr_carea' id='block_1_69' title="bbox 310 3598 1943 3681">
    <p class='ocr_par' dir='ltr' id='par_1_69' title="bbox 310 3598 1943 3681">
     <span class='ocr_line' id='line_1_69' title="bbox 310 3598 1943 3681; baseline -0.001 -23"><span class='ocrx_word' id='word_1_526' title='bbox 310 3627 332 3658; x_wconf 78' lang='grc' dir='ltr'>σ</span> <span class='ocrx_word' id='word_1_527' title='bbox 369 3601 633 3681; x_wconf 78' lang='grc' dir='ltr'>Ἑρμείας.</span> <span class='ocrx_word' id='word_1_528' title='bbox 711 3601 811 3659; x_wconf 71' lang='grc' dir='ltr'>Καὶ</span> <span class='ocrx_word' id='word_1_529' title='bbox 857 3623 936 3662; x_wconf 86' lang='grc' dir='ltr'>τις</span> <span class='ocrx_word' id='word_1_530' title='bbox 995 3598 1056 3654; x_wconf 77' lang='grc' dir='ltr'>ἄν</span> <span class='ocrx_word' id='word_1_531' title='bbox 1116 3599 1319 3678; x_wconf 80' lang='grc' dir='ltr'>γένοιτο</span> <span class='ocrx_word' id='word_1_532' title='bbox 1373 3601 1571 3656; x_wconf 77' lang='grc' dir='ltr'>τούτων</span> <span class='ocrx_word' id='word_1_533' title='bbox 1625 3602 1659 3667; x_wconf 74' lang='grc' dir='ltr'><strong>ἡ</strong></span> <span class='ocrx_word' id='word_1_534' title='bbox 1721 3610 1943 3673; x_wconf 75' lang='grc' dir='ltr'>πίστιςς</span> 
     </span>
    </p>
   </div>
   <div class='ocr_carea' id='block_1_70' title="bbox 310 3687 1948 3768">
    <p class='ocr_par' dir='ltr' id='par_1_70' title="bbox 310 3687 1948 3768">
     <span class='ocr_line' id='line_1_70' title="bbox 310 3687 1948 3768; baseline -0.002 -19"><span class='ocrx_word' id='word_1_535' title='bbox 310 3720 333 3750; x_wconf 75' lang='grc' dir='ltr'>ι</span> <span class='ocrx_word' id='word_1_536' title='bbox 366 3699 487 3756; x_wconf 82' lang='grc' dir='ltr'>Πῶς</span> <span class='ocrx_word' id='word_1_537' title='bbox 519 3691 562 3745; x_wconf 76' lang='grc' dir='ltr'>δ’</span> <span class='ocrx_word' id='word_1_538' title='bbox 595 3690 656 3746; x_wconf 77' lang='grc' dir='ltr'>ἂν</span> <span class='ocrx_word' id='word_1_539' title='bbox 687 3692 902 3766; x_wconf 75' lang='grc' dir='ltr'>μάθοιμι</span> <span class='ocrx_word' id='word_1_540' title='bbox 930 3696 1134 3768; x_wconf 79' lang='grc' dir='ltr'>σαφῶς,</span> <span class='ocrx_word' id='word_1_541' title='bbox 1179 3691 1251 3752; x_wconf 81' lang='grc' dir='ltr'>ὡς</span> <span class='ocrx_word' id='word_1_542' title='bbox 1284 3687 1423 3744; x_wconf 73' lang='grc' dir='ltr'>ἔστιν</span> <span class='ocrx_word' id='word_1_543' title='bbox 1482 3687 1615 3745; x_wconf 79' lang='grc' dir='ltr'>ἴδιον</span> <span class='ocrx_word' id='word_1_544' title='bbox 1673 3696 1763 3746; x_wconf 85' lang='grc' dir='ltr'>τοῦ</span> <span class='ocrx_word' id='word_1_545' title='bbox 1827 3692 1948 3746; x_wconf 79' lang='grc' dir='ltr'>Υἱοῦ</span> 
     </span>
    </p>
   </div>
   <div class='ocr_carea' id='block_1_71' title="bbox 313 3775 1943 3857">
    <p class='ocr_par' dir='ltr' id='par_1_71' title="bbox 313 3775 1943 3857">
     <span class='ocr_line' id='line_1_71' title="bbox 313 3775 1943 3857; baseline -0.001 -22"><span class='ocrx_word' id='word_1_546' title='bbox 313 3806 334 3835; x_wconf 78' lang='grc' dir='ltr'>ι</span> <span class='ocrx_word' id='word_1_547' title='bbox 364 3783 426 3836; x_wconf 84' lang='grc' dir='ltr'>τὸ</span> <span class='ocrx_word' id='word_1_548' title='bbox 457 3786 670 3852; x_wconf 79' lang='grc' dir='ltr'>Πνεῦμα</span> <span class='ocrx_word' id='word_1_549' title='bbox 699 3781 758 3833; x_wconf 82' lang='grc' dir='ltr'>τὸ</span> <span class='ocrx_word' id='word_1_550' title='bbox 804 3778 975 3854; x_wconf 75' lang='grc' dir='ltr'>ιέἰγιον³</span> <span class='ocrx_word' id='word_1_551' title='bbox 1037 3777 1264 3855; x_wconf 73' lang='grc' dir='ltr'>καθάπερ</span> <span class='ocrx_word' id='word_1_552' title='bbox 1322 3775 1502 3852; x_wconf 79' lang='grc' dir='ltr'>ἀμέλει</span> <span class='ocrx_word' id='word_1_553' title='bbox 1551 3784 1640 3833; x_wconf 87' lang='grc' dir='ltr'>τοῦ</span> <span class='ocrx_word' id='word_1_554' title='bbox 1699 3778 1943 3857; x_wconf 85' lang='grc' dir='ltr'>Πατρός;</span> 
     </span>
    </p>
   </div>
   <div class='ocr_carea' id='block_1_72' title="bbox 313 3864 1948 3945">
    <p class='ocr_par' dir='ltr' id='par_1_72' title="bbox 313 3864 1948 3945">
     <span class='ocr_line' id='line_1_72' title="bbox 313 3864 1948 3945; baseline 0 -22"><span class='ocrx_word' id='word_1_555' title='bbox 313 3893 336 3923; x_wconf 73' lang='grc' dir='ltr'>ι</span> <span class='ocrx_word' id='word_1_556' title='bbox 368 3867 645 3945; x_wconf 82' lang='grc' dir='ltr'>Κύριλλος,</span> <span class='ocrx_word' id='word_1_557' title='bbox 702 3869 804 3924; x_wconf 83' lang='grc' dir='ltr'>.οὒ</span> <span class='ocrx_word' id='word_1_558' title='bbox 872 3868 1080 3944; x_wconf 79' lang='grc' dir='ltr'>θύραθεν</span> <span class='ocrx_word' id='word_1_559' title='bbox 1136 3867 1269 3938; x_wconf 74' lang='grc' dir='ltr'>ἡμῖν</span> <span class='ocrx_word' id='word_1_560' title='bbox 1301 3868 1328 3920; x_wconf 94' lang='lat'>6</span> <span class='ocrx_word' id='word_1_561' title='bbox 1386 3867 1606 3945; x_wconf 71' lang='grc' dir='ltr'>μάρτυς,</span> <span class='ocrx_word' id='word_1_562' title='bbox 1685 3868 1837 3923; x_wconf 82' lang='grc' dir='ltr'>αὐτὸν</span> <span class='ocrx_word' id='word_1_563' title='bbox 1894 3864 1948 3922; x_wconf 74' lang='grc' dir='ltr'>δὲ</span> 
     </span>
    </p>
   </div>
   <div class='ocr_carea' id='block_1_73' title="bbox 312 3943 1950 4035">
    <p class='ocr_par' dir='ltr' id='par_1_73' title="bbox 312 3943 1950 4035">
     <span class='ocr_line' id='line_1_73' title="bbox 312 3943 1950 4035; baseline -0.001 -23"><span class='ocrx_word' id='word_1_564' title='bbox 312 3981 334 4013; x_wconf 77' lang='grc' dir='ltr'>ι</span> <span class='ocrx_word' id='word_1_565' title='bbox 369 3943 654 4032; x_wconf 63' lang='grc' dir='ltr'>εἷσαομίσω</span> <span class='ocrx_word' id='word_1_566' title='bbox 681 3957 887 4032; x_wconf 76' lang='grc' dir='ltr'>βοῶντα</span> <span class='ocrx_word' id='word_1_567' title='bbox 914 3943 1005 4010; x_wconf 82' lang='grc' dir='ltr'>τὸν</span> <span class='ocrx_word' id='word_1_568' title='bbox 1058 3954 1276 4032; x_wconf 59' lang='grc' dir='ltr'>Χριστόν</span> <span class='ocrx_word' id='word_1_569' title='bbox 1306 3970 1318 3983; x_wconf 89' lang='grc'><strong><em>⁸</em></strong></span> <span class='ocrx_word' id='word_1_570' title='bbox 1401 3983 1422 4013; x_wconf 79' lang='grc' dir='ltr'>ι</span> <span class='ocrx_word' id='word_1_571' title='bbox 1457 3943 1600 4011; x_wconf 21' lang='grc' dir='ltr'>ἱἘτιν</span> <span class='ocrx_word' id='word_1_572' title='bbox 1634 3953 1806 4012; x_wconf 79' lang='grc' dir='ltr'>πολλὰ</span> <span class='ocrx_word' id='word_1_573' title='bbox 1834 3955 1950 4035; x_wconf 71' lang='grc' dir='ltr'>ἔχω</span> 
     </span>
    </p>
   </div>
   <div class='ocr_carea' id='block_1_74' title="bbox 310 4042 1944 4125">
    <p class='ocr_par' dir='ltr' id='par_1_74' title="bbox 310 4042 1944 4125">
     <span class='ocr_line' id='line_1_74' title="bbox 310 4042 1944 4125; baseline 0.021 -28"><span class='ocrx_word' id='word_1_574' title='bbox 310 4067 332 4097; x_wconf 89' lang='grc'>.</span> <span class='ocrx_word' id='word_1_575' title='bbox 367 4045 542 4125; x_wconf 81' lang='grc' dir='ltr'>λέγειν</span> <span class='ocrx_word' id='word_1_576' title='bbox 611 4045 765 4120; x_wconf 70' lang='grc' dir='ltr'>ὑμῖν»</span> <span class='ocrx_word' id='word_1_577' title='bbox 826 4043 942 4100; x_wconf 77' lang='grc' dir='ltr'>ἄλλ’</span> <span class='ocrx_word' id='word_1_578' title='bbox 1018 4045 1076 4100; x_wconf 69' lang='grc' dir='ltr'>οὒ</span> <span class='ocrx_word' id='word_1_579' title='bbox 1156 4042 1368 4099; x_wconf 71' lang='grc' dir='ltr'>δύνασθε</span> <span class='ocrx_word' id='word_1_580' title='bbox 1453 4045 1727 4120; x_wconf 69' lang='grc' dir='ltr'>βαστάζειν</span> <span class='ocrx_word' id='word_1_581' title='bbox 1787 4043 1944 4122; x_wconf 61' lang='grc' dir='ltr'>ἄρτν</span> 
     </span>
    </p>
   </div>
   <div class='ocr_carea' id='block_1_75' title="bbox 315 4132 1944 4210">
    <p class='ocr_par' dir='ltr' id='par_1_75' title="bbox 315 4132 1944 4210">
     <span class='ocr_line' id='line_1_75' title="bbox 315 4132 1944 4210; baseline -0.002 -19"><span class='ocrx_word' id='word_1_582' title='bbox 315 4165 334 4192; x_wconf 80' lang='grc' dir='ltr'>ι</span> <span class='ocrx_word' id='word_1_583' title='bbox 370 4135 497 4191; x_wconf 81' lang='grc' dir='ltr'>ὅταν</span> <span class='ocrx_word' id='word_1_584' title='bbox 559 4133 613 4190; x_wconf 74' lang='grc' dir='ltr'>δὲ</span> <span class='ocrx_word' id='word_1_585' title='bbox 671 4133 796 4210; x_wconf 73' lang='grc' dir='ltr'>ἔλθῃ</span> <span class='ocrx_word' id='word_1_586' title='bbox 851 4133 1074 4205; x_wconf 80' lang='grc' dir='ltr'>ἐκεῖνος,</span> <span class='ocrx_word' id='word_1_587' title='bbox 1137 4134 1198 4188; x_wconf 81' lang='grc' dir='ltr'>τὸ</span> <span class='ocrx_word' id='word_1_588' title='bbox 1255 4139 1462 4206; x_wconf 73' lang='grc' dir='ltr'>Πνεῦμα</span> <span class='ocrx_word' id='word_1_589' title='bbox 1522 4138 1618 4200; x_wconf 77' lang='grc' dir='ltr'>τῆς</span> <span class='ocrx_word' id='word_1_590' title='bbox 1676 4132 1944 4208; x_wconf 75' lang='grc' dir='ltr'>ἀληθείας,</span> 
     </span>
    </p>
   </div>
   <div class='ocr_carea' id='block_1_76' title="bbox 311 4220 1949 4301">
    <p class='ocr_par' dir='ltr' id='par_1_76' title="bbox 311 4220 1949 4301">
     <span class='ocr_line' id='line_1_76' title="bbox 311 4220 1949 4301; baseline -0.009 -19"><span class='ocrx_word' id='word_1_591' title='bbox 311 4251 333 4282; x_wconf 80' lang='grc' dir='ltr'>ι</span> <span class='ocrx_word' id='word_1_592' title='bbox 379 4222 631 4301; x_wconf 61' lang='grc' dir='ltr'>ὁδηγήσει</span> <span class='ocrx_word' id='word_1_593' title='bbox 693 4224 823 4298; x_wconf 70' lang='grc' dir='ltr'>ὅμᾶς</span> <span class='ocrx_word' id='word_1_594' title='bbox 882 4223 935 4277; x_wconf 84' lang='grc' dir='ltr'>ἐν</span> <span class='ocrx_word' id='word_1_595' title='bbox 982 4228 1050 4289; x_wconf 79' lang='grc' dir='ltr'><strong>τῆ</strong></span> <span class='ocrx_word' id='word_1_596' title='bbox 1110 4220 1328 4292; x_wconf 72' lang='grc' dir='ltr'>άληθία</span> <span class='ocrx_word' id='word_1_597' title='bbox 1397 4222 1543 4298; x_wconf 72' lang='grc' dir='ltr'>πάσῃ</span> <span class='ocrx_word' id='word_1_598' title='bbox 1588 4225 1646 4280; x_wconf 71' lang='grc' dir='ltr'>οὗ</span> <span class='ocrx_word' id='word_1_599' title='bbox 1703 4224 1802 4300; x_wconf 76' lang='grc' dir='ltr'>γὰρ</span> <span class='ocrx_word' id='word_1_600' title='bbox 1846 4222 1949 4278; x_wconf 88' lang='grc' dir='ltr'>λα..</span> 
     </span>
    </p>
   </div>
   <div class='ocr_carea' id='block_1_77' title="bbox 2039 3153 3666 3235">
    <p class='ocr_par' dir='ltr' id='par_1_77' title="bbox 2039 3153 3666 3235">
     <span class='ocr_line' id='line_1_77' title="bbox 2039 3153 3666 3235; baseline 0.002 -22"><span class='ocrx_word' id='word_1_601' title='bbox 2039 3185 2058 3212; x_wconf 79' lang='grc' dir='ltr'>ι</span> <span class='ocrx_word' id='word_1_602' title='bbox 2092 3153 2163 3215; x_wconf 86' lang='lat' dir='ltr'>Et</span> <span class='ocrx_word' id='word_1_603' title='bbox 2191 3155 2468 3235; x_wconf 86' lang='lat' dir='ltr'>quoniam</span> <span class='ocrx_word' id='word_1_604' title='bbox 2521 3166 2610 3217; x_wconf 92' lang='lat' dir='ltr'>est</span> <span class='ocrx_word' id='word_1_605' title='bbox 2665 3175 2910 3218; x_wconf 65' lang='lat' dir='ltr'>summa;</span> <span class='ocrx_word' id='word_1_606' title='bbox 2965 3155 3212 3218; x_wconf 87' lang='lat' dir='ltr'>Deitatis</span> <span class='ocrx_word' id='word_1_607' title='bbox 3259 3155 3666 3229; x_wconf 84' lang='lat' dir='ltr'>sanctiﬁcatio,</span> 
     </span>
    </p>
   </div>
   <div class='ocr_carea' id='block_1_78' title="bbox 2038 3243 3673 3324">
    <p class='ocr_par' dir='ltr' id='par_1_78' title="bbox 2038 3243 3673 3324">
     <span class='ocr_line' id='line_1_78' title="bbox 2038 3243 3673 3324; baseline 0.001 -21"><span class='ocrx_word' id='word_1_608' title='bbox 2038 3273 2059 3303; x_wconf 75' lang='grc' dir='ltr'><strong><em>σ</em></strong></span> <span class='ocrx_word' id='word_1_609' title='bbox 2095 3263 2266 3324; x_wconf 89' lang='lat' dir='ltr'>quam</span> <span class='ocrx_word' id='word_1_610' title='bbox 2301 3243 2556 3324; x_wconf 87' lang='lat' dir='ltr'>Spiritus</span> <span class='ocrx_word' id='word_1_611' title='bbox 2588 3245 2866 3307; x_wconf 89' lang='lat' dir='ltr'>ostendit:</span> <span class='ocrx_word' id='word_1_612' title='bbox 2891 3253 3129 3308; x_wconf 89' lang='lat' dir='ltr'>sanctus</span> <span class='ocrx_word' id='word_1_613' title='bbox 3157 3244 3318 3306; x_wconf 85' lang='lat' dir='ltr'>enim</span> <span class='ocrx_word' id='word_1_614' title='bbox 3349 3251 3440 3306; x_wconf 89' lang='lat' dir='ltr'>est</span> <span class='ocrx_word' id='word_1_615' title='bbox 3462 3261 3673 3306; x_wconf 87' lang='lat' dir='ltr'>secun-</span> 
     </span>
    </p>
   </div>
   <div class='ocr_carea' id='block_1_79' title="bbox 2041 3333 3671 3396">
    <p class='ocr_par' dir='ltr' id='par_1_79' title="bbox 2041 3333 3671 3396">
     <span class='ocr_line' id='line_1_79' title="bbox 2041 3333 3671 3396; baseline -0.001 -2"><span class='ocrx_word' id='word_1_616' title='bbox 2041 3365 2060 3394; x_wconf 81' lang='grc' dir='ltr'>ι</span> <span class='ocrx_word' id='word_1_617' title='bbox 2099 3334 2237 3394; x_wconf 91' lang='lat' dir='ltr'>dum</span> <span class='ocrx_word' id='word_1_618' title='bbox 2271 3341 2538 3394; x_wconf 89' lang='lat' dir='ltr'>naturam</span> <span class='ocrx_word' id='word_1_619' title='bbox 2596 3340 2654 3394; x_wconf 92' lang='lat' dir='ltr'>et</span> <span class='ocrx_word' id='word_1_620' title='bbox 2704 3334 2900 3394; x_wconf 88' lang='lat' dir='ltr'>omnis</span> <span class='ocrx_word' id='word_1_621' title='bbox 2931 3341 3222 3396; x_wconf 61' lang='lat' dir='ltr'>creaturas</span> <span class='ocrx_word' id='word_1_622' title='bbox 3253 3333 3671 3394; x_wconf 84' lang='lat' dir='ltr'>sanctiﬁcator.</span> 
     </span>
    </p>
   </div>
   <div class='ocr_carea' id='block_1_80' title="bbox 2034 3420 3674 3503">
    <p class='ocr_par' dir='ltr' id='par_1_80' title="bbox 2034 3420 3674 3503">
     <span class='ocr_line' id='line_1_80' title="bbox 2034 3420 3674 3503; baseline 0.002 -25"><span class='ocrx_word' id='word_1_623' title='bbox 2034 3447 2056 3478; x_wconf 79' lang='grc' dir='ltr'>(ι</span> <span class='ocrx_word' id='word_1_624' title='bbox 2097 3425 2298 3484; x_wconf 82' lang='lat' dir='ltr'>Herm.</span> <span class='ocrx_word' id='word_1_625' title='bbox 2336 3420 2404 3482; x_wconf 90' lang='lat' dir='ltr'>Et</span> <span class='ocrx_word' id='word_1_626' title='bbox 2449 3439 2577 3502; x_wconf 78' lang='lat' dir='ltr'>quae</span> <span class='ocrx_word' id='word_1_627' title='bbox 2606 3421 2718 3483; x_wconf 91' lang='lat' dir='ltr'>erit</span> <span class='ocrx_word' id='word_1_628' title='bbox 2749 3424 2959 3484; x_wconf 87' lang='lat' dir='ltr'>borum</span> <span class='ocrx_word' id='word_1_629' title='bbox 3014 3422 3208 3485; x_wconf 82' lang='lat' dir='ltr'>fides?</span> <span class='ocrx_word' id='word_1_630' title='bbox 3236 3423 3346 3484; x_wconf 86' lang='lat' dir='ltr'>Vel</span> <span class='ocrx_word' id='word_1_631' title='bbox 3377 3421 3674 3503; x_wconf 90' lang='lat' dir='ltr'>quomodo</span> 
     </span>
    </p>
   </div>
   <div class='ocr_carea' id='block_1_81' title="bbox 2035 3511 3670 3591">
    <p class='ocr_par' dir='ltr' id='par_1_81' title="bbox 2035 3511 3670 3591">
     <span class='ocr_line' id='line_1_81' title="bbox 2035 3511 3670 3591; baseline 0.001 -20"><span class='ocrx_word' id='word_1_632' title='bbox 2035 3539 2059 3571; x_wconf 85' lang='grc'><strong><em>‹</em></strong></span> <span class='ocrx_word' id='word_1_633' title='bbox 2094 3511 2410 3572; x_wconf 82' lang='lat' dir='ltr'>manifeste</span> <span class='ocrx_word' id='word_1_634' title='bbox 2441 3511 3061 3590; x_wconf 86' lang='lat' dir='ltr'>discerem,Spiritum</span> <span class='ocrx_word' id='word_1_635' title='bbox 3093 3520 3363 3574; x_wconf 90' lang='lat' dir='ltr'>sanctum</span> <span class='ocrx_word' id='word_1_636' title='bbox 3384 3529 3516 3572; x_wconf 91' lang='lat' dir='ltr'>esse</span> <span class='ocrx_word' id='word_1_637' title='bbox 3540 3529 3670 3591; x_wconf 83' lang='lat' dir='ltr'>pro-</span> 
     </span>
    </p>
   </div>
   <div class='ocr_carea' id='block_1_82' title="bbox 2040 3599 3675 3681">
    <p class='ocr_par' dir='ltr' id='par_1_82' title="bbox 2040 3599 3675 3681">
     <span class='ocr_line' id='line_1_82' title="bbox 2040 3599 3675 3681; baseline 0.001 -22"><span class='ocrx_word' id='word_1_638' title='bbox 2040 3628 2060 3658; x_wconf 76' lang='grc' dir='ltr'>ι</span> <span class='ocrx_word' id='word_1_639' title='bbox 2095 3601 2286 3680; x_wconf 89' lang='lat' dir='ltr'>prium</span> <span class='ocrx_word' id='word_1_640' title='bbox 2318 3600 2450 3660; x_wconf 91' lang='lat' dir='ltr'>Filii</span> <span class='ocrx_word' id='word_1_641' title='bbox 2481 3601 2634 3662; x_wconf 89' lang='lat' dir='ltr'>sicut</span> <span class='ocrx_word' id='word_1_642' title='bbox 2663 3600 2894 3662; x_wconf 87' lang='lat' dir='ltr'>scilicet</span> <span class='ocrx_word' id='word_1_643' title='bbox 2947 3609 3006 3662; x_wconf 90' lang='lat' dir='ltr'>et</span> <span class='ocrx_word' id='word_1_644' title='bbox 3053 3600 3281 3663; x_wconf 80' lang='lat' dir='ltr'>Patris?</span> <span class='ocrx_word' id='word_1_645' title='bbox 3313 3599 3508 3681; x_wconf 77' lang='lat' dir='ltr'>Cyril.</span> <span class='ocrx_word' id='word_1_646' title='bbox 3542 3601 3675 3662; x_wconf 88' lang='lat' dir='ltr'>Non</span> 
     </span>
    </p>
   </div>
   <div class='ocr_carea' id='block_1_83' title="bbox 2039 3688 3676 3771">
    <p class='ocr_par' dir='ltr' id='par_1_83' title="bbox 2039 3688 3676 3771">
     <span class='ocr_line' id='line_1_83' title="bbox 2039 3688 3676 3771; baseline 0.002 -22"><span class='ocrx_word' id='word_1_647' title='bbox 2039 3707 2060 3737; x_wconf 76' lang='grc' dir='ltr'>α</span> <span class='ocrx_word' id='word_1_648' title='bbox 2091 3699 2407 3750; x_wconf 82' lang='lat' dir='ltr'>extranens</span> <span class='ocrx_word' id='word_1_649' title='bbox 2446 3688 2560 3750; x_wconf 92' lang='lat' dir='ltr'>erit</span> <span class='ocrx_word' id='word_1_650' title='bbox 2589 3690 2776 3770; x_wconf 86' lang='lat' dir='ltr'>testis,</span> <span class='ocrx_word' id='word_1_651' title='bbox 2811 3689 2917 3752; x_wconf 90' lang='lat' dir='ltr'>sed</span> <span class='ocrx_word' id='word_1_652' title='bbox 2948 3691 3141 3771; x_wconf 88' lang='lat' dir='ltr'>ipsum</span> <span class='ocrx_word' id='word_1_653' title='bbox 3192 3690 3495 3754; x_wconf 88' lang='lat' dir='ltr'>Christum</span> <span class='ocrx_word' id='word_1_654' title='bbox 3526 3689 3676 3752; x_wconf 74' lang='lat' dir='ltr'>affe-</span> 
     </span>
    </p>
   </div>
   <div class='ocr_carea' id='block_1_84' title="bbox 2034 3777 3675 3842">
    <p class='ocr_par' dir='ltr' id='par_1_84' title="bbox 2034 3777 3675 3842">
     <span class='ocr_line' id='line_1_84' title="bbox 2034 3777 3675 3842; baseline 0 -4"><span class='ocrx_word' id='word_1_655' title='bbox 2034 3807 2056 3838; x_wconf 80' lang='grc'><strong>«</strong></span> <span class='ocrx_word' id='word_1_656' title='bbox 2093 3797 2216 3838; x_wconf 85' lang='lat' dir='ltr'>ram</span> <span class='ocrx_word' id='word_1_657' title='bbox 2250 3779 2545 3840; x_wconf 86' lang='lat' dir='ltr'>dicentem</span> <span class='ocrx_word' id='word_1_658' title='bbox 2584 3799 2598 3838; x_wconf 91' lang='lat'><strong>:</strong></span> <span class='ocrx_word' id='word_1_659' title='bbox 2643 3804 2664 3833; x_wconf 78' lang='grc' dir='ltr'>ι</span> <span class='ocrx_word' id='word_1_660' title='bbox 2687 3779 2900 3841; x_wconf 86' lang='lat' dir='ltr'>Adhuc</span> <span class='ocrx_word' id='word_1_661' title='bbox 2935 3781 3119 3842; x_wconf 82' lang='lat' dir='ltr'>multa</span> <span class='ocrx_word' id='word_1_662' title='bbox 3167 3779 3357 3841; x_wconf 89' lang='lat' dir='ltr'>habeo</span> <span class='ocrx_word' id='word_1_663' title='bbox 3386 3777 3552 3840; x_wconf 88' lang='lat' dir='ltr'>vobis</span> <span class='ocrx_word' id='word_1_664' title='bbox 3581 3777 3675 3840; x_wconf 87' lang='lat' dir='ltr'>di-</span> 
     </span>
    </p>
   </div>
   <div class='ocr_carea' id='block_1_85' title="bbox 2037 3867 3676 3950">
    <p class='ocr_par' dir='ltr' id='par_1_85' title="bbox 2037 3867 3676 3950">
     <span class='ocr_line' id='line_1_85' title="bbox 2037 3867 3676 3950; baseline 0.004 -27"><span class='ocrx_word' id='word_1_665' title='bbox 2037 3897 2056 3923; x_wconf 71' lang='lat'><em>.</em></span> <span class='ocrx_word' id='word_1_666' title='bbox 2095 3868 2361 3943; x_wconf 89' lang='lat' dir='ltr'>cere,sed</span> <span class='ocrx_word' id='word_1_667' title='bbox 2397 3886 2513 3928; x_wconf 89' lang='lat' dir='ltr'>non</span> <span class='ocrx_word' id='word_1_668' title='bbox 2545 3869 2794 3947; x_wconf 86' lang='lat' dir='ltr'>potestis</span> <span class='ocrx_word' id='word_1_669' title='bbox 2826 3880 3063 3950; x_wconf 87' lang='lat' dir='ltr'>portare</span> <span class='ocrx_word' id='word_1_670' title='bbox 3086 3869 3259 3930; x_wconf 91' lang='lat' dir='ltr'>modo</span> <span class='ocrx_word' id='word_1_671' title='bbox 3284 3868 3364 3930; x_wconf 68' lang='lat'>94.</span> <span class='ocrx_word' id='word_1_672' title='bbox 3394 3890 3416 3920; x_wconf 77' lang='grc' dir='ltr'><strong><em>ι</em></strong></span> <span class='ocrx_word' id='word_1_673' title='bbox 3439 3867 3676 3948; x_wconf 85' lang='lat' dir='ltr'>quando</span> 
     </span>
    </p>
   </div>
   <div class='ocr_carea' id='block_1_86' title="bbox 2039 3956 3680 4039">
    <p class='ocr_par' dir='ltr' id='par_1_86' title="bbox 2039 3956 3680 4039">
     <span class='ocr_line' id='line_1_86' title="bbox 2039 3956 3680 4039; baseline 0.002 -25"><span class='ocrx_word' id='word_1_674' title='bbox 2039 3989 2056 4014; x_wconf 76' lang='grc' dir='ltr'>ι</span> <span class='ocrx_word' id='word_1_675' title='bbox 2095 3965 2288 4017; x_wconf 88' lang='lat' dir='ltr'>autem</span> <span class='ocrx_word' id='word_1_676' title='bbox 2318 3957 2550 4018; x_wconf 89' lang='lat' dir='ltr'>venerit</span> <span class='ocrx_word' id='word_1_677' title='bbox 2582 3957 2682 4018; x_wconf 91' lang='lat' dir='ltr'>ille</span> <span class='ocrx_word' id='word_1_678' title='bbox 2713 3958 2968 4039; x_wconf 89' lang='lat' dir='ltr'>Spiritus</span> <span class='ocrx_word' id='word_1_679' title='bbox 2991 3956 3270 4038; x_wconf 89' lang='lat' dir='ltr'>veritatis,</span> <span class='ocrx_word' id='word_1_680' title='bbox 3301 3957 3557 4019; x_wconf 88' lang='lat' dir='ltr'>deducet</span> <span class='ocrx_word' id='word_1_681' title='bbox 3576 3975 3680 4017; x_wconf 91' lang='lat' dir='ltr'>vos</span> 
     </span>
    </p>
   </div>
   <div class='ocr_carea' id='block_1_87' title="bbox 2041 4045 3680 4128">
    <p class='ocr_par' dir='ltr' id='par_1_87' title="bbox 2041 4045 3680 4128">
     <span class='ocr_line' id='line_1_87' title="bbox 2041 4045 3680 4128; baseline 0.001 -24"><span class='ocrx_word' id='word_1_682' title='bbox 2041 4075 2060 4103; x_wconf 77' lang='grc' dir='ltr'>ι</span> <span class='ocrx_word' id='word_1_683' title='bbox 2095 4045 2153 4105; x_wconf 88' lang='lat' dir='ltr'>in</span> <span class='ocrx_word' id='word_1_684' title='bbox 2215 4063 2449 4106; x_wconf 89' lang='lat' dir='ltr'>omnem</span> <span class='ocrx_word' id='word_1_685' title='bbox 2511 4047 2812 4107; x_wconf 83' lang='lat' dir='ltr'>veritatem</span> <span class='ocrx_word' id='word_1_686' title='bbox 2846 4065 2859 4110; x_wconf 94' lang='lat'>:</span> <span class='ocrx_word' id='word_1_687' title='bbox 2888 4067 3004 4108; x_wconf 92' lang='lat' dir='ltr'>non</span> <span class='ocrx_word' id='word_1_688' title='bbox 3037 4048 3194 4108; x_wconf 85' lang='lat' dir='ltr'>enim</span> <span class='ocrx_word' id='word_1_689' title='bbox 3251 4048 3524 4128; x_wconf 85' lang='lat' dir='ltr'>loquetur</span> <span class='ocrx_word' id='word_1_690' title='bbox 3551 4064 3586 4107; x_wconf 83' lang='lat' dir='ltr'>a</span> <span class='ocrx_word' id='word_1_691' title='bbox 3616 4063 3680 4106; x_wconf 93' lang='lat' dir='ltr'>se</span> 
     </span>
    </p>
   </div>
   <div class='ocr_carea' id='block_1_88' title="bbox 2041 4134 3678 4216">
    <p class='ocr_par' dir='ltr' id='par_1_88' title="bbox 2041 4134 3678 4216">
     <span class='ocr_line' id='line_1_88' title="bbox 2041 4134 3678 4216; baseline 0.001 -23"><span class='ocrx_word' id='word_1_692' title='bbox 2041 4164 2062 4192; x_wconf 76' lang='grc' dir='ltr'>ιι</span> <span class='ocrx_word' id='word_1_693' title='bbox 2095 4134 2359 4214; x_wconf 87' lang='lat' dir='ltr'>ipso,sed</span> <span class='ocrx_word' id='word_1_694' title='bbox 2393 4153 2524 4214; x_wconf 65' lang='lat' dir='ltr'>quae</span> <span class='ocrx_word' id='word_1_695' title='bbox 2553 4135 2810 4195; x_wconf 79' lang='lat' dir='ltr'>audierit</span> <span class='ocrx_word' id='word_1_696' title='bbox 2838 4136 3137 4216; x_wconf 90' lang='lat' dir='ltr'>loquetur,</span> <span class='ocrx_word' id='word_1_697' title='bbox 3181 4143 3237 4196; x_wconf 92' lang='lat' dir='ltr'>et</span> <span class='ocrx_word' id='word_1_698' title='bbox 3268 4154 3403 4215; x_wconf 72' lang='lat' dir='ltr'>quae</span> <span class='ocrx_word' id='word_1_699' title='bbox 3428 4143 3678 4196; x_wconf 87' lang='lat' dir='ltr'>ventura</span> 
     </span>
    </p>
   </div>
   <div class='ocr_carea' id='block_1_89' title="bbox 2042 4221 3681 4303">
    <p class='ocr_par' dir='ltr' id='par_1_89' title="bbox 2042 4221 3681 4303">
     <span class='ocr_line' id='line_1_89' title="bbox 2042 4221 3681 4303; baseline 0 -21"><span class='ocrx_word' id='word_1_700' title='bbox 2042 4256 2061 4282; x_wconf 71' lang='grc' dir='ltr'><strong><em>α</em></strong></span> <span class='ocrx_word' id='word_1_701' title='bbox 2097 4230 2235 4284; x_wconf 92' lang='lat' dir='ltr'>sunt</span> <span class='ocrx_word' id='word_1_702' title='bbox 2265 4221 2638 4282; x_wconf 88' lang='lat' dir='ltr'>annuntiabit</span> <span class='ocrx_word' id='word_1_703' title='bbox 2671 4222 2859 4286; x_wconf 91' lang='lat' dir='ltr'>vobis.</span> <span class='ocrx_word' id='word_1_704' title='bbox 2895 4222 3108 4286; x_wconf 89' lang='lat' dir='ltr'>Omnia</span> <span class='ocrx_word' id='word_1_705' title='bbox 3138 4241 3270 4303; x_wconf 61' lang='lat' dir='ltr'>qua;</span> <span class='ocrx_word' id='word_1_706' title='bbox 3295 4222 3473 4284; x_wconf 87' lang='lat' dir='ltr'>habet</span> <span class='ocrx_word' id='word_1_707' title='bbox 3509 4221 3681 4284; x_wconf 89' lang='lat' dir='ltr'>Pater</span> 
     </span>
    </p>
   </div>
   <div class='ocr_carea' id='block_1_90' title="bbox 311 4308 1945 4392">
    <p class='ocr_par' dir='ltr' id='par_1_90' title="bbox 311 4308 1945 4391">
     <span class='ocr_line' id='line_1_90' title="bbox 311 4308 1945 4391; baseline 0.001 -26"><span class='ocrx_word' id='word_1_708' title='bbox 311 4335 332 4365; x_wconf 76' lang='grc' dir='ltr'>σ</span> <span class='ocrx_word' id='word_1_709' title='bbox 396 4311 549 4382; x_wconf 79' lang='grc' dir='ltr'>λήσει</span> <span class='ocrx_word' id='word_1_710' title='bbox 605 4311 693 4391; x_wconf 63' lang='grc' dir='ltr'>ἀφ’</span> <span class='ocrx_word' id='word_1_711' title='bbox 749 4311 955 4382; x_wconf 79' lang='grc' dir='ltr'>ἑαυτοῦ,</span> <span class='ocrx_word' id='word_1_712' title='bbox 1016 4308 1142 4365; x_wconf 80' lang='grc' dir='ltr'>ἀλλ’</span> <span class='ocrx_word' id='word_1_713' title='bbox 1181 4308 1278 4364; x_wconf 76' lang='grc' dir='ltr'>ὅσα</span> <span class='ocrx_word' id='word_1_714' title='bbox 1325 4309 1382 4364; x_wconf 69' lang='grc' dir='ltr'>ἄν</span> <span class='ocrx_word' id='word_1_715' title='bbox 1440 4310 1644 4386; x_wconf 73' lang='grc' dir='ltr'>ἀκοὺση</span> <span class='ocrx_word' id='word_1_716' title='bbox 1701 4309 1945 4390; x_wconf 62' lang='grc' dir='ltr'>λαλήσει³</span> 
     </span>
    </p>
   </div>
   <div class='ocr_carea' id='block_1_91' title="bbox 2037 4308 3681 4392">
    <p class='ocr_par' dir='ltr' id='par_1_91' title="bbox 2042 4310 3681 4392">
     <span class='ocr_line' id='line_1_91' title="bbox 2042 4310 3681 4392; baseline 0.001 -22"><span class='ocrx_word' id='word_1_717' title='bbox 2042 4331 2061 4359; x_wconf 74' lang='grc' dir='ltr'>ε</span> <span class='ocrx_word' id='word_1_718' title='bbox 2102 4329 2231 4371; x_wconf 89' lang='lat' dir='ltr'>mea</span> <span class='ocrx_word' id='word_1_719' title='bbox 2287 4319 2463 4373; x_wconf 89' lang='lat' dir='ltr'>sunt:</span> <span class='ocrx_word' id='word_1_720' title='bbox 2499 4319 2812 4390; x_wconf 86' lang='lat' dir='ltr'>propterea</span> <span class='ocrx_word' id='word_1_721' title='bbox 2863 4311 2984 4372; x_wconf 83' lang='lat' dir='ltr'>dixi</span> <span class='ocrx_word' id='word_1_722' title='bbox 3041 4312 3206 4373; x_wconf 88' lang='lat' dir='ltr'>vobis</span> <span class='ocrx_word' id='word_1_723' title='bbox 3255 4312 3320 4361; x_wconf 61' lang='lat'>93</span> <span class='ocrx_word' id='word_1_724' title='bbox 3371 4311 3511 4392; x_wconf 90' lang='lat' dir='ltr'>quia</span> <span class='ocrx_word' id='word_1_725' title='bbox 3543 4336 3566 4368; x_wconf 73' lang='grc' dir='ltr'>ι</span> <span class='ocrx_word' id='word_1_726' title='bbox 3596 4310 3681 4372; x_wconf 91' lang='lat' dir='ltr'>De</span> 
     </span>
    </p>
   </div>
   <div class='ocr_carea' id='block_1_92' title="bbox 312 4396 1945 4479">
    <p class='ocr_par' dir='ltr' id='par_1_92' title="bbox 312 4396 1945 4478">
     <span class='ocr_line' id='line_1_92' title="bbox 312 4396 1945 4478; baseline -0.001 -22"><span class='ocrx_word' id='word_1_727' title='bbox 312 4425 340 4456; x_wconf 71' lang='grc' dir='ltr'>α</span> <span class='ocrx_word' id='word_1_728' title='bbox 400 4403 488 4458; x_wconf 77' lang='grc' dir='ltr'>καὶ</span> <span class='ocrx_word' id='word_1_729' title='bbox 572 4402 636 4457; x_wconf 77' lang='grc' dir='ltr'>τὰ</span> <span class='ocrx_word' id='word_1_730' title='bbox 715 4399 979 4478; x_wconf 77' lang='grc' dir='ltr'>ἐρχόμενα</span> <span class='ocrx_word' id='word_1_731' title='bbox 1047 4396 1334 4476; x_wconf 78' lang='grc' dir='ltr'>ἀναγγελεῖ</span> <span class='ocrx_word' id='word_1_732' title='bbox 1403 4399 1552 4472; x_wconf 78' lang='grc' dir='ltr'>ὑμῖν,</span> <span class='ocrx_word' id='word_1_733' title='bbox 1619 4400 1794 4455; x_wconf 79' lang='grc' dir='ltr'>Πάντα</span> <span class='ocrx_word' id='word_1_734' title='bbox 1861 4399 1945 4455; x_wconf 70' lang='grc' dir='ltr'>ὅσα</span> 
     </span>
    </p>
   </div>
   <div class='ocr_carea' id='block_1_93' title="bbox 2037 4396 3678 4479">
    <p class='ocr_par' dir='ltr' id='par_1_93' title="bbox 2047 4399 3678 4479">
     <span class='ocr_line' id='line_1_93' title="bbox 2047 4399 3678 4479; baseline 0.001 -23"><span class='ocrx_word' id='word_1_735' title='bbox 2047 4426 2070 4456; x_wconf 74' lang='grc' dir='ltr'>ι</span> <span class='ocrx_word' id='word_1_736' title='bbox 2106 4419 2232 4459; x_wconf 86' lang='lat' dir='ltr'>mea</span> <span class='ocrx_word' id='word_1_737' title='bbox 2267 4401 2516 4479; x_wconf 85' lang='lat' dir='ltr'>accipiet</span> <span class='ocrx_word' id='word_1_738' title='bbox 2547 4409 2604 4460; x_wconf 92' lang='lat' dir='ltr'>et</span> <span class='ocrx_word' id='word_1_739' title='bbox 2632 4401 3010 4461; x_wconf 85' lang='lat' dir='ltr'>annuntiabit</span> <span class='ocrx_word' id='word_1_740' title='bbox 3039 4401 3226 4461; x_wconf 90' lang='lat' dir='ltr'>vobis.</span> <span class='ocrx_word' id='word_1_741' title='bbox 3264 4425 3284 4453; x_wconf 72' lang='grc' dir='ltr'>ι»</span> <span class='ocrx_word' id='word_1_742' title='bbox 3323 4400 3536 4460; x_wconf 88' lang='lat' dir='ltr'>Annon</span> <span class='ocrx_word' id='word_1_743' title='bbox 3580 4399 3678 4459; x_wconf 93' lang='lat' dir='ltr'>in-</span> 
     </span>
    </p>
   </div>
   <div class='ocr_carea' id='block_1_94' title="bbox 314 4484 1945 4570">
    <p class='ocr_par' dir='ltr' id='par_1_94' title="bbox 314 4484 1945 4570">
     <span class='ocr_line' id='line_1_94' title="bbox 314 4484 1945 4570; baseline 0.001 -29"><span class='ocrx_word' id='word_1_744' title='bbox 314 4513 337 4547; x_wconf 80' lang='lat' dir='ltr'>a</span> <span class='ocrx_word' id='word_1_745' title='bbox 387 4490 504 4570; x_wconf 74' lang='grc' dir='ltr'>ἔχει</span> <span class='ocrx_word' id='word_1_746' title='bbox 549 4492 577 4545; x_wconf 93' lang='lat'>6</span> <span class='ocrx_word' id='word_1_747' title='bbox 630 4488 833 4566; x_wconf 74' lang='grc' dir='ltr'>Πατὴρ,</span> <span class='ocrx_word' id='word_1_748' title='bbox 896 4487 998 4559; x_wconf 73' lang='grc' dir='ltr'>ἐμά</span> <span class='ocrx_word' id='word_1_749' title='bbox 1055 4487 1186 4541; x_wconf 77' lang='grc' dir='ltr'>ἐστι·</span> <span class='ocrx_word' id='word_1_750' title='bbox 1249 4484 1331 4540; x_wconf 82' lang='grc' dir='ltr'>διὰ</span> <span class='ocrx_word' id='word_1_751' title='bbox 1373 4494 1526 4543; x_wconf 87' lang='grc' dir='ltr'>τοῦτο</span> <span class='ocrx_word' id='word_1_752' title='bbox 1591 4488 1748 4544; x_wconf 83' lang='grc' dir='ltr'>εἶπον</span> <span class='ocrx_word' id='word_1_753' title='bbox 1803 4490 1945 4563; x_wconf 64' lang='grc' dir='ltr'>ὑμῖνε</span> 
     </span>
    </p>
   </div>
   <div class='ocr_carea' id='block_1_95' title="bbox 2037 4484 3681 4570">
    <p class='ocr_par' dir='ltr' id='par_1_95' title="bbox 2043 4487 3681 4569">
     <span class='ocr_line' id='line_1_95' title="bbox 2043 4487 3681 4569; baseline 0.001 -23"><span class='ocrx_word' id='word_1_754' title='bbox 2043 4511 2065 4539; x_wconf 80' lang='grc' dir='ltr'>(ι</span> <span class='ocrx_word' id='word_1_755' title='bbox 2105 4488 2436 4567; x_wconf 87' lang='lat' dir='ltr'>telligentes</span> <span class='ocrx_word' id='word_1_756' title='bbox 2484 4488 2693 4569; x_wconf 71' lang='lat' dir='ltr'>[sermo</span> <span class='ocrx_word' id='word_1_757' title='bbox 2727 4489 2825 4550; x_wconf 90' lang='lat' dir='ltr'>ille</span> <span class='ocrx_word' id='word_1_758' title='bbox 2857 4488 3286 4550; x_wconf 74' lang='lat' dir='ltr'>sufﬁcientibus</span> <span class='ocrx_word' id='word_1_759' title='bbox 3319 4487 3681 4566; x_wconf 86' lang='lat' dir='ltr'>argumentis</span> 
     </span>
    </p>
   </div>
   <div class='ocr_carea' id='block_1_96' title="bbox 311 4572 1945 4656">
    <p class='ocr_par' dir='ltr' id='par_1_96' title="bbox 311 4572 1945 4654">
     <span class='ocr_line' id='line_1_96' title="bbox 311 4572 1945 4654; baseline -0.002 -18"><span class='ocrx_word' id='word_1_760' title='bbox 311 4603 338 4636; x_wconf 71' lang='grc' dir='ltr'>ι</span> <span class='ocrx_word' id='word_1_761' title='bbox 375 4577 455 4636; x_wconf 78' lang='grc' dir='ltr'>ὅτι</span> <span class='ocrx_word' id='word_1_762' title='bbox 487 4581 548 4635; x_wconf 81' lang='grc' dir='ltr'>ἐκ</span> <span class='ocrx_word' id='word_1_763' title='bbox 604 4585 696 4635; x_wconf 77' lang='grc' dir='ltr'>τοῦ</span> <span class='ocrx_word' id='word_1_764' title='bbox 749 4575 877 4650; x_wconf 76' lang='grc' dir='ltr'>ἐμοῦ</span> <span class='ocrx_word' id='word_1_765' title='bbox 931 4572 1218 4649; x_wconf 78' lang='grc' dir='ltr'>λαμϐάνει,</span> <span class='ocrx_word' id='word_1_766' title='bbox 1279 4576 1365 4630; x_wconf 78' lang='grc' dir='ltr'>καὶ</span> <span class='ocrx_word' id='word_1_767' title='bbox 1409 4575 1697 4654; x_wconf 76' lang='grc' dir='ltr'>ἀναγγελεῖ</span> <span class='ocrx_word' id='word_1_768' title='bbox 1743 4579 1892 4653; x_wconf 77' lang='grc' dir='ltr'>ὑμῖν,</span> <span class='ocrx_word' id='word_1_769' title='bbox 1923 4597 1945 4636; x_wconf 74' lang='grc' dir='ltr'><strong>ι</strong></span> 
     </span>
    </p>
   </div>
   <div class='ocr_carea' id='block_1_97' title="bbox 2037 4572 3682 4656">
    <p class='ocr_par' dir='ltr' id='par_1_97' title="bbox 2048 4574 3682 4656">
     <span class='ocr_line' id='line_1_97' title="bbox 2048 4574 3682 4656; baseline 0.002 -24"><span class='ocrx_word' id='word_1_770' title='bbox 2048 4606 2069 4632; x_wconf 76' lang='grc' dir='ltr'>σι</span> <span class='ocrx_word' id='word_1_771' title='bbox 2103 4578 2275 4637; x_wconf 88' lang='lat' dir='ltr'>docet</span> <span class='ocrx_word' id='word_1_772' title='bbox 2304 4576 2603 4656; x_wconf 85' lang='lat' dir='ltr'>proprium</span> <span class='ocrx_word' id='word_1_773' title='bbox 2620 4577 2858 4656; x_wconf 90' lang='lat' dir='ltr'>quidem</span> <span class='ocrx_word' id='word_1_774' title='bbox 2881 4577 3085 4638; x_wconf 64' lang='lat' dir='ltr'>dice&#39;e</span> <span class='ocrx_word' id='word_1_775' title='bbox 3106 4577 3518 4640; x_wconf 85' lang='lat' dir='ltr'>Paracletum?</span> <span class='ocrx_word' id='word_1_776' title='bbox 3549 4574 3682 4656; x_wconf 88' lang='lat' dir='ltr'>Spi-</span> 
     </span>
    </p>
   </div>
   <div class='ocr_carea' id='block_1_98' title="bbox 314 4662 1945 4745">
    <p class='ocr_par' dir='ltr' id='par_1_98' title="bbox 314 4662 1945 4745">
     <span class='ocr_line' id='line_1_98' title="bbox 314 4662 1945 4745; baseline -0.004 -19"><span class='ocrx_word' id='word_1_777' title='bbox 314 4696 335 4726; x_wconf 76' lang='grc' dir='ltr'>ι</span> <span class='ocrx_word' id='word_1_778' title='bbox 381 4667 447 4724; x_wconf 85' lang='grc' dir='ltr'><strong><em>Ἦ</em></strong></span> <span class='ocrx_word' id='word_1_779' title='bbox 504 4670 598 4723; x_wconf 82' lang='grc' dir='ltr'>οὺκ</span> <span class='ocrx_word' id='word_1_780' title='bbox 710 4664 967 4743; x_wconf 74' lang='grc' dir='ltr'>ἀποχρῶν</span> <span class='ocrx_word' id='word_1_781' title='bbox 1039 4665 1065 4718; x_wconf 91' lang='lat'>6</span> <span class='ocrx_word' id='word_1_782' title='bbox 1117 4662 1274 4740; x_wconf 82' lang='grc' dir='ltr'>λόγος</span> <span class='ocrx_word' id='word_1_783' title='bbox 1305 4664 1376 4726; x_wconf 74' lang='grc' dir='ltr'>εἷς</span> <span class='ocrx_word' id='word_1_784' title='bbox 1422 4663 1781 4745; x_wconf 70' lang='grc' dir='ltr'>πληροφορίαν</span> <span class='ocrx_word' id='word_1_785' title='bbox 1837 4677 1945 4730; x_wconf 75' lang='grc' dir='ltr'>τοῖς</span> 
     </span>
    </p>
   </div>
   <div class='ocr_carea' id='block_1_99' title="bbox 2037 4662 3682 4745">
    <p class='ocr_par' dir='ltr' id='par_1_99' title="bbox 2049 4665 3682 4742">
     <span class='ocr_line' id='line_1_99' title="bbox 2049 4665 3682 4742; baseline 0.002 -19"><span class='ocrx_word' id='word_1_786' title='bbox 2049 4696 2067 4723; x_wconf 74' lang='grc' dir='ltr'><strong><em>α</em></strong></span> <span class='ocrx_word' id='word_1_787' title='bbox 2103 4665 2277 4726; x_wconf 83' lang='lat' dir='ltr'>ritum</span> <span class='ocrx_word' id='word_1_788' title='bbox 2310 4665 2468 4726; x_wconf 92' lang='lat' dir='ltr'>enim</span> <span class='ocrx_word' id='word_1_789' title='bbox 2520 4665 2783 4726; x_wconf 90' lang='lat' dir='ltr'>veritatis</span> <span class='ocrx_word' id='word_1_790' title='bbox 2826 4666 3151 4728; x_wconf 86' lang='lat' dir='ltr'>nominavit</span> <span class='ocrx_word' id='word_1_791' title='bbox 3193 4665 3382 4742; x_wconf 84' lang='lat' dir='ltr'>illum,</span> <span class='ocrx_word' id='word_1_792' title='bbox 3418 4683 3538 4725; x_wconf 91' lang='lat' dir='ltr'>non</span> <span class='ocrx_word' id='word_1_793' title='bbox 3565 4665 3682 4727; x_wconf 86' lang='lat' dir='ltr'>alia</span> 
     </span>
    </p>
   </div>
   <div class='ocr_carea' id='block_1_100' title="bbox 311 4751 1945 4836">
    <p class='ocr_par' dir='ltr' id='par_1_100' title="bbox 311 4751 1945 4835">
     <span class='ocr_line' id='line_1_100' title="bbox 311 4751 1945 4835; baseline -0.002 -19"><span class='ocrx_word' id='word_1_794' title='bbox 311 4775 342 4816; x_wconf 83' lang='grc'><strong>‹</strong></span> <span class='ocrx_word' id='word_1_795' title='bbox 425 4767 638 4835; x_wconf 64' lang='grc' dir='ltr'>σοφοῖς,</span> <span class='ocrx_word' id='word_1_796' title='bbox 696 4756 768 4817; x_wconf 83' lang='grc' dir='ltr'>ὡς</span> <span class='ocrx_word' id='word_1_797' title='bbox 841 4751 973 4808; x_wconf 79' lang='grc' dir='ltr'>ἴδιον</span> <span class='ocrx_word' id='word_1_798' title='bbox 1074 4752 1168 4826; x_wconf 78' lang='grc' dir='ltr'>μέν</span> <span class='ocrx_word' id='word_1_799' title='bbox 1255 4775 1384 4832; x_wconf 69' lang='grc' dir='ltr'>φησι</span> <span class='ocrx_word' id='word_1_800' title='bbox 1438 4755 1528 4808; x_wconf 70' lang='grc' dir='ltr'>τὸν</span> <span class='ocrx_word' id='word_1_801' title='bbox 1586 4753 1945 4834; x_wconf 82' lang='grc' dir='ltr'>Παράκλητον.</span> 
     </span>
    </p>
   </div>
   <div class='ocr_carea' id='block_1_101' title="bbox 2037 4751 3683 4836">
    <p class='ocr_par' dir='ltr' id='par_1_101' title="bbox 2050 4753 3683 4836">
     <span class='ocr_line' id='line_1_101' title="bbox 2050 4753 3683 4836; baseline 0.004 -27"><span class='ocrx_word' id='word_1_802' title='bbox 2050 4781 2069 4809; x_wconf 76' lang='grc' dir='ltr'>ι</span> <span class='ocrx_word' id='word_1_803' title='bbox 2103 4761 2296 4814; x_wconf 90' lang='lat' dir='ltr'>autem</span> <span class='ocrx_word' id='word_1_804' title='bbox 2329 4753 2401 4813; x_wconf 90' lang='lat' dir='ltr'>ab</span> <span class='ocrx_word' id='word_1_805' title='bbox 2435 4753 2560 4832; x_wconf 93' lang='lat' dir='ltr'>ipso</span> <span class='ocrx_word' id='word_1_806' title='bbox 2595 4761 2686 4815; x_wconf 90' lang='lat' dir='ltr'>est</span> <span class='ocrx_word' id='word_1_807' title='bbox 2712 4755 2946 4817; x_wconf 89' lang='lat' dir='ltr'>veritas.</span> <span class='ocrx_word' id='word_1_808' title='bbox 2981 4754 3286 4836; x_wconf 85' lang='lat' dir='ltr'>Adjiciens</span> <span class='ocrx_word' id='word_1_809' title='bbox 3314 4772 3514 4835; x_wconf 89' lang='lat' dir='ltr'>porro,</span> <span class='ocrx_word' id='word_1_810' title='bbox 3557 4778 3578 4808; x_wconf 77' lang='grc' dir='ltr'>ι</span> <span class='ocrx_word' id='word_1_811' title='bbox 3603 4754 3683 4816; x_wconf 90' lang='lat' dir='ltr'>de</span> 
     </span>
    </p>
   </div>
   <div class='ocr_carea' id='block_1_102' title="bbox 309 4841 1945 4923">
    <p class='ocr_par' dir='ltr' id='par_1_102' title="bbox 309 4841 1945 4923">
     <span class='ocr_line' id='line_1_102' title="bbox 309 4841 1945 4923; baseline 0 -23"><span class='ocrx_word' id='word_1_812' title='bbox 309 4869 336 4902; x_wconf 73' lang='grc' dir='ltr'>(ι</span> <span class='ocrx_word' id='word_1_813' title='bbox 384 4853 595 4920; x_wconf 80' lang='grc' dir='ltr'>Πνεῦμα</span> <span class='ocrx_word' id='word_1_814' title='bbox 624 4845 723 4922; x_wconf 78' lang='grc' dir='ltr'>γὰρ</span> <span class='ocrx_word' id='word_1_815' title='bbox 774 4841 1017 4908; x_wconf 78' lang='grc' dir='ltr'>ἀληθείας</span> <span class='ocrx_word' id='word_1_816' title='bbox 1075 4842 1346 4904; x_wconf 82' lang='grc' dir='ltr'>ὠνόμασεν</span> <span class='ocrx_word' id='word_1_817' title='bbox 1390 4843 1566 4899; x_wconf 70' lang='grc' dir='ltr'>αὐτόν’</span> <span class='ocrx_word' id='word_1_818' title='bbox 1640 4844 1744 4923; x_wconf 67' lang='grc' dir='ltr'>οὔχ</span> <span class='ocrx_word' id='word_1_819' title='bbox 1811 4843 1945 4923; x_wconf 70' lang='grc' dir='ltr'>ἑτέρα</span> 
     </span>
    </p>
   </div>
   <div class='ocr_carea' id='block_1_103' title="bbox 2037 4841 3676 4923">
    <p class='ocr_par' dir='ltr' id='par_1_103' title="bbox 2053 4842 3676 4922">
     <span class='ocr_line' id='line_1_103' title="bbox 2053 4842 3676 4922; baseline -0.001 -17"><span class='ocrx_word' id='word_1_820' title='bbox 2053 4876 2072 4906; x_wconf 77' lang='grc' dir='ltr'>α</span> <span class='ocrx_word' id='word_1_821' title='bbox 2110 4862 2239 4904; x_wconf 93' lang='lat' dir='ltr'>meo</span> <span class='ocrx_word' id='word_1_822' title='bbox 2272 4843 2545 4922; x_wconf 89' lang='lat' dir='ltr'>accipiet,</span> <span class='ocrx_word' id='word_1_823' title='bbox 2582 4865 2605 4896; x_wconf 73' lang='grc' dir='ltr'>ε</span> <span class='ocrx_word' id='word_1_824' title='bbox 2641 4844 3203 4907; x_wconf 83' lang='lat' dir='ltr'>consubstantialem</span> <span class='ocrx_word' id='word_1_825' title='bbox 3258 4852 3317 4906; x_wconf 89' lang='lat' dir='ltr'>et</span> <span class='ocrx_word' id='word_1_826' title='bbox 3345 4842 3676 4906; x_wconf 87' lang='lat' dir='ltr'>naturalem</span> 
     </span>
    </p>
   </div>
   <div class='ocr_carea' id='block_1_104' title="bbox 311 4929 1945 5014">
    <p class='ocr_par' dir='ltr' id='par_1_104' title="bbox 311 4929 1945 5011">
     <span class='ocr_line' id='line_1_104' title="bbox 311 4929 1945 5011; baseline -0.001 -21"><span class='ocrx_word' id='word_1_827' title='bbox 311 4956 339 4996; x_wconf 81' lang='grc'><strong>‹</strong></span> <span class='ocrx_word' id='word_1_828' title='bbox 390 4933 444 4991; x_wconf 74' lang='grc' dir='ltr'>δὲ</span> <span class='ocrx_word' id='word_1_829' title='bbox 502 4933 608 5011; x_wconf 78' lang='grc' dir='ltr'>παῤ</span> <span class='ocrx_word' id='word_1_830' title='bbox 662 4931 818 4990; x_wconf 69' lang='grc' dir='ltr'>αὐτόν</span> <span class='ocrx_word' id='word_1_831' title='bbox 887 4933 921 4998; x_wconf 76' lang='grc' dir='ltr'>ἡ</span> <span class='ocrx_word' id='word_1_832' title='bbox 981 4929 1221 5000; x_wconf 73' lang='grc' dir='ltr'>ἀλήθεια,</span> <span class='ocrx_word' id='word_1_833' title='bbox 1287 4934 1580 5008; x_wconf 79' lang='grc' dir='ltr'>Προστιθεὶς</span> <span class='ocrx_word' id='word_1_834' title='bbox 1639 4931 1692 4988; x_wconf 78' lang='grc' dir='ltr'>δέ</span> <span class='ocrx_word' id='word_1_835' title='bbox 1725 4935 1826 5008; x_wconf 76' lang='grc' dir='ltr'>ὃτι,</span> <span class='ocrx_word' id='word_1_836' title='bbox 1861 4933 1945 4989; x_wconf 71' lang='grc' dir='ltr'>Ἐν</span> 
     </span>
    </p>
   </div>
   <div class='ocr_carea' id='block_1_105' title="bbox 2037 4929 3682 5014">
    <p class='ocr_par' dir='ltr' id='par_1_105' title="bbox 2045 4933 3682 5014">
     <span class='ocr_line' id='line_1_105' title="bbox 2045 4933 3682 5014; baseline -0.001 -17"><span class='ocrx_word' id='word_1_837' title='bbox 2045 4971 2064 4997; x_wconf 76' lang='grc' dir='ltr'>ι</span> <span class='ocrx_word' id='word_1_838' title='bbox 2104 4933 2517 5014; x_wconf 87' lang='lat' dir='ltr'>proprietatem</span> <span class='ocrx_word' id='word_1_839' title='bbox 2533 4933 2789 4994; x_wconf 91' lang='lat' dir='ltr'>ostendit</span> <span class='ocrx_word' id='word_1_840' title='bbox 2817 4934 3478 5011; x_wconf 82' lang='lat' dir='ltr'>evidenter,secundum</span> <span class='ocrx_word' id='word_1_841' title='bbox 3506 4951 3682 5013; x_wconf 86' lang='lat' dir='ltr'>quam</span> 
     </span>
    </p>
   </div>
   <div class='ocr_carea' id='block_1_106' title="bbox 309 5018 1945 5106">
    <p class='ocr_par' dir='ltr' id='par_1_106' title="bbox 309 5018 1945 5100">
     <span class='ocr_line' id='line_1_106' title="bbox 309 5018 1945 5100; baseline -0.001 -21"><span class='ocrx_word' id='word_1_842' title='bbox 309 5052 334 5086; x_wconf 70' lang='grc' dir='ltr'>ι</span> <span class='ocrx_word' id='word_1_843' title='bbox 381 5032 476 5082; x_wconf 83' lang='grc' dir='ltr'>τοῦ</span> <span class='ocrx_word' id='word_1_844' title='bbox 521 5025 650 5099; x_wconf 79' lang='grc' dir='ltr'>ἐμοῦ</span> <span class='ocrx_word' id='word_1_845' title='bbox 680 5021 932 5094; x_wconf 69' lang='grc' dir='ltr'>λήψεται,</span> <span class='ocrx_word' id='word_1_846' title='bbox 969 5021 1066 5085; x_wconf 77' lang='grc' dir='ltr'>τὴν</span> <span class='ocrx_word' id='word_1_847' title='bbox 1105 5018 1342 5086; x_wconf 74' lang='grc' dir='ltr'>οὔσιώδη-</span> <span class='ocrx_word' id='word_1_848' title='bbox 1393 5023 1483 5076; x_wconf 82' lang='grc' dir='ltr'>καὶ</span> <span class='ocrx_word' id='word_1_849' title='bbox 1541 5023 1763 5100; x_wconf 67' lang='grc' dir='ltr'>φνσικὴν</span> <span class='ocrx_word' id='word_1_850' title='bbox 1820 5021 1945 5078; x_wconf 81' lang='grc' dir='ltr'>ἰδιό-</span> 
     </span>
    </p>
   </div>
   <div class='ocr_carea' id='block_1_107' title="bbox 2037 5018 3678 5106">
    <p class='ocr_par' dir='ltr' id='par_1_107' title="bbox 2047 5021 3678 5106">
     <span class='ocr_line' id='line_1_107' title="bbox 2047 5021 3678 5106; baseline -0.001 -22"><span class='ocrx_word' id='word_1_851' title='bbox 2047 5055 2067 5083; x_wconf 75' lang='grc' dir='ltr'>ι</span> <span class='ocrx_word' id='word_1_852' title='bbox 2104 5040 2251 5084; x_wconf 91' lang='lat' dir='ltr'>unus</span> <span class='ocrx_word' id='word_1_853' title='bbox 2305 5029 2393 5081; x_wconf 91' lang='lat' dir='ltr'>est</span> <span class='ocrx_word' id='word_1_854' title='bbox 2441 5039 2574 5082; x_wconf 88' lang='lat' dir='ltr'>cum</span> <span class='ocrx_word' id='word_1_855' title='bbox 2626 5021 2754 5102; x_wconf 90' lang='lat' dir='ltr'>ipso</span> <span class='ocrx_word' id='word_1_856' title='bbox 2815 5023 3068 5104; x_wconf 88' lang='lat' dir='ltr'>Spiritus</span> <span class='ocrx_word' id='word_1_857' title='bbox 3127 5025 3278 5106; x_wconf 87' lang='lat' dir='ltr'>ejus.</span> <span class='ocrx_word' id='word_1_858' title='bbox 3342 5025 3475 5087; x_wconf 88' lang='lat' dir='ltr'>Non</span> <span class='ocrx_word' id='word_1_859' title='bbox 3519 5022 3678 5083; x_wconf 89' lang='lat' dir='ltr'>enim</span> 
     </span>
    </p>
   </div>
   <div class='ocr_carea' id='block_1_108' title="bbox 311 5109 1148 5188">
    <p class='ocr_par' dir='ltr' id='par_1_108' title="bbox 311 5109 1148 5188">
     <span class='ocr_line' id='line_1_108' title="bbox 311 5109 1148 5188; baseline -0.004 -23"><span class='ocrx_word' id='word_1_860' title='bbox 311 5136 338 5167; x_wconf 69' lang='grc' dir='ltr'>α</span> <span class='ocrx_word' id='word_1_861' title='bbox 397 5135 536 5180; x_wconf 81' lang='grc' dir='ltr'>τητα</span> <span class='ocrx_word' id='word_1_862' title='bbox 593 5109 832 5188; x_wconf 76' lang='grc' dir='ltr'>δέδειχεν</span> <span class='ocrx_word' id='word_1_863' title='bbox 893 5110 1148 5187; x_wconf 63' lang='grc' dir='ltr'>ἐναργῶς,</span> 
     </span>
    </p>
   </div>
   <div class='ocr_carea' id='block_1_109' title="bbox 310 5197 1953 5276">
    <p class='ocr_par' dir='ltr' id='par_1_109' title="bbox 310 5197 1953 5276">
     <span class='ocr_line' id='line_1_109' title="bbox 310 5197 1953 5276; baseline 0 -22"><span class='ocrx_word' id='word_1_864' title='bbox 310 5223 336 5254; x_wconf 73' lang='grc' dir='ltr'>(ί</span> <span class='ocrx_word' id='word_1_865' title='bbox 369 5199 525 5260; x_wconf 67' lang='grc' dir='ltr'>αὐτόν</span> <span class='ocrx_word' id='word_1_866' title='bbox 608 5199 667 5254; x_wconf 87' lang='grc' dir='ltr'>τό</span> <span class='ocrx_word' id='word_1_867' title='bbox 737 5203 947 5271; x_wconf 77' lang='grc' dir='ltr'>Πνεῦμα</span> <span class='ocrx_word' id='word_1_868' title='bbox 1003 5199 1180 5254; x_wconf 67' lang='grc' dir='ltr'>αὐτοῦ.</span> <span class='ocrx_word' id='word_1_869' title='bbox 1243 5197 1314 5253; x_wconf 70' lang='grc' dir='ltr'>Οὔ</span> <span class='ocrx_word' id='word_1_870' title='bbox 1343 5199 1440 5276; x_wconf 72' lang='grc' dir='ltr'>γάρ</span> <span class='ocrx_word' id='word_1_871' title='bbox 1474 5221 1554 5255; x_wconf 92' lang='grc' dir='ltr'>τοι</span> <span class='ocrx_word' id='word_1_872' title='bbox 1600 5198 1953 5270; x_wconf 82' lang='grc' dir='ltr'>μεταληπτῶς</span> 
     </span>
    </p>
   </div>
   <div class='ocr_carea' id='block_1_110' title="bbox 311 5284 1945 5372">
    <p class='ocr_par' dir='ltr' id='par_1_110' title="bbox 311 5284 1945 5370">
     <span class='ocr_line' id='line_1_110' title="bbox 311 5284 1945 5370; baseline -0.002 -24"><span class='ocrx_word' id='word_1_873' title='bbox 311 5313 338 5346; x_wconf 70' lang='grc' dir='ltr'>α</span> <span class='ocrx_word' id='word_1_874' title='bbox 371 5291 531 5370; x_wconf 67' lang='grc' dir='ltr'>σοφὸν</span> <span class='ocrx_word' id='word_1_875' title='bbox 603 5288 809 5344; x_wconf 82' lang='grc' dir='ltr'>ἔσεσθαι</span> <span class='ocrx_word' id='word_1_876' title='bbox 853 5284 957 5363; x_wconf 79' lang='grc' dir='ltr'>παῤ</span> <span class='ocrx_word' id='word_1_877' title='bbox 1010 5285 1165 5340; x_wconf 75' lang='grc' dir='ltr'>αὒτοῦ</span> <span class='ocrx_word' id='word_1_878' title='bbox 1220 5285 1281 5341; x_wconf 87' lang='grc' dir='ltr'>τό</span> <span class='ocrx_word' id='word_1_879' title='bbox 1329 5290 1540 5364; x_wconf 70' lang='grc' dir='ltr'>Πνεῦμα</span> <span class='ocrx_word' id='word_1_880' title='bbox 1595 5311 1778 5368; x_wconf 70' lang='grc' dir='ltr'>φησιν,</span> <span class='ocrx_word' id='word_1_881' title='bbox 1839 5288 1945 5345; x_wconf 68' lang='grc' dir='ltr'>οὔτε</span> 
     </span>
    </p>
   </div>
   <div class='ocr_carea' id='block_1_111' title="bbox 2037 5284 3681 5372">
    <p class='ocr_par' dir='ltr' id='par_1_111' title="bbox 2043 5289 3681 5372">
     <span class='ocr_line' id='line_1_111' title="bbox 2043 5289 3681 5372; baseline -0.001 -23"><span class='ocrx_word' id='word_1_882' title='bbox 2043 5321 2062 5349; x_wconf 79' lang='grc' dir='ltr'>ι</span> <span class='ocrx_word' id='word_1_883' title='bbox 2099 5289 2318 5350; x_wconf 86' lang='lat' dir='ltr'>sanctis</span> <span class='ocrx_word' id='word_1_884' title='bbox 2348 5289 2663 5350; x_wconf 87' lang='lat' dir='ltr'>allaturum</span> <span class='ocrx_word' id='word_1_885' title='bbox 2693 5309 2706 5348; x_wconf 91' lang='lat'><strong>:</strong></span> <span class='ocrx_word' id='word_1_886' title='bbox 2743 5289 2844 5350; x_wconf 85' lang='lat' dir='ltr'>sed</span> <span class='ocrx_word' id='word_1_887' title='bbox 2886 5291 3059 5370; x_wconf 85' lang='lat' dir='ltr'>quasi</span> <span class='ocrx_word' id='word_1_888' title='bbox 3087 5291 3138 5353; x_wconf 91' lang='lat' dir='ltr'>si</span> <span class='ocrx_word' id='word_1_889' title='bbox 3163 5293 3295 5372; x_wconf 89' lang='lat' dir='ltr'>quis</span> <span class='ocrx_word' id='word_1_890' title='bbox 3331 5290 3681 5368; x_wconf 87' lang='lat' dir='ltr'>fragrantis-</span> 
     </span>
    </p>
   </div>
   <div class='ocr_carea' id='block_1_112' title="bbox 311 5374 1945 5456">
    <p class='ocr_par' dir='ltr' id='par_1_112' title="bbox 311 5374 1945 5456">
     <span class='ocr_line' id='line_1_112' title="bbox 311 5374 1945 5456; baseline -0.001 -22"><span class='ocrx_word' id='word_1_891' title='bbox 311 5403 338 5434; x_wconf 75' lang='grc' dir='ltr'>ι</span> <span class='ocrx_word' id='word_1_892' title='bbox 372 5381 478 5456; x_wconf 80' lang='grc' dir='ltr'>μὴν</span> <span class='ocrx_word' id='word_1_893' title='bbox 523 5379 578 5434; x_wconf 82' lang='grc' dir='ltr'>ἐν</span> <span class='ocrx_word' id='word_1_894' title='bbox 607 5375 748 5441; x_wconf 77' lang='grc' dir='ltr'>τὰξει</span> <span class='ocrx_word' id='word_1_895' title='bbox 775 5381 842 5453; x_wconf 75' lang='grc' dir='ltr'>τῇ</span> <span class='ocrx_word' id='word_1_896' title='bbox 872 5374 1206 5452; x_wconf 79' lang='grc' dir='ltr'>λειτουργικῇ</span> <span class='ocrx_word' id='word_1_897' title='bbox 1233 5377 1355 5438; x_wconf 79' lang='grc' dir='ltr'>τοὺς</span> <span class='ocrx_word' id='word_1_898' title='bbox 1407 5376 1531 5454; x_wconf 80' lang='grc' dir='ltr'>παρ’</span> <span class='ocrx_word' id='word_1_899' title='bbox 1601 5382 1718 5435; x_wconf 83' lang='grc' dir='ltr'>Υἱοῦ</span> <span class='ocrx_word' id='word_1_900' title='bbox 1761 5378 1945 5456; x_wconf 83' lang='grc' dir='ltr'>λὸγους</span> 
     </span>
    </p>
   </div>
   <div class='ocr_carea' id='block_1_113' title="bbox 2037 5374 3683 5456">
    <p class='ocr_par' dir='ltr' id='par_1_113' title="bbox 2045 5376 3683 5454">
     <span class='ocr_line' id='line_1_113' title="bbox 2045 5376 3683 5454; baseline 0 -16"><span class='ocrx_word' id='word_1_901' title='bbox 2045 5400 2064 5428; x_wconf 82' lang='grc' dir='ltr'>ι</span> <span class='ocrx_word' id='word_1_902' title='bbox 2100 5377 2286 5440; x_wconf 89' lang='lat' dir='ltr'>simus</span> <span class='ocrx_word' id='word_1_903' title='bbox 2316 5379 2424 5438; x_wconf 82' lang='lat' dir='ltr'>tios</span> <span class='ocrx_word' id='word_1_904' title='bbox 2455 5395 2624 5439; x_wconf 88' lang='lat' dir='ltr'>suum</span> <span class='ocrx_word' id='word_1_905' title='bbox 2657 5376 3020 5442; x_wconf 74' lang='lat' dir='ltr'>diffunderet</span> <span class='ocrx_word' id='word_1_906' title='bbox 3050 5383 3322 5454; x_wconf 87' lang='lat' dir='ltr'>odorem,</span> <span class='ocrx_word' id='word_1_907' title='bbox 3356 5386 3415 5440; x_wconf 89' lang='lat' dir='ltr'>et</span> <span class='ocrx_word' id='word_1_908' title='bbox 3435 5379 3683 5440; x_wconf 82' lang='lat' dir='ltr'>circum-</span> 
     </span>
    </p>
   </div>
   <div class='ocr_carea' id='block_1_114' title="bbox 311 5460 1945 5544">
    <p class='ocr_par' dir='ltr' id='par_1_114' title="bbox 311 5460 1945 5544">
     <span class='ocr_line' id='line_1_114' title="bbox 311 5460 1945 5544; baseline -0.001 -20"><span class='ocrx_word' id='word_1_909' title='bbox 311 5491 338 5524; x_wconf 70' lang='grc' dir='ltr'>ε</span> <span class='ocrx_word' id='word_1_910' title='bbox 383 5481 501 5532; x_wconf 74' lang='grc' dir='ltr'>τοῖς</span> <span class='ocrx_word' id='word_1_911' title='bbox 529 5467 704 5544; x_wconf 81' lang='grc' dir='ltr'>ἁγῖοισ</span> <span class='ocrx_word' id='word_1_912' title='bbox 736 5463 1048 5538; x_wconf 84' lang='grc' dir='ltr'>διακομίσει⁶</span> <span class='ocrx_word' id='word_1_913' title='bbox 1083 5460 1202 5542; x_wconf 74' lang='grc' dir='ltr'>ἀλλ’</span> <span class='ocrx_word' id='word_1_914' title='bbox 1246 5463 1423 5542; x_wconf 78' lang='grc' dir='ltr'>ὥσπερ</span> <span class='ocrx_word' id='word_1_915' title='bbox 1494 5465 1556 5521; x_wconf 75' lang='grc' dir='ltr'>ἄν</span> <span class='ocrx_word' id='word_1_916' title='bbox 1630 5465 1684 5523; x_wconf 76' lang='grc' dir='ltr'>εἴ</span> <span class='ocrx_word' id='word_1_917' title='bbox 1741 5491 1789 5525; x_wconf 85' lang='grc' dir='ltr'>τι</span> <span class='ocrx_word' id='word_1_918' title='bbox 1848 5472 1945 5523; x_wconf 83' lang='grc' dir='ltr'>τῶν</span> 
     </span>
    </p>
   </div>
   <div class='ocr_carea' id='block_1_115' title="bbox 2037 5460 3680 5544">
    <p class='ocr_par' dir='ltr' id='par_1_115' title="bbox 2045 5465 3680 5532">
     <span class='ocr_line' id='line_1_115' title="bbox 2045 5465 3680 5532; baseline 0.002 -9"><span class='ocrx_word' id='word_1_919' title='bbox 2045 5493 2066 5523; x_wconf 76' lang='grc' dir='ltr'>ε</span> <span class='ocrx_word' id='word_1_920' title='bbox 2101 5467 2378 5528; x_wconf 89' lang='lat' dir='ltr'>stantium</span> <span class='ocrx_word' id='word_1_921' title='bbox 2407 5465 2684 5531; x_wconf 88' lang='lat' dir='ltr'>sensibus</span> <span class='ocrx_word' id='word_1_922' title='bbox 2711 5485 2775 5529; x_wconf 91' lang='lat' dir='ltr'>se</span> <span class='ocrx_word' id='word_1_923' title='bbox 2807 5465 3130 5532; x_wconf 87' lang='lat' dir='ltr'>infundens</span> <span class='ocrx_word' id='word_1_924' title='bbox 3159 5468 3317 5531; x_wconf 86' lang='lat' dir='ltr'>dicat</span> <span class='ocrx_word' id='word_1_925' title='bbox 3345 5484 3358 5530; x_wconf 93' lang='lat'>:</span> <span class='ocrx_word' id='word_1_926' title='bbox 3402 5486 3424 5518; x_wconf 77' lang='grc' dir='ltr'>ι</span> <span class='ocrx_word' id='word_1_927' title='bbox 3444 5466 3528 5528; x_wconf 92' lang='lat' dir='ltr'>De</span> <span class='ocrx_word' id='word_1_928' title='bbox 3546 5483 3680 5528; x_wconf 86' lang='lat' dir='ltr'>meo</span> 
     </span>
    </p>
   </div>
   <div class='ocr_carea' id='block_1_116' title="bbox 1234 5108 1945 5194">
    <p class='ocr_par' dir='ltr' id='par_1_116' title="bbox 1234 5108 1945 5189">
     <span class='ocr_line' id='line_1_116' title="bbox 1303 5108 1912 5164; baseline -0.002 -33"><span class='ocrx_word' id='word_1_929' title='bbox 1303 5109 1347 5164; x_wconf 68' lang='lat'>01</span> <span class='ocrx_word' id='word_1_930' title='bbox 1413 5108 1438 5126; x_wconf 79' lang='grc' dir='ltr'><strong><em>ν</em></strong></span> <span class='ocrx_word' id='word_1_931' title='bbox 1532 5110 1555 5141; x_wconf 61' lang='grc' dir='ltr'><strong><em>ῃ</em></strong></span> <span class='ocrx_word' id='word_1_932' title='bbox 1647 5113 1658 5129; x_wconf 70' lang='grc' dir='ltr'><em>ρ</em></span> <span class='ocrx_word' id='word_1_933' title='bbox 1705 5134 1730 5144; x_wconf 84' lang='lat'><em>_</em></span> <span class='ocrx_word' id='word_1_934' title='bbox 1900 5113 1912 5130; x_wconf 61' lang='grc' dir='ltr'><strong>ς</strong></span> 
     </span>
     <span class='ocr_line' id='line_1_117' title="bbox 1234 5131 1945 5189; baseline 0.006 -25"><span class='ocrx_word' id='word_1_935' title='bbox 1234 5131 1301 5164; x_wconf 83' lang='grc' dir='ltr'>κα</span> <span class='ocrx_word' id='word_1_936' title='bbox 1409 5133 1473 5177; x_wconf 79' lang='grc' dir='ltr'>ην</span> <span class='ocrx_word' id='word_1_937' title='bbox 1533 5137 1582 5166; x_wconf 58' lang='lat' dir='ltr'>ei</span> <span class='ocrx_word' id='word_1_938' title='bbox 1641 5133 1749 5166; x_wconf 66' lang='grc' dir='ltr'>εσυι</span> <span class='ocrx_word' id='word_1_939' title='bbox 1826 5133 1945 5189; x_wconf 73' lang='grc' dir='ltr'>προς</span> 
     </span>
    </p>
   </div>
   <div class='ocr_carea' id='block_1_117' title="bbox 2037 5108 3679 5194">
    <p class='ocr_par' dir='ltr' id='par_1_117' title="bbox 2044 5110 3679 5194">
     <span class='ocr_line' id='line_1_118' title="bbox 2044 5110 3679 5194; baseline 0 -24"><span class='ocrx_word' id='word_1_940' title='bbox 2044 5143 2064 5170; x_wconf 75' lang='grc' dir='ltr'><strong><em>α</em></strong></span> <span class='ocrx_word' id='word_1_941' title='bbox 2101 5110 2507 5192; x_wconf 86' lang='lat' dir='ltr'>participative</span> <span class='ocrx_word' id='word_1_942' title='bbox 2542 5111 2874 5190; x_wconf 90' lang='lat' dir='ltr'>sapientem</span> <span class='ocrx_word' id='word_1_943' title='bbox 2926 5112 3052 5174; x_wconf 87' lang='lat' dir='ltr'>fore</span> <span class='ocrx_word' id='word_1_944' title='bbox 3108 5113 3180 5175; x_wconf 89' lang='lat' dir='ltr'>ab</span> <span class='ocrx_word' id='word_1_945' title='bbox 3233 5112 3362 5194; x_wconf 90' lang='lat' dir='ltr'>ipso</span> <span class='ocrx_word' id='word_1_946' title='bbox 3399 5110 3679 5192; x_wconf 88' lang='lat' dir='ltr'>Spiritum</span> 
     </span>
    </p>
   </div>
   <div class='ocr_carea' id='block_1_118' title="bbox 2042 5200 3683 5278">
    <p class='ocr_par' dir='ltr' id='par_1_118' title="bbox 2042 5200 3683 5278">
     <span class='ocr_line' id='line_1_119' title="bbox 2042 5200 3683 5278; baseline 0.002 -20"><span class='ocrx_word' id='word_1_947' title='bbox 2042 5232 2060 5258; x_wconf 78' lang='grc' dir='ltr'>ι</span> <span class='ocrx_word' id='word_1_948' title='bbox 2100 5200 2264 5273; x_wconf 84' lang='lat' dir='ltr'>dicit,</span> <span class='ocrx_word' id='word_1_949' title='bbox 2299 5217 2490 5278; x_wconf 86' lang='lat' dir='ltr'>neque</span> <span class='ocrx_word' id='word_1_950' title='bbox 2547 5200 2952 5262; x_wconf 90' lang='lat' dir='ltr'>ministrorum</span> <span class='ocrx_word' id='word_1_951' title='bbox 2986 5201 3159 5264; x_wconf 90' lang='lat' dir='ltr'>modo</span> <span class='ocrx_word' id='word_1_952' title='bbox 3190 5202 3327 5264; x_wconf 87' lang='lat' dir='ltr'>Filii</span> <span class='ocrx_word' id='word_1_953' title='bbox 3371 5217 3683 5263; x_wconf 89' lang='lat' dir='ltr'>sermones</span> 
     </span>
    </p>
   </div>
   <div class='ocr_carea' id='block_1_119' title="bbox 379 5630 2182 5714">
    <p class='ocr_par' dir='ltr' id='par_1_119' title="bbox 379 5630 2182 5714">
     <span class='ocr_line' id='line_1_120' title="bbox 379 5630 2182 5714; baseline -0.004 -15"><span class='ocrx_word' id='word_1_954' title='bbox 379 5637 442 5688; x_wconf 80' lang='lat'>95</span> <span class='ocrx_word' id='word_1_955' title='bbox 469 5634 641 5699; x_wconf 82' lang='lat' dir='ltr'>Joan.</span> <span class='ocrx_word' id='word_1_956' title='bbox 675 5649 794 5705; x_wconf 78' lang='lat' dir='ltr'>xw,</span> <span class='ocrx_word' id='word_1_957' title='bbox 835 5632 929 5697; x_wconf 64' lang='lat'>19.</span> <span class='ocrx_word' id='word_1_958' title='bbox 973 5630 1208 5695; x_wconf 66' lang='lat' dir='ltr'>’Bibid.</span> <span class='ocrx_word' id='word_1_959' title='bbox 1234 5650 1335 5709; x_wconf 82' lang='lat' dir='ltr'>xv,</span> <span class='ocrx_word' id='word_1_960' title='bbox 1366 5633 1466 5697; x_wconf 81' lang='lat'>26.</span> <span class='ocrx_word' id='word_1_961' title='bbox 1512 5633 1574 5684; x_wconf 79' lang='lat'><strong>97</strong></span> <span class='ocrx_word' id='word_1_962' title='bbox 1604 5631 1755 5697; x_wconf 89' lang='lat' dir='ltr'>ibid.</span> <span class='ocrx_word' id='word_1_963' title='bbox 1791 5652 1910 5710; x_wconf 78' lang='lat' dir='ltr'>xw,</span> <span class='ocrx_word' id='word_1_964' title='bbox 1945 5634 2021 5696; x_wconf 79' lang='lat' dir='ltr'>l3</span> <span class='ocrx_word' id='word_1_965' title='bbox 2053 5651 2182 5714; x_wconf 90' lang='lat' dir='ltr'>sqq.</span> 
     </span>
    </p>
   </div>
  </div>
