4208 6296
570 298 679 365 531

568 544 595 575 σι
632 519 728 593 rit,
765 530 821 580 et
850 538 966 579 non
990 518 1211 599 aliquid
1236 520 1403 600 quasi
1455 518 1815 600 participans
1862 520 2204 584 discretum.

571 633 593 665 ε
637 608 736 670 Sic
768 608 1060 686 intelligas
1102 609 1177 669 de
1226 609 1377 670 Filio
1429 615 1485 668 et
1535 607 1612 668 de
1660 609 1904 687 Spiritu.
1956 608 2211 685 Spiritus

574 723 595 754 ο
635 697 795 759 enim
851 696 1155 777 sapientiae
1208 704 1265 756 et
1294 695 1532 757 virtutis
1580 697 1863 773 existens,
1920 699 2210 777 sapientia

571 809 593 843 ιι
634 786 875 848 omnino
907 793 966 846 et
998 784 1186 846 virtus
1235 793 1343 865 est,
1378 792 1561 846 totam
1612 804 1681 847 ex
1732 793 1852 846 toto
1884 785 2208 849 efﬁcaciam

563 900 590 930 α
628 875 1000 937 emittentem
1055 873 1116 934 in
1166 893 1230 935 se
1262 874 1390 954 ipsa
1438 890 1823 949 conservans,
1861 882 1921 935 et
1949 876 2117 955 quasi
2146 876 2209 938 in

564 990 583 1020 ι
626 964 865 1044 propria
921 968 1129 1023 natura
1160 961 1314 1024 bene
1366 965 1684 1025 ostendens
1742 981 1893 1039 eam,
1931 984 2061 1045 quae
2092 977 2201 1027 est.

563 1077 588 1108 α
622 1051 935 1132 Postquam
995 1059 1192 1112 autem
1247 1051 1417 1127 dixit,
1481 1076 1507 1107 α
1557 1051 1637 1114 De
1680 1070 1810 1114 meo
1857 1053 2132 1134 accipiet,
2173 1079 2199 1111 ι)

565 1166 592 1197 α
624 1139 899 1222 apposuit
929 1138 1292 1218 necessario,
1333 1163 1356 1197 ιι
1384 1139 1598 1203 Omnia
1627 1159 1995 1222 quaecunque
2028 1142 2206 1205 habet

573 1255 599 1286 α
635 1229 809 1291 Pater
866 1246 999 1289 mea
1050 1236 1185 1290 sunt
1212 1228 1278 1280 95
1310 1247 1323 1291 :
1360 1236 1603 1309 propter
1660 1231 1775 1292 hoc
1835 1230 1955 1292 dixi
2011 1231 2197 1314 vobis,

560 1344 587 1374 α
617 1317 777 1399 quod
809 1317 883 1379 de
933 1335 1067 1378 meo
1124 1317 1362 1397 accipit.
1403 1339 1426 1372 ι
1471 1316 1979 1389 Quemadmodum
2038 1320 2197 1381 enim

560 1430 583 1464 ι
620 1416 866 1468 sanctus
918 1412 1009 1468 est
1056 1407 1383 1466 secundum
1444 1414 1742 1480 naturam,
1773 1406 2049 1487 quoniam
2112 1416 2198 1470 est

562 1519 582 1551 ιι
621 1496 808 1557 sancti
854 1494 1046 1557 Patris
1098 1494 1376 1573 Spiritus,
1411 1496 1491 1557 ita
1518 1502 1577 1556 et
1631 1494 1893 1574 sapiens,
1927 1497 2196 1572 quando-

552 1609 577 1644 ‹
613 1582 855 1663 quidem
916 1582 1223 1662 sapientia:
1270 1581 1526 1662 Spiritus
1573 1590 1684 1659 est,
1720 1583 2009 1664 sapientia
2056 1604 2194 1646 vero

1631 300 1897 366 JOANN.
1935 303 2153 367 VECCI
2190 300 2303 362 GP.
2340 300 2877 367 PATRIARCH/E.

570 452 598 492 α
632 428 906 510 accipiet,
939 454 965 486 ο
1004 435 1063 492 et
1091 430 1424 507 naturalem
1457 431 1872 511 proprietatem
1905 432 2271 510 signiﬁca-A

3820 302 3951 368 532

2378 462 2400 492 ι
2434 433 2799 510 εὐοσμοτάτων
2859 437 3051 494 ἀνθέων
3108 439 3225 516 περὶ
3279 444 3377 506 τῆς
3422 437 3472 503 ἐξ
3514 440 3700 496 ἑαυτοῦ
3730 436 3953 495 διασκι-

2301 548 2324 579 ι
2357 519 2615 597 δναμένης
2672 522 2862 600 ὀδμῆς,
2908 527 2994 582 καὶ
3049 540 3172 590 ταῖς
3226 533 3330 584 τίυν
3361 528 3710 607 παρεστώτων
3754 530 3954 597 αἰσθή-

2301 636 2323 666 σ
2356 632 2496 668 σεσιν
2555 612 2942 688 ἐμπιπτούσης,
3016 615 3148 694 λέγῃ
3207 615 3311 690 ὅτι,
3369 623 3465 674 Ἐκ
3510 625 3602 675 τοῦ
3658 617 3790 691 ἐμοῦ
3831 615 3952 685 λή-

2296 717 2321 750 α
2357 704 2535 780 ψεται,
2593 703 2679 757 καὶ
2721 703 2816 770 τὴν
2856 709 3077 782 φυσικῆν
3121 703 3402 772 οὗσιότητα
3430 707 3788 781 κατασημήν·ςΙ
3853 704 3946 778 ἂν,

2299 810 2320 842 ι
2353 790 2439 844 καὶ
2481 787 2592 845 οῧτι
2646 810 2762 859 που
2803 792 2863 847 τὸ
2931 795 3004 857 ὡς
3049 794 3103 849 ἐν
3162 791 3359 868 μεθέξει
3402 791 3757 872 διῃρημένως.
3815 789 3943 849 Ὧδέ

2296 898 2318 931 ι
2352 900 2428 943 πη
2495 880 2704 948 νοήσεις
2758 881 2843 936 καὶ
2874 879 2953 960 ἐφ’
3018 883 3161 961 Υἶοῦ,
3206 885 3292 938 καὶ
3340 882 3664 957 Πνεύματος,
3725 888 3939 957 Πνεῦμα

2294 989 2317 1022 ι
2350 964 2450 1044 γὰρ
2502 966 2684 1045 σοφίας
2736 968 2822 1023 καὶ
2903 968 3159 1031 συνέσεως
3230 968 3309 1049 ὃν,
3343 969 3497 1048 σοφία
3566 969 3776 1032 πάντως
3821 969 3935 1025 ἐστὶ

2290 1074 2315 1105 α
2351 1054 2438 1107 καὶ
2478 1050 2716 1129 δύναμις,
2749 1052 2880 1122 ὅλην
2922 1053 2975 1120 ἐξ
3005 1053 3130 1112 ὅλου
3176 1056 3273 1123 τὴν
3330 1062 3422 1112 τοῦ
3480 1056 3752 1135 προῖἐνως
3779 1055 3932 1134 ἐνέρ-

2291 1165 2314 1197 σ
2347 1161 2491 1216 γειαν
2557 1141 2831 1214 ἀποσῶζον
2890 1145 2945 1199 ἐν
3014 1146 3206 1220 ἑαυτῷ,
3271 1145 3359 1201 καὶ
3400 1144 3454 1200 ἐν
3508 1143 3607 1217 ἰδίᾳ
3653 1146 3795 1224 φύσει
3824 1165 3930 1200 κα-

2291 1256 2312 1285 α
2346 1226 2647 1285 ταδεικνύον
2706 1231 2762 1287 εὖ
2804 1231 2970 1307 μάλα,
3045 1235 3142 1301 τὴν
3201 1233 3331 1311 ὅπερ
3388 1230 3549 1295 ἐστίν,
3614 1229 3828 1299 Ἐπειδὴ
3875 1230 3935 1287 δὲ

2286 1345 2308 1376 ι
2339 1318 2401 1372 τὸ
2442 1343 2462 1373 ι
2508 1316 2605 1375 Ἐκ
2635 1326 2728 1375 τοῦ
2783 1320 2912 1395 ἐμοῦ
2967 1320 3220 1397 λήψεται,
3271 1351 3295 1384 ι
3355 1323 3503 1401 φησὶ,
3570 1320 3935 1400 προστέθεικεν

2281 1421 2306 1455 ε
2340 1403 2641 1482 ἀναγκαίως
2671 1406 2749 1462 ὅτι
2804 1436 2825 1467 ι
2858 1408 3039 1465 Πάντα
3082 1408 3180 1465 ὅσα
3241 1409 3359 1489 ἔχει
3391 1411 3420 1465 ὃ
3449 1410 3629 1487 Πατὴρ
3660 1409 3763 1485 ἐμά
3793 1408 3929 1466 ἐστι.

2284 1518 2307 1551 ε
2347 1493 2444 1547 Διὰ
2487 1500 2640 1550 τοῦτο
2671 1496 2828 1552 εἷπον
2854 1497 2983 1572 ὑμῖν
3037 1496 3116 1554 ὅτι
3161 1498 3220 1554 ἐκ
3274 1506 3365 1554 τοῦ
3409 1497 3535 1574 ἐμοῦ
3564 1494 3842 1573 λαμϐάνει.
3900 1517 3925 1551 ι

2285 1608 2307 1638 ι
2342 1571 2565 1660 ’Ὥσπερ
2651 1582 2803 1661 ἅγιον
2875 1571 2985 1641 ἔστι
3057 1588 3193 1643 κατὰ
3275 1587 3446 1666 φύσιν,
3525 1585 3736 1663 ἐπείπερ
3787 1583 3930 1641 ἐστὶν

551 1695 573 1729 ιι
610 1671 819 1734 Filius.
853 1669 926 1731 Et
956 1690 1257 1752 nunquam
1289 1671 1545 1733 dicimus
1576 1674 1904 1734 secundum
1939 1675 2183 1754 aliquam

2285 1696 2305 1725 ι
2337 1668 2486 1747 ἁγίου
2546 1674 2747 1749 Πατρὸς
2806 1679 3041 1754 Πνεῦμα,
3122 1673 3256 1731 οὕτω
3310 1678 3396 1731 καὶ
3451 1674 3635 1755 σοφόν,
3685 1673 3798 1729 ἐπεί
3842 1695 3928 1730 τοι

550 1786 574 1817 ιι
609 1759 1019 1822 habitudinem
1075 1768 1133 1820 et
1188 1760 1697 1841 participationem
1743 1760 2026 1841 Spiritum
2060 1782 2183 1826 esse

2281 1781 2303 1811 ι
2340 1758 2522 1838 σοφίας
2584 1766 2796 1835 Πνεῦμα
2868 1762 3000 1837 ἐστι,
3060 1763 3215 1843 σοφία
3270 1761 3323 1818 δὲ
3379 1764 3406 1819 ὀ
3465 1765 3603 1827 Υἱὸς.
3666 1764 3765 1819 Καὶ
3813 1760 3927 1817 οῧτι

549 1874 576 1905 α
612 1856 883 1910 sanctum
907 1856 965 1909 et
987 1848 1462 1929 sapientem,sed
1486 1849 1952 1912 substantialiter
1971 1852 2186 1931 potius,

553 1967 576 1998 α
609 1952 669 2000 et
699 1938 865 2017 quasi
895 1937 1181 1999 naturalis
1211 1938 1479 2018 quaedam
1528 1939 1779 2018 qualitas
1826 1948 2043 2001 sanctae
2090 1961 2185 2002 sa-

547 2052 570 2086 α
608 2028 943 2109 pientisque
964 2028 1315 2111 divinitatis,
1349 2049 1480 2111 quae
1510 2030 1686 2091 sicuti
1733 2031 1792 2092 in
1826 2034 1999 2094 Patre
2028 2043 2084 2094 et
2122 2034 2183 2095 in

547 2147 569 2178 ιι
603 2118 773 2193 Filio,
836 2118 917 2179 ita
964 2125 1020 2179 et
1062 2120 1119 2180 in
1174 2119 1301 2199 ipso
1336 2117 1561 2200 Spiritu
1594 2120 1963 2199 intelligitur.
2002 2123 2184 2183 Patris

546 2234 568 2265 ι
603 2215 801 2268 autem
826 2206 1136 2287 Spiritum,
1171 2206 1455 2287 Spiritum
1489 2227 1619 2269 esse
1651 2209 1805 2285 Filii,
1843 2213 1968 2290 ipse
1992 2230 2101 2287 per
2125 2230 2190 2272 se

546 2322 569 2353 ε
601 2296 794 2376 ipsum
828 2296 1081 2372 erudiet,
1116 2296 1326 2358 dicens
1361 2319 1373 2355 :
1416 2318 1436 2347 ι
1470 2296 1715 2370 Quando
1744 2299 1973 2361 venerit
2006 2299 2185 2360 Para-

546 2414 568 2444 α
602 2387 813 2460 cletus,
855 2403 1030 2465 quem
1080 2403 1187 2464 ego
1240 2385 1466 2445 mittam
1518 2386 1682 2447 vobis
1706 2406 1739 2446 a
1770 2386 1959 2461 Patre,
1990 2387 2184 2468 Spiri-

546 2495 568 2527 σ
606 2482 729 2535 tum
789 2474 1072 2547 veritatis,
1105 2475 1206 2554 qui
1239 2473 1473 2536 aPatre
1525 2476 1812 2555 procedit,
1866 2476 1966 2538 ille
2017 2479 2184 2539 testi-

547 2592 571 2626 α
614 2563 877 2623 monium
935 2562 1274 2641 perhibebit
1329 2563 1405 2625 de
1447 2581 1541 2625 me
1568 2564 1651 2624 94.
1690 2585 1709 2613 ι
1748 2564 2033 2645 Intelligis
2083 2567 2188 2647 igi-

542 2677 567 2711 ‹
610 2650 1026 2731 tur,quomodo
1042 2651 1342 2731 proprium
1360 2652 1659 2733 promittat
1672 2654 2060 2716 semissurum
2087 2675 2187 2717 no.

547 2769 568 2798 ιι
608 2739 700 2800 bis
731 2757 801 2800 ex
832 2742 1028 2815 Patre,
1053 2748 1110 2801 et
1136 2739 1417 2820 Spiritum
1448 2742 1689 2822 quidem
1724 2744 2183 2822 veritatisvocet,

547 2856 568 2888 ι
607 2846 887 2889 emanare
939 2828 1115 2889 etiam
1160 2848 1229 2890 ex
1261 2830 1389 2910 ipso
1423 2829 1664 2892 deﬁniat
1711 2833 1903 2910 Patre,
1940 2841 1997 2893 ct
2027 2835 2183 2915 quod

542 2936 567 2968 α
605 2917 779 2979 etiam
807 2916 1208 2979 testimonium
1243 2921 1317 2982 de
1349 2937 1414 2981 se
1445 2920 1850 3000 perhibiturus
1891 2925 1991 3002 sis,
2029 2942 2181 3003 prae-

542 3036 564 3065 α
600 3006 855 3070 nuntiat.
913 3008 1058 3068 Her.
1119 3007 1191 3068 Et
1254 3008 1387 3088 quis
1443 3008 1805 3088 intelligetur
1860 3012 2183 3073 testimonii

2278 1869 2300 1902 ι
2332 1847 2433 1902 πού
2488 1869 2657 1927 φαμεν
2702 1852 2776 1912 ὡς
2830 1852 2966 1906 κατὰ
3017 1851 3202 1931 σχέσιν
3256 1852 3372 1907 τινά
3425 1853 3513 1907 καὶ
3543 1850 3743 1925 μέθεξιν
3773 1849 3929 1928 ἅγιόν

2274 1953 2299 1987 (
2332 1933 2439 1990 ἐστι
2484 1938 2543 1992 τὸ
2600 1944 2809 2015 Πνεῦμα
2869 1941 2955 1996 καὶ
3010 1942 3192 2021 σοφὸν,
3263 1938 3527 2004 οὒσιωδῶς
3586 1937 3639 1994 δὲ
3694 1937 3927 2014 μᾶλλον,

2273 2050 2295 2082 ι
2326 2025 2413 2079 καὶ
2484 2029 2648 2083 οἷονεί
2716 2050 2795 2091 τις
2854 2030 3048 2107 φυσικὴ
3110 2031 3332 2097 ποιότης
3390 2029 3486 2096 τῆς
3530 2028 3677 2105 ἁγίας
3736 2049 3794 2083 τε
3825 2029 3918 2082 καὶ

2278 2135 2298 2165 ο
2330 2119 2496 2193 σοφῆς
2540 2116 2811 2191 θεότητος,
2858 2123 2957 2184 τῆς
3013 2121 3085 2182 ὡς
3144 2119 3197 2173 ἐν
3246 2120 3406 2198 Πατρὶ
3438 2119 3548 2198 ,καὶ
3602 2120 3705 2191 Υἱῷ
3760 2137 3924 2174 νοου-

2282 2227 2302 2255 ι
2340 2199 2506 2273 μένης
2536 2204 2623 2258 καὶ
2667 2204 2719 2260 ἐν
2764 2207 2903 2279 αῦτῷ
2959 2212 3035 2279 τῷ
3092 2206 3377 2281 Πνεύματι.
3435 2195 3568 2260 ι’Πτι
3597 2202 3651 2259 δὲ
3708 2205 3768 2259 τὸ
3826 2209 3925 2260 ἰοῦ

2276 2315 2298 2346 ι
2333 2292 2533 2368 Πατρὸς
2576 2297 2806 2369 Πνεῦμα,
2868 2301 3075 2370 Πνεῦμα
3129 2294 3239 2350 ἐστι
3293 2305 3384 2353 τοῦ
3445 2296 3585 2366 Υἱοῦ,
3650 2293 3803 2354 αῦτός
3856 2313 3917 2369 γε

2273 2395 2294 2427 ι
2329 2374 2394 2431 δι’
2455 2380 2638 2436 ἑαυτοῦ
2694 2385 3101 2462 μυσταγωγόσει
3160 2383 3330 2462 λέγων
3356 2402 3369 2418 ·
3425 2404 3447 2434 α
3486 2373 3659 2440 ’Ὅταν
3701 2379 3756 2435 δὲ
3784 2380 3914 2456 ἔλθῃ

2277 2485 2300 2520 ιι
2335 2468 2362 2520 ὁ
2397 2466 2760 2547 Παρείκλητος,
2821 2470 2880 2525 ὃν
2947 2473 3055 2548 ἐγὼ
3129 2471 3328 2548 πέμψω
3397 2474 3523 2547 ὑμῖν
3610 2470 3751 2549 παρὰ
3819 2478 3913 2527 τοῦ

2275 2576 2302 2606 α
2338 2559 2565 2634 Πατρός,
2649 2561 2709 2615 τὸ
2785 2566 2995 2635 Πνεῦμα
3078 2560 3175 2627 τῆς
3224 2560 3469 2627 ἀληθείας
3539 2557 3568 2614 ὅ
3624 2559 3763 2637 παρὰ
3820 2565 3911 2614 τοῦ

2277 2664 2304 2695 α
2354 2646 2556 2722 Πατρὸς
2649 2647 3006 2727 ἑτιπορεύεται,
3104 2648 3308 2712 ἕκεϊνος
3394 2648 3710 2726 μαρτυρήσει
3793 2648 3911 2724 περὶ

2277 2752 2302 2783 α
2338 2732 2488 2806 ἐμοῦ,
2550 2735 2738 2802 Συνίης
2811 2736 2920 2812 οῦν,
2983 2737 3128 2800 ὅπως
3172 2740 3245 2801 ὡς
3305 2735 3440 2793 ἴδιον
3527 2732 3907 2813 ἐπαγγέλλεται

2276 2842 2303 2872 (ι
2360 2823 2724 2898 καταπέμψειν
2755 2826 2881 2899 ὑμῖν
2924 2826 2984 2880 τὸ
3024 2826 3084 2881 ἐκ
3124 2833 3215 2882 τοῦ
3270 2828 3495 2903 Πατρὸς,
3556 2826 3642 2880 καὶ
3694 2829 3907 2897 Πνεῦμα

2275 2930 2296 2961 σ
2335 2910 2432 2982 μὲν
2501 2910 2748 2977 ἀληθείας
2820 2912 3103 2993 ἀποκαλεῖ,
3163 2914 3482 2994 προχεῖσθαί
3537 2934 3598 2990 γε
3675 2913 3783 2987 μὴν
3853 2908 3906 2976 ἒξ

2272 3019 2299 3050 α
2334 3002 2490 3056 αὐτοῦ
2560 3000 2832 3080 διωρίσατο
2874 3005 2964 3058 τοῦ
2991 3004 3215 3080 Πατρός,
3276 3005 3372 3061 Καὶ
3416 3004 3523 3077 μὴν
3560 3000 3639 3058 ὅτι
3698 3023 3903 3079 μαρτυ-

598 3094 860 3157 modus?
893 3095 1239 3175 Cyril.Nam
1272 3084 1550 3177 quoniam
1583 3084 1662 3159 ea
1680 3117 1811 3180 qum
1839 3097 1943 3161 Dei
1967 3119 2177 3180 opera-

2272 3107 2295 3141 α
2346 3088 2494 3180 ρήσει
2546 3089 2664 3168 περί
2724 3091 2879 3149 αὐτοῦ
2941 3094 3366 3170 προμεμήνυκεν,
3450 3084 3903 3180 Ἐρμείπςῗῗᾙαὶ

536 3211 560 3246 ι
598 3191 692 3246 tus
742 3192 829 3246 est
878 3202 987 3265 per
1047 3203 1255 3247 manus
1304 3194 1670 3267 sanctorum,
1708 3187 2052 3249 testificatus
2092 3198 2181 3251 est

537 3298 559 3330 ι
595 3271 925 3355 evidenter,
959 3275 1144 3336 Deum
1191 3292 1322 3336 esse
1345 3274 1585 3355 Filium,
1620 3276 1787 3355 cujus
1831 3283 1890 3338 et
1922 3277 2176 3357 Spiritus

534 3385 557 3415 α
606 3370 718 3437 est,
750 3361 1250 3442 quemadmodum
1284 3364 1513 3425 scilicet
1538 3362 1743 3425 Patris.
1778 3386 1800 3413 ι

1096 3545 1581 3607 Animadversio.

611 3666 632 3696 σ
664 3634 844 3698 Plane
877 3635 1248 3699 admirabilis
1280 3646 1370 3700 est
1392 3639 1520 3701 haec
1547 3642 1846 3721 pericope,
1884 3640 2085 3700 multis
2108 3640 2168 3700 in

530 3754 549 3782 ι
586 3723 734 3786 locis
756 3743 826 3786 ex
857 3728 1029 3789 Patre
1056 3744 1159 3805 per
1177 3725 1686 3808 FiliumSpiritum
1714 3747 1843 3790 esse
1869 3728 2167 3804 indicans,

527 3839 549 3872 ι
584 3813 687 3874 sed
721 3813 783 3873 in
813 3812 933 3875 illis
992 3813 1389 3895 potissimum,
1443 3816 1503 3877 in
1536 3816 1752 3896 quibus
1812 3816 2173 3879 Salvatorem

527 3929 549 3960 ε
580 3899 843 3976 adducit,
878 3900 1164 3982 Spiritum
1209 3903 1468 3966 veritatis
1527 3903 1809 3985 Spiritum
1845 3908 2040 3987 ipsum
2074 3926 2172 3969 vo-

523 4018 542 4046 ι
580 3997 834 4070 cantem,
882 3990 1004 4053 sive
1052 3992 1146 4053 sui
1204 3991 1425 4072 ipsius:
1452 3993 1581 4073 ipse
1612 3994 1770 4056 enim
1804 3996 2018 4057 veritas
2051 4004 2160 4072 est,

527 4100 546 4130 ι
583 4085 641 4139 et
668 4079 896 4141 effundi
957 4098 1094 4142 eum
1145 4098 1215 4141 ex
1259 4081 1387 4155 ipso
1434 4085 1605 4145 Patre
1637 4083 2044 4146 deﬁuientem.
2078 4084 2164 4147 Ne

517 4185 549 4219 «
579 4184 717 4228 vero
745 4186 952 4248 parum
977 4176 1146 4230 caute
1173 4178 1550 4249 pertranseas
1574 4171 1720 4233 illud
1754 4191 1824 4234 ex
1850 4173 2165 4253 ipso:torte

521 4283 543 4316 ι
579 4255 739 4318 enim
772 4275 891 4317 non
921 4274 992 4319 ex
1054 4257 1177 4319 ullo
1210 4258 1326 4319 alio
1358 4259 1525 4321 illum
1558 4279 1689 4322 esse
1733 4261 2044 4341 signiﬁcat,
2080 4261 2165 4323 uti

520 4369 545 4407 ‹
580 4346 728 4427 ipse,
763 4362 874 4409 nec
904 4353 1045 4426 puto
1072 4364 1163 4408 me
1192 4347 1335 4424 falli,
1370 4348 1838 4414 anidmadverto.
1877 4371 1898 4400 ι

1153 4434 1496 4514 Refutatio.

2268 3197 2295 3228 α
2329 3176 2402 3241 τίς
2438 3176 2500 3231 ἄν
2555 3192 2731 3234 νοοῖτο
2763 3184 2861 3246 τῆς
2907 3183 3186 3260 μαρτυρίας
3245 3184 3272 3237 ὁ
3314 3181 3505 3260 τρόπος
3538 3199 3553 3258 ;
3614 3177 3895 3259 Κύριλλος.

2269 3282 2292 3318 α
2328 3263 2475 3321 Ἐπεὶ
2503 3267 2600 3347 γὰρ
2629 3269 2889 3347 ἐνήργηκε
2945 3272 3009 3330 τὰ
3050 3281 3140 3329 τοῦ
3170 3278 3298 3327 Θεοῦ
3353 3268 3436 3325 διὰ
3491 3270 3673 3349 χειρὸς
3704 3268 3891 3348 ἁγίων,

2262 3374 2287 3405 α
2322 3355 2720 3434 μεμαρτύρηκεν
2799 3356 3029 3437 ἐναργῶς
3098 3357 3178 3415 ὅτι
3235 3357 3364 3421 Θεός
3450 3358 3589 3414 ἐστιν
3648 3359 3675 3413 ὁ
3747 3358 3894 3428 Υἱὸς,

2262 3459 2292 3498 (
2323 3441 2380 3497 οῦ
2421 3444 2508 3499 καὶ
2537 3445 2747 3518 Πνεῦμά
2777 3444 2911 3520 ἐστι,
2956 3448 3187 3526 καθάπερ
3242 3447 3426 3523 ὰμέλει
3469 3454 3558 3503 τοῦ
3600 3443 3824 3523 Πατρός.
3862 3464 3893 3502 n

2905 3547 3239 3611 Ἐπιστασία.

2339 3659 2365 3690 α
2401 3640 2689 3713 Θαυμαστὴ
2748 3640 2881 3699 πάνυ
2909 3643 2943 3708 ἡ
3000 3643 3261 3721 περικοπὴ
3318 3640 3470 3714 αὕτη,
3532 3641 3584 3697 ὲν
3628 3638 3897 3720 διαφόροις

2268 3747 2296 3786 (
2328 3730 2547 3808 χωρίοις
2591 3734 2751 3798 αὐτῆς
2782 3732 2839 3789 ἔκ
2868 3736 3070 3812 Πατρὸς
3100 3731 3166 3788 δι’
3226 3735 3346 3793 Υἰοῦ
3390 3735 3448 3789 τὸ
3504 3740 3716 3808 Πνεῦμα
3748 3730 3902 3789 διδά-

2265 3838 2287 3872 α
2326 3838 2542 3894 σκουσα,
2590 3821 2643 3874 ἓν
2675 3824 2759 3883 οἶς
2801 3819 2855 3876 δὲ
2887 3820 3087 3897 μαλλον
3118 3823 3272 3878 αὐτὸν
3321 3825 3411 3878 τὸν
3466 3827 3690 3899 Σωτῆρα
3720 3822 3899 3899 παρά-

2263 3926 2287 3962 ιι
2322 3927 2425 3984 γει,
2474 3913 2684 3984 Πνεῦμα
2715 3909 2810 3984 μὲν
2856 3909 3099 3977 ἀληθείας
3158 3910 3523 3968 ἆκοπαλοῦντα
3551 3913 3611 3967 τὸ
3656 3913 3896 3986 Πνεῦμα,

2262 4022 2283 4051 ι
2319 3993 2436 4062 ἤτοι
2467 3998 2621 4054 αὐτοῦ
2655 4014 2668 4028 ⁸
2718 4000 2870 4062 αἰτὸς
2930 4001 3029 4079 γὰρ
3087 4000 3229 4057 ἐστιν
3260 4003 3294 4068 ἡ
3352 4000 3595 4079 ἀλήθεια,
3667 4014 3898 4080 προχεῖ-

2250 4106 2277 4138 σ
2313 4088 2429 4141 σθαι
2486 4083 2540 4141 δὲ
2582 4094 2735 4143 τοῦτο
2795 4088 2845 4154 ἐξ
2896 4089 3050 4147 αὐτοῦ
3106 4096 3196 4146 τοῦ
3267 4091 3467 4168 Πατρὸς
3524 4088 3892 4169 προσδιοριζό-

2255 4192 2277 4225 α
2315 4194 2493 4248 μενον.
2556 4177 2642 4243 Μὴ
2683 4179 2739 4232 ἓν
2797 4177 3043 4257 παρέργῳ
3092 4176 3144 4233 δὲ
3199 4180 3258 4234 τὸ
3302 4178 3353 4244 ἐξ
3411 4182 3563 4235 αὑτοῦ
3618 4176 3891 4257 παραδρά-

2255 4287 2277 4320 ι
2313 4286 2442 4339 μῃς.
2478 4266 2633 4345 Τάχα
2663 4268 2761 4344 γὰρ
2790 4268 2849 4322 τὸ
2904 4270 3026 4347 οὐχὶ
3081 4269 3169 4324 καὶ
3225 4268 3275 4333 ἐξ
3334 4267 3495 4325 ἆλῖου
3549 4269 3690 4331 τινὸς
3732 4274 3891 4324 τοῦτο

2254 4375 2275 4405 ι
2311 4351 2619 4429 παρίστησι,
2654 4356 2789 4410 κατὰ
2818 4355 2878 4411 τὰ
2906 4356 3038 4420 τέως
3070 4357 3187 4432 ἐμοὶ
3213 4357 3622 4435 παριστάμενον.
3657 4377 3678 4407 ι

2904 4443 3250 4523 Ἀντιῤῥησις.

588 4524 720 4589 Ι]ηο
780 4527 1058 4610 equidem
1116 4510 1413 4591 consensu
1443 4530 1542 4592 hic
1567 4531 1897 4611 jungimur,
1950 4535 2161 4596 admo-

2330 4532 2586 4611 Σύμφημί
2626 4555 2707 4588 σοι
2774 4535 2861 4590 καὶ
2920 4536 3074 4598 αὗτὸς
3132 4538 3203 4599 ὡς
3269 4536 3541 4610 θαυμαστή
3595 4538 3705 4590 ἒσιι
3755 4533 3893 4590 πάνυ

509 4613 648 4676 dum
681 4614 1094 4679 admirabilem
1135 4636 1267 4679 esse
1316 4619 1469 4681 hanc
1514 4621 1878 4700 pericopem,
1902 4642 2030 4701 qua)
2059 4643 2161 4684 va-

511 4704 614 4765 riis
644 4704 705 4765 in
731 4704 879 4768 locis
912 4707 1315 4785 cognitionem
1347 4709 1622 4788 ingerere
1654 4711 1874 4790 poterit
1918 4712 2026 4787 illi,
2063 4715 2160 4793 qui

507 4810 637 4854 eam
671 4803 841 4856 caute
871 4796 1217 4877 perlegerit,
1252 4817 1320 4859 ex
1352 4801 1527 4862 Patre
1569 4809 1626 4860 et
1672 4800 1825 4862 Filio
1877 4801 2158 4882 Spiritum

509 4884 827 4964 esse,quod
852 4893 908 4946 et
926 4892 985 4946 tu
1015 4905 1253 4967 quoque
1284 4906 1399 4949 non
1434 4889 1484 4949 is
1515 4889 1764 4952 inﬁcias.
1797 4891 1862 4951 In
1889 4890 2017 4951 aliis
2051 4892 2163 4952 tuis

506 4971 1124 5036 animadversionibus
1161 4976 1642 5057 praepositionem
1666 4996 1745 5039 em
1764 4987 1817 5039 et
1833 4997 1942 5057 per
1959 4998 2159 5059 aequa-

506 5059 593 5120 les
614 5060 771 5123 vires
789 5081 921 5123 cum
942 5063 1133 5126 fassus
1155 5065 1359 5141 fueris,
1386 5066 1525 5127 dum
1549 5066 1621 5127 de
1644 5067 1792 5130 Filio
1812 5086 2006 5130 sermo
2024 5078 2113 5130 est
2143 5090 2155 5129 :

507 5147 569 5209 iu
603 5148 731 5211 haac
762 5168 901 5213 vero
931 5171 1062 5213 cum
1089 5172 1396 5216 assensum
1431 5154 1923 5236 praebueris,eum
1952 5177 2018 5219 ex
2044 5161 2161 5220 Pa-

506 5244 595 5299 tre
628 5256 733 5339 per
762 5239 992 5339 Filium
1015 5251 1235 5318 esse,et
1255 5242 1416 5339 quod
1445 5262 1564 5324 prae
1592 5245 1724 5307 aliis
1775 5246 2152 5339 animadver-

2244 4619 2281 4686 ἡ
2327 4621 2546 4696 ῥηθεϊσα
2618 4624 2904 4699 περικοπὴ,
2968 4622 3023 4678 ἐν
3108 4622 3367 4703 διαφόροις
3439 4624 3658 4703 χωρίοις
3730 4623 3892 4690 αὐτῆς

2244 4714 2442 4785 γνῶσιν
2500 4724 2806 4790 παρασχεῖν
2873 4710 3132 4786 δυναμένη
3188 4719 3265 4787 τῷ
3321 4712 3669 4774 ἓπιστατικῶς
3723 4709 3888 4790 ἐπερ-

2245 4797 2462 4876 χομένῳ
2500 4798 2682 4873 αὖτὴν,
2742 4799 2883 4865 ὅπως
2923 4803 2985 4855 Ιεκ
3027 4803 3228 4880 Πατρὸς
3259 4803 3345 4856 καὶ
3412 4803 3527 4857 ι’ἱου
3583 4802 3644 4855 τὸ
3675 4801 3888 4873 Πνεῦμα

2245 4888 2408 4965 ἐστιν,
2469 4888 2598 4970 ὅπερ
2668 4894 2752 4947 καὶ
2794 4894 2854 4947 σὺ
2912 4894 3063 4958 αὐτὸς
3117 4900 3381 4972 συνιστᾷς,
3437 4892 3490 4948 ἒν
3541 4893 3637 4967 μὲν
3699 4891 3887 4973 ἄλλαις

2246 4978 2553 5043 ἐπιστασίας
2591 4981 2651 5036 τὸ
2694 4986 2791 5047 τῆς
2851 4979 2902 5047 ἐξ
2957 4984 3045 5038 καὶ
3099 4981 3182 5040 διὰ
3231 4981 3536 5057 ἱσοδὺναμον
3604 4983 3883 5059 ὁμολογῶν

2246 5067 2329 5124 ἐπὶ
2359 5074 2451 5125 τοῦ
2512 5073 2651 5143 Υἱοῦ,
2700 5069 2916 5127 ἐνταῦθα
2974 5069 3026 5126 δὲ
3085 5072 3145 5127 ἐκ
3201 5073 3399 5150 Πατρὸς
3443 5068 3508 5126 δι’
3569 5072 3689 5126 Υἱοῧ
3743 5083 3882 5126 εῖναι

2241 5158 2370 5216 αὐτὸ
2414 5157 2801 5238 συντιθέμενος,
2862 5160 2920 5215 τὸ
2950 5157 3004 5215 δὲ
3061 5158 3125 5227 δὴ
3182 5158 3344 5217 πλέον
3399 5166 3503 5215 τῶν
3572 5157 3745 5215 ἄλλων
3785 5162 3885 5226 τὴν

2244 5246 2446 5304 ἔννοιαν
2502 5262 2869 5329 παρεμφατνον
2927 5251 3078 5306 τοῦτό
3123 5251 3256 5330 ἐστι,
3340 5249 3592 5328 παράγων
3648 5251 3675 5305 ὁ
3730 5247 3884 5327 ἅγιος

507 5325 748 5387 tendum
785 5336 959 5390 est.et
979 5330 1131 5391 hanc
1165 5331 1514 5394 sententiam
1540 5325 2020 5396 commonstran§
2038 5344 2148 5416 est,

2271 5338 2325 5393 όν
2354 5325 2588 5416 Σωτῆρα
2607 5325 2845 5416 λέγοντα,
2890 5363 2912 5394 ι
2947 5329 3121 5397 υΟταν
3176 5325 3252 5394 ’δὲ⁷
3284 5325 3428 5406 ἓλθηῄ
3454 5325 3887 5417 ὀῚΠαράκλητος,

497 5414 652 5494 quod
686 5422 927 5478 sanctus
956 5419 1320 5483 Salvatorem
1343 5420 1597 5484 adducat
1623 5421 1942 5486 dicentem:
1960 5456 1981 5485 ι
2002 5414 2148 5487 cum

2271 5448 2292 5480 ν
2323 5427 2432 5503 ἑγὼ
2480 5414 2690 5502 πέμψω
2733 5429 2860 5503 ὑμῖν
2915 5428 3056 5506 παρὰ
3106 5434 3196 5484 τοῦ
3271 5434 3472 5507 Πατρος
3556 5414 3616 5483 τό
3666 5432 3879 5504 Πνεῦμα

576 5575 640 5626 93
669 5578 840 5639 Joan.
869 5594 987 5655 xvr,
1045 5580 1136 5643 15.
1225 5580 1290 5630 94
1318 5581 1486 5645 Joan.
1523 5600 1623 5661 xv,
1663 5584 1764 5650 26.
