4208 6296
274 337 408 403 533

1342 347 1421 408 ΙΝ
1467 335 1855 408 CAMATERI
1899 330 2643 400 ANIMADVERSIONES.

3553 328 3667 396 534

271 473 380 541 τῆς
438 474 711 550 ἀληθείας,
785 479 814 533 ὃ
869 481 1010 556 παρὰ
1068 488 1161 535 τοῦ
1217 480 1418 557 Πατρὸς
1481 476 1840 556 ἐκπορεύεται,
1894 494 1910 526 Il

2011 467 2233 557 venerit
2253 466 2800 557 Paracletus,quem
2813 484 2931 557 ego
2951 465 3178 527 mittam
3196 463 3367 557 vobis
3387 465 3646 557 a_Patre_.

274 561 491 640 ἒπάγει¹
521 563 705 643 ἐφεξῆς
762 567 836 627 ὡς
897 567 950 622 ἐν
1021 567 1297 645 ἐρωτήσει,
1361 595 1383 625 σ
1429 566 1618 632 Συνίης
1664 565 1751 621 οὖν
1781 562 1925 624 ὅπως

274 652 352 712 ὣς
417 649 557 708 ἴδιον
626 653 1015 731 ἒπαγγέλλεται
1097 655 1465 730 καταπέμψειν
1534 657 1667 730 ἡμῖν
1725 653 1783 709 ἐκ
1838 657 1929 707 τοῦ

272 741 517 819 Πατρὸς,
574 742 660 797 καὶ
717 748 929 817 Πνεῦμα
990 744 1087 818 μὲν
1142 742 1390 810 ἀληθείας
1442 742 1728 815 ἀποκαλεῖ,
1791 762 1927 816 προ-

272 833 504 907 χεῖσθαι
563 851 625 907 γε
680 831 784 900 μὴ·
844 830 896 897 ἐξ
956 836 1114 890 αὐτοῦ
1200 830 1476 912 διωρίσατο
1529 842 1622 891 τοῦ
1676 831 1924 909 Πατρὸς;

275 917 381 972 Καὶ
456 918 565 991 μὴν
663 917 718 973 ἐν
816 918 1153 998 Εῦαγγελίοις
1238 923 1265 976 6
1322 921 1508 998 Κύριος
1565 919 1930 995 ἐκπορεύεσθαι

272 1002 405 1082 ἔφη.
439 1003 593 1062 Ἀλλ’
636 1008 664 1062 6
693 1007 867 1084 ἅγιος,
912 1010 1002 1065 τὸν
1057 1007 1214 1086 λόγον
1266 1014 1359 1064 τοῦ
1390 1008 1583 1087 Κυρίου
1614 1005 1802 1064 ἐπανα)
1816 1028 1925 1081 αμ-

272 1090 480 1166 ὗᾶνων,
540 1102 618 1169 τῷ
683 1100 995 1175 προχεῖσθαι
1052 1096 1321 1176 ἐχρήσατο
1376 1096 1491 1152 ἀντὶ
1539 1103 1631 1153 τοῦ
1673 1097 1926 1174 ἐκπορευ-

273 1184 449 1257 εσθαι,
521 1186 611 1239 καὶ
678 1183 790 1240 ἔστι
833 1193 987 1243 τοῦτο
1050 1182 1309 1250 ἀπόδειξις
1368 1184 1591 1263 ἐναργὴς
1647 1191 1739 1241 τοῦ
1793 1205 1922 1239 ταυο

273 1269 368 1325 τόν
439 1271 582 1327 εἶναι
640 1270 727 1327 ἐπὶ
781 1280 874 1329 τοῦ
930 1274 1256 1348 Πνεῦμανος,
1328 1273 1389 1328 τὸ
1460 1275 1784 1353 προχεῖσθαι
1841 1266 1928 1327 καὶ

273 1358 672 1436 ἑκπορευεσθαι.
731 1362 804 1418 Τὸ
871 1360 925 1417 δὲ
995 1360 1048 1427 ἐξ
1091 1363 1246 1418 αὐτοῦ
1286 1370 1381 1420 τοῦ
1436 1365 1639 1440 Πατρὸς
1669 1361 1729 1417 τό
1758 1360 1836 1436 μὴ
1879 1358 1930 1424 ἐξ

276 1443 448 1512 ἄλλης
506 1448 650 1512 τινός
703 1449 1028 1526 ἐτεροοῦσίου
1084 1449 1260 1529 ἀρχῆς
1305 1450 1431 1508 αὐτό
1488 1454 1627 1507 εἶναι
1656 1446 1837 1516 δηλοῖ.
1872 1447 1930 1505 Ei

275 1535 397 1612 γὰρ,
432 1537 505 1601 ὡς
534 1534 692 1600 αὗτός
737 1536 868 1617 οἴει,
912 1538 1042 1616 πρὸς
1084 1536 1375 1605 διαστολὴν
1404 1544 1497 1595 τοῦ
1546 1541 1689 1610 Υἱοῦ,
1721 1545 1835 1601 πῶς
1863 1536 1923 1592 τό

276 1624 420 1681 εἶναι
470 1625 532 1681 τό
590 1631 803 1700 Πνεῦμα
859 1623 996 1681 ἴδιον
1062 1624 1262 1707 ἀμφοῖν
1333 1625 1546 1694 ωνῆξεν
1601 1629 1629 1683 6
1657 1626 1808 1704 ἅγιος
1864 1625 1923 1683 ἐκ

272 1719 367 1769 τοῦ
419 1715 560 1769 εἶναι
616 1713 744 1771 αὖτό
773 1711 826 1770 ἒν
859 1713 919 1770 ἐκ
960 1720 1162 1793 Πατρος
1191 1712 1237 1770 δι
1280 1717 1424 1774 Υἱοῦ.

514 1901 617 1951 Τοῦ
645 1899 803 1954 αὐτοῦ
856 1899 918 1953 ἒκ
957 1896 1053 1964 τῆς
1086 1896 1249 1963 αὐτῆς
1291 1895 1671 1974 πραγματείας.

349 1976 480 2062 48'.
514 2013 539 2045 σ
579 1980 640 2045 ’Π
697 1992 797 2057 τῆς
848 1997 973 2065 μιᾶς
1002 1990 1254 2057 θεότητος
1307 1989 1457 2068 φύσις
1490 1988 1545 2044 ἐν
1575 1988 1699 2065 ἀγίᾷ
1730 2009 1788 2043 τε
1831 1992 1917 2044 ναὶ

278 2095 302 2129 ι
334 2077 600 2150 ὁμοουσίῳ
668 2077 847 2157 Τριάδι
923 2080 1237 2157 γινώσκεται
1296 2080 1426 2154 πρὸς
1488 2098 1544 2132 τε
1610 2076 1758 2151 ἡμῶν
1814 2078 1912 2133 αὒ-

275 2187 300 2217 :
332 2170 437 2220 τῶν
493 2167 584 2221 καὶ
638 2172 744 2222 τῶν
804 2169 965 2245 ἁγίων
1024 2166 1268 2245 ἀγγέλων
1301 2182 1316 2196 ⁶
1381 2169 1469 2222 καὶ
1526 2164 1633 2221 ἔστι
1666 2165 1761 2221 μὲν
1797 2165 1910 2221 καθ’

273 2277 299 2306 ι
328 2256 621 2315 ὑπόστασιν
662 2258 830 2327 ἷδικὴν
898 2259 1205 2324 παντέλειος
1262 2262 1290 2316 6
1335 2260 1538 2338 Πατὴρ,
1586 2258 1783 2333 ὁμόίως
1858 2256 1912 2314 δέ

273 2366 297 2395 ι
331 2348 421 2401 καὶ
504 2350 533 2403 6
597 2349 738 2428 Υἱὸς,
826 2350 914 2405 καὶ
967 2351 1028 2405 τὸ
1090 2354 1325 2423 Πνεῦμα.
1378 2346 1530 2404 Ἀλλ’
1560 2351 1593 2415 ἡ
1646 2349 1763 2412 ἑνὸς
1807 2348 1910 2404 τῶν

275 2452 297 2486 ο
328 2436 725 2511 ὡνομασμένων
808 2435 1158 2516 δημιουργικὴ
1231 2434 1469 2514 θὲλησις,
1556 2435 1637 2515 ἐφ’
1708 2435 1912 2514 ὅτῳπερ

272 2539 298 2576 ι
328 2520 388 2578 ἂν
448 2521 659 2601 λέγοιτο
716 2524 950 2602 γενέσθαι
1006 2527 1194 2603 τυχὸν,
1225 2523 1492 2602 ἒνέργημα
1552 2525 1648 2598 μὲν
1732 2528 1908 2603 αὐτοῦ,

270 2633 295 2664 ι
326 2609 469 2677 πλὴν
541 2610 632 2668 δῖα
698 2615 875 2680 πάσης
921 2612 1134 2693 ἔρχεται
1176 2618 1273 2678 τῆς
1337 2612 1611 2690 θεότητος,
1674 2612 1760 2668 καὶ
1813 2616 1910 2679 τῆς

269 2717 296 2756 ι
324 2702 456 2778 ὑπὲρ
526 2703 695 2758 κτίσιν
752 2704 890 2758 ἔστὶν
941 2703 1115 2766 οὐσίας
1159 2699 1493 2775 ἀποτέλεσμα
1527 2719 1544 2737 ⁶
1596 2705 1771 2757 κοινὸν
1815 2701 1910 2776 μὲν

267 2808 290 2842 ι
323 2789 504 2867 ὥσπερ
577 2813 655 2870 τι,
739 2789 878 2858 πλὴν
947 2792 1035 2847 καὶ
1102 2788 1278 2853 ἶδικῶς
1376 2789 1584 2862 ἑκάστῳ
1643 2789 1912 2865 προσώπῳ

265 2898 289 2930 ι
323 2878 545 2956 πρέπον.
603 2881 675 2936 Τὸ
718 2880 886 2935 τοίνυν
938 2882 1000 2936 ὲκ
1077 2885 1200 2954 μιᾶς
1270 2878 1472 2958 φύσεως
1542 2877 1911 2956 ἐνεργούμενον

266 2985 291 3023 ε
321 2964 408 3023 διὰ
464 2973 624 3043 τριῶν
678 2968 1028 3043 ξῦποστάσεων
1093 2965 1282 3043 πρέποι
1335 2964 1398 3020 ἂν
1449 2964 1625 3031 ἶδικῶς
1683 2966 1902 3043 ἑκάστῃ,
1926 2994 1964 3043 C

262 3074 288 3106 α
318 3054 645 3118 παντελείως
704 3054 907 3135 ἐχούσῃ
964 3053 1079 3112 καθ’
1112 3055 1325 3120 ἑαυτὴν.
1357 3053 1600 3133 Ἐνεργεῖ
1626 3062 1900 3133 τοιγαροῦν

261 3159 290 3199 (
319 3144 348 3198 6
404 3143 617 3223 Πατὴρ,
668 3142 802 3199 ἀλλὰ
846 3142 913 3199 δι’
980 3146 1099 3200 Υἱοῦ
1125 3146 1182 3199 ἓν
1211 3143 1473 3218 Πνεύματι
1520 3158 1532 3171 ⁸
1568 3141 1775 3221 ἐνεργεῖ
1817 3145 1903 3199 καὶ

262 3250 285 3283 ι
316 3231 345 3285 6
406 3231 547 3309 Υἱός,
608 3228 729 3286 ἀλλ’
771 3233 844 3295 ὡς
888 3230 1100 3307 δύναμις
1153 3238 1240 3287 τοῦ
1308 3232 1534 3309 Πατρὸς,
1567 3229 1619 3297 ἐξ
1649 3230 1803 3289 αὐτοῦ
1844 3252 1901 3286 τε

264 3337 286 3372 ι
319 3319 415 3374 καὶ
480 3319 536 3374 ἐν
602 3322 743 3394 αἱ)τῷ
813 3322 1092 3395 νοούμενος
1178 3317 1292 3375 καθ’
1387 3318 1601 3399 ὕπαρξιν
1665 3318 1834 3388 ἰδικὴν

258 3405 523 3485 «ἐνεργεῖ
606 3410 695 3464 καὶ
785 3411 845 3465 τὸ
918 3416 1152 3483 Πνεῦμα.
1211 3413 1423 3483 Πνεῦμα
1490 3409 1589 3487 γὰρ
1645 3408 1753 3466 ἐστι
1810 3417 1901 3467 τοῦ

258 3524 278 3551 σ
310 3499 519 3574 Πατρὸς
595 3499 682 3554 καὶ
724 3505 815 3555 τοῦ
856 3502 974 3556 fio-3
999 3498 1398 3576 παντουργικόν.
1439 3522 1463 3554 ι

896 3591 1229 3651 Ἐπίστασία.

332 3711 356 3741 ι
409 3680 660 3744 Ἐνταῦθα
720 3686 822 3764 οὐχ
874 3684 1049 3762 ἕτερον
1106 3705 1154 3739 τι
1214 3682 1339 3759 ἀλλ,
1398 3684 1434 3749 ἢ
1489 3705 1587 3745 την
1630 3686 1760 3759 πρὸς
1806 3686 1898 3742 τὸν

252 3797 274 3828 ι
309 3773 517 3851 Πατέρα
575 3777 663 3831 καὶ
720 3776 808 3830 τὸν
846 3776 963 3831 Υἱὸν
994 3773 1381 3847 ὁμοουσιότητα
1423 3769 1673 3845 διδάσκει,
1710 3774 1890 3848 οἶμαι,

250 3883 273 3917 ι
304 3862 333 3915 6
378 3860 558 3940 ἅγιος,

905 3953 1250 4033 Ἀντίρρησις.

320 4047 468 4113 Αὖτὴ
524 4049 560 4114 ἡ
606 4049 735 4126 πρὸς
766 4050 858 4104 τὸν
901 4047 1106 4126 Πατέρα
1138 4048 1226 4102 καὶ
1256 4047 1347 4102 τὸν
1394 4047 1509 4101 Υἱὸν
1540 4048 1889 4120 ὁμοουσιότης

240 4136 330 4190 τοῦ
413 4137 739 4210 Πνεύματος,
836 4136 903 4204 ἣν
972 4134 1235 4191 διδάσκειν
1304 4134 1520 4189 ἐνταῦθα
1571 4132 1741 4211 λέγεις
1800 4138 1889 4192 τὸν

236 4220 414 4299 ἅγιον,
486 4225 580 4281 οὔκ
644 4224 859 4282 ἄλλοθέν
923 4228 1085 4296 ἔστιν,
1151 4221 1269 4278 ἀλλ’
1356 4222 1415 4277 ἐκ
1475 4229 1566 4278 τοῦ
1635 4223 1775 4279 εἶναι
1829 4228 1889 4280 τὸ

238 4315 450 4386 Πνεῦμα
524 4312 608 4369 διὰ
658 4322 751 4371 τοῦ
795 4318 914 4370 Υἱοῦ
969 4316 1031 4369 ἒκ
1086 4318 1176 4368 τοῦ
1247 4311 1473 4388 Πατρὸς.
1541 4312 1636 4367 Καὶ
1679 4312 1712 4378 ἡ
1758 4335 1887 4387 μαρ-

2011 550 2295 632 Spiritum
2329 555 2609 631 veritatis,
2644 554 2793 635 quia
2812 553 2983 616 Patre
3000 552 3332 634 procedit,»
3357 550 3654 614 subnectit

2010 639 2171 701 illico
2192 640 2565 721 interrogans
2594 660 2607 705 :
2642 668 2664 699 ι
2692 642 2980 721 Intelligis
3006 641 3185 721 igitur
3202 640 3499 721 quomodo
3523 658 3658 720 pro-

2016 728 2206 807 prium
2240 731 2541 809 promittat
2591 750 2656 792 se
2718 732 3039 791 missurum
3073 728 3245 792 nobis
3274 749 3343 791 ex
3374 727 3566 803 Patre,
3603 736 3661 790 et

2015 816 2326 896 Spiritum,
2352 819 2591 899 quidem
2615 820 2879 881 veritatis
2899 826 3091 892 vocet,
3123 836 3401 881 emanare
3431 836 3568 879 vero
3591 836 3662 880 ex

2013 902 2142 983 ipso
2176 905 2420 968 deﬁniat
2450 910 2621 970 Patre
2645 914 2673 971 ?
2699 931 2722 967 ι
2749 907 2820 969 Et
2850 907 3238 969 nihilominus
3260 907 3321 968 in
3345 906 3658 986 Evangelia

2016 990 2302 1055 Dominus
2331 996 2661 1076 procedere
2690 996 2861 1069 dixit.
2905 995 3023 1059 Sed
3052 1003 3289 1059 sanctus
3317 1013 3657 1058 sermonem

2017 1081 2246 1143 Domini
2280 1091 2581 1165 repetens,
2616 1085 2880 1147 dictione
2908 1103 3195 1148 emanare
3223 1103 3365 1147 usus
3386 1091 3497 1164 est,
3522 1084 3653 1145 loco

2012 1166 2171 1230 illius
2195 1173 2544 1250 procedere.
2578 1174 2745 1247 Quod
2788 1174 3210 1236 demonstratio
3239 1173 3381 1236 satis
3411 1172 3657 1235 evidens

2015 1264 2125 1338 est,
2163 1257 2321 1321 idem
2379 1279 2512 1323 esse
2556 1265 2618 1324 in
2668 1261 2890 1344 Spiritu
2920 1262 3220 1344 profundi,
3253 1279 3558 1337 emanare,
3594 1268 3656 1324 et

2012 1347 2363 1424 procedere.
2398 1350 2551 1412 Illud
2593 1370 2791 1432 porro,
2823 1370 2893 1413 ex
2920 1354 3048 1432 ipso
3065 1354 3262 1427 Patre,
3290 1370 3407 1411 non
3431 1369 3501 1411 ex
3532 1350 3649 1413 alio

2013 1434 2288 1514 quopiam
2312 1438 2557 1501 alterius
2616 1439 2973 1502 substantiae
3005 1439 3296 1520 principio
3324 1439 3492 1500 illum
3523 1456 3657 1501 esse

2012 1523 2294 1586 ostendit.
2317 1524 2584 1608 Namque
2606 1528 2754 1603 si,ut
2774 1538 2835 1591 tu
2861 1528 3181 1604 existimas,
3207 1528 3281 1590 ad
3303 1527 3655 1590 discernen-

2004 1611 2146 1674 dum
2167 1613 2382 1678 Filium
2404 1620 2744 1700 appositum
2765 1628 2875 1696 est,
2897 1620 3197 1700 quomodo
3220 1618 3506 1702 Spiritum
3525 1638 3656 1701 pro-

2005 1702 2197 1790 prium
2216 1706 2522 1788 utriusque
2537 1726 2671 1771 esse
2694 1710 3059 1788 collegisset?
3075 1708 3296 1772 Verum
3318 1728 3389 1772 ex
3411 1727 3479 1771 eo
3493 1708 3651 1790 quod

2003 1788 2129 1869 ipse
2161 1800 2317 1854 esset
2346 1814 2498 1857 unus
2531 1815 2603 1859 ex
2628 1796 2798 1860 Patre
2829 1817 2935 1879 per
2961 1790 3202 1862 Filium:

2349 1889 2643 1967 Eiusdem
2674 1908 2751 1953 ea:
2778 1892 2982 1954 eodem
3009 1898 3298 1954 tractatu.

2080 1973 2286 2041 XCV.«
2319 1978 2508 2043 Unius
2521 1983 2767 2046 Deitatis
2792 1992 3002 2045 natura
3017 1985 3077 2045 in
3090 1992 3296 2045 sancta
3310 1984 3645 2047 etconsub-

2005 2086 2026 2116 ι
2065 2065 2323 2127 stantiali
2352 2067 2641 2133 Trinitate
2666 2084 2789 2133 tum
2814 2090 2848 2133 a
2871 2072 3064 2147 nobis,
3093 2081 3211 2133 tum
3237 2091 3270 2134 a
3294 2073 3514 2135 sanctis
3533 2091 3642 2135 an-

1998 2169 2026 2208 (
2062 2151 2210 2242 gelis
2266 2159 2630 2240 agnoscitur,
2688 2168 2894 2241 estque
2944 2159 3275 2222 secundum
3344 2164 3643 2242 propriam

2004 2263 2028 2292 α
2066 2239 2424 2321 hypostasim
2458 2239 2909 2327 perfectissimis
2946 2250 3144 2322 Pater,
3170 2239 3645 2313 simili—ter'etFi-

2002 2352 2025 2381 ει
2064 2328 2178 2389 lius
2209 2340 2267 2392 et
2296 2331 2575 2414 Spiritus,
2601 2336 2702 2399 sed
2725 2337 2899 2400 unius
2924 2357 2997 2398 ex
3017 2339 3144 2417 jam
3177 2337 3349 2399 dictis
3381 2338 3643 2401 effectrix

2003 2440 2027 2468 α
2066 2417 2329 2481 voluntas
2351 2422 2425 2483 de
2451 2443 2807 2506 quocunque
2827 2426 2928 2487 illa
2948 2445 3188 2508 quoquo
3215 2426 3391 2488 modo
3411 2446 3643 2491 assera-

2003 2524 2030 2562 ι
2066 2514 2159 2566 tur
2190 2511 2452 2589 operatio
2482 2513 2719 2592 quidem
2763 2514 2924 2576 illius
2953 2523 3061 2590 est,
3085 2523 3345 2577 attamen
3364 2534 3469 2596 per
3496 2519 3637 2580 uni-

2002 2617 2022 2649 α
2061 2613 2289 2658 versam
2320 2599 2684 2663 divinitatem
2731 2605 3014 2676 excurrit,
3069 2605 3428 2685 etfectusque
3458 2606 3640 2683 illius,

2001 2701 2027 2740 ι
2060 2702 2192 2763 quae
2220 2704 2397 2768 super
2420 2709 2657 2752 omnem
2679 2700 3010 2753 creaturam
3037 2701 3149 2774 est,
3174 2693 3473 2775 essentiaa,
3508 2702 3642 2756 tan-

2000 2793 2022 2826 ι
2059 2792 2233 2865 quam
2264 2779 2543 2841 omnibns
2572 2781 2928 2858 communis,
2958 2800 3068 2844 nec
3098 2803 3215 2845 non
3248 2793 3306 2845 et
3331 2784 3642 2865 speciatim

1997 2883 2023 2914 ι
2063 2863 2386 2945 unicuique
2432 2887 2719 2948 personae.
2761 2869 2929 2940 Quod
2961 2870 3140 2950 igitur
3169 2890 3239 2933 ex
3290 2863 3405 2933 una
3433 2883 3643 2936 natura

1998 2969 2025 3008 ι
2059 2950 2311 3014 efﬁcitur
2358 2974 2463 3036 per
2498 2968 2616 3019 tres
2646 2958 3011 3038 bypostases,
3047 2960 3286 3040 propria
3320 2962 3640 3044 unicuique

1995 3064 2020 3092 ι
2060 3049 2334 3124 tanquam
2362 3064 2492 3125 quae
2523 3064 2629 3126 per
2660 3064 2724 3107 se
2757 3046 3191 3126 perfectissima
3218 3048 3511 3128 subsistit,
3543 3060 3635 3112 at-

1991 3147 2016 3183 ι
2057 3128 2355 3195 tribuitur.
2387 3130 2678 3215 Operatur
2700 3134 2900 3215 itaque
2925 3138 3124 3217 Pater,
3153 3135 3260 3198 sed
3291 3154 3398 3216 per
3419 3136 3635 3201 Filium

1992 3240 2017 3270 α
2052 3217 2112 3277 in
2146 3217 2392 3299 Spiritu,
2423 3231 2700 3303 Operatur
2741 3232 2800 3285 et
2832 3222 3042 3295 Filius.
3071 3224 3177 3286 sed
3211 3233 3275 3285 ut
3302 3225 3487 3288 virtus
3518 3228 3633 3290 Pa-

1883 3336 1895 3349 -
1960 3330 2013 3363 ·‹ι
2045 3311 2150 3371 tris
2178 3329 2247 3372 ex
2271 3313 2402 3394 ipso
2432 3324 2490 3375 et
2519 3315 2581 3375 in
2603 3315 2734 3396 ipso
2753 3315 3094 3377 intellectus
3125 3316 3453 3379 secundum
3478 3318 3633 3381 exsi-

1990 3419 2017 3457 ‹
2050 3400 2325 3489 stentiam
2349 3403 2684 3484 propriam:
2714 3413 2991 3485 operatur
3007 3411 3066 3467 et
3085 3404 3630 3489 Spiritus,namque

1990 3505 2018 3545 ι
2051 3495 2140 3548 est
2166 3488 2357 3551 Patris
2380 3500 2438 3554 et
2468 3492 2602 3555 Filii
2632 3492 2890 3574 Spiritus
2916 3492 3182 3555 omnium
3214 3494 3479 3558 eﬂ‘ector.

2555 3585 3046 3648 Animadversio.

2070 3696 2093 3732 ι
2130 3675 2240 3739 Hic
2282 3694 2401 3738 nou
2457 3677 2641 3755 aliud,
2676 3697 2852 3760 quam
2884 3696 3023 3757 erga
3065 3680 3297 3742 Patrem
3328 3688 3387 3743 et
3412 3680 3624 3744 Filium

1989 3788 2014 3818 α
2052 3764 2555 3830 consubstantiale
2604 3776 2846 3830 sanctus
2904 3767 3110 3831 doctor
3140 3768 3373 3846 edocet,
3408 3779 3472 3833 ut
3498 3770 3629 3853 ipse

1979 3875 2006 3913 ι
2045 3872 2277 3933 opinor.
2315 3876 2345 3912 ι

2644 3951 2975 4029 Refutatio.

2054 4038 2253 4119 Ipsum
2276 4044 2651 4119 ergaPatrem
2677 4050 2733 4103 et
2751 4043 3225 4126 FiliumSpiritus
3239 4052 3623 4109 consubstan-

1977 4127 2136 4200 tiale,
2174 4127 2329 4206 quod
2358 4135 2609 4193 edocere
2632 4131 2729 4191 hic
2753 4141 3017 4194 sanctum
3052 4134 3338 4211 opinaris,
3366 4153 3485 4194 non
3505 4135 3613 4197 ali-

1974 4215 2132 4276 unde
2163 4217 2452 4294 provenit,
2511 4238 2682 4298 quam
2718 4221 2872 4299 quod
2925 4219 3178 4300 Spiritus
3210 4239 3278 4283 ex
3309 4221 3483 4284 Patre
3516 4241 3622 4303 per

1975 4303 2185 4365 Filium
2220 4315 2332 4367 est.
2362 4304 2566 4386 Neque
2598 4306 2737 4368 hinc
2766 4309 2941 4387 longe
2970 4308 3374 4370 testimonium
3399 4317 3615 4390 peten-

235 4402 382 4479 τυρία
438 4402 497 4458 οὗ
554 4402 750 4481 πόῤῥω,
827 4402 945 4458 ἀλλ’
1002 4402 1056 4457 ἐν
1131 4407 1197 4475 τῇ
1266 4398 1688 4497 προηγησαμένῃ
1744 4423 1860 4497 περι

1997 4393 2112 4452 Ιυιη
2138 4396 2360 4469 est,sed
2386 4413 2454 4455 ex
2479 4397 2837 4474 priecedenti
2854 4396 3223 4477 pericopa,in
3244 4416 3359 4477 qua
3379 4406 3617 4463 sanctus

233 4495 398 4568 κοπῇ,
446 4490 581 4549 ὅπου
634 4493 696 4547 τὸ
753 4498 964 4567 Πνεῦμα
1022 4493 1049 4546 6
1105 4489 1254 4567 ἅγιος
1299 4487 1499 4565 ἀμφοῖν
1530 4488 1683 4543 εἶπεν
1716 4490 1880 4568 εἶναι,

1997 4480 2279 4561 utriusque
2329 4499 2459 4543 esse
2492 4481 2775 4563 Spiritum
2809 4484 2974 4556 dixit,
3010 4496 3290 4565 tanquam
3324 4484 3429 4565 qui
3464 4505 3616 4550 unus

232 4578 300 4640 ὡς
384 4578 437 4634 ἕν
524 4579 584 4635 ἐκ
645 4582 846 4659 Πατρὸς
915 4577 961 4635 δι
1006 4581 1125 4634 Υἶοῦ
1159 4593 1173 4607 ⁶
1221 4579 1307 4632 καὶ
1359 4574 1588 4633 ἐντεῦθεν
1632 4580 1769 4633 εἶναι
1825 4582 1885 4635 τὸ

1997 4581 2060 4630 est
2078 4589 2147 4631 ex
2171 4573 2345 4633 Patre
2389 4588 2496 4650 per
2535 4571 2748 4633 Filium
2780 4593 2794 4648 ;
2827 4571 3084 4653 indeque
3115 4572 3616 4639 consubstantiale

231 4666 511 4739 ὁμοούσιον
597 4658 874 4739 συνιστὼν,
951 4665 1231 4744 προσέθετο
1301 4662 1384 4719 διὰ
1452 4664 1549 4731 τὴν
1592 4664 1885 4733 ταυτότητα

1997 4667 2163 4719 prtum
2192 4658 2412 4720 ducere
2435 4661 2851 4741 comprobans,
2876 4662 3428 4743 adnexuit,propter
3447 4663 3615 4725 iden-

231 4754 322 4821 τῆς
388 4757 589 4820 οὐσίας.
639 4755 904 4815 Ἐντεῦθεν
957 4756 1056 4834 γὰρ
1109 4756 1144 4822 ἡ
1176 4755 1330 4832 Τριὰς
1377 4754 1447 4814 εἰς
1479 4753 1540 4807 τὸ
1571 4754 1789 4832 συνεχές
1834 4779 1884 4816 τι

1997 4747 2196 4808 itatem
2246 4748 2541 4809 essentiae.
2603 4748 2755 4810 Hinc
2788 4749 2946 4811 enim
2997 4749 3258 4813 Trinitas
3277 4753 3611 4814 secundum

228 4844 310 4898 καὶ
382 4847 641 4924 συμφυὲς,
713 4846 852 4902 κατὰ
932 4846 1022 4900 τὸν
1096 4845 1251 4899 αὒτὸν
1315 4841 1404 4896 καὶ
1463 4838 1623 4896 πάλιν
1696 4845 1888 4924 εἰπεῖν.

1997 4836 2423 4897 :ontinuitatem
2442 4846 2499 4897 et
2530 4837 2855 4899 naturalem
2877 4857 2984 4899 con
2985 4838 3454 4919 junctionem,ut
3477 4859 3612 4904 cum

230 4910 635 5011 ἀνασφίγγεται,
679 4935 767 4990 καὶ
824 4932 1082 5011 ἐντεῦθεν,
1137 4931 1273 4987 κατὰ
1324 4930 1416 4985 τὸν
1476 4927 1631 4985 αὐτὸν
1676 4933 1762 4986 καί
1810 4910 1888 4997 ’έτί

1997 4927 2184 4986 eodem
2208 4944 2412 4986 rursus
2458 4924 2665 5007 loquar
2711 4910 3041 5009 colligatur,
3071 4928 3267 5007 ethic,
3303 4910 3610 4993 utriterum

235 5018 426 5100 εἰπεῖν,
455 5023 490 5088 ἡ
552 5024 683 5101 πρὸς
727 5020 936 5089 ἄλληλα
979 5020 1178 5077 τούτων
1222 5014 1544 5090 ἂντεμϐολὴ,
1591 5015 1660 5084 ἢν
1721 5018 1885 5098 ἕτεροι

1997 5013 2131 5074 llius
2156 5013 2352 5076 verbis
2378 5024 2530 5097 utar,
2567 5024 2767 5077 mutua
2808 5034 3013 5077 eorum
3049 5017 3206 5079 inter
3224 5017 3387 5099 ipsos
3416 5017 3610 5081 intro-

1965 5101 2185 5179 ductio,
2220 5122 2392 5184 quam
2426 5103 2524 5166 alii
2552 5113 2912 5186 sanctorum,
2948 5112 3208 5168 mutuam
3240 5107 3609 5171 circumitio-

1963 5209 2100 5253 nem
2133 5202 2505 5255 vocaverunt.

2604 5271 2711 5336 Em
2740 5274 2974 5339 eadem.

2039 5368 2235 5432 XCVI.
2252 5394 2278 5425 α
2309 5367 2434 5432 Scit
2453 5368 2650 5449 itaque
2673 5368 2926 5451 Spiritus
2947 5370 3216 5453 Dei,quaa
3235 5372 3421 5436 inDeo
3443 5384 3602 5451 sunt,

1966 5484 1987 5514 σι
2025 5471 2083 5521 et
2108 5460 2254 5520 nihil
2287 5458 2398 5538 ipsi
2439 5459 2752 5541 occulitur,
2776 5469 2874 5522 aut
2905 5460 3274 5524 obscuratur.
3309 5461 3606 5545 Scit;qua

1963 5575 1989 5605 α
2026 5550 2184 5612 enim
2222 5550 2452 5637 ratione
2482 5547 2658 5637 aliter
2701 5550 2830 5611 ﬁeri
2860 5551 3126 5632 poterit?
3170 5549 3232 5614 Si
3260 5551 3458 5634 itaque
3487 5562 3600 5637 est,

1936 5646 1989 5699 ‘«
2021 5640 2117 5720 qui
2147 5636 2349 5700 omnia
2378 5636 2709 5718 novit‘,qua3
2729 5648 2864 5702 sunt
2895 5640 2958 5703 in
2988 5643 3180 5719 Patre,
3229 5649 3288 5704 et
3317 5643 3492 5722 plane
3511 5642 3601 5705 in-

232 5111 335 5163 τῶν
364 5109 530 5188 ἁγίων
572 5112 938 5191 περιχώρησιν
979 5107 1336 5183 ὠνομάκασιν.

816 5291 913 5350 Ἐκ
952 5295 1053 5358 τῆς
1096 5292 1284 5354 αὖτής.

312 5373 458 5458 4'C'.
501 5415 523 5444 σ
574 5384 730 5441 οἶδεν
793 5385 880 5441 οὖν
936 5382 1034 5463 ἂρα
1074 5385 1135 5439 τὸ
1180 5382 1391 5453 Πνεῦμα
1419 5388 1513 5436 τοῦ
1541 5388 1673 5440 Θεοῦ
1712 5386 1778 5440 τὰ
1820 5387 1873 5443 ἰν

241 5491 262 5523 ι
292 5469 452 5546 αὐτῷ,
500 5475 588 5529 καὶ
658 5471 804 5531 οῶὲν
861 5476 1002 5548 αὒτῷ
1044 5468 1403 5551 κεκρυμμένον
1450 5467 1485 5536 ἢ
1545 5469 1867 5552 ἀσυμφανές,

243 5575 265 5605 ο
294 5558 419 5616 Οῐδε
459 5575 474 5590 ⁶
509 5569 625 5627 πῶς
816 5563 875 5619 οὔ
906 5582 923 5642 ;
987 5560 1153 5641 Εἴπερ
1182 5559 1271 5617 οὖν
1297 5560 1407 5614 ἔστι
1437 5559 1498 5613 τὸ
1539 5561 1872 5642 πάνταῂεἰδὸς

240 5660 261 5691 ι
292 5647 354 5703 τὰ
423 5651 479 5704 ὲν
535 5655 614 5724 τῷ
656 5652 842 5728 Πατρὶ,
928 5651 1098 5709 καίτοι
1156 5647 1402 5726 λέγοντος
1472 5645 1647 5706 ἀκούω
1690 5636 1869 5733 σαφῶς
