4208 6296
563 357 680 421 535
1219 377 1224 382 ·
1639 358 1849 421 JOAN.
1897 354 2116 421 VECGI
2155 348 2202 415 Ο]

2314 349 2823 415 PATRIARCH/E
3818 341 3940 410 536

569 509 599 565 ᾳ
631 491 830 571 telligo
860 490 932 565 ad
966 498 1202 554 sanctos
1258 491 1555 571 apostolos
1609 488 1887 570 proferri.
1926 512 1953 544 «
1988 487 2199 551 Adhuc

2292 507 2317 541 κ
2346 499 2464 551 τοῖς
2521 486 2687 564 ἁγίοις
2733 485 3050 550 ἀποστόλοις
3090 532 3103 545 .
3159 512 3183 545 α
3224 476 3362 565 ν”Ετι
3418 483 3593 571 πολλὰ
3649 484 3767 571 sxw
3793 483 3929 571 ὑμῖν

569 563 597 635 ἀ
633 563 814 645 multa
835 563 1025 643 habeo
1048 579 1215 642 vobis
1260 563 1485 655 dicere,
1513 563 1628 639 sed'
1651 595 1766 641 non
1794 577 2038 657 potestis
2057 594 2201 656 por-

2292 596 2318 630 r
2349 573 2543 653 λέγειν,
2571 563 2577 564 ⁷
2604 571 2723 631 ἀλλ’
2769 577 2829 632 οὗ
2876 573 3089 631 δύνασθε
3133 563 3411 650 βαστάζειν
3468 570 3607 652 ἄρτι.
3656 563 3833 630 ηΟταν
3875 569 3934 626 δὲ

567 690 596 723 α
631 674 757 730 tare
789 668 963 730 modo
991 668 1087 728 2ti:
1124 690 1232 728 ιι-
1274 683 1436 730 «cum
1466 684 1604 728 vero
1637 664 1866 726 venerit
1888 664 1992 726 ille
2022 668 2198 724 Para-

2292 685 2319 719 ι
2354 662 2479 740 ἔλθῃ
2529 663 2733 728 ἐκεῖνος
2789 665 2818 719 ὁ
2876 662 3214 742 Παρέκλητος
3274 664 3336 719 τὸ
3377 668 3589 737 Πνεῦμα
3630 668 3728 728 τῆς
3782 659 3929 726 ἀλη-

569 778 599 811 α
631 756 839 829 cletus,
902 754 1152 837 Spiritus
1209 754 1472 817 veritatis
1499 753 1588 831 96,
1622 774 1644 804 ι
1684 752 1978 816 conducet
2004 769 2110 812 vos
2141 750 2201 811 in

2292 773 2317 805 α
2348 752 2509 824 θείας⁹
2595 749 2847 829 ὁδηγήσει
2924 752 3061 827 ὑμᾶς
3119 753 3192 815 εἷς
3269 757 3441 807 πᾶσαν
3497 751 3595 818 τὴν
3653 749 3925 820 ἀλήθειαν.

569 869 594 902 α
631 863 869 907 omnem
905 836 1208 909 veritatem
1244 861 1258 904 :
1297 863 1319 894 ι
1351 862 1469 905 non
1519 843 1677 905 enim
1712 861 1780 903 ex
1806 860 1870 903 se
1901 841 2200 920 loquetur,

2292 862 2319 894 α
2350 845 2422 899 Οὒ
2477 840 2578 919 γὰρ
2646 839 2866 910 λαλήσει
2938 839 3027 919 ἀφ’
3068 839 3273 919 ἑαυτοῦ,
3320 837 3440 895 ἀλλ’
3483 836 3581 894 ὅσα
3623 836 3685 893 ἂν
3725 837 3928 911 ὂκούσῃ

568 959 595 990 α
630 932 736 995 sed
765 951 1129 1017 quaecunque
1158 932 1358 994 audiet
1377 932 1673 1012 loquetur,
1709 939 1766 992 et
1798 948 1931 1010 qua;
1961 938 2202 1017 ventura

2292 950 2319 983 α
2351 927 2596 1005 λαλήσει,
2642 932 2729 1017 παὶ
2769 929 2835 984 τὰ
2878 929 3146 1008 ἐρχόμενα
3200 926 3489 1006 ἀναγγελεῖ
3530 929 3679 1002 ὑμῖν.
3740 930 3925 984 Ἐκεῖ-

570 1044 597 1083 ι
629 1014 805 1094 sunt;
822 1014 1195 1084 annuntiabit
1215 1019 1405 1083 vobis.
1429 1021 1533 1082 llle
1554 1038 1650 1082 me
1667 1016 2038 1098 gloriﬁcabit,
2067 1017 2202 1094 quia

2292 1040 2316 1072 α
2349 1040 2434 1082 νος
2477 1018 2575 1092 ἐμὲ
2658 1015 2883 1092 δοξάσει,
2910 1017 3023 1098 μὸτι
3086 1017 3146 1073 ἐκ
3200 1016 3292 1074 τοῦ
3346 1017 3476 1093 ἐμοῦ
3518 1015 3766 1091 λήψεται,
3836 1014 3925 1069 καὶ

572 1134 594 1172 a
629 1112 705 1176 de
735 1093 867 1174 meo
898 1110 1173 1193 accipiet,
1204 1118 1263 1171 et
1310 1093 1694 1173 annuntiabit
1708 1106 1873 1168 vobis
1899 1106 1985 1166 97.
2016 1125 2037 1156 υ
2074 1093 2199 1164 An-

2292 1126 2313 1163 ιι
2349 1107 2636 1185 ἀναγγελεῖ
2662 1108 2812 1182 ὑμῖν,
2847 1127 2871 1157 ι
2907 1093 3036 1183 Ἀρὶ
3092 1128 3172 1162 σοι
3230 1105 3359 1184 αφές
3406 1105 3463 1160 τό
3518 1103 3789 1183 παροισθὲν
3835 1123 3919 1158 σοι

570 1224 595 1259 α
628 1219 748 1263 non
781 1199 886 1261 tibi
908 1190 1044 1281 jam‘
1086 1207 1244 1282 patet
1286 1198 1443 1280 quod
1487 1205 1658 1260 antea
1687 1196 1925 1258 allatum
1957 1206 2043 1258 est
2072 1198 2199 1259 elo-

2292 1217 2315 1250 ιι
2350 1195 2577 1274 λόγιον;
2630 1196 2727 1252 Καὶ
2781 1192 3167 1273 προσδέδορκας
3241 1192 3321 1282 ὅτι
3376 1200 3589 1282 Πνεῦμα
3651 1214 3747 1267 μεν
3788 1190 3924 1257 ἀλη-

567 1311 592 1349 ιι
626 1289 874 1371 quium?
908 1270 1109 1350 'Vides
1165 1270 1453 1367 Spiritum
1511 1284 1772 1348 veritatis
1822 1286 2201 1348 Paracletum

2293 1306 2315 1338 α
2354 1270 2492 1348 θείας
2528 1270 2872 1358 κατωνόμασε
2941 1270 3051 1337 τόν
3090 1279 3433 1361 Παράχλητον
3467 1300 3484 1360 ς
3534 1270 3686 1371 Tqu
3724 1301 3783 1356 γε
3814 1280 3924 1354 μὴν

568 1401 593 1436 ι
628 1365 1003 1463 nuncupasse
1019 1376 1052 1435 τ
1071 1374 1135 1438 Id
1157 1365 1296 1437 vero
1319 1375 1598 1454 insinuat,
1625 1391 1769 1463 cum
1783 1391 1853 1435 ex
1875 1375 2049 1463 Patre
2068 1392 2201 1455 pro-

2292 1395 2320 1427 α
2351 1373 2422 1436 ὡς
2463 1368 2730 1451 πρόσεισιν
2775 1369 2835 1426 ἐκ
2877 1372 3105 1448 Πατρὸς,
3164 1369 3276 1426 ἴδια
3318 1370 3488 1427 πάντα
3544 1365 3743 1431 δεικνὺς
3799 1368 3924 1423 ἐου-

569 1487 599 1527 (
630 1466 822 1549 gredi,
846 1460 1218 1547 quascunque
1251 1463 1439 1525 Patris
1468 1471 1627 1544 sunt,
1661 1460 1774 1524 sibi
1805 1462 2039 1543 propria
2070 1480 2202 1524 esse

2293 1480 2319 1518 α
2351 1466 2442 1516 τοῦ
2468 1462 2535 1517 τὰ
2577 1465 2669 1516 τοῦ
2699 1461 2927 1538 Πατρὸς.
2964 1488 2986 1520 ι

569 1578 593 1613 ι
631 1554 1038 1619 manifestans.
1080 1576 1103 1610 ι

1129 1643 1615 1708 Animadversio.

2940 1639 3278 1703 Ἐπιστασία,

648 1769 674 1800 α
708 1742 816 1806 Hic
843 1760 1049 1804 rursus
1098 1738 1356 1822 Spiritus
1418 1738 1896 1820 progressionem
1929 1758 1999 1802 ex
2029 1739 2202 1801 Patre

2373 1761 2395 1792 ι
2430 1731 2680 1791 Ἐνταῦθα
2722 1731 2777 1789 δὲ
2819 1732 2979 1790 πάλιν
3021 1733 3121 1801 τὴν
3149 1731 3370 1812 πρόοδον
3414 1733 3510 1808 μὲν
3564 1734 3658 1788 τοῦ
3684 1732 3930 1806 Πνεῦμα-

566 1857 595 1889 α
627 1832 837 1894 docet:
871 1818 1172 1912 proprium
1207 1846 1349 1889 vero
1374 1818 1541 1888 illum
1562 1835 1619 1889 et
1639 1825 1772 1889 Filii
1803 1828 2202 1909 asserit,quod

2293 1842 2318 1877 ς
2351 1843 2440 1886 τος
2498 1819 2725 1877 διδάσκει
2768 1825 2830 1878 ἐκ
2877 1824 2968 1878 τοῦ
3023 1823 3251 1899 Πατρὸς,
3312 1819 3446 1878 ἴδιον
3493 1818 3549 1876 δὲ
3602 1822 3727 1879 αὐτὸ
3783 1818 3931 1896 λέγει

567 1941 600 1984 (
631 1920 805 1983 unius
834 1908 1226 2000 ejusdemque
1250 1936 1385 1980 cum
1414 1916 1515 1978 illo
1561 1924 1787 1978 natura;
1814 1925 1930 1982 est.
1971 1942 1992 1975 ι
2064 1908 2069 1909 ί

2292 1933 2318 1965 α
2350 1912 2438 1966 καὶ
2491 1917 2582 1967 τοῦ
2640 1913 2761 1967 Υἱου
2817 1908 2901 1967 διὰ
2953 1912 3014 1966 τὸ
3085 1916 3209 1985 μιᾶς
3268 1911 3355 1967 καὶ
3419 1914 3519 1976 τῆς
3563 1912 3724 1976 αὐτῆς
3782 1908 3929 1964 εἶναι

2291 2021 2319 2053 α
2351 2000 2552 2079 φύσεως
2563 2046 2576 2062 ,
2627 2027 2650 2059 ι

2927 2089 3275 2169 Ἀντίρῤησις.

2368 2173 2583 2264 υΩσπερ
2634 2187 2670 2253 ἡ
2736 2184 3090 2265 προῤῥηθεϊσα
3159 2183 3425 2261 περικοπῆ
3467 2182 3552 2239 διὰ
3596 2188 3689 2250 τῆς
3728 2182 3927 2239 ταυτό-

2284 2294 2444 2341 τητος
2516 2283 2608 2333 τοῦ
2684 2277 3004 2353 προχεῖσθαι
3095 2274 3182 2328 καὶ
3270 2273 3633 2351 ἐκπορεύεσθαι
3701 2270 3929 2327 ἐδείκνυε

1208 2101 1539 2179 Refutatz'o.

639 2194 1149 2269 Quemadmodum
1183 2202 1357 2256 antea
1385 2191 1616 2273 digesta
1645 2195 1929 2276 pericope
1964 2202 2204 2276 pr0pter

557 2284 929 2350 identitatem
968 2282 1274 2345 et'fusionis
1288 2285 1755 2362 etprocessionis
1769 2284 2120 2345 ostendebat
2136 2303 2203 2345 ex

558 2374 734 2436 Patre
766 2380 824 2434 et
850 2370 1000 2433 Filio
1034 2389 1166 2433 esse
1213 2361 1501 2449 Spiritum
1540 2392 1553 2433 :
1586 2372 1807 2432 etenim
1848 2373 1895 2432 si
1928 2372 2084 2436 idem
2119 2381 2202 2433 est

2292 2363 2347 2417 τὸ
2388 2363 2449 2449 ἐκ
2505 2363 2706 2441 Πατρὸς
2750 2364 2837 2416 καὶ
2906 2364 3027 2418 Υἱοῦ
3084 2361 3226 2417 εἶναι
3303 2363 3364 2415 τὸ
3424 2367 3634 2436 Πνεῦμα
3666 2374 3679 2389 ‘
3726 2361 3770 2415 εἰ
3826 2361 3930 2437 γὰρ

555 2463 620 2524 in
648 2465 821 2524 Patre
853 2460 1083 2522 effundi
1116 2466 1171 2520 et
1226 2448 1573 2538 procedere,
1609 2479 1793 2541 quare
1843 2480 1958 2521 non
1992 2461 2106 2524 erit
2134 2480 2202 2522 ex

2292 2448 2474 2506 ταυτόν
2526 2450 2611 2507 ἐπὶ
2678 2460 2771 2510 τοῦ
2826 2450 3129 2526 Πνεύματος
3202 2451 3263 2505 τὸ
3321 2451 3641 2529 προχεῖσθαι
3688 2450 3774 2504 καὶ
3829 2449 3929 2503 ἐκ-

558 2558 809 2631 utroque
842 2548 999 2631 quod
1034 2567 1104 2610 ex
1130 2536 1381 2628 utroque
1433 2536 1799 2609 eﬂ‘unditur?
1849 2550 1978 2610 Pari
2032 2550 2202 2611 modo

2292 2539 2615 2616 πορεύεσθαι,
2677 2540 2790 2604 πῶς
2876 2541 2971 2596 οὐκ
3057 2536 3108 2603 ἐξ
3165 2538 3364 2618 ἀμφοῖν
3434 2540 3495 2594 τὸ
3564 2537 3929 2617 προχεόμενον

560 2647 643 2716 et,
675 2625 807 2720 quae
837 2625 995 2699 nunc
1026 2636 1199 2699 allata
1239 2625 1351 2711 est,
1397 2638 1509 2698 hoc
1540 2637 1695 2699 idem
1730 2647 2041 2712 monstrat,
2072 2656 2202 2700 cum

2292 2625 2340 2692 ἐξ
2395 2628 2647 2708 ἀμφοϊν;
2706 2628 2842 2685 οὕτω
2898 2628 2986 2684 καὶ
3029 2630 3061 2695 ἡ
3108 2635 3193 2685 νῦν
3237 2629 3461 2704 ῥηθετσα
3501 2628 3761 2704 περικοπὴ
3784 2626 3926 2681 ἀπο-

564 2713 727 2790 enim
748 2727 1374 2804 sanctusinterrogans
1395 2725 1555 2787 dicat
1581 2748 1593 2787 :
1621 2729 1773 2789 Num
1799 2727 1992 2788 vidisti
2015 2727 2202 2807 Spiri-

2292 2714 2507 2807 δεικνύει
2565 2718 2625 2773 τὸ
2695 2718 2820 2774 αὐτὸ
2871 2722 2963 2773 τοῦ
3019 2715 3167 2794 ἁγίου
3197 2713 3313 2772 κατ’
3359 2715 3613 2794 ἐρώτησιν
3657 2714 3927 2793 λέγοντος,

563 2824 687 2879 tum
721 2815 985 2878 veritatis
1009 2792 1377 2876 Paraclétum
1404 2833 1781 2896 nuncupasse
1800 2819 1827 2874 ’ἲ
1853 2814 1917 2876 Id
1938 2792 2076 2876 vero
2108 2815 2202 2877 in-

2292 2792 2417 2882 Ἀρα
2460 2803 2856 2885 προσδέδορκας,
2904 2803 2984 2861 ὅτι
3044 2792 3254 2903 Πνεῦμα
3312 2792 3407 2879 μὲν
3455 2802 3700 2870 ἀληθείας
3736 2792 3925 2859 νκατω-

561 2905 928 2987 sinuat,cum
953 2903 1036 2966 ait
1063 2921 1198 2965 eum
1231 2921 1300 2964 ex
1331 2902 1510 2965 Patre
1542 2883 1839 2984 progredi.
1863 2903 2027 2976 Quod
2048 2906 2202 2967 enim

2292 2883 2512 2969 vdpaae'
2540 2895 2631 2950 τὸν
2656 2893 3033 2991 ⁸Παιρτλὶκλητον
3069 2913 3085 2973 ;
3123 2883 3277 2972 ’Ἔφη
3336 2914 3397 2969 γε
3428 2893 3535 2967 μὴν
3564 2895 3637 2956 ὡς
3693 2892 3949 2970 πρόεισιν

560 2974 829 3059 Salvator
853 2992 1199 3075 procedere,
1247 2974 1560 3073 progredi.
1594 2974 1832 3054 sanctus
1862 2974 2202 3066 nominavit,

2292 2982 2350 3038 ἐκ
2390 2984 2618 3062 Πατρός,
2656 2974 2733 3040 ΗΟ
2778 2984 2877 3061 γὰρ
2906 2982 3265 3060 ἐκπορεύεται,
3312 2985 3339 3037 ὁ
3382 2982 3571 3059 Σωτὴρ
3618 2979 3742 3060 ἔφη,
3789 2981 3925 3058 πρό-

560 3082 788 3159 nullum
818 3067 976 3145 inter
994 3081 1173 3161 hasce
1192 3067 1484 3143 di‘ctio'nes
1506 3080 1830 3144 discrimen
1853 3101 2197 3163 agnoscens.

2292 3092 2425 3129 εισιν
2469 3074 2496 3127 ὂ
2540 3070 2689 3151 ἅγιος
2742 3073 2889 3147 εἶπε,
2942 3069 3108 3147 μηδὲν
3151 3071 3388 3145 οἰόμενος
3438 3067 3693 3148 διαφέρειν
3750 3067 3929 3139 ἀλλή-

2292 3159 2394 3216 λων
2422 3169 2584 3216 ταῦτα
2613 3160 2680 3216 τὰ
2708 3160 2941 3216 ὁήιιατα.

2307 3181 2394 3217 ιων
2422 3182 2584 3219 ταυτα
2613 3181 2680 3216 τα
2708 3181 2941 3237 ρηματα,

558 3265 666 3341 Ea:
710 3266 920 3330 eodem
971 3265 1051 3329 ad
1112 3264 1435 3328 Hermiam
1516 3269 1789 3327 tractatu
1838 3264 1912 3327 de
1965 3264 2202 3345 Spiritu

2292 3263 2389 3313 Τοῦ
2459 3254 2617 3345 αὐτοῦ
2675 3253 2736 3309 ἐκ
2781 3260 2930 3345 ποῦ-
2979 3252 3052 3345 ἐν.
3082 3260 3151 3330 τῇ
3188 3253 3316 3345 πρόις
3365 3243 3604 3345 Ἑρμείαν
3673 3272 3932 3330 πραγμα-

1265 3351 1496 3408 sancto.

637 3437 904 3503 XCVIIJ
935 3440 1022 3502 Ita
1047 3439 1245 3515 est,ait
1270 3457 1282 3498 :
1312 3441 1500 3502 Deum
1526 3438 1872 3518 agnovimus
1892 3436 2122 3499 Patrem
2149 3448 2205 3499 et

563 3549 588 3584 α
626 3526 866 3603 Filium,
919 3534 979 3588 at
1008 3544 1129 3588 non
1157 3526 1299 3588 item
1355 3524 1663 3608 Spiritum.
1694 3525 1915 3589 Verum
1948 3546 2056 3587 nos
2086 3546 2202 3587 non

561 3636 585 3672 ιι
622 3614 778 3690 illo's,
811 3615 914 3697 qui
945 3623 1146 3677 mente
1168 3615 1445 3677 excaecati
1476 3624 1639 3695 sunt,
1671 3615 1731 3675 in
1762 3615 2021 3677 medium
2054 3615 2204 3676 affe-

560 3725 588 3760 α
620 3708 845 3766 remus.
877 3706 1011 3767 Non
1048 3705 1208 3766 enim
1239 3703 1546 3783 spiritibus
1577 3703 1911 3778 erronibus,
1950 3712 2010 3765 ut
2040 3703 2205 3767 Scri-

561 3815 584 3849 ς
625 3800 761 3854 tura
810 3793 916 3873 ait,
948 3792 1355 3867 attendemus,
1405 3791 1604 3853 inesse
1633 3810 1772 3853 vero
1806 3792 2019 3872 potius,
2056 3802 2115 3855 et
2145 3793 2204 3853 in

558 3904 588 3938 α
624 3884 745 3945 Deo
768 3881 1054 3944 exsistere
1075 3878 1762 3959 essentialiterSpiritum
1790 3889 2055 3942 sanctum
2081 3899 2207 3942 cre-

563 3995 589 4028 ι
627 3970 862 4047 demus,
888 3970 1391 4052 quemadmodum
1411 3977 1470 4031 et
1496 3971 1552 4031 in
1582 3969 1825 4030 homine
1856 3970 2200 4031 humanum.

558 4083 583 4118 ι
619 4058 689 4122 Ει
742 4060 1246 4141 quemadmodum
1306 4059 1358 4121 si
1415 4058 1552 4140 quis
1600 4058 1773 4120 nobis
1805 4067 1909 4121 aut
1938 4060 2201 4131 Petrum,

557 4172 586 4205 α
619 4156 721 4212 aut
747 4152 1037 4210 Joannem
1068 4148 1222 4211 forte
1254 4147 1669 4228 nominaverit,
1716 4166 1830 4209 una
1864 4147 2039 4209 simul
2070 4166 2205 4208 cum

557 4260 581 4295 ι
619 4237 765 4320 ipsis
796 4247 856 4301 et
913 4237 1188 4319 spiritum
1240 4255 1444 4299 eorum
1480 4235 1806 4318 proprium,
1841 4236 1942 4317 qui
1998 4235 2058 4296 in
2088 4235 2205 4297 illis

557 4350 588 4384 α
620 4334 730 4403 est,
757 4326 1065 4409 indicavit,
1099 4333 1160 4389 et
1183 4326 1477 4406 integrum
1506 4324 1724 4386 animal
1755 4333 2201 4405 commonstrat,

563 4437 593 4472 α
630 4415 839 4478 eadem
864 4414 1075 4497 opinor
1094 4415 1325 4477 ratione
1346 4415 1421 4476 de
1443 4417 1620 4477 Patre
1642 4422 1700 4475 et
1729 4413 1875 4475 Filio
1906 4413 2204 4475 disseren-

554 4528 585 4561 α
618 4503 760 4566 dum
794 4512 886 4567 est
920 4525 933 4567 :
964 4504 1141 4566 simul
1193 4504 1352 4565 enim
1405 4522 1537 4565 cum
1570 4522 1926 4583 unoquoque
1958 4521 2027 4563 ex
2059 4501 2203 4582 ipsis

554 4617 584 4650 α
617 4600 678 4654 et
703 4592 949 4674 spirttus
969 4592 1290 4669 indicatur,
1320 4611 1438 4653 non
1464 4601 1739 4672 tanquam
1768 4590 1928 4651 illius
1950 4590 2201 4671 pars,uti

553 4700 586 4744 ‹
617 4680 681 4742 in
711 4681 1056 4744 hominibus
1106 4681 1501 4761 concipimus.
1554 4678 1836 4743 Subsistit
1867 4680 2025 4740 enim
2059 4696 2198 4759 pro-

553 4793 583 4828 c
618 4770 771 4852 prie,
799 4777 860 4832 et
889 4771 1270 4852 progreditur
1301 4788 1372 4832 ex
1394 4769 1633 4851 propria
1662 4776 1893 4845 natura,
1928 4765 2202 4848 suppedi-

553 4882 577 4916 ι
615 4866 698 4921 tat
724 4875 860 4921 vero
890 4858 1086 4938 dignis
1114 4864 1175 4921 et
1201 4858 1332 4939 ipse
1361 4857 1569 4920 Filius.
1615 4879 1637 4912 ι

1136 4951 1630 5016 Animadversio.

633 5069 657 5107 α
696 5046 920 5110 Discito
952 5064 1022 5109 ex
1055 5047 1147 5109 his
1180 5065 1421 5129 quoque
1465 5065 1501 5108 a
1530 5048 1707 5108 Patre
1738 5042 1978 5124 quidem
2008 5039 2200 5123 Spiri-

555 5158 580 5191 «
616 5142 740 5197 tum
780 5135 1084 5216 progredi,
1113 5155 1148 5198 a
1176 5136 1326 5200 Filio
1358 5150 1499 5197 vero
1531 5131 1924 5216 suppeditari.
1966 5156 1988 5186 ιι

1204 5229 1544 5309 Refutatio.

630 5318 694 5384 Si
722 5339 843 5383 non
861 5319 1164 5385 invenires
1186 5321 1520 5384 innumeris
1547 5337 1735 5401 prope
1762 5317 2200 5400 Scripturarum

542 5409 697 5476 locis
723 5427 758 5472 a
785 5409 939 5474 Filio
988 5409 1276 5493 Spiritum
1329 5409 1636 5494 progredi,
1669 5414 1806 5490 apte
1835 5406 2076 5489 quidem
2105 5404 2199 5467 di-

2525 3335 2639 3406 τείᾳ
2681 3336 2800 3413 περὶ
2842 3334 2933 3390 τοῦ
2973 3334 3120 3411 ἂγὶου
3166 3331 3467 3408 Πνεύματος
3499 3331 3680 3409 λόγου.

2368 3416 2490 3503 4Ζ’.
2548 3457 2570 3488 ι
2616 3428 2739 3499 Ναὶ,
2814 3428 2965 3506 φησὶ,
3039 3428 3169 3482 Θεὸν
3245 3424 3550 3505 ἐγνώκαμεν
3592 3427 3683 3481 τὸν
3725 3424 3935 3503 Πατέρα

2296 3534 2319 3571 α
2366 3517 2453 3572 καὶ
2483 3516 2574 3572 τόν
2642 3515 2759 3571 Υἱόν
2807 3530 2820 3544 ⁸
2879 3516 3002 3594 οὐχὶ
3060 3512 3114 3570 δὲ
3157 3512 3221 3581 δὴ
3260 3515 3349 3570 καὶ
3378 3513 3440 3569 τό
3499 3520 3730 3589 Πνεῦμα.
3779 3511 3931 3570 Ἀλλ’

2294 3624 2325 3660 α
2369 3609 2428 3663 οὔ
2483 3617 2598 3667 τοῖς
2675 3602 2963 3684 διεφθορόσι
3032 3626 3122 3659 τον
3181 3601 3316 3660 ἴδιον
3371 3604 3488 3660 νοῦν
3557 3616 3931 3681 μυσταγωγοϊς

2296 3714 2321 3748 α
2367 3694 2702 3773 χρησόμεθα.
2763 3691 3089 3772 Προσέξομεν
3144 3691 3199 3748 δὲ
3228 3695 3350 3770 οὐχὶ
3392 3692 3652 3766 πνεῦμασι
3709 3689 3931 3756 πλάνοις

2294 3804 2322 3837 α
2364 3783 2500 3838 κατὰ
2571 3783 2665 3845 τὰς
2720 3782 2929 3862 Γραφάς
2964 3798 2977 3811 ·
3041 3782 3235 3839 ἐνεῖναι
3293 3780 3347 3837 δὲ
3404 3780 3607 3857 μᾶλλον
3648 3782 3735 3836 καὶ
3805 3783 3931 3836 ἐνυ-

2294 3894 2341 3943 «η
2367 3872 2594 3951 πάρχειν
2646 3868 2907 3935 οὒσιωδῶς
2948 3872 3296 3946 πιστεὺσομεν
3350 3876 3427 3944 τῷ
3457 3876 3571 3945 Θεῴ
3612 3870 3673 3926 τό
3720 3876 3932 3944 Πνεῦμα

2294 3982 2323 4016 α
2368 3964 2428 4017 τό
2494 3961 2669 4038 ἅγιον,
2754 3961 2888 4018 καθὰ
2978 3962 3065 4016 καὶ
3120 3960 3374 4037 ἀνθρώπῳ
3456 3960 3516 4015 τό
3578 3960 3925 4038 ἀνθρώπινον,

2295 4074 2318 4110 α
2369 4056 2468 4112 Καὶ
2518 4052 2694 4132 ὥσπερ
2751 4050 2803 4107 εἴ
2858 4074 2938 4115 τις
2992 4051 3026 4119 ἣ
3060 4052 3256 4129 Πέτρον
3300 4053 3433 4126 ἡμῖν
3471 4050 3506 4118 ἢ
3541 4051 3784 4117 Ἰωάννην
3814 4053 3934 4106 bvo-

2294 4165 2321 4198 κ
2366 4145 2526 4218 μάσοι
2608 4143 2796 4221 τυχὸν,
2884 4141 3213 4215 συνεσημανέ
3281 4162 3382 4197 που
3464 4144 3645 4202 αὐτοῖς
3726 4141 3814 4195 καὶ
3868 4141 3934 4195 τό

2293 4253 2321 4286 α
2367 4230 2502 4287 ἴδιον
2560 4230 2753 4303 αὐτῶν,
2798 4230 2885 4285 καὶ
2929 4228 2981 4286 ἐν
3032 4229 3213 4295 αὐτοῖς
3269 4236 3497 4304 πνεῦμα,
3536 4231 3621 4284 καὶ
3664 4235 3755 4284 τοῦ
3785 4250 3929 4284 παν-

2295 4343 2316 4376 α
2366 4322 2454 4385 τὸς
2526 4320 2661 4391 ζώου
2724 4331 2959 4374 ποιεῖται
3025 4318 3123 4385 τὴν
3182 4317 3436 4393 δήλωσιν,
3494 4319 3584 4373 καὶ
3636 4315 3727 4372 τόν
3770 4317 3933 4374 αὐτόν

2293 4433 2316 4465 (ι
2366 4411 2523 4485 οἶμαι
2582 4408 2775 4485 τρόπον
2832 4406 2916 4463 ἐπὶ
2961 4413 3053 4462 τοῦ
3109 4408 3311 4486 Πατρὸς
3353 4409 3439 4462 καὶ
3481 4414 3570 4462 τοῦ
3599 4409 3735 4463 Υἱοῦ.
3784 4412 3934 4483 Συγ-

2293 4521 2321 4554 «
2367 4498 2817 4573 κατασημαίνεται
2916 4496 3015 4574 γὰρ
3110 4496 3342 4573 ἐκατέρῳ
3410 4497 3472 4551 τὸ
3531 4501 3763 4573 Πνεῦμα,
3837 4499 3932 4551 καὶ

2292 4610 2320 4643 α
2367 4589 2469 4667 οὐχ
2511 4588 2582 4650 ὡς
2645 4585 2801 4662 μέρος
2859 4584 2916 4638 ὃν
2974 4583 3153 4656 αὺτοῦ,
3214 4586 3345 4639 καθὰ
3375 4585 3461 4639 καὶ
3503 4582 3587 4639 ἐπ’
3641 4583 3933 4658 ἀνθρώπων

2293 4700 2317 4735 ι
2366 4678 2607 4754 νοοῦμὲν.
2700 4667 2989 4754 Ὑφέστηκε
3072 4674 3171 4752 γὰρ
3252 4672 3456 4747 ὶδικώς,
3544 4675 3631 4730 καὶ
3705 4676 3932 4753 προΐησι

2290 4787 2314 4824 α
2364 4768 2463 4843 μὲν
2495 4757 2559 4830 ⁶ἐξ
2588 4762 2716 4828 ἰδίας
2785 4763 2908 4818 αὐτο
2981 4762 3184 4841 φύσεως
3229 4765 3257 4818 ὁ
3311 4762 3512 4837 Πατὴρ,
3572 4774 3805 4841 χορηγεῖ
3874 4760 3934 4818 δὲ

2289 4879 2316 4913 α
2361 4867 2477 4919 τοῖς
2508 4854 2668 4920 ἀξίοις
2697 4854 2784 4909 καὶ
2816 4852 2972 4915 αὐτὸς
3004 4854 3032 4907 ὁ
3065 4853 3204 4916 Υἱὸς.
3238 4881 3261 4911 ι

2941 4943 3278 5004 Ἐπιστασία.

2373 5072 2395 5101 ι
2442 5040 2678 5098 Μάνθανε
2758 5036 3019 5094 κάνταῦθα
3097 5036 3353 5116 προϊέντα
3423 5037 3520 5111 μὲν
3602 5038 3661 5092 τὸ
3720 5036 3938 5112 Πνεῦμα

2294 5149 2317 5185 α
2366 5130 2457 5185 τὸν
2486 5126 2715 5206 Πατέρα,
2750 5130 3091 5205 χορηγοῦντα
3125 5121 3179 5180 δὲ
3222 5123 3312 5181 τόν
3342 5126 3480 5185 Υἱὸν.
3520 5148 3542 5180 ο

2940 5217 3290 5299 Ἀντίῤῥησις.

2369 5320 2427 5377 Εἰ
2485 5316 2582 5393 μὲν
2624 5317 2702 5392 μὴ
2758 5317 2898 5393 εὗρες
2961 5324 3225 5394 μυριαχοῦ
3257 5314 3356 5383 τῆς
3402 5321 3614 5396 Γραφῆς
3685 5316 3772 5372 καὶ
3844 5315 3940 5373 τὸν

2288 5408 2408 5464 Υἱόν
2452 5404 2709 5485 προϊέντα
2758 5404 2819 5461 τό
2876 5409 3111 5484 Πνεῦμα,
3143 5402 3322 5468 καλῶς
3368 5403 3430 5461 ἂν
3485 5403 3664 5461 ἐποιοῦ
3716 5403 3940 5462 διαστο-

582 5610 585 5613 '
624 5587 881 5653 951mm.
919 5603 1042 5666 xw,
1074 5587 1176 5652 42.
1260 5586 1325 5639 98
1349 5587 1498 5654 ibid.
1532 5588 1630 5651 l5.
1660 5588 1762 5651 26.
1792 5587 1855 5639 97
1879 5586 2026 5652 ibid.
2058 5602 2178 5663 xvi,
2213 5587 2292 5649 13
2320 5602 2454 5664 sqq.
