4180 6282
307 307 413 370 541

1354 310 1435 371 ΙΝ
1482 306 1878 372 CAMATERI
1925 304 2665 371 ANIMADVERSIONES.

3571 310 3701 378 ,542

304 441 506 520 φημίας
578 442 774 509 ταύτης
831 440 1171 521 μαχόμενος,
1227 440 1513 517 ἂναθὲματι
1569 438 1852 498 ὑποϐάλλει
1882 441 1941 497 τὸ

2060 445 2520 516 tus,.utentem,
2582 451 2819 504 sanctus
2864 451 3071 506 contra
3117 443 3375 506 similem
3410 442 3689 523 blasphe-

302 528 529 608 λεγοντα
561 533 858 610 κεχρῆσθαι
891 531 982 587 τὸν
1029 531 1173 604 Υἱὸν,
1232 532 1303 595 ὡς
1351 528 1602 609 ἀλλοτριᾳ
1645 536 1733 606 τῇ,
1767 526 1849 585 διὰ
1877 539 1967 587 τοῦ

303 619 607 695 Πνεύματος
652 617 890 695 δυνάμει.
944 619 1255 685 Σκοπητέον
1310 625 1435 697 γοῦν
1468 621 1544 694 μή
1594 640 1723 676 ποτε
1754 623 1821 695 τῇ
1846 640 1965 675 τοι-

300 710 431 786 αύτῃ
485 708 797 788 βλασφημίᾳ
851 709 1186 783 συνεμπίπτῃ
1243 709 1305 764 τὸ
1363 708 1544 783 νόημα
1571 714 1676 763 τῶν
1706 706 1967 785 λεγόντων

302 798 378 872 μὴ
412 798 556 858 εἶναι
600 799 661 854 τὸ
694 800 907 872 Πνεῦμα
950 795 1034 851 διὰ
1063 804 1154 853 τοῦ
1198 799 1317 855 Υίοῦ
1371 819 1426 852 τε
1471 798 1559 853 καὶ
1608 796 1668 853 ἐκ
1695 804 1788 853 τοῦ
1817 800 1960 856 Υἱοῦ.

300 886 464 943 Πόθεν
539 888 638 965 γὰρ
708 885 770 942 ἂν
862 883 1079 942 ἄλλοθεν
1122 883 1467 964 διαγνωσθείη
1539 884 1788 964 ἀλλοτρία
1870 895 1962 944 τοῦ

302 976 424 1030 Υἱοῦ
471 976 506 1043 ἡ
547 972 632 1032 διὰ
661 976 753 1030 τοῦ
810 974 1115 1046 Πνεῦματος
1175 970 1415 1048 δύναμις,
1467 974 1510 1028 εἰ
1550 973 1628 1047 μὴ
1686 972 1790 1028 ἀπὸ
1843 974 1960 1030 ἐνὸς

298 1062 481 1137 μόνου,
515 1070 605 1119 τοῦ
650 1062 727 1138 μὴ
757 1062 1013 1141 δπάρχειν
1083 1060 1209 1117 αὐτὸ
1262 1059 1323 1116 ἐκ
1372 1067 1464 1116 τοῦ
1515 1063 1688 1140 Υἱοῦ;
1761 1058 1958 1117 Ἀλλο-

296 1151 509 1231 τρίωσις
540 1151 637 1228 γᾶρ
669 1148 808 1216 ἄλλη
857 1153 950 1208 οὐκ
1005 1147 1152 1205 ἔσται
1218 1158 1309 1208 τοῦ
1352 1149 1655 1224 Πνεύματος
1716 1147 1767 1215 ἐξ
1811 1150 1952 1228 Υἱοῦ,

297 1240 450 1314 εἰμὴ
496 1239 557 1294 τὸ
616 1237 877 1316 ὑπάρχειν
935 1238 1060 1294 αὐτὸ
1117 1237 1177 1292 ἐκ
1229 1244 1320 1293 τοῦ
1364 1238 1567 1315 Πατρὸς
1625 1237 1809 1310 μόνου,
1868 1232 1953 1295 καὶ

297 1328 415 1406 οὖχὶ
446 1324 530 1382 διὰ
559 1335 651 1383 τοῦ
722 1328 864 1386 Υἱοῦ.
931 1325 1030 1382 Καὶ
1084 1332 1236 1381 τοῦτο
1293 1327 1320 1381 6
1366 1326 1519 1388 αὐτὸς
1565 1324 1728 1404 μέγας
1762 1323 1950 1381 διασα-

294 1430 385 1496 φεῖ
457 1415 712 1493 Κύριλλος
765 1415 819 1496 ἐν
877 1421 945 1492 τῇ
986 1415 1235 1495 ἑρμηνείᾳ
1306 1423 1397 1473 τοῦ
1465 1418 1600 1474 κατὰ
1698 1415 1947 1485 Ἰωάννην

292 1493 474 1584 ῥητοῦ,
547 1512 663 1585 τοῦ,
704 1529 726 1559 ι
777 1493 939 1561 Ὀταν
998 1493 1086 1561 οὖν
1143 1504 1267 1581 ἔλθῃ
1296 1507 1323 1560 6
1382 1505 1749 1583 Παράκλητος,
1784 1525 1806 1557 ι
1840 1507 1945 1586 φά-

294 1614 435 1648 σκων
492 1593 632 1649 οὕτω
688 1592 861 1669 ῥητῶς
897 1608 910 1625 '
975 1619 996 1649 ι
1036 1593 1167 1671 Πρός
1226 1591 1280 1647 δὲ
1323 1607 1437 1658 τοῖς
1481 1594 1774 1671 εἰρημένοις
1840 1595 1944 1651 κᾶ-

291 1682 443 1737 κεῖνο
526 1679 711 1736 λοιπὸν
768 1682 840 1743 ὡς
912 1679 963 1745 ἐξ

222 1831 229 1837 _
292 1771 571 1847 ὑπουργίαν
629 1768 932 1836 διακονικὴν
992 1768 1337 1848 ἀποπληροῦν
1407 1768 1582 1827 οἱέσθε
1652 1773 1740 1827 τὸν
1799 1773 1939 1844 Υἱὸν,

292 1866 352 1911 τὸ
395 1854 670 1935 ἀλλότριον
740 1859 900 1930 ἡμῖν,
953 1856 1186 1913 τουτέστι
1243 1858 1304 1913 τὸ
1348 1859 1486 1932 παρὰ
1542 1866 1633 1915 τοῦ
1690 1866 1818 1916 Θεοῦ
1857 1861 1944 1916 καὶ

294 1945 495 2021 Πατρὸς
540 1946 953 2023 κεχορηγηκότα
1008 1944 1159 2021 ἅγιον
1203 1943 1260 2000 ὅν
1311 1947 1447 2001 κατὰ
1510 1948 1660 2025 φύσιν
1706 1954 1938 2023 Πνεῦμα,

320 2033 338 2063 1,
490 2032 502 2049 ‘
612 2033 622 2053 1
765 2032 789 2051 η
1311 2034 1357 2065 ’⁸
1471 2034 1479 2050 '
1517 2032 1564 2065 Τ
1679 2033 1723 2067 λλ
1779 2035 1804 2057 (Ι

290 2053 347 2087 ο)
377 2053 516 2088 κατα
560 2054 710 2111 φυσιν
753 2054 902 2108 αγιος
960 2035 987 2088 6
1032 2034 1183 2105 Θεὸς,
1238 2056 1372 2088 κα.α
1416 2038 1617 2108 μεθεςιν
1674 2052 1727 2090 Ος.
1770 2057 1945 2103 ωσπερ

283 2121 472 2194 ἡμεῖς.
513 2146 536 2178 ι
611 2111 762 2199 Ὀρᾷς
821 2121 978 2176 πόθεν
1038 2124 1064 2177 6
1147 2122 1296 2199 ἅγιος
1386 2124 1595 2200 συνάγει
1677 2127 1773 2190 τὴν
1857 2132 1945 2184 τοῦ

288 2209 588 2283 Πνεύματος
660 2209 765 2265 ἀπὸ
821 2216 914 2264 τοῦ
988 2213 1107 2265 Υἱοῦ
1162 2208 1591 2289 ἀλλοτριότητας
1658 2210 1778 2268 Ἐοίν
1836 2234 1941 2285 τις,

286 2299 469 2375 φησὶν,
543 2295 681 2373 λέγῃ
725 2299 784 2353 τὸ
837 2296 1274 2374 ὁμολογουμένως
1341 2301 1482 2376 παρὰ
1537 2300 1631 2356 τοῦ
1687 2308 1816 2357 Θεοῦ
1857 2295 1944 2357 καὶ

284 2387 485 2465 Πατρὸς
568 2387 806 2464 ὑπάρχον
898 2393 1115 2462 Πνεῦμα
1210 2385 1515 2451 διακονικῶς
1608 2390 1748 2468 παρὰ
1856 2413 1946 2448 του

284 2477 400 2529 Υἱοῦ
481 2478 861 2554 χορηγεῖσθαι,
929 2474 1208 2553 ἀλλότριον
1279 2474 1423 2532 ἔσται
1518 2485 1609 2533 τοῦ
1695 2480 1815 2535 Υἱοῦ
1883 2474 1979 2564 τὸ.

281 2568 516 2639 Πνεῦμα,
578 2564 664 2619 καὶ
712 2563 1072 2633 ’ἀκολουθήσει
1162 2562 1299 2639 μηδὲ
1359 2568 1494 2622 κατὰ
1578 2568 1729 2645 φύσιν
1793 2567 1942 2646 ἅγιον

280 2651 421 2707 εἶναι
486 2653 666 2724 αὐτὸν,
716 2653 852 2709 κατὰ
910 2651 1111 2727 μέθεξιν
1163 2651 1217 2708 δὲ
1275 2653 1451 2732 ὥσπερ
1508 2656 1694 2729 ἡμεῖς.
1742 2658 1938 2713 Τοιαύ-

278 2761 393 2802 ταις
456 2761 549 2814 μοι
608 2739 847 2797 δοκοῦσιν
917 2741 1193 2817 ἐμπίπτειν
1273 2756 1393 2804 ταῖς
1466 2743 1705 2806 ἀτοπίαις
1764 2747 1810 2801 οἱ
1863 2746 1939 2820 μὴ

277 2827 523 2906 λέγοντες
559 2830 818 2909 ὑπάρχειν
848 2832 909 2886 τὸ
943 2837 1155 2905 Πνεῦμα
1181 2828 1263 2887 διὰ
1306 2854 1397 2887 του
1432 2835 1571 2892 Υἱοῦ.

522 2922 803 3001 Ἐρμηνεία
831 2930 923 2979 τοῦ
954 2923 1114 2979 αὒτοῦ
1143 2923 1356 2980 ἐννατου
1387 2924 1695 3003 κεφαλαίου.

358 3003 482 3073 ΡΑ’.
523 3043 546 3075 ι
579 3017 792 3079 Φθάσας
830 3014 961 3094 ἔφην
1018 3015 1101 3072 ὅτι
1158 3017 1276 3073 τοῖς
1351 3020 1629 3096 Νεστορίου
1680 3019 1929 3097 βατταρί-

284 3125 310 3155 α
359 3125 581 3182 σμασιν,

283 3214 310 3245 κ
345 3189 452 3254 λῶς
515 3193 810 3271 εἰρημένοις
883 3196 918 3261 ἡ
982 3199 1086 3249 τῶν
1147 3192 1446 3273 κεφαλαίων
1490 3196 1723 3275 μάχεται
1780 3196 1935 3256 δύνα-

284 3302 306 3334 α
344 3301 458 3354 μις.
530 3276 765 3340 Ἐιιείνου
817 3283 916 3360 γὰρ
973 3280 1224 3360 λέγοντος
1285 3285 1402 3361 περὶ
1461 3293 1555 3341 τοῦ
1596 3286 1742 3361 ἁγίου
1774 3288 1938 3343 Πνεῦ-

284 3390 310 3423 ι
358 3389 548 3443 ματος.
625 3368 787 3425 Τοῦτο
845 3367 909 3436 δὴ
955 3368 1289 3436 τηλικαύτην
1376 3372 1518 3444 αὐτῷ
1578 3374 1941 3452 χαρισάμενον

283 3482 304 3513 ι
340 3454 580 3531 δύναμιν,
655 3457 715 3512 τὸ
784 3456 1025 3532 δαίμοσιν
1112 3460 1237 3516 αὗτὸ
1309 3457 1533 3538 φοϐερὸν
1593 3460 1944 3539 ἐργασάμενον

278 3568 305 3598 ι
343 3547 405 3600 τὸ
435 3545 532 3611 τὴν
588 3544 857 3622 ἀνάληψιν
913 3547 1056 3620 αὐτῷ
1084 3546 1183 3614 τὴν
1238 3549 1310 3611 εἷς
1371 3548 1585 3626 οὐρανὸν
1640 3553 1946 3629 χαρισάμε-

280 3652 311 3686 cc
344 3655 455 3711 νον,
522 3634 610 3689 καὶ
640 3636 713 3696 ὡς
784 3635 904 3714 περί
949 3657 1091 3698 τινος
1149 3643 1255 3692 τῶν
1328 3637 1447 3693 καθ’
1517 3639 1683 3712 ἡμᾶς,
1742 3639 1945 3720 ἀνθρώ·-

282 3745 303 3775 α
340 3744 441 3778 που
507 3729 683 3778 κοινοῦ
736 3731 952 3780 τοιαῦτα
1010 3725 1467 3804 πεφλυαρηκὸτος,
1507 3725 1721 3803 γέγονεν
1778 3729 1944 3807 ἀναγ-

281 3832 303 3866 ο
342 3810 506 3874 καίως
579 3812 607 3866 ὀ
668 3811 1094 3888 ἀναθεματισμὸς
1140 3817 1198 3871 06
1249 3814 1386 3869 κατά
1442 3836 1502 3891 γε
1571 3820 1675 3870 τῶν
1747 3815 1941 3895 λεγόν-

283 3927 304 3955 σ
336 3921 441 3953 των
512 3896 814 3964 δεδοξάσθαι
878 3903 1020 3979 παρὰ
1086 3910 1176 3958 τοῦ
1273 3903 1422 3979 ἁγίου
1479 3904 1780 3976 Πνεύματος
1851 3908 1940 3968 τὸν

276 4010 303 4041 α
360 3988 503 4054 Υἱὸν,
578 3987 850 4045 τουτέστιν
945 3992 1442 4069 ἒνανθρωπήσαντα,
1539 3992 1659 4046 κατ’
1729 3992 1942 4051 ἐκείνων

279 4094 299 4124 ι
331 4073 384 4130 δὲ
422 4073 653 4150 μᾶλλον,
688 4079 747 4133 οῖ
791 4081 877 4135 καὶ
940 4078 1128 4145 ἀνέδην
1175 4081 1356 4153 αὐτὸν,
1406 4080 1477 4141 ὡς
1544 4079 1791 4157 ἀλλοτρίᾳ
1848 4080 1941 4137 δυ-

278 4184 298 4212 σ
333 4166 486 4240 νάμει
547 4172 614 4242 τῇ
681 4164 765 4222 διὰ
818 4175 909 4225 τοῦ
996 4170 1300 4243 Πνεύματος
1360 4170 1653 4246 κεχρῆσθαί

278 4275 304 4306 α
354 4256 679 4328 Μεμνήμεθκ
730 4253 785 4311 δὲ
842 4257 1079 4319 εἰπόντος
1111 4259 1227 4334 περὶ
1273 4257 1364 4312 τοῦ
1417 4256 1565 4334 ἁγίου
1606 4258 1929 4333 Πνεύματος,

277 4362 298 4391 tl
338 4340 575 4403 Ἐκεῖνος
609 4342 704 4417 ἐμὲ
736 4342 964 4420 δοξάσει,
1010 4346 1168 4421 ἴσμεν
1212 4366 1270 4400 τε
1329 4348 1458 4423 πρὸς
1502 4346 1672 4419 τούτῳ
1728 4352 1797 4422 τῇ
1845 4358 1938 4406 τοῦ

273 4456 296 4487 ε
332 4428 479 4508 ἄγίου
559 4433 857 4508 Πνεύματος
932 4435 1162 4514 ἐνεργείᾳ
1247 4436 1340 4496 τὰς
1416 4437 1653 4513 πονηρὰς
1723 4457 1780 4491 τε
1850 4440 1935 4492 καὶ

272 4540 297 4572 α
331 4518 653 4596 ἆκαθάρτοϊς
715 4518 963 4597 δυνάμεις
1018 4521 1356 4601 συντριϐοντα
1396 4546 1405 4555 ι
1469 4522 1595 4579 ἀλλ’
1642 4529 1739 4583 οὐκ
1772 4523 1934 4599 οὕτως

271 4630 296 4660 α
331 4605 504 4684 φαμὲν
552 4609 733 4681 αὐτὸν,
786 4611 1018 4689 καθάπερ
1066 4614 1153 4668 καὶ
1211 4618 1316 4667 τῶν
1375 4614 1541 4688 ἁγίων
1584 4611 1832 4692 ἕκαστον,
1860 4615 1933 4677 ὡς

271 4718 297 4750 α
344 4694 595 4780 ἀλλοτρίᾳ
626 4695 838 4773 δυνάμει
871 4704 1166 4780 κεχρῆσθαι
1210 4707 1279 4776 τῇ
1339 4710 1434 4759 τοῦ
1490 4701 1638 4777 ἁγίου
1685 4701 1931 4776 Πνεῦμα-

272 4812 293 4841 σ
335 4807 449 4848 τος,
500 4779 601 4841 Ἠν
634 4788 733 4865 γὰρ
762 4789 851 4844 καὶ
898 4788 1038 4844 ἔστιν
1098 4789 1257 4845 αὐτοῦ
1298 4790 1359 4844 τὸ
1404 4794 1640 4863 Πνεῦμα,
1702 4789 1899 4844 καθάπε

270 4897 289 4923 σ
330 4873 516 4949 ἀμέλει
550 4876 636 4930 καὶ
666 4878 756 4931 τοῦ
787 4879 1009 4956 Πατρός.
1049 4880 1146 4935 Καὶ
1199 4883 1352 4933 τοῦτο
1382 4878 1517 4951 ἡμῖν
1571 4876 1625 4932 εὖ
1656 4875 1798 4946 μάλα
1828 4898 1930 4932 σα-

270 4986 291 5014 ι
324 4976 508 5041 φηνιεῖ
551 4965 827 5043 γεγραφὼς
888 4969 915 5022 6
965 4966 1240 5028 θεσπέσιος
1316 4963 1519 5027 Παῦλος
1557 4980 1570 4993 ⁸
1629 4990 1647 5017 ι
1702 4967 1762 5021 Οἱ
1793 4961 1845 5019 δὲ
1875 4966 1931 5020 ἒν

272 5070 295 5104 α
333 5052 487 5126 σαρκὶ
517 5051 663 5113 ὄντες
697 5057 812 5127 Θεῴ
841 5054 1021 5132 ἀρέσαι
1082 5057 1140 5111 οὒ
1197 5053 1459 5111 δύνανται.
1524 5045 1720 5129 ’Υμετς
1748 5050 1803 5108 δὲ
1834 5052 1930 5109 οῦκ

274 5166 296 5196 ι
326 5138 445 5195 ἐστὲ
518 5139 572 5195 ἐν
629 5144 780 5217 σαρκὶ
836 5142 955 5199 ἀλλ’
1017 5144 1069 5200 ἐν
1117 5144 1405 5219 πνεύματι,
1496 5141 1650 5222 εἶ’περ
1721 5148 1929 5216 Πνεόμα

270 5245 297 5283 ι
344 5232 477 5283 Θεοῦ
506 5228 646 5284 οίκετ
674 5227 729 5283 ἐν
771 5231 920 5305 ὑμῖν,
956 5230 1024 5290 Εἴ
1066 5254 1146 5297 τις
1206 5228 1264 5286 δὲ
1309 5232 1519 5306 Πνεῦμα
1577 5232 1802 5304 Χριστοῦ
1832 5229 1929 5286 οὒκ

271 5337 296 5366 c
329 5313 472 5395 ἔχει,
543 5319 692 5379 οὗτος
750 5318 844 5373 οὒκ
876 5318 1013 5376 ἔστιν
1059 5322 1237 5381 αῗτοῦ,
1276 5317 1644 5396 Ἐκπορεύεται
1701 5319 1796 5393 μὲν
1829 5318 1926 5405 γὰρ

273 5427 295 5457 «
332 5403 391 5460 ἐκ
424 5427 516 5461 του
548 5413 678 5463 Θεοῦ
709 5410 794 5464 καὶ
825 5412 1024 5489 Πατρὸς
1080 5413 1138 5467 τὸ
1210 5416 1421 5484 Πνεῦμα
1471 5410 1532 5464 τὸ
1587 5409 1739 5485 ἅγιον
1790 5403 1925 5463 κατᾶ

1754 4192 1908 4248 φασιν
1920 4230 1932 4242 _

342 5561 409 5614 99
448 5560 623 5627 Joan.
658 5583 758 5642 xv,
792 5567 890 5630 ‘26.
938 5569 959 5612 1
989 5572 1161 5634 Joan.
1192 5587 1312 5649 xw,
1359 5568 1459 5629 t4.
1504 5567 1536 5618 9
1565 5568 1738 5631 Rom.
1774 5581 1900 5644 vm,
1931 5566 1991 5629 8.

2054 526 2230 589 miam
2263 529 3006 609 depugnansanathemate
3030 531 3166 593 ferit
3191 531 3487 594 dicentem
3522 550 3689 592 usum

2048 613 2226 677 fuisse
2257 618 2552 679 Christum
2590 620 2672 680 uti
2705 620 2897 681 aliena
2916 620 3171 702 Spiritus
3204 619 3497 682 facultate.
3532 619 3689 682 Con-

2049 704 2430 767 siderandum
2466 726 2604 786 ergo
2636 719 2722 771 est
2777 730 2853 771 ue
2882 711 2941 773 in
2975 710 3227 771 similem
3263 709 3690 790 blasphemiam

2047 791 2268 874 irrepat
2297 814 2499 856 eorum
2531 797 2754 877 Opinio,
2779 798 2878 880 qui
2916 811 3216 871 asserunt,
3253 796 3540 878 Spiritum
3574 817 3690 859 non

2046 898 2178 943 esse
2235 902 2341 962 per
2390 884 2625 965 Filium,
2693 898 2749 949 et
2806 908 2870 948 cx
2928 886 3100 949 Filio.
3165 885 3472 949 Undenam
3530 886 3689 946 enim

2045 969 2285 1032 aliunde
2316 984 2668 1051 agnuscetur
2694 976 2885 1036 aliena
2918 975 3074 1048 Filii,
3099 993 3230 1055 quze
3268 991 3375 1055 per
3404 972 3687 1054 Spiritum

2044 1068 2153 1130 est,
2189 1059 2393 1141 virtus,
2426 1061 2540 1122 nisi
2586 1061 2659 1123 ab
2689 1084 2807 1124 uno
2833 1072 2896 1125 et
2936 1064 3084 1137 solo,
3127 1065 3320 1144 ipsum
3353 1063 3583 1123 scilicet
3612 1082 3681 1123 ex

2042 1146 2187 1208 Filio
2212 1166 2328 1209 non
2354 1149 2636 1212 exsistere
2658 1150 2688 1210 ‘?
2709 1151 2837 1212 Alia
2864 1151 3155 1231 siquidem
3190 1150 3442 1229 Spiritus
3472 1169 3505 1211 a
3536 1148 3686 1211 Filio

2036 1235 2289 1297 alienato
2323 1237 2481 1298 nulla
2511 1238 2710 1319 fuerit,
2757 1241 2872 1299 nisi
2925 1241 3063 1319 quia
3096 1241 3220 1319 ipse
3253 1258 3323 1300 ex
3358 1238 3483 1299 solo
3517 1237 3684 1301 Patre

2036 1324 2325 1402 procedit,
2362 1334 2416 1386 et
2464 1344 2577 1387 non
2607 1345 2638 1389 a
2668 1327 2841 1389 Filio.
2879 1325 3046 1398 Quod
3080 1327 3241 1388 idem
3273 1326 3402 1405 ipse
3433 1327 3684 1406 Cyrillus

2034 1413 2405 1493 apertissime
2462 1415 2724 1477 declarat
2781 1415 3156 1494 expositione
3207 1414 3267 1474 in
3297 1414 3681 1492 Evangelium

2027 1497 2295 1575 Joannis,
2330 1501 2387 1561 in
2440 1504 2687 1579 dictum,
2731 1528 2753 1559 ιι
2793 1505 2940 1566 Cum
3000 1502 3199 1583 itaque
3228 1501 3463 1563 venerit
3492 1504 3680 1564 Para-

2029 1589 2215 1651 cletus
2243 1590 2325 1661 99,
2378 1616 2399 1645 ιι
2440 1591 2530 1652 his
2586 1591 2905 1672 ipsissimis
2963 1591 3163 1653 verbis
3197 1613 3209 1648 :
3252 1616 3276 1646 ι
3311 1588 3532 1652 Praeter
3556 1589 3679 1669 jam

1035 1680 1273 1758 ἀνάγκης
1345 1680 1668 1751 εἰσϐήσεται.
1731 1685 1787 1740 Εἰ
1846 1684 1943 1762 γὰρ

2031 1676 2210 1758 dicta,
2248 1679 2391 1741 illud
2427 1699 2663 1760 quoque
2695 1680 3037 1742 necessario
3078 1676 3677 1768 consequetur._Nam

2030 1769 2075 1825 si
2108 1769 2322 1827 servile
2351 1769 2744 1830 ministerium
2791 1769 3117 1848 opinamini
3144 1768 3410 1830 exerceri
3441 1785 3473 1827 a
3501 1765 3673 1843 Filio,

2028 1872 2157 1914 cum
2189 1856 2452 1917 alienum
2486 1857 2678 1933 nobis,
2738 1859 2851 1919 hoc
2888 1867 2975 1918 est
3008 1876 3039 1916 a
3068 1856 3189 1917 Deo
3223 1865 3283 1916 et
3334 1857 3504 1916 Patre
3533 1872 3675 1934 sup-

2026 1942 2269 2022 peditat,
2333 1946 2471 2005 dum
2532 1946 2786 2025 Spiritus
2841 1958 3052 2006 natura
3110 1963 3215 2004 sua
3275 1950 3512 2004 sanctus
3560 1951 3672 2013 est,

2029 2050 2143 2090 nun
2179 2041 2384 2093 natura
2422 2034 2575 2095 Deus
2607 2043 2849 2095 sanctus
2882 2043 2991 2109 est,
3039 2031 3507 2114 participatione
3537 2049 3672 2092 vero

2026 2119 2198 2179 sicuti
2234 2141 2362 2184 nos.
2409 2147 2426 2176 ο
2498 2122 2763 2183 Videsne
2824 2123 3118 2183 undenam
3167 2128 3407 2182 sanctus
3437 2118 3674 2198 colligat

2027 2207 2277 2287 Spiritus
2311 2230 2343 2271 a
2378 2211 2524 2273 Filio
2580 2212 3001 2273 alienationem
3029 2212 3054 2272 Υ
3086 2210 3147 2273 Si
3207 2209 3359 2290 quis,
3393 2209 3493 2281 ait,
3529 2207 3675 2269 dicit

2028 2295 2336 2375 Spiritum,
2376 2300 2475 2380 qui
2505 2300 2729 2378 absque
2760 2300 2944 2362 dubio
2963 2319 2995 2360 a
3016 2304 3136 2362 Deo
3156 2308 3214 2360 et
3240 2302 3407 2361 Patre
3426 2298 3674 2376 exsistit,

2028 2388 2225 2447 servili
2258 2390 2430 2450 modo
2461 2409 2494 2449 a
2546 2387 2692 2452 Filio
2726 2388 3116 2470 suppeditari,
3154 2389 3414 2449 alienum
3468 2385 3614 2447 dicit
3639 2403 3676 2448 a

2027 2474 2174 2536 Filio
2207 2475 2536 2555 Spiritum:
2587 2491 2645 2540 et
2702 2487 3011 2555 sequetur,
3059 2495 3251 2557 neque
3302 2482 3509 2537 natura
3537 2492 3672 2536 eum

2026 2573 2296 2625 sanctum
2358 2584 2513 2642 esse,
2567 2567 2696 2644 sed,
2756 2576 2983 2628 tantum
3022 2564 3471 2646 participatione
3501 2562 3675 2623 sicuti

2025 2671 2157 2714 nos.
2221 2653 2285 2714 In
2343 2656 2449 2716 has
2505 2655 2792 2718 absurdas
2852 2657 3167 2736 Opiniones
3196 2653 3471 2714 videntur
3527 2648 3675 2712 mihi

2022 2741 2271 2821 prolabi,
2308 2744 2407 2822 qui
2456 2762 2572 2806 non
2628 2745 2886 2806 fatentur
2939 2744 3226 2806 exsistere
3256 2740 3541 2822 Spiritum
3570 2755 3677 2820 per

2023 2829 2261 2893 Filium.

2326 2926 2641 3006 Expositio
2680 2928 2930 3006 huiuch
2955 2924 3359 3006 nonircapitis.

2110 3003 2201 3066 CI.
2239 3029 2264 3059 α
2298 2999 2442 3066 Iteni
2496 3006 2642 3079 dixi,
2706 2999 2861 3087 quod
2886 3004 3140 3067 Nestorii
3173 2999 3365 3082 nugis,
3398 3020 3501 3064 seu
3536 2999 3666 3062 bla-

639 3103 803 3183 ἤγουν
860 3089 1183 3183 δυσφημίαις
1241 3108 1328 3161 καὶ
1372 3120 1487 3168 τοῖς
1522 3089 1689 3184 ’ἄγαν-
1734 3089 1941 3184 ἀτημε-

2040 3114 2062 3148 α
2097 3093 2406 3173 sphemiis,
2469 3104 2527 3156 et
2584 3096 2712 3175 ejus
2743 3095 2916 3156 dictis
2965 3091 3283 3192 admodum
3336 3089 3673 3192 temerariis

2042 3204 2068 3236 ς
2103 3183 2284 3243 virtus
2318 3182 2708 3263 capitulorum
2755 3191 3045 3264 repugnat
3079 3201 3093 3243 :
3127 3181 3229 3242 illo
3260 3197 3517 3259 namque
3569 3179 3671 3239 di-

2039 3296 2064 3324 u
2098 3281 2271 3333 centc
2305 3271 2379 3332 de
2409 3270 2631 3352 Spiritu
2685 3282 2887 3333 sancto
2924 3290 2936 3333 :
2973 3274 3026 3333 ls
3055 3271 3151 3350 qui
3185 3276 3402 3329 tantam
3435 3267 3669 3330 Christo

2037 3381 2056 3412 σ
2100 3360 2341 3435 gloriam
2377 3360 2647 3441 contulit,
2681 3380 2814 3422 eum
2854 3358 3225 3421 daemonibus
3255 3356 3395 3418 fecit
3426 3355 3667 3417 terribi-

2039 3472 2063 3501 ιι
2103 3449 2242 3528 lem,
2298 3449 2650 3530 donavitque
2707 3458 2765 3511 et
2816 3449 2886 3511 ad
2920 3449 3108 3512 caelos
3137 3446 3574 3520 ascensionem,
3611 3451 3669 3504 et

2038 3558 2058 3588 α
2098 3547 2371 3617 tanquam
2395 3538 2470 3600 de
2493 3539 2689 3620 aliquo
2722 3538 3049 3601 secundum
3082 3554 3190 3598 nos
3221 3533 3463 3596 homine
3497 3551 3664 3595 com-

2034 3649 2060 3679 α
2100 3627 2260 3686 muni
2295 3629 2417 3689 haec
2473 3628 2899 3704 deblaterante,
2962 3628 3146 3689 factus
3193 3633 3281 3685 est
3325 3623 3666 3686 necessario

2034 3739 2057 3767 α
2092 3716 2643 3787 auathematismus.
2679 3737 2795 3779 non
2845 3716 3125 3778 adversus
3156 3731 3280 3789 eos,
3306 3712 3405 3794 qui
3435 3710 3662 3787 dicunt,

2035 3825 2055 3854 α
2093 3803 2475 3866 clariﬁcatum
2524 3825 2556 3866 a
2605 3806 2828 3887 Spiritu
2882 3813 3084 3867 sancto
3139 3803 3362 3882 Jesum,
3424 3802 3536 3863 hoc
3576 3807 3668 3864 est

2035 3909 2064 3948 σ
2099 3891 2539 3955 inhumanatum
2574 3895 2677 3956 Dei
2733 3897 2991 3958 Verbum
3023 3914 3037 3970 ;
3070 3891 3172 3953 sed
3224 3890 3416 3970 potius
3464 3897 3668 3951 contra

2033 4000 2057 4037 ι
2096 3981 2248 4051 illos,
2281 3983 2377 4061 qui
2411 3983 2786 4061 impudenter
2842 4002 2975 4046 eum
3007 3984 3217 4043 virtute
3249 3998 3354 4060 per
3379 3977 3662 4058 Spiritum

2030 4093 2053 4121 α
2094 4078 2367 4149 tanquam
2402 4072 2597 4133 aliena
2633 4092 2804 4134 usum
2861 4091 2991 4133 esse
3028 4073 3252 4134 dicunt.
3286 4068 3666 4133 Meminimus

2028 4183 2050 4209 α
2091 4160 2245 4220 enim
2278 4181 2410 4221 eum
2445 4172 2651 4243 aperte
2674 4163 2895 4223 dixisse
2920 4161 2993 4222 de
3018 4170 3219 4222 sancto
3238 4157 3479 4239 Spiritu,
3507 4181 3532 4211 α
3560 4155 3665 4216 Ille

2028 4270 2046 4295 ιι
2091 4267 2181 4309 me
2206 4249 2613 4313 clariﬁcabit‘.
2633 4281 2647 4304 -
2678 4250 2958 4312 Novimus
2978 4250 3048 4309 ad
3075 4251 3181 4309 hoc
3205 4247 3390 4310 sancti
3409 4243 3665 4325 Spiritus

2027 4360 2050 4389 α
2088 4339 2860 4415 operationeconterentem
2888 4334 3665 4418 nequissimasimmundas-

2026 4450 2050 4478 (ι
2088 4445 2203 4504 φο
2237 4428 2514 4504 virtutes;
2573 4429 2674 4489 sed
2742 4447 2853 4490 non
2917 4427 2997 4490 ita
3056 4425 3313 4487 dicimus
3345 4442 3477 4485 eum
3512 4422 3665 4482 sicut

2027 4537 2051 4566 α
2094 4533 2577 4597 unumquemque
2604 4518 2832 4579 scilicet
2877 4523 3248 4587 sanctorum,
3280 4513 3488 4572 virtute
3522 4510 3660 4589 Spi-

2027 4626 2051 4654 ιι
2092 4602 2238 4662 ritus
2266 4605 2451 4664 sancti
2489 4614 2763 4687 tanquam
2812 4605 3194 4666 alicnausum
3223 4621 3236 4664 :
3263 4610 3387 4663 erat
3416 4599 3570 4687 enim
3607 4606 3665 4659 et

2025 4714 2049 4744 α
2089 4697 2177 4749 est
2207 4690 2334 4770 ejus
2386 4686 2629 4773 spiritus
2685 4694 2859 4755 sicuti
2891 4701 3052 4754 certe
3083 4699 3140 4751 et
3182 4688 3391 4752 Patris.
3420 4688 3500 4749 Et
3552 4686 3663 4746 hoc

2024 4804 2047 4830 (ι
2089 4778 2258 4837 nobis
2289 4778 2445 4842 bene
2492 4782 2636 4843 satis
2681 4782 2962 4864 explanat
3019 4778 3252 4840 divinus
3275 4776 3487 4837 Paulus
3517 4773 3663 4834 scri-

2023 4892 2044 4920 α
2087 4865 2232 4927 bens
2267 4887 2278 4928 :
2323 4894 2346 4923 α
2383 4868 2494 4941 Qui
2549 4880 2745 4933 autem
2780 4871 2837 4931 in
2872 4887 3050 4932 carne
3084 4876 3243 4941 sunt,
3277 4869 3398 4928 Deo
3431 4864 3663 4944 placere

2018 4981 2045 5014 ι(
2089 4975 2205 5015 non
2241 4968 2485 5035 possunt
2514 4960 2561 5021 9.
2602 4960 2715 5023 Vos
2775 4970 2970 5022 autem
3028 4976 3144 5017 non
3201 4956 3341 5015 estis
3365 4953 3424 5014 in
3456 4970 3657 5025 carne,

2019 5068 2045 5104 ι
2084 5044 2184 5105 sed
2218 5044 2276 5104 in
2303 5042 2554 5129 Spi:itu,
2620 5051 2665 5111 si
2712 5059 2906 5111 tamen
2933 5046 3176 5127 spiritus
3209 5043 3316 5104 Dei
3347 5041 3573 5103 habitat
3601 5041 3661 5102 in

2021 5160 2041 5187 «
2083 5132 2266 5195 vobis.
2294 5133 2352 5195 Si
2385 5138 2516 5216 quis
2545 5147 2739 5201 autem
2771 5137 3041 5219 spiritum
3095 5131 3315 5196 Christi
3371 5149 3486 5192 non
3548 5131 3659 5191 ha-

2020 5251 2042 5279 α
2080 5225 2201 5285 bet.
2228 5222 2321 5282 hic
2343 5243 2460 5285 non
2485 5237 2572 5288 est
2605 5229 2753 5308 ejus.
2795 5254 2820 5284 »
2858 5223 3136 5289 Procedit
3159 5222 3319 5284 enim
3351 5219 3570 5283 ex'Deu
3602 5230 3662 5283 et

2023 5341 2044 5370 tl
2082 5314 2255 5375 Patre
2277 5311 2535 5393 Spiritus
2585 5328 2820 5379 sanctus
2844 5314 3172 5377 secundum
3207 5309 3522 5374 Salvatoris
3555 5328 3660 5371 vo-

2015 5430 2037 5459 α
2076 5422 2230 5475 00m,
2273 5404 2375 5463 sed
2433 5424 2545 5467 non
2592 5417 2675 5468 est
2708 5407 2935 5468 alienus
2975 5425 3005 5466 a
3047 5401 3224 5474 Filip.
3258 5398 3466 5462 Omnia
3503 5400 3657 5459 enim
