4180 6282
303 362 424 431 545

408 509 512 560 Τοῦ
542 504 699 560 αὺτοῦ
742 499 802 557 ἐκ
827 504 925 566 τῆς
969 500 1098 572 πρὸς
1127 495 1409 576 Νεστόριον
1438 485 1494 574 γ’
1538 492 1845 558 ἐπιστολῆς.

389 583 510 656 [³13⁸.
548 583 757 651 ιιὈταν
799 591 853 649 δέ
895 591 1027 671 λέγῃ
1056 593 1174 670 περὶ
1204 596 1295 647 τοῦ
1342 591 1668 665 Πνεύματος.
1711 609 1739 641 α
1774 583 1959 671 Ἐκεῖ-

316 708 338 738 ι
384 706 475 747 νος
518 682 613 757 ἐμὲ
644 680 874 761 δοξάσει,
925 670 977 737 ιγ
1012 691 1249 744 νοοῦντες
1308 680 1497 757 ὀρθῶς,
1554 678 1658 755 οὐχ
1704 677 1777 739 ὡς
1808 670 1959 738 δόξης

316 796 339 829 ι
379 770 560 828 ἐπιδεᾶ
629 776 728 837 τῆς
785 769 914 848 παρ’
970 768 1145 847 ἐτέρου
1216 769 1386 844 φαμὲν
1435 768 1525 823 τὸν
1592 764 1685 822 ἕνα
1740 764 1963 842 Χριστὸν

313 885 337 916 σ
370 861 465 916 καὶ
522 860 665 937 Υἱὸν³
724 859 821 926 τὴν
864 858 1005 936 παρὰ
1059 864 1152 913 τοῦ
1223 856 1372 933 ἁγίου
1428 854 1731 929 Πνεύματος
1814 848 1962 914 δόξαν

317 974 342 1003 α
377 949 526 1028 ἔχειν
576 947 658 1004 ὅτι
718 945 853 1022 μηδὲ
908 959 1149 1026 κρεῖττον
1206 945 1334 1024 ὑπὲρ
1389 946 1544 1002 αὺτὸν
1602 944 1664 998 τὸ
1751 946 1962 1013 Πνεῦμα

318 1064 341 1091 α
379 1044 557 1101 αὐτοῦ.
634 1037 785 1097 Ἐπεὶ
826 1037 880 1094 δὲ
940 1039 1013 1103 εἷς
1084 1034 1295 1102 ἔνδειξιν
1350 1041 1447 1112 τῇς
1505 1037 1660 1091 αὐτοῦ
1716 1035 1963 1098 θεότητος

319 1153 346 1183 α
380 1128 580 1208 ἐχρῆτο
637 1135 715 1202 τῷ
783 1125 894 1199 ἰδίῳ
970 1128 1232 1199 Πνεῦματι
1346 1126 1474 1203 πρὸς
1560 1121 1963 1208 μεγαλουργίανῒ

316 1203 674 1282 «δεδοξάσθαι
743 1213 867 1294 παρ’
928 1217 1084 1272 αὑτοῦ
1136 1236 1318 1294 φησιν,
1384 1213 1561 1290 ὥσπερ
1628 1208 1689 1265 ἅν
1769 1212 1813 1264 εί
1880 1203 1968 1263 καί

322 1334 343 1363 ι
390 1328 470 1369 τις
513 1304 646 1383 λέγῃ
676 1311 782 1360 τῶν
827 1303 939 1360 καθ’
985 1306 1128 1379 ἡμᾶς
1185 1304 1302 1381 περὶ
1342 1308 1441 1368 τῇς
1506 1301 1721 1365 ἐνούσης
1780 1296 1965 1377 ἰσχύος

320 1416 342 1447 ο
383 1395 524 1460 αὖτῷ
565 1395 753 1472 τυχὸν,
803 1392 838 1461 ἢ
897 1399 1019 1470 γοῦν
1077 1392 1399 1467 ἐπιστήμης.
1438 1395 1535 1457 τῆς
1591 1388 1673 1469 ἐφ’
1745 1390 1964 1460 ὁτῳοῦν.

322 1507 344 1535 ο
394 1482 475 1536 ὅτι
525 1479 825 1546 δοξάσουσιν
875 1479 992 1555 ἐμέ,
1047 1483 1105 1537 Εἰ
1159 1482 1258 1558 γὰρ
1314 1481 1401 1536 καὶ
1455 1478 1593 1534 ἐστιν
1647 1477 1701 1534 ἐν
1742 1474 1968 1531 ὑποστά-

326 1594 348 1622 ιι
387 1591 464 1625 σει
509 1571 568 1625 τὸ
600 1576 811 1644 Πνεῦμα
852 1567 1013 1645 ἷδίκῃ,
1060 1571 1148 1625 καὶ
1203 1581 1404 1624 νοεῖται
1457 1566 1574 1625 καθ’
1620 1567 1796 1636 ἑαυτὸ,
1841 1563 1970 1620 καθὸ

326 1679 349 1712 ς
386 1660 599 1733 Πνεῦμα
628 1657 736 1714 ἐστι
766 1660 854 1715 καὶ
882 1662 977 1717 οὒκ
1032 1660 1174 1738 Υἱὸς,
1211 1656 1330 1714 ἀλλ’
1380 1657 1492 1725 οῦκ,
1547 1659 1639 1713 οὒκ
1696 1651 1971 1729 ἀλλότριόν

1335 359 1416 424 ΙΝ
1459 356 1857 425 CAMATERI
1897 348 2652 420 ANIMADVERSIONES.

3575 339 3693 409 546

2140 484 2422 563 Eiusdem
2452 502 2534 546 ea:
2560 482 2834 565 Epistola
2886 484 3067 545 tertia
3094 483 3176 544 ad
3209 480 3580 545 Nestorium.

2122 577 2236 639 CH.
2279 603 2302 629 ‹‹
2340 577 2481 641 Cum
2532 578 2605 639 de
2667 575 2889 657 Spiritu
2950 583 3152 638 sancto
3184 575 3302 637 ait:
3370 595 3399 634 ‹
3433 573 3538 635 Ille
3596 593 3691 637 me

2048 690 2076 721 α
2110 666 2468 742 gloriﬁcabit
2496 667 2547 739 4,
2593 692 2610 722 ι
2672 665 2784 726 nisi
2815 683 3015 726 errare
3064 664 3333 739 velimus,
3396 661 3693 726 Christum

2043 775 2066 809 ι
2108 752 2448 815 ΠειίΕιιὶιιιη
2473 754 2648 815 veluti
2667 753 2889 831 gloriae,
2933 771 3063 833 quas
3081 752 3320 814 aliunde
3354 751 3687 829 proﬁcisci-

2051 868 2075 898 α
2108 852 2222 915 tur,
2258 842 2566 922 indignum
2597 862 2629 904 a
2659 843 2878 923 Spiritu
2912 850 3114 903 sancto
3170 842 3559 921 gloriﬁcatum
3587 861 3692 903 ne-

2052 950 2394 1011 «quaquam
2444 932 3046 1010 diremusSiquidem
3099 928 3350 1011 Spiritus
3395 931 3530 993 ilius
3580 949 3691 992 ne-

2054 1043 2076 1074 ιι
2113 1039 2227 1100 que
2259 1019 2357 1079 illo
2392 1021 2622 1096 melior,
2686 1038 2877 1099 neque
2929 1018 3029 1080 illo
3090 1037 3326 1080 rursum
3378 1020 3692 1083 sublimior

2057 1134 2077 1163 ι
2119 1116 2205 1169 est
2236 1125 2436 1167 verum
2461 1110 2613 1188 quod
2638 1109 2711 1168 ad
2759 1105 3080 1169 divinitatis
3130 1126 3250 1170 sua;
3301 1108 3688 1188 signiﬁcatio-

2057 1217 2086 1256 ει
2112 1213 2245 1255 nem
2272 1213 2376 1254 suo
2402 1195 2651 1256 subinde
2681 1196 2899 1274 Spiritu
2956 1195 3016 1255 in
3071 1195 3389 1274 insignium
3441 1218 3688 1279 operum

2058 1310 2084 1340 ς(
2121 1285 2554 1363 perpetratione
2586 1294 2867 1357 uteretur,
2904 1282 2978 1343 ob
3009 1283 3069 1343 id
3119 1303 3181 1344 se
3206 1284 3281 1346 ab
3330 1286 3432 1347 illo
3463 1287 3692 1365 gloriﬁ-

2060 1396 2081 1429 α
2110 1371 2229 1432 cari
2254 1371 2658 1452 profitebatur,
2686 1371 2932 1451 perinde
2961 1389 3028 1432 ac
3079 1370 3126 1431 si
3155 1372 3286 1452 quis
3329 1383 3594 1437 nostrum
3620 1380 3693 1441 de

2055 1485 2079 1521 ιι
2115 1484 2220 1527 sua
2243 1462 2608 1532 fortitudine,
2638 1469 2733 1521 aut
2764 1460 3018 1539 cujusvis
3077 1461 3166 1520 rei
3212 1461 3462 1525 scientia
3494 1465 3691 1527 dicat:

2057 1576 2080 1609 α
2116 1554 2242 1615 Mea
2276 1572 2367 1613 me
2400 1551 2603 1622 virtus,
2652 1560 2751 1610 aut
2782 1547 3027 1610 scientia
3055 1548 3428 1627 gloriﬁcabit.
3460 1551 3608 1615 Nam
3639 1563 3698 1617 et

2057 1668 2081 1698 α
2117 1643 2167 1703 si
2198 1642 2453 1723 Spiritus
2483 1639 2541 1698 in
2577 1637 2814 1718 propria
2838 1654 3091 1716 persona
3116 1637 3697 1721 subsistat,eatenus-

326 1767 356 1809 ι
399 1749 540 1805 ἐστιν
625 1754 801 1813 αὐτοῦ.
873 1757 1084 1825 Πνεῦμα
1142 1725 1241 1828 γὰρ
1310 1748 1557 1816 ἀληθείας
1639 1747 1966 1821 ὠνόμασται,

2072 1763 2082 1791 ι
2117 1752 2230 1813 que
2265 1732 2323 1791 in
2348 1748 2411 1789 se
2461 1729 2589 1807 ipso
2643 1725 3075 1802 consideretur,
3125 1733 3415 1806 quatenus
3443 1727 3698 1808 Spiritus

328 1859 356 1892 ι
385 1839 616 1922 καθάπερ
671 1837 855 1914 ἀμέλει
949 1841 1036 1895 καὶ
1127 1838 1189 1894 ἐκ
1228 1844 1319 1895 τοῦ
1375 1845 1506 1896 Θεοῦ
1587 1838 1674 1893 καὶ
1742 1832 1967 1911 Πατρός.

325 1949 348 1981 ι
385 1927 705 2007 Ἐνεργῆσαν
760 1935 1034 2006 τοιγαροῦν
1100 1930 1161 1983 τὸ
1217 1933 1429 2002 Πνεῦμα
1497 1926 1584 1982 καὶ
1640 1923 1722 1979 διὰ
1775 1929 1975 2002 χειρῶν

328 2038 351 2068 u
387 2016 493 2071 τῶν
524 2017 685 2093 ἁγίων
733 2016 1049 2073 ἀποστόλων
1098 2018 1161 2072 τὰ
1189 2012 1475 2094 παράδοξα,
1537 2014 1671 2090 μετὰ
1727 2013 1786 2067 τὸ
1817 2008 1973 2065 ἀνελ-

327 2126 349 2154 σ
394 2107 506 2159 θεῖν
564 2106 653 2160 τὸν
729 2108 916 2184 Κύριον
969 2106 1120 2185 ἡμῶν
1176 2102 1381 2171 Ἰησοῦν
1442 2103 1663 2182 Χριστὸν
1719 2102 1791 2163 είς
1886 2101 1976 2154 τὸν

329 2216 348 2245 ι
402 2195 638 2272 οῦρανὸν,
746 2192 985 2261 ἐδόξασεν
1073 2195 1250 2252 αὐτόν.
1313 2190 1630 2258 Ἐπιστεύθη
1714 2190 1812 2267 γὰρ
1894 2187 1985 2249 ὃτι

331 2301 354 2333 ι
390 2281 520 2342 Θεὸς
591 2282 726 2338 κατὰ
796 2283 946 2361 φύσιν
1016 2281 1151 2342 ἐστί.
1208 2279 1372 2339 Πάλιν
1416 2279 1569 2342 αὒτὸς
1612 2281 1838 2356 ἐνεργῶν
1892 2273 1976 2330 διὰ

331 2394 352 2425 ι
399 2375 493 2425 τοῦ
523 2370 670 2447 ἁγίου
702 2371 999 2445 Πνεύματος
1052 2369 1275 2449 ἔφασκε)
1318 2367 1415 2424 ότι
1483 2388 1505 2421 σι
1541 2363 1638 2423 Ἐκ
1690 2374 1781 2422 τ.ῦ
1848 2362 1977 2425 ἐμοῦ

333 2479 360 2511 α
406 2454 637 2533 λήψεται
666 2459 755 2514 καὶ
797 2458 1084 2537 ἀναγγελεῖ
1130 2460 1281 2534 ὑμῖν.
1331 2481 1358 2513 ι
1418 2457 1518 2515 Καὶ
1574 2454 1682 2511 οὔτι
1737 2453 1841 2510 πού
1869 2473 1977 2532 φα-

335 2568 362 2598 σ
398 2545 494 2620 μέν
537 2547 608 2610 ὡς
639 2544 701 2603 ἐκ
742 2552 983 2628 μετοχῆς
1014 2548 1074 2603 τὸ
1119 2552 1332 2623 Πνεῦμα
1375 2545 1510 2616 ἐστι,
1569 2544 1727 2621 σοφόν
1782 2564 1839 2598 τε
1891 2541 1979 2596 καὶ

337 2656 359 2689 α
394 2632 609 2690 δυνατόν
642 2651 655 2667 ⁸
704 2634 1011 2693 παντέλειον
1039 2637 1138 2715 γὰρ
1181 2637 1269 2692 καὶ
1315 2631 1620 2713 ἀπροσδεές,
1666 2631 1777 2688 ἐστι
1836 2652 1977 2687 παν-

338 2743 360 2778 α
395 2722 488 2787 τὸς
543 2723 762 2801 ἀγαθοῦ.
810 2723 962 2781 Ἐπεὶ
1031 2723 1087 2780 δὲ
1152 2730 1250 2791 τῆς
1308 2730 1398 2779 τοῦ
1453 2722 1654 2799 Πατρὸς
1709 2717 1977 2793 δυνάμεως

338 2835 366 2866 α
397 2812 486 2867 καὶ
516 2810 723 2892 amplae,
770 2812 1005 2871 τουτέστι
1062 2821 1155 2870 τοῦ
1212 2815 1332 2869 Υἱοῦ
1387 2810 1598 2886 Πνεῦμά
1655 2808 1818 2888 ἐστιν,
1878 2808 1977 2863 αὖ·

340 2921 363 2954 e
398 2899 652 2978 τόχρημα
695 2900 846 2981 σοφία
876 2900 983 2957 ἐστὶ
1010 2903 1098 2957 καὶ
1129 2899 1364 2976 δύναμις.
1421 2922 1443 2954 υ

2062 1843 2084 1876 ‹ί
2123 1832 2213 1882 est
2242 1829 2298 1882 et
2331 1837 2447 1879 non
2484 1815 2683 1883 Filius,
2725 1833 2840 1876 non
2874 1822 2961 1874 est
2993 1823 3186 1875 tamen
3218 1815 3290 1876 ab
3322 1836 3393 1879 eo
3417 1819 3692 1882 alienus;

2063 1934 2090 1966 α
2124 1902 2865 1991 quandoquidemSpiritus
2883 1903 3141 1964 veritatis
3161 1905 3505 1968 nominatur
3533 1908 3701 1971 Chri-

2064 2019 2094 2059 (
2124 2012 2248 2058 stus
2269 2005 2464 2058 autem
2487 1993 2699 2053 veritas
2721 1999 2831 2072 est;
2857 1991 2959 2052 sed
3003 2000 3059 2053 et
3084 1993 3331 2073 perinde
3366 2014 3602 2077 quoque
3622 1997 3695 2058 ab

2066 2111 2088 2145 ι
2117 2086 2217 2148 illo
2235 2095 2411 2166 atque
2443 2102 2476 2143 a
2505 2082 2622 2143 Deo
2660 2080 2830 2142 Patre
2879 2080 3275 2160 profunditur.
3322 2083 3467 2145 Cum
3498 2085 3696 2166 itaque

2063 2205 2085 2238 ι
2118 2175 2367 2237 Domino
2422 2182 2624 2233 nostro
2684 2169 2756 2231 ad
2814 2169 3029 2230 coelum
3088 2180 3386 2250 assumpto
3444 2173 3700 2252 Spiritus

2063 2289 2089 2322 α
2124 2281 2362 2326 sanctus
2389 2258 2679 2340 stupenda
2707 2257 2973 2338 prodigia
3029 2276 3136 2338 per
3183 2268 3518 2323 sanctorum
3548 2281 3694 2343 apo-

2065 2373 2096 2414 (
2122 2353 2404 2414 stolorum
2438 2366 2648 2410 manus
2677 2347 2900 2423 ederet,
2935 2355 3071 2408 tunc
3114 2366 3249 2410 vere
3277 2348 3444 2411 illum
3475 2350 3695 2429 gloriﬁ-

2066 2467 2093 2498 α
2129 2443 2302 2505 cavit.
2338 2439 2640 2503 Creditum
2675 2449 2759 2497 est
2791 2436 2952 2498 enim
2983 2435 3136 2516 quod
3180 2437 3342 2500 Deus
3370 2440 3697 2501 secundum

2067 2558 2089 2587 ιι
2126 2541 2396 2594 naturam
2430 2535 2610 2607 esset,
2642 2543 2748 2606 per
2784 2523 3068 2604 Spiritum
3100 2544 3270 2587 suum
3307 2526 3475 2588 illum
3505 2528 3699 2590 denuo

2068 2646 2094 2676 α
2130 2620 2383 2700 operari.
2441 2619 2764 2696 Propterea
2820 2632 3053 2694 quoque
3108 2613 3395 2676 Dominus
3463 2616 3697 2679 aiebat:

2070 2730 2095 2767 ‹
2129 2708 2417 2782 Quoniam
2463 2706 2537 2766 de
2581 2722 2712 2765 meo
2770 2702 3044 2784 accipiet,
3101 2711 3161 2765 et
3201 2704 3571 2767 annuntiabit
3600 2725 3707 2768 vo-

2067 2819 2097 2858 α
2130 2799 2328 2860 b155,)
2390 2793 2511 2855 Hoc
2571 2800 2765 2853 tamen
2810 2810 2927 2851 non
2982 2791 3061 2852 ita
3115 2791 3530 2872 accipiendum
3586 2804 3700 2871 est,

2068 2914 2093 2943 α
2128 2886 2297 2968 quasi
2328 2883 2581 2963 Spiritus
2612 2890 2847 2941 sanctus
2880 2898 2985 2959 per
3032 2880 3325 2959 quandnn
3386 2882 3709 2964 participa-

342 3010 369 3041 ι(
430 2968 651 3047 tionem
712 2968 949 3068 sapiens
1000 2997 1101 3049 aut
1158 2968 1370 3066 potens
1420 2984 1539 3045 sit:
1603 2990 1694 3045 est
1751 2981 1920 3068 enim,
1970 2980 2073 3041 ille
2129 2972 2394 3068 numeris
2420 2969 2695 3068 omnibus
2728 2968 3444 3068 .perfectus,.nulliusque
3475 2972 3712 3049 penitus

347 3096 369 3130 ι
405 3073 680 3153 indigus:
717 3056 918 3138 verum
952 3076 1090 3157 quia
1147 3056 1447 3156 potentiae,
1483 3079 1541 3136 et
1573 3071 1878 3152 sapientiae
1907 3067 2122 3143 Patris,
2155 3065 2268 3126 hoc
2302 3068 2391 3122 est
2420 3056 2845 3138 FiliLSpiritus
2876 3064 2988 3132 est,
3022 3056 3163 3117 hinc
3193 3066 3253 3119 et
3301 3056 3430 3138 ipse
3478 3077 3714 3141 quoque

345 3183 369 3219 ι
404 3180 471 3225 re
503 3164 632 3244 ipsa
662 3165 926 3245 potentia
956 3172 1013 3226 et
1045 3163 1337 3245 sapientia
1366 3169 1478 3225 est.
1516 3185 1544 3217 n
2668 3238 2679 3246 ,
2751 3241 2760 3246 _
2893 3234 2906 3246 ,
3055 3234 3067 3246 ,

1003 3253 1316 3312 Ἐπιστασία

2635 3238 2681 3296 Α
2694 3234 3124 3298 nimaduersio.

427 3369 455 3401 ι
503 3346 735 3411 sumas;
792 3352 892 3414 τῆς
942 3367 1238 3426 περικοπης
1296 3348 1490 3416 ταύτης
1548 3348 1730 3427 δι’κουεε³
1775 3346 1862 3402 καὶ
1905 3344 1983 3419 μὴ
2153 3333 2518 3427 «Prudenter
2540 3332 2690 3427 banc
2712 3327 3716 3427 pericopem"intelligitomequete

348 3457 377 3490 α
421 3437 634 3513 θροείτω
676 3456 734 3490 σε
762 3438 823 3492 τὸ
852 3416 1027 3515 λέγειν
1080 3439 1170 3492 τὸν
1239 3436 1389 3514 ἅγιον
1440 3436 1492 3492 ἓν
1539 3416 1983 3513 ταῦτ-η’προχεῖ-

2072 3445 2099 3486 ιι
2134 3422 2349 3497 turbet,
2385 3440 2514 3482 cum
2546 3421 2608 3481 in
2640 3438 2710 3515 ea
2735 3426 2973 3515 sanctus
3020 3416 3163 3478 dicit
3199 3418 3489 3515 profundi
3519 3417 3714 3515 Spiri:

349 3544 372 3580 ο
408 3526 523 3579 σθαι
552 3524 613 3579 τὸ
654 3529 865 3598 Πνεῦμα
895 3526 1038 3602 παρὰ
1093 3533 1186 3583 τοῦ
1243 3528 1387 3606 Υἱοῦ,
1419 3525 1651 3603 καθάπερ
1705 3526 1793 3580 καὶ
1849 3521 1983 3599 παρὰ

2080 3540 2107 3571 ιι
2149 3522 2269 3574 tum
2302 3530 2333 3572 a
2360 3510 2533 3606 Filio,
2578 3507 2825 3606 perinde
2881 3514 3056 3605 atque
3112 3524 3147 3567 a
3198 3504 3321 3568 Deo
3358 3506 3565 3606 γρου-ις.
3601 3508 3718 3571 Sed

351 3630 381 3672 ς
411 3618 502 3667 τοῦ
550 3613 751 3691 Πατρός
787 3596 802 3645 λ
851 3596 986 3670 ἀλλᾶ
1026 3614 1120 3680 τὰς
1177 3612 1302 3679 ὅλας
1357 3596 1498 3675 εὐθὺς
1556 3596 1863 3691 ἀναλογίζου
1903 3596 1983 3666 τοῦ

2082 3627 2104 3659 ι
2138 3598 2552 3662 omncsstatim
2573 3596 2840 3677 ejusdem
2892 3596 3183 3676 uniusque
3207 3596 3394 3656 sancti
3411 3596 3722 3679 pericopas

353 3723 375 3757 ι
410 3702 567 3758 αὐτοῦ
633 3703 724 3758 καὶ
798 3702 911 3767 ἐνὸς
976 3702 1125 3779 ἁγίου
1180 3704 1495 3783 περικοπὰς,
1585 3704 1680 3765 τὰς
1750 3699 1983 3780 ἀνωτέρω

2083 3712 2104 3741 ι
2142 3692 2202 3752 in
2235 3698 2493 3751 mentem
2554 3705 2767 3748 revoca
2817 3704 2993 3765 supra
3051 3685 3331 3764 digestas,
3389 3693 3448 3746 et
3490 3704 3625 3748 cum
3657 3687 3720 3749 in

353 3818 376 3850 α
419 3790 899 3869 καταστρωθείσας,
959 3792 1046 3846 καὶ
1109 3793 1357 3869 εὖρίσκων
1410 3790 1462 3848 ἐν
1520 3790 1741 3853 ἐκείναις
1771 3789 1983 3863 πςιὶσαις³

2085 3805 2108 3836 ‹‹
2144 3780 2264 3840 illis
2287 3776 2564 3838 omnibus
2593 3775 2859 3856 reperies
2878 3775 3133 3854 Spiritus
3170 3775 3611 3855 processionem
3643 3793 3716 3839 ex

353 3900 381 3934 α
408 3880 470 3936 ἐκ
519 3863 886 3958 ’ποῦ’Πατρὸςγ
919 3863 1346 3959 μαρτυρουμένην
1394 3881 1493 3948 τὴν
1548 3889 1641 3939 τοῦ
1689 3878 1983 3953 Πνεύματος

2082 3892 2108 3924 α
2142 3870 2315 3959 Patre
2346 3864 3087 3959 contestatam,_dationem
3119 3863 3466 3959 autem,_vel
3495 3882 3721 3959 suppe-

355 3988 379 4024 ι
416 3967 745 4046 ἐκπόρευσιν,
772 3952 874 4034 τὴν
904 3952 960 4022 δὲ
997 3952 1192 4043 ddo-tv,-
1228 3968 1263 4036 ἢ
1319 3968 1419 4036 τήν
1477 3969 1762 4048 χορηγίαν,
1896 3966 1983 4024 τὴ.

2085 3981 2109 4011 α
2143 3955 2511 4030 ditationem,
2547 3955 2636 4016 vel
2698 3954 3041 4015 missionem
3101 3961 3160 4014 et
3213 3952 3429 4014 similia
3482 3970 3516 4011 a
3547 3952 3719 4029 Filio,

357 4078 385 4111 ι
416 4054 745 4135 ἀποστολήν³
788 4059 876 4112 καὶ
939 4057 1005 4112 τὰ
1058 4058 1262 4119 τούτοις
1322 4056 1481 4132 ὅμοια
1539 4058 1679 4137 παρὰ
1732 4062 1823 4112 τοῦ
1854 4058 1983 4134 ΥἱοῦἸ

2088 4072 2109 4099 «
2148 4044 2427 4137 intelligo
2445 4044 2550 4137 hic
2598 4062 2830 4123 quoque
2888 4042 3317 4137 profusio-nem,
3362 4041 3454 4137 sic
3502 4040 3727 4137 absque

360 4166 381 4199 α
430 4144 537 4200 νόει
610 4145 869 4201 κάνταῦθα
963 4146 1061 4212 τὴν
1144 4147 1402 4226 πρόχυσιν
1460 4145 1799 4208 ἃδιαστίκτως
1864 4142 1983 4200 οῦτοι

2090 4158 2113 4191 α
2148 4134 2267 4226 ulla
2298 4132 2674 4226 distinctione
2718 4132 3049 4226 appositam
3081 4131 3268 4226 .aliud
3319 4132 3620 4226 quidpiam
3650 4132 3724 4194 ab

359 4258 387 4289 α
419 4237 682 4309 τεθεῖσαν,
716 4233 847 4292 ἄλλο
875 4258 926 4293 τι
967 4237 1109 4315 παρὰ
1136 4237 1234 4305 τὴν
1264 4237 1593 4316 ἐκπόρευσιν,
1637 4234 1779 4294 δόσιν
1806 4235 1983 4312 τυχόν,

2084 4246 2111 4277 α
2151 4221 2280 4303 ipsa
2313 4220 2692 4301 processione
2722 4219 2999 4295 innuere,
3062 4219 3360 4281 dationem
3421 4220 3594 4296 forte,
3627 4228 3727 4283 aut

358 4347 384 4383 ι
413 4323 450 4392 ἢ
479 4323 805 4405 ἀποστολὴν,
836 4324 871 4392 ἢ
902 4324 1078 4403 ἕτερον
1108 4323 1315 4386 ὅμοιον.
1352 4347 1380 4384 ι

2088 4334 2110 4369 (ι
2151 4310 2523 4390 missionem,
2557 4317 2657 4370 aut
2686 4307 2848 4370 aliud
2870 4307 3087 4370 simile.
3118 4332 3142 4366 ιο

1003 4416 1353 4495 Ἀντίῤῥησις,

437 4498 495 4569 ’0
535 4509 686 4588 ἅγιος
792 4509 1010 4568 ἐνταῦθα
1066 4516 1387 4592 προχεῖσθαι
1445 4510 1590 4590 λέγει
1657 4513 1718 4569 τὸ
1792 4510 2004 4586 Πνεῦμα

355 4599 497 4677 παρᾶ
564 4608 659 4658 τοῦ
725 4602 848 4656 Υἱοῦ

357 4688 443 4748 καὶ
473 4687 700 4768 Πατρός.
733 4689 792 4746 Εἰ
838 4696 984 4767 γοῦν,
1033 4690 1106 4754 ὡς
1161 4689 1223 4745 σὺ
1281 4690 1409 4770 φῂς,
1467 4689 1567 4756 τὴν
1625 4687 1767 4745 δόσιν
1818 4691 2009 4770 τυχὸν,

357 4775 397 4846 ἢ
422 4777 520 4844 τὴν
565 4774 869 4844 ἀποστολὴν
918 4776 1153 4858 ἐμφαίνει
1208 4778 1246 4844 in
1288 4778 1570 4859 πρόχυσις,
1625 4779 1686 4834 τὸ
1732 4776 1785 4843 ιε
1813 4778 2013 4857 ἀμφοῖν

362 4865 730 4945 προχεόμενον
791 4864 844 4931 ἐξ
902 4866 1104 4946 ἀμφοῖν
1176 4865 1470 4947 διδόμενον,
1517 4868 1554 4935 ἢ
1608 4866 2013 4944 ἀποστελλόμε-

365 4976 452 5011 νον
480 4953 649 5016 ἔσται.
711 4955 809 5011 Καὶ
838 4956 882 5010 εἰ
953 4955 1047 5030 μὲν
1090 4957 1303 5024 νοηθείη
1359 4958 1421 5012 τὸ
1479 4962 1688 5031 Πνεῦμα
1745 4954 2013 5032 διδόμενον

365 5042 403 5111 ἢ
455 5041 912 5119 ἀποστελλόμενον
971 5042 1026 5110 ἐξ
1076 5043 1302 5125 ἀμφοῖν²
1361 5047 1435 5108 ὡς
1483 5044 1535 5110 ἐξ
1584 5044 1785 5120 ἀμφοῖν
1842 5046 2014 5123 ὑπάρ-

367 5153 490 5211 χον,
536 5132 623 5210 τὸ³
677 5132 996 5207 ζητούμενον
1038 5134 1176 5210 ἡμῖν
1233 5133 1464 5191 ἐντεῦθεν
1507 5135 1831 5207 συνίσταται,
1889 5134 2021 5222 ὅπερ

367 5220 477 5280 ἐστὶ
526 5221 589 5275 τὸ
628 5219 730 5287 τὴν
773 5218 824 5286 ἐξ
891 5221 1092 5303 ἀμφοῖν
1134 5220 1276 5280 δόσιν
1344 5244 1403 5278 τε
1458 5223 1543 5279 κοὶ
1594 5220 1897 5291 ἀποστολὴν
1951 5218 2019 5300 τῇ

367 5306 419 5373 ἐξ
465 5308 668 5387 ἀμφοῖν
718 5308 928 5390 ὑπάρξει
985 5318 1077 5369 τοῦ
1147 5312 1448 5389 Πνεύματος
1490 5308 1797 5369 ἀκολουθεῖν
1830 5326 1844 5342 ’
1880 5313 1924 5368 εἰ
1966 5310 2020 5368 δέ

372 5394 639 5474 διδόμενον
680 5399 768 5454 καὶ
818 5398 1280 5476 ἆποστελλόμενον
1356 5400 1568 5468 νοηθείη
1611 5398 1663 5466 ἐξ
1717 5400 1919 5481 ἀμφοῖν
1947 5403 2019 5463 ὡς

373 5484 637 5565 ὑπάρχον,
722 5484 971 5563 οὔμενουν
1020 5486 1073 5555 ἒξ
1137 5486 1359 5569 ἀμφοῖν,
1407 5487 1540 5545 ἄλλο
1593 5487 1735 5568 παρὰ
1789 5489 1854 5544 τὰ
1906 5489 2021 5569 τρία

458 5654 489 5704 4
515 5653 682 5717 Joan.
719 5669 842 5738 xw,
874 5658 974 5718 M.
1017 5657 1051 5708 ὅ
1077 5654 1226 5719 ibid.

2731 4411 3061 4491 Refutatz'o.

2165 4505 2413 4569 Sanctus
2437 4505 2534 4567 hic
2581 4505 2791 4569 astruit
2846 4503 3135 4585 Spiritum
3193 4502 3471 4583 profundi
3520 4503 3731 4568 aFilio

853 4647 869 4680 ,
914 4599 1148 4678 καθάπερ
1232 4600 1416 4674 ἀμέλει
1488 4601 1574 4656 καὶ
1629 4599 1688 4657 ἐκ
1728 4606 1820 4657 τοῦ
1874 4608 1983 4657 Θεοὶ

2086 4595 2334 4677 perinde
2368 4604 2540 4675 atque
2570 4612 2604 4656 a
2631 4593 2752 4657 Deo
2809 4596 3003 4657 Patre.
3059 4594 3119 4656 Si
3174 4598 3390 4673 itaque,
3439 4602 3503 4654 ut
3528 4603 3588 4655 tu
3619 4593 3735 4673 ais,

2093 4684 2389 4746 dationem
2421 4683 2592 4760 forte,
2643 4692 2742 4746 aut
2788 4682 3135 4744 missionem
3177 4682 3437 4763 profusio
3467 4681 3737 4765 denotat,

2094 4772 2248 4854 quod
2284 4790 2351 4834 ex
2380 4781 2630 4854 utroque
2654 4770 3050 4853 profunditur,
3112 4790 3183 4834 ex
3230 4779 3479 4849 utroque
3505 4770 3731 4847 datum,

2096 4869 2194 4923 aut
2222 4861 2473 4923 missum
2503 4861 2712 4924 fuerit:
2753 4869 2812 4923 et
2839 4860 2889 4922 si
2920 4858 3177 4940 Spiritus
3235 4859 3598 4938 intelligatur
3628 4859 3732 4922 da-

2090 4957 2215 5029 tus,
2249 4948 2488 5024 missus,
2521 4958 2621 5011 aut
2676 4949 2845 5011 datus
2905 4948 2979 5010 ab
3028 4958 3303 5029 utroque,
3364 4956 3639 5030 tanquam
3666 4946 3745 5012 ab

2098 5047 2349 5117 utroque
2406 5038 2713 5114 exsistens,
2770 5037 2928 5118 quod
3005 5040 3322 5117 quaarimus
3368 5036 3508 5098 inde
3563 5037 3741 5099 etiam

2104 5128 2616 5207 comprobabitur,
2648 5129 2800 5208 quod
2820 5133 2933 5202 est,
2967 5143 3040 5188 ex
3074 5136 3325 5207 utroque
3355 5125 3658 5187 dationem
3683 5131 3744 5186 et

2109 5216 2477 5292 missionem,
2511 5234 2582 5278 ex
2612 5225 2861 5297 utroque
2915 5213 3316 5276 exsistentiam
3347 5213 3600 5295 Spiritus
3641 5231 3745 5276 se-

2104 5304 2399 5386 qui.Quod
2421 5306 2469 5367 si
2489 5306 2659 5367 datus
2678 5315 2737 5367 et
2775 5304 2994 5366 missus
3014 5302 3087 5364 ab
3144 5312 3394 5384 utroque
3446 5303 3745 5383 intelliga-

2107 5403 2201 5456 tur
2221 5412 2339 5455 non
2365 5401 2638 5477 tanquam
2667 5393 2744 5457 ab
2790 5401 3043 5474 utroque
3078 5391 3391 5469 exsistens,
3417 5410 3538 5474 pra;
3559 5392 3751 5453 tribus

2103 5484 2269 5546 hisce
2317 5481 2639 5546 divinitatis
2677 5482 2949 5564 personis
2993 5481 3108 5544 alia
3148 5489 3466 5563 quaretur,
3503 5499 3573 5544 ex
3624 5496 3745 5561 qua
