4208 6296
517 368 633 432 54⁸7
1600 365 1810 428 ΙΟΑΝ.
1859 363 2079 426 VECCI
2121 364 2133 421 l

2222 401 2234 418 .
2280 352 2795 422 PATRIARGILE
3770 361 3892 425 548

512 504 768 585 Spiritus
824 503 1085 578 exsistat,
1162 500 1319 581 quod
1405 498 1654 579 impium
1735 506 1843 572 est,
1899 505 1956 558 et
2015 496 2133 557 bla~

2231 497 2393 547 ταῦτα
2422 490 2678 571 πρόσωπα
2737 496 2832 561 τῆς
2885 494 3133 563 θεότητος
3189 493 3507 567 ζητηθήσετ’
3572 491 3660 556 ἄν.
3738 493 3791 560 ἐξ
3837 493 3897 550 οὗ

510 579 847 673 εριιθιῃυιῃ,
1181 579 1199 581 _
2235 580 2475 673 ύπᾷρχω
2558 579 2701 637 ἔσται
2759 583 2820 639 τὸ
2875 589 3111 662 Πνεῦμα,
3202 584 3330 664 ὅπερ
3414 580 3603 647 ἀσεϐές
3690 605 3750 639 τε
3809 585 3897 638 καὶ

2234 666 2551 748 βλάσφημον
2560 716 2573 729 ,

510 775 802 855 Ejusdem
832 772 1439 855 “interpretatione
1468 771 1533 830 in
1575 775 1845 829 sanctum
1885 769 2133 847 Symbo-

2314 768 2415 819 T06
2445 763 2600 818 αύτοῦ
2650 763 2711 819 ἐκ
2736 769 2834 832 τῆς
2892 767 2963 831 εἷς
3020 767 3080 855 τὸ
3122 763 3271 845 ἅγιον
3303 763 3577 837 Σύμϐολον
3637 764 3815 844 ἑρμη-

1329 867 1384 908 m
1395 899 1407 912 .
1941 845 1954 847 ⁷
2972 845 3133 909 νείας.

590 946 734 1010 CIII.
768 944 1147 1008 Profunditur
1175 850 1628 1022 enilrtrll'rrempe
1681 941 1945 1022 procedzt
1976 941 2132 1002 velut

2972 850 3133 909 νείας.

2318 925 2415 991 PI"
2484 959 2511 991 α
2544 942 2838 1017 Προχεῖται
2907 940 3001 1015 μὲν
3073 940 3193 1018 γὰρ,
3267 937 3431 1017 ἤγουν
3525 939 3891 1018 ἐκπορεύεται,

513 1062 537 1093 α
566 1055 598 1098 a
628 1037 786 1099 fonte
818 1034 938 1095 Deo
961 1031 1218 1109 etPatre,
1253 1030 1659 1113 suppeditatur
1682 1049 1822 1091 vero
1873 1039 2133 1093 creatura

2243 1043 2270 1076 α
2301 1024 2533 1104 καθάπερ
2576 1025 2681 1081 ἀπὸ
2737 1031 2922 1105 πηγῆς
2979 1037 3069 1085 τοῦ
3119 1033 3250 1083 Θεοῦ
3290 1029 3378 1082 καὶ
3428 1028 3663 1104 Πατρὸς,
3721 1048 3891 1106 χορη-

512 1150 537 1181 α
574 1142 683 1206 per
713 1122 958 1186 Filium.
996 1146 1024 1177 »
1329 1110 1381 1113 ”

2243 1131 2266 1166 ι
2303 1124 2476 1188 γεῖται
2509 1110 2563 1168 δὲ
2592 1118 2659 1179 τῆ
2689 1114 2854 1169 κτίσει
2884 1112 2968 1170 διὰ
3010 1121 3102 1171 τοῦ
3142 1113 3283 1175 Υἱοῦ.

1090 1214 1547 1275 Αηίγηηάυθνείο
2893 1208 3231 1266 Ἐπιστασία.

594 1325 620 1361 ε
656 1302 1020 1383 Compendio
1044 1300 1339 1363 redditum
1365 1309 1451 1362 est
1487 1300 1588 1361 tibi
1614 1301 1937 1381 superioris
1959 1299 2133 1362 adno-

2317 1324 2342 1359 ι
2376 1298 2658 1376 Συντόμως
2719 1298 3027 1358 ἀποδέδοταί
3075 1324 3155 1358 σοι
3219 1304 3254 1369 ἡ
3312 1306 3413 1369 τῆς
3457 1300 3660 1360 ἄνωθεν
3720 1325 3891 1381 παρα-

513 1416 535 1449 ι
573 1392 811 1453 tationis
831 1390 1230 1452 testimonium
1265 1409 1371 1470 per
1402 1400 1746 1470 prin-'entem
1782 1390 2133 1470 pericopem,

2235 1410 2257 1438 ιι
2298 1389 2644 1471 σημειῴσεως
2704 1390 2956 1468 μαρτυρία
3026 1388 3111 1447 διὰ
3171 1395 3268 1456 τῆς
3339 1390 3611 1470 παρούσης
3671 1412 3893 1471 περικο-

512 1507 539 1537 ι
571 1481 957 1544 Considerato
998 1479 1157 1541 enim
1191 1466 1287 1540 hic
1316 1466 1505 1540 sancti
1535 1466 1864 1540 accuratam
1892 1466 2133 1558 diligen-

2237 1499 2262 1531 α
2296 1480 2427 1543 πῆς.
2477 1466 2622 1555 υΟραι
2652 1478 2752 1556 γὰρ
2801 1466 3017 1535 ἐνταῦθα
3075 1479 3171 1545 τὴν
3224 1479 3317 1535 τοῦ
3354 1466 3503 1557 ἁγίου
3560 1466 3841 1558 ἀκρίϐειαν
3875 1498 3889 1511 '

512 1592 536 1626 α
573 1570 752 1631 tiam:
791 1568 1187 1648 profusionem
1227 1567 1381 1628 enim
1415 1587 1547 1628 cum
1601 1568 1869 1638 dixisset,
1897 1587 2133 1647 eamque

2233 1585 2257 1617 ‹
2346 1564 2605 1644 πρόχυσιν
2704 1567 2804 1645 γὰρ
2870 1568 3030 1623 εἰπὼν
3117 1569 3202 1626 καὶ
3305 1567 3613 1648 ἐκπόρευσιν
3692 1569 3894 1635 ταύτην

510 1680 534 1714 ι
572 1657 1010 1737 processionem
1041 1665 1196 1718 esset
1236 1656 1674 1735 interpretatus,
1709 1675 1776 1717 ex
1810 1656 1978 1719 Patre
2017 1659 2133 1719 solc

2226 1652 2572 1729 ἑρμηνεύσας,
2652 1653 2713 1709 ἐκ
2792 1661 2882 1710 τοῦ
2973 1657 3174 1733 Πατρὸς
3262 1656 3424 1730 μόνου
3506 1657 3752 1754 ταύτηνυ
3783 1656 3891 1712 ἐδί-

510 1772 537 1803 α
571 1735 700 1808 eam
735 1745 1007 1807 edocuit:
1041 1743 1572 1823 suppeditationem
1608 1763 1742 1806 vero
1773 1744 1920 1806 Filio
1954 1746 2133 1806 vindi-

2237 1762 2259 1796 (ι
2308 1739 2425 1806 δαξε
2461 1757 2476 1769 ⁸
2509 1751 2611 1809 τὴν
2636 1739 2695 1797 δὲ
2741 1744 3004 1821 χορηγίαν
3057 1747 3134 1817 τῷ
3181 1744 3286 1816 Υἱῷ
3343 1744 3651 1820 ἀπένειμεν,
3715 1735 3892 1802 υΩστε

509 1857 532 1891 ιι
570 1834 740 1896 cavit.
774 1832 965 1905 Quare
996 1832 1269 1912 profundi
1292 1832 1643 1912 simpliciter
1697 1833 1783 1894 sic
1829 1833 2079 1911 positum
2112 1853 2133 1895 ε

2237 1855 2257 1884 ι
2302 1831 2362 1886 τὸ
2403 1834 2742 1909 προχεῖσθαι,
2800 1830 2973 1905 ψιλως
3029 1831 3167 1888 οὕτω
3198 1832 3343 1888 τεθὲν
3398 1835 3540 1912 παρὰ
3590 1839 3687 1890 τοῦ
3742 1833 3890 1911 ἁγίου

506 1948 534 1980 α
567 1930 770 1985 sancto
824 1921 887 1981 in
934 1919 1230 2000 superiori
1280 1920 1582 2002 pericope,
1642 1921 1801 1983 aliud
1832 1921 2133 2002 quidpiam

2233 1939 2259 1970 α
2294 1916 2344 1973 ἐν
2373 1923 2441 1994 τῇ
2500 1916 2609 1974 ἄνω
2665 1925 2953 1998 περικοπῇ,
3014 1919 3146 1976 ἄλλο
3210 1942 3262 1976 τι
3319 1919 3513 1991 ἐνοήθη
3565 1930 3746 1997 τοῦτο,
3804 1927 3890 1980 καὶ

508 2038 533 2068 α
567 2010 810 2084 indicat,
846 2019 904 2071 et
935 2028 1050 2071 non
1085 2009 1554 2089 processionem.
1588 2035 1606 2064 ι

1152 2100 1487 2180 Refutan’o.

579 2198 664 2260 Tu
695 2195 932 2277 quidem
959 2196 1044 2256 uti
1095 2205 1155 2255 et
1199 2212 1378 2275 supra
1435 2195 1726 2258 diversam
1778 2196 2142 2276 profusionis

494 2283 986 2366 signiﬁcationem
1015 2282 1512 2357 comminisceris,
1540 2285 1695 2345 unde
1710 2284 1955 2363 colligis,
1978 2286 2136 2348 aliud

494 2372 796 2458 quidpiam
822 2372 1145 2433 dictionem
1207 2378 1432 2446 notare,
1495 2391 1629 2433 cum
1684 2393 1753 2434 ex
1814 2378 1981 2436 l'atre
2041 2375 2136 2435 di-

495 2464 649 2526 citur
678 2461 933 2540 Spiritus
984 2459 1285 2538 profundi,
1348 2470 1406 2521 et
1459 2461 1620 2522 aliud
1669 2481 1802 2522 cum
1865 2480 1933 2523 ex
1965 2461 2133 2525 Filio.

498 2555 914 2613 Verumtamen
947 2547 1481 2610 Alexandrinorum
1514 2568 1581 2611 ac
1624 2548 1784 2611 orbis
1816 2551 2017 2611 lumen
2042 2551 2137 2611 di-

2231 2028 2253 2060 ιι
2306 2005 2428 2084 οὐχὶ
2456 2006 2787 2082 ὲκπὸρευσις,
2827 2030 2855 2064 ι

2895 2097 3224 2179 Ἀντίρῤησις

2305 2193 2376 2247 Σὺ
2406 2194 2528 2272 μὲν,
2564 2192 2637 2255 ὡς
2680 2184 2783 2249 καὶ
2835 2191 3104 2271 ἀνωτέρω,
3154 2192 3397 2275 διάφορόν
3446 2218 3562 2254 τινα
3613 2202 3716 2264 τῆς
3755 2219 3883 2275 προ-

2222 2283 2440 2360 χεῖσθαι
2498 2279 2688 2345 λέξεως
2745 2282 2844 2348 τὴν
2929 2283 3197 2356 σημασίαν
3271 2281 3554 2365 διδάσκεις,
3643 2285 3881 2364 συνάγων

2223 2368 2454 2424 ἐντεῦθεν
2509 2366 2639 2425 ἄλλο
2683 2369 2778 2444 μέν
2834 2392 2888 2424 τι
2949 2372 3227 2446 σημαίνειν
3268 2373 3366 2439 την
3430 2371 3594 2449 λέξιν,
3651 2372 3781 2428 ὅταν
3820 2375 3881 2428 ἒκ

2222 2460 2425 2536 Πατρὸς
2495 2456 2716 2535 λέγηται
2773 2462 3093 2538 προχεῖσθαι
3152 2460 3212 2515 τὸ
3283 2466 3515 2538 Πνεῦμα,
3564 2460 3699 2518 ἄλλο
3746 2458 3800 2517 δέ
3827 2483 3877 2516 τι

2227 2547 2522 2622 σημαίνειν,
2595 2544 2721 2602 ὅταν
2778 2545 2838 2630 ἐκ
2907 2554 2999 2603 τοῦ
3078 2551 3196 2604 Υἶοῦ
3276 2547 3496 2627 λέγηται
3554 2553 3877 2630 προχεῖσθαι

497 2637 837 2701 vinissimus
867 2635 1116 2716 Cyrillus
1147 2636 1206 2697 in
1237 2655 1415 2715 supra
1435 2637 1927 2718 allatapericope.
1961 2663 1988 2694 α
2015 2658 2133 2719 pro-

2226 2633 2351 2692 αὐτό
2387 2649 2400 2662 ⁸
2462 2635 2490 2689 ὁ
2545 2631 2599 2689 δὲ
2641 2640 2747 2689 τῶν
2821 2625 3196 2712 Ἀλεξανδρέων
3253 2625 3359 2693 καὶν
3406 2641 3501 2705 τῆς
3561 2625 3876 2713 οἷκουμένης

495 2727 661 2790 fundi
700 2749 722 2782 ι)
760 2725 907 2785 dixit
947 2749 967 2780 α
999 2744 1032 2785 a
1064 2724 1210 2786 Filio
1257 2724 1568 2804 Spiritum,
1622 2726 1870 2806 perinde
1899 2737 2073 2809 atque
2104 2747 2133 2791 a

2227 2724 2443 2802 φωστὴρ
2515 2721 2766 2802 Κύριλλος
2826 2727 2854 2778 ὁ
2923 2724 3189 2787 θειότατος
3261 2724 3315 2782 ἐν
3386 2732 3453 2802 τῇ
3519 2726 3875 2807 πραρῤηθείσῃ

500 2820 620 2880 Ι)θο
652 2821 710 2876 et
742 2816 932 2875 Patre.
971 2838 997 2867 η
1035 2816 1109 2875 Ει
1146 2832 1480 2894 quemmam
1514 2816 1626 2877 hoc
1658 2816 1773 2876 (ide
1806 2815 2133 2895 digniorem

2222 2817 2481 2888 περικοπῇ
2529 2835 2557 2866 α
2619 2814 2999 2892 προχεῖσθαι»
3063 2812 3163 2892 ἔφη
3228 2835 3254 2868 α
3290 2816 3431 2893 παρὰ
3486 2825 3579 2873 τοῦ
3644 2818 3765 2874 Υἱοῦ
3816 2816 3875 2870 τὸ

495 2916 705 2967 testem
736 2902 1179 2982 conquiremus,
1213 2901 1269 2961 in
1298 2901 1606 2983 utriusque
1635 2904 1911 2965 dictionis
1946 2907 2132 2985 signi-

2222 2907 2447 2976 Πνεῦμα,
2514 2898 2745 2979 καθάπερ
2797 2901 2980 2976 ἀμέλει
3051 2904 3136 2958 καὶ
3211 2904 3351 2980 παρὰ
3404 2905 3495 2959 τοῦ
3555 2912 3690 2963 Θεοῦ
3789 2913 3875 2965 καὶ

493 2993 769 3055 ficatione
800 2989 960 3050 nullo
987 2989 1413 3070 uspiaminmdo
1445 2992 1701 3052 variari?
1731 2992 1895 3064 Quod
1927 2995 1974 3054 si
1999 2997 2133 3076 quia

2222 2989 2440 3066 Πατρός,
2478 3016 2500 3045 ι
2537 2990 2633 3046 Καὶ
2662 2988 2774 3044 τίνα
2828 2987 3014 3045 λοιπὸν
3085 2987 3509 3071 ἀξιοπιστότερον
3564 2993 3873 3067 ζητήσομεν

491 3091 728 3146 sanctus
776 3080 1133 3161 profundere
1190 3082 1344 3143 Patri
1405 3081 1687 3155 attribuit,
1750 3073 2133 3164 suppeditare

2222 3073 2448 3155 μάρτυρα
2479 3084 2569 3133 τοῦ
2624 3075 2900 3157 ἀδιάφορον
2943 3074 3030 3133 ἐπ’
3084 3078 3284 3158 ἀμφοῖν
3353 3084 3491 3135 εἶναι
3551 3080 3654 3148 τὴν
3687 3102 3871 3156 σημα-

840 3172 901 3234 in
934 3141 1091 3234 dicta
1111 3141 1125 3143 ἠ
1149 3141 1840 3256 pericope,proptereaI
1863 3141 1930 3238 ex
1962 3180 2133 3240 Patre
2153 3141 2194 3193 ο

490 3261 728 3342 quidem
745 3261 829 3323 vis
841 3279 974 3323 esse
995 3260 1381 3341 Spiritum,ex
1401 3261 1550 3324 Filio
1569 3283 1706 3325 vero
1739 3284 2128 3346 nequaquam,

2217 3168 2332 3221 σίαν
2352 3171 2449 3231 τῆς
2483 3164 2671 3230 λέξεως
2702 3187 2719 3239 ;
2755 3167 2811 3222 Εἰ
2867 3163 2921 3220 δὲ
2952 3164 3031 3222 ὅτι
3085 3169 3113 3223 ὁ
3162 3166 3311 3245 ἅγιος
3355 3171 3415 3224 τὸ
3472 3170 3568 3243 μὲν
3632 3182 3869 3250 προχεῖ-

2215 3275 2299 3309 ται
2332 3252 2522 3309 δέδωκε
2550 3254 2627 3327 τῷ
2689 3255 2872 3333 Πατρὶ,
2941 3256 3002 3310 τὸ
3060 3252 3115 3310 δὲ
3170 3260 3491 3335 χορηγεῖται
3535 3264 3613 3332 τῷ
3669 3261 3776 3332 Υἱῷ
3818 3256 3869 3313 ἐν

484 3340 605 3429 jam
641 3349 876 3411 tandem
909 3369 943 3411 a
974 3340 1505 3412 teiconcedenduin
1541 3361 1650 3433 est,
1684 3372 1751 3414 ex
1786 3340 1931 3415 Filio
1950 3340 2129 3416 illum

2222 3348 2282 3418 τῇ
2335 3340 2439 3410 ἤδη
2500 3342 2713 3420 ῥηθείσῃ
2770 3348 3055 3423 περικοπῇ,
3125 3341 3207 3399 διὰ
3276 3351 3427 3401 τοῦτο
3497 3346 3557 3402 ἐκ
3612 3346 3715 3421 μὲν
3782 3353 3871 3403 τοῦ

490 3438 796 3519 exsistere,
822 3446 1095 3518 tanquam
1129 3438 1293 3519 quia
1336 3438 1485 3500 Filio
1535 3441 1913 3520 profunditur
1954 3444 2131 3505 veluti

489 3544 522 3588 a
552 3527 737 3601 fonte,
772 3545 840 3586 ex
872 3529 1045 3588 Patre
1074 3543 1212 3588 vero
1245 3545 1379 3589 eum
1414 3527 1661 3590 minime
1683 3530 2130 3607 exsistere,tan-

490 3633 665 3696 quam
696 3614 796 3695 qui
826 3613 898 3675 ab
920 3613 1049 3698 ipso
1080 3614 1369 3677 creaturis
1398 3616 1826 3697 suppeditatur.

485 3883 773 3963 Eiusdem
802 3902 881 3949 ea:
910 3884 1163 3965 epistola
1189 3885 1268 3947 ad
1295 3884 1595 3950 Joannem
1624 3887 2135 3953 Antiochomumde

568 4056 716 4134 CIV,
754 4081 778 4116 ι
812 4055 985 4119 Nullo
1015 3983 1423 4120 autemprzbio
1454 4060 1803 4141 patimur,ut
1828 4061 1904 4123 ab
1935 4062 2133 4145 aliquo

493 4169 515 4202 σ
552 4145 699 4208 ﬁdes
730 4146 854 4223 illa,
879 4145 1001 4207 sive
1023 4144 1161 4206 fidei
1185 4144 1525 4226 Symbolum
1551 4149 1940 4221 concutiatur,
1975 4152 2131 4232 quod

490 4257 517 4290 α
552 4235 824 4297 asanctis
859 4234 1153 4322 quondam
1192 4236 1458 4298 Patribus
1513 4237 1734 4299 editum
1787 4247 1893 4300 est.
1931 4238 2134 4322 Neque

2216 3432 2416 3509 Πατρὸς
2445 3430 2613 3495 θέλεις
2659 3432 2801 3487 εἶναι
2857 3434 2917 3487 τὸ
2968 3438 3202 3509 Πνεῦμα,
3251 3432 3311 3489 ἐκ
3368 3433 3422 3489 δὲ
3476 3442 3569 3492 τοῦ
3621 3439 3748 3491 Υίοῦ
3794 3434 3869 3509 μὴ

2216 3533 2351 3575 εῖναι
2408 3520 2556 3595 αὒτὸ,
2619 3519 2731 3597 ὥρα
2786 3541 2868 3576 σοι
2924 3523 3011 3576 καὶ
3063 3519 3123 3577 ὲκ
3197 3521 3293 3598 μὲν
3362 3529 3454 3580 τοῦ
3519 3526 3641 3580 Υἱοῦ
3696 3523 3868 3601 λέγειν

2213 3607 2472 3687 ὑπάρχειν
2503 3610 2648 3688 αὐτὸ,
2698 3611 2772 3671 ὡς
2814 3611 3181 3689 προχεόμενον
3223 3610 3348 3690 παρ’
3406 3612 3564 3669 αότοῦ
3626 3613 3863 3689 καθάπερ

2217 3697 2322 3753 ἀπὸ
2378 3702 2586 3775 πηγῆς,
2634 3697 2693 3752 ἐκ
2748 3696 2801 3752 δὲ
2844 3705 2936 3754 τνῦ
2992 3700 3196 3778 Πατρὸς
3248 3700 3327 3775 μὴ
3369 3699 3541 3778 λέγειν
3611 3702 3866 3781 ὃπάρχειν

2218 3787 2365 3862 αὐτὸ,
2397 3787 2471 3849 ὡς
2502 3786 2568 3854 τῆ
2597 3788 2761 3842 κτίσει
2792 3788 3193 3866 χορηγούμενον
3222 3786 3348 3868 παρ’
3390 3791 3567 3848 αὐτοῦ.

2219 3884 2320 3935 Τοῦ
2376 3877 2532 3937 αὐτοῦ
2575 3878 2634 3935 ἐκ
2685 3883 2799 3962 τῆς-
2854 3879 2981 3962 πρὸς
3009 3875 3287 3962 ΔἸωάννην
3348 3877 3680 3962 Ἀντιοχείας
3750 3881 3864 3960 περὶ

2761 3957 2973 4037 εἰρήνης
3003 3957 3314 4027 ἐπιπολῆς.

2299 4044 2423 4116 ΡΔ’.
2463 4075 2491 4109 α
2532 4051 2661 4112 Κατ’
2690 4049 2869 4108 οὒδένα
2925 4052 3119 4131 τρόπον
3165 4052 3469 4110 σαλεύεσθαι
3536 4055 3680 4134 παρά
3717 4075 3859 4118 τινος

2220 4165 2247 4198 α
2298 4142 2599 4223 ἀνεχόμεθα
2664 4142 2760 4209 τὴν
2817 4143 3114 4220 ὁρισθεῖσαν
3168 4142 3343 4199 πίστιν
3401 4142 3438 4210 ἢ
3493 4145 3555 4200 τὸ
3611 4150 3709 4212 τῆς
3765 4144 3857 4200 πί-

2220 4254 2247 4286 α
2280 4252 2445 4297 στεως
2494 4228 2762 4306 Σύμϐολον
2828 4231 2967 4308 παρὰ
3018 4233 3121 4286 τῶν
3167 4228 3336 4308 ἅγίων
3392 4232 3641 4311 Πατέρων
3674 4249 3689 4265 ⁸
3743 4230 3858 4289 οὔτε

491 4343 517 4380 ι
556 4323 715 4384 enim
746 4331 845 4385 aut
872 4321 1044 4384 nobis
1074 4332 1171 4383 aut
1202 4323 1284 4384 illi
1317 4325 1560 4387 omnino
1603 4326 1792 4395 alteri,
1832 4327 1920 4390 vel
1953 4318 2129 4391 unam

2222 4344 2247 4376 ιι
2281 4323 2388 4396 μὴν
2416 4318 2762 4398 ἐπιτρέπομεν
2800 4318 3013 4382 ἑαυτοῖς
3066 4318 3103 4385 in
3163 4319 3359 4398 ἑτέροις
3418 4321 3453 4387 ἦ
3496 4319 3633 4387 λέξιν
3693 4325 3855 4398 ἀμεῖ-

491 4431 520 4473 ι
550 4412 815 4474 voculam
836 4410 941 4472 tibi
963 4410 1568 4491 positamimmutare,
1603 4422 1702 4476 aut
1738 4434 1917 4478 unam
1952 4418 2128 4480 etiam

490 4521 515 4558 ιι
552 4500 831 4581 sylladam
866 4499 1171 4587 praeterire
1197 4502 1634 4581 permittimus;
1669 4522 1967 4568 memores
1997 4507 2129 4587 ejus

488 4611 518 4645 α
551 4589 653 4669 qui
681 4588 871 4650 dixit:
898 4586 984 4676 Ne
1005 4589 1324 4651 transferas
1344 4590 1631 4653 terminos
1651 4593 1946 4674 antiquos,
1981 4586 2129 4676 quos

486 4699 517 4734 α
538 4684 861 4756 posuerunt
917 4675 1121 4738 Patres
1152 4677 1254 4740 tui.
1276 4677 1405 4740 Non
1431 4678 1589 4740 enim
1621 4680 1736 4761 ipsi
1756 4682 1937 4744 locuti
1965 4675 2124 4757 sunt,

488 4790 512 4822 ο
536 4765 642 4828 sed
673 4766 800 4846 ipse
830 4762 1087 4845 Spiritus
1117 4763 1225 4827 Dei
1254 4785 1321 4828 ac
1350 4766 1558 4841 Patris,
1585 4768 1686 4848 qui
1709 4770 1977 4849 procedit
1999 4770 2130 4851 qui-

486 4875 514 4910 α
540 4853 677 4915 dem
703 4872 773 4916 ex
801 4853 957 4934 ipso;
983 4872 1093 4915 nec
1107 4852 1183 4915 ob
1201 4853 1264 4915 id
1281 4863 1475 4916 tamen
1496 4857 1823 4919 secundum
1854 4860 2127 4922 essentia:

485 4962 515 4998 α
538 4943 856 5019 rationem,
890 4941 1119 5004 alienus
1149 4953 1235 5003 est
1263 4960 1297 5003 a
1326 4943 1503 5004 Filio.
1544 4968 1568 5003 ιι

1062 5035 1544 5099 Animadversio.

572 5151 595 5186 ι
612 5124 876 5190 Videsne
895 5128 1226 5190 doctrinam
1252 5128 1955 5211 clarissimam,Spiritum
1985 5132 2122 5213 qui-

486 5235 517 5272 α
549 5213 688 5277 dem
710 5234 781 5277 ex
806 5218 975 5278 Patre
998 5219 1363 5298 procedere;
1398 5218 1723 5280 secundum
1748 5238 1883 5281 vero
1915 5238 2124 5283 essen-

2218 4431 2243 4467 ι
2279 4414 2375 4484 ψαι
2444 4410 2548 4463 τῶν
2600 4406 2901 4488 ἐγκειμένον
2971 4407 3168 4484 ἐκεῖσε,
3228 4408 3264 4475 ἢ
3320 4408 3444 4483 μίαν
3500 4410 3624 4487 γοῦν
3679 4431 3854 4489 παρα-

2218 4521 2245 4553 α
2279 4496 2435 4565 ϐῆναι
2499 4494 2787 4573 συλλαϐήν,
2861 4496 3220 4573 μεμνημένοις
3277 4503 3368 4553 τοῦ
3437 4496 3711 4576 λέγοντος.
3766 4499 3853 4564 Μὴ

2219 4609 2242 4644 ι
2278 4587 2539 4665 μεταίρειν
2584 4587 2700 4664 ὅρια
2756 4585 2962 4661 αἰώνια,
3022 4584 3055 4641 ἃ
3112 4585 3284 4642 ἔθεντο
3335 4589 3382 4643 οἱ
3437 4588 3677 4669 πατέρες,
3738 4609 3849 4648 σου.

2220 4703 2241 4733 α
2270 4676 2341 4733 Οὔ
2368 4677 2466 4755 γὰρ
2487 4676 2623 4744 ἦσαν
2650 4674 2797 4732 αὐτοὶ
2826 4677 2872 4734 οἱ
2902 4673 3204 4745 λαλοῦντες,
3260 4673 3397 4731 ἀλλὰ
3446 4678 3506 4732 τὸ
3528 4684 3740 4753 Πνεῦμα
3767 4681 3853 4732 τοῦ

2219 4784 2242 4818 ε
2275 4767 2407 4821 Θεοῦ
2432 4766 2519 4820 καὶ
2548 4764 2771 4841 Πατρὸς,
2798 4762 2826 4818 ὅ
2865 4763 3201 4843 ἐκπορεύεται
3253 4764 3349 4833 μὲν
3402 4763 3453 4830 ἐξ
3510 4765 3666 4823 αὐτοῦ
3698 4782 3713 4797 ’
3747 4764 3855 4820 ἔστι

2217 4875 2245 4907 α
2278 4850 2333 4908 δὲ
2362 4857 2456 4911 οὐκ
2484 4851 2756 4932 ἀλλότριον
2788 4853 2874 4911 καὶ
2903 4859 2992 4909 τοῦ
3024 4854 3164 4932 Υἱοῦ,
3218 4854 3355 4912 κατὰ
3385 4856 3478 4910 τὸν
3532 4858 3632 4922 τῆς
3679 4854 3851 4916 οὐσίας

2222 4966 2243 4996 ι
2267 4939 2448 5018 λόγον,
2486 4965 2513 4997 η

2875 5034 3210 5097 Ἐπιστασία,

2297 5148 2320 5184 (ι
2386 5120 2538 5206 Ὀρᾷς
2590 5129 2923 5207 σαφεστάτην
2979 5127 3311 5187 διδασκαλίαν
3366 5130 3483 5208 περὶ
3539 5140 3632 5190 τοῦ
3698 5128 3848 5208 ἐκποέ

2215 5243 2241 5275 α
2270 5222 2505 5300 ρεύεσθαι
2593 5206 2690 5294 μὲν
2754 5221 2846 5277 τοῦ
2906 5223 3106 5300 Πατρὸς
3159 5224 3219 5277 τὸ
3293 5206 3526 5308 Πνεῦμα,
3584 5228 3717 5285 ἴδιον
3795 5206 3850 5277 εδ

480 5326 513 5361 α
544 5304 956 5395 tiaerationem
988 5306 1292 5395 proprium
1345 5323 1479 5368 esse
1509 5306 1682 5370 Filii?
1741 5306 1885 5371 Cum
1932 5308 2132 5390 itaque

2224 5331 2254 5371 (
2283 5312 2430 5395 εἶναι
2472 5312 2608 5367 κατὰ
2664 5313 2753 5368 τὸν
2815 5315 2910 5383 τῆς
2966 5317 3140 5382 οὐσίας
3189 5316 3346 5395 λόγον
3401 5304 3624 5377 καὶντοῦ
3688 5320 3841 5390 Υίοῦ;

487 5391 691 5453 (locis
717 5393 779 5454 in
809 5392 942 5454 aliis
985 5394 1287 5458 inveneris
1335 5395 1648 5476 scriptum,
1700 5397 1857 5479 quod
1904 5417 2022 5461 non
2046 5401 2129 5462 ita

2222 5434 2244 5467 ι
2282 5392 2455 5461 ’Ἔνθα
2481 5402 2650 5459 τοίνυν
2678 5403 2915 5483 εὒρήσεις
2945 5405 3186 5488 ἀλλαχοῦ
3212 5391 3523 5480 δυσλήπτως
3550 5432 3601 5468 τι
3631 5408 3842 5490 γραφὲν,

484 5503 519 5539 ιι
543 5481 719 5633 facite
747 5489 1028 5563 perceptu
1059 5490 1169 5560 est,
1207 5482 1282 5543 ad
1313 5483 1642 5547 clarissima
1691 5486 1817 5548 haec
1846 5485 1949 5549 illa
1977 5507 2125 5552 con-

484 5590 516 5631 α
567 5587 638 5633 er
705 5620 720 5633 .
751 5595 779 5630 ι

483 5590 516 5631 α
543 5587 720 5636 torto.
751 5595 779 5630 ι

2214 5512 2239 5545 (ι
2270 5493 2403 5572 πρὸς
2427 5491 2495 5548 τὰ
2521 5495 2665 5573 σαφῆ
2689 5499 2852 5552 ταῦτα
2882 5496 3103 5555 κάκεῖνα
3133 5495 3435 5574 συμϐίϐαζε,
3470 5524 3493 5555 ι
