4208 6296
571 293 679 359 551

1661 288 1874 353 JOAN.
1922 288 2144 352 VECCI
2188 286 2301 349 ΟΡ.
2349 287 2864 352 PATRIARCH/E

3816 293 3933 360 552

577 451 605 490 (
627 427 903 494 Patribus
932 425 1181 498 docens,
1214 424 1324 485 soli
1348 424 1502 486 Patri
1538 421 2198 502 palam.manifesteque

2283 440 2342 476 ,α
2392 442 2555 500 σκων,
2588 422 2734 495 μόνῳ
2774 422 2862 478 καὶ
2931 424 3079 486 οὗτος
3118 429 3194 497 τῷ
3249 422 3412 499 Πατρὶ
3464 424 3639 502 σαφῶς
3694 427 3777 481 καὶ
3818 429 3928 506 ἀρι.

576 544 603 575 ι
641 517 901 599 Spiritus
932 513 1377 595 processionem
1412 509 1678 572 ascribit.
1720 531 1746 570 ι

1233 600 1560 679 Refutatt‘o.

650 700 802 763 Huic
860 689 1360 758 animadiersioni
1402 690 1548 750 nihil
1610 688 1686 750 de
1745 687 1962 749 nostris
2020 694 2224 748 contra

570 803 962 873 opponemus,
987 783 1087 843 sed
1124 798 1251 873 quae
1269 778 1422 873 alius
1451 788 1585 873 ante
1615 778 1768 839 hanc
1795 785 2056 873 nostram
2080 780 2220 873 aeta-

569 863 710 960 tem,
743 873 1126 960 corruptione
1144 867 1420 960 dictionis
1451 870 1507 927 in
1547 868 1654 928 hac
1681 885 1773 947 pet
1794 866 1963 960 icope
1994 863 2216 960 optime

564 953 895 1043 observata,
959 959 1266 1038 evulgavit.
1327 958 1731 1038 Nyssenorum
1808 955 1966 1015 enim
2021 953 2219 1043 l_umen

566 1040 890 1135 Gregorius
914 1068 1047 1113 cum
1071 1047 1185 1110 sibi
1216 1044 1618 1135 proposuisset
1677 1043 1989 1135 ostendere.
2027 1040 2220 1121 Spiri-

563 1130 1044 1208 tumvsecundum
1098 1154 1261 1198 suam
1300 1134 1726 1214 hypostatitam
1789 1130 2216 1211 proprietatem

564 1234 909 1317 procedere,
950 1224 1302 1317 itadigessit
1336 1223 1662 1284 orationem
1694 1219 1911 1317 :_Hanc
1943 1218 2102 1317 enim
2136 1216 2211 1317 ob

560 1305 799 1386 causam
832 1328 890 1380 et
913 1316 1183 1398 spiritum
1213 1313 1354 1386 oris,
1383 1319 1439 1372 et
1462 1331 1578 1371 non
1622 1309 1862 1398 verbum
1889 1307 2010 1398 oris
2026 1305 2210 1398 David

559 1410 893 1494 appellavit,
918 1394 981 1468 ut
1004 1402 1365 1494 procedendi
1390 1394 2077 1494 proprietatemSpiritui
2100 1394 2212 1494 soli

558 1484 950 1564 iribaerentem
984 1484 1298 1557 astrueret.
1327 1488 1439 1562 Qui
1471 1506 1607 1549 vero
1647 1485 1849 1546 omnia
1890 1484 2207 1551 invertunt,

559 1610 693 1655 cum
717 1581 1291 1662 dictionemSpiritus
1321 1577 1508 1639 tribus
1533 1575 1847 1637 elementis
1872 1579 2209 1662 exaratam,

558 1659 1554 1752 abbreviatamquecomperissent,
1615 1666 1724 1737 πνῖ,
1760 1661 2006 1752 parique
2038 1659 2211 1720 modo

554 1769 876 1831 dictionem
923 1749 1130 1835 Patris,
1162 1760 1272 1836 πρὶ,
1311 1754 1564 1816 mediam
1591 1753 1849 1813 litteram
1884 1749 2198 1809 immutan-

2296 1752 2390 1824 μέν
2400 1777 2460 1819 ην
2513 1761 2899 1836 συγΑοπτικῶς,

558 1866 669 1938 tes,
704 1869 957 1934 namque
977 1874 1003 1906 ν
1031 1850 1093 1910 iu
1124 1872 1152 1924 ρ
1195 1843 1530 1938 immutatio
1559 1840 1749 1938 facilis
1807 1846 2078 1938 est,neos
2110 1835 2211 1938 gui

553 1922 672 2008 non
700 1922 1095 2009 considerate,
1125 1922 1229 1997 sed
1260 1933 1428 2015 quasi
1459 1930 1615 1994 aliud
1669 1922 2208 2024 agentessmiptu:

549 2054 645 2098 ras
679 2041 1056 2115 percurrunt,
1085 2012 1440 2115 fefellerunt,
1477 2012 2011 2115 ada_ptantesPatri,
2049 2012 2206 2115 quod

550 2102 955 2202 erat-Spiritus
993 2114 1324 2202 proprium,
1364 2111 1556 2202 Quare
1580 2102 2001 2202 inquirendum
2036 2105 2205 2179 est,si

548 2193 888 2275 necessario
917 2193 1142 2267 dictum
1176 2203 1287 2262 hoc
1315 2200 1389 2260 itit
1416 2196 1783 2260 efferendum
1814 2193 2203 2273 est.Namque

547 2310 695 2376 esto,
728 2297 973 2359 dixisset
1006 2290 1183 2355 David
1215 2298 1270 2350 et
1328 2287 1589 2376 verbum
1644 2283 1763 2345 oris
1797 2278 2087 2376 Verbum,
2121 2291 2204 2358 uti

549 2400 608 2453 et
639 2374 912 2469 spiritum
938 2374 2105 2469 orisSpiritumdixeratznu-mpropterea
2146 2388 2204 2469 el;

545 2459 701 2539 hanc
715 2471 1014 2555 processio
1024 2468 1113 2528 nis
1129 2462 1545 2546 proprietatem
1563 2459 1953 2555 ascripturus,
1965 2471 2022 2524 et
2034 2462 2199 2555 alteri

544 2549 858 2628 cumi5atre
883 2574 1259 2620 communem
1276 2553 1535 2614 facturus
1554 2549 1926 2629 erat?thute
1945 2551 2203 2614 necessi-

548 2664 633 2716 tas
652 2649 903 2713 rationis
928 2649 1040 2708 hoc
1063 2641 1260 2723 urget?
1292 2639 1407 2703 Sed
1428 2639 1477 2702 si
1501 2638 1650 2700 dixit
1667 2637 1905 2699 verbum
1934 2641 2054 2702 oris
2070 2658 2202 2702 esse

543 2733 1092 2817 Verbum,quemad
1103 2731 1343 2793 modum
1358 2728 1454 2789 dix
1468 2725 1909 2817 erat,Spiritum
1932 2747 2070 2791 esse
2084 2733 2197 2810 spi-

544 2831 725 2893 ritum
756 2816 896 2895 oris,
936 2839 1177 2903 prorsus
1236 2817 1629 2897 processionis
1677 2816 2094 2903 proprietatem
2145 2826 2201 2879 et

545 2917 742 2981 Verbo
767 2923 826 2976 et
849 2902 1093 2994 Spiritui
1150 2905 1693 2970 communicaturus
1753 2912 1900 2966 erat.
1932 2902 2200 2994 Namque

544 3028 677 3072 cum
703 3003 881 3065 verba
897 2992 1021 3062 oris
1045 2994 1426 3080 procedentia
1476 3000 1901 3071 nuncupentnr
1929 3014 1942 3051 :
1984 2992 2190 3065 «Qum»

2315 534 2339 564 σ
2385 505 2560 579 δήλως
2592 510 2687 576 τὴν
2743 518 2833 567 τοῦ
2860 512 3160 586 Πνεῦματος
3191 510 3441 587 ἀπονέμει
3472 510 3787 593 ἐκπόρευσιν,
3821 539 3847 571 ι

2949 601 3301 682 ’Λντίῤῥησις.

2383 691 2473 750 Ἐν
2559 694 2724 770 ταύτῃ
2822 700 2890 771 τῇ
2944 694 3220 767 ἐπιστασίᾳ
3297 692 3570 773 γενόμενοι
3601 693 3756 766 ,οὐδὲν
3806 700 3925 777 πρὸς

2302 778 2596 858 ἂντίῤῥησιν
2634 783 2828 850 ταύτης
2873 784 3062 840 οἰκεῖον
3130 786 3370 863 ἒροῦμεν,
3417 780 3533 839 ἀλλ’
3590 782 3717 862 ἅπερ
3764 784 3923 866 ἕτερός

2301 890 2382 932 τις
2405 870 2601 947 εἰρήκει
2664 871 2771 927 τῶν
2822 873 2923 949 πρὸ
2975 873 3152 948 ἡμῶν,
3211 873 3310 939 τὴν
3365 874 3698 951 παραφθορὰν
3737 879 3828 940 τῆς
3872 874 3921 931 ἐν

2304 963 2370 1034 τῇ
2431 964 2693 1036 περικοπῇ
2740 960 2904 1036 ταύτῃ
2964 959 3152 1025 ὶέξεως
3224 959 3482 1016 κάλλιστα
3551 959 3807 1026 ἐξετάσας.
3869 952 3920 1020 Ὀ

2301 1047 2397 1120 μὲν
2453 1048 2551 1125 γὰρ
2607 1053 2712 1103 τῶν
2772 1049 3052 1105 Νυσσαέων
3098 1050 3334 1131 φωστὴρ,
3391 1055 3720 1126 παραστῆσαι
3769 1049 3920 1106 θέλων

2299 1136 2360 1190 τὸ
2390 1140 2601 1211 Πνεῦμα
2631 1134 2791 1211 μόνον
2840 1137 2980 1194 εἶναι
3030 1137 3340 1217 ἐκπορευτὸν
3382 1138 3517 1193 κατὰ
3565 1137 3664 1205 τὴν
3704 1140 3917 1194 ὕποστα-

2294 1223 2450 1289 τικὴν
2496 1224 2680 1280 ἑαυτυῦ
2736 1222 2995 1305 ἰδιότητα,
3053 1226 3190 1282 οὕτω
3245 1228 3335 1282 τὸν
3378 1224 3536 1303 λόγον
3592 1228 3871 1305 προήνεγκε
3904 1245 3915 1257 ·

2295 1309 2442 1370 Τοῦδ’
2491 1310 2645 1369 ἕνεκα
2700 1314 2799 1393 γὰρ
2847 1316 2933 1370 καὶ
3006 1320 3218 1390 Πνεῦμα
3303 1315 3588 1390 στόματος,
3637 1312 3752 1371 ἀλλ’
3808 1315 3921 1394 οὐχὶ

2293 1401 2381 1455 καὶ
2408 1399 2567 1478 λόγον
2597 1401 2860 1477 στόματος
2891 1401 3105 1481 εἴρηκεν
3156 1406 3184 1458 6
3237 1401 3424 1478 Δαυῖδ,
3480 1402 3573 1460 ἵνα
3626 1403 3722 1470 τὴν
3763 1403 3921 1459 ἐκπο-

2297 1489 2539 1565 ρευτικὴν
2607 1488 2842 1557 ἰδιότητα
2939 1495 3016 1563 τῷ
3090 1492 3351 1567 Πνεῦματι
3407 1491 3556 1567 μόνῳ
3636 1501 3915 1571 προσοῦσαν

2297 1577 2650 1643 πιστώσηται.
2686 1581 2745 1635 Οἱ
2768 1575 2823 1634 δὲ
2873 1578 3043 1635 πάντα
3097 1578 3554 1660 διαστρεϐλοῦντες
3608 1580 3705 1647 τὴν
3764 1580 3921 1636 [Ινεύ-

2296 1687 2423 1738 ματι
2521 1665 2657 1730 λέξιν
2738 1669 2871 1745 τρισὶ
2931 1667 3216 1747 στοίχείοις
3286 1669 3523 1747 εὑρόντες
3577 1667 3923 1749 διαχαραττο-

2956 1759 3091 1812 κατὰ
3147 1758 3309 1813 ταῦτὰ
3369 1755 3422 1812 δὲ
3476 1759 3566 1814 καὶ
3620 1757 3716 1824 τὴν
3771 1757 3924 1835 Πατρὶ

2293 1839 2452 1907 λέξιν.
2507 1845 2568 1899 τὸ
2616 1842 2774 1919 μέσον
2842 1859 3113 1925 στοιχεῖον
3204 1845 3657 1920 μεταποιήσαντές
3731 1867 3785 1901 τε
3841 1846 3923 1900 καὶ

2290 1932 2755 2011 παραφθείραντες,
2805 1936 2893 1990 καὶ
2947 1936 3046 2013 γὰρ
3101 1936 3136 2002 ἡ
3175 1942 3270 1991 τοῦ
3296 1958 3322 1989 ν
3378 1936 3511 2013 πρὸς
3567 1936 3630 1990 τὸ
3678 1956 3706 2012 ρ
3759 1955 3922 2009 μετα-

2289 2020 2500 2086 ποίησις
2525 2020 2778 2100 εὐχερὴς,
2832 2023 2950 2086 τοὺς
3009 2024 3086 2098 μὴ
3144 2022 3578 2098 ἐπεσκεμμένως,
3638 2021 3771 2079 ἀλλὰ
3822 2044 3923 2079 πα-

2289 2105 2506 2184 ροδικῶς
2575 2110 2671 2172 τάς
2730 2112 2936 2191 Γραφὰς
3022 2109 3265 2174 ἐπιόντας
3342 2112 3647 2187 ἠπάτησαν,
3709 2113 3769 2166 τὸ
3835 2121 3925 2169 τοῦ

2288 2195 2591 2270 Πνεῦματος
2640 2195 2774 2254 ἴδιον
2830 2205 2907 2259 τῶ
2963 2200 3126 2278 Πατρὶ
3198 2198 3682 2278 προσαρμόσαντες,
3745 2207 3923 2267 Ζητη-

2286 2285 2402 2342 τέον
2450 2291 2632 2346 οῦκοῦν
2689 2288 2841 2369 εἴπερ
2897 2290 3133 2368 ἀνάγκην
3188 2293 3304 2347 τινὰ
3334 2295 3362 2347 6
3430 2291 3590 2369 λόγος
3650 2292 3765 2372 ἔχει
3795 2291 3925 2350 οὕτω

2286 2376 2631 2453 προάγεσθαι,
2710 2366 2898 2434 ’Ἐάτω
2953 2366 3051 2457 γαρ
3094 2381 3263 2436 εἰπεῖν
3335 2403 3425 2436 τον
3484 2366 3656 2437 Λαυῖδ
3680 2366 3795 2437 "mi
3838 2383 3924 2439 τὸν

2286 2460 2446 2542 λόγον
2504 2465 2766 2540 στόματος
2824 2467 3017 2546 Λόγον,
3082 2468 3258 2546 ὥσπερ
3315 2468 3402 2527 οῦν
3452 2472 3541 2526 καὶ
3609 2471 3671 2525 τὸ
3726 2478 3925 2547 πνεῦμα

2288 2553 2547 2628 στόματος
2578 2554 2763 2633 εἴρηκε
2808 2563 3018 2632 Πνεῦμα
3052 2576 3068 2595 ο
3120 2555 3202 2636 ἄρ’
3249 2557 3438 2633 ἔμελλε
3493 2556 3580 2618 διὰ
3625 2560 3778 2616 τοῦτο
3830 2562 3922 2629 τὴν

2281 2642 2529 2707 τοιαύτην
2586 2641 2963 2721 ἐκπορευτικήν
3031 2643 3268 2712 ἰδιότητα
3347 2645 3436 2702 καί
3489 2669 3594 2703 τινι
3654 2650 3788 2723 μετὰ
3838 2659 3925 2708 τοῦ

2282 2731 2487 2808 Πατρὸς
2570 2730 2730 2809 ἕτέρῳ
2791 2734 3181 2814 κοινώσασθαι;
3245 2736 3343 2792 Καὶ
3412 2736 3566 2792 ποίαν
3623 2735 3775 2816 ἔχειν
3829 2738 3923 2805 τὴν

2281 2819 2516 2896 ἀνάγκην
2601 2823 2629 2876 6
2671 2820 2872 2902 λόγος
2947 2820 3093 2879 Ἀλλ’
3149 2823 3239 2879 ἐὰν
3281 2824 3404 2880 εἶπε
3447 2822 3609 2903 λόγον
3663 2828 3923 2901 στόματος

2281 2908 2422 2963 εἶναι
2478 2910 2570 2964 τὸν
2614 2909 2806 2990 Λόγον,
2863 2910 3040 2990 ὥσπερ
3090 2913 3177 2969 οῦν
3245 2914 3333 2968 καὶ
3393 2919 3608 2990 Πνεῦμα
3665 2916 3921 2991 στόματος

2281 2996 2405 3051 εἶπε
2447 2998 2507 3052 τὸ
2564 3003 2797 3073 Πνεῦμα,
2846 2999 3058 3064 πάντως
3102 3003 3200 3065 τὴν
3269 2999 3648 3079 ἐκπορευτικὴν
3693 3003 3923 3071 ἰδιότητα

545 3098 704 3160 enim
743 3121 765 3154 ς
805 3093 1160 3177 procedunt,
1198 3115 1225 3147 ι
1254 3088 1355 3164 ait,
1387 3106 1551 3179 «per
1580 3085 1736 3147 labia
1768 3103 2037 3179 tnea_non
2063 3086 2195 3179 irri-

2283 3085 2364 3140 καὶ
2412 3089 2488 3157 τῷ
2542 3082 2686 3163 λόγῳ
2728 3089 2814 3142 καὶ
2867 3094 2943 3162 τῷ
2984 3089 3247 3163 Πνεύματι
3290 3090 3641 3148 κοινώσασθαι
3686 3091 3874 3167 ἔμελλε
3904 3108 3920 3124 ⁹

538 3185 707 3266 tabo,
744 3210 771 3241 π
805 3171 857 3245 si
888 3171 1163 3261 spiritum
1190 3177 1311 3240 oris
1341 3175 1651 3257 Spiritum,
1686 3181 1748 3237 et
1797 3171 2044 3266 verbum
2075 3174 2195 3237 oris

543 3262 998 3336 VerbumDavid
1011 3268 1282 3345 dixisset,
1317 3284 1559 3346 prorsus
1588 3262 1926 3326 necessario
1956 3278 2195 3343 proces-

545 3363 733 3423 sionis
756 3359 1082 3441 proprietas
1100 3356 1405 3434 utriusquc
1420 3353 1809 3415 deberetesse
1833 3352 2188 3441 communis.

541 3450 664 3512 Hoc
694 3439 931 3510 sanctus
981 3465 1114 3508 cum
1171 3442 1404 3505 amoliri
1433 3449 1771 3515 conaretur,
1802 3439 1875 3500 ad
1933 3439 2190 3502 demon-

540 3539 847 3602 strandum
864 3533 1224 3616 procedendi
1249 3529 1671 3612 proprietatem
1692 3529 1803 3589 soli
1833 3528 2031 3595 inesse
2047 3533 2188 3613 Spi-

539 3627 704 3699 ritui,
732 3624 1071 3704 assumpsit,
1094 3620 1377 3684 Davidem
1401 3638 1519 3680 non
1566 3617 1808 3693 dixisse,
1838 3620 1911 3680 Et
1943 3620 2188 3685 verbum

539 3717 684 3777 oris.
721 3714 865 3787 Quae
894 3732 1028 3775 cum
1081 3712 1163 3772 ita
1210 3727 1347 3769 vere
1405 3725 1469 3768 se
1514 3706 1789 3777 habeant,
1847 3708 1987 3772 hinc
2016 3710 2187 3772 colli-

539 3822 678 3883 gere
709 3803 869 3876 licet,
927 3809 1210 3882 quantum
1257 3794 1716 3858 ecclesiasticam
1776 3815 1984 3876 pacem
2045 3817 2187 3878 pro-

539 3896 684 3971 priae
713 3891 1024 3953 sententiae
1044 3895 1371 3949 amatorum
1396 3883 1702 3945 hominum
1729 3886 2052 3965 pertinacia
2081 3888 2187 3949 lte-

540 3981 705 4042 serit.
731 3978 882 4042 Illud
908 3986 1188 4057 praeterea
1208 3980 1431 4053 notato,
1478 3990 1582 4052 pro
1596 3991 1664 4033 eo
1677 3974 2080 4054 quodﬁicend
2091 3996 2188 4037 um

539 4077 685 4142 erat,
717 4069 898 4143 dixit,
930 4066 1030 4147 qui
1059 4065 1381 4127 dictionem
1427 4061 1861 4136 vulneraverat,
1915 4063 2189 4126 diximus

535 4158 796 4239 scripsit,
856 4154 1374 4232 consideratoque,
1452 4151 1913 4214 constructionis
1968 4152 2188 4215 seriem

532 4248 859 4322 inversam,
895 4263 1028 4306 cum
1060 4243 1253 4304 dicat:
1319 4240 1593 4301 discimus
1644 4249 1709 4300 ut
1748 4248 2064 4322 astrueret,
2097 4240 2187 4303 vel

533 4352 638 4398 con
649 4338 945 4399 ﬁrmaret.

2275 3174 2363 3229 καὶ
2390 3173 2488 3251 γὰρ
2515 3175 2630 3230 επεὶ
2678 3174 2743 3230 τὰ
2805 3183 2898 3232 τοῦ
2966 3178 3225 3253 στόματος
3267 3179 3478 3254 ῥήματα
3534 3182 3927 3262 ἐκπορευόμενα

2275 3260 2508 3342 λέγεται,
2586 3284 2613 3317 ι
2678 3265 2754 3321 Τὰ
2810 3265 2907 3343 γὰρ
2962 3265 3374 3347 ἐκπορευόμενα,
3411 3287 3441 3328 ι
3540 3260 3696 3349 φησὶ,
3761 3293 3784 3325 σ
3846 3270 3926 3327 διὰ

2275 3356 2380 3406 τῶν
2409 3348 2638 3429 χειλέων
2682 3374 2781 3426 μου
2808 3353 2867 3408 οὐ
2917 3354 2993 3429 μὴ
3035 3354 3299 3429 ἀθετήσω,
3350 3378 3377 3411 ι
3438 3355 3527 3413 ἐὰν
3577 3360 3639 3414 τὸ
3712 3365 3925 3435 Πνεῦμα

2274 3439 2536 3514 στόματος
2579 3444 2814 3516 Πνεῦμα,
2888 3444 2974 3498 καὶ
3027 3445 3118 3499 τόν
3173 3442 3330 3522 λόγον
3415 3445 3682 3521 στόματος
3757 3448 3923 3526 Λόγον

2273 3526 2487 3607 εἴρηκεν
2537 3531 2565 3585 ὁ
2612 3529 2799 3591 Δαυῖδ.
2848 3533 2982 3588 κατὰ
3050 3538 3223 3588 πᾶσαν
3277 3533 3515 3613 ἀνάγκην
3571 3537 3609 3604 ἦ
3668 3538 3926 3617 ἐκπορευ-

2271 3618 2395 3684 τικη
2450 3617 2647 3684 ἷδιοτης
2719 3618 2935 3694 ἔμελλεν
2991 3620 3303 3701 ἀμφοτέροις
3365 3629 3687 3686 κοινοῦσθαι.
3764 3634 3924 3685 Τοῦτο

2272 3714 2398 3784 γοῦν
2428 3709 2456 3762 6
2513 3707 2663 3784 ἅγιος
2706 3708 2953 3789 ἀναιρῶν,
3018 3712 3089 3774 εἰς
3122 3710 3381 3777 ἀπόδειξιν
3439 3721 3532 3770 τοῦ
3587 3715 3692 3783 τὴν
3754 3715 3924 3773 ἐκπο-

2272 3796 2514 3874 ρευτικήν
2578 3796 2813 3858 ἰδιότητα
2876 3800 3025 3874 μόνῳ
3105 3814 3380 3878 προσεῖναι
3462 3807 3541 3877 τῷ
3628 3806 3921 3881 Πνεύματι,

2271 3882 2535 3960 παρέλαϐε
2565 3888 2626 3941 τὸ
2670 3887 2746 3961 μὴ
2775 3888 2944 3943 εἰπεῖν
2990 3889 3081 3943 τὸν
3126 3887 3293 3945 Δαυ³ιδ
3320 3892 3407 3945 καὶ
3448 3891 3540 3946 τόν
3598 3892 3765 3973 λόγον
3798 3894 3927 3951 στό-

2274 3996 2439 4049 ματος
2470 3974 2663 4051 Λόγον.
2698 3974 2846 4032 Οὕτω
2874 3975 2998 4054 γοῦν
3046 3981 3144 4043 τῆς
3194 3977 3441 4045 ἀληθείας
3493 3980 3759 4060 ἐχούσης,
3794 4006 3923 4041 συν.

2274 4061 2404 4119 ιδεϊν
2480 4061 2709 4119 ἐντεῦθεν
2788 4062 2952 4137 ἔστιν,
3038 4065 3207 4120 ὁπόσα
3277 4066 3374 4133 τὴν
3465 4066 3923 4139 έκκὰησιαστικὴν

2270 4152 2481 4231 εἰρήνην
2541 4153 2575 4218 ἡ
2632 4156 2738 4206 τῶν
2788 4149 3120 4230 ἷδιορῤύθμων
3195 4151 3392 4233 ἀνδρῶν
3446 4154 3754 4231 ἐλυμήνατο
3799 4181 3925 4217 πει-

2269 4240 2465 4306 σμονὴ,
2512 4239 2819 4314 Σημείωσαι
2863 4239 2918 4295 δὲ
2972 4243 3060 4297 καὶ
3103 4239 3183 4297 ὅτι
3237 4241 3349 4298 ἀντὶ
3403 4253 3496 4303 τοῦ
3524 4247 3726 4327 εἰπεῖν,
3775 4247 3926 4328 εἴρη-

2268 4350 2359 4385 κεν
2389 4331 2417 4383 6
2451 4325 2635 4403 Δαυὶδ,
2696 4328 3008 4407 εἰρήκαμεν,
3093 4331 3248 4386 εἶπεν
3306 4334 3334 4386 6
3395 4325 3754 4415 παραφθείρας
3828 4325 3922 4406 τὴν

2198 4423 2359 4501 ορἦσ
2373 4440 2442 4497 ιν,
2486 4417 2573 4471 καὶ
2604 4416 2791 4473 σκόπει
2819 4420 2906 4474 καὶ
2953 4420 3015 4473 τὸ
3069 4423 3167 4485 τῆς
3198 4420 3485 4486 συντάξεως
3534 4423 3919 4498 ἀνακόλουθον,

932 4606 1221 4686 Eiusdem
1266 4622 1341 4668 ex
1367 4603 1566 4667 eodem
1593 4600 1773 4665 libro.

611 4696 787 4763 CVII.
828 4696 936 4762 «Ut
958 4697 1185 4767 dicens.
1215 4695 1501 4776 Verbum,
1526 4694 1659 4757 Filii
1679 4693 1763 4782 uti
1787 4711 1855 4754 ex
1873 4692 2178 4782 intellectu

532 4811 561 4844 α
594 4789 700 4850 Dei
723 4795 779 4849 et
799 4786 986 4850 Patris
1011 4805 1256 4868 prorsus
1279 4785 1352 4848 ab
1385 4784 1546 4846 omni
1591 4780 1864 4865 passione
1903 4780 2177 4862 liberam,

532 4899 559 4932 ι
585 4890 646 4941 et.
665 4876 1028 4939 ineffabilem
1053 4877 1496 4956 generationem
1517 4872 1948 4952 exciperemus:
1974 4869 2180 4932 dicens

530 4989 556 5021 σ
592 4983 756 5040 vero,
789 4966 1060 5046 spiritum
1120 4964 1264 5042 oris,
1311 4962 1755 5046 sanctiﬁcstem,
1791 4970 1850 5019 et
1888 4957 2175 5022 essentia-

531 5075 555 5110 ιι
592 5054 708 5115 lem
741 5045 1087 5134 potentiam,
1111 5073 1180 5116 ac
1202 5054 1331 5114 vitm
1359 5051 1643 5114 datricem
1696 5045 1951 5127 Spiritus
1980 5046 2165 5134 bypo-

2259 4511 2416 4590 Λέγει
2448 4508 2550 4586 γάρ
2581 4523 2594 4536 ⁸
2628 4509 2932 4587 εἰρήκαμεν,
2962 4508 3053 4567 ἴνα
3085 4512 3443 4578 πιστώσηται.

2860 4601 2958 4659 Ἐκ
2987 4609 3085 4671 τῆς
3120 4605 3304 4672 ωότῆς.

2344 4685 2461 4755 ΡΖ”.
2524 4684 2649 4751 Ἵνα
2693 4693 2777 4756 διὰ
2829 4697 2928 4771 μὲν
2981 4705 3073 4754 τοῦ
3125 4697 3294 4774 Λόγον
3351 4700 3521 4757 εἰπεῖν
3563 4704 3667 4770 τὴν
3742 4707 3818 4773 ὡς
3864 4707 3924 4764 ἐκ

2268 4806 2296 4840 ι
2327 4793 2419 4842 τοῦ
2488 4788 2618 4839 Θεοῦ
2682 4785 2769 4839 καὶ
2840 4787 3043 4863 Πατρὸς
3108 4787 3477 4855 ὰπαθεστάτην
3545 4792 3631 4847 καὶ
3691 4791 3922 4871 ἄρῥητον

2268 4895 2295 4928 α
2327 4879 2418 4930 τοῦ
2505 4874 2617 4928 ficii
2685 4870 3110 4953 παραδεχώμεθα
3161 4873 3429 4953 γέννησιν,
3469 4874 3551 4933 διὰ
3620 4877 3680 4935 δὲ
3712 4870 3809 4939 του
3840 4886 3922 4941 εἰ·

2268 4988 2290 5018 ι
2323 4960 2542 5039 ρηιιέναι
2577 4967 2789 5037 Πνεῦμα
2851 4963 3113 5039 στόματος
3157 4965 3252 5031 τὴν
3299 4963 3614 5043 ἂγιαστικὴν
3673 4974 3766 5028 καὶ
3827 4976 3920 5030 οὗ·

2265 5072 2289 5108 α
2326 5051 2491 5119 σιώδη
2562 5050 2772 5128 δύναμιν
2863 5056 2952 5110 καὶ
3035 5056 3340 5134 ζωαρχικὴν
3435 5065 3526 5113 τοῦ
3603 5064 3923 5139 Πνεῦματος

532 5164 555 5196 σ
592 5133 795 5202 stasiin
851 5141 1341 5222 intelligeremus,
1379 5135 1740 5223 procedendi
1790 5133 2170 5216 proprietatis

2314 5142 2601 5199 ὑπόστασιν
2657 5141 3031 5219 ὑπολάϐωμεν,
3082 5133 3159 5215 τῷ
3182 5133 3590 5222 γίέκπορευτικῆς
3643 5133 3918 5220 ἰδιότητος

529 5253 554 5287 ‹
590 5229 835 5291 nomine
864 5231 1250 5311 designatam.
1288 5254 1315 5286 »

1117 5323 1602 5387 Animudversio.

608 5440 637 5473 α
656 5413 768 5477 Hic
791 5417 1182 5499 quoquelicet
1200 5418 1348 5483 forte
1368 5416 1749 5499 perobscure,
1783 5409 1938 5499 Patri
1951 5426 2168 5499 rursus

2257 5251 2279 5287 tt
2310 5232 2533 5307 ὀνοματι
2561 5228 2804 5298 δηλονότι
2849 5232 3399 5312 χαρακτηριζομένην.
3450 5258 3474 5290 υ

2908 5327 3242 5389 Ἐπιστασία.

2332 5442 2359 5479 (
2393 5419 2690 5496 Κάνταῦθα,
2735 5419 2831 5479 κᾶν
2889 5420 3106 5501 ἀσαφῶς
3166 5420 3335 5499 τάχα,
3410 5422 3542 5487 τέως
3601 5431 3680 5499 τῷ
3744 5430 3919 5509 ﬂat-cpi

529 5527 557 5561 α
593 5503 855 5599 Spiritus
876 5506 1323 5587 processionem
1345 5498 1610 5569 attribuit
1627 5502 1713 5566 uti
1742 5506 1802 5564 et
1828 5498 1964 5563 Filii
1992 5516 2172 5579 gene-

2313 5512 2401 5568 καὶ
2430 5511 2591 5570 πάλιν
2625 5513 2926 5594 ἀποκληροτ
2963 5498 3060 5582 την
3091 5498 3395 5592 ἐκπόρευσιν
3439 5523 3528 5573 τοῦ
3570 5498 3912 5599 Πνεύματος,

530 5620 553 5653 ι
578 5593 894 5659 rationem.
924 5618 948 5653 ι

2260 5623 2283 5655 ι
2311 5602 2384 5666 ὡς
2414 5602 2500 5659 καὶ
2526 5602 2624 5672 τὴν
2655 5611 2746 5661 τοῦ
2798 5606 2917 5660 Υἱοῦ
2959 5601 3225 5682 γέννησιν.
3266 5624 3290 5659 »
