4208 6296
253 340 366 402 553

897 475 1191 555 Ἀντίῤῥησι
1208 497 1246 542 ς.

335 569 432 624 Καὶ
475 567 609 623 πάνυ
670 573 850 646 σαφῶς
904 570 939 636 ἡ
983 571 1204 648 ῥηθεῖσα
1261 573 1523 646 περικοπὴ
1576 571 1674 636 τὴν
1726 592 1902 647 παρα-

257 656 441 735 φθορὰν
494 660 593 721 τῆς
663 658 1120 734 προηγησαμένης
1177 657 1546 718 διαλευκαὶνει.
1595 650 1744 737 (Ὀρα
1805 660 1903 738 γὰρ

256 742 331 799 ὅτι
387 746 487 809 τὴν
529 751 621 800 τοῦ
680 745 978 819 Πνεύματος
1047 749 1332 804 ὑπόστασιν
1374 755 1450 823 τῷ
1504 752 1602 814 τῆς
1645 746 1902 825 ἐκπορευ-

257 837 405 898 τικῆς
449 831 710 900 ἰδιότητος
759 834 978 910 ὀνόματι
1008 835 1108 915 ἔφη
1141 837 1692 916 χαρακτηριζομένην.
1741 835 1904 893 Ἀλλὰ

257 925 338 977 καὶ
370 924 398 976 ὁ
450 921 505 976 ἐν
576 922 749 999 ἁγίοις
807 926 1009 1006 Πατήρ.
1040 925 1385 989 Ἀναστᾶσιος
1435 925 1488 982 ἒν
1540 917 1906 1006 ις’κεφαλαίῳ

257 1010 349 1076 τῆς
395 1012 551 1070 αὖτοῦ
605 1007 784 1086 βίϐλου
834 1017 933 1078 τῆς
997 1004 1220 1092 Ὀδηγοῦ
1248 1013 1582 1090 κεχλημένης
1611 1004 1751 1072 οὕτω
1791 1037 1901 1095 φη-

259 1101 332 1155 σίν
367 1116 382 1130 ⁶
451 1119 474 1150 ι
531 1099 604 1156 Οῦ
647 1101 746 1179 γὰρ
797 1102 858 1156 τὸ
901 1102 1187 1180 ἀγέννητον
1240 1103 1330 1159 τοῦ
1385 1107 1587 1174 Πατρὸς
1623 1105 1904 1181 πρόσωπον

261 1188 552 1266 ἐσαρκώθη,
615 1188 733 1244 οὔτε
793 1191 900 1265 μὴν
970 1193 1004 1258 ἡ
1050 1191 1394 1262 ἐκπορευτικὴ
1423 1200 1515 1250 τοῦ
1555 1193 1706 1271 ἁγίου
1735 1195 1902 1250 Πνεῦ-

263 1299 422 1352 ματος
451 1277 760 1341 ὑπόστασις.
810 1298 832 1328 ι
877 1269 1046 1359 ’Ἔχει
1076 1278 1208 1337 δέτι
1259 1283 1347 1337 καὶ
1403 1279 1534 1339 ἄλλο
1563 1269 1824 1360 γλαφυρὸν
1868 1284 1903 1350 ἡ

263 1382 546 1445 περικοπή,
605 1369 692 1422 καὶ
745 1369 865 1444 ὁτῇ
921 1369 1140 1445 τοιαῦτ-ῃ
1184 1369 1540 1448 γλαφυρότητι
1587 1369 1901 1451 ἑμϐαθύνας,

263 1457 351 1510 οῦκ
387 1453 512 1510 οἴδα
568 1461 682 1518 πῶς
740 1454 802 1510 ἂν
854 1455 1226 1535 ἀπαρνήσηται
1298 1461 1376 1534 μὴ
1420 1461 1561 1516 εἶναι
1603 1461 1664 1515 τὸ
1695 1460 1903 1534 Πνεῦμα

263 1546 345 1600 καὶ
387 1544 448 1600 ἐκ
488 1552 582 1601 τοῦ
629 1548 769 1604 Υἱοῦ.
828 1546 1004 1614 Αὒτὴν
1059 1549 1159 1628 γὰρ
1199 1549 1296 1616 τὴν
1337 1549 1652 1626 ἆγιαστικὴν
1694 1550 1782 1605 καὶ
1811 1551 1902 1606 οῦ-

265 1631 424 1699 σιώδη
480 1631 696 1708 δύναμιν
753 1636 839 1690 καὶ
908 1637 1217 1716 ζωαρχικὴν
1281 1643 1373 1693 τοῦ
1429 1639 1728 1712 Πνεῦματος
1769 1639 1905 1694 ὑπό-

265 1722 438 1777 στασίν
511 1723 538 1778 ὁ
592 1720 744 1799 ἇίγιος
826 1720 1106 1789 δηλοῦσθαι
1191 1725 1475 1802 παρίστησι
1531 1724 1614 1785 διὰ
1673 1735 1765 1784 τοῦ
1817 1728 1906 1782 τὸν

269 1808 427 1865 Arsia
469 1811 733 1886 εἰρηκέναι
796 1830 826 1869 α
858 1817 1068 1888 Πνεῦμα
1147 1814 1430 1888 στόματος.
1467 1835 1488 1864 I
1563 1814 1730 1893 Εἴπερ
1787 1825 1909 1893 γοῦν

264 1899 423 1973 ὁμὲν
476 1901 593 1962 Υἱὸς
655 1898 764 1955 ἐστι
821 1902 956 1957 κατὰ
1024 1902 1116 1967 τὰς
1156 1909 1263 1958 τῶν
1315 1909 1559 1980 Πατὲρων
1590 1904 1792 1982 γραφὰς
1848 1904 1908 1958 τὸ

264 1989 350 2042 τοῦ
405 1987 610 2065 Πατρὸς
657 1987 852 2068 στόμα²
910 1991 971 2044 τὸ
1037 1987 1092 2045 δὲ
1151 1993 1243 2047 τοῦ
1297 1992 1558 2066 στόματος
1612 2000 1817 2065 πνεῦμα
1872 1993 1907 2058 ἡ

265 2085 351 2134 τοῦ
389 2076 688 2151 πνεύματος
743 2078 1021 2158 ζωαρχικη
1064 2081 1150 2135 καὶ
1206 2081 1463 2148 οὖσιώδης
1507 2081 1644 2137 ἐστὶν
1671 2080 1906 2136 ὑπόστα-

264 2186 363 2237 σις,
406 2172 522 2231 πῶς
564 2164 625 2220 ἂν
669 2167 746 2241 μὴ
802 2166 893 2234 εἴη
949 2169 1010 2222 τὸ
1057 2173 1271 2243 Πνεῦμα
1322 2167 1407 2224 διὰ
1463 2171 1556 2226 τοῦ
1585 2171 1706 2226 ι’ἶοῦ
1734 2191 1789 2226 τε
1821 2171 1907 2226 καὶ

263 2252 317 2308 ἐκ
371 2260 462 2310 τοῦ
533 2255 674 2328 Υἱοῦ,
735 2256 808 2317 ὡς
857 2253 941 2310 διὰ
1000 2258 1262 2331 στόματος
1305 2259 1392 2314 καὶ
1435 2257 1495 2314 ἐκ
1523 2259 1787 2333 στόματος
1814 2265 1905 2315 τοῦ

266 2346 516 2419 Πατρὸςς
573 2341 723 2400 Ἐπεὶ
793 2342 1020 2414 μάλιστα
1073 2347 1161 2400 καὶ
1202 2345 1237 2400 6'
1279 2345 1447 2423 μέγας
1508 2345 1778 2410 Βασίλειος
1809 2346 1904 2402 ἐκ·

264 2431 564 2508 πορεύεσθαι
595 2431 722 2486 αὒτὸ
750 2430 852 2513 ἔφη
886 2432 946 2489 ἐκ
973 2433 1234 2508 στόματος
1263 2437 1353 2490 τοῦ
1381 2437 1604 2514 Πατρὸς.

422 2524 528 2578 Τοῦ
555 2521 718 2579 αᾶτοῦ
757 2527 818 2580 ἓκ
846 2531 938 2580 τοῦ
965 2527 1082 2602 περὶ
1123 2526 1218 2582 τοῦ
1247 2526 1396 2604 ἁγίου
1439 2529 1740 2604 Πνεύματος

690 2604 862 2682 Λόγοδ
890 2606 1025 2660 κατὰ
1069 2603 1490 2670 Μακεδονιανῶν,

344 2685 469 2752 ΡΗ’.
511 2721 534 2753 ι
583 2684 750 2772 ’Πρῶν
807 2696 907 2775 γὰρ
971 2698 1316 2777 συντετάχθαι
1374 2706 1450 2774 τῷ
1495 2701 1656 2778 Πατρὶ
1697 2703 1784 2758 καὶ
1838 2708 1913 2776 τῷ

273 2805 293 2837 ι
332 2783 437 2857 ι’ἱῴ
492 2785 555 2840 τὸ
612 2789 825 2859 Πνεῦμα
866 2786 928 2840 τὸ
985 2785 1137 2865 ἅγιον
1193 2787 1615 2870 ὁμολογούντων,
1649 2791 1722 2854 ὡς
1755 2789 1915 2865 μηδε-

272 2892 293 2926 I
325 2871 449 2945 μίαν
505 2873 646 2927 εἶναι
703 2871 1049 2951 παραλλαγὴν
1105 2874 1160 2931 ἐν
1216 2873 1398 2951 μηδενὶ
1470 2884 1575 2933 τῶν
1624 2879 1742 2956 περὶ
1816 2879 1914 2946 τὴν

273 2980 294 3010 ι
328 2961 468 3017 θείαν
521 2961 672 3036 φύσιν
729 2962 1022 3036 νοουμένων
1101 2985 1156 3019 τε
1199 2967 1286 3020 καὶ
1359 2965 1762 3040 ὀνομαζομένων
1823 2969 1914 3023 Εκ-

273 3071 292 3104 c
329 3050 421 3112 τὸς
476 3056 571 3106 τοῦ
629 3049 744 3106 καθ’
809 3051 1097 3108 ὑπόστασιν
1165 3050 1490 3128 ἰδιαζόντως,
1537 3056 1812 3133 θεωρεῖται
1853 3056 1915 3110 τὸ

1277 345 1357 406 ΙΝ
1403 343 1798 408 CAMATERI
1841 341 2590 406 ANIMADVERSIONES.

3509 344 3629 408 554

2628 474 2969 555 Refutatz'o.

2062 569 2451 648 Apertissime
2490 569 2616 630 haec
2647 569 2925 650 peric0pe
2953 568 3342 651 princedentis
3370 585 3623 648 corrup-

1985 657 2206 718 tionem
2238 658 2589 720 manil'estat.
2623 656 2890 739 Namque
2933 657 3182 720 advertit
3227 657 3483 738 Spiritus
3511 659 3622 740 by-

1987 745 2234 826 potasim
2291 765 2426 810 eum
2483 745 2750 826 dixisse,
2814 747 3179 827 procedendi
3249 746 3626 828 proprietatis

1988 835 2229 897 nomine
2259 835 2580 911 designari.
2606 835 2705 898 Sic
2737 836 2912 898 etiam
2944 843 3184 898 sanctus
3216 838 3392 899 Pater
3421 844 3626 899 noster

1985 923 2324 985 Anastasius
2353 924 2586 986 decimo
2615 940 2782 986 sexto
2825 925 3016 1005 capite
3071 926 3162 986 sui
3193 924 3354 1002 libri,
3397 923 3626 1006 Hodegi

1986 1012 2152 1086 dicti,
2186 1013 2267 1074 ait
2301 1030 2314 1075 :
2357 1037 2384 1069 α
2417 1015 2624 1092 Neque
2666 1012 2826 1074 enim
2859 1013 3118 1092 ingenita
3151 1015 3335 1076 Patris
3376 1032 3631 1094 persona

1985 1119 2225 1162 carnem
2258 1101 2593 1182 assumpsit,
2645 1121 2836 1182 neque
2878 1121 3009 1184 quae
3059 1103 3327 1184 procedit
3370 1103 3624 1182 Spiritus

1987 1190 2334 1270 bypostasis.
2373 1216 2399 1246 ι»
2437 1191 2708 1254 Continet
2737 1209 2876 1252 vero
2933 1191 2994 1252 in
3039 1210 3104 1252 se
3162 1193 3288 1253 hac
3319 1192 3623 1272 pericope,

1986 1278 2140 1357 quod
2173 1297 2206 1338 a
2239 1278 2480 1340 nemine
2511 1279 2571 1339 in
2596 1280 3058 1340 controversiam
3083 1280 3423 1351 vertitur,et
3445 1281 3543 1360 qui
3565 1278 3626 1340 in

1981 1365 2180 1428 simile
2205 1367 2427 1428 dictum
2457 1367 2604 1428 adeo
2629 1366 2840 1428 scitum
2875 1376 3135 1429 mentem
3185 1368 3470 1431 attentius
3493 1367 3632 1428 ﬁxe-

1986 1453 2293 1527 rit,nescio
2325 1475 2437 1536 qua
2465 1456 2694 1517 ratione
2725 1455 2828 1517 ille
2859 1455 3142 1536 Spiritum
3177 1456 3355 1518 etiam
3389 1476 3457 1520 ex
3479 1454 3631 1517 Filio

1989 1541 2388 1621 denegaverit.
2417 1542 2608 1623 Ipsam
2642 1544 2800 1604 enim
2833 1544 3325 1617 sanctiﬁcantem,
3352 1554 3410 1606 et
3432 1561 3636 1606 essen-

1991 1629 2191 1690 tialem
2225 1633 2634 1711 potentiam,et
2665 1633 2796 1694 vita;
2825 1633 3146 1695 auctricem
3180 1630 3436 1714 Spiritus
3450 1633 3633 1713 hypo-

1991 1719 2192 1780 stasim
2225 1730 2466 1782 srinctus
2500 1721 2788 1782 insinuari
2847 1722 3077 1803 probat,
3112 1723 3269 1801 quod
3322 1721 3502 1783 David
3545 1720 3633 1782 di-

1991 1808 2169 1882 xerit,
2210 1830 2236 1866 ι
2265 1810 2547 1888 Spiritum
2581 1811 2701 1872 oris
2730 1811 2781 1872 7.
2822 1836 2848 1867 ιι
2886 1811 2948 1873 Si
2981 1811 3177 1890 itaque
3213 1811 3397 1873 Filius
3429 1819 3536 1883 est,
3571 1819 3636 1870 ut

1934 1879 1969 1928 Β
1994 1879 2193 1958 Patres
2223 1879 2462 1978 scriptis
2495 1899 2754 1979 tradunt,
2785 1898 2977 1960 Patris
3015 1879 3101 1970 os,
3138 1898 3258 1959 oris
3287 1917 3426 1960 vero
3455 1879 3633 1977 spiri-

1995 1992 2105 2064 tus,
2139 1985 2381 2064 spiritus
2407 1987 2534 2048 vitte
2583 1988 2807 2049 auctrix
2841 1996 2900 2048 et
2932 1986 3298 2050 esssentialis
3324 1996 3414 2047 est
3445 1986 3630 2066 hypo-

1991 2075 2177 2147 statis,
2211 2093 2325 2155 qua
2351 2075 2578 2136 ratione
2607 2095 2722 2136 non
2766 2075 2880 2137 erit
2918 2074 3172 2156 Spiritus
3205 2092 3309 2154 per
3335 2075 3550 2137 Filium
3574 2083 3638 2136 et

1991 2180 2060 2222 ex
2093 2163 2238 2224 Filio
2272 2164 2454 2225 veluti
2489 2182 2593 2245 per
2617 2182 2710 2242 os,
2742 2174 2802 2225 et
2840 2182 2909 2225 ex
2939 2182 3042 2225 ore
3076 2162 3312 2226 Patris?
3341 2161 3414 2224 Et
3441 2167 3630 2244 potis-

1989 2250 2203 2312 simum
2237 2272 2370 2314 cum
2404 2272 2656 2332 magnus
2685 2253 2938 2316 Basilius
2966 2252 3384 2327 asserat,illum
3420 2270 3632 2334 proce-

1989 2340 2134 2404 dere
2161 2359 2229 2403 ex
2262 2361 2365 2403 ore
2395 2343 2608 2406 Patris.

2037 2521 2341 2599 Eiusdem
2370 2541 2450 2585 ex
2477 2526 2751 2586 oratione
2781 2524 2852 2586 de
2880 2523 3130 2603 Spiritu
3160 2529 3366 2586 sancto
3392 2529 3600 2584 contra

2577 2605 3074 2667 Macedonianos.

2073 2693 2504 2758 CVIll.-Nobis
2532 2715 2670 2759 vero
2704 2717 2821 2760 una
2845 2715 2980 2759 cum
3011 2700 3179 2760 Patre
3203 2703 3261 2757 et
3287 2693 3438 2757 Filio
3455 2693 3639 2756 collo-

2004 2805 2024 2839 ι
2063 2783 2184 2844 cari
2218 2783 2502 2863 Spiritum
2536 2795 2806 2847 sanctum
2841 2785 3371 2866 proﬁtentibus,ita
3399 2782 3642 2844 utnulla

2005 2895 2032 2927 α
2065 2872 2141 2932 sit
2168 2871 2501 2935 diﬂ‘erentia
2536 2874 2594 2934 in
2631 2874 2861 2956 iis,quae
2891 2875 2966 2937 de
2997 2875 3197 2936 divina
3226 2882 3433 2934 natura
3483 2889 3632 2932 con-

2004 2984 2032 3016 α
2065 2961 2387 3040 cipiuntur,
2420 2973 2479 3023 et
2507 2962 2808 3038 dicuntur,
2844 2982 2916 3024 ea
2944 2963 2993 3024 si
3025 2962 3306 3042 excipias,
3341 2978 3471 3040 quae
3501 2977 3637 3039 pro-

2005 3074 2025 3104 ι
2067 3049 2194 3138 pria
2223 3049 2553 3130 hypostasis
2583 3060 2740 3132 sunt,
2780 3060 2837 3113 et
2859 3051 2932 3112 de
2963 3068 3032 3112 eo
3063 3049 3544 3138 considerantur;
3569 3046 3639 3138 il—

271 3163 296 3192 ε
330 3145 544 3214 Πνεῦμα
584 3141 647 3196 τὸ
689 3139 846 3218 ἅγιον
899 3138 980 3196 ὅτι
1050 3141 1110 3197 ἐκ
1150 3151 1242 3200 τοῦ
1297 3148 1432 3198 Πεου
1473 3142 1606 3216 ἐστι,
1683 3145 1772 3200 καὶ
1828 3146 1909 3199 τοῦ

2007 3157 2030 3194 ιι
2068 3137 2190 3197 lum
2224 3156 2439 3216 nempe
2461 3158 2529 3199 ex
2560 3142 2679 3200 Deo
2711 3139 3023 3203 etChristo
3051 3157 3206 3211 esse,
3240 3145 3306 3198 ut
3354 3135 3638 3215 scriptum

270 3253 292 3284 ο
331 3235 558 3307 Χριστοῦ
626 3228 759 3304 ἐστι,
839 3231 1013 3294 καθὼς
1081 3229 1418 3310 γέγραπται·
1476 3231 1592 3288 οὕτε
1650 3233 1785 3288 κατὰ
1854 3235 1909 3288 τὸ

2005 3249 2031 3280 α
2066 3232 2380 3306 est;neque
2409 3227 2736 3289 secundum
2769 3227 3021 3308 ingeniti
3054 3227 3344 3288 rationem
3375 3241 3508 3285 cum
3534 3227 3640 3284 Pa-

271 3344 296 3374 α
328 3317 619 3395 ἀγέννητον
649 3326 725 3393 τῷ
768 3321 950 3397 Πατρὶ,
987 3319 1102 3377 οὕτε
1145 3322 1281 3376 κατὰ
1322 3321 1382 3376 τὸ
1426 3321 1676 3398 ὁμογενὲς
1705 3327 1782 3395 τῷ
1811 3325 1909 3396 Υἱῷ

2007 3335 2030 3371 α
2066 3321 2379 3394 tre,nequc
2409 3317 2733 3378 secundum
2761 3318 2945 3395 geniti
2966 3335 3099 3378 cum
3124 3313 3272 3376 Filio
3303 3312 3634 3375 confusum:

271 3431 292 3465 α
330 3408 748 3487 συναχεόμενον,
807 3406 944 3465 ἀλλᾶ
997 3430 1134 3465 τισιν
1175 3407 1452 3488 ἐξαιρέτοις
1503 3407 1778 3484 ἷδιώμασιν
1831 3399 1914 3490 ἐφ’

271 3519 294 3553 ι
329 3498 515 3554 ἑαυτοῦ
547 3498 927 3575 θεωρούμενον,
989 3495 1042 3552 ἒν
1093 3510 1208 3560 τοῖς
1253 3497 1434 3561 ἄλλοις
1465 3494 1651 3572 ἅπασι,
1685 3499 1916 3577 καθάπερ

265 3607 293 3640 σ
326 3584 487 3664 ἔφην,
521 3588 582 3641 τὸ
626 3584 960 3659 συνημμένον
1001 3587 1090 3642 καὶ
1145 3584 1548 3665 ἀπαράλλακτον
1592 3585 1740 3666 ἔχειν
1782 3589 1922 3650 ὁμο-

269 3696 295 3727 α
328 3673 650 3752 λογούντων,
725 3675 773 3730 οἱ
831 3675 1125 3732 ὑπεναντίοι
1197 3675 1350 3753 φασὶν
1392 3674 1750 3740 ἀπεξενῶσθαι
1793 3677 1919 3734 αὐτὸ

275 3786 297 3819 ι
331 3763 432 3830 τῆς
462 3763 591 3841 πρὸς
635 3764 727 3819 τὸν
770 3763 975 3842 Πατέρα
1018 3765 1136 3820 οἷον
1179 3768 1402 3842 φυσικῆς
1433 3765 1728 3828 κοινωνίας.
1789 3785 1812 3820 ι)

935 3945 1271 4008 Ἐπιστασία.

355 4073 376 4102 ι
414 4043 537 4101 Νόει
607 4041 867 4099 κάνταῦθα
907 4041 969 4096 τὸ
1008 4043 1071 4096 Ex
1110 4047 1201 4096 τοῦ
1244 4045 1398 4113 Θεοῦ,
1453 4041 1627 4102 καθὼς
1674 4039 1727 4096 ἐν
1771 4039 1910 4098 πολ-

273 4154 300 4187 α
330 4130 458 4195 λαῖς
533 4135 640 4186 τῶν
693 4126 1063 4208 τρολαϐουσῶν
1131 4133 1432 4205 περικοπῶν
1505 4127 1912 4202 ἐπεσημειωσᾶ-

275 4242 296 4277 α
333 4223 493 4295 μεθα,
537 4220 628 4276 καὶ
681 4220 950 4298 πρόσσχες
1007 4223 1076 4294 τῇ
1126 4219 1220 4275 τοῦ
1273 4216 1422 4295 ἆγὶου
1485 4214 1738 4295 ἀκριϐείᾳ,
1798 4224 1912 4282 πῶς

273 4330 297 4366 ι
332 4310 420 4366 ἐπὶ
469 4316 563 4367 τοῦ
620 4315 749 4366 Θεοῦ
794 4309 893 4375 τὴν
951 4309 1014 4365 ὲκ
1054 4307 1320 4387 πρόθεσιν,
1377 4305 1462 4362 ἐπὶ
1513 4303 1568 4362 δὲ
1651 4312 1740 4363 τοῦ
1796 4308 1919 4364 Υἱοῦ

272 4421 300 4454 ι
330 4399 532 4466 ταὺτην
575 4396 1004 4476 παρεσιώπησεν.
1052 4415 1074 4446 ³

910 4577 1260 4658 Ἀντίῤῥησις.

347 4678 421 4734 Τὸ
492 4677 968 4754 παρασιωπηῢῆναι
1024 4675 1122 4741 τὴν
1179 4671 1237 4728 ἐκ
1294 4671 1378 4729 ἐπὶ
1441 4677 1531 4729 τοῦ
1577 4673 1719 4742 Υἱοῦ,
1781 4668 1919 4726 οὕτω

268 4767 385 4841 περὶ
428 4762 632 4823 πολλοῦ
685 4770 815 4841 ποιῇ
857 4763 1036 4842 ὥσπερ
1079 4762 1167 4819 ἐὰν
1211 4762 1306 4820 οὒκ
1345 4760 1409 4830 ἧν
1451 4761 1486 4828 ἡ
1534 4760 1619 4817 ἐπὶ
1677 4765 1767 4816 τοῦ
1800 4761 1919 4815 Υἱοῦ

271 4855 542 4932 μυριαχοῦ
575 4857 675 4921 τῆς
697 4852 928 4933 γραφῆς.

732 5040 834 5093 Τοῦ
862 5034 1018 5092 αὐτοῦ
1046 5033 1105 5090 ἐκ
1145 5039 1236 5090 τοῦ
1267 5031 1443 5094 αὗτοῦ.

356 5118 480 5191 ΡΘ’.
535 5154 556 5185 ι
588 5127 691 5209 Ἐφ
770 5129 845 5186 ὧν
925 5129 1024 5208 γὰρ
1092 5129 1127 5196 ἡ
1182 5126 1334 5200 ,κατὰ
1415 5127 1476 5182 τὸ
1557 5123 1751 5203 ἀγαθὸν
1832 5125 1922 5182 ὲν-

281 5241 309 5273 ι
346 5218 524 5297 έργεια
633 5215 875 5294 οὐδεμίαν
984 5216 1269 5274 ἐλάττωσιν
1403 5216 1440 5283 ἢ

283 5331 311 5362 ε
345 5307 486 5388 ἔχει,
557 5308 673 5373 πῶς
746 5307 886 5365 ἐστιν
958 5305 1174 5386 εὔλογον
1232 5307 1329 5376 τὴν
1388 5305 1524 5363 κατὰ
1564 5306 1656 5361 τὸν
1697 5304 1922 5384 ἀριθμὸν

2005 3425 2029 3460 ι
2065 3403 2168 3464 sed
2201 3403 2552 3482 quibusdam
2602 3406 2854 3485 propriis
2905 3405 3027 3466 suis
3080 3401 3542 3484 prOpI-ietatibus
3571 3420 3640 3462 ex

2007 3515 2034 3548 α
2068 3491 2266 3570 seipso
2299 3492 2761 3568 consideratum,
2817 3493 2920 3554 sed
2968 3493 3027 3553 in
3077 3491 3356 3553 omnibus
3385 3489 3543 3569 aliis,
3576 3498 3641 3552 ut

2008 3605 2035 3636 ι
2073 3581 2215 3659 dixi,
2251 3581 2652 3660 conjunctum,
2689 3590 2745 3642 et
2777 3581 2835 3642 in
2870 3583 3029 3642 nullo
3063 3591 3327 3642 naturam
3360 3579 3642 3639 ditl'eren-

2006 3693 2031 3726 (ι
2072 3679 2190 3732 tem
2226 3672 2528 3748 possidere
2557 3671 3103 3751 conﬁtentibus,qui
3133 3667 3489 3731 contrariam
3507 3685 3644 3728 sen-

2006 3777 2035 3816 ‹
2065 3760 2312 3818 tentiam
2345 3768 2645 3820 sectantur
2669 3779 2702 3820 a
2732 3761 2985 3820 naturali
3017 3777 3156 3836 erga
3210 3756 3441 3819 Patrem
3473 3773 3642 3817 com-

2007 3868 2030 3902 ιι
2071 3845 2352 3908 munione
2383 3847 2643 3909 alienum
2676 3866 2806 3910 esse
2828 3848 3217 3910 contendunt.
3271 3869 3292 3902 ι

2559 3944 3045 4005 Anz‘madversio.

2083 4056 2106 4090 ιι
2140 4032 2461 4097 Considera
2497 4033 2594 4100 hic
2621 4035 2795 4097 etiam
2831 4035 2974 4097 illud
2999 4054 3068 4096 ex
3094 4030 3381 4112 Patre,uti
3405 4030 3466 4092 in
3491 4028 3639 4092 mul-

2001 4144 2030 4177 α
2062 4123 2138 4182 tis
2170 4124 2589 4203 suprascriptis
2648 4124 2945 4205 peric0pis
2997 4121 3544 4193 animadvertimus,
3572 4125 3645 4180 .et

2001 4239 2024 4271 ι
2059 4211 2350 4273 attendite
2375 4213 2562 4274 sancti
2593 4212 2965 4292 diligentiam
2988 4221 3346 4287 accuratam,
3378 4224 3635 4289 quomo-

2005 4322 2032 4354 α
2067 4299 2140 4360 do
2173 4302 2250 4361 de
2281 4301 2405 4364 Deo
2436 4301 2708 4382 loquens,
2745 4300 3219 4382 praepositionem
3243 4316 3318 4362 ea:
3339 4293 3639 4378 apposuit,

2006 4408 2031 4445 ι
2069 4407 2208 4450 cum
2240 4388 2315 4450 de
2361 4387 2514 4452 Filio
2545 4409 2886 4452 seimonem
2916 4390 3185 4470 haberet,
3219 4387 3381 4449 illam
3414 4392 3636 4466 praete-

2005 4500 2032 4532 α
2065 4477 2185 4539 riit.
2223 4499 2246 4535 η

2659 4574 2997 4654 Refulatio.

2080 4664 2273 4744 Magni
2305 4667 2590 4729 momenti
2617 4686 2748 4730 esse
2781 4669 2971 4743 ducis,
3005 4683 3140 4729 cum
3170 4662 3244 4725 de
3265 4662 3414 4726 Filio
3444 4679 3642 4726 sermo

2001 4765 2177 4818 esset.
2218 4758 2703 4837 prmpositionem
2738 4778 2815 4822 ex
2839 4759 3077 4820 silentio
3109 4754 3465 4838 praeteritam
3497 4754 3638 4818 fuis-

2003 4862 2089 4907 se.
2125 4843 2301 4917 Quasi
2333 4864 2470 4906 vero
2504 4847 2840 4928 praeposito
2874 4866 2952 4911 ex
2979 4850 3054 4908 de
3087 4844 3234 4908 Filio
3265 4842 3508 4923 scriptis
3526 4845 3643 4906 Pa-

2004 4930 2156 4997 trem
2187 4933 2520 4997 innumeris
2547 4956 2662 4998 non
2693 4937 3117 4998 insinuaretur.

2482 5029 2772 5108 Ejusdem
2803 5047 2880 5093 ex
2908 5029 3143 5091 eadem.

2085 5120 2229 5195 CIX,
2272 5143 2294 5178 α
2324 5119 2463 5193 Quae
2489 5122 2646 5183 enim
2679 5123 3003 5186 secundum
3039 5121 3256 5182 bonum
3299 5123 3646 5199 operantur.

1574 5212 1854 5294 παραλλαγ
1863 5214 1909 5282 lit

2007 5230 2033 5266 ι
2062 5210 2282 5271 nullam
2307 5208 3400 5291 imminutionem,autimmutationem
3425 5206 3649 5294 admit-

2013 5320 2037 5357 ι
2075 5307 2251 5379 tut,et
2279 5301 2576 5379 quomodo
2607 5301 2818 5364 rationi
2869 5308 3332 5364 consentaneum
3383 5295 3562 5358 fuerit
3588 5293 3653 5356 in

284 5419 308 5452 tt
343 5397 486 5464 τάξιν
555 5396 896 5460 ἐλαττώσεώς
965 5419 1107 5462 τινος
1161 5401 1258 5465 τῆς
1305 5396 1441 5454 κατὰ
1495 5395 1646 5476 φύσιν
1716 5391 1909 5472 παραλ-

2015 5411 2044 5444 α
2075 5387 2629 5471 illis,ordinem,qui
2651 5409 2720 5454 ex
2750 5408 3001 5453 numero
3018 5388 3203 5451 oritus
3223 5381 3657 5476 immu‘tationis

287 5505 310 5542 ι
344 5484 518 5565 λαγῆς
574 5483 778 5544 οἴεσθαι
833 5499 1063 5563 σημεῖον
1114 5486 1298 5563 εἶναι;
1347 5469 1524 5564 ὥσπερ
1551 5482 1613 5539 ἂν
1645 5481 1697 5539 εἴ
1737 5469 1820 5544 τις
1875 5480 1909 5537 ιε

2018 5499 2042 5535 ς
2079 5476 2456 5557 alicujus,aut
2477 5469 2805 5544 secundum
2828 5492 3099 5543 naturam
3121 5471 3560 5540 immutationis
3580 5469 3658 5534 si-

363 5624 392 5675 7
421 5621 579 5690 Psal.
607 5640 794 5692 χχιιι.
825 5624 889 5689 6.

599 5782 862 5853 Panos.
909 5787 1023 5853 Gtt.
1068 5786 1270 5853 CXLI.

3186 5775 3258 5840 1⁸
