4208 6296
513 269 631 331 555

1657 268 1930 331 JOANN.
1975 261 2193 326 VECCI
2236 260 2351 325 ΟΡ.
2394 261 2909 327 ΡΑἸἪΙΑΒΟΗΕ

3777 252 3893 320 556

521 423 548 461 σ
582 419 764 482 gnum
797 419 930 464 esse
963 400 1353 465 existimare?
1400 395 1913 471 Quemadmodum
1947 395 1997 457 si
2029 393 2189 476 quis.

2276 395 2444 473 πτρισὶ
2527 393 2769 472 λαμπάσι
2839 393 3168 476 διῃρημένην
3251 395 3462 473 βλέπων
3531 396 3628 462 τὴν
3697 390 3890 470 φλόγα.

525 512 547 546 «
587 489 782 553 tribus
812 489 1188 572 lampadibus
1208 488 1567 550 subdivisam
1599 488 1894 549 ﬂammam
1927 483 2166 564 conspi-

525 607 547 636 ιι
586 579 789 655 ciens;
823 596 1061 642 causam
1090 596 1228 640 vero
1258 577 1418 639 tertii
1470 575 1713 638 luminis
1757 589 2163 654 supponamus

527 692 549 722 ιι
587 685 720 728 esse
751 665 1000 748 primam
1027 667 1434 739 ﬂammam,cx
1465 661 2006 728 communicatione
2029 677 2160 721 cum

526 781 553 811 κ
587 755 784 817 medio
814 762 1142 818 extremum
1176 748 2056 831 inﬂammantem,postmodum
2076 765 2165 808 as-

526 869 552 900 α
583 851 807 907 trueret
837 843 898 904 in
927 841 1117 923 prima
1148 842 1388 903 ﬂamma
1415 839 1722 903 abundare
1775 837 2073 911 calorem;
2104 835 2165 896 in

526 960 552 990 α
586 952 654 995 ea
683 951 847 1012 vero,
881 951 1010 1014 qua
1067 932 1474 1014 subsequitur,
1511 929 1838 1002 immutari,
1871 936 1932 989 et
1958 926 2165 1009 paula-

525 1044 556 1083 ‹
585 1022 690 1084 tim
717 1021 1017 1098 imminui;
1048 1021 1282 1083 tertiam
1318 1039 1429 1083 nec
1459 1021 1655 1100 ignem
1707 1016 1962 1096 amplius
2019 1033 2164 1077 cen-

525 1138 552 1169 α
587 1111 832 1175 sendam
893 1127 1049 1186 esse,
1107 1109 1250 1174 licet
1305 1129 1473 1190 requa
1528 1108 1762 1170 ratione
1823 1106 2051 1184 adurat,
2113 1110 2170 1164 et

527 1226 554 1257 α
588 1198 920 1282 splendeat,
955 1201 1270 1279 omniaque
1294 1197 1452 1278 ignis
1483 1203 1791 1277 operetur.
1827 1220 1847 1248 ι

1094 1287 1600 1350 Animadversio.

609 1406 631 1438 ι
663 1379 1194 1461 Audisne,causam
1222 1377 1631 1442 tantummodo
1665 1379 1915 1458 primam
1943 1375 2171 1456 lampa-

531 1493 554 1526 ιι
590 1468 726 1532 dem
751 1468 784 1529 ?
823 1468 888 1531 Id
925 1470 1082 1532 enim
1119 1476 1360 1530 sanctus
1390 1465 1809 1546 subindicavit,
1839 1482 1974 1526 cum
1997 1461 2169 1524 addi-

530 1583 558 1615 ι
591 1557 676 1620 dit
705 1574 813 1639 per
837 1557 1124 1620 medium.
1159 1557 1385 1636 Collige
1415 1556 1613 1638 itaque
1643 1554 1994 1636 prudenter,
2011 1550 2172 1633 quod

533 1670 556 1705 (ι
594 1646 734 1709 inde
765 1646 1051 1709 exoritur.
1080 1667 1111 1704 ιι

1159 1737 1507 1816 Refulalio.

604 1829 665 1894 Si
696 1829 1041 1911 prudenter,
1100 1827 1256 1910 quod
1289 1844 1359 1890 ex
1395 1826 1522 1906 jam
1574 1825 1843 1906 apposita
1892 1823 2173 1904 pericope

527 1918 738 1994 oritur,
771 1917 1054 1995 colligere
1085 1916 1399 1993 voluisses,
1460 1932 1761 1996 nunquam
1817 1918 2174 1975 asseruisses

527 2007 710 2070 solam
747 2006 994 2087 primam
1029 2003 1364 2084 lampadem
1398 2021 1639 2066 causam
1675 2000 2066 2074 subindicari,
2104 2019 2174 2062 ex

527 2113 623 2170 eo,
655 2096 812 2177 quod
861 2102 1101 2156 sanctus
1130 2092 1295 2161 dixit,
1331 2111 1439 2173 per
1480 2091 1770 2166 medium,
1823 2093 1926 2154 sed
1985 2089 2175 2152 lassus

526 2183 762 2260 fuisses,
790 2182 1075 2265 Spiritum
1119 2201 1188 2244 ex
1210 2185 1388 2246 Patre
1415 2199 1523 2263 per
1553 2179 1766 2242 Filium
1801 2197 2176 2260 esse,qucm-

529 2271 849 2336 admodum
883 2271 1119 2334 tertium
1153 2271 1353 2333 lumen
1379 2287 1486 2352 per
1527 2268 1854 2332 secundum
1888 2286 1959 2330 ex
1992 2266 2181 2349 prima

535 2362 799 2422 ﬂamma.

1022 2449 1318 2530 Ejusdem
1346 2466 1421 2512 ea:
1449 2449 1676 2512 eadem.

616 2544 736 2608 CX.
778 2572 802 2604 ι
833 2543 1086 2625 Spiritus
1113 2551 1350 2606 sanctus
1381 2541 1580 2603 omnia
1629 2541 1688 2603 in
1729 2541 2008 2604 omnibus
2038 2557 2186 2620 ope-

537 2652 570 2699 c
595 2644 782 2714 ratur,
807 2639 870 2694 ut
897 2631 1011 2694 sibi
1043 2632 1356 2713 placuerit,
1391 2648 1577 2693 causa
1628 2630 1999 2712 principalis,
2048 2647 2185 2690 rec-

544 2752 567 2782 .
603 2730 719 2797 tus,
738 2723 958 2802 justus,
991 2739 1189 2796 verus,
1223 2719 1514 2801 profunda
1542 2719 1648 2781 Dei
1674 2728 2074 2799 perscrutans,
2111 2734 2183 2778 ex

544 2838 568 2872 ι
603 2813 775 2874 Patre
803 2809 1161 2890 procedens,
1195 2827 1263 2871 ex
1291 2807 1440 2870 Filio
1470 2806 1794 2888 accipiens.
1837 2828 1860 2860 ι

1106 2990 1597 3054 Animadversio.

519 3137 544 3152 ι
627 3125 650 3158 ι
686 3095 1086 3192 Διιεηάἰῑοβξ
1113 3113 1368 3176 quonam
1403 3101 1493 3157 est
1511 3093 1781 3192 Spiritus
1805 3093 2194 3192 prpcessio,el
2212 3141 2252 3192 Ο

550 3215 572 3245 ε
609 3203 680 3247 ex
708 3203 824 3266 quo
853 3184 1139 3264 acccptio,
1172 3191 1230 3246 et
1265 3184 1566 3266 quomodo
1600 3201 1847 3262 magnus
1877 3182 1990 3244 iste
2015 3181 2195 3243 mini-

552 3304 574 3332 .
608 3291 705 3334 me
735 3272 966 3335 diversa
1007 3271 1080 3334 ab
1125 3271 1258 3333 aliis
1307 3271 1526 3334 sanctis
1586 3269 1857 3332 Patribus
1915 3272 2193 3332 insinuat.

553 3385 578 3418 ε
611 3359 878 3441 Namque
909 3380 1042 3423 cum
1081 3360 1168 3421 illi
1197 3360 1506 3437 dixissent,
1530 3359 1894 3424 Salvatorem
1927 3361 2200 3422 datorem”

557 3480 579 3511 ε
613 3449 892 3530 Spiritus,
922 3449 1300 3510 concorditer
1320 3457 1379 3511 et
1411 3449 1640 3529 ipse,ex
1663 3448 1875 3510 eodem
1907 3447 2192 3528 Spiritum

558 3565 584 3595 α
617 3537 807 3618 accipi
837 3537 1033 3599 docet.
1067 3535 1299 3599 Dationi
1351 3536 1647 3618 siquidem
1702 3536 1946 3600 omnino
1977 3553 2193 3617 accep—

559 3653 580 3683 ο
616 3627 838 3688 tionem
873 3625 1193 3686 succedere
1224 3623 1563 3686 didicimus.
1602 3647 1626 3679 to

1205 3716 1536 3797 Refutatio.

635 3804 858 3868 Verum
880 3804 1164 3868 attendito
1197 3808 1585 3886 tu.quomodo
1617 3805 1860 3869 exPatre
1893 3805 2196 3886 processio

557 3900 616 3954 et
635 3912 704 3956 ex
738 3893 887 3956 Filio
919 3893 1188 3973 acceptio
1219 3895 1376 3955 idem
1411 3893 2062 3976 signiﬁcant,Spiritum
2089 3893 2201 3955 sci-

556 3980 697 4043 licet
721 4000 857 4044 esse
883 4001 950 4045 ex
991 3991 1242 4063 utroque
1273 3991 1334 4044 ut
1365 4001 1611 4061 magnus
1661 3983 2029 4065 Epiphanius
2078 3991 2200 4044 tes-

560 4077 744 4152 tatur,
774 4089 908 4133 cum
939 4071 1103 4134 dicit.
1135 4102 1154 4134 ι
1190 4070 1357 4144 Quod
1379 4072 1428 4132 si
1457 4071 1724 4134 Christus
1756 4091 1822 4134 ex
1858 4075 2031 4135 Patre
2062 4089 2199 4133 cre-

555 4155 739 4233 ditur,
767 4160 925 4222 Deus
956 4177 1026 4222 ex
1056 4159 1198 4222 Deo.
1266 4160 1342 4222 Et
1391 4157 1644 4240 Spiritus
1676 4179 1743 4222 ex
1791 4159 2048 4240 Christo,
2081 4161 2203 4221 sive

557 4245 631 4307 ab
662 4255 942 4329 utroque,
972 4255 1038 4309 ut
1063 4247 1334 4312 Christus
1355 4247 1470 4329 ait;
1515 4277 1534 4304 ι
1558 4248 1671 4322 Qui
1699 4267 1733 4310 a
1759 4247 1930 4310 Patre
1987 4265 2202 4329 proce-

557 4334 664 4415 dit,
701 4362 724 4394 ι
765 4345 844 4414 et,
882 4362 902 4391 α
930 4337 1040 4400 Ηίο
1071 4354 1140 4400 ex
1172 4355 1304 4398 meo
1330 4336 1582 4418 accipiet
1607 4338 1660 4402 8.
1698 4365 1720 4398 ι

639 4518 921 4600 Ejusdem
949 4537 1028 4584 ex
1074 4523 1289 4663 ρι’ἱιρΙρ,
1322 4527 1532 4664 cortina
1581 4520 1949 4584 Eunomr’um
1985 4520 2121 4582 An-

1267 4618 1392 4662 irre
1420 4619 1534 4664 tt’O.

1267 4618 1534 4664 meum.

643 4689 792 4753 CXI.
821 4709 845 4743 ι
878 4689 1037 4753 Patri
1063 4693 1391 4755 secundum
1423 4693 1580 4774 quod
1613 4694 1912 4756 increatus
1942 4701 2028 4756 est
2059 4711 2208 4754 con-

569 4809 591 4841 ι
615 4778 1244 4862 jungitur,rursusque
1273 4781 1345 4844 ab
1364 4800 1456 4855 eo,
1482 4784 1640 4863 quod
1665 4782 1748 4844 uti
1771 4782 1872 4844 ille
1898 4781 2070 4844 Pater
2092 4799 2209 4842 non

567 4897 588 4926 σ
629 4876 742 4949 est,
789 4877 1096 4949 separatur
1128 4887 1142 4932 :
1173 4871 1555 4951 conjungitur
1595 4879 1658 4933 et
1707 4871 1854 4933 Filio
1881 4870 2208 4933 secundum

572 4977 594 5006 ιι
629 4955 785 5037 quod
817 4956 1116 5019 increatus
1163 4967 1342 5032 est,et
1373 4961 1528 5041 quod
1563 4978 1800 5022 causam
1853 4958 2208 5022 exsistentiaa

573 5073 594 5101 ι
631 5063 703 5106 ex
734 5045 999 5106 omnium
1027 5045 1150 5108 Deo
1183 5047 1396 5109 habeat
1429 5070 1445 5111 :
1471 5048 1805 5129 sejungitur
1833 5066 2039 5110 rursus
2066 5065 2204 5127 pro-

573 5162 596 5194 .
633 5132 778 5212 priet
793 5145 911 5214 ate,
944 5135 1106 5214 quod
1139 5154 1258 5197 non
1291 5143 1569 5218 tanquam
1597 5136 1939 5214 unigenitus
1963 5135 2210 5198 exPatre

578 5251 600 5280 ι
634 5219 913 5298 substitit,
942 5231 1000 5285 ct
1029 5223 1186 5304 quod
1239 5243 1346 5306 per
1391 5227 1586 5307 ipsum
1633 5225 1840 5286 Filium
1891 5223 2206 5306 apparuit:

581 5337 603 5366 α
635 5325 844 5369 rursus
890 5327 1025 5371 cum
1087 5321 1364 5376 creatura
1412 5332 1519 5395 per
1559 5313 1775 5376 Filium
1831 5311 2210 5386 substitisset,

579 5426 601 5456 σ
637 5415 712 5458 ne
741 5414 875 5458 eum
907 5415 979 5460 ea
1007 5401 1753 5485 communionemSpiritus
1773 5400 1995 5465 habere
2017 5399 2214 5464 existi-

647 5567 683 5616 8
710 5567 879 5630 Joan.
914 5582 1018 5644 xv,
1047 5569 1164 5646 26;
1198 5585 1322 5647 xvr,
1355 5572 1453 5637 14.

2225 4597 2269 4646 D

2255 507 2276 536 ε
2311 482 2473 538 αἰτίαν
2531 481 2585 539 δὲ
2641 490 2734 540 τοῦ
2801 486 2972 563 τρίτου
3029 486 3188 563 φυτὸς
3250 486 3561 559 ὕποθώμεθα
3617 483 3759 538 εἶναι
3799 479 3899 545 τὴν

2249 596 2276 628 ι
2309 570 2526 648 πρώτην
2584 571 2778 651 φλόγα,
2851 573 2908 629 ἐκ
2967 571 3250 637 διαδόσεως
3307 571 3382 627 διὲ
3448 578 3541 630 τοῦ
3609 571 3768 646 μέσου
3837 567 3899 622 τὸ

2253 677 2275 708 ι
2310 656 2467 737 ἄκρον
2525 659 2817 735 ἐξάψασαν,
2890 661 3074 718 ἔπειτα
3141 660 3512 731 κατασκευάζει
3595 656 3901 726 πλεονάζειν

2255 773 2278 804 ι
2312 746 2367 802 ἐν
2409 751 2478 823 τῇ
2518 748 2702 826 πρώτῃ
2745 747 2902 828 φλογὶ
2942 752 3043 816 τὴν
3101 749 3406 828 θερμασίαν,
3477 753 3545 823 τῇ
3597 745 3651 801 δὲ
3711 743 3900 823 ἐφεξῆς

2254 861 2280 896 ς
2310 833 2718 916 ὺποεεόηκέναι,
2764 840 2851 894 καὶ
2907 839 3036 917 πρὸς
3093 839 3154 894 τὸ
3198 836 3413 893 ἔλαττον
3442 835 3590 912 ἔχειν
3632 837 3731 900 τὴν
3787 853 3899 888 πα-

2252 945 2278 981 (
2312 920 2586 1000 Ρ²λλ²γῆν
2645 927 2745 992 τὴν
2801 927 2982 1005 τρίτην
3039 924 3175 1001 μηδὲ
3233 923 3434 1004 πῦρὲτι
3479 923 3742 1000 λέγεσθαι,
3803 920 3899 975 κᾶν

2253 1037 2278 1069 α
2311 1010 2697 1088 παραπλησίως
2765 1014 2889 1090 καίη
2961 1017 3047 1069 καὶ
3102 1015 3260 1093 φαίνῃ
3322 1014 3410 1068 καὶ
3469 1012 3638 1068 πάντα
3697 1011 3762 1065 τὰ
3809 1008 3902 1063 τοῦ

2256 1119 2279 1150 ι
2313 1099 2472 1178 πυρὰς
2498 1098 2799 1181 ἐργάζηται.
2833 1131 2859 1164 ι

2924 1277 3256 1341 Ἐπιστασία.

2342 1393 2363 1422 ι
2395 1373 2613 1438 Ακοιίεις
2671 1373 2838 1430 αἰτίαν
2917 1374 3088 1448 μόνην
3147 1375 3246 1440 τὴν
3318 1373 3534 1450 πρώτην
3604 1367 3902 1446 λαμπάδα,

2259 1483 2285 1518 σ
2319 1468 2483 1520 Τοῦτο
2528 1464 2628 1540 γὰρ
2684 1464 2712 1518 6
2782 1460 2934 1540 ἅγιος
2990 1463 3326 1538 ὑπεσήμα-ιεν
3403 1461 3462 1518 ἐκ
3559 1467 3650 1516 τοῦ
3706 1461 3901 1528 eius“,

2262 1575 2284 1606 ι
2314 1547 2399 1606 διὰ
2463 1559 2556 1608 τοῦ
2639 1548 2826 1626 μέσου.
2900 1549 3214 1630 Συλλεγίζου
3301 1558 3424 1629 γοῦν
3495 1553 3760 1626 νουνεχῶς
3845 1547 3909 1601 τὸ

2258 1664 2282 1695 α
2316 1639 2544 1696 ἐντεῦθεν
2575 1639 3009 1718 ἀναφαινόμενον.
3052 1667 3074 1697 ι

2911 1729 3237 1809 Ἀντίῤῥησις
3249 1775 3262 1788 .

2335 1821 2458 1881 Ἐὰν
2514 1829 2780 1904 νουνεχῶς
2849 1825 2911 1880 τὸ
2980 1824 3040 1879 ἐκ
3119 1824 3218 1891 τῆς
3283 1825 3529 1902 ῥηθείσης
3612 1823 3908 1893 περικοπῆς

2255 1912 2672 1989 ἀναφαινόμενον
2745 1910 3128 1989 συλλογίζεσθαι
3203 1911 3412 1992 ἤθελες,
3487 1913 3581 1969 οἶικ
3651 1911 3710 1966 ἂν
3762 1912 3909 1988 sip-ﬁ,-

2255 2019 2364 2063 κεις
2435 1999 2607 2074 μόνην
2685 2001 2783 2067 τὴν
2879 2013 3095 2078 πρώτην
3177 1999 3427 2076 λαμπάδα
3483 2001 3649 2057 αἰτίαν
3699 2001 3912 2065 ὑποση-

2258 2087 2528 2164 μαίνεσθαι
2587 2088 2647 2145 ἐκ
2703 2095 2794 2145 τοῦ
2842 2091 3012 2146 εἰπεῖν
3054 2091 3144 2145 τὸν
3201 2090 3375 2170 ἅγιον,
3434 2088 3518 2146 διὰ
3575 2097 3668 2146 τοῦ
3723 2089 3912 2167 μέσου,

2261 2174 2379 2232 ἆ)λ’
2424 2176 2782 2256 ὡμολόγησας
2866 2176 2928 2233 ἂν
2994 2179 3055 2234 τὸ
3124 2184 3336 2254 Πνεῦμα
3391 2176 3475 2234 διὰ
3528 2187 3621 2237 τοῦ
3667 2180 3807 2250 fimi,
3856 2177 3917 2232 ἐκ

2260 2272 2354 2323 τοῦ
2422 2269 2626 2344 Πατρὸς
2671 2266 2837 2345 εἶναι,
2881 2267 2955 2326 ὡς
3003 2269 3065 2322 τὸ
3117 2267 3288 2346 τρίτον
3347 2275 3456 2346 φῶς
3505 2265 3587 2323 διὰ
3629 2274 3721 2322 τοῦ
3751 2266 3915 2341 μέσον

2263 2353 2323 2409 ἐκ
2349 2356 2448 2422 τῆς
2485 2356 2723 2433 πρώτης,
2771 2353 2991 2434 φλογός.

2738 2449 2840 2506 Τοῦ
2884 2448 3039 2505 αὐτοῦ
3069 2449 3131 2505 ἐκ
3157 2457 3248 2506 τοῦ
3278 2451 3432 2506 αὐτοῦ

2349 2546 2447 2598 Pl‘.
2491 2566 2511 2596 ε
2545 2543 2617 2598 Τὸ
2689 2546 2900 2616 Πνεῦμα
2999 2543 3060 2598 τὸ
3153 2542 3304 2620 ἅγιον
3387 2544 3557 2599 πάντα
3651 2543 3702 2597 ἐν
3759 2549 3919 2598 πᾶσιν

2277 2653 2299 2686 ε
2332 2628 2561 2708 ἐνεργεῖ,
2645 2629 2818 2692 καθὼς
2914 2627 3182 2709 βούλεται,
3286 2629 3482 2704 αἴτιον,
3570 2631 3914 2709 ἡγεμονικὸν,

2279 2744 2301 2774 ι
2333 2717 2501 2790 εὒθὲς,
2573 2713 2793 2792 δίκαιον,
2853 2716 3121 2799 ἀληθινὸν,
3219 2720 3284 2775 τὰ
3339 2717 3472 2787 ϐάθη
3554 2719 3773 2799 ἐρευνῶν
3827 2730 3921 2778 τοῦ

2277 2831 2302 2865 ι
2335 2808 2486 2886 Θεοῦ,
2555 2805 2615 2862 ἐκ
2713 2807 2914 2884 Πατρὸς
2999 2807 3430 2886 ἐκπορευόμενον,
3515 2809 3574 2864 ἐκ
3649 2817 3742 2864 τοῦ
3798 2810 3918 2866 ι’ἱοῦ

2277 2922 2302 2954 α
2336 2893 2630 2970 λαμϐάνον,
2681 2921 2702 2952 ι

2935 2988 3272 3054 Ἐπιστασία,

2364 3112 2386 3142 α
2435 3083 2709 3162 Πρόσσχες
2744 3081 2803 3140 ἐκ
2843 3085 2980 3146 τίνος
3038 3083 3068 3150 ἣ
3108 3095 3200 3145 τοῦ
3227 3087 3555 3162 Πνεῦματος,
3587 3086 3916 3166 ἔκπόρευσις,

2281 3196 2304 3231 ι
2338 3173 2425 3228 καὶ
2493 3169 2553 3226 ἐκ
2607 3172 2747 3234 τίνος
2804 3173 2838 3239 ἡ
2894 3171 3086 3247 λῆψις,
3166 3176 3253 3231 καὶ
3308 3182 3422 3239 πῶς
3495 3177 3748 3255 σύμφωνα
3803 3189 3920 3241 τοῖς

2282 3285 2305 3317 ι
2341 3273 2711 3339 προγραφετσι,
2767 3260 2921 3326 θείοις
2993 3263 3248 3341 Πατράσι,
3335 3267 3420 3320 καὶ
3461 3267 3490 3322 6
3549 3265 3713 3343 μέγας
3771 3272 3923 3330 οὗτος

2286 3374 2308 3406 ι
2343 3345 2594 3408 διδάσκει.
2645 3353 2853 3428 Δοτῆρα
2909 3351 3009 3428 γὰρ
3061 3353 3274 3408 ἓκείνων
3329 3353 3582 3409 εἰπόντων
3630 3363 3723 3412 τοῦ
3752 3357 3921 3409 Πνεῦ-

2283 3463 2306 3494 ι
2340 3459 2506 3512 ματος
2557 3439 2646 3493 τὸν
2690 3439 2938 3518 Σωτῆρα,
2987 3443 3281 3519 συμφώνως
3338 3444 3424 3498 καὶ
3481 3442 3632 3506 οὗτος
3689 3442 3741 3508 ἐξ
3770 3445 3928 3500 αὐτοῦ

2279 3549 2304 3582 ι
2336 3527 2398 3583 τὸ
2440 3532 2653 3599 Πνεῦμα
2721 3523 2946 3584 δίδάσκει
3029 3527 3407 3605 λαμϐάνεσθαι,
3486 3537 3563 3607 Τῇ
3614 3533 3714 3611 γὰρ
3757 3531 3922 3604 δόσει,

2282 3642 2306 3674 ι
2338 3617 2424 3672 καὶ
2451 3617 2551 3684 τὴν
2579 3613 2743 3690 λῆψιν
2772 3615 2984 3680 πάντως
3014 3617 3136 3693 ἐποξ.
3159 3617 3281 3686 ένην
3308 3620 3593 3696 ἒμάθομεν.
3645 3642 3664 3669 ι

2921 3707 3275 3789 ’Λντίρῤησις.

2361 3797 2526 3856 Ἀλλὰ
2594 3802 2862 3881 πρόσσχες
2907 3804 2993 3859 καὶ
3049 3803 3193 3866 ὅπως
3245 3805 3364 3874 ἧέκ
3406 3813 3497 3862 τοῦ
3529 3808 3728 3885 Πατρός
3758 3809 3930 3863 ὶκπό-

2281 3908 2453 3966 ρευσις
2495 3890 2582 3944 καὶ
2638 3887 2698 3943 ἐκ
2735 3897 2826 3945 τοῦ
2885 3891 3003 3946 Υἱοῦ
3056 3890 3222 3968 λῆψις
3270 3896 3581 3969 σημαίνουσι
3660 3917 3720 3950 τε)
3777 3895 3928 3974 αὖτίι,

2282 3977 2344 4032 τὸ
2396 3977 2458 4032 τὸ
2531 3981 2742 4050 Πνεῦμα
2807 3977 2949 4034 εἶναι
2992 3977 3195 4048 δηλαδὴ
3251 3981 3302 4047 ἐξ
3331 3983 3556 4063 ἀμφοῖν,
3589 3985 3663 4046 ὡς
3693 3985 3722 4039 6
3763 3984 3934 4061 μέγας

2286 4064 2594 4144 Ἐπιφάνιος
2639 4079 2892 4145 μαρτυρεῖ
2943 4069 2997 4122 ὶν
3041 4069 3130 4134 οἷς
3174 4069 3318 4150 λέγει
3353 4087 3365 4100 ·
3415 4072 3474 4128 Εἰ
3501 4068 3556 4126 δὲ
3597 4075 3818 4150 Χριστὸς
3875 4071 3940 4126 ἐκ

2284 4159 2378 4210 τοῦ
2452 4155 2656 4234 Πατρὸς
2726 4156 3052 4230 πιστεύεται,
3139 4160 3268 4223 Θεὸς
3357 4159 3418 4216 ἐκ
3493 4167 3646 4240 Θεοῦ,
3717 4164 3804 4218 καὶ
3872 4164 3937 4216 τὸ

2288 4247 2500 4318 Πνεῦμα
2550 4242 2611 4298 ἐκ
2671 4245 3052 4330 ’.ποῦ’-Χριστοῦ,
3096 4245 3132 4315 ἢ
3162 4246 3285 4327 παρ’
3331 4246 3664 4330 ἀμφοτέρων,
3695 4249 3767 4314 ὥς
3823 4273 3937 4330 φη-

2771 4322 2806 4346 ”
2856 4322 2864 4324 ε
3240 4322 3250 4327 -
3371 4322 3433 4328 ..
3536 4322 3548 4328 -
3647 4322 3661 4330 ,
3837 4322 3848 4330 .

2288 4354 2370 4388 σιν
2399 4334 2428 4388 6
2461 4333 2708 4413 Χριστὸς,
2807 4343 2848 4391 Ο
2906 4336 3047 4414 παρὰ
3127 4358 3220 4393 του
3289 4339 3491 4416 Πατρὸς
3576 4338 3935 4418 ἐκπορεύεται,

2287 4421 2399 4494 καὶ,
2434 4421 2632 4487 «Οὗτος
2663 4422 2723 4479 ἐκ
2750 4432 2843 4482 τοῦ
2873 4422 3001 4500 ἐμοῦ
3041 4423 3293 4500 λήψεται,
3333 4442 3358 4478 ι

2287 4513 2390 4572 Τοῦ
2456 4514 2562 4572 ἀπὸ
2616 4524 2708 4575 τοῦ
2779 4516 2983 4596 πρώτου
3040 4523 3144 4574 τῶν
3206 4521 3337 4599 πρὸς
3417 4521 3671 4597 Εὐνόμιον
3740 4519 3942 4598 Ἀντίρ-

2983 4596 3234 4676 ρητικῶν,

2371 4679 2519 4753 ΡΙΑ’.
2559 4713 2583 4746 ο
2629 4697 2714 4766 Τῷ
2770 4692 2870 4770 γὰρ
2915 4693 3076 4772 Πατρὶ
3131 4694 3265 4751 κατὰ
3294 4695 3355 4750 τὸ
3397 4694 3641 4752 ἆκτιστον
3683 4695 3944 4753 συναπτό-

2299 4800 2322 4835 σ
2355 4799 2534 4854 μενον,
2598 4778 2758 4836 πάλιν
2817 4779 2998 4860 αὒτοῦ,
3055 4787 3133 4856 τῷ
3185 4783 3263 4858 μὴ
3305 4784 3488 4863 Πατὴρ
3526 4785 3666 4840 εἶναι
3708 4784 3944 4863 καθάπερ

2294 4888 2322 4928 ς
2357 4867 2590 4942 ἐκεῖνος,
2619 4865 3014 4948 διαχωρίζεται,
3072 4875 3142 4947 τῇ
3189 4869 3243 4926 δὲ
3298 4873 3431 4950 πρὸς
3485 4873 3578 4929 τὸν
3631 4874 3750 4929 Υἱὸν
3806 4875 3946 4930 κατα

2298 4976 2323 5013 α
2356 4957 2420 5012 τὸ
2473 4953 2717 5014 ἅκτιστον
2774 4958 3044 5037 συναφείᾳ,
3115 4960 3202 5016 καὶ
3259 4959 3314 5015 ἐν
3377 4967 3453 5034 τῷ
3489 4962 3587 5029 τὴν
3641 4963 3806 5018 αἰτίαν
3850 4961 3947 5029 τῆς

2298 5064 2326 5103 (
2357 5043 2620 5125 ὑπάρξεως
2677 5044 2738 5100 ἐκ
2793 5053 2885 5104 τοῦ
2941 5047 3071 5105 Θεοῦ
3123 5051 3227 5104 τῶν
3274 5048 3414 5106 ὅλων
3444 5049 3612 5129 ἔχειν,
3658 5050 3944 5129 ἀφίσςαται

2300 5155 2324 5190 ι
2359 5132 2519 5194 πάλιν
2560 5140 2638 5208 τῷ
2686 5131 2954 5211 ἰδιάζοντι,
2990 5135 3044 5192 ἐν
3092 5144 3170 5212 τῷ
3199 5137 3338 5213 μήτε
3380 5143 3683 5217 μονογενῶς
3739 5137 3800 5194 ἐκ
3853 5147 3950 5197 τοῦ

2303 5243 2328 5279 α
2367 5223 2571 5300 Πατρὸς
2628 5223 2950 5298 ὑποστῆναι,
3001 5226 3090 5282 καὶ
3144 5225 3198 5283 ἐν
3239 5232 3317 5301 τῷ
3357 5224 3424 5282 δι’
3480 5228 3637 5286 αὐτοῦ
3689 5237 3781 5286 τοῦ
3823 5229 3951 5284 ι’ἱοῦ

2306 5334 2328 5368 ε
2365 5310 2675 5392 πεφηνέναι,
2721 5311 2888 5370 Πάλιν
2920 5311 2974 5370 δὲ
3026 5314 3123 5383 τῆς
3168 5315 3387 5378 κτίσεως
3445 5313 3530 5372 διὰ
3571 5321 3663 5373 τοῦ
3704 5322 3947 5396 Μονογε-

2303 5425 2330 5458 σ
2367 5401 2484 5466 νοῦς
2526 5400 2854 5484 ὑποστάσης,
2913 5404 2986 5468 ὡς
3083 5401 3144 5461 ἂν
3224 5404 3301 5480 μὴ
3373 5405 3656 5474 κοινότητᾶ
3710 5426 3828 5463 ⁶τινα
3887 5407 3951 5463 τὸ
