4180 6282
292 401 408 464 557

1312 402 1392 463 ΙΝ
1435 398 1830 463 CAMATERI
1873 399 2513 465 ANIMADVERSION
2519 403 2627 464 ES.

3557 400 3674 467 558

297 563 317 593 ι
353 544 565 612 Πνεῦμα
637 539 859 612 νομιεῖθῇ
915 538 1044 614 πρὸς
1113 535 1311 601 ταύτην
1388 531 1557 614 ἔχειν,
1604 533 1663 590 ἐκ
1716 541 1809 591 τοῦ
1862 527 1967 585 διὰ.

2091 531 2536 612 maretur,quod
2570 549 2677 612 per
2703 531 2915 595 Filium
2948 541 3251 614 appareat,
3280 533 3673 598 immutabili-

296 645 318 675 ι
348 633 441 684 τοῦ
498 627 619 683 Υἱοῦ
666 624 978 706 πειρηνέναι,
1039 623 1092 679 ἐν
1163 629 1240 696 τῷ
1303 623 1567 702 ἀτρέπτῳ,
1613 623 1702 679 καὶ
1773 618 1942 677 ἀναλ-

301 741 322 770 σ
358 715 584 792 λοιώτῳ,
651 715 738 770 καὶ
786 711 1069 792 ἁπροοδεεϊ
1125 713 1224 779 τῆς
1291 711 1539 790 ἑτέρωθεν
1596 710 1944 788 ἀγαθότητος,

298 824 323 854 α
357 803 670 883 διακρίνεται
712 805 771 858 τὸ
815 809 1026 877 Πνεῦμα
1058 801 1164 858 ἀπὸ
1194 807 1290 867 τῆς
1329 802 1570 865 κτίσεως,
1622 819 1644 849 ι

959 890 1292 949 Ἐπιστασία.

374 1008 400 1042 ι
436 989 745 1052 ’ἐπὶατητον
815 982 1044 1064 ἀκριϐῶς
1106 985 1242 1042 κατα
1306 985 1356 1040 τί
1419 987 1480 1040 τὸ
1523 990 1736 1058 Πνεῦμα
1781 981 1941 1038 συνά-

304 1100 327 1130 σ
359 1097 543 1132 πτεται
598 1083 676 1150 τῷ
733 1079 858 1146 rice,
926 1075 1012 1130 καὶ
1083 1073 1218 1129 κατα
1261 1075 1308 1128 τί
1363 1083 1545 1131 τοῦτου
1601 1072 1876 1150 ἀρίσταται
1927 1089 1940 1103 ·

308 1191 329 1220 σ
363 1167 449 1220 καὶ
492 1164 572 1220 ὅτι
629 1164 1021 1238 συναπτόμενον
1073 1163 1240 1232 τούτῳ
1296 1163 1431 1218 κατὰ
1473 1183 1530 1216 τε
1575 1162 1634 1216 τὸ
1677 1159 1943 1237 timum,

306 1280 328 1311 ι
362 1255 537 1308 καὶτὸ
565 1255 655 1308 τον
715 1255 872 1312 αὑτὸν
913 1251 1083 1323 τούτῳ
1123 1251 1210 1306 καὶ
1270 1249 1358 1304 ἕνα
1416 1248 1563 1328 ἔχειν
1621 1254 1719 1314 τῆς
1775 1246 1944 1324 ὑπάρ-

310 1367 332 1398 ι
365 1341 492 1408 Esca:
547 1341 718 1398 αἴτιον
776 1341 1054 1419 ἀφίσταται
1113 1339 1248 1394 κατὰ
1292 1359 1350 1395 τε
1397 1340 1457 1395 τὸ
1499 1337 1576 1412 μὴ
1634 1339 1946 1414 γεννηθῆναι

1243 1427 1354 1448 ἠν
1405 1426 1466 1448 δ’
1524 1426 1650 1448 γνη..

308 1537 330 1568 ι
365 1519 530 1575 νέναι.
581 1517 800 1596 Μεγάλη
853 1515 908 1572 δὲ
964 1515 1176 1577 πάντως
1205 1517 1239 1581 ἡ
1269 1514 1360 1570 τοῦ
1389 1513 1440 1578 ἐξ
1497 1516 1654 1571 αὐτοῦ
1707 1515 1836 1590 πρὸς
1892 1512 1952 1566 τὸ

309 1626 334 1659 ι
367 1605 434 1663 δι’
480 1611 634 1666 αῦτοῦ
674 1605 912 1684 διαφορά.
950 1625 972 1654 ³

959 1784 1307 1864 ’Λντίῤῥησις,

385 1882 544 1956 Χάρις
603 1902 706 1954 σοι,
765 1878 848 1935 ὅτι
893 1877 1301 1955 διωμολόγησας
1359 1875 1594 1944 ἰδιότητα
1650 1897 1742 1931 του
1785 1875 1951 1929 Πνεύ-

387 1992 415 2003 ·’
548 1971 574 1991 ⁷
692 1970 741 2003 ”“
846 1968 857 1984 “
976 1968 1132 2022 “0~
1289 1966 1550 2022 tb'l‘ib
1701 1962 1816 1986 “’““
1928 1970 1948 1979 “

308 1991 476 2046 μα.ος
519 1990 662 2026 ειναι
703 1989 754 2024 .ο
798 1991 874 2043 μη
910 1988 1068 2045 γεδνη
1109 1988 1252 2046 ηναι,
1338 1988 1363 2029 ς
1399 1988 1427 2020 ο
1555 1988 1602 2032 ς,
1631 1987 1718 2020 και
1749 1982 1831 2018 οια
1862 1985 1954 2019 τοῦ

308 2061 432 2118 Υἱοῦ
483 2059 772 2138 πεφηνέναι
821 2056 966 2114 αὐτό.
1033 2055 1174 2120 Λῦτη
1237 2055 1336 2133 γὰρ
1388 2056 1423 2122 ἡ
1481 2053 1756 2130 ὁμολογία,
1791 2053 1950 2130 παρί-

1977 1821 2012 1870 Β

2033 635 2056 667 α
2090 625 2229 685 tate.
2257 619 2556 693 ﬁrmitate,
2586 639 2657 682 ac
2707 619 3009 699 bonitatis,
3060 642 3192 704 quae
3245 634 3528 688 extranea
3572 624 3672 706 sit,

2033 731 2056 761 ο
2089 706 2252 768 nulla
2305 708 2631 787 indigentia
2682 727 2716 770 a
2772 721 3046 773 creatura
3099 712 3360 792 Spiritus
3411 712 3676 776 secerni-

2034 823 2056 854 ι
2089 805 2212 857 tur.
2255 825 2276 856 ο

2614 891 3090 957 Animadversio.

2109 1000 2139 1032 «
2168 981 2455 1044 Accurate
2485 983 2964 1059 animadvertito,
3000 986 3331 1050 secundum
3365 987 3510 1068 quid
3543 987 3675 1068 Spi-

2029 1090 2054 1124 ι
2087 1068 2235 1130 ritus
2268 1073 2660 1151 conjungatur
2692 1075 2839 1144 Deo,
2866 1081 2925 1134 et
2954 1075 3281 1137 secundum
3315 1076 3458 1156 quid
3486 1095 3677 1139 secer-

2035 1182 2058 1213 α
2089 1167 2297 1218 natur:
2325 1171 2383 1220 et
2413 1161 2794 1241 conjungitur
2823 1163 3064 1241 quidem
3097 1164 3184 1224 illi
3212 1165 3540 1226 secundum
3591 1170 3674 1226 in-

2035 1277 2056 1308 ε
2091 1256 2378 1320 creatum,
2405 1259 2462 1310 et
2493 1250 2772 1312 eumdem
2807 1269 2984 1311 unam
3019 1269 3150 1312 cum
3173 1253 3288 1313 alio
3314 1253 3534 1316 habere
3557 1272 3677 1315 sua:

2035 1362 2058 1394 ι
2092 1335 2451 1398 exsistentize
2480 1355 2738 1399 causam.
2765 1338 3114 1400 Secernitur
3145 1358 3342 1419 porro,
3368 1341 3522 1422 quod
3557 1360 3675 1403 non

2035 1443 2059 1474 α
2095 1423 2168 1484 sit
2195 1426 2428 1502 genitus
2462 1435 2524 1487 ut
2557 1425 2680 1499 ille,
2717 1433 2775 1486 et
2802 1427 2958 1506 quod
2992 1446 3109 1488 non
3140 1448 3210 1490 ex
3241 1429 3372 1508 ipso
3429 1429 3535 1491 sed
3570 1448 3684 1510 per

2045 1541 2066 1571 ε
2096 1511 2288 1591 ipsum
2319 1514 2680 1594 apparuerit.
2713 1513 2985 1592 Magnum
3037 1532 3180 1578 vero
3234 1517 3554 1580 discrimen
3586 1525 3677 1581 est

2044 1629 2065 1659 ι
2096 1598 2252 1661 inter
2281 1603 2405 1664 haec
2438 1603 2554 1664 duo
2585 1621 2656 1664 ex
2684 1601 2838 1684 ipso,
2873 1615 2933 1664 et
2963 1622 3072 1684 per
3101 1604 3317 1685 ipsum.
3355 1635 3377 1664 ι

2707 1785 3031 1846 Refutatio.

2707 1785 3031 1862 Refutatio.

2115 1875 2327 1938 Gratia;
2358 1876 2597 1955 quidem
2633 1876 2738 1938 tibi
2773 1876 3060 1939 habendae
3093 1885 3246 1950 sunt,
3302 1879 3457 1958 quod
3490 1880 3680 1944 fassus

2034 1981 2120 2037 es,
2157 1962 2409 2044 Spiritus
2436 1965 2852 2044 proprietatem
2888 1983 3042 2046 esse,
3076 1984 3193 2026 non
3243 1985 3376 2028 esse
3414 1970 3677 2048 genitum

2036 2052 2119 2112 uti
2151 2061 2242 2112 est
2267 2052 2474 2123 Filius,
2511 2062 2569 2114 et
2600 2071 2706 2133 per
2735 2053 2945 2115 Filium
2985 2071 3292 2134 apparere.
3329 2054 3466 2118 Haec
3513 2059 3674 2120 enim

310 2170 502 2214 στησιν
531 2147 762 2225 ἐναργῶς
795 2146 870 2220 μὶ.
928 2145 1070 2200 εἶναι
1124 2145 1185 2198 τὸ
1243 2149 1454 2219 Πνεῦμα
1511 2142 1570 2199 ἐκ
1623 2141 1716 2198 τοῦ
1753 2141 1953 2220 Πατρὸς

2057 2143 2286 2202 issertio
2307 2149 2511 2222 aperte
2540 2143 2820 2214 ostendit,
2852 2141 3138 2223 Spiritum
3167 2163 3286 2204 non
3317 2163 3449 2206 esse
3473 2165 3540 2208 ex
3562 2146 3678 2210 Pa-

310 2238 474 2312 μόνου
522 2254 536 2269 °
582 2238 648 2302 ἦν
690 2235 790 2310 γὰρ
815 2231 878 2289 ἂν
930 2233 1182 2312 γεννητὸς
1243 2233 1360 2295 Υἱὸς
1417 2233 1508 2287 καὶ
1560 2230 1708 2292 αῦτό.
1761 2231 1830 2288 Τό
1899 2227 1953 2284 δὲ

308 2327 372 2382 εκ
430 2325 630 2402 Πατρὸς
683 2320 768 2378 διά
811 2321 934 2378 Υἱοῦ
975 2322 1209 2400 πεφηνὸς
1266 2320 1318 2385 ἐξ
1347 2320 1570 2400 ἀμφοῖν,
1605 2321 1676 2384 ὡς
1719 2316 1770 2382 ἐξ
1840 2316 1951 2380 ἑνός

311 2414 424 2470 ἔστι
467 2413 542 2468 πά
556 2433 676 2475 »τως
721 2418 873 2472 Θεοῦ.

912 2501 1008 2559 Ἐκ
1047 2510 1141 2558 τοῦ
1185 2503 1358 2560 αὐτοῦ.

395 2589 539 2660 ΡιΒ’,
577 2616 600 2650 ι
638 2599 695 2654 Εἰ
757 2597 844 2652 οὖν
901 2595 956 2652 ἐν
1009 2601 1078 2672 τῇ
1148 2595 1377 2669 ἂκτὲστῳ
1431 2595 1576 2672 φύσει
1634 2607 1831 2651 νοεῖται
1890 2595 1954 2649 τὰ

317 2714 342 2745 ι
376 2687 648 2761 θαυμαστὲ
730 2683 1016 2762 πράγματά
1092 2705 1149 2740 τε
1208 2685 1298 2740 καὶ
1372 2684 1628 2762 ὀνόματα,
1689 2685 1718 2738 ὁ
1774 2681 1955 2760 Πατὴρ

322 2805 344 2836 ο
379 2779 408 2832 ὁ
470 2778 585 2840 Υἱὸς
613 2776 700 2830 καὶ
748 2776 802 2829 τὸ
832 2778 1044 2848 Πνεῦμα
1101 2773 1161 2828 τὸ
1201 2772 1375 2850 ἇίγιον,
1407 2778 1522 2835 πῶς
1551 2770 1698 2828 ἔσται
1741 2768 1956 2826 δυνατὸν

321 2893 346 2923 ι
379 2864 508 2943 ὅπερ
559 2864 644 2919 ἐπὶ
693 2869 799 2918 τῶν
846 2884 994 2919 κατω
1039 2861 1486 2941 περιεργαζομένη
1515 2862 1605 2917 καὶ
1645 2859 1958 2937 πολυπραγ-

324 2984 345 3013 ι
379 2961 612 3030 μονοῦαα
667 2948 1064 3026 καταλαμϐάνει
1117 2953 1152 3018 ἡ
1182 2951 1378 3024 ἔννοια,
1405 2949 1579 3028 ἑτέρον
1608 2948 1786 3028 ἐτέρου
1827 2971 1961 3026 συγ-

320 3069 345 3104 (
379 3047 627 3120 κριτικιῦς
708 3040 1065 3118 ῦπερτιθεῖοα,
1163 3037 1246 3094 διὰ
1330 3059 1470 3102 τινος
1527 3044 1778 3118 χρονικοῦ
1839 3033 1959 3091 δια-

321 3163 343 3186 ι
380 3129 671 3203 πήματος,
745 3129 895 3184 τοῦτο
947 3128 1033 3182 διαὶ
1093 3126 1178 3182 ἐπὶ
1211 3131 1307 3192 τῆς
1378 3125 1624 3182 ἀκτίατου
1683 3125 1772 3181 καὶ
1825 3146 1960 3203 προ-

2036 2237 2126 2290 tre
2157 2231 2307 2309 solo,
2340 2239 2497 2292 esset
2527 2230 2686 2292 enim
2704 2240 2760 2291 et
2790 2231 2919 2311 ipse
2935 2241 3254 2308 generatus
3286 2232 3674 2309 Filius.Quod

2033 2335 2172 2379 vero
2207 2337 2276 2379 ex
2309 2318 2477 2380 Patre
2512 2339 2618 2399 per
2647 2319 2863 2381 Filium
2895 2329 3160 2400 apparet,
3193 2341 3262 2382 ex
3292 2332 3540 2406 utroque
3571 2345 3678 2388 ve-

2037 2406 2144 2467 luti
2172 2424 2240 2471 ex
2276 2425 2394 2468 uno
2422 2417 2512 2469 est
2539 2408 2784 2469 omnino
2816 2407 2962 2472 Deo.

2678 2501 2784 2563 Ea:
2813 2503 3016 2565 eodem

2115 2593 2398 2658 CXll.«Si
2428 2595 2629 2676 itaque
2661 2595 2722 2657 in
2753 2595 3018 2658 increata
3046 2605 3251 2658 natura
3274 2597 3686 2676 intelliguntur

2044 2702 2074 2743 ‹
2104 2701 2202 2744 res
2229 2683 2610 2746 admirabiles
2640 2693 2700 2746 et
2731 2684 2973 2745 nomina
3002 2683 3389 2760 Pater,Filius
3421 2697 3478 2748 et
3507 2685 3687 2769 Spiri-

2044 2795 2073 2828 α
2105 2778 2199 2832 tus
2229 2781 2493 2847 sanctus,
2529 2773 2826 2852 quomodo
2860 2773 2986 2834 ﬁeri
3013 2783 3228 2854 potest,
3259 2782 3322 2835 ut
3351 2794 3481 2855 quae
3503 2777 3687 2838 dehis

2050 2859 2492 2921 «inferioribus
2520 2863 2758 2922 curiose
2809 2878 3218 2942 perscrutans,
3265 2872 3323 2925 et
3368 2864 3688 2944 exquirens

2050 2974 2077 3004 «
2113 2967 2281 3009 meus
2309 2949 2602 3028 intelligit,
2627 2949 2782 3009 aliud
2817 2969 2948 3010 cum
2983 2951 3097 3010 a'io
3115 2952 3456 3026 conferens,
3485 2953 3691 3033 illique

2052 3061 2076 3096 α
2114 3056 2464 3118 praeponens
2481 3047 2721 3118 propter
2736 3038 2972 3118 aliquod
2992 3039 3276 3119 temporis
3291 3041 3684 3106 intervallum.

2053 3151 2079 3181 α
2113 3127 2189 3188 de
2217 3127 2500 3200 increata,
2525 3135 2726 3206 etquae
2754 3136 2890 3188 ante
2924 3129 3139 3189 saecula
3173 3128 3279 3189 fuit
3313 3139 3518 3191 natura
3543 3149 3691 3191 con-

323 3245 347 3277 ι
381 3221 587 3274 αιωνίου
642 3218 868 3287 νομίζειν
949 3215 1126 3277 οῦσεας
1197 3215 1362 3291 εἶναι,
1413 3214 1468 3270 ἐν
1522 3217 1560 3291 ᾗ
1621 3213 1800 3292 Πατὴρ
1868 3214 1964 3286 μὲν

2057 3235 2082 3274 ε
2119 3214 2320 3292 cipiet,
2355 3215 2414 3275 in
2445 3233 2559 3294 qna
2585 3224 2674 3276 est
2705 3213 2875 3309 Pater
2903 3215 3130 3309 absque
3161 3217 3560 3298 principio,et
3593 3218 3686 3278 in~

321 3326 346 3360 ι
381 3311 418 3384 ᾗ
473 3307 655 3385 Πατὴρ
719 3305 950 3384 ἄναρχος
1003 3305 1092 3360 καὶ
1159 3303 1446 3381 ἀγέννητος
1495 3304 1583 3359 καὶ
1637 3303 1718 3359 ἀεὶ
1786 3301 1967 3378 Πατὴρ

2057 3327 2083 3359 α
2116 3303 2372 3380 genitus,
2408 3313 2470 3365 et
2500 3321 2740 3383 semper
2795 3303 3147 3383 intelligitur
3204 3324 3337 3368 esse
3393 3310 3588 3384 Pater,
3623 3325 3694 3370 ex

320 3425 345 3459 ε
379 3409 604 3470 νοεῖται,
661 3394 712 3460 ἐξ
766 3394 923 3450 αὒτοῦ
977 3390 1032 3448 δὲ
1101 3394 1238 3450 κατὰ
1283 3395 1342 3449 τὸ
1411 3391 1676 3472 προσεχὲς
1709 3388 1965 3446 ἀδιαστά-

326 3519 347 3548 ι
381 3510 486 3552 τως
527 3491 556 3543 ὁ
587 3486 879 3564 μονογενὴς
937 3486 1055 3548 Υἱὸς
1102 3491 1179 3558 τῷ
1210 3486 1372 3562 Πατρὶ
1414 3495 1829 3542 συνεπινοεῖται.
1889 3479 1967 3535 Δι’

326 3607 349 3636 ι
383 3579 539 3634 αὺτοῦ
592 3573 646 3630 δὲ
697 3575 787 3630 καὶ
829 3572 945 3645 μετ’
988 3573 1146 3629 αὸεοῦ
1170 3574 1289 3651 πρίν
1332 3595 1383 3629 τι
1426 3573 1578 3628 κενόν
1622 3592 1678 3627 τε
1725 3572 1814 3626 καὶ
1839 3569 1972 3624 ἀνυ-

327 3696 349 3726 ι
384 3666 645 3723 πόστατον
709 3662 792 3719 διὰ
861 3661 1026 3719 ιιὲσου
1107 3675 1477 3741 παρεμπεσεῖν
1567 3661 1771 3736 νόημα,
1834 3660 1976 3722 εὐθὺς

325 3781 351 3811 α
385 3757 446 3811 τὸ
553 3755 765 3827 Πνεῦμα
850 3753 911 3808 τὸ
1008 3750 1157 3827 ἅγιον
1254 3749 1608 3825 συνημμένως
1700 3746 1977 3822 κοταλαμ-

331 3872 352 3900 ο
389 3841 628 3921 ϐαίνεται,
685 3843 788 3920 οὐχ
857 3841 1118 3919 ὑστερίζον
1174 3841 1313 3896 κατὰ
1397 3841 1495 3908 τὴν
1568 3837 1784 3916 ὕπαρξιν
1846 3839 1980 3913 μετὰ

330 3959 351 3991 ι
385 3935 476 3989 τὸν
545 3934 665 3988 Υἷὸν
709 3947 725 3964 ⁸
805 3929 942 3988 ὥστε
1013 3929 1140 3985 ποτὲ
1223 3931 1315 3986 τὸν
1371 3933 1638 4006 μονογενῆ
1694 3926 1821 4006 δίχα
1889 3926 1982 3983 τοῦ

330 4049 353 4084 ε
388 4023 688 4096 Πνεύμανος
769 4021 1045 4091 νοηθῆναι,
1143 4015 1262 4074 ἀλλ’
1349 4017 1410 4073 ἐκ
1491 4017 1588 4091 μὲν
1673 4023 1768 4071 τοῦ
1849 4021 1978 4071 Θεοῦ

331 4139 354 4172 ι
387 4109 486 4178 τῆν
553 4107 692 4163 ὅλων
743 4107 831 4162 καὶ
885 4107 1011 4161 αὑτὸ
1079 4105 1182 4172 τὴν
1237 4106 1404 4161 αἰτίαν
1461 4103 1594 4183 ’έχον
1650 4109 1742 4158 τοῦ
1808 4105 1971 4173 εἶναι,

330 4226 356 4262 ι
389 4196 506 4254 ὅθεν
533 4197 620 4253 καὶ
660 4197 722 4252 τὸ
777 4194 1056 4272 μονογενὲς
1114 4193 1224 4250 ἐστι
1267 4199 1404 4273 φῶς,
1448 4190 1532 4248 διὰ
1575 4189 1630 4247 δὲ
1672 4197 1767 4247 τοῦ
1835 4191 1977 4256 ἅλη-

333 4315 356 4346 .
387 4290 528 4343 θινοῦ
567 4286 743 4364 φωτὸς
787 4281 1090 4358 ἐκλάμψαν.
1131 4273 1176 4333 »’

982 4374 1294 4435 Ἐπιστασία
1305 4424 1318 4439 ,

422 4503 444 4533 ι
475 4474 581 4542 Τὴν
623 4471 788 4540 αὐτὴν
859 4470 1120 4528 κάνταῦθα
1172 4467 1333 4548 δέχου
1387 4463 1743 4540 διδασκαλίαν,
1805 4463 1981 4521 αἴτιον

338 4583 368 4623 ι
401 4563 498 4639 μὲν
548 4562 635 4619 καὶ
679 4559 991 4640 ἀμφοτέρων
1080 4565 1174 4616 τοῦ
1231 4579 1290 4614 τε
1355 4559 1476 4613 Υἱοῦ
1525 4555 1612 4610 καὶ
1681 4554 1983 4629 Πνεύματος

2059 3412 2087 3450 ‹
2120 3391 2331 3452 eodem
2361 3410 2499 3453 vero
2529 3392 2813 3453 continue
2853 3393 3075 3473 absque
3107 3395 3225 3455 ulla
3276 3395 3698 3475 segregatione

2062 3506 2084 3536 α
2121 3479 2461 3558 unigenitus
2515 3482 2701 3542 Filius
2744 3500 2860 3541 una
2908 3501 3042 3542 cum
3095 3481 3265 3544 Patre
3321 3484 3693 3565 intelligitur,

2064 3590 2094 3629 α
2125 3587 2231 3650 per
2259 3568 2450 3648 ipsum
2482 3579 2540 3629 et
2567 3589 2700 3630 cum
2736 3569 2866 3649 ipso
2890 3579 3200 3650 antequam
3234 3572 3408 3634 inane
3447 3588 3510 3635 et
3553 3571 3700 3635 abs-

2065 3678 2092 3717 ‹
2125 3676 2240 3738 que
2262 3657 2382 3718 ulla
2410 3655 2792 3718 subsistentia
2814 3658 3138 3721 intellectio
3169 3661 3700 3736 intermediet,sta-

2066 3768 2089 3803 (ι
2127 3747 2228 3807 tim
2263 3745 2516 3825 Spiritus
2563 3757 2804 3807 sanctus
2843 3748 3156 3826 conjuncte
3188 3751 3542 3831 concipitur,
3578 3768 3700 3813 non

2067 3858 2090 3894 (ι
2129 3844 2260 3915 post
2313 3833 2526 3896 Filium
2584 3836 2906 3896 secundum
2968 3837 3340 3899 existentiam
3400 3839 3702 3919 posterior

2068 3949 2095 3980 α
2133 3932 2416 4003 tempore.
2447 3921 2522 3985 Ut
2550 3924 2744 4003 aliquo
2767 3933 3034 4004 tempore
3052 3925 3402 4005 Uuigenitus
3417 3936 3554 3989 ante
3576 3927 3706 4009 Spi-

2070 4035 2092 4068 a
2130 4013 2304 4072 ritum
2357 4012 2862 4091 prwintell-gatur.
2915 4012 3032 4074 Sed
3085 4032 3151 4074 ex
3202 4032 3401 4075 rerum
3435 4015 3706 4077 omnium

2067 4129 2089 4160 ι
2121 4119 2296 4162 causa
2318 4100 2438 4162 Deo
2471 4111 2525 4161 et
2554 4099 2683 4180 ipse
2710 4101 3063 4181 principium
3114 4102 3208 4164 sui
3257 4103 3510 4180 habens,
3549 4104 3708 4166 unde

2062 4212 2088 4244 α
2123 4199 2180 4251 et
2203 4189 2570 4267 unigenitum
2601 4190 2800 4250 lumen
2831 4199 2938 4266 est,
2974 4190 3074 4269 qui
3119 4209 3228 4271 per
3271 4209 3472 4253 verum
3505 4192 3708 4253 lumen

2061 4299 2086 4330 α
2119 4278 2323 4340 eluxit.
2372 4297 2393 4326 ι

1999 4437 2044 4487 Ῑ)
2650 4452 3141 4514 Animadversio.

2155 4586 2177 4617 ι
2209 4554 2490 4615 Eamdem
2523 4553 2618 4615 hic
2648 4573 2882 4634 quoque
2909 4555 3162 4635 accipito
3197 4554 3710 4631 doctrinam,cau-

334 4675 360 4711 ε
397 4654 491 4710 τὸν
542 4649 750 4729 Πατέρα
805 4649 1187 4729 κηρύττουσαν,
1232 4648 1318 4704 καὶ
1375 4645 1438 4701 ἐκ
1504 4649 1597 4700 τοῦ
1657 4649 1791 4700 Θεοῦ
1863 4642 1967 4718 μὲν1

2075 4671 2100 4704 ε
2133 4662 2256 4706 sam
2288 4642 2738 4723 utriusqueFilii
2759 4661 2974 4724 nempe
3005 4643 3332 4725 etSpiritus
3350 4649 3582 4707 Patrem
3615 4646 3714 4710 hic

341 4763 367 4798 ι
402 4743 463 4798 οῦ
517 4739 626 4817 μὴν
665 4711 729 4796 ἐκ
767 4711 1046 4813 τοῦἸΥἱοῦ,
1085 4711 1186 4793 διά,
1215 4734 1271 4792 δὲ
1320 4742 1412 4793 τοῦ
1443 4735 1564 4790 Υἱοῦ
1591 4711 1874 4808 ἐκλλμψαν
1926 4711 1967 4786 τέ

2077 4759 2100 4791 σ
2132 4733 2402 4811 evulgat:
2433 4711 2596 4792 et'ex
2627 4730 2772 4807 Deo,
2808 4711 2923 4792 non
2956 4751 3026 4793 ex
3057 4711 3342 4816 Filio,sed
3373 4753 3480 4816 per
3498 4733 3712 4796 Filium

342 4853 369 4886 ι
404 4835 615 4906 Πνεῦμα
656 4827 990 4899 δοξάζουααν,
1023 4845 1046 4878 ι

2074 4851 2098 4882 ι
2133 4821 2419 4904 Spiritum
2451 4820 2706 4882 eluxisse
2735 4820 3017 4886 insinuat.
3057 4848 3080 4879 ι

971 4921 1296 5002 Ἀντίῤῥησις
1310 4969 1320 4979 .

2748 4914 3086 4993 Refutatz‘o.

419 5015 602 5074 Αἴτιον
645 5017 743 5092 μὲν
784 5015 1094 5096 ἀμφοτέρων
1148 5017 1410 5072 κάνταῦθα
1452 5020 1544 5070 τοῦ
1591 5016 1712 5071 Υἱοῦ
1759 5012 1846 5068 καὶ
1897 5016 1989 5068 τοῦ

337 5107 642 5183 Πνεῦματος
697 5107 790 5162 τὸν
873 5105 1080 5184 Πατέρα
1137 5106 1174 5172 in
1229 5105 1454 5183 ρηθεῖσα
1533 5101 1778 5183 κηρύττει
1836 5121 1992 5180 περι-

336 5196 507 5275 κοπὴ,
554 5194 695 5262 πλὴν
749 5193 889 5252 ἀλλὰ
942 5193 1185 5275 διάφορον
1216 5194 1414 5274 αἴτιον,
1447 5199 1539 5250 τοῦ
1581 5192 1678 5267 μέν
1710 5193 1830 5250 Υἱοῦ
1855 5190 1991 5246 κατα

337 5289 402 5344 τὸ
443 5285 736 5365 προσεχὲς,
793 5294 887 5344 τοῦ
937 5281 992 5340 δὲ
1049 5285 1352 5361 Πνεύματος
1426 5280 1509 5338 διὰ
1552 5287 1642 5338 τοῦ
1695 5283 1839 5341 Υἱοῦ.
1895 5281 1993 5337 Καὶ

333 5379 372 5445 ἡ
416 5395 636 5440 τοιαυτη
687 5371 908 5453 διαφορὰ
975 5375 1036 5430 τὸ
1106 5375 1203 5449 μὲν
1257 5373 1364 5429 τῶν
1410 5371 1656 5428 αἰτιατῶν
1719 5368 1781 5424 ὲκ
1833 5367 1994 5444 μόνου

336 5464 567 5522 δείκνυσι
619 5464 710 5520 τοῦ
751 5463 980 5541 Πατρὸς,
1050 5464 1112 5520 τὸ
1167 5461 1222 5518 δὲ
1279 5459 1332 5526 ἐξ
1386 5461 1609 5541 ἀμφοῖν.
1682 5459 1742 5515 Εἰ
1795 5457 1895 5536 γὰρ
1937 5455 1996 5512 ἐκ.

341 5555 508 5632 μόνου
574 5553 712 5620 ἦσαν
789 5549 950 5632 ἄμφω
1017 5552 1083 5606 τὰ
1149 5551 1378 5630 αἱτιατὰ,
1452 5547 1567 5608 οὐδὲ
1637 5545 1867 5625 διαφόρῳ
1935 5543 1998 5599 ἂν

337 5643 526 5726 τρόπῳ
567 5643 635 5708 ἦν
666 5639 839 5697 αἴτιον
883 5641 946 5695 τὸ
975 5639 1175 5703 αἴτιον.

2148 5009 2397 5071 Causam
2429 5008 2633 5088 utique
2661 5008 2969 5088 utriusque
3001 5006 3134 5069 Filii
3171 5026 3387 5089 nempe
3430 5019 3486 5073 et
3519 5009 3716 5092 Spiri-

2074 5105 2167 5160 tus
2191 5097 2456 5177 apposita
2485 5097 2764 5177 pericope
2809 5097 3041 5158 Patrem
3097 5098 3396 5177 praedicat,
3448 5101 3553 5162 sed
3597 5101 3717 5163 alio

2073 5196 2247 5266 atque
2270 5186 2386 5246 alio
2420 5186 2618 5258 modo,
2646 5185 2778 5248 Filii
2830 5185 2906 5246 ob
2957 5185 3428 5251 continuitatem.
3465 5188 3722 5270 Spiritus

2078 5292 2186 5354 per
2213 5273 2533 5336 Filium.Et
2564 5275 2674 5336 hoc
2706 5275 3033 5336 discrimen
3062 5284 3433 5338 causatorum
3464 5279 3718 5340 alterum

2076 5383 2146 5426 ex
2178 5364 2304 5424 solo
2335 5365 2510 5425 Patre
2537 5363 3071 5435 insinuat,alterum
3103 5382 3171 5425 ex
3202 5366 3721 5448 utroque.Etenim

2079 5462 2126 5516 si
2156 5453 2331 5516 ambo
2362 5463 2600 5513 causata
2629 5469 2699 5516 ex
2725 5452 2852 5514 solo
2891 5455 3068 5517 Patre
3117 5465 3338 5534 essent,
3377 5475 3553 5519 causa
3602 5474 3722 5519 non

2081 5552 2236 5605 esset
2257 5540 2493 5604 diterso
2524 5541 2702 5605 modo
2727 5559 2927 5604 causa.
