4180 6282
597 341 716 406 559

1199 485 1300 546 Ea;
1368 484 1592 547 eodem.

682 569 886 636 XXIII.
914 571 1068 634 «Non
1097 582 1329 655 oportet
1355 574 1600 654 imagini
1631 579 1957 639 servientes
1980 573 2244 656 praebere

601 679 623 714 σ
653 658 1192 746 calumniatoribus
1219 680 1420 724 ansam
1441 663 1500 724 in
1525 665 1782 746 exempli
1809 664 2238 727 imbecillitate.

1685 351 1896 416 JOAN.
1943 349 2161 414 VEGCI
2203 349 2316 413 GP.
2364 347 2878 412 PATRIARCHJE
3856 348 3966 411 560

2263 490 2302 538 Α
2926 483 3020 542 Ἐκ
3063 493 3151 543 τοῦ
3194 487 3367 544 αυτοῦ.

2407 565 2548 637 ΗΓ..
2585 597 2612 631 ι
2646 579 2718 635 Οὐ
2764 578 2863 655 γὰρ
2941 578 3145 656 ἀνάγκη
3219 580 3363 656 πάσῃ
3417 577 3483 643 τῆ
3537 577 3692 633 εἰκόνι
3749 574 3960 631 δουλεύ-

2331 692 2354 724 σ
2387 686 2540 727 οντας
2596 663 2768 721 δοῦναι
2827 667 2948 728 τοῖς
3019 669 3363 747 συκοφάνταις
3420 662 3589 731 λάὸην
3656 669 3711 720 ἒν
3755 670 3822 740 τῇ
3877 672 3961 720 τοῦ

594 773 617 807 ι
651 743 779 835 Non
811 747 1041 809 radium
1067 768 1134 811 ex
1165 749 1290 812 sole
1316 743 1859 832 intelligemus,sed
1884 772 1951 815 ex
1976 752 2215 832 ingenit-t

2329 781 2350 812 ι
2378 751 2755 832 ὕποδείγματος
2816 755 3016 828 ἀτονία.
3069 757 3204 835 Οὐχὶ
3258 756 3450 811 ἀκτῖνα
3506 752 3556 818 ἐξ
3624 752 3774 820 ἡλίου
3829 755 3958 822 νοή-

597 860 618 889 ι
652 834 778 896 sole
828 835 1006 897 alium
1055 837 1269 919 solem,
1300 839 1515 902 Filium
1559 842 1792 903 scilicet
1843 841 2018 904 simul
2052 841 2215 921 prim:

2327 870 2348 899 ι
2385 864 2568 920 σομεν,
2618 841 2733 898 ἀλλ’
2779 842 2831 907 ἐξ
2888 834 3182 920 ἀγεννήτου
3230 842 3380 913 ἡλίου
3423 842 3581 898 ἄλλον
3626 840 3798 912 ⁵ἥλιον,
3833 843 3960 915 ὁμοῦ

589 943 619 975 ‹‹
650 921 1056 1012 intellectione
1089 945 1196 1006 per
1223 929 1674 1006 generationem
1709 949 1827 993 una
1841 950 1978 993 cum
2002 930 2131 1012 ipso
2160 931 2215 991 el

2329 958 2351 988 ι
2383 937 2450 1006 τῇ
2525 930 2710 1008 πρώτῃ
2777 930 2982 1003 ἐπινοίᾳ
3051 939 3315 1010 γεννητῶς
3361 930 3815 1004 συνεκλάμποντα,
3880 932 3958 985 καὶ

599 1033 619 1063 ι
656 1009 1004 1100 fulgentem,
1037 1014 1350 1096 eidemque
1381 1036 1491 1097 per
1519 1019 1719 1080 omnia
1777 1009 2060 1099 aequalem
2103 1019 2215 1098 pul-

2328 1046 2347 1073 ι
2379 1019 2515 1075 κατὰ
2593 1019 2764 1076 πάντα
2858 1020 3108 1084 ὡσαύτως
3194 1020 3388 1100 ἔχοντα
3457 1018 3666 1090 κλλλει,
3727 1015 3954 1089 aevique,

592 1129 612 1158 ι
648 1099 1011 1176 chritudine,
1069 1103 1316 1177 virtute,
1368 1105 1731 1186 splendore,
1788 1106 2230 1186 magnitudine,

2324 1133 2345 1163 ι
2379 1105 2702 1186 λαμπηδόνι,
2763 1107 2995 1187 μεγέθει,
3055 1106 3390 1188 φαιδρότητι,
3450 1110 3538 1165 καὶ
3579 1115 3736 1164 πᾶσιν
3781 1105 3956 1170 ἁπλῶς

584 1212 614 1244 ι(
648 1188 937 1266 claritate,
972 1199 1029 1254 et
1058 1212 1175 1255 uno
1205 1193 1386 1256 verbo
1417 1195 1693 1258 omnibus
1724 1216 1854 1278 quae
1884 1197 1995 1258 soli
2036 1196 2215 1259 iness:

2325 1222 2344 1251 ι
2377 1209 2491 1261 τοῖς
2542 1197 2660 1276 περὶ
2688 1198 2777 1252 τὸν
2819 1196 2967 1264 ἥλιον
2996 1199 3392 1276 θεωρουμένοις,
3434 1199 3522 1253 καὶ
3569 1196 3727 1252 πάλιν
3791 1194 3958 1273 ἕτερον

589 1299 612 1333 ιι
649 1287 1010 1342 cernuntur:
1046 1288 1104 1343 et
1135 1300 1346 1345 rursus
1367 1282 1527 1346 aliud
1559 1284 1756 1347 simile
1797 1285 2000 1347 lumen
2032 1283 2215 1366 Spiri-

2320 1311 2342 1340 σ
2374 1291 2608 1341 τοιοῦτον
2660 1288 2793 1362 φῶς,
2853 1286 2990 1341 κατὰ
3047 1288 3137 1342 τὸν
3187 1288 3338 1343 αὐτὸν
3369 1287 3587 1364 τρόπον,
3641 1287 3700 1340 οὔ
3727 1291 3956 1362 χρονικῴ

590 1395 610 1422 ι
646 1374 770 1428 tum
803 1368 1012 1430 eodem
1040 1370 1367 1450 modo,non
1389 1373 1675 1452 temporis
1697 1373 1897 1454 aliquo
1923 1374 2215 1436 intervallt

2318 1397 2340 1427 ι
2377 1396 2476 1429 τινι
2527 1372 2846 1449 διαστήματι
2903 1377 2997 1430 τοῦ
3034 1383 3286 1452 γεννητοῦ
3351 1376 3524 1454 φωτὸς
3584 1371 3954 1446 ἀποτεμνόμε-

583 1473 607 1502 ‹‹
643 1473 678 1515 a
707 1455 909 1536 genito
941 1456 1167 1520 lumine
1198 1459 1545 1541 dissectum;
1583 1461 1687 1523 sed
1721 1480 1827 1542 per
1857 1462 2001 1524 illud
2033 1462 2228 1543 splen-

2321 1486 2343 1516 ι
2374 1483 2488 1542 νον,
2531 1460 2668 1517 ἀλλὰ
2725 1459 2792 1517 δι’
2856 1462 3012 1519 αὐτοῦ
3082 1465 3178 1521 μὲν
3229 1462 3521 1538 ἐκλάμπον,
3593 1462 3693 1528 τὴν
3753 1459 3800 1515 δὲ
3860 1465 3956 1526 τῆς

584 1571 606 1602 ι
642 1543 814 1632 dens,
846 1563 915 1607 ac
944 1546 1324 1626 hypostaseos
1375 1566 1612 1613 causam
1673 1549 1899 1612 habens
1930 1569 2000 1613 ex
2030 1551 2215 1631 primc

2318 1572 2340 1601 ι
2375 1550 2712 1616 ὑποστάσεως
2780 1551 2945 1607 αἰτίαν
2998 1551 3127 1632 ἕχον
3177 1551 3236 1608 ἐκ
3286 1559 3378 1608 τοῦ
3429 1551 3773 1630 πρωτοτόκου
3839 1572 3954 1626 φω-

585 1661 606 1690 .
641 1631 742 1694 illo
773 1651 841 1698 ac
872 1634 1198 1716 exemplari
1233 1635 1478 1701 lumine.
1520 1659 1541 1688 ι

1155 1729 1613 1792 Αηίιηαιίυενείο

719 1819 1014 1897 Agnoscis
1046 1838 1123 1882 ne
1157 1821 1307 1883 hanc
1333 1822 1604 1884 eamdem
1641 1821 1984 1904 pericopem
2016 1822 2224 1886 eadem

2320 1664 2340 1692 ιι
2371 1639 2486 1703 τός.
2522 1660 2546 1693 ι

2963 1733 3272 1794 Ἐπιστασία
3284 1781 3294 1793 .

2394 1846 2418 1879 ι
2451 1826 2640 1892 Συνίης
2684 1833 2798 1891 πῶς
2857 1830 2944 1886 καὶ
2998 1830 3033 1896 ἡ
3077 1835 3314 1907 παροῦσα
3355 1827 3644 1906 περικοπὴ,
3703 1829 3769 1882 τὰ
3825 1828 3955 1886 αὕτα

581 1929 602 1957 ι
637 1905 766 1986 ipsa
791 1908 1029 1982 docere,
1061 1928 1190 1990 quae
1216 1917 1275 1972 et
1305 1918 1482 1972 antea
1512 1910 1702 1990 posita
1735 1910 1957 1986 docuit,
1984 1930 2090 1992 per
2121 1912 2215 1974 Fi-

2312 1931 2334 1964 α
2368 1919 2435 1989 τῇ
2491 1913 2828 1991 προλαϐούσῃ
2873 1915 3100 1975 διδάσκει
3157 1939 3235 1982 σε,
3302 1915 3386 1971 διὰ
3428 1925 3519 1974 τοῦ
3589 1917 3704 1972 rio?)
3732 1916 3828 1989 μὲν
3859 1916 3952 1971 ἐκ-

578 2024 598 2054 ι
632 1993 776 2057 lium
808 1995 1049 2078 quidem
1078 1997 1316 2060 elucere
1339 1998 1653 2080 Spiritum,
1688 2017 1758 2061 ex
1784 1998 1972 2079 primo
1999 2000 2215 2062 lumine

2312 2029 2334 2058 ι
2366 2001 2595 2078 λοίμπειν
2646 2007 2708 2060 τὸ
2766 2011 3000 2081 Πνεῦμα,
3061 2005 3120 2061 ἐκ
3173 2004 3226 2061 δὲ
3277 2012 3369 2061 τοῦ
3409 2004 3618 2083 πρώτου
3646 2006 3820 2083 φωτὸς
3864 2014 3954 2061 τοῦ

571 2111 592 2141 ι
629 2086 802 2147 Patre
831 2085 1060 2149 scilicet
1086 2105 1322 2150 causam
1357 2086 1578 2151 habere
1610 2087 1944 2150 decernens
1965 2089 1996 2150 ‘?
2030 2111 2051 2141 ι

1213 2268 1544 2348 Refu'atio.

651 2361 810 2422 Vere
833 2360 957 2439 jam
991 2359 1242 2422 adducta
1273 2365 1575 2442 pericope,
1611 2381 1679 2424 ex
1723 2363 1912 2442 primo
1967 2362 2214 2435 lumine,

2307 2113 2330 2145 α
2364 2092 2566 2169 Πατρὸς
2647 2089 2912 2168 δηλονότι,

2307 2206 2329 2236 σ
2361 2200 2524 2257 γουσα
2551 2195 2567 2254 ς

2994 2094 3094 2160 τὴν
3193 2094 3358 2149 αἰτίαν
3439 2091 3594 2172 ἔχειν
3677 2095 3801 2149 αὐτὸ
3857 2092 3948 2148 λέ-

2937 2273 3264 2353 Ἀντίρῤησις
3275 2323 3288 2336 .

2379 2363 2620 2433 Ἀληθῶς
2658 2370 2748 2425 καὶ
2800 2371 2828 2424 ὁ
2879 2369 3105 2446 ρηθεϊσα
3159 2368 3424 2446 περικοπὴ
3479 2368 3538 2423 ἐκ
3593 2376 3682 2426 τοῦ
3739 2370 3949 2446 πρώτου

566 2445 742 2508 Patre
770 2447 1021 2523 scilicet,
1056 2447 1342 2528 Spiritum
1365 2465 1602 2512 causam
1632 2451 1722 2512 sui
1755 2449 1977 2513 habere
2007 2450 2215 2512 decer-

2312 2455 2496 2534 ρωτὸς,
2526 2463 2619 2513 τοῦ
2675 2459 2878 2534 Πατρὸς
2939 2455 3182 2524 δηλονότι
3243 2457 3298 2512 ’ὸ
3357 2462 3568 2531 Πνεῦμα
3623 2457 3720 2524 τὴν
3777 2459 3946 2513 αἰτίαν

568 2534 675 2615 nit,
707 2544 1112 2598 verumtamen
1166 2555 1274 2615 per
1330 2537 1570 2612 Filium,
1608 2557 1728 2600 non
1763 2556 1828 2600 ex
1862 2537 1987 2600 solo
2047 2540 2215 2600 Patre

2312 2541 2522 2620 λέγουσα
2564 2543 2734 2624 ἔχειν,
2794 2544 2878 2601 διὰ
2921 2552 3012 2602 τοῦ
3056 2549 3177 2603 Υἱοῦ
3205 2543 3283 2622 δὲ,
3330 2547 3425 2602 οὒκ
3481 2543 3540 2600 ἐκ
3597 2547 3727 2618 μὸιιο
3802 2559 3942 2601 εἶναι

566 2625 762 2704 ipsum
797 2640 930 2686 esse
961 2624 1320 2689 manifestat.

887 2715 991 2780 Ea:
1017 2720 1368 2781 orationem
1407 2719 1490 2781 ad
1518 2717 1876 2782 Ablabium.

639 2810 836 2874 CXIV.
872 2829 897 2863 ι
927 2807 1073 2871 Nam
1123 2810 1237 2872 hoc
1287 2809 1529 2891 quidem
1583 2811 1962 2874 continenter
1990 2820 2051 2873 et
2084 2811 2212 2874 sine

574 2927 596 2958 σ
627 2899 829 2963 medio
855 2917 925 2961 ex
957 2897 1152 2980 primo
1183 2904 1273 2960 est
1306 2920 1320 2960 :
1350 2899 1463 2960 hoc
1485 2917 1622 2962 vero
1649 2917 1758 2981 per
1786 2900 1872 2974 id,
1905 2900 2062 2981 quod
2094 2901 2211 2961 im-

2296 2629 2422 2690 αὖτο
2451 2629 2612 2698 δηλοῖ
2640 2639 2734 2691 τοῦ
2763 2635 2992 2713 Πατρὸς.

2762 2722 2858 2782 Ἐκ
2885 2734 2977 2782 του
3005 2728 3135 2805 πρὸς
3167 2722 3469 2787 Ἀὄλάϐιον,

2373 2805 2521 2877 ΡΙΔ’.
2578 2845 2601 2876 α
2629 2818 2701 2873 Σὸ
2745 2819 2841 2893 μὲν
2895 2819 2994 2898 γὰρ
3048 2825 3329 2898 προπχῶς
3385 2821 3446 2874 εκ
3493 2825 3583 2874 τοῦ
3613 2818 3843 2896 πρώτου,
3882 2824 3941 2876 τὸ

2303 2927 2325 2958 ι
2356 2899 2411 2957 δὲ
2454 2899 2536 2958 διὰ
2576 2914 2668 2962 τοῦ
2709 2911 2991 2986 προσεχὼς
3038 2905 3098 2963 ἐκ
3129 2915 3220 2965 τοῦ
3250 2906 3480 2985 πρώτου.
3520 2933 3542 2964 ι

569 3013 597 3045 α
631 2987 915 3060 mediate,
950 2994 1010 3048 et
1046 2987 1425 3049 continenter
1454 2995 1542 3050 est
1573 3005 1644 3050 ex
1675 2988 1890 3070 primo.
1929 3017 1954 3050 ›

1137 3074 1651 3144 Αηίηιαάυενείο.’
2946 3087 3284 3146 Ἐπιστασὶα.

646 3203 670 3235 σ
704 3174 1032 3255 Diligenter
1061 3173 1214 3235 hanc
1244 3173 1586 3255 pericopem
1617 3192 1974 3253 percurrens
2001 3175 2204 3238 consi-

2383 3201 2410 3234 σ
2441 3173 2741 3251 Ἐπιμελῶς
2795 3181 2893 3246 τὴν
2975 3186 3234 3258 παροῦσαν
3289 3178 3582 3256 περικοπὴν
3653 3179 3938 3258 ἀναγνοὺς,

567 3254 790 3338 fdera,
822 3254 893 3326 ex
914 3254 1279 3325 dictionibus
1329 3263 1388 3324 in
1445 3254 1515 3325 ea
1574 3263 1784 3343 positis
1844 3264 1994 3326 nihil
2026 3264 2210 3342 aliud,

2312 3261 2693 3343 ιᾶναλογισαι,
2755 3274 2872 3330 πῶς
2927 3266 3012 3323 διὰ
3050 3254 3158 3323 ’τὸν
3211 3265 3265 3322 ἒν
3332 3254 3496 3342 ταύτῃ
3546 3264 3738 3333 λεξεων
3768 3254 3942 3324 ὀὐδὲν

565 3381 587 3414 ο
621 3371 797 3433 quam
825 3371 945 3414 non
976 3370 1045 3414 ex
1074 3351 1226 3414 Filio
1260 3370 1395 3414 esse
1451 3351 1744 3433 Spiritum
1796 3361 2066 3415 sanctum
2098 3353 2200 3415 do-

2312 3373 2324 3401 I
2360 3350 2534 3430 ἕτερον
2561 3353 2597 3421 ἢ
2649 3355 2712 3410 τὸ
2766 3355 2826 3412 ἐκ
2879 3364 2971 3413 τοῦ
3022 3357 3144 3412 Υἱοῦ
3183 3356 3323 3412 εἶναι
3381 3357 3441 3410 τὸ
3472 3360 3681 3429 Πνεῦμα
3710 3352 3940 3412 διδάσκει

568 3464 590 3494 ε
623 3460 784 3515 cere,
817 3440 1192 3503 continenter
1220 3459 1291 3503 ex
1341 3444 1514 3504 Patre
1555 3440 1770 3504 Filium
1818 3440 2049 3516 dicens,
2103 3461 2211 3522 per

2312 3443 2385 3499 ιὸ
2443 3441 2615 3520 ἅγιος,
2674 3451 2954 3524 προσεχῶς
3011 3446 3169 3501 εἷπὼν
3217 3444 3278 3500 ἐκ
3304 3450 3396 3500 τοῦ
3428 3445 3626 3524 Πατρὸς
3662 3447 3748 3500 τὸν
3796 3448 3938 3518 ι’ἱὸν,

558 3551 598 3590 1
628 3531 824 3610 ipsum
856 3537 1051 3590 autem
1085 3527 1366 3609 Spiritum
1402 3547 1473 3591 ex
1505 3531 1706 3592 Patre.
1742 3527 1904 3591 Nihil
1951 3529 2109 3591 enim
2142 3550 2210 3592 a-

2312 3527 2424 3589 ιδι’
2449 3530 2606 3586 αυτοῦ
2673 3536 2761 3588 καὶ
2815 3533 2877 3588 τὸ
2966 3538 3176 3609 Πνεῦμα
3229 3533 3288 3588 ἐκ
3345 3553 3436 3591 του
3493 3534 3720 3611 Πατρὸς.
3779 3530 3940 3590 Οωὲν

564 3643 587 3675 ι
621 3608 743 3679 liud
777 3617 1112 3696 signiﬁcare
1133 3608 1296 3678 mibi
1319 3616 1572 3690 videtur,
1602 3619 1714 3678 hoc
1741 3617 1982 3698 quidem
2013 3619 2206 3680 conii-

2312 3609 2452 3688 ιγὰρ
2521 3608 2655 3668 ἄλλο
2697 3613 2981 3687 σημαίνειν
3032 3611 3178 3669 δοκεῖ
3233 3635 3324 3686 μοι
3380 3615 3465 3686 τὸ,
3509 3614 3571 3668 τὸ
3608 3608 3682 3667 Ἴδὲ
3725 3609 3809 3668 διὰ
3845 3619 3940 3668 τοῦ

561 3725 592 3756 -σ
620 3715 833 3768 neuter
861 3723 929 3768 ex
962 3706 1370 3787 primo,quam
1397 3724 1516 3767 non
1544 3724 1614 3768 ex
1645 3706 1992 3769 continente
2009 3725 2197 3770 esse.»

2312 3705 2632 3777 [προσεχῶς
2693 3699 2754 3757 ἐκ
2792 3707 2886 3756 τοῦ
2940 3701 3172 3780 πρώτου,
3217 3698 3337 3758 ἀλλ’
3397 3701 3432 3768 ἢ
3490 3703 3549 3757 τὸ
3606 3701 3683 3775 μὴ
3730 3701 3789 3757 ἐκ
3845 3712 3941 3760 τοῦ

2351 3794 2634 3868 προσεχῶς
2668 3790 2835 3849 εἶναι.

1213 3885 1542 3964 Refutat-io.

2926 3881 3254 3961 Ἀντίῤῥησις
3265 3930 3277 3943 ,

637 3979 942 4059 Signiﬁcat
969 3977 1211 4059 quidem
1241 3997 1504 4059 praesens
1527 3979 1960 4061 pericope,:non
1977 3997 2108 4044 esse
2136 4001 2204 4044 ex

2372 3978 2631 4047 Σημαινει
2661 3975 2760 4050 μὲν
2802 3977 2835 4042 ἡ
2894 3975 3131 4056 παροῦσα
3161 3976 3423 4055 περικοπὴ
3464 3977 3541 4050 μὴ
3571 3977 3713 4032 εἶναι
3757 3975 3817 4033 ἐκ
3843 3986 3939 4035 τοῦ

545 4068 892 4131 continente
933 4066 1264 4148 Spiritum;
1317 4067 1422 4130 sed
1472 4069 1611 4149 quia
1658 4069 1787 4150 ipse
1844 4088 1963 4131 non
2013 4079 2104 4132 est
2134 4091 2204 4132 ex

2312 4066 2571 4140 ιροσεχῶς
2639 4064 2701 4119 τὸ
2743 4069 2980 4144 Πνεῦμα,
3030 4063 3168 4120 ἀλλὰ
3208 4063 3292 4121 διὰ
3315 4065 3376 4120 τὸ
3401 4064 3479 4140 μὴ
3523 4065 3663 4120 εἶναι
3693 4066 3819 4124 αῦτὸ
3874 4064 3940 4122 ἐκ

553 4155 1106 4233 continente,veluti
1130 4174 1203 4218 ex
1240 4155 1432 4237 prima
1458 4175 1635 4219 causa
1664 4165 1722 4220 et
1752 4157 2203 4239 principio.Ve-

2312 4156 2378 4239 τοῦ
2405 4157 2732 4239 ’προσεχῶἧ
2802 4153 2877 4215 ὡς
2933 4152 2994 4209 ἐκ
3046 4153 3263 4233 πρώτης
3328 4154 3493 4217 αἰτίας
3550 4153 3640 4209 καὶ
3701 4153 3879 4232 ἀρχῆς
3916 4171 3932 4186 ⁸

558 4254 893 4308 rumtamen
922 4263 1027 4328 per
1055 4233 1456 4309 continentem
1494 4265 1564 4308 ex
1610 4233 1799 4326 prim—0
1849 4233 2042 4328 ipsum
2073 4265 2206 4311 esse

2312 4238 2371 4293 ῗιᾶ
2399 4235 2453 4293 δὲ
2483 4248 2574 4298 τοῦ
2603 4247 2886 4320 προσεχῶς
2941 4240 3000 4298 ἐκ
3041 4244 3136 4299 τοῦ
3188 4241 3397 4319 πρώτου
3455 4242 3582 4300 αὐτὸ
3631 4243 3772 4298 εἶναι
3827 4264 3938 4309 ση-

557 4335 892 4412 declarans,
922 4325 1238 4398 manifeste
1280 4336 1561 4414 ostendit,
1604 4325 1722 4399 non
1753 4356 1820 4399 ex
1852 4325 1976 4400 solo
2011 4341 2201 4419 primo

2312 4325 2562 4405 ιαίνουσα,
2619 4325 2780 4395 δηλοῖ
2807 4331 2886 4405 μὴ
2918 4329 2978 4387 ἐκ
3005 4330 3169 4406 μόνου
3224 4337 3317 4387 τοῦ
3344 4331 3558 4410 πρώτου
3594 4330 3737 4387 εἶναι
3780 4333 3934 4396 αὐτὸ,

553 4425 748 4506 ipsum
779 4444 927 4488 esse.

675 4507 968 4598 EjuSdem
995 4537 1074 4584 ea:
1101 4519 1457 4602 laudatione
1487 4525 1552 4582 in
1576 4527 2083 4602 protomartyan
2225 4515 2268 4565 Ῑ)

1207 4601 1605 4682 Stephanum}

641 4690 812 4755 CXV.
851 4713 873 4744 ι
913 4689 1249 4773 Stephanus
1306 4699 1529 4769 autem,
1586 4710 1718 4753 cum
1787 4697 1944 4754 esset
1993 4689 2204 4771 plenus

565 4808 587 4840 ιι
619 4780 848 4860 Spiritu
869 4790 1096 4852 sancto,
1129 4779 1274 4842 vidit
1301 4780 1554 4860 gloriam
1586 4780 1718 4861 Dei,
1752 4789 1811 4842 et
1831 4778 2202 4858 unigenitum

560 4895 588 4926 ιι
621 4868 729 4932 Dei
750 4869 991 4932 Filium.
1013 4867 1141 4930 Non
1177 4871 1336 4931 enim
1364 4868 1491 4930 ﬁeri
1523 4875 1810 4950 potest,ut
1839 4867 2032 4948 inquit
2056 4869 2204 4929 Pro-

563 4987 586 5018 α
622 4958 822 5038 pheta,
859 4967 922 5020 ut
952 4957 1154 5019 lumen
1179 4957 1471 5032 videatur,
1519 4956 1633 5020 nisi
1677 4956 1737 5018 in
1797 4956 2022 5018 lumine
2055 4973 2205 5017 con-

561 5076 584 5106 c
621 5044 906 5126 spiciatur
930 5066 944 5106 :
971 5071 994 5104 ι
1020 5045 1084 5108 In
1117 5046 1343 5108 lumine
1367 5046 1550 5123 enim,
1585 5044 1799 5126 inquit,
1833 5052 1931 5105 tuo
1974 5042 2204 5105 videt-i-

566 5159 588 5190 ι
621 5154 753 5198 mus
782 5138 1095 5202 lumeu9.!
1129 5137 1192 5201 Si
1214 5137 1394 5217 i,itur
1422 5156 1538 5198 non
1573 5135 1687 5197 nisi
1715 5153 1822 5216 per
1852 5134 2054 5196 lumen
2077 5131 2210 5195 ﬁeri

563 5250 590 5280 α
627 5223 868 5287 luminis
917 5226 1339 5307 contemplatio
1390 5233 1604 5308 potest,
1638 5223 1934 5306 quomodo
1978 5222 2029 5284 si
2075 5221 2208 5302 quis

570 5341 592 5372 ι
625 5319 790 5374 extra
841 5313 1040 5376 radios
1087 5324 1377 5391 versetur,
1409 5313 1597 5377 solem
1647 5311 1918 5392 contueri
1965 5316 2206 5392 potest?

566 5420 588 5449 ι
623 5398 914 5472 Quoniam
947 5403 1130 5480 igitur
1158 5404 1218 5466 in
1249 5389 1477 5466 lumine
1509 5401 1726 5484 Patris,
1755 5389 1867 5463 bdo
1891 5389 2062 5462 estin
2079 5399 2208 5480 Spi-

563 5516 586 5550 α
621 5488 740 5550 ritu
770 5498 972 5552 sancto
1004 5489 1167 5552 illinc
1199 5491 1560 5572 procedente
1576 5489 1944 5572 unigenitum
1961 5487 2204 5571 conspi-

642 5657 848 5723 9Psal.
884 5673 1065 5738 xxxv,
1103 5659 1199 5723 lO.

2367 4504 2464 4564 Ἐκ
2517 4516 2610 4566 τοῦ
2665 4512 2738 4574 εἰς
2793 4512 2883 4568 τὸν
2931 4511 3345 4592 πρωτομάρτυρα
3383 4512 3534 4591 ἅγιοι
3583 4511 3849 4592 Στέφανον

2963 4592 3254 4671 ἐγκωμίου.

2365 4670 2510 4743 ΡΙΕ’,
2551 4709 2575 4741 ι
2635 4681 2899 4761 Στέφανος
2947 4680 3022 4756 δὲ,
3104 4683 3316 4763 πλήρης
3404 4685 3705 4760 Πνεύματος
3757 4685 3932 4764 ἁγίου,

2293 4795 2316 4826 ι
2348 4766 2457 4825 εἶδε
2504 4767 2653 4835 δόξαν
2710 4774 2860 4846 Θεοῦ,
2895 4773 2983 4828 καὶ
3039 4773 3129 4828 τὸν
3172 4777 3448 4851 Move-(cvi;
3503 4781 3597 4833 τοῦ
3649 4780 3801 4836 Θεοῦ.
3859 4778 3938 4834 Οὖ

2296 4880 2319 4911 ι
2349 4859 2448 4937 γὰρ
2485 4860 2620 4932 ἔστι,
2656 4861 2829 4924 καθώς
2884 4883 3043 4940 φησιν
3088 4863 3116 4918 ὁ
3167 4863 3477 4940 Προφήτῆς,
3535 4869 3646 4941 φῶς
3690 4862 3933 4940 ὀφθῆναι,

2291 4971 2316 5004 ε
2352 4947 2430 5022 μὴ
2487 4947 2542 5003 ἐν
2594 4955 2672 5024 τῷ
2727 4950 2859 5027 φωτὶ
2908 4950 3296 5030 καθορώμενον,
3339 4969 3362 5000 I
3425 4951 3512 5009 Ἐν
3542 4952 3641 5029 γὰρ
3668 4958 3746 5026 τῷ
3800 4952 3940 5031 φωτί

2293 5062 2318 5097 ι
2353 5057 2468 5112 σου,
2505 5054 2532 5088 ›)
2585 5039 2764 5119 φησὶν,
2831 5059 2855 5092 ι
2925 5039 3162 5116 ὀψόμεθα
3257 5047 3390 5120 φῶς.
3440 5059 3462 5090 ι
3523 5040 3631 5097 Οὔκ
3711 5039 3938 5121 ἐνδέχε-

2299 5156 2321 5187 ι
2353 5150 2462 5204 ται,
2515 5130 2558 5186 εἰ
2616 5129 2692 5205 μὴ
2753 5129 2807 5186 ἐν
2851 5137 2927 5206 τῷ
2983 5153 3116 5212 φωτι
3159 5132 3396 5210 γενέσθαι
3451 5131 3549 5200 τὴν
3598 5134 3692 5189 τοῦ
3757 5135 3937 5214 φωτὸς

2298 5242 2322 5273 α
2353 5216 2592 5296 θεωρίαν,
2654 5217 2776 5281 Πώς
2853 5218 2993 5276 ἐστιν
3062 5219 3270 5277 ἀπιδεῖν
3329 5221 3402 5284 εἰς
3445 5223 3535 5277 τὸν
3600 5219 3776 5302 ἥλιον,
3833 5221 3940 5289 ’ἐξω

2291 5324 2317 5360 α
2349 5309 2456 5360 τῶν
2511 5306 2732 5362 ἀκτίνων
2789 5308 3118 5384 γενόμενον;
3181 5306 3327 5366 Ἐπεὶ
3404 5308 3490 5366 οὖν
3549 5308 3604 5366 ἐν
3653 5313 3730 5384 τῷ
3799 5314 3940 5390 φωτὶ

2295 5421 2316 5452 ι
2349 5401 2438 5451 τοῦ
2493 5398 2722 5474 Πατρὸς,
2769 5396 3033 5454 τουτέστιν
3100 5397 3152 5453 ἓν
3195 5401 3273 5472 τῷ
3327 5397 3588 5472 Πνεύματι
3646 5404 3724 5472 τῷ
3769 5398 3938 5478 ἁγιῳ,

2295 5511 2317 5544 ι
2349 5490 2424 5560 τῷ
2494 5483 2692 5544 ἐκεῖθεν
2757 5485 3174 5564 ὶκπορευομὲνῳ,
3231 5487 3291 5542 τὸ
3359 5485 3642 5565 μονογενὲς
3697 5491 3941 5569 καθορα-
