4208 6296
421 280 539 347 567

1534 281 1746 346 JOAN.
1792 280 2013 346 VEGCI
2055 281 2169 342 GP.
2220 280 2733 350 PATRIARCHAE

3693 294 3812 359 568

417 434 440 466 ο
479 415 714 479 trinitas
740 414 1035 489 indivisa;
1075 432 1246 479 mens
1274 414 1499 496 absque
1540 413 1864 508 principio,
1898 413 2078 508 solius

2172 438 2191 471 π
2225 436 2415 508 χῦτος,
2474 416 2575 508 καὶ
2615 417 2762 508 τριὰς
2817 416 3127 508 ᾇδιαίρετος,
3189 430 3307 489 νοῦς
3364 424 3811 508 ἄναρχος,’μόθου

420 523 446 560 ι
482 506 609 569 sola
656 504 1060 570 essentialiter
1088 504 1314 585 absque
1344 502 1661 585 principio,
1706 501 1887 564 Verbi
1918 502 2086 582 geni-

426 614 451 647 ι
488 596 625 677 trix,
671 603 733 660 et
761 595 950 660 solius
982 603 1291 677 perpetuae
1314 593 1470 667 vitae,
1519 599 1578 655 et
1605 592 1862 674 Spiritus
1898 591 2086 655 sancti

430 707 454 739 ι
484 684 641 750 fons.
680 709 705 740 ν

1010 777 1478 842 Animadversio
1491 826 1505 840 .

512 898 539 936 ‹
572 871 794 937 Discito
825 871 899 935 ab
931 872 1047 935 hoc
1077 889 1313 954 quoque
1345 871 1542 935 divino
1572 871 2084 950 Patre,amborum

433 986 458 1023 α
493 980 731 1025 causam
757 970 816 1025 et
842 960 977 1023 Filii
1002 969 1060 1024 et
1083 961 1338 1041 Spiritus
1372 963 1633 1037 Patrem,
1669 963 1829 1025 illius
1873 969 1938 1024 ut
1983 981 2081 1040 ge-

426 1072 451 1103 α
486 1051 764 1134 nitorem,
794 1050 976 1131 hujus
997 1049 1087 1112 uti
1120 1051 1343 1112 fontem
1366 1061 1673 1115 assertum
1694 1051 1896 1114 fuisse.
1927 1068 1959 1103 »

1095 1232 1412 1312 Refutatio
1426 1280 1441 1295 .

506 1328 810 1391 Diversam
854 1326 1092 1390 tandem
1139 1344 1378 1388 causam
1425 1325 1560 1388 Filii
1590 1332 1653 1389 et
1677 1326 1931 1407 Spiritus
1976 1327 2087 1388 Pa-

2172 525 2199 557 α
2231 504 2390 596 μόνος
2454 502 2736 596 -οῦσιωδιῦς
2812 506 3047 589 ἂνάρχου
3116 512 3288 591 Λόγου
3366 502 3661 596 γεννήτωρ,
3725 518 3813 573 καὶ

2172 610 2198 644 α
2228 592 2398 668 μόνης
2444 591 2614 650 ἀϊδίου
2656 600 2801 666 ζωῆς
2829 598 2915 654 καὶ
2946 599 3245 676 Πνεύματος
3276 591 3423 681 ἁγίου

2829 776 3163 844 Ἐπιστασὶα.

2256 898 2283 931 α
2319 860 2522 927 ῃΑκουε
2552 873 2640 928 καὶ
2696 873 2839 950 παρὰ
2904 874 3087 931 τούτου
3143 884 3235 934 τοῦ
3289 881 3425 935 θείου
3482 880 3683 957 Πατρὸς
3716 876 3811 934 αἴ-

2178 977 2202 1016 t
2250 981 2362 1016 τιον
2402 961 2490 1017 καὶ
2532 962 2756 1042 ἀμφοῖν,
2804 972 2897 1022 τοῦ
2963 985 3020 1020 τε
3064 966 3184 1022 Υἱοῦ
3212 970 3299 1023 καὶ
3338 968 3431 1025 τοῦ
3488 968 3810 1046 Πνεῦματος,

2242 1050 2333 1105 τὸν
2402 1049 2631 1129 Πατέρα,
2703 1053 2797 1108 τοῦ
2852 1052 2950 1128 μὲν
3006 1055 3080 1118 ὡς
3133 1056 3446 1136 γεννήτειρα,
3513 1063 3603 1114 τοῦ
3645 1053 3698 1112 δὲ
3739 1057 3813 1119 ὡς

2171 1157 2193 1189 α
2226 1138 2407 1218 πηγὴν
2436 1139 2853 1216 κηρυττόμενον.
2887 1161 2909 1189 ι

2816 1234 3161 1314 Ἀντίρῤησις.

2253 1325 2510 1405 Διάφορον
2564 1327 2697 1391 τέως
2755 1327 2929 1385 αἴτιον
2986 1331 3110 1390 Υἱοῦ
3179 1334 3266 1388 καὶ
3349 1340 3441 1390 τοῦ
3511 1333 3811 1408 Πνεῦματος

421 1425 573 1479 trem
603 1416 833 1493 fateris,
877 1416 1042 1477 illius
1072 1424 1132 1476 ut
1162 1415 1523 1495 genitorem,
1557 1417 1731 1493 hujus
1754 1415 2082 1478 utfontem.

2172 1414 2259 1501 τὸν
2305 1414 2510 1495 Πατέρα
2550 1415 2863 1494 ὁμολογεῖς,
2923 1421 3016 1475 τοῦ
3069 1419 3190 1495 μὲν,
3235 1422 3309 1484 ὡς
3367 1423 3679 1501 γεννήτορα,
3720 1424 3813 1478 τοῦ

422 1504 485 1569 Si
512 1505 710 1586 itaque
744 1513 802 1567 et
871 1504 1005 1568 Filii
1035 1513 1093 1565 et
1119 1503 1375 1584 Spiritus
1417 1506 1694 1582 contigua
1744 1520 1921 1565 causa
1970 1510 2080 1576 est,

2172 1499 2246 1581 δὲ,
2293 1504 2366 1567 ὡς
2393 1505 2600 1581 πηγήν,
2639 1506 2694 1561 Εἰ
2750 1506 2873 1583 γοῦν
2933 1508 3018 1562 καὶ
3070 1507 3163 1564 τοῦ
3220 1511 3343 1566 Υἱοῦ
3384 1512 3468 1567 καὶ
3509 1499 3602 1569 τοῦ
3645 1499 3812 1567 Πνεῦ-

428 1594 671 1656 ubinam
730 1602 820 1655 est
875 1593 936 1654 in
990 1591 1159 1654 Patre
1213 1610 1408 1654 causae
1478 1592 1845 1656 discrimen?
1893 1590 2086 1664 Quare

2172 1612 2335 1664 ματος
2362 1593 2499 1648 κατὰ
2537 1593 2597 1648 τὸ
2643 1595 2906 1674 προσεχές
2952 1594 3091 1653 ἐστιν
3142 1595 3340 1670 αἴτιος,
3398 1608 3499 1658 ποῦ
3549 1599 3610 1655 τὸ
3638 1598 3693 1655 ἐν
3735 1605 3813 1672 τῷ

425 1681 825 1744 adnotandum
860 1681 965 1742 tibi
999 1693 1088 1743 est
1111 1698 1226 1761 qua
1254 1680 1484 1742 ratione
1516 1691 1757 1743 sanctus
1787 1701 1857 1743 ex
1908 1685 2085 1745 Patre

2172 1681 2329 1757 Πατρὶ
2408 1664 3078 1761 διάφοροναῆςηαίτίαςς
3138 1687 3235 1743 Δεῖ
3294 1664 3349 1743 δὲ,
3415 1664 3812 1762 σημειώσασθαῖ

427 1770 684 1851 Spiritus
715 1770 1145 1846 exsistentiam,
1179 1788 1314 1830 cum
1360 1772 1594 1832 Patrem
1648 1769 1871 1832 fontem
1906 1788 2085 1830 voca-

427 1859 574 1922 verit
599 1859 879 1939 aperuit;
914 1867 977 1919 ut
1006 1876 1138 1919 cum
1172 1857 1473 1918 imeneris
1504 1866 1564 1919 et
1614 1858 1827 1921 Filium
1860 1858 2083 1919 fontem

434 1948 692 2030 Spiritus
738 1948 925 2009 sancti
976 1946 1221 2023 dictum,
1255 1964 1330 2008 ne
1362 1947 1423 2007 in
1451 1946 1611 2008 aliud
1659 1956 1892 2028 tempus
1938 1965 2081 2023 pro-

433 2038 632 2100 trahas
686 2036 884 2109 fateri,
923 2034 1204 2116 Spiritum
1263 2052 1395 2096 esse
1447 2035 1624 2097 etiam
1679 2054 1748 2097 ex
1805 2046 2079 2116 utroque.

433 2126 665 2189 Etenim
716 2125 790 2196 si.
827 2124 916 2187 uti
945 2132 1186 2186 sanctus
1216 2124 1467 2204 Cyril'us
1497 2124 1682 2187 refert
1718 2145 1732 2188 :
1774 2122 2080 2187 «Omnium

433 2214 791 2280 naturalium
822 2212 1117 2275 bonorum
1176 2212 1360 2273 Patris
1416 2213 1719 2293 particeps
1749 2221 1841 2275 est
1869 2211 2078 2289 Filius,

434 2323 612 2366 unam
679 2302 731 2365 si
791 2301 1051 2382 excipias
1106 2302 1544 2382 paternitatem,
1607 2325 1628 2355 ι
1666 2303 1837 2362 Pater
1884 2308 2082 2362 autem

434 2392 690 2476 Spiritus
724 2409 841 2453 non
875 2398 985 2452 est.
1018 2387 1324 2461 Quomodo
1373 2406 1509 2449 vero
1570 2407 1703 2451 cum
1763 2388 1935 2451 Patre
1967 2402 2081 2450 non

435 2478 897 2546 communicabit
922 2477 984 2539 in
1016 2476 1390 2538 emanatione
1419 2476 1697 2557 Spiritus,
1732 2477 1785 2540 si
1814 2477 1928 2538 duo
1947 2477 2083 2538 fon-

438 2579 527 2634 tes
583 2588 704 2632 non
761 2574 921 2644 sunt,
972 2565 1077 2628 sed
1119 2583 1273 2627 unus
1328 2564 1460 2626 l'ons
1515 2566 1771 2647 Spiritus
1824 2565 1997 2629 Pater
2026 2574 2085 2629 et

426 2658 627 2723 Filius
652 2658 680 2720 ?

598 2766 701 2830 Ea:
722 2763 1021 2844 colloquio
1049 2760 1371 2825 orthodoxi
1399 2768 1459 2826 et
1486 2761 1934 2825 Maccdoniani.

518 2949 688 3017 CXX.
729 2970 753 3002 ι
781 2946 853 3011 Α.
888 2948 1147 3010 Potesne
1179 2943 1326 3006 mihi
1355 2944 1674 3007 ostendere
1734 2964 1990 3026 quonam
2024 2940 2141 3008 inC

445 3073 468 3104 α
496 3041 628 3104 loco
659 3037 946 3117 scriptum
976 3033 1280 3107 est,Deum
1313 3052 1444 3096 esse
1464 3032 1790 3115 Spiritum?
1814 3033 1964 3108 Quid
1991 3053 2087 3097 me

449 3157 471 3191 σ
507 3127 707 3192 multis
736 3128 846 3189 hac
874 3134 1052 3205 atque
1081 3122 1183 3185 illa
1213 3123 1563 3186 circumfers
1582 3123 1614 3183 ‘I
1642 3123 1709 3187 B.
1746 3121 1807 3186 Si
1834 3126 2084 3204 primum

449 3248 472 3280 α
505 3216 748 3300 quidem
779 3213 971 3277 sancti
990 3211 1238 3294 apostoli
1269 3220 1631 3292 agnoverunt
1662 3211 1940 3292 Spiritum
1968 3221 2087 3274 tum

439 3331 467 3367 ‹
508 3314 711 3387 postea
757 3303 998 3377 Filium,
1047 3310 1210 3364 recte
1259 3309 1319 3363 et
1374 3308 1435 3362 tu
1485 3320 1723 3383 quoque
1771 3301 2092 3379 cognitioni

450 3394 636 3457 «Filii
689 3391 1091 3470 cognitionem
1147 3390 1403 3471 Spiritus
1460 3393 1777 3472 praeponis.
1840 3391 2008 3465 Quod
2041 3389 2089 3453 si

451 3511 473 3541 α
509 3481 673 3562 prius
719 3479 870 3560 ipsis
912 3479 1168 3541 innotuit
1215 3477 1421 3555 Filius,
1449 3479 1755 3559 deinceps,
1810 3478 2088 3559 Spiritus,

450 3600 473 3632 α
508 3569 673 3651 prius
703 3575 764 3628 tu
793 3584 1029 3648 quoque
1060 3584 1316 3646 agnosce
1360 3565 1493 3630 Filii
1543 3567 1850 3647 deitatem,
1879 3576 1937 3629 et
1967 3574 2089 3628 tum

448 3687 472 3718 ι
505 3655 843 3738 assequeris
890 3663 948 3717 et
974 3654 1231 3735 Spiritus
1282 3654 1703 3735 cognitionem.
1753 3659 1827 3717 A.
1861 3656 1997 3719 Scio
2029 3668 2089 3716 et.

448 3769 472 3803 ι
506 3750 687 3807 credo
717 3743 904 3807 Deum
929 3760 1061 3805 esse
1089 3742 1328 3823 Filium,
1361 3761 1429 3804 ex
1455 3742 1577 3805 Deo
1609 3752 1664 3806 et
1692 3742 1869 3807 Patre
1911 3744 2084 3823 geni-

450 3865 472 3895 ι
506 3841 655 3915 tum,
689 3840 872 3894 totum
905 3851 976 3894 ex
1005 3839 1149 3894 toto.
1184 3834 1248 3894 B.
1285 3831 1461 3911 igitur
1489 3850 1558 3894 ex
1582 3833 1934 3894 essentia.A.
1969 3832 2083 3897 Mi-

444 3951 470 3986 ι
503 3922 665 3985 nime
684 3920 975 4001 gentium.
1012 3921 1060 3984 Β
1119 3919 1247 3993 Qua
1276 3937 1414 3999 ergo
1441 3921 1671 3983 ratione
1704 3920 1860 3983 dicis
1891 3924 2083 4002 ipsum

446 4039 471 4075 ι
504 4017 687 4073 totum
718 4029 790 4073 ex
819 4016 963 4085 toto,
1022 4008 1193 4071 sicuti
1239 4008 1583 4088 angelorum
1633 4009 1985 4091 quemlibet,
2030 4019 2088 4072 et

443 4129 468 4163 ι
499 4100 746 4163 aliarum
788 4096 1242 4161 creaturarum?
1287 4100 1353 4162 Α.
1378 4096 1496 4161 Sed
1532 4097 1717 4160 Filius
1749 4098 2085 4175 unigenitus

443 4218 468 4251 ι
502 4195 611 4263 est,
645 4189 713 4251 Β.
750 4189 1069 4270 Propterea
1121 4205 1254 4248 eum
1311 4187 1464 4249 dicis
1501 4187 1892 4268 unigenitum,
1926 4188 2084 4269 quod

449 4308 471 4339 ι
505 4276 704 4340 nullus
732 4275 884 4340 alius
912 4276 1043 4338 talis
1063 4285 1195 4356 est;
1229 4275 1318 4337 vel
1376 4274 1533 4356 quod
1581 4276 1744 4337 solus
1773 4295 1843 4337 ex
1873 4295 2083 4338 essen-

2165 1788 2248 1840 σε,
2304 1766 2450 1832 ὅπως
2509 1772 2537 1826 ὁ
2593 1770 2744 1848 ἅγιος
2786 1773 2881 1839 τὴν
2939 1773 2998 1829 ἐκ
3053 1776 3146 1831 τοῦ
3205 1777 3404 1854 Πατρὸς
3459 1775 3674 1853 ὕπαρξιν
3721 1783 3811 1832 τοῦ

2165 1858 2465 1934 Πνεῦματος
2515 1860 2570 1917 ἐν
2626 1868 2704 1935 τῷ
2759 1864 2849 1920 τὸν
2894 1864 3101 1943 Πατέρα
3155 1867 3338 1943 πηγὴν
3392 1865 3609 1923 καλέσαι
3651 1864 3808 1935 δεδε-

2165 1945 2360 2027 λωκεν,
2411 1946 2487 2004 ’ἶν’
2544 1950 2668 2006 ὅταν
2710 1951 2951 2030 εῦρίσκῃς
3008 1954 3109 2008 καὶ.
3150 1955 3241 2009 τὸν
3298 1956 3415 2010 ne»
3470 1955 3650 2033 πηγὴν
3718 1962 3810 2012 τοῦ

2163 2036 2312 2113 ἁγίου
2357 2035 2646 2115 λεγόμενον
2689 2041 3012 2115 Πνεῦματος,
3077 2045 3155 2116 μὴ
3207 2039 3480 2120 ἀναϐάλλῃ
3523 2041 3809 2121 ὁμολογεῖν

2166 2125 2308 2182 εἶναι
2374 2128 2436 2182 τὸ
2481 2133 2691 2203 Πνεῦμα
2761 2131 2848 2184 καὶ
2899 2127 2950 2195 ἐξ
3005 2129 3231 2210 ἀμφοῖν,
3295 2133 3355 2188 Εἰ
3412 2133 3513 2210 γὰρ
3556 2134 3691 2187 κατὰ
3720 2134 3808 2188 τὸν

2163 2212 2314 2290 ἅγιον
2399 2214 2654 2293 Κῦριλλον
2717 2245 2739 2276 α
2800 2218 3019 2276 Πάντων
3115 2221 3220 2274 τῶν
3307 2226 3539 2298 φυσικῶν
3598 2220 3809 2298 ἀγαθῶν

2164 2309 2257 2357 τοῦ
2300 2304 2504 2380 Πατρὸς
2558 2305 2810 2369 κοινωνός
2869 2305 3010 2363 ἐστιν
3043 2309 3070 2363 ὁ
3124 2309 3243 2371 Υἱὸς
3305 2304 3424 2363 ἄνευ
3478 2313 3571 2363 τοῦ
3629 2308 3807 2386 Πατὴρ

2167 2391 2331 2464 εἶναι,
2380 2391 2562 2469 Πατὴρ
2630 2393 2728 2467 μὲν
2785 2393 2878 2451 οῦκ
2921 2394 3028 2451 ἔστι
3078 2403 3169 2453 τοῦ
3212 2395 3512 2470 Πνεῦματος
3546 2411 3560 2424 ⁸
3616 2402 3693 2469 τῷ
3752 2394 3806 2450 δὲ

2169 2478 2328 2547 Πατρὶ
2375 2483 2491 2543 πῶς
2532 2476 2594 2535 ἂν
2666 2481 2739 2544 εἷς
2803 2483 2894 2537 τὸν
2936 2489 3026 2539 τοῦ
3082 2483 3383 2557 Πνεῦματος
3438 2487 3499 2541 οὗ
3540 2485 3804 2552 κοινωνή-

2165 2584 2273 2619 σειε
2301 2567 2609 2643 πηγασμὸν,
2642 2568 2695 2623 εἴ
2761 2591 2821 2646 γε
2853 2570 2930 2646 μὴ
2975 2568 3064 2628 δύο
3104 2574 3298 2651 πηγαὶ,
3358 2570 3495 2627 ἀλλᾶ
3525 2572 3617 2645 μία
3648 2573 3805 2648 πηγὴ

2165 2651 2258 2708 τοῦ
2285 2653 2588 2729 Πνεῦματος
2622 2657 2649 2712 ὁ
2678 2655 2858 2736 Πατῆρ
2882 2660 2977 2714 εἰσι
3004 2661 3092 2715 καὶ
3122 2661 3150 2715 ὁ
3184 2659 3299 2722 Υἱός
3335 2678 3352 2732 ;

2168 2769 2303 2828 Ἀπὸ
2346 2777 2443 2840 τῆς
2498 2775 2560 2830 ὲκ
2601 2777 2884 2855 προσώπου
2928 2776 3248 2856 Ὀρθοόόξου,
3304 2780 3391 2836 καὶ
3424 2776 3807 2835 Μακεδονιανοῦ

2645 2858 2974 2924 συντεθείσης
3030 2856 3324 2925 διειλέξεως.

2248 2936 2419 3006 ΡΚΑ’.
2484 2974 2510 3006 α
2572 2956 2635 3008 Α.
2698 2938 2901 3030 ’Ἐχεις
2960 2973 3053 3026 μοι
3097 2948 3286 3026 δεῖξαι,
3349 2957 3451 3007 ποῦ
3521 2949 3809 3028 γέγραπται

2172 3051 2199 3084 α
2233 3034 2363 3098 Θεὸς
2404 3036 2465 3090 τὸ
2507 3041 2759 3114 Πνεῦμας
2793 3039 2853 3096 Τί
2894 3060 2962 3114 με
3022 3041 3288 3118 περιάγεις
3343 3037 3559 3117 πολλάς
3620 3047 3679 3099 Β.
3757 3038 3813 3095 Εἰ

2180 3147 2202 3178 ι
2247 3122 2344 3196 μὲν
2374 3129 2583 3201 πρῶτον
2612 3123 2847 3202 ἔγνωσαν
2885 3130 2933 3184 οἱ
2989 3126 3135 3205 ἅγιοι
3184 3126 3471 3184 ἀπόστολοι
3515 3130 3573 3183 τὸ
3602 3128 3814 3199 Πνεῦμα

2182 3237 2204 3268 ι
2249 3212 2335 3266 καὶ
2389 3212 2509 3268 τότε
2564 3215 2655 3270 τὸν
2713 3217 2852 3289 Υἱὸν,
2916 3214 3092 3280 καλῶς
3151 3218 3237 3272 καὶ
3288 3216 3349 3271 σὺ
3405 3215 3673 3286 ἐπιζητε“⁹;
3717 3215 3814 3281 τὴν

2180 3319 2203 3353 α
2239 3306 2328 3356 τοῦ
2408 3301 2708 3377 Πνεῦματος
2764 3306 2957 3382 γνῶσιν
3013 3306 3113 3383 πρὸ
3183 3304 3279 3373 τῆς
3352 3307 3442 3360 τοῦ
3505 3307 3620 3359 ι’ῗοῧ
3672 3303 3811 3379 Ἰνώ·

2179 3417 2204 3448 α
2252 3410 2385 3452 σεως
2420 3406 2437 3423 ⁸
2482 3391 2527 3447 εἰ
2568 3388 2622 3447 δὲ
2651 3393 2901 3470 πρότερον
2946 3392 3182 3470 ἐγνώσθη
3225 3393 3405 3456 αὐτοῖς
3436 3394 3464 3447 ὃ
3522 3395 3665 3465 Υἶὶς,
3727 3393 3812 3447 καὶ

2178 3505 2203 3537 α
2235 3479 2354 3535 τότε
2438 3480 2498 3536 τὸ
2555 3486 2768 3555 Πνεῦμα
2837 3482 3087 3559 προτερον
3159 3483 3246 3537 καὶ
3331 3482 3483 3544 αὐτὸς
3569 3480 3813 3557 ἑπίγνωθι

2181 3588 2207 3621 α
2252 3565 2352 3633 τὴν
2393 3574 2486 3625 τοῦ
2517 3570 2637 3625 Υἱοῦ
2682 3568 2928 3642 θεότητα,
2988 3570 3077 3625 καὶ
3135 3569 3270 3626 οὕτω
3317 3571 3532 3645 μαθήσῃ
3589 3571 3675 3623 Axi
3715 3568 3814 3633 τὴν

2177 3675 2203 3711 α
2233 3661 2325 3711 τοῦ
2379 3656 2681 3731 Πνεῦματος
2725 3662 2942 3735 γνῶσιν.
3020 3669 3080 3719 Α.
3143 3655 3281 3715 Οἶδα
3335 3658 3423 3713 καὶ
3474 3657 3706 3713 πιστεύω
3733 3656 3812 3711 ὅτι

2175 3769 2200 3804 ι
2233 3743 2362 3810 Bede
2406 3743 2545 3800 ἐστι)
2578 3747 2608 3801 ὁ
2652 3747 2794 3819 Υἱὸς,
2851 3747 2912 3801 ὲκ
2953 3752 3042 3803 τοῦ
3099 3752 3229 3803 Εεοῦ
3283 3747 3370 3801 καὶ
3425 3746 3625 3823 Πατρὸς
3684 3765 3812 3821 γεν-

2178 3861 2199 3890 ι
2232 3834 2403 3898 νηθεὶς
2473 3831 2597 3897 ὅλος
2639 3831 2690 3899 ἐξ
2739 3832 2885 3893 ὅλου.
2942 3841 3005 3892 Β.
3065 3835 3263 3892 Οὐκοῦν
3316 3834 3376 3890 ἐκ
3432 3838 3530 3900 τῆς
3613 3835 3810 3895 οὐσίας.

2172 3947 2197 3981 ι
2231 3930 2298 3983 Α.
2337 3919 2429 3981 υῦ.
2483 3928 2547 3985 Β,
2604 3920 2782 3987 Οὕτως
2826 3923 2914 3979 οὖν
2972 3924 3127 3979 αὐτὸν
3184 3921 3358 4000 λέγεις
3402 3921 3524 3979 ὅλον
3580 3921 3635 3988 ἐξ
3663 3920 3810 3995 ὅλου,

2177 4037 2200 4070 ι
2244 4012 2316 4073 ὡς
2361 4008 2579 4067 ἕκαστον
2637 4016 2742 4068 τῶν
2785 4010 3028 4091 ἀγγέλων
3060 4013 3146 4068 καὶ
3184 4016 3291 4068 τῶν
3336 4009 3510 4068 ἄλλων
3577 4012 3810 4087 κτισμά-

2175 4104 2381 4179 ατῶνς
2448 4108 2515 4159 Α.
2589 4097 2738 4156 Ἀλλ’
2796 4102 2824 4156 ὁ
2879 4102 3000 4163 Υἱὸς
3058 4100 3349 4179 μονογενής
3393 4099 3555 4160 ἐστιν.
3604 4106 3665 4161 Β.
3717 4099 3815 4156 Διᾶ

2173 4206 2196 4240 ι
2241 4193 2396 4245 τοῦτο
2442 4189 2599 4247 αὐτὸν
2653 4187 2827 4267 λέγεις
2887 4193 3184 4268 Μονογενῆ,
3231 4188 3344 4245 ἐπεὶ
3388 4187 3547 4251 ἀλλος
3575 4195 3812 4251 τοιοῦτος

2170 4302 2196 4335 α
2230 4276 2324 4334 οῦκ
2353 4275 2499 4334 ἔστιν
2534 4294 2552 4314 ⁶
2584 4277 2619 4346 ἢ
2650 4277 2763 4334 ἐπεὶ
2791 4278 2952 4353 μόνος
2981 4278 3042 4334 ἐκ
3097 4283 3194 4345 τῆς
3239 4279 3413 4341 οὖσίας
3445 4277 3757 4355 γεγέννηται
3793 4297 3810 4313 ο

441 4385 467 4421 ι
500 4365 586 4460 tia
612 4364 986 4460 g_e_nitus_est.
1021 4363 1300 4460 A._Q_u_od
1357 4364 1558 4426 nullus
1607 4364 1759 4426 alius
1803 4364 2080 4460 _talis_est.

2178 4392 2202 4423 α
2241 4374 2303 4421 Α.
2340 4362 2488 4422 Ἐπεὶ
2548 4364 2709 4430 ἄλλος
2765 4374 3000 4431 τοιοῦτος
3045 4369 3138 4424 οῦκ
3193 4366 3355 4440 ἔστιν,
3415 4374 3477 4423 Β.
3525 4367 3666 4424 Εἶπὲ
3725 4367 3811 4423 οὖν

443 4482 467 4514 ι
500 4453 571 4517 Β.
598 4453 815 4518 ‘Dicito
858 4453 1038 4534 igitur
1081 4452 1365 4534 Spiritum
1418 4464 1688 4515 sanctum
1719 4453 2085 4530 unigenitum

2175 4479 2202 4512 α
2245 4455 2307 4509 τὸ
2364 4460 2575 4531 Πνεῦμα
2632 4457 2695 4512 τὸ
2737 4456 2888 4534 ἅγιον
2958 4461 3221 4534 μονογενῆ
3290 4455 3405 4511 Υἱόν
3440 4472 3453 4485 ·
3502 4454 3633 4512 ἂλλο
3714 4456 3813 4532 γὰρ

442 4567 464 4601 ι
510 4542 753 4618 Filium,
804 4560 998 4622 neque
1028 4542 1190 4604 enim
1222 4550 1313 4603 est
1360 4540 1519 4603 aliud
1548 4541 1766 4606 simile.
1806 4544 1881 4606 A.
1918 4541 2086 4605 Absit

2180 4568 2203 4600 ι
2235 4549 2468 4600 τοιοῦτον
2539 4547 2634 4603 οὐκ
2698 4542 2830 4603 ἔστι.
2878 4553 2945 4602 Α.
3015 4545 3105 4612 Μὴ
3160 4543 3394 4623 γένοιτο.
3431 4551 3492 4606 Β,
3556 4548 3661 4602 Οὔκ
3714 4543 3812 4622 ἄρα

442 4658 467 4693 ε
502 4631 636 4693 hoc.
669 4631 736 4694 Β.
761 4629 892 4693 Non
923 4630 1102 4710 igitur
1124 4629 1282 4712 quod
1313 4629 1477 4691 solus
1517 4630 1650 4691 talis
1679 4638 1767 4693 est
1802 4632 2087 4712 unigeni-

445 4749 469 4781 ι
502 4727 596 4782 tus
624 4719 865 4791 dicitur,
898 4720 1009 4782 sed
1047 4718 1205 4800 quod
1266 4717 1431 4780 solus
1477 4736 1550 4781 ex
1606 4718 1865 4781 essentia
1916 4728 2088 4781 natus

440 4835 467 4869 α
504 4815 615 4872 est.
648 4806 781 4870 Non
805 4816 896 4871 est
927 4825 997 4871 ex
1030 4805 1290 4870 essentia
1339 4805 1447 4868 Dei
1496 4804 1777 4888 Spiritus?
1827 4808 1895 4871 Β.
1946 4805 2088 4880 Quis

440 4923 467 4955 α
499 4896 703 4977 negat?
733 4900 802 4959 A.
835 4895 988 4976 Ergo
1021 4904 1081 4958 et
1105 4895 1233 4978 ipse
1266 4894 1448 4956 Filius
1488 4902 1598 4956 est.
1642 4896 1708 4958 Β.
1742 4895 1860 4959 Sed
1904 4895 2087 4958 Filius

444 5015 469 5048 ι
503 5005 576 5051 ex
610 4987 868 5049 essentia
895 4984 1133 5066 genitus
1154 4991 1704 5066 est,proptereaque
1747 4985 2085 5065 unigenitus

447 5098 471 5133 ι
505 5071 691 5139 Filius
719 5082 833 5150 est,
875 5074 1128 5157 Spiritus
1177 5091 1314 5136 vero
1346 5092 1415 5137 ex
1447 5074 1709 5136 essentia
1760 5072 2025 5154 procedit
2063 5092 2078 5137 :

444 5192 467 5224 ι
498 5162 756 5245 Spiritus
784 5163 945 5226 enim
970 5182 1039 5226 ex
1068 5180 1168 5227 me
1193 5161 1462 5245 procedit
1514 5164 1796 5244 scriptum
1827 5169 1937 5240 est,
1967 5180 2084 5223 non

444 5276 473 5310 α
504 5267 644 5313 vero
676 5259 847 5314 natus
868 5260 979 5316 est.
1011 5251 1084 5317 A.
1116 5251 1471 5334 thuwnam
1507 5259 1595 5313 est
1624 5249 1962 5314 dill‘erentia
1988 5269 2087 5329 ge-

439 5368 462 5401 ι
495 5338 822 5402 nerationis
849 5351 911 5403 et
955 5340 1408 5422 processionis?
1437 5339 1505 5403 Β.
1539 5338 1652 5413 Qui
1683 5340 2082 5403 differentiam

435 5454 463 5491 ς
495 5426 681 5509 novit,
713 5437 773 5491 et
803 5429 1044 5492 modum
1104 5429 1512 5511 generationis
1569 5436 1628 5490 et
1685 5427 2086 5509 processionis

444 5545 467 5578 α
497 5515 1005 5582 novit.Neminem
1035 5535 1172 5581 vero
1196 5517 1597 5598 generationis
1628 5517 1868 5580 modum
1895 5537 2084 5598 agno—

439 5628 461 5660 ι
499 5622 670 5670 scere
697 5607 994 5689 Propheta
1017 5607 1255 5683 clamat;
1289 5605 1774 5671 cGenerationem
1799 5607 1928 5688 ejus
1950 5607 2085 5688 quis

2176 4658 2199 4691 ι
2245 4628 2327 4690 διὰ
2383 4632 2444 4688 τὸ
2488 4632 2649 4706 μόνόν
2692 4640 2929 4691 τοιοῦτον
2968 4635 3120 4690 αὺτὸν
3177 4634 3319 4690 εἶναι
3365 4633 3666 4711 Μονογενὴς
3717 4632 3811 4689 Λέ-

2174 4747 2199 4780 α
2247 4741 2420 4802 γεται,
2451 4718 2569 4778 ἀλλ’
2600 4718 2784 4789 ἐπειδὴ
2814 4722 2975 4798 μόνος
3005 4721 3065 4778 ἐκ
3119 4727 3219 4789 τῆς
3250 4723 3424 4787 οῦσίας
3471 4721 3806 4799 γεγέννηται.

2173 4837 2198 4869 α
2233 4818 2296 4868 Α.
2345 4811 2453 4867 Οὐκ
2481 4807 2622 4866 ἔστιν
2650 4810 2710 4867 ἐκ
2736 4816 2833 4878 τῆς
2883 4810 3063 4874 οὐσίας
3121 4810 3214 4867 τοῦ
3244 4810 3376 4866 Θεοῦ
3431 4810 3494 4866 τὸ
3547 4816 3758 4885 Πνεῦμα
3793 4829 3809 4877 ς

2170 4923 2197 4956 ι
2230 4905 2295 4959 Β.
2332 4899 2432 4955 Καὶ
2462 4898 2619 4956 πάνυ.
2674 4908 2740 4958 Α.
2803 4901 2900 4957 Καὶ
2944 4901 3070 4958 αὐτὸ
3128 4897 3225 4977 ἄρα
3292 4899 3434 4963 Υἱός.
3491 4907 3555 4961 Σ,
3604 4898 3754 4955 Ἀλλ’
3783 4901 3811 4955 ὁ

2174 5014 2197 5045 ι
2236 4985 2332 5061 μὲν
2399 4988 2516 5050 Υἱὸς
2588 4988 2649 5045 ἐκ
2689 4992 2789 5055 τῆς
2857 4989 3031 5051 οὗσίας
3117 4985 3449 5065 γεγέννηται,
3512 4987 3594 5046 διὰ
3659 4991 3811 5045 τοῦτο

2170 5099 2196 5132 α
2227 5077 2520 5155 μονογενὴς
2608 5078 2750 5146 Υἱὸς,
2822 5078 2882 5133 τὸ
2957 5074 3012 5132 δὲ
3082 5082 3294 5150 Πνεῦμα
3344 5075 3403 5132 ἐκ
3470 5075 3566 5144 τῆς
3636 5078 3810 5139 οῦσῖας

2179 5193 2201 5224 ι
2233 5163 2597 5244 ἐκπορεύεται.
2644 5186 2671 5219 «ι
2718 5172 2927 5240 Πνεῦμα
2997 5166 3096 5244 γὰρ
3154 5167 3280 5241 παρ’
3330 5163 3458 5240 ἐμοῦ
3525 5164 3808 5244 ἐκπορεύε-

2174 5281 2197 5313 σ
2228 5274 2314 5309 ται
2348 5275 2371 5306 ι
2433 5252 2749 5334 γέγραπται,
2827 5254 2886 5311 οὔ
2942 5252 3280 5333 γεγέννηται,
3343 5261 3407 5313 Α.
3491 5255 3590 5310 Καὶ
3644 5255 3721 5317 τῖς
3775 5255 3809 5321 ἡ

2173 5370 2195 5401 α
2240 5338 2458 5422 διαφορὰ
2527 5343 2626 5410 τῆς
2711 5344 3007 5421 γεννήσεως
3078 5343 3165 5399 καὶ
3246 5347 3345 5408 τῆς
3399 5341 3804 5421 ἐκπορεύσεω;;

2175 5457 2197 5488 ι
2229 5437 2291 5492 Β.
2331 5423 2387 5489 Ὀ
2442 5430 2542 5500 τὴν
2624 5430 2873 5513 διαφορὰν
2943 5429 3090 5494 εἰδὼς
3157 5431 3245 5486 καὶ
3299 5431 3388 5485 τὸν
3459 5431 3655 5507 τρόπον
3710 5437 3809 5497 τῆς

2175 5542 2198 5574 ι
2226 5521 2527 5597 γεννήσεως
2582 5522 2670 5577 καὶ
2725 5508 2824 5590 τῆς
2906 5519 3265 5599 ἐκπορεῦσεως
3322 5516 3490 5578 οἶδεν.
3565 5508 3694 5578 nOtt
3754 5517 3807 5574 δὲ

2171 5633 2195 5666 ι
2244 5606 2403 5675 οὖδεὶς
2435 5606 2551 5666 οἶδε
2608 5610 2700 5666 τὸν
2750 5611 2942 5690 τρόπον
2996 5610 3094 5674 τῆς
3151 5608 3453 5687 γεννώσεως
3510 5611 3538 5664 ὁ
3594 5609 3806 5686 προφή-
