4208 6296
465 337 531 402 71
1504 342 1715 405 JOAN.
1765 343 1982 404 YECCI
2027 339 2067 403 C

2190 339 2467 404 ΡΑΤΒΙΑ
2478 342 2702 404 ΒΟΗίΕ

431 494 452 522 σ
485 481 602 536 tem
639 492 876 555 prorsus
906 475 1130 556 absque
1179 475 1468 556 principio
1503 483 1559 535 et
1616 474 2064 556 sempiternum,

2158 503 2180 532 ι
2216 472 2445 556 ἄναρχον
2502 476 2797 558 παντελῶς,
2857 480 2942 534 καὶ

440 591 461 618 α
496 565 756 624 omnium
790 564 1102 627 visibilium
1135 575 1194 626 et
1240 564 1627 625 invisibilium
1659 565 1974 628 factorem:
2009 572 2067 625 et

437 672 458 700 α
491 651 550 711 in
586 671 766 714 unum
801 653 1114 715 Dominum
1145 651 1349 715 Jesum
1400 652 1693 716 Christum
1717 653 1928 715 Filium
1963 653 2067 716 Dei

434 769 458 802 α
493 739 886 818 unigenitum,
922 743 1020 823 qui
1041 741 1114 803 ab
1141 757 1364 804 mterno
1395 754 1455 803 et
1485 741 1614 804 sine
1645 743 1762 803 ulla
1792 742 2066 823 passione

436 853 458 883 α
478 831 549 891 ab
572 832 698 909 ipso
719 833 948 911 genitus
971 842 1058 894 est
1079 833 1200 894 Deo
1224 841 1281 894 et
1306 835 1501 914 Patre,
1557 853 1667 895 nec
1707 833 1864 896 aliud
1909 836 2068 915 prin-

435 939 456 969 ι
487 920 705 998 cipium
738 941 913 1002 quam
951 925 1179 984 Patrem
1228 923 1421 1000 ipsum
1475 931 1916 1001 agnoscentem,
1954 941 2065 985 nec

434 1025 456 1055 ι
491 1007 733 1071 aliunde
762 1030 935 1090 quam
968 1029 1035 1072 ex
1067 1013 1238 1074 Patre
1278 1011 1716 1073 subsistentiam
1751 1013 2065 1092 possiden-

433 1119 454 1147 ι
489 1103 629 1166 tem.
659 1098 860 1160 lumen
891 1100 965 1160 de
999 1099 1243 1172 lumine,
1261 1100 1847 1175 consubstantialem,
1877 1100 2063 1162 Deum

429 1204 454 1237 ‹
485 1203 685 1246 verum
719 1187 792 1248 de
823 1191 945 1250 Duo
978 1207 1137 1263 vero,
1179 1199 1538 1250 comternum
1571 1207 1584 1250 :
1648 1197 1706 1250 et
1764 1189 1822 1248 in
1881 1207 2064 1249 unum

433 1297 452 1326 ι
485 1271 770 1350 Spiritum
829 1285 1117 1349 sanctum,
1181 1277 1279 1357 qui
1329 1277 1401 1336 ab
1451 1286 1670 1338 mterno
1729 1297 1795 1338 ex
1859 1279 1976 1339 Deo
2009 1285 2067 1337 et

433 1389 454 1418 ι
492 1364 665 1424 Patre
695 1365 981 1443 procedit,
1019 1374 1076 1426 et
1105 1366 1303 1427 lumen
1336 1376 1395 1426 et
1425 1365 1580 1427 Deus
1611 1367 1734 1446 ipse
1787 1366 2061 1445 agnosci-

429 1475 452 1504 ι
491 1457 605 1524 tur,
641 1460 848 1531 estque
877 1470 1011 1514 vere
1036 1454 1194 1516 Patri
1225 1462 1283 1514 et
1315 1453 1464 1515 Filio
1522 1463 1875 1520 coaeternus.
1913 1473 2062 1515 con-

430 1559 452 1588 ι
488 1539 908 1616 substantialis,
944 1550 1000 1602 et
1032 1541 1298 1621 ejusdem
1345 1561 1475 1603 cum
1535 1543 1655 1606 illis
1703 1543 1999 1606 essentiaa.
2037 1569 2058 1599 ι

997 1635 1045 1695 Α
1059 1635 1487 1698 nimadversr‘o.

511 1755 535 1786 ε
579 1726 718 1789 Audi
743 1746 976 1809 quoque
1002 1728 1264 1789 divinum
1289 1747 1355 1790 ac
1388 1720 1891 1810 sapientissimum
1911 1730 2068 1790 hunc

3671 339 3789 403 57‘2

3021 475 3216 548 ἀίδιον,
3302 477 3510 535 πάντων
3597 476 3798 550 ὸρατῶν

2155 583 2177 614 ι
2211 566 2298 620 καὶ
2365 565 2603 642 ἀοράτων
2665 567 2894 636 ποιητήν
2930 585 2943 599 ·
3005 568 3091 622 καὶ
3161 568 3233 630 εἷς
3289 565 3378 624 ἕνα
3438 564 3619 644 Κύριον
3681 563 3792 632 ἰη-

2154 674 2175 704 ι
2211 660 2333 708 σοιν
2392 656 2614 731 Χριστὸν
2670 656 2760 711 τὸν
2828 657 2945 711 Υἰον
3013 661 3104 712 τοῦ
3161 662 3291 712 Θεοῦ
3346 656 3438 710 τὸν
3503 658 3787 731 μονογενῆ,

2157 767 2178 796 ι
2230 743 2321 798 τὸν
2379 741 2560 808 ἀϊδίως
2618 745 2704 800 καὶ
2761 744 2977 809 ἀπαθῶς
3029 742 3080 810 ἐξ
3127 744 3288 800 αὒτοῦ
3343 742 3659 821 γεννηθέντα
3701 752 3791 801 106

2153 851 2174 882 ι
2211 838 2342 888 Θεοῦ
2370 833 2457 888 καὶ
2515 834 2770 910 Πατρὸς,,
2844 833 2931 888 καὶ
2999 835 3093 890 οὒκ
3150 831 3320 898 ἄλλην
3375 831 3552 910 ἀρχὴν
3608 831 3643 898 ἢ
3702 832 3790 886 τὸν

2153 940 2175 970 ι
2210 920 2414 996 Πατέρα
2468 919 2815 999 γινώσκοντα,
2888 918 3006 976 ἀλλ’
3065 919 3208 979 οὒδὲν
3252 919 3471 976 ἄλλοθέν
3528 923 3682 976 ποθεν
3753 919 3789 986 ἢ

2154 1031 2176 1062 ι
2209 1008 2268 1064 ἐκ
2323 1012 2417 1065 106
2469 1009 2672 1088 Πατρός
2725 1009 2825 1076 τὴν
2877 1011 3166 1066 ὑπόστασιν
3260 1008 3479 1088 ἔχοντα,
3569 1014 3680 1088 φῶς
3731 1007 3792 1064 ἐκ

2152 1126 2174 1154 ο
2209 1100 2404 1177 φωτὸς,
2473 1099 2770 1172 ὁμοούσιον,
2848 1099 2976 1154 Θεὸν
3031 1097 3278 1164 ἀληθινὸν
3307 1097 3367 1153 ἐκ
3423 1103 3553 1153 Θεοῦ
3609 1096 3795 1163 ἀληθι-

2156 1215 2176 1243 α
2209 1186 2318 1259 v06,
2354 1185 2617 1243 συναΐδιον
2651 1203 2666 1219 ⁶
2722 1189 2809 1242 καὶ
2853 1189 2925 1250 εἷς
2971 1185 3022 1242 ἔν
3081 1193 3290 1262 Πνεῦμα
3345 1187 3517 1264 ἅγιον,
3575 1189 3636 1243 τὸ
3692 1187 3789 1242 ἀϊ-

2155 1298 2176 1327 ι
2211 1272 2330 1339 δίως
2387 1276 2447 1331 ἐκ
2500 1282 2591 1330 τοῦ
2648 1275 2778 1331 Θεοῦ
2830 1277 2917 1331 καὶ
2975 1277 3178 1352 Πατρὸς
3236 1275 3668 1354 ἐκπορευόμενον,
3729 1276 3789 1331 τό

2157 1388 2178 1417 σ
2223 1365 2333 1442 φῶς
2386 1365 2473 1420 καὶ
2545 1365 2674 1420 Θεὸν
2737 1366 2862 1421 αὐτὸ
2917 1365 3319 1441 γνωριζόμενον,
3379 1364 3467 1420 καὶ
3522 1362 3579 1420 ὅν
3646 1363 3787 1430 ἀλη-

2151 1471 2177 1503 α
2223 1457 2326 1515 θῶς
2385 1455 2546 1529 Πατρὶ
2599 1454 2686 1509 καὶ
2752 1453 2854 1527 ι’ἱῴ
2903 1451 3194 1529 συναίδιον,
3252 1450 3530 1527 ὁμοούσιόν
3597 1472 3656 1507 τε
3702 1453 3790 1507 καὶ

2153 1560 2179 1591 α
2207 1540 2473 1621 ὁμόφυλον
2484 1591 2498 1602 ,
2537 1567 2559 1598 ι

3177 1499 3194 1532 2

2799 1632 3131 1693 Ἐπιστασία.

2235 1719 2435 1785 ’Ἃγουε
2492 1730 2576 1785 καὶ
2659 1737 2752 1786 106
2833 1729 2968 1783 θείου
3050 1727 3137 1782 καὶ
3220 1727 3526 1806 σοφωτάτου
3607 1729 3790 1784 τούτου

431 1838 458 1869 α
493 1814 724 1877 Patrem
758 1816 1456 1890 consubstantialitatem,
1518 1827 1576 1879 et
1608 1818 2064 1879 comternitalem

2156 1841 2183 1873 α
2219 1821 2418 1895 [ἰατρὸς
2485 1817 2583 1882 τὴν
2641 1817 2736 1891 μὲν
2789 1815 3176 1890 ὁμοουσιότητα
3251 1815 3338 1870 καὶ
3419 1812 3790 1880 συναΐδιότητα

432 1927 455 1961 ι
496 1904 752 1985 Spiritus
783 1908 1088 1987 utriusque
1121 1908 1276 1967 Patri
1335 1909 1586 1982 scilicet,
1617 1917 1674 1969 et
1700 1908 1846 1970 Filio
1877 1907 2067 1969 ascri-

431 2016 454 2046 ι
490 1992 751 2072 bentem,
785 1995 896 2057 soli
926 2014 1062 2057 vero
1087 1996 1242 2058 Patri
1267 1997 1726 2077 processionem.
1773 2018 1794 2049 ι

1075 2177 1407 2256 Refutatio.

504 2269 590 2330 Ex
615 2269 738 2331 Deo
762 2279 817 2329 et
841 2272 1006 2332 Patre
1029 2269 1309 2350 Spiritum
1338 2271 1658 2350 procedere
1685 2271 1893 2332 dicens
1923 2271 2070 2333 divi-

429 2375 540 2419 nus
572 2365 630 2420 et
657 2357 1130 2438 sapientisstmus
1159 2359 1269 2420 iste
1297 2358 1484 2428 Pater,
1516 2379 1632 2421 non
1665 2380 1734 2421 ex
1753 2361 1878 2421 solo
1896 2359 2068 2422 Patre

426 2449 715 2530 Spiritum
729 2469 858 2511 esse
873 2450 1330 2530 indicavit,quorl
1349 2451 1603 2513 similem
1627 2454 2066 2529 processionem

427 2556 496 2599 ex
524 2537 695 2600 Patre
728 2558 832 2618 per
859 2539 1070 2600 Filium
1106 2538 1318 2600 habeat
1385 2540 2067 2604 Consubstantialitatem

426 2648 588 2706 vero,
624 2637 682 2690 et
711 2631 1171 2691 coaeternitatem
1227 2631 1503 2710 Spiritus,
1565 2641 1626 2692 ut
1681 2640 1743 2693 tu
1797 2633 1923 2713 ipse
1953 2634 2064 2707 ais,

426 2719 716 2782 ambobus
747 2722 1099 2796 attribuens,
1137 2724 1293 2784 Patri
1327 2724 1554 2784 scilicet
1583 2732 1642 2785 et
1666 2725 1836 2798 Filio,
1864 2734 2069 2806 aperte

427 2810 748 2873 declaravit
778 2829 845 2872 ex
878 2811 1185 2873 amborum
1221 2812 1480 2875 esseutia
1512 2814 1674 2875 illum
1707 2832 1861 2876 esse.

706 2983 951 3046 DICTA
995 2984 1300 3048 ΕΡΙΡΗΑ
1313 2985 1440 3048 NII
1478 2985 1774 3049 CYPBII.

546 3078 768 3141 Sancti
795 3078 1132 3219 Epiphangi
1161 3079 1383 3221 (lg/prlii
1409 3097 1486 3142 ea:
1515 3088 1735 3161 quarto
1764 3083 1960 3163 capite

1068 3204 1088 3220 .
1129 3176 1313 3221 neum
1345 3179 1411 3221 ι..

1068 3176 1411 3237 Apici/ron”
1667 3229 1670 3234 _

503 3246 726 3310 CXXII.
766 3246 1473 3329 «QuandoquidemFilius
1497 3268 1566 3311 ex
1591 3249 1759 3313 Patre
1779 3259 1889 3324 est,
1930 3270 2072 3331 pro-

437 3357 461 3390 ι
497 3345 696 3416 pterea
719 3336 880 3397 solus
908 3335 1066 3398 Deus
1097 3355 1268 3397 verus
1308 3346 1416 3410 est,
1477 3346 1535 3398 et
1575 3357 1698 3400 non
1746 3341 2076 3402 secundum

438 3450 460 3481 ιι
494 3424 808 3486 ementitos
845 3427 1018 3500 Deos,
1049 3426 1151 3486 sed
1180 3426 1346 3486 oolus
1379 3445 1574 3492 verus,
1641 3445 1772 3488 curn
1821 3428 1984 3490 solus
2007 3448 2077 3490 ex

435 3537 461 3568 σ
501 3513 626 3574 solo
660 3513 1024 3592 unigenitus,
1060 3523 1116 3574 et
1140 3515 1304 3575 solus
1331 3515 1583 3593 Spiritus
1610 3523 1870 3580 sanctus.

1013 3607 1494 3670 Animadversio.

517 3723 542 3753 α
582 3698 738 3760 Licet
770 3697 1194 3778 perobscurum
1225 3699 1496 3760 videatur
1517 3700 1628 3760 hoc
1661 3709 1954 3781 caput,est
1985 3703 2075 3764 ni-

437 3809 460 3842 ι
497 3785 818 3848 hilominus
849 3786 1321 3866 pmcedentibus
1369 3806 1720 3869 consonum,
1772 3807 1839 3850 ex
1903 3792 2076 3852 Patre

433 3906 454 3933 ε
492 3875 618 3936 solo
643 3884 959 3955 utrumque
988 3873 1341 3954 decernens,
1372 3875 1585 3936 Filium
1619 3895 1835 3957 nempe
1864 3887 1923 3938 et
1949 3877 2073 3958 Spi-

434 3993 457 4023 ι
491 3965 692 4025 ritum.
727 3962 926 4025 Solum
958 3981 1096 4023 vero
1129 3964 1366 4043 utrique
1401 3964 1713 4045 praeponit,
1747 3965 1895 4027 Filio
1929 3985 2072 4046 pro-

435 4077 456 4107 σ
496 4061 622 4132 pter
643 4050 960 4131 adoptione
992 4059 1049 4112 et
1068 4050 1254 4130 gratia
1314 4051 1490 4125 tilios,
1542 4052 1790 4131 Spiritui
1834 4067 2076 4135 propter

434 4165 461 4196 ε
495 4139 1037 4201 administratorios
1068 4139 1315 4220 spiritus
1349 4157 1362 4200 τ
1400 4159 1469 4202 ex
1505 4141 1629 4202 solo
1658 4151 1878 4216 autem,
1905 4152 1969 4204 ut
1999 4144 2074 4206 de

431 4255 458 4285 ε
494 4228 643 4291 Filio
677 4228 757 4289 ita
785 4227 859 4289 de
883 4226 1106 4308 Spiritu
1135 4227 1549 4309 accipiendum
1579 4240 1690 4291 est.
1720 4252 1740 4280 ι

1078 4409 1231 4488 Refu
1243 4411 1413 4475 talio.

506 4503 1012 4576 Quemadmodum
1037 4504 1179 4566 illud
1229 4507 1388 4568 solus
1432 4525 1782 4586 praeponens
1807 4518 2066 4588 sanctus,
2095 4498 2135 4547 θ

424 4591 572 4654 Filio
606 4601 849 4672 propter
877 4592 1200 4672 adoptione
1259 4602 1316 4653 et
1372 4594 1555 4672 gratia
1617 4594 1794 4674 filios,
1827 4593 2075 4676 Spiritui

425 4689 665 4761 propter
685 4680 1228 4742 administratorios
1255 4683 1496 4762 sp‘ritus
1525 4683 2069 4764 adaptavttmullam

424 4767 564 4829 inde
599 4785 841 4849 prorsus
899 4769 1074 4829 unius
1133 4788 1269 4849 erga
1323 4770 1572 4831 alterum
1633 4771 2070 4845 distinctionem

423 4857 680 4937 Spiritus
694 4858 882 4918 declat
899 4876 1031 4930 aus,
1060 4858 1618 4940 quomodoSpiritus
1637 4862 1747 4922 erit
1770 4879 1836 4920 ex
1863 4861 2074 4923 Patre?

422 4945 492 5007 Et
522 4947 570 5007 si
597 4946 790 5007 solum
814 4945 1070 5024 Spiritus
1103 4966 1170 5008 ex
1230 4950 1402 5010 l’atre
1433 4971 1444 5006 :
1489 4949 1558 5008 ad
1587 4948 2068 5026 distinguendum

425 5035 636 5098 Filium
669 5035 966 5116 quomodo
1004 5036 1188 5097 Filius
1209 5055 1280 5097 ex
1305 5039 1475 5098 Patre
1496 5036 1527 5096 ‘?
1556 5036 1640 5097 sic
1667 5056 1904 5117 quoque
1926 5037 2068 5098 iilud

421 5143 490 5184 ex
521 5123 646 5183 solo
668 5129 995 5184 secundum
1043 5137 1266 5185 rectam
1295 5125 1648 5185 sententiam
1674 5134 1735 5185 et
1765 5127 2073 5186 inconcus-

423 5230 570 5275 sam.
599 5231 716 5272 non
739 5213 810 5272 ad
835 5212 1296 5273 discernendum
1321 5213 1533 5274 Filium
1558 5232 1626 5275 ex
1655 5212 1823 5274 Patre
1855 5214 2074 5275 intelli-

419 5309 591 5377 getur
619 5302 678 5362 in
705 5302 1079 5364 emanatione
1109 5301 1388 5383 Spiritus.
1425 5303 1732 5376 Quomodo
1761 5303 1918 5365 enim
1943 5305 2067 5366 dis-

419 5389 584 5449 cerni
614 5397 809 5467 potest
835 5408 868 5450 a
900 5388 1071 5452 Patre
1097 5391 1195 5453 ille
1253 5410 1360 5473 per
1407 5411 1583 5472 quem
1621 5391 1925 5471 processio
1957 5401 2069 5471 est.

417 5475 533 5539 Sed
553 5478 624 5537 ad
647 5478 1109 5540 discernendum
1128 5481 1524 5562 quodcunque
1540 5483 1697 5543 aliud
1719 5489 2066 5552 extraneum

417 5565 804 5646 principium.
839 5565 1025 5629 Sicuti
1047 5568 1205 5628 enim
1240 5571 1413 5632 Pater
1444 5571 1605 5632 solus
1636 5567 1854 5632 dicitur
1882 5570 2068 5646 scire,

417 5661 474 5715 et
493 5671 862 5735 quaecunque
894 5653 1282 5735 aliacognitio
1303 5675 1500 5722 rerum
1541 5666 1869 5722 creatarum
1903 5653 2068 5723 frus¥

2156 1931 2177 1962 ι
2212 1913 2303 1962 τοῦ
2345 1906 2648 1979 Πνεύματος
2700 1905 2788 1960 καὶ
2843 1901 3184 1980 ἀμφοτέροις,
3243 1909 3318 1976 τῷ
3374 1923 3431 1957 τε
3493 1904 3650 1981 Πατρὶ
3691 1901 3790 1968 δη-

2157 2025 2178 2056 σ
2211 1993 2385 2052 λονότι
2415 1996 2501 2050 καὶ
2523 2001 2598 2068 τῷ
2638 1995 2743 2066 Υἱῷ
2788 1991 3166 2066 ἀπονέμοντος.
3223 1990 3370 2066 μόνῳ
3419 1989 3473 2046 δὲ
3504 1995 3580 2065 τῷ
3631 1993 3794 2070 Πατρὶ

2157 2108 2179 2138 ι
2210 2084 2304 2152 τὴν
2349 2082 2677 2162 ἐκπόρευσιν,
2729 2101 2752 2132 ι

2792 2171 3118 2252 ’Λντέῤῥησις
3131 2217 3143 2231 .

2232 2271 2327 2328 Ἐκ
2353 2270 2444 2326 106
2473 2275 2602 2325 Θεοῦ
2645 2269 2731 2323 καὶ
2775 2269 2977 2329 Πατοὸς
3029 2266 3441 2344 ἐκπορευόμενον
3486 2269 3547 2322 τὸ
3581 2267 3794 2340 Πνεῦμα

2149 2361 2308 2416 εἰπὼν
2344 2359 2372 2414 ὀ
2414 2361 2556 2419 θεῖος
2613 2357 2698 2412 καὶ
2756 2355 3060 2436 σοφώτατος
3117 2355 3264 2418 οὗτος
3323 2355 3526 2434 Πατὴρ,
3585 2359 3679 2414 οὒκ
3737 2356 3797 2410 ἐκ

2149 2449 2311 2524 μόνου
2341 2447 2431 2504 106
2474 2448 2674 2522 Πατρὸς
2720 2446 2860 2501 εἶναι
2918 2446 2979 2500 τὸ
3039 2445 3248 2518 Πνεῦμα
3317 2442 3575 2518 ἐδήλωσε,
3620 2443 3704 2500 διὰ
3733 2444 3792 2500 τὸ

2149 2539 2245 2604 τὴν
2273 2536 2522 2602 τοιαύτην
2580 2532 2883 2611 ἑκπόρευσιν
2939 2530 3005 2588 δι’
3073 2533 3193 2588 Υἱοῦ
3252 2531 3311 2587 ἐκ
3367 2535 3570 2611 [ἰατρὸς
3641 2532 3788 2612 ἔχειν

2153 2625 2298 2681 αὒτό.
2359 2625 2468 2690 Τὴν
2537 2621 2590 2678 δὲ
2645 2621 3032 2696 ὁμοουσιότητα
3102 2621 3189 2676 καὶ
3261 2619 3634 2688 συναϊδιότητα
3704 2629 3794 2677 106

2151 2711 2452 2788 Πνεύματος
2510 2708 2848 2788 ἀμφοτέροις,
2927 2711 3000 2771 ὡς
3059 2709 3147 2764 καὶ
3191 2708 3252 2762 σὺ
3305 2708 3434 2787 φῂς,
3479 2709 3787 2781 ἀπονείμας,

2149 2809 2227 2876 τῷ
2268 2823 2325 2858 τε
2356 2801 2516 2878 Πατρὶ
2557 2797 2800 2866 δηλονότι
2845 2799 2931 2852 καὶ
2987 2801 3064 2871 τῷ
3104 2800 3227 2875 Υἱῷ,
3262 2794 3556 2867 δεδήλωκεν
3604 2798 3665 2854 ἐκ
3691 2803 3792 2864 τῆς

2152 2889 2460 2968 ἀμφοτέρων
2488 2889 2660 2951 οὗσίας
2695 2887 2835 2943 εἶναι
2881 2886 3029 2944 αὒτὸ.

2472 2986 2712 3038 ΡΗΣΕΙΣ
2749 2985 3122 3037 ΕΠῙΦΛΝΙΟΥ
3169 2983 3469 3036 ΚΥΠΡΟΥ.

2150 3082 2251 3132 T06
2296 3075 2444 3153 ἁγίου
2471 3073 2780 3152 Ἐπιφανὲου
2838 3072 3044 3141 Κύπρου
3096 3070 3209 3153 ἀπὸ
3263 3077 3357 3127 τοῦ
3425 3068 3470 3125 δ’
3513 3071 3795 3151 κεφαλαίου

2494 3159 2598 3207 τῶν
2614 3148 2624 3152 “
2637 3150 2932 3231 κεφαλαίων
2974 3157 3066 3206 106
3096 3148 3449 3229 Ἀγοιυρωτοῦ.

2240 3235 2406 3308 ΡΚΓ’.
2446 3265 2470 3301 ι
2500 3243 2717 3312 Ἐπειδὴ
2753 3247 2781 3300 6
2823 3245 2937 3305 Υἱὸς
2964 3244 3021 3298 ἐκ
3075 3243 3302 3322 Πατρὸς,
3363 3241 3447 3299 διὰ
3487 3251 3642 3300 τοῦτο
3699 3243 3800 3317 μόο

2162 3361 2186 3395 ι
2221 3357 2306 3398 νος
2338 3333 2582 3400 ἀληθινὸς
2628 3335 2780 3411 Θεὸς,
2840 3333 2926 3388 καὶ
2970 3332 3029 3386 οὗ
3088 3331 3217 3386 κατὰ
3274 3331 3393 3395 τοὺς
3447 3330 3797 3406 ἐψευσμένως

2164 3452 2185 3481 ι
2233 3425 2404 3495 θεοὺς,
2437 3421 2572 3478 ἀλλά
2628 3421 2788 3496 μόνος
2832 3419 3102 3492 ἀληθινὸς,
3143 3418 3263 3475 ἐπεὶ
3307 3419 3469 3493 μόνος
3526 3421 3586 3476 ἑκ
3636 3420 3795 3495 μόνου

2167 3537 2193 3567 α
2228 3515 2256 3568 6
2279 3513 2583 3590 μονογενὸς,
2618 3511 2703 3565 καὶ
2734 3509 2895 3585 μόνον
2938 3509 2996 3564 τὶ
3027 3507 3177 3584 ἅγιον
3207 3514 3438 3583 Πνεῦμα,
3488 3527 3510 3557 ι

2805 3599 3115 3658 Ἐπιστασία
3126 3649 3139 3662 ,

2243 3723 2270 3754 α
2321 3701 2376 3756 Εἰ
2421 3699 2507 3754 καὶ
2562 3696 2757 3777 ἀσαφὲς
2809 3695 2954 3774 τάχα
2995 3692 3144 3750 δοκεῖ
3184 3695 3244 3750 τὸ
3303 3697 3469 3773 παρὸν
3511 3695 3796 3776 κεφάλαιον

2162 3818 2183 3848 ι
2221 3787 2338 3844 ἀλλ’
2382 3786 2491 3842 ἔστι
2549 3787 2637 3841 καὶ
2711 3791 2867 3841 τοῦτο
2941 3797 3060 3846 τοῖς
3119 3781 3435 3861 προλαϐοῦσι
3494 3784 3789 3863 σύμφωνον,

2161 3901 2188 3932 ι
2236 3876 2295 3932 ἐκ
2323 3881 2415 3932 τοῦ
2459 3875 2660 3952 Πατρὸς
2718 3877 2878 3948 μόνον
2922 3869 3227 3948 δογματίζον
3265 3872 3352 3926 καὶ
3409 3871 3591 3952 ἄμφω,
3623 3874 3712 3927 τὸν
3741 3893 3798 3926 τε

2162 3987 2184 4016 ι
2228 3966 2346 4021 Υἱὸν
2375 3964 2550 4018 καὶτὸ
2613 3968 2849 4035 Πνεῦμα.
2923 3962 2994 4018 Τὸ
3048 3958 3102 4014 δὲ
3159 3961 3318 4035 μόνον
3366 3963 3452 4016 καὶ
3483 3962 3795 4040 ἀμφοτέροις

2161 4081 2183 4113 ι
2219 4053 2533 4132 προστιθεὶς,
2614 4056 2690 4123 τῷ
2745 4050 2864 4126 μὲν.
2951 4047 3035 4105 διὰ
3064 4059 3185 4111 τοῦς
3253 4048 3390 4106 θέσει
3471 4052 3558 4106 καὶ
3615 4051 3794 4129 χάριτι

2161 4165 2184 4198 ι
2220 4141 2380 4218 υἱοὺς,
2411 4145 2488 4213 τῷ
2548 4136 2603 4194 δε
2633 4137 2718 4194 διὰ
2758 4139 2824 4194 τα
2877 4136 3206 4213 λειτουργικά
3261 4138 3532 4213 πνεύματα
3563 4154 3578 4169 ⁸
3627 4142 3686 4194 τὸ
3741 4136 3795 4193 δὲ

2157 4259 2182 4292 ι
2218 4230 2275 4286 ἐκ
2306 4229 2490 4305 μόνου,
2536 4229 2609 4292 ὡς
2637 4229 2722 4284 επὶ
2748 4233 2840 4282 106
2880 4230 3020 4304 Υὶοῦ,
3053 4224 3189 4282 οὕτω
3235 4227 3320 4281 καὶ
3364 4234 3456 4284 τοῦ
3494 4227 3795 4303 Πνεύματος

2159 4346 2183 4381 ι
2218 4316 2566 4394 λαμϐάνεται.

2170 4394 2185 4406 ’
2795 4406 3142 4485 ἰλντίῤῥτισις.

2240 4495 2454 4582 ’Ὠσπερ
2512 4506 2571 4560 τὸ
2626 4504 2783 4578 μόνον
2870 4503 3158 4580 προστιθεὶς
3235 4505 3324 4558 καὶ
3406 4504 3718 4583 ἀμφοτέροις
3771 4507 3798 4560 6

2155 4595 2303 4672 ἅγιος
2335 4596 2506 4666 οὗτος,
2539 4599 2616 4666 τῷ
2645 4591 2740 4667 μὲν
2790 4588 2872 4649 διὰ
2925 4591 3044 4654 τοὺς
3101 4589 3240 4646 θέσει
3289 4594 3376 4647 καὶ
3419 4593 3601 4672 χάριτι
3630 4595 3790 4664 υἱοὺς,

2155 4691 2232 4758 τῷ
2260 4681 2313 4738 δέ
2357 4680 2439 4739 διὰ
2498 4683 2565 4737 τὰ
2619 4678 2950 4758 λειτουργικά
3022 4681 3303 4757 προσέθετο
3357 4679 3650 4756 πνεύματα,
3702 4683 3793 4737 0-3-

2155 4771 2337 4847 δεμέαν
2385 4771 2596 4834 πάντως
2652 4769 2866 4846 θατέρου
2930 4767 3061 4845 πρὸς
3115 4767 3328 4843 θάτερον
3412 4767 3650 4828 ἐντεῦθεν
3706 4769 3798 4843 ἐμ-

2155 4862 2349 4941 φαίνων
2406 4857 2689 4924 διαστολὴν
2745 4867 2836 4915 106
2892 4857 3217 4930 Πνεύματος,
3276 4861 3390 4920 πῶς
3473 4854 3534 4914 ἄν
3594 4860 3680 4913 καὶ
3734 4860 3803 4912 τ’)

2159 4957 2365 5024 Πνεῦμα
2423 4950 2485 5004 ἐκ
2548 4954 2638 5004 τοῦ
2693 4949 2934 5024 Πατρὸς;
2999 4946 3085 5000 καὶ
3137 4946 3181 5000 εἰ
3255 4945 3417 5020 μόνον
3472 4948 3532 5002 τὸ
3583 4954 3794 5021 Πνεῦμα

2151 5039 2212 5095 ἐκ.
2259 5045 2349 5093 τοῦ
2401 5038 2602 5115 Πατρὸς
2652 5037 2782 5111 πρὸς
2849 5031 3128 5100 διαστολὴν
3183 5043 3275 5092 106
3337 5037 3478 5110 Υἱοῦ,
3539 5042 3652 5098 πῶς
3733 5036 3794 5090 ἄν

2152 5129 2238 5183 καὶ
2267 5129 2294 5182 6
2335 5128 2453 5190 Υἱὸς
2510 5124 2570 5180 ἐκ
2611 5126 2702 5180 103
2759 5124 2960 5200 Πατρὸς
2991 5142 3008 5192 ;
3039 5121 3175 5178 οὕτω
3232 5123 3320 5178 καὶ
3374 5125 3435 5179 τὸ
3493 5122 3552 5180 ἐκ
3609 5127 3792 5203 μόνον,

2151 5217 2270 5273 καν⁹
2301 5215 2502 5272 ἔννοιαν
2557 5215 2680 5280 εὖθῆ
2736 5214 2823 5268 καὶ
2880 5209 3223 5291 ἀδιάστροφον
3280 5215 3341 5270 06
3396 5213 3528 5290 πρὸς
3584 5211 3796 5268 διαστοο

2153 5305 2251 5372 λὴν
2301 5311 2394 5360 106
2455 5306 2574 5359 Υἱοῦ
2627 5302 2710 5358 ἐπὶ
2767 5308 2859 5358 106
2916 5303 3119 5378 Πατρὸς
3201 5302 3516 5370 νοηθήσεται
3582 5301 3668 5359 ἐπὶ
3732 5309 3800 5378 τῇ

2153 5391 2362 5470 προόδῳ
2390 5401 2482 5450 τοῦ
2539 5391 2864 5469 Πνεύματος,
2920 5392 3034 5454 πῶς
3089 5390 3189 5468 γὰρ
3245 5388 3330 5445 ἄν’
3358 5392 3445 5447 καὶ
3479 5389 3798 5458 ,διασταλείη

2155 5489 2247 5539 106
2279 5483 2482 5552 Πιτρὸς
2530 5483 2558 5536 6
2587 5477 2654 5535 δι’
2713 5481 2776 5534 σῦ
2802 5481 2837 5546 ἡ
2895 5478 3246 5556 ἒάπόρευσις;
3305 5477 3442 5535 ἀλλὰ.
3483 5481 3616 5557 πρὸς
3691 5478 3804 5536 δια⁹

2154 5568 2346 5636 στολὴν
2377 5570 2551 5635 πάσης
2596 5566 2760 5635 ἄλλης
2812 5567 3133 5646 ἑτεροουσίου
3190 5567 3390 5647 ἀρχῆς.
3454 5558 3674 5646 υδὶσπερ
3699 5569 3802 5645 γὰρ

2148 5658 2389 5736 ὁῗᾷΠατὴρ
2446 5655 2630 5713 εἶδεεαι
2688 5655 2897 5736 λέγεται
2957 5655 3139 5736 μόνος,
3198 5657 3286 5712 καὶ
3338 5657 3480 5718 πᾶσά
3519 5679 3598 5720 τις
3653 5656 3802 5726 ἑτέρα
