4208 6296
470 335 581 402 577

1496 332 1573 398 ΙΝ
1606 324 2012 397 ὈΑΜΑΤΕΒΙ
2057 320 2810 392 ANIMADVERSIONES.

3761 326 3841 391 78

470 486 502 528 ‹
532 466 900 548 Παρᾶκλητον,
971 465 1237 544 ἅκτιστον,
1314 464 1374 521 ἐκ
1415 467 1508 522 τοῦ
1561 465 1764 542 Πατρὸς
1822 461 2105 542 ἐκπορευό-

2202 480 2224 512 ι
2262 465 2413 532 ctus,
2447 455 2802 548 l’aracletus,
2833 473 2954 548 non
2984 467 3238 537 creatus,
3300 478 3372 523 ex
3418 461 3594 523 Patre
3623 478 3839 542 proce-

465 580 494 611 α
526 577 704 633 μενον·
733 556 793 614 ἐκ
820 564 914 614 τοῦ
957 559 1078 613 Υἱοῦ
1102 552 1395 630 λαμὸεἱνον.
1435 576 1464 610 ι

1109 642 1443 703 Ἐπιστασία.

547 757 576 797 (
636 738 937 818 Πρόσσχες,
996 738 1111 801 π·ἶ›ς
1183 735 1442 792 κάνταῦθα
1500 733 1588 790 ἐπ’
1654 731 1972 815 ἔμφοτέροις
2041 739 2110 809 τῇ

471 852 493 883 ι
526 826 585 883 ἑκ
626 826 868 906 προθέσει
899 826 1266 906 χρησάμενος,
1325 821 1483 879 πάλιν
1553 819 1717 877 διεῖλε
1772 822 1865 884 τὰς
1909 822 2108 900 φωνὰς,

475 937 499 974 ι
532 920 605 983 ὡς
638 913 993 998 προλαϐόντες
1038 918 1360 996 εἰρήκειμεν,
1400 943 1423 973 ι

1112 1006 1466 1087 Ἀντὲῥρησις.

548 1103 694 1183 Ἐγὼ
734 1102 788 1160 δέ
831 1125 994 1182 φημι,
1058 1102 1332 1181 Πρόσσχες
1403 1106 1541 1171 πῶς,
1599 1099 1858 1156 κάνταῦθα
1901 1105 2112 1175 Πνεῦμα

468 1199 599 1251 Θεοῦ
625 1192 878 1271 πρότερον
927 1193 1089 1248 εἰπὼν
1134 1192 1260 1249 αὐτὸ
1317 1193 1345 1245 ὁ
1390 1188 1561 1266 ἅγιος,
1621 1186 1786 1251 οἸτως
1843 1188 2112 1266 ἐπήγαγεν

464 1279 526 1337 ἐκ
604 1288 698 1338 τοῦ
753 1282 958 1360 Πατρὸς
1017 1279 1455 1358 ἒκπορευόμενον,
1539 1278 1627 1332 καὶ
1700 1276 1759 1333 ἐκ
1842 1286 1935 1335 τοῦ
1992 1281 2113 1337 Υὶοῦ

466 1366 763 1449 λαμϐάνον,
833 1375 1114 1449 πανταχοῦ
1155 1380 1274 1430 ταῖς
1329 1363 1714 1443 Εὖαγγελικαῖς
1771 1366 1984 1429 ταύταις
2013 1364 2108 1422 λέ-

465 1455 572 1522 ξεσι
615 1457 918 1536 χρώμενος,
961 1464 1031 1532 τῇ
1063 1456 1160 1532 μὲν
1220 1457 1292 1518 εἰς
1346 1454 1671 1533 παράστασιν
1698 1453 1791 1511 106
1833 1455 1976 1511 εἶναι
2008 1454 2106 1511 αὖ·

461 1547 524 1602 τὸ
565 1545 626 1602 ἐκ
654 1548 884 1628 Πατρὸς,
913 1553 982 1623 τῇ
1010 1545 1063 1602 δὲ
1095 1546 1166 1607 εὶς
1196 1544 1523 1624 παράστασιν
1567 1549 1660 1598 τοῦ
1716 1546 1855 1599 εἶναι
1892 1544 2019 1600 αῦτὸ
2048 1542 2109 1600 ἐκ

462 1641 557 1692 τοῦ
601 1638 749 1697 Υίοῦ.

464 1735 569 1787 Τοῦ
654 1730 815 1786 αὺτοῦ
909 1726 969 1784 ἐκ
1047 1733 1140 1785 τοῦ
1239 1724 1537 1781 τελευταίοδ
1634 1723 1918 1804 κεφαλαίου
2003 1726 2110 1782 τῶν

1128 1806 1449 1884 Παναρείων,

545 1892 720 1965 ΡΚΘ’.
787 1924 816 1958 α
852 1902 994 1970 Λῦτὴ
1052 1899 1109 1957 δὲ
1161 1898 1199 1966 ἡ
1252 1900 1401 1975 τιμία
1457 1899 1769 1978 περιστορὰ,
1821 1900 1907 1955 καὶ
1986 1898 2108 1976 ἁγία

475 2011 497 2045 ε
537 1989 794 2070 Παρθένος
848 1991 978 2046 Θεὸν
1020 1986 1301 2064 ὁμολογεῖ,
1350 1987 1579 2067 Πατέρα,
1639 1987 1727 2043 καὶ
1805 1989 1945 2059 Υἱὸν,
2020 1989 2107 2043 καὶ

528 2085 739 2155 Πνεῦμα
766 2078 917 2157 ἅγιον
943 2076 1142 2135 τέλειοι
1176 2091 1191 2106 ⁸
1226 2074 1432 2154 Πατέρα
1472 2074 1699 2147 τέλειον,
1732 2077 1852 2131 Υἱὸν
1877 2074 2102 2156 τέλειον,

466 2194 489 2224 ι
522 2170 731 2244 Πνεῦμα
757 2168 934 2247 ἅγιον,
960 2167 1240 2243 ὃμοούσιον
1268 2166 1366 2232 τὴν
1421 2162 1635 2244 Τριάδα,
1708 2163 1844 2220 ἀλλᾶ
1871 2166 1963 2221 τὸν
2006 2165 2104 2241 μὲν

462 2277 487 2313 ι
535 2258 657 2314 Υἳὸν
711 2254 923 2324 ἀληθῶς
979 2255 1041 2312 ἐκ
1122 2255 1326 2333 Πατρὸς
1411 2252 1787 2331 γεγενημένον,
1872 2255 1961 2310 καὶ
2043 2254 2104 2309 τὸ

459 2368 488 2401 α
520 2344 673 2424 ἅγιον
731 2350 966 2425 Πνεῦμα,
1012 2345 1107 2401 οῦκ
1164 2341 1440 2421 ἀλλότριον
1500 2343 1703 2420 [ἰατρὸς
1762 2343 1852 2399 καὶ
1931 2344 2053 2401 Υἱοῦ
2082 2360 2101 2380 ⁶

463 2453 488 2485 I
521 2434 679 2491 οὖσαν
748 2431 804 2489 δὲ
847 2434 926 2490 ἀεὶ
983 2435 1083 2501 τὴν
1152 2429 1368 2510 Τριάδα,
1412 2432 1499 2487 καὶ
1557 2428 1825 2505 μηδέποτε
1867 2433 2104 2510 προσθή-

470 2542 492 2573 I
535 2544 638 2589 κην
667 2519 1080 2602 ἒπιδεχομένην,
1114 2522 1190 2597 μή
1235 2518 1467 2598 ἔχουσαν
1500 2517 1555 2575 δέ
1595 2541 1645 2574 τι
1703 2517 1756 2574 ἐν
1812 2523 1943 2595 αῦτῇ
1966 2520 2104 2576 ὑπο-

467 2632 500 2667 (
529 2608 781 2688 ϐεϐηκὸς,
812 2612 884 2673 εἰς
917 2611 1040 2684 μίαν
1096 2630 1153 2666 τε
1184 2608 1429 2685 ἑνότητα,
1487 2608 1575 2664 καὶ
1631 2608 1755 2682 μίαν
1808 2606 1983 2686 ἀρχὴν
2013 2614 2105 2664 τοῦ

466 2721 488 2753 ι
522 2704 652 2756 Θεοῦ
718 2699 806 2755 καὶ
862 2699 1067 2777 Πατρὸς
1136 2694 1494 2774 ἀναγομένην.
1575 2696 1671 2752 Ἐκ
1743 2696 1940 2763 ταύτης
2004 2701 2104 2764 τῆς

465 2808 489 2844 α
537 2785 754 2867 Τριάδος
797 2788 1001 2866 Πατρὸς
1043 2788 1131 2845 καὶ
1170 2788 1293 2844 Υίοῦ
1343 2786 1432 2841 καὶ
1486 2784 1634 2864 ἁγίου
1689 2784 1991 2859 Πνεύματος
2037 2786 2104 2842 τὰ

462 2895 486 2926 ι
517 2875 691 2933 πέντα
719 2875 955 2952 ἐκτίσθη,
987 2879 1082 2934 οῦκ
1123 2874 1251 2930 ὂντα
1279 2872 1431 2932 ποτέ.
1483 2894 1506 2927 ι

1114 2965 1450 3027 Ἐπίστασία.

2200 566 2224 600 (ι
2261 543 2434 618 dens,
2470 561 2539 606 ex
2568 542 2718 606 Filio
2749 543 3069 624 accipiens.
3108 570 3139 603 ι

2757 637 3259 702 Animadversio.

2275 750 2303 788 ‹
2341 730 2491 791 Nota
2521 728 2618 792 hic
2649 728 2851 809 etiam,
2902 729 2977 791 de
3026 731 3290 812 utrisque
3318 733 3735 814 praepositione
3764 753 3842 798 ex

2200 839 2222 872 «ι
2260 825 2542 890 utentem,
2575 835 2781 879 rursus
2811 817 3102 881 dictiones
3152 820 3515 897 distinxisse,
3567 833 3629 885 ιιι
3659 842 3840 905 supra

2200 929 2228 961 α
2260 905 2810 967 animadvertimus.
2850 931 2878 962 ι

2856 1000 3189 1078 Refutalio.

2276 1089 2395 1169 Ego
2427 1109 2564 1153 vero
2581 1093 2820 1181 inquam
2848 1113 2863 1153 :
2891 1092 3040 1155 Nota
3068 1097 3364 1174 quomodo
3387 1096 3561 1159 etiam
3590 1098 3686 1160 hic
3715 1096 3839 1181 Spi-

2192 1178 2368 1240 ritum
2397 1181 2504 1242 Dei
2532 1198 2665 1241 cum
2701 1180 2866 1258 prius
2894 1190 3132 1243 sanctus
3160 1183 3428 1258 dixisset,
3463 1187 3590 1248 haec
3616 1178 3836 1267 adjun-

2193 1268 2391 1331 xisse:
2423 1267 2541 1328 cEx
2566 1268 2733 1329 Patre
2756 1270 3176 1348 procedens,et
3203 1291 3271 1332 ex
3303 1272 3451 1335 Filio
3471 1275 3832 1356 accipiens,»

2191 1356 2340 1418 locis
2367 1357 2427 1417 in
2460 1357 2736 1418 omnibus
2766 1357 3058 1419 dictiones
3118 1361 3492 1440 evangelicas
3521 1381 3834 1443 usurpans,

2190 1445 2292 1507 illa
2324 1446 2563 1525 quidem
2593 1447 2666 1507 ad
2703 1445 3074 1527 probandum
3128 1465 3261 1510 esse
3308 1451 3502 1530 ipsum
3536 1470 3604 1513 ex
3640 1455 3832 1534 Patre,

2191 1535 2306 1597 hac
2337 1552 2472 1597 vero
2499 1534 2573 1596 ad
2605 1536 2976 1615 probandum
3011 1553 3145 1599 esse
3175 1539 3452 1601 eumdem
3481 1557 3552 1601 ex
3583 1540 3755 1605 Filio.

2349 1716 2637 1795 Ejusdem
2665 1734 2741 1779 ea:
2767 1715 2981 1780 ultimo
3008 1718 3424 1781 Panario—rum
3451 1721 3673 1802 capite.

2272 1895 2497 1961 CXXIX
2545 1922 2571 1953 ι
2607 1898 2743 1960 Haec
2774 1917 2912 1959 vero
2977 1900 3235 1980 pretiosa
3290 1900 3585 1972 columba,
3636 1909 3839 1964 sancta

2197 2013 2220 2041 ιι
2243 1985 2423 2063 Virgo
2449 1989 2631 2048 Deum
2657 1989 2871 2049 fatetur
2895 1991 3130 2051 Putrem
3149 1999 3206 2050 et
3224 1988 3440 2050 Filium
3465 1998 3524 2051 et
3545 1989 3833 2070 Spiritum

2196 2098 2223 2130 α
2266 2082 2559 2152 sanctum,
2590 2074 2823 2137 Patrem
2851 2078 3201 2157 perlectum,
3238 2077 3447 2140 Filium
3480 2080 3836 2160 perfectum,

2192 2188 2219 2219 α
2246 2162 2530 2242 Spiritum
2564 2164 2916 2246 perfectum,
2965 2165 3528 2228 consubstantialem
3571 2165 3835 2230 Trinita-

2192 2276 2222 2307 ι
2257 2261 2397 2327 tem,
2429 2251 2534 2313 sed
2565 2250 2779 2313 Filium
2805 2270 2944 2315 vere
2973 2271 3043 2315 ex
3066 2253 3235 2315 Patre
3282 2253 3566 2332 genitum,
3598 2264 3655 2317 et
3695 2254 3833 2337 Spi-

2194 2362 2218 2396 ι
2257 2348 2378 2401 tum
2409 2349 2681 2401 sanctum
2703 2358 2820 2402 non
2842 2341 3104 2403 alienum
3126 2361 3162 2404 a
3189 2342 3362 2405 Patre
3375 2353 3427 2404 et
3463 2342 3635 2406 Filio.
3660 2343 3834 2407 Exsi-

2193 2452 2223 2484 α
2259 2436 2515 2490 stentem
2541 2437 2829 2510 perpetuo
2848 2431 3220 2510 Trinitatem,
3249 2451 3548 2514 nunquam
3574 2433 3833 2496 additio-

2191 2537 2221 2577 ‹
2256 2535 2392 2578 nem
2424 2517 2857 2595 admittentem,
2912 2538 3108 2600 neque
3164 2521 3322 2582 aliud
3374 2521 3752 2583 imminutum
3774 2522 3836 2584 in

2195 2623 2317 2668 «se
2347 2607 2777 2682 continentem,
2818 2607 2883 2668 in
2938 2627 3117 2669 uuam
3174 2610 3486 2685 unitatem,
3541 2619 3598 2671 et
3647 2629 3833 2673 unum

2195 2715 2221 2753 ι
2251 2694 2615 2775 principium
2646 2693 2751 2755 Dei
2785 2702 2844 2757 et
2873 2697 3059 2757 Patris
3086 2697 3359 2771 relatam,
3396 2715 3465 2760 ex
3497 2698 3605 2761 hac
3633 2699 3834 2762 Trini-

2194 2804 2216 2840 σ
2248 2791 2362 2844 tate
2384 2781 2554 2845 Patre
2575 2793 2635 2845 et
2662 2783 2832 2859 Filio,
2872 2793 2930 2846 et
2973 2783 3196 2867 Spiritu
3226 2796 3434 2850 sancto
3454 2788 3675 2866 omnia,
3702 2808 3834 2870 qum

2192 2893 2214 2928 ε
2253 2889 2556 2953 nunquam
2587 2880 2760 2933 antea
2787 2872 3042 2955 fuerant,
3075 2883 3275 2938 creata
3302 2884 3459 2939 sunt.
3495 2898 3523 2935 ι

2758 2966 3249 3031 Animailrersio.

539 3086 568 3119 κ
614 3061 848 3128 Ἀκούεις
880 3060 1142 3119 κᾶνταῦθα
1170 3060 1297 3136 μίαν
1324 3058 1500 3139 ἀρχὴν
1555 3059 1609 3114 ἐν
1661 3064 1732 3136 τῇ
1783 3056 1961 3137 Τριάδι
2008 3060 2100 3115 τὸν

2266 3081 2293 3113 α
2321 3056 2587 3119 Audisne
2612 3055 2708 3119 hic
2730 3058 2910 3120 etiam
2941 3077 3126 3121 unum
3151 3059 3511 3142 principium
3545 3058 3827 3123 inTrini-

460 3172 485 3207 ι
517 3150 724 3232 Πατέρα
749 3149 1015 3231 δηλονότι,
1060 3150 1149 3207 καὶ
1196 3149 1327 3227 πρὸς
1369 3147 1529 3214 αὐτὴν
1583 3148 1676 3204 τδν
1731 3148 1850 3203 ι’ἱὺν
1907 3148 1994 3204 καὶ
2041 3149 2102 3204 τὸ

2194 3165 2215 3205 ι
2248 3153 2390 3232 tate,
2421 3146 2658 3208 Patrem
2714 3147 2968 3224 scilicet,
3026 3156 3085 3209 et
3137 3149 3210 3209 ad
3268 3150 3462 3231 ipsum
3522 3147 3736 3211 Filium
3768 3160 3831 3211 et

460 3264 489 3297 ‹
520 3246 731 3316 Πνεῦμα
774 3241 1118 3319 ἂναγόμενας
1157 3261 1186 3293 ι

1101 3328 1451 3409 Ἀντίῤῥησις,

542 3431 638 3485 Καὶ
704 3433 820 3491 πῶς
888 3426 981 3484 οὒκ
1051 3425 1113 3485 ἂν
1183 3429 1255 3492 εἷς
1333 3426 1457 3501 μίαν
1512 3423 1690 3504 ἀρχὴν
1739 3424 1830 3480 τὸν
1898 3423 2105 3502 Πατέρα

459 3515 745 3596 ἀναχθεῒεν
789 3518 817 3572 ὁ
876 3517 995 3580 Υἱὸς
1040 3516 1129 3572 καὶ
1181 3517 1244 3573 τὸ
1287 3520 1522 3590 Πνεῦμα,
1578 3512 1732 3591 εἴπερ
1775 3515 1833 3569 vo
1876 3510 1960 3569 διὰ
2015 3520 2106 3570 τοῦ

469 3606 588 3661 Υἱοῦ
613 3601 902 3682 λεγόμενον
931 3605 1073 3661 εἶναι
1116 3605 1189 3667 εἷς
1234 3605 1327 3660 τὸν
1383 3602 1588 3680 Πατέρα
1644 3604 1716 3665 ὡς
1773 3604 1845 3666 εἷς
1888 3602 2104 3681 πρώτην

461 3692 627 3749 αἰτίαν
654 3694 743 3749 καὶ
800 3690 979 3772 ἀρχὴν
1006 3691 1107 3759 τὴν
1177 3692 1439 3772 ἀναφορὰν
1512 3688 1651 3771 ἔχει,
1724 3691 1797 3754 ὡς
1841 3693 1868 3747 ὁ
1938 3689 2105 3769 μέγας

461 3779 561 3861 ἔφη
591 3780 864 3844 Βασίλειος
899 3800 916 3862 ς

619 3879 861 3932 ΡΗΣΕΙΣ
906 3882 1046 3933 ΤΟΥ
1086 3880 1513 3936 ΘΑΥΜΑΤΟΪῬ.
1551 3879 1867 3931 ΓΡΗΓΟΡΙΟ
1883 3881 1942 3935 ι’.

441 3975 564 4026 ’Τοῦ
623 3969 772 4046 ἁγίου
869 3966 1154 4047 Γρηγορίου
1236 3975 1328 4024 τοῦ
1398 3973 1807 4047 Θαυματουργοῦ
1876 3968 1939 4023 ὲκ
2001 3972 2100 4033 τῆς

1066 4057 1506 4135 Ἀποκαλύψεως.

540 4141 666 4214 ΡΔ’.
704 4174 732 4208 σ
779 4152 881 4218 Εἷς
913 4153 1040 4217 Θεὸς
1071 4152 1253 4233 Πατὴρ
1303 4152 1473 4231 Λόγου
1502 4157 1723 4226 ζῶντος,
1770 4154 1957 4232 σοφίας
1985 4153 2107 4233 ὑφε-

467 4261 495 4296 α
530 4239 740 4309 στώσης
795 4242 886 4299 καὶ
941 4239 1208 4317 δυνάμεως
1249 4242 1338 4298 καὶ
1392 4245 1738 4321 χαρακτῆρος
1802 4239 1953 4316 ἰδίου,
2010 4240 2106 4298 τὲ-

2194 3257 2214 3290 ι
2249 3231 2533 3314 Spiritum
2564 3233 2824 3298 referri?
2863 3260 2885 3293 ι

2843 3326 3181 3409 Refutatio.

2263 3419 2334 3481 Et
2364 3421 2659 3501 quomodo
2690 3421 2752 3483 in
2775 3440 2958 3484 unum
3010 3422 3369 3504 principium
3391 3426 3623 3487 Patrem
3646 3423 3830 3487 Filius

2187 3516 2246 3571 et
2275 3508 2527 3590 Spiritus
2543 3528 2661 3571 non
2686 3511 3141 3588 reducerentur,
3173 3513 3224 3573 si
3251 3534 3272 3564 ι
3298 3512 3465 3586 Quod
3493 3530 3600 3594 per
3618 3512 3830 3575 Filium

2189 3615 2321 3660 esse
2337 3598 2574 3674 dicitur,
2607 3598 2668 3660 in
2698 3598 2929 3661 Patrem
2980 3602 3161 3663 veluti
3204 3601 3453 3683 primam
3506 3619 3743 3664 causam
3775 3612 3835 3663 et

2191 3686 2551 3770 principium
2574 3688 2922 3752 relationem
2983 3690 3185 3767 habet,
3224 3711 3248 3745 ιο
3300 3701 3365 3754 ut
3386 3708 3629 3771 magnus
3658 3690 3834 3753 tradit

2187 3775 2438 3840 Basilius
2464 3775 2495 3837 ?

2262 3896 2273 3903 ι
2342 3870 2581 3934 DICTA
2630 3873 3027 3939 GREGORII
3069 3874 3682 3941 THAUMATURGI.

2223 3963 2434 4029 Sancti
2484 3967 2764 4048 Gregorii
2816 3969 3249 4049 Thaumaturgi
3302 3986 3377 4033 ea:
3403 3968 3784 4052 Apocalypsi.

2268 4140 2490 4206 CXXX.
2530 4167 2557 4199 α
2589 4141 2753 4205 Unus
2785 4146 2944 4207 Deus
2978 4146 3151 4207 Pater
3183 4143 3364 4207 Verbi
3396 4144 3827 4227 viventis,sapi-

2198 4233 2418 4295 «entia;
2444 4231 2846 4313 subsistentis,
2905 4244 2966 4295 et
3013 4235 3291 4314 potentia:
3341 4251 3410 4295 ac
3467 4234 3829 4296 characteris

472 4355 495 4386 ι
537 4327 679 4395 λειος
735 4328 937 4387 τελείου
1002 4331 1294 4408 γεννήτωρ,
1352 4319 1537 4408 Πατὴρ
1589 4332 1710 4418 Υἱοῦ
1765 4332 2102 4407 μονογενοῦς.

2195 4340 2220 4376 ι
2254 4319 2603 4418 sempiterni
2640 4341 2657 4418 :-
2688 4321 2937 4418 perfecti
2993 4323 3288 4418 perfectus
3342 4321 3598 4418 genitor,
3656 4324 3831 4418 Pater

472 4441 494 4475 I
540 4418 641 4483 Εἷς
675 4418 882 4498 Κύριος,
918 4418 1078 4495 μόνος
1116 4418 1177 4475 ἐκ
1232 4418 1417 4498 μόνου,
1477 4418 1607 4481 Θεός
1648 4416 1708 4473 ἐκ
1739 4425 1888 4494 Θεοῦ,
1922 4440 2105 4498 χαρα-

2198 4440 2222 4471 α
2253 4409 2388 4473 Filii
2419 4408 2732 4490 unigeniti.
2785 4408 2953 4473 Unus
2999 4410 3310 4493 Dominus,
3343 4410 3504 4472 solus
3554 4429 3623 4472 ex
3673 4412 3825 4495 solo,

469 4531 493 4563 ο
527 4506 662 4585 κτὴρ
714 4508 803 4563 καὶ
870 4508 1024 4564 εἰκὼν
1080 4504 1351 4577 θεότητος,
1418 4504 1576 4585 λόγος
1630 4505 1864 4586 ἐνεργὸς,
1949 4507 2106 4587 σοφία

467 4613 493 4651 ε
537 4599 637 4663 τῆς
667 4601 774 4652 τῶν
803 4594 941 4653 ὅλων
992 4602 1290 4659 συστάσεως
1348 4594 1676 4675 περιεκτικῆ,
1747 4596 1835 4652 καὶ
1890 4592 2105 4672 δύναμις

469 4711 490 4740 ι
522 4688 621 4750 τῆς
662 4682 795 4751 ὃλης
824 4685 1043 4750 κτίσεως
1085 4684 1369 4764 ποιητικὴ,
1426 4685 1546 4747 Tib:
1605 4682 1855 4751 ἀληθινὸς
1907 4681 2102 4750 ἀληθι-

470 4792 494 4828 ι
538 4778 618 4830 δοῦ
669 4776 823 4847 Θεοῦ,
872 4772 1092 4853 ἂόρατος
1134 4773 1382 4853 ἀοράτου,
1440 4774 1529 4830 καὶ
1569 4771 1829 4851 ἅιίιολρτος
1900 4771 2104 4854 ἀφθόρ-

469 4886 492 4919 σ
526 4882 641 4945 του,
697 4849 951 4928 ἀθάνατος
1005 4849 1287 4939 ἀθανάτου,
1359 4862 1446 4919 καὶ
1501 4849 1674 4924 ἀΐδιος
1710 4849 1962 4924 -ἀῖδίουξ
1999 4849 2106 4919 ’Ἐν

467 4967 494 4996 ι
527 4955 739 5027 Πνεῦμα
763 4949 938 5030 ἅγιον,
971 4950 1033 5008 ἐκ
1082 4957 1215 5009 Θεοῦ
1269 4951 1371 5019 τὴν
1414 4948 1636 5030 ὕπαρξιν
1695 4948 1850 5031 ἔχον,
1896 4951 1984 5006 καὶ
2038 4947 2106 5006 δι’

471 5063 496 5096 ι
537 5042 658 5096 Υἱοῦ
723 5041 959 5119 πεφηνὸς
1012 5052 1131 5104 τοῖς
1185 5039 1504 5120 ἀνθρώποις,
1585 5040 1739 5096 εἰκὼν
1805 5044 1898 5095 τοῦ
1966 5040 2108 5115 Υἱοῦ,

472 5146 504 5181 α
527 5125 728 5185 τελείου
754 5126 951 5204 τελεία,
980 5128 1092 5200 ζωὴ
1120 5128 1353 5210 ζώντων,
1408 5128 1570 5205 αἰτία,
1634 5126 1880 5207 ἀγιότης,
1915 5127 2111 5205 ἁγιασ-

477 5240 502 5274 σ
547 5222 648 5289 μοῦ
678 5216 940 5297 χορηγόν.
977 5241 1001 5274 ι

2194 4528 2220 4561 α
2251 4498 2409 4562 Deus
2435 4517 2504 4561 ex
2531 4499 2991 4573 Deo,character
3011 4501 3278 4579 etimago
3299 4499 3559 4577 deitatis,
3584 4500 3829 4563 verbum

2198 4618 2220 4648 ι
2243 4588 2475 4669 efﬁcax,
2507 4589 2943 4651 constitutionis
2968 4609 3170 4652 rerum
3203 4589 3609 4652 universarum
3657 4607 3828 4651 com-

2194 4704 2217 4738 ι
2251 4677 2607 4759 prehensiva
2639 4698 2654 4736 :
2691 4694 2706 4740 :
2741 4686 2801 4740 et
2829 4678 3011 4741 virtus
3039 4688 3215 4761 atque
3260 4677 3523 4760 potentia
3543 4677 3833 4741 universa;

2189 4795 2215 4830 ι
2250 4774 2536 4828 creaturae
2580 4766 2875 4831 eﬂ‘ectiva.
2899 4767 3084 4830 Filius
3113 4786 3286 4831 verus
3331 4767 3455 4830 veri
3484 4766 3701 4849 Patris,
3732 4767 3832 4829 in-

2194 4883 2218 4916 ο
2251 4854 2502 4918 visibilis
2535 4856 2687 4937 ejus,
2721 4857 2820 4937 qui
2851 4866 2942 4919 est
2970 4857 3831 4939 invisibilis,etincorruptibi-

2197 4974 2223 5009 ι
2259 4944 2354 5026 lis,
2386 4946 2754 5027 corruptioni
2772 4965 2890 5008 non
2906 4946 3172 5024 obnoxii,
3197 4945 3653 5021 acimmortalis,
3678 4964 3835 5008 mor-

2199 5062 2224 5096 ι
2258 5034 2333 5096 tis
2365 5052 2605 5116 prorsus
2636 5035 2844 5113 neseii,
2898 5045 2958 5099 et
3007 5036 3405 5119 sempiternus
3457 5032 3831 5115 sempiterni.

2200 5155 2223 5186 ι
2253 5122 2538 5204 Unusque
2567 5121 2817 5206 Spiritus
2844 5135 3104 5202 sanctus,
3159 5144 3228 5188 ex
3274 5125 3397 5191 Deo
3426 5129 3834 5194 exsistentiam

2198 5244 2221 5277 ι
2260 5213 2509 5290 habens,
2543 5223 2602 5276 et
2629 5214 2728 5296 qui
2760 5233 2867 5296 per
2896 5215 3111 5279 Filium
3139 5216 3432 5300 apparuit,
3464 5219 3691 5283 scilicet
3719 5217 3835 5281 ho-

479 5326 502 5361 ι
538 5303 800 5367 minibus
832 5320 846 5368 :
880 5305 1074 5386 imago
1102 5303 1238 5367 Filii
1267 5303 1512 5387 perfecti
1540 5302 1824 5385 perfecta,
1858 5303 1974 5367 vita
2026 5304 2369 5383 viventium,
2432 5320 2636 5381 causa,
2697 5304 2828 5366 fons
2884 5313 3148 5383 sanctus,
3202 5306 3508 5386 sanctitas,
3568 5306 3833 5374 sanctiﬁ-

474 5416 503 5448 ι
531 5393 782 5458 cationis
837 5393 1274 5476 suppeditator.

1133 5481 1467 5543 Ἐπιστασία.

550 5594 573 5627 ι
619 5584 892 5661 Προσσχες
937 5580 1021 5637 καὶ
1048 5580 1126 5654 τῷ
1151 5581 1252 5646 τῆς
1290 5577 1431 5641 θείας
1490 5572 1910 5653 Ἀποκαλύψεως
1939 5575 2102 5643 ἀξιω-

2769 5484 3259 5551 Animadcei'st'o.

2275 5594 2298 5626 ι
2330 5574 2580 5639 Attende
2609 5576 2749 5641 huic
2780 5587 3009 5659 sancto,
3060 5580 3164 5663 qui
3211 5579 3573 5646 revelatione
3623 5581 3837 5664 dignus
