4180 6282
372 317 491 393 579

1469 334 1678 399 JOAN.
1726 333 1946 399 VECCI
1987 335 2097 397 CP.
2150 329 2658 398 PATRIABCHfE

3626 331 3744 396 580

379 489 400 519 ι
434 464 679 526 ell‘ectus
705 464 952 546 est?qua-
987 483 1053 526 ex
1079 483 1146 526 ea
1169 465 1415 528 edoctus
1441 474 1554 543 est,
1583 465 1683 528 illa
1701 475 1759 528 et
1789 465 2006 527 decer-

2099 485 2120 515 ι
2151 464 2286 520 οὲντι
2334 467 2506 540 τούτῷ
2563 467 2720 543 ἁγίαν,
2754 466 2786 522 ἂ
2815 465 2936 545 παρ’
2996 467 3198 534 ἐκείνης
3241 466 3517 546 ἐδιδάχθῆρ
3578 468 3742 522 ταῦτα

378 582 402 614 ι
432 553 616 628 neuti,
651 561 707 613 et
738 553 1106 632 praedicanti,
1147 554 1432 634 Spiritum
1475 571 1690 634 nempe
1739 573 1807 616 ex
1848 554 2006 616 Patre

2106 573 2126 602 ι
2173 554 2260 608 καὶ
2315 551 2683 631 δογματίζοντι
2738 556 2825 610 καὶ
2891 556 3220 634 κηρύττοντι,
3296 557 3358 610 τὸ
3417 560 3628 627 Πνεῦμα
3683 552 3744 609 ἐκ

383 670 404 700 ε
441 641 843 704 exsistentiam
877 641 1122 716 habere,
1156 651 1212 704 et
1243 660 1348 723 per
1403 641 1614 704 Filium
1647 661 1959 723 apparere.
1986 665 2007 694 ι

1016 821 1354 899 Hefulatio.

450 917 525 978 Et
557 918 726 994 plane
739 913 1314 975 huicattendendum
1336 914 1550 994 est,qui
1568 934 1634 976 ex
1651 915 2011 978 revelatione

368 1005 745 1069 determinat.
783 1007 1046 1086 Namque
1080 1005 1267 1086 quiin
1321 1005 1493 1085 hujus
1533 1007 1712 1080 dicta,
1763 1007 1848 1068 uti
1907 1024 2012 1086 par

369 1105 479 1168 est,
518 1106 574 1157 et
604 1099 889 1160 attentius
915 1098 1355 1178 introspexerit,
1412 1118 1710 1177 nunquam
1760 1118 1826 1160 ex
1859 1097 2008 1160 Filio

369 1184 656 1265 Spiritum
687 1186 933 1260 dividet,
965 1188 1290 1248 secundum
1346 1189 1672 1248 naturalem
1707 1196 1764 1247 et
1798 1205 2007 1248 essen-

369 1275 568 1335 tialem
656 1274 815 1337 illius
878 1276 1305 1351 exsistentiam.
1369 1275 1527 1356 quod
1585 1295 1702 1336 non
1786 1275 2010 1355 absque

359 1381 572 1441 errore
603 1373 922 1437 conantur,
951 1365 1051 1443 qui
1085 1374 1435 1444 prrnegant,
1467 1384 1571 1444 per
1601 1364 1813 1427 Filium
1839 1364 2005 1425 illum

367 1452 649 1515 exsistere
707 1453 957 1514 Sanctus
987 1453 1146 1514 enim
1180 1473 1313 1514 cum
1337 1463 1507 1514 antea
1537 1453 1786 1514 dixisset
1813 1452 2006 1530 Spiri-

365 1548 487 1602 tum
523 1559 591 1602 ex
625 1544 745 1604 Deo
778 1541 1183 1603 exsisteutiam
1217 1542 1524 1613 habere,et
1572 1543 2012 1604 manifestasset

365 1628 694 1708 hypostasis
724 1649 845 1691 sua;
869 1648 1104 1692 causam
1155 1630 1377 1692 habere
1415 1649 1482 1691 ex
1528 1631 1717 1709 prima
1762 1638 1821 1691 et
1879 1629 2009 1690 sine

365 1717 656 1797 principio
689 1736 862 1780 causa
894 1718 1037 1796 Deo,
1068 1736 1141 1778 ne
1166 1718 1298 1796 quis
1345 1718 1748 1781 exsistimaret
1800 1719 2008 1779 imme-

361 1804 519 1866 diate
548 1824 617 1866 ex
654 1810 770 1867 Deo
801 1807 994 1886 ipsum
1022 1806 1419 1868 exsistentiam
1454 1808 1694 1874 habere.
1751 1825 1866 1888 qua
1913 1807 2002 1868 vel

363 1894 487 1954 sola
513 1893 864 1973 cogitatione
896 1895 1184 1973 sequitur,
1221 1893 1506 1975 Spiritum
1543 1914 1576 1957 a
1626 1895 1774 1957 Filio
1801 1895 2002 1966 dividi,

363 1986 688 2045 secundum
715 1982 902 2064 ipsam
927 1985 1168 2042 eorumd
1180 2001 1272 2044 em
1294 2003 1360 2044 ex
1388 1987 1556 2046 Patre
1574 1985 2006 2058 exsistentiam,

2099 661 2130 701 (
2176 648 2269 698 τοῦ
2298 643 2497 721 Πατρός
2541 644 2638 718 μὲν
2670 642 2799 722 ἔχον
2843 645 2940 710 τὴν
2997 642 3234 724 ὕπαρξιν,
3295 640 3378 698 διὰ
3406 648 3498 698 τοῦ
3538 644 3656 698 Υἱοῦ
3687 641 3741 698 δὲ

2104 759 2124 788 ι
2157 735 2412 812 πεφηνὸς,
2468 755 2492 790 ο

2741 825 3090 905 Ἀντ’ρῤησις.

2171 918 2416 975 Μάλιστέ
2444 941 2504 998 γε
2546 922 2715 994 τούτῳ
2763 933 3060 1000 προσσχεῖν
3102 918 3185 977 δεῖ
3226 927 3302 995 τῷ
3345 917 3415 984 ἑξ⁹
3445 917 3739 976 Ἀποκαλύ-

2092 1011 2235 1081 ψεως
2279 1007 2683 1087 θεολογώσαντι,
2732 1000 2790 1066 Ὀ
2843 1011 2941 1088 γὰρ
2997 1014 3064 1083 τῇ
3114 1010 3295 1065 τούτου
3345 1006 3587 1085 θεολογίᾳ
3630 1006 3732 1082 ἐμ-

2091 1097 2332 1175 ϐαθύνας,
2365 1099 2438 1162 ὡς
2469 1098 2600 1176 χρὴ,
2635 1099 2728 1154 οῦκ
2774 1097 2834 1153 ἄν
2886 1118 3014 1152 ποτε
3057 1095 3305 1175 διαιρήσῃ
3347 1103 3438 1152 τοῦ
3518 1096 3639 1151 Υἱοῦ
3675 1096 3736 1151 τὸ

2093 1191 2302 1260 Πνεῦμα
2345 1187 2480 1242 κατὰ
2504 1187 2601 1252 τὴν
2645 1187 2868 1266 φυσικὴν
2912 1190 3000 1242 καὶ
3067 1183 3295 1252 οὗσιώδη
3353 1185 3507 1242 αὒτοῦ
3573 1182 3732 1262 ὕπαρ-

2091 1272 2188 1348 ξιν,
2249 1272 2378 1352 ὅπερ
2434 1273 2736 1353 ἐπισφαλῶς
2841 1274 3149 1353 σπεύδουσιν
3225 1277 3271 1330 οἱ
3353 1273 3736 1352 ἀπαρνούμενοι

2090 1359 2172 1416 δια
2201 1367 2294 1416 τοῦ
2333 1364 2451 1418 Υἱοῦ
2482 1352 2740 1440 ὕπᾶρχειν
2787 1363 2934 1419 αὐτὸ.
3003 1352 3059 1417 Ὀ
3115 1361 3215 1438 γάρ
3258 1359 3431 1438 ἅγιος,
3485 1359 3734 1438 πρότερον

2091 1449 2251 1504 εἰπὼν
2309 1454 2368 1505 τὸ
2425 1456 2634 1525 Πνεῦμα
2704 1450 2765 1506 ἐκ
2823 1450 2954 1506 Θεοῦ
3007 1450 3104 1516 τὴν
3158 1446 3373 1528 ὕπαρξιν
3428 1445 3579 1526 ἕχον,
3647 1449 3734 1504 καὶ

2090 1535 2402 1604 δεδηλωκὼς
2445 1539 2542 1606 τὴν
2572 1541 2669 1604 της
2698 1539 3038 1602 ὑποστάσεως
3097 1539 3262 1594 αἰτίαν
3315 1537 3462 1616 ἔχειν
3519 1537 3643 1593 αὐτὸ
3674 1536 3734 1592 ἐκ

2091 1627 2310 1703 πρώτης
2335 1628 2424 1683 καὶ
2451 1627 2686 1706 ἀνάρχου
2715 1627 2882 1690 αἰτίας
2937 1633 3028 1683 τοῦ
3086 1627 3313 1705 Πατρὸς,
3354 1625 3448 1681 ἵνα
3505 1625 3582 1698 μή
3651 1645 3730 1686 τις

2091 1714 2336 1783 οἴήσαιτο
2387 1714 2600 1789 ἆμέσως
2657 1713 2717 1770 ἐκ
2771 1716 2902 1770 Θεοῦ
2940 1715 3037 1782 τὴν
3093 1711 3306 1792 ὕπαρξιν
3365 1711 3511 1791 ἔχειν
3581 1712 3724 1785 αὐτὸ,

2093 1802 2230 1869 ἧτινι
2313 1801 2482 1874 ἐννοίᾳ
2552 1802 2832 1860 ἀκολουθεῖ
2927 1801 3235 1881 διαιρεῖσθαι
3315 1801 3407 1858 τοῦ
3484 1803 3602 1856 Υἱοῦ
3671 1802 3730 1855 τὸ

2094 1895 2306 1964 Πνεῦμα
2355 1889 2472 1945 κατ’
2520 1891 2679 1958 αὐτὴν
2731 1891 2828 1958 τὴν
2883 1890 2944 1946 ἐκ
2995 1891 3196 1968 Πατρὸς
3252 1889 3422 1944 αὐτῶν
3491 1885 3726 1966 ὕπαρξιν,

2093 1979 2166 2040 ὡς
2223 1977 2414 2052 μηκέτι
2459 1981 2766 2056 θεωρεῖσθαι
2808 1980 2869 2034 τὸ
2923 1980 3029 2034 τῶν
3072 1985 3231 2055 τριῶν
3284 1975 3513 2054 συμφυὲς
3589 1996 3732 2030 συνε-

363 2070 509 2132 adeo
568 2081 630 2132 ut
685 2063 1082 2152 conspiciatur
1135 2072 1310 2133 trium
1390 2073 1798 2153 connaturale,
1859 2091 2006 2135 con-

2097 2067 2192 2145 χές
2264 2069 2351 2122 καὶ
2406 2066 2771 2145 ἆδιάῤῥηκτον,
2847 2067 3083 2145 ἐπήγαγε
3135 2087 3271 2144 πχρε
3335 2066 3448 2137 θὺς,
3517 2066 3604 2120 καὶ
3661 2063 3726 2118 δι’

365 2159 592 2221 tinuum
612 2169 668 2222 et
695 2151 1132 2229 indissolutum,
1171 2161 1374 2222 statim
1399 2162 1749 2234 subdidit,et
1780 2151 1884 2242 per
1908 2161 2006 2222 Fi-

2103 2157 2222 2212 l‘i06
2265 2159 2499 2233 πεφηνὸς
2557 2170 2672 2220 τοῗς
2729 2157 3044 2234 ἀνθρώποις,
3104 2153 3247 2211 οῦδὲν
3318 2151 3578 2232 διαφέρειν
3619 2152 3731 2209 οἷό-

364 2247 506 2308 lium
541 2247 884 2309 hominibus
910 2249 1202 2330 apparuit,
1241 2250 1384 2310 nihil
1417 2250 1658 2312 differre
1687 2241 1870 2323 ratus,
1905 2267 2006 2329 per

2097 2265 2252 2318 μενος
2310 2242 2377 2298 δι’
2450 2247 2569 2302 Υἱοῦ
2635 2247 2869 2324 πεφηνὸς
2928 2257 3044 2309 τοῖς
3105 2242 3396 2321 ἀνθρώποις
3447 2241 3624 2320 λέγειν
3670 2244 3732 2299 τὸ
3821 2293 3825 2295 ,

365 2336 580 2399 Filium
609 2353 904 2417 apparere
934 2336 1215 2417 Spiritum
1279 2338 1643 2419 hominibus,
1695 2352 1753 2400 et
1786 2356 1892 2419 per
1921 2337 2006 2400 Fi-

2097 2338 2308 2406 Πνεῦμα
2365 2335 2452 2389 καὶ
2514 2332 2579 2389 δι’
2642 2336 2782 2406 Tim},
2833 2334 3092 2412 ὑπάρχειν
3124 2333 3248 2390 αὐτὸ
3303 2331 3363 2386 ἐκ
3390 2331 3614 2409 Πατρός,
3675 2334 3730 2388 Ei

364 2425 509 2487 lium
540 2426 731 2504 ipsum
773 2445 842 2486 ex
909 2425 1082 2487 Patre
1136 2426 1446 2488 exsistere.
1508 2417 1742 2488 Etenim
1786 2417 1854 2488 τι
1909 2444 2006 2506 per

2097 2421 2171 2494 μὴ
2194 2422 2294 2498 γὰρ
2317 2421 2528 2501 ὑπῆρχε
2583 2420 2650 2477 δι’
2726 2425 2867 2496 Υἶοῦ,
2929 2423 3022 2478 οὐκ
3074 2420 3135 2476 ἂν
3190 2417 3236 2474 δι
3304 2421 3424 2475 Υἱοῦ
3493 2420 3726 2500 πεφηνὸς

365 2514 578 2576 Filium
612 2533 726 2575 non
751 2514 1083 2584 eXsisteret,
1143 2533 1440 2594 nunquam
1495 2533 1602 2595 per
1660 2516 1869 2576 Filium
1903 2505 2006 2576 bo-

2097 2509 2158 2576 ἦν
2187 2522 2303 2572 τοῖς
2334 2509 2646 2588 ἀνθρώποις,
2704 2518 2795 2567 τοῦ
2841 2512 2918 2586 μὴ
2973 2507 3365 2586 λειτουργικῶς,
3419 2505 3553 2581 μῆδὲ
3582 2509 3724 2574 ὑπη-

368 2601 626 2663 minibus
655 2602 1098 2683 appareret,qui
1125 2622 1241 2664 non
1265 2594 1768 2666 adminiStratorio
1805 2604 2003 2678 modo,

2097 2604 2312 2676 ρετικῶς
2366 2599 2466 2665 τὴν
2521 2606 2612 2656 τοῦ
2669 2601 2968 2675 Πνεύματος
3039 2597 3298 2678 χορηγίαν
3379 2610 3497 2659 τοῖς
3571 2594 3728 2661 ἀξίοις

365 2709 558 2772 neque
586 2681 786 2752 servili
807 2681 1060 2772 Spiritus
1082 2691 1615 2772 suppeditationem
1648 2693 1842 2772 dignis
1863 2691 2003 2753 sub-

2097 2684 2450 2764 διανέμοντος,
2506 2686 2763 2744 κάλλιστα
2793 2687 2848 2743 δὲ
2906 2694 3060 2743 τοῦτο
3113 2687 3266 2749 αὐτὸς
3311 2687 3338 2740 ὁ
3382 2681 3538 2762 ἅγιος
3582 2686 3726 2740 συνί-

367 2778 685 2854 ministrat,
725 2782 879 2860 quod
911 2779 1134 2860 optime
1161 2789 1402 2842 sanctus
1435 2781 1835 2861 comprobavit
1869 2780 2006 2842 sub-

2097 2796 2276 2841 στησιν
2306 2774 2590 2854 ἐπαγαγὼν
2630 2778 2712 2850 τὸ,
2755 2796 2776 2826 ι
2811 2777 2962 2832 εἰκὼν
3018 2782 3109 2831 τοῦ
3174 2774 3293 2830 Υἷοῦ
3372 2772 3575 2830 τελειου
3635 2795 3728 2830 τε-

364 2865 514 2928 dens
537 2868 680 2929 illud
714 2890 727 2931 :
766 2869 990 2948 «imago
1016 2867 1147 2930 Filii
1172 2868 1412 2948 perfecti
1437 2870 1718 2950 perfecta.
1758 2895 1780 2926 ι
1819 2872 2005 2932 Nam-

2097 2862 2226 2925 λεία,
2262 2891 2284 2918 ι
2324 2866 2381 2921 Εἰ
2424 2866 2524 2942 γὰρ
2548 2868 2627 2947 ᾡς
2657 2867 2703 2921 οἱ
2759 2863 3120 2943 ἀντιλέγοντες
3190 2862 3490 2940 βοίλονται,
3524 2863 3601 2938 μὴ
3644 2861 3726 2918 διὰ

365 2975 480 3036 que
511 2957 584 3028 si,
620 2956 812 3037 utqui
863 2975 999 3018 sese
1057 2966 1384 3039 opponunt,
1447 2958 1837 3039 contendunt,
1889 2977 2006 3018 non

2097 2957 2182 3012 τοῦ
2222 2958 2341 3012 Υἱοῦ
2369 2955 2628 3036 ὑπάρχειν
2683 2957 2745 3012 τὸ
2802 2958 3010 3032 Πνεῦμά
3065 2955 3267 3035 ἐφρόνει
3320 2957 3348 3011 ὁ
3402 2954 3576 3032 ἅγιος,
3634 2959 3727 3014 οῦκ

370 3064 476 3125 per
497 3045 711 3107 Filium
732 3045 1016 3126 Spiritum
1042 3048 1326 3107 exsistere
1374 3056 1611 3108 sanctus
1640 3047 2005 3130 opinaretur,

2097 3043 2155 3098 ἓν
2181 3044 2304 3102 αῦτὸ
2335 3044 2512 3102 εἰκότα
2541 3045 2756 3102 ἐκάλεσε
2784 3054 2876 3102 τοῦ
2915 3049 3055 3107 Υἱοῦ.
3089 3042 3364 3101 Ἀδύνατον
3423 3046 3523 3122 γὰρ
3553 3045 3725 3100 εἰκόνα

365 3153 664 3217 nunquam
696 3125 862 3196 illum
893 3135 1210 3214 imaginem
1243 3135 1377 3197 Filii
1409 3125 1829 3217 nuncupa'sset.
1851 3125 2006 3199 Fieri

2097 3138 2184 3188 τοῦ
2221 3133 2340 3190 Υἱοῦ
2367 3132 2626 3202 κληθῆναι
2669 3137 2729 3192 τὸ
2759 3135 2835 3210 μὴ
2886 3136 3126 3214 ὑπάρχον
3167 3131 3232 3189 δι’
3264 3132 3421 3190 αῦτοῦ
3476 3153 3532 3188 τε
3560 3133 3647 3192 καὶ
3676 3131 3727 3198 ἐξ

366 3223 524 3285 enim
558 3226 784 3305 nequit,
819 3233 884 3287 ut
940 3224 1136 3303 imago
1189 3223 1325 3286 Filii
1386 3234 1653 3299 vocetur,
1715 3225 1870 3306 quod
1905 3243 2010 3306 per
2091 3225 2266 3280 αὖτον.

363 3312 581 3393 ipsum,
607 3321 664 3374 et
690 3332 760 3374 ex
791 3313 921 3396 ipso
951 3331 1072 3374 non
1102 3313 1354 3376 exsisdt.

504 3407 792 3485 Ejusdem
817 3423 891 3468 ex
923 3408 1290 3486 expositione
1316 3407 1458 3488 ﬁdei
1485 3406 1872 3488 particulari.

2316 3411 2420 3463 T06
2464 3406 2619 3464 αὺτοῦ
2643 3409 2705 3462 hx
2732 3406 2828 3474 τῆς
2857 3407 2993 3462 κατα
3035 3405 3193 3485 μέρος
3236 3407 3484 3471 πίστεως,

444 3496 698 3560 CXXXI.
735 3497 1129 3560 «Conﬁtemur
1148 3499 1326 3578 igitur
1343 3519 1524 3562 unum
1559 3502 1746 3563 Deum
1772 3517 2003 3583 verum,

2171 3488 2340 3557 PAA'.
2387 3521 2413 3556 ε
2447 3489 2837 3578 Ὀμολογοῦμεν
2893 3503 2980 3556 06v
3036 3498 3126 3555 ἕνα
3187 3501 3342 3580 Θεὸν,
3374 3502 3497 3574 μίαν
3525 3499 3724 3580 ἀρχὴν,

369 3610 394 3646 ε
423 3604 608 3648 unum
627 3585 1012 3668 principium,
1043 3596 1100 3648 et
1128 3608 1308 3650 unum
1336 3589 1553 3651 Filium
1581 3587 2004 3662 verum,Deum

2097 3615 2112 3645 ι
2151 3589 2236 3644 καὶ
2279 3585 2367 3643 ἕνα
2395 3589 2513 3643 Υἱὸν
2541 3587 2813 3668 ἀληθινὸν,
2872 3590 2999 3644 Θεὸν
3041 3587 3096 3653 ἒξ
3152 3587 3400 3655 ἀληθινοῦ
3435 3596 3524 3646 τοῦ
3567 3596 3720 3670 Θεοῦ,

371 3699 400 3732 ι
437 3694 508 3737 ex
530 3692 668 3736 vero
690 3675 834 3755 Deo,
881 3677 1229 3738 naturaliter
1288 3685 1594 3757 paternam
1639 3677 2005 3739 divinitatem

2097 3699 2118 3729 ι
2149 3676 2380 3756 φυσικῶς
2437 3676 2532 3744 τὴν
2592 3678 2854 3757 [ἰατρικὴν
2909 3676 3134 3743 θεότητα
3185 3676 3406 3758 ἔχοντα,
3459 3677 3723 3734 τουτέστιν

374 3791 399 3822 α
436 3763 781 3845 habentem,
817 3765 928 3826 hoc
958 3773 1047 3826 est
1071 3765 1628 3827 consubstantialem
1687 3765 1891 3843 Patri;
1949 3775 2006 3828 et

2097 3789 2117 3823 ι
2165 3765 2449 3838 ὁμοούσιον
2476 3773 2554 3841 τῷ
2616 3768 2802 3846 Πατρὶ,
2859 3766 2953 3822 καί
2999 3766 3052 3822 ἕν
3110 3772 3321 3842 Πνεῦμα
3374 3766 3550 3845 ἅγιον,
3580 3767 3725 3844 φύσει

375 3883 395 3912 ε
430 3870 612 3912 unum
645 3851 929 3932 Spiritum
963 3864 1260 3934 sanctum,
1295 3853 1393 3935 qui
1440 3862 1645 3916 natura
1673 3863 1730 3914 et
1760 3854 2004 3916 veritate

2097 3871 2118 3902 ι
2149 3853 2236 3908 καὶ
2278 3851 2494 3926 ἀληθείᾳ
2541 3860 2644 3911 τῶν
2699 3855 2942 3910 ἁπάντων
2973 3855 3278 3932 ἀγιαστικὸν
3320 3857 3408 3911 καὶ
3461 3857 3723 3929 θεοποιὸν,

372 3969 395 3998 0
427 3939 543 4001 vim
574 3939 752 4003 habet
799 3941 998 4002 omnia
1049 3943 1476 4016 sanctificanzli,
1514 3951 1567 4006 et
1601 3943 1999 4018 deiﬁcantem,

371 4054 396 4088 ε
429 4028 530 4109 qui
559 4046 627 4090 ex
660 4028 989 4092 substantia
1019 4030 1124 4092 Dei
1157 4039 1267 4096 est.
1309 4057 1332 4087 η

941 4125 1425 4189 Animadversio.

450 4237 479 4270 ‹
503 4213 838 4279 Prudenter
865 4216 1004 4278 audi
1029 4218 1304 4280 eumdem
1337 4227 1606 4284 sanctum
1635 4236 1820 4282 unum
1845 4216 2009 4298 prin-

370 4331 392 4362 ε
426 4301 648 4384 cipium
682 4306 916 4367 Patrem
940 4306 1275 4371 ediccntem
1309 4327 1415 4384 ;ex
1445 4309 1706 4371 essentia
1730 4325 1869 4368 vero
1898 4305 2006 4368 Dei

371 4420 394 4450 ι
429 4409 586 4468 esse,
617 4393 704 4453 uti
731 4394 947 4475 reliqui
977 4415 1187 4458 omnes
1236 4398 1421 4459 sancti
1470 4403 1676 4462 Patres
1704 4397 2003 4476 dixerunt,

2097 3969 2118 3999 ι
2147 3942 2210 3997 ὶκ
2235 3945 2334 4007 τῆς
2365 3943 2541 4006 οῦσίας
2583 3950 2673 4000 τοῦ
2705 3949 2835 3999 Θεοῦ
2874 3943 3134 4022 ὑπάρχον.
3173 3966 3196 3996 ι

2739 4122 3074 4186 Ἐπιστασία.

2173 4239 2199 4274 ε
2232 4221 2468 4280 Συνετῶς
2518 4216 2740 4275 ἄκουσον
2794 4225 2887 4275 τοῦ
2944 4217 3100 4275 αὺτοῦ
3154 4218 3326 4297 ἁγίου,
3390 4219 3511 4294 μίαν
3553 4217 3730 4299 ἀρχὴν

2096 4327 2125 4360 ι
2169 4307 2260 4382 τὸν
2302 4305 2506 4386 Πατέρα
2562 4307 2934 4385 κηρύττοντος.
3009 4309 3080 4366 Τὸ
3151 4309 3212 4362 hic
3250 4307 3348 4374 τῆς
3415 4308 3589 4371 οῦσίας
3639 4315 3730 4365 τοῦ

2098 4417 2124 4449 ι
2157 4402 2286 4452 Θεοῦ
2314 4396 2580 4475 υπάρχον,
2611 4396 2718 4452 νόει
2748 4398 2920 4460 καθὼς
2962 4398 3049 4453 καὶ
3092 4399 3138 4452 οἱ
3194 4395 3371 4453 λοιποὶ
3429 4397 3568 4454 θεῖοι
3612 4402 3727 4452 Πα-

367 4507 392 4542 ‹
427 4480 720 4569 intellige.
757 4482 873 4546 Sed
910 4492 968 4546 et
996 4485 1125 4565 ipse
1154 4485 1212 4548 in
1236 4505 1354 4550 una
1375 4487 1704 4568 eademque
1730 4484 2006 4567 pericope

2102 4504 2125 4536 ι
2170 4487 2341 4564 τέρες.
2375 4485 2541 4545 Ἀλλὰ
2583 4491 2670 4546 καὶ
2713 4492 2862 4553 οὗτος
2917 4491 2974 4546 ἓν
3007 4495 3074 4566 τῇ
3129 4493 3260 4567 αῦτῇ
3291 4491 3380 4547 καὶ
3423 4495 3521 4567 μιᾷ
3575 4511 3728 4569 περι-

373 4596 396 4627 ι
427 4568 769 4652 declaravit,
807 4591 942 4634 cum
977 4573 1142 4655 dixit,
1197 4575 1407 4638 Filium
1475 4595 1542 4638 ex
1577 4593 1716 4638 vero
1755 4572 1901 4649 Deo,
1935 4589 2006 4635 ex

2098 4605 2122 4636 ε
2155 4582 2298 4653 κοπῇ
2349 4578 2636 4658 ἒσαφήνισε
2694 4576 2778 4635 διὰ
2845 4585 2938 4636 τοῦ
2990 4579 3078 4636 καὶ
3119 4581 3210 4635 τὸν
3268 4581 3386 4635 Υἱὸν
3457 4568 3732 4644 sinet-tibi

373 4686 395 4716 ι
424 4659 598 4721 Patre
623 4660 872 4723 scilicet.
915 4692 934 4722 ι

1017 4755 1352 4835 Refutalio.

443 4845 637 4910 Unum
668 4848 910 4930 quidem
943 4850 1300 4932 principium
1332 4861 1568 4917 sanctus
1625 4857 1847 4932 statuit,
1901 4859 2005 4921 sed

2098 4696 2120 4728 ι
2165 4668 2414 4737 ἀληθινοῦ
2444 4678 2594 4747 Θεοῦ,
2627 4671 2864 4730 τουτέστι
2907 4679 3000 4729 τοῦ
3029 4674 3253 4752 Πατρός.
3291 4701 3312 4732 ε

2732 4763 3093 4844 Ἀητίρῤησις.

2169 4858 2302 4915 Μίαν
2360 4859 2458 4934 μὲν
2513 4859 2689 4940 ἀρχὴν
2745 4862 2837 4916 τὸν
2893 4861 3099 4941 Πατέρα
3183 4861 3426 4929 κηρύττει
3472 4864 3500 4918 ὃ
3554 4861 3730 4941 ἅγιος,

363 4953 482 5030 non
513 4945 824 5017 propterea
853 4939 1032 5018 tollit,
1061 4941 1290 5004 diverso
1337 4962 1533 5006 causae
1564 4945 1738 5007 modo
1778 4947 2002 5027 princi-

2097 4944 2227 5003 ἅλλα
2277 4947 2372 5004 οὒκ
2436 4939 2642 5016 ἀναιρεῖ
2685 4950 2774 5004 καὶ
2856 4950 2916 5006 τὸ
2975 4939 3044 5007 ἓν
3099 4947 3330 5030 διαφόρῳ
3385 4951 3566 5029 τρόπῳ
3604 4939 3730 5018 ίτῆξ

361 5021 524 5104 pium
547 5043 678 5116 esse
700 5045 930 5104 eorum,
957 5048 1089 5110 qua:
1109 5049 1176 5093 ex
1198 5031 1296 5094 illo
1323 5041 1458 5093 sunt
1483 5051 1495 5096 :
1525 5035 1683 5096 unde
1707 5021 2004 5113 inclaruit,

2097 5036 2254 5102 αἰτίας
2285 5036 2463 5116 ἀρχὴν
2516 5039 2671 5096 αὐτὸν
2714 5039 2856 5095 εἶναι
2926 5039 3014 5097 καὶ
3069 5044 3175 5095 τῶν
3228 5038 3282 5104 ἒξ
3339 5041 3496 5098 αὐτοῦ
3549 5041 3733 5098 ὁπόθεν

362 5129 434 5172 ex
455 5115 665 5210 eodem
689 5135 805 5210 uno
856 5117 1146 5199 principio
1177 5120 1293 5182 duo
1347 5140 1478 5184 esse
1533 5131 1789 5199 causata,
1821 5143 2003 5186 unum

2097 5124 2320 5204 ἆνεφάνη
2358 5115 2424 5182 τὸ
2467 5127 2609 5182 εἶναι
2657 5132 2762 5182 τῶν
2793 5125 2853 5182 ἐκ
2881 5127 2977 5196 τῆς
3011 5133 3134 5204 μιᾶς
3190 5128 3384 5196 ταύτης
3443 5131 3617 5210 ἀρχῆς
3647 5127 3733 5185 δύο

362 5219 471 5296 per
493 5202 676 5296 aliud.
695 5203 861 5296 _Illud
892 5225 1068 5286 porro
1101 5227 1171 5270 ex
1200 5209 1526 5274 substantia
1548 5211 1654 5274 Dei
1687 5212 2003 5296 exsistens,

2097 5215 2227 5270 κίτια
2268 5219 2374 5270 τῶν
2415 5212 2497 5270 διὰ
2525 5215 2741 5296 θατέρου
2787 5217 2849 5271 τὸ
2897 5213 3097 5296 ςι-Ξτερον,
3141 5217 3203 5272 τὸ
3245 5213 3300 5273 δὲ
3328 5219 3388 5273 ὲκ
3428 5223 3525 5285 τῆς
3557 5217 3733 5280 οὖσίας

360 5287 811 5386 intelligendum
845 5304 933 5386 est
965 5314 1044 5386 ex,
1065 5299 1258 5376 Patre,
1320 5299 1404 5362 uti
1447 5308 1545 5363 tua
1575 5287 2006 5367 animadversio

2097 5309 2178 5359 :06
2221 5309 2352 5362 Θεοῦ
2391 5303 2654 5384 ὑπάρχον,
2715 5304 2776 5361 ἐκ
2830 5311 2920 5362 τοῦ
2960 5306 3162 5384 Πατρὸς
3217 5318 3362 5362 νοεῖν
3417 5303 3524 5386 δεῖ,
3584 5308 3658 5370 ὡς
3694 5306 3732 5373 ὴ

362 5377 529 5473 dicit,
563 5388 824 5473 tutamen
855 5383 1002 5473 illud
1031 5384 1422 5465 ignorandum
1467 5411 1584 5453 non
1617 5402 1730 5470 est,
1791 5410 1860 5455 ex
1917 5412 2006 5456 es-

2097 5394 2365 5448 επιστασία
2435 5377 2834 5470 σοῦ’-βούλεται.
2885 5403 2982 5451 Δεῖ
3031 5377 3086 5450 δέ
3115 5397 3202 5452 καὶ
3247 5396 3324 5470 μὴ
3392 5377 3604 5473 ἀγνοεῖν
3658 5397 3732 5459 ὡς

361 5467 552 5530 sentia
579 5468 690 5530 Fili
711 5468 996 5550 Spiritum
1027 5492 1182 5539 esse.

853 5564 1140 5645 Ejusdem
1169 5587 1250 5631 ex
1277 5573 1504 5637 eadem.

441 5654 720 5726 CXXXII,
753 5654 1017 5719 (Genito
1074 5667 1275 5722 autem
1330 5665 1478 5728 Filio
1538 5685 1608 5730 ex
1661 5669 1839 5731 Patre
1869 5684 2006 5730 vera

2088 5482 2176 5537 καὶ
2215 5482 2277 5537 ὲκ
2306 5485 2405 5548 τῆς
2433 5482 2611 5546 οῦσίας
2635 5485 2726 5540 τοῦ
2756 5485 2876 5540 Υἱοῦ
2906 5485 2966 5540 τὸ
2996 5484 3208 5561 Πνεῦμά
3235 5486 3401 5544 ἔστιν.

2558 5583 2662 5634 Τοῦ
2693 5579 2850 5636 αὐτοῦ
2873 5575 2934 5634 ἐκ
2962 5584 3056 5634 τοῦ
3084 5581 3262 5639 αὐτοῦ,

2168 5657 2335 5730 ΡΛΒ⁶,
2375 5684 2399 5716 α
2428 5669 2769 5738 Γιννηθῆτος
2818 5677 2910 5728 τοῦ
2968 5672 3088 5727 Υἱοῦ
3136 5673 3197 5727 ἑκ
3253 5672 3454 5752 Πατρὸς
3510 5671 3733 5752 ἀληθινῇ
