4208 6296
509 335 626 402 583
1595 343 1809 406 JOAN.
1856 341 2076 406 VECCI
2119 342 2152 405 C

2278 336 2811 404 PATRlARCH/E.
3779 336 3906 418 584

518 495 542 529 ι
579 465 793 554 pietate
830 476 1133 539 abhorret.
1168 475 1324 548 Quin
1373 475 1589 556 potius,
1630 482 1718 554 ut,
1741 491 1874 536 cum
1899 472 2002 535 Dei
2029 493 2152 536 ver-

2259 499 2281 529 ε
2314 475 2614 550 ἀκούοντες,
2675 480 2768 535 οὐκ
2838 475 3213 554 ἀνυπόστατον,
3291 473 3405 532 οὐδὲ
3501 475 3560 530 ἐκ
3619 474 3906 550 μαθήσεως

515 585 544 616 ε
578 561 717 623 bum
748 565 1047 640 audimus,
1089 583 1206 625 non
1238 562 1581 643 bujusmodi
1610 562 1858 623 verbum
1892 580 2026 624 esse
2057 581 2152 624 ar-

2248 581 2272 612 l
2309 567 2744 644 προσγινόμενον,
2821 562 2936 622 οῦδὲ
3019 561 3104 619 διὰ
3199 572 3378 641 φωνῆς
3449 561 3904 642 προσφερόμενον,

514 671 539 706 ι
575 650 885 732 bitramur,
920 653 1077 734 quod
1107 653 1193 714 vel
1225 652 1554 713 substantia
1585 651 1908 722 careat,vel
1942 651 2152 714 doctri-

2251 676 2273 708 ι
2307 652 2422 709 οὒδέ
2451 655 2524 718 εἷς
2583 653 2709 732 ἀέρα
2767 657 3032 732 χεόμενον
3081 653 3167 718 καὶ
3226 650 3565 726 διαλυόμενον
3619 651 3902 726 ᾠήθημεν,

516 758 546 799 ‹
578 758 653 801 na
679 753 1074 820 comparetur,
1112 741 1196 802 vel
1232 759 1336 820 per
1374 759 1582 803 vocem
1639 740 1943 814 ell‘eratur,
1977 741 2065 802 vel
2101 743 2152 802 in

2251 767 2275 798 α
2333 739 2454 796 ἀλλ’
2541 738 2805 805 οὖσιωόῶς
2898 742 3172 821 ῦῳεστῶτα
3253 741 3614 819 προαιρετικόν
3694 759 3751 795 τε
3807 738 3905 794 καὶ

517 851 541 882 a
577 846 772 890 aerem
790 831 1520 910 dilabatur,etevanescat;
1536 829 1637 890 sed
1659 829 1815 910 quod
1831 830 2152 891 essentiali-

2251 849 2275 882 ι
2309 829 2544 908 ἐνεργὸν,
2632 830 2720 886 καὶ
2813 827 3228 904 παντοδύναμον,
3319 828 3456 886 οὕτω
3536 830 3622 885 καὶ
3681 834 3901 901 Πνεῦμα

514 939 538 967 ιι
573 930 664 977 ter
691 918 953 992 exsistat,
1002 937 1070 980 ac
1119 917 1415 980 voluntate
1459 918 1772 998 praeditum
1806 918 1906 992 sit,
1939 924 2006 980 et"
2028 919 2152 980 efﬁ-

2257 940 2278 970 ι
2310 919 2676 992 μεμαθηκότες
2729 926 2880 991 Θεοῦ,
2943 920 3003 974 τὸ
3063 926 3534 996 συμπαρομαρτῶν
3593 924 3671 992 τῷ
3719 916 3896 994 λόγῳ,

517 1028 542 1058 α
579 1023 713 1077 cav,
747 1015 925 1088 atque
979 1007 1400 1086 omnipotens:
1438 1009 1646 1070 eodem
1683 1007 1858 1068 modo
1893 1026 2025 1068 cum
2062 1009 2152 1070 Dei

2255 1030 2282 1061 α
2315 1010 2402 1064 καὶ
2431 1008 2684 1086 φανεροῦν
2742 1011 2900 1066 αὐτο)
2948 1007 3048 1074 τῆν
3103 1007 3384 1085 ἐνέργειον,
3434 1010 3494 1065 οὒ
3549 1008 3715 1074 πνοῆν
3773 1005 3902 1062 ἆνυ-

519 1113 540 1148 ι
583 1095 894 1175 Spiritum,
917 1096 1164 1157 verbum
1185 1097 1593 1168 comitantem,
1624 1094 1932 1176 ipsiusque
1957 1115 2152 1176 opera

2258 1121 2280 1151 ι
2313 1093 2576 1152 πόστατον
2625 1096 2921 1170 ἐννοουμεν.
2969 1095 3119 1153 Οὕτω
3161 1097 3261 1175 γὰρ
3312 1095 3373 1151 ἂν
3429 1095 3731 1152 καθίσταται
3762 1094 3900 1169 πρὸς

517 1207 542 1235 α
579 1182 799 1246 tionem
826 1185 1232 1246 declarantem
1252 1185 1552 1258 audimus,
1589 1203 1707 1244 non
1731 1185 1932 1245 ﬂatum
1953 1203 2152 1264 quem-

2258 1209 2280 1241 ι
2311 1184 2666 1250 ταπεινότητα
2724 1186 2785 1240 τὸ
2857 1183 3148 1262 μεγαλετον
3225 1189 3324 1250 τῆς
3381 1185 3520 1248 θείας
3575 1185 3803 1263 φύσεως,
3853 1183 3901 1236 εἷ

521 1296 547 1326 α
581 1272 713 1333 dam
751 1273 1079 1334 substantia
1108 1281 1414 1336 carentem
1435 1273 1630 1333 animo
1657 1273 1830 1333 nobis
1849 1274 2120 1352 ﬁngimus
2148 1293 2152 1331 :

2259 1299 2280 1329 ι
2313 1271 2428 1328 καθ’
2478 1275 2769 1348 ὁμοιότητα
2813 1277 2904 1329 τοῦ
2959 1272 3218 1351 τημετέρου
3296 1274 3595 1348 πνεύματος
3670 1273 3758 1327 καὶ
3836 1272 3904 1326 τὸ

516 1383 539 1416 α
577 1360 656 1422 ita
680 1361 839 1422 enim
872 1362 1084 1424 divina:
1116 1371 1342 1424 natura;
1366 1361 1720 1440 amplitudo,
1758 1371 1933 1442 atque
1965 1363 2152 1441 maje-

2255 1381 2278 1416 a
2314 1362 2367 1416 ἐν
2399 1360 2539 1436 αῦτῴ
2569 1368 2778 1437 Πνεῦμα
2847 1364 3151 1441 ὑπονοοϊτο,
3206 1360 3342 1418 ἀλλὰ
3384 1360 3596 1437 δύναμιν
3639 1357 3898 1438 οὖσιώδη,

517 1473 544 1504 α
577 1462 698 1510 slas
728 1450 787 1510 in
834 1451 1224 1512 humilitatem
1274 1450 1735 1530 deprimeretur.
1766 1450 1814 1511 si
1847 1451 2152 1530 Spiritum,

2251 1476 2278 1507 α
2308 1453 2469 1521 αὒτῆν
2512 1453 2594 1533 ἐφ’
2638 1455 2828 1520 ἑαυτῆς
2888 1453 2941 1508 ἐν
2994 1453 3258 1530 ἰδιαζοόσῃ
3315 1455 3600 1510 ὑποστάσει
3657 1457 3896 1531 θεωρου-

516 1559 542 1596 ‹
573 1538 674 1618 qui
703 1537 764 1599 in
797 1557 865 1600 ea
895 1547 1008 1618 est,
1063 1557 1267 1620 parem
1295 1538 1533 1619 spiritui
1569 1547 1773 1601 nostro
1805 1556 1940 1601 esse
1970 1540 2152 1619 conji-

2252 1569 2273 1599 α
2307 1542 2494 1616 μένην,
2567 1542 2628 1598 ἐκ
2695 1550 2786 1598 τοῦ
2831 1543 3033 1619 Πατρὸς
3090 1543 3515 1622 προερχομένην,
3569 1545 3658 1598 καὶ
3711 1539 3766 1595 ἒν
3814 1547 3898 1614 τῷ

516 1650 545 1682 α
573 1645 867 1702 ceremus,
893 1628 998 1689 sed
1034 1629 1147 1689 vim
1183 1628 1592 1703 essentialem,
1632 1646 1881 1708 quaeque
1912 1646 2152 1709 separa-

2251 1652 2275 1685 σ
2321 1628 2465 1708 λόγῳ
2532 1629 2961 1705 ἀναπαυομένην,
3017 1631 3104 1686 καὶ
3160 1633 3326 1697 αὐτὴν
3409 1630 3567 1687 οὖσαν
3635 1629 3894 1706 ἐκφαντι-

518 1737 540 1769 α
576 1715 704 1787 tim,
763 1725 938 1796 atque
993 1716 1050 1778 in
1101 1715 1341 1796 propria
1397 1716 1695 1796 hypostasi
1723 1717 2152 1795 consideretur,

2254 1736 2283 1776 (
2313 1719 2434 1791 κῆν,
2497 1717 2612 1775 οὔτε
2682 1723 3009 1798 χωρισθῆναι
3067 1725 3158 1774 τοῦ
3214 1725 3366 1791 Θεοῦ,
3413 1718 3466 1774 ἐν
3525 1719 3570 1793 ᾦ
3623 1717 3758 1790 ἐστι,
3803 1717 3899 1774 καὶ

513 1827 540 1857 ι
578 1812 753 1884 atque
781 1822 813 1866 a
850 1808 1026 1867 Patre
1058 1804 1493 1885 progrediatur,
1551 1813 1608 1866 et
1666 1805 1726 1866 in
1787 1805 1966 1867 verbo
2014 1825 2152 1871 con-

2257 1834 2278 1864 c
2307 1807 2398 1863 τοῦ
2457 1806 2639 1888 λόγου,
2715 1813 2761 1881 ᾧ
2849 1821 3288 1886 συμπαρομαρτετ
3373 1805 3688 1882 δυναμένην,
3773 1804 3898 1862 οὔτε

517 1914 539 1948 ι
578 1892 866 1971 quiescat,
901 1893 1216 1972 ipsumque
1255 1892 1540 1965 declaret,
1576 1900 1634 1954 et
1655 1894 1946 1974 exprimat
1981 1917 1993 1954 :
2036 1915 2152 1974 qua

2256 1921 2278 1951 α
2310 1899 2440 1974 πρὸς
2483 1899 2542 1953 τὸ
2572 1898 2898 1976 ἀνύπαρκτον
2928 1895 3324 1976 ἀναχεομένην,
3358 1895 3494 1952 ἀλλὰ
3550 1896 3667 1952 καθ’
3700 1895 3901 1968 ὁμοιό-

515 2005 543 2036 ¢
582 1991 875 2055 plasterea
906 1999 1016 2043 nec
1063 2001 1096 2042 a
1129 1981 1272 2055 Deo,
1306 1981 1364 2042 in
1418 2001 1534 2062 quo
1579 1993 1692 2064 est,
1728 1983 1955 2055 divelli,
1994 2002 2152 2047 neca

2251 2009 2276 2044 α
2321 2007 2457 2052 τητα
2523 1995 2614 2045 τοῦ
2667 1984 2826 2063 λόγου
2885 1983 3002 2042 καθ’
3075 1985 3390 2041 ὑπόστασιον
3449 1984 3629 2058 οὖσαν,
3694 1988 3900 2062 ζῶσαν,

515 2094 541 2125 α
578 2068 793 2145 Verbo,
821 2071 989 2150 cuius
1007 2089 1208 2132 comes
1239 2078 1351 2150 est,
1387 2070 1651 2150 disjungi
1682 2080 1883 2153 queat,
1923 2092 2034 2135 nec
2065 2074 2164 2136 de-

517 2183 538 2214 ι
582 2158 761 2240 nique
819 2161 900 2220 ita
951 2159 1271 2247 dilabatur,
1323 2166 1387 2219 ut
1438 2160 1681 2220 omnino
1731 2179 1863 2247 esse
1893 2161 2148 2238 desinat,

518 2268 545 2306 ι
576 2265 780 2310 verum
820 2265 990 2328 aeque
1032 2266 1100 2308 ac
1131 2246 1395 2309 Verbum
1434 2247 1699 2328 exsistat,
1760 2246 1937 2330 vivat,
1989 2251 2149 2325 velit,

2254 2092 2283 2132 (
2351 2074 2744 2152 προαιρετικὴν,
2822 2073 3183 2147 αὖτοκίνητον,
3258 2072 3489 2150 ἐνεργόν,
3549 2073 3774 2127 πάντοτε
3834 2071 3900 2126 τὰ

2243 2180 2266 2211 ε
2302 2165 2494 2239 αγαθὸν
2537 2161 2811 2236 θέλουσαν,
2871 2163 2960 2218 καὶ
3003 2163 3134 2240 πρὸς
3193 2167 3365 2217 πᾶσαν
3423 2159 3638 2226 θέλησιν
3681 2157 3898 2236 σύνδρο-

2243 2278 2266 2308 ι
2312 2273 2410 2326 μον
2455 2249 2683 2330 ἔχουσαν
2725 2257 2793 2326 τῇ
2837 2249 3085 2327 βουλήσει
3142 2251 3242 2316 τῆν
3297 2247 3545 2324 δύναμιν,
3609 2250 3749 2324 μήτε
3791 2249 3896 2327 ἆρ-

516 2357 541 2394 α
580 2348 787 2418 suapte
843 2335 899 2396 vi
929 2345 1255 2410 moveatur,
1307 2346 1615 2417 operetur,
1665 2336 1884 2399 bonum
1917 2358 2152 2418 semper

2241 2365 2269 2397 ι
2315 2345 2426 2422 χήν
2470 2342 2720 2422 ἔχουσαν,
2797 2344 2933 2418 μήτε
2988 2341 3162 2413 τέλος,
3229 2343 3286 2398 0'5
3344 2343 3444 2420 γὰρ
3488 2339 3696 2398 ἑνέλιπέ
3753 2363 3892 2398 ποτε

513 2449 541 2481 «ι
574 2425 738 2506 velit,
771 2434 945 2506 atque
974 2426 1046 2486 ad
1092 2425 1152 2488 id
1189 2443 1366 2487 omne
1384 2426 1537 2505 quod
1573 2428 1880 2506 proposuit
1907 2428 2152 2508 conjun-

2247 2455 2273 2488 α
2320 2438 2396 2506 τῷ
2422 2435 2583 2513 Πατρὶ
2611 2431 2793 2511 λόγος,
2840 2431 2954 2490 οὕτε
2996 2439 3074 2506 τῷ
3113 2431 3256 2510 λόγῳ
3299 2435 3531 2507 πνεῦμα.
3592 2430 3744 2489 Οὕτω
3798 2429 3890 2488 διὰ

518 2539 541 2570 ει
575 2523 726 2576 ctam
751 2534 884 2576 cum
908 2513 1206 2576 voluntate
1236 2513 1560 2593 potentiam
1597 2514 2029 2596 habeat,eaque
2057 2536 2152 2578 na-

2246 2542 2275 2576 α
2320 2522 2414 2596 μὲν
2470 2526 2566 2588 τῆς
2629 2523 2766 2578 κατα
2824 2521 2973 2601 φύσιν
3029 2520 3278 2587 ἐνότητος
3335 2522 3370 2588 ἡ
3457 2519 3710 2585 πολύθεος
3776 2525 3890 2576 τῶν

518 2625 540 2658 ε
586 2611 717 2664 tura
745 2603 841 2675 sit,
881 2612 944 2664 ut
978 2621 1087 2664 nec
1128 2601 1486 2683 principium
1520 2603 1811 2669 habuerit.
1847 2623 1958 2667 nec
1981 2606 2152 2667 linem

2245 2631 2270 2664 α
2309 2606 2577 2680 Ἐλλήνων
2606 2608 2959 2688 ἐξαφανίζεται
3016 2608 3220 2688 πλάνη,
3271 2605 3356 2664 διὰ
3385 2606 3438 2664 δὲ
3489 2613 3585 2676 τῆς
3636 2615 3730 2664 τοῦ
3784 2607 3891 2666 λό-

516 2715 537 2748 0
578 2690 852 2753 habitura
881 2692 978 2752 sit.
1006 2691 1210 2772 Neque
1231 2691 1389 2753 enim
1419 2692 1573 2754 Patri
1605 2690 1868 2755 Verbum
1897 2713 2151 2776 unquam

2241 2724 2267 2760 ι
2315 2721 2410 2775 γου
2439 2697 2751 2778 παραδοχῆς
2807 2699 2896 2754 καὶ
2937 2703 3028 2754 τοῦ
3086 2699 3388 2773 Πνεῦματος
3447 2703 3552 2754 τῶν
3623 2694 3890 2754 ἰοδδαίων

519 2805 544 2834 ιι
583 2778 790 2853 defuit,
827 2799 938 2842 nec
967 2778 1163 2842 Verbo
1197 2779 1479 2861 Spiritus.
1518 2779 1602 2842 Ita
1632 2799 1738 2860 per
1764 2789 1989 2844 natura:
2019 2786 2152 2846 uni-

2245 2810 2274 2843 α
2318 2791 2645 2864 καθαιρετται
2711 2789 2772 2844 1‘0
2827 2785 2999 2865 δόγμα
3055 2785 3304 2866 ἕκατέρας
3355 2807 3414 2840 τε
3474 2785 3719 2864 αἱρέσεως
3770 2807 3888 2841 πα-

519 2892 540 2924 ι
582 2875 761 2930 tatem
786 2867 1107 2932 Gentilium
1139 2869 1356 2930 multos
1393 2869 1538 2931 deos
1567 2871 1958 2932 asserentium
1993 2891 2152 2935 error

2248 2899 2275 2931 α
2309 2877 2522 2956 ραμένει
2551 2879 2614 2932 τὸ
2643 2879 2936 2956 χρήσιμον.

519 2988 537 3014 .
575 2957 954 3038 extinguitur,
983 2975 1053 3018 ac
1081 2976 1286 3019 rursus
1314 2975 1418 3039 per
1447 2957 1628 3020 Verbi
1656 2967 1715 3020 et
1739 2956 1994 3039 Spiritus
2040 2962 2455 3028 remissionem
2485 2964 2823 3027 Judaeorum
2854 2963 3067 3043 dogma
3122 2962 3428 3040 evertitur,
3488 2970 3882 3043 remanctque

517 3069 536 3098 ι
583 3045 641 3108 id
672 3045 827 3127 quod
861 3045 921 3107 in
953 3054 1200 3127 utraque
1231 3055 1392 3108 secta
1411 3045 1709 3108 commodi
1739 3045 1914 3111 inest.
1965 3069 1985 3098 ι

1070 3135 1569 3198 Animadversio.

2891 3142 3224 3204 Ἐπιστασία.

595 3257 615 3286 ι
642 3227 792 3292 Nota
821 3229 980 3292 hunc
1011 3245 1248 3310 quoque
1293 3237 1586 3310 sanctum,
1638 3229 2152 3294 accuratissimum

2325 3261 2347 3291 σ
2378 3235 2684 3311 Σημείωσαι
2739 3241 2850 3301 πῶς
2906 3237 2992 3292 καὶ
3037 3237 3192 3299 οὗτος
3249 3238 3276 3293 ὁ
3333 3234 3450 3292 λίαν
3508 3233 3881 3306 ἀκριϐέστατος

514 3345 539 3379 ι
575 3319 913 3398 dogmatum
973 3328 1356 3400 assertorem,
1414 3319 1794 3381 concorditer
1832 3339 1966 3382 cum
2022 3322 2152 3386 aliis

2243 3347 2270 3378 α
2302 3322 2658 3402 δογματιστῆς
2716 3324 2887 3402 ἅγιος,
2935 3330 3228 3403 συμφῶνως
3277 3337 3393 3388 τοῖς
3453 3322 3673 3386 λοιποῖς
3725 3323 3880 3387 θείοις

513 3427 536 3459 ι
571 3408 792 3470 sanctis
851 3408 1148 3482 Patribus,
1196 3406 1384 3469 Deum
1444 3425 1548 3488 pro
1599 3406 1770 3468 Patre
1826 3407 2151 3489 accepisse,

2244 3436 2267 3466 ι
2299 3413 2530 3490 Πατράσι
2587 3415 2648 3468 τὸ
2703 3419 2832 3469 Θεοῦ
2893 3413 2978 3469 ἐπὶ
3043 3422 3135 3471 τοῦ
3179 3405 3409 3488 ΑΠατρὸς
3465 3409 3876 3487 ἐπιλαμϐάνεται,

511 3517 535 3551 ¢
571 3514 706 3556 cum
733 3496 902 3571 dicit,
938 3497 1194 3576 Spiritus
1242 3495 1503 3572 Domini,
1539 3495 1858 3576 statimque
1912 3498 2152 3578 subdat,

2333 3503 2346 3522 ,
2409 3501 2422 3516 .
2660 3507 2681 3516 ..
2737 3503 2749 3520 .
2949 3511 2970 3520 -
3085 3524 3098 3534 _
3154 3502 3168 3522 π
3271 3502 3283 3514 .
3327 3502 3339 3519 ς
3676 3502 3690 3520 ς

2247 3519 2276 3559 (
2307 3522 2466 3558 ειπων
2554 3507 2763 3576 Πνευμα
2845 3509 2995 3571 Θεου,
3087 3523 3172 3558 mu
3241 3505 3385 3564 ευθυς
3455 3501 3760 3580 ἐπιγαγων,
3818 3500 3882 3555 τὸ

513 3603 537 3636 α
574 3583 836 3648 Verbum
867 3585 1272 3648 comitantem.
1323 3583 1448 3646 Hoc
1477 3585 1618 3647 item
1645 3586 2020 3666 apertissime
2044 3587 2152 3650 de-

2243 3611 2271 3644 c
2305 3597 2778 3670 συμπαρομαρτοῦν
2847 3598 2923 3665 τῷ
2987 3589 3158 3668 λόγῳ.
3229 3597 3394 3648 Τοῦτο
3465 3589 3520 3645 δὲ
3578 3588 3880 3669 σαφέστατα

515 3701 537 3730 ι
573 3682 860 3736 monstrat
888 3674 1084 3735 verbis
1131 3672 1235 3734 fini
1293 3673 1546 3753 hujusce
1601 3675 1912 3754 pericopes
1959 3693 2152 3736 anne-

2241 3705 2263 3736 ι
2296 3677 2548 3760 δείκνυσι,
2581 3681 2669 3736 καὶ
2697 3678 2748 3744 ἐξ
2777 3682 2852 3735 ὧν
2881 3679 2934 3736 ἐν
2987 3688 3064 3755 τῷ
3091 3677 3230 3736 τέλει
3277 3684 3377 3746 τῆς
3420 3684 3714 3759 περικοπῆς
3742 3678 3875 3734 ταύ-

509 3787 534 3821 ι
568 3761 658 3824 xis
688 3762 830 3823 dum
861 3771 1027 3825 vocat
1075 3761 1362 3842 Spiritum
1395 3761 1777 3824 essentialem
1803 3763 2147 3842 potentiam.

2239 3791 2267 3824 α
2311 3791 2410 3836 της
2481 3767 2740 3844 διέξεισιν,
2791 3767 3014 3836 οῦσιώδη
3073 3768 3244 3847 λόγων
3295 3771 3355 3826 τὸ
3405 3775 3617 3844 Πτεῦμα
3659 3767 3876 3842 δύναμιν

513 3871 536 3901 ι
574 3869 641 3912 ex
674 3852 845 3913 Patre
877 3850 1325 3932 procedentem,
1362 3858 1420 3911 et
1444 3850 1504 3911 in
1535 3849 1683 3912 Filio
1714 3850 2144 3931 quiescentem,

2239 3879 2262 3912 α
2309 3856 2370 3914 ἐκ
2397 3865 2489 3916 τοῦ
2539 3859 2740 3937 [ἰατρὸς
2786 3857 3205 3934 ἐκπορευομένην
3263 3859 3351 3914 καὶ
3411 3858 3466 3914 ἐν
3523 3860 3630 3930 ι’ἱῷ
3659 3856 3870 3912 ἀναπα-

515 3969 537 3999 σ
571 3940 787 4020 quibus
839 3949 899 4004 et
948 3948 1148 4001 nostra
1203 3947 1377 4002 antea
1435 3939 1699 4020 exposita
1727 3939 2145 4023 consideratio,

2237 3970 2264 4001 ι
2298 3947 2546 4022 νομένην,
2593 3944 2682 4027 ἀφ’
2734 3949 2807 4002 ὧν
2855 3950 2944 4004 καὶ
2987 3950 3014 4004 ὁ
3057 3947 3172 4025 περὶ
3215 3956 3307 4006 τοῦ
3362 3945 3414 4012 ἑξ
3467 3946 3629 4014 αὐτῆς
3692 3947 3779 4002 καὶ
3821 3944 3875 4000 ἐν

511 4057 535 4089 ε
572 4046 788 4110 nempe
817 4046 884 4091 ex
935 4028 1085 4110 ipsa,
1121 4035 1179 4090 et
1230 4028 1290 4088 in
1336 4027 1492 4109 ipsa,
1525 4027 1610 4090 uti
1643 4046 1803 4106 reor,
1837 4028 2146 4091 constabi-

2237 4061 2259 4090 ι
2289 4037 2422 4112 αὐτῇ
2490 4036 2806 4116 προγραφεὶς
2881 4035 3138 4115 ἡμέτερος
3194 4034 3470 4114 λογισμὸς,
3560 4037 3633 4100 ὡς
3691 4037 3870 4110 οἶμαι,

517 4137 539 4167 ι
572 4117 735 4178 litur.
770 4136 795 4170 ι

2237 4145 2256 4176 ι
2304 4123 2712 4204 ἑπιστηρίζεται.
2747 4147 2774 4178 ιι

1147 4211 1300 4292 Itcfu
1310 4216 1482 4276 latio.
2862 4215 3212 4296 Ἀντίῤῥησις,

591 4307 798 4370 Nostra
815 4327 1052 4390 quoque
1077 4307 1471 4370 consideratio
1495 4306 2150 4392 constabilitur,nempe

2312 4305 2732 4389 Ἐπιστηρίζεται
2781 4307 2834 4366 δὲ
2866 4311 2952 4366 καὶ
3009 4313 3037 4367 ὁ
3087 4309 3343 4390 ἡμέτερος
3388 4309 3670 4389 λογισμὸς,
3756 4312 3874 4386 περὶ

507 4397 790 4479 Spiritum
824 4416 931 4480 per
963 4397 1172 4461 Filium
1203 4415 1274 4460 ex
1323 4397 1500 4459 Patre
1545 4415 1701 4471 esse,
1745 4416 1879 4459 cum
1911 4409 2151 4463 sanctus

2237 4406 2323 4456 τοῦ
2365 4398 2508 4454 εἶναι
2577 4400 2640 4455 τὸ
2693 4404 2905 4473 Πνεῦμα
2947 4397 3012 4454 δι’
3071 4402 3192 4456 Υἱοῦ
3262 4398 3322 4455 ἐκ
3364 4399 3568 4478 Πατρὸς
3625 4397 3730 4453 ἀπὸ
3780 4405 3871 4454 τοῦ

508 4485 778 4548 enuntiet
812 4506 826 4547 :
865 4509 888 4542 ι
921 4489 1078 4551 Suus
1093 4505 1326 4568 quoque
1343 4483 1601 4566 Spiritus
1634 4486 1833 4548 Verbo
1863 4487 1940 4550 sit
1966 4506 2147 4569 opor-

2237 4483 2405 4563 λέγειν
2447 4488 2536 4543 τὸν
2589 4487 2764 4565 ἅγιον,
2817 4508 2842 4544 tt
2884 4495 2977 4544 Δεῖ
3045 4485 3101 4544 δὲ
3153 4489 3245 4544 τὸν
3314 4486 3472 4566 λόγον
3515 4487 3602 4543 καὶ
3659 4491 3866 4561 Πνεῦμα

509 4583 592 4637 tet
625 4598 690 4638 τι
729 4594 1008 4650 necnon;
1067 4598 1089 4626 ι
1123 4575 1328 4656 Neque
1377 4575 1538 4636 enim
1575 4575 1736 4638 Patri
1766 4576 2009 4639 verbum
2039 4597 2151 4640 un-

509 4683 686 4744 quam
716 4665 1044 4748 deluit,nec
1072 4664 1270 4726 Verbo
1301 4663 1617 4745 Spiritus»
1652 4664 1788 4726 Haec
1818 4665 1956 4728 dum
1983 4685 2152 4729 asse-

509 4753 608 4829 rit,
655 4754 886 4816 videtur
931 4756 1090 4818 Patri
1143 4772 1252 4835 per
1298 4751 1558 4816 Verbum
1589 4753 1874 4833 Spiritum
1908 4757 2155 4836 conjun-

508 4860 672 4923 gere.
707 4842 820 4916 Qui
880 4861 1018 4906 vero
1074 4842 1233 4905 Patri
1263 4840 1546 4921 Spiritum
1580 4859 1686 4922 per
1713 4841 1972 4906 Verbum
2007 4863 2155 4906 con—

503 4931 723 5012 jungit,
767 4951 858 4994 nec
910 4933 1012 4995 ille
1065 4931 1358 4996 Stentoris
1399 4931 1588 4992 instar
1612 4931 1846 5013 clamat,
1881 4951 1948 4994 ex
1981 4933 2154 4997 Patre

509 5037 619 5099 per
639 5021 848 5084 Filium
871 5019 1154 5104 Spiritum
1176 5038 1330 5084 esse.
1359 5017 1510 5080 Illud
1532 5021 1707 5082 etiam
1725 5020 2149 5085 attendendum

510 5118 600 5172 est
627 5109 797 5187 illud,
817 5111 1280 5194 progrediatur,
1307 5109 1437 5171 loco
1463 5107 1644 5186 illius,
1675 5110 1984 5190 procedat,
2009 5130 2150 5193 sup-

509 5218 804 5281 posuisse.

505 5293 792 5372 Ejusdem
835 5313 912 5359 ea:
964 5294 1634 5439 capitibas'2hfologicis
1663 5297 1736 5361 de
1769 5303 1979 5362 sancta
2013 5296 2149 5360 Tri-

1213 5393 1284 5438 ἠτ
1315 5396 1350 5436 α
1379 5394 1434 5439 ε.

1213 5382 1434 5440 nitate.

587 5465 860 5532 CXXXV.
899 5491 922 5521 ι
953 5469 1140 5534 Filius
1188 5476 1386 5531 autem
1441 5476 1498 5532 et
1549 5471 1862 5534 character
1888 5477 2150 5553 paterna:

513 5580 537 5616 ι
572 5556 938 5636 substantiae,
968 5559 1106 5641 quia
1137 5557 1438 5640 perfectus
1485 5567 1575 5622 est
1617 5577 1872 5642 vereque
1900 5560 2147 5636 exsistit,

513 5672 540 5705 α
574 5653 750 5730 atque
798 5656 1046 5730 excepta
1092 5645 1342 5729 ingeniti
1393 5647 1756 5731 proprietate
1804 5665 1912 5731 per
1955 5649 2154 5712 omnia

2233 4573 2410 4654 ἔχετν,
2447 4597 2475 4630 »
2522 4577 2611 4632 καὶ
2654 4575 2728 4632 ἔτι
2772 4576 2876 4632 ἀπὸ
2919 4583 3012 4634 τοῦ
3067 4575 3265 4656 λέγειν.
3316 4599 3344 4632 ‹‹
3380 4579 3452 4634 Οῦ
3506 4577 3605 4654 γὰρ
3663 4573 3868 4631 ἐνέλιπέ

2233 4684 2360 4720 ποτε
2416 4671 2492 4739 τῷ
2534 4666 2697 4744 Πατρὶ
2758 4664 2936 4746 λόγος,
3007 4665 3122 4723 οὔτε
3203 4673 3280 4740 τῷ
3328 4665 3484 4743 Λόγῳ
3553 4671 3786 4738 Πνεῦμα.
3838 4687 3864 4722 ο

2233 4759 2406 4811 Ταῦτα
2434 4755 2532 4832 γὰρ
2575 4752 2772 4831 λέγων,
2815 4757 3049 4835 φαίνεται
3105 4761 3183 4828 τῷ
3239 4754 3401 4832 Πατρὶ
3453 4750 3537 4808 διὰ
3579 4759 3671 4809 τοῦ
3702 4753 3873 4830 Λόγου

2237 4843 2512 4903 συνάπτων
2540 4844 2601 4899 τὸ
2641 4833 2874 4918 Πνεῦμα.
2923 4833 2980 4902 Ὀ
3031 4841 3084 4900 δὲ
3140 4841 3224 4901 διὰ
3257 4844 3343 4900 to?)
3384 4841 3555 4920 Λόγου
3612 4848 3688 4917 τῷ
3715 4841 3877 4919 Πατρὶ

2237 4931 2510 4988 συνάπτων
2593 4932 2653 4988 τὸ
2712 4937 2946 5012 Πνεῦμα,
3034 4930 3272 5010 ἄντικρυς
3348 4932 3684 5010 Στεντόρειον
3743 4929 3865 5007 βοᾷ,

2232 5017 2293 5076 ἐκ
2319 5027 2410 5076 τοῦ
2452 5021 2654 5100 [ἰατρὸς
2684 5018 2768 5076 διὰ
2834 5025 2926 5078 τοῦ
2958 5023 3128 5099 Λόγου
3185 5021 3328 5077 εἶναι
3358 5019 3506 5082 αῦτό,
3568 5018 3873 5086 Σκοπητέον

2232 5107 2286 5164 δὲ
2328 5110 2416 5165 καὶ
2445 5107 2591 5173 ὅπως
2617 5111 2700 5186 τὸ,
2731 5109 3134 5191 προερχομένην
3165 5109 3277 5168 ἀντὶ
3304 5115 3418 5186 τοῦ,
3452 5107 3868 5189 ἐκπορευομένη-ι

2232 5199 2260 5254 ὁ
2290 5197 2442 5276 ἅγιος
2473 5200 2651 5262 εἶπεν,

2232 5296 2334 5348 Τοῦ
2361 5289 2518 5348 αδτοῦ
2545 5291 2605 5348 ἐκ
2633 5299 2724 5350 τοῦ
2770 5281 2830 5360 η’
2875 5293 2980 5350 τῶν
3035 5290 3357 5371 θεολογικῶυ
3396 5289 3695 5372 κεφαλαίων
3751 5290 3868 5367 περὶ

2778 5386 2876 5460 τῆς
2905 5381 3054 5460 ἁγίας
3081 5379 3320 5461 Τριάδος.

2313 5492 2341 5526 α
2387 5464 2554 5535 ΡΛΕ’.
2587 5476 2705 5540 Υἱὸς
2736 5473 2791 5532 δὲ
2847 5476 2936 5532 καὶ
2978 5475 3254 5555 χαρακτὴρ
3296 5474 3395 5542 τῆς
3451 5479 3712 5554 πατρικῆς
3738 5473 3870 5530 ὕπο-

2235 5580 2260 5618 ι
2292 5566 2548 5642 στάσεως,
2579 5563 2664 5622 διὰ
2691 5565 2751 5622 τό
2793 5563 3017 5640 τέλειον,
3049 5565 3136 5620 καὶ
3192 5563 3543 5621 ἒνυπόστατον
3593 5563 3682 5620 καὶ
3737 5563 3872 5620 κατὰ

2239 5675 2264 5713 tt
2301 5655 2469 5716 πάντα
2511 5652 2695 5732 ὅμοιον
2724 5653 2863 5711 εἶναι
2894 5660 2972 5730 τῷ
2999 5654 3162 5732 Πατρὶ
3212 5653 3349 5722 πλὴν
3407 5659 3505 5722 τῆς
3537 5653 3870 5733 ἆγεννησὶας.
