4208 6296
339 309 463 373 585
1300 408 1303 409 ν
1369 318 1448 386 ΙΝ
1492 320 1886 386 CAMATEBI
1926 317 2678 387 ANIMADVERSIONES.
3587 331 3708 396 586

348 464 379 496 α
414 445 711 536 Μονογενὴς
736 445 814 525 δὲ,
846 447 925 504 ὅτι
967 451 1126 523 μόνος
1157 451 1219 509 ἐκ
1253 454 1416 527 μόνου
1446 465 1535 516 τοῦ
1576 457 1779 534 Πατρὸς
1810 454 1947 529 μόνω

2033 474 2096 509 ιι
2130 446 2358 512 Patrem
2391 452 2592 522 refert,
2621 460 2796 533 atque
2835 455 3136 536 exprimit.
3170 455 3518 536 Unigenitus
3565 461 3708 522 item

345 555 371 589 α
409 535 685 612 ἐγεννήθη.
741 544 812 599 Οὐ
879 542 979 620 γὰρ
1035 545 1307 601 ὁμοιοῦται
1394 548 1542 627 ἑτέρα
1611 549 1852 626 γέννησις
1921 569 1947 601 τ

2078 563 2102 596 ι
2135 539 2272 618 quia
2297 539 2458 600 solus
2476 559 2543 602 ex
2577 542 2702 602 solo
2733 535 3220 622 Patresingulari
3270 535 3445 608 modo
3474 549 3708 626 genitus

345 640 378 678 ε
412 633 502 682 τοῦ
536 629 652 682 1⁸ἱοῦ
701 635 794 685 τοῦ
834 637 964 686 Θεοῦ
1019 634 1279 709 γεννήσει.
1316 633 1443 693 Οὐδὲ
1485 638 1584 715 γὰρ
1633 637 1772 693 ἐστιν
1829 632 1947 690 ἄλλ(

2079 649 2100 677 ι
2132 629 2481 717 εδιηΝείιυε
2532 631 2690 690 enim
2743 631 2862 691 ulla
2907 631 3020 692 alia
3058 635 3365 710 generatio
3424 646 3535 716 est,
3576 655 3708 717 quae

343 733 375 764 α
410 713 528 775 Υἱὸς
557 721 648 772 τοῦ
688 723 839 775 Θεοῦ.
887 720 945 775 Εἰ
1000 722 1098 798 γὰρ
1125 722 1214 777 καὶ
1271 723 1332 778 τὸ
1377 712 1585 800 Πνεὺμα
1626 727 1688 781 16
1747 721 1947 800 ἅγιονέ

2073 742 2096 772 ι
2131 712 2263 804 Filii
2294 717 2395 776 De:
2420 717 2782 794 generationi
2811 721 3140 798 comparari
3187 727 3393 800 possit,
3429 712 3703 804 quando-

342 821 372 854 α
405 811 498 858 τοῦ
555 807 759 880 Πατρὸς
817 806 1177 890 ἐκπορεύεται,
1225 809 1344 866 ἄλλ’
1413 813 1472 869 0'3
1525 818 1814 890 γεννητῶς,
1864 810 1947 866 ἀλῖ

2071 827 2094 857 α
2129 801 2367 880 quidem
2403 823 2506 865 nec
2537 805 2686 865 alius
2707 825 2942 886 quoque
2982 808 3164 869 Filius
3198 810 3300 871 Dei
3333 819 3422 871 est
3449 801 3702 885 'Quam-

342 910 369 942 σ
434 891 784 966 ἐκπορευτῶς.
863 885 1071 960 ΗΑλλος
1131 898 1325 976 τρόπος
1423 885 1706 978 ὑπάρξεως.
1799 903 1947 962 οὗτος

2068 911 2090 941 ι
2122 891 2206 950 vis
2237 893 2393 952 enim
2421 892 2674 972 Spiritus
2705 885 2940 974 quoque
2971 907 3206 957 sanctus
3238 916 3306 958 ex
3357 903 3525 962 Patre
3557 920 3700 980 pro-

339 999 370 1030 α
406 976 644 1044 ἄληπτός
695 1003 752 1037 τε
802 984 890 1039 καὶ
929 983 1225 1062 ἄγνωστος,
1269 986 1448 1066 ὥσπερ
1476 976 1563 1045 καὶ
1619 992 1652 1057 ἡ
1710 995 1801 1045 τοῦ
1858 992 1945 1044 Υἱο

2061 1001 2085 1033 α
2119 978 2316 1058 dierit,
2353 999 2468 1040 non
2503 990 2698 1042 tamen
2719 983 3142 1060 generationis,
3170 987 3272 1045 sed
3299 976 3705 1066 processionis

337 1088 369 1120 σ
416 1066 681 1144 γέννησις.
734 1095 756 1124 ο

2065 1093 2087 1122 σ
2122 1067 2295 1127 modo
2329 1069 2544 1147 proditt
2576 1070 2742 1131 Alius
2771 1081 2962 1131 autem
2989 1073 3086 1132 hic
3117 1072 3474 1137 exsistentiie
3491 1079 3701 1141 modus

2063 1181 2086 1210 ι
2119 1154 2745 1235 incomprehensibilis
2772 1166 2934 1228 item,
2968 1160 3385 1238 etincognitus
3413 1165 3698 1244 quemad-

2055 1268 2082 1300 ι
2118 1243 2356 1304 modum
2380 1255 2437 1306 et
2468 1246 2601 1307 Filii
2630 1246 2957 1325 generatio.

990 1343 1325 1408 Ἐπιστασία.

2632 1336 3117 1412 Animadversio,

422 1455 449 1485 «
513 1430 828 1500 Ἐπίστησον
882 1435 1135 1514 ἀκριϐῶς,
1193 1443 1309 1502 πῶς
1369 1439 1468 1506 τὴν
1521 1442 1582 1495 ὲκ
1633 1447 1727 1498 τοῦ
1770 1443 1947 1517 Πατρὸι

2115 1455 2158 1517 _-
2189 1425 2444 1488 Attende
2470 1427 2786 1507 diligenter
2813 1439 3085 1490 sanctum
3142 1434 3586 1510 processionem
3620 1453 3696 1496 ex

332 1542 364 1574 α
400 1518 702 1598 ἐκπόρευσιν
747 1533 838 1584 τοῦ
892 1525 1215 1599 Πνεύματος,
1275 1529 1469 1602 τρόπον
1523 1529 1786 1604 ὑπάρξεως
1843 1530 1947 1585 ὀνο-

2058 1543 2081 1572 ε
2112 1511 2284 1574 Patre
2313 1517 2567 1595 Spiritus
2617 1518 2972 1579 exsistentiaa
3024 1519 3264 1579 modum
3323 1540 3691 1602 nuncupare.

664 1609 688 1628 η
874 1603 888 1624 ι
1071 1623 1078 1630 .
1309 1600 1316 1602 ⁷
1631 1600 1722 1634 ’.-

334 1627 361 1662 ι
399 1609 549 1681 μάζει
594 1612 621 1664 6
652 1632 823 1687 αγιος,
891 1622 931 1669 0
987 1636 1111 1690 γο-δν
1183 1615 1270 1672 καὶ
1326 1615 1386 1671 ἐκ
1438 1623 1532 1673 τοῦ
1607 1625 1725 1674 Υιου
1778 1619 1944 1684 ταύτη

2061 1627 2084 1659 ι
2116 1600 2226 1672 Qui
2257 1603 2451 1683 itaque
2481 1623 2610 1666 eam
2637 1625 2704 1666 ex
2736 1606 2883 1667 Filio
2909 1606 3105 1681 tradit,
3137 1618 3318 1688 errat,
3342 1609 3488 1670 duas
3530 1600 3694 1690 ejus-

332 1718 363 1750 α
396 1693 567 1774 λέγων
639 1698 884 1780 σφάλλει,
932 1697 1022 1758 δύο
1062 1703 1257 1769 ταύτης
1315 1704 1540 1782 εἰσάγων
1595 1704 1947 1784 ἀναντιρρήταη

2058 1715 2081 1748 ι
2118 1692 2253 1751 dem
2310 1691 2533 1773 absque
2585 1694 2703 1756 ulla
2751 1695 3121 1756 haesitatione
3169 1714 3377 1759 causas
3428 1699 3690 1764 introdu-

331 1801 365 1842 ε
396 1786 584 1849 αἰτίας.
624 1804 654 1845 )
1813 1783 1817 1784 7

2057 1804 2078 1836 ι
2111 1795 2278 1841 cens.
2315 1807 2338 1838 Ι

968 1879 1320 1961 Ἀντίῤῥησις.

405 1971 476 2025 ’Ὢ
508 1977 623 2035 πῶς
692 1971 1127 2050 ἐθελογνωμονῶν
1181 1977 1278 2034 οὒκ
1325 1976 1442 2043 ἄξια
1493 1983 1592 2046 τῆς
1636 1982 1817 2060 σοφίας
1875 2003 1968 2038 σου

322 2059 548 2138 φθέγγῃ.
614 2061 672 2117 Εἰ
743 2063 842 2139 γὰρ
900 2063 976 2130 μὴ
1040 2063 1182 2123 τοῦτ’
1239 2065 1327 2135 ἧν,
1386 2067 1513 2122 πότε
1571 2067 1631 2122 ἄν
1681 2059 1768 2126 δύο
1817 2068 1965 2126 αἶ’τια

320 2149 547 2224 εἰρήκεις
594 2149 686 2204 106
742 2150 1044 2222 Πνεύματος
1104 2154 1195 2208 τὸν
1275 2155 1482 2233 Πιτέρα
1536 2156 1623 2213 κάὶ
1664 2158 1756 2212 16v
1818 2159 1958 2228 Υἱὸν,

318 2232 404 2291 διὰ
462 2238 522 2291 16
582 2231 692 2304 ’τὴν
782 2237 1084 2317 ἐκπόρευσιν
1168 2243 1360 2317 τρόπον
1420 2231 1714 2321 ὑπάρξεως
1793 2246 1958 2325 εἶναι,

317 2321 589 2394 ἀναϐλύζει
619 2327 679 2381 16
731 2333 938 2399 Πνεῦμα
985 2326 1044 2383 ἐκ
1093 2330 1290 2406 Πατρὸς
1347 2332 1433 2386 καὶ
1493 2333 1633 2405 ι’ὶοῦ,
1696 2321 1963 2392 τουτέστιν

317 2410 546 2490 ὑπάρχει
599 2421 828 2488 φυσικῶς
900 2435 956 2470 τε
1022 2418 1107 2472 καὶ
1175 2415 1458 2482 οὑσιωδῶς.
1553 2426 1842 2499 Προχῖτται
1899 2424 1960 2478 τὸ

318 2503 530 2572 Πνευμα
586 2500 645 2556 ἐκ
700 2504 901 2568 Πκτρὸς
984 2505 1072 2558 καὶ
1149 2507 1290 2577 Υἱοῠ,
1391 2507 1656 2563 τουτέστιν
1736 2510 1963 2589 ὑπάρχει

322 2590 553 2665 φυσικῶς
607 2609 664 2644 τε
717 2592 805 2645 καὶ
861 2589 1150 2655 οὑσιωδῶς.
1221 2595 1452 2671 Πηγάζει
1509 2597 1571 2652 16
1628 2602 1837 2671 Πνεῦμα
1905 2598 1965 2655 ἐκ

316 2679 522 2753 Πάτρὸς
598 2681 684 2736 καὶ
739 2682 884 2754 Υἱοῦ,
963 2682 1232 2739 τουτέστιν
1299 2685 1524 2764 ὑπάρχει
1604 2695 1832 2766 φυσικῶς
1905 2711 1962 2746 τε

313 2767 402 2820 καὶ
455 2765 742 2840 οὑσιωδῶς,
799 2771 883 2825 καὶ
941 2776 1047 2826 τῶν
1097 2769 1287 2836 λέξεων
1340 2773 1560 2830 ἀπασῶν
1611 2775 1808 2831 τούτων
1863 2779 1958 2842 τήν

313 2855 539 2932 φυσικὴν
593 2857 680 2912 καὶ
726 2856 952 2923 οὑσιιίῶη
984 2861 1007 2922 ξ’
1036 2858 1250 2937 ὕπαρξιν
1315 2858 1608 2938 δηλουσῶν,
1675 2861 1760 2918 δύο
1807 2864 1957 2921 αἶ’τια

2704 1876 3036 1952 Refutatio.

2128 1961 2278 2023 Dum
2329 1965 2582 2044 propriae
2636 1966 2948 2027 sententia;
2995 1964 3288 2028 obstinate
3342 1967 3640 2031 incumbis
3669 2020 3685 2051 ,

2049 2053 2311 2130 profecto
2346 2064 2440 2114 tua
2469 2054 2762 2135 sapientia
2792 2055 2968 2133 digna
2997 2075 3112 2115 non
3143 2056 3430 2136 loqueris.
3463 2055 3525 2118 Id
3562 2067 3686 2120 ete-

2047 2140 2168 2198 nim
2203 2141 2250 2200 si
2283 2161 2399 2201 non
2434 2155 2610 2215 esset,
2636 2143 2785 2203 duas
2815 2144 3072 2223 Spiritus
3101 2162 3305 2204 causas
3358 2145 3590 2208 Patrem
3627 2156 3688 2208 et

2043 2225 2256 2289 Filium
2319 2249 2434 2290 nun
2490 2233 2869 2301 afiiruiasses,
2904 2235 3057 2310 quod
3117 2233 3419 2310 processio
3475 2235 3685 2297 modus

2045 2319 2403 2380 exsistentiaa
2432 2319 2809 2380 est.Scaturit
2831 2319 3084 2398 Spiritus
3101 2337 3168 2379 ex
3204 2322 3374 2380 Patre
3391 2332 3454 2380 et
3483 2321 3629 2382 Filio
3664 2343 3679 2382 :

2043 2416 2133 2466 est
2157 2426 2369 2484 nempe
2399 2410 2764 2476 naturaliter.
2800 2418 2856 2468 et
2877 2407 3296 2478 essentialiter.
3351 2409 3685 2472 Etfunditur

2046 2496 2298 2575 Spiritus
2321 2515 2386 2556 ex
2423 2501 2592 2559 l’atre
2617 2506 2674 2557 et
2706 2498 2850 2558 Filio
2885 2517 2900 2556 :
2930 2506 3018 2556 est
3068 2515 3280 2576 nempe
3339 2500 3687 2560 naturaliter

2045 2598 2104 2645 et
2136 2586 2754 2647 essentialiter.El'lluit
2782 2587 3039 2663 Spirbus
3069 2604 3136 2644 ex
3172 2588 3343 2646 Patre
3372 2596 3429 2645 et
3477 2585 3625 2648 Filio
3660 2605 3676 2650 :

2042 2684 2130 2734 est
2164 2693 2376 2754 nempe
2409 2679 2754 2735 naturaliter
2792 2683 2851 2734 et
2901 2673 3320 2734 esseiilialiier.
3380 2673 3683 2737 Dictiones

2042 2762 2134 2823 1133
2158 2783 2370 2826 omnes
2401 2780 2553 2824 natu:
2575 2765 2724 2823 alein
2757 2773 2814 2822 et
2843 2762 3220 2822 esseiitialein
3271 2764 3679 2824 exsistentiam

2043 2863 2268 2925 notant,
2313 2863 2370 2915 et
2419 2863 2610 2914 tamen
2653 2853 2784 2911 duae
2839 2851 3092 2929 Spiritus
3150 2853 3323 2912 Pater
3380 2862 3438 2911 et
3497 2853 3681 2913 Filius

311 2963 407 2996 τσυ
450 2943 749 3016 Πνεύμαιτος
794 2944 889 3000 οὑκ
919 2948 1046 3002 εἰσιν
1093 2948 1121 3003 ὀ
1171 2949 1354 3025 Πατὴρ
1404 2951 1490 3005 καὶ
1519 2953 1546 3006 6
1585 2952 1723 3013 Υἱὸς.
1757 2949 1947 3008 καὶδιᾶ

2037 2962 2225 3005 causa:
2257 2965 2371 3005 non
2402 2943 2929 3024 prmsuruuutunﬁi.
2957 2962 3094 3022 quia
3125 2943 3426 3022 proce~sio
3460 2948 3592 3005 mod
3607 2963 3677 3006 us

310 3029 370 3083 16
425 3030 524 3094 τὴν
579 3029 882 3109 ἐκπόρευσιν
943 3035 1136 3106 τρόπον
1190 3035 1479 3114 ὑπάρξεως,
1513 3039 1541 3093 6
1597 3037 1707 3093 ἐστι
1765 3036 1946 3115 διαφο-

2036 3033 2394 3094 exsistentize
2421 3031 2692 3112 est,quod
2729 3033 3165 3091 distinctionem
3199 3031 3559 3092 exsisteniiae
3591 3036 3682 3094 in-

309 3117 402 3195 ρὰν
459 3117 724 3205 ὑπάρξεως
793 3121 959 3193 εἶναι,
1035 3120 1284 3201 δυκρχίας
1369 3123 1665 3201 ἐγκλήματι
1726 3129 1942 3205 περιπί-

2033 3131 2158 3194 rert,
2194 3123 2444 3182 duorum
2507 3122 2671 3199 princ
2703 3122 2930 3199 piorum
2989 3120 3214 3180 crimen
3266 3120 3538 3191 incurrit,
3575 3121 3680 3201 qui

306 3225 424 3260 πτει
454 3207 482 3261 6
511 3203 682 3282 λέγων
710 3207 902 3273 ταύτην
956 3210 1042 3264 καὶ
1084 3208 1143 3264 ἐκ
1192 3217 1284 3266 106
1336 3211 1478 3282 Υἱοῠ,
1525 3213 1552 3266 6
1611 3216 1709 3277 τῆς
1771 3203 1942 3290 ὑπάρ-

2033 3229 2154 3271 eam
2185 3211 2361 3272 etiam
2388 3230 2458 3271 ex
2491 3209 2638 3270 Filio
2692 3207 2947 3269 asserit?
2995 3208 3374 3269 ExsiStentiai
3431 3215 3667 3286 modus,

305 3289 432 3356 ξεως
487 3295 704 3370 τρόπος,
761 3297 946 3350 τουτὸν
1017 3294 1063 3351 δ’
1105 3298 1273 3353 εἰπεῖν
1355 3295 1593 3377 διαφορὰ,
1670 3301 1810 3373 αὑτῷ
1868 3307 1944 3374 τῷ

2033 3299 2148 3360 sive
2177 3299 2522 3378 discrimen,
2553 3299 2711 3359 idem
2746 3300 2904 3357 enim
2938 3304 3047 3367 est,
3074 3297 3264 3375 ipsum
3300 3299 3541 3378 spiritus
3570 3318 3677 3359 no-

303 3387 392 3437 106
435 3383 756 3486 Hvstiunoc'
779 3381 996 3457 ὀνόματι
1037 3383 1334 3458 ἀκοὶουθεϊ,
1395 3389 1482 3442 iui
1512 3389 1540 3442 6
1570 3388 1730 3444 εἰπὼν
1775 3395 1938 3447 Πνεῦ·

435 3469 447 3486 .
531 3468 577 3486 οη
606 3471 650 3486 ,μ
799 3470 823 3486 ..
1077 3472 1087 3486 .
1339 3473 1363 3486 ..
1791 3478 1802 3486 .
1861 3477 1873 3486 .
1932 3475 1944 3486 .

2033 3407 2162 3448 men
2191 3388 2572 3468 subsequitur
2631 3388 2699 3448 Et
2731 3389 2827 3464 qui
2860 3387 3022 3457 divit,
3051 3383 3336 3464 Spiritum
3389 3388 3671 3447 exsilien-

303 3489 377 3542 μα
425 3468 750 3540 ἀναὸλὺζονῖ
793 3470 828 3538 ἢ
883 3472 1275 3552 προχεόμενον,
1333 3473 1370 3542 ἢ
1425 3475 1688 3554 πηγάζον,
1722 3478 1808 3532 καὶ
1851 3475 1944 3532 ἀπ’

2033 3487 2144 3538 tem
2177 3478 2895 3553 effusum,el'ﬂueiiteui,et
2926 3493 2993 3534 ex
3027 3476 3154 3554 ipso
3189 3478 3672 3556 noniiiie.quem-

302 3557 457 3614 αὑτοῦ
532 3566 624 3616 τοῦ
696 3560 951 3634 ὀνόματος
1026 3561 1204 3642 ὥσπερ
1255 3562 1361 3619 ἀπὸ
1427 3568 1526 3629 τῆς
1579 3567 1938 3640 ἓκπορεύσεως

299 3647 395 3712 τὴν
424 3648 553 3724 πρὸς
579 3651 669 3704 τὸν
735 3648 853 3704 Υἱόν
895 3647 1136 3728 διάφορον
1177 3653 1269 3707 106
1326 3653 1624 3727 Πνεύματος
1672 3651 1936 3723 ὶδήλωσεν

299 3737 530 3816 ὕπαρξιν,
564 3737 660 3795 κᾶν
693 3740 770 3815 μὴ
799 3747 868 3817 τῇ
921 3739 1006 3797 διὰ
1058 3741 1286 3821 χειλέων
1343 3743 1477 3810 λέξει
1533 3745 1630 3812 τὴν
1686 3746 1935 3813 τοιαύτην

299 3827 592 3906 προενέγκῃ
619 3826 889 3909 διαφορὰν,

898 3921 994 3980 Ἐκ
1020 3930 1111 3980 τοῦ
1157 3926 1335 3984 αὑτοῦ.

382 4033 411 4072 (
443 4003 610 4087 pag"
640 4015 808 4080 Μόνος
838 4016 937 4095 γὰρ
977 4019 1005 4072 6
1033 4019 1214 4096 Πκτὴρ
1243 4017 1531 4092 ἁγέννητος
1567 4039 1583 4057 ⁶
1644 4023 1703 4078 οὗ
1758 4020 1857 4099 γὰρ
1887 4020 1938 4087 ἐξ

299 4120 326 4159 α
373 4101 552 4178 ἐτέράς
584 4103 722 4159 ἐστὶν
764 4109 904 4179 αὐτῷ
931 4106 1268 4170 ὑποστάσεως
1297 4109 1359 4164 τὸ
1401 4109 1544 4165 εἶναι
1591 4125 1606 4142 ⁸
1639 4111 1725 4166 καὶ
1776 4115 1936 4184 μόνος

2025 3567 2343 3626 admodum
2399 3576 2456 3626 et
2513 3584 2636 3645 ipsa
2695 3565 3096 3643 processiune,
3131 3564 3528 3625 diversnatein
3575 3585 3670 3626 ex-

2020 3653 2330 3733 sisteiitiae,
2365 3673 2494 3734 qua)
2527 3663 2613 3714 est
2647 3653 2802 3712 inter
2850 3651 3065 3711 Filium
3101 3661 3157 3710 et
3190 3654 3380 3732 ipsum
3441 3673 3669 3716 conuo-

2018 3743 2184 3823 tavit.
2222 3749 2360 3804 licet
2387 3744 2650 3804 dictione
2684 3759 2786 3822 per
2832 3741 2988 3801 labia
3033 3741 3234 3821 elapsa
3257 3743 3514 3805 similem
3547 3744 3669 3806 dis-

2017 3831 2367 3904 tinctionem
2400 3852 2516 3893 non
2549 3833 2860 3912 exprimat.

2661 3928 2765 3989 Ea:
2793 3926 3023 3988 eadem.

2101 4014 2394 4078 CXXXVI.
2431 4045 2455 4077 (ι
2490 4017 2660 4079 Solus
2692 4017 2852 4077 enim
2887 4014 3376 4094 Pateringenitus
3405 4023 3518 4078 est:
3557 4035 3669 4078 nec

2023 4133 2048 4165 α
2080 4107 2238 4167 enim
2270 4107 2342 4166 ab
2373 4107 2557 4167 altera
2603 4104 2901 4185 liypostasi
2924 4123 3054 4164 esse
3089 4105 3469 4165 liabet.So|us
3489 4105 3664 4166 etiam

301 4210 329 4248 ι
359 4192 387 4246 6
428 4192 546 4252 Υἱὸς
578 4195 830 4268 γεννητὸς
879 4193 939 4250 ἐκ
994 4199 1092 4264 τῆς
1145 4204 1238 4253 τοὺ
1295 4199 1496 4275 Πατρὸς
1540 4199 1714 4262 οὐσίας
1770 4199 1936 4278 ἀνάρ-

2033 4219 2050 4251 ι
2086 4194 2267 4256 Filius
2296 4195 2552 4272 genitus.
2585 4194 2665 4256 Ex
2715 4193 2905 4256 Patris
2949 4192 3108 4253 enim
3153 4192 3484 4253 substantia
3529 4193 3664 4255 sine

297 4298 322 4332 ι
355 4284 466 4356 χῶς
500 4280 588 4335 καὶ
617 4279 856 4358 ἀγρόνως
916 4283 1226 4360 γεγέννηται
1262 4302 1276 4318 °
1324 4285 1412 4342 καὶ
1468 4286 1628 4361 μόνον
1690 4288 1750 4342 16
1791 4286 1942 4363 ἅγιον

2033 4305 2051 4336 π
2087 4285 2377 4364 principio
2411 4284 2552 4358 ullo,
2607 4304 2678 4346 ac
2739 4293 3004 4363 tempore
3044 4285 3275 4361 genitus
3325 4292 3435 4343 est.
3493 4283 3666 4344 Solus

298 4390 326 4421 ι
358 4374 570 4441 Πνεῦμα
598 4367 913 4448 ὲκπορευτὸν
969 4369 1030 4426 ὲκ
1080 4374 1178 4438 τῆς
1233 4373 1407 4438 οὐσίας
1462 4375 1556 4431 106
1611 4376 1838 4455 Πατρὸς,
1883 4377 1941 4433 οὐ

2033 4397 2050 4429 ι
2085 4372 2340 4452 denique
2398 4371 2654 4453 Spiritus
2706 4382 2946 4434 sanctus
2975 4389 3044 4430 ex
3082 4371 3273 4433 Patris
3329 4370 3662 4432 substantia

296 4479 325 4514 α
350 4457 696 4532 γεννώμενον,
742 4457 860 4514 ἀλλ’
893 4458 1334 4538 ἐκπορευόμενον.

947 4553 1282 4619 Ἐπιστκσία,

372 4665 398 4701 α
431 4649 616 4715 Τοῦτο,
646 4643 971 4725 σαφέστατον
1001 4645 1084 4724 ὅν,
1118 4647 1177 4705 οὗ
1205 4646 1379 4707 δεῖται
1426 4649 1567 4714 τινὸς
1596 4649 1929 4731 ὶπεργασίας,

297 4749 324 4783 ι
366 4730 440 4792 ὡς
483 4728 599 4787 οὑδὲ
627 4733 690 4788 16
717 4731 931 4812 ἐφεξῆς.

933 4825 1280 4908 Ἀντίῤῥησις.

372 4941 396 4972 ι
440 4915 681 4985 Ἀληθῶς
721 4922 757 4988 ἡ
801 4921 1023 4999 ῥηθεῖσι
1066 4923 1332 5000 περικοπὴ
1386 4925 1448 4980 ἔκ
1502 4925 1601 4991 τῆς
1636 4926 1812 4990 οὐσίας
1842 4929 1935 4983 106

291 5025 317 5058 σ
362 5008 565 5082 Πκτρὸς
595 5006 735 5086 λέγει
774 5011 838 5066 16
883 5013 1094 5085 Πνεῦμκ
1135 5012 1569 5092 ἐκπορευόμενον,
1627 5013 1711 5069 διὰ
1739 5017 1799 5071 16
1841 5015 1935 5075 τὸν

295 5110 318 5146 α
354 5093 560 5173 Πατέρα
586 5094 820 5177 ἄνιρχον
875 5101 963 5154 καὶ
1019 5103 1240 5178 πρώτην
1296 5101 1463 5157 αἰτίαν
1507 5102 1647 5158 εἶναι
1700 5104 1819 5160 Υἶοῦ
1873 5123 1931 5159 τε

289 5203 314 5240 ι
344 5181 432 5271 καὶ
464 5184 762 5260 Πνεύματος
811 5205 826 5221 ⁸
872 5189 901 5244 6
931 5186 986 5244 δὲ
1030 5186 1177 5255 αἰδὼς
1207 5192 1269 5246 16
1315 5197 1410 5246 106
1459 5192 1760 5266 Πνεύματος
1802 5195 1932 5271 πρὸς

293 5289 314 5322 ι
348 5269 438 5324 τὸν
469 5274 675 5350 Πατέρα
715 5276 804 5332 καὶ
849 5278 942 5333 τὸν
1004 5280 1124 5334 Υἱὸν
1182 5279 1412 5358 συμφυὲς
1470 5283 1548 5353 μὴ
1590 5278 1764 5343 ἄλλως
1794 5269 1932 5338 θέω-

292 5379 315 5412 ¢
370 5362 573 5434 ρετσθαι
628 5364 672 5418 εἰ
729 5365 808 5439 μὴ
881 5363 966 5422 διὰ
1020 5373 1112 5424 τοῦ
1181 5369 1296 5424 ι’ἱοῦ
1348 5367 1409 5424 ἐκ
1464 5370 1668 5448 Πκτρὸς
1738 5368 1830 5436 εἴη
1871 5371 1933 5427 τὸ

291 5469 320 5504 ι
350 5452 586 5539 Πνευμα,
648 5453 854 5522 ἐκεῖνος
882 5457 970 5513 καὶ
1025 5454 1078 5522 ιξ
1119 5456 1342 5539 ἀμφοτιν
1399 5457 1543 5516 εἶναι
1602 5460 1665 5516 16
1720 5464 1932 5536 Πνεῦμα

293 5555 319 5589 ι
347 5535 460 5618 ἆραι
493 5541 630 5599 πὰνυ
658 5562 740 5601 τοι
779 5542 1168 5623 ἆσγαλάστατα.

642 5712 906 5780 Ρλτιιοι.
952 5714 1066 5782 Gn.
1110 5715 1312 5781 CXLI.

2030 4486 2054 4517 σ
2086 4460 2480 4542 progreditur,
2513 4480 2628 4523 non
2660 4462 2897 4541 genitus
2926 4461 3027 4518 sed
3063 4459 3415 4538 procedens.
3449 4478 3472 4509 ι

2577 4553 2629 4614 Α
2644 4572 2674 4607 η
2687 4549 3069 4611 imudversio.

2097 4659 2125 4692 ι
2160 4636 2284 4699 Hoc
2305 4658 2441 4702 cum
2471 4639 2860 4701 clarissimum
2892 4637 2990 4710 sit,
3023 4634 3305 4698 exartiori
3337 4638 3655 4718 expositio-

2019 4755 2043 4786 ι
2076 4743 2153 4788 ne
2182 4745 2301 4788 non
2330 4727 2576 4806 indiget,
2606 4727 2686 4788 uti
2711 4737 2767 4789 et
2804 4726 2949 4786 illud
2979 4726 3139 4806 quod
3171 4725 3460 4806 sequitur.
3499 4751 3528 4784 ιο

2672 4814 3006 4894 llefulatt'o.

2094 4918 2251 4980 Vere
2273 4917 2430 4981 dicta
2461 4919 2738 5000 pericope
2769 4937 2837 4979 ex
2869 4913 3134 4977 essentia
3190 4915 3384 4978 Patris
3439 4919 3656 4981 asserit

2013 5005 2298 5088 Spiritum
2332 5010 2680 5087 procedere,
2707 5007 2860 5088 quod
2888 5007 3059 5067 Pater
3079 5003 3155 5066 sit
3185 5002 3315 5065 sine
3344 5004 3466 5068 ullo
3499 5007 3657 5086 prin-

2014 5096 2170 5175 cipio
2202 5112 2262 5160 et
2291 5097 2479 5177 prima
2508 5115 2684 5158 causa
2717 5091 3225 5172 Filii,etSpiritus.
3247 5093 3320 5153 At
3349 5093 3452 5173 qui
3483 5113 3658 5157 nove-

2013 5185 2089 5244 rit
2117 5184 2372 5265 Spiritus
2402 5195 2460 5246 et
2490 5185 2617 5246 Filii
2653 5204 2791 5264 erga
2823 5187 3059 5246 Patrem
3110 5190 3332 5243 natura
3376 5202 3651 5247 commu-

2014 5273 2276 5342 nionem.
2311 5275 2540 5354 concipi
2574 5294 2690 5335 non
2722 5291 2916 5354 posse,
2953 5270 3064 5331 nisi
3087 5289 3192 5347 per
3219 5270 3434 5332 Filium
3465 5271 3656 5353 Spiri-

2015 5371 2108 5423 tus
2140 5362 2214 5423 sit
2243 5383 2310 5425 ex
2338 5367 2529 5444 Patre,
2585 5382 2674 5426 nae
2712 5363 2812 5426 ille
2838 5381 2910 5424 ex
2935 5371 3183 5442 utroque
3212 5360 3497 5442 Spiritum
3528 5362 3659 5425 sine

2013 5454 2136 5518 ulla
2164 5455 2391 5518 erroris
2422 5465 2560 5520 nota
2588 5454 2973 5519 asseverabit.

3101 5711 3173 5776 19
