4208 6296
551 319 665 384 58¹ῐ
1633 320 1844 381 JOAN.
1893 319 2108 381 VECCI
2152 320 2193 380 Β

2311 318 2827 382 PATRIARCH/E
3799 317 3916 382 588

1187 453 1288 515 Ea:
1315 452 1520 514 eadem
2210 459 2252 506 Α

625 545 954 610 CXXXVII.
1023 544 1365 609 «Similiter
1420 543 1720 606 credimus
1778 553 1835 604 et
1891 545 1952 604 in
2012 562 2191 604 unum

2356 536 2521 607 PAZ',
2631 566 2652 601 α
2720 537 2944 616 Ὀμοίως
3002 547 3314 616 πιστεύομεν
3398 549 3469 608 εἰς
3567 544 3621 600 ἓν
3706 550 3920 618 Πνεῦμα

557 665 578 693 ε
610 635 895 715 Spiritum
943 643 1210 695 sanctum
1259 632 1598 705 Dominum,
1672 639 1732 693 et
1774 633 2186 701 viviﬁcantem.

2287 654 2304 687 ι
2353 633 2525 712 ἅγιον,
2559 636 2619 690 τὸ
2651 635 2858 713 Κύριον,
2893 636 2954 690 τὸ
3011 636 3296 712 ζωοποιὸν,
3326 636 3387 690 τὸ
3429 633 3490 689 ἐκ
3544 639 3635 688 τοῦ
3709 634 3918 708 Πατρός

551 753 577 788 ι
612 724 714 805 qui
737 741 807 786 ex
836 721 1010 785 Patre
1032 723 1314 802 procedit,
1349 731 1406 782 et
1434 721 1494 781 in
1527 719 1674 783 Filio
1705 722 2098 801 conquiescit;
2131 729 2190 782 et

2287 741 2301 777 l
2349 723 2785 800 ἓκπορευόμενον,
2846 726 2932 778 καὶ
2989 723 3044 778 ἐν
3108 727 3213 796 1ἱῷ
3260 723 3680 797 ἂναπαυόμενον,
3740 722 3802 775 τὸ
3842 721 3922 793 τῷ

553 844 579 873 ε
610 813 710 892 qui
738 831 872 874 cum
905 811 1074 873 Patre
1104 821 1163 874 et
1187 809 1337 872 Filio
1385 809 1562 870 simul
1609 809 1911 885 adoratur,
1948 823 2005 871 et
2036 828 2186 871 con-

2287 833 2306 864 κ
2339 812 2499 890 Πατρῖ
2549 813 2636 868 καὶ
2699 813 2802 885 1Ἴῴ
2859 812 3414 889 συμπροσκυνούμενον
3471 833 3528 867 τε
3584 811 3670 865 καὶ
3729 805 3919 864 συνδο-

2711 451 2808 508 Ἐκ
2835 460 2926 510 τοῦ
2974 455 3128 511 αύτοῦ
3155 452 3463 533 κεφαλαίου.

556 924 580 956 ι
615 899 997 979 gloriﬁcatur.
1042 929 1063 957 ι

1132 993 1613 1055 Animadversio.

635 1113 656 1144 ι
688 1085 953 1166 Accipito
981 1104 1050 1147 ex
1069 1086 1178 1147 hac
1207 1104 1442 1167 quoque
1472 1087 1752 1166 pericope
1782 1083 2189 1166 probationem

553 1198 579 1230 σ
610 1183 774 1238 recte
804 1193 912 1236 nos
937 1175 1450 1249 animadvertisse,
1485 1174 1824 1254 dixisseque
1855 1174 1928 1234 de
1959 1174 2086 1254 illo,
2118 1192 2187 1236 ex

551 1289 577 1323 ι
615 1263 745 1344 ipsa
765 1270 823 1324 et
841 1261 902 1322 in
929 1262 1078 1342 ipsa,
1101 1279 1470 1343 quaecunque
1499 1261 1973 1342 praenotavimus.
2002 1287 2024 1316 ι

1207 1439 1532 1515 Refutatio.

631 1529 787 1590 Satis
809 1543 947 1605 ergo
978 1535 1037 1586 et
1066 1523 1172 1586 tibi
1199 1525 1438 1606 foerint,
1472 1545 1576 1606 pro
1607 1525 2044 1608 oppugnatione
2072 1527 2188 1587 bu-

546 1618 717 1696 jusce
749 1623 866 1675 tua
909 1613 1438 1674 animadversionis
1468 1632 1647 1694 supra
1702 1633 1809 1695 per
1851 1632 1959 1674 nos
1989 1614 2186 1686 allata,

2282 919 2304 948 I
2337 896 2618 974 ξαζόμενον
2631 949 2641 960 ,
2686 927 2707 956 ι

2927 989 3259 1051 Ἐπιστασία.

2355 1104 2380 1138 ι
2421 1084 2592 1164 Δέχου
2620 1084 2722 1141 κάκ
2777 1089 2873 1153 της
2930 1086 3198 1164 παρούσης
3285 1090 3576 1166 περικοπῆς
3633 1083 3920 1162 μαρτυρίαν

2281 1192 2304 1224 ι
2335 1176 2452 1250 περὶ
2509 1180 2600 1230 τοῦ
2654 1172 2830 1239 καλῶς
2881 1176 3022 1248 ἡμᾶς
3081 1172 3359 1241 ἐπιστῆναι
3415 1175 3503 1230 καὶ
3559 1175 3728 1229 εἶπετν
3797 1173 3920 1248 περὶ

2278 1284 2306 1316 α
2350 1268 2441 1318 τοῦ
2482 1259 2535 1326 ἐξ
2564 1265 2726 1328 αὒτῆς
2779 1263 2866 1318 καὶ
2925 1262 2980 1316 ἑν
3036 1263 3192 1338 αὐτῇ,
3241 1262 3338 1318 ὅσα
3407 1261 3923 1339 προεπεσημειωσά-

2279 1369 2301 1400 ι
2335 1352 2487 1424 μεθα.

2927 1437 3275 1516 Ἀντίῤῥησις.

2353 1524 2587 1602 Ἀρκέσει
2618 1546 2698 1582 σοι
2759 1524 2944 1583 λοιπὸν
3009 1529 3081 1590 εἷς
3138 1526 3435 1605 ἀντίῤῥησιν
3487 1527 3584 1594 τῆς
3641 1527 3918 1597 παρούσης

2274 1618 2589 1692 περικοπῆς,
2649 1616 2737 1670 καὶ
2821 1613 2918 1670 ὅσα
2987 1616 3150 1689 ἡμεῖς
3207 1617 3634 1695 προειριιεκειμεν²
3704 1614 3757 1669 ἐν
3829 1615 3922 1677 οἷς

550 1713 612 1767 ει
637 1721 767 1786 qua
795 1702 1016 1774 deillo,
1043 1726 1069 1761 ‹
1104 1718 1176 1763 ex
1198 1700 1326 1781 ipsa
1351 1719 1376 1753 ι
1408 1710 1470 1765 ει
1497 1702 1558 1763 in
1583 1703 1735 1782 ipsa,
1774 1723 1796 1753 ο
1835 1704 2190 1781 ριίεηοιενί-

2287 1702 2759 1781 προεπεσημειώσω
2821 1704 2884 1758 τὰ
2973 1706 3088 1781 περῖ
3156 1711 3251 1761 τοῦ
3324 1703 3374 1767 ἐξ
3467 1705 3633 1768 etB-:71:
3705 1703 3791 1757 καὶ
3864 1701 3917 1756 ἐν

551 1811 706 1855 mus.

1191 1878 1297 1941 Ea:
1323 1879 1554 1942 eodem.

629 1965 980 2033 CXXXVIII.
1015 1991 1036 2020 ι
1071 1969 1187 2031 Per
1213 1969 1413 2030 omnia
1433 1968 1586 2030 Patri
1610 1987 1678 2031 ac
1704 1969 1850 2032 Filio
1882 1969 2193 2051 similis,ex

552 2082 579 2114 ι
614 2059 786 2122 Patre
806 2057 1158 2138 procedens,
1189 2075 1257 2119 ac
1286 2060 1402 2121 Per
1429 2057 1642 2120 Filium
1690 2059 1850 2119 omni
1910 2073 2195 2121 creatura:

553 2172 578 2207 ‹
611 2144 970 2228 impertitus,
1001 2154 1178 2226 atque
1208 2155 1664 2227 perceptus,per
1680 2165 1745 2209 se
1771 2147 1965 2228 ipsum
1994 2148 2195 2210 omnia

561 2265 584 2295 ι
616 2253 849 2298 creans.
891 2263 913 2292 ι

1151 2323 1640 2386 Animadversio.

642 2435 663 2462 ι
699 2411 965 2474 Audisne
997 2429 1066 2472 ex
1097 2413 1269 2474 Patre
1301 2409 1584 2489 Spiritum
1620 2411 2066 2491 procedontem,
2089 2430 2196 2492 per

558 2520 582 2552 ι
615 2499 830 2562 Filium
862 2517 999 2562 vero
1021 2498 1416 2580 impertitum,
1441 2507 1501 2561 et
1526 2502 2049 2577 communicatum,
2074 2520 2194 2562 non

565 2615 588 2645 ι
617 2606 756 2651 vero
788 2607 856 2650 ex
886 2607 957 2650 eo
988 2589 1432 2668 procedentem.
1471 2611 1493 2639 ι

1235 2677 1555 2752 Refutatio.

637 2768 863 2827 Verum
889 2774 948 2828 tu
981 2784 1215 2846 quoque
1246 2765 1481 2836 audisti,
1514 2764 1668 2846 quod
1703 2784 1810 2847 per
1832 2767 2046 2829 Filium
2078 2767 2195 2827 im-

559 2853 832 2934 pertitur.
871 2863 930 2914 et
959 2851 1452 2925 communicatur,
1487 2853 1571 2914 uti
1620 2872 1726 2935 per
1771 2853 1984 2916 Filium
2019 2855 2201 2916 exsisé

561 2952 714 3015 tens,
747 2941 1172 3003 communicari
1195 2951 1254 3003 et
1275 2941 1500 3022 percipi
1532 2959 1640 3021 per
1661 2947 1875 3023 ipsum.

1194 3033 1297 3096 Ex
1323 3035 1553 3097 eodem.

638 3121 928 3189 CXXXIX.
964 3142 988 3174 ι
1013 3123 1188 3185 Pater
1214 3121 1435 3202 quippe
1463 3141 1655 3184 causae
1709 3141 1920 3204 expers
1973 3133 2083 3186 est.
2119 3133 2201 3186 at-

562 3245 585 3278 ι
622 3233 737 3295 que
762 3211 1214 3290 ingenitus.Nec
1243 3211 1401 3272 enim
1462 3230 1528 3272 ex
1568 3231 1862 3292 quoquam
1905 3221 2038 3274 est:
2074 3232 2108 3275 a
2137 3232 2203 3275 se

566 3332 588 3362 ι
622 3303 752 3382 ipso
783 3299 942 3360 enim
973 3317 1106 3360 esse
1134 3299 1332 3361 habet:
1362 3317 1472 3361 nec
1493 3301 1814 3380 quidquam
1847 3319 2050 3362 eorum
2073 3319 2204 3380 qua;

569 3419 590 3449 ι
623 3390 824 3459 habet,
877 3387 951 3448 ab
1009 3387 1124 3448 alio
1176 3388 1349 3449 habet
1383 3407 1395 3451 :
1430 3391 1572 3468 quin
1625 3399 1818 3468 potius
1867 3391 1995 3469 ipse
2022 3392 2204 3451 rebus

567 3503 596 3536 α
629 3477 904 3539 omnibus
962 3476 1313 3556 principium
1371 3486 1482 3556 est,
1532 3497 1823 3558 causaque
1866 3487 1986 3538 tum
2045 3477 2203 3558 quod

571 3597 592 3626 ι
625 3566 766 3637 sint,
793 3576 914 3626 tum
937 3564 1093 3642 quod
1129 3565 1472 3626 naturaliter
1495 3577 1657 3627 certo
1700 3565 1874 3626 modo
1923 3565 2063 3626 sint.
2102 3565 2202 3627 Fi-

569 3654 738 3715 clius
792 3664 989 3714 autem
1041 3670 1110 3713 ex
1166 3656 1332 3714 l'atre
1388 3663 1500 3722 est.
1561 3655 1960 3732 generationis
2000 3653 2198 3713 modo.

571 3769 593 3800 α
629 3741 885 3824 Spiritus
932 3757 1069 3801 vero
1100 3749 1360 3822 sanctus,
1395 3752 1452 3802 ιιι
1500 3742 1632 3822 ipse
1679 3760 1914 3822 quoque
1940 3760 2007 3802 ex
2033 3744 2205 3804 Patre

570 3863 592 3891 ι
625 3840 736 3906 εει,
763 3847 881 3890 non
910 3837 1102 3890 tamen
1136 3827 1411 3908 gignendi
1446 3830 1646 3909 modo,
1676 3831 1780 3889 sed
1809 3829 2196 3909 procedendi.

570 3950 593 3980 ι
623 3921 700 3982 Et
725 3917 964 3998 quidem
987 3918 1454 3995 generationem,
1482 3928 1539 3978 et
1567 3919 2008 3997 processionem
2047 3918 2200 3979 inter

573 4039 594 4069 σ
631 4025 696 4068 se
720 4007 962 4067 diﬂ'erre
988 4014 1361 4086 compertum
1396 4007 1683 4067 habemus
1711 4025 1724 4068 ε
1749 4016 2028 4067 caeterum
2067 4007 2200 4086 quis

572 4127 595 4157 ι
628 4095 805 4174 hujus
833 4094 1186 4155 ditl‘erentiae
1212 4095 1424 4155 modus
1453 4095 1549 4172 sit,
1585 4113 1831 4176 prorsus
1861 4113 1977 4155 non
2035 4095 2199 4172 fugit.

569 4206 593 4238 ς
628 4181 816 4245 Simul
840 4200 1014 4262 porro
1046 4190 1106 4243 et
1141 4183 1274 4245 Filii
1303 4202 1372 4244 ex
1409 4186 1580 4245 Patre
1610 4182 2204 4263 generatio,etSpiri-

2276 1794 2410 1865 αὺτῇ

2876 1878 2971 1936 Ἐκ
2998 1887 3090 1936 τοῦ
3118 1880 3300 1942 αὖτοῦ.

2353 1965 2522 2027 ΡΑΗ’.
2563 1991 2586 2023 ι
2623 1966 2768 2024 Κατᾶ
2793 1969 2964 2023 πάντα
2991 1967 3176 2042 ὅμοιον
3218 1972 3295 2042 τῷ
3352 1970 3513 2046 Πατρὶ
3542 1970 3630 2025 καὶ
3671 1974 3748 2042 τῷ
3789 1970 3916 2044 ι’ἱῷ,

2281 2076 2310 2109 α
2341 2056 2402 2110 ἐκ
2439 2057 2531 2110 τοῦ
2559 2057 2762 2132 Πατρὸς
2793 2055 3226 2132 ἐκπορευόμενον,
3271 2058 3360 2114 καὶ
3426 2055 3494 2112 δι’
3575 2059 3695 2114 Υἱοῦ
3747 2076 3918 2130 μετα-

2283 2164 2304 2197 ι
2340 2141 2612 2218 διδόμενον
2670 2146 2758 2200 καὶ
2815 2143 3348 2220 μεταλαμϐανόμενον
3403 2147 3504 2201 ὑπὸ
3587 2145 3763 2210 πάσης
3820 2145 3917 2209 τῆς

2284 2257 2306 2286 ι
2338 2231 2576 2309 κτίσεως,
2623 2233 2710 2288 καὶ
2740 2230 2813 2288 δι’
2844 2233 3028 2289 ἑαυτοῦ
3069 2235 3240 2304 κτίζον
3269 2235 3334 2290 τΞι
3364 2235 3664 2308 σύμπαντα,

2944 2321 3277 2382 Ἐπιστασία.

2363 2430 2391 2461 α
2423 2409 2660 2473 Ἀκούεις
2688 2412 2750 2466 ἒκ
2789 2420 2882 2469 τοῦ
2934 2413 3137 2489 Πατρὸς
3193 2409 3604 2490 ἐκπορευόμενον
3659 2413 3720 2467 τὸ
3752 2417 3919 2466 Πνεῦ-

2282 2515 2306 2546 σ
2339 2518 2437 2576 μα,
2499 2495 2567 2552 δι’
2644 2500 2763 2554 Υίοῦ
2816 2496 2871 2555 δὲ
2928 2495 3465 2574 μεταλαμϐανόμενον
3509 2500 3596 2556 καὶ
3638 2497 3920 2575 μεταδιδό-

2284 2605 2311 2638 σ
2346 2605 2524 2659 μενον,
2558 2606 2622 2641 οκ
2651 2586 2759 2660 μὴν
2791 2585 2849 2642 ἐκ
2877 2592 3059 2643 τούτου
3090 2587 3525 2665 ἐκπορευόμενον.
3563 2611 3590 2642 ι

2917 2674 3270 2754 Ἀντίῤῥησις.

2362 2759 2512 2818 Ἀλλ’
2542 2762 2770 2830 ἤκουσας
2795 2764 2884 2819 καί
2938 2762 3017 2819 ὅτι
3071 2765 3132 2819 τὸ
3199 2761 3271 2819 δι’
3335 2766 3455 2820 1⁸ἱοῦ
3523 2761 3921 2838 μεταλαμϐανό-

2279 2871 2436 2925 μενον
2503 2851 2590 2907 καὶ
2665 2849 3094 2929 μεταδιδόμενον,
3179 2854 3253 2914 ὥς
3334 2849 3401 2906 δι’
3481 2854 3601 2908 Υἱοῦ
3676 2852 3918 2930 ὕπαρχον

2279 2937 2736 3014 μεταλαμϐάνεται
2765 2941 2852 2997 καὶ
2881 2937 3214 3014 μεταδίδοται
3244 2937 3311 2995 δι’
3343 2943 3523 3002 αὐτοῦ.

2881 3031 2977 3090 Ἐκ
3005 3039 3098 3089 τοῦ
3141 3036 3318 3094 αὐτοὺ.

2370 3151 2393 3180 ι
2425 3114 2595 3186 ΡΑΘ’.
2633 3114 2690 3183 Ὀ
2721 3126 2816 3200 μὲν
2846 3126 2945 3204 γὰρ
2976 3125 3158 3204 Πατὴρ
3187 3127 3440 3192 ’ἀναίτιος
3490 3127 3578 3181 καὶ
3606 3125 3920 3203 ἆγέννητος·

2386 3212 2405 3246 '9
2483 3215 2496 3230 \
2590 3213 2628 3245 κ,
2959 3213 2978 3249 ι’
2997 3213 3038 3232 '\\
3123 3214 3144 3252 ς
3363 3221 3386 3231 υ
3459 3215 3509 3250 ,ἱ
3779 3212 3822 3246 Μ.

2290 3222 2415 3270 «οδ
2442 3235 2541 3290 γαρ
2591 3235 2650 3268 εκ.
2704 3237 2866 3277 τινος.
2930 3233 3046 3270 οδοε
3094 3214 3146 3278 ἐ,
3202 3215 3390 3271 ἑαυτου
3471 3235 3520 3270 .0
3578 3214 3721 3269 εἶναι
3781 3235 3922 3293 εχει,

2292 3323 2318 3355 α
2363 3298 2529 3357 οὖδὲτι
2569 3307 2674 3356 τῶν
2705 3301 2802 3357 ὅσα
2855 3301 2992 3380 ἔχει,
3040 3303 3206 3364 Αὖτὸς
3235 3299 3290 3357 δὲ
3345 3300 3547 3376 μᾶλλόν
3609 3302 3747 3357 ἐστιν
3779 3303 3924 3380 ἁρχῆ

2293 3413 2320 3443 α
2351 3391 2437 3446 καὶ
2498 3390 2635 3445 αἰτία
2699 3397 2792 3446 τοῦ
2854 3391 3020 3468 εἶναι,
3079 3391 3165 3445 καὶ
3205 3390 3300 3446 τού
3347 3393 3460 3454 πῶς
3511 3390 3652 3446 εἶναι
3696 3391 3927 3468 φυσικῶς

2291 3500 2319 3532 α
2365 3478 2484 3540 τοῖς
2518 3483 2698 3535 Πᾶσιν.
2750 3469 2807 3534 Ὀ
2850 3476 2904 3533 δὲ
2945 3479 3062 3542 Υἱὸς
3114 3484 3382 3555 γεννητὼς
3435 3479 3495 3534 ἐκ
3548 3486 3641 3534 τοῦ
3696 3479 3927 3556 Πατρός,

2292 3564 2732 3622 ιΤὸδλΠ”
3609 3567 3743 3622 ιι
3902 3568 3930 3580 ν

2511 3600 2534 3621 δ
2652 3588 2812 3642 νευμα
2856 3587 2915 3622 το
2993 3589 3115 3644 αγιο
3132 3591 3167 3642 Ι,
3253 3589 3342 3623 και
3384 3589 3510 3624 αυτο
3566 3590 3661 3642 μιν
3750 3590 3780 3623 Α
3837 3589 3931 3624 του

2292 3675 2315 3710 α
2351 3656 2577 3733 Πατρὸς,
2606 3653 2722 3711 ἀλλ’
2772 3655 2831 3711 οὔ
2889 3662 3179 3732 γεννητῶς,
3234 3653 3352 3711 ἀλλ’
3411 3655 3758 3734 ἔιπορευτῶς.
3823 3656 3928 3715 Καὶ

2295 3765 2322 3797 α
2355 3764 2403 3798 τι
2429 3743 2524 3818 μέν
2580 3740 2688 3798 ἐστι
2737 3741 2958 3823 διαφορὰ
3040 3745 3337 3820 γεννήσεως
3397 3747 3484 3800 καί
3570 3745 3929 3823 ἑκπορεύσεως

2291 3855 2318 3886 α
2353 3831 2734 3913 μεμαθῄκαμεν
2769 3853 2782 3868 ·
2816 3832 2893 3894 τίς
2946 3831 3000 3887 δὲ
3045 3835 3073 3888 6
3114 3843 3308 3908 τρόπος
3365 3837 3461 3897 τῆς
3515 3829 3732 3913 διαφορᾶ
3767 3831 3928 3889 οὖδα-

2289 3943 2315 3974 ι
2351 3925 2489 3994 μῶς.
2526 3908 2682 3994 ’Ἅμα
2711 3920 2810 3998 γὰρ
2838 3921 2926 3976 καὶ
2955 3921 2988 3987 ἡ
3053 3923 3171 3977 Υἱοῠ
3214 3921 3274 3977 ἐκ
3301 3929 3392 3978 τοῦ
3425 3908 3630 4000 Πατρὸς
3661 3908 3931 3999 γέννησις,

2291 4029 2312 4060 ι
2345 4010 2432 4064 καὶ
2487 4013 2523 4075 η
2581 4015 2672 4065 τοῦ
2729 4010 2876 4086 ἁγίου
2958 4011 3260 4084 Πνεύματος
3345 4009 3674 4089 ἐκπόρευσις.
3750 4011 3931 4066 Πάντα

2291 4119 2314 4152 ο
2346 4103 2470 4174 γοῦν
2498 4095 2594 4151 ὅσα
2638 4094 2755 4176 ἔχει
2801 4099 2828 4152 6
2871 4099 2988 4161 Υἱὸς
3017 4099 3103 4153 καὶ
3132 4101 3194 4153 τὸ
3240 4104 3473 4176 Πνεῦμα,
3513 4101 3577 4154 ὲκ
3603 4104 3696 4154 τοῦ
3727 4099 3932 4176 Πατρός

2293 4204 2322 4244 (
2351 4185 2492 4265 ἔχει,
2537 4187 2624 4242 καὶ
2666 4188 2791 4242 αὐτὸ
2820 4188 2881 4242 τὸ
2909 4187 3075 4248 εἶναι.
3127 4188 3223 4244 Καὶ
3253 4189 3297 4242 εἰ
3340 4187 3418 4260 μὴ
3467 4190 3494 4243 6
3551 4189 3731 4266 Πατὴρ
3761 4187 3927 4260 ἐστιν,

570 4303 594 4334 ι
627 4281 721 4334 ιι.ε
749 4271 936 4366 sancti
969 4272 1268 4352 processio
1299 4282 1408 4334 est.
1434 4270 1645 4334 Omniu
1672 4273 1845 4350 igitur
1873 4292 2000 4358 quae
2021 4272 2198 4334 FllillS

2295 4294 2322 4332 ι
2354 4273 2468 4330 οὐδὲ
2501 4275 2528 4328 6
2595 4273 2713 4337 Υἱός
2771 4274 2933 4344 ἐστιν,
2980 4272 3095 4332 οὒδὲ
3152 4277 3212 4330 τὸ
3268 4281 3504 4354 Πνεῦμα,
3560 4277 3646 4331 καὶ
3704 4273 3786 4334 διὰ
3844 4279 3935 4330 τὸν

567 4387 593 4422 ι
629 4370 687 4422 ει
714 4359 970 4440 Spiritus
998 4361 1237 4433 habent,
1270 4369 1444 4440 atque
1494 4362 1643 4422 adeo
1676 4362 1787 4422 hoc
1815 4361 2007 4440 ipsum
2051 4361 2198 4440 τιλοά

2293 4381 2320 4420 «
2352 4361 2583 4440 Πατέρα,
2637 4361 2873 4417 τουτέστι
2923 4361 3006 4417 διὰ
3059 4363 3120 4418 τὸ
3178 4363 3321 4419 εἶναι
3388 4365 3479 4418 τὸν
3525 4362 3728 4441 Πατέρα
3794 4361 3936 4420 ἔστιν

571 4471 595 4502 ι
632 4459 789 4510 sunt.
823 4448 989 4521 Quod
1019 4449 1070 4510 si
1095 4452 1267 4511 Pater
1286 4469 1401 4510 non
1433 4459 1544 4530 est,
1576 4469 1718 4511 sane
1745 4468 1856 4511 nec
1878 4450 2058 4511 Filius
2090 4459 2198 4530 est,

2295 4472 2317 4502 α
2351 4452 2378 4506 6
2406 4451 2514 4512 υἱὸς
2543 4451 2630 4506 καὶ
2683 4451 2744 4505 τὸ
2787 4455 3019 4525 Πνεῦμα.
3088 4453 3185 4508 Καὶ
3228 4449 3312 4506 διὰ
3352 4452 3441 4507 τὸν
3500 4451 3702 4530 Πατέρα
3758 4450 3876 4530 ἔχει
3907 4454 3936 4508 6

577 4568 598 4600 σ
633 4557 741 4600 nec
775 4537 1051 4618 Spiritus.
1097 4537 1308 4598 Itidem
1341 4539 1388 4598 si
1418 4541 1590 4600 Pater
1646 4538 1793 4600 nihil
1839 4537 2040 4610 habet,
2095 4556 2198 4600 nec

2375 4539 2406 4560 “,
2884 4540 2907 4550 θ
3109 4543 3116 4557 ν
3370 4537 3394 4560 ’θ
3679 4539 3732 4572 ,Γ
3856 4538 3922 4558 5“

2296 4539 2471 4601 αιιὸς
2515 4539 2602 4593 καὶ
2657 4539 2718 4593 τὸ
2778 4543 2986 4612 [Ινευμα
3041 4560 3211 4594 παντα
3277 4538 3311 4592 ἃ
3371 4559 3512 4618 εχει,
3585 4559 3820 4596 του.εστι
3851 4561 3938 4596 οια

575 4658 597 4688 ι
630 4626 814 4689 Filius
842 4625 1081 4707 quidem
1114 4626 1433 4707 quidquam
1465 4627 1783 4698 habet,nec
1814 4624 2091 4706 Spiritus.
2123 4628 2198 4688 Ac

2299 4648 2321 4680 ι
2353 4628 2414 4681 τὸ
2471 4627 2563 4682 τὸν
2613 4625 2821 4704 Πατέρα
2879 4626 3026 4706 ἔχειν
3085 4628 3237 4694 αὐτὰ,
3295 4626 3435 4694 πλὴν
3488 4632 3586 4694 τῆς
3629 4629 3937 4705 ἀγεννησίας

576 4745 598 4776 ι
631 4723 873 4796 propter
918 4717 1170 4794 Patrem,
1227 4714 1287 4774 id
1331 4723 1421 4776 est
1475 4714 1614 4795 quia
1659 4718 1835 4777 Pater
1883 4723 1996 4792 est,
2033 4715 2198 4777 Filius

2301 4733 2326 4766 ο
2357 4717 2445 4771 καὶ
2519 4716 2617 4781 τῆς
2687 4715 2985 4791 γεννήσεως
3041 4717 3129 4772 καὶ
3196 4721 3295 4783 τῆς
3393 4717 3773 4795 ἐκπορεύσεως.
3841 4715 3934 4774 Ἐν

573 4832 598 4865 ι
631 4822 868 4884 quoque
901 4811 954 4863 et
979 4801 1233 4882 Spiritus
1257 4811 1413 4864 sunt.
1458 4802 1530 4864 Et
1579 4821 1786 4865 rursus
1815 4813 2056 4883 propter
2108 4807 2198 4866 Par

2303 4831 2326 4860 ι
2357 4804 2571 4866 ταύταις
2641 4805 2740 4881 γὰρ
2796 4803 2982 4876 μόναις
3071 4817 3194 4866 ταῖς
3274 4805 3655 4869 ὑποστατικαῒς
3712 4802 3936 4872 ἰδιότησι

577 4923 598 4953 ι
633 4901 784 4955 trem
819 4890 1040 4954 habent
1064 4892 1246 4954 Filius
1275 4899 1334 4952 et
1363 4891 1642 4972 Spiritus,
1673 4891 1870 4952 omnia
1907 4910 2039 4971 quae
2089 4891 2198 4971 ipse

2303 4919 2325 4950 ι
2357 4892 2682 4974 διαφέρουσιν
2746 4893 2994 4964 ἀλλήλων
3064 4899 3117 4952 αἱ
3185 4897 3330 4976 ἅγιαι
3407 4910 3554 4964 τρεῖς
3621 4897 3936 4963 ὑποστάσεις

577 5010 600 5040 ι
635 4980 857 5058 habet;
914 4981 1027 5041 hoc
1068 4990 1157 5042 est
1203 4981 1341 5060 quia
1389 4982 1566 5042 Pater
1616 4981 1741 5041 haec
1800 4981 1998 5041 habet.
2035 4980 2198 5042 Exci-

2298 5002 2322 5033 »
2359 4981 2454 5039 οὒκ
2479 4984 2645 5055 οὐσίᾳ,
2705 4989 2780 5056 τῷ
2849 4980 2905 5039 δε
2961 4981 3422 5063 χαραδτηριστικῷ
3476 4990 3576 5052 τῆς
3627 4985 3754 5050 ἰδίας
3798 4987 3937 5043 ὑπο-

573 5097 601 5131 (
635 5069 867 5152 pianda
893 5069 1302 5132 tantummodo
1332 5078 1470 5130 sunt
1499 5067 2046 5149 ingeniti,geniti,et
2069 5087 2198 5146 pro-

2305 5097 2328 5127 α
2361 5071 2596 5135 στάσεως
2627 5068 2932 5150 ἁδιαιρέτως
2964 5070 3345 5152 διαιρούμεναι.
3383 5097 3410 5128 ι

579 5181 607 5213 α
640 5157 932 5220 cessionis
963 5175 1158 5220 voces.
1193 5156 1256 5220 In
1282 5159 1373 5220 his
1401 5157 1560 5220 enim
1610 5157 1890 5219 duntaxat
1931 5157 2312 5239 hyposlaticis
2363 5159 2823 5239 proprietatibus
2879 5168 3004 5224 tres
3058 5171 3277 5224 sanctae
3332 5160 3640 5225 Trinitatis
3669 5179 3942 5242 persona

581 5270 609 5302 «
641 5245 799 5308 inter
826 5265 890 5308 se
919 5247 1224 5316 differunt,
1257 5266 1375 5309 non
1411 5245 1690 5320 essentia,
1723 5247 1828 5309 sed
1861 5246 2144 5328 peculiari
2177 5248 2468 5329 cujusque
2499 5267 2768 5330 personae
2811 5257 2952 5312 nota
2980 5250 3374 5315 indistinctim
3418 5251 3772 5313 distinctae.-

1154 5336 1201 5399 A
1215 5354 1250 5396 η
1258 5336 1338 5398 im
1346 5337 1628 5399 advenio

2953 5337 3288 5402 Ἐπιστασία,

658 5426 958 5490 Attendito
989 5428 1326 5510 diligenter,
1355 5429 1531 5490 simul
1582 5437 1640 5491 et
1664 5428 1794 5490 Filii
1820 5447 1889 5491 ex
1915 5431 2086 5492 Patre
2109 5446 2198 5506 get

2383 5454 2410 5486 α
2446 5438 2685 5512 Προσχες
2755 5431 3007 5512 ἀκριϐῶς,
3068 5432 3177 5508 ἅμα
3250 5434 3310 5490 ἐκ
3371 5441 3462 5490 τοῦ
3518 5435 3720 5512 Πατρὸς
3782 5435 3869 5489 καὶ
3903 5435 3942 5503 ἡ

578 5516 971 5597 nerationem,
1027 5525 1087 5578 et
1127 5515 1356 5598 Spritus
1401 5519 1842 5598 processionem
1894 5535 2049 5581 esse.
2097 5518 2187 5580 No

2300 5534 2326 5570 ι
2359 5526 2451 5575 τοῦ
2498 5522 2610 5576 Ι·ίοῦ
2637 5520 2907 5599 γέννησις,
2938 5522 3026 5578 καὶ
3055 5523 3088 5590 ἡ
3121 5531 3210 5580 τοῦ
3239 5523 3544 5597 Πνεύματος
3603 5521 3936 5602 έκπόρευσις.
