4180 6282
511 398 618 460 591
1584 404 1796 465 JOAN.
1847 402 2067 464 VECCI
2113 401 2228 462 GP.
2283 400 2799 462 PATRIARCH/E
3775 393 3893 456 592

516 557 535 585 ι
569 531 864 612 siquidem
888 542 977 594 est
1000 533 1486 612 proprietas.Quo
1510 533 1667 595 enim
1691 533 1952 614 alioquin
1977 533 2124 593 modi

2210 551 2264 588 ,α
2298 532 2479 611 Πατὴρ
2547 534 2576 587 ὁ
2657 534 2776 596 Υἱὸς
2821 535 2881 590 οὒ
2919 533 3105 610 κυρίως
3186 535 3328 595 Υἱὸς.
3403 533 3488 587 καὶ
3559 531 3611 587 ἔν
3671 536 3884 604 Πνεῦμα

512 646 534 676 ι
571 620 902 699 proprietas
934 621 1044 681 sibi
1079 630 1404 697 constaret,
1439 621 1490 683 si
1519 630 1876 692 moveretur,
1909 630 2082 700 atque
2112 640 2124 681 ε

2235 643 2258 674 ι
2290 621 2464 698 ἅγιον.
2502 621 2614 699 Χρὴ
2644 617 2698 675 δὲ
2728 621 3005 698 γινώσκειν
3049 622 3133 676 ὅτι
3169 642 3259 676 τον
3321 619 3524 697 Πατέρα
3567 621 3626 676 οὗ
3654 618 3878 696 λέγομεν

516 730 538 762 a
574 726 638 770 se
667 709 1062 770 descisceret?
1115 707 1261 771 Nam
1291 711 1338 771 si
1384 709 1568 771 Filius
1618 712 1795 772 Pater
1826 717 1937 782 est,
1973 711 2124 772 Patet

2233 730 2261 763 ι
2291 707 2349 765 ἔκ
2389 730 2555 782 τινος,
2601 707 2829 782 λέγομεν
2873 707 2926 764 δὲ
2985 710 3140 766 αὐτὸν
3181 717 3274 766 τοῦ
3339 712 3459 765 1⁸ἱοῦ
3513 708 3740 784 Πατέρα,
3776 708 3875 764 Τὸν

512 818 532 846 ι
571 814 714 858 sane
747 796 984 876 proprie
1015 816 1130 857 non
1164 803 1273 858 est.
1309 796 1472 860 Unus
1502 796 1661 858 enim
1695 797 1931 877 proprie
1977 797 2124 859 Patei

2231 819 2260 851 α
2292 796 2346 852 δὲ
2399 798 2518 853 Υὶὸν
2559 797 2617 853 οὔ
2673 795 2901 874 λέγομεν
2959 797 3134 854 αἴτιον
3189 795 3305 854 οὐδὲ
3361 796 3589 874 Πατέρα,
3649 794 3874 873 λέγομεν

507 909 532 938 α
572 893 682 946 est.
715 883 934 945 Eodem
961 884 1136 946 modo
1163 887 1211 944 si
1241 884 1425 946 Filius
1455 884 1629 947 Pater
1655 893 1767 962 est,
1803 885 1983 947 Filius
2013 904 2146 964 prov

509 1003 532 1032 ι
565 975 694 1055 prie
724 993 842 1035 non
873 982 982 1036 est.
1025 978 1188 1037 Unus
1219 975 1376 1036 enim
1408 976 1645 1056 proprie
1689 975 1876 1038 Filius
1905 985 2016 1049 t-st,
2047 982 2140 1036 at-

497 1087 522 1120 ‹
557 1082 672 1143 que
704 1081 855 1124 unus
885 1062 1136 1142 Spiritus
1167 1066 1566 1126 sanctus.Hoc
1599 1083 1774 1144 porro
1820 1065 1971 1125 scire
2003 1083 2139 1143 ope-

501 1175 529 1207 α
562 1169 644 1212 rae
676 1150 942 1231 praetium
968 1163 1080 1223 est,
1113 1152 1268 1232 quod
1303 1156 1534 1214 Patrem
1585 1171 1654 1214 ex
1711 1153 1830 1214 ullo
1860 1170 1991 1213 esse
2023 1152 2140 1211 mi-

501 1264 528 1294 α
565 1240 726 1300 nime
755 1239 1029 1312 dicimus,
1061 1239 1164 1300 sed
1196 1239 1328 1302 Filii
1361 1239 1590 1301 Patrem
1635 1259 1765 1301 esse
1793 1241 2136 1302 asserimus.

495 1347 520 1378 α
557 1327 770 1389 Filium
803 1329 943 1389 item
975 1346 1085 1389 nec
1117 1346 1378 1401 causam,
1416 1348 1524 1390 nec
1558 1329 1791 1391 Patrem
1825 1347 1955 1390 esse
1986 1327 2140 1389 dici-

500 1433 896 1488 «mus,verum
928 1433 1062 1477 eum
1114 1425 1171 1478 et
1223 1435 1294 1479 ex
1325 1415 1494 1478 Patre
1539 1435 1694 1488 esse,
1730 1426 1788 1478 et
1817 1416 2006 1480 Patris
2035 1415 2142 1478 Fi-

499 1527 520 1556 ι
555 1505 697 1566 lium
759 1523 916 1566 esse.
972 1503 1246 1585 Denique
1302 1503 1590 1585 Spiritum
1652 1515 1946 1578 sanctum,
1981 1516 2042 1568 et
2068 1524 2138 1566 ex

501 1615 521 1644 ι
555 1595 728 1655 Patre
752 1611 883 1654 esse
906 1593 1243 1667 statuimus,
1277 1603 1335 1655 et
1368 1594 1554 1656 Patris
1602 1592 1884 1674 Spiritum
1920 1593 2133 1673 appel-

495 1707 517 1736 ι
554 1681 768 1742 lamus.
802 1682 1031 1741 Atvero
1064 1699 1199 1741 eum
1231 1700 1300 1742 ex
1334 1681 1480 1744 Filio
1515 1700 1648 1744 esse
1682 1701 1798 1742 non
1850 1681 2129 1756 dicimus,

2231 908 2259 939 α
2292 883 2347 940 δὲ
2391 885 2546 941 αὒτὸν
2588 885 2648 941 ἐκ
2682 893 2771 942 τοῦ
2815 887 3016 963 Πατρὸς
3067 886 3156 942 καὶ
3215 885 3332 940 Υἱὸν
3361 892 3452 942 τοῦ
3501 886 3725 962 Πατρός.
3777 884 3874 941 Καὶ

2231 996 2259 1028 α
2304 975 2364 1029 τὸ
2395 980 2607 1048 Πνεῦμα
2637 975 2696 1029 τὸ
2744 972 2896 1052 ἅγιον
2951 972 3011 1030 ἐκ
3067 973 3160 1030 τοῦ
3204 975 3408 1053 Πατρὸς
3476 972 3724 1049 Λέγομεν,
3785 970 3872 1026 καὶ

2229 1082 2254 1118 σ
2302 1069 2510 1137 Πνεῦμα
2568 1064 2767 1131 Πατρὸς
2838 1062 3184 1137 ὀνομάζομεν,
3250 1062 3308 1118 ἐκ
3364 1065 3455 1118 τοῦ
3520 1069 3640 1118 Υιοῦ
3700 1060 3752 1116 δε
3809 1062 3870 1116 τὸ

2227 1175 2253 1206 α
2285 1157 2498 1225 Πνεῦμα
2540 1155 2600 1208 οὐ
2667 1149 2915 1226 λέγομεν,
2963 1157 3176 1225 Πνεῦμα
3231 1149 3285 1206 δὲ
3353 1153 3474 1207 Υἰοῦ
3517 1151 3869 1225 ὀνομάζομεν.

2231 1263 2253 1293 ι
2301 1235 2368 1292 Εἴ
2439 1259 2516 1301 τις
2573 1243 2782 1312 Πνεῦμα
2831 1243 3054 1315 Χριστού
3109 1241 3203 1295 οὐκ
3259 1235 3402 1316 ἔχει,
3447 1239 3604 1316 φησὶν
3663 1236 3870 1298 ὁθεῖος

2228 1346 2256 1380 α
2307 1316 2648 1388 Ἀπόστολος.
2686 1326 2783 1382 Καὶ
2824 1323 2891 1380 δι’
2945 1329 3064 1384 Υἱοῦ
3121 1329 3514 1405 πεφανερῶσθαι
3565 1327 3650 1382 καὶ
3696 1346 3868 1399 μετα-

2227 1436 2254 1467 α
2301 1411 2522 1470 δίδοσθαι
2565 1415 2701 1488 ἡμῖν
2731 1412 3118 1490 ὁμολογοῦμεν,
3186 1438 3212 1468 α
3247 1411 3568 1493 Ἐνεφύσησε
3625 1415 3745 1490 γὰρ,
3779 1415 3869 1469 καὶ

2223 1529 2249 1561 α
2295 1506 2416 1558 εἷπε
2446 1515 2562 1564 τοῖς
2606 1505 2864 1576 μαθετατς
2921 1502 3098 1573 αὖτοῦ,
3147 1499 3345 1558 Λάϐετε
3389 1509 3599 1576 Πνεῦμα
3630 1501 3798 1580 cii-po».
3838 1528 3864 1557 υ

2223 1612 2251 1645 σ
2295 1589 2472 1668 ὥσπερ
2502 1589 2561 1646 ἐκ
2602 1597 2692 1647 τοῦ
2735 1589 2886 1658 ἡλίου
2930 1591 3028 1666 μὲν
3079 1591 3115 1657 ἢ
3145 1613 3202 1646 τε
3251 1591 3395 1653 ἀκτὶς
3424 1592 3511 1647 καὶ
3541 1590 3809 1665 ελλαμψις
3844 1609 3856 1621 ·

2225 1673 2254 1732 ά
2297 1679 2450 1743 αὒτὸς
2493 1679 2592 1756 γὰρ
2635 1678 2798 1751 ἐστιν,
2860 1681 2894 1746 ἡ
2938 1680 3092 1756 πηγὴ
3133 1677 3228 1746 τῆς
3283 1699 3341 1735 τε
3386 1678 3595 1742 ἂκτινος
3650 1681 3864 1742 καὶτῆς

495 1793 518 1822 α
552 1769 656 1830 sed
709 1767 839 1830 Filii
890 1767 1173 1848 Spiritum
1201 1769 1604 1832 nominamus.
1663 1793 1685 1825 ιι
1723 1769 1944 1846 Siquis
1973 1769 2124 1830 enim

2222 1791 2246 1824 ι
2282 1764 2621 1841 ἐλλάμψεως,
2655 1765 2740 1822 διὰ
2800 1765 2854 1822 δὲ
2902 1768 3000 1833 τῆς
3059 1767 3303 1829 ἆικτῖνος
3333 1769 3367 1834 ἡ
3413 1765 3676 1841 ἕλλαμψις
3724 1768 3861 1841 ἡμῖν

493 1877 514 1908 ι
549 1856 820 1936 Spiritum
852 1857 1083 1955 _Cliristi
1121 1877 1237 1918 non
1275 1858 1474 1929 habet,
1509 1858 1588 1918 ait
1641 1857 2000 1955 Apostolus,
2037 1857 2124 1919 hic

2223 1876 2245 1908 σ
2287 1853 2640 1932 μεταδίδοται,
2700 1855 2785 1910 καὶ
2828 1852 2960 1923 αὕτη
3019 1855 3157 1911 ἐστὶν
3237 1857 3270 1922 ἡ
3348 1854 3641 1934 φωτίζουσα
3717 1856 3862 1929 ἡμᾶς

491 1974 514 2003 ι
546 1965 660 2007 non
693 1957 782 2006 est
812 1946 942 2024 ejus
971 1945 1050 2007 i9.
1081 1973 1102 2002 ι
1139 1950 1330 2027 Atque
1363 1949 1556 2026 ipsum
1583 1945 1753 2006 nobis
1786 1964 1890 2024 per
1923 1945 2124 2006 Filium

2220 1965 2248 1996 κ
2294 1945 2380 1998 καὶ
2423 1942 2766 2021 μετεχομένη
2817 1940 2902 2023 ὑφ’
2942 1946 3116 2018 ἡμῶν.
3179 1944 3280 2001 Τὸν
3309 1940 3364 1998 δὲ
3431 1945 3550 2000 Υἱὸν
3602 1941 3718 1999 οὔτε
3771 1954 3866 2002 τοῦ

491 2063 513 2092 ι
548 2044 604 2095 et
637 2034 988 2110 patefactum
1020 2051 1174 2103 esse,
1206 2043 1264 2094 et
1293 2033 1585 2114 impertiri
1619 2032 2124 2104 conﬁtemur,«ln-

2223 2052 2244 2084 ι
2286 2030 2590 2102 Πνεύματος
2673 2029 2921 2108 λέγομεν,
3010 2028 3126 2087 οὔτε
3198 2030 3305 2104 μὴν
3400 2034 3463 2087 ὲκ
3530 2041 3623 2090 τοῦ
3696 2031 3862 2086 Πνεύ-

493 2150 515 2181 ι
550 2123 804 2183 sufﬂavit
835 2122 1023 2184 enim.
1069 2125 1148 2185 ait
1179 2122 1305 2196 ille,
1341 2131 1400 2182 et
1444 2121 1591 2182 dixit
1647 2121 1959 2200 discipulis
1988 2122 2124 2197 suis,

2225 2145 2249 2177 α
2284 2145 2470 2198 ματος.
2516 2146 2540 2182 ι

493 2232 516 2264 ι
552 2211 816 2290 Accipite
847 2209 1131 2290 Spiritum
1161 2220 1430 2272 sanctum
1461 2209 1538 2267 20.
1583 2234 1606 2267 ν
1643 2209 2151 2281 Quemadmodum
2197 2209 2474 2272 videlicet
2502 2229 2571 2272 ex
2605 2211 2734 2273 sole
2789 2211 3055 2292 quidem,
3116 2219 3175 2273 et
3222 2211 3424 2272 radius
3462 2218 3522 2272 et
3575 2210 3865 2290 splendor

498 2322 525 2354 α
571 2309 762 2360 ortum
795 2301 1034 2379 habent,
1070 2299 1261 2378 ipsum
1297 2299 1454 2359 enim
1489 2308 1548 2360 et
1577 2298 1752 2376 radii,
1783 2309 1843 2359 et
1873 2299 2208 2377 splendoris
2233 2299 2362 2361 fous
2407 2307 2518 2372 est,
2555 2317 2661 2380 per
2692 2301 2920 2361 radium
2953 2311 3150 2362 autem
3183 2301 3357 2362 nobis
3386 2300 3670 2380 splendor
3691 2319 3857 2361 com.-

493 2411 521 2442 α
556 2391 914 2460 municatur,
947 2401 1126 2465 atque
1158 2387 1287 2465 ipse
1315 2394 1428 2459 est,
1461 2386 1559 2466 qui
1592 2404 1697 2448 nos
1728 2386 2050 2460 collustrat,
2081 2395 2259 2468 atque
2306 2406 2340 2449 a
2383 2387 2556 2450 nobis
2613 2388 2964 2468 percipitur.
3023 2391 3100 2451 At
3157 2387 3366 2450 Filium
3429 2405 3538 2450 nec
3595 2387 3853 2468 Spiritus

488 2498 511 2532 ι
547 2474 786 2550 Filium,
820 2495 929 2538 nec
959 2494 1026 2537 ex
1057 2473 1279 2554 Spiritu
1313 2493 1446 2535 esse
1479 2474 1754 2536 dicimus.
1799 2497 1822 2533 ι

1046 2564 1525 2625 Animadversio.

2872 2565 3211 2629 Ἐπιστασία.

563 2681 588 2714 ‹
624 2656 917 2717 Attentius
962 2656 1234 2716 recolens
1287 2656 1438 2716 hanc
1499 2656 1865 2736 pericopem,
1891 2665 1950 2716 et
1991 2675 2120 2736 qua:

2291 2677 2314 2712 α
2387 2657 2891 2736 Ἐπιστατικώτερον
2955 2659 3149 2724 ταύτης
3247 2659 3475 2722 ἀκούσας
3549 2664 3648 2724 τῆς
3708 2680 3852 2737 περι-

487 2769 510 2797 σ
541 2764 647 2825 per
661 2763 790 2805 eam
805 2743 1070 2804 doctrina
1092 2746 1360 2815 traditur,
1378 2746 1734 2806 concordato
1749 2764 1880 2806 cum
1904 2745 1974 2804 iis
1991 2763 2123 2824 quae

2210 2768 2238 2800 α
2269 2745 2466 2818 κοπῆς,
2528 2747 2615 2802 καὶ
2669 2750 2768 2812 τὴν
2824 2744 2908 2804 διὰ
2976 2747 3172 2814 ταύτης
3238 2743 3592 2819 διδασκαλίαν,
3656 2744 3851 2821 συμϐί-

486 2861 509 2891 ο
543 2853 722 2915 SUpra
769 2853 836 2894 ex
890 2831 1138 2911 reliquis
1194 2833 1438 2893 deil'eris
1490 2833 1778 2912 Patribus,
1835 2834 2120 2910 Gregorio

2212 2857 2239 2889 α
2285 2831 2445 2890 ὄασον
2517 2835 2648 2912 πρὸς
2720 2833 2852 2914 ἅπερ
2927 2835 3171 2912 ἀνωτέρω
3240 2835 3381 2911 παρὰ
3474 2841 3580 2890 τῶν
3648 2834 3852 2890 λοιπῶν

487 2949 508 2978 ι·
548 2942 764 3002 nempe
799 2921 1418 3000 Tlieologn,Ny.~seno,
1446 2937 1499 2982 et
1537 2923 1798 2982 ctelestia
1823 2923 2123 2984 revelante

2210 2944 2235 2976 α
2267 2923 2530 3001 θεοφόρων
2610 2922 2878 2995 Πατέρων,
2962 2931 3053 2980 τοῦ
3133 2923 3392 3000 Θεολόγού
3448 2921 3650 2994 δηλαδή
3704 2931 3849 3001 Γρη-

483 3010 815 3092 «Dionysio
873 3010 1178 3090 accepisti.
1229 3008 1456 3090 Nainpe
1507 3029 1638 3072 cum
1698 3011 1784 3072 illi
1868 3030 1935 3072 ex
1995 3011 2122 3072 solo

2211 3034 2235 3064 ιι
2285 3012 2486 3087 γορίου,
2563 3013 2648 3068 τοῦ
2691 3011 2924 3090 Νύσσης,
2971 3014 3058 3068 καὶ
3103 3011 3194 3068 τοῦ
3249 3012 3610 3090 ἱεροφάντορος
3661 3022 3848 3067 Διονυ-

485 3130 508 3159 ιι
548 3107 723 3166 Patre
780 3103 1221 3182 processionem
1265 3101 1522 3182 Spiritus
1564 3103 1969 3166 decrevissent
2027 3103 2120 3164 hic

2210 3118 2231 3147 ι
2265 3099 2376 3154 σῖου
2474 3097 2792 3176 παρέλαϐες,
2875 3097 3121 3156 Ἐκείνων
3216 3102 3314 3178 γὰρ
3385 3099 3445 3156 ἐκ
3527 3099 3688 3175 μόνου
3756 3108 3849 3156 τοῦ

487 3218 514 3248 ι
546 3193 778 3254 divinus
803 3197 942 3256 item
971 3193 1141 3254 Pater
1171 3211 1286 3252 non
1311 3194 1502 3254 aliena
1533 3192 1605 3253 ab
1633 3212 1834 3254 eorum
1868 3200 2113 3253 senten-

2210 3209 2234 3240 α
2275 3190 2478 3266 Πατρὸς
2526 3189 2622 3254 τὴν
2668 3190 2759 3244 τοῦ
2809 3189 3108 3262 Πνεύματος
3179 3187 3608 3266 δογματισζντων
3677 3188 3848 3244 ἐκπό-

484 3303 506 3338 ι
546 3281 623 3343 tia
645 3283 928 3360 edocens,
958 3281 1262 3361 explanat;
1294 3279 1579 3360 Spiritum
1612 3291 1878 3343 sanctum
1907 3301 1981 3342 ex
2016 3285 2120 3344 Pa-

2210 3298 2230 3330 ι
2281 3296 2474 3353 ρευσιν,
2563 3278 2712 3339 οὗτος
2756 3278 2783 3332 ὁ
2826 3276 3068 3356 Θεοφόρος
3125 3277 3306 3352 Πατὴρ
3379 3279 3596 3339 ὲκεῖνοις
3644 3275 3848 3350 συνῳδᾶ

477 3399 501 3432 α
535 3379 624 3431 tre
653 3371 926 3431 dicimus.
963 3381 1018 3430 et
1048 3371 1331 3448 Spiritum
1366 3372 1550 3433 Patri;
1576 3389 2009 3451 nuncupamus,
2047 3389 2115 3430 ex

2210 3389 2232 3420 ιι
2279 3364 2558 3445 διδάσκων,
2631 3365 2836 3432 διέξεισι
2869 3383 2883 3397 ⁸
2943 3369 3132 3424 καὶτὸ
3177 3367 3387 3442 Πνεῦμα
3445 3369 3504 3423 τὸ
3577 3366 3727 3444 ἂγιον
3786 3367 3850 3423 ἐκ

483 3481 506 3513 ι
541 3458 688 3520 Filio
721 3457 1148 3536 veroSpiritum
1177 3477 1292 3518 non
1323 3460 1699 3520 dicimusAd
1735 3461 1859 3520 haec
1888 3470 2113 3521 notato.

2210 3477 2229 3510 I
2280 3477 2370 3512 του
2414 3458 2616 3534 Πατρὸς
2662 3454 2913 3534 ὶέγομεν,
2979 3458 3067 3512 καὶ
3125 3462 3334 3531 Πνεὺμα
3379 3457 3582 3533 Πατρὸς
3640 3455 3845 3528 ὀνομά-

482 3571 504 3604 σ
538 3546 855 3626 ipsissimis
884 3547 1076 3608 verbis
1102 3565 1236 3607 eum
1271 3549 1552 3628 vetuis<e,
1582 3547 1838 3627 Spiritus
1879 3565 2114 3608 causam

2210 3567 2231 3597 ι
2264 3550 2446 3617 ζομεν,
2478 3543 2534 3600 ἐκ
2565 3553 2657 3602 τοῦ
2695 3543 2813 3599 Υἱοῦ
2863 3542 2917 3599 δὲ
2961 3545 3020 3600 τὸ
3069 3544 3281 3618 Πνεῦμα
3311 3545 3372 3600 ού
3425 3542 3672 3621 λὲγομεν.
3709 3546 3848 3622 Πρὸς

486 3665 508 3694 ι
537 3636 738 3697 dicere
773 3634 1153 3709 Filium,cum
1187 3635 1390 3696 scribit
1426 3655 1439 3698 :
1479 3637 1686 3698 Filium
1720 3654 1858 3696 vero
1883 3654 2120 3696 causam

2210 3652 2232 3683 I
2264 3631 2469 3696 τούτοις
2539 3641 2840 3705 σημειωσαι
2940 3632 3027 3687 καὶ
3101 3631 3181 3687 ὅτι
3251 3632 3427 3708 ῥητῶς
3512 3632 3846 3710 ἀπηγόρευσε

483 3747 505 3778 ι
541 3743 659 3785 non
689 3724 964 3798 dicimus,
998 3741 1189 3803 neque
1234 3723 1570 3785 Patremlta
1619 3733 1680 3786 ut
1727 3741 1797 3786 ex
1852 3725 1925 3785 iis
1946 3725 2122 3785 colli-

2210 3740 2235 3773 α
2275 3721 2366 3775 τὸν
2407 3721 2525 3776 Υἱὸν
2568 3718 2741 3776 αἴτιον
2786 3719 3050 3800 λέγεσθαι,
3083 3718 3137 3775 ἐν
3191 3721 3278 3784 οἷς
3335 3720 3520 3798 γράφει
3555 3735 3569 3750 °
3613 3722 3734 3803 _T0v
3791 3718 3847 3775 δὲ

487 3841 507 3870 σ
537 3831 676 3890 gere
707 3812 900 3880 liceat,
927 3830 997 3872 ex
1024 3800 1150 3872 solo
1176 3814 1350 3875 Patre
1369 3812 1623 3893 Spiritus
1653 3813 1842 3875 sancti
1873 3829 2116 3893 proces-

2210 3828 2232 3862 ι
2277 3809 2396 3864 Υἱὸν
2438 3812 2497 3866 οὗ
2565 3807 2788 3886 λέγομεν
2847 3808 3046 3880 αἴτιον,
3105 3805 3219 3867 ούδὲ.
3277 3808 3503 3887 Πατέρα.
3612 3800 3705 3872 Ὠς
3761 3806 3847 3864 διὰ

485 3929 509 3964 ι
543 3900 769 3961 sionem
802 3917 956 3961 esse.
993 3927 1014 3955 ι

1120 4081 1450 4160 Ite/"utalia.

563 4180 880 4255 Propterea
943 4174 1099 4256 quod
1134 4184 1371 4236 sanctus
1403 4174 1512 4235 iste
1542 4174 1685 4235 dixit
1715 4195 1728 4235 :
1775 4205 1795 4233 ι
1828 4173 2114 4254 Spiritum

479 4280 747 4327 sanctum
773 4284 842 4326 ex
877 4269 1044 4325 Patre
1074 4263 1352 4330 dicimus,
1385 4273 1445 4324 et
1477 4263 1745 4344 spiritum
1787 4264 1976 4325 Patris
2006 4281 2115 4342 ap—

479 4354 789 4434 pellamus,
815 4361 871 4414 at
898 4371 1032 4413 vero
1063 4372 1198 4413 cum
1223 4371 1296 4412 ex
1312 4351 1461 4413 Fiiio
1493 4372 1622 4412 esse
1653 4371 1769 4412 non
1801 4351 2114 4424 dicimus,»

2207 3918 2234 3950 α
2279 3897 2479 3952 τούτων
2525 3898 2833 3974 συνάγεσθαι
2894 3899 2956 3954 τὸ
3011 3901 3075 3953 ὲκ
3129 3897 3292 3958 μόνου
3350 3896 3442 3953 τοῦ
3509 3897 3712 3976 Πατρός
3756 3904 3849 3953 τοῦ

2207 4007 2234 4039 ε
2269 3985 2525 4064 παναγίου
2557 3988 2857 4062 Πνεύματος
2884 3989 2982 4053 τὴν
3025 3984 3358 4066 ἐκπόρευσιν,
3391 4008 3420 4041 ι

2847 4077 3198 4157 Ἀντίῤῥησις,

2287 4172 2429 4227 Διότι
2474 4173 2502 4228 ὁ
2543 4171 2693 4249 ἅγιος
2747 4174 2894 4235 οὗτος
2953 4170 3054 4251 ἔφη
3108 4175 3190 4244 τὸ,
3250 4189 3274 4222 ¢
3309 4179 3519 4244 Πνεῦμα
3575 4173 3636 4228 τὸ
3691 4171 3846 4250 ἅγιον

2197 4259 2260 4316 ἐκ
2285 4267 2375 4316 τοῦ
2442 4262 2646 4338 Πατρὸς
2677 4259 2924 4339 λέγομεν,
2985 4262 3072 4316 καὶ
3125 4267 3335 4336 Πνεῦμα
3392 4262 3596 4340 Πατρὸς
3641 4261 3844 4335 ὀνομά-

2197 4355 2378 4422 ζομεν,
2440 4348 2500 4404 ἐκ
2539 4358 2631 4407 τοῦ
2666 4350 2810 4406 ,ι’ἱοῦ
2863 4347 2917 4404 δὲ
2973 4350 3033 4404 τὸ
3090 4355 3300 4424 Πνεόμα
3343 4349 3402 4405 ού
3455 4349 3702 4428 λέγομεν,
3760 4347 3846 4406 διὰ

480 4451 539 4503 ιιι
599 4460 664 4504 ex
706 4444 832 4502 solo
916 4440 1085 4502 Patre
1143 4438 1427 4520 Spiritum
1488 4459 1620 4500 esse
1678 4439 1952 4516 colligis?
2001 4437 2114 4500 Sed

2210 4439 2356 4492 τοῦτο
2398 4434 2458 4490 ἐκ
2501 4437 2662 4511 μόνου
2690 4444 2780 4492 τοῦ
2813 4436 3014 4516 Πατρὺς
3042 4437 3180 4494 εἶναι
3212 4438 3450 4514 συνάγεις
3483 4440 3542 4493 τὸ
3577 4445 3788 4512 Πνεῦμα
3822 4459 3839 4514 ;

479 4531 750 4611 quisnam
799 4548 867 4591 ex
914 4529 988 4589 iis
1035 4529 1334 4609 omnibus,
1373 4549 1472 4610 qui
1522 4528 1770 4607 hujusce
1829 4527 2114 4604 Theologi

477 4619 699 4680 dictum
728 4627 866 4680 ante
900 4636 1007 4679 nos
1036 4627 1460 4697 exposuerunt,
1487 4617 1664 4678 verba
1718 4616 1934 4676 similia
1983 4635 2116 4696 pro-

478 4708 640 4769 tulit?
665 4707 1065 4769 Damascenus
1096 4705 1388 4786 siquidem
1441 4707 1698 4768 Joannes
1737 4723 2015 4766 asserens
2043 4722 2111 4768 ex

477 4795 650 4858 Patre
680 4795 859 4858 veluti
898 4815 968 4856 ex
1017 4794 1207 4874 primo
1264 4793 1555 4874 principio
1586 4803 1642 4855 et
1686 4794 1877 4872 prima
1910 4812 2109 4865 causa,

475 4895 652 4965 negat
682 4903 749 4945 ex
783 4883 932 4945 Filio
966 4893 1240 4963 tanquam
1287 4899 1359 4942 ex
1418 4883 1606 4962 primo
1653 4881 1942 4962 priucipio
1970 4881 2112 4954 dici,

475 4991 588 5034 uec
617 4991 873 5053 unquam
900 4970 1083 5032 vetuit
1113 4990 1184 5033 ex
1216 4970 1652 5051 Filiotanquam
1688 4990 1756 5031 ex
1773 4970 2114 5031 continente

475 5080 586 5124 nec
619 5079 724 5142 per
751 5063 1179 5123 continentem.
1206 5059 1365 5123 ldem
1397 5060 1553 5120 enim
1588 5059 1781 5119 valent
1804 5076 1899 5131 ex,
1929 5066 2116 5134 etper

476 5149 938 5230 praepositiones.
975 5149 1098 5212 [loc
1149 5149 1210 5210 in
1259 5166 1366 5210 usu
1416 5157 1582 5210 estet
1611 5146 1722 5227 ipsi
1769 5148 2108 5225 Scriptores,

475 5256 587 5300 nec
618 5238 837 5299 sanctis
867 5240 993 5300 Pati
1014 5237 1147 5300 ibus
1178 5237 1462 5317 ignotum.
1499 5236 1732 5297 Etenim
1768 5236 1916 5310 si,ex
1940 5234 2110 5307 Filio,

477 5325 659 5387 veluti
692 5345 760 5388 ex
787 5331 956 5388 Patre
989 5345 1092 5407 per
1114 5325 1351 5399 Filium,
1386 5333 1443 5388 et
1474 5324 1599 5405 pari
1639 5323 1814 5385 modo
1845 5342 1915 5385 ex
1952 5332 2115 5384 utro-

479 5431 635 5498 que:
671 5415 799 5476 etsi
831 5414 1012 5476 veluti
1042 5434 1111 5478 ex
1145 5414 1334 5496 prima
1378 5433 1557 5475 causa
1586 5417 1779 5488 Patre,
1814 5432 1884 5476 ex
1933 5413 2121 5473 conti-

476 5511 655 5565 nente
679 5521 820 5565 vero
842 5503 1014 5585 Filio,
1048 5522 1178 5585 quae
1207 5521 1454 5582 magnus
1483 5501 2120 5580 Athanasius,magnus

561 5674 614 5724 ιθ
642 5669 789 5734 Rom
814 5688 941 5750 vm,
973 5674 1035 5737 9.
1067 5670 1126 5722 ὀ
1156 5675 1324 5736 Joan.
1360 5687 1460 5747 xx,
1498 5669 1596 5734 22.

2201 4525 2366 4582 Ἀλλὰ
2395 4527 2472 4590 τίς
2501 4533 2605 4583 τῶν
2635 4529 2736 4604 πρὸ
2765 4529 2918 4603 ἡμῶν
2977 4530 3074 4595 τὴν
3132 4529 3381 4595 τοιαύτηι
3438 4531 3530 4585 τοῦ
3584 4527 3846 4606 Θεολόγου

2199 4614 2384 4696 ⁶τούτου
2415 4617 2613 4693 Πατρὸς
2663 4615 3014 4694 ἐξηγούμενος
3071 4617 3220 4694 ῥῆσιν
3281 4616 3417 4674 οὕτω
3473 4615 3614 4696 λέγει
3642 4617 3841 4694 ῥητῶς,

2201 4691 2261 4760 Ὀ
2345 4691 2537 4778 μέντοι
2600 4691 2949 4778 Δαμασκηνὸς
3024 4691 3295 4780 Ἰωάννης,
3370 4706 3430 4761 τὸ
3506 4691 3565 4762 ei
3639 4691 3846 4783 Πατρὸς

2198 4789 2369 4869 λέγων
2399 4794 2470 4856 ὼς
2529 4790 2586 4848 ἐκ
2641 4793 2856 4870 πρώτης
2889 4793 3064 4872 ἀρχῆς
3121 4794 3208 4849 καὶ
3251 4793 3468 4873 πρώτης
3512 4795 3702 4873 αἰτίας,
3753 4794 3847 4850 οὒκ

2198 4877 2258 4933 ἐκ
2310 4881 2403 4936 τοό
2468 4882 2585 4936 Υἱοῠ
2645 4901 2804 4960 φησιν
2847 4883 2918 4947 ὡς
2962 4885 3021 4938 εκ
3089 4883 3305 4962 πρώτης
3363 4884 3564 4961 ἀρχῆς,
3609 4884 3695 4939 καὶ
3751 4883 3848 4937 οὐκ

2196 4967 2527 5046 ἀπηγόρευσε
2569 4969 2632 5024 τὸ
2688 4971 2748 5034 ὲκ
2801 4969 2893 5026 τοῦ
2959 4973 3100 5043 Υἱοῦ,
3156 4972 3229 5034 ὡς
3287 4970 3348 5026 ἐκ
3401 4978 3494 5027 τοῦ
3520 4992 3843 5051 προσεχους,

2195 5055 2314 5123 ἤτοι
2343 5054 2427 5112 διὰ
2454 5063 2546 5112 τοῦ
2577 5067 2899 5136 προσεχοῦς,
2961 5059 3161 5116 Ταυτὸν
3226 5081 3325 5136 γαρ
3382 5057 3626 5115 δύνααῖαι
3670 5063 3703 5127 ἡ
3759 5059 3845 5113 διὰ

2195 5145 2436 5222 πρόθεσις
2479 5148 2566 5202 καὶ
2595 5148 2628 5214 ἡ
2684 5144 2758 5211 ἐξ.
2823 5149 2918 5205 Καὶ
2964 5155 3116 5206 τοῦτο
3188 5149 3405 5216 σύνηθες
3458 5149 3546 5205 καὶ
3601 5153 3733 5226 αὐτῇ
3775 5152 3846 5224 τῇ

2196 5241 2379 5316 Γραφῇ
2432 5239 2519 5294 καὶ
2588 5250 2704 5301 τοῖς
2777 5238 2945 5316 ἁγίοις
2989 5239 3253 5318 Πατρᾶσιν
3317 5243 3410 5299 (οὐκ
3465 5239 3840 5318 ἀγνοούδενονο

2202 5327 2261 5383 Εἰ
2289 5325 2384 5400 μὲν
2427 5325 2487 5382 ἐκ
2513 5325 2606 5384 τοῦ
2643 5327 2784 5404 Υἱοῦ,
2835 5329 2908 5392 ὡς
2961 5326 3022 5383 ἐκ
3075 5331 3168 5384 τοῦ
3212 5329 3410 5408 Πατρὸς
3439 5325 3523 5384 διὰ
3553 5336 3644 5386 τοῦ
3695 5332 3840 5411 Υἱοῦ,

2201 5415 2288 5470 καὶ
2319 5413 2370 5479 ἐξ
2400 5414 2600 5495 ἀμφοῖν
2634 5432 2649 5450 ⁸
2703 5416 2898 5491 ὁμοίως
2947 5417 3045 5492 μὲν
3102 5419 3188 5474 καὶ
3251 5419 3295 5473 εἰ
3353 5417 3414 5473 ἐκ
3467 5417 3682 5494 πρώτης
3741 5421 3846 5495 μὲν

2203 5502 2369 5565 αἰτίας
2408 5503 2498 5560 τοῦ
2553 5505 2779 5584 Πατρὸς,
2839 5505 2898 5561 ἐκ
2954 5513 3043 5564 τοῦ
3098 5526 3396 5586 προσεχους
3452 5503 3507 5563 δὲ
3565 5507 3657 5567 τού
3695 5511 3844 5592 Ποῦ,
