4208 6296
434 207 550 273 593

1463 230 1541 273 1H
1590 207 1981 272 CAMATERI
2026 204 2770 267 ANIMADVERSIONES.

3689 208 3798 274 594

433 339 568 421 ὂπερ
598 343 752 423 φασὶν
803 347 832 403 ὁ
889 345 1056 424 μέγας
1113 343 1445 419 Ἀθανασιος,
1505 348 1534 402 ὁ
1576 343 1744 422 μέγας
1802 340 2054 418 Κύριλλος

2165 335 2434 417 Cyrillus,
2492 341 2794 419 Nyssenus
2851 338 3191 417 Gregorius,
3252 343 3490 425 sapiens
3544 343 3804 408 Joannes

431 429 461 485 ὅ
494 432 702 498 Νύσσης
746 436 1055 513 Γρηγόριος.
1090 439 1182 494 οῦκ
1235 435 1296 491 ἄν
1325 437 1354 491 ὃ
1397 436 1559 514 σοφὸς
1627 431 1878 498 Ἰωάννης
1922 431 2073 488 ἀντι-

429 519 727 597 φθέγξαιτο,
801 520 920 580 ἀλλ’
1005 524 1119 602 ἐρεῖ
1187 525 1274 580 καὶ
1331 523 1484 586 αῦτὸς
1545 521 1624 579 ὅτι
1682 520 1817 578 οὕτω
1884 523 1970 577 καὶ
2014 523 2074 577 ἐκ

428 615 522 663 τοῦ
592 611 712 666 Υίοῦ
772 613 833 668 τὸ
878 619 1089 685 Πνεῦμα
1119 627 1133 642 ⁸
1180 610 1264 668 διὰ
1328 619 1419 670 τοῦ
1475 613 1595 670 Υίοῦ
1650 611 1749 688 γὰρ
1802 633 1932 687 φησι
1986 611 2073 666 καὶ

431 698 611 776 αὒτὸς,
656 701 728 763 ὡς
756 698 1169 776 ἶσοδιιναμούσης
1240 706 1337 768 τῆς
1395 699 1478 757 διὰ
1533 701 1620 756 καὶ
1668 705 1767 766 τῆς
1824 697 1896 764 ἒξ.
1929 699 1985 755 Εἰ
2017 696 2070 753 δὲ

430 788 505 848 ὡς
549 785 608 841 ἐκ
665 790 880 855 πρώτης
950 791 1115 853 αἰτίας
1168 791 1256 846 καὶ
1318 789 1379 845 ἐκ
1428 796 1522 845 τοῦ
1579 791 1699 845 ι’ἱοῦ
1770 787 1914 866 λέγει
1968 809 2072 855 τις,

429 872 562 949 ὅπερ
605 875 730 930 εἶπε
785 882 890 932 τῶν
945 878 1106 956 ἁγίων
1165 876 1354 951 οὒέεὶς,
1413 879 1501 933 καὶ
1559 876 1942 955 ἀντιφθέγξεται
1987 868 2075 931 καὶ

427 963 570 1038 μέγα
624 965 831 1038 βοήσει,
891 973 1054 1022 ταῦτα
1111 967 1184 1028 εἷς
1243 969 1326 1038 τὸ,
1410 985 1432 1017 ι
1468 966 1528 1022 ἐκ
1576 967 1668 1020 τοῦ
1737 966 1856 1021 ι’ἱοῦ
1911 963 1964 1020 δὲ
2013 966 2074 1020 τὸ

431 1056 645 1123 Πνεῦμα
714 1055 774 1110 οὗ
829 1052 1078 1134 λέγομεν,
1107 1074 1128 1104 ι
1181 1055 1356 1132 ἑτέρου
1424 1057 1526 1131 πρὸ
1580 1056 1732 1128 ἡμῶν
1803 1055 2073 1132 εἰρηκότος

431 1147 596 1217 σαφοῦ
624 1141 690 1196 τα
729 1142 874 1215 θεῖα,
906 1145 994 1198 καὶ
1021 1142 1229 1218 ὑψηλοῦ
1280 1144 1380 1210 τὴν
1434 1141 1688 1220 διανοιαν,
1726 1140 1883 1197 πλέον
1911 1144 2072 1216 ἡμεῖς

431 1227 652 1304 ἐροῦμεν
711 1229 880 1290 οῦδὲν.
930 1222 1066 1288 "011
1127 1230 1182 1287 δὲ
1247 1235 1588 1305 σημειοῦσθαι
1645 1229 1816 1309 λέγεις
1861 1231 1946 1285 καὶ
2012 1231 2073 1285 τὸ

426 1316 604 1392 ῥητῶς
681 1318 1026 1396 ἀπαγορεύειν
1083 1322 1172 1375 τὸν
1264 1321 1414 1396 ἅγιον
1470 1319 1710 1397 λέγεσθαι
1793 1320 1884 1374 τὸν
1954 1319 2070 1374 Υἱὸν

429 1403 622 1476 αἶ’τὶον,
671 1406 990 1462 πειθέτωσᾶν
1034 1429 1094 1462 σε
1137 1411 1188 1463 αἱ
1235 1406 1516 1486 πολλαχοῦ
1571 1412 1666 1472 τῆς
1723 1411 1933 1484 Γραφῆς
1966 1404 2069 1472 δη·-

427 1490 612 1548 λοῦσαί
642 1493 821 1569 ῥήσεις
863 1497 954 1550 τὸν
1011 1495 1217 1573 Πατέρα
1270 1495 1444 1552 αἴτιον
1500 1495 1712 1551 πάντων
1765 1496 1854 1551 καὶ
1896 1496 2070 1574 ἀρχὴν

425 1581 638 1636 πάντων
683 1583 760 1657 μὴ
799 1585 927 1660 πρὸς
983 1582 1264 1651 διαστολὴν
1317 1591 1409 1641 τοῦ
1440 1585 1558 1642 Υίοῦ
1609 1582 1848 1662 λέγεσθαι
1891 1605 2065 1646 τουτο,

2157 445 2268 487 nec
2297 435 2500 488 contra
2532 427 2763 488 hiscere
2792 427 3061 504 auderet,
3111 430 3219 491 sed
3271 431 3464 494 modis
3517 433 3794 496 omnibus

2155 515 2509 589 enuntiaret,
2567 515 2695 594 pari
2750 515 2924 576 modo
2980 534 3052 577 ex
3105 516 3256 578 Filio
3305 537 3438 580 esse
3469 519 3793 601 Spiritum:

2157 620 2262 681 per
2291 601 2502 664 Filium
2533 604 2690 664 enim
2732 621 2861 664 esse
2901 622 3010 666 nec
3059 604 3185 683 ipse
3219 616 3424 686 negat;
3461 627 3593 669 cum
3627 627 3799 689 pares

2155 690 2310 750 vires
2340 691 2590 751 habeant
2621 692 3069 771 praepositiones
3089 712 3164 754 ea:
3193 703 3251 755 et
3276 696 3580 776 ρωποι]οά
3601 697 3652 757 si
3673 697 3798 759 vel-

2158 778 2242 839 uti
2273 797 2342 839 ex
2375 779 2564 858 prima
2591 799 2766 841 causa
2825 781 2974 842 Filio
3017 782 3308 862 quispiam
3368 785 3607 860 dixerit,
3639 787 3794 866 quod

2156 870 2352 929 nullus
2383 889 2449 931 ex
2487 872 2757 932 Patribus
2787 872 3072 940 asseruit.
3107 883 3310 934 contra
3346 893 3478 938 sese
3510 884 3792 958 opponet,

2157 976 2554 1038 magnumque
2583 959 2880 1023 clamabit.
2914 959 3051 1022 Hazc
3080 980 3213 1022 cum
3246 963 3306 1023 in
3333 963 3500 1039 illud,
3543 985 3568 1023 ‹
3600 983 3667 1026 ex
3701 964 3798 1028 Fi-

2157 1045 2234 1106 lio
2284 1047 2570 1126 Spiritum
2620 1067 2735 1107 non
2788 1049 3065 1128 dicimus,
3097 1073 3125 1104 δ
3189 1050 3338 1133 alius
3394 1053 3688 1133 quispiam
3734 1053 3794 1114 in

2155 1133 2336 1194 rebus
2363 1133 2580 1196 divinis
2610 1135 2928 1195 admodum
2953 1146 3258 1214 praestans,
3295 1147 3353 1199 et
3383 1139 3657 1202 sublimis
3695 1140 3794 1201 in-

2155 1222 2310 1298 genii
2341 1225 2445 1289 vir,
2481 1229 2622 1284 ante
2655 1241 2760 1282 nos
2810 1223 3230 1304 interpretatus
3263 1227 3460 1300 fuerit,
3491 1247 3599 1290 nos
3649 1229 3794 1291 nihil

2155 1311 2308 1370 ultra
2338 1309 2642 1371 addemus.
2675 1311 2839 1382 Quod
2874 1329 3009 1371 vero
3044 1323 3232 1389 notas,
3260 1315 3455 1374 verbis
3477 1316 3797 1396 ipsiSsimis

2151 1410 2348 1460 vetare
2379 1408 2669 1476 sanctum,
2708 1416 2782 1460 ne
2811 1397 3018 1460 Fillius
3048 1400 3280 1462 dicatur
3304 1405 3798 1478 causa,suadeant

2152 1486 2419 1567 tibiqua:
2453 1487 2652 1547 multis
2684 1488 2742 1548 in
2776 1487 2925 1549 locis
2954 1489 3310 1569 scriptorum
3338 1490 3497 1552 dicta
3527 1492 3796 1574 inspersa

2151 1585 2312 1654 sunt,
2346 1575 2783 1654 patefacientia,
2813 1575 3040 1636 Patrem
3073 1578 3339 1639 omnium
3371 1597 3606 1640 causam
3635 1599 3790 1654 esse,

424 1668 561 1724 ἀλλὰ
605 1687 733 1747 προς
789 1669 1022 1740 δήλωσιν
1076 1697 1168 1730 του
1223 1675 1381 1729 αῦτὸν
1436 1675 1642 1730 ὶκεϊνον
1688 1660 1784 1728 *τὸν
1865 1673 2056 1751 Πατέρα

2153 1664 2537 1743 omniumque
2569 1663 2950 1744 principium,
3004 1683 3122 1724 non
3153 1666 3226 1725 ad
3259 1665 3656 1728 exluclendum
3691 1668 3793 1731 Fi-

426 1758 602 1836 ἀρχὴν
645 1762 730 1815 καὶ
813 1761 952 1836 ῥίζαν
996 1766 1093 1828 τῆς
1152 1762 1397 1818 ἁπάντων
1452 1763 1617 1825 αἰτίας
1671 1774 1831 1819 εἶναι.
1893 1763 1937 1817 εἰ
1984 1760 2070 1817 καὶ

427 1844 511 1901 διὰ
540 1855 630 1904 τοῦ
675 1851 795 1906 Υἱοῦ
823 1851 888 1904 τὰ
916 1850 1087 1905 πάντα
1140 1849 1199 1906 ἐκ
1244 1858 1335 1907 τοῦ
1395 1852 1595 1928 Πατρὸς
1639 1871 1780 1905 ευναι
1835 1849 2064 1927 λέγεται,

424 1936 522 1991 Καὶ
553 1936 819 2001 συνίστησι
849 1937 947 2002 τὴν
980 1936 1181 1994 ἔννοιαν
1206 1940 1403 2004 ταύτην
1461 1941 1549 1995 καὶ
1611 1939 1764 1998 αὐτὸς
1812 1941 1840 1994 ὁ
1895 1938 2063 2017 ἅγιος,

417 2019 685 2098 λέγωνέν
767 2031 836 2100 τῇ
883 2025 1100 2101 ῥηθείσῃ
1165 2032 1433 2102 περικοπῇ
1469 2046 1482 2060 ⁸
1557 2029 1656 2084 Τὸν
1717 2025 1772 2082 δὲ
1832 2029 1950 2083 Υἰὸν
2007 2031 2067 2086 οῦ

417 2109 645 2188 λέγομεν
734 2112 908 2170 αἴτιον
979 2113 1094 2172 οὐδὲ
1165 2114 1371 2192 Πατέρα
1401 2131 1415 2145 ⁸
1490 2117 1645 2172 οἱονεὶ
1734 2118 1834 2194 γὰρ
1912 2124 2064 2174 τοῦτο

420 2197 687 2276 ἐμφαίνων
729 2200 865 2257 ἐστίν
901 2215 914 2230 ⁸
965 2202 993 2256 ὀ
1035 2199 1090 2257 δὲ
1136 2203 1279 2275 Υἱὸς,
1335 2203 1512 2281 ὥσπερ
1568 2208 1662 2262 οῦκ
1705 2203 1812 2260 ἔστι
1856 2205 2059 2282 Πατὴρ,

417 2286 535 2344 οῦδὲ
579 2287 751 2350 αἴτιος
816 2291 952 2346 κατὰ
1003 2292 1096 2346 τὸν
1167 2292 1372 2370 Πατέρα
1430 2293 1560 2367 ἐστὶ,
1619 2292 1883 2349 τουτέστιν
1942 2287 2062 2371 οὒχὶ

428 2377 579 2441 αὒτός
608 2376 748 2432 ἐστιν
775 2379 808 2446 ἡ
839 2384 936 2444 τῆς
980 2380 1144 2441 αἰτίας
1174 2380 1284 2457 ῥίζα
1326 2401 1382 2435 τε
1411 2381 1500 2436 καί
1527 2381 1695 2460 ἀρχή,

528 2564 624 2615 Ἐκ
665 2566 756 2615 τοῦ
787 2549 863 2636 ιγ’
889 2558 1172 2638 κεφαλαίου
1205 2569 1294 2618 τοῦ
1337 2563 1452 2639 περὶ
1480 2564 1631 2618 θείων
1660 2563 1955 2637 ὀνομάτων,

500 2731 673 2801 ΡΜΒ’,
727 2765 751 2794 α
785 2732 963 2797 ’Ὅταν
1005 2743 1104 2820 γὰρ
1134 2742 1368 2811 ἐννοήσω
1399 2743 1523 2814 μίαν
1551 2750 1657 2799 τῶν
1693 2745 2052 2817 ὑποστάσεων,

413 2854 444 2886 α
475 2829 678 2885 τέλειον
722 2831 850 2884 Θεὸν
880 2829 1042 2897 αὐτὴν
1091 2829 1238 2904 οἶδα,
1284 2828 1486 2886 τελείαν
1534 2833 1732 2890 οὐσίαν.
1797 2823 1971 2890 ΗΟταν
2001 2833 2056 2889 δὲ

423 2945 444 2972 ι
491 2919 706 2992 συνάψω
760 2919 848 2973 καὶ
890 2921 1261 2993 συναριθμήσω
1316 2922 1381 2976 τα
1437 2921 1573 2998 τρία,
1634 2919 1725 2976 ἕνα
1769 2922 1898 2977 Θεὸν
1930 2922 2054 2979 οῖδα

419 3034 441 3062 ι
490 3005 709 3063 τέλειον.
741 3006 812 3063 03
838 3007 1080 3063 σύνθετόν
1137 3009 1275 3064 ἐστιν
1331 3011 1365 3076 ἡ
1421 3009 1630 3078 θεότης,
1690 3009 1807 3065 ἀλλ’
1837 3010 1892 3066 ἐν
1921 3014 2055 3090 τρισὶ

417 3119 443 3148 α
477 3094 693 3156 τελείοις
739 3093 792 3150 ἔν
835 3094 1058 3169 τέλειον,
1119 3097 1307 3174 ἀμερὲς
1364 3098 1451 3153 καὶ
1515 3098 1810 3161 ἀσύνθετον,
1879 3089 2052 3157 ΗΟταν

419 3204 442 3234 ι
487 3182 545 3236 σὲ
574 3183 671 3248 τὴν
702 3184 827 3260 πρὸς
859 3181 1067 3249 ἄλληλα
1114 3184 1302 3262 σχέσιν
1332 3191 1436 3240 τίυν
1483 3186 1816 3242 ὑποστάσεων
1859 3189 2050 3256 ἓννοή-

420 3303 442 3331 ι
477 3297 574 3349 σω,
622 3272 745 3329 οἶδα
804 3273 884 3330 ὅτι
969 3276 1106 3331 ἐστὶν
1166 3279 1193 3332 ὁ
1255 3277 1432 3354 Πατὴρ
1487 3279 1816 3354 ῦπερούσιος,
1874 3279 2048 3350 ἥλιος,

417 3385 444 3416 σι
663 3362 1008 3438 ἀγαθότητος,
1045 3361 1268 3428 ἄϐυσσος
1324 3363 1525 3440 οὖσίας,
1582 3364 1764 3444 λόγου,
1841 3369 2047 3448 σοφίας,

413 3473 441 3504 ι
478 3449 768 3522 δυνᾶμεως,
825 3453 1021 3530 φωτὸς,
1083 3452 1333 3518 θεότητ›ς
1404 3455 1554 3531 πηγή
1626 3459 1911 3532 γεννητική
1967 3460 2054 3513 καὶ

415 3564 438 3593 ι
472 3535 805 3616 προῗλητικὴ
862 3547 955 3595 τοῦ
1017 3538 1070 3594 ἐν
1126 3540 1259 3616 αῦτῇ
1317 3542 1530 3620 κρυφίου
1614 3543 1832 3620 ἀγαθοῦ,
1892 3548 2052 3608 Αὐτὸς

416 3647 439 3680 ι
489 3625 584 3699 μὲν
613 3627 700 3681 οῦν
733 3626 841 3681 ἐστι
872 3634 1011 3698 νοῦς,
1075 3626 1323 3699 ἄϐυσσος,
1383 3631 1551 3706 Λόγου
1606 3632 1896 3711 γεννήτωρ,
1968 3636 2054 3689 καὶ

419 3740 440 3770 ι
471 3713 554 3770 δια
624 3715 791 3791 Λόγου
861 3714 1144 3793 προϐολεὺς
1228 3715 1599 3796 ἐκραντορικοῦ
1677 3722 1974 3786 Πνεύματος
2010 3743 2037 3780 ι

418 3825 438 3855 ι
473 3805 561 3858 καὶ
605 3802 694 3858 ἵνα
737 3805 813 3874 μή
845 3802 1021 3859 πολλὰ
1048 3804 1210 3882 λέγω,
1245 3807 1340 3860 οὒκ
1382 3805 1490 3862 ἐστι
1551 3811 1626 3880 τῷ
1662 3810 1822 3887 Πατρὶ
1852 3808 2042 3889 Λόγος,

416 3911 438 3940 ι
472 3890 623 3968 σοφία
673 3888 909 3964 δυνάμις,
956 3890 1169 3958 θέλησις
1214 3894 1256 3948 εἰ
1314 3896 1390 3967 μὴ
1422 3897 1449 3949 ὁ
1511 3897 1652 3965 Υἱὸς,
1712 3895 1768 3959 ὅς
1825 3897 1966 3952 ἐστιν

412 4003 436 4034 α
471 3981 607 4053 μόνη
652 3976 867 4052 δυνάμις
920 3987 1013 4036 τοῦ
1071 3983 1296 4059 Πατρὸς,
1374 3983 1407 4049 ἡ
1477 3987 1894 4063 προκαταρκτικὴ
1946 3985 2042 4053 τῆς

415 4089 439 4120 a
488 4072 590 4122 τῶν
621 4067 832 4122 πάντων
875 4070 1164 4138 ποιήσεως.
1211 4073 1398 4142 Οὗτος,
1451 4074 1523 4134 ὡς
1586 4070 1758 4128 τελεία
1807 4075 2044 4130 ὑποστα-

420 4182 440 4208 σ
486 4177 566 4216 σις
595 4155 944 4232 γεννώμενος,
994 4159 1066 4220 ὡς
1108 4155 1250 4214 οἶδεν
1296 4161 1472 4232 αὐτὸς,
1508 4161 1624 4223 Υἱὸς
1681 4161 1791 4218 ἔστί
1846 4183 1903 4218 τε
1961 4162 2047 4219 καὶ

2150 1751 2295 1811 lium
2328 1752 2430 1813 illa
2459 1751 2850 1830 proferri.sed
2885 1753 2955 1813 ad
2988 1754 3481 1815 manil‘estandum
3515 1757 3791 1818 eumdem

2153 1841 2343 1920 ipsum
2379 1842 2610 1902 Patrem
2659 1839 3038 1919 principium.
3075 1843 3388 1919 originem.
3444 1851 3500 1904 et
3554 1861 3790 1904 causam

2150 1928 2413 1989 omnium
2447 1947 2600 2002 esse,
2633 1928 2771 1988 licet
2821 1947 2928 2007 per
2965 1928 3180 1990 Filium
3216 1931 3489 1991 universa
3519 1931 3792 1992 dicantur

2151 2033 2303 2078 esse.
2337 2015 2406 2078 Et
2437 2015 2589 2078 hanc
2619 2015 2973 2077 sententiam
3008 2018 3319 2078 confirmat
3343 2018 3621 2080 idemmet
3648 2035 3791 2082 san-

2146 2116 2275 2164 ctus
2306 2103 2364 2164 in
2397 2105 2604 2164 eadem
2660 2104 2937 2185 pericope
2982 2107 3230 2186 dicens;
3263 2105 3474 2167 Filium
3507 2127 3646 2169 vero
3670 2125 3791 2170 non

2145 2193 2398 2252 dicimus
2427 2211 2688 2262 causam,
2710 2211 2900 2273 neque
2932 2195 3258 2266 l’auede
3292 2196 3464 2275 plane
3498 2215 3608 2257 nec
3629 2197 3790 2258 aliud

2146 2283 2454 2342 insinuans
2488 2300 2500 2338 :
2535 2280 2718 2342 Filius
2767 2299 2903 2342 vero
2948 2283 3030 2342 uti
3086 2281 3258 2342 Pater
3302 2303 3418 2344 non
3450 2295 3559 2359 est,
3596 2304 3788 2368 neque

2143 2388 2318 2430 causa
2350 2378 2429 2429 uti
2464 2369 2636 2431 Pater
2668 2379 2796 2430 est:
2833 2387 2949 2430 non
3006 2379 3096 2430 cst
3140 2389 3356 2451 nempe
3413 2372 3540 2453 ipse
3597 2392 3788 2435 causa;

2142 2459 2330 2536 origo,
2365 2467 2424 2518 et
2458 2457 2844 2537 principium.

2223 2552 2512 2627 Eiusdem
2543 2569 2622 2614 ex
2649 2553 2876 2614 (let-imo
2908 2554 3086 2634 tertio
3117 2556 3311 2634 capite
3363 2553 3439 2616 de
3480 2554 3706 2618 divinis

2785 2633 3166 2696 nominibus.

2221 2719 2436 2783 CXLII.
2479 2719 2654 2782 cNam
2687 2741 2820 2782 cum
2855 2742 3030 2784 unam
3055 2741 3121 2784 ex
3149 2722 3333 2784 tribus
3357 2724 3628 2804 personis
3649 2743 3786 2785 con-

2148 2832 2174 2868 ti
2209 2810 2430 2884 siilero,
2458 2811 2782 2890 perfectum
2815 2809 3002 2872 Deum
3038 2831 3105 2872 ac
3139 2812 3454 2892 perfectam
3506 2812 3788 2874 substan-

2075 2891 2115 2940 C
2147 2925 2172 2954 ιι
2209 2899 2346 2959 tiam
2363 2916 2855 2976 agnosco,rursus
2871 2919 3006 2960 cum
3033 2891 3448 2980 treSpersonas
3469 2915 3784 2976 connecto,

2146 3013 2168 3044 α
2205 2988 2502 3068 simulque
2536 2989 3010 3049 reccnseoDeum
3044 3009 3226 3051 unum
3265 2989 3589 3068 perfectum
3614 3010 3790 3067 agno-

2143 3103 2169 3132 α
2205 3074 2542 3156 sco.Neque
2564 3095 2720 3138 enim
2740 3077 3130 3156 compositum
3155 3078 3433 3157 quiddam
3455 3088 3544 3139 est
3565 3080 3782 3141 divini-

2141 3192 2162 3224 ι
2206 3167 2424 3228 taszsed
2459 3166 2517 3226 in
2551 3165 2738 3225 tribus
2769 3165 3045 3244 perfectis
3071 3167 3345 3246 personis
3362 3186 3476 3227 una
3497 3169 3776 3248 perfecta,

2143 3282 2165 3311 ιι
2201 3255 2474 3332 simplex,
2505 3272 2572 3314 ac
2595 3253 2899 3314 divisionis
2935 3272 3150 3334 expers
3179 3263 3408 3315 natura.
3444 3254 3588 3317 Cum
3620 3257 3783 3318 deni-

2143 3371 2166 3400 ιι
2204 3363 2320 3424 que
2353 3353 2613 3404 mutuam
2648 3361 2776 3404 eam
2808 3343 3205 3416 atfectionem,
3238 3344 3542 3423 quaeinter
3573 3363 3781 3425 perso-

2145 3460 2172 3490 α
2210 3453 2314 3496 nas
2343 3443 2454 3505 est,
2509 3433 2705 3492 animo
2763 3433 3152 3512 contemplor,
3210 3433 3356 3494 illud
3413 3442 3778 3514 compertum

2144 3549 2169 3579 a
2208 3522 2420 3597 habeo,
2475 3520 2702 3581 Patrem
2763 3521 3345 3600 superessentialem,
3379 3522 3564 3584 solem
3626 3541 3778 3601 esse,

2145 3637 2167 3668 σ
2209 3611 2490 3673 bonitatis
2520 3610 2768 3690 fontem,
2803 3610 3095 3682 essentia},
3140 3610 3406 3683 rationis,
3446 3611 3776 3693 sapientiae,

2137 3737 2158 3770 ι
2200 3701 2497 3788 potentia},
2535 3701 2803 3779 luminis,
2841 3699 3165 3760 divinitatis
3209 3699 3510 3780 abyssum,
3536 3701 3779 3762 delites-

2135 3824 2159 3857 α
2197 3796 2388 3859 centis
2413 3803 2589 3872 atque
2621 3791 2871 3852 abstrusi
2892 3791 2945 3852 in
2964 3810 3024 3851 se
3042 3791 3784 3872 bonigenitricem.acpro-

2135 3912 2162 3945 α
2196 3885 2523 3948 ductricem
2553 3880 2994 3958 scaturigiuem.
3031 3877 3162 3959 ipse
3193 3880 3412 3959 quippe
3445 3897 3611 3940 mens
3663 3893 3777 3962 est,

2133 4001 2157 4033 (ι
2195 3973 2441 4036 rationis
2476 3969 2742 4049 abyssus.
2779 3967 2952 4029 Verbi
3011 3970 3264 4044 genitor,
3298 3969 3782 4049 exlulauuntisque

2135 4088 2156 4120 ι
2195 4063 2454 4143 Spiritus
2489 4077 2595 4138 per
2627 4056 2882 4118 Verbum
2932 4058 3268 4134 protluctor.
3325 4061 3433 4128 Ac,
3471 4076 3546 4118 ne
3601 4060 3782 4121 multa

2135 4178 2162 4208 ιι
2199 4152 2419 4222 dicam,
2483 4147 2639 4210 Patri
2685 4164 2801 4206 non
2860 4146 3016 4205 aliud
3051 4156 3137 4205 est
3177 4145 3456 4224 Verbum,
3507 4165 3622 4206 non
3665 4148 3778 4208 alia

419 4269 440 4299 ο
475 4245 707 4322 λέγεται,
761 4249 832 4304 Τὸ
873 4246 928 4303 δὲ
1001 4255 1210 4323 Πνεῦμα
1251 4251 1312 4305 τὸ
1361 4249 1508 4329 ἅγιον
1576 4253 1924 4332 ἐκφαντορική
1955 4277 2047 4312 του

2143 4263 2166 4302 ι
2203 4240 2513 4317 sapientia,
2557 4236 2641 4295 vis
2684 4253 2751 4295 ac
2809 4235 3077 4294 voluntas
3135 4244 3345 4313 praeter
3402 4235 3640 4307 Filium,
3675 4237 3776 4316 qui

414 4358 437 4388 σ
471 4336 680 4412 κρυφίου
737 4341 833 4401 τῆς
913 4338 1162 4404 θεότητος
1239 4328 1454 4414 δύναμις
1536 4328 1660 4398 τοῦ·
1710 4328 1935 4424 Πατρὸς,
1990 4343 2050 4401 ἐκ

2143 4354 2159 4386 ι
2202 4329 2325 4390 sola
2354 4335 2443 4386 est
2483 4328 2669 4386 Patris
2705 4328 2983 4402 potentia,
3023 4341 3056 4382 a
3085 4342 3202 4402 qua
3259 4340 3456 4383 rerum
3509 4328 3774 4383 omnium

415 4443 442 4474 α
477 4425 678 4500 Πέτρος
733 4426 831 4497 μὲν
873 4423 936 4478 δι’
993 4428 1112 4482 Υἱοῦ
1155 4427 1571 4504 ἐκπορευομένη,
1632 4432 1702 4494 ὡς
1754 4428 1922 4497 οἶδεν,
1989 4431 2048 4488 οῦ

415 4536 436 4566 ι
470 4518 759 4586 γεννητὼς,
822 4514 912 4566 Διὸ
955 4515 1041 4568 καὶ
1086 4521 1297 4588 Πνεῦμα
1356 4515 1508 4592 ἅγιον
1562 4519 1622 4573 τὸ
1678 4516 2046 4598 τελεσιουργὸν

415 4622 440 4650 ι
471 4604 571 4664 τῆς
601 4621 706 4654 των
777 4600 1026 4656 ἁπάντων
1096 4604 1384 4670 ποιήσεως,
1462 4593 1609 4660 ΗΟετα
1665 4609 1785 4683 γοῦν
1830 4607 2044 4686 ἁρμόζει

413 4709 439 4739 α
474 4689 641 4760 αἰτίῳ,
704 4689 878 4766 πατρὶ,
937 4695 1110 4765 πηγῇ,
1171 4693 1466 4769 γεννήτυρι,
1539 4700 1615 4765 τῷ
1686 4696 1846 4771 Πατρὶ
1903 4693 2048 4768 μόνον

417 4803 436 4831 ι
473 4776 876 4853 προσαρμοστέα
910 4795 924 4809 ⁶
985 4777 1082 4832 ὅσα
1136 4775 1190 4833 δέ
1262 4781 1500 4852 αἰτιατῷ,
1575 4783 1833 4857 γεννήτῷ,
1920 4785 2044 4856 Υἱῴ,

412 4888 438 4922 ι
487 4863 662 4939 Λόγῳ,
736 4861 969 4938 δυνάμει,
1044 4875 1471 4944 προκαταρκτικῇ
1551 4869 1785 4949 θελήσει,
1871 4872 2046 4949 σοφία,

416 4973 438 5007 ε
475 4957 551 5023 τῷ
617 4953 720 5025 ι’ἰῴ
753 4971 764 4984 ⁶
829 4951 924 5008 ὅσα
981 4952 1034 5008 δὲ
1091 4957 1328 5029 αἰτιατῴ,
1411 4958 1731 5034 ἐκπορευτῴ,
1790 4959 2048 5037 ἐκφαντο-

417 5063 438 5095 c
478 5047 630 5116 ρικῷ,
688 5039 1082 5118 τελεσιουργικῇ
1155 5041 1390 5119 δυνάμει,
1452 5053 1529 5119 τῷ
1584 5047 1717 5124 ἁγίῳ
1760 5048 2043 5121 Πνεῦματι.

423 5159 444 5188 ο
475 5121 532 5184 Ὀ
590 5129 793 5206 Πατὴρ,
852 5131 1028 5208 πηγή,
1095 5132 1232 5186 αἰτία
1299 5135 1416 5190 ι’ἱοῦ
1471 5135 1556 5189 καὶ
1630 5136 1953 5209 Πνεύματος.
1992 5127 2047 5192 Ὀ

409 5244 434 5274 α
474 5220 590 5280 Υἱὸς
661 5219 800 5288 Υἱὸς,
859 5218 1050 5294 Λόγος,
1132 5221 1305 5299 σοφία,
1407 5225 1494 5278 καὶ
1570 5222 1810 5299 δοναμις,
1870 5225 2044 5294 εἰκὼν,

407 5326 434 5360 ί
483 5307 825 5384 ἀπαύγασμα,
886 5308 1161 5386 χαρακτὴρ
1241 5310 1332 5365 τοῦ
1389 5313 1588 5388 Πατρὸς
1673 5313 1760 5367 καὶ
1832 5312 1890 5368 ἐκ
1957 5320 2051 5368 τοῦ

409 5418 436 5448 α
473 5396 696 5472 Πατρὸς,
731 5395 832 5471 οὐχ
899 5393 1011 5455 Υἱὸς
1057 5391 1110 5448 δὲ
1169 5402 1260 5450 τοῦ
1318 5398 1645 5471 Πνεύματος.
1711 5400 1781 5454 Τὸ
1839 5403 2050 5471 Πνεῦμα

410 5510 432 5540 ο
469 5485 527 5538 τὸ
594 5484 743 5560 ἅγιον
817 5489 1026 5557 Πνεῦμα
1081 5490 1173 5539 τοῦ
1252 5487 1472 5562 Πατρὸς,
1561 5489 1633 5549 ὡς
1719 5486 1778 5542 ἐκ
1850 5489 2048 5564 Πατρος

1132 5221 1305 5301 σοφία,

2136 4443 2162 4473 ιι
2199 4413 2532 4498 procreatio
2565 4413 2798 4472 initium
2831 4413 3084 4486 accepit.
3113 4414 3196 4474 Aul
3235 4412 3389 4471 hunc
3423 4411 3684 4484 modum,
3715 4423 3775 4474 ut

2138 4528 2163 4565 ι
2203 4507 2462 4585 perfecta
2491 4519 2744 4581 persona
2765 4519 2832 4559 ex
2863 4500 3120 4578 perfecta
3145 4518 3395 4579 persona
3415 4500 3614 4578 genita
3634 4520 3773 4579 que-

2137 4619 2160 4649 (ι
2199 4591 2576 4653 madmodum
2613 4589 2738 4669 ipse
2771 4591 2951 4653 novit.
2988 4588 3170 4649 Filius
3195 4599 3300 4660 est,
3329 4608 3395 4650 ac
3418 4588 3774 4650 «licitur.Ac-

2143 4707 2158 4735 ι
2199 4690 2496 4760 postremo
2527 4676 2783 4756 Spiritus
2833 4688 3091 4750 sanctus,
3151 4678 3336 4738 Patris
3370 4680 3626 4756 potentia
3657 4689 3768 4748 est,

2139 4794 2162 4827 «ι
2201 4768 2530 4830 divinitatis
2579 4766 2859 4826 lati-bram
2893 4767 2983 4825 det
3007 4767 3225 4835 larans,
3260 4784 3294 4826 a
3339 4768 3504 4826 Patre
3531 4765 3771 4845 quidem

2139 4881 2164 4917 ι
2201 4875 2306 4936 per
2326 4855 2536 4918 Fllinm
2575 4855 2923 4934 procedens,
2975 4875 3090 4934 quo
3143 4863 3309 4934 pacto
3342 4853 3399 4914 id
3435 4856 3552 4922 ﬁat,
3614 4854 3773 4915 novit

2140 4973 2164 5001 ι(
2199 4947 2349 5026 ipse,
2414 4964 2527 5004 non
2582 4953 2777 5004 tamen
2829 4944 3110 5022 gignendi
3171 4943 3368 5004 modo.
3403 4942 3570 5005 Unde
3595 4941 3769 5002 etiam

2140 5061 2165 5090 α
2200 5034 2457 5114 Spiritus
2489 5039 2727 5092 sanctus
2782 5032 3046 5092 universi
3099 5032 3567 5111 procreationem
3594 5029 3770 5090 veluti

2138 5147 2161 5180 ι(
2200 5121 2477 5182 omnibus
2532 5120 2651 5180 suis
2711 5121 2976 5181 numeris
3033 5121 3299 5181 absolvit.
3353 5120 3674 5193 Quorcirca
3705 5137 3775 5180 ea

2137 5237 2166 5267 τ(
2203 5213 2421 5282 omnia,
2449 5227 2577 5288 quae
2608 5227 2822 5281 causan,
2863 5212 3108 5288 parenti,
3142 5209 3310 5288 fonti,
3341 5210 3592 5288 genitori
3622 5227 3770 5270 con-

2139 5326 2165 5355 σ
2203 5299 2460 5371 veniunt,
2499 5316 2567 5358 ea
2593 5297 2704 5357 soli
2739 5299 2893 5360 Patri
2921 5300 3355 5360 accommodari
3378 5299 3617 5360 debent:
3642 5316 3772 5378 qua:

2139 5417 2159 5447 α
2199 5400 2396 5450 autem
2423 5406 2454 5446 a
2481 5405 2656 5447 causa
2706 5388 2968 5467 profecto
2995 5405 3063 5448 ac
3088 5388 3287 5466 genito
3347 5389 3516 5464 Filio,
3547 5387 3765 5465 Verbo,

2140 5508 2160 5536 α
2203 5475 2567 5558 primordiali
2603 5477 2898 5556 potentize,
2933 5479 3236 5557 voluntati,
3270 5478 3575 5558 sapientia;
3622 5496 3772 5559 qua-
