4180 6282
3514 95 3535 105 .-
3730 100 3739 103 -

1517 128 1623 145 Ἃ

2204 142 2227 145 Α
3542 128 3609 143 ’_.a<

2560 146 2597 151 -_
3476 146 3511 153 Α

420 238 535 303 595

1476 239 1744 305 JOANN.
1780 240 2000 304 VECCI
2036 238 2149 301 cp.
2182 208 2722 304 PATRIABCQE

3428 158 3457 165 Ι

3198 164 3443 207 f7
3487 210 3497 219 .

3662 226 3780 293 596

426 392 454 425 α
489 368 762 445 drant,ea
791 370 938 435 Filio
970 371 1288 435 tribuenda
1309 378 1448 433 sunt
1481 390 1494 429 :
1531 388 1600 431 ea
1631 365 1889 449 denique
1921 386 2086 430 om-.

2203 370 2641 450 ἐκπορευόμενον.
2700 368 2925 446 Οὐδεμία
3018 369 3118 449 γὰρ
3180 367 3320 448 ὁρμὴ
3404 363 3526 423 ἄνευ
3609 360 3781 419 Πνεύ-

429 481 450 514 ι
488 457 587 519 nia
612 477 743 540 quae
770 478 1000 523 acausa
1030 480 1137 542 per
1169 459 1610 541 processionem
1647 457 1928 533 mananti,
1963 466 2056 520 at-

2171 481 2397 535 ῑματος.
2472 462 2571 518 Καὶ
2649 462 2769 517 Υἱοῦ
2836 458 2892 515 δὲ
2935 458 3168 534 Πνεῦμα,
3215 461 3319 536 οὐχ
3372 457 3445 512 ὧν
3504 452 3557 519 ἐξ
3585 450 3780 542 $6105:

427 570 455 602 α
489 565 605 628 que
636 539 891 611 Obscura
924 539 1293 629 patefacientl
1322 557 1381 610 et
1413 546 1761 627 perficiendi
1785 547 2062 627 potentiae

2171 547 2328 605 [ἀλλ’
2358 550 2432 612 ὡς
2487 546 2554 604 δι’
2611 550 2770 607 αὑτοῦ
2825 547 2884 604 ἐκ
2937 554 3031 605 103
3084 546 3286 624 111196:
3344 539 3778 621 ἐκπορευόμενον.

431 656 453 690 α
492 648 848 715 congruunt,
881 634 1124 716 Spiritui
1155 637 1265 699 soli
1290 636 1595 713 assignare
1622 636 1923 696 convenit.
1979 639 2063 697 Ac

2171 660 2180 690 ι
2213 637 2385 699 Μόνος
2415 637 2515 715 γὰρ
2545 636 2719 702 αἴτιος
2750 639 2779 693 6
2811 635 3011 712 Πατήρ.
3047 662 3068 692 ι

430 745 454 780 ε
493 724 669 786 Pater
696 724 936 804 quidem
965 725 1096 786 fons
1129 734 1184 786 et
1233 731 1439 787 auctor
1489 732 1600 800 est,
1664 733 1786 785 tum
1846 724 1981 785 Filii
2038 732 2160 786 tum
2221 723 2476 804 Spiritus
2530 724 2769 787 sancti:
2832 724 3020 786 solius
3066 731 3261 785 tamen
3317 718 3451 783 Filii
3490 719 3688 792 Pater,
3718 733 3788 779 ac

430 833 459 866 α
492 810 746 891 Spiritus
766 811 953 873 sancti
987 815 1325 892 productor.
1360 813 1543 875 Filius
1573 822 1794 884 autem,
1828 822 1884 874 et
1915 812 2100 874 Filius
2129 821 2188 874 et
2216 814 2505 887 Verbum,
2539 823 2598 875 et
2626 812 2914 894 sapientia
2945 823 3004 874 et
3062 820 3344 891 potentia,
3394 815 3453 869 et
3482 806 3696 885 imago,
3730 810 3791 894 et

432 922 459 953 ε
493 898 801 978 splendor,
837 910 898 962 et
929 900 1235 964 character
1263 901 1454 963 Patris
1486 910 1596 968 est.
1630 911 1689 963 et
1720 920 1787 963 ex
1825 900 2013 963 Patre.
2052 902 2126 963 At
2156 899 2414 981 Spiritus
2464 893 2707 964 sanctus
2756 918 2874 965 non
2934 901 3120 962 Patris
3173 897 3379 971 Filius,
3438 895 3542 958 sed
3602 893 3793 957 Patris

432 1011 460 1042 α
492 986 746 1066 Spiritus
775 996 887 1069 est,
924 1001 989 1049 ut
1017 988 1118 1070 qui
1149 1009 1219 1050 ex
1248 995 1416 1052 Patre
1448 991 1745 1068 procedat.
1780 988 1992 1051 Nullus
2022 991 2180 1051 enim
2214 995 2287 1052 ad
2322 1009 2450 1051 rem
2483 991 2662 1052 ullam
2710 991 2842 1052 sine
2870 989 3096 1070 Spiritu
3143 996 3344 1049 sancto
3374 985 3630 1065 impetus
3658 998 3794 1044 esse

437 1099 463 1130 ι
496 1084 709 1155 potest.
734 1074 846 1149 Qui
880 1077 1009 1140 Filii
1043 1097 1279 1159 quoque
1311 1077 1570 1158 Spiritus
1598 1077 1832 1155 dicitur,
1869 1098 1985 1140 non
2016 1086 2081 1141 ut
2108 1097 2181 1141 ex
2209 1079 2366 1159 ipso,
2405 1080 2510 1142 sed
2546 1099 2652 1160 per
2706 1079 2901 1160 ipsum
2934 1097 3005 1141 ex
3036 1081 3208 1142 Patre
3232 1075 3585 1158 procedens.
3618 1071 3792 1134 Solus

435 1184 463 1223 ι
497 1164 654 1226 enim
687 1166 868 1228 Pater
889 1185 1065 1228 causa
1094 1176 1209 1230 est.

998 1256 1494 1319 Animadversio.

510 1344 896 1409 Considerato
939 1347 1284 1426 diligenter,
1334 1367 1701 1430 quaecunque
1753 1368 1860 1430 per
1887 1357 2071 1412 totam

438 1459 466 1490 α
499 1436 657 1497 hanc
690 1436 1030 1515 pericopem
1076 1436 1329 1498 obscure
1381 1439 1533 1500 forte
1562 1439 1796 1500 videtur
1836 1449 2073 1500 sanctus

438 1548 463 1580 ιι
502 1524 842 1601 scripsisse,
873 1524 933 1584 in
963 1526 1077 1586 ﬁne
1101 1525 1258 1586 illius
1293 1536 1351 1586 et
1380 1527 1745 1608 declarasse,
1780 1536 1837 1588 et
1868 1528 2071 1607 expla-

441 1636 469 1666 α
505 1630 700 1682 nasse,
736 1622 795 1673 et
834 1631 943 1692 per
994 1613 1147 1673 hanc
1178 1621 1236 1673 et
1267 1614 1675 1694 przedigestam
1709 1615 2069 1695 pericopem.

2806 1257 3140 1320 Ἐπιστασία.

2237 1369 2263 1403 α
2299 1349 2582 1419 Ἐννόησον
2613 1351 2872 1429 ἀκριϐῶς,
2897 1358 3012 1414 πῶς
3068 1350 3167 1407 ὅσα
3221 1345 3289 1404 δι’
3346 1345 3477 1414 ὅλης
3534 1350 3632 1412 τῆς
3686 1365 3791 1400 πε-

2162 1468 2182 1497 ι
2230 1445 2455 1517 ρικοπῆς
2507 1440 2705 1505 ταύτης
2782 1441 2998 1519 ἀσαφῶς
3082 1438 3229 1517 τάχα
3298 1436 3530 1516 φαίνεται
3587 1434 3793 1511 γράψας

2161 1551 2188 1582 α
2222 1527 2250 1584 6'
2278 1528 2454 1605 ἅγιος,
2513 1528 2567 1584 ἓν
2621 1535 2699 1603 τῷ
2754 1527 2894 1583 τέλει
2950 1527 3144 1593 ταύτης
3204 1526 3291 1581 καὶ
3346 1523 3651 1603 ἒσαφήνισε,
3703 1521 3794 1577 καὶ

2165 1640 2186 1670 α
2217 1616 2515 1693 ἡρμήνευσε
2570 1615 2653 1673 διὰ
2728 1617 2925 1683 ταύτης
2995 1614 3050 1671 δὲ
3127 1615 3214 1670 καὶ
3281 1613 3379 1680 τὴν
3433 1607 3795 1689 προλαϐοῦσαν

446 1724 473 1756 α
510 1700 675 1773 Quod
709 1701 867 1762 enim
902 1701 959 1762 in
984 1702 1085 1763 illa
1111 1703 1276 1764 dixit:
1311 1705 1389 1764 Ex
1426 1704 1571 1764 Filio
1598 1721 1740 1765 vero
1773 1723 1887 1764 non
1918 1694 2075 1765 ilici-

2171 1725 2182 1756 I
2219 1708 2535 1785 περικοπήν.
2569 1694 2648 1763 "0
2675 1707 2773 1782 γὰρ
2832 1705 2887 1761 ἐν
2940 1704 3114 1781 ἐκείνη
3163 1704 3352 1770 εἰπεῖν,
3400 1700 3498 1758 Ἐκ
3550 1721 3639 1755 του
3677 1700 3799 1754 Υἱοῦ

447 1808 640 1850 «mus
697 1788 1023 1870 Spiritum,
1080 1792 1138 1851 in
1203 1792 1310 1852 hac
1380 1792 1703 1853 dilucidius
1769 1793 2082 1872 eXplicavit

448 1902 470 1933 ι
508 1878 752 1953 dicens,
805 1878 876 1940 Et
925 1880 1055 1942 Filii
1123 1878 1417 1961 Spiritus:
1468 1899 1585 1941 non
1651 1881 1731 1942 uti
1784 1901 1853 1943 ex
1910 1884 2075 1959 ipso,

444 1990 474 2024 an
505 1967 610 2029 sed
658 1967 740 2027 uti
793 1987 898 2047 per
941 1968 1132 2049 ipsum
1179 1988 1248 2029 ex
1302 1972 1473 2031 Patre
1534 1970 1883 2047 procedens.
1919 1970 2080 2032 Tan-

449 2055 645 2117 «dem
702 2056 804 2117 illa
856 2076 991 2138 quae
1063 2056 1394 2131 subinfert,
1447 2056 1619 2121 Solus
1679 2060 1836 2119 enim
1906 2076 2082 2120 causa

442 2167 465 2201 α
501 2143 695 2235 Pater,
747 2145 1115 2222 universam,
1160 2154 1224 2208 ut
1275 2146 1557 2222 diximus,
1590 2147 2079 2235 pericopemelu-

439 2257 468 2289 ε
501 2233 798 2297 cidarunt.
834 2257 864 2291 ι

1074 2328 1401 2408 Refutatio.

517 2416 671 2480 Vere
700 2416 941 2499 quidem
966 2419 1024 2480 in
1044 2420 1162 2481 ﬁne
1181 2421 1448 2483 adductae
1479 2422 1789 2502 pericopes
1812 2423 2083 2504 apposita

438 2526 473 2569 a
504 2506 1207 2576 sancto,declarationem
1235 2529 1439 2571 eorum
1472 2512 1802 2581 continent,
1828 2531 1961 2591 quae
1979 2530 2084 2592 per

437 2594 774 2656 universam
825 2593 1040 2656 dictam
1093 2598 1456 2677 pericopem,
1487 2617 1597 2660 nec
1618 2618 1734 2660 non
1769 2600 1826 2660 in
1854 2618 2082 2680 praece-

438 2683 599 2745 denti
626 2681 983 2763 perobscure
1005 2685 1238 2748 videtur
1266 2687 1603 2768 scripsisse,
1630 2708 1746 2749 non
1779 2709 1851 2750 eo
1882 2703 2081 2751 tamen

442 2772 822 2853 modo,quem
848 2781 943 2834 tua
964 2774 1235 2837 doctrina
1273 2794 1418 2856 prop
1462 2777 1679 2851 nit,sed
1717 2778 2080 2858 profundiori

439 2873 497 2923 et
531 2860 921 2942 exquisitiori.
964 2867 1110 2926 Nam
1143 2884 1277 2925 cum
1322 2864 1381 2925 in
1416 2866 1783 2944 praecedente
1841 2883 2081 2929 sanctus

438 2950 798 3031 scripsisset,
831 2949 908 3012 Ex
944 2952 1093 3015 Filio
1126 2971 1263 3015 vero
1313 2952 1596 3034 Spiritum
1653 2974 1770 3016 non
1804 2955 2318 3044 dicimus.ca'z’-po:
2356 2955 2409 3011 ἐν
2435 2959 2503 3031 τῇ
2551 2951 2890 3032 προλαόούσῃ
2959 2954 3241 3031 περίκοπῆ,
3303 2950 3400 3008 Ἐκ
3453 2956 3547 3005 τοῦ
3605 2951 3724 3004 Υὶοῦ

438 3038 1001 3098 volensaueindicta
1026 3041 1303 3098 nericone
1325 3043 2082 3098 exnonere-tllud_exFilio_
2166 3044 2228 3098 16
2288 3043 2497 3098 Πνεῦμά
2563 3045 2622 3098 οῦ
2685 3041 2934 3098 λέγομεν-
2994 3043 3085 3098 καὶ
3151 3039 3317 3097 θέλων
3358 3037 3413 3093 ἓν
3465 3043 3533 3098 τῆ
3591 3034 3734 3098 ὅτιθεί

2166 3044 2228 3098 16
2288 3043 2497 3118 Πνεῦμά
2563 3045 2622 3100 οῦ
2685 3041 2934 3121 λέγομεν,
2994 3043 3085 3098 καὶ
3151 3039 3317 3097 θέλων
3358 3037 3413 3093 ὲν
3465 3043 3533 3113 τῇ
3591 3037 3806 3114 ῥηθείσῃ

438 3038 832 3120 volensquein
846 3040 1001 3102 dicta
1026 3041 1303 3122 pericope
1325 3043 2083 3122 exponere,dlud,exFilio,

439 3129 771 3193 convellere
798 3148 929 3212 quae
961 3131 1253 3210 pessimus
1279 3132 1602 3193 Eunomius
1623 3131 2085 3213 decernebat,ex

437 3216 587 3281 Filio
602 3220 1030 3282 antecedenter
1049 3219 1231 3281 veluti
1251 3240 1318 3281 ex
1345 3221 1533 3301 prima
1557 3239 1737 3281 causa
1782 3231 1841 3284 et
1864 3222 2083 3301 princi-

438 3306 536 3387 pio
565 3304 847 3387 Spiritum
881 3326 1307 3380 asserens,non
1338 3327 1473 3369 vero
1503 3328 1610 3389 per
1643 3308 1852 3371 Filium
1884 3328 2088 3390 recrp-

439 3404 560 3457 tum
588 3413 602 3458 :
629 3414 823 3475 neque
868 3395 1028 3460 enim
1076 3397 1191 3458 alio
1218 3397 1393 3457 modo
1419 3397 1593 3458 trium
1628 3401 1996 3474 continuum,
2032 3409 2091 3460 et

437 3502 779 3562 commune,
810 3485 967 3564 quod
1000 3484 1059 3545 in
1093 3497 1300 3546 natura
1352 3497 1461 3546 est.
1518 3494 1924 3550 conservatur.
1975 3487 2088 3548 nisi

438 3571 694 3651 Spiritus
720 3592 827 3653 per
850 3570 1061 3634 Filium
1093 3592 1164 3637 ex
1193 3576 1368 3637 Patre
1420 3578 1797 3655 procederet,
1832 3593 1935 3655 pro
1961 3576 2088 3636 cla-

437 3661 614 3723 ritate
662 3669 720 3722 et
767 3660 1159 3741 expositione,
1194 3680 1325 3742 quae
1357 3664 1507 3725 forte
1558 3662 1811 3725 obscure
1863 3663 2089 3742 digesta

439 3755 613 3810 antea
659 3749 847 3823 fuere,
907 3749 1214 3829 subjunxit
1269 3750 1329 3811 in
1389 3752 1546 3813 dicta
1580 3753 1881 3833 pericope,
1916 3778 1942 3808 α
1970 3772 2088 3815 non

439 3844 714 3918 tanquam
747 3856 815 3900 ex
847 3838 1002 3919 ipso.
1045 3864 1068 3898 υ
1104 3838 1175 3900 Et
1206 3857 1323 3901 una
1354 3840 1587 3903 simula
1617 3851 1698 3917 te,
1757 3842 1856 3921 qui
1914 3841 2087 3920 legis,

438 3924 585 3987 illud
609 3926 1138 4006 consideretur,uti
1170 3946 1238 3989 ex
1272 3928 1462 4007 prima
1487 3948 1664 3991 causa
1689 3938 1746 3990 et
1770 3928 2085 4009 principio,

439 4012 542 4075 sed
576 4015 662 4079 uti
709 4033 815 4095 per
867 4015 1059 4095 ipsum
1094 4034 1161 4076 ex
1193 4019 1372 4079 Patre
1424 4018 1776 4097 procedens,
1812 4017 1905 4078 cui
1956 4036 2089 4078 cum

437 4099 600 4163 addit
632 4118 645 4163 :
686 4122 716 4161 ι
747 4101 922 4165 Solus
946 4104 1105 4163 enim
1136 4120 1316 4164 causa
1348 4102 1544 4175 Pater,
1575 4125 1602 4164 ι
1673 4104 2087 4181 manifestavit,

439 4209 556 4252 non
610 4208 741 4252 essa
778 4209 1016 4284 causam
1055 4191 1402 4271 primarium
1435 4193 1670 4267 Filium,
1705 4212 1909 4255 eorum
1937 4214 2086 4272 quo-
2113 4222 2332 4284 υμενον
2369 4217 2382 4233 ο

438 4296 568 4340 rum
601 4279 691 4340 ise
714 4296 892 4342 causa
926 4278 1096 4341 Pater
1127 4290 1215 4341 est
1247 4298 1262 4343 :
1296 4281 1560 4363 itemque
1613 4301 1728 4343 non
1790 4301 1923 4345 esse
1973 4283 2092 4363 pri-

443 4386 595 4430 mam
620 4378 951 4436 causam.et
974 4370 2095 4451 principiumFiliuinznonvero,utqui-

440 4456 574 4519 dam
620 4458 899 4539 suspicati
930 4468 1048 4532 snt,
1085 4469 1403 4538 proptetea
1450 4470 1693 4522 sanctus
1722 4460 1869 4521 dixit
1903 4478 1916 4522 :
1952 4484 1974 4515 α
2010 4459 2092 4521 Ex

439 4545 592 4608 Filio
624 4564 762 4608 vero
787 4544 1070 4627 Spiritum
1103 4566 1220 4609 non
1251 4548 1568 4629 dicimus,»
1607 4555 1674 4612 ut
1702 4549 2094 4627 distingueret

442 4634 660 4697 Filium
688 4653 722 4696 a
745 4634 939 4699 Patre.
977 4635 1123 4698 Nam
1163 4639 1210 4697 si
1261 4639 1318 4700 id
1352 4646 1534 4710 esset,
1569 4656 1868 4718 nunquam
1903 4636 2092 4698 dixis-

442 4733 680 4800 set,non
713 4724 795 4785 uti
827 4742 899 4787 ex
928 4725 1079 4806 ipso.
1126 4726 1229 4786 sed
1264 4735 1327 4787 ut
1356 4745 1461 4807 per
1492 4726 1686 4804 ipsum
1731 4727 2087 4806 procedens.

443 4812 750 4895 Separatio
777 4815 935 4876 enim
964 4815 1147 4877 Filiia
1171 4818 1342 4879 Patre
1374 4837 1673 4897 nunquam
1710 4816 1767 4878 in
1798 4816 2093 4878 exsisten-

442 4904 525 4965 tia
547 4902 799 4985 Spiritus
827 4925 862 4967 a
883 4903 1080 4967 Patre.
1115 4905 1287 4980 illud,
1322 4924 1428 4987 per
1458 4907 1695 4980 Filium,
1729 4905 2092 4968 admitteret.

443 4994 866 5059 Verumtamen
882 4995 1285 5072 illud,¢Nemo
1305 4996 1498 5060 bonus
1522 4997 1636 5059 nisi
1653 5015 1806 5057 unus
1822 4995 2026 5057 Deus"
2040 5019 2092 5058 ,ι

447 5101 694 5163 magnus
710 5084 983 5166 Basilius,
1014 5104 1120 5166 pro
1142 5105 1236 5161 eo,
1263 5087 1381 5149 nisi
1402 5087 2094 5166 solusPater,exponens,

445 5180 508 5234 et
536 5172 708 5254 plane
731 5174 963 5247 dicens,
997 5174 1322 5238 dictionem
1357 5175 1664 5256 denotare,
1695 5174 1951 5252 primum
1987 5172 2098 5235 ho-

439 5279 586 5322 num
619 5278 753 5324 esse
780 5260 1037 5334 Patrem,
1073 5272 1133 5325 et
1175 5262 1346 5339 illud,
1386 5288 1413 5321 α
1445 5264 1634 5327 Nemo
1668 5262 1827 5325 novit
1882 5261 1970 5322 Fil
1996 5279 2095 5323 um

448 5348 560 5410 nisi
591 5349 858 5425 Pater”,
888 5376 915 5406 »
953 5359 1011 5412 et
1040 5350 1101 5411 in
1157 5351 1254 5413 illa
1297 5351 1789 5436 interpretatione
1835 5350 2096 5412 demon-

525 5516 579 5569 ²ι
616 5519 739 5582 Luc
772 5536 937 5596 xvm,
969 5520 1048 5591 19
1100 5519 1154 5563 υ
1178 5521 1385 5589 Matth.
1412 5543 1498 5602 χι,
1531 5527 1630 5589 27.

2166 1817 2193 1849 κ
2227 1792 2282 1850 δὲ
2353 1796 2415 1850 16
2475 1800 2684 1869 Πνεῦμα
2743 1794 2803 1850 οῦ
2859 1793 3107 1872 λέγομεν,
3168 1792 3223 1848 ἐν
3275 1791 3440 1866 ταύτῃ
3484 1787 3799 1869 σαφέστερον

2167 1906 2191 1939 ε
2225 1882 2439 1962 εἴρηκεν
2498 1884 2680 1942 εἰπὼν.
2778 1884 2876 1941 Καὶ
2970 1884 3089 1939 Υἱοῦ
3159 1887 3368 1955 Πνεῦμα
3421 1881 3525 1957 οὐχ
3618 1879 3691 1939 ὡς
3748 1874 3804 1939 ἐξ

2171 1994 2194 2027 ι
2232 1972 2405 2045 αὒτοῦ,
2449 1969 2568 2028 ἆΛλ’
2625 1973 2698 2036 ὼς
2756 1968 2822 2027 δι’
2893 1973 3052 2028 αὐτοῦ
3106 1970 3167 2027 ἐκ
3214 1978 3307 2028 τοῦ
3374 1968 3578 2040 Πατρὸς
3634 1965 3801 2021 ἐκπο-

2171 2088 2194 2120 ι
2241 2062 2544 2139 ρευόμενον.
2593 2051 2654 2116 Ἠ
2699 2057 2898 2139 66106,
2948 2059 3117 2124 Μόνος
3170 2059 3272 2136 γὰρ
3324 2054 3496 2118 αἴτιος
3540 2056 3568 2110 6
3595 2053 3802 2131 Πατὴρ⁵

2170 2169 2194 2205 ι
2221 2148 2502 2227 ἐπαγωγὴ,
2564 2150 2662 2215 τὴν
2732 2146 2890 2227 ὅλην,
3003 2149 3075 2211 ὡς
3164 2143 3409 2221 εἴπομεν,
3510 2142 3804 2220 περικοπὴν

2168 2260 2195 2291 ι
2228 2237 2562 2316 ἐσαφήνισεν.
2619 2258 2643 2294 ι
3575 2236 3579 2240 ί

2819 2327 3168 2408 Ἀντέρῤησις.

2246 2423 2487 2491 Ἀληθῶς
2517 2424 2613 2499 μὲν
2664 2424 2730 2479 τὰ
2769 2423 2822 2479 ἐν
2876 2429 2953 2496 τῷ
3007 2420 3146 2478 τέλει
3188 2425 3288 2487 τῆς
3345 2420 3589 2496 ῥηθεῖσης
3647 2437 3803 2493 περι-

2166 2513 2337 2581 κοπῆς
2408 2520 2485 2587 τῷ
2526 2514 2660 2590 ἁγίῳ
2743 2510 2993 2589 εἰρημένα
3064 2509 3351 2590 σαφήνειαν
3415 2529 3533 2563 τινα
3595 2506 3805 2585 φέρουσι

2163 2608 2292 2676 τῶν,
2323 2600 2422 2658 ὅσα
2474 2599 2538 2658 δι’
2584 2600 2715 2668 ὅλης
2771 2603 2867 2669 τῆς
2923 2604 3217 2674 περικοπῆς
3275 2598 3493 2671 ταύτης,
3557 2594 3694 2655 ἀλλὰ.
3736 2591 3802 2658 δὴ

2162 2692 2251 2747 καὶ
2304 2689 2399 2757 τῆς
2457 2686 2820 2768 προλαϐούσης
2861 2686 3081 2768 ἀσαφῶς
3146 2687 3291 2765 τάχα
3360 2686 3595 2765 φαίνεται
3664 2681 3802 2768 γρά-

2165 2783 2294 2853 ψας,
2344 2767 2631 2856 πλὴνοὺχ
2685 2778 2759 2839 ὡς
2814 2777 2848 2843 ἡ
2904 2767 2988 2841 σὴν
3030 2772 3263 2831 διδάσκει
3321 2771 3615 2843 ἕπιστασια,
3669 2767 3807 2823 ἀλλὰ

2165 2868 2439 2945 βαθύτερον
2523 2863 2700 2929 ἄλλως
2770 2866 2856 2922 καὶ
2932 2862 3315 2942 ἀκριϐέστερον.
3401 2861 3574 2917 Εἰπὼν
3625 2859 3724 2935 γὰρ
3757 2858 3808 2945 Αδ

2166 2942 2318 3033 ἅγιος
2354 2942 2409 3011 ἒν
2435 2959 2503 3031 τῇ
2551 2951 2890 3032 προλαόούσῃ
2959 2954 3241 3031 περίκοπῆ,
3303 2950 3400 3008 Ἕκ
3453 2956 3547 3005 τοῦ
3605 2951 3724 3004 1,ἱοῦ
3752 2942 3809 3001 δὲ

2168 3137 2434 3208 περικοπῇ
2491 3135 2819 3208 παραστῆσει
2875 3134 2949 3194 ὡς
3004 3132 3180 3187 ἐκεῖνο
3252 3129 3337 3207 16,
3395 3127 3455 3183 ἐκ
3511 3133 3597 3183 τοῦ
3663 3127 3807 3202 Υἱοῦ,

2169 3221 2394 3299 ἀναιρεῖ,
2429 3217 2557 3297 ὅπερ
2607 3221 2636 3276 6
2689 3219 2939 3282 κάκιστος
3010 3217 3264 3292 Εῦνόμιος
3319 3214 3677 3292 ὲδογμάτιζεν,
3750 3211 3812 3267 ἐκ

2169 3315 2260 3365 τοῦ
2299 3310 2418 3365 Υἰοῦ
2484 3306 2893 3386 προηγουμένως
2975 3308 3047 3369 ὡς
3117 3308 3179 3361 kx
3231 3305 3448 3384 πρώτης
3504 3301 3666 3363 αἰείας
3724 3302 3812 3356 καὶ

2170 3398 2347 3477 ἀρχῆς
2399 3396 2570 3475 ὶέγων
2612 3398 2673 3452 16
2731 3402 2966 3474 Πνεῦμα,
3027 3394 3277 3469 οῦμενουν
3332 3394 3391 3449 τὸ
3446 3394 3520 3455 ὡς
3575 3388 3658 3445 διὰ
3720 3395 3812 3446 τοῦ

2182 3491 2300 3546 Υἱοῦ
2358 3484 2904 3566 παραλαμϐανόμενον
2939 3503 2952 3517 ⁸
3054 3483 3172 3542 οῦδὲ
3239 3485 3339 3564 γὰρ
3395 3482 3456 3538 ἄν
3523 3480 3694 3543 ἄλλως
3751 3482 3814 3536 τὸ

2169 3585 2274 3634 τῶν
2338 3584 2495 3657 τριῶν
2566 3578 2785 3656 συνεχὲς
2855 3598 2913 3633 τε
2962 3577 3050 3634 καὶ
3142 3573 3370 3653 συμφυὲς
3438 3568 3717 3650 τηρηθείη,
3771 3570 3817 3625 εἱ

2170 3671 2278 3743 μὴν
2306 3669 2368 3723 16
2421 3672 2631 3740 Πνεῦμα
2671 3675 2765 3724 τοῦ
2837 3667 2957 3721 Υἱοῦ
3009 3666 3073 3721 εκ
3126 3670 3217 3719 τοῦ
3261 3662 3462 3736 Πατρδς
3520 3660 3808 3736 ἐκπορευο-

2172 3777 2326 3832 μενον
2368 3754 2460 3821 εἴη
2490 3755 2575 3811 ἐπὶ
2603 3754 2861 3833 σαφηνείᾳ
2898 3756 2987 3810 καὶ
3036 3753 3287 3832 ἑρμηνείᾳ
3342 3750 3449 3807 τών
3501 3750 3644 3827 τάχα
3673 3747 3814 3802 ἆσα-

2170 3846 2280 3925 φῶς
2338 3841 2731 3924 προρρηθέντων
2787 3840 3057 3920 ἐπήγαγεν
3126 3839 3180 3896 ἐν
3223 3845 3292 3915 τῇ
3363 3836 3579 3916 ῥηθείσῃ
3659 3855 3815 3911 περι-

2169 3924 2415 4010 κοπῇτὸ
2450 3959 2473 3991 ι
2508 3933 2610 4012 οὐχ
2670 3932 2742 3994 ὡς
2807 3928 2861 3996 ἒξ
2921 3931 3098 3989 αὐτοῦ.
3162 3953 3185 3986 ι
3264 3929 3363 3987 Καὶ
3416 3924 3817 3984 συνεπινοείσθω

2174 4043 2255 4079 σοι
2284 4028 2360 4095 τῷ
2388 4020 2798 4098 ἀναγινώσκοντι
2854 4020 2940 4092 16,
2998 4020 3071 4081 ὡς
3127 4016 3189 4073 ἐκ
3242 4015 3456 4095 πρώτης
3513 4014 3681 4075 αἰτίας
3728 4012 3817 4098 καὶ

2171 4110 2372 4190 ἀρχῆς,
2405 4097 2522 4165 ἀλλ’
2585 4109 2659 4172 ὡς
2708 4106 2755 4163 δι
2812 4108 2970 4165 αὐτοῦ
3020 4106 3081 4163 ἐκ
3134 4112 3226 4162 τοῦ
3281 4105 3484 4183 Πατρὸς
3530 4097 3817 4180 ἐκπορευό-

2445 4201 2685 4279 προσθεὶς
2737 4198 2792 4254 δὲ
2848 4200 2935 4255 καὶ
2991 4199 3075 4270 16,
3117 4221 3137 4251 ι
3196 4196 3362 4257 Μόνος
3421 4194 3521 4272 γὰρ
3572 4190 3745 4255 αἴτιος
3789 4192 3818 4246 6

2175 4293 2381 4372 Πατὴρ,
2414 4315 2436 4347 ι
2476 4289 2771 4362 δεδήλωκεν
2826 4293 2901 4355 ὡς
2955 4293 3050 4349 οῦκ
3112 4288 3177 4345 ἅν
3219 4288 3311 4355 εἴη
3354 4285 3528 4342 αἴτιον
3596 4283 3821 4363 ἀρχικὸν

2175 4386 2203 4440 6
2241 4385 2382 4461 Υἱὸς,
2416 4381 2490 4438 ὥν
2539 4381 2832 4438 αὒτοαίτιος
2885 4382 2913 4436 6
2968 4379 3170 4457 Πατὴρ,
3215 4378 3303 4433 καὶ
3343 4378 3416 4438 ὡς
3461 4376 3583 4454 οἰχὶ
3635 4373 3821 4461 πρώτη

2175 4470 2314 4526 αἰτία
2341 4459 2429 4526 καὶ
2457 4469 2604 4549 ἀρχὴ
2637 4474 2728 4525 τοῦ
2772 4467 3072 4542 Πνεύματός
3115 4468 3259 4521 ἔστιν
3314 4465 3342 4520 6
3411 4464 3529 4526 Υἱὸς
3567 4477 3579 4491 '
3638 4459 3820 4549 oiipsv,

2175 4579 2287 4632 ουν,
2320 4560 2394 4621 ὡς
2458 4547 2596 4620 τινες
2651 4555 2997 4635 ὑπειλήφασι,
3051 4552 3135 4610 διὰ
3191 4560 3345 4609 τοῦτο
3403 4554 3430 4607 6
3485 4550 3636 4628 ἅγιος
3693 4547 3817 4628 ἔφη,

2181 4672 2207 4702 ι
2240 4648 2302 4704 ἐκ
2330 4654 2422 4705 τοῦ
2462 4649 2581 4704 Υἱοῦ
2622 4645 2676 4702 δὲ
2707 4647 2767 4702 τὸ
2818 4651 3031 4719 Πνεῦμα
3087 4643 3148 4699 οῦ
3177 4641 3427 4719 λέγομεν,
3465 4667 3487 4699 ι
3547 4638 3641 4694 ’ἱνα
3692 4635 3777 4694 δια
3805 4656 3820 4672 ’

2174 4736 2356 4814 στείλῖ,
2396 4736 2487 4793 τόν
2553 4737 2672 4791 Υἱὸν
2718 4735 2821 4790 ἀπὸ
2851 4736 2942 4790 τοῦ
2998 4733 3222 4812 Πατρός,
3259 4732 3317 4788 Εἰ
3373 4731 3472 4807 γὰρ
3533 4728 3674 4784 τοῦτ’
3729 4726 3822 4814 ἦν,

2176 4829 2269 4886 οῦκ
2312 4812 2373 4882 ἅν
2402 4842 2529 4882 ποτε
2585 4822 2709 4904 ἔφη,
2769 4827 2874 4902 οῦχ
2942 4824 3016 4886 ὡς
3086 4819 3138 4886 ἐξ
3194 4822 3372 4891 αὐτοῦ,
3427 4814 3544 4872 ἀλλ’
3623 4819 3696 4880 ὡς
3755 4812 3819 4871 δι’

2178 4917 2335 4974 αὐτοῦ
2423 4902 2858 4992 ἐκπορεῦόμενον.
2950 4902 3014 4967 Ἠ
3097 4911 3197 4988 γὰρ
3264 4907 3370 4964 ἀπὸ
3452 4912 3544 4962 τοῦ
3616 4905 3821 4980 Πατρὸς

2180 5003 2432 5071 διαστολὴ
2460 5012 2552 5061 τοῦ
2617 5003 2760 5079 Υἶοῦ,
2817 5003 2912 5058 οὒκ
2965 4997 3027 5054 ἂν
3078 5017 3248 5079 ποτε-
3285 4995 3338 5052 ἐν
3519 4993 3823 5079 ὲκιηατρὸς

2180 5083 2391 5162 ὑπάρξει
2422 5069 2541 5140 -τοῦ
2611 5069 2936 5154 Πνεύματος,
3026 5075 3370 5156 παραδέξαιτο
3426 5069 3488 5129 16
3545 5069 3611 5128 δι’
3681 5069 3819 5128 Υἱοῦ.

2184 5161 2349 5229 Ἀλλὰ
2391 5173 2588 5243 καὶτὸ,
2625 5195 2647 5225 ι
2681 5167 2857 5232 Οὐδεὶς
2917 5167 3111 5245 ἀγαθὸς
3165 5166 3209 5220 εἰ
3266 5161 3342 5239 μή
3373 5162 3460 5224 εἷς
3516 5163 3544 5219 ὁ
3602 5161 3754 5228 Θεὸς,
3798 5183 3819 5214 ι

2182 5260 2401 5339 ὁμὲγας
2433 5257 2702 5322 Βασίλειος
2752 5257 2867 5312 ἀντὶ
2910 5262 3025 5330 τοῦ,
3073 5255 3131 5312 Εἰ
3187 5252 3277 5339 μὴ
3323 5254 3482 5339 μόνος
3623 5249 3825 5327 Πατὴρ,

2180 5337 2552 5427 ἐξηγούμενος,
2613 5348 2698 5402 καὶ
2751 5345 2931 5424 σαφῶς
2995 5342 3185 5421 λέγων,
3261 5338 3492 5411 δήλωσιν
3560 5337 3706 5417 ἔχειν
3764 5339 3826 5396 τὸ
