4208 6296
507 336 622 400 599

1609 333 1815 396 JOAN.
1863 329 2082 394 VECCI
2125 327 2235 389 CP.
2269 327 2785 392 PATRIARGH/E

3759 329 3876 396 600

509 490 533 527 α
567 467 856 541 veritatis,
885 468 988 548 qui
1039 486 1074 531 a
1123 470 1298 532 Patre
1328 463 1618 548 procedit,
1666 463 1931 526 deducet
1958 480 2060 524 vos
2091 461 2146 522 in

2236 483 2262 518 ε
2299 461 2451 536 ὃμᾶς.
2489 485 2516 516 ιι
2559 463 2656 521 Καὶ
2680 461 2839 520 πάλιν
2871 480 2888 498 ⁶
2931 488 2955 519 ιι
2995 454 3169 524 U01m
3199 465 3255 523 δὲ
3285 465 3410 544 ἔλθῃ
3438 469 3466 524 ὁ
3497 466 3870 546 Παρόκλητος,

507 582 538 617 ρ
571 575 808 620 omnem
837 557 1144 619 veritatem
1172 556 1255 619 ιδ.
1295 581 1322 612 »
1357 555 1423 616 In
1447 574 1518 615 eo
1547 563 1770 625 autem,
1793 551 1948 632 quod
1979 549 2149 625 dixit,

513 670 536 703 ι
576 645 658 708 Ex
692 648 865 708 Patre
893 645 1182 718 procedit,
1213 644 1477 706 ostendit
1509 645 1739 705 Patrem
1768 658 1900 702 esse
1928 640 2151 701 fontem

510 756 534 791 ι
573 732 847 814 Spiritus.
884 738 953 798 Et
983 752 1102 795 non
1132 733 1300 811 dixit,
1361 732 1665 810 procedet,
1699 730 1800 792 sed
1853 730 2150 808 procedit,

511 842 543 883 ε
574 823 899 884 ostendens
928 831 987 882 et
1017 829 1246 884 naturae
1271 820 1668 893 identitatem,
1701 825 1759 879 et
1809 817 2158 878 substantiae

513 933 537 967 ι
575 909 1132 982 indivisibilitatem,
1171 918 1232 971 et
1265 907 1754 978 indifferentiam,
1787 913 1848 966 et
1876 905 2157 966 unionem

513 1021 536 1054 ε
577 996 1164 1078 personarum.Quod
1190 997 1348 1058 enim
1384 997 1675 1076 procedit,
1711 1013 1828 1054 non
1867 1001 2057 1072 potest
2085 992 2158 1054 ab

512 1109 535 1143 ι
573 1103 642 1147 eo
674 1086 961 1164 separari,
988 1105 1022 1147 a
1055 1105 1172 1166 quo
1193 1086 1461 1166 procedit
1507 1084 1748 1146 Divinus
1779 1101 1916 1142 vero
1964 1083 2157 1162 Apos-

506 1202 534 1234 α
571 1177 725 1240 tolus
755 1177 828 1238 de
875 1179 1096 1249 Spiritu
1128 1179 1254 1240 haec
1285 1178 1430 1238 dicit
1461 1197 1475 1232 τ
1513 1175 1766 1256 Spiritus
1813 1174 1974 1234 enim
2023 1192 2156 1235 om-

510 1285 534 1320 α
575 1265 674 1325 nia
724 1273 1042 1344 scrutatur,
1079 1269 1255 1326 etiam
1312 1265 1601 1344 prot'uuda
1653 1262 1759 1324 Dei
1787 1261 1877 1325 33.
1916 1287 1941 1317 ι
1977 1262 2061 1324 Ac
2084 1279 2159 1322 ne

509 1353 700 1432 «quis
748 1353 1120 1431 ignoratione
1180 1371 1316 1413 esse
1376 1351 1799 1413 scrutationem
1883 1359 2152 1430 putaret,

511 1461 540 1500 ι
573 1439 916 1519 subjunxit:
951 1467 976 1494 α
1012 1439 1222 1501 Nullus
1253 1440 1560 1501 hominum
1623 1439 1804 1513 novit,
1839 1457 1970 1516 qua}
2020 1447 2157 1500 sunt

509 1553 536 1585 α
572 1530 855 1605 hominis,
887 1529 1000 1589 nisi
1026 1530 1271 1609 spiritus
1309 1529 1589 1601 hominis,
1623 1529 1722 1607 qui
1757 1531 1811 1588 in
1850 1530 1977 1606 ipso
2011 1536 2097 1589 est
2133 1549 2148 1590 :

507 1636 538 1676 ι
573 1616 653 1676 ita
684 1625 748 1677 ut
773 1635 904 1698 qua:
934 1617 1045 1680 Dei
1071 1626 1209 1680 sunt
1229 1637 1404 1680 nemo
1428 1617 1720 1697 cognovit,
1756 1617 1868 1679 nisi
1897 1615 2152 1697 Spiritus

507 1730 536 1762 α
571 1707 677 1771 Dei
705 1708 842 1768 97.)

1079 1890 1585 1953 Animadversio.

585 2007 612 2038 α
643 1983 860 2048 Audito
887 1983 1044 2044 hunc
1066 2002 1305 2064 quoque
1328 1982 1832 2063 sapientiSsimum
1866 2001 1933 2044 ac
1955 1982 2153 2044 erudi-

506 2093 530 2126 ι
559 2073 850 2133 tissiuium
901 2073 1160 2146 Patrem,
1216 2092 1332 2134 non
1391 2073 1621 2133 diversa
1652 2072 1723 2133 ab
1756 2071 1890 2132 aliis
1936 2071 2152 2133 divinis

507 2183 533 2214 α
574 2160 845 2222 Patribus
874 2160 949 2220 de
980 2161 1363 2239 processione
1409 2160 1662 2241 Spiritus
1711 2160 1903 2220 sancti
1937 2160 2149 2220 decer-

508 2275 532 2306 α
565 2261 833 2321 nentem,
867 2249 1301 2331 docentemque
1332 2267 1468 2310 eum
1503 2268 1571 2310 ex
1595 2249 1716 2310 Deo
1744 2251 1916 2311 Patre
1958 2249 2147 2310 exsis-

503 2337 747 2398 tentiam
773 2335 1018 2398 habere.

1167 2430 1500 2507 Refutatio.

582 2521 1036 2584 Eruditissimus
1093 2541 1162 2583 ac
1225 2521 1702 2600 sapientissimus
1758 2522 1851 2583 hic
1904 2521 2014 2592 vir,
2049 2521 2145 2584 hic

504 2609 652 2670 nihil
685 2609 1049 2690 habet.quod
1082 2629 1115 2670 a
1148 2613 1393 2671 veritate
1416 2611 1710 2670 absonum
1747 2610 1844 2676 sit.
1881 2629 2013 2671 cum
2048 2630 2144 2670 as-

497 2699 663 2770 serit,
697 2716 763 2758 ex
801 2698 922 2760 Deo
955 2709 1016 2760 et
1063 2697 1233 2760 Patre
1280 2699 1563 2777 Spiritum
1598 2698 2000 2759 exsisteutiain
2035 2701 2140 2760 ha-

495 2785 664 2861 bere,
698 2805 768 2846 ex
799 2805 1052 2866 quonam
1080 2788 1240 2848 enim
1274 2787 1372 2847 Ille
1401 2787 1688 2864 originem
1722 2807 1886 2848 suam
1921 2806 1984 2848 ac
2010 2789 2143 2848 fon-

497 2881 616 2935 tem
648 2886 1021 2952 agnosceret,
1056 2877 1169 2936 nisi
1199 2883 1355 2936 esset
1387 2894 1454 2936 ex
1489 2875 1690 2936 Patre?
1726 2877 2142 2938 Verumtamen

496 2959 557 3021 in
617 2961 740 3021 suis
795 2962 1076 3023 adversus
1126 2963 1404 3043 Cyrillum
1463 2963 1909 3033 certaminibus,
1943 2974 2148 3024 contra

497 3048 774 3110 eumdem
808 3049 971 3112 orbis
1003 3059 1290 3112 terrarum
1326 3051 1853 3130 lumendisputaus
1876 3052 2120 3132 biasphe

498 3137 654 3210 miaa,
687 3156 754 3199 ac
787 3138 1108 3220 impietatis
1141 3149 1334 3200 notum
1365 3139 1599 3220 inussit,
1633 3140 1681 3200 si
1711 3141 1809 3200 ille
1842 3141 2142 3220 pr0prium

495 3224 625 3288 Filii
657 3223 942 3306 Spiritum
975 3229 1329 3298 dixit,veluti
1366 3247 1435 3289 ex
1457 3227 1731 3298 Filio,aut
1766 3247 1871 3308 per
1898 3227 2142 3303 Ftlium,

496 3311 778 3393 Spiritum
824 3333 956 3378 esse
1009 3317 1324 3378 deﬁniens.
1380 3319 1655 3378 Attamen
1705 3317 2146 3378 eruditissnmus

493 3401 594 3464 hic
623 3421 689 3463 ac
721 3403 1198 3482 sapientissimus
1228 3405 1640 3466 Tlieodoretus
1663 3405 2032 3465 tantumdem
2074 3424 2143 3466 ex

495 3489 599 3550 illa
619 3509 726 3551 sua
748 3491 805 3551 in
829 3501 1095 3554 sanctum
1123 3494 1400 3574 Cyrillum
1429 3493 1808 3554 contentione
1838 3493 1898 3553 in
1929 3493 2140 3555 Eccle-

495 3578 582 3639 sia
613 3577 714 3638 Dei
746 3580 1068 3652 demeruit,
1119 3584 1195 3642 ob
1251 3601 1432 3657 quam
1493 3582 1815 3660 impietatis
1873 3592 2140 3643 sanctum

495 3667 810 3739 accusavit,
845 3667 895 3728 si
929 3669 1231 3748 proprium
1264 3669 1395 3730 Filii
1426 3672 1708 3749 Spiritum
1761 3669 1928 3742 dicit,
1961 3670 2142 3730 veluti

497 3771 566 3815 ex
599 3754 748 3816 Filio
779 3769 883 3816 aut
914 3756 1235 3836 perFilium
1287 3759 1661 3818 existentiam
1690 3756 1957 3830 haberet,
1991 3772 2054 3818 ut
2085 3767 2144 3819 et

497 3841 948 3923 depositioni,et
995 3845 1414 3925 proscriptioni
1472 3846 1752 3908 subactus
1773 3845 1968 3925 fuerit,
2005 3845 2144 3907 licet

495 3946 704 4013 postea
759 3933 1242 4014 semetipsum.et
1298 3951 1612 3996 sermones
1671 3933 1959 4014 proprios,
1993 3953 2142 4016 quos

493 4021 875 4083 exsecranda;
930 4024 1326 4084 contentionis
1383 4022 1576 4084 studio
1627 4023 1945 4096 effutierat,
1990 4042 2140 4085 con-

496 4109 810 4186 demnans,
843 4130 912 4174 ac
936 4111 1239 4192 ablegans,
1274 4123 1326 4175 et
1357 4113 1752 4176 anathematis
1779 4112 1927 4175 diris
1956 4114 2141 4176 devo-

491 4216 636 4262 vens
660 4199 749 4261 vix
785 4200 1023 4263 tandem
1051 4212 1330 4282 receptus
1364 4211 1480 4265 est.

531 4292 634 4356 Ex
659 4311 853 4374 opere,
886 4296 1058 4372 cujus
1086 4295 1196 4357 illa
1229 4304 1316 4358 est
1347 4297 1682 4377 inscriptio,
1723 4320 1750 4352 α
1782 4296 2102 4377 Eranista,

936 4382 1064 4437 sive
1096 4376 1559 4456 Pnlymorphus.
1601 4401 1627 4432 ιο

578 4463 838 4527 CXLIV.
883 4493 906 4523 α
936 4419 1626 4531 ’ρᾷ
1671 4468 1844 4531 Patre
1904 4479 1959 4531 et
2019 4419 2208 4532 DeoD

488 4577 513 4611 c
554 4571 687 4615 esse
703 4571 868 4616 sacra
901 4555 1044 4616 dicit
1087 4555 1412 4636 Scriptura.
1450 4557 1516 4618 B.
1554 4559 1709 4619 Vera
1758 4557 1930 4620 dicis.
1969 4560 2039 4622 A.
2074 4561 2148 4622 Et

498 4664 521 4700 σ
561 4640 848 4721 Spiritum
883 4653 1150 4705 sanctum
1198 4646 1477 4707 similiter
1505 4665 1574 4708 ex
1622 4647 1742 4707 Deo
1775 4666 1906 4708 esse
1948 4648 2140 4710 docet.

495 4757 516 4788 ι
551 4731 620 4792 Β.
652 4727 715 4790 In
749 4731 1018 4792 confesso
1041 4740 1149 4796 est.
1181 4733 1253 4796 Δ.
1287 4736 1364 4796 At
1398 4737 1584 4798 Deum
1615 4735 1856 4815 quidem
1887 4735 2144 4798 \‘erbum

497 4839 522 4876 α
553 4819 774 4882 Filium
811 4821 1079 4882 nominat
1107 4821 1502 4900 unigenitum.
1528 4825 1575 4886 Β
1621 4823 2034 4887 Sicnomiuat.
2069 4825 2138 4889 Α.

503 4933 526 4965 σ
560 4905 844 4986 Spiritum
895 4920 1090 4972 autem
1140 4921 1410 4973 sanctum
1445 4932 1744 4993 nunquam
1779 4913 1866 4973 sic
1888 4914 2144 4993 appella-

496 5017 523 5050 α
557 4994 1157 5078 vit.B.Nusquam.A.
1199 5001 1267 5060 Et
1297 5009 1494 5061 tamen
1524 5001 1574 5062 is
1603 5021 1838 5082 quoque
1869 5021 1939 5063 ex
1971 5004 2142 5065 Patre

493 5109 514 5142 ι
552 5092 610 5146 et
639 5084 760 5146 Deo
789 5103 954 5148 suam
989 5087 1166 5150 habet
1189 5089 1618 5153 exsistentiam.
1654 5091 1719 5152 Β.
1751 5090 1971 5153 Verum
2023 5100 2130 5154 est.

493 5194 521 5227 ι
552 5171 926 5244 A.Quoniam
949 5174 1130 5254 igitur
1145 5177 1504 5240 conﬁtemur
1525 5178 1722 5240 exDeo
1737 5187 1794 5241 et
1811 5181 1982 5242 Patre
2007 5198 2140 5242 esse

491 5279 515 5316 ι
553 5259 827 5349 etEilium
857 5269 916 5322 et
946 5263 1235 5343 Spiritum
1262 5274 1556 5344 sanctum,
1592 5266 1856 5329 audesne
1880 5286 2136 5349 unquam

496 5370 524 5404 α
555 5344 840 5435 Spiritum
875 5360 1142 5412 sanctum
1174 5355 1473 5435 appellare
1507 5355 1718 5418 Filium
1740 5355 1772 5417 ?
1801 5357 1869 5418 Β.
1895 5344 2133 5435 Nequa-

494 5459 516 5490 ε
549 5451 751 5516 quam.
784 5434 859 5498 N.
883 5440 1070 5510 Quam
1102 5439 1178 5502 ob
1207 5434 1336 5505 rem
1356 5443 1386 5503 ‘I
1407 5443 1476 5506 Β.
1501 5442 1648 5516 Quia
1678 5443 1740 5506 in
1773 5463 1942 5508 sacra
1973 5434 2133 5507 Scri-

561 5593 621 5646 ’7
645 5593 817 5662 Joan.
850 5612 932 5671 ιι,
965 5597 1057 5661 J3.
1092 5597 1151 5650 εϐ
1181 5599 1204 5664 Ι
1234 5603 1370 5665 Cor.
1405 5621 1469 5684 η,
1510 5605 1602 5669 10.
1639 5603 1701 5655 27
1729 5603 1883 5667 ibid.
1917 5606 2014 5667 11.

3225 553 3251 572 η

2245 570 2269 606 ι
2302 549 2362 605 τὸ
2421 555 2632 625 Πνεῦμα
2687 557 2783 628 τῇς
2853 552 3125 627 ἀληθείας,
3223 553 3252 610 ὅ
3317 556 3459 632 παρὰ
3513 565 3605 616 τοῦ
3673 557 3877 634 Πατρὸς

2244 635 2660 717 «ἐκπορεύεται,
2718 639 2972 720 ὁδηγήσει
3013 645 3148 718 ὑμᾶς
3192 645 3324 722 πρὸς
3367 650 3541 700 πᾶσαν
3582 649 3680 712 τῆν
3732 644 3875 714 ἀλή-

2239 744 2266 778 tl
2297 731 2462 791 θειαν,
2499 757 2522 788 ι
2560 737 2648 805 Τῷ
2677 729 2731 786 δὲ
2763 733 2955 809 εἰπεῖν,
3014 733 3074 790 ἐκ
3124 741 3215 792 τοῦ
3261 736 3458 812 Πατρὸς
3515 735 3873 810 ἐκπορεύεται,

2245 836 2274 870 σ
2324 814 2478 882 ἔδειξε
2535 818 2718 896 πηγὴν
2771 817 2897 876 ὄντα
2973 823 3066 877 τοῦ
3141 823 3444 897 Πνεύματος
3497 824 3587 880 τὸν
3649 823 3877 902 Πατέρα.

2247 926 2275 958 α
2312 906 2410 962 Καὶ
2464 905 2559 963 οὒκ
2635 908 2776 962 εἶπεν
2862 908 3256 989 ἐκπορεύσεται,
3327 908 3446 966 ἀλλ’
3515 911 3873 990 ἐκπορεύεται,

2247 1011 2276 1050 α
2307 990 2507 1056 δεικνὺς
2560 995 2646 1051 καὶ
2702 1000 2802 1062 τῆς
2857 997 3060 1076 φύσεως
3115 998 3210 1065 τὴν
3259 999 3578 1072 ταυτότητα,
3637 1000 3724 1055 καὶ
3777 1001 3877 1066 τῆς

2249 1100 2272 1134 α
2305 1082 2480 1144 οὗσίας
2537 1083 2594 1138 τὸ
2651 1079 2908 1156 ἄτμητον,
2941 1086 3029 1142 καὶ
3084 1087 3145 1141 τὸ
3188 1083 3431 1165 διάφορον
3494 1089 3581 1144 καὶ
3610 1087 3878 1162 ἡνωμένον

2247 1188 2272 1224 ε
2306 1171 2412 1225 τῶν
2481 1171 2842 1234 ὑποστάσεων.
2903 1175 2974 1230 Τὸ
3016 1175 3114 1252 γὰρ
3185 1173 3597 1252 ἐκπορευόμενον
3667 1175 3878 1255 ἀχώρι-

2247 1279 2271 1310 σ
2315 1278 2438 1322 στος
2470 1256 2520 1324 ἐξ
2574 1260 2796 1340 ἑκείνου,
2854 1259 2906 1326 ἐξ
2973 1261 3034 1317 06
3085 1262 3442 1342 ἐκπορεύεται,
3508 1255 3566 1322 Ὀ
3622 1261 3676 1320 δὲ
3732 1267 3878 1327 θεῖος

2245 1365 2273 1398 ι
2309 1345 2630 1412 Ἀπόστολος
2687 1355 2852 1406 ταῦτα
2904 1351 3021 1428 περὶ
3099 1358 3191 1407 τοῦ
3274 1357 3348 1406 Πν
3380 1353 3576 1426 ύματος
3659 1352 3824 1431 ἔφησε
3858 1369 3873 1386 ⁸

2243 1453 2271 1486 α
2306 1434 2378 1516 Τὸ
2421 1431 2474 1490 δὲ
2508 1435 2716 1510 Πνεῦμι
2746 1437 2918 1496 πάντα
2976 1438 3156 1516 ἐρευνᾷ
3195 1440 3262 1496 τὰ
3314 1439 3450 1515 βάθη
3504 1439 3598 1496 106
3652 1447 3803 1501 Θεοῦ.
3848 1461 3872 1497 ι

2241 1543 2269 1575 ε
2308 1511 2398 1584 Ὠς
2428 1522 2490 1578 ἂν
2517 1521 2572 1580 δὲ
2597 1527 2673 1598 μή
2708 1547 2787 1587 τις
2819 1511 3273 1603 ὄιγνοὶιέὺπολάὸτ⁸
3300 1511 3398 1596 τὴν
3442 1527 3675 1605 ἔρευναν,
3733 1527 3874 1598 ἐπή-

2239 1629 2262 1661 ι
2295 1632 2458 1688 γαγεν
2494 1629 2509 1642 ⁸
2549 1637 2575 1666 ι
2613 1611 2788 1679 Οὐδεὶς
2845 1615 3131 1691 ἀνθρώπων
3184 1615 3301 1672 οἶδε
3345 1617 3409 1672 τὰ
3463 1623 3556 1673 τοῦ
3605 1617 3876 1696 ἀνθρώπου

2234 1723 2258 1756 ι
2286 1699 2330 1753 εἰ
2387 1701 2464 1774 μὴ
2493 1702 2568 1757 τὸ
2637 1709 2844 1777 πνεῦμα
2899 1711 2990 1761 τοῦ
3047 1705 3319 1783 ἀνθρώπου
3357 1725 3368 1736 ·
3427 1726 3449 1757 ι
3499 1703 3634 1760 οὕτω
3681 1706 3768 1761 καὶ
3808 1707 3873 1760 τὰ

2169 1786 2207 1836 Β
2236 1805 2260 1842 α
2294 1794 2385 1844 τοῦ
2419 1795 2550 1846 Θεοῦ
2593 1787 2755 1854 οὐδεὶς
2787 1791 2928 1848 οτδεν
2959 1793 3003 1848 εἰ
3061 1793 3137 1867 μὴ
3166 1795 3226 1849 τὸ
3265 1799 3476 1868 Πνεῦμα
3533 1800 3625 1850 τοῦ
3652 1801 3802 1851 Θεοῦ.
3841 1817 3869 1849 ι

2889 1883 3225 1942 Ἐπιστασία.

2319 1995 2343 2028 α
2397 1963 2599 2032 ’Ἄκουε
2628 1977 2714 2031 καὶ
2760 1975 2852 2032 106
2907 1975 3368 2052 πολυμαθεστάτου
3437 1979 3525 2034 καὶ
3566 1979 3870 2057 σοφωτάτου

2239 2083 2260 2115 ο
2304 2063 2504 2139 Πατρὸς
2547 2065 2614 2120 τὰ
2642 2063 2773 2120 αὗτὰ
2827 2077 2943 2126 τοῖς
3003 2064 3215 2131 λοιποῖς
3257 2067 3412 2129 θείοις
3457 2068 3692 2144 Πκτράσι
3751 2068 3868 2144 περὶ

2239 2170 2261 2204 ε
2313 2149 2407 2217 τῆς
2463 2158 2554 2208 τοῦ
2610 2153 2761 2229 ἁγιου
2812 2155 3114 2228 Πνεύματος
3179 2154 3535 2233 ἐκπορεύσεως
3615 2153 3865 2232 δογματί-

2240 2262 2264 2293 ι
2292 2243 2497 2316 ζοντος,
2532 2241 2618 2294 καὶ
2647 2240 2708 2296 ἐκ
2737 2247 2868 2297 Θεοῦ
2899 2244 3102 2320 Πατρὸς
3145 2241 3295 2322 ἔχειν
3323 2243 3418 2309 τὴν
3472 2241 3687 2322 ὕπαρξιν
3715 2249 3866 2298 τοῦτο

2233 2353 2256 2383 ι
2289 2324 2641 2391 διδάσκοντος,
2692 2345 2719 2381 ι

2893 2420 3223 2502 Ἀντίρῤησις

2311 2502 2368 2569 Ὀ
2411 2511 2867 2588 πολυμαθέστατος
2922 2518 3010 2574 καὶ
3081 2516 3386 2596 σοφώτατος
3443 2519 3593 2582 οὗτος
3651 2517 3862 2576 ἐνταῦθα

2227 2600 2325 2676 μὲν
2356 2599 2500 2658 οὒδέν
2530 2623 2579 2657 τι
2609 2599 2751 2680 λέγει
2795 2601 2992 2676 ἀπᾷδον
3049 2610 3116 2680 τῇ
3175 2603 3416 2678 ἀληθείᾳ,
3476 2607 3537 2661 ἐκ
3589 2615 3680 2664 τοῦ
3734 2613 3863 2663 Θεοῦ

2225 2691 2311 2745 καὶ
2371 2692 2572 2768 Πατρὸς
2631 2689 2785 2769 ἔχειν
2858 2693 2954 2759 τὴν
3011 2689 3224 2767 ὕπαρξιν
3282 2691 3453 2768 λέγων
3511 2694 3572 2748 τὸ
3629 2699 3859 2768 Πνεῦμα.

2227 2780 2389 2833 Πόθεν
2414 2780 2512 2854 γὰρ
2540 2775 2602 2832 ἂν
2629 2780 2715 2834 καὶ
2743 2777 2835 2845 εἴη
2879 2780 3009 2859 ἔχον
3059 2782 3155 2843 τας
3210 2786 3300 2836 τοῦ
3357 2784 3494 2836 εἶναι
3552 2780 3722 2858 ἀρχὰς
3775 2783 3864 2837 καὶ

2225 2867 2404 2942 πηγὰς
2449 2867 2492 2921 εἰ
2535 2867 2612 2940 μὴ
2668 2866 2728 2923 ἐκ
2757 2868 3008 2945 Πατρός;
3055 2867 3107 2923 ἐν
3160 2865 3215 2923 δὲ
3262 2880 3381 2930 τοῖς
3438 2869 3572 2926 κατὰ
3613 2876 3703 2926 τοῦ
3759 2891 3862 2944 με·

2227 2952 2390 3030 γάλου
2422 2953 2673 3032 Κυρίλλου
2715 2955 2914 3033 ἀγῶσιν
2982 2955 3138 3013 αῦτοῦ
3195 2955 3312 3012 κατ’
3369 2955 3566 3014 ἐκείνου
3625 2965 3716 3014 τοῦ
3762 2961 3859 3024 τῆς

2229 3040 2541 3116 οἰκουμένης
2599 3063 2876 3122 φωστηρος
2919 3047 3307 3121 ἀγωνιζόμενος
3374 3044 3712 3124 βλασφημίας
3751 3044 3864 3100 8w-

2229 3127 2432 3193 σεϐείας
2491 3131 2695 3210 γραφὴν
2749 3138 2826 3205 τῷ
2879 3133 3013 3209 ἁγίῳ
3071 3132 3367 3210 προσῆψεν,
3414 3133 3502 3189 ἐὰν
3556 3133 3691 3190 ἵδιου
3748 3137 3865 3191 Υἱοῦ

2224 3217 2427 3282 ἐκεῖνος
2453 3217 2554 3298 ἔφη
2606 3225 2668 3276 τὸ
2711 3225 2945 3298 Πνεῦμα,
3015 3223 3087 3284 ὡς
3129 3221 3183 3286 ἒξ
3241 3224 3377 3290 .106,
3426 3219 3470 3290 ἢ’
3504 3220 3571 3277 δι’
3640 3225 3757 3278 Υἱοο)
3808 3225 3868 3277 τὸ

2224 3313 2435 3381 Πνεῦμα
2485 3304 2770 3385 θεολογῶν.
2828 3300 2885 3365 Ὀ
2917 3306 2970 3363 δὲ
3013 3309 3320 3389 σοφώτατος
3373 3311 3520 3374 οὗτος
3576 3313 3661 3366 καὶ
3693 3311 3862 3367 πολυ-

2226 3396 2550 3470 μαθέστατος
2593 3394 2928 3476 Θεοδώρητος
2977 3397 3231 3454 τοσοῦτον
3277 3403 3376 3464 τῆς
3419 3399 3556 3454 κατὰ
3598 3406 3687 3456 τοῦ
3716 3402 3862 3477 ἁγῖου

2227 3482 2481 3562 Κυρίλλου
2531 3483 2778 3542 ἀπώνατο
2827 3483 3014 3563 ἔριδος,
3074 3483 3146 3541 δι’
3185 3485 3254 3553 ἢν
3295 3487 3383 3542 καὶ
3425 3484 3719 3552 δυσσεϐείας
3775 3491 3863 3543 τὸν

2223 3569 2376 3648 ἅγιον
2405 3569 2648 3652 ἔγραφεν,
2684 3573 2774 3627 ἐὰν
2815 3571 2952 3628 ἴδιον
3033 3575 3152 3630 Υἱοῦ
3195 3573 3338 3651 λέγει
3395 3576 3454 3630 τὸ
3525 3581 3756 3649 Πνεῦμα,
3791 3578 3864 3639 ὡς

2224 3657 2277 3722 ἐξ
2328 3661 2468 3732 Υἱοῦ,
2513 3657 2549 3726 ἢ
2585 3656 2652 3714 δι’
2694 3661 2811 3716 Υἷοῦ
2839 3661 2936 3726 τὴν
2967 3659 3182 3738 ὕπαρξιν
3240 3659 3390 3742 ἕχον,
3450 3665 3524 3726 ὡς
3572 3665 3658 3718 καὶ
3687 3668 3864 3719 καθαι-

2223 3748 2432 3823 ρεθῆναι
2488 3747 2575 3802 καὶ
2617 3747 3080 3827 ἀποκηρυχθῆναι,
3142 3748 3239 3806 κᾶν
3321 3748 3534 3829 ὕστερον
3590 3771 3863 3828 κατεγνω-

2222 3835 2330 3898 κὼς
2351 3835 2439 3890 καὶ
2483 3837 2636 3898 αὐτὸς
2665 3837 2874 3912 ἑαυτοῦ,
2920 3839 3006 3893 καὶ
3053 3838 3173 3903 τοὺς
3232 3838 3451 3900 οἰκείους
3505 3837 3692 3916 λόγους
3750 3838 3862 3895 ὅσοι

2222 3921 2318 3989 τῆς
2360 3925 2671 4000 θεοστυγοῦς
2715 3922 2882 4002 ἔριδος
2921 3923 3438 4001 ἀποσκευασάμενος,
3501 3926 3558 3982 οὗ
3592 3926 3700 4000 μὴν
3726 3925 3861 3983 ἄλλὰ

2222 4012 2309 4067 καὶ
2335 4023 2459 4075 ταῖς
2511 4021 2603 4066 του
2654 4011 2978 4087 ἀναθέματος
3035 4013 3192 4088 ἀραῖς
3247 4011 3648 4090 καθυποϐαλὼν,
3707 4013 3898 4090 μόλις.

2226 4099 2362 4156 οὕτω
2392 4097 2758 4178 προσδεδεκτο.

2229 4287 2332 4340 Τοῦ
2389 4283 2546 4339 αὖτοῦ
2588 4281 2695 4338 ἀπὸ
2736 4287 2836 4350 τῆς
2905 4285 3289 4365 πραγματείας,
3355 4287 3422 4352 ἧς
3479 4288 3514 4354 ἡ
3575 4285 3862 4364 ἐπιγρασρὴ,

2552 4392 2577 4428 ε
2628 4369 2955 4448 Ἐρανιστὴς,
3002 4375 3038 4441 ἢ
3071 4371 3433 4453 Πολυμορφος.
3469 4393 3498 4434 ι

2311 4455 2565 4525 ΡΜΔἈ.
2599 4465 2700 4522 Τὸν
2757 4462 2913 4542 λόγον
2967 4467 3029 4521 hx
3086 4475 3177 4524 106
3220 4469 3425 4544 Πατρὸς
3480 4468 3621 4524 εἶναι
3679 4467 3712 4534 ἡ
3755 4467 3865 4522 θεία

2235 4578 2262 4610 α
2298 4555 2479 4634 Γραφὴ
2507 4552 2673 4631 λέγει.
2731 4563 2796 4617 Κ.
2857 4552 3059 4621 Ἀληθῆ
3115 4553 3310 4632 λέγεις.
3373 4565 3438 4614 Α.
3516 4557 3612 4614 Καὶ
3685 4555 3863 4630 μέντοι

2229 4663 2261 4704 (
2293 4645 2380 4699 καὶ
2411 4645 2471 4700 τὸ
2505 4644 2712 4717 Πνεῦμα
2742 4644 2802 4698 τὸ
2830 4642 2980 4721 ἅγιον
3009 4644 3258 4707 ὡσαύτως
3304 4646 3365 4700 ὲκ
3445 4651 3538 4700 τοῦ
3595 4650 3726 4700 Θεοῦ
3783 4644 3864 4698 εἷ-

2231 4759 2257 4793 (
2290 4755 2374 4789 ναι
2404 4729 2655 4790 διδέσκει.
2718 4739 2778 4789 Β.
2844 4721 3228 4810 ἰμολόγηται.
3294 4742 3357 4805 Α,
3407 4731 3571 4789 Ἀλλὰ
3625 4733 3715 4788 τὸν
3768 4732 3866 4806 μὲν

2233 4844 2260 4876 α
2295 4822 2425 4877 Θεὸν
2476 4820 2646 4898 Λόγον
2705 4821 2951 4896 ὀνομάζει
3021 4823 3136 4877 Υἱὸν
3207 4826 3492 4899 μονογενῆ.
3556 4831 3620 4883 Κ,
3685 4820 3864 4883 Οὕτως

2229 4929 2254 4962 ι
2286 4911 2550 4985 ὀνομάζει.
2612 4918 2676 4970 Α.
2733 4912 2803 4966 Τὸ
2863 4907 2918 4964 δὲ

2233 5025 2254 5055 ι
2287 4998 2689 5077 προσγόρευσεν.
2763 5005 2825 5057 Β.
2887 4996 2958 5054 06
3036 4996 3192 5064 δῆτα.
3248 5008 3314 5056 Α.
3378 5001 3556 5057 Καίτοι
3621 4997 3682 5054 ἑκ
3735 5004 3864 5053 θεοῦ

2228 5087 2368 5142 «καὶ
2410 5087 2612 5164 Πατρὸς
2642 5087 2730 5142 καὶ
2770 5092 2924 5142 1.0610
2979 5085 3096 5164 ἔγει
3150 5087 3247 5153 τὴν
3307 5085 3522 5165 ὕπαρξιν
3580 5093 3617 5141 Β
3698 5083 3864 5151 Ἀλη-

3027 5148 3047 5165 V
3447 5129 3470 5152 ἱ
3529 5128 3542 5143 ⁸
3627 5134 3641 5148 ο

2227 5195 2255 5233 ι
2285 5174 2392 5239 θές,
2441 5183 2504 5235 Α.
2563 5175 2712 5231 Ἐπεὶ
2762 5175 2933 5230 τοίνυν
2997 5173 3454 5252 συνομολογοῦμεν
3504 5173 3563 5230 ἐκ
3617 5181 3708 5230 τοῦ
3752 5179 3862 5228 Πε-

2227 5292 2250 5324 σ
2279 5266 2398 5342 τρὸς
2456 5262 2597 5319 εῖναι
2640 5263 2728 5318 καὶ
2782 5263 2842 5319 τὸ
2887 5262 3097 5337 Πνεῦμα
3151 5265 3238 5320 καὶ
3280 5263 3370 5319 τὸν
3438 5265 3576 5335 ι’ἱον,
3646 5262 3860 5337 τολμή-

2225 5372 2376 5431 (σῃς
2400 5353 2462 5408 ἂν
2488 5371 2614 5409 ποτε
2697 5353 2816 5407 Υἱὸν
2871 5353 3130 5427 ὀνομάσαι
3184 5353 3244 5407 τὸ
3298 5353 3556 5430 πανάγιον
3602 5357 3855 5428 Πνεῦμα,

2223 5467 2250 5498 α
2284 5451 2346 5507 Β.
2379 5441 2657 5518 Οὐδαμῶς.
2695 5449 2756 5502 Α.
2797 5442 2945 5497 Διατί
2977 5459 2992 5520 ;
3051 5449 3115 5498 Κ.
3163 5439 3412 5519 Ἐπείπερ
3481 5440 3585 5519 οὐχ
3641 5439 3860 5516 εὒρίσκω

2999 4912 3272 4984 Πνεῦματὸ
3313 4912 3374 4967 τὸ
3427 4910 3578 4986 ἅγιον
3636 4907 3863 4984 οῦδαμοῦ
3949 4919 3956 4928 ’
