4208 6296
346 351 459 415 601

1386 357 1469 421 IN
1512 358 1905 420 CAMATERI
1948 342 2700 424 ANIM‘ADVERSIONES.

3603 362 3721 427 6032

340 512 381 545 ὀ
407 484 470 541 τὸ
511 485 680 560 ὄνομα
719 483 838 541 τοδε
866 486 1009 564 παρὰ
1035 492 1104 563 τῇ
1150 487 1262 560 θείᾳ
1296 491 1501 566 Γραφῇ.
1548 494 1613 548 Α.
1674 484 1841 548 Ἀλλὰ
1890 511 1970 571 γε·

2080 511 2105 546 ιι
2142 496 2313 570 ptura
2359 491 2472 553 hoc
2521 511 2738 554 nomen
2770 510 2887 553 non
2918 490 3181 555 invenio.
3219 492 3291 555 A.
3325 492 3413 556 An
3439 509 3580 553 vero
3611 510 3718 571 ge-

344 598 372 633 ι
408 573 730 660 γεννημεξνον
763 591 780 647 ;
836 581 900 636 Β.
946 572 1074 633 Οὐδὲ
1100 582 1278 639 τοῦτο.
1336 584 1403 636 Α.
1437 583 1539 633 'l‘o't
1579 574 1644 645 δὴ
1675 579 1833 658 χάριν
1868 599 1885 660 ;
1914 588 1978 637 Β.

349 688 377 719 ε
409 662 518 719 Οὐκ
547 659 828 741 ἐδιδάχθην
895 661 1012 719 οωέ
1064 670 1216 720 τοῦτο
1254 662 1398 740 παρὰ
1451 667 1552 729 τῆς
1632 659 1877 747 Γραφῆςξ
1913 678 1978 730 Α.

2070 600 2095 633 ιι
2130 577 2355 638 nitum?
2384 579 2448 640 B.
2477 579 2597 642 Nec
2628 581 2741 643 hoc
2770 580 3035 662 quidem,
3076 580 3146 643 A.
3180 579 3333 654 Quid
3368 581 3484 642 ita?
3513 582 3583 644 B.
3614 580 3722 645 Ne-

2068 688 2097 720 σ
2131 684 2248 745 (ιιο
2277 667 2390 728 hoc
2411 686 2445 727 a
2474 686 2642 730 sacra
2661 669 2965 749 Scriptura
2995 669 3203 730 didici.
3239 668 3491 742 A.Quod
3523 677 3717 731 autem

345 772 372 805 ε
405 752 479 837 Τὸ
547 748 602 806 δὲ
655 751 734 824 μὴ
816 750 1204 829 γεγεννημένον
1259 749 1396 826 μηδὲ
1480 750 1784 837 ἐκτισμένον
1828 757 1970 819 ποίας

2072 776 2095 809 ε
2133 771 2242 814 nec
2272 754 2535 833 genitum
2569 765 2682 829 est,
2716 748 2825 818 nec
2856 770 3149 826 creatum,
3185 775 3361 837 quam
3388 775 3720 835 congruen-

352 862 378 894 ε
410 836 486 893 ἃπ
541 838 756 901 εἰκότως
809 840 966 919 τύχοι
995 841 1347 918 προσηγορίας
1380 854 1397 913 ;
1425 845 1490 901 Β.
1539 829 1831 900 ’Ἄκτιστον
1860 845 1970 900 αὒτί

2072 865 2100 897 ι
2139 850 2228 902 ter
2258 829 2712 923 appellationem
2743 844 3029 925 accipiet?
3052 848 3090 904 ll
3122 829 3452 907 Increatum
3482 829 3627 906 illud
3659 854 3718 908 et

351 946 377 978 ε
408 928 499 983 καὶ
565 926 850 1004 ἀγέννητον
920 928 1267 1003 ὀνομάζομεν,
1353 936 1414 985 Α.
1491 931 1562 988 Τὸ
1619 928 1674 986 δὲ
1729 933 1970 1011 πανάγιοε

2075 928 2457 1009 «ingenitum
2487 934 2875 1012 appellamus.
2911 932 3266 1012 ASpiritum
3300 952 3475 1013 porro
3534 952 3714 996 sanc-

353 1038 377 1069 ε
411 1020 625 1090 Πνεῦμα
679 1014 797 1072 οὕτε
864 1015 973 1084 μὴν
1025 1017 1256 1074 ἱκτίσθαι
1308 1017 1426 1074 οὔτε
1486 1019 1595 1092 μὴν
1650 1026 1970 1099 γεγεννῆσθα

2079 1041 2107 1073 α
2142 1025 2262 1078 tum
2299 1038 2409 1081 nec
2438 1039 2577 1082 crea
2606 1040 2729 1094 um,
2764 1040 2874 1083 nec
2914 1022 3175 1101 genitum
3240 1040 3374 1083 esse
3431 1022 3711 1085 dicimus.

354 1131 379 1164 ε
410 1124 606 1183 φαμεν.
654 1110 717 1167 Β,
777 1101 1053 1178 Οὐδαμῶς.
1114 1114 1183 1168 Α.
1249 1104 1479 1164 Καλέσαι
1534 1114 1661 1185 γοῦν
1703 1109 1970 1187 ἆγέννητο·

2080 1128 2101 1160 ι
2138 1104 2313 1168 Nullo
2347 1108 2890 1171 modo.A.Audebis
2925 1110 3102 1187 igitur
3125 1109 3412 1189 Spiritum
3441 1118 3711 1171 sanctum

343 1221 373 1257 ι
403 1193 669 1272 θαρῤήσῃς
740 1193 804 1250 ἂν
861 1195 923 1250 τὸ
981 1201 1190 1270 Πνεῦμα
1244 1197 1306 1253 τὸ
1373 1195 1523 1273 ἅγιον
1556 1217 1574 1267 ;
1610 1205 1669 1253 Β.
1705 1201 1779 1256 Οὖ
1832 1197 1988 1267 δῆτα.

347 1308 374 1340 ε
405 1292 473 1341 Δ.
521 1284 620 1341 Καὶ
660 1285 711 1339 τί
750 1281 816 1349 δὴ
859 1303 989 1341 ποτε
1019 1282 1096 1358 μὴ
1151 1282 1336 1349 καλεῖς
1391 1284 1679 1362 ἀγέννητον
1733 1288 1795 1342 τὸ
1825 1284 1978 1344 ἄκτι-

346 1400 371 1430 ι
404 1392 549 1441 στον,
610 1370 832 1446 μηδαμῆ
888 1370 943 1427 δὲ
992 1371 1374 1451 γεγεννημένον
1408 1390 1425 1447 ;
1471 1381 1531 1433 Β.
1576 1363 1707 1432 ιὈτι
1736 1383 1890 1433 τοῦτο
1919 1377 1979 1433 οὒ

343 1484 371 1517 ε
399 1459 683 1535 μεμάθηκα
762 1460 906 1538 παρὰ
963 1464 1060 1527 τῆς
1123 1460 1263 1523 θείας
1333 1465 1566 1541 Γραφῆς,
1641 1463 1729 1519 καὶ
1781 1462 1977 1544 σφόδρα

340 1568 369 1602 ε
401 1545 654 1622 δειμαίνω
680 1545 854 1626 λέγειν
894 1548 963 1605 τὰ
1002 1547 1127 1625 παρ’
1157 1548 1361 1616 ἐκείνης
1390 1550 1736 1629 σεσιγημένα.
1787 1574 1810 1605 ι

987 1637 1319 1705 Ἐπιττασία.

424 1755 449 1786 ε
484 1736 556 1793 Τὸ
604 1735 733 1791 αὐτὸ
791 1734 890 1794 κᾶν
948 1741 1018 1812 τῇ
1072 1735 1311 1815 παρούσῃ
1350 1739 1680 1815 πραγματείᾳ
1748 1745 1841 1797 τοῦ
1895 1746 1978 1800 αὖ·

2079 1215 2108 1247 ι
2139 1192 2464 1270 ingenitum
2492 1197 2841 1277 appellare?
2872 1196 2937 1258 B.
2974 1196 3375 1277 Nequaquam.
3416 1198 3488 1259 A.
3508 1197 3580 1258 Et
3606 1216 3714 1259 cur

2072 1309 2095 1340 ε
2126 1280 2453 1360 ingenitum
2489 1303 2604 1345 non
2639 1304 2810 1346 vocas
2839 1303 2974 1345 eum
3010 1294 3213 1345 natum
3268 1288 3619 1363 increatum,
3652 1293 3712 1346 et

2068 1392 2090 1423 ι
2125 1372 2286 1431 nullo
2319 1372 2492 1433 modo
2524 1373 2827 1451 genitum?
2857 1374 2923 1435 Β.
2959 1374 3110 1445 Quia
3132 1373 3243 1433 huc
3273 1392 3307 1433 a
3335 1391 3503 1434 sacra
3536 1373 3706 1452 Srip-

2067 1484 2092 1514 σ
2124 1465 2254 1518 tura
2283 1478 2401 1520 non
2432 1460 2638 1535 didici,
2673 1471 2732 1523 et
2760 1462 2924 1523 valde
2973 1460 3301 1522 reformido
3359 1480 3429 1523 ea
3474 1462 3700 1535 dicere,

2061 1572 2093 1606 (ε
2122 1563 2255 1626 qua;
2284 1548 2358 1608 ab
2389 1548 2490 1611 illa
2522 1549 2758 1611 silentio
2788 1559 2927 1611 sunt
2959 1549 3275 1630 praeterita.
3317 1576 3338 1603 ι

2633 1644 2675 1704 Α
2689 1644 3130 1706 nimadversio.

2146 1754 2174 1787 ε
2209 1730 2428 1793 Eadem
2452 1732 2513 1793 in
2544 1734 2655 1795 hoc
2679 1753 2913 1816 quoque
2945 1742 3193 1795 tractatu
3224 1733 3494 1815 ejusdem
3525 1733 3703 1797 addi-

348 1851 374 1883 ι
406 1830 498 1881 τοῦ
567 1823 815 1899 μάνθανε.
889 1822 951 1880 ἐκ
994 1810 1095 1881 ἢτοῦ
1150 1810 1402 1904 ’Πατρὸς
1449 1810 1598 1906 ἔχειν
1657 1810 1860 1897 δηλαδὴ
1915 1831 1970 1886 τὸ

2066 1843 2094 1876 ε
2126 1820 2297 1896 scito,
2333 1839 2404 1882 ex
2434 1824 2611 1885 Patre
2640 1810 2856 1905 nempe
2905 1841 3072 1884 suam
3130 1810 3352 1885 habere
3404 1824 3701 1887 exsisten-

344 1934 372 1970 ε
407 1911 619 1989 Πνεῦμα
658 1914 759 1979 τὴν
789 1911 1027 1992 ὕπαρξιν,
1064 1938 1087 1970 ε

980 2003 1336 2085 Ἀντίρῤησις.

419 2095 586 2154 Ἀλλὰ
638 2099 727 2155 καὶ
780 2098 843 2154 σὺ
880 2098 981 2164 τὴν
1036 2098 1199 2165 αὒτῆν
1268 2100 1356 2157 καὶ
1421 2097 1507 2156 ἐπὶ
1575 2113 1691 2167 τοῖς
1723 2102 1975 2182 παροῦσιν

328 2186 599 2265 ἆτίῤῥησιν
651 2184 835 2266 δέχου,
896 2185 964 2254 ἢν
1020 2185 1109 2243 ἐπὶ
1158 2193 1228 2264 τῇ
1284 2188 1708 2267 προηγησαμὲνῃ
1752 2189 1973 2248 ἐπιστα-

328 2276 418 2349 σίᾳ
446 2276 795 2349 ἓποιήσαμεν.

329 2375 438 2428 τοῦ
505 2367 663 2427 αὐτοῦ
719 2367 824 2423 ἀπὸ
902 2374 994 2450 τοῦ
1062 2366 1300 2450 δευτέρου
1366 2369 1526 2450 λόγου
1594 2371 1688 2429 τοῦ
1750 2370 1973 2450 βιϐλίου,

416 2450 478 2505 οὗ
554 2450 590 2515 ἡ
675 2447 963 2527 ἐπιγραφὴ,
1061 2445 1393 2517 Ἐλληνικῶν
1445 2445 1456 2450 ⁷
1490 2445 1814 2528 παθημάτων
1884 2445 1975 2509 θεὲ

415 2529 704 2607 ραπευτική
715 2574 730 2589 ,

419 2610 595 2681 ΡΜΕ’.
677 2639 700 2670 ι
744 2618 912 2677 Ἀλλὰ
990 2621 1069 2695 μὴ
1132 2619 1451 2701 θορυϐεῖσθε,
1519 2625 1581 2681 ἐκ
1630 2632 1722 2683 τοῦ
1775 2627 1977 2705 Πατρὸς

342 2730 369 2763 ε
398 2711 487 2767 καὶ
529 2710 621 2765 σὺν
650 2714 726 2783 τῷ
780 2710 943 2787 Πατρὶ
996 2710 1088 2766 τὸν
1137 2710 1308 2790 Λόγον
1337 2710 1675 2778 ἀκούσαντες.
1708 2722 1823 2773 Τῶν
1877 2714 1977 2793 γὰρ

343 2825 369 2862 α
401 2798 760 2856 ἂτοπωτὲτων
821 2797 1103 2861 Πλάτωνος
1161 2807 1259 2873 μὲν
1327 2799 1604 2881 ἀνέχεσθε,
1662 2804 1749 2859 καὶ
1801 2801 1977 2860 αἴτιον

340 2909 369 2942 ι
399 2887 499 2954 τῆς
540 2885 673 2953 ὕλης
722 2887 810 2942 τὸν
868 2888 999 2942 Θεὸν
1068 2885 1337 2966 λέγοντος,
1418 2892 1508 2947 καὶ
1568 2889 1835 2949 συναίδιον
1885 2894 1977 2948 τοῦ

2068 1936 2090 1968 ε
2126 1908 2292 1972 tiam.
2321 1937 2344 1970 ι

2737 2005 3068 2082 Refutatio.

2140 2093 2211 2156 Et
2240 2101 2299 2157 tu
2332 2113 2570 2177 quoque
2603 2096 2870 2159 eamdem
2901 2097 3186 2159 adversus
3217 2096 3440 2159 similia
3467 2097 3695 2158 refuta-

2059 2186 2283 2245 tionem
2316 2185 2569 2265 excipito
2594 2204 2768 2267 quam
2801 2188 2859 2248 in
2882 2186 3238 2267 praecedenti
3274 2194 3369 2248 tua
3422 2185 3697 2246 animad-

2057 2271 2332 2334 versione
2354 2275 2764 2355 apposuimus.

2058 2363 2350 2447 Ejusdem
2379 2384 2459 2429 ea:
2493 2368 2758 2430 secunda
2816 2370 3091 2432 oratione
3135 2370 3352 2447 operis,
3385 2371 3544 2447 quod
3597 2370 3706 2432 ille

2139 2446 2427 2529 adversus
2480 2448 2798 2527 gentilium
2853 2446 3199 2527 directiones
3227 2446 3703 2529 therapeuticam

2133 2528 2527 2606 pratavripu't.

2140 2620 2275 2681 145.
2316 2644 2344 2675 cr
2378 2620 2551 2703 Nulla
2581 2639 2681 2683 vos
2708 2629 2929 2694 autem,
2963 2639 3185 2703 quasso,
3210 2623 3307 2684 hic
3337 2621 3697 2702 perturbatio

2061 2734 2084 2768 ε
2120 2715 2355 2789 suneat,
2387 2698 2545 2790 qudd
2577 2709 2697 2773 dici
2746 2698 3001 2779 auditis,—
3031 2709 3291 2772 Verbum
3324 2698 3382 2773 et
3411 2729 3481 2772 ex
3528 2713 3701 2774 Patre

2065 2823 2089 2855 ε
2121 2794 2303 2874 gigni,
2334 2805 2394 2858 et
2423 2816 2555 2859 cum
2590 2797 2760 2859 Patre
2791 2810 2946 2860 esse“.
2983 2797 3127 2870 Quae
3169 2805 3307 2860 sunt
3355 2801 3518 2860 enim
3547 2798 3702 2879 apud

2064 2911 2086 2942 ε
2118 2884 2423 2947 Platonem
2475 2886 2888 2967 insulsissime,
2933 2887 3119 2967 aequis
3160 2887 3378 2948 animis
3420 2888 3700 2949 auribus-

337 3002 365 3036 ι
399 2975 530 3032 Θεοῦ
572 2976 672 3041 τὴν
713 2973 847 3042 ὕλην
901 2973 1314 3050 ἀποκαλοῦντος,
1362 2979 1449 3034 καὶ
1489 2978 1584 3043 τὰς
1631 2976 1771 3045 ἰδέας
1800 2980 1861 3037 ἐκ
1885 2991 1970 3040 τοι]

2062 2996 2087 3028 ε
2120 2990 2237 3052 que
2260 2973 2546 3055 accipitis.
2582 2973 2686 3036 Ille
2715 2976 2874 3037 enim
2907 2977 3171 3037 etDeum
3206 2974 3467 3036 materiae
3494 2984 3699 3036 aucto-

333 3089 362 3125 ι
400 3069 530 3120 Θεοῦ
556 3064 644 3120 καὶ
685 3062 778 3119 οὖν
832 3068 910 3137 τῷ
970 3069 1084 3137 Θεῷ
1111 3065 1402 3143 φάσκοντος
1446 3066 1588 3123 εἶναι
1621 3084 1637 3103 ⁶
1681 3069 1774 3126 τὸν
1798 3066 1854 3124 δὲ
1877 3077 1972 3126 τοῦ

336 3179 360 3211 ι
394 3158 524 3209 Θεοῦ
575 3151 746 3228 Λόγον
788 3151 877 3206 καὶ
928 3152 990 3207 τὸ
1045 3154 1300 3230 πανάγιον
1344 3160 1555 3230 Πνεῦμα
1616 3158 1694 3230 μὴ
1737 3157 1970 3215 πείθεσθε

334 3262 361 3298 ε
394 3239 454 3296 ἐκ
508 3246 601 3296 τοῦ
652 3244 784 3296 Θεοῦ
838 3245 1011 3318 φῦναι,
1070 3241 1156 3296 καὶ
1190 3243 1280 3297 σὺν
1321 3246 1400 3316 τῷ
1428 3248 1543 3316 Θεῷ
1584 3244 1750 3306 εἶναι.
1783 3247 1840 3302 Ei
1869 3247 1970 3325 γὰρ

336 3354 361 3386 ε
389 3330 488 3396 τὴν
546 3328 797 3408 ἑτεροφυᾶ
836 3328 925 3383 καὶ
984 3329 1285 3408 ἑτερογενῆ,
1346 3332 1435 3387 καὶ
1489 3330 1784 3413 ἀλλόφυλον
1837 3333 1969 3401 ὕλην

334 3443 359 3476 ε
390 3417 479 3473 καὶ
518 3415 580 3472 ἐκ
606 3424 698 3474 τοῦ
753 3422 907 3482 Θεοῦ.
966 3418 1055 3473 καὶ
1120 3420 1180 3473 εκ
1230 3424 1309 3493 τῷ
1363 3425 1479 3494 Θεῷ
1536 3419 1699 3500 εἶναι,
1736 3423 1764 3478 ὁ
1805 3421 1965 3502 φιλό-

337 3533 362 3564 ε
391 3526 551 3584 σοφος
608 3502 735 3585 ἔφη,
796 3503 981 3578 πολλῷ
1045 3502 1216 3575 δήπου
1273 3505 1626 3587 εὖλογώτερον
1679 3511 1767 3567 καὶ
1821 3509 1965 3578 ἀλη-

331 3618 357 3653 ε
388 3593 630 3673 θέσιερον
708 3591 1044 3659 ὑποληπτέον
1115 3596 1208 3650 τὸν
1280 3595 1536 3675 ἡμέτερον
1592 3596 1770 3678 λόγον.
1837 3597 1966 3657 Οὖδὲ

334 3708 359 3739 ε
386 3683 488 3761 γὰρ
544 3682 794 3761 ἑτεροφυᾶ
834 3683 925 3738 τὸν
978 3684 1120 3762 Υἱὸν,
1171 3682 1286 3743 οὐδὲ
1325 3685 1385 3741 τὸ
1443 3687 1701 3765 πανάγιον
1753 3693 1967 3763 Πνεῦμα

332 3796 359 3827 ε
389 3793 560 3851 ςραμεν
610 3772 777 3841 εἶναι,
861 3769 997 3828 ἀλλὰ
1072 3773 1197 3845 μίαν
1274 3773 1415 3829 εἶναι
1472 3775 1569 3843 τὴν
1622 3776 1799 3834 οὖσίαν
1869 3782 1966 3844 τῆς

329 3886 355 3917 ε
387 3857 599 3936 Τριάδος
666 3861 1015 3939 κειρύττομεν.
1064 3861 1121 3917 Εἰ
1162 3858 1218 3917 δέ
1265 3883 1346 3926 τις
1400 3868 1500 3930 τῆς
1553 3864 1822 3943 ὓπέρξεως
1874 3874 1967 3923 τοῦ

324 3973 352 4005 ε
385 3950 506 4006 Υἱοῦ
546 3950 635 4005 καὶ
683 3958 777 4007 τοῦ
842 3949 992 4027 ἁγίου
1033 3950 1336 4024 Πνεύματος
1394 3951 1640 4023 ἐπιζητεῖ
1696 3956 1789 4010 τὸν
1836 3954 1964 4032 τρό-

319 4062 349 4098 ε
380 4059 482 4093 πον
537 4039 753 4117 μαθεῖν,
808 4038 1007 4093 εἰπάτω
1059 4035 1124 4105 δὴ
1192 4038 1442 4116 πρότερος
1484 4042 1575 4096 τὸν
1627 4041 1823 4117 τρόπον
1864 4043 1964 4111 τῆς

264 4116 273 4121 ’
325 4152 352 4184 ι
383 4125 671 4201 ἆγεννήτου
710 4124 1001 4203 ὑπάρξεως,
1062 4127 1175 4187 πῶς
1233 4125 1374 4182 ἔστιν
1427 4124 1572 4207 ἔχων
1633 4116 1695 4185 τὸ
1764 4128 1960 4193 αἴτιον,

324 4240 349 4271 ε
384 4221 546 4272 Τοῦτο
601 4214 702 4292 γὰρ
769 4210 835 4280 δὴ
880 4212 1152 4279 παντελῶς
1212 4213 1432 4293 ἄπορον,
1486 4217 1572 4272 καὶ
1611 4218 1750 4294 μόνῃ
1807 4239 1869 4297 γε
1898 4224 1968 4296 τῇ

2061 3081 2086 3116 ιι
2121 3078 2275 3135 rem,
2318 3071 2378 3125 et
2430 3071 2625 3124 tamen
2658 3063 2780 3125 Deo
2813 3073 3165 3128 t-oazternam
3199 3064 3506 3124 materiam
3561 3081 3693 3125 esse

2059 3172 2081 3205 ιι
2119 3149 2393 3213 afﬁrmat.
2455 3152 2740 3232 Idemque
2800 3152 2965 3213 ideas
3012 3172 3080 3214 ex
3139 3154 3262 3214 Deo
3293 3160 3514 3212 etcum
3571 3152 3699 3213 Deo

2057 3264 2079 3296 ε
2115 3239 2441 3302 constituit.
2478 3239 2596 3302 Vos
2614 3250 2807 3301 autem
2846 3243 3102 3303 Verbum
3136 3242 3269 3313 Dei,
3305 3249 3695 3319 sanctumque

2057 3357 2080 3386 ε
2115 3324 2397 3407 Spiritum
2432 3346 2625 3409 neque
2651 3348 2718 3390 ex
2752 3329 2871 3391 Deo
2905 3330 3369 3409 prodire,neque
3399 3345 3533 3388 esse
3552 3346 3690 3389 cum

2056 3440 2079 3471 α
2114 3418 2234 3479 Deo
2264 3415 2600 3480 creditis.Si
2632 3417 2791 3479 enim
2820 3418 3150 3489 materiam,
3178 3435 3311 3497 quae
3339 3416 3584 3477 alterius
3606 3424 3698 3476 est

2055 3529 2077 3561 ε
2118 3514 2337 3566 naturae
2363 3524 2537 3585 quam
2572 3506 2747 3580 Deus,
2795 3506 3152 3585 generisque
3180 3505 3450 3583 alterius,
3475 3521 3568 3579 ac,
3604 3504 3693 3564 uti

2056 3616 2079 3651 ιι
2117 3594 2194 3654 ita
2227 3593 2502 3667 dixerim,
2533 3594 2868 3674 altenigena
2891 3604 2948 3655 et
2976 3595 3252 3665 extraria,
3285 3604 3345 3654 et
3381 3611 3452 3653 ex
3485 3591 3605 3653 Deo
3641 3601 3698 3653 et

2055 3707 2080 3739 ιι
2115 3700 2248 3743 cum
2281 3682 2402 3743 Deo
2445 3700 2579 3744 esse
2609 3686 2729 3745 vult
2791 3686 2970 3758 Plato,
3004 3683 3188 3743 multo
3237 3682 3423 3759 magis
3479 3678 3692 3742 rationi

2058 3798 2080 3829 ε
2113 3780 2574 3844 consentaneus,
2630 3773 2937 3852 multoque
2993 3770 3186 3831 verior
3236 3788 3432 3830 Sermo
3491 3777 3694 3828 uoster

2058 3888 2080 3918 ι
2116 3859 2412 3935 putandus
2456 3869 2563 3921 est.
2592 3859 2799 3940 Neque
2843 3860 3000 3921 enim
3059 3859 3271 3921 Filium
3306 3855 3550 3919 alterius
3582 3874 3691 3917 na-

2054 3971 2082 4003 ι
2120 3956 2285 4015 tum.
2321 3967 2513 4029 neque
2535 3958 2800 4010 sanctum
2826 3947 3112 4029 Spiritum
3142 3963 3274 4008 esse
3304 3942 3693 4024 dicuuus,sed

2054 4055 2288 4097 aunum
2350 4035 2657 4099 Trinitatis
2713 4038 3101 4098 substantiam
3161 4034 3570 4114 praadicamus.
3630 4029 3695 4093 Si

2055 4149 2082 4181 α
2116 4127 2251 4205 quis
2304 4136 2501 4187 autem
2567 4134 2824 4188 vestrum
2876 4128 3033 4186 scire
3082 4123 3405 4196 desiderat,
3435 4138 3691 4200 quanam

2054 4242 2078 4273 ε
2114 4219 2456 4276 substantiae
2487 4215 2660 4275 modo
2700 4213 2777 4274 sit
2806 4213 2991 4275 Filius
3018 4221 3075 4273 et
3126 4210 3380 4290 Spiritus
3429 4216 3687 4281 sanctus,

328 4330 353 4361 ε
383 4302 531 4381 φύσει
572 4309 642 4378 τῇ
699 4305 898 4380 καθαρᾷ
951 4303 1035 4359 καὶ
1079 4302 1357 4385 ἀιραιφνεϊ
1396 4305 1675 4384 χωρητόν.
1740 4296 1831 4365 Τὸγ
1869 4308 1968 4383 μὲν

2060 4326 2085 4358 ι
2117 4321 2353 4381 aequum
2403 4321 2545 4364 sane
2572 4312 2681 4383 est,
2717 4312 2775 4363 et
2804 4304 2853 4363 is
2883 4303 3044 4381 prior
3091 4299 3381 4380 quaerenti
3413 4296 3559 4357 mihi
3591 4313 3687 4388 re-

326 4417 352 4449 ε
385 4392 484 4470 γὰρ
505 4389 557 4457 ἐξ
613 4390 776 4447 αἰτίου
832 4391 1070 4469 γενέσθαι
1121 4413 1195 4465 τι,
1241 4392 1277 4460 ἢ
1320 4395 1573 4470 γεννητὸν
1628 4395 1665 4463 ἢ
1722 4398 1955 4471 κτιστὸν,

2059 4415 2082 4449 ι
2118 4393 2432 4473 spondeat,
2463 4411 2640 4473 quem
2688 4390 2927 4452 essendi
2983 4394 3219 4449 modum
3255 4388 3476 4448 habere
3508 4384 3693 4463 possit

328 4506 354 4539 ι
385 4478 575 4544 δέξαιτ’
619 4478 683 4535 ἂν
731 4477 920 4557 ῥαδίως
990 4482 1017 4536 ὁ
1073 4479 1324 4558 λογισμός
1358 4495 1373 4510 ⁸
1431 4482 1493 4537 τὸ
1550 4480 1604 4537 δὲ
1662 4483 1803 4540 εἶναί
1842 4506 1960 4540 τινα

2060 4506 2068 4536 ι
2107 4482 2261 4561 quod
2290 4499 2405 4541 non
2441 4492 2525 4541 est
2548 4480 2833 4558 genitum.
2872 4478 2997 4550 Quo
3052 4486 3243 4557 pacto,
3277 4475 3540 4554 inquam,
3574 4481 3688 4551 est,

324 4592 349 4625 ε
383 4565 506 4646 ἄτερ
560 4568 725 4623 αἰτίου
793 4565 909 4625 οὖδέ
964 4569 1234 4647 προσίεται
1300 4567 1576 4647 λογισμὸς,
1626 4571 1669 4626 εἰ
1728 4572 1805 4646 μὴ
1859 4570 1959 4650 ἄρα

2060 4594 2074 4626 ι
2108 4571 2264 4650 quod
2302 4570 2517 4629 nullam
2549 4569 2747 4647 habet,
2781 4569 2938 4628 unde
2970 4567 3065 4633 sit,
3092 4563 3498 4625 causamleec
3529 4578 3685 4621 enim

319 4680 346 4716 ε
378 4677 522 4736 φανῃ
569 4660 670 4724 τῆς
710 4656 933 4721 πίστεως
988 4660 1049 4713 τὸ
1079 4657 1359 4737 ἐχέγγυον,
1426 4660 1482 4715 Εἰ
1530 4656 1584 4714 δὲ
1644 4660 1955 4735 πισεεύομεν

2060 4684 2069 4710 ι
2107 4659 2354 4739 ρυωειίυ
2385 4676 2626 4737 prorsus
2657 4668 2745 4717 est
2766 4657 2885 4717 dub
2912 4676 2965 4729 ει,
2992 4654 3237 4732 solaque
3269 4653 3405 4713 lidei
3434 4650 3689 4739 puritate

316 4766 343 4801 α
376 4742 519 4799 εἶναι
560 4763 612 4799 τι
666 4745 754 4800 καὶ
797 4744 1082 4823 ἀγέννητον
1124 4748 1210 4802 καὶ
1260 4743 1515 4825 ἄναρχον,
1560 4747 1649 4803 καὶ
1699 4748 1951 4826 ἀναίτιον,

2060 4737 2172 4808 iac
2227 4746 2568 4807 sinceritate
2625 4746 2935 4825 capienda.
3003 4742 3157 4804 Fieri
3220 4740 3379 4801 enim
3434 4757 3503 4799 uc
3528 4737 3687 4816 gigni

319 4852 345 4885 ε
374 4831 676 4888 πιστευτέον
721 4831 821 4908 ἄρα
870 4835 943 4896 ὡς
999 4832 1060 4891 ἐκ
1099 4834 1305 4908 τούτου,
1361 4844 1451 4893 νοῦ
1492 4833 1644 4897 ὄντος
1697 4837 1952 4912 ἐγεννήθη

2060 4860 2071 4891 ι
2108 4836 2484 4913 praecedente
2516 4852 2691 4894 causa
2726 4832 3028 4911 quippiam
3059 4826 3601 4907 eoruiii,qua2gigui
3633 4834 3690 4885 et

319 4947 343 4979 ε
375 4918 563 4996 Λόγος,
600 4922 688 4976 καὶ
714 4919 945 4997 προῆλθε
973 4924 1035 4978 τὸ
1061 4929 1271 4997 Πιεῦμα
1300 4925 1361 4979 τὸ
1391 4922 1565 5001 ἅγιον.

2043 4949 2070 4979 α
2106 4912 2295 4984 creari
2332 4934 2597 5000 possunt.
2645 4922 2901 4982 humana
2960 4920 3107 4980 ratio
3158 4917 3331 4978 filCllc
3374 4912 3632 4975 amuiatit
3669 4939 3682 4973 τ

319 5028 348 5061 ε
380 5023 516 5069 esse
540 5024 680 5068 vero
708 5008 928 5089 aliquid
955 5010 1111 5090 quod
1143 5029 1260 5071 non
1292 5018 1570 5072 emanant
1601 5030 1635 5072 a
1667 5029 1864 5090 causa,
1897 5013 2057 5076 nulla
2087 5012 2236 5075 ratio
2267 5012 2592 5072 assentitut‘
2623 5029 2638 5073 :
2693 5009 2807 5071 nisi
2852 5012 3002 5070 forte
3058 5008 3423 5067 interventus
3455 5003 3592 5063 tidci
3619 5020 3687 5061 ac

317 5095 619 5174 «sponsio
649 5095 996 5158 intercedat.
1030 5097 1255 5171 Quodsi
1287 5117 1418 5160 esse
1447 5098 1670 5180 aliquid
1720 5100 2089 5164 credendum
2149 5111 2263 5172 est,
2301 5119 2413 5159 nec
2473 5101 2595 5161 ullo
2659 5102 2836 5159 modo
2896 5096 3182 5175 gt'nilum,
3244 5111 3354 5154 nec
3424 5111 3459 5152 a
3515 5108 3691 5151 causa

314 5205 346 5239 ι
381 5183 733 5271 profectum,
768 5203 879 5247 nec
908 5186 982 5246 ab
1008 5187 1128 5247 ullo
1158 5188 1425 5268 pendens
1454 5190 1764 5267 superiore
1798 5189 2096 5271 principio
2132 5211 2148 5265 ;
2201 5189 2571 5249 credendum
2621 5190 2824 5267 utique
2884 5188 2997 5245 erit
3049 5183 3123 5243 ab
3157 5183 3267 5241 hoc
3323 5181 3476 5260 ipso,
3533 5180 3685 5258 quod

318 5289 350 5331 ε
378 5270 717 5334 intellectus
744 5274 843 5349 sit,
876 5275 1143 5353 genitum
1172 5294 1309 5337 esse
1348 5276 1630 5357 Verbum,
1656 5270 2046 5360 sanctumque
2074 5277 2443 5361 processisse
2472 5278 2784 5358 Spiritum.
2822 5301 2847 5329 ι

972 5364 1286 5423 Ἐπιστασία

390 5480 416 5513 ε
448 5454 723 5534 Πρόσσχες
766 5460 880 5521 m7»:
942 5459 1031 5514 καὶ
1086 5456 1236 5523 οὗτος
1293 5459 1322 5514 ὁ
1376 5459 1634 5535 μακάριος
1674 5459 1736 5513 τὸ
1768 5457 1829 5514 ἐν.
1856 5464 1947 5513 τοῦ

2592 5368 2777 5427 Anim
2789 5363 3096 5426 adversiu.

2109 5456 2413 5519 Attendito
2477 5461 2777 5540 quomodo
2812 5468 2871 5520 et
2901 5460 2993 5517 hic
3026 5457 3232 5517 beatus
3282 5450 3427 5514 illud
3462 5469 3530 5513 ex
3563 5450 3684 5512 Deo

308 5568 335 5604 ε
365 5550 500 5602 Θεοῦ
541 5543 657 5600 ἀντὶ
721 5552 817 5603 τοῦ
868 5548 1071 5625 Πατρὸς
1132 5544 1517 5623 ἐκλαμϐάνεται
1560 5547 1616 5604 ιν
1658 5548 1748 5611 οἷς
1805 5544 1948 5625 λέγει

2060 5570 2063 5601 :
2097 5564 2203 5627 pro
2241 5549 2413 5610 Patre
2457 5550 2731 5631 accipiat,
2785 5567 2923 5611 cum
2977 5547 3143 5620 dicit,
3193 5544 3298 5607 Dei
3334 5540 3595 5604 Verbum
3626 5549 3687 5601 et

306 5659 331 5692 ε
364 5632 569 5692 καὶτὸν
593 5641 689 5692 τοῦ
743 5640 876 5692 Θεοῦ
930 5635 1103 5714 Λόγον
1156 5637 1243 5692 καὶ
1296 5637 1357 5693 τὸ
1409 5636 1663 5715 πανάγιον
1735 5640 1948 5712 Πνεῦμα

2060 5664 2061 5689 :
2098 5637 2545 5701 sanctissimum
2580 5640 2890 5721 Spiritum,
2925 5655 2993 5699 ex
3023 5635 3142 5698 Deo
3173 5633 3436 5718 prodire,
3465 5638 3521 5691 et
3545 5642 3680 5691 cum
