4210 6292
592 330 701 398 611

1697 330 1910 396 JOAN.
1944 328 2166 395 VECCI
2193 329 2306 391 ΟΡ.
2338 323 2850 393 ΡΑΤΒΙΑΒΕΗᾹ

3837 332 3960 398 612

593 490 619 525 ‹
655 480 775 524 non
804 467 1029 524 tantum
1060 459 1224 522 varia
1247 479 1414 523 sacra
1444 460 1768 537 volumina,
1802 459 1905 523 sed
1937 461 2067 542 ipsa
2091 479 2207 542 quo

2322 485 2349 517 ε
2382 464 2597 543 χάριτος
2648 464 2707 521 οὗ
2766 465 2929 541 μόνον
3002 465 3276 548 διαφόρους
3333 470 3470 547 ἱερὰς
3528 467 3761 547 βίϐλους,
3821 467 3966 525 ἀλλὰ

595 575 621 605 α
657 568 772 632 que
798 548 1110 626 Evangelia
1141 549 1558 625 interpretatus
1573 558 1811 619 esl,non
1846 568 1913 610 ex
1949 550 2097 611 Filio
2124 549 2229 611 sed

596 664 619 697 ι
656 658 726 702 ex
760 642 927 700 Patre
960 637 1325 700 Paracletum
1364 637 1689 715 procedere
1726 637 1961 699 tradere
2011 639 2231 699 edoce-

594 757 617 790 ε
648 746 866 809 reque:
891 744 1058 806 aeque
1087 739 1265 805 atque
1296 725 1444 786 alios
1471 726 1702 788 divinos
1732 727 1938 789 Patres
1981 745 2229 809 proces-

588 846 615 879 ο
647 819 876 881 sionem
898 832 1015 876 non
1046 814 1531 889 missionem,sed
1558 815 2230 878 naturalemsubsisten-

589 936 612 966 ι
647 906 787 967 tiam
816 902 1068 984 Spiritu,
1099 902 1546 985 decernereque
1581 906 1825 984 insuper
1854 904 2040 986 ipsam
2081 905 2227 966 mis-

589 1018 613 1053 ι
647 994 877 1057 sionem
910 1009 1028 1053 non
1059 991 1421 1070 simpliciter
1446 1011 1484 1053 a
1507 990 1658 1055 Filio
1707 991 2025 1074 Verbaque
2070 992 2222 1073 fieri,

583 1112 610 1147 ε
642 1082 749 1145 sed
776 1079 1143 1162 approbante
1175 1079 1345 1143 Patre
1375 1090 1433 1143 et
1460 1081 1641 1145 simul
1670 1084 1959 1146 mittente.
1994 1100 2027 1135 υ

1238 1350 1574 1430 Refutatio.

658 1447 805 1512 Cum
836 1454 1105 1525 tempore
1132 1442 1466 1505 schismatis
1481 1444 1568 1504 vir
1598 1442 2065 1524 isteinclaueuit,
2101 1462 2218 1504 non

577 1538 757 1601 mella
786 1532 1265 1597 consideratione
1278 1531 1453 1609 digna
1477 1532 1635 1594 dicta
1659 1531 1818 1593 illius
1831 1532 2221 1594 existimanda

574 1628 871 1698 videntur,
902 1620 1287 1684 nihilominus
1319 1638 1387 1681 ex
1421 1620 1515 1682 bis
1545 1620 1918 1701 iisdem,quze
1945 1620 2073 1701 ipse
2089 1639 2196 1703 pro

574 1715 825 1779 nuntiat.
861 1718 1110 1773 muttum
1132 1709 1387 1771 addetur
1413 1709 1624 1771 virium
1656 1709 2131 1771 existimantibus
2150 1727 2208 1771 ex

2300 1709 2375 1762 ὧν
2433 1706 2581 1771 οὗτος
2672 1707 2840 1787 λέγει,

2319 573 2343 605 (ι
2377 553 2465 608 καὶ
2522 552 2652 608 αὔτα
2707 554 2773 609 τὰ
2829 551 2952 632 ἅγια
3009 551 3364 633 ἐξηγήσασθαι
3405 556 3722 636 Εὖαγγελια,
3782 557 3845 613 τό
3899 576 3960 612 τε

2318 660 2342 694 ε
2380 641 2456 714 μὴ
2497 640 2556 697 ἐκ
2606 648 2699 698 τοῦ
2742 644 2884 715 Υἱοῦ,
2942 641 3060 698 ἀλλ’
3113 643 3174 699 ἐκ
3202 643 3293 700 τοῦ
3320 646 3520 723 Πατρὸς
3549 648 3610 702 τὸ
3665 643 3961 724 Παράκλη-

2320 749 2347 781 ιι
2380 750 2470 784 τον
2541 730 2908 807 ἐκπορεύεσθαι
2988 737 3198 807 Πνεῦμα
3265 731 3637 812 παραδιδόντος
3698 754 3804 805 σοι,
3869 735 3960 792 καὶ

2319 833 2349 873 (
2378 817 2476 884 τὴν
2519 816 2616 892 μὲν
2674 817 2977 897 ὲκπόρευσιν
3034 822 3128 878 οῦκ
3210 820 3535 901 ἀποστολὴν,
3606 820 3743 878 DN:
3797 843 3957 899 φυσι-

2317 925 2341 959 α
2376 904 2478 973 κήν
2533 904 2748 982 ὕπαρξιν
2818 906 3109 986 συμφώνως
3181 921 3299 972 τοῖς
3353 908 3564 975 λοιποῖς
3629 910 3787 975 θείοις
3844 915 3959 966 Πα-

2316 1013 2340 1045 ιι
2376 992 2524 1071 τράσι
2569 991 2921 1065 διδάσκοντος,
2981 992 3117 1053 ἀλλὰ
3176 998 3265 1052 καὶ
3318 998 3418 1065 τὴν
3478 996 3784 1065 ἀποστολὴν
3854 1001 3954 1057 αὖ·

2314 1102 2342 1135 α
2373 1081 2493 1148 τὴν,
2553 1082 2658 1160 οὐχ
2699 1080 2881 1146 ἅπλῶς
2939 1095 3028 1140 τόν
3099 1083 3218 1141 Υἱόν
3258 1087 3347 1141 καὶ
3408 1086 3577 1163 Λόγον
3633 1086 3956 1162 ποιούμενον

2313 1187 2345 1229 ι
2372 1166 2803 1250 δογματιζοντος,
2862 1168 3000 1228 ἀλλὰ
3075 1171 3495 1239 συνευδοκοῦντος
3562 1184 3656 1235 τοῦ
3721 1176 3952 1253 Πλτρὸς,

2310 1280 2341 1313 α
2369 1259 2461 1315 καὶ
2486 1257 3019 1323 συναποστέλλοντος.
3061 1289 3083 1319 ι

2938 1350 3288 1432 Ἀντίρῤησις,

2386 1444 2441 1498 Εἰ
2497 1444 2585 1527 καὶ
2651 1439 2734 1499 διὰ
2794 1445 2859 1501 τὸ
2907 1445 3042 1502 κατὰ
3098 1446 3190 1503 τόν
3262 1447 3443 1524 καιρόν
3513 1454 3605 1504 τού
3647 1446 3949 1527 σχίσματος

2300 1529 2390 1587 τὸν
2434 1526 2591 1609 ἄνδρα
2671 1536 2855 1590 τοῦτον
2933 1533 3214 1614 ἀκμάζειν,
3276 1538 3338 1594 οὗ
3386 1532 3592 1602 πολλῆς
3629 1526 3766 1601 ἦσαν
3821 1534 3947 1591 ἑπι-

2301 1617 2541 1694 σκὲψεως
2615 1617 2732 1685 ἄξια
2798 1620 2863 1678 τὰ
2916 1621 3039 1700 παρ’
3112 1624 3272 1682 αῦτοῦ
3336 1623 3491 1705 τέως,
3562 1622 3700 1680 ἀλλὰ
3738 1626 3827 1681 καὶ
3854 1619 3951 1704 ἄγ’

2931 1709 3282 1790 συγκρότησις
3368 1714 3465 1772 οὐκ
3543 1710 3697 1790 ὀλίγη
3755 1711 3945 1790 ἐπιγε-

570 1807 835 1870 Patre.et
865 1799 1016 1862 Filio
1047 1797 1330 1878 Spiritum
1364 1797 1675 1861 esse.Tum
1716 1798 1874 1878 quod
1918 1798 2045 1878 ipse
2077 1816 2208 1878 pro-

2300 1796 2518 1865 νήσεται
2573 1810 2692 1859 τοῖς
2734 1795 2794 1852 ἐκ
2829 1797 3032 1876 Πατρός
3068 1788 3174 1855 καὶ
3244 1802 3365 1857 ficii
3420 1800 3482 1857 τό
3537 1788 3748 1877 Πνεῦμα
3789 1788 3949 1866 δοξά-

569 1890 901 1955 cessionem
953 1887 1398 1967 interpretatus,
1436 1886 1760 1948 naturalem
1812 1885 2213 1951 exsistentiam

567 1999 699 2043 eam
730 1997 861 2042 csse
892 1975 1150 2057 Spiritus
1178 1974 1595 2055 pronuntiavit.
1629 1973 1861 2037 Etenim
1903 1974 1954 2036 si
1998 1992 2213 2055 proce-

565 2069 718 2131 dere
748 2064 1095 2129 naturaliter
1116 2062 1401 2125 exsistere
1431 2073 1540 2140 est,
1576 2063 1677 2144 qui
1727 2062 2077 2125 naturaliter
2106 2081 2212 2126 ex-

564 2157 777 2219 sistere
805 2153 1088 2235 Spiritum
1118 2170 1188 2214 ex
1221 2154 1390 2214 Patre
1425 2160 1483 2214 et
1506 2152 1656 2215 Filio
1687 2151 2013 2227 dicit,nihil
2034 2152 2108 2213 ab
2138 2169 2209 2215 eo

565 2243 893 2325 diﬂ'ert,qui
925 2261 995 2304 ex
1026 2250 1273 2321 utroque
1305 2240 1469 2301 illum
1497 2241 1822 2319 procedere
1846 2239 2036 2321 inqui.
2059 2237 2208 2301 Tum

567 2333 743 2398 etiam
776 2329 931 2413 quod
965 2330 1093 2411 ipse
1121 2334 1376 2402 as-erat,
1428 2327 1773 2390 missionem
1832 2327 2021 2408 ipsam
2073 2346 2213 2405 erga

566 2425 803 2486 Patrem
861 2418 993 2481 Filii
1042 2417 1433 2499 aequalitatem
1486 2425 1714 2480 notare.
1770 2415 1995 2478 Etenim
2040 2416 2092 2478 si
2139 2434 2212 2479 ex

566 2518 740 2579 Patre
771 2522 829 2574 et
859 2509 1010 2573 Filio
1042 2508 1297 2571 mittitur
1336 2515 1579 2589 propter
1635 2507 2025 2588 aequalitatem
2075 2506 2210 2571 Filii

565 2621 707 2683 erga
763 2599 1020 2672 Patrem,
1074 2614 1192 2658 non
1240 2596 1326 2657 uti
1374 2615 1445 2658 ex
1496 2595 1728 2657 duobus
1780 2594 2050 2683 mittitur.
2081 2594 2210 2668 Qua

564 2682 727 2755 enim
781 2687 1017 2751 ratione
1067 2683 1323 2766 Spiritus
1367 2693 1526 2747 esset
1569 2702 1724 2746 unus
1753 2690 1812 2746 et
1841 2682 2129 2746 indivisus
2157 2684 2207 2746 si

564 2798 684 2842 non
714 2776 895 2841 veluti
924 2792 997 2838 ex
1031 2792 1151 2835 una
1193 2790 1370 2835 causa
1416 2771 1856 2846 missionis,sed
1906 2771 2085 2834 veluti
2134 2790 2203 2835 ex

563 2865 793 2930 duabus
822 2862 1018 2926 causis
1074 2859 1400 2942 missionis,
1455 2860 1642 2923 Patris
1692 2860 1945 2924 scilicet.
1981 2868 2037 2922 et
2070 2860 2203 2923 Filii

563 2955 917 3019 mitteretur.
954 2950 1112 3016 Patri
1167 2966 1402 3032 quoque
1457 2948 1687 3011 ratione
1742 2948 2111 3024 naturaliter,
2144 2957 2204 3011 et

564 3042 960 3108 essentialiter
991 3040 1281 3103 assistens
1306 3057 1376 3100 ex
1402 3039 1572 3102 Patre
1626 3046 1685 3100 et
1737 3036 1912 3118 Filio,
1947 3057 2068 3110 non
2118 3038 2203 3100 uti

2298 1889 2467 1954 ζουσι.
2513 1890 2676 1942 Τοῦτο
2745 1885 2865 1960 μὲν,
2929 1885 3009 1943 ὅτι
3082 1909 3181 1949 την
3238 1887 3541 1967 ἐκπόρευσιν
3598 1889 3949 1967 ὶξηιγούμενος

2299 1970 2468 2051 οὗτος,
2535 1972 2760 2052 φυσικὴν
2840 1971 3055 2051 ὕπαρξιν
3109 1984 3201 2034 τοῦ
3253 1977 3556 2052 Πνεύματος
3614 1976 3756 2033 εἶναι
3809 1978 3947 2034 ταύ-

2294 2080 2394 2126 την
2423 2058 2685 2131 ἕδήλωσεν
2719 2076 2734 2092 ⁶
2798 2061 2842 2117 εἶ
2894 2064 2992 2142 γὰρ
3047 2069 3108 2119 τὸ
3166 2063 3529 2143 ἐκπορεύεσθαι
3587 2066 3649 2122 τὸ
3703 2072 3946 2145 quarti»:

2293 2147 2551 2227 ὑπάρχειν
2607 2148 2767 2228 ἐστὶν,
2828 2151 2856 2205 ὁ
2925 2156 3155 2229 φυσικῶς
3210 2154 3469 2233 ὑπάρχειν
3514 2155 3576 2210 τὸ
3616 2158 3825 2226 Πνεῦμα
3883 2154 3947 2211 ἐκ

2293 2241 2497 2314 Πατρὸς
2553 2239 2643 2293 καὶ
2697 2240 2816 2293 Υίοῦ
2871 2236 3062 2317 λέγων,
3110 2238 3257 2299 οῦδὲν
3286 2238 3515 2321 διαφέρει
3571 2248 3662 2299 τοῦ
3730 2240 3784 2307 ὶξ
3826 2241 3940 2317 ἆμ-

2293 2338 2416 2404 φοϊν
2441 2325 2567 2384 αὗτό
2608 2323 2853 2404 λέγοντος
2911 2327 3329 2407 ἐκπορεύεσθαι·
3376 2338 3530 2386 τοῦτο
3583 2328 3637 2386 δὲ
3693 2332 3783 2387 καὶ
3834 2330 3945 2388 ἀπὸ

2292 2414 2388 2481 τὴν
2418 2412 2721 2481 ἀποστολὴν
2750 2415 2912 2482 αύτὴν
2972 2412 3147 2494 λέγειν
3193 2418 3348 2476 αὐτὸν
3404 2415 3594 2485 δηλοῦν
3661 2419 3757 2487 τὴν
3806 2422 3943 2498 πρὸς

2291 2502 2380 2559 τόν
2438 2502 2657 2582 Ππτὲρα
2710 2504 2932 2571 ἰσότητα
2999 2512 3092 2563 τοῦ
3145 2508 3287 2570 Γῖοὗ,
3334 2507 3392 2564 Εἰ
3448 2509 3550 2586 γὰρ
3605 2506 3665 2564 ἐκ
3732 2512 3939 2589 Πατρὸς

2288 2591 2377 2647 καὶ
2437 2592 2558 2648 Υἶοῦ
2612 2594 2674 2648 τὸ
2730 2598 2942 2669 Πνεῦμα
2996 2593 3335 2669 πεμπόμενοι
3396 2591 3479 2650 διὰ
3533 2596 3632 2662 τὴν
3687 2598 3815 2675 πρὸς
3847 2598 3941 2654 τὸν

2290 2680 2496 2759 Πατέρα
2549 2680 2769 2749 ἰσότητα
2822 2689 2915 2740 τοῦ
2981 2684 3124 2753 rte-3,
3171 2685 3272 2763 οὔχ
3315 2684 3388 2747 ὡς
3431 2682 3492 2740 ὲκ
3525 2681 3613 2740 δύο
3639 2685 3749 2742 εστὶ
3795 2705 3938 2762 πεμ-

2286 2768 2543 2845 πόμενον,
2603 2774 2719 2833 πῶς
2791 2771 2890 2850 γὰρ
2934 2768 2997 2826 ἂν
3050 2773 3139 2828 καὶ
3208 2771 3301 2839 εἴη
3354 2773 3417 2829 τὸ
3485 2777 3696 2847 Πνεῦμα
3750 2771 3807 2829 ἓν
3848 2777 3940 2831 καὶ

2286 2854 2597 2937 ἀδιαίρετον,
2658 2856 2812 2938 εἴπερ
2870 2862 2971 2939 οὐχ
3029 2861 3103 2923 ὡς
3154 2859 3205 2926 ἐξ
3266 2856 3385 2924 ἐνὸς
3427 2862 3590 2917 αἰτίου
3643 2861 3738 2929 τῆς
3789 2863 3935 2939 πέμ-

2287 2948 2448 3020 ψεως,
2514 2943 2634 3002 ἀλλ’
2696 2948 2770 3011 ὡς
2812 2949 2874 3004 εκ
2915 2947 3004 3005 δύο
3032 2949 3207 3005 αἰτίων
3256 2952 3355 3017 τῆς
3396 2947 3652 3025 πέμψεως
3682 2958 3772 3008 τοῦ
3816 2958 3937 3009 Πα-

2286 3056 2406 3113 τρος
2474 3034 2563 3090 καὶ
2616 3034 2708 3091 τοῦ
2765 3038 2887 3095 Υἱοῦ
2927 3036 3217 3115 πέμποιτο,
3275 3038 3413 3095 οὕτω
3467 3041 3555 3095 καὶ
3581 3046 3810 3119 φυσικῶς
3840 3047 3940 3103 καὶ

562 3154 638 3200 ex
664 3133 922 3210 duobus,
954 3132 1060 3195 sed
1090 3130 1179 3193 uti
1208 3149 1279 3193 ex
1325 3148 1443 3194 uno
1490 3132 1615 3196 Deo
1644 3129 1989 3211 naturaliter
2016 3139 2075 3193 et
2103 3149 2203 3193 es-

2295 3119 2833 3211 ρῦσιιιῆᾠςᾷὓπάρχον
2883 3127 2945 3182 εκ
3000 3128 3204 3206 Πατρὸς
3259 3129 3347 3183 καὶ
3412 3127 3554 3201 Υἱοῦ,
3614 3130 3716 3208 οὐχ
3754 3132 3829 3196 ὡς
3874 3133 3937 3188 ἑκ

560 3224 889 3289 sentialiter
921 3220 1174 3285 exsistit.

1208 3399 1558 3465 ZIGABENI

560 3499 633 3563 In
659 3500 887 3562 dictum
916 3500 1178 3561 Joannis
1210 3494 1387 3636 «(Hic
1428 3494 1837 3557 testimonium
1867 3494 2203 3576 perhibebit

1219 3599 1234 3636 ι
1259 3593 1290 3636 e
1313 3592 1426 3636 me.
1454 3602 1475 3632 ι

1219 3592 1290 3638 (ιθ
1313 3592 1426 3636 me.
1454 3602 1475 3632 ι

638 3668 1002 3734 Cl.II.cNam
1038 3688 1170 3733 cum
1222 3670 1394 3730 Pater
1436 3664 1839 3727 testimonium
1871 3665 2030 3729 varie
2061 3686 2201 3747 per-

561 3786 584 3817 ι
624 3759 888 3822 hibuerit
911 3760 986 3821 de
1026 3776 1156 3821 me:
1193 3755 1445 3838 Spiritus
1474 3762 1710 3817 sanctus
1738 3773 1978 3837 quoque
2010 3756 2207 3820 multi-

558 3877 583 3910 α
615 3848 820 3911 fariam
855 3849 1259 3911 testimonium
1292 3845 1536 3907 omnino
1570 3844 1925 3925 perhibcbit.
1959 3845 2202 3910 Testili-

566 3956 593 3997 ι
625 3937 856 3999 cabitur
884 3944 1078 3998 autem
1114 3938 1320 3999 lucens
1349 3935 1406 3995 in
1435 3933 1720 3996 cordibus
1750 3935 1963 3997 vestris
1987 3938 2059 3998 ad
2085 3957 2203 4000 ma-

562 4057 583 4085 ι
609 4026 804 4103 jorem
837 4025 1282 4105 certitudinem,
1310 4032 1366 4085 et
1396 4024 1679 4085 miracula
1707 4041 1966 4103 operans
1994 4025 2052 4088 in
2087 4045 2200 4088 no-

562 4142 583 4172 ι
616 4114 777 4175 mine
811 4133 961 4177 mao.
1002 4113 1153 4176 Vide
1174 4122 1373 4176 autem
1400 4111 1558 4193 quod
1585 4111 1764 4173 mittit
1788 4131 1924 4175 eum
1955 4114 2194 4195 quidem

554 4220 586 4262 ε
620 4210 677 4263 et
706 4201 911 4279 Filius,
947 4210 1221 4284 tanquam
1254 4200 1523 4281 ejusdem
1543 4219 1673 4262 cum
1706 4198 1885 4262 Potre
1930 4202 2191 4277 honoris,

556 4311 583 4346 α
620 4300 1026 4354 verumtamen
1058 4311 1093 4353 a
1124 4294 1296 4354 Patre
1319 4299 1597 4367 tanquam
1616 4289 1717 4370 qui
1744 4307 1779 4349 a
1806 4286 1978 4350 Patre
1996 4308 2197 4369 proce-

555 4402 584 4435 α
616 4378 724 4441 dit.
762 4380 1041 4444 Procedit
1062 4398 1201 4443 vero
1232 4397 1267 4440 a
1297 4382 1468 4443 Patre
1502 4389 1778 4458 tanquam
1822 4376 1896 4440 ab
1927 4379 2056 4458 ejus
2089 4397 2192 4442 es-

557 4490 580 4525 ι
621 4468 834 4532 sentia.
870 4493 898 4525 ι

1114 4561 1609 4624 Animadversio.

626 4655 910 4718 Animum
968 4655 1148 4718 etiam
1202 4654 1444 4718 adverte
1493 4653 1790 4735 pisssimo,
1846 4671 1915 4716 ac
1964 4652 2189 4719 deifero

554 4766 582 4800 ε
616 4743 774 4806 hunc
797 4744 1386 4821 monacho,consona
1414 4762 1549 4806 cum
1579 4743 1715 4805 aliis
1743 4743 1966 4806 sanctis
1995 4745 2193 4808 Patri-

551 4856 577 4888 ι
613 4831 726 4894 bus
775 4831 854 4894 dd
911 4831 1139 4913 Spiritu
1195 4840 1422 4913 sancto,
1476 4831 1758 4914 illiusque
1807 4833 2194 4911 procassione

551 4942 576 4980 α
615 4921 931 5005 referenti,
959 4922 1341 5004 docentique.
1376 4945 1398 4976 ι

1186 5017 1521 5097 Refutatt'o.

629 5106 746 5171 Sed
777 5109 1282 5190 quemadmodum
1337 5127 1372 5171 a
1422 5111 1594 5174 Patre
1652 5109 1943 5192 procedit,
2004 5115 2088 5173 uti
2121 5131 2192 5176 ex

544 5196 812 5260 essentia
844 5198 1004 5261 illius
1033 5198 1439 5274 exsistens,ita
1469 5213 1528 5262 et
1580 5196 1730 5261 Filio
1782 5199 2055 5276 mittitur,
2104 5204 2192 5267 uti

2285 3209 2398 3293 δύο,
2456 3208 2592 3298 ἀλλ’Δ
2640 3213 2714 3276 ὡς
2771 3211 2824 3278 EE
2896 3214 3012 3277 ἑνὸς
3069 3214 3180 3272 ἐστι
3233 3214 3367 3274 Θεοῦ
3420 3216 3650 3296 φυσικῶς
3689 3218 3932 3298 ὑπάρχον

2285 3302 2371 3358 καὶ
2412 3296 2696 3365 οῦσιιώὦς,

2824 3403 2953 3453 ΤΟΥ
2996 3400 3411 3460 ΖΥΓΛΒΠΝΟΥ.

2289 3490 2375 3553 Εἰς
2431 3491 2491 3546 τὸ
2560 3490 2719 3569 ῥητὸν
2790 3490 2882 3546 τοῦ
2938 3490 3075 3573 κατὰ
3130 3486 3404 3573 Ἰωάννην,
3463 3493 3550 3573 τὸ,
3616 3511 3640 3545 ε
3686 3492 3929 3563 Ἐκεῖνος

2740 3571 3057 3648 μαρτυρήσει
3100 3571 3216 3649 περὶ
3258 3570 3409 3647 ἐμοῦ.
3446 3590 3469 3624 ι

2366 3652 2532 3725 ΡΝΒ’.
2572 3692 2595 3723 ι
2630 3667 2732 3720 Τοῦ
2809 3663 2910 3741 γὰρ
2982 3662 3185 3741 Πατρός
3254 3660 3514 3743 διαφόρως
3564 3668 3932 3745 μαρτυρήσαν-

2292 3770 2323 3811 ί
2352 3773 2441 3817 τος
2482 3752 2602 3831 περὶ
2655 3751 2805 3827 ἐμοῦ,
2867 3753 2956 3808 καὶ
2997 3753 3058 3808 τὸ
3102 3758 3309 3827 Πνεῦμα
3361 3755 3423 3809 τὸ
3478 3754 3629 3832 ἅγιον
3665 3752 3929 3836 διαφόρως

2293 3862 2321 3895 ιι
2354 3841 2675 3920 μαρτυρήσει
2775 3841 3008 3904 πάντως,
3098 3843 3429 3920 Μαρτυρήσει
3504 3840 3558 3897 δὲ
3652 3842 3925 3921 ἐλλάμπον

2294 3948 2319 3984 α
2352 3942 2473 3994 ταῖς
2530 3927 2761 4007 καρδίαις
2837 3930 2984 4005 δμιῦν
3052 3930 3123 3994 εἷς
3166 3928 3524 4010 πληροφορίαν
3577 3930 3923 4016 τελεωτεραν,

2291 4039 2321 4072 ε
2350 4018 2439 4074 καὶ
2494 4020 2883 4098 τερατομργοῦν
2940 4018 3025 4074 ἐπὶ
3080 4025 3157 4092 τῷ
3226 4019 3444 4095 ὀνόματί
3491 4042 3616 4095 μου.
3704 4032 3812 4100 Ορα
3868 4023 3925 4080 δὲ

2286 4128 2315 4161 α
2348 4103 2429 4161 ὅτι
2498 4113 2698 4182 πέμπει
2727 4107 2824 4183 μὲν
2867 4110 2993 4166 αὐτὸ
3035 4109 3120 4164 καὶ
3179 4110 3208 4164 ὁ
3246 4110 3387 4183 Υἱὸς,
3419 4112 3493 4174 ὡς
3520 4111 3776 4188 ὁμότιμος
3846 4120 3924 4189 τῷ

2284 4216 2313 4250 α
2347 4195 2530 4275 Πατρὶ,
2573 4196 2715 4273 παρὰ
2755 4202 2846 4253 τοῦ
2902 4199 3105 4276 Πατρὸς
3156 4194 3232 4271 δὲ,
3286 4200 3358 4264 ὡς
3399 4201 3541 4279 παρὰ
3581 4207 3674 4257 τοῦ
3715 4203 3921 4281 Πατρός

2282 4305 2308 4338 ο
2339 4283 2775 4365 ὶκπορευόμενον,
2846 4288 2989 4367 παρὰ
3042 4297 3136 4345 τοῦ
3203 4289 3406 4367 Πατρὸς
3468 4288 3523 4344 δὲ
3583 4291 3920 4369 εκπορεύεται

2283 4401 2307 4436 ε
2343 4380 2415 4444 ὡς
2443 4380 2505 4434 ιλ
2546 4383 2644 4446 τῆς
2679 4379 2856 4441 οὐσίας
2898 4377 3076 4439 αὑτοῦ.
3114 4402 3136 4432 ι

2926 4560 3258 4622 Ἐιπστασίαο

2358 4681 2381 4713 ι
2415 4655 2713 4735 Πρόσσχες,
2777 4658 2820 4715 εἰ
2874 4655 3074 4734 βούλει,
3151 4657 3239 4713 καὶ
3306 4661 3384 4730 τῷ
3434 4656 3709 4732 ὁσιωτάτῷ
3747 4658 3920 4733 τούτῳ

2280 4763 2309 4797 α
2340 4744 2429 4801 καὶ
2482 4745 2718 4825 θεοφόρῳ
2760 4752 2986 4827 μοναχῷ
3034 4745 3286 4826 σύμφωνα
3326 4757 3444 4808 τοῖς
3485 4747 3641 4810 θείοις
3685 4748 3919 4825 Πατράσι

2285 4850 2308 4888 ε
2341 4834 2458 4910 περὶ
2511 4840 2605 4891 τοῦ
2653 4834 2803 4911 ἁγίου
2872 4834 3175 4911 Πνεύματος
3227 4833 3316 4891 καὶ
3381 4834 3482 4900 τῆς
3534 4835 3693 4893 αὗτου
3759 4834 3921 4895 ἔκπο.

2280 4942 2309 4976 ε
2340 4922 2563 4999 ρεύσεως
2596 4919 2934 5002 ἐξηγουμένῳ
2973 4943 3031 4980 τε
3057 4924 3146 4979 καὶ
3186 4919 3503 4985 διδάσκοντι.
3541 4950 3567 4983 ι

2939 5013 3291 5095 Ἀντίῤῥησις,

2354 5109 2507 5169 Ἀλλ’
2563 5113 2742 5193 ὥσπερ
2810 5113 2952 5193 παρὰ
3006 5118 3099 5170 τοῦ
3167 5112 3371 5192 Πατρὸς
3438 5111 3797 5190 ἐκπορεύεται,
3842 5115 3917 5179 ὡς

2273 5198 2334 5257 ὶκ
2374 5205 2473 5269 τῆς
2531 5201 2710 5265 οὐσίας
2779 5202 2936 5260 αὐτοῦ
2991 5202 3073 5276 ὃν,
3135 5199 3273 5259 οὕτω
3339 5202 3427 5259 καὶ
3472 5202 3615 5280 παρὰ
3667 5209 3762 5260 τοῦ
3799 5205 3921 5262 1⁸ἱοῦ

543 5301 614 5347 ex
644 5285 905 5350 essentia
932 5286 1118 5368 ipsius
1162 5288 1478 5365 exsistens,
1511 5307 1587 5350 ne
1619 5288 1796 5350 modo
1849 5290 2084 5367 oervili,
2132 5301 2193 5355 et

2295 5288 2564 5366 πέμπεται,
2611 5293 2686 5354 ὡς
2743 5289 2803 5348 ἐκ
2869 5290 2967 5359 τῆς
3024 5289 3208 5355 obuia;
3251 5288 3409 5349 αὐτοῦ
3450 5292 3534 5365 ὃν,
3582 5289 3672 5347 ἴνα
3702 5293 3782 5367 μὴ
3809 5290 3921 5350 δια-

541 5372 967 5436 winistraturio
1026 5377 1154 5457 ipse
1205 5396 1240 5439 a
1286 5378 1438 5441 Filio
1492 5379 1779 5440 mittatur.
1813 5379 1977 5443 Licet
2023 5380 2183 5443 enim

2295 5385 2497 5443 ιονικιῦς
2553 5380 2640 5437 καὶ
2685 5380 3017 5460 ὑπηρετικῶς
3075 5376 3167 5447 εἴη
3209 5381 3556 5456 πεμπόμενον
3598 5381 3725 5437 αῦτὸ
3776 5383 3921 5461 παρὰ

540 5478 661 5522 non
681 5464 889 5552 eadem
924 5464 1110 5543 ipsam
1145 5467 1568 5543 naturalem,et
1594 5467 1976 5531 essentialem
2001 5469 2184 5552 Spiri-

2298 5474 2358 5524 οὗ
2429 5471 2545 5525 Υἶοῧ
2602 5469 2660 5527 Εἰ
2713 5470 2814 5548 γὰρ
2875 5471 2964 5527 καὶ
3019 5470 3097 5546 μὴ
3150 5470 3314 5538 αὒτὴν
3342 5470 3539 5537 ταύτην
3565 5469 3664 5537 τὴν
3693 5471 3919 5550 φυσικὴν

540 5556 636 5610 tus
665 5550 1067 5614 exsistentiam
1101 5553 1309 5616 missio
1340 5565 1547 5631 notet;
1590 5567 1997 5622 verumtamen
2046 5550 2183 5621 cum

2295 5558 2352 5614 ,αὶ
2393 5556 2621 5627 οὒσιώδη
2690 5569 2784 5621 τοῦ
2837 5559 3138 5636 Πνεύματος
3204 5558 3418 5640 ὕπαρξιν
3461 5561 3497 5628 ἡ
3553 5558 3758 5637 πέμψις
3828 5558 3926 5629 δη.

537 5654 687 5719 sane
719 5640 1122 5704 exsistentiam
1156 5641 1573 5725 subsequatur,
1605 5643 1891 5725 Spiritum
1949 5667 1985 5711 a
2030 5647 2181 5710 Filio

2295 5660 2378 5729 οῖ,
2411 5646 2529 5705 ἀλλ’
2575 5648 2759 5719 ἔπειδὴ
2842 5656 2911 5728 τῇ
2968 5648 3177 5730 ὑπάρξει
3227 5647 3359 5717 αὕτη
3402 5670 3462 5728 γε
3524 5647 3829 5726 ἀκολουθεῖ,
3862 5649 3923 5712 ἔκ
