4208 6296
515 299 631 364 615
1590 310 1800 373 JOAN.
1849 309 2067 373 VECCI
2106 308 2218 371 ep.
2264 305 2779 373 PATRIARCH/E
3777 297 3893 365 6l6

514 441 630 495 tate
659 452 912 516 namque
946 438 1202 515 primum
1234 439 1564 501 secundum
1597 459 1729 502 esse
1757 459 1792 501 a
1825 439 1996 520 Filio,
2024 458 2151 503 cum

2245 448 2310 519 τῇ
2366 444 2514 524 φύσει
2550 462 2566 524 ;
2602 443 2889 516 Ἀξοώματι
2920 445 3019 520 μὲν
3079 444 3179 523 γὰρ
3227 442 3542 522 δευτερεύειν
3598 446 3690 497 τοῦ
3744 439 3886 511 Υἰοῦ,

513 523 588 585 ab
618 523 744 603 ipso
778 524 1011 598 habeat,
1047 526 1203 607 quod
1255 529 1353 600 sit,
1405 539 1461 589 et
1520 529 1593 590 ab
1648 531 1772 608 ipso
1803 530 2074 609 accipiat,
2106 542 2151 592 el

2247 554 2352 609 παρ
2423 523 2579 590 αὑτοῦ
2633 535 2695 590 16
2737 534 2879 590 εἶναι
2921 531 3077 612 ἕχον,
3138 533 3226 588 καὶ
3265 553 3374 611 παρ
3407 530 3566 588 αὑτοῦ
3592 524 3883 604 λαμϐάνον,

396 672 403 681 ,
512 613 685 675 nobis
716 616 1048 688 annuntiet,
1080 626 1139 677 et
1166 634 1407 694 prorsus
1438 616 1510 676 ab
1543 618 1644 679 illa
1673 636 1851 679 causa
1885 620 2151 700 pendeat,

2244 622 2331 677 καὶ
2388 620 2714 699 ἆναγγέλλον
2768 623 2924 696 ἡμῖν,
2985 621 3073 678 καὶ
3128 619 3266 686 ὅλως
3317 621 3523 686 ἐκείνης
3566 617 3662 686 τῆς
3715 615 3883 677 αἰτίας

458 708 465 714 ’
515 701 748 781 pietatis
768 719 964 762 sermo
987 703 1180 763 tradit.
1208 701 1427 764 Natura
1470 723 1610 765 vero
1644 704 1817 766 tertia
1848 707 1931 769 uti
1990 725 2099 767 nec
2128 725 2161 768 a

386 794 409 841 ’θ
515 789 731 850 divinis
762 789 1084 868 Scriptnris
1130 791 1475 871 didicimus,
1525 811 1636 854 nec
1665 812 1732 854 ex
1757 794 2132 855 antecedenti

406 912 421 939 ι
513 877 626 939 bus
658 877 781 937 licri
817 887 1031 958 patest,
1088 886 1151 940 ut
1208 880 1537 959 colligatur.
1593 883 1737 942 Nam
1770 884 2165 962 quenadmo-

513 966 651 1027 dum
675 966 859 1029 Filius
890 966 1100 1028 ordine
1152 968 1392 1048 quidem
1443 987 1476 1029 a
1521 969 1693 1031 Patre
1725 972 2020 1032 secundus
2050 981 2162 1040 est.

512 1054 789 1135 quoniam
822 1053 896 1115 ab
925 1055 1023 1115 illo
1051 1064 1162 1131 est,
1197 1066 1255 1118 et
1285 1057 1570 1136 dignitate
1599 1059 1876 1138 quoniam
1911 1060 2073 1139 origo
2107 1070 2167 1123 et

511 1162 689 1205 causa
728 1144 966 1205 essendi
1000 1147 1172 1206 Pater
1199 1145 1310 1226 ipsi
1335 1148 1804 1227 est,etquoniam
1839 1167 1944 1229 per
1968 1151 2157 1229 ipsum

511 1250 789 1294 accessus
851 1241 914 1293 et
964 1232 1244 1295 adductio
1302 1235 1374 1295 ad
1428 1234 1613 1296 Deum
1668 1241 1920 1316 Patrem,
1955 1247 2160 1299 natura

514 1339 655 1382 vero
689 1320 852 1380 nullo
906 1321 1083 1381 modo
1140 1323 1433 1383 secundus
1461 1341 1477 1385 :
1509 1321 1784 1399 quoniam
1818 1322 1877 1383 in
1908 1331 2159 1403 utroque

513 1427 632 1469 una
647 1416 746 1470 .est
773 1406 1000 1482 deitas;
1034 1406 1114 1468 ita
1144 1408 1420 1470 videlicet
1449 1417 1507 1471 et
1533 1408 1789 1488 Spiritus
1817 1419 2051 1472 sant-tus
2072 1420 2158 1473 et-

514 1496 566 1557 si
598 1495 877 1575 dignitale
911 1500 973 1558 ct
1021 1497 1230 1558 ordine
1280 1499 1576 1559 secundus
1604 1518 1639 1560 a
1686 1498 1835 1561 Filio
1883 1509 1993 1574 est,
2038 1518 2154 1561 non

515 1593 708 1645 tamen
730 1582 1133 1646 vt-risimiliter
1170 1585 1381 1648 alienae
1405 1587 1600 1667 ipsum
1626 1605 1756 1648 esse
1773 1599 1998 1650 naturae
2018 1588 2157 1650 inde

511 1680 932 1753 consequetur.
971 1694 991 1721 ι

590 1760 908 1839 Gregorius
935 1759 1232 1842 Nyssenus
1268 1763 1457 1843 primo
1486 1764 1768 1828 adversus
1797 1765 2152 1829 Ennomium

508 1849 938 1923 Antirrhetico,
966 1850 1136 1930 cujus
1167 1851 1526 1932 principium
1561 1863 1673 1928 est,
1700 1877 1729 1911 α
1764 1855 1946 1930 Fieri,
1986 1865 2046 1917 nt
2074 1855 2153 1918 vi-

506 1940 682 2001 detur
710 1956 827 1999 non
863 1946 1144 2017 potest,ut
1165 1940 1296 2017 quis
1320 1940 1396 2002 de
1424 1940 1705 2003 omnibus
1724 1942 1875 2005 bene
1897 1944 2151 2005 mereri»

510 2045 695 2110 prope
721 2027 897 2088 linem
931 2026 1054 2088 haec
1096 2028 1312 2092 habet:
1352 2050 1379 2087 ε
1413 2026 1472 2091 Si
1522 2031 1907 2111 temporalem
1940 2051 2157 2110 quam-

508 2118 641 2179 dam
665 2115 1171 2195 intercapedinem
1201 2116 1638 2197 hypostasi.seu
1660 2119 2006 2183 substantiae
2024 2121 2159 2185 Filii

513 2211 930 2282 anteponeret,
972 2203 1074 2283 qui
1125 2208 1357 2266 Patrem
1416 2208 1542 2268 sola
1599 2207 1878 2289 principii
1926 2210 2156 2272 ratione

509 2293 672 2375 prius
697 2291 846 2353 Filio
877 2290 1158 2372 concipit,
1184 2299 1322 2370 jure
1379 2296 1611 2355 censeri
1643 2305 1841 2376 posset
1887 2297 2157 2360 doctrina

508 2381 583 2443 de
600 2380 734 2443 Filii
752 2378 1081 2441 aeternitate
1099 2379 1159 2441 in
1196 2380 1526 2461 periculum
1551 2385 1766 2446 vocari.
1805 2409 1831 2441 ι›
1858 2385 1930 2446 Et
1951 2388 2154 2466 paucis

502 2467 883 2548 interjeclis;
921 2491 944 2524 ι
998 2466 1512 2540 Quemadmodum
1570 2474 1727 2535 enim
1784 2475 1942 2537 Patri
1971 2474 2154 2537 Filius

503 2555 906 2637 conjungitur,
954 2564 1013 2616 et
1042 2574 1175 2617 cum
1209 2575 1278 2618 ex
1315 2557 1463 2621 Filio
1494 2558 1783 2639 originem
1815 2563 2010 2638 ducat,
2045 2582 2150 2626 ex-

505 2644 774 2708 sistentia
799 2653 995 2705 tamen
1016 2644 1312 2732 posterior
1360 2665 1478 2707 non
1515 2656 1605 2708 est
1634 2665 1648 2710 :
1684 2647 1772 2710 sic
1799 2649 1976 2711 etiam
2010 2652 2152 2732 Spi-

507 2735 654 2796 ritus
682 2740 920 2794 sanctus
949 2734 1020 2793 ad
1052 2731 1265 2794 Filium
1324 2752 1391 2795 se
1420 2734 1622 2817 habet,
1656 2739 1998 2814 cognitione
2026 2731 2152 2802 sola

501 2821 832 2886 secundum
866 2819 1060 2910 causae
1088 2824 1378 2910 rationem
1408 2821 1600 2885 Filius
1629 2826 2000 2908 prius,quam
2024 2828 2150 2910 Spi-

502 2912 652 2974 ritus
694 2908 883 2971 sancti
913 2908 1242 2989 bypostasis
1267 2911 1621 2992 concipitur.
1657 2936 1679 2965 ι

2242 706 2560 785 ἐξημμένον,
2644 707 2992 789 παραδίδωσιν
3081 712 3110 766 6
3184 716 3282 775 τίς
3341 706 3604 769 εὑσεϐείας
3661 704 3818 789 λόγος
3865 716 3879 732 ⁸

2241 798 2388 876 φύσει
2432 795 2486 854 δὲ
2527 798 2674 875 τρίτῃ
2728 788 2963 878 χρῆσθαι
3007 796 3124 854 οὔτε
3175 798 3317 874 παρὰ
3369 802 3475 853 τῶν
3531 795 3692 872 ἁγίων
3742 788 3884 848 δεδι-

2246 881 2478 960 δεὶγμεθα
2522 886 2761 964 Γραφῶν,
2819 885 2938 942 οὔτε
3007 885 3068 941 ἐκ
3110 889 3218 941 τῶν
3276 884 3566 964 εἰρημένων
3622 881 3759 938 κατὰ
3826 878 3887 934 16

2246 970 2523 1030 ἀκόλουθον
2585 963 2801 1029 δυνατὸν
2866 971 3279 1050 συλλογίζεσθαι.
3352 963 3443 1036 ὐς
3499 971 3600 1048 γὰρ
3654 970 3684 1025 6
3740 966 3885 1040 Υἷδς,

2242 1059 2384 1125 τάξει
2430 1061 2527 1135 μὲν
2568 1059 2804 1140 δεύτερος
2858 1063 2951 1116 106
2993 1063 3220 1139 Πατρὸς,
3278 1059 3360 1117 ὅτι
3415 1057 3508 1117 ἀπ’
3550 1057 3768 1126 ἐκείνου,
3802 1054 3890 1110 καὶ

2243 1146 2524 1225 ἀξιώματι,
2556 1148 2636 1207 ὅτι
2680 1149 2825 1230 ἁρχὴ
2867 1151 2955 1206 καὶ
3003 1151 3139 1206 αἰτία
3180 1153 3259 1223 τῴ
3306 1151 3449 1207 εἶναι
3520 1145 3727 1224 Πατέρα
3788 1143 3888 1230 a6-

2240 1244 2355 1311 106,
2424 1238 2512 1294 καὶ
2554 1237 2634 1294 ὅτι
2676 1229 2744 1294 δι’
2805 1240 2964 1295 αὑτοῦ
3010 1240 3046 1306 ἡ
3103 1235 3359 1316 πρόσοδος
3414 1238 3502 1295 καὶ
3560 1229 3887 1314 προσαγωγῆ

2238 1326 2369 1402 πρὸς
2396 1326 2488 1381 16v
2531 1327 2661 1382 Θεὸν
2702 1328 2789 1382 καὶ
2821 1325 3048 1405 Πατέρα,
3081 1327 3233 1406 φύσει
3290 1324 3344 1381 δὲ
3400 1323 3573 1384 οὐκέτι
3628 1320 3883 1398 δεύτερος,

2237 1408 2367 1468 διότι
2410 1414 2444 1480 ἡ
2501 1413 2686 1480 θεότης
2743 1413 2797 1470 ἐν
2827 1413 3058 1493 ἐκατέρῳ
3107 1413 3202 1489 μία
3233 1431 3249 1449 ⁸
3309 1410 3446 1470 οὕτω
3500 1409 3744 1478 δηλονότι
3797 1407 3885 1462 καὶ

2234 1502 2296 1556 τὸ
2338 1506 2550 1563 Πνεῦμα
2588 1503 2650 1557 τὸ
2696 1501 2874 1580 ἅγιον,
2930 1503 2974 1558 εἰ
3026 1503 3113 1558 καὶ
3153 1498 3454 1568 ὑποϐέϐηκε
3506 1500 3598 1555 τὸν
3652 1497 3775 1552 Υἰὸν
3814 1498 3884 1569 τῇ

2233 1589 2374 1654 τάξει
2424 1591 2513 1646 καὶ
2556 1596 2633 1665 τῷ
2685 1588 2968 1671 ἀξιώματι,
3007 1589 3172 1647 οὔκέτ⁹
3208 1588 3270 1645 ἂν
3325 1590 3541 1652 εἰκότως
3596 1588 3669 1649 ὡς
3712 1581 3882 1640 ἂλλοο

2178 1714 2216 1765 Β
2237 1679 2383 1756 τρίας
2412 1679 2654 1759 ὑπάρχον
2686 1680 2912 1759 φύσεως.
2945 1706 2969 1736 ι

2320 1758 2379 1825 Ὀ
2431 1758 2641 1834 Νύσσης
2702 1758 2994 1848 Γρηγόριος
3063 1769 3119 1825 ἐν
3174 1774 3251 1842 τῷ
3315 1765 3511 1846 πρώτῳ
3577 1762 3685 1819 τῶν
3750 1760 3883 1838 πρὸς

2238 1854 2491 1932 Εὒνόμιον
2548 1856 2956 1936 ἀντιῤῥητικῶν,
3015 1857 3075 1915 οὗ
3128 1858 3163 1925 ἡ
3226 1855 3398 1935 ἀρχὴ,
3456 1875 3487 1914 ι
3521 1850 3629 1911 Οὑκ
3663 1852 3756 1928 ἦν,
3808 1849 3885 1910 ὡς

2236 1942 2399 2017 ἔοικε,
2456 1946 2519 2001 τὸ
2574 1945 2777 2009 πάντας
2847 1944 3039 2002 ἐθέλειν
3111 1946 3427 2025 εὖεργετετν,
3462 1960 3488 1993 ι)
3547 1940 3704 2019 φησὶν
3746 1937 3887 1993 οὕτω

2238 2034 2355 2111 περὶ
2395 2034 2457 2089 16
2485 2033 2637 2098 τέλος
2671 2050 2687 2065 ⁸
2727 2059 2753 2090 α
2800 2035 2859 2091 Εἰ
2902 2034 2998 2109 μὲν
3041 2055 3159 2090 τινα
3187 2031 3444 2113 χρονικὴν
3476 2029 3703 2108 ἔμφασιν
3730 2027 3885 2103 ὑπερο

2238 2121 2381 2189 ετίθη
2439 2128 2536 2190 τῆς
2583 2129 2675 2179 τοῦ
2742 2128 3068 2201 Μονογενοῦς
3119 2119 3458 2183 ὑποστάσεως
3512 2121 3541 2174 6
3598 2118 3692 2172 16v
3761 2120 3880 2170 Πα-

2234 2208 2359 2287 τέρα
2399 2205 2493 2267 τοῦ
2534 2213 2656 2268 Υἱοῦ
2687 2212 2836 2284 μόνῳ
2876 2216 2953 2284 τῷ
2977 2217 3077 2278 τῆς
3133 2210 3298 2272 αἰτίας
3343 2207 3489 2285 λόγῳ
3539 2208 3874 2284 προθεωρῶν,

2236 2298 2451 2364 εἰκότως
2521 2297 2581 2356 ἂν
2624 2302 2652 2356 6
2708 2303 2808 2368 τῆς
2839 2298 3136 2367 ἆϊδιότητος
3171 2300 3306 2375 ἡμῖν
3349 2297 3466 2374 περὶ
3506 2296 3599 2351 τοῦ
3627 2293 3748 2349 Υἱοῦ
3775 2289 3878 2346 λό-

2234 2410 2327 2466 γος
2385 2384 2752 2444 ἑκινδυνεύετο.
2800 2407 2831 2447 ι
2909 2389 3009 2446 Καὶ
3060 2384 3195 2464 μετά
3274 2406 3413 2454 τινα,
3467 2381 3735 2462 προειπὼν
3787 2380 3877 2434 τὸν

2234 2476 2440 2555 Πατέρα
2492 2483 2587 2533 τοῦ
2643 2478 2766 2534 Υἱοῦ
2807 2478 2954 2552 μόνῳ
2981 2481 3058 2549 τῷ
3110 2476 3207 2543 τῆς
3251 2474 3418 2536 αἰτίας
3448 2471 3596 2550 λόγῳ
3634 2471 3877 2549 προθεω-

2233 2570 2458 2645 ρετσθαι,
2518 2566 2856 2644 προστίθησιν
2891 2581 2906 2596 ⁸
2946 2588 2968 2621 c
3022 2556 3080 2624 Ὀ
3111 2562 3167 2620 δὲ
3215 2563 3371 2626 αὑτὸς
3426 2562 3562 2636 ημῖν
3617 2559 3707 2645 καί
3762 2556 3882 2633 περί

2231 2643 2325 2711 τοῦ
2352 2643 2656 2729 Πνεύματος
2714 2653 2896 2732 λόγος⁹
2941 2656 2998 2710 ἒν
3033 2654 3171 2731 μόνῃ
3221 2658 3290 2729 τῇ
3343 2649 3486 2715 τάξει
3539 2647 3637 2716 τήν
3689 2643 3877 2732 διαφοτ

2233 2743 2326 2819 ραν
2380 2725 2532 2822 ἕχον,
2567 2733 2659 2807 Ὠς
2699 2725 2805 2821 γὰρ
2828 2725 3156 2800 συνάπτεται
3193 2725 3273 2814 τῷ
3326 2739 3487 2816 Πατρί
3528 2739 3556 2792 6
3599 2735 3740 2808 Υἱὸς,
3787 2725 3877 2788 καὶ

2231 2834 2292 2888 τὸ
2346 2821 2445 2896 EE,
2469 2833 2627 2888 αὐτου
2682 2831 2825 2889 εἶναι
2877 2830 3043 2911 ἔχων,
3110 2833 3214 2909 οὐχ
3281 2827 3529 2905 ὑστερίζει
3586 2822 3723 2879 κατὰ
3774 2821 3874 2888 τὴν

2230 2918 2465 2999 ὕπαρξιν,
2525 2919 2663 2977 οὕτω
2712 2919 2873 2977 πάλιν
2914 2920 3002 2976 καὶ
3044 2928 3136 2978 τοῦ
3187 2922 3515 2995 Μονογενοῦς
3571 2911 3756 2993 ἔχεται
3809 2911 3872 2967 16

511 3007 728 3075 Πνεῦμα
755 2998 816 3055 τό
838 2996 1013 3077 ἅγιον,
1062 2996 1267 3072 ἐπινοίᾳ
1296 3002 1437 3078 μόνῃ
1468 3004 1604 3059 κατὰ
1632 3004 1722 3060 τόν
1752 3011 1848 3073 τῆς
1879 3007 2045 3072 αἰτίας
2103 3008 2261 3088 λόγον
2301 2996 2762 3088 προθεωρουμένου
2801 3014 2898 3072 τῆς
2929 3015 3020 3065 τοῦ
3063 3007 3367 3082 Πνεύματος
3398 3004 3762 3063 ὑποστάσεως.
3807 3000 3869 3055 Αἱ

507 3088 562 3145 δὲ
586 3088 829 3167 χρονικαὶ
856 3087 1176 3165 παρατάσεις
1206 3088 1393 3168 χώραν
1418 3091 1511 3147 οὑκ
1541 3089 1758 3171 ἔχουσιν
1787 3096 1874 3151 ἐπὶ
1901 3098 1998 3162 της
2029 3087 2352 3174 προαιωνίου
2384 3087 2528 3169 ζωῆς
2559 3115 2574 3131 ⁸
2621 3098 2759 3157 ὥστε
2787 3098 2878 3155 τοῦ
2904 3096 3064 3175 λόγου
3118 3100 3214 3163 τῆς
3260 3095 3428 3157 αἰτίας
3456 3088 3863 3170 ὑπεξῃρεμένου,

502 3178 555 3234 ἐν
603 3175 789 3253 μηδενὶ
816 3176 913 3243 τὴν
942 3176 1096 3252 ἁγίαν
1126 3176 1320 3255 Τριάὃα
1347 3175 1479 3255 πρός
1522 3179 1712 3250 ἑαυτὴν
1735 3182 2062 3264 ἀσυμφώνως
2096 3186 2265 3268 ἔχειν,
2297 3206 2329 3247 )

579 3264 646 3327 In
677 3261 825 3326 actis
880 3260 1134 3323 Niczenre
1192 3264 1397 3343 primm
1448 3267 1677 3346 synodi,
1714 3260 1929 3350 quibus
1950 3260 2212 3339 Patres'c

500 3352 860 3432 Pbilosopho
885 3368 992 3431 per
1005 3350 1312 3415 Leontium
1337 3353 1677 3435 episcopum
1692 3360 2147 3438 responderunt,

498 3442 667 3521 cujus
688 3438 962 3518 responsi
980 3438 1334 3518 principium
1355 3449 1484 3503 est:
1521 3463 1543 3498 α
1577 3442 1731 3507 Illud
1755 3455 1928 3508 etiam
1961 3450 2151 3514 amice

500 3525 1384 3617 Philos0phe,considerandum
1408 3533 1862 3612 esu-reperitur
1882 3553 1895 3596 :
1919 3537 2147 3617 «Spiri-

501 3627 592 3680 tus
620 3623 860 3706 sanctus
893 3615 1227 3706 procedens
1258 3617 1497 3698 quidem
1532 3638 1601 3681 ex
1636 3623 1835 3698 Patre,
1870 3615 2147 3706 proprius

495 3724 635 3768 vero
665 3703 822 3772 Filii,
848 3712 908 3765 et
949 3723 1019 3764 ex
1047 3703 1174 3783 ipso
1205 3706 1509 3770 exsiliens.
1545 3729 1568 3759 ο

577 3795 828 3883 Sanctus
859 3790 1107 3883 Cyrihus
1164 3795 1436 3856 oratione
1462 3796 1535 3858 ad
1579 3795 1936 3866 Nestorium.
1975 3803 2145 3883 cujus

501 3880 882 3964 principium,
921 3902 943 3934 σ
996 3878 1297 3942 Salvatore
1344 3892 1547 3946 nostro
1602 3886 1792 3966 palam
1845 3878 2142 3966 ediccn'te,

507 3969 654 4042 cQui
674 3977 830 4031 amat
853 3976 1077 4049 patrem
1101 3978 1157 4029 et
1181 3978 1425 4031 matrem
1443 3990 1623 4053 super
1644 3994 1761 4052 me,
1792 3997 1908 4039 non
1929 3989 2018 4041 est
2048 3999 2144 4042 me

497 4059 716 4147 dignus
737 4057 783 4131 1,
811 4080 833 4111 ι
851 4056 1058 4147 inquit
1083 4076 1096 4116 ε
1118 4078 1177 4147 Διι-
1194 4057 1357 4119 Licet
1378 4059 1453 4119 sit
1475 4059 1533 4121 in
1566 4062 1864 4143 hypostasi
1887 4067 2143 4147 Spiritus

496 4144 821 4227 propria,et
840 4143 969 4223 jam
991 4143 1710 4223 intelligatur.secundum
1734 4143 2143 4237 seipsuin,qua

498 4233 759 4315 Spiritus
795 4241 907 4312 est,
940 4240 998 4293 et
1047 4251 1162 4293 non
1217 4234 1426 4309 Filius,
1458 4248 1867 4303 verumtamen
1899 4262 2018 4304 non
2047 4233 2142 4307 est

497 4324 729 4385 alienus
757 4321 830 4383 ab
894 4339 994 4412 eo,
1048 4322 1300 4401 Spiritus
1331 4326 1489 4387 enim
1525 4327 1787 4390 veritatis
1809 4333 2141 4412 appellatus

499 4422 612 4486 est,
644 4421 703 4473 et
731 4420 821 4472 est
856 4410 1127 4503 Chwistus
1174 4412 1416 4495 veritas,
1451 4424 1509 4477 et
1539 4410 1866 4480 etfunditur
1890 4410 1979 4482 fab
2008 4420 2141 4503 ipso

495 4521 611 4585 qua
640 4511 699 4564 et
726 4520 760 4562 a
787 4504 960 4565 Patre
986 4502 1239 4568 ratione.
1275 4534 1299 4565 ι

573 4590 638 4653 In
668 4590 1037 4671 expositione
1066 4589 1252 4655 Joelis
1283 4593 1749 4674 prophetamum
1771 4596 1941 4675 illud,
1973 4626 1994 4656 ο
2032 4600 2143 4664 Ef-

493 4679 738 4741 fundam
770 4697 802 4767 e
832 4679 1057 4759 Spiritu
1085 4699 1219 4743 meo
1242 4681 1330 4762 2,.
1366 4682 1816 4767 interpretatur,
1840 4687 1924 4749 ait
1954 4709 1968 4724 ·
1996 4689 2145 4751 «Ra-

492 4767 657 4830 tione
698 4766 967 4848 quidem,
999 4787 1115 4849 qua
1143 4779 1233 4832 est
1281 4770 1526 4843 Deus,et
1555 4789 1626 4834 ex
1659 4774 1781 4836 Deo
1810 4778 2144 4839 secundum

491 4874 762 4919 naturam
801 4856 982 4919 Filius
1009 4874 1023 4920 :
1052 4877 1306 4940 namque
1337 4877 1406 4920 ex
1436 4859 1559 4923 Deo
1593 4869 1652 4922 et
1697 4864 1864 4925 Patre
1889 4884 2144 4943 genera-

491 4953 587 5006 tus
616 4953 727 5025 est,
775 4944 1053 5024 praprius
1108 4946 1295 5025 ipsius
1345 4955 1404 5008 et
1434 4946 1492 5007 in
1526 4946 1682 5028 ipso.
1715 4959 1772 5011 et
1794 4970 1863 5013 ex
1895 4953 2022 5033 ipso
2053 4963 2144 5016 est

491 5034 746 5123 Spiritus
767 5035 1533 5123 sanctusquemadmoduw
1555 5037 1788 5102 scilicet
1805 5041 1880 5103 de
1900 5042 2028 5123 ipso
2044 5043 2137 5104 in-

492 5121 780 5202 telligitur
806 5120 925 5182 Deo
956 5131 1015 5183 et
1043 5122 1238 5188 Patre.
1267 5146 1290 5178 ι

574 5210 735 5272 Idem
758 5208 1025 5271 oratione
1050 5213 1121 5274 ad
1141 5213 1558 5293 imperatorem
1581 5212 2005 5293 Theodosium,
2038 5237 2134 5281 cu-

483 5296 587 5377 jus
618 5296 1000 5377 principium,
1030 5325 1053 5354 α
1091 5298 1445 5382 Supremum
1478 5302 1755 5366 humanae
1782 5305 1988 5384 gloria;
2015 5308 2139 5369 cul-

494 5402 692 5467 tuen”
723 5385 806 5446 ait
839 5401 854 5447 ε
895 5386 1328 5468 .Baptizantem
1350 5391 1496 5453 dixit
1520 5387 1809 5456 Jeaumin
1832 5395 1992 5474 igne,
2017 5413 2138 5460 non

570 5543 593 5589 ί
652 5543 858 5609 Matth.
887 5561 949 5627 κ,
981 5548 1081 5645 37.
1110 5546 1141 5592 ³
1190 5547 1339 5614 Joel.
1370 5549 1567 5626 11,28.

2315 3272 2404 3333 Ἐν
2445 3288 2565 3339 τοῖς
2621 3281 2942 3355 Πρακτικοῒς
2978 3274 3074 3342 τῆς
3129 3273 3185 3331 ἑν
3236 3271 3427 3344 Νικαίᾳ
3464 3268 3679 3350 πρώτης
3709 3268 3869 3324 συνό-

2232 3361 2342 3438 δου,
2388 3362 2442 3421 ἐν
2486 3365 2575 3427 οἷς
2617 3367 2773 3421 εἷπον
2827 3366 2875 3420 οἰ
2912 3364 3140 3440 Πατέρες
3186 3363 3317 3440 πρὸς
3345 3362 3438 3418 τὸν
3479 3358 3763 3439 φιλόσοφον
3785 3355 3870 3413 διὰ

2229 3459 2324 3509 τοῦ
2341 3451 2634 3511 ἐπισκόπου
2679 3452 2944 3533 Λεοντίου,
3001 3456 3075 3508 ὧν
3139 3451 3315 3530 ῥητῶν
3369 3451 3404 3517 ἡ
3456 3447 3628 3527 ἀρχὴ.
3679 3469 3703 3500 α
3752 3446 3867 3504 Κά-

2228 3553 2380 3598 κετνο
2422 3539 2479 3599 δὶ
2538 3541 2781 3623 νοητέον,
2823 3544 2870 3598 ὦ
2922 3539 3062 3621 φίλε,
3115 3539 3302 3597 λοιπὸν
3340 3541 3441 3607 τῆς
3483 3535 3752 3610 ἀληθείας,
3782 3556 3871 3615 φι-

2226 3626 2421 3710 λόσοφε
2455 3649 2471 3666 ο
2532 3628 2743 3710 εὕρηται
2798 3632 2861 3686 16
2926 3636 3137 3706 Πνεῦμα
3194 3626 3607 3707 ἐκπορευόμενον
3665 3623 3727 3681 ἐκ
3775 3629 3868 3680 τοῦ

2226 3720 2454 3798 Πατρὸς,
2502 3717 2641 3776 ἴδιον
2687 3717 2743 3775 δὲ
2783 3721 2876 3777 τοῦ
2906 3720 3047 3793 Υἱοῦ,
3081 3719 3169 3774 καὶ
3195 3717 3248 3783 ἒξ
3290 3717 3449 3773 αὑτοῦ
3487 3711 3795 3784 ἆναϐλόζον.
3828 3731 3860 3773 )

2309 3798 2367 3866 Ὀ
2408 3806 2559 3886 ἅγιος
2615 3806 2867 3888 Κύριλλος
2926 3807 2979 3864 ἒν
3050 3829 3128 3881 τῳ
3173 3807 3304 3886 πρὸς
3361 3803 3642 3884 Νεπόριον
3695 3801 3864 3881 λόγῳ,

2225 3894 2308 3976 067
2337 3897 2373 3964 ἡ
2431 3896 2600 3976 ἀρχὴ.
2664 3923 2689 3957 ι
2737 3903 2840 3955 Τοῦ
2869 3900 3118 3974 Σωτῆρος
3149 3896 3304 3970 ἡμῶν
3332 3893 3581 3971 λέγοντος
3607 3891 3863 3971 ἂναργῶς,

2229 4006 2258 4038 α
2296 3975 2354 4042 Ὀ
2412 3975 2578 4064 ιμλῶν
2668 3985 2869 4066 πατέρα
2935 3985 2971 4054 ἢ
3042 3983 3244 4062 μητέρα
3293 3984 3430 4061 ὑπὰρ
3476 3980 3573 4057 ἰεμέ
3616 3982 3710 4037 οῦκ
3755 3978 3869 4043 ἔστι

2223 4095 2326 4148 μου
2404 4073 2570 4144 ἄξιος,
2604 4095 2627 4127 ο
2693 4077 2875 4154 φησὶν,
2927 4100 2949 4132 ι
2987 4075 3044 4132 Ιςί
3072 4075 3163 4130 καὶ
3204 4071 3343 4129 ἔστιν
3400 4072 3453 4128 ἐν
3477 4070 3759 4128 ὑποστάσει
3801 4073 3865 4127 16

2221 4164 2432 4237 Πνεῦμα
2473 4160 2634 4240 ἰδικῇ,
2692 4164 2782 4220 καὶ
2836 4162 2901 4232 δὴ
2954 4164 3044 4220 καὶ
3092 4174 3292 4219 νοεῖται
3331 4157 3447 4218 καθ’
3499 4158 3676 4234 ἑαυτό,
3736 4158 3867 4216 καθὸ

2220 4255 2434 4326 Πνεῦμα
2489 4251 2600 4309 ἐστι
2657 4253 2745 4309 καί
2785 4253 2891 4333 οὑχ
2933 4253 3075 4321 Υἱὸς,
3124 4249 3244 4308 ἀλλ’
3275 4249 3362 4307 οὗν
3407 4248 3547 4307 ἔστιν
3578 4250 3672 4304 οὒκ
3698 4245 3865 4305 ἀλλό-

2219 4359 2361 4415 τριον
2409 4340 2588 4402 αὑτοῦ,
2647 4346 2859 4416 Πνεῦμα
2910 4341 3010 4419 γὰρ
3083 4338 3330 4407 ἀληθείας
3386 4337 3714 4413 ὠνόμασται,
3773 4336 3865 4393 καὶ

2221 4425 2334 4485 ἐστι
2377 4431 2600 4507 Χριστὸς
2649 4433 2683 4496 ἡ
2733 4428 2952 4500 ἀλήθεια
3013 4430 3102 4485 καὶ
3168 4439 3456 4508 προχεῖται
3510 4423 3636 4506 παρ’
3678 4425 3859 4499 αὑτοῦ,

2222 4516 2457 4595 καθάπερ
2498 4515 2682 4594 ἀμέλει
2723 4518 2812 4574 καὶ
2853 4516 2915 4573 ἐκ
2938 4524 3030 4575 τοῦ
3061 4518 3283 4596 Πατρὸς.
3322 4541 3346 4576 ι

2307 4605 2406 4663 Καὶ
2453 4608 2596 4670 αὖθις
2638 4603 2693 4661 ἐν
2745 4612 2813 4681 τῇ
2884 4604 3134 4685 ἑρμηνείᾳ
3187 4605 3256 4673 τῆ
3314 4606 3388 4669 εἰς
3455 4605 3548 4662 16v
3588 4603 3870 4683 προφήτην

2226 4691 2410 4768 ἰω-ὴλ,
2468 4701 2536 4771 τῇ
2581 4715 2608 4750 ι
2657 4695 2871 4774 Ἐκχεῶ
2929 4694 3035 4752 ἀπό
3089 4701 3182 4752 106
3228 4694 3528 4769 Πνεύματος
3576 4714 3678 4769 μου
3711 4721 3735 4753 ι
3780 4690 3872 4757 ἒξ-

2225 4762 2423 4858 ηγήσει
2486 4762 2644 4861 ιρησὶν
2678 4798 2693 4813 ⁸
2737 4762 2872 4839 ...Ἦ
2915 4781 3012 4857 μὲν
3064 4782 3164 4861 γὰρ
3205 4783 3318 4838 ἔστι
3363 4762 3494 4845 Θεὸς
3523 4762 3612 4838 καὶ
3653 4778 3715 4836 ὲκ
3742 4785 3874 4836 Θεοῦ

2224 4868 2362 4926 κατὰ
2387 4868 2541 4949 φύσιν
2583 4872 2612 4926 6
2661 4870 2781 4934 Υἱός
2829 4889 2844 4905 ο
2896 4869 3209 4950 γεγέννηται
3263 4872 3364 4950 γὰρ
3401 4869 3464 4926 ἐκ
3502 4875 3596 4926 τοῦ
3624 4870 3753 4926 Θεοῦ
3781 4873 3873 4928 καὶ

2223 4958 2450 5038 Πατρὸς,
2496 4954 2634 5015 ἴδιον
2691 4961 2849 5018 αὑτοῦ
2901 4979 2961 5016 τε
3014 4959 3102 5015 καὶ
3152 4962 3212 5016 ὲν
3262 4959 3427 5033 αὐτῷ,
3479 4958 3567 5015 καὶ
3607 4956 3659 5023 ἐξ
3709 4957 3869 5015 αὑτοῦ

2220 5045 2282 5101 16
2332 5047 2545 5122 Πνεῦμά
2596 5046 2729 5120 ἐστι,
2787 5045 3020 5126 καθάπερ
3056 5044 3241 5124 ἀμέλει
3295 5047 3384 5105 καὶ
3419 5044 3472 5112 ἐξ
3501 5049 3656 5106 αὑτοῦ
3709 5058 3860 5103 νοεῖ-

2219 5153 2311 5190 ται
2339 5140 2433 5192 τοῦ
2461 5142 2591 5192 Θεοῦ
2617 5136 2706 5193 καὶ
2746 5137 2975 5215 Πατρὺς.
3023 5163 3046 5195 ι

2303 5213 2360 5282 ⁸Ο
2403 5224 2556 5289 αὐτὸς
2603 5223 2658 5280 ἐν
2710 5228 2791 5297 τῷ
2843 5213 2971 5304 πρὸς
3015 5224 3107 5282 τόν
3134 5223 3355 5302 βασιλέα
3385 5223 3660 5283 Θεοδόσιον
3686 5223 3856 5305 λόγῳ³

2217 5309 2279 5367 οὗ
2331 5313 2366 5378 ἡ
2395 5310 2565 5393 ἁρχὴ,
2605 5335 2634 5368 α
2678 5312 2787 5381 Τῆς
2817 5313 2915 5390 μὲν
2943 5312 2999 5369 ἐν
3041 5312 3332 5393 ἀνθρώποις
3361 5312 3598 5379 εὐκλείας
3625 5315 3686 5371 τὸ
3714 5314 3863 5370 ἀνω-

2215 5399 2384 5480 τάτω,
2419 5421 2442 5453 ο
2488 5422 2651 5483 φησιν
2691 5416 2709 5435 ⁸
2772 5419 2799 5455 α
2830 5401 3154 5476 Βαπτιζοντα
3221 5400 3324 5485 ἔφη
3393 5404 3486 5460 τὸν
3542 5402 3746 5472 Ἰησοῦν
3811 5400 3866 5461 ἐν
