4208 6296
269 316 406 381 617

1760 323 2248 389 EPIGRAPH/E.

3559 328 3677 393 618

268 451 405 530 πυρὶ
450 453 536 508 καὶ
592 451 735 531 ἁγίῳ“
784 452 1046 530 Πνεόματι
1109 454 1168 510 οὗ
1238 456 1299 511 τὸ
1339 452 1617 535 ἀλλότριον
1668 468 1786 522 τοῖς

2031 456 2290 520 alienum
2322 457 2419 534 iis,
2443 460 2546 541 qui
2578 459 3341 542 baptizantur.injicientem
3373 460 3681 543 Spiritum,

265 540 616 615 πτιζομένοις
668 541 872 599 ἐνιέντα
942 548 1160 619 Πνεῦμα
1214 540 1586 623 δουλοπρεπῶς
1655 547 1743 602 καὶ
1798 547 1945 614 ὑπη-

267 636 528 710 ρετικῶς,
590 628 710 687 ἀλλ’
784 633 857 696 ὡς
932 631 1061 688 Θεόν
1117 633 1255 688 κατὰ
1324 633 1470 712 φύσιν
1527 631 1644 709 μετ’
1715 633 1944 701 ἐξουσίας

267 718 379 785 τὴς
429 719 711 793 ἀνωτάτω,
755 722 818 777 τὸ
877 719 930 786 ἐξ
983 721 1163 794 αὗτοῦ,
1212 724 1300 779 καὶ
1370 720 1506 779 ἴδιον
1549 723 1727 783 αὗτοῦ.
1777 743 1800 775 I
1838 724 1943 783 E5-

265 827 441 884 ρηται
493 807 547 863 ἐν
618 807 960 882 παλαιοτάτῳ
1025 807 1215 887 βιϐλίῳ
1262 828 1294 870 ι
1320 813 1383 868 τὸ
1435 811 1488 878 ἐξ
1518 811 1694 887 αὐτοῦ,
1744 815 1831 870 καὶ
1872 812 1941 870 δι’

266 898 458 955 αὐτοῦ.
496 916 523 948 ι
585 898 686 955 Καὶ
744 898 868 974 μετ’
927 898 1080 978 ὀλίγα
1133 902 1190 957 ἒν
1245 900 1324 975 τῷ
1365 902 1507 975 αὖτῷ
1553 920 1568 936 ο
1610 923 1634 957 ε
1667 900 1939 959 Ἀπολύων

268 981 541 1063 ἁμαρτίας
635 987 727 1042 τὸν
799 989 943 1063 αῦτῷ
1014 988 1391 1068 προσκείμενον
1446 997 1524 1065 τῷ
1593 988 1707 1065 ἰδίῳ
1758 991 1944 1049 λοιπὸν

273 1074 572 1151 καταχρίει
618 1076 907 1151 Πνεύματι,
966 1075 1096 1157 ὅπερ
1155 1078 1326 1145 ἑνιησι
1384 1079 1479 1154 μὲν
1522 1079 1697 1154 αὐτός,
1758 1082 1830 1146 ὡς
1884 1081 1945 1138 ἐκ

279 1166 425 1216 Θεοῦ
483 1162 689 1239 Πατρός
745 1164 940 1243 Λόγος,
1001 1167 1089 1222 καὶ
1157 1165 1209 1231 ἐξ
1260 1164 1388 1232 ἰδίας
1436 1168 1572 1243 ἡμῖν
1614 1168 1942 1248 ἀναπηγάζει

269 1249 516 1326 φύσεως.
571 1273 595 1306 υ

363 1328 426 1395 Ὀ
459 1337 610 1417 ἅγιος
670 1340 923 1413 Κύριλλος
980 1343 1036 1399 ἰν
1085 1358 1202 1409 τοῖς
1273 1347 1405 1424 πρὸς
1460 1344 1755 1404 Παλλάδιον
1797 1347 1934 1404 κατὰ

270 1432 472 1482 πεῦσιν
515 1429 602 1484 καὶ
644 1427 921 1508 ἀπόκρισιν
967 1430 1147 1511 λόγοις
1190 1432 1406 1512 ἔγγιστα
1462 1439 1559 1501 τῆς
1603 1434 1780 1514 ἀρχῆς
1818 1460 1931 1515 φη-

266 1536 353 1570 σιν
398 1529 415 1544 ’
473 1539 502 1571 ιι
535 1519 769 1596 Τρεπτὸν
821 1516 876 1575 δὲ
931 1520 1041 1577 οὔτι
1086 1545 1188 1580 που
1215 1524 1276 1578 τὸ
1309 1527 1519 1598 Πνεῦμα
1550 1522 1689 1579 ἐστιν
1724 1542 1738 1557 ⁶
1772 1523 1809 1593 ἢ
1854 1522 1933 1579 εἴ-

265 1624 372 1681 περ
425 1606 490 1661 τὸ
550 1604 830 1683 τρέπεσθαι
887 1622 1059 1689 νοσεῖ,
1131 1609 1217 1666 ἐπ’
1261 1612 1423 1678 atva
1476 1612 1505 1668 ὁ
1574 1618 1761 1687 μῶμος
1831 1613 1929 1680 τὴν

264 1692 417 1749 θείαν
462 1693 851 1773 ἂνπδραμεϊται
911 1698 1089 1776 φύσιν,
1134 1698 1286 1778 εἴπερ
1338 1699 1470 1775 ἐστὶ,
1521 1707 1612 1757 τοῦ
1668 1707 1796 1758 Θεοῦ
1845 1698 1934 1759 καὶ

2027 548 2184 608 servi
2214 546 2399 609 instar
2427 557 2485 609 et
2514 549 2874 626 admini~tri,
2923 551 3027 612 sed
3060 558 3122 611 ut
3168 552 3352 612 Deum
3384 570 3518 613 cum
3565 569 3672 613 su-

2024 653 2234 714 prema
2265 636 2566 713 facultate,
2596 639 2696 719 qui
2716 640 2928 720 exipso
2963 646 3143 720 est,et
3171 658 3317 702 suus
3339 640 3671 721 proprius.»

2022 722 2180 799 Haec,
2222 749 2245 784 ε
2283 725 2383 806 qui
2409 744 2479 789 ex
2510 728 2665 808 ipso,
2699 736 2758 790 et
2791 729 3133 809 peripsum,
3170 751 3193 786 ι
3221 728 3675 810 reperiunturin

2022 813 2436 894 antiquissimo
2459 816 2861 881 volumine.Et
2884 824 3013 895 post
3041 835 3227 897 pauca
3242 818 3303 878 in
3322 818 3531 880 eadem
3551 836 3682 879 ora-

2026 905 2225 964 tione:
2264 924 2288 960 α
2319 905 2570 966 Peccata
2603 923 2859 986 namque
2889 906 2985 979 iis,
3044 905 3145 986 qui
3197 905 3285 966 illi
3340 906 3671 983 adhaerent,

2025 991 2392 1067 condonans,
2429 1010 2601 1054 suum
2637 1012 2771 1054 mox
2818 994 3106 1074 Spiriium
3151 992 3445 1072 impertit,
3492 1013 3666 1075 quem

2025 1080 2263 1160 quidem
2304 1079 2547 1143 verbum
2581 1089 2873 1162 quatenus
2902 1100 2971 1143 ex
3006 1085 3126 1144 Deo
3178 1081 3348 1145 Patre
3404 1083 3676 1163 procedit

2026 1166 2264 1243 emittit,
2300 1174 2359 1229 et
2390 1187 2460 1230 ex
2487 1169 2723 1249 propria
2751 1180 2958 1232 natura
2988 1170 3047 1231 in
3081 1188 3188 1231 nos
3218 1171 3384 1251 quasi
3415 1189 3483 1232 ex
3513 1171 3673 1235 fonte

2013 1255 2268 1338 quodam
2301 1257 2683 1320 transfundit.
2728 1282 2752 1316 ι

2094 1346 2341 1407 Sanctus
2370 1344 2621 1426 Cyrillus
2651 1346 2712 1407 in
2744 1346 2861 1407 illis
2892 1365 3039 1427 quas
3068 1345 3139 1407 ad
3173 1346 3501 1409 Palladium
3526 1348 3672 1411 scri-

2015 1432 2132 1515 psit
2182 1434 2512 1496 secundum
2558 1435 3090 1513 interrogationem
3123 1444 3180 1499 et
3211 1437 3666 1514 responsionem

2014 1522 2379 1584 orationibus
2409 1542 2592 1604 prope
2624 1524 2983 1604 principium
3014 1525 3138 1586 haec
3171 1524 3346 1584 tradit
3375 1545 3389 1585 :
3433 1548 3454 1578 ι
3480 1528 3669 1587 Muta-

2014 1611 2155 1673 bilis
2175 1630 2311 1674 vero
2342 1612 2503 1673 nullo
2524 1613 2697 1673 modo
2714 1613 2974 1692 Spiritus
2997 1612 3269 1692 est;quod
3290 1612 3338 1673 si
3354 1615 3670 1677 mutationi

2015 1700 2304 1762 obnoxius
2335 1709 2445 1776 est,
2478 1700 2550 1761 ad
2597 1700 2790 1781 ipsum
2827 1700 3089 1762 divinam
3124 1708 3399 1761 nuturam
3431 1702 3666 1783 vitupe-

268 1782 516 1860 Πατρὸς,
554 1785 650 1870 καὶ
702 1783 813 1860 μὴν
854 1787 943 1841 καὶ
982 1793 1075 1843 τοῦ
1107 1790 1249 1862 Υἱοῦ,
1296 1789 1357 1844 τὸ
1386 1786 1648 1853 οὖσιωδῶς
1703 1788 1755 1854 ἐξ
1822 1789 1927 1865 ἆμ-

2015 1787 2169 1851 ratio
2200 1790 2545 1865 recurret,si
2582 1802 2675 1851 est
2701 1789 2808 1851 Dei
2840 1800 2897 1851 et
2918 1789 3428 1870 Patris,praaterea
3452 1800 3511 1851 et
3530 1782 3667 1854 Filii

265 1882 424 1948 φοτν,
529 1869 692 1949 ἤγουν
774 1872 835 1930 ὲκ
924 1876 1127 1955 Πατρὸς
1216 1874 1284 1932 δι’
1356 1878 1476 1933 Υἱοῦ
1568 1878 1931 1958 προχεόμενον

265 1962 516 2035 Πνεῦμα.
553 1981 582 2016 ι

370 2057 414 2105 0
448 2050 605 2113 αὐτὸς
638 2048 694 2105 ἐν
721 2050 800 2125 τῷ
846 2047 1070 2136 δερτέρῳ
1111 2059 1218 2111 τῶν
1251 2059 1561 2136 Θησαορῶν,
1596 2056 1650 2113 ἐν
1681 2062 1757 2130 τῷ
1785 2054 1932 2135 λόγῳ

263 2138 328 2193 οὗ
357 2137 396 2204 ἡ
454 2136 751 2219 ἐπιγραφὴ,
793 2160 815 2190 I
878 2130 1007 2199 ’Ὁτι
1082 2142 1142 2199 ἐκ
1192 2150 1291 2212 τῆς
1336 2130 1657 2209 050I1c7105
1726 2130 1929 2224 Πατρός

262 2227 352 2316 καὶ
405 2228 507 2284 τοῦ
563 2229 685 2286 ι’ἱοῦ
743 2230 803 2284 τὸ
846 2236 1057 2307 Πνεῦμα
1086 2234 1148 2289 τὸ
1194 2233 1369 2312 ἅγιον,
1410 2257 1432 2291 ο
1483 2235 1640 2316 φησίν
1677 2249 1690 2264 ⁸
1730 2257 1757 2290 ε
1793 2224 1931 2292 υΟτε

2016 1878 2412 1940 essentialiter
2439 1895 2506 1938 ex
2540 1878 2928 1953 ambobus,ex
2964 1882 3135 1940 Patre
3166 1876 3398 1939 scilicet
3430 1897 3538 1959 per
3566 1879 3666 1941 Fi-

2012 1963 2159 2026 lium
2189 1967 2408 2028 effusus
2439 1964 2716 2046 Spiritus.
2756 1990 2778 2025 ο

2090 2053 2256 2116 Idem
2309 2055 2371 2116 in
2410 2054 2678 2116 secundo
2712 2054 3157 2117 Thesaurorum
3190 2073 3469 2117 sermone
3495 2057 3666 2136 cujus

2011 2141 2112 2203 illa
2139 2142 2457 2225 epigraphe
2490 2151 2602 2206 est.
2648 2146 2757 2205 \Ex
2791 2143 3050 2206 essentia
3081 2144 3271 2206 Patris
3297 2152 3355 2206 et
3381 2144 3515 2207 Filii
3535 2164 3667 2208 esse

2013 2229 2302 2312 Spiritum
2347 2241 2639 2308 sanctum,
2679 2257 2705 2289 ››
2743 2233 2864 2295 ait:
2897 2257 2923 2288 α
2960 2233 3102 2295 Cum
3152 2233 3350 2314 itaque
3409 2230 3666 2313 Spiritus

260 2314 451 2405 τοίνυν
505 2316 568 2371 τὸ
635 2317 848 2394 Πνεῦμα
931 2322 993 2376 τὸ
1048 2320 1223 2403 ἅγιον,
1300 2323 1354 2379 ἐν
1423 2314 1560 2401 ἡμῖν
1624 2323 1927 2405 γενόμενον,

2014 2328 2252 2382 sanctus
2273 2320 2345 2382 ad
2370 2339 2477 2383 nos
2501 2320 3162 2395 accedens,conl‘ormes
3186 2341 3294 2384 nos
3307 2322 3663 2399 eﬂ‘ecitDeo,

265 2403 619 2493 συμμόρφους
677 2406 823 2481 ἡμᾶς
881 2407 1209 2467 ἀποδεικνύει
1269 2419 1422 2493 Θεοῦ,
1472 2412 1676 2491 πρόεισι
1733 2410 1789 2467 δὲ
1844 2403 1927 2470 καὶ

2014 2409 2392 2489 progreditur
2420 2427 2560 2471 vero
2585 2417 2642 2471 et
2669 2429 2736 2471 ex
2772 2413 2948 2473 Patre
2979 2419 3035 2471 et
3074 2409 3247 2485 Filio,
3284 2411 3662 2473 manifestum

261 2491 329 2547 ὶκ
390 2494 602 2571 Πατρὸς
670 2496 759 2551 καὶ
828 2498 973 2571 Υἱοῦ,
1032 2497 1300 2576 πρόδηλον
1343 2491 1424 2557 ὅτι
1477 2505 1577 2567 τῆς
1630 2500 1767 2565 θείας
1797 2503 1927 2556 ὲστιι

2023 2506 2133 2578 est,
2157 2497 2327 2559 illum
2360 2498 2573 2560 divina;
2623 2499 2897 2560 essentia;
2931 2517 3086 2572 esse,
3149 2498 3549 2561 essentialiter
3602 2502 3663 2563 in

267 2581 473 2656 οὗσίας,
526 2581 792 2648 οὗσιωδῶς
836 2584 891 2641 ἐν
920 2588 1054 2663 αὐτῇ
1092 2588 1180 2644 καὶ
1209 2586 1261 2653 εξ
1290 2588 1454 2657 αὐτῆς
1484 2595 1673 2667 προϊόν
1709 2609 1725 2627 ο
1758 2589 1927 2668 ὥσπερ

2020 2587 2146 2666 ipsa
2192 2595 2251 2648 et
2305 2605 2376 2648 ex
2412 2588 2540 2668 ipsa
2595 2587 3102 2667 progredientem.
3149 2586 3662 2659 Quemadmodum

264 2669 355 2758 οὖν
430 2670 628 2735 ἀμέλει
702 2674 790 2729 καὶ
858 2671 912 2739 ἐξ
978 2674 1300 2754 ἀνθρωπείου
1357 2678 1618 2754 στόματος
1678 2677 1927 2758 εκτρέχον

2018 2694 2234 2758 nempe
2263 2695 2338 2740 ex
2367 2677 2626 2738 humano
2658 2696 2761 2738 ore
2786 2679 2956 2738 ﬂatus
2978 2677 3471 2747 excurrensJicet
3489 2678 3669 2758 pusil-

272 2755 592 2847 ἐμφόσημα,
640 2761 684 2816 εί
737 2761 826 2817 καὶ
876 2764 1063 2842 μικρὸν
1104 2767 1192 2820 καὶ
1246 2769 1343 2825 οὐκ
1382 2764 1525 2831 ἄξιον
1565 2769 1657 2823 τοῦ
1683 2755 1846 2846 λόγου
1857 2755 1927 2824 ’τὸ

2014 2764 2139 2825 lum
2163 2755 2285 2827 nec
2307 2774 2481 2827 tanta;
2497 2765 2799 2844 dignitatis
2823 2765 3161 2847 exemplum
3184 2755 3662 2844 sit.Super_enim

270 2845 599 2931 ὑπόδειγμα.
645 2847 824 2907 Πάντα
867 2851 967 2931 γὰρ
995 2851 1228 2931 ὑπερέξει
1259 2855 1412 2919 Θεός.
1451 2876 1476 2913 ε

2014 2852 2215 2915 omnia
2242 2856 2399 2917 Deus
2431 2862 2544 2915 est.

353 2927 412 2994 Ὀ
466 2937 640 3016 μέγας
723 2927 1035 3004 Ἀθανᾶσιος
1097 2927 1165 2999 -ὲν
1221 2949 1298 3017 τῷ
1359 2946 1476 3024 περὶ
1526 2945 1624 3013 τῆς
1681 2944 1927 3025 ἐνσάρκου

2092 2943 2335 3021 Magnus
2391 2942 2747 3005 Athanasius
2800 2943 3068 3005 oratione
3103 2943 3179 3005 de
3212 2943 3501 3022 unigeniti
3555 2943 3664 3007 Dei

270 3025 551 3102 οἰκονομία
597 3026 729 3084 Θεοῦ
781 3027 975 3107 Λόγου,
1035 3052 1095 3086 ου
1151 3033 1186 3100 ἡ
1230 3030 1400 3112 ἀρχὴ.
1438 3058 1465 3092 α
1497 3036 1557 3091 Οἱ
1586 3033 1927 3114 κακοτέχνως

2014 3028 2195 3093 Verbi
2220 3031 2791 3112 incarnatione,quae
2822 3031 3216 3111 incipit,«Qui
3250 3031 3548 3093 malitiose
3566 3033 3663 3093 di-

266 3114 360 3178 τᾶς
407 3116 557 3179 θείας
587 3117 797 3203 Γραφὰς
830 3105 1140 3193 βουλόμενοι
1184 3105 1347 3196 νοεῖν,
1387 3141 1412 3173 ε
1458 3123 1615 3203 φησίν
1651 3143 1663 3153 ’
1702 3106 1731 3179 α
1764 3105 1927 3189 Ᾰῦτὸς

2014 3119 2176 3180 vinas
2207 3117 2543 3200 Scripturas
2574 3105 2775 3180 volunt
2806 3105 3459 3198 intelligerenscribit:
3493 3118 3662 3202 «Ipse

265 3203 363 3281 γὰρ
406 3205 540 3261 αὐτὸ
584 3201 781 3262 ἄνωθεν
838 3204 1076 3283 ἔπεμπεν
1130 3211 1204 3273 ὡς
1264 3212 1420 3286 Θεὸς,
1472 3201 1561 3268 καὶ
1605 3213 1761 3275 αὐτὸς
1805 3214 1927 3272 αὐτὸ

2014 3208 2171 3270 enim
2202 3207 2371 3269 illum
2402 3208 2666 3289 desuper
2689 3208 2978 3289 mittebat,
3012 3216 3077 3269 ut
3105 3207 3286 3283 Deus;
3319 3217 3378 3269 et
3407 3208 3537 3288 ipse
3562 3201 3654 3269 il-

266 3290 507 3350 κάτωθεν
561 3292 855 3375 ὑπεδέχετο
909 3298 983 3359 ὡς
1040 3295 1336 3378 ἅνθρωπος.
1394 3297 1484 3366 Ἐξ
1526 3301 1685 3359 αὐτοῦ
1726 3300 1814 3358 οὖν
1856 3303 1927 3367 εἰς

2014 3297 2135 3358 lum
2164 3296 2225 3358 in
2253 3298 2374 3358 imo
2402 3296 2755 3377 accipiebat,
2790 3308 2852 3359 ut
2883 3298 3086 3368 homo.
3115 3296 3195 3357 Ex
3225 3298 3352 3377 ipso
3378 3302 3571 3377 itaque
3598 3297 3659 3358 in

268 3382 423 3471 αὐτὸν
482 3385 702 3459 κατήει,
762 3384 826 3441 ἐκ
852 3385 951 3454 τῆς
993 3386 1245 3456 θεότητος
1277 3390 1433 3447 αὗτοῦ
1476 3391 1551 3455 εἰς
1583 3391 1680 3459 τὴν
1722 3389 1927 3471 ἀνθρω-

2014 3385 2207 3467 ipsum
2237 3385 2661 3462 descendebat,
2692 3404 2763 3448 ex
2794 3386 3102 3448 divinitate
3132 3387 3323 3468 ipsius
3343 3385 3405 3447 in
3438 3387 3658 3448 huma-

267 3470 479 3539 πότητα
512 3475 692 3536 αὐτοῦ.
727 3491 751 3523 ι

351 3552 409 3619 ιΟ
469 3563 628 3628 αὐτὸς
687 3561 738 3620 ἐν
768 3568 846 3637 τῷ
887 3567 1018 3644 πρὸς
1061 3563 1363 3646 Ἀντιοχεῖς
1391 3570 1563 3644 τόμῳ,
1595 3572 1656 3628 o5
1694 3569 1731 3637 ἡ
1777 3567 1923 3647 ἀρχὴ

275 3671 302 3737 ς
349 3659 483 3715 Τοῖς
532 3651 838 3730 ἀγαπητοῖς
882 3656 970 3710 καὶ
1024 3658 1415 3721 ποθεινοτάτοις
1462 3655 1711 3737 ἀδελφοῖς
1758 3660 1924 3714 Εὐσε-

268 3734 364 3811 ϐίφ
416 3742 508 3797 καὶ
564 3741 893 3822 Λουκιφέρφ,
932 3760 957 3794 ι
1016 3746 1175 3823 φησὶν
1210 3762 1225 3777 ⁸
1292 3763 1317 3796 ι
1366 3755 1463 3803 Δεῖ
1504 3744 1559 3801 δὲ
1600 3734 1921 3821 ἆναθεματί-

266 3833 372 3898 ζειν
423 3830 519 3887 καὶ
574 3832 693 3895 τοὺς
736 3829 989 3909 λέγοντας
1048 3835 1244 3910 κτίσμα
1303 3835 1446 3891 εἶναι
1502 3835 1565 3891 τὸ
1608 3840 1820 3910 Πνεῦμα
1860 3836 1921 3891 τὸ

268 3915 437 4003 ἅγιον,
473 3919 564 3975 καὶ
592 3916 910 3998 διῃρημένον
939 3921 999 3978 ἐκ
1038 3927 1138 3990 τῆς
1182 3924 1358 3987 οὒσίας
1401 3930 1494 3981 τοῦ
1523 3930 1768 4003 Χριστοῦ.
1808 3945 1833 3981 ι

351 3999 408 4065 Ὀ
465 4008 838 4087 Χρυσόστομος
894 4009 949 4066 ἐν
996 4018 1074 4086 τῷ
1120 4010 1267 4091 λόγῳ
1321 4014 1394 4078 εἷς
1448 4013 1548 4080 τὴν
1572 3999 1919 4092 ἒνανθρώπη-

268 4118 346 4154 σιν
388 4107 485 4157 τοῦ
559 4101 744 4180 Κυρίου
800 4102 955 4177 ἡμῶν
1010 4100 1186 4170 Ἰησοῦ
1239 4103 1487 4183 Χριστοῦ,
1543 4105 1630 4160 καὶ
1691 4104 1764 4167 εἰς
1833 4106 1918 4178 τὸ,

272 4210 296 4240 ι
336 4186 602 4272 ἘκοὶστῳΔ
661 4188 885 4263 κλίματι
948 4189 1349 4272 ἐφειστήκεισαν
1405 4190 1646 4271 ἄγγελοι,
1682 4212 1709 4245 ιι
1757 4190 1817 4248 o5
1882 4193 1917 4260 ἡ

267 4273 433 4355 ἄρχὴ,
493 4298 517 4330 ε
565 4266 780 4361 ιξονιιεως
828 4266 1064 4358 ἔπεφᾶνη
1107 4282 1245 4357 ἡμῖν
1290 4282 1327 4348 ἡ
1356 4266 1637 4361 105-0105—
1664 4280 1850 4361 χάρις,
1890 4305 1914 4339 ε

2008 3474 2253 3536 nitatem
2284 3473 2494 3554 ipsius.
2527 3494 2549 3524 ι

2084 3561 2249 3624 Idem
2282 3570 2437 3623 tumo
2466 3562 2538 3623 ad
2568 3563 3100 3644 Antiochenos,qui
3131 3562 3342 3643 incipit
3374 3582 3387 3622 :
3429 3587 3456 3618 «
3486 3562 3652 3625 Dile-

2005 3652 2115 3714 ctis
2145 3670 2213 3714 ac
2241 3651 2764 3714 desideratissimis
2796 3653 3361 3729 lratribus,Eusebio
3392 3660 3451 3715 et
3482 3653 3659 3715 Luci-

2004 3741 2153 3817 fero,
2196 3766 2216 3798 ι
2255 3741 2336 3802 ait
2368 3762 2382 3802 :
2416 3762 2439 3796 α
2465 3741 3019 3805 Anathematizandi
3052 3760 3228 3822 porro
3258 3741 3532 3822 sunt,qui
3556 3742 3655 3803 di-

2004 3838 2151 3892 cunt
2200 3837 2534 3891 creaturam
2567 3848 2701 3891 esse
2733 3829 3019 3913 Spiritum
3049 3839 3344 3908 sanctum,
3376 3840 3436 3893 et
3468 3848 3650 3913 sepa-

2002 3928 2194 3981 ratum
2232 3940 2262 3980 a
2294 3918 2621 3981 substantia
2645 3920 2887 3983 Christi.
2922 3939 2945 3970 ο

2081 4008 2884 4089 Chrysostomusorationein
2898 4008 3655 4073 InccarnationemDomini

2000 4096 2190 4159 nostri
2215 4100 2247 4160 J
2254 4114 2355 4158 esu
2381 4096 2619 4171 Christi,
2653 4097 2792 4159 etin
2824 4098 3030 4174 illud,«
3065 4097 3131 4160 In
3173 4116 3525 4179 quacunque
3545 4118 3652 4161 re-

1999 4187 2172 4265 gione
2200 4184 2556 4248 assistebant
2583 4185 2807 4264 angeli,
2847 4210 2871 4244 ι)
2910 4186 3079 4267 cujus
3108 4186 3468 4267 principium
3504 4195 3593 4248 est
3630 4205 3647 4250 :

2007 4300 2034 4332 tl
2068 4275 2221 4336 Vere
2250 4274 2520 4354 apparuit
2548 4274 2719 4336 nobis
2749 4275 2945 4336 divina
2973 4277 3182 4356 gratia,
3208 4297 3236 4337 ι
3276 4277 3391 4351 ait;
3434 4299 3462 4332 ε
3499 4274 3654 4339 Vere

268 4353 423 4442 φήσίν
471 4384 487 4399 ’
525 4386 549 4420 ε
583 4353 743 4423 Ἦλθε
786 4353 1008 4445 Χριστὸς
1070 4353 1202 4438 προς
1251 4371 1419 4445 ἡμᾶς.
1483 4353 1757 4428 "Batnae-sv.
1783 4353 1922 4444 ἡμῖν

2014 4362 2163 4424 venit
2191 4353 2459 4424 Christus
2485 4362 2558 4424 ad
2590 4380 2719 4438 nos,
2754 4353 2999 4426 tradidit
3045 4363 3241 4439 nobis,
3274 4363 3376 4443 qui
3423 4382 3493 4425 ex
3522 4364 3655 4445 ipso

268 4453 326 4506 τὸ
380 4452 432 4520 ἐξ
490 4454 650 4512 αὐτοῦ
717 4442 951 4538 Πνεῦμα,
1019 4459 1107 4515 καὶ
1190 4442 1475 4516 ἀνελάϐετο
1548 4461 1610 4515 τὸ
1661 4442 1921 4537 ἡμέτερον

2014 4459 2112 4528 est,
2143 4449 2457 4532 Spiritum,
2490 4458 2550 4511 et
2581 4459 2851 4513 nostrum
2876 4471 3093 4535 corpus
3121 4442 3459 4532 assumpsit.
3498 4477 3526 4510 ι

270 4562 440 4618 τωμα,
471 4564 498 4594 ι

347 4640 386 4689 0
427 4632 587 4696 αὐτὸς
631 4632 687 4689 ἐν
740 4639 819 4709 τῷ
859 4636 977 4711 περὶ
1023 4642 1126 4695 τῶν
1170 4634 1258 4694 δύο
1318 4637 1593 4705 Διαθηκῶν
1636 4634 1804 4716 λόγῳ,
1860 4638 1920 4696 οὗ

268 4717 302 4784 ἡ
356 4719 530 4801 ἀρχὴ,
567 4736 594 4770 α
627 4724 757 4779 Θεὸν
820 4720 875 4779 δὲ
931 4722 1023 4781 ἕνα
1076 4726 1165 4782 καὶ
1220 4727 1312 4783 τὸν
1353 4728 1511 4785 αὐτὸν
1559 4724 1918 4794 δεδηλώκασιν

270 4804 319 4897 ἔξ
359 4810 538 4890 ἀρχῆς
596 4810 755 4887 νόμος
812 4812 900 4868 καὶ
957 4819 1245 4893 προφῆται,
1291 4833 1318 4867 to
1363 4838 1523 4896 φησιν
1556 4834 1572 4851 ’
1625 4837 1650 4873 ε
1689 4818 1786 4876 Διὰ
1816 4817 1915 4897 γὰρ

267 4895 327 4950 τὸ
366 4901 604 4975 γενεσθαι
662 4902 784 4956 ναὸν
840 4900 938 4968 τῆς
992 4904 1133 4967 θείας
1189 4895 1457 4981 δδνάμεως
1513 4908 1575 4962 τὸ
1627 4911 1783 4982 σῶμα
1824 4895 1917 4963 τοῦ

270 4985 450 5071 Κυρίου
493 4988 555 5042 τὸ
610 4987 881 5069 θεοφόρον,
940 4989 1061 5068 γίνῃ
1105 4993 1194 5050 καὶ
1244 4994 1306 5049 σὺ
1333 4995 1458 5057 ναὸς
1499 4992 1616 5052 καθ’
1663 4994 1914 5071 ὁμοίωσιν

271 5070 443 5134 αὺτοῦ.
506 5076 656 5161 Δξχῃ
740 5078 840 5157 γὰρ
930 5076 1335 5157 ἐκπεμπόμενον
1431 5081 1557 5161 παρ’
1626 5070 1785 5141 αὐτοῦ
1852 5085 1915 5140 τὸ

272 5164 500 5250 Πνεῦμα.
561 5156 654 5228 Ὠς
725 5156 819 5223 οὖν
884 5169 1108 5236 Χριστὸν
1176 5156 1418 5249 ἓπιγνώς
1466 5156 1700 5250 ἐπέγνως
1756 5172 1913 5246 θεὸν,

268 5246 401 5307 ο⁷3τω
440 5258 655 5332 Πνεῦμα
697 5259 924 5335 Χριστοῦ
964 5246 1458 5336 δεξάμενοςὲδέξω
1489 5246 1645 5322 Θεόν.
1679 5279 1702 5312 ι

353 5416 410 5485 Ὀ
462 5430 617 5517 αὐτός
698 5431 754 5489 ἐν
836 5443 913 5511 τῷ
977 5438 1173 5516 πρώτῳ
1227 5435 1668 5517 Πρόφυλακτικῷ,
1734 5439 1795 5495 05
1874 5439 1910 5507 ἡ

275 5511 500 5607 ἀρχὴς
560 5516 779 5592 Ἐπειδὴ
852 5531 930 5599 τῷ
982 5511 1163 5604 iniam?
1220 5511 1658 5607 “mandem;
1705 5525 1911 5605 γυλάσ-

272 5607 439 5661 σεσθαι
482 5605 564 5667 δεῖ
614 5614 704 5672 τὸν
760 5614 1180 5697 ἀντιπράσσοντα
1233 5605 1313 5689 τῷ
1340 5605 1521 5695 ἀγαθῷ
1575 5605 1841 5692 διάϐολον,
1876 5639 1906 5673 ι

570 5741 831 5814 Ριτειοι..
878 5748 994 5814 Gn.
1039 5747 1244 5814 CXLI.

2082 4630 2248 4695 Idem
2267 4630 2532 4694 oratione
2550 4630 2624 4693 de
2646 4631 2877 4694 duobus
2892 4632 3467 4713 lestamentis,cujus
3490 4633 3649 4715 prin-

2000 4721 2481 4802 cipium,cDeum
2511 4738 2712 4782 verum
2744 4723 3140 4803 eumdemque
3159 4722 3497 4803 aprincipio
3520 4741 3648 4784 ma-

1997 4810 2349 4872 nil‘estarunt
2398 4809 2489 4870 lex
2539 4818 2596 4871 et
2626 4811 2950 4890 prophetae,
2979 4836 3004 4868 »
3038 4811 3184 4873 dicit
3217 4832 3230 4869 :
3270 4830 3294 4864 ι
3324 4810 3648 4892 Propterea

1997 4898 2155 4961 enim
2187 4898 2343 4979 quod
2362 4897 2576 4959 factum
2600 4906 2689 4959 est
2709 4899 2922 4961 divinae
2948 4900 3173 4963 virtutis
3198 4899 3486 4980 templum
3510 4917 3649 4961 cor-

1998 5007 2107 5070 pus
2135 4986 2371 5049 Domini
2401 4986 2722 5063 deil'erum;
2746 4988 2815 5049 tis
2838 4997 2897 5050 et
2923 4998 2982 5050 tu
3006 4987 3291 5069 templum
3314 4989 3647 5050 secundum

1994 5078 2155 5140 illius
2185 5075 2657 5138 similitudinem.
2690 5076 2930 5157 Accipis
2960 5078 3120 5140 enim
3154 5078 3397 5138 missum
3424 5076 3497 5139 ab
3519 5077 3647 5159 ipso

1995 5162 2573 5247 Spiritum.Quemad
2583 5166 2819 5228 modum
2834 5168 3282 5245 ergoChristum
3294 5184 3645 5249 agnoscens,

1994 5255 2184 5318 Deum
2213 5254 2523 5334 agnovisti,
2549 5253 2630 5316 ita
2660 5264 2718 5317 et
2746 5255 3031 5338 Spiritum
3064 5255 3283 5321 Christi
3314 5255 3640 5338 accipiens,

1993 5344 2179 5407 Deom
2209 5342 2515 5424 accepisti.
2554 5369 2582 5401 ι

2071 5432 2234 5496 Idem
2259 5432 2320 5493 in
2350 5431 2541 5513 prima
2563 5433 3033 5515 Prophylactica,
3064 5433 3236 5515 cujus
3261 5432 3649 5515 principium,

2001 5546 2025 5581 ιι
2061 5520 2306 5594 Quando
2330 5520 2405 5581 ad
2428 5520 2648 5584 bonum
2671 5523 3011 5585 accedimus
3034 5540 3371 5604 praecavere
3392 5530 3647 5603 oportet,

1995 5610 2097 5695 qui
2124 5610 2280 5674 bono
2308 5616 2517 5674 contra
2536 5611 3179 5694 operatur,diabolum,
3208 5634 3233 5673 ε
3269 5611 3496 5693 inquit;
3528 5631 3553 5668 ι
3578 5610 3657 5682 Ει

3075 5742 3155 5808 ΞΟ
