4210 6292
574 304 692 368 619

1634 312 1902 379 JOANN.
1937 314 2160 377 VECCI
2197 311 2229 374 C

2347 306 2888 378 PATRIARCHE.
3837 319 3877 382 6

573 435 684 499 hac
714 438 945 532 ratione
977 439 1237 532 servabit
1267 463 1375 506 nos
1404 444 1682 525 Spiritus,
1719 443 1818 525 qui
1872 461 1940 505 ex
1984 442 2216 507 Christo

2313 468 2459 524 ρησιν
2495 462 2509 476 ⁸
2548 473 2573 506 α
2636 448 2733 505 Kal
2776 447 2940 514 οὕτως
2982 451 3124 526 ἡμᾶς
3167 441 3395 531 «φυλάξω
3445 453 3505 510 τὸ
3548 453 3689 532 παρὰ
3732 455 3964 532 Χριστοῦ

574 532 686 600 est,
720 526 781 588 in
813 526 1203 611 diequturae
1231 532 1684 614 redemptionis.
1722 558 1747 587 υ

656 710 904 786 Magnus
919 709 2225 792 etThaumaturgusGregoriusNeocaesarien-

577 796 659 857 sis
698 797 1011 879 episcopus
1041 799 1328 875 oratione,
1354 820 1484 882 quae
1511 801 1755 882 incipit:
1792 802 2221 864 clnimicissimi

579 893 637 947 et
665 885 845 947 alieni
874 906 909 949 a
936 890 1312 952 confessione
1332 891 1655 971 apostolica
1698 900 1832 952 sunt
1880 892 1982 973 qui
2022 891 2226 953 dicunt

578 992 709 1036 esse
760 974 973 1038 Filium
1015 996 1082 1039 ex
1132 978 1207 1041 iis
1262 999 1392 1060 quae
1444 999 1561 1042 non
1603 988 1857 1057 exstant,
1900 1006 1921 1030 ι
1963 980 2218 1043 scribit:

583 1088 610 1119 α
645 1064 881 1127 Domini
904 1064 1075 1128 Pater
1104 1067 1461 1149 principium
1494 1080 1581 1132 est
1613 1069 1685 1131 ab
1717 1079 1938 1131 aeterno
1963 1088 2096 1132 eum
2127 1088 2226 1147 ge-

579 1170 814 1229 nerans,
843 1162 901 1215 et
922 1156 1209 1218 Dominus
1241 1167 1329 1220 est
1360 1166 1700 1240 prototypus
1728 1159 2005 1240 Spiritus.
2033 1185 2053 1215 ι
2092 1160 2221 1221 Ma-

577 1261 726 1322 gnus
781 1244 1056 1323 Basilius,
1116 1268 1139 1303 (ι
1192 1247 1535 1310 Genitorem
1587 1255 2049 1329 etprototypum
2089 1246 2224 1309 Filii

581 1336 814 1394 Patrem
847 1354 875 1395 ι
914 1344 1214 1415 nuncupat
1243 1336 1509 1398 oratione
1548 1344 1755 1417 quarta
1786 1336 2071 1399 adversus
2101 1334 2221 1396 Eu-

581 1441 872 1485 nomium.
914 1448 940 1479 ι)

660 1514 912 1575 Sanctus
934 1511 1182 1594 Cyrillus
1200 1515 1262 1576 in
1280 1534 1396 1576 uno
1420 1517 1610 1595 capite
1640 1513 1778 1577 libri
1809 1513 2052 1576 secundi
2076 1511 2227 1575 The-

581 1619 917 1675 saurorum;
957 1627 981 1658 α
1007 1603 1313 1684 Proprium
1337 1612 1533 1665 autem
1567 1612 1656 1666 est
1676 1603 1932 1684 Spiritus
1956 1605 2228 1664 essentia;

2308 540 2518 611 Πνεῦμα
2586 537 2658 599 εἷς
2727 537 2826 605 τὴν
2880 537 3083 619 ἡμέραν
3158 539 3255 608 τῆς
3300 540 3601 616 μελλούσης
3645 540 3966 622 ἀπολυτρώ-

2306 645 2441 689 σεως
2454 681 2463 687 _
2516 655 2539 685 ι

2390 705 2447 771 ’0
2492 713 2658 794 μέγας
2734 718 2822 774 καὶ
2907 720 3282 797 Θαυματυργὸς
3374 720 3662 800 Γρηγόριος
3734 729 3967 800 hiemat-

2307 804 2515 879 σαρείας
2546 804 2832 870 ἐπίσκοπος
2891 807 2944 864 ἐν
3003 814 3083 882 τῷ
3134 807 3280 887 λόγῳ
3323 811 3383 864 οὗ
3418 798 3458 877 ἦ
3490 798 3658 890 ἀρχὴ.
3701 832 3721 860 ο
3760 798 3969 887 “Elei-

2306 911 2420 947 στοι
2478 894 2565 948 καὶ
2623 891 2886 972 ἀλλότριοι
2966 901 3067 963 τῆς
3146 896 3505 965 ἀποστολικῆς
3563 895 3851 974 ὁμολογίας
3921 897 3971 951 οἱ

2307 981 2397 1035 τὸν
2455 983 2678 1058 Χριστὸν
2733 981 2788 1048 ἒξ
2832 988 2925 1043 οὐκ
2984 984 3148 1041 ὄντων
3193 984 3463 1064 λέγοντες,
3499 1007 3523 1041 ι
3558 987 3717 1065 φησίν
3753 1001 3766 1014 ⁶
3810 1013 3833 1043 α
3866 992 3971 1042 Τοῦ

2311 1069 2494 1148 ΚύΡίου
2537 1072 2564 1126 δ
2621 1072 2804 1149 Πατὴρ
2848 1072 3018 1152 ἀρχή,
3094 1072 3279 1138 αῖδεως
3337 1077 3493 1132 αὐτὸν
3534 1076 3818 1153 γεννήσαςν
3880 1080 3970 1133 καὶ

2305 1156 2645 1236 πρωτότυπος
2701 1167 2792 1217 τοῦ
2852 1162 3158 1237 Πνεύματος
3229 1166 3257 1219 6
3339 1164 3554 1242 Κύριος,
3603 1184 3624 1212 ι
3679 1153 3736 1220 Ὀ
3799 1162 3971 1239 μέγας

2307 1246 2600 1311 Βασίλειος.
2664 1271 2689 1303 α
2764 1251 3059 1329 Γεννήτορα
3117 1252 3207 1307 καὶ
3286 1252 3632 1331 πρωτότυπον
3697 1253 3788 1307 τὸν
3853 1258 3968 1306 Πα-

2304 1358 2442 1414 τηρα
2487 1364 2510 1395 ι
2550 1338 2679 1416 φησί
2714 1361 2739 1393 α
2768 1346 2862 1395 τοῦ
2917 1343 3035 1397 Υἱοῦ
3080 1367 3102 1398 ι
3153 1339 3207 1396 ἐν
3262 1346 3340 1413 τῷ
3382 1340 3503 1398 κατ’
3563 1341 3818 1417 Εὖνομίου
3874 1361 3970 1395 τε·

2308 1424 2502 1502 τάρτῳ,
2543 1453 2569 1485 υ

2394 1503 2451 1570 Ὀ
2482 1514 2631 1592 ἅγιος
2665 1515 2920 1591 Κύριλλος
2971 1516 3023 1573 ἒν
3078 1517 3152 1575 ἐνὶ
3180 1524 3287 1574 τῶν
3329 1517 3628 1597 κεφαλαίων
3696 1521 3789 1575 τοῦ
3846 1517 3967 1577 δευ-

2310 1602 2460 1682 τέρου
2488 1610 2593 1660 τῶν
2624 1612 2914 1684 Θησανρῶν
2960 1626 2975 1640 ο
3011 1631 3034 1662 ιι
3088 1597 3256 1665 ’Ἰδιον
3287 1606 3342 1663 δὲ
3402 1609 3614 1671 πάντως
3657 1610 3718 1664 τὸ
3758 1615 3971 1681 Πνεῦμα

583 1690 739 1766 Filii,
776 1709 886 1753 nec
917 1690 989 1753 ab
1016 1700 1293 1782 extraneo
1321 1693 1691 1782 hypostasim
1722 1691 1924 1782 habet.
1965 1716 1991 1746 »
2029 1693 2093 1753 In
2112 1690 2227 1752 alio

2313 1697 2408 1758 τῆς
2466 1692 2640 1756 οὐσίας
2717 1701 2811 1751 τοῦ
2901 1698 3043 1771 Υἱοῦ,
3115 1699 3202 1753 καὶ
3260 1701 3352 1756 οὐκ
3408 1697 3592 1762 ἔξωθεν
3647 1698 3969 1758 ὑποστατόν,

580 1797 788 1841 rursus
823 1801 836 1842 :
874 1804 900 1835 α
921 1783 1066 1843 Cum
1099 1781 1296 1861 itaque
1319 1780 1480 1859 leges
1507 1781 1609 1844 (lat
1642 1781 2221 1861 Christus,tanquam

581 1867 643 1928 in
667 1867 796 1948 ipso
829 1868 1118 1931 exsistens
1147 1869 1402 1950 Spiritus
1427 1869 1586 1931 illius
1611 1870 1797 1949 leges.
1831 1869 1949 1931 dat.
1987 1890 2014 1928 ι
2060 1868 2132 1929 Et
2163 1868 2223 1928 in

584 1957 720 2019 alio:
749 1956 1039 2021 «Necesse
1074 1968 1163 2021 est
1192 1978 1331 2039 ergo
1353 1958 1722 2034 fateri,illum
1749 1977 1880 2021 esse
1912 1978 1981 2020 ex
2013 1975 2223 2020 essen-

585 2047 668 2108 tia
697 2045 832 2109 Filii
866 2056 923 2108 et
950 2046 1220 2129 Dei,cum
1256 2066 1492 2110 onmem
1526 2048 1685 2109 illius
1726 2059 1786 2109 et
1816 2047 2224 2129 operationem

535 2171 544 2181 ο
588 2146 651 2200 et
679 2137 952 2198 virtutem
987 2136 1308 2217 possideat.
1346 2158 1372 2196 ι
1410 2135 1559 2200 Item
1590 2137 1649 2198 in
1680 2137 1838 2200 alio:
1880 2136 2014 2199 «Uti
2046 2155 2114 2198 ex
2146 2153 2228 2196 es-

588 2225 780 2288 sentia
802 2228 1092 2288 exsistens
1121 2225 1554 2307 suppeditantis
1578 2226 1747 2287 illum
1772 2226 2014 2288 sanctis.
2056 2224 2229 2288 Chri-

589 2314 663 2376 sti
692 2314 1021 2379 videlicetn
1059 2314 1204 2377 Item
1239 2315 1299 2376 in
1329 2314 1484 2379 alio:
1529 2338 1552 2372 α
1578 2314 1818 2377 Nullum
1850 2315 2030 2395 igitur
2058 2323 2233 2377 natu-

586 2422 670 2466 rae
720 2403 1044 2465 discrimen
1091 2403 1358 2484 agnoscit
1411 2404 1630 2467 Paulus
1680 2404 1834 2481 Filii,
1872 2412 1930 2465 et
1981 2404 2238 2484 Spiritus

590 2492 804 2573 sancti,
839 2492 943 2557 sed
967 2493 1145 2555 veluti
1168 2512 1237 2555 ex
1267 2493 1418 2574 ipso,
1453 2501 1509 2555 et
1563 2495 1620 2556 in
1662 2494 1793 2574 ipso
1827 2495 2237 2569 exsistentem,

589 2582 758 2643 illum
790 2581 1210 2643 dominationis
1232 2580 1473 2643 nomine
1506 2581 1964 2661 insignitaltem
1996 2581 2059 2644 in
2089 2582 2237 2644 alio:

2315 1781 2403 1836 Ἐν
2462 1779 2608 1856 ἄλλῳ
2686 1782 2847 1839 πάλιν
2893 1804 2909 1821 ⁸
2973 1804 2999 1836 α
3060 1789 3476 1861 Νομοθετοῦντος
3545 1792 3819 1865 τοιγαροῦν
3880 1793 3975 1841 τοῦ

2315 1872 2559 1950 Χριστοῦ,
2603 1873 2677 1934 ὡς
2721 1872 2775 1927 ἐν
2829 1875 2971 1947 αὖτῷ
3012 1877 3100 1931 καὶ
3159 1872 3211 1940 ἐξ
3242 1875 3399 1931 αὑτοῦ
3441 1881 3671 1955 φυσικῶς
3726 1875 3974 1953 ὑπάρχον

2315 1959 2376 2014 τὸ
2418 1964 2629 2035 Πνεῦμα
2682 1965 2838 2019 αὐτοῦ
2893 1967 3186 2038 νομεθετεϊ.
3238 1988 3264 2021 ι
3315 1966 3411 2022 Καὶ
3462 1964 3620 2020 πάλιν
3661 1964 3715 2020 ἐν
3771 1962 3921 2035 ἄλλῳ
3956 1983 3973 2001 ·

2323 2069 2352 2102 α
2406 2045 2645 2125 Ἀνάγκη
2703 2047 2889 2107 λοιπὸν
2942 2051 3003 2108 ὲκ
3071 2057 3170 2119 τῆς
3221 2054 3397 2115 οὐσίας
3455 2052 3712 2132 ὑπάρχειν
3767 2051 3975 2127 ὁμολο-

2316 2149 2436 2215 γεῖν
2506 2136 2631 2193 αῦτὸ
2692 2142 2791 2204 τῆς
2846 2147 2938 2198 τοῦ
3010 2142 3131 2197 Υἱοῦ
3161 2143 3250 2197 καὶ
3283 2147 3438 2220 Θεοῦ,
3471 2148 3643 2198 πᾶσαν
3687 2143 3848 2200 αὐτοῦ
3877 2141 3977 2208 τὴν

2318 2246 2374 2281 τε
2404 2223 2639 2308 δύναμιν
2674 2228 2761 2283 καὶ
2802 2228 2902 2294 τὴν
2940 2228 3206 2308 ἐνέργειαν
3249 2227 3398 2308 ἕχον.
3437 2252 3459 2282 ι
3530 2232 3628 2287 Καὶ
3698 2227 3859 2286 πάλιν
3918 2230 3976 2285 ἐν

2320 2311 2465 2387 ἄλλῳ
2497 2330 2509 2342 '
2569 2338 2591 2368 ι
2626 2306 2718 2379 Ὠς
2774 2316 2873 2395 γὰρ
2938 2315 2998 2373 ἐκ
3028 2306 3153 2385 τῆς
3197 2306 3373 2380 οὐσίας
3442 2318 3682 2398 ὑπάρχον
3724 2322 3823 2388 τῆς
3886 2326 3981 2375 τοῦ

2321 2410 2686 2482 χορηγοῦντος
2770 2407 2897 2464 aii-.6
2952 2428 3063 2470 τοις
3144 2407 3337 2484 ἁγίοις,
3397 2414 3619 2486 Χριστοῦ
3671 2405 3907 2478 δηλαδή.
3947 2432 3975 2461 ι

2324 2493 2422 2549 Καὶ
2449 2489 2610 2551 πάλιν
2666 2491 2719 2550 ἐν
2774 2492 2919 2570 ἄλλῳ
2952 2512 2966 2525 °
3007 2516 3031 2551 ι
3069 2494 3325 2571 Οῦδεμίαν
3368 2495 3466 2575 ἄρα
3522 2497 3724 2577 φύσεως
3783 2494 3979 2576 διαφο-

2326 2580 2418 2661 ρὰν
2448 2580 2594 2637 οἶδεν
2652 2584 2680 2638 6
2729 2582 2933 2649 Παῦλος
2987 2585 3086 2651 τῆς
3137 2593 3228 2643 τοῦ
3284 2588 3405 2642 Υίοῦ
3459 2587 3544 2641 καὶ
3600 2586 3750 2664 ἁγίου
3808 2586 3982 2642 Πνεύ-

601 2696 628 2727 α
665 2672 930 2734 Necesse
974 2679 1059 2732 est
1109 2669 1283 2732 lateri
1341 2670 1627 2751 Spiritum
1668 2690 1739 2732 ex
1799 2670 2055 2733 essentia
2109 2671 2222 2733 Fili

2331 2689 2518 2745 ματος,
2552 2668 2671 2726 ἀλλ’
2703 2672 2775 2735 ὡς
2806 2670 2857 2737 ἐξ
2905 2674 3063 2730 αὐτοῦ
3116 2675 3205 2730 καὶ
3261 2673 3314 2732 ἐν
3346 2676 3487 2747 αῦτῷ
3515 2680 3746 2754 φυσικῶς
3801 2676 3981 2753 ὑπάρ-

590 2779 744 2823 esse.
785 2783 807 2813 ι
842 2760 988 2821 Item
1009 2759 1068 2821 in
1100 2759 1215 2822 alio
1242 2778 1255 2824 :
1294 2783 1315 2813 ι
1347 2759 1533 2841 Igitur
1561 2779 1630 2823 ex
1653 2760 1907 2822 essentia
1942 2760 2078 2822 Filii
2103 2760 2229 2841 Spi-

2334 2781 2435 2838 χον
2464 2763 2540 2831 τῷ
2576 2764 2674 2826 τῆς
2717 2761 3025 2840 κυριότητος
3082 2763 3299 2838 ὀνόματι
3359 2764 3596 2824 καλεῖθ’
3666 2766 3763 2821 Καὶ
3814 2764 3981 2821 πάλιν

590 2852 763 2914 ritus.
2337 2847 2391 2903 ἒν
2446 2846 2593 2921 ἄλλῳ
2638 2864 2652 2878 ⁶
2720 2872 2749 2904 κ
2824 2846 3059 2929 Ἀνάγκη
3139 2852 3201 2908 τὸ
3268 2858 3480 2928 Πνεῦμα
3535 2851 3594 2907 ἐκ
3648 2853 3746 2919 τῆς
3800 2851 3985 2917 οῦσίας

2257 2965 2298 3015 ο
2337 2938 2596 3019 ὑπάρχειν
2652 2937 2936 3018 ὁμολογεῖν
2992 2949 3087 2999 τοῦ
3129 2942 3272 3001 Υἱοῦ.
3306 2964 3333 2997 ι
3380 2943 3477 2999 Καὶ
3506 2940 3665 2997 πάλιν
3694 2941 3747 2997 ἐν
3779 2939 3925 3015 ἄλλῳ
3966 2960 3980 2975 ’

2327 3052 2354 3084 α
2402 3029 2601 3087 Οὐκοῦν
2644 3027 2704 3085 ἐκ
2730 3028 2826 3096 τῆς
2871 3028 3049 3094 οὐσίας
3082 3036 3174 3085 τοῦ
3204 3032 3329 3089 Υἱοῦ
3357 3031 3420 3087 τὸ
3450 3035 3684 3104 Πνεῦμα.
3719 3058 3741 3089 ι

592 3115 645 3126 ﬂ
674 3124 837 3189 Idem
871 3123 1242 3205 expositione
1272 3123 1330 3185 in
1358 3122 1737 3203 Evangelium
1757 3119 2025 3193 Joannis,
2058 3117 2119 3180 in
2160 3117 2229 3179 il-

2404 3108 2461 3175 Ὀ
2504 3119 2661 3182 αὐτὸς
2718 3116 2772 3174 ἓν
2818 3123 2886 3195 τῇ
2929 3118 3181 3198 ἑρμηνείᾳ
3238 3126 3331 3177 τοῦ
3387 3119 3521 3182 κατᾶ
3575 3119 3855 3200 Ἰωάννην³
3910 3122 3985 3186 εἷς

596 3216 694 3277 Iud
734 3233 802 3273 ια
828 3212 899 3275 Ει
926 3212 1087 3276 Deus
1142 3222 1262 3275 erat
1321 3212 1584 3275 Verbum
1613 3213 1666 3281 5,
1708 3236 1734 3267 »
1774 3209 1963 3291 tnquit
1995 3226 2008 3271 :
2047 3232 2068 3263 α
2106 3212 2229 3273 Non

2319 3208 2382 3263 τὸ
2411 3207 2597 3287 ῥητὸν³
2623 3208 2709 3280 τὸ,
2752 3227 2775 3262 ι
2826 3208 2925 3265 Καὶ
2957 3209 3085 3271 Θεὸς
3120 3207 3186 3275 ἦν
3215 3211 3243 3265 6
3272 3209 3460 3287 Λόγος,
3499 3232 3526 3265 ι
3563 3210 3720 3289 φησὶν
3756 3225 3772 3240 °
3815 3231 3840 3264 α
3876 3215 3988 3269 Οῦκ

595 3304 793 3385 itaque
827 3302 1022 3364 minor
1041 3310 1150 3377 est,
1182 3302 1282 3383 qui
1315 3301 1583 3365 eamdem
1616 3300 1911 3363 actionem
1950 3316 2082 3360 cum
2113 3314 2229 3376 per-

2323 3295 2421 3375 ὂὶρα
2463 3294 2697 3352 ἐλάττων
2740 3295 2878 3353 ἐστὶν
2941 3298 2969 3352 6
3025 3296 3125 3365 τὴν
3181 3298 3341 3365 αὐτὴν
3396 3297 3657 3377 ἐνέργειαν
3693 3297 3850 3378 ἔχων
3908 3307 3988 3375 τῷ

594 3393 750 3456 fecto
770 3392 942 3455 Patre
966 3391 1250 3471 possidet,
1287 3398 1341 3453 et
1366 3388 1652 3470 genitoris
1680 3387 1963 3469 Spiritum
2004 3393 2069 3448 ut
2099 3404 2229 3467 pro-

2322 3387 2508 3461 τελείῳ
2564 3389 2748 3465 Πατρὶ,
2807 3388 2895 3444 καὶ
2949 3389 3011 3444 τὸ
3080 3394 3172 3445 τοῦ
3214 3390 3564 3468 γεννήσαντος
3620 3393 3833 3465 Πνεῦμα
3880 3392 3984 3470 φύ-

600 3482 794 3563 prium
824 3480 1046 3543 bonum
1071 3499 1188 3541 non
1210 3481 1382 3543 aliter
1430 3487 1613 3553 certe,
1645 3496 1817 3559 quam
1850 3476 1977 3558 ipse
2010 3475 2229 3555 genitor

2324 3498 2458 3540 σεως
2540 3474 2669 3540 ἰδίας
2755 3474 2899 3557 ἔχων
2982 3475 3197 3554 ἀγαθόν,
3272 3483 3386 3534 Τῶν
3453 3477 3819 3535 ἐνυποστάτων
3892 3480 3984 3536 οὖν

599 3570 803 3633 habet.
837 3588 858 3619 ι

2325 3564 2503 3644 ὥσπερ
2545 3563 2730 3639 ἀμέλει
2759 3568 2848 3622 καὶ
2877 3568 2905 3622 6
2938 3566 3138 3644 Πατὴρ.
3175 3588 3201 3623 ι

679 3660 843 3722 ldem
876 3659 938 3721 in
968 3659 1339 3741 expositione
1366 3655 1665 3737 Evangelii
1703 3654 2030 3718 secundum
2059 3654 2229 3718 Joan-

2410 3645 2467 3711 Ὀ
2536 3655 2691 3718 αὒτὸς
2751 3654 2804 3711 ἐν
2872 3661 2941 3732 τῇ
2993 3654 3247 3734 ἑρμηνείᾳ
3288 3662 3381 3711 τοῦ
3422 3655 3558 3712 κατὰ
3601 3653 3853 3725 Ἰωάννην
3903 3660 3980 3721 εἷς

602 3768 762 3824 nem,
797 3749 857 3811 in
881 3749 1104 3810 dictum
1131 3768 1145 3808 :
1183 3774 1209 3806 α
1234 3747 1308 3809 Ει
1330 3765 1436 3825 ego
1466 3746 1687 3825 rogabo
1718 3742 2229 3826 Patrem,etaliun1

2326 3744 2387 3800 τὸ
2428 3742 2611 3822 ῥητὸν,
2681 3744 2765 3817 τὸ,
2835 3773 2858 3804 ι
2920 3744 3082 3822 Κάγὼ
3137 3743 3390 3823 ἐρωτήσω
3442 3746 3533 3800 τὸν
3607 3745 3841 3827 Πατέρα,
3898 3748 3988 3803 καὶ

602 3838 971 3903 Paracletum
1003 3835 1169 3898 dabit
1218 3834 1384 3898 vobis
1413 3835 1493 3911 ’6,
1531 3861 1553 3892 ι
1599 3834 1791 3916 inquit
1822 3856 1837 3895 :
1877 3863 1898 3893 ι
1933 3832 2077 3895 Nam
2109 3849 2229 3894 eun

2328 3830 2490 3888 ἄλλον
2537 3830 2887 3910 Παρακλητον
2972 3830 3129 3890 δώσει
3185 3834 3337 3907 ὑμῖν,
3371 3853 3393 3883 ι
3458 3834 3615 3913 φησίν
3648 3852 3664 3868 °
3711 3838 3829 3892 Τῶν
3888 3836 3993 3914 γὰρ

605 3946 725 3989 una
746 3946 880 3989 cum
913 3929 1087 3990 Patre
1117 3924 1490 3988 naturalibus
1513 3923 1748 3987 deitatis
1771 3922 1946 3985 bonis
1968 3923 2244 3983 substan-

605 4017 828 4080 tialiter
852 4014 1040 4078 Filius
1062 4015 1483 4089 communicet,
1510 4012 1721 4076 eodem
1756 4011 1930 4074 modo
1962 4009 2245 4091 Spiritum

604 4104 809 4187 habet,
834 4123 950 4186 quo
984 4106 1159 4168 Pater
1186 4097 1406 4165 habere
1437 4100 1805 4182 intelligitur,
1834 4119 1951 4162 non
1973 4096 2246 4161 adventi-

2329 3924 2420 3979 τοῦ
2488 3920 2618 3977 Θεοῦ
2702 3922 2789 3977 καὶ
2846 3923 3050 3999 Πατρὸς
3140 3922 3372 4001 φυσικῶν
3456 3922 3665 4000 ἀγαθῶν
3717 3923 3991 3988 οὗσιωδῶς

2328 4010 2585 4090 ὑπάρχων
2643 4012 2672 4067 6
2706 4011 2825 4075 Υἱὸς
2855 4012 3108 4076 κοινωνὸς
3139 4011 3257 4091 ἔχει
3299 4012 3361 4067 τὸ
3401 4017 3611 4087 Πνεῦμα
3639 4013 3776 4069 κατὰ
3802 4014 3995 4070 τοῦτον

2329 4101 2418 4157 τὸν
2474 4098 2688 4177 τρόπον,
2745 4097 2862 4155 καθ’
2913 4098 3075 4178 ὅνπερ
3105 4097 3168 4154 ἂν
3211 4102 3389 4156 νοεῖτο
3426 4102 3515 4156 καὶ
3557 4102 3586 4156 6
3628 4101 3835 4181 Πατὴρ,
3898 4103 3997 4159 οῦκ

606 4194 754 4258 tium
785 4185 981 4276 neque
1009 4192 1254 4256 deforis.
1287 4191 1542 4254 Stultum
1570 4192 1728 4253 enim
1756 4198 1931 4271 atque
1960 4188 2229 4250 furiosun

2330 4188 2580 4264 ἐπακτὸν,
2641 4186 2756 4244 οὐδὲ
2811 4185 3014 4253 ἔξωθεν.
3078 4188 3275 4256 Εῧηθες
3326 4189 3448 4267 γὰρ,
3482 4186 3770 4264 μᾶλλονδὲ
3825 4213 3995 4265 μανι-

608 4292 699 4346 est
727 4283 806 4345 ita
831 4275 1053 4345 sentire
1095 4303 1111 4378 _:
1166 4280 1270 4378 sed
1302 4280 1807 4378 quemadmodum
1838 4276 2229 4378 unusquisque

2330 4280 2424 4336 κὸν
2467 4279 2529 4333 τὸ
2583 4276 2722 4334 οὕτω
2793 4290 3004 4356 φρονεῖν
3041 4292 3055 4307 ⁸
3129 4275 3250 4333 ἀλλ’
3326 4300 3353 4333 ι
3431 4276 3611 4355 ὥσπερ
3679 4279 3767 4334 καὶ
3832 4281 3995 4355 ἡμῶν

607 4380 874 4435 nostrum
908 4370 1214 4454 proprium
1245 4369 1306 4431 in
1335 4369 1532 4451 seipso
1552 4368 1835 4450 Spiritum
1870 4367 2158 4442 continet,
2189 4384 2221 4425 e

2328 4366 2549 4430 ἕκαστος
2606 4367 2668 4422 τὸ
2712 4363 2846 4422 ἴδιον
2905 4364 2959 4421 ἐν
3019 4366 3188 4442 ἑαυτῷ
3236 4372 3451 4442 Πνεῦμα
3493 4366 3730 4447 συνέχει,
3790 4370 3880 4424 καὶ
3931 4367 3997 4425 ἐκ

606 4462 681 4524 ab
704 4461 928 4524 intimis
957 4459 1284 4521 visceribus
1308 4457 1379 4520 ad
1413 4457 1709 4520 exteriora
1728 4455 2229 4538 profunditzprop-

2329 4465 2434 4515 τῶν
2484 4454 2772 4515 ἒνδοτάτων
2815 4456 3145 4538 σπλάγχνων
3204 4460 3277 4521 εἷς
3333 4460 3396 4515 τὸ
3452 4457 3552 4524 ἔξω
3602 4458 3823 4539 προχέει
3861 4476 3876 4491 ·
3907 4458 3997 4517 διὰ

609 4559 771 4615 terea
798 4567 1085 4631 corporee
1115 4548 1387 4612 Christus
1434 4546 1751 4623 insuﬂavit,
1788 4543 2109 4607 ostendens
2138 4544 2229 4604 hoc

2332 4548 2432 4627 γὰρ
2500 4568 2581 4603 τοι
2625 4547 2779 4603 τοῦτο
2856 4547 2944 4603 καὶ
3000 4552 3324 4622 σωματικῶς
3382 4547 3507 4605 αὐτὸ
3570 4546 3888 4619 ἐνεφύσησεν
3967 4551 3998 4605 6

607 4640 944 4721 signo,quia
959 4636 1464 4719 quemadmodum
1477 4635 1549 4697 ab
1563 4654 1666 4697 ore
1689 4636 1946 4696 humano
1968 4650 2229 4713 corporet

2334 4637 2581 4716 χριστὸς,
2637 4633 2836 4699 δεικνὺς
2900 4634 3005 4709 ὅτι,
3074 4634 3351 4713 καθώσπερ
3434 4634 3495 4691 ἐκ
3566 4636 3831 4712 στόματος
3906 4643 3998 4693 τοῦ

607 4730 909 4794 humanus
937 4728 1178 4809 spiritus
1211 4725 1501 4808 procedit,
1534 4724 1621 4787 sic
1647 4743 1719 4787 ex
1742 4723 1941 4786 divina
1969 4722 2229 4785 substan-

2334 4726 2653 4804 ἀνθρωπείου
2711 4725 2915 4802 πρόεισι
3004 4725 3066 4780 τὸ
3139 4730 3353 4800 Πνεῦμα
3437 4725 3783 4801 σῶματικῶς,
3856 4726 3998 4783 οὕτω

611 4822 693 4885 tia
722 4818 926 4882 deitati
950 4823 1346 4896 congruenter
1375 4814 1655 4897 Spiritus,
1689 4814 1789 4895 qui
1810 4811 1979 4893 abjea
2009 4819 2100 4874 est
2118 4828 2224 4892 pro

2334 4816 2422 4871 καὶ
2484 4816 2546 4870 εκ
2573 4818 2671 4881 τῆς
2725 4815 2865 4879 θείας
2917 4813 3093 4877 οὐσίας
3122 4816 3428 4891 θεοπρεπῶς
3459 4826 3749 4894 προχεῖται
3809 4836 3872 4870 το
3942 4815 3999 4882 ἐξ

609 4910 897 4974 funditur.
925 4931 949 4965 ι
1330 4919 1334 4923 ‘

2335 4905 2522 4971 αὐτῆς.
2558 4919 2580 4950 I
2828 4956 2833 4961 .

692 5000 859 5063 Idem
892 4999 954 5060 in
983 5004 1148 5060 sexto
1202 4996 1276 5058 ad
1323 4994 1621 5057 llermiam
1670 4992 1822 5055 libro
1852 4991 1935 5053 ait
1968 5011 1982 5055 :
2022 5020 2044 5053 ι
2076 4990 2229 5053 Post-

2420 4981 2477 5049 ¢0
2522 4991 2701 5071 αὐτὸς,
2735 4989 2789 5045 ἐν
2817 4981 2901 5065 ς’
2928 4996 3031 5048 τῶν
3061 4992 3194 5071 πρὸς
3251 4988 3499 5070 Ἐρμείαν
3528 4993 3685 5072 φησίν
3727 5010 3742 5026 ⁸
3783 5014 3806 5047 α
3860 5001 4000 5050 Εἶτα

613 5093 855 5153 modum
886 5086 1182 5169 quomodo
1213 5085 1275 5147 in
1298 5083 1470 5147 nobis
1498 5083 1683 5146 Filius
1708 5099 1817 5162 per
1835 5079 2119 5163 Spiritum
2153 5081 2229 5141 ini

2334 5087 2449 5143 πῶς
2505 5081 2641 5155 ἡμῖν
2698 5082 2726 5135 ὁ
2757 5081 2874 5143 Υἱὸς
2914 5077 3000 5135 διὰ
3039 5080 3132 5136 τοῦ
3161 5081 3464 5156 Πνεύματος
3511 5079 3774 5151 αὖλίζεται
3810 5097 3827 5155 ;
3875 5084 3999 5147 Πῶς

612 5176 869 5241 habitat?
895 5168 1203 5250 Quomodo
1234 5173 1396 5255 quod
1443 5183 1657 5235 natura
1708 5170 2093 5233 excellentius
2139 5176 2229 5231 est

2334 5169 2390 5226 δὲ
2418 5171 2479 5226 τὸ
2523 5168 2738 5246 ἄμεινον
2781 5170 2917 5226 κατὰ
2959 5168 3109 5249 φύσιν
3156 5170 3254 5238 τὴν
3297 5176 3384 5226 τοῦ
3414 5170 3655 5249 χείρονος
3708 5170 4001 5244 ἒμποιήσει

617 5266 814 5328 minus
846 5264 1192 5329 excellentis
1222 5261 1742 5344 participationem
1769 5258 2229 5322 communicabit

2337 5258 2542 5338 μέθεξιν
2600 5255 2668 5315 δι’
2713 5259 2915 5334 αῦτοῦ;
2963 5260 3062 5317 Καὶ
3120 5260 3164 5315 εί
3232 5260 3371 5322 θείας
3423 5259 3626 5339 φύσεως
3694 5259 3999 5318 ἀποτελού-

614 5357 692 5421 Ει
720 5357 771 5417 si
801 5355 1017 5437 ditiuae
1035 5360 1260 5416 natura
1289 5352 1583 5414 efﬁcimur
1607 5349 1945 5433 participes,
1972 5347 2229 5437 Spiritun

2341 5352 2472 5427 μεθα
2527 5349 2769 5405 κοινωνοὶ
2811 5350 2873 5404 τὸ
2916 5354 3126 5424 Πνεῦμα
3184 5345 3489 5428 δεχόμενοι,
3536 5355 3649 5412 πῶς
3698 5348 3753 5405 ἒν
3815 5347 4001 5406 δευτέ-

620 5436 1004 5526 accipientes,
1036 5440 1333 5524 quomodo
1364 5441 1628 5505 secundo
1649 5441 1783 5503 loco
1816 5445 1947 5519 post
1971 5436 2229 5519 Spiritun

2342 5459 2450 5518 ροις
2507 5443 2600 5494 τοῦ
2653 5436 2957 5513 Πνεύματος
3013 5438 3042 5494 ὀ
3086 5437 3254 5513 Υἱός;
3300 5436 3336 5506 ἢ
3391 5443 3506 5502 πῶς
3546 5436 3767 5515 ἄμεινον
3811 5438 3999 5516 αὐτοῦ,

726 5627 755 5673 ³
780 5631 1022 5692 Joan.'|.
1058 5626 1113 5689 1.
1172 5640 1201 5683 4
1228 5624 1373 5688 ibid.
1407 5643 1528 5703 xw,
1565 5626 1661 5691 16.
