4208 6296
407 343 523 412 621

1833 344 2320 415 EPIGRAPH/E.

3662 350 3781 423 692

397 486 492 542 καὶ
531 484 654 565 οὖχὶ
695 481 761 552 δὴ
805 482 1007 560 μᾶλλον
1062 486 1135 549 ὡς
1192 486 1345 548 αὐτός
1395 503 1452 542 τε
1500 484 1586 543 καὶ
1616 486 1740 567 παρ’
1778 491 1933 550 αὐτοῦ
1989 495 2044 551 τό

2132 491 2819 581 ΕἰιὶυεοοιιοςεῢίιιηῖδΕι
2838 516 2954 578 qua
2975 498 3204 561 ratione
3234 500 3379 562 Filio
3398 502 3779 581 praestantior

395 575 614 650 Πνεῦμα
647 574 824 647 αὖτοῦ,
885 572 1017 641 ὅλην
1075 573 1202 654 ἕχον
1258 579 1415 635 αῦτοῦ
1470 576 1569 644 τὴν
1624 575 1917 659 ἐνέργειαν,
1964 588 2052 643 καὶ

399 667 504 733 τὴν
534 667 690 723 αἰτοῦ
731 664 939 741 μέθεξιν
970 663 1220 741 ἐμποιοῦν
1255 684 1272 744 ;
1324 680 1350 715 ›

487 835 544 903 Ὀ
630 845 1011 924 Μεταφραστὴς
1093 843 1148 899 ἐν
1242 851 1319 919 τῷ
1417 849 1680 926 μαρτυρίῳ
1740 859 1833 910 τοῦ
1900 851 2052 929 ἁγίου

404 935 674 993 Διονυσίου
742 933 832 991 τοῦ
903 930 1278 1013 Ἀρεοπαγίτου
1376 932 1428 999 ἐξ
1485 939 1648 1005 αὖτῆς
1717 944 1815 1006 τῆς
1869 939 2044 1019 ἀρχῆς

394 1029 495 1083 τοῦ
536 1026 697 1105 λόγου
749 1022 906 1105 φησίν
940 1038 955 1053 '
1008 1043 1031 1078 ε
1069 1020 1237 1079 Πάλαι
1296 1023 1392 1098 μὲν
1450 1025 1507 1078 ἒν
1549 1026 1732 1092 τύποις
1761 1028 1826 1096 ἧν
1853 1029 1918 1085 τὰ
1947 1034 2045 1097 τῆς

396 1116 629 1179 πίστεως
671 1114 760 1170 καὶ
815 1111 1106 1190 αἰνίγμασι,
1163 1112 1251 1167 καὶ
1292 1112 1353 1167 τὸ
1410 1117 1509 1179 τῆς
1540 1114 1786 1182 ἀληθείας
1848 1116 2043 1197 φέγγος

394 1213 479 1280 τῷ
508 1206 606 1273 τῆς
636 1209 786 1267 σκιᾶς
823 1199 964 1279 νέφει
1018 1199 1456 1260 συνεκαλύπτετο.
1505 1199 1654 1260 Ἐπεὶ
1680 1202 1737 1260 δὲ
1792 1207 1853 1262 τὸ
1909 1206 2048 1286 μέγα

396 1296 498 1364 τῆς
579 1297 733 1371 ἡμῶν
799 1288 1063 1369 σωτηρίας
1121 1288 1525 1368 ἐπραγματεύθη
1583 1296 1890 1374 μυστήριον,
1964 1291 2053 1355 καὶ

397 1387 430 1441 6
498 1383 705 1445 πλάσας
775 1380 913 1437 κατὰ
958 1378 1122 1452 μόνας
1180 1378 1275 1442 τὰς
1345 1377 1556 1459 καρδίας
1614 1384 1769 1458 ἡμῶν
1826 1392 1902 1459 τῷ
1949 1388 2047 1456 τῆς

396 1475 595 1536 οἰκείας
662 1472 779 1550 περὶ
830 1471 972 1545 ἡμᾶς
1028 1468 1197 1540 οἴκτῳ
1240 1469 1610 1548 χρηστότητος
1657 1471 2043 1552 ἀναμαρτήτως

397 1563 617 1641 γέγονεν
644 1562 715 1626 ὡς
772 1562 961 1634 ἡμεῖς,
1006 1554 1175 1616 τᾶλλα
1202 1577 1260 1612 τε
1329 1556 1561 1625 ὑπῆλθεν
1616 1560 1715 1617 ὅσα
1785 1565 1882 1631 τῆς
1950 1563 2049 1619 ἅν-

396 1653 664 1732 θρωπίνης
722 1651 859 1707 ἐστὶν
901 1647 1191 1727 ἀσθενείας,
1246 1644 1321 1703 ἵν’
1369 1646 1476 1725 ἐγὼ
1525 1649 1619 1717 τὴν
1648 1651 1862 1729 πρώτην
1907 1652 2049 1710 ἀπο-

395 1746 547 1803 λαύω
602 1741 888 1820 εὐγένειαν,
932 1739 1021 1795 καὶ
1072 1736 1225 1795 τέλος
1278 1738 1369 1793 τὸν
1433 1734 1517 1793 διὰ
1569 1742 1790 1819 σταυροῦ
1829 1740 2048 1801 θάνατοι

395 1836 766 1913 κατακρίνεται
801 1848 816 1865 ·

401 1923 574 1983 πολλὰ
630 1922 730 2001 γὰρ
796 1920 863 1976 τὰ
905 1918 958 1974 ἐν
988 1915 1133 1993 μέσῳ
1158 1920 1255 1982 τῆς
1289 1916 1588 1990 οἰκονομίας
1629 1918 1786 1974 αὐτοῦ
1836 1921 2046 1993 μυστή-

396 2035 510 2094 ρια,
555 2011 718 2090 πέρας
773 2010 840 2067 τὰ
883 2011 983 2074 τῆς
1039 2009 1347 2094 σωματικῆς
1401 2002 1647 2080 ἐνδημίας
1709 2004 1947 2086 δέχεται,
1980 2009 2047 2065 τὰ

394 2093 503 2162 τοῦ
545 2099 850 2173 Πνεύματος
909 2094 1153 2174 ἄρχεται,
1238 2093 1326 2149 καὶ
1382 2094 1453 2156 εἷς
1514 2094 1761 2171 οὖρανοὺτ
1819 2098 1846 2152 ὁ
1916 2096 2045 2171 ἐμὸς

397 2190 622 2271 Χριστός
692 2184 1027 2265 ἀναφέρεται,
1096 2182 1184 2238 καὶ
1238 2181 1369 2260 πρός
1424 2179 1514 2237 τόν
1567 2185 1818 2262 πατρικὸν
1875 2184 2041 2241 ἐπάν-

395 2269 502 2337 εισι
569 2276 774 2355 θρόνον,
842 2274 933 2330 καὶ
1010 2273 1072 2327 τὸ
1128 2269 1539 2349 ἐκπορευόμενον
1595 2275 1750 2331 αῦτοῦ
1834 2280 2044 2350 Πνεῦμα

2135 579 2312 671 fuerit
2336 590 2395 645 et
2424 603 2539 646 non
2572 585 2765 666 potius
2796 596 2854 647 ut
2874 586 3024 667 ipse,
3057 596 3112 649 et
3136 587 3207 649 ab
3233 589 3360 669 ipso
3390 579 3777 671 Spiritus,qui

2135 669 2321 760 ipsius
2350 672 2641 735 actionem
2692 676 3026 737 universam
3085 676 3145 737 in
3176 696 3239 740 se
3270 684 3556 759 continet,
3592 669 3779 760 etqui

2132 756 2292 822 illius
2323 762 2832 842 participationem
2866 765 3294 830 communicat?
3320 797 3342 826 ι

2211 850 2637 931 Metaphrastes
2665 852 2726 912 in
2758 852 3038 932 martyrio
3069 853 3348 935 Dionysii
3399 856 3776 937 Areopagitae

2130 935 2191 996 in
2213 938 2337 1017 ipso
2358 938 2644 1001 orationis
2663 941 3030 1015 cxordio,ait:
3047 940 3235 1004 «Oiim
3271 943 3512 1022 quidem
3533 935 3684 1007 fides
3702 946 3779 1008 si-

2130 1032 2187 1085 ta
2214 1035 2339 1089 erat
2368 1027 2430 1089 in
2458 1026 2638 1107 signis
2698 1036 2755 1090 et
2809 1029 3243 1108 aenigmatihus,
3273 1040 3331 1093 et
3360 1032 3533 1094 nubta
3566 1033 3778 1096 umbra

2131 1120 2288 1177 tecta
2318 1126 2442 1179 erat
2475 1117 2572 1178 lux
2614 1116 2899 1183 veritatis.
2941 1120 3253 1199 Postquam
3311 1128 3505 1183 autem
3559 1132 3778 1185 nostra:

2138 1202 2345 1291 salutis
2373 1224 2646 1284 magnum
2694 1214 2996 1285 peractum
3028 1206 3137 1269 fuit
3169 1214 3533 1288 mysterium,
3564 1218 3621 1271 et
3675 1210 3777 1291 qui

2135 1290 2302 1354 ﬁnxit
2328 1294 2625 1373 sigillatim
2657 1295 2833 1356 corda
2888 1305 3087 1358 nostra
3126 1316 3248 1357 sua:
3278 1297 3665 1375 benignitatis
3696 1290 3770 1361 in

2131 1397 2238 1443 nos
2277 1382 2706 1453 misericordia,
2759 1383 2905 1444 citra
2962 1394 3268 1464 peccatum
3302 1394 3473 1447 natus
3505 1395 3594 1447 est
3623 1387 3773 1449 sicut

2134 1487 2269 1547 nos,
2301 1478 2358 1533 et
2395 1470 2509 1533 alia
2537 1470 2738 1544 subiit,
2765 1490 2895 1551 quae
2923 1481 3064 1533 sunt
3093 1473 3371 1535 humanae
3390 1473 3772 1538 imbecillita-

2133 1557 2231 1635 tis,
2268 1569 2333 1620 ut
2362 1578 2469 1639 ego
2507 1558 2755 1640 primam
2783 1560 3119 1641 reciperem
3145 1560 3772 1644 nobilitatem,etpos-

2134 1653 2326 1709 tremo
2356 1648 2786 1712 condemnatus
2818 1648 2925 1711 fuit
2949 1662 3140 1712 morte
3169 1651 3453 1731 crucis,et
3485 1670 3559 1713 ne
3581 1653 3773 1714 diram

2131 1735 2397 1816 singula:
2425 1746 2564 1800 sunt
2594 1739 2751 1800 enim
2815 1738 2999 1801 multa
3043 1738 3398 1801 intermedia
3426 1743 3775 1803 (economia:

898 1831 986 1885 καὶ
1078 1825 1169 1882 ἵνα
1226 1826 1302 1894 μὴ
1372 1826 1438 1882 τὰ
1514 1827 1808 1886 καθέκαστα
1880 1829 2043 1911 λέγω,

2132 1826 2327 1887 carnis
2361 1834 2650 1907 susceptae
2679 1827 3166 1909 mysteriaﬁnem
3199 1830 3429 1909 accepit
3450 1848 3773 1910 corporeus

2129 1916 2417 1978 adventus
2452 1940 2465 1979 :
2500 1917 2713 1994 incipit
2744 1918 2902 1978 clara
2950 1917 3343 1980 inanifestatio
3377 1919 3679 2001 veritatis;
3716 1930 3774 1981 et

2126 2004 2187 2065 in
2220 2006 2437 2067 coelum
2469 2007 2736 2067 ascendit
2764 2024 2934 2067 meus
2958 2007 3314 2081 Christus,et
3341 2007 3412 2068 ad
3435 2007 3636 2068 sedem
3664 2028 3768 2088 pa-

2129 2103 2356 2157 ternam
2387 2094 2719 2172 revertitur,
2762 2102 2819 2155 et
2849 2094 2951 2174 qui
2980 2114 3050 2157 ex
3081 2096 3209 2176 ipso
3245 2095 3537 2175 procedit,
3573 2097 3767 2177 Spiri-

2130 2191 2250 2247 tum
2283 2184 2541 2248 demittit
2560 2183 2889 2265 discipulis,
2926 2192 2984 2245 ut
3019 2196 3220 2246 essent
3276 2184 3460 2246 duces
3504 2186 3767 2264 gentium

2125 2272 2454 2337 inﬁdelium
2516 2301 2542 2333 υ

394 2367 484 2424 ἐπὶ
510 2373 580 2444 τῇ
600 2353 704 2438 τῷν
736 2353 970 2420 ἀπίστων
999 2358 1181 2434 ἐθνῶν,
1210 2359 1561 2436 Καταπέμπει
1592 2374 1709 2426 τοῖς
1752 2365 2021 2438 μαθηταῖς
2075 2360 2285 2442 ὀδηγίᾳ,
2324 2353 2438 2421 ’Ἑν
2484 2385 2591 2420 τισι
2647 2359 2870 2439 βιϐλίοις
2924 2364 2957 2429 ἡ
3015 2362 3280 2443 ἐπιγραφὴ
3307 2365 3394 2420 τὸν
3429 2361 3770 2429 Ἀναστάσιον

396 2455 462 2515 ἔγ
473 2478 538 2515 ει.

473 2480 538 2515 ει.

429 2480 744 2621 χΘεόδωρος
800 2543 830 2597 6
909 2541 1007 2606 τῆς
1086 2528 1295 2596 Ῥαῖθοῦ
1348 2534 1694 2618 πρεσϐύτερος
1753 2541 1870 2621 περὶ
1937 2547 2043 2599 τῶν

392 2632 511 2693 καθ’
582 2634 724 2707 ἡμᾶς
782 2631 946 2709 ὀρθῶν
987 2632 1086 2695 τῆς
1142 2626 1389 2693 ἀληθείας
1446 2624 1726 2706 δογμάτων
1754 2629 2037 2709 θεολογῶν,

392 2724 553 2797 φησίν
593 2737 606 2751 ⁶
676 2726 778 2778 Τοῦ
820 2717 875 2774 δὲ
930 2716 1177 2792 σώματος
1234 2717 1294 2771 τὸ
1348 2713 1536 2791 ἰδίωμα
1585 2715 1833 2782 λαϐόντες
1864 2741 2041 2797 παρα-

392 2812 585 2889 agt-{pa
666 2810 766 2877 τὴν
835 2804 1199 2885 ἀλληλουχίαν
1279 2809 1385 2859 τῶν
1470 2805 1622 2862 θείων
1703 2808 2042 2868 ὑποστάσεων

390 2901 802 2981 παρεστήσαμεν
844 2894 928 2951 διὰ
986 2899 1083 2962 τῆς
1142 2896 1248 2950 τῶν
1278 2891 1453 2968 μελῶν
1511 2893 1791 2973 ἀναλογίας
1843 2918 1900 2952 τε
1955 2898 2043 2953 καὶ

394 2991 625 3052 ιίκασὶας
658 3004 673 3020 ⁸
734 2986 900 3060 ταύτῃ
954 2983 1054 3062 γὰρ
1117 2984 1206 3039 καὶ
1280 2992 1483 3058 πνεῦμα
1553 2984 1815 3059 στόματος
1861 2989 2038 3066 αὒτοῦ,

392 3078 640 3147 δηλονότι
685 3081 778 3133 τού
833 3081 985 3146 θεοῦ,
1044 3073 1107 3128 τὸ
1181 3077 1393 3147 Πνεῦμα
1467 3073 1528 3128 τὸ
1584 3072 1737 3151 ἆίγιον
1804 3072 2039 3155 λέγεται,

392 3168 656 3244 στόματος
731 3163 879 3227 ὄντος
922 3160 1015 3219 τοῦ
1070 3166 1414 3238 Μονογενοῦς.
1473 3161 1570 3219 Καὶ
1616 3168 1827 3239 Πνεῦμα
1880 3164 2041 3220 πάλιν

2208 2539 2561 2604 Theodorus
2586 2540 2926 2620 Raythenus
2959 2537 3265 2620 presbyter
3289 2539 3363 2602 de
3400 2542 3580 2604 rectis
3622 2560 3763 2603 nos.

2126 2636 2232 2692 tne
2263 2628 2401 2691 ﬁdei
2434 2638 2492 2691 et
2510 2627 2771 2689 veritatis
2795 2628 3170 2706 dogmatibus
3200 2629 3765 2711 decernituCorpo-

2121 2717 2204 2779 ris
2232 2736 2369 2779 vere
2400 2717 2822 2798 proprietatem
2874 2718 2930 2778 in
2988 2718 3325 2797 exemplum
3378 2718 3762 2799 accipientes,

2123 2818 2384 2872 mutuam
2401 2810 2732 2871 divinorum
2757 2809 3180 2871 cohaerentiam
3212 2828 3320 2889 per
3348 2811 3754 2873 membrorum

2126 2898 2568 2979 proportionem
2603 2897 3164 2961 etassimilationem
3183 2900 3761 2979 repraesentavimus:

2125 2986 2266 3049 hinc
2298 2987 2618 3067 etspiritus
2648 2988 2768 3048 oris
2793 2988 2978 3068 illius,
3002 2987 3109 3049 Dei
3149 2986 3636 3067 nempe,dicitur,
3671 2990 3766 3049 cui
3806 3055 3808 3058 ,

2122 3074 2475 3155 Unigenitus
2500 3094 2566 3137 os
2597 3075 2969 3155 est,Spiritus
3003 3084 3244 3137 sanctus
3266 3075 3506 3139 dicitur.
3534 3075 3608 3138 Et
3627 3077 3765 3157 Spi-

2123 3164 2271 3226 ritus
2300 3183 2506 3226 rursus
2535 3183 2605 3226 ex
2636 3164 2764 3245 ipso
2792 3167 3212 3245 procedens,el
3243 3164 3465 3226 missus
3499 3183 3613 3225 non
3632 3173 3764 3226 tan-

392 3254 446 3322 ἐξ
528 3257 685 3312 αὺτοῦ
758 3248 1174 3330 ἐκπορευόμενον
1257 3250 1345 3305 καὶ
1428 3249 1884 3328 ἆποστελλόμενον
1982 3256 2042 3312 ού

2128 3261 2250 3316 tum
2281 3271 2314 3314 a
2342 3255 2514 3315 Patre
2558 3253 2666 3315 sed
2707 3254 2883 3315 etiam
2914 3273 2947 3314 a
2976 3253 3148 3317 Filio.
3182 3280 3206 3312 ››
3235 3251 3306 3314 Et
3355 3259 3487 3333 post
3536 3272 3722 3333 pauca
3749 3275 3762 3318 :

393 3345 557 3420 μόνον
585 3342 727 3421 παρὰ
780 3347 873 3397 τοῦ
925 3341 1153 3418 Πατρὸς,
1198 3337 1335 3397 ἀλλὰ
1382 3341 1470 3397 καὶ
1518 3341 1658 3419 παρὰ
1685 3348 1777 3397 τοῦ
1832 3341 1976 3403 Υἱοῦ.
2009 3363 2033 3400 Ii

2130 3368 2152 3399 ο
2188 3342 2262 3404 Et
2290 3341 2677 3404 nihilominus
2707 3342 2991 3404 Dominus
3049 3361 3116 3404 ex
3174 3360 3238 3403 se
3296 3340 3427 3421 ipso
3479 3342 3768 3406 ersistere

394 3434 495 3493 Καὶ
539 3432 673 3509 μετὰ
702 3452 818 3487 τινα
852 3445 865 3460 ’
906 3446 931 3480 α
978 3430 1077 3486 Καὶ
1108 3429 1217 3505 μὴν
1259 3430 1288 3485 6
1318 3429 1502 3506 Κύριος
1532 3427 1583 3495 ἐξ
1632 3429 1789 3486 αὐτοῦ
1841 3428 2040 3495 δεικνὺς

392 3522 520 3580 αῦτό
561 3521 843 3600 ὑπάρχειν,
879 3517 1126 3598 ἐμφυσῶν
1174 3530 1292 3582 τοῖς
1337 3521 1604 3595 μαθηταῖς
1632 3516 1780 3599 ἔλεγε
1816 3534 1830 3550 ’
1872 3535 1902 3580 ς
1932 3518 2041 3576 Ad.

393 3609 513 3668 ϐετε
556 3617 760 3685 πνεῦμα
803 3607 977 3687 ἅγιον,
1015 3628 1037 3660 ι

478 3691 536 3758 Ὀ
591 3699 739 3776 ἅγιος
796 3695 1108 3762 Ἀθανάσιος
1179 3694 1233 3752 ἐν
1287 3702 1356 3773 τῇ
1408 3695 1688 3776 ὁμολογίᾳ,
1746 3703 1845 3766 τῆς
1890 3700 2043 3757 αὐτοῦ

391 3790 640 3867 πίστεως,
699 3787 859 3865 φησίν
894 3804 907 3818 ’
948 3808 972 3841 ιι
1007 3787 1079 3843 Τὸ
1107 3783 1258 3863 ἅγιον
1309 3792 1520 3862 Πνεῦμα
1575 3785 1635 3843 ἐκ
1688 3794 1781 3844 τοῦ
1836 3788 2041 3867 Πατρός

389 3879 481 3937 καὶ
534 3881 597 3934 ἐκ
648 3885 742 3935 τοῦ
796 3877 916 3932 Υἱοῦ
972 3873 1135 3948 ἐστιν,
1182 3878 1242 3933 οῦ
1295 3876 1542 3950 ποιητὸν,
1602 3876 1662 3932 οὔ
1703 3878 1936 3952 κτιστὸν,
1984 3877 2044 3934 οὗ

392 3968 670 4047 γεννητὸν,
704 3960 836 4047 ,ἀλλ’
882 3962 1321 4043 ἐκπορευόμενον,
1361 3987 1388 4018 ι

478 4048 535 4114 Ὀ
590 4042 738 4133 ἅγιος
794 4042 1100 4130 Ἐπιφάνιος
1158 4050 1213 4107 ἐν
1280 4060 1357 4126 τῷ
1398 4051 1545 4131 λόγῳ
1600 4059 1677 4127 τῷ
1730 4052 2042 4131 καλουμένῳ

395 4144 714 4225 Ἀγκυρωτῷ
764 4143 922 4223 φησίν
955 4156 969 4172 ⁸
1042 4163 1065 4194 ι
1098 4142 1170 4198 Τὸ
1218 4146 1430 4216 Πνεῦμα
1492 4141 1890 4224 ἀκατάληπτον,
1949 4146 2044 4201 οὐκ

394 4233 673 4306 ἀλλότριον
754 4241 849 4290 τοῦ
937 4232 1142 4309 Πατρὸς
1198 4232 1286 4287 καὶ
1353 4234 1496 4306 rio-3,
1569 4229 1685 4289 οὑδὲ
1752 4231 2041 4313 συναλοιφή

397 4324 508 4381 ἐστι
563 4321 765 4402 Πατρός
815 4320 904 4377 καὶ
987 4321 1130 4395 Υἱοῦ,
1169 4342 1194 4375 r
1282 4320 1411 4376 Μετ’
1496 4318 1648 4399 ὀλίγα
1680 4336 1694 4351 ⁸
1760 4340 1784 4373 c
1830 4327 2044 4397 Πνεῦμα

2123 3429 2433 3511 discipulis
2490 3429 2798 3493 insulﬂans
2852 3430 3040 3494 dixit:
3098 3455 3125 3487 α
3160 3430 3430 3510 Accipite
3478 3427 3763 3511 Spiritum

2126 3528 2393 3582 sanctum
2421 3519 2476 3583 5.
2504 3548 2526 3577 ι

2205 3701 2454 3761 Sanctus
2493 3698 2849 3759 Athanasins
2894 3695 2957 3758 in
3016 3696 3386 3777 professione
3416 3716 3567 3761 vera3
3598 3699 3762 3781 ﬁdei,

2125 3786 2269 3848 dicit
2302 3805 2315 3850 :
2359 3817 2380 3847 ι
2412 3784 2665 3867 Spiritus
2695 3795 2933 3847 sanctus
2962 3803 3035 3846 ex
3067 3787 3265 3861 Patre,
3298 3794 3356 3847 et
3376 3804 3445 3848 ex
3469 3786 3618 3849 Filio
3652 3790 3764 3870 est,

2126 3892 2244 3936 non
2276 3874 2486 3950 factus,
2520 3893 2641 3935 non
2671 3882 2924 3955 creatus,
2958 3893 3076 3937 non
3107 3874 3363 3955 genitus,
3398 3876 3502 3938 sed
3552 3895 3766 3957 proce-

2126 3963 2299 4028 dens.

2203 4051 2568 4135 Epiphanius
2597 4054 2890 4130 oratione,
2924 4054 3019 4118 cui
3044 4072 3263 4117 nomen
3293 4053 3541 4135 praeﬁxit
3568 4055 3768 4137 Ancy-

2122 4150 2273 4223 roto,
2306 4143 2494 4207 dicit:
2527 4174 2548 4200 ε
2578 4141 2833 4223 Spiritus
2888 4143 3316 4224 comprehendi
3381 4162 3498 4204 non
3554 4152 3762 4223 potest,

2125 4249 2243 4292 non
2260 4230 2491 4293 alienus
2513 4240 2602 4293 est
2633 4234 2818 4294 Patris
2842 4241 2898 4293 et
2913 4232 3071 4309 Filii,
3106 4249 3299 4312 neque
3325 4233 3648 4294 contractio
3680 4242 3770 4295 est

2124 4319 2313 4381 Patris
2337 4329 2394 4382 et
2423 4320 2579 4383 Filii.
2616 4345 2644 4376 π
2679 4318 2749 4381 Et
2778 4328 2909 4401 post
2935 4339 3123 4401 pauca
3150 4340 3164 4380 :
3199 4351 3220 4382 ε
3249 4320 3503 4400 Spiritus
3530 4329 3769 4383 sanctus

395 4411 544 4490 ἅγιον
601 4413 662 4468 οῦ
718 4407 1057 4488 συνάδελφον,
1100 4411 1160 4467 οῦ
1214 4406 1605 4487 πατράδελπον,
1662 4406 1780 4465 ἀλλ’
1846 4409 1907 4466 ἐκ
1945 4415 2044 4477 τῆς

2129 4426 2247 4469 non
2276 4408 2458 4471 frater
2489 4408 2710 4484 fratris,
2741 4427 2858 4473 non
2883 4410 3070 4471 Patris
3107 4407 3427 4489 frater,sed
3459 4426 3531 4471 ex
3559 4411 3767 4472 eadem

396 4501 558 4569 αὒτῆς
601 4499 778 4563 οὔσίας
835 4500 1037 4578 Πατρὸς
1106 4498 1195 4554 καὶ
1261 4500 1405 4556 Υἱοῦ.
1479 4499 1578 4556 Καὶ
1635 4497 1790 4579 αὐτος
1859 4499 1959 4577 γὰρ
2016 4501 2045 4555 6

396 4587 700 4668 Μονογενὴς
729 4585 897 4666 λέγει,
942 4587 1003 4643 τὸ
1047 4588 1258 4663 Πνεῦμά
1313 4592 1404 4644 τοῦ
1476 4586 1679 4667 Πατρὸς
1725 4587 1814 4643 καί
1868 4586 1928 4644 ἐκ
1954 4593 2047 4644 τοῦ

396 4677 601 4757 Πατρός
656 4676 1093 4753 ἐκπορευόμενον,
1175 4678 1264 4733 καὶ
1319 4676 1381 4733 ἐκ
1460 4683 1552 4732 τοῦ
1607 4675 1734 4751 ἐμοῦ
1787 4674 2040 4754 λήψεται,

396 4765 487 4823 ἴνα
544 4767 622 4842 μὴ
681 4764 956 4845 ἀλλότριον
1029 4766 1299 4841 νομισθείη
1349 4767 1576 4844 Πατρὸς,
1648 4763 1784 4841 μηδὲ
1832 4769 1975 4829 Υἱοῦ,
2014 4787 2037 4822 ι

401 4857 500 4913 Καὶ
547 4853 666 4931 μετ’
720 4854 873 4933 ὀλίγα
905 4870 918 4883 '
983 4873 1014 4914 (
1085 4853 1180 4911 Ἐκ
1226 4857 1319 4912 τοῦ
1387 4857 1589 4935 Πατρος
1634 4857 1722 4912 καὶ
1774 4856 1869 4912 τοῦ
1928 4856 2046 4911 Υἱοῦ

397 4944 570 5023 τρίτον
611 4949 682 5022 τῇ
730 4943 1006 5020 ὀνομασίᾳ,
1042 4966 1066 4998 ι
1114 4945 1212 5001 Καὶ
1255 4943 1391 5019 μετὰ
1419 4941 1593 5001 πολλὰ
1633 4943 1768 5001 πάνυ
1801 4959 1815 4973 ⁸
1861 4971 1882 5003 ι
1913 4943 2048 5019 Ἀμ-

400 5034 595 5113 φότερα
649 5048 895 5090 κατοικεῖ
950 5035 1006 5088 ἐν
1060 5036 1139 5107 τῷ
1179 5032 1437 5112 ἀνθρωπῳ
1459 5035 1535 5107 τῷ
1563 5031 1765 5107 δικαίῳ,
1827 5034 1854 5090 ὁ
1910 5040 2043 5112 Χρι-

400 5121 522 5186 στός
565 5123 654 5179 καὶ
724 5123 785 5177 τὸ
846 5122 1059 5198 Πνεῦμα
1114 5123 1292 5185 αὐτοῦ.
1366 5123 1426 5179 Εἰ
1476 5118 1530 5177 δὲ
1575 5123 1799 5200 Χριστός
1844 5122 1905 5179 ἐκ
1959 5136 2051 5186 τοῦ

398 5211 601 5292 Πατρός
658 5211 955 5269 πιστεύεται
1012 5212 1141 5274 Θεός
1200 5209 1260 5268 ἐκ
1303 5210 1456 5291 Θεοῦ,
1502 5212 1589 5268 καὶ
1640 5213 1702 5267 τὸ
1750 5218 1961 5286 Πνεῦμα
1987 5212 2051 5267 ἐκ

395 5306 491 5356 τοῦ
559 5304 806 5380 Χριστοῦ,
867 5298 904 5368 ἢ
953 5296 1079 5380 παρ’
1121 5298 1453 5380 ἀμφοτέρων,
1513 5302 1586 5362 ὡς
1616 5320 1776 5378 φησιν
1827 5301 1856 5356 6
1913 5306 2047 5378 Χρι-

399 5388 547 5469 στός,
605 5408 630 5445 ι
672 5378 729 5446 Ὀ
784 5378 928 5468 παρὰ
984 5378 1077 5446 τοῦ
1130 5378 1334 5468 Πατρός
1390 5387 1748 5468 ἐκπορεύεται,
1783 5389 1871 5445 καὶ
1898 5388 2048 5451 οὗτος

398 5476 461 5534 ἐκ
513 5484 606 5535 τοῦ
660 5477 790 5555 ἐμοῦ
828 5476 1082 5552 λήψεται.
1120 5496 1144 5531 ι
1182 5478 1280 5536 Καὶ
1312 5475 1431 5553 μετ’
1461 5476 1612 5556 ὀλίγα
1644 5496 1659 5512 ο
1703 5498 1725 5529 ι
1758 5473 1908 5534 Ἀλλ’
1939 5477 2051 5557 ἐρεῖ

509 5636 536 5679 ⁵
563 5636 736 5700 Joan.
762 5650 863 5716 xx,
911 5634 1010 5701 22.
1049 5633 1078 5680 ⁸
1129 5632 1280 5698 ibid.
1315 5652 1417 5715 xv,
1449 5633 1528 5700 26
1555 5656 1573 5716 ;
1597 5651 1721 5715 xvr,
1749 5634 1852 5713 l4,
1887 5635 1983 5700 15.

2129 4497 2383 4558 essentia
2412 4498 2604 4560 Patris
2641 4504 2700 4559 et
2727 4498 2882 4561 Filii.
2933 4497 3197 4577 Namque
3243 4497 3370 4577 ipse
3416 4497 3770 4575 Unigenitus

2126 4585 2303 4662 dicit;
2334 4584 2618 4666 Spiritum
2647 4587 2834 4650 Patris
2865 4586 2964 4668 qui
2994 4606 3065 4649 ex
3094 4585 3265 4649 Patre
3297 4586 3589 4668 procedit,
3612 4594 3672 4649 et
3701 4606 3771 4649 ex

2128 4692 2260 4736 meo
2289 4676 2544 4754 accipiet
2568 4676 2652 4757 6,»
2683 4696 2758 4739 ne
2780 4676 3008 4739 alienus
3033 4693 3066 4739 a
3091 4678 3263 4738 Patre
3293 4683 3352 4736 et
3380 4674 3532 4737 Filio
3565 4676 3772 4739 existi-

2130 4770 2411 4826 maretur.
2447 4791 2466 4822 ι
2503 4765 2575 4827 Ει
2603 4765 2807 4847 paucis
2837 4765 3164 4845 interjectis
3197 4783 3210 4827 :
3240 4764 3361 4827 «Ex
3390 4767 3562 4827 Patre
3592 4765 3773 4828 etFi-

2127 4850 2207 4914 lio
2238 4854 2447 4915 tertius
2475 4856 2891 4936 appellatione.
2927 4878 2947 4908 ι
2988 4854 3057 4916 Et
3089 4863 3217 4935 post
3236 4853 3493 4933 plurima
3521 4874 3768 4920 annexa:

2134 4942 2433 5023 «Utraque
2465 4943 2798 5007 inhabitant
2826 4945 2888 5006 in
2920 4943 3162 5006 homine
3185 4943 3371 5022 justo,
3415 4943 3683 5007 Christus
3713 4959 3773 5008 et

2129 5029 2384 5111 Spiritus
2412 5032 2598 5114 ipsius
2633 5052 2647 5097 :
2680 5035 2731 5095 si
2757 5053 2893 5096 vero
2925 5033 3191 5097 Christus
3221 5050 3291 5093 ex
3311 5035 3481 5095 Patre
3511 5034 3774 5097 creditur

2132 5118 2288 5182 Deus
2319 5140 2388 5182 ex
2417 5121 2562 5197 Deo,
2597 5130 2656 5186 et
2683 5123 2940 5205 Spiritus
2971 5141 3042 5184 ex
3072 5121 3328 5195 Christo,
3362 5130 3466 5182 aut
3495 5141 3563 5183 ex
3586 5124 3771 5186 utris-

2131 5226 2270 5290 que,
2300 5219 2362 5273 ut
2393 5211 2660 5274 Christus
2710 5214 2987 5285 insinuat,
3023 5210 3122 5293 qui
3154 5228 3224 5272 ex
3255 5207 3427 5271 Patre
3482 5213 3769 5290 procedit,

2132 5307 2189 5358 et
2210 5298 2307 5360 hic
2337 5298 2412 5362 de
2439 5319 2570 5363 meo
2594 5300 2863 5383 accipiet.
2902 5322 2924 5355 ι
2958 5300 3030 5362 Ει
3059 5306 3189 5380 post
3220 5316 3410 5380 pauca
3444 5321 3456 5363 :
3496 5324 3526 5361 α
3546 5303 3664 5365 Sed
3685 5303 3770 5365 di-

2132 5396 2229 5449 cet
2261 5390 2463 5451 nescio
2485 5391 2656 5471 quis:
2690 5391 2899 5471 algitur
2918 5388 3173 5453 dicimus
3204 5388 3353 5450 duos
3384 5407 3516 5452 esse
3534 5392 3776 5474 ﬁlios,et

2134 5479 2430 5557 quomodo
2458 5476 2851 5560 Unigenitus?
2878 5479 3060 5562 Atqui
3112 5485 3172 5538 tu
3204 5478 3336 5557 quis
3366 5495 3452 5558 es,
3508 5482 3608 5562 qui
3636 5502 3771 5545 cum
