  <div class='ocr_page' id='page_1' title='image "/cluster/home/n/w/nwhite01/storage/ocr_20150623/141/mdp.39015078384206/319.png"; bbox 0 0 4210 6292; ppageno 0'>
   <div class='ocr_carea' id='block_1_1' title="bbox 533 358 650 425">
    <p class='ocr_par' dir='ltr' id='par_1_1' title="bbox 533 358 650 425">
     <span class='ocr_line' id='line_1_1' title="bbox 533 358 650 425; baseline -0.017 0"><span class='ocrx_word' id='word_1_1' title='bbox 533 358 650 425; x_wconf 80' lang='lat'><strong>623</strong></span> 
     </span>
    </p>
   </div>
   <div class='ocr_carea' id='block_1_2' title="bbox 531 578 2177 662">
    <p class='ocr_par' dir='ltr' id='par_1_2' title="bbox 531 578 2177 662">
     <span class='ocr_line' id='line_1_2' title="bbox 531 578 2177 662; baseline -0.002 -18"><span class='ocrx_word' id='word_1_2' title='bbox 531 578 813 662; x_wconf 80' lang='lat' dir='ltr'><strong>Spiritum</strong></span> <span class='ocrx_word' id='word_1_3' title='bbox 831 592 1100 646; x_wconf 90' lang='lat' dir='ltr'><strong>sanctum</strong></span> <span class='ocrx_word' id='word_1_4' title='bbox 1127 601 1195 645; x_wconf 86' lang='lat' dir='ltr'><strong>ex</strong></span> <span class='ocrx_word' id='word_1_5' title='bbox 1223 581 1490 661; x_wconf 85' lang='lat' dir='ltr'><strong>utrisque</strong></span> <span class='ocrx_word' id='word_1_6' title='bbox 1507 599 1638 660; x_wconf 64' lang='lat' dir='ltr'><strong>quae</strong></span> <span class='ocrx_word' id='word_1_7' title='bbox 1662 578 2036 640; x_wconf 89' lang='lat' dir='ltr'><strong>solummodo</strong></span> <span class='ocrx_word' id='word_1_8' title='bbox 2060 578 2177 640; x_wconf 88' lang='lat' dir='ltr'><strong>ﬁde</strong></span> 
     </span>
    </p>
   </div>
   <div class='ocr_carea' id='block_1_3' title="bbox 529 668 2176 752">
    <p class='ocr_par' dir='ltr' id='par_1_3' title="bbox 529 668 2176 752">
     <span class='ocr_line' id='line_1_3' title="bbox 529 668 2176 752; baseline -0.001 -22"><span class='ocrx_word' id='word_1_9' title='bbox 529 686 564 730; x_wconf 89' lang='lat' dir='ltr'><strong>a</strong></span> <span class='ocrx_word' id='word_1_10' title='bbox 595 671 813 733; x_wconf 78' lang='lat' dir='ltr'><strong>sanctis</strong></span> <span class='ocrx_word' id='word_1_11' title='bbox 845 672 1277 752; x_wconf 90' lang='lat' dir='ltr'><strong>percipiuntur,</strong></span> <span class='ocrx_word' id='word_1_12' title='bbox 1311 669 1554 730; x_wconf 92' lang='lat' dir='ltr'><strong>luminis</strong></span> <span class='ocrx_word' id='word_1_13' title='bbox 1586 668 1714 748; x_wconf 91' lang='lat' dir='ltr'><strong>ipsa</strong></span> <span class='ocrx_word' id='word_1_14' title='bbox 1745 668 1942 749; x_wconf 87' lang='lat' dir='ltr'><strong>plena,</strong></span> <span class='ocrx_word' id='word_1_15' title='bbox 1977 668 2176 730; x_wconf 87' lang='lat' dir='ltr'><strong>lumen</strong></span> 
     </span>
    </p>
   </div>
   <div class='ocr_carea' id='block_1_4' title="bbox 528 756 2176 841">
    <p class='ocr_par' dir='ltr' id='par_1_4' title="bbox 528 756 2176 841">
     <span class='ocr_line' id='line_1_4' title="bbox 528 756 2176 841; baseline -0.002 -23"><span class='ocrx_word' id='word_1_16' title='bbox 528 758 662 821; x_wconf 88' lang='lat' dir='ltr'><strong>aliis</strong></span> <span class='ocrx_word' id='word_1_17' title='bbox 689 759 1132 841; x_wconf 87' lang='lat' dir='ltr'><strong>impertientia;</strong></span> <span class='ocrx_word' id='word_1_18' title='bbox 1183 757 1554 840; x_wconf 88' lang='lat' dir='ltr'><strong>splendidam</strong></span> <span class='ocrx_word' id='word_1_19' title='bbox 1605 756 1828 819; x_wconf 80' lang='lat' dir='ltr'><strong>habent</strong></span> <span class='ocrx_word' id='word_1_20' title='bbox 1873 757 2176 837; x_wconf 87' lang='lat' dir='ltr'><strong>operatio-</strong></span> 
     </span>
    </p>
   </div>
   <div class='ocr_carea' id='block_1_5' title="bbox 528 844 2178 929">
    <p class='ocr_par' dir='ltr' id='par_1_5' title="bbox 528 844 2178 929">
     <span class='ocr_line' id='line_1_5' title="bbox 528 844 2178 929; baseline -0.001 -21"><span class='ocrx_word' id='word_1_21' title='bbox 528 866 727 912; x_wconf 65' lang='lat' dir='ltr'><strong>nem.)</strong></span> <span class='ocrx_word' id='word_1_22' title='bbox 761 849 832 911; x_wconf 92' lang='lat' dir='ltr'><strong>Et</strong></span> <span class='ocrx_word' id='word_1_23' title='bbox 866 849 1068 929; x_wconf 80' lang='lat' dir='ltr'><strong>paucis</strong></span> <span class='ocrx_word' id='word_1_24' title='bbox 1098 847 1345 911; x_wconf 89' lang='lat' dir='ltr'><strong>annexis</strong></span> <span class='ocrx_word' id='word_1_25' title='bbox 1380 869 1392 905; x_wconf 92' lang='lat'><strong>:</strong></span> <span class='ocrx_word' id='word_1_26' title='bbox 1434 867 1462 905; x_wconf 69' lang='grc' dir='ltr'><strong>α</strong></span> <span class='ocrx_word' id='word_1_27' title='bbox 1485 845 1737 926; x_wconf 75' lang='lat' dir='ltr'><strong>Spiritus</strong></span> <span class='ocrx_word' id='word_1_28' title='bbox 1767 844 2178 925; x_wconf 87' lang='lat' dir='ltr'><strong>sanctus,Spi-</strong></span> 
     </span>
    </p>
   </div>
   <div class='ocr_carea' id='block_1_6' title="bbox 525 934 2171 1014">
    <p class='ocr_par' dir='ltr' id='par_1_6' title="bbox 525 934 2171 1014">
     <span class='ocr_line' id='line_1_6' title="bbox 525 934 2171 1014; baseline -0.004 -18"><span class='ocrx_word' id='word_1_29' title='bbox 525 936 677 998; x_wconf 92' lang='lat' dir='ltr'><strong>ritus</strong></span> <span class='ocrx_word' id='word_1_30' title='bbox 709 937 970 1000; x_wconf 79' lang='lat' dir='ltr'><strong>veritatis</strong></span> <span class='ocrx_word' id='word_1_31' title='bbox 994 948 1110 1014; x_wconf 85' lang='lat' dir='ltr'><strong>est,</strong></span> <span class='ocrx_word' id='word_1_32' title='bbox 1146 938 1348 998; x_wconf 89' lang='lat' dir='ltr'><strong>lumen</strong></span> <span class='ocrx_word' id='word_1_33' title='bbox 1369 934 1610 998; x_wconf 90' lang='lat' dir='ltr'><strong>tertium</strong></span> <span class='ocrx_word' id='word_1_34' title='bbox 1635 954 1668 995; x_wconf 90' lang='lat' dir='ltr'><strong>a</strong></span> <span class='ocrx_word' id='word_1_35' title='bbox 1692 937 1862 998; x_wconf 87' lang='lat' dir='ltr'><strong>Patre</strong></span> <span class='ocrx_word' id='word_1_36' title='bbox 1882 943 1938 996; x_wconf 90' lang='lat' dir='ltr'><strong>et</strong></span> <span class='ocrx_word' id='word_1_37' title='bbox 1960 934 2171 996; x_wconf 76' lang='lat' dir='ltr'><strong>Filio.»</strong></span> 
     </span>
    </p>
   </div>
   <div class='ocr_carea' id='block_1_7' title="bbox 523 1023 2180 1106">
    <p class='ocr_par' dir='ltr' id='par_1_7' title="bbox 523 1023 2180 1106">
     <span class='ocr_line' id='line_1_7' title="bbox 523 1023 2180 1106; baseline -0.001 -21"><span class='ocrx_word' id='word_1_38' title='bbox 523 1023 668 1086; x_wconf 91' lang='lat' dir='ltr'><strong>Item</strong></span> <span class='ocrx_word' id='word_1_39' title='bbox 702 1032 835 1106; x_wconf 86' lang='lat' dir='ltr'><strong>post</strong></span> <span class='ocrx_word' id='word_1_40' title='bbox 866 1026 1047 1088; x_wconf 92' lang='lat' dir='ltr'><strong>multa</strong></span> <span class='ocrx_word' id='word_1_41' title='bbox 1084 1044 1096 1088; x_wconf 94' lang='lat'>:</span> <span class='ocrx_word' id='word_1_42' title='bbox 1134 1051 1160 1082; x_wconf 75' lang='grc' dir='ltr'><strong>α</strong></span> <span class='ocrx_word' id='word_1_43' title='bbox 1187 1025 1315 1098; x_wconf 88' lang='lat' dir='ltr'><strong>Quo</strong></span> <span class='ocrx_word' id='word_1_44' title='bbox 1347 1023 1506 1086; x_wconf 92' lang='lat' dir='ltr'><strong>enim</strong></span> <span class='ocrx_word' id='word_1_45' title='bbox 1537 1024 1714 1085; x_wconf 89' lang='lat' dir='ltr'><strong>modo</strong></span> <span class='ocrx_word' id='word_1_46' title='bbox 1751 1049 1777 1079; x_wconf 78' lang='grc' dir='ltr'><strong>α</strong></span> <span class='ocrx_word' id='word_1_47' title='bbox 1815 1042 1988 1085; x_wconf 87' lang='lat' dir='ltr'><strong>nemo</strong></span> <span class='ocrx_word' id='word_1_48' title='bbox 2019 1023 2180 1086; x_wconf 83' lang='lat' dir='ltr'><strong>novit</strong></span> 
     </span>
    </p>
   </div>
   <div class='ocr_carea' id='block_1_8' title="bbox 525 1112 2169 1195">
    <p class='ocr_par' dir='ltr' id='par_1_8' title="bbox 525 1112 2169 1195">
     <span class='ocr_line' id='line_1_8' title="bbox 525 1112 2169 1195; baseline -0.005 -19"><span class='ocrx_word' id='word_1_49' title='bbox 525 1116 758 1176; x_wconf 88' lang='lat' dir='ltr'><strong>Patrem</strong></span> <span class='ocrx_word' id='word_1_50' title='bbox 805 1114 920 1177; x_wconf 89' lang='lat' dir='ltr'><strong>nisi</strong></span> <span class='ocrx_word' id='word_1_51' title='bbox 978 1115 1186 1195; x_wconf 88' lang='lat' dir='ltr'><strong>Filius,</strong></span> <span class='ocrx_word' id='word_1_52' title='bbox 1237 1133 1432 1194; x_wconf 92' lang='lat' dir='ltr'><strong>neque</strong></span> <span class='ocrx_word' id='word_1_53' title='bbox 1461 1112 1675 1175; x_wconf 89' lang='lat' dir='ltr'><strong>Filium</strong></span> <span class='ocrx_word' id='word_1_54' title='bbox 1709 1113 1823 1173; x_wconf 89' lang='lat' dir='ltr'><strong>nisi</strong></span> <span class='ocrx_word' id='word_1_55' title='bbox 1859 1115 2034 1175; x_wconf 91' lang='lat' dir='ltr'><strong>Pater</strong></span> <span class='ocrx_word' id='word_1_56' title='bbox 2055 1114 2106 1188; x_wconf 89' lang='lat'><strong>7,</strong></span> <span class='ocrx_word' id='word_1_57' title='bbox 2143 1137 2169 1167; x_wconf 72' lang='grc' dir='ltr'><strong>ι)</strong></span> 
     </span>
    </p>
   </div>
   <div class='ocr_carea' id='block_1_9' title="bbox 525 1201 2179 1284">
    <p class='ocr_par' dir='ltr' id='par_1_9' title="bbox 525 1201 2179 1284">
     <span class='ocr_line' id='line_1_9' title="bbox 525 1201 2179 1284; baseline -0.001 -20"><span class='ocrx_word' id='word_1_58' title='bbox 525 1203 763 1284; x_wconf 90' lang='lat' dir='ltr'><strong>eodem,</strong></span> <span class='ocrx_word' id='word_1_59' title='bbox 797 1204 987 1265; x_wconf 89' lang='lat' dir='ltr'><strong>audeo</strong></span> <span class='ocrx_word' id='word_1_60' title='bbox 1039 1203 1266 1278; x_wconf 90' lang='lat' dir='ltr'><strong>dicere,</strong></span> <span class='ocrx_word' id='word_1_61' title='bbox 1301 1221 1499 1281; x_wconf 86' lang='lat' dir='ltr'><strong>neque</strong></span> <span class='ocrx_word' id='word_1_62' title='bbox 1533 1202 1818 1282; x_wconf 89' lang='lat' dir='ltr'><strong>Spiritum</strong></span> <span class='ocrx_word' id='word_1_63' title='bbox 1856 1201 1971 1262; x_wconf 91' lang='lat' dir='ltr'><strong>nisi</strong></span> <span class='ocrx_word' id='word_1_64' title='bbox 2002 1205 2179 1264; x_wconf 87' lang='lat' dir='ltr'><strong>Pater</strong></span> 
     </span>
    </p>
   </div>
   <div class='ocr_carea' id='block_1_10' title="bbox 522 1291 2176 1374">
    <p class='ocr_par' dir='ltr' id='par_1_10' title="bbox 522 1291 2176 1374">
     <span class='ocr_line' id='line_1_10' title="bbox 522 1291 2176 1374; baseline -0.001 -22"><span class='ocrx_word' id='word_1_65' title='bbox 522 1300 580 1352; x_wconf 90' lang='lat' dir='ltr'><strong>et</strong></span> <span class='ocrx_word' id='word_1_66' title='bbox 608 1291 814 1368; x_wconf 92' lang='lat' dir='ltr'><strong>Filius,</strong></span> <span class='ocrx_word' id='word_1_67' title='bbox 850 1312 921 1355; x_wconf 86' lang='lat' dir='ltr'><strong>ex</strong></span> <span class='ocrx_word' id='word_1_68' title='bbox 951 1313 1067 1374; x_wconf 90' lang='lat' dir='ltr'><strong>quo</strong></span> <span class='ocrx_word' id='word_1_69' title='bbox 1100 1291 1457 1374; x_wconf 88' lang='lat' dir='ltr'><strong>procedit,et</strong></span> <span class='ocrx_word' id='word_1_70' title='bbox 1489 1310 1557 1352; x_wconf 85' lang='lat' dir='ltr'><strong>ex</strong></span> <span class='ocrx_word' id='word_1_71' title='bbox 1591 1310 1705 1370; x_wconf 90' lang='lat' dir='ltr'><strong>quo</strong></span> <span class='ocrx_word' id='word_1_72' title='bbox 1735 1291 2176 1372; x_wconf 84' lang='lat' dir='ltr'><strong>accipit,neque</strong></span> 
     </span>
    </p>
   </div>
   <div class='ocr_carea' id='block_1_11' title="bbox 521 1379 2175 1461">
    <p class='ocr_par' dir='ltr' id='par_1_11' title="bbox 521 1379 2175 1461">
     <span class='ocr_line' id='line_1_11' title="bbox 521 1379 2175 1461; baseline -0.001 -18"><span class='ocrx_word' id='word_1_73' title='bbox 521 1381 735 1444; x_wconf 92' lang='lat' dir='ltr'><strong>Filium</strong></span> <span class='ocrx_word' id='word_1_74' title='bbox 763 1389 820 1443; x_wconf 91' lang='lat' dir='ltr'><strong>et</strong></span> <span class='ocrx_word' id='word_1_75' title='bbox 849 1381 1082 1444; x_wconf 88' lang='lat' dir='ltr'><strong>Patrem</strong></span> <span class='ocrx_word' id='word_1_76' title='bbox 1144 1382 1262 1442; x_wconf 90' lang='lat' dir='ltr'><strong>nisi</strong></span> <span class='ocrx_word' id='word_1_77' title='bbox 1321 1379 1579 1461; x_wconf 89' lang='lat' dir='ltr'><strong>Spiritus</strong></span> <span class='ocrx_word' id='word_1_78' title='bbox 1609 1389 1871 1461; x_wconf 88' lang='lat' dir='ltr'><strong>sanctus,</strong></span> <span class='ocrx_word' id='word_1_79' title='bbox 1906 1379 2006 1460; x_wconf 90' lang='lat' dir='ltr'><strong>qui</strong></span> <span class='ocrx_word' id='word_1_80' title='bbox 2035 1398 2175 1441; x_wconf 84' lang='lat' dir='ltr'><strong>vere</strong></span> 
     </span>
    </p>
   </div>
   <div class='ocr_carea' id='block_1_12' title="bbox 527 1469 2167 1552">
    <p class='ocr_par' dir='ltr' id='par_1_12' title="bbox 527 1469 2167 1552">
     <span class='ocr_line' id='line_1_12' title="bbox 527 1469 2167 1552; baseline -0.001 -22"><span class='ocrx_word' id='word_1_81' title='bbox 527 1470 946 1552; x_wconf 78' lang='lat' dir='ltr'><strong>gloriﬁcat,qui</strong></span> <span class='ocrx_word' id='word_1_82' title='bbox 967 1471 1168 1534; x_wconf 81' lang='lat' dir='ltr'><strong>omnia</strong></span> <span class='ocrx_word' id='word_1_83' title='bbox 1202 1469 1542 1550; x_wconf 91' lang='lat' dir='ltr'><strong>edocet,qui</strong></span> <span class='ocrx_word' id='word_1_84' title='bbox 1581 1488 1649 1530; x_wconf 85' lang='lat' dir='ltr'><strong>ex</strong></span> <span class='ocrx_word' id='word_1_85' title='bbox 1682 1472 1852 1532; x_wconf 88' lang='lat' dir='ltr'><strong>Patre</strong></span> <span class='ocrx_word' id='word_1_86' title='bbox 1881 1479 1936 1530; x_wconf 92' lang='lat' dir='ltr'><strong>et</strong></span> <span class='ocrx_word' id='word_1_87' title='bbox 1959 1469 2167 1532; x_wconf 74' lang='lat' dir='ltr'><strong>Filio.»</strong></span> 
     </span>
    </p>
   </div>
   <div class='ocr_carea' id='block_1_13' title="bbox 523 1557 2175 1639">
    <p class='ocr_par' dir='ltr' id='par_1_13' title="bbox 523 1557 2175 1639">
     <span class='ocr_line' id='line_1_13' title="bbox 523 1557 2175 1639; baseline -0.001 -20"><span class='ocrx_word' id='word_1_88' title='bbox 523 1557 594 1619; x_wconf 84' lang='lat' dir='ltr'><strong>Et</strong></span> <span class='ocrx_word' id='word_1_89' title='bbox 622 1567 754 1639; x_wconf 90' lang='lat' dir='ltr'><strong>post</strong></span> <span class='ocrx_word' id='word_1_90' title='bbox 780 1560 1102 1621; x_wconf 89' lang='lat' dir='ltr'><strong>nonnulla:</strong></span> <span class='ocrx_word' id='word_1_91' title='bbox 1150 1558 1360 1638; x_wconf 73' lang='lat' dir='ltr'><strong>IIgitur</strong></span> <span class='ocrx_word' id='word_1_92' title='bbox 1389 1560 1568 1620; x_wconf 88' lang='lat' dir='ltr'><strong>Pater</strong></span> <span class='ocrx_word' id='word_1_93' title='bbox 1590 1567 1713 1620; x_wconf 89' lang='lat' dir='ltr'><strong>erat</strong></span> <span class='ocrx_word' id='word_1_94' title='bbox 1735 1566 2062 1638; x_wconf 89' lang='lat' dir='ltr'><strong>semper,et</strong></span> <span class='ocrx_word' id='word_1_95' title='bbox 2082 1557 2175 1619; x_wconf 88' lang='lat' dir='ltr'><strong>Fi-</strong></span> 
     </span>
    </p>
   </div>
   <div class='ocr_carea' id='block_1_14' title="bbox 523 1644 2171 1730">
    <p class='ocr_par' dir='ltr' id='par_1_14' title="bbox 523 1644 2171 1730">
     <span class='ocr_line' id='line_1_14' title="bbox 523 1644 2171 1730; baseline -0.002 -21"><span class='ocrx_word' id='word_1_96' title='bbox 523 1647 637 1709; x_wconf 92' lang='lat' dir='ltr'><strong>lius</strong></span> <span class='ocrx_word' id='word_1_97' title='bbox 693 1655 816 1710; x_wconf 86' lang='lat' dir='ltr'><strong>erat</strong></span> <span class='ocrx_word' id='word_1_98' title='bbox 865 1667 1124 1730; x_wconf 89' lang='lat' dir='ltr'><strong>semper,</strong></span> <span class='ocrx_word' id='word_1_99' title='bbox 1180 1657 1238 1710; x_wconf 89' lang='lat' dir='ltr'><strong>et</strong></span> <span class='ocrx_word' id='word_1_100' title='bbox 1294 1646 1548 1728; x_wconf 90' lang='lat' dir='ltr'><strong>Spiritus</strong></span> <span class='ocrx_word' id='word_1_101' title='bbox 1602 1665 1671 1708; x_wconf 88' lang='lat' dir='ltr'><strong>ex</strong></span> <span class='ocrx_word' id='word_1_102' title='bbox 1732 1646 1899 1707; x_wconf 90' lang='lat' dir='ltr'><strong>Patre</strong></span> <span class='ocrx_word' id='word_1_103' title='bbox 1931 1653 1992 1707; x_wconf 90' lang='lat' dir='ltr'><strong>et</strong></span> <span class='ocrx_word' id='word_1_104' title='bbox 2020 1644 2171 1707; x_wconf 85' lang='lat' dir='ltr'><strong>Filio</strong></span> 
     </span>
    </p>
   </div>
   <div class='ocr_carea' id='block_1_15' title="bbox 526 1739 794 1820">
    <p class='ocr_par' dir='ltr' id='par_1_15' title="bbox 526 1739 794 1820">
     <span class='ocr_line' id='line_1_15' title="bbox 526 1739 794 1820; baseline 0.004 -20"><span class='ocrx_word' id='word_1_105' title='bbox 526 1739 732 1820; x_wconf 87' lang='lat' dir='ltr'><strong>spirat.</strong></span> <span class='ocrx_word' id='word_1_106' title='bbox 772 1769 794 1801; x_wconf 78' lang='grc' dir='ltr'><strong>ι</strong></span> 
     </span>
    </p>
   </div>
   <div class='ocr_carea' id='block_1_16' title="bbox 601 2005 1466 2086">
    <p class='ocr_par' dir='ltr' id='par_1_16' title="bbox 601 2005 1466 2086">
     <span class='ocr_line' id='line_1_16' title="bbox 601 2005 1466 2086; baseline -0.003 -18"><span class='ocrx_word' id='word_1_107' title='bbox 601 2006 716 2069; x_wconf 85' lang='grc' dir='ltr'>Ρει·</span> <span class='ocrx_word' id='word_1_108' title='bbox 744 2007 960 2070; x_wconf 91' lang='lat' dir='ltr'><strong>Filium</strong></span> <span class='ocrx_word' id='word_1_109' title='bbox 995 2024 1129 2068; x_wconf 89' lang='lat' dir='ltr'><strong>esse</strong></span> <span class='ocrx_word' id='word_1_110' title='bbox 1158 2005 1466 2086; x_wconf 88' lang='lat' dir='ltr'><strong>Spiritum.</strong></span> 
     </span>
    </p>
   </div>
   <div class='ocr_carea' id='block_1_17' title="bbox 597 2091 2159 2176">
    <p class='ocr_par' dir='ltr' id='par_1_17' title="bbox 597 2091 2159 2176">
     <span class='ocr_line' id='line_1_17' title="bbox 597 2091 2159 2176; baseline -0.003 -18"><span class='ocrx_word' id='word_1_111' title='bbox 597 2097 843 2176; x_wconf 82' lang='lat' dir='ltr'><strong>Magnus</strong></span> <span class='ocrx_word' id='word_1_112' title='bbox 878 2097 1236 2158; x_wconf 89' lang='lat' dir='ltr'><strong>Athanasius</strong></span> <span class='ocrx_word' id='word_1_113' title='bbox 1266 2094 1555 2167; x_wconf 90' lang='lat' dir='ltr'><strong>oratione,</strong></span> <span class='ocrx_word' id='word_1_114' title='bbox 1609 2111 1739 2173; x_wconf 59' lang='lat' dir='ltr'><strong>qua;</strong></span> <span class='ocrx_word' id='word_1_115' title='bbox 1792 2091 2159 2167; x_wconf 89' lang='lat' dir='ltr'><strong>inscribitur,</strong></span> 
     </span>
    </p>
   </div>
   <div class='ocr_carea' id='block_1_18' title="bbox 517 2179 2164 2264">
    <p class='ocr_par' dir='ltr' id='par_1_18' title="bbox 517 2179 2164 2264">
     <span class='ocr_line' id='line_1_18' title="bbox 517 2179 2164 2264; baseline -0.003 -17"><span class='ocrx_word' id='word_1_116' title='bbox 517 2184 810 2247; x_wconf 80' lang='lat' dir='ltr'><strong>Refutatio</strong></span> <span class='ocrx_word' id='word_1_117' title='bbox 843 2193 1048 2247; x_wconf 88' lang='lat' dir='ltr'><strong>contra</strong></span> <span class='ocrx_word' id='word_1_118' title='bbox 1079 2183 1444 2264; x_wconf 75' lang='lat' dir='ltr'><strong>hypocrisim</strong></span> <span class='ocrx_word' id='word_1_119' title='bbox 1477 2180 1692 2242; x_wconf 88' lang='lat' dir='ltr'><strong>Meletii</strong></span> <span class='ocrx_word' id='word_1_120' title='bbox 1723 2189 1780 2240; x_wconf 88' lang='lat' dir='ltr'><strong>et</strong></span> <span class='ocrx_word' id='word_1_121' title='bbox 1808 2179 2070 2253; x_wconf 88' lang='lat' dir='ltr'><strong>Eusebii,</strong></span> <span class='ocrx_word' id='word_1_122' title='bbox 2106 2189 2164 2242; x_wconf 87' lang='lat' dir='ltr'><strong>et</strong></span> 
     </span>
    </p>
   </div>
   <div class='ocr_carea' id='block_1_19' title="bbox 513 2269 2155 2354">
    <p class='ocr_par' dir='ltr' id='par_1_19' title="bbox 513 2269 2155 2354">
     <span class='ocr_line' id='line_1_19' title="bbox 513 2269 2155 2354; baseline -0.002 -20"><span class='ocrx_word' id='word_1_123' title='bbox 513 2272 763 2354; x_wconf 90' lang='lat' dir='ltr'><strong>incipit:</strong></span> <span class='ocrx_word' id='word_1_124' title='bbox 806 2305 827 2334; x_wconf 75' lang='grc' dir='ltr'><strong><em>α</em></strong></span> <span class='ocrx_word' id='word_1_125' title='bbox 859 2273 1047 2334; x_wconf 89' lang='lat' dir='ltr'><strong>Homo</strong></span> <span class='ocrx_word' id='word_1_126' title='bbox 1069 2274 1142 2334; x_wconf 90' lang='lat' dir='ltr'><strong>ad</strong></span> <span class='ocrx_word' id='word_1_127' title='bbox 1174 2270 1626 2333; x_wconf 89' lang='lat' dir='ltr'><strong>similitudinem</strong></span> <span class='ocrx_word' id='word_1_128' title='bbox 1658 2269 1766 2330; x_wconf 90' lang='lat' dir='ltr'><strong>Dei</strong></span> <span class='ocrx_word' id='word_1_129' title='bbox 1795 2269 1979 2330; x_wconf 86' lang='lat' dir='ltr'><strong>factus</strong></span> <span class='ocrx_word' id='word_1_130' title='bbox 2011 2277 2155 2331; x_wconf 77' lang='lat' dir='ltr'><strong>est.-</strong></span> 
     </span>
    </p>
   </div>
   <div class='ocr_carea' id='block_1_20' title="bbox 513 2356 2159 2444">
    <p class='ocr_par' dir='ltr' id='par_1_20' title="bbox 513 2356 2159 2444">
     <span class='ocr_line' id='line_1_20' title="bbox 513 2356 2159 2444; baseline -0.004 -20"><span class='ocrx_word' id='word_1_131' title='bbox 513 2363 759 2424; x_wconf 88' lang='lat' dir='ltr'><strong>scribit:</strong></span> <span class='ocrx_word' id='word_1_132' title='bbox 792 2361 1168 2444; x_wconf 88' lang='lat' dir='ltr'><strong>Impossibile</strong></span> <span class='ocrx_word' id='word_1_133' title='bbox 1224 2361 1285 2421; x_wconf 92' lang='lat' dir='ltr'><strong>in</strong></span> <span class='ocrx_word' id='word_1_134' title='bbox 1315 2358 1620 2421; x_wconf 88' lang='lat' dir='ltr'><strong>Trinitatis</strong></span> <span class='ocrx_word' id='word_1_135' title='bbox 1660 2358 1846 2438; x_wconf 84' lang='lat' dir='ltr'><strong>gloria</strong></span> <span class='ocrx_word' id='word_1_136' title='bbox 1875 2356 2159 2438; x_wconf 90' lang='lat' dir='ltr'><strong>Spiritum</strong></span> 
     </span>
    </p>
   </div>
   <div class='ocr_carea' id='block_1_21' title="bbox 514 2447 2159 2529">
    <p class='ocr_par' dir='ltr' id='par_1_21' title="bbox 514 2447 2159 2529">
     <span class='ocr_line' id='line_1_21' title="bbox 514 2447 2159 2529; baseline -0.001 -18"><span class='ocrx_word' id='word_1_137' title='bbox 514 2451 974 2529; x_wconf 80' lang='lat' dir='ltr'><strong>congloriﬁcari,</strong></span> <span class='ocrx_word' id='word_1_138' title='bbox 1000 2450 1114 2512; x_wconf 91' lang='lat' dir='ltr'><strong>nisi</strong></span> <span class='ocrx_word' id='word_1_139' title='bbox 1138 2469 1205 2512; x_wconf 87' lang='lat' dir='ltr'><strong>ex</strong></span> <span class='ocrx_word' id='word_1_140' title='bbox 1235 2449 1354 2512; x_wconf 92' lang='lat' dir='ltr'><strong>Dco</strong></span> <span class='ocrx_word' id='word_1_141' title='bbox 1388 2467 1491 2528; x_wconf 91' lang='lat' dir='ltr'><strong>per</strong></span> <span class='ocrx_word' id='word_1_142' title='bbox 1522 2447 1737 2508; x_wconf 84' lang='lat' dir='ltr'><strong>Filium</strong></span> <span class='ocrx_word' id='word_1_143' title='bbox 1770 2447 2159 2528; x_wconf 78' lang='lat' dir='ltr'><strong>progredien-</strong></span> 
     </span>
    </p>
   </div>
   <div class='ocr_carea' id='block_1_22' title="bbox 515 2536 2159 2616">
    <p class='ocr_par' dir='ltr' id='par_1_22' title="bbox 515 2536 2159 2616">
     <span class='ocr_line' id='line_1_22' title="bbox 515 2536 2159 2616; baseline -0.002 -15"><span class='ocrx_word' id='word_1_144' title='bbox 515 2539 573 2601; x_wconf 92' lang='lat' dir='ltr'><strong>di</strong></span> <span class='ocrx_word' id='word_1_145' title='bbox 609 2541 809 2616; x_wconf 91' lang='lat' dir='ltr'><strong>modo,</strong></span> <span class='ocrx_word' id='word_1_146' title='bbox 843 2559 961 2602; x_wconf 93' lang='lat' dir='ltr'><strong>non</strong></span> <span class='ocrx_word' id='word_1_147' title='bbox 992 2549 1190 2601; x_wconf 90' lang='lat' dir='ltr'><strong>autem</strong></span> <span class='ocrx_word' id='word_1_148' title='bbox 1222 2537 1406 2600; x_wconf 90' lang='lat' dir='ltr'><strong>ﬁendi</strong></span> <span class='ocrx_word' id='word_1_149' title='bbox 1437 2536 1690 2613; x_wconf 89' lang='lat' dir='ltr'><strong>ratione,</strong></span> <span class='ocrx_word' id='word_1_150' title='bbox 1745 2545 2015 2597; x_wconf 86' lang='lat' dir='ltr'><strong>naturam</strong></span> <span class='ocrx_word' id='word_1_151' title='bbox 2048 2537 2159 2598; x_wconf 89' lang='lat' dir='ltr'><strong>ha-</strong></span> 
     </span>
    </p>
   </div>
   <div class='ocr_carea' id='block_1_23' title="bbox 515 2628 1190 2710">
    <p class='ocr_par' dir='ltr' id='par_1_23' title="bbox 515 2628 1190 2710">
     <span class='ocr_line' id='line_1_23' title="bbox 515 2628 1190 2710; baseline -0.009 -20"><span class='ocrx_word' id='word_1_152' title='bbox 515 2628 673 2710; x_wconf 91' lang='lat' dir='ltr'><strong>beat,</strong></span> <span class='ocrx_word' id='word_1_153' title='bbox 705 2638 769 2690; x_wconf 90' lang='lat' dir='ltr'><strong>ut</strong></span> <span class='ocrx_word' id='word_1_154' title='bbox 797 2629 910 2710; x_wconf 89' lang='lat' dir='ltr'><strong>ipsi</strong></span> <span class='ocrx_word' id='word_1_155' title='bbox 937 2629 1124 2691; x_wconf 91' lang='lat' dir='ltr'><strong>aiunt.</strong></span> <span class='ocrx_word' id='word_1_156' title='bbox 1163 2653 1190 2684; x_wconf 83' lang='grc'>»</span> 
     </span>
    </p>
   </div>
   <div class='ocr_carea' id='block_1_24' title="bbox 594 2715 2160 2800">
    <p class='ocr_par' dir='ltr' id='par_1_24' title="bbox 594 2715 2160 2800">
     <span class='ocr_line' id='line_1_24' title="bbox 594 2715 2160 2800; baseline -0.002 -20"><span class='ocrx_word' id='word_1_157' title='bbox 594 2717 660 2780; x_wconf 93' lang='lat' dir='ltr'><strong>ln</strong></span> <span class='ocrx_word' id='word_1_158' title='bbox 692 2718 1090 2800; x_wconf 89' lang='lat' dir='ltr'><strong>disputatione</strong></span> <span class='ocrx_word' id='word_1_159' title='bbox 1119 2715 1451 2779; x_wconf 85' lang='lat' dir='ltr'><strong>Orthodoxi</strong></span> <span class='ocrx_word' id='word_1_160' title='bbox 1481 2722 1540 2776; x_wconf 90' lang='lat' dir='ltr'><strong>et</strong></span> <span class='ocrx_word' id='word_1_161' title='bbox 1589 2715 2004 2778; x_wconf 85' lang='lat' dir='ltr'><strong>Macedoniani</strong></span> <span class='ocrx_word' id='word_1_162' title='bbox 2035 2716 2160 2777; x_wconf 68' lang='lat' dir='ltr'><strong>haec</strong></span> 
     </span>
    </p>
   </div>
   <div class='ocr_carea' id='block_1_25' title="bbox 519 2803 2159 2886">
    <p class='ocr_par' dir='ltr' id='par_1_25' title="bbox 519 2803 2159 2886">
     <span class='ocr_line' id='line_1_25' title="bbox 519 2803 2159 2886; baseline -0.001 -18"><span class='ocrx_word' id='word_1_163' title='bbox 519 2805 719 2869; x_wconf 85' lang='lat' dir='ltr'><strong>habet.</strong></span> <span class='ocrx_word' id='word_1_164' title='bbox 757 2834 777 2864; x_wconf 76' lang='grc'><strong>1</strong></span> <span class='ocrx_word' id='word_1_165' title='bbox 816 2809 1019 2886; x_wconf 86' lang='lat' dir='ltr'><strong>Itaque</strong></span> <span class='ocrx_word' id='word_1_166' title='bbox 1054 2805 1104 2866; x_wconf 95' lang='lat' dir='ltr'><strong>si</strong></span> <span class='ocrx_word' id='word_1_167' title='bbox 1133 2813 1432 2867; x_wconf 92' lang='lat' dir='ltr'><strong>ostensum</strong></span> <span class='ocrx_word' id='word_1_168' title='bbox 1489 2803 1667 2865; x_wconf 74' lang='lat' dir='ltr'><strong>fuerit</strong></span> <span class='ocrx_word' id='word_1_169' title='bbox 1711 2803 1978 2882; x_wconf 88' lang='lat' dir='ltr'><strong>ejusdem</strong></span> <span class='ocrx_word' id='word_1_170' title='bbox 2028 2822 2159 2866; x_wconf 84' lang='lat' dir='ltr'><strong>esse</strong></span> 
     </span>
    </p>
   </div>
   <div class='ocr_carea' id='block_1_26' title="bbox 521 2892 2158 2977">
    <p class='ocr_par' dir='ltr' id='par_1_26' title="bbox 521 2892 2158 2977">
     <span class='ocr_line' id='line_1_26' title="bbox 521 2892 2158 2977; baseline -0.001 -21"><span class='ocrx_word' id='word_1_171' title='bbox 521 2895 845 2957; x_wconf 81' lang='lat' dir='ltr'><strong>divinitatis</strong></span> <span class='ocrx_word' id='word_1_172' title='bbox 871 2895 1162 2977; x_wconf 87' lang='lat' dir='ltr'><strong>Spiritum</strong></span> <span class='ocrx_word' id='word_1_173' title='bbox 1219 2913 1353 2955; x_wconf 91' lang='lat' dir='ltr'><strong>cum</strong></span> <span class='ocrx_word' id='word_1_174' title='bbox 1401 2892 1574 2967; x_wconf 92' lang='lat' dir='ltr'><strong>Filio,</strong></span> <span class='ocrx_word' id='word_1_175' title='bbox 1627 2902 1683 2953; x_wconf 94' lang='lat' dir='ltr'><strong>et</strong></span> <span class='ocrx_word' id='word_1_176' title='bbox 1731 2892 1922 2967; x_wconf 89' lang='lat' dir='ltr'><strong>Patre,</strong></span> <span class='ocrx_word' id='word_1_177' title='bbox 1957 2893 2054 2972; x_wconf 90' lang='lat' dir='ltr'><strong>qui</strong></span> <span class='ocrx_word' id='word_1_178' title='bbox 2089 2911 2158 2954; x_wconf 79' lang='lat' dir='ltr'><strong>ex</strong></span> 
     </span>
    </p>
   </div>
   <div class='ocr_carea' id='block_1_27' title="bbox 521 2981 2159 3066">
    <p class='ocr_par' dir='ltr' id='par_1_27' title="bbox 521 2981 2159 3066">
     <span class='ocr_line' id='line_1_27' title="bbox 521 2981 2159 3066; baseline -0.002 -21"><span class='ocrx_word' id='word_1_179' title='bbox 521 2985 650 3066; x_wconf 90' lang='lat' dir='ltr'><strong>ipso</strong></span> <span class='ocrx_word' id='word_1_180' title='bbox 683 2986 858 3048; x_wconf 87' lang='lat' dir='ltr'><strong>Patre</strong></span> <span class='ocrx_word' id='word_1_181' title='bbox 911 3003 1018 3066; x_wconf 93' lang='lat' dir='ltr'><strong>per</strong></span> <span class='ocrx_word' id='word_1_182' title='bbox 1070 2983 1287 3045; x_wconf 92' lang='lat' dir='ltr'><strong>Filium</strong></span> <span class='ocrx_word' id='word_1_183' title='bbox 1344 2981 1565 3044; x_wconf 74' lang='lat' dir='ltr'><strong>effusus</strong></span> <span class='ocrx_word' id='word_1_184' title='bbox 1595 2990 1704 3064; x_wconf 85' lang='lat' dir='ltr'><strong>est,</strong></span> <span class='ocrx_word' id='word_1_185' title='bbox 1736 2981 2075 3044; x_wconf 88' lang='lat' dir='ltr'><strong>adorandus</strong></span> <span class='ocrx_word' id='word_1_186' title='bbox 2101 2991 2159 3042; x_wconf 90' lang='lat' dir='ltr'><strong>et</strong></span> 
     </span>
    </p>
   </div>
   <div class='ocr_carea' id='block_1_28' title="bbox 519 3069 1594 3136">
    <p class='ocr_par' dir='ltr' id='par_1_28' title="bbox 519 3069 1594 3136">
     <span class='ocr_line' id='line_1_28' title="bbox 519 3069 1594 3136; baseline -0.004 -1"><span class='ocrx_word' id='word_1_187' title='bbox 519 3073 806 3136; x_wconf 88' lang='lat' dir='ltr'><strong>colendus</strong></span> <span class='ocrx_word' id='word_1_188' title='bbox 837 3092 969 3136; x_wconf 90' lang='lat' dir='ltr'><strong>esse</strong></span> <span class='ocrx_word' id='word_1_189' title='bbox 1001 3069 1529 3135; x_wconf 88' lang='lat' dir='ltr'><strong>demonstrabitur.</strong></span> <span class='ocrx_word' id='word_1_190' title='bbox 1571 3095 1594 3130; x_wconf 76' lang='grc' dir='ltr'>ι)</span> 
     </span>
    </p>
   </div>
   <div class='ocr_carea' id='block_1_29' title="bbox 593 3159 2150 3244">
    <p class='ocr_par' dir='ltr' id='par_1_29' title="bbox 593 3159 2150 3244">
     <span class='ocr_line' id='line_1_29' title="bbox 593 3159 2150 3244; baseline -0.004 -17"><span class='ocrx_word' id='word_1_191' title='bbox 593 3165 914 3244; x_wconf 82' lang='lat' dir='ltr'><strong>Gregorius</strong></span> <span class='ocrx_word' id='word_1_192' title='bbox 942 3161 1384 3241; x_wconf 79' lang='lat' dir='ltr'><strong>Thaumatugus</strong></span> <span class='ocrx_word' id='word_1_193' title='bbox 1415 3160 1685 3224; x_wconf 87' lang='lat' dir='ltr'><strong>oratione</strong></span> <span class='ocrx_word' id='word_1_194' title='bbox 1738 3179 1868 3242; x_wconf 66' lang='lat' dir='ltr'><strong>quae</strong></span> <span class='ocrx_word' id='word_1_195' title='bbox 1897 3159 2106 3240; x_wconf 87' lang='lat' dir='ltr'><strong>incipit</strong></span> <span class='ocrx_word' id='word_1_196' title='bbox 2137 3181 2150 3221; x_wconf 94' lang='lat'>:</span> 
     </span>
    </p>
   </div>
   <div class='ocr_carea' id='block_1_30' title="bbox 1641 354 2796 425">
    <p class='ocr_par' dir='ltr' id='par_1_30' title="bbox 1641 354 2796 425">
     <span class='ocr_line' id='line_1_30' title="bbox 1641 354 2796 425; baseline 0 -2"><span class='ocrx_word' id='word_1_197' title='bbox 1641 357 1851 423; x_wconf 88' lang='lat' dir='ltr'><strong>JOAN.</strong></span> <span class='ocrx_word' id='word_1_198' title='bbox 1884 359 2107 425; x_wconf 84' lang='lat' dir='ltr'><strong>VECCI</strong></span> <span class='ocrx_word' id='word_1_199' title='bbox 2136 357 2248 420; x_wconf 80' lang='grc' dir='ltr'><strong>ΟΡ.</strong></span> <span class='ocrx_word' id='word_1_200' title='bbox 2280 354 2796 424; x_wconf 67' lang='grc' dir='ltr'><strong>ΡΑΤΒΙΑΒΟΗᾹΕ</strong></span> 
     </span>
    </p>
   </div>
   <div class='ocr_carea' id='block_1_31' title="bbox 531 489 2404 571">
    <p class='ocr_par' dir='ltr' id='par_1_31' title="bbox 531 489 2404 571">
     <span class='ocr_line' id='line_1_31' title="bbox 531 489 2404 571; baseline -0.004 -16"><span class='ocrx_word' id='word_1_201' title='bbox 531 494 655 555; x_wconf 92' lang='lat' dir='ltr'><strong>Deo</strong></span> <span class='ocrx_word' id='word_1_202' title='bbox 684 493 1036 558; x_wconf 83' lang='lat' dir='ltr'><strong>contendis?</strong></span> <span class='ocrx_word' id='word_1_203' title='bbox 1064 493 1293 556; x_wconf 87' lang='lat' dir='ltr'><strong>Etenim</strong></span> <span class='ocrx_word' id='word_1_204' title='bbox 1324 493 1375 554; x_wconf 90' lang='lat' dir='ltr'><strong>si</strong></span> <span class='ocrx_word' id='word_1_205' title='bbox 1404 491 1618 554; x_wconf 88' lang='lat' dir='ltr'><strong>Filium</strong></span> <span class='ocrx_word' id='word_1_206' title='bbox 1637 497 1808 553; x_wconf 89' lang='lat' dir='ltr'><strong>vocat</strong></span> <span class='ocrx_word' id='word_1_207' title='bbox 1837 509 1904 551; x_wconf 85' lang='lat' dir='ltr'><strong>ex</strong></span> <span class='ocrx_word' id='word_1_208' title='bbox 1938 489 2167 571; x_wconf 76' lang='lat' dir='ltr'><strong>seipse,</strong></span> <span class='ocrx_word' id='word_1_209' title='bbox 2196 511 2235 548; x_wconf 70' lang='grc' dir='ltr'><strong>Α</strong></span> <span class='ocrx_word' id='word_1_210' title='bbox 2254 514 2340 558; x_wconf 89' lang='grc' dir='ltr'><strong>τις</strong></span> <span class='ocrx_word' id='word_1_211' title='bbox 2387 510 2404 528; x_wconf 80' lang='grc' dir='ltr'><strong>ο</strong></span> 
     </span>
    </p>
   </div>
   <div class='ocr_carea' id='block_1_32' title="bbox 3791 369 3911 434">
    <p class='ocr_par' dir='ltr' id='par_1_32' title="bbox 3791 369 3911 434">
     <span class='ocr_line' id='line_1_32' title="bbox 3791 369 3911 434; baseline 0 -1"><span class='ocrx_word' id='word_1_212' title='bbox 3791 369 3911 434; x_wconf 71' lang='lat'><strong>624</strong></span> 
     </span>
    </p>
   </div>
   <div class='ocr_carea' id='block_1_33' title="bbox 2457 496 3913 575">
    <p class='ocr_par' dir='ltr' id='par_1_33' title="bbox 2457 496 3913 575">
     <span class='ocr_line' id='line_1_33' title="bbox 2457 496 3913 575; baseline 0.005 -24"><span class='ocrx_word' id='word_1_213' title='bbox 2457 518 2485 551; x_wconf 76' lang='grc' dir='ltr'><strong>α</strong></span> <span class='ocrx_word' id='word_1_214' title='bbox 2550 496 2748 553; x_wconf 76' lang='grc' dir='ltr'>Οῦκοῦν</span> <span class='ocrx_word' id='word_1_215' title='bbox 2821 518 2992 575; x_wconf 77' lang='grc' dir='ltr'>φαμεν</span> <span class='ocrx_word' id='word_1_216' title='bbox 3075 496 3160 556; x_wconf 82' lang='grc' dir='ltr'>δύο</span> <span class='ocrx_word' id='word_1_217' title='bbox 3229 502 3370 557; x_wconf 79' lang='grc' dir='ltr'>εἶναι</span> <span class='ocrx_word' id='word_1_218' title='bbox 3419 503 3578 566; x_wconf 72' lang='grc' dir='ltr'>υἱοὺς.</span> <span class='ocrx_word' id='word_1_219' title='bbox 3638 506 3725 560; x_wconf 85' lang='grc' dir='ltr'>καὶ</span> <span class='ocrx_word' id='word_1_220' title='bbox 3794 511 3913 569; x_wconf 82' lang='grc' dir='ltr'>πῶς</span> 
     </span>
    </p>
   </div>
   <div class='ocr_carea' id='block_1_34' title="bbox 2261 586 3912 670">
    <p class='ocr_par' dir='ltr' id='par_1_34' title="bbox 2261 586 3912 670">
     <span class='ocr_line' id='line_1_34' title="bbox 2261 586 3912 670; baseline 0.007 -32"><span class='ocrx_word' id='word_1_221' title='bbox 2261 586 2617 664; x_wconf 70' lang='grc' dir='ltr'>Μ‹,νογενής;</span> <span class='ocrx_word' id='word_1_222' title='bbox 2669 592 2866 641; x_wconf 77' lang='grc' dir='ltr'>Μενοῦν</span> <span class='ocrx_word' id='word_1_223' title='bbox 2910 607 2970 664; x_wconf 87' lang='grc' dir='ltr'><strong>γε</strong></span> <span class='ocrx_word' id='word_1_224' title='bbox 3028 587 3089 642; x_wconf 77' lang='grc' dir='ltr'>σὺ</span> <span class='ocrx_word' id='word_1_225' title='bbox 3132 589 3208 652; x_wconf 84' lang='grc' dir='ltr'><strong>τίς</strong></span> <span class='ocrx_word' id='word_1_226' title='bbox 3259 603 3313 645; x_wconf 84' lang='grc' dir='ltr'>εϊ</span> <span class='ocrx_word' id='word_1_227' title='bbox 3371 593 3399 646; x_wconf 98' lang='lat'><strong>6</strong></span> <span class='ocrx_word' id='word_1_228' title='bbox 3453 591 3912 670; x_wconf 82' lang='grc' dir='ltr'>ἆντιλογιζόμενος</span> 
     </span>
    </p>
   </div>
   <div class='ocr_carea' id='block_1_35' title="bbox 2259 674 3914 756">
    <p class='ocr_par' dir='ltr' id='par_1_35' title="bbox 2259 674 3914 756">
     <span class='ocr_line' id='line_1_35' title="bbox 2259 674 3914 756; baseline 0.004 -28"><span class='ocrx_word' id='word_1_229' title='bbox 2259 678 2336 745; x_wconf 85' lang='grc' dir='ltr'>τῷ</span> <span class='ocrx_word' id='word_1_230' title='bbox 2391 679 2507 747; x_wconf 86' lang='grc' dir='ltr'>Θεῷ</span> <span class='ocrx_word' id='word_1_231' title='bbox 2541 693 2558 748; x_wconf 85' lang='grc'>;</span> <span class='ocrx_word' id='word_1_232' title='bbox 2590 676 2648 731; x_wconf 80' lang='grc' dir='ltr'>Εἰ</span> <span class='ocrx_word' id='word_1_233' title='bbox 2705 674 2804 752; x_wconf 81' lang='grc' dir='ltr'>γὰρ</span> <span class='ocrx_word' id='word_1_234' title='bbox 2848 675 2938 729; x_wconf 81' lang='grc' dir='ltr'>τὸν</span> <span class='ocrx_word' id='word_1_235' title='bbox 2971 677 3090 732; x_wconf 76' lang='grc' dir='ltr'>Υίὸν</span> <span class='ocrx_word' id='word_1_236' title='bbox 3133 676 3289 734; x_wconf 90' lang='grc' dir='ltr'>καλει</span> <span class='ocrx_word' id='word_1_237' title='bbox 3321 680 3410 734; x_wconf 84' lang='grc' dir='ltr'>τὸν</span> <span class='ocrx_word' id='word_1_238' title='bbox 3455 678 3505 744; x_wconf 77' lang='grc' dir='ltr'>ἐξ</span> <span class='ocrx_word' id='word_1_239' title='bbox 3558 680 3733 756; x_wconf 77' lang='grc' dir='ltr'>αῦτοῦ,</span> <span class='ocrx_word' id='word_1_240' title='bbox 3767 683 3827 738; x_wconf 82' lang='grc' dir='ltr'>τὸ</span> <span class='ocrx_word' id='word_1_241' title='bbox 3859 679 3914 736; x_wconf 72' lang='grc' dir='ltr'><em>δὲ</em></span> 
     </span>
    </p>
   </div>
   <div class='ocr_carea' id='block_1_36' title="bbox 2260 756 3916 846">
    <p class='ocr_par' dir='ltr' id='par_1_36' title="bbox 2260 756 3916 846">
     <span class='ocr_line' id='line_1_36' title="bbox 2260 756 3916 846; baseline 0.004 -30"><span class='ocrx_word' id='word_1_242' title='bbox 2260 760 2412 840; x_wconf 75' lang='grc' dir='ltr'>ἅγιον</span> <span class='ocrx_word' id='word_1_243' title='bbox 2463 768 2674 834; x_wconf 89' lang='grc' dir='ltr'>Πνεῦμα</span> <span class='ocrx_word' id='word_1_244' title='bbox 2732 763 2792 817; x_wconf 84' lang='grc' dir='ltr'>τὸ</span> <span class='ocrx_word' id='word_1_245' title='bbox 2836 761 2963 842; x_wconf 87' lang='grc' dir='ltr'>παρ’</span> <span class='ocrx_word' id='word_1_246' title='bbox 3018 764 3354 846; x_wconf 68' lang='grc' dir='ltr'>ἀμφοτέρων.</span> <span class='ocrx_word' id='word_1_247' title='bbox 3404 756 3482 823; x_wconf 60' lang='lat' dir='ltr'><strong>UA</strong></span> <span class='ocrx_word' id='word_1_248' title='bbox 3542 768 3703 843; x_wconf 88' lang='grc' dir='ltr'>μόνον</span> <span class='ocrx_word' id='word_1_249' title='bbox 3740 769 3916 826; x_wconf 78' lang='grc' dir='ltr'><strong>πίστει</strong></span> 
     </span>
    </p>
   </div>
   <div class='ocr_carea' id='block_1_37' title="bbox 2263 849 3916 936">
    <p class='ocr_par' dir='ltr' id='par_1_37' title="bbox 2263 849 3916 936">
     <span class='ocr_line' id='line_1_37' title="bbox 2263 849 3916 936; baseline 0.006 -34"><span class='ocrx_word' id='word_1_250' title='bbox 2263 849 2517 924; x_wconf 74' lang='grc' dir='ltr'><strong>νοούμενα</strong></span> <span class='ocrx_word' id='word_1_251' title='bbox 2573 851 2673 905; x_wconf 81' lang='grc' dir='ltr'><strong>ὑπὸ</strong></span> <span class='ocrx_word' id='word_1_252' title='bbox 2729 856 2834 907; x_wconf 83' lang='grc' dir='ltr'>τῶν</span> <span class='ocrx_word' id='word_1_253' title='bbox 2932 850 3096 930; x_wconf 77' lang='grc' dir='ltr'><strong>ἆγῖων</strong></span> <span class='ocrx_word' id='word_1_254' title='bbox 3184 855 3438 934; x_wconf 71' lang='grc' dir='ltr'>φωτεινὰ,</span> <span class='ocrx_word' id='word_1_255' title='bbox 3495 855 3750 936; x_wconf 72' lang='grc' dir='ltr'>φοτοδότα</span> <span class='ocrx_word' id='word_1_256' title='bbox 3794 880 3916 936; x_wconf 75' lang='grc' dir='ltr'><strong>φω-</strong></span> 
     </span>
    </p>
   </div>
   <div class='ocr_carea' id='block_1_38' title="bbox 2257 941 3916 1026">
    <p class='ocr_par' dir='ltr' id='par_1_38' title="bbox 2257 941 3916 1026">
     <span class='ocr_line' id='line_1_38' title="bbox 2257 941 3916 1026; baseline 0.005 -31"><span class='ocrx_word' id='word_1_257' title='bbox 2257 941 2435 1008; x_wconf 74' lang='grc' dir='ltr'>τεινὴν</span> <span class='ocrx_word' id='word_1_258' title='bbox 2491 941 2588 1008; x_wconf 66' lang='grc' dir='ltr'><strong>τὴν</strong></span> <span class='ocrx_word' id='word_1_259' title='bbox 2619 941 2879 1020; x_wconf 78' lang='grc' dir='ltr'>ἐνέργειαν</span> <span class='ocrx_word' id='word_1_260' title='bbox 2908 941 3049 1022; x_wconf 78' lang='grc' dir='ltr'>ἔχει.</span> <span class='ocrx_word' id='word_1_261' title='bbox 3086 963 3109 996; x_wconf 77' lang='grc'><em>³</em></span> <span class='ocrx_word' id='word_1_262' title='bbox 3151 949 3250 1003; x_wconf 84' lang='grc' dir='ltr'><strong>Καὶ</strong></span> <span class='ocrx_word' id='word_1_263' title='bbox 3289 945 3407 1022; x_wconf 87' lang='grc' dir='ltr'>μετ’</span> <span class='ocrx_word' id='word_1_264' title='bbox 3439 947 3592 1026; x_wconf 83' lang='grc' dir='ltr'>ὀλίγα</span> <span class='ocrx_word' id='word_1_265' title='bbox 3625 967 3639 981; x_wconf 88' lang='grc'><strong>·</strong></span> <span class='ocrx_word' id='word_1_266' title='bbox 3682 971 3704 1003; x_wconf 80' lang='grc' dir='ltr'><strong>α</strong></span> <span class='ocrx_word' id='word_1_267' title='bbox 3744 953 3916 1004; x_wconf 81' lang='grc' dir='ltr'>Πνεῦ-</span> 
     </span>
    </p>
   </div>
   <div class='ocr_carea' id='block_1_39' title="bbox 2259 1029 3917 1116">
    <p class='ocr_par' dir='ltr' id='par_1_39' title="bbox 2259 1029 3917 1116">
     <span class='ocr_line' id='line_1_39' title="bbox 2259 1029 3917 1116; baseline 0.005 -32"><span class='ocrx_word' id='word_1_268' title='bbox 2259 1051 2333 1104; x_wconf 88' lang='grc' dir='ltr'><strong>μα</strong></span> <span class='ocrx_word' id='word_1_269' title='bbox 2375 1029 2525 1108; x_wconf 75' lang='grc' dir='ltr'>ἅγιον</span> <span class='ocrx_word' id='word_1_270' title='bbox 2583 1037 2792 1105; x_wconf 89' lang='grc' dir='ltr'>Πνεῦμα</span> <span class='ocrx_word' id='word_1_271' title='bbox 2852 1030 3098 1098; x_wconf 83' lang='grc' dir='ltr'>ἀληθείας</span> <span class='ocrx_word' id='word_1_272' title='bbox 3165 1033 3295 1114; x_wconf 81' lang='grc' dir='ltr'>ἐστὶ,</span> <span class='ocrx_word' id='word_1_273' title='bbox 3375 1037 3716 1116; x_wconf 49' lang='grc' dir='ltr'>φῶςπρίτον</span> <span class='ocrx_word' id='word_1_274' title='bbox 3771 1039 3917 1115; x_wconf 72' lang='grc' dir='ltr'>παρὰ</span> 
     </span>
    </p>
   </div>
   <div class='ocr_carea' id='block_1_40' title="bbox 2257 1107 3914 1204">
    <p class='ocr_par' dir='ltr' id='par_1_40' title="bbox 2257 1107 3914 1204">
     <span class='ocr_line' id='line_1_40' title="bbox 2257 1107 3914 1204; baseline 0.005 -31"><span class='ocrx_word' id='word_1_275' title='bbox 2257 1107 2462 1197; x_wconf 76' lang='grc' dir='ltr'>Πατρδς</span> <span class='ocrx_word' id='word_1_276' title='bbox 2505 1120 2591 1174; x_wconf 85' lang='grc' dir='ltr'><strong>καὶ</strong></span> <span class='ocrx_word' id='word_1_277' title='bbox 2645 1121 2785 1180; x_wconf 81' lang='grc' dir='ltr'>Υἱοῦ.</span> <span class='ocrx_word' id='word_1_278' title='bbox 2813 1144 2835 1174; x_wconf 74' lang='grc' dir='ltr'><strong>ι</strong></span> <span class='ocrx_word' id='word_1_279' title='bbox 2877 1121 2973 1176; x_wconf 81' lang='grc' dir='ltr'><strong>Καὶ</strong></span> <span class='ocrx_word' id='word_1_280' title='bbox 3026 1120 3146 1195; x_wconf 83' lang='grc' dir='ltr'>μετ’</span> <span class='ocrx_word' id='word_1_281' title='bbox 3176 1107 3328 1200; x_wconf 54' lang='grc' dir='ltr'>ὀλίγα</span> <span class='ocrx_word' id='word_1_282' title='bbox 3363 1107 3400 1157; x_wconf 52' lang='grc' dir='ltr'><strong>δ’</strong></span> <span class='ocrx_word' id='word_1_283' title='bbox 3427 1154 3448 1184; x_wconf 74' lang='grc' dir='ltr'>ι</span> <span class='ocrx_word' id='word_1_284' title='bbox 3486 1107 3523 1136; x_wconf 41' lang='grc' dir='ltr'>μ</span> <span class='ocrx_word' id='word_1_285' title='bbox 3548 1107 3619 1182; x_wconf 75' lang='grc' dir='ltr'><strong>όν</strong></span> <span class='ocrx_word' id='word_1_286' title='bbox 3647 1125 3745 1204; x_wconf 81' lang='grc' dir='ltr'>γὰρ</span> <span class='ocrx_word' id='word_1_287' title='bbox 3788 1107 3914 1204; x_wconf 80' lang='grc' dir='ltr'>τρό-</span> 
     </span>
    </p>
   </div>
   <div class='ocr_carea' id='block_1_41' title="bbox 2255 1205 3916 1289">
    <p class='ocr_par' dir='ltr' id='par_1_41' title="bbox 2255 1205 3916 1289">
     <span class='ocr_line' id='line_1_41' title="bbox 2255 1205 3884 1271; baseline 0.005 -8"><span class='ocrx_word' id='word_1_288' title='bbox 2255 1229 2357 1263; x_wconf 88' lang='grc' dir='ltr'><strong>πον</strong></span> <span class='ocrx_word' id='word_1_289' title='bbox 2413 1205 2575 1271; x_wconf 73' lang='grc' dir='ltr'>οὐδεὶς</span> <span class='ocrx_word' id='word_1_290' title='bbox 2629 1206 2653 1262; x_wconf 82' lang='grc' dir='ltr'><strong>ἔ</strong></span> <span class='ocrx_word' id='word_1_291' title='bbox 2857 1209 2869 1223; x_wconf 79' lang='grc'><em>“</em></span> <span class='ocrx_word' id='word_1_292' title='bbox 2979 1215 3023 1264; x_wconf 93' lang='grc' dir='ltr'><strong>Π</strong></span> <span class='ocrx_word' id='word_1_293' title='bbox 3107 1209 3116 1226; x_wconf 89' lang='grc'><em>’</em></span> <span class='ocrx_word' id='word_1_294' title='bbox 3243 1212 3260 1266; x_wconf 81' lang='grc' dir='ltr'><strong>ί</strong></span> <span class='ocrx_word' id='word_1_295' title='bbox 3341 1211 3353 1227; x_wconf 80' lang='grc'><strong>“</strong></span> <span class='ocrx_word' id='word_1_296' title='bbox 3570 1214 3580 1236; x_wconf 89' lang='lat'><strong><em>&#39;</em></strong></span> <span class='ocrx_word' id='word_1_297' title='bbox 3710 1212 3790 1248; x_wconf 42' lang='grc' dir='ltr'><strong>δη</strong></span> <span class='ocrx_word' id='word_1_298' title='bbox 3874 1216 3884 1236; x_wconf 87' lang='grc'><em>’</em></span> 
     </span>
     <span class='ocr_line' id='line_1_42' title="bbox 2503 1215 3916 1289; baseline 0.007 -29"><span class='ocrx_word' id='word_1_299' title='bbox 2503 1251 2525 1262; x_wconf 85' lang='grc'>.,</span> <span class='ocrx_word' id='word_1_300' title='bbox 2655 1230 2767 1285; x_wconf 87' lang='grc' dir='ltr'>γνω</span> <span class='ocrx_word' id='word_1_301' title='bbox 2823 1230 2913 1263; x_wconf 90' lang='grc' dir='ltr'><strong>τον</strong></span> <span class='ocrx_word' id='word_1_302' title='bbox 3029 1231 3185 1289; x_wconf 87' lang='grc' dir='ltr'>ατερα</span> <span class='ocrx_word' id='word_1_303' title='bbox 3217 1232 3240 1266; x_wconf 91' lang='grc' dir='ltr'><strong>ε</strong></span> <span class='ocrx_word' id='word_1_304' title='bbox 3291 1235 3370 1286; x_wconf 88' lang='grc' dir='ltr'><strong>μη</strong></span> <span class='ocrx_word' id='word_1_305' title='bbox 3413 1215 3441 1268; x_wconf 98' lang='lat'><strong>6</strong></span> <span class='ocrx_word' id='word_1_306' title='bbox 3490 1217 3634 1286; x_wconf 77' lang='grc' dir='ltr'>Υἷος,</span> <span class='ocrx_word' id='word_1_307' title='bbox 3678 1233 3792 1268; x_wconf 64' lang='grc' dir='ltr'>οδοτ.</span> <span class='ocrx_word' id='word_1_308' title='bbox 3821 1237 3916 1270; x_wconf 87' lang='grc' dir='ltr'><strong>τον</strong></span> 
     </span>
    </p>
   </div>
   <div class='ocr_carea' id='block_1_42' title="bbox 2259 1296 3916 1380">
    <p class='ocr_par' dir='ltr' id='par_1_42' title="bbox 2259 1296 3916 1380">
     <span class='ocr_line' id='line_1_43' title="bbox 2259 1296 3916 1380; baseline 0.005 -30"><span class='ocrx_word' id='word_1_309' title='bbox 2259 1297 2377 1351; x_wconf 53' lang='grc' dir='ltr'><strong>Υθον</strong></span> <span class='ocrx_word' id='word_1_310' title='bbox 2436 1297 2479 1352; x_wconf 78' lang='grc' dir='ltr'>εἰ</span> <span class='ocrx_word' id='word_1_311' title='bbox 2513 1296 2590 1369; x_wconf 77' lang='grc' dir='ltr'><strong>μὴ</strong></span> <span class='ocrx_word' id='word_1_312' title='bbox 2618 1298 2645 1351; x_wconf 90' lang='lat'><strong>6</strong></span> <span class='ocrx_word' id='word_1_313' title='bbox 2675 1297 2882 1374; x_wconf 82' lang='grc' dir='ltr'>Πατὴρ,</span> <span class='ocrx_word' id='word_1_314' title='bbox 2946 1297 3083 1354; x_wconf 79' lang='grc' dir='ltr'>οὕτω</span> <span class='ocrx_word' id='word_1_315' title='bbox 3126 1298 3308 1373; x_wconf 85' lang='grc' dir='ltr'>τολμῶ</span> <span class='ocrx_word' id='word_1_316' title='bbox 3338 1299 3535 1380; x_wconf 80' lang='grc' dir='ltr'>λέγειν,</span> <span class='ocrx_word' id='word_1_317' title='bbox 3570 1300 3650 1356; x_wconf 78' lang='grc' dir='ltr'><strong>ὅτι</strong></span> <span class='ocrx_word' id='word_1_318' title='bbox 3683 1300 3793 1358; x_wconf 61' lang='grc' dir='ltr'>οῦδὲ</span> <span class='ocrx_word' id='word_1_319' title='bbox 3853 1305 3916 1358; x_wconf 84' lang='grc' dir='ltr'>τὸ</span> 
     </span>
    </p>
   </div>
   <div class='ocr_carea' id='block_1_43' title="bbox 2257 1384 3914 1466">
    <p class='ocr_par' dir='ltr' id='par_1_43' title="bbox 2257 1384 3914 1466">
     <span class='ocr_line' id='line_1_44' title="bbox 2257 1384 3914 1466; baseline 0.004 -30"><span class='ocrx_word' id='word_1_320' title='bbox 2257 1387 2468 1458; x_wconf 90' lang='grc' dir='ltr'>Πνεῦμα</span> <span class='ocrx_word' id='word_1_321' title='bbox 2498 1384 2541 1438; x_wconf 80' lang='grc' dir='ltr'><strong>εἰ</strong></span> <span class='ocrx_word' id='word_1_322' title='bbox 2583 1384 2661 1456; x_wconf 71' lang='grc' dir='ltr'>μὴ</span> <span class='ocrx_word' id='word_1_323' title='bbox 2707 1384 2734 1438; x_wconf 89' lang='grc' dir='ltr'><strong>ό</strong></span> <span class='ocrx_word' id='word_1_324' title='bbox 2774 1386 2956 1462; x_wconf 78' lang='grc' dir='ltr'>Πατὴρ</span> <span class='ocrx_word' id='word_1_325' title='bbox 3017 1386 3106 1440; x_wconf 85' lang='grc' dir='ltr'><strong>καὶ</strong></span> <span class='ocrx_word' id='word_1_326' title='bbox 3163 1387 3190 1440; x_wconf 93' lang='lat'><strong>6</strong></span> <span class='ocrx_word' id='word_1_327' title='bbox 3262 1387 3404 1466; x_wconf 77' lang='grc' dir='ltr'>Υἱός,</span> <span class='ocrx_word' id='word_1_328' title='bbox 3465 1385 3591 1458; x_wconf 85' lang='grc' dir='ltr'>παρ’</span> <span class='ocrx_word' id='word_1_329' title='bbox 3633 1391 3691 1443; x_wconf 78' lang='grc' dir='ltr'><strong>οῦ</strong></span> <span class='ocrx_word' id='word_1_330' title='bbox 3742 1387 3914 1443; x_wconf 75' lang='grc' dir='ltr'>ἐκπο-</span> 
     </span>
    </p>
   </div>
   <div class='ocr_carea' id='block_1_44' title="bbox 2257 1469 3914 1550">
    <p class='ocr_par' dir='ltr' id='par_1_44' title="bbox 2257 1469 3914 1550">
     <span class='ocr_line' id='line_1_45' title="bbox 2257 1469 3914 1550; baseline 0.005 -25"><span class='ocrx_word' id='word_1_331' title='bbox 2257 1472 2480 1550; x_wconf 82' lang='grc' dir='ltr'>ρεύεται,</span> <span class='ocrx_word' id='word_1_332' title='bbox 2532 1473 2620 1527; x_wconf 83' lang='grc' dir='ltr'><strong>καὶ</strong></span> <span class='ocrx_word' id='word_1_333' title='bbox 2699 1469 2825 1550; x_wconf 85' lang='grc' dir='ltr'>παρ’</span> <span class='ocrx_word' id='word_1_334' title='bbox 2885 1473 2945 1528; x_wconf 80' lang='grc' dir='ltr'><strong>οῦ</strong></span> <span class='ocrx_word' id='word_1_335' title='bbox 3002 1471 3283 1549; x_wconf 74' lang='grc' dir='ltr'>λαμϐάνει;</span> <span class='ocrx_word' id='word_1_336' title='bbox 3333 1477 3421 1531; x_wconf 81' lang='grc' dir='ltr'><strong>καὶ</strong></span> <span class='ocrx_word' id='word_1_337' title='bbox 3483 1475 3598 1533; x_wconf 72' lang='grc' dir='ltr'>οὐδὲ</span> <span class='ocrx_word' id='word_1_338' title='bbox 3642 1477 3731 1534; x_wconf 80' lang='grc' dir='ltr'><strong>τόν</strong></span> <span class='ocrx_word' id='word_1_339' title='bbox 3793 1479 3914 1533; x_wconf 77' lang='grc' dir='ltr'>Υἱόν</span> 
     </span>
    </p>
   </div>
   <div class='ocr_carea' id='block_1_45' title="bbox 2255 1559 3916 1645">
    <p class='ocr_par' dir='ltr' id='par_1_45' title="bbox 2255 1559 3916 1645">
     <span class='ocr_line' id='line_1_46' title="bbox 2255 1559 3916 1645; baseline 0.004 -31"><span class='ocrx_word' id='word_1_340' title='bbox 2255 1562 2342 1615; x_wconf 86' lang='grc' dir='ltr'><strong>καὶ</strong></span> <span class='ocrx_word' id='word_1_341' title='bbox 2397 1561 2488 1616; x_wconf 80' lang='grc' dir='ltr'>τὸν</span> <span class='ocrx_word' id='word_1_342' title='bbox 2544 1559 2748 1638; x_wconf 88' lang='grc' dir='ltr'>Πατέρα</span> <span class='ocrx_word' id='word_1_343' title='bbox 2793 1562 2836 1616; x_wconf 79' lang='grc' dir='ltr'><strong>εί</strong></span> <span class='ocrx_word' id='word_1_344' title='bbox 2868 1562 2946 1635; x_wconf 80' lang='grc' dir='ltr'>μὴ</span> <span class='ocrx_word' id='word_1_345' title='bbox 2993 1563 3054 1618; x_wconf 84' lang='grc' dir='ltr'><strong>τὸ</strong></span> <span class='ocrx_word' id='word_1_346' title='bbox 3112 1569 3323 1639; x_wconf 78' lang='grc' dir='ltr'>Πνεῦμα</span> <span class='ocrx_word' id='word_1_347' title='bbox 3373 1566 3435 1620; x_wconf 83' lang='grc' dir='ltr'>τὸ</span> <span class='ocrx_word' id='word_1_348' title='bbox 3468 1565 3640 1645; x_wconf 81' lang='grc' dir='ltr'>ἆίγιον,</span> <span class='ocrx_word' id='word_1_349' title='bbox 3677 1569 3735 1622; x_wconf 83' lang='grc' dir='ltr'>τὸ</span> <span class='ocrx_word' id='word_1_350' title='bbox 3765 1565 3916 1632; x_wconf 77' lang='grc' dir='ltr'>δοξά-</span> 
     </span>
    </p>
   </div>
   <div class='ocr_carea' id='block_1_46' title="bbox 2255 1647 3916 1734">
    <p class='ocr_par' dir='ltr' id='par_1_46' title="bbox 2255 1647 3916 1734">
     <span class='ocr_line' id='line_1_47' title="bbox 2255 1647 3916 1734; baseline 0.003 -30"><span class='ocrx_word' id='word_1_351' title='bbox 2255 1655 2342 1718; x_wconf 82' lang='grc' dir='ltr'>ζον</span> <span class='ocrx_word' id='word_1_352' title='bbox 2401 1647 2636 1720; x_wconf 80' lang='grc' dir='ltr'>ἀληθῶς,</span> <span class='ocrx_word' id='word_1_353' title='bbox 2709 1651 2770 1704; x_wconf 86' lang='grc' dir='ltr'>τὸ</span> <span class='ocrx_word' id='word_1_354' title='bbox 2843 1647 3084 1706; x_wconf 81' lang='grc' dir='ltr'><strong>διδάσκον</strong></span> <span class='ocrx_word' id='word_1_355' title='bbox 3137 1653 3202 1707; x_wconf 75' lang='grc' dir='ltr'><strong>τὰ</strong></span> <span class='ocrx_word' id='word_1_356' title='bbox 3268 1653 3462 1732; x_wconf 83' lang='grc' dir='ltr'>πάντα,</span> <span class='ocrx_word' id='word_1_357' title='bbox 3513 1655 3540 1709; x_wconf 87' lang='grc' dir='ltr'><strong>ὃ</strong></span> <span class='ocrx_word' id='word_1_358' title='bbox 3610 1657 3747 1734; x_wconf 86' lang='grc' dir='ltr'>παρά</span> <span class='ocrx_word' id='word_1_359' title='bbox 3818 1658 3916 1710; x_wconf 89' lang='grc' dir='ltr'><strong>τοῦ</strong></span> 
     </span>
    </p>
   </div>
   <div class='ocr_carea' id='block_1_47' title="bbox 2254 1736 3913 1816">
    <p class='ocr_par' dir='ltr' id='par_1_47' title="bbox 2254 1736 3913 1816">
     <span class='ocr_line' id='line_1_48' title="bbox 2254 1736 3913 1816; baseline 0.004 -26"><span class='ocrx_word' id='word_1_360' title='bbox 2254 1738 2457 1815; x_wconf 81' lang='grc' dir='ltr'>Πατρός</span> <span class='ocrx_word' id='word_1_361' title='bbox 2510 1739 2598 1794; x_wconf 86' lang='grc' dir='ltr'><strong>καὶ</strong></span> <span class='ocrx_word' id='word_1_362' title='bbox 2640 1736 2700 1794; x_wconf 71' lang='grc' dir='ltr'>ἔκ</span> <span class='ocrx_word' id='word_1_363' title='bbox 2742 1745 2834 1794; x_wconf 87' lang='grc' dir='ltr'><strong>τοῦ</strong></span> <span class='ocrx_word' id='word_1_364' title='bbox 2891 1741 3033 1801; x_wconf 79' lang='grc' dir='ltr'>Υἱοῦ.</span> <span class='ocrx_word' id='word_1_365' title='bbox 3070 1766 3092 1796; x_wconf 76' lang='grc' dir='ltr'>ι</span> <span class='ocrx_word' id='word_1_366' title='bbox 3137 1743 3232 1797; x_wconf 78' lang='grc' dir='ltr'><strong>Καὶ</strong></span> <span class='ocrx_word' id='word_1_367' title='bbox 3275 1742 3407 1816; x_wconf 77' lang='grc' dir='ltr'>μετά</span> <span class='ocrx_word' id='word_1_368' title='bbox 3451 1763 3566 1798; x_wconf 87' lang='grc' dir='ltr'>τινα</span> <span class='ocrx_word' id='word_1_369' title='bbox 3601 1760 3615 1775; x_wconf 79' lang='grc'><strong>⁸</strong></span> <span class='ocrx_word' id='word_1_370' title='bbox 3655 1767 3678 1798; x_wconf 74' lang='grc' dir='ltr'>ι</span> <span class='ocrx_word' id='word_1_371' title='bbox 3727 1744 3913 1800; x_wconf 78' lang='grc' dir='ltr'>Τοίνυν</span> 
     </span>
    </p>
   </div>
   <div class='ocr_carea' id='block_1_48' title="bbox 2253 1827 3915 1906">
    <p class='ocr_par' dir='ltr' id='par_1_48' title="bbox 2253 1827 3915 1906">
     <span class='ocr_line' id='line_1_49' title="bbox 2253 1827 3915 1906; baseline 0.004 -25"><span class='ocrx_word' id='word_1_372' title='bbox 2253 1827 2435 1905; x_wconf 78' lang='grc' dir='ltr'>Πατὴρ</span> <span class='ocrx_word' id='word_1_373' title='bbox 2488 1828 2579 1901; x_wconf 83' lang='grc' dir='ltr'>ἧν,</span> <span class='ocrx_word' id='word_1_374' title='bbox 2630 1829 2717 1883; x_wconf 86' lang='grc' dir='ltr'>καὶ</span> <span class='ocrx_word' id='word_1_375' title='bbox 2762 1827 2881 1891; x_wconf 83' lang='grc' dir='ltr'>Υἱός</span> <span class='ocrx_word' id='word_1_376' title='bbox 2937 1832 3002 1905; x_wconf 78' lang='grc' dir='ltr'>ᾖν</span> <span class='ocrx_word' id='word_1_377' title='bbox 3034 1829 3134 1904; x_wconf 77' lang='grc' dir='ltr'>ἀεὶ,</span> <span class='ocrx_word' id='word_1_378' title='bbox 3173 1831 3258 1886; x_wconf 81' lang='grc' dir='ltr'><strong>καὶ</strong></span> <span class='ocrx_word' id='word_1_379' title='bbox 3315 1831 3376 1887; x_wconf 89' lang='grc' dir='ltr'><strong>τό</strong></span> <span class='ocrx_word' id='word_1_380' title='bbox 3436 1837 3646 1906; x_wconf 81' lang='grc' dir='ltr'>Πνεῦμα</span> <span class='ocrx_word' id='word_1_381' title='bbox 3703 1833 3762 1888; x_wconf 79' lang='grc' dir='ltr'>ἐκ</span> <span class='ocrx_word' id='word_1_382' title='bbox 3817 1833 3915 1888; x_wconf 79' lang='grc' dir='ltr'><strong>τοῦ</strong></span> 
     </span>
    </p>
   </div>
   <div class='ocr_carea' id='block_1_49' title="bbox 2250 1917 2982 1994">
    <p class='ocr_par' dir='ltr' id='par_1_49' title="bbox 2250 1917 2982 1994">
     <span class='ocr_line' id='line_1_50' title="bbox 2250 1917 2982 1994; baseline -0.001 -25"><span class='ocrx_word' id='word_1_383' title='bbox 2250 1917 2452 1994; x_wconf 84' lang='grc' dir='ltr'>Πατρός</span> <span class='ocrx_word' id='word_1_384' title='bbox 2482 1917 2568 1972; x_wconf 88' lang='grc' dir='ltr'><strong>καὶ</strong></span> <span class='ocrx_word' id='word_1_385' title='bbox 2607 1919 2719 1972; x_wconf 74' lang='grc' dir='ltr'>Υἱοῦ</span> <span class='ocrx_word' id='word_1_386' title='bbox 2749 1917 2916 1976; x_wconf 83' lang='grc' dir='ltr'>πνέει.</span> <span class='ocrx_word' id='word_1_387' title='bbox 2959 1936 2982 1968; x_wconf 72' lang='grc' dir='ltr'>ι</span> 
     </span>
    </p>
   </div>
   <div class='ocr_carea' id='block_1_50' title="bbox 2327 1995 3236 2082">
    <p class='ocr_par' dir='ltr' id='par_1_50' title="bbox 2327 1995 3236 2082">
     <span class='ocr_line' id='line_1_51' title="bbox 2327 1995 3236 2082; baseline 0 -20"><span class='ocrx_word' id='word_1_388' title='bbox 2327 1995 2458 2062; x_wconf 76' lang='grc' dir='ltr'><strong>υΟτι</strong></span> <span class='ocrx_word' id='word_1_389' title='bbox 2502 2002 2586 2060; x_wconf 76' lang='grc' dir='ltr'><strong>διὰ</strong></span> <span class='ocrx_word' id='word_1_390' title='bbox 2619 2007 2713 2060; x_wconf 86' lang='grc' dir='ltr'><strong>τοῦ</strong></span> <span class='ocrx_word' id='word_1_391' title='bbox 2745 2008 2866 2062; x_wconf 68' lang='grc' dir='ltr'>ι’ἱοῦ</span> <span class='ocrx_word' id='word_1_392' title='bbox 2906 2006 2966 2061; x_wconf 85' lang='grc' dir='ltr'>τὸ</span> <span class='ocrx_word' id='word_1_393' title='bbox 3001 2011 3236 2082; x_wconf 90' lang='grc' dir='ltr'>Πνεῦμα.</span> 
     </span>
    </p>
   </div>
   <div class='ocr_carea' id='block_1_51' title="bbox 2331 2082 3905 2178">
    <p class='ocr_par' dir='ltr' id='par_1_51' title="bbox 2331 2082 3905 2178">
     <span class='ocr_line' id='line_1_52' title="bbox 2331 2082 3905 2178; baseline 0.004 -29"><span class='ocrx_word' id='word_1_394' title='bbox 2331 2082 2388 2149; x_wconf 57' lang='grc' dir='ltr'><strong>ιΟ</strong></span> <span class='ocrx_word' id='word_1_395' title='bbox 2426 2093 2597 2178; x_wconf 78' lang='grc' dir='ltr'>μέγας</span> <span class='ocrx_word' id='word_1_396' title='bbox 2662 2093 2973 2158; x_wconf 83' lang='grc' dir='ltr'>Ἀθανάσιος</span> <span class='ocrx_word' id='word_1_397' title='bbox 3030 2094 3083 2150; x_wconf 82' lang='grc' dir='ltr'><strong>ὲν</strong></span> <span class='ocrx_word' id='word_1_398' title='bbox 3153 2099 3230 2170; x_wconf 79' lang='grc' dir='ltr'>τῷ</span> <span class='ocrx_word' id='word_1_399' title='bbox 3300 2096 3445 2175; x_wconf 68' lang='grc' dir='ltr'>λόγῳ</span> <span class='ocrx_word' id='word_1_400' title='bbox 3513 2101 3569 2163; x_wconf 86' lang='grc' dir='ltr'>ὃς</span> <span class='ocrx_word' id='word_1_401' title='bbox 3614 2099 3905 2178; x_wconf 82' lang='grc' dir='ltr'>ἐπιγέγρα-</span> 
     </span>
    </p>
   </div>
   <div class='ocr_carea' id='block_1_52' title="bbox 2246 2172 3906 2264">
    <p class='ocr_par' dir='ltr' id='par_1_52' title="bbox 2246 2172 3906 2264">
     <span class='ocr_line' id='line_1_53' title="bbox 2246 2172 3906 2264; baseline 0.005 -28"><span class='ocrx_word' id='word_1_402' title='bbox 2246 2203 2394 2253; x_wconf 75' lang='grc' dir='ltr'>πται,</span> <span class='ocrx_word' id='word_1_403' title='bbox 2453 2205 2475 2234; x_wconf 80' lang='grc' dir='ltr'>ι</span> <span class='ocrx_word' id='word_1_404' title='bbox 2529 2172 2809 2262; x_wconf 69' lang='grc' dir='ltr'>’Ἔλεγχος</span> <span class='ocrx_word' id='word_1_405' title='bbox 2855 2184 3180 2262; x_wconf 75' lang='grc' dir='ltr'>ὑποκρίσεως</span> <span class='ocrx_word' id='word_1_406' title='bbox 3228 2191 3334 2241; x_wconf 80' lang='grc' dir='ltr'><strong>τῶν</strong></span> <span class='ocrx_word' id='word_1_407' title='bbox 3378 2189 3492 2264; x_wconf 86' lang='grc' dir='ltr'>περὶ</span> <span class='ocrx_word' id='word_1_408' title='bbox 3525 2187 3775 2243; x_wconf 83' lang='grc' dir='ltr'>Μελέτιον</span> <span class='ocrx_word' id='word_1_409' title='bbox 3802 2172 3906 2244; x_wconf 47' lang='grc' dir='ltr'>’καὶ</span> 
     </span>
    </p>
   </div>
   <div class='ocr_carea' id='block_1_53' title="bbox 2247 2262 3904 2352">
    <p class='ocr_par' dir='ltr' id='par_1_53' title="bbox 2247 2262 3904 2352">
     <span class='ocr_line' id='line_1_54' title="bbox 2247 2262 3904 2352; baseline 0.004 -26"><span class='ocrx_word' id='word_1_410' title='bbox 2247 2267 2510 2344; x_wconf 74' lang='grc' dir='ltr'>Εὗσέϐιον,</span> <span class='ocrx_word' id='word_1_411' title='bbox 2563 2295 2588 2329; x_wconf 72' lang='grc' dir='ltr'><strong><em>ι</em></strong></span> <span class='ocrx_word' id='word_1_412' title='bbox 2619 2274 2679 2329; x_wconf 80' lang='grc' dir='ltr'><strong>οῦ</strong></span> <span class='ocrx_word' id='word_1_413' title='bbox 2749 2273 2783 2339; x_wconf 83' lang='grc' dir='ltr'>ἡ</span> <span class='ocrx_word' id='word_1_414' title='bbox 2844 2271 3016 2350; x_wconf 80' lang='grc' dir='ltr'>ἀρχὴ,</span> <span class='ocrx_word' id='word_1_415' title='bbox 3059 2294 3081 2328; x_wconf 80' lang='grc' dir='ltr'>(ι</span> <span class='ocrx_word' id='word_1_416' title='bbox 3123 2262 3455 2352; x_wconf 66' lang='grc' dir='ltr'>’Ἄνθρωπος</span> <span class='ocrx_word' id='word_1_417' title='bbox 3501 2275 3617 2332; x_wconf 84' lang='grc' dir='ltr'>καθ’</span> <span class='ocrx_word' id='word_1_418' title='bbox 3649 2277 3904 2352; x_wconf 83' lang='grc' dir='ltr'>ὁμοίωσιν</span> 
     </span>
    </p>
   </div>
   <div class='ocr_carea' id='block_1_54' title="bbox 2245 2356 3901 2441">
    <p class='ocr_par' dir='ltr' id='par_1_54' title="bbox 2245 2356 3901 2441">
     <span class='ocr_line' id='line_1_55' title="bbox 2245 2356 3901 2441; baseline 0.005 -28"><span class='ocrx_word' id='word_1_419' title='bbox 2245 2365 2376 2417; x_wconf 86' lang='grc' dir='ltr'>Θεοῦ</span> <span class='ocrx_word' id='word_1_420' title='bbox 2415 2359 2619 2437; x_wconf 70' lang='grc' dir='ltr'>γέγονε,</span> <span class='ocrx_word' id='word_1_421' title='bbox 2672 2383 2697 2415; x_wconf 67' lang='grc' dir='ltr'><strong>ι</strong></span> <span class='ocrx_word' id='word_1_422' title='bbox 2743 2362 2902 2440; x_wconf 74' lang='grc' dir='ltr'>φησίν</span> <span class='ocrx_word' id='word_1_423' title='bbox 2939 2379 2952 2394; x_wconf 84' lang='lat'><strong><em>°</em></strong></span> <span class='ocrx_word' id='word_1_424' title='bbox 3005 2384 3031 2415; x_wconf 71' lang='grc' dir='ltr'><strong>α</strong></span> <span class='ocrx_word' id='word_1_425' title='bbox 3081 2356 3174 2417; x_wconf 57' lang='grc' dir='ltr'><strong>Ἠν</strong></span> <span class='ocrx_word' id='word_1_426' title='bbox 3235 2361 3288 2417; x_wconf 79' lang='grc' dir='ltr'><strong>δὲ</strong></span> <span class='ocrx_word' id='word_1_427' title='bbox 3331 2363 3580 2422; x_wconf 80' lang='grc' dir='ltr'>ἀδύνατον</span> <span class='ocrx_word' id='word_1_428' title='bbox 3611 2365 3664 2420; x_wconf 84' lang='grc' dir='ltr'>ἐν</span> <span class='ocrx_word' id='word_1_429' title='bbox 3706 2371 3772 2441; x_wconf 80' lang='grc' dir='ltr'><strong>τῇ</strong></span> <span class='ocrx_word' id='word_1_430' title='bbox 3803 2371 3901 2434; x_wconf 78' lang='grc' dir='ltr'>τῆς</span> 
     </span>
    </p>
   </div>
   <div class='ocr_carea' id='block_1_55' title="bbox 2243 2445 3899 2532">
    <p class='ocr_par' dir='ltr' id='par_1_55' title="bbox 2243 2445 3899 2532">
     <span class='ocr_line' id='line_1_56' title="bbox 2243 2445 3899 2532; baseline 0.004 -28"><span class='ocrx_word' id='word_1_431' title='bbox 2243 2445 2459 2525; x_wconf 77' lang='grc' dir='ltr'>Τριάδος</span> <span class='ocrx_word' id='word_1_432' title='bbox 2505 2447 2629 2525; x_wconf 73' lang='grc' dir='ltr'>δόξῃ</span> <span class='ocrx_word' id='word_1_433' title='bbox 2686 2450 2747 2504; x_wconf 84' lang='grc' dir='ltr'>τὸ</span> <span class='ocrx_word' id='word_1_434' title='bbox 2817 2455 3030 2522; x_wconf 85' lang='grc' dir='ltr'>Πνεῦμα</span> <span class='ocrx_word' id='word_1_435' title='bbox 3089 2447 3408 2532; x_wconf 67' lang='grc' dir='ltr'><strong>δοξάζεσθαι,</strong></span> <span class='ocrx_word' id='word_1_436' title='bbox 3466 2455 3542 2528; x_wconf 79' lang='grc' dir='ltr'>μὴ</span> <span class='ocrx_word' id='word_1_437' title='bbox 3600 2453 3899 2532; x_wconf 78' lang='grc' dir='ltr'>προοδεκὼς</span> 
     </span>
    </p>
   </div>
   <div class='ocr_carea' id='block_1_56' title="bbox 2243 2534 3897 2621">
    <p class='ocr_par' dir='ltr' id='par_1_56' title="bbox 2243 2534 3897 2621">
     <span class='ocr_line' id='line_1_57' title="bbox 2243 2534 3897 2621; baseline 0.005 -31"><span class='ocrx_word' id='word_1_438' title='bbox 2243 2534 2299 2593; x_wconf 78' lang='grc' dir='ltr'>ὅν</span> <span class='ocrx_word' id='word_1_439' title='bbox 2345 2536 2405 2592; x_wconf 80' lang='grc' dir='ltr'>ἐκ</span> <span class='ocrx_word' id='word_1_440' title='bbox 2435 2544 2566 2594; x_wconf 82' lang='grc' dir='ltr'>Θεοῦ</span> <span class='ocrx_word' id='word_1_441' title='bbox 2617 2534 2683 2592; x_wconf 86' lang='grc' dir='ltr'>δι’</span> <span class='ocrx_word' id='word_1_442' title='bbox 2748 2537 2890 2617; x_wconf 76' lang='grc' dir='ltr'>Υἱοῦ,</span> <span class='ocrx_word' id='word_1_443' title='bbox 2950 2537 3083 2594; x_wconf 82' lang='grc' dir='ltr'>ἀλλὰ</span> <span class='ocrx_word' id='word_1_444' title='bbox 3113 2542 3407 2607; x_wconf 78' lang='grc' dir='ltr'>ποιητικῶς</span> <span class='ocrx_word' id='word_1_445' title='bbox 3439 2541 3500 2599; x_wconf 79' lang='grc' dir='ltr'>ἐκ</span> <span class='ocrx_word' id='word_1_446' title='bbox 3543 2550 3674 2600; x_wconf 88' lang='grc' dir='ltr'>Θεοῦ</span> <span class='ocrx_word' id='word_1_447' title='bbox 3730 2564 3897 2621; x_wconf 76' lang='grc' dir='ltr'>γεγο-</span> 
     </span>
    </p>
   </div>
   <div class='ocr_carea' id='block_1_57' title="bbox 2244 2625 2836 2704">
    <p class='ocr_par' dir='ltr' id='par_1_57' title="bbox 2244 2625 2836 2704">
     <span class='ocr_line' id='line_1_58' title="bbox 2244 2625 2836 2704; baseline 0.003 -24"><span class='ocrx_word' id='word_1_448' title='bbox 2244 2627 2353 2700; x_wconf 81' lang='grc' dir='ltr'>νὸς,</span> <span class='ocrx_word' id='word_1_449' title='bbox 2390 2627 2464 2691; x_wconf 84' lang='grc' dir='ltr'>ὡς</span> <span class='ocrx_word' id='word_1_450' title='bbox 2509 2625 2770 2704; x_wconf 82' lang='grc' dir='ltr'>λέγουσιν.</span> <span class='ocrx_word' id='word_1_451' title='bbox 2809 2650 2836 2682; x_wconf 72' lang='grc' dir='ltr'><strong><em>ι</em></strong></span> 
     </span>
    </p>
   </div>
   <div class='ocr_carea' id='block_1_58' title="bbox 2325 2708 3897 2798">
    <p class='ocr_par' dir='ltr' id='par_1_58' title="bbox 2325 2708 3897 2798">
     <span class='ocr_line' id='line_1_59' title="bbox 2325 2708 3897 2798; baseline 0.003 -27"><span class='ocrx_word' id='word_1_452' title='bbox 2325 2708 2383 2771; x_wconf 68' lang='grc' dir='ltr'>Ὀ</span> <span class='ocrx_word' id='word_1_453' title='bbox 2429 2715 2581 2778; x_wconf 73' lang='grc' dir='ltr'>αὐτὸς</span> <span class='ocrx_word' id='word_1_454' title='bbox 2636 2713 2689 2769; x_wconf 83' lang='grc' dir='ltr'>ἐν</span> <span class='ocrx_word' id='word_1_455' title='bbox 2745 2716 2781 2790; x_wconf 69' lang='grc' dir='ltr'>ᾗ</span> <span class='ocrx_word' id='word_1_456' title='bbox 2839 2715 3095 2772; x_wconf 78' lang='grc' dir='ltr'>ἐκτίθεται</span> <span class='ocrx_word' id='word_1_457' title='bbox 3164 2715 3384 2784; x_wconf 75' lang='grc' dir='ltr'>διαλέξει</span> <span class='ocrx_word' id='word_1_458' title='bbox 3448 2710 3745 2798; x_wconf 73' lang='grc' dir='ltr'>Ὄρθοδόξου</span> <span class='ocrx_word' id='word_1_459' title='bbox 3810 2722 3897 2776; x_wconf 87' lang='grc' dir='ltr'><strong>καὶ</strong></span> 
     </span>
    </p>
   </div>
   <div class='ocr_carea' id='block_1_59' title="bbox 2241 2801 3896 2886">
    <p class='ocr_par' dir='ltr' id='par_1_59' title="bbox 2241 2801 3896 2886">
     <span class='ocr_line' id='line_1_60' title="bbox 2241 2801 3896 2886; baseline 0.004 -28"><span class='ocrx_word' id='word_1_460' title='bbox 2241 2801 2652 2878; x_wconf 82' lang='grc' dir='ltr'>Μακεδονιανοῦ,</span> <span class='ocrx_word' id='word_1_461' title='bbox 2685 2805 2842 2883; x_wconf 70' lang='grc' dir='ltr'>φησὶν</span> <span class='ocrx_word' id='word_1_462' title='bbox 2877 2820 2891 2835; x_wconf 89' lang='grc'>⁶</span> <span class='ocrx_word' id='word_1_463' title='bbox 2933 2831 2955 2862; x_wconf 77' lang='grc' dir='ltr'>ι</span> <span class='ocrx_word' id='word_1_464' title='bbox 3005 2801 3127 2861; x_wconf 78' lang='grc' dir='ltr'><strong>Ἐὰν</strong></span> <span class='ocrx_word' id='word_1_465' title='bbox 3169 2804 3358 2886; x_wconf 81' lang='grc' dir='ltr'>δειχθῇ</span> <span class='ocrx_word' id='word_1_466' title='bbox 3403 2813 3504 2875; x_wconf 79' lang='grc' dir='ltr'><strong>τῆς</strong></span> <span class='ocrx_word' id='word_1_467' title='bbox 3544 2809 3707 2875; x_wconf 78' lang='grc' dir='ltr'>αῦτῆς</span> <span class='ocrx_word' id='word_1_468' title='bbox 3754 2810 3896 2864; x_wconf 79' lang='grc' dir='ltr'>εἶναι</span> 
     </span>
    </p>
   </div>
   <div class='ocr_carea' id='block_1_60' title="bbox 2241 2893 3897 2977">
    <p class='ocr_par' dir='ltr' id='par_1_60' title="bbox 2241 2893 3897 2977">
     <span class='ocr_line' id='line_1_61' title="bbox 2241 2893 3897 2977; baseline 0.003 -28"><span class='ocrx_word' id='word_1_469' title='bbox 2241 2893 2444 2974; x_wconf 69' lang='grc' dir='ltr'>φύσεως</span> <span class='ocrx_word' id='word_1_470' title='bbox 2530 2896 2616 2950; x_wconf 88' lang='grc' dir='ltr'><strong>καὶ</strong></span> <span class='ocrx_word' id='word_1_471' title='bbox 2681 2896 2934 2962; x_wconf 84' lang='grc' dir='ltr'>θεότητος</span> <span class='ocrx_word' id='word_1_472' title='bbox 3005 2902 3082 2970; x_wconf 84' lang='grc' dir='ltr'>τῷ</span> <span class='ocrx_word' id='word_1_473' title='bbox 3127 2899 3233 2972; x_wconf 81' lang='grc' dir='ltr'><strong>Υἱῴ</strong></span> <span class='ocrx_word' id='word_1_474' title='bbox 3317 2898 3403 2954; x_wconf 83' lang='grc' dir='ltr'>καὶ</span> <span class='ocrx_word' id='word_1_475' title='bbox 3445 2906 3523 2974; x_wconf 85' lang='grc' dir='ltr'>τῷ</span> <span class='ocrx_word' id='word_1_476' title='bbox 3579 2901 3762 2977; x_wconf 84' lang='grc' dir='ltr'>Πασρὶ,</span> <span class='ocrx_word' id='word_1_477' title='bbox 3834 2901 3897 2956; x_wconf 83' lang='lat'><strong>16</strong></span> 
     </span>
    </p>
   </div>
   <div class='ocr_carea' id='block_1_61' title="bbox 2242 2983 3893 3067">
    <p class='ocr_par' dir='ltr' id='par_1_61' title="bbox 2242 2983 3893 3067">
     <span class='ocr_line' id='line_1_62' title="bbox 2242 2983 3893 3067; baseline 0.017 -42"><span class='ocrx_word' id='word_1_478' title='bbox 2242 2983 2476 3064; x_wconf 62' lang='grc' dir='ltr'>Πνεῦμα,</span> <span class='ocrx_word' id='word_1_479' title='bbox 2537 2985 2598 3039; x_wconf 80' lang='grc' dir='ltr'>τὸ</span> <span class='ocrx_word' id='word_1_480' title='bbox 2655 2983 2706 3048; x_wconf 80' lang='grc' dir='ltr'>ἐξ</span> <span class='ocrx_word' id='word_1_481' title='bbox 2739 2984 2895 3041; x_wconf 74' lang='grc' dir='ltr'>αὐτοῦ</span> <span class='ocrx_word' id='word_1_482' title='bbox 2927 2994 3020 3043; x_wconf 85' lang='grc' dir='ltr'><strong>τοῦ</strong></span> <span class='ocrx_word' id='word_1_483' title='bbox 3067 2989 3268 3066; x_wconf 84' lang='grc' dir='ltr'>Πατρὸς</span> <span class='ocrx_word' id='word_1_484' title='bbox 3299 2985 3383 3045; x_wconf 79' lang='grc' dir='ltr'>διὰ</span> <span class='ocrx_word' id='word_1_485' title='bbox 3413 2995 3506 3044; x_wconf 87' lang='grc' dir='ltr'><strong>τοῦ</strong></span> <span class='ocrx_word' id='word_1_486' title='bbox 3542 2990 3664 3046; x_wconf 82' lang='grc' dir='ltr'>Υἷοῦ</span> <span class='ocrx_word' id='word_1_487' title='bbox 3725 2987 3893 3067; x_wconf 60' lang='grc' dir='ltr'>ἐκλυ-</span> 
     </span>
    </p>
   </div>
   <div class='ocr_carea' id='block_1_62' title="bbox 2179 3073 3890 3156">
    <p class='ocr_par' dir='ltr' id='par_1_62' title="bbox 2179 3073 3890 3156">
     <span class='ocr_line' id='line_1_63' title="bbox 2179 3073 3890 3156; baseline 0.002 -27"><span class='ocrx_word' id='word_1_488' title='bbox 2179 3095 2219 3145; x_wconf 81' lang='lat' dir='ltr'>c</span> <span class='ocrx_word' id='word_1_489' title='bbox 2243 3073 2348 3156; x_wconf 79' lang='grc' dir='ltr'>θὲν,</span> <span class='ocrx_word' id='word_1_490' title='bbox 2383 3075 2468 3129; x_wconf 83' lang='grc' dir='ltr'>καὶ</span> <span class='ocrx_word' id='word_1_491' title='bbox 2511 3076 2870 3152; x_wconf 83' lang='grc' dir='ltr'>προσκυνητὸν</span> <span class='ocrx_word' id='word_1_492' title='bbox 2915 3074 3002 3130; x_wconf 85' lang='grc' dir='ltr'><strong>καὶ</strong></span> <span class='ocrx_word' id='word_1_493' title='bbox 3047 3073 3327 3154; x_wconf 84' lang='grc' dir='ltr'>λατρευτὸν</span> <span class='ocrx_word' id='word_1_494' title='bbox 3358 3075 3828 3156; x_wconf 69' lang='grc' dir='ltr'>ἀποδειχθήσεται.</span> <span class='ocrx_word' id='word_1_495' title='bbox 3865 3100 3890 3135; x_wconf 70' lang='grc' dir='ltr'><strong>ι</strong></span> 
     </span>
    </p>
   </div>
   <div class='ocr_carea' id='block_1_63' title="bbox 2325 3155 3894 3244">
    <p class='ocr_par' dir='ltr' id='par_1_63' title="bbox 2325 3155 3894 3244">
     <span class='ocr_line' id='line_1_64' title="bbox 2325 3155 3894 3244; baseline 0.002 -25"><span class='ocrx_word' id='word_1_496' title='bbox 2325 3155 2382 3219; x_wconf 65' lang='grc' dir='ltr'>Ὀ</span> <span class='ocrx_word' id='word_1_497' title='bbox 2467 3165 2840 3244; x_wconf 70' lang='grc' dir='ltr'>Θαῦματυργὸς</span> <span class='ocrx_word' id='word_1_498' title='bbox 2928 3165 3235 3242; x_wconf 75' lang='grc' dir='ltr'>Γρήγοριος,</span> <span class='ocrx_word' id='word_1_499' title='bbox 3297 3165 3351 3220; x_wconf 84' lang='grc' dir='ltr'><strong>ἐν</strong></span> <span class='ocrx_word' id='word_1_500' title='bbox 3421 3171 3498 3239; x_wconf 86' lang='grc' dir='ltr'>τῷ</span> <span class='ocrx_word' id='word_1_501' title='bbox 3550 3155 3696 3244; x_wconf 80' lang='grc' dir='ltr'>λόγῳ</span> <span class='ocrx_word' id='word_1_502' title='bbox 3748 3166 3808 3222; x_wconf 80' lang='grc' dir='ltr'><strong>οῦ</strong></span> <span class='ocrx_word' id='word_1_503' title='bbox 3859 3169 3894 3233; x_wconf 80' lang='grc' dir='ltr'>ἡ</span> 
     </span>
    </p>
   </div>
   <div class='ocr_carea' id='block_1_64' title="bbox 520 3241 2165 3332">
    <p class='ocr_par' dir='ltr' id='par_1_64' title="bbox 520 3241 2160 3330">
     <span class='ocr_line' id='line_1_65' title="bbox 520 3241 2160 3330; baseline -0.003 -15"><span class='ocrx_word' id='word_1_504' title='bbox 520 3275 542 3306; x_wconf 75' lang='grc' dir='ltr'><strong>ι</strong></span> <span class='ocrx_word' id='word_1_505' title='bbox 573 3241 1004 3328; x_wconf 37' lang='lat' dir='ltr'><strong>Inim&#39;icissimi,</strong></span> <span class='ocrx_word' id='word_1_506' title='bbox 1035 3259 1094 3314; x_wconf 92' lang='lat' dir='ltr'><strong>et</strong></span> <span class='ocrx_word' id='word_1_507' title='bbox 1135 3251 1315 3313; x_wconf 91' lang='lat' dir='ltr'><strong>alieni</strong></span> <span class='ocrx_word' id='word_1_508' title='bbox 1346 3269 1378 3311; x_wconf 89' lang='lat' dir='ltr'><strong>a</strong></span> <span class='ocrx_word' id='word_1_509' title='bbox 1410 3241 1786 3312; x_wconf 82' lang='lat' dir='ltr'><strong>confessione</strong></span> <span class='ocrx_word' id='word_1_510' title='bbox 1839 3249 2160 3330; x_wconf 90' lang='lat' dir='ltr'><strong>apostolica</strong></span> 
     </span>
    </p>
   </div>
   <div class='ocr_carea' id='block_1_65' title="bbox 2247 3241 3892 3332">
    <p class='ocr_par' dir='ltr' id='par_1_65' title="bbox 2247 3241 3892 3332">
     <span class='ocr_line' id='line_1_66' title="bbox 2247 3241 3892 3332; baseline -0.007 -19"><span class='ocrx_word' id='word_1_511' title='bbox 2247 3251 2408 3331; x_wconf 66' lang='grc' dir='ltr'>ἀρχὴ,</span> <span class='ocrx_word' id='word_1_512' title='bbox 2481 3273 2504 3305; x_wconf 76' lang='grc' dir='ltr'>ι</span> <span class='ocrx_word' id='word_1_513' title='bbox 2560 3241 2850 3330; x_wconf 77' lang='grc' dir='ltr'>’Ἑχθιστοι</span> <span class='ocrx_word' id='word_1_514' title='bbox 2905 3255 2992 3309; x_wconf 85' lang='grc' dir='ltr'><strong>καὶ</strong></span> <span class='ocrx_word' id='word_1_515' title='bbox 3055 3241 3332 3332; x_wconf 65' lang='grc' dir='ltr'>ἀλλότριοι</span> <span class='ocrx_word' id='word_1_516' title='bbox 3383 3256 3480 3324; x_wconf 74' lang='grc' dir='ltr'><strong>τῆς</strong></span> <span class='ocrx_word' id='word_1_517' title='bbox 3536 3241 3892 3322; x_wconf 65' lang='grc' dir='ltr'>ἀπόστολικῆς</span> 
     </span>
    </p>
   </div>
   <div class='ocr_carea' id='block_1_66' title="bbox 513 3337 2154 3422">
    <p class='ocr_par' dir='ltr' id='par_1_66' title="bbox 513 3337 2154 3422">
     <span class='ocr_line' id='line_1_67' title="bbox 513 3337 2154 3422; baseline -0.002 -20"><span class='ocrx_word' id='word_1_518' title='bbox 513 3348 672 3422; x_wconf 87' lang='lat' dir='ltr'><strong>sunt,</strong></span> <span class='ocrx_word' id='word_1_519' title='bbox 707 3342 805 3422; x_wconf 87' lang='lat' dir='ltr'><strong>qui</strong></span> <span class='ocrx_word' id='word_1_520' title='bbox 835 3342 1043 3403; x_wconf 89' lang='lat' dir='ltr'><strong>dicunt</strong></span> <span class='ocrx_word' id='word_1_521' title='bbox 1071 3358 1202 3402; x_wconf 89' lang='lat' dir='ltr'><strong>esse</strong></span> <span class='ocrx_word' id='word_1_522' title='bbox 1233 3337 1448 3402; x_wconf 89' lang='lat' dir='ltr'><strong>Filium</strong></span> <span class='ocrx_word' id='word_1_523' title='bbox 1506 3358 1575 3400; x_wconf 84' lang='lat' dir='ltr'><strong>ex</strong></span> <span class='ocrx_word' id='word_1_524' title='bbox 1633 3339 1708 3400; x_wconf 89' lang='lat' dir='ltr'><strong>iis</strong></span> <span class='ocrx_word' id='word_1_525' title='bbox 1741 3357 1868 3418; x_wconf 72' lang='lat' dir='ltr'><strong>quae</strong></span> <span class='ocrx_word' id='word_1_526' title='bbox 1901 3357 2020 3400; x_wconf 91' lang='lat' dir='ltr'><strong>non</strong></span> <span class='ocrx_word' id='word_1_527' title='bbox 2051 3357 2154 3399; x_wconf 79' lang='lat' dir='ltr'><strong>ex-</strong></span> 
     </span>
    </p>
   </div>
   <div class='ocr_carea' id='block_1_67' title="bbox 511 3429 2156 3508">
    <p class='ocr_par' dir='ltr' id='par_1_67' title="bbox 511 3429 2156 3508">
     <span class='ocr_line' id='line_1_68' title="bbox 511 3429 2156 3508; baseline -0.001 -18"><span class='ocrx_word' id='word_1_528' title='bbox 511 3438 728 3505; x_wconf 64' lang='lat' dir='ltr'><strong>stant,»</strong></span> <span class='ocrx_word' id='word_1_529' title='bbox 757 3430 964 3492; x_wconf 81' lang='lat' dir='ltr'><strong>scribit</strong></span> <span class='ocrx_word' id='word_1_530' title='bbox 996 3449 1010 3490; x_wconf 90' lang='lat'><strong>:</strong></span> <span class='ocrx_word' id='word_1_531' title='bbox 1049 3454 1076 3485; x_wconf 78' lang='grc' dir='ltr'><strong>α</strong></span> <span class='ocrx_word' id='word_1_532' title='bbox 1104 3430 1378 3490; x_wconf 85' lang='lat' dir='ltr'><strong>Manente</strong></span> <span class='ocrx_word' id='word_1_533' title='bbox 1433 3429 1606 3489; x_wconf 83' lang='lat' dir='ltr'><strong>Patre</strong></span> <span class='ocrx_word' id='word_1_534' title='bbox 1637 3429 1924 3508; x_wconf 80' lang='lat' dir='ltr'><strong>ingenito,</strong></span> <span class='ocrx_word' id='word_1_535' title='bbox 1959 3430 2156 3506; x_wconf 79' lang='lat' dir='ltr'><strong>genito</strong></span> 
     </span>
    </p>
   </div>
   <div class='ocr_carea' id='block_1_68' title="bbox 507 3515 2155 3596">
    <p class='ocr_par' dir='ltr' id='par_1_68' title="bbox 507 3515 2155 3596">
     <span class='ocr_line' id='line_1_69' title="bbox 507 3515 2155 3596; baseline -0.001 -18"><span class='ocrx_word' id='word_1_536' title='bbox 507 3526 704 3580; x_wconf 89' lang='lat' dir='ltr'><strong>autem</strong></span> <span class='ocrx_word' id='word_1_537' title='bbox 746 3537 816 3579; x_wconf 89' lang='lat' dir='ltr'><strong>ex</strong></span> <span class='ocrx_word' id='word_1_538' title='bbox 847 3522 1021 3580; x_wconf 91' lang='lat' dir='ltr'><strong>Patre</strong></span> <span class='ocrx_word' id='word_1_539' title='bbox 1051 3517 1224 3592; x_wconf 88' lang='lat' dir='ltr'><strong>Filio,</strong></span> <span class='ocrx_word' id='word_1_540' title='bbox 1280 3525 1339 3578; x_wconf 88' lang='lat' dir='ltr'><strong>et</strong></span> <span class='ocrx_word' id='word_1_541' title='bbox 1389 3516 1613 3596; x_wconf 91' lang='lat' dir='ltr'><strong>Spiritu</strong></span> <span class='ocrx_word' id='word_1_542' title='bbox 1671 3524 1874 3578; x_wconf 90' lang='lat' dir='ltr'><strong>sancto</strong></span> <span class='ocrx_word' id='word_1_543' title='bbox 1907 3536 1977 3576; x_wconf 87' lang='lat' dir='ltr'><strong>ex</strong></span> <span class='ocrx_word' id='word_1_544' title='bbox 2010 3515 2155 3577; x_wconf 89' lang='lat' dir='ltr'><strong>sub-</strong></span> 
     </span>
    </p>
   </div>
   <div class='ocr_carea' id='block_1_69' title="bbox 509 3605 1909 3687">
    <p class='ocr_par' dir='ltr' id='par_1_69' title="bbox 509 3605 1909 3687">
     <span class='ocr_line' id='line_1_70' title="bbox 509 3605 1909 3687; baseline -0.004 -19"><span class='ocrx_word' id='word_1_545' title='bbox 509 3607 722 3668; x_wconf 90' lang='lat' dir='ltr'><strong>stantia</strong></span> <span class='ocrx_word' id='word_1_546' title='bbox 753 3606 942 3668; x_wconf 91' lang='lat' dir='ltr'><strong>Patris</strong></span> <span class='ocrx_word' id='word_1_547' title='bbox 976 3625 1082 3687; x_wconf 91' lang='lat' dir='ltr'><strong>per</strong></span> <span class='ocrx_word' id='word_1_548' title='bbox 1115 3605 1328 3668; x_wconf 83' lang='lat' dir='ltr'><strong>Filium</strong></span> <span class='ocrx_word' id='word_1_549' title='bbox 1353 3613 1575 3667; x_wconf 69' lang='lat' dir='ltr'><strong>aaterne</strong></span> <span class='ocrx_word' id='word_1_550' title='bbox 1607 3606 1849 3667; x_wconf 92' lang='lat' dir='ltr'><strong>emisso.</strong></span> <span class='ocrx_word' id='word_1_551' title='bbox 1887 3632 1909 3663; x_wconf 74' lang='grc' dir='ltr'><strong>ι</strong></span> 
     </span>
    </p>
   </div>
   <div class='ocr_carea' id='block_1_70' title="bbox 591 3691 2160 3775">
    <p class='ocr_par' dir='ltr' id='par_1_70' title="bbox 591 3691 2160 3775">
     <span class='ocr_line' id='line_1_71' title="bbox 591 3691 2160 3775; baseline -0.001 -18"><span class='ocrx_word' id='word_1_552' title='bbox 591 3697 842 3775; x_wconf 79' lang='lat' dir='ltr'><strong>Magnus</strong></span> <span class='ocrx_word' id='word_1_553' title='bbox 873 3695 1128 3757; x_wconf 90' lang='lat' dir='ltr'><strong>Basilius</strong></span> <span class='ocrx_word' id='word_1_554' title='bbox 1171 3694 1233 3754; x_wconf 91' lang='lat' dir='ltr'><strong>in</strong></span> <span class='ocrx_word' id='word_1_555' title='bbox 1282 3712 1400 3755; x_wconf 91' lang='lat' dir='ltr'><strong>uno</strong></span> <span class='ocrx_word' id='word_1_556' title='bbox 1433 3712 1502 3755; x_wconf 86' lang='lat' dir='ltr'><strong>ex</strong></span> <span class='ocrx_word' id='word_1_557' title='bbox 1533 3691 1824 3774; x_wconf 90' lang='lat' dir='ltr'><strong>capitibus</strong></span> <span class='ocrx_word' id='word_1_558' title='bbox 1857 3693 2027 3772; x_wconf 86' lang='lat' dir='ltr'><strong>cujus</strong></span> <span class='ocrx_word' id='word_1_559' title='bbox 2057 3693 2160 3756; x_wconf 91' lang='lat' dir='ltr'><strong>illa</strong></span> 
     </span>
    </p>
   </div>
   <div class='ocr_carea' id='block_1_71' title="bbox 513 3782 2162 3865">
    <p class='ocr_par' dir='ltr' id='par_1_71' title="bbox 513 3782 2162 3865">
     <span class='ocr_line' id='line_1_72' title="bbox 513 3782 2162 3865; baseline -0.002 -19"><span class='ocrx_word' id='word_1_560' title='bbox 513 3793 602 3846; x_wconf 92' lang='lat' dir='ltr'><strong>est</strong></span> <span class='ocrx_word' id='word_1_561' title='bbox 632 3785 953 3865; x_wconf 83' lang='lat' dir='ltr'><strong>epigraphe</strong></span> <span class='ocrx_word' id='word_1_562' title='bbox 986 3803 1000 3846; x_wconf 93' lang='lat'>:</span> <span class='ocrx_word' id='word_1_563' title='bbox 1043 3807 1064 3841; x_wconf 79' lang='grc' dir='ltr'>α</span> <span class='ocrx_word' id='word_1_564' title='bbox 1102 3782 1300 3855; x_wconf 85' lang='lat' dir='ltr'><strong>Quare</strong></span> <span class='ocrx_word' id='word_1_565' title='bbox 1326 3801 1444 3843; x_wconf 88' lang='lat' dir='ltr'><strong>non</strong></span> <span class='ocrx_word' id='word_1_566' title='bbox 1477 3791 1536 3845; x_wconf 90' lang='lat' dir='ltr'><strong>et</strong></span> <span class='ocrx_word' id='word_1_567' title='bbox 1559 3782 1818 3862; x_wconf 87' lang='lat' dir='ltr'><strong>Spiritus</strong></span> <span class='ocrx_word' id='word_1_568' title='bbox 1843 3782 2001 3844; x_wconf 91' lang='lat' dir='ltr'><strong>ﬁlius</strong></span> <span class='ocrx_word' id='word_1_569' title='bbox 2027 3782 2162 3844; x_wconf 88' lang='lat' dir='ltr'><strong>Filii</strong></span> 
     </span>
    </p>
   </div>
   <div class='ocr_carea' id='block_1_72' title="bbox 508 3869 2164 3953">
    <p class='ocr_par' dir='ltr' id='par_1_72' title="bbox 508 3869 2164 3953">
     <span class='ocr_line' id='line_1_73' title="bbox 508 3869 2164 3953; baseline -0.001 -19"><span class='ocrx_word' id='word_1_570' title='bbox 508 3871 745 3947; x_wconf 86' lang='lat' dir='ltr'><strong>dicitur,</strong></span> <span class='ocrx_word' id='word_1_571' title='bbox 784 3894 805 3924; x_wconf 82' lang='grc' dir='ltr'><strong>ι</strong></span> <span class='ocrx_word' id='word_1_572' title='bbox 844 3870 1036 3953; x_wconf 87' lang='lat' dir='ltr'><strong>inquit</strong></span> <span class='ocrx_word' id='word_1_573' title='bbox 1071 3894 1084 3931; x_wconf 92' lang='lat'>:</span> <span class='ocrx_word' id='word_1_574' title='bbox 1127 3893 1149 3924; x_wconf 76' lang='grc' dir='ltr'><strong>ι</strong></span> <span class='ocrx_word' id='word_1_575' title='bbox 1181 3869 1309 3932; x_wconf 88' lang='lat' dir='ltr'><strong>Non</strong></span> <span class='ocrx_word' id='word_1_576' title='bbox 1342 3871 1482 3950; x_wconf 88' lang='lat' dir='ltr'><strong>quia</strong></span> <span class='ocrx_word' id='word_1_577' title='bbox 1515 3890 1634 3932; x_wconf 89' lang='lat' dir='ltr'><strong>non</strong></span> <span class='ocrx_word' id='word_1_578' title='bbox 1667 3879 1756 3930; x_wconf 90' lang='lat' dir='ltr'><strong>est</strong></span> <span class='ocrx_word' id='word_1_579' title='bbox 1785 3889 1854 3931; x_wconf 86' lang='lat' dir='ltr'><strong>ex</strong></span> <span class='ocrx_word' id='word_1_580' title='bbox 1905 3874 2029 3932; x_wconf 92' lang='lat' dir='ltr'><strong>Deo</strong></span> <span class='ocrx_word' id='word_1_581' title='bbox 2058 3889 2164 3951; x_wconf 89' lang='lat' dir='ltr'><strong>per</strong></span> 
     </span>
    </p>
   </div>
   <div class='ocr_carea' id='block_1_73' title="bbox 509 3957 2162 4034">
    <p class='ocr_par' dir='ltr' id='par_1_73' title="bbox 509 3957 2162 4034">
     <span class='ocr_line' id='line_1_74' title="bbox 509 3957 2162 4034; baseline -0.001 -11"><span class='ocrx_word' id='word_1_582' title='bbox 509 3961 751 4034; x_wconf 89' lang='lat' dir='ltr'><strong>Filium,</strong></span> <span class='ocrx_word' id='word_1_583' title='bbox 788 3961 894 4022; x_wconf 90' lang='lat' dir='ltr'><strong>sed</strong></span> <span class='ocrx_word' id='word_1_584' title='bbox 927 3979 1002 4023; x_wconf 89' lang='lat' dir='ltr'><strong>ne</strong></span> <span class='ocrx_word' id='word_1_585' title='bbox 1029 3959 1290 4022; x_wconf 90' lang='lat' dir='ltr'><strong>Trinitas</strong></span> <span class='ocrx_word' id='word_1_586' title='bbox 1340 3960 1496 4023; x_wconf 87' lang='lat' dir='ltr'><strong>ﬁlios</strong></span> <span class='ocrx_word' id='word_1_587' title='bbox 1537 3978 1608 4020; x_wconf 83' lang='lat' dir='ltr'><strong>ex</strong></span> <span class='ocrx_word' id='word_1_588' title='bbox 1667 3957 1803 4019; x_wconf 89' lang='lat' dir='ltr'><strong>ﬁliis</strong></span> <span class='ocrx_word' id='word_1_589' title='bbox 1852 3959 2070 4021; x_wconf 89' lang='lat' dir='ltr'><strong>habere</strong></span> <span class='ocrx_word' id='word_1_590' title='bbox 2101 3961 2162 4020; x_wconf 92' lang='lat' dir='ltr'><strong>in</strong></span> 
     </span>
    </p>
   </div>
   <div class='ocr_carea' id='block_1_74' title="bbox 510 4046 2164 4130">
    <p class='ocr_par' dir='ltr' id='par_1_74' title="bbox 510 4046 2164 4130">
     <span class='ocr_line' id='line_1_75' title="bbox 510 4046 2164 4130; baseline -0.001 -18"><span class='ocrx_word' id='word_1_591' title='bbox 510 4049 916 4130; x_wconf 91' lang='lat' dir='ltr'><strong>suspicionem</strong></span> <span class='ocrx_word' id='word_1_592' title='bbox 945 4049 1208 4119; x_wconf 86' lang='lat' dir='ltr'><strong>veniens,</strong></span> <span class='ocrx_word' id='word_1_593' title='bbox 1237 4057 1301 4110; x_wconf 93' lang='lat' dir='ltr'><strong>ut</strong></span> <span class='ocrx_word' id='word_1_594' title='bbox 1331 4056 1420 4111; x_wconf 90' lang='lat' dir='ltr'><strong>est</strong></span> <span class='ocrx_word' id='word_1_595' title='bbox 1448 4049 1509 4110; x_wconf 89' lang='lat' dir='ltr'><strong>in</strong></span> <span class='ocrx_word' id='word_1_596' title='bbox 1535 4046 1900 4123; x_wconf 83' lang='lat' dir='ltr'><strong>hominibus,</strong></span> <span class='ocrx_word' id='word_1_597' title='bbox 1936 4049 2164 4111; x_wconf 90' lang='lat' dir='ltr'><strong>inﬁnita</strong></span> 
     </span>
    </p>
   </div>
   <div class='ocr_carea' id='block_1_75' title="bbox 510 4137 2159 4222">
    <p class='ocr_par' dir='ltr' id='par_1_75' title="bbox 510 4137 2159 4222">
     <span class='ocr_line' id='line_1_76' title="bbox 510 4137 2159 4222; baseline 0 -22"><span class='ocrx_word' id='word_1_598' title='bbox 510 4147 754 4222; x_wconf 88' lang='lat' dir='ltr'><strong>putetur</strong></span> <span class='ocrx_word' id='word_1_599' title='bbox 783 4138 1163 4201; x_wconf 63' lang='lat' dir='ltr'><strong>multitudo.»</strong></span> <span class='ocrx_word' id='word_1_600' title='bbox 1195 4138 1268 4200; x_wconf 91' lang='lat' dir='ltr'><strong>Et</strong></span> <span class='ocrx_word' id='word_1_601' title='bbox 1289 4138 1491 4220; x_wconf 89' lang='lat' dir='ltr'><strong>paucis</strong></span> <span class='ocrx_word' id='word_1_602' title='bbox 1517 4137 1866 4217; x_wconf 89' lang='lat' dir='ltr'><strong>interjectis:</strong></span> <span class='ocrx_word' id='word_1_603' title='bbox 1900 4137 2159 4210; x_wconf 72' lang='lat' dir='ltr'><strong>rQuam-</strong></span> 
     </span>
    </p>
   </div>
   <div class='ocr_carea' id='block_1_76' title="bbox 516 4227 2162 4309">
    <p class='ocr_par' dir='ltr' id='par_1_76' title="bbox 516 4227 2162 4309">
     <span class='ocr_line' id='line_1_77' title="bbox 516 4227 2162 4309; baseline 0 -19"><span class='ocrx_word' id='word_1_604' title='bbox 516 4228 728 4292; x_wconf 90' lang='lat' dir='ltr'><strong>obrem</strong></span> <span class='ocrx_word' id='word_1_605' title='bbox 761 4248 831 4291; x_wconf 80' lang='lat' dir='ltr'><strong>ex</strong></span> <span class='ocrx_word' id='word_1_606' title='bbox 864 4231 987 4291; x_wconf 91' lang='lat' dir='ltr'><strong>Deo</strong></span> <span class='ocrx_word' id='word_1_607' title='bbox 1020 4228 1260 4309; x_wconf 90' lang='lat' dir='ltr'><strong>quidem</strong></span> <span class='ocrx_word' id='word_1_608' title='bbox 1294 4246 1425 4290; x_wconf 90' lang='lat' dir='ltr'><strong>esse</strong></span> <span class='ocrx_word' id='word_1_609' title='bbox 1447 4227 1733 4306; x_wconf 86' lang='lat' dir='ltr'><strong>Spiritum</strong></span> <span class='ocrx_word' id='word_1_610' title='bbox 1763 4236 1967 4308; x_wconf 87' lang='lat' dir='ltr'><strong>aperte</strong></span> <span class='ocrx_word' id='word_1_611' title='bbox 2009 4247 2162 4309; x_wconf 72' lang='lat' dir='ltr'><strong>prae—</strong></span> 
     </span>
    </p>
   </div>
   <div class='ocr_carea' id='block_1_77' title="bbox 469 4316 2162 4400">
    <p class='ocr_par' dir='ltr' id='par_1_77' title="bbox 469 4316 2162 4400">
     <span class='ocr_line' id='line_1_78' title="bbox 469 4316 2162 4400; baseline -0.001 -20"><span class='ocrx_word' id='word_1_612' title='bbox 469 4370 472 4373; x_wconf 97' lang='lat'><strong>.</strong></span> <span class='ocrx_word' id='word_1_613' title='bbox 513 4318 728 4381; x_wconf 83' lang='lat' dir='ltr'><strong>dicavit</strong></span> <span class='ocrx_word' id='word_1_614' title='bbox 754 4318 1096 4400; x_wconf 86' lang='lat' dir='ltr'><strong>Apostolus,</strong></span> <span class='ocrx_word' id='word_1_615' title='bbox 1120 4317 1329 4380; x_wconf 91' lang='lat' dir='ltr'><strong>dicens</strong></span> <span class='ocrx_word' id='word_1_616' title='bbox 1364 4339 1376 4378; x_wconf 92' lang='lat'><strong>:</strong></span> <span class='ocrx_word' id='word_1_617' title='bbox 1419 4340 1442 4372; x_wconf 77' lang='grc' dir='ltr'><strong>ι</strong></span> <span class='ocrx_word' id='word_1_618' title='bbox 1479 4316 1786 4398; x_wconf 89' lang='lat' dir='ltr'><strong>Spiritum,</strong></span> <span class='ocrx_word' id='word_1_619' title='bbox 1811 4317 1910 4398; x_wconf 91' lang='lat' dir='ltr'><strong>qui</strong></span> <span class='ocrx_word' id='word_1_620' title='bbox 1942 4336 2012 4379; x_wconf 85' lang='lat' dir='ltr'><strong>ex</strong></span> <span class='ocrx_word' id='word_1_621' title='bbox 2041 4317 2162 4380; x_wconf 89' lang='lat' dir='ltr'><strong>Deo</strong></span> 
     </span>
    </p>
   </div>
   <div class='ocr_carea' id='block_1_78' title="bbox 2241 3339 3890 3425">
    <p class='ocr_par' dir='ltr' id='par_1_78' title="bbox 2241 3339 3890 3425">
     <span class='ocr_line' id='line_1_79' title="bbox 2241 3339 3890 3425; baseline 0.001 -30"><span class='ocrx_word' id='word_1_622' title='bbox 2241 3339 2528 3418; x_wconf 81' lang='grc' dir='ltr'>ὁμολογίας</span> <span class='ocrx_word' id='word_1_623' title='bbox 2555 3342 2602 3396; x_wconf 77' lang='grc' dir='ltr'>οἱ</span> <span class='ocrx_word' id='word_1_624' title='bbox 2644 3343 2736 3396; x_wconf 86' lang='grc' dir='ltr'>τὸν</span> <span class='ocrx_word' id='word_1_625' title='bbox 2775 3343 2894 3398; x_wconf 77' lang='grc' dir='ltr'>Υἱὸν</span> <span class='ocrx_word' id='word_1_626' title='bbox 2921 3340 2975 3407; x_wconf 71' lang='grc' dir='ltr'>ἒξ</span> <span class='ocrx_word' id='word_1_627' title='bbox 3006 3345 3099 3399; x_wconf 78' lang='grc' dir='ltr'><strong>οῦκ</strong></span> <span class='ocrx_word' id='word_1_628' title='bbox 3127 3342 3291 3400; x_wconf 79' lang='grc' dir='ltr'>ὅντων</span> <span class='ocrx_word' id='word_1_629' title='bbox 3323 3342 3592 3424; x_wconf 83' lang='grc' dir='ltr'>λέγοντες,</span> <span class='ocrx_word' id='word_1_630' title='bbox 3627 3363 3652 3396; x_wconf 63' lang='grc' dir='ltr'><strong>η</strong></span> <span class='ocrx_word' id='word_1_631' title='bbox 3685 3346 3842 3425; x_wconf 75' lang='grc' dir='ltr'>φησὶν</span> <span class='ocrx_word' id='word_1_632' title='bbox 3878 3365 3890 3377; x_wconf 89' lang='grc'><strong>·</strong></span> 
     </span>
    </p>
   </div>
   <div class='ocr_carea' id='block_1_79' title="bbox 2246 3429 3892 3512">
    <p class='ocr_par' dir='ltr' id='par_1_79' title="bbox 2246 3429 3892 3512">
     <span class='ocr_line' id='line_1_80' title="bbox 2246 3429 3892 3512; baseline 0.004 -29"><span class='ocrx_word' id='word_1_633' title='bbox 2246 3452 2274 3483; x_wconf 73' lang='grc' dir='ltr'><strong>α</strong></span> <span class='ocrx_word' id='word_1_634' title='bbox 2308 3429 2630 3506; x_wconf 82' lang='grc' dir='ltr'>Ἀγεννήτου</span> <span class='ocrx_word' id='word_1_635' title='bbox 2687 3429 2784 3504; x_wconf 76' lang='grc' dir='ltr'><strong>μὲν</strong></span> <span class='ocrx_word' id='word_1_636' title='bbox 2841 3429 2990 3495; x_wconf 82' lang='grc' dir='ltr'>ὅντος</span> <span class='ocrx_word' id='word_1_637' title='bbox 3039 3438 3131 3488; x_wconf 90' lang='grc' dir='ltr'><strong>τοῦ</strong></span> <span class='ocrx_word' id='word_1_638' title='bbox 3167 3434 3395 3512; x_wconf 84' lang='grc' dir='ltr'>Πατρὸς,</span> <span class='ocrx_word' id='word_1_639' title='bbox 3453 3433 3793 3512; x_wconf 82' lang='grc' dir='ltr'>γεννηθέντος</span> <span class='ocrx_word' id='word_1_640' title='bbox 3838 3433 3892 3490; x_wconf 76' lang='grc' dir='ltr'><strong>δὲ</strong></span> 
     </span>
    </p>
   </div>
   <div class='ocr_carea' id='block_1_80' title="bbox 2240 3517 3893 3602">
    <p class='ocr_par' dir='ltr' id='par_1_80' title="bbox 2240 3517 3893 3602">
     <span class='ocr_line' id='line_1_81' title="bbox 2240 3517 3893 3602; baseline 0.004 -30"><span class='ocrx_word' id='word_1_641' title='bbox 2240 3519 2330 3574; x_wconf 88' lang='grc' dir='ltr'><strong>τοῦ</strong></span> <span class='ocrx_word' id='word_1_642' title='bbox 2384 3519 2504 3573; x_wconf 79' lang='grc' dir='ltr'>Υἱοῦ</span> <span class='ocrx_word' id='word_1_643' title='bbox 2559 3517 2618 3573; x_wconf 79' lang='grc' dir='ltr'>ἐκ</span> <span class='ocrx_word' id='word_1_644' title='bbox 2673 3525 2764 3574; x_wconf 89' lang='grc' dir='ltr'><strong>τοῦ</strong></span> <span class='ocrx_word' id='word_1_645' title='bbox 2804 3522 3026 3600; x_wconf 84' lang='grc' dir='ltr'>Πατρὸς,</span> <span class='ocrx_word' id='word_1_646' title='bbox 3085 3528 3176 3576; x_wconf 90' lang='grc' dir='ltr'><strong>τοῦ</strong></span> <span class='ocrx_word' id='word_1_647' title='bbox 3219 3542 3276 3576; x_wconf 91' lang='grc' dir='ltr'><strong>τε</strong></span> <span class='ocrx_word' id='word_1_648' title='bbox 3324 3524 3646 3602; x_wconf 77' lang='grc' dir='ltr'>Πνεύματος,</span> <span class='ocrx_word' id='word_1_649' title='bbox 3692 3522 3752 3577; x_wconf 79' lang='grc' dir='ltr'>ἐκ</span> <span class='ocrx_word' id='word_1_650' title='bbox 3793 3527 3893 3588; x_wconf 75' lang='grc' dir='ltr'>τῆς</span> 
     </span>
    </p>
   </div>
   <div class='ocr_carea' id='block_1_81' title="bbox 2242 3606 3698 3690">
    <p class='ocr_par' dir='ltr' id='par_1_81' title="bbox 2242 3606 3698 3690">
     <span class='ocr_line' id='line_1_82' title="bbox 2242 3606 3698 3690; baseline 0.005 -28"><span class='ocrx_word' id='word_1_651' title='bbox 2242 3606 2414 3690; x_wconf 70' lang='grc' dir='ltr'>οὐσίας</span> <span class='ocrx_word' id='word_1_652' title='bbox 2445 3613 2537 3662; x_wconf 91' lang='grc' dir='ltr'><strong>τοῦ</strong></span> <span class='ocrx_word' id='word_1_653' title='bbox 2569 3609 2771 3685; x_wconf 79' lang='grc' dir='ltr'>Πατρὸς</span> <span class='ocrx_word' id='word_1_654' title='bbox 2815 3607 2882 3663; x_wconf 83' lang='grc' dir='ltr'><strong>δι’</strong></span> <span class='ocrx_word' id='word_1_655' title='bbox 2915 3611 3033 3664; x_wconf 77' lang='grc' dir='ltr'>Υἱοῦ</span> <span class='ocrx_word' id='word_1_656' title='bbox 3077 3607 3258 3672; x_wconf 78' lang='grc' dir='ltr'>ἂϊδίως</span> <span class='ocrx_word' id='word_1_657' title='bbox 3291 3611 3698 3690; x_wconf 72' lang='grc' dir='ltr'>ἐκπεμφθέντος.</span> 
     </span>
    </p>
   </div>
   <div class='ocr_carea' id='block_1_82' title="bbox 2329 3685 3893 3780">
    <p class='ocr_par' dir='ltr' id='par_1_82' title="bbox 2329 3685 3893 3780">
     <span class='ocr_line' id='line_1_83' title="bbox 2329 3685 3812 3712; baseline 0.003 -6"><span class='ocrx_word' id='word_1_658' title='bbox 2329 3685 2342 3706; x_wconf 63' lang='grc' dir='ltr'><em>κ</em></span> <span class='ocrx_word' id='word_1_659' title='bbox 2497 3694 2507 3712; x_wconf 79' lang='lat'><strong>,</strong></span> <span class='ocrx_word' id='word_1_660' title='bbox 2771 3697 2780 3711; x_wconf 83' lang='lat'><strong><em>,</em></strong></span> <span class='ocrx_word' id='word_1_661' title='bbox 3425 3685 3430 3686; x_wconf 66' lang='lat'>’</span> <span class='ocrx_word' id='word_1_662' title='bbox 3478 3685 3487 3690; x_wconf 82' lang='lat'><strong><em>‘</em></strong></span> <span class='ocrx_word' id='word_1_663' title='bbox 3809 3707 3812 3710; x_wconf 74' lang='grc'>.</span> 
     </span>
     <span class='ocr_line' id='line_1_84' title="bbox 2346 3695 3893 3780; baseline 0.003 -29"><span class='ocrx_word' id='word_1_664' title='bbox 2346 3705 2385 3751; x_wconf 94' lang='grc' dir='ltr'><strong>Ο</strong></span> <span class='ocrx_word' id='word_1_665' title='bbox 2445 3717 2607 3773; x_wconf 85' lang='grc' dir='ltr'>μεγας</span> <span class='ocrx_word' id='word_1_666' title='bbox 2653 3695 2922 3760; x_wconf 79' lang='grc' dir='ltr'>Βασιλειος</span> <span class='ocrx_word' id='word_1_667' title='bbox 2967 3697 3019 3754; x_wconf 86' lang='grc' dir='ltr'>ἐν</span> <span class='ocrx_word' id='word_1_668' title='bbox 3090 3700 3161 3754; x_wconf 71' lang='grc' dir='ltr'>ἒνὶ</span> <span class='ocrx_word' id='word_1_669' title='bbox 3231 3705 3335 3756; x_wconf 81' lang='grc' dir='ltr'>τῶν</span> <span class='ocrx_word' id='word_1_670' title='bbox 3385 3701 3702 3780; x_wconf 71' lang='grc' dir='ltr'>κεφαλαίων,</span> <span class='ocrx_word' id='word_1_671' title='bbox 3757 3703 3816 3756; x_wconf 83' lang='grc' dir='ltr'><strong>οῦ</strong></span> <span class='ocrx_word' id='word_1_672' title='bbox 3858 3703 3893 3769; x_wconf 76' lang='grc' dir='ltr'><strong>ἡ</strong></span> 
     </span>
    </p>
   </div>
   <div class='ocr_carea' id='block_1_83' title="bbox 2245 3783 3888 3869">
    <p class='ocr_par' dir='ltr' id='par_1_83' title="bbox 2245 3783 3888 3869">
     <span class='ocr_line' id='line_1_85' title="bbox 2245 3783 3888 3869; baseline 0.002 -29"><span class='ocrx_word' id='word_1_673' title='bbox 2245 3783 2532 3863; x_wconf 74' lang='grc' dir='ltr'>ἐπιγραφὴ,</span> <span class='ocrx_word' id='word_1_674' title='bbox 2574 3811 2595 3841; x_wconf 82' lang='grc' dir='ltr'><strong>ι</strong></span> <span class='ocrx_word' id='word_1_675' title='bbox 2633 3787 2780 3841; x_wconf 84' lang='grc' dir='ltr'>Διατὶ</span> <span class='ocrx_word' id='word_1_676' title='bbox 2823 3787 2899 3862; x_wconf 79' lang='grc' dir='ltr'>μὴ</span> <span class='ocrx_word' id='word_1_677' title='bbox 2953 3788 3040 3842; x_wconf 89' lang='grc' dir='ltr'><strong>καὶ</strong></span> <span class='ocrx_word' id='word_1_678' title='bbox 3095 3809 3155 3842; x_wconf 87' lang='grc' dir='ltr'><strong>το</strong></span> <span class='ocrx_word' id='word_1_679' title='bbox 3182 3794 3393 3865; x_wconf 81' lang='grc' dir='ltr'>Πνεῦμα</span> <span class='ocrx_word' id='word_1_680' title='bbox 3437 3791 3555 3852; x_wconf 73' lang='grc' dir='ltr'><strong>Υἱὸς</strong></span> <span class='ocrx_word' id='word_1_681' title='bbox 3597 3791 3689 3845; x_wconf 88' lang='grc' dir='ltr'><strong>τοῦ</strong></span> <span class='ocrx_word' id='word_1_682' title='bbox 3745 3793 3888 3869; x_wconf 76' lang='grc' dir='ltr'>Υἱοῦ,</span> 
     </span>
    </p>
   </div>
   <div class='ocr_carea' id='block_1_84' title="bbox 2245 3872 3893 3953">
    <p class='ocr_par' dir='ltr' id='par_1_84' title="bbox 2245 3872 3893 3953">
     <span class='ocr_line' id='line_1_86' title="bbox 2245 3872 3893 3953; baseline 0.005 -26"><span class='ocrx_word' id='word_1_683' title='bbox 2245 3876 2402 3951; x_wconf 80' lang='grc' dir='ltr'>φησίν</span> <span class='ocrx_word' id='word_1_684' title='bbox 2435 3889 2448 3904; x_wconf 91' lang='grc'><strong>·</strong></span> <span class='ocrx_word' id='word_1_685' title='bbox 2501 3872 2581 3928; x_wconf 78' lang='grc' dir='ltr'><strong>ὅτι</strong></span> <span class='ocrx_word' id='word_1_686' title='bbox 2627 3876 2686 3930; x_wconf 80' lang='grc' dir='ltr'><strong>οῦ</strong></span> <span class='ocrx_word' id='word_1_687' title='bbox 2742 3872 2825 3936; x_wconf 79' lang='grc' dir='ltr'><strong>διὰ</strong></span> <span class='ocrx_word' id='word_1_688' title='bbox 2881 3876 2943 3931; x_wconf 90' lang='lat'><strong>16</strong></span> <span class='ocrx_word' id='word_1_689' title='bbox 3000 3877 3078 3951; x_wconf 81' lang='grc' dir='ltr'>μὴ</span> <span class='ocrx_word' id='word_1_690' title='bbox 3135 3877 3278 3933; x_wconf 80' lang='grc' dir='ltr'>εἶναι</span> <span class='ocrx_word' id='word_1_691' title='bbox 3350 3877 3410 3932; x_wconf 70' lang='grc' dir='ltr'>ἐκ</span> <span class='ocrx_word' id='word_1_692' title='bbox 3467 3881 3598 3934; x_wconf 86' lang='grc' dir='ltr'>Θε;.ῦ</span> <span class='ocrx_word' id='word_1_693' title='bbox 3640 3875 3706 3933; x_wconf 80' lang='grc' dir='ltr'>δι’</span> <span class='ocrx_word' id='word_1_694' title='bbox 3748 3881 3893 3953; x_wconf 72' lang='lat' dir='ltr'><strong>Tia-3,</strong></span> 
     </span>
    </p>
   </div>
   <div class='ocr_carea' id='block_1_85' title="bbox 2244 3961 3896 4046">
    <p class='ocr_par' dir='ltr' id='par_1_85' title="bbox 2244 3961 3896 4046">
     <span class='ocr_line' id='line_1_87' title="bbox 2253 3961 3852 4018; baseline 0.005 -36"><span class='ocrx_word' id='word_1_695' title='bbox 2253 3961 2362 4018; x_wconf 44' lang='lat' dir='ltr'><strong>all!</strong></span> <span class='ocrx_word' id='word_1_696' title='bbox 2418 3961 2460 4002; x_wconf 45' lang='grc' dir='ltr'><strong>,³κ</strong></span> <span class='ocrx_word' id='word_1_697' title='bbox 2668 3965 2679 3978; x_wconf 77' lang='grc' dir='ltr'><strong>ι</strong></span> <span class='ocrx_word' id='word_1_698' title='bbox 2829 3965 2842 3980; x_wconf 67' lang='grc' dir='ltr'><strong>ι</strong></span> <span class='ocrx_word' id='word_1_699' title='bbox 3109 3972 3132 3981; x_wconf 84' lang='lat'><strong>~</strong></span> <span class='ocrx_word' id='word_1_700' title='bbox 3293 3971 3315 3981; x_wconf 78' lang='grc' dir='ltr'><strong>-ι</strong></span> <span class='ocrx_word' id='word_1_701' title='bbox 3462 3966 3485 3984; x_wconf 72' lang='grc' dir='ltr'>ν</span> <span class='ocrx_word' id='word_1_702' title='bbox 3771 3973 3800 3990; x_wconf 67' lang='grc' dir='ltr'><strong>ορ</strong></span> <span class='ocrx_word' id='word_1_703' title='bbox 3840 3970 3852 3983; x_wconf 63' lang='grc' dir='ltr'>ι</span> 
     </span>
     <span class='ocr_line' id='line_1_88' title="bbox 2244 3965 3896 4046; baseline 0.004 -28"><span class='ocrx_word' id='word_1_704' title='bbox 2244 3985 2276 4018; x_wconf 93' lang='grc' dir='ltr'><strong>α</strong></span> <span class='ocrx_word' id='word_1_705' title='bbox 2424 3984 2508 4018; x_wconf 68' lang='grc' dir='ltr'>ιθα</span> <span class='ocrx_word' id='word_1_706' title='bbox 2567 3973 2722 4042; x_wconf 86' lang='grc' dir='ltr'>Τριας</span> <span class='ocrx_word' id='word_1_707' title='bbox 2781 3987 2857 4039; x_wconf 91' lang='grc' dir='ltr'><strong>μη</strong></span> <span class='ocrx_word' id='word_1_708' title='bbox 2916 3969 3139 4043; x_wconf 74' lang='grc' dir='ltr'>νομισθῃ</span> <span class='ocrx_word' id='word_1_709' title='bbox 3213 3965 3412 4033; x_wconf 88' lang='grc' dir='ltr'>πληθος</span> <span class='ocrx_word' id='word_1_710' title='bbox 3455 3989 3691 4046; x_wconf 84' lang='grc' dir='ltr'>απειρον,</span> <span class='ocrx_word' id='word_1_711' title='bbox 3749 3978 3896 4033; x_wconf 79' lang='grc' dir='ltr'>ιιους</span> 
     </span>
    </p>
   </div>
   <div class='ocr_carea' id='block_1_86' title="bbox 2245 4050 3890 4134">
    <p class='ocr_par' dir='ltr' id='par_1_86' title="bbox 2245 4050 3890 4134">
     <span class='ocr_line' id='line_1_89' title="bbox 2245 4050 3890 4134; baseline 0.004 -26"><span class='ocrx_word' id='word_1_712' title='bbox 2245 4050 2296 4116; x_wconf 79' lang='grc' dir='ltr'>ἐξ</span> <span class='ocrx_word' id='word_1_713' title='bbox 2340 4053 2495 4131; x_wconf 76' lang='grc' dir='ltr'>Υἱῶν,</span> <span class='ocrx_word' id='word_1_714' title='bbox 2527 4053 2601 4115; x_wconf 85' lang='grc' dir='ltr'>ὡς</span> <span class='ocrx_word' id='word_1_715' title='bbox 2657 4054 2746 4109; x_wconf 80' lang='grc' dir='ltr'><strong>καὶ</strong></span> <span class='ocrx_word' id='word_1_716' title='bbox 2785 4055 2842 4108; x_wconf 71' lang='grc' dir='ltr'><strong>ἒν</strong></span> <span class='ocrx_word' id='word_1_717' title='bbox 2900 4053 3192 4132; x_wconf 83' lang='grc' dir='ltr'>ἀνθρώποις</span> <span class='ocrx_word' id='word_1_718' title='bbox 3237 4053 3382 4134; x_wconf 74' lang='grc' dir='ltr'>ἔχειν</span> <span class='ocrx_word' id='word_1_719' title='bbox 3414 4057 3824 4119; x_wconf 79' lang='grc' dir='ltr'>ὑποπτευθεϊσα,</span> <span class='ocrx_word' id='word_1_720' title='bbox 3861 4077 3890 4115; x_wconf 67' lang='grc' dir='ltr'>ι</span> 
     </span>
    </p>
   </div>
   <div class='ocr_carea' id='block_1_87' title="bbox 2245 4138 3896 4221">
    <p class='ocr_par' dir='ltr' id='par_1_87' title="bbox 2245 4138 3896 4221">
     <span class='ocr_line' id='line_1_90' title="bbox 2245 4138 3896 4221; baseline 0.005 -24"><span class='ocrx_word' id='word_1_721' title='bbox 2245 4142 2344 4197; x_wconf 82' lang='grc' dir='ltr'>Καὶ</span> <span class='ocrx_word' id='word_1_722' title='bbox 2374 4138 2490 4216; x_wconf 87' lang='grc' dir='ltr'>μετ’</span> <span class='ocrx_word' id='word_1_723' title='bbox 2523 4140 2674 4218; x_wconf 84' lang='grc' dir='ltr'>ὀλίγα</span> <span class='ocrx_word' id='word_1_724' title='bbox 2699 4159 2712 4174; x_wconf 88' lang='lat'><strong><em>°</em></strong></span> <span class='ocrx_word' id='word_1_725' title='bbox 2756 4171 2777 4200; x_wconf 78' lang='grc' dir='ltr'><strong>ο</strong></span> <span class='ocrx_word' id='word_1_726' title='bbox 2829 4144 2926 4198; x_wconf 76' lang='grc' dir='ltr'>Διὰ</span> <span class='ocrx_word' id='word_1_727' title='bbox 2955 4149 3108 4199; x_wconf 87' lang='grc' dir='ltr'>τοῦτο</span> <span class='ocrx_word' id='word_1_728' title='bbox 3127 4145 3190 4198; x_wconf 88' lang='lat'><strong>16</strong></span> <span class='ocrx_word' id='word_1_729' title='bbox 3219 4144 3316 4219; x_wconf 76' lang='grc' dir='ltr'>μὲν</span> <span class='ocrx_word' id='word_1_730' title='bbox 3346 4144 3405 4201; x_wconf 79' lang='grc' dir='ltr'>ἐκ</span> <span class='ocrx_word' id='word_1_731' title='bbox 3435 4152 3564 4202; x_wconf 81' lang='grc' dir='ltr'>Θεοῦ</span> <span class='ocrx_word' id='word_1_732' title='bbox 3593 4147 3653 4202; x_wconf 87' lang='lat'><strong>16</strong></span> <span class='ocrx_word' id='word_1_733' title='bbox 3683 4153 3896 4221; x_wconf 78' lang='grc' dir='ltr'>Πνεῦμα</span> 
     </span>
    </p>
   </div>
   <div class='ocr_carea' id='block_1_88' title="bbox 2244 4229 3895 4313">
    <p class='ocr_par' dir='ltr' id='par_1_88' title="bbox 2244 4229 3895 4313">
     <span class='ocr_line' id='line_1_91' title="bbox 2244 4229 3895 4313; baseline 0.005 -30"><span class='ocrx_word' id='word_1_734' title='bbox 2244 4229 2386 4285; x_wconf 76' lang='grc' dir='ltr'>εἶναι</span> <span class='ocrx_word' id='word_1_735' title='bbox 2457 4237 2655 4308; x_wconf 81' lang='grc' dir='ltr'>τρανῶς</span> <span class='ocrx_word' id='word_1_736' title='bbox 2713 4229 2954 4308; x_wconf 74' lang='grc' dir='ltr'>ἐκήρυξεν</span> <span class='ocrx_word' id='word_1_737' title='bbox 3011 4235 3038 4287; x_wconf 90' lang='lat'><strong>6</strong></span> <span class='ocrx_word' id='word_1_738' title='bbox 3103 4231 3426 4298; x_wconf 82' lang='grc' dir='ltr'>Ἀπόστολος</span> <span class='ocrx_word' id='word_1_739' title='bbox 3481 4233 3672 4313; x_wconf 84' lang='grc' dir='ltr'>λέγων,</span> <span class='ocrx_word' id='word_1_740' title='bbox 3753 4254 3775 4284; x_wconf 77' lang='grc' dir='ltr'>ι</span> <span class='ocrx_word' id='word_1_741' title='bbox 3821 4238 3895 4294; x_wconf 83' lang='grc' dir='ltr'>Τὸ</span> 
     </span>
    </p>
   </div>
   <div class='ocr_carea' id='block_1_89' title="bbox 2245 4318 3896 4398">
    <p class='ocr_par' dir='ltr' id='par_1_89' title="bbox 2245 4318 3896 4398">
     <span class='ocr_line' id='line_1_92' title="bbox 2245 4318 3896 4398; baseline 0.005 -25"><span class='ocrx_word' id='word_1_742' title='bbox 2245 4324 2456 4393; x_wconf 79' lang='grc' dir='ltr'>Πνεῦμα</span> <span class='ocrx_word' id='word_1_743' title='bbox 2496 4320 2558 4374; x_wconf 85' lang='grc' dir='ltr'>τὸ</span> <span class='ocrx_word' id='word_1_744' title='bbox 2602 4320 2662 4374; x_wconf 73' lang='grc' dir='ltr'>ὲκ</span> <span class='ocrx_word' id='word_1_745' title='bbox 2721 4327 2815 4376; x_wconf 88' lang='grc' dir='ltr'><strong>τοῦ</strong></span> <span class='ocrx_word' id='word_1_746' title='bbox 2876 4327 3004 4377; x_wconf 89' lang='grc' dir='ltr'>Θεοῦ</span> <span class='ocrx_word' id='word_1_747' title='bbox 3073 4318 3350 4398; x_wconf 78' lang='grc' dir='ltr'>ἐλάϐομεν,</span> <span class='ocrx_word' id='word_1_748' title='bbox 3403 4324 3491 4379; x_wconf 86' lang='grc' dir='ltr'>καὶ</span> <span class='ocrx_word' id='word_1_749' title='bbox 3545 4325 3606 4379; x_wconf 88' lang='lat'><strong>16</strong></span> <span class='ocrx_word' id='word_1_750' title='bbox 3649 4321 3717 4378; x_wconf 79' lang='grc' dir='ltr'><strong>δι’</strong></span> <span class='ocrx_word' id='word_1_751' title='bbox 3776 4326 3896 4381; x_wconf 69' lang='grc' dir='ltr'>ι’ἱοῦ</span> 
     </span>
    </p>
   </div>
   <div class='ocr_carea' id='block_1_90' title="bbox 513 4405 2165 4490">
    <p class='ocr_par' dir='ltr' id='par_1_90' title="bbox 513 4405 2161 4489">
     <span class='ocr_line' id='line_1_93' title="bbox 513 4405 2161 4489; baseline -0.001 -20"><span class='ocrx_word' id='word_1_752' title='bbox 513 4416 626 4483; x_wconf 90' lang='lat' dir='ltr'><strong>est,</strong></span> <span class='ocrx_word' id='word_1_753' title='bbox 663 4407 1002 4489; x_wconf 86' lang='lat' dir='ltr'><strong>accepimus</strong></span> <span class='ocrx_word' id='word_1_754' title='bbox 1022 4408 1121 4482; x_wconf 73' lang='lat'><strong>8;»</strong></span> <span class='ocrx_word' id='word_1_755' title='bbox 1159 4415 1216 4469; x_wconf 91' lang='lat' dir='ltr'><strong>et</strong></span> <span class='ocrx_word' id='word_1_756' title='bbox 1246 4425 1353 4488; x_wconf 91' lang='lat' dir='ltr'><strong>per</strong></span> <span class='ocrx_word' id='word_1_757' title='bbox 1383 4407 1597 4470; x_wconf 88' lang='lat' dir='ltr'><strong>Filium</strong></span> <span class='ocrx_word' id='word_1_758' title='bbox 1625 4405 1915 4467; x_wconf 80' lang='lat' dir='ltr'><strong>eﬁ‘ulsisse</strong></span> <span class='ocrx_word' id='word_1_759' title='bbox 1940 4407 2161 4470; x_wconf 91' lang='lat' dir='ltr'><strong>clarum</strong></span> 
     </span>
    </p>
   </div>
   <div class='ocr_carea' id='block_1_91' title="bbox 2247 4405 3894 4490">
    <p class='ocr_par' dir='ltr' id='par_1_91' title="bbox 2247 4406 3894 4490">
     <span class='ocr_line' id='line_1_94' title="bbox 2247 4406 3894 4490; baseline 0.004 -27"><span class='ocrx_word' id='word_1_760' title='bbox 2247 4406 2536 4487; x_wconf 70' lang='grc' dir='ltr'>πεφηνέναι</span> <span class='ocrx_word' id='word_1_761' title='bbox 2581 4408 2742 4488; x_wconf 77' lang='grc' dir='ltr'>σαφὲς</span> <span class='ocrx_word' id='word_1_762' title='bbox 2813 4411 3124 4484; x_wconf 72' lang='grc' dir='ltr'>πεποίηκεν,</span> <span class='ocrx_word' id='word_1_763' title='bbox 3205 4414 3325 4468; x_wconf 77' lang='grc' dir='ltr'>Υἱοῦ</span> <span class='ocrx_word' id='word_1_764' title='bbox 3367 4423 3574 4488; x_wconf 80' lang='grc' dir='ltr'>πνεῦμα</span> <span class='ocrx_word' id='word_1_765' title='bbox 3628 4414 3894 4490; x_wconf 78' lang='grc' dir='ltr'>ὀνομάσας</span> 
     </span>
    </p>
   </div>
   <div class='ocr_carea' id='block_1_92' title="bbox 511 4493 2162 4577">
    <p class='ocr_par' dir='ltr' id='par_1_92' title="bbox 511 4493 2162 4577">
     <span class='ocr_line' id='line_1_95' title="bbox 511 4493 2162 4577; baseline -0.001 -19"><span class='ocrx_word' id='word_1_766' title='bbox 511 4496 671 4574; x_wconf 85' lang='lat' dir='ltr'><strong>fecit,</strong></span> <span class='ocrx_word' id='word_1_767' title='bbox 702 4516 835 4559; x_wconf 92' lang='lat' dir='ltr'><strong>cum</strong></span> <span class='ocrx_word' id='word_1_768' title='bbox 859 4495 992 4558; x_wconf 88' lang='lat' dir='ltr'><strong>Filii</strong></span> <span class='ocrx_word' id='word_1_769' title='bbox 1025 4496 1340 4577; x_wconf 89' lang='lat' dir='ltr'><strong>Spiritum,</strong></span> <span class='ocrx_word' id='word_1_770' title='bbox 1361 4496 1514 4557; x_wconf 85' lang='lat' dir='ltr'><strong>sicut</strong></span> <span class='ocrx_word' id='word_1_771' title='bbox 1542 4495 1649 4556; x_wconf 95' lang='lat' dir='ltr'><strong>Dei</strong></span> <span class='ocrx_word' id='word_1_772' title='bbox 1681 4493 1874 4575; x_wconf 91' lang='lat' dir='ltr'><strong>ipsum</strong></span> <span class='ocrx_word' id='word_1_773' title='bbox 1897 4497 2162 4557; x_wconf 90' lang='lat' dir='ltr'><strong>nomina-</strong></span> 
     </span>
    </p>
   </div>
   <div class='ocr_carea' id='block_1_93' title="bbox 513 4583 2162 4665">
    <p class='ocr_par' dir='ltr' id='par_1_93' title="bbox 513 4583 2162 4665">
     <span class='ocr_line' id='line_1_96' title="bbox 513 4583 2162 4665; baseline 0.001 -20"><span class='ocrx_word' id='word_1_774' title='bbox 513 4586 625 4658; x_wconf 75' lang='lat' dir='ltr'><strong>vit,</strong></span> <span class='ocrx_word' id='word_1_775' title='bbox 666 4593 724 4648; x_wconf 90' lang='lat' dir='ltr'><strong>et</strong></span> <span class='ocrx_word' id='word_1_776' title='bbox 753 4593 1016 4648; x_wconf 90' lang='lat' dir='ltr'><strong>mentem</strong></span> <span class='ocrx_word' id='word_1_777' title='bbox 1071 4584 1290 4649; x_wconf 85' lang='lat' dir='ltr'><strong>Christi</strong></span> <span class='ocrx_word' id='word_1_778' title='bbox 1346 4583 1686 4665; x_wconf 83' lang='lat' dir='ltr'><strong>appellavit,</strong></span> <span class='ocrx_word' id='word_1_779' title='bbox 1747 4585 1900 4645; x_wconf 91' lang='lat' dir='ltr'><strong>sicut</strong></span> <span class='ocrx_word' id='word_1_780' title='bbox 1942 4596 2002 4646; x_wconf 86' lang='lat' dir='ltr'><strong>et</strong></span> <span class='ocrx_word' id='word_1_781' title='bbox 2057 4585 2162 4646; x_wconf 91' lang='lat' dir='ltr'><strong>Dei</strong></span> 
     </span>
    </p>
   </div>
   <div class='ocr_carea' id='block_1_94' title="bbox 517 4672 2164 4758">
    <p class='ocr_par' dir='ltr' id='par_1_94' title="bbox 517 4672 2164 4758">
     <span class='ocr_line' id='line_1_97' title="bbox 517 4672 2164 4758; baseline -0.001 -20"><span class='ocrx_word' id='word_1_782' title='bbox 517 4675 829 4758; x_wconf 86' lang='lat' dir='ltr'><strong>Spiritum,</strong></span> <span class='ocrx_word' id='word_1_783' title='bbox 892 4682 958 4736; x_wconf 91' lang='lat' dir='ltr'><strong>ut</strong></span> <span class='ocrx_word' id='word_1_784' title='bbox 1011 4673 1294 4737; x_wconf 90' lang='lat' dir='ltr'><strong>hominis.</strong></span> <span class='ocrx_word' id='word_1_785' title='bbox 1322 4695 1343 4725; x_wconf 81' lang='grc' dir='ltr'><strong>ι</strong></span> <span class='ocrx_word' id='word_1_786' title='bbox 1386 4674 1454 4735; x_wconf 86' lang='grc' dir='ltr'><strong>Ει</strong></span> <span class='ocrx_word' id='word_1_787' title='bbox 1502 4681 1633 4755; x_wconf 90' lang='lat' dir='ltr'><strong>post</strong></span> <span class='ocrx_word' id='word_1_788' title='bbox 1672 4691 1860 4752; x_wconf 91' lang='lat' dir='ltr'><strong>pauca</strong></span> <span class='ocrx_word' id='word_1_789' title='bbox 1895 4696 1907 4733; x_wconf 92' lang='lat'><strong>:</strong></span> <span class='ocrx_word' id='word_1_790' title='bbox 1947 4704 1968 4734; x_wconf 74' lang='grc' dir='ltr'><strong>ι</strong></span> <span class='ocrx_word' id='word_1_791' title='bbox 1999 4672 2164 4736; x_wconf 92' lang='lat' dir='ltr'><strong>Unus</strong></span> 
     </span>
    </p>
   </div>
   <div class='ocr_carea' id='block_1_95' title="bbox 513 4761 2158 4845">
    <p class='ocr_par' dir='ltr' id='par_1_95' title="bbox 513 4761 2158 4845">
     <span class='ocr_line' id='line_1_98' title="bbox 513 4761 2158 4845; baseline -0.001 -19"><span class='ocrx_word' id='word_1_792' title='bbox 513 4783 656 4826; x_wconf 84' lang='lat' dir='ltr'><strong>vere</strong></span> <span class='ocrx_word' id='word_1_793' title='bbox 683 4772 748 4826; x_wconf 91' lang='lat' dir='ltr'><strong>et</strong></span> <span class='ocrx_word' id='word_1_794' title='bbox 777 4761 1055 4844; x_wconf 87' lang='lat' dir='ltr'><strong>Spiritus,</strong></span> <span class='ocrx_word' id='word_1_795' title='bbox 1091 4765 1191 4844; x_wconf 91' lang='lat' dir='ltr'><strong>qui</strong></span> <span class='ocrx_word' id='word_1_796' title='bbox 1218 4781 1355 4824; x_wconf 90' lang='lat' dir='ltr'><strong>vere</strong></span> <span class='ocrx_word' id='word_1_797' title='bbox 1385 4771 1622 4826; x_wconf 90' lang='lat' dir='ltr'><strong>sanctus</strong></span> <span class='ocrx_word' id='word_1_798' title='bbox 1652 4770 1761 4838; x_wconf 91' lang='lat' dir='ltr'><strong>est,</strong></span> <span class='ocrx_word' id='word_1_799' title='bbox 1797 4762 1900 4843; x_wconf 94' lang='lat' dir='ltr'><strong>qui</strong></span> <span class='ocrx_word' id='word_1_800' title='bbox 1929 4770 1986 4824; x_wconf 92' lang='lat' dir='ltr'><strong>et</strong></span> <span class='ocrx_word' id='word_1_801' title='bbox 2035 4764 2158 4845; x_wconf 79' lang='lat' dir='ltr'><strong>Spi-</strong></span> 
     </span>
    </p>
   </div>
   <div class='ocr_carea' id='block_1_96' title="bbox 518 4853 1279 4916">
    <p class='ocr_par' dir='ltr' id='par_1_96' title="bbox 518 4853 1279 4916">
     <span class='ocr_line' id='line_1_99' title="bbox 518 4853 1279 4916; baseline -0.001 0"><span class='ocrx_word' id='word_1_802' title='bbox 518 4853 668 4916; x_wconf 88' lang='lat' dir='ltr'><strong>ritus</strong></span> <span class='ocrx_word' id='word_1_803' title='bbox 699 4853 820 4915; x_wconf 89' lang='lat' dir='ltr'><strong>oris</strong></span> <span class='ocrx_word' id='word_1_804' title='bbox 850 4853 1213 4916; x_wconf 89' lang='lat' dir='ltr'><strong>nominatur.</strong></span> <span class='ocrx_word' id='word_1_805' title='bbox 1252 4871 1279 4905; x_wconf 74' lang='grc' dir='ltr'><strong>ι</strong></span> 
     </span>
    </p>
   </div>
   <div class='ocr_carea' id='block_1_97' title="bbox 600 4939 2168 5024">
    <p class='ocr_par' dir='ltr' id='par_1_97' title="bbox 600 4939 2168 5024">
     <span class='ocr_line' id='line_1_100' title="bbox 600 4939 2168 5024; baseline -0.001 -20"><span class='ocrx_word' id='word_1_806' title='bbox 600 4942 673 5004; x_wconf 94' lang='lat' dir='ltr'><strong>Et</strong></span> <span class='ocrx_word' id='word_1_807' title='bbox 723 4943 938 5024; x_wconf 91' lang='lat' dir='ltr'><strong>capite,</strong></span> <span class='ocrx_word' id='word_1_808' title='bbox 991 4943 1087 5005; x_wconf 92' lang='lat' dir='ltr'><strong>cui</strong></span> <span class='ocrx_word' id='word_1_809' title='bbox 1137 4941 1502 5023; x_wconf 84' lang='lat' dir='ltr'><strong>praeﬁgitur:</strong></span> <span class='ocrx_word' id='word_1_810' title='bbox 1547 4961 1570 4993; x_wconf 74' lang='grc' dir='ltr'><strong>ι</strong></span> <span class='ocrx_word' id='word_1_811' title='bbox 1601 4943 1730 5007; x_wconf 92' lang='lat' dir='ltr'><strong>Nisi</strong></span> <span class='ocrx_word' id='word_1_812' title='bbox 1782 4939 2064 5022; x_wconf 90' lang='lat' dir='ltr'><strong>Spiritum</strong></span> <span class='ocrx_word' id='word_1_813' title='bbox 2095 4961 2168 5004; x_wconf 83' lang='lat' dir='ltr'><strong>ex</strong></span> 
     </span>
    </p>
   </div>
   <div class='ocr_carea' id='block_1_98' title="bbox 515 5029 2164 5112">
    <p class='ocr_par' dir='ltr' id='par_1_98' title="bbox 515 5029 2164 5112">
     <span class='ocr_line' id='line_1_101' title="bbox 515 5029 2164 5112; baseline -0.001 -18"><span class='ocrx_word' id='word_1_814' title='bbox 515 5032 639 5094; x_wconf 90' lang='lat' dir='ltr'><strong>Deo</strong></span> <span class='ocrx_word' id='word_1_815' title='bbox 663 5033 798 5112; x_wconf 89' lang='lat' dir='ltr'><strong>quis</strong></span> <span class='ocrx_word' id='word_1_816' title='bbox 828 5031 1004 5110; x_wconf 85' lang='lat' dir='ltr'><strong>dicat,</strong></span> <span class='ocrx_word' id='word_1_817' title='bbox 1039 5049 1151 5093; x_wconf 88' lang='lat' dir='ltr'><strong>nec</strong></span> <span class='ocrx_word' id='word_1_818' title='bbox 1180 5030 1470 5106; x_wconf 86' lang='lat' dir='ltr'><strong>Verbum,</strong></span> <span class='ocrx_word' id='word_1_819' title='bbox 1507 5056 1529 5090; x_wconf 72' lang='grc' dir='ltr'><strong>η</strong></span> <span class='ocrx_word' id='word_1_820' title='bbox 1565 5032 1710 5093; x_wconf 90' lang='lat' dir='ltr'><strong>dicit</strong></span> <span class='ocrx_word' id='word_1_821' title='bbox 1742 5051 1755 5092; x_wconf 90' lang='lat'><strong>:</strong></span> <span class='ocrx_word' id='word_1_822' title='bbox 1796 5056 1823 5087; x_wconf 74' lang='grc' dir='ltr'><strong>α</strong></span> <span class='ocrx_word' id='word_1_823' title='bbox 1857 5029 2164 5102; x_wconf 86' lang='lat' dir='ltr'><strong>Quomodo</strong></span> 
     </span>
    </p>
   </div>
   <div class='ocr_carea' id='block_1_99' title="bbox 520 5119 2166 5201">
    <p class='ocr_par' dir='ltr' id='par_1_99' title="bbox 520 5119 2166 5201">
     <span class='ocr_line' id='line_1_102' title="bbox 520 5119 2166 5201; baseline 0.001 -20"><span class='ocrx_word' id='word_1_824' title='bbox 520 5120 700 5199; x_wconf 83' lang='lat' dir='ltr'><strong>igitur</strong></span> <span class='ocrx_word' id='word_1_825' title='bbox 727 5120 1162 5201; x_wconf 77' lang='lat' dir='ltr'><strong>separabantur</strong></span> <span class='ocrx_word' id='word_1_826' title='bbox 1189 5120 1611 5200; x_wconf 90' lang='lat' dir='ltr'><strong>inseparabilia</strong></span> <span class='ocrx_word' id='word_1_827' title='bbox 1643 5119 1906 5182; x_wconf 88' lang='lat' dir='ltr'><strong>Verbum</strong></span> <span class='ocrx_word' id='word_1_828' title='bbox 1939 5119 2166 5182; x_wconf 91' lang='lat' dir='ltr'><strong>scilicet</strong></span> 
     </span>
    </p>
   </div>
   <div class='ocr_carea' id='block_1_100' title="bbox 524 5208 1724 5290">
    <p class='ocr_par' dir='ltr' id='par_1_100' title="bbox 524 5208 1724 5290">
     <span class='ocr_line' id='line_1_103' title="bbox 524 5208 1724 5290; baseline 0.003 -20"><span class='ocrx_word' id='word_1_829' title='bbox 524 5208 654 5288; x_wconf 89' lang='lat' dir='ltr'><strong>Dei,</strong></span> <span class='ocrx_word' id='word_1_830' title='bbox 681 5217 741 5272; x_wconf 92' lang='lat' dir='ltr'><strong>et</strong></span> <span class='ocrx_word' id='word_1_831' title='bbox 768 5210 1026 5290; x_wconf 89' lang='lat' dir='ltr'><strong>Spiritus</strong></span> <span class='ocrx_word' id='word_1_832' title='bbox 1053 5229 1124 5272; x_wconf 85' lang='lat' dir='ltr'><strong>ex</strong></span> <span class='ocrx_word' id='word_1_833' title='bbox 1149 5210 1271 5273; x_wconf 90' lang='lat' dir='ltr'><strong>Deo</strong></span> <span class='ocrx_word' id='word_1_834' title='bbox 1301 5228 1409 5289; x_wconf 90' lang='lat' dir='ltr'><strong>per</strong></span> <span class='ocrx_word' id='word_1_835' title='bbox 1431 5211 1670 5274; x_wconf 89' lang='lat' dir='ltr'><strong>Filium.</strong></span> <span class='ocrx_word' id='word_1_836' title='bbox 1699 5232 1724 5266; x_wconf 74' lang='grc' dir='ltr'><strong>ι</strong></span> 
     </span>
    </p>
   </div>
   <div class='ocr_carea' id='block_1_101' title="bbox 603 5298 2164 5379">
    <p class='ocr_par' dir='ltr' id='par_1_101' title="bbox 603 5298 2164 5379">
     <span class='ocr_line' id='line_1_104' title="bbox 603 5298 2164 5379; baseline 0 -19"><span class='ocrx_word' id='word_1_837' title='bbox 603 5299 924 5377; x_wconf 82' lang='lat' dir='ltr'><strong>Gregorius</strong></span> <span class='ocrx_word' id='word_1_838' title='bbox 950 5300 1251 5379; x_wconf 77' lang='lat' dir='ltr'><strong>Nyssenus</strong></span> <span class='ocrx_word' id='word_1_839' title='bbox 1287 5299 1477 5376; x_wconf 82' lang='lat' dir='ltr'><strong>prima</strong></span> <span class='ocrx_word' id='word_1_840' title='bbox 1495 5301 1778 5364; x_wconf 89' lang='lat' dir='ltr'><strong>adversus</strong></span> <span class='ocrx_word' id='word_1_841' title='bbox 1805 5298 2164 5362; x_wconf 89' lang='lat' dir='ltr'><strong>Eunomium</strong></span> 
     </span>
    </p>
   </div>
   <div class='ocr_carea' id='block_1_102' title="bbox 526 5385 2167 5469">
    <p class='ocr_par' dir='ltr' id='par_1_102' title="bbox 526 5385 2167 5469">
     <span class='ocr_line' id='line_1_105' title="bbox 526 5385 2167 5469; baseline 0.001 -21"><span class='ocrx_word' id='word_1_842' title='bbox 526 5385 950 5462; x_wconf 80' lang='lat' dir='ltr'><strong>Autirrhetica,</strong></span> <span class='ocrx_word' id='word_1_843' title='bbox 983 5407 1115 5468; x_wconf 68' lang='lat' dir='ltr'><strong>qua:</strong></span> <span class='ocrx_word' id='word_1_844' title='bbox 1138 5387 1390 5469; x_wconf 90' lang='lat' dir='ltr'><strong>incipit:</strong></span> <span class='ocrx_word' id='word_1_845' title='bbox 1432 5410 1454 5441; x_wconf 74' lang='grc' dir='ltr'>ι</span> <span class='ocrx_word' id='word_1_846' title='bbox 1492 5391 1742 5452; x_wconf 90' lang='lat' dir='ltr'><strong>Fieri.ut</strong></span> <span class='ocrx_word' id='word_1_847' title='bbox 1769 5389 2022 5463; x_wconf 91' lang='lat' dir='ltr'><strong>videtur,</strong></span> <span class='ocrx_word' id='word_1_848' title='bbox 2048 5408 2167 5450; x_wconf 90' lang='lat' dir='ltr'><strong>non</strong></span> 
     </span>
    </p>
   </div>
   <div class='ocr_carea' id='block_1_103' title="bbox 526 5476 2160 5561">
    <p class='ocr_par' dir='ltr' id='par_1_103' title="bbox 526 5476 2160 5561">
     <span class='ocr_line' id='line_1_106' title="bbox 526 5476 2160 5561; baseline 0.004 -25"><span class='ocrx_word' id='word_1_849' title='bbox 526 5481 742 5556; x_wconf 88' lang='lat' dir='ltr'><strong>potest,</strong></span> <span class='ocrx_word' id='word_1_850' title='bbox 777 5483 839 5537; x_wconf 91' lang='lat' dir='ltr'><strong>ut</strong></span> <span class='ocrx_word' id='word_1_851' title='bbox 863 5476 962 5557; x_wconf 93' lang='lat' dir='ltr'><strong>qui</strong></span> <span class='ocrx_word' id='word_1_852' title='bbox 994 5476 1069 5539; x_wconf 92' lang='lat' dir='ltr'><strong>de</strong></span> <span class='ocrx_word' id='word_1_853' title='bbox 1099 5477 1379 5540; x_wconf 88' lang='lat' dir='ltr'><strong>omnibus</strong></span> <span class='ocrx_word' id='word_1_854' title='bbox 1410 5478 1565 5542; x_wconf 90' lang='lat' dir='ltr'><strong>bene</strong></span> <span class='ocrx_word' id='word_1_855' title='bbox 1594 5479 1836 5557; x_wconf 92' lang='lat' dir='ltr'><strong>mereri,</strong></span> <span class='ocrx_word' id='word_1_856' title='bbox 1867 5497 1886 5527; x_wconf 76' lang='grc' dir='ltr'><strong>ι</strong></span> <span class='ocrx_word' id='word_1_857' title='bbox 1923 5477 2114 5561; x_wconf 90' lang='lat' dir='ltr'><strong>inquit</strong></span> <span class='ocrx_word' id='word_1_858' title='bbox 2147 5497 2160 5542; x_wconf 92' lang='lat'>:</span> 
     </span>
    </p>
   </div>
   <div class='ocr_carea' id='block_1_104' title="bbox 609 5642 1713 5725">
    <p class='ocr_par' dir='ltr' id='par_1_104' title="bbox 609 5642 1713 5725">
     <span class='ocr_line' id='line_1_107' title="bbox 609 5642 1713 5725; baseline 0.004 -19"><span class='ocrx_word' id='word_1_859' title='bbox 609 5642 633 5684; x_wconf 78' lang='grc'>⁷</span> <span class='ocrx_word' id='word_1_860' title='bbox 691 5644 892 5707; x_wconf 88' lang='lat' dir='ltr'><strong>Matth.</strong></span> <span class='ocrx_word' id='word_1_861' title='bbox 927 5660 1011 5720; x_wconf 73' lang='lat' dir='ltr'><strong>x1,</strong></span> <span class='ocrx_word' id='word_1_862' title='bbox 1044 5642 1142 5704; x_wconf 71' lang='lat'><strong>27.</strong></span> <span class='ocrx_word' id='word_1_863' title='bbox 1175 5642 1203 5684; x_wconf 78' lang='lat'>3</span> <span class='ocrx_word' id='word_1_864' title='bbox 1263 5647 1289 5706; x_wconf 96' lang='grc' dir='ltr'><strong>Ι</strong></span> <span class='ocrx_word' id='word_1_865' title='bbox 1323 5647 1458 5710; x_wconf 89' lang='lat' dir='ltr'><strong>Cor.</strong></span> <span class='ocrx_word' id='word_1_866' title='bbox 1490 5665 1552 5725; x_wconf 83' lang='grc' dir='ltr'><strong>ιι,</strong></span> <span class='ocrx_word' id='word_1_867' title='bbox 1591 5648 1667 5711; x_wconf 72' lang='grc'>12</span> <span class='ocrx_word' id='word_1_868' title='bbox 1701 5697 1713 5710; x_wconf 94' lang='grc'><strong>.</strong></span> 
     </span>
    </p>
   </div>
   <div class='ocr_carea' id='block_1_105' title="bbox 2248 4496 3896 4580">
    <p class='ocr_par' dir='ltr' id='par_1_105' title="bbox 2248 4496 3896 4580">
     <span class='ocr_line' id='line_1_108' title="bbox 2248 4496 3896 4580; baseline 0.004 -30"><span class='ocrx_word' id='word_1_869' title='bbox 2248 4496 2396 4576; x_wconf 73' lang='grc' dir='ltr'>αὐτὸ,</span> <span class='ocrx_word' id='word_1_870' title='bbox 2467 4498 2700 4576; x_wconf 83' lang='grc' dir='ltr'>καθάπερ</span> <span class='ocrx_word' id='word_1_871' title='bbox 2757 4499 2910 4573; x_wconf 78' lang='grc' dir='ltr'>Θεοῦ,</span> <span class='ocrx_word' id='word_1_872' title='bbox 2985 4502 3072 4556; x_wconf 85' lang='grc' dir='ltr'>καὶ</span> <span class='ocrx_word' id='word_1_873' title='bbox 3122 4501 3237 4557; x_wconf 83' lang='grc' dir='ltr'>νοῦν</span> <span class='ocrx_word' id='word_1_874' title='bbox 3309 4508 3539 4571; x_wconf 78' lang='grc' dir='ltr'>Χριστοῦ</span> <span class='ocrx_word' id='word_1_875' title='bbox 3593 4504 3896 4580; x_wconf 85' lang='grc' dir='ltr'>προσειπὼν</span> 
     </span>
    </p>
   </div>
   <div class='ocr_carea' id='block_1_106' title="bbox 2247 4586 3895 4670">
    <p class='ocr_par' dir='ltr' id='par_1_106' title="bbox 2247 4586 3895 4670">
     <span class='ocr_line' id='line_1_109' title="bbox 2247 4586 3895 4670; baseline 0.005 -30"><span class='ocrx_word' id='word_1_876' title='bbox 2247 4586 2478 4664; x_wconf 79' lang='grc' dir='ltr'>καθάπερ</span> <span class='ocrx_word' id='word_1_877' title='bbox 2521 4589 2608 4643; x_wconf 85' lang='grc' dir='ltr'><strong>καὶ</strong></span> <span class='ocrx_word' id='word_1_878' title='bbox 2652 4595 2782 4647; x_wconf 84' lang='grc' dir='ltr'>Θεοῦ</span> <span class='ocrx_word' id='word_1_879' title='bbox 2823 4595 3036 4666; x_wconf 86' lang='grc' dir='ltr'>Πνεῦμα</span> <span class='ocrx_word' id='word_1_880' title='bbox 3107 4592 3181 4652; x_wconf 84' lang='grc' dir='ltr'>ὡς</span> <span class='ocrx_word' id='word_1_881' title='bbox 3239 4592 3330 4647; x_wconf 88' lang='grc' dir='ltr'><strong>τοῦ</strong></span> <span class='ocrx_word' id='word_1_882' title='bbox 3371 4591 3664 4670; x_wconf 83' lang='grc' dir='ltr'>ἀνθρώπου.</span> <span class='ocrx_word' id='word_1_883' title='bbox 3702 4615 3729 4647; x_wconf 79' lang='grc'>»</span> <span class='ocrx_word' id='word_1_884' title='bbox 3795 4596 3895 4651; x_wconf 81' lang='grc' dir='ltr'>Καὶ</span> 
     </span>
    </p>
   </div>
   <div class='ocr_carea' id='block_1_107' title="bbox 2249 4667 3891 4763">
    <p class='ocr_par' dir='ltr' id='par_1_107' title="bbox 2249 4667 3891 4763">
     <span class='ocr_line' id='line_1_110' title="bbox 2249 4667 3891 4763; baseline 0.004 -33"><span class='ocrx_word' id='word_1_885' title='bbox 2249 4672 2364 4748; x_wconf 85' lang='grc' dir='ltr'>μετ’</span> <span class='ocrx_word' id='word_1_886' title='bbox 2409 4674 2560 4754; x_wconf 82' lang='grc' dir='ltr'>ὀλίγα</span> <span class='ocrx_word' id='word_1_887' title='bbox 2585 4695 2597 4707; x_wconf 80' lang='grc'>⁸</span> <span class='ocrx_word' id='word_1_888' title='bbox 2636 4701 2662 4736; x_wconf 67' lang='grc' dir='ltr'><strong><em>ι</em></strong></span> <span class='ocrx_word' id='word_1_889' title='bbox 2702 4667 2808 4734; x_wconf 75' lang='grc' dir='ltr'><strong>’Ἐν</strong></span> <span class='ocrx_word' id='word_1_890' title='bbox 2837 4677 2892 4733; x_wconf 79' lang='grc' dir='ltr'>δὲ</span> <span class='ocrx_word' id='word_1_891' title='bbox 2929 4679 3025 4735; x_wconf 80' lang='grc' dir='ltr'>καί</span> <span class='ocrx_word' id='word_1_892' title='bbox 3055 4681 3114 4736; x_wconf 83' lang='grc' dir='ltr'>τὸ</span> <span class='ocrx_word' id='word_1_893' title='bbox 3144 4685 3354 4756; x_wconf 87' lang='grc' dir='ltr'>Πνεῦμα</span> <span class='ocrx_word' id='word_1_894' title='bbox 3383 4681 3445 4736; x_wconf 85' lang='lat'><strong>16</strong></span> <span class='ocrx_word' id='word_1_895' title='bbox 3475 4680 3684 4748; x_wconf 83' lang='grc' dir='ltr'>ἀληθῶς</span> <span class='ocrx_word' id='word_1_896' title='bbox 3713 4681 3891 4763; x_wconf 78' lang='grc' dir='ltr'>ἅγιον,</span> 
     </span>
    </p>
   </div>
   <div class='ocr_carea' id='block_1_108' title="bbox 2247 4762 3508 4845">
    <p class='ocr_par' dir='ltr' id='par_1_108' title="bbox 2247 4762 3508 4845">
     <span class='ocr_line' id='line_1_111' title="bbox 2247 4762 3508 4845; baseline 0.002 -26"><span class='ocrx_word' id='word_1_897' title='bbox 2247 4762 2275 4818; x_wconf 82' lang='grc' dir='ltr'>ὅ</span> <span class='ocrx_word' id='word_1_898' title='bbox 2318 4762 2382 4830; x_wconf 79' lang='grc' dir='ltr'><strong>δὴ</strong></span> <span class='ocrx_word' id='word_1_899' title='bbox 2425 4766 2513 4820; x_wconf 84' lang='grc' dir='ltr'><strong>καὶ</strong></span> <span class='ocrx_word' id='word_1_900' title='bbox 2554 4767 2760 4842; x_wconf 84' lang='grc' dir='ltr'>πνεῦμα</span> <span class='ocrx_word' id='word_1_901' title='bbox 2801 4767 3064 4844; x_wconf 85' lang='grc' dir='ltr'>στόματος</span> <span class='ocrx_word' id='word_1_902' title='bbox 3107 4769 3442 4845; x_wconf 81' lang='grc' dir='ltr'>ὒνομάζεται,</span> <span class='ocrx_word' id='word_1_903' title='bbox 3481 4784 3508 4821; x_wconf 69' lang='grc' dir='ltr'><strong><em>ι</em></strong></span> 
     </span>
    </p>
   </div>
   <div class='ocr_carea' id='block_1_109' title="bbox 2331 4933 3896 5029">
    <p class='ocr_par' dir='ltr' id='par_1_109' title="bbox 2331 4933 3896 5029">
     <span class='ocr_line' id='line_1_112' title="bbox 2331 4933 3896 5029; baseline 0.004 -29"><span class='ocrx_word' id='word_1_904' title='bbox 2331 4933 2387 5000; x_wconf 63' lang='grc' dir='ltr'>Ὀ</span> <span class='ocrx_word' id='word_1_905' title='bbox 2432 4944 2586 5009; x_wconf 71' lang='grc' dir='ltr'>αὐτὸς</span> <span class='ocrx_word' id='word_1_906' title='bbox 2637 4945 2692 5000; x_wconf 77' lang='grc' dir='ltr'>ἐν</span> <span class='ocrx_word' id='word_1_907' title='bbox 2737 4953 2815 5020; x_wconf 81' lang='grc' dir='ltr'><strong>τῷ</strong></span> <span class='ocrx_word' id='word_1_908' title='bbox 2854 4945 3123 5026; x_wconf 73' lang='grc' dir='ltr'>κεφαλαίῳ</span> <span class='ocrx_word' id='word_1_909' title='bbox 3164 4947 3223 5004; x_wconf 78' lang='grc' dir='ltr'><strong>οὗ</strong></span> <span class='ocrx_word' id='word_1_910' title='bbox 3263 4949 3298 5016; x_wconf 78' lang='grc' dir='ltr'><strong>ἡ</strong></span> <span class='ocrx_word' id='word_1_911' title='bbox 3328 4947 3616 5029; x_wconf 70' lang='grc' dir='ltr'>ἐπιγραφὴ,</span> <span class='ocrx_word' id='word_1_912' title='bbox 3657 4975 3679 5006; x_wconf 74' lang='grc' dir='ltr'>ι</span> <span class='ocrx_word' id='word_1_913' title='bbox 3716 4952 3774 5006; x_wconf 75' lang='lat' dir='ltr'><strong>El</strong></span> <span class='ocrx_word' id='word_1_914' title='bbox 3817 4953 3896 5027; x_wconf 76' lang='grc' dir='ltr'><strong>μὴ</strong></span> 
     </span>
    </p>
   </div>
   <div class='ocr_carea' id='block_1_110' title="bbox 2246 5032 3892 5118">
    <p class='ocr_par' dir='ltr' id='par_1_110' title="bbox 2246 5032 3892 5118">
     <span class='ocr_line' id='line_1_113' title="bbox 2246 5032 3892 5118; baseline 0.005 -32"><span class='ocrx_word' id='word_1_915' title='bbox 2246 5032 2307 5086; x_wconf 89' lang='lat'><strong>16</strong></span> <span class='ocrx_word' id='word_1_916' title='bbox 2338 5034 2550 5108; x_wconf 88' lang='grc' dir='ltr'>Πνεῦμα</span> <span class='ocrx_word' id='word_1_917' title='bbox 2609 5034 2668 5090; x_wconf 83' lang='grc' dir='ltr'>ἐκ</span> <span class='ocrx_word' id='word_1_918' title='bbox 2721 5045 2813 5095; x_wconf 82' lang='grc' dir='ltr'><strong>τοῦ</strong></span> <span class='ocrx_word' id='word_1_919' title='bbox 2841 5043 2972 5092; x_wconf 77' lang='grc' dir='ltr'>Θεοῦ</span> <span class='ocrx_word' id='word_1_920' title='bbox 3013 5035 3154 5114; x_wconf 80' lang='grc' dir='ltr'>λέγει</span> <span class='ocrx_word' id='word_1_921' title='bbox 3184 5037 3288 5110; x_wconf 89' lang='grc' dir='ltr'>τίς,</span> <span class='ocrx_word' id='word_1_922' title='bbox 3320 5036 3434 5094; x_wconf 75' lang='grc' dir='ltr'>οῦδὲ</span> <span class='ocrx_word' id='word_1_923' title='bbox 3477 5041 3568 5095; x_wconf 81' lang='grc' dir='ltr'>τὸν</span> <span class='ocrx_word' id='word_1_924' title='bbox 3625 5040 3820 5118; x_wconf 86' lang='grc' dir='ltr'>Λόγον,</span> <span class='ocrx_word' id='word_1_925' title='bbox 3868 5065 3892 5095; x_wconf 73' lang='grc' dir='ltr'>ι»</span> 
     </span>
    </p>
   </div>
   <div class='ocr_carea' id='block_1_111' title="bbox 2247 5121 3899 5208">
    <p class='ocr_par' dir='ltr' id='par_1_111' title="bbox 2247 5121 3899 5208">
     <span class='ocr_line' id='line_1_114' title="bbox 2247 5121 3899 5208; baseline 0.007 -34"><span class='ocrx_word' id='word_1_926' title='bbox 2247 5121 2403 5200; x_wconf 78' lang='grc' dir='ltr'>φησίν</span> <span class='ocrx_word' id='word_1_927' title='bbox 2437 5141 2449 5154; x_wconf 85' lang='grc'><em>’</em></span> <span class='ocrx_word' id='word_1_928' title='bbox 2489 5143 2515 5176; x_wconf 75' lang='grc' dir='ltr'><strong>α</strong></span> <span class='ocrx_word' id='word_1_929' title='bbox 2564 5129 2682 5188; x_wconf 83' lang='grc' dir='ltr'>Πῶς</span> <span class='ocrx_word' id='word_1_930' title='bbox 2733 5126 2822 5181; x_wconf 77' lang='grc' dir='ltr'><strong>οῦν</strong></span> <span class='ocrx_word' id='word_1_931' title='bbox 2865 5127 3143 5206; x_wconf 80' lang='grc' dir='ltr'>χωρίζοιτο</span> <span class='ocrx_word' id='word_1_932' title='bbox 3173 5127 3237 5182; x_wconf 70' lang='grc' dir='ltr'>τὰ</span> <span class='ocrx_word' id='word_1_933' title='bbox 3281 5127 3578 5208; x_wconf 82' lang='grc' dir='ltr'>ἆχώριστα,</span> <span class='ocrx_word' id='word_1_934' title='bbox 3633 5129 3804 5207; x_wconf 84' lang='grc' dir='ltr'>Λόγος</span> <span class='ocrx_word' id='word_1_935' title='bbox 3837 5132 3899 5186; x_wconf 76' lang='grc' dir='ltr'>ἐκ</span> 
     </span>
    </p>
   </div>
   <div class='ocr_carea' id='block_1_112' title="bbox 2249 5213 3363 5296">
    <p class='ocr_par' dir='ltr' id='par_1_112' title="bbox 2249 5213 3363 5296">
     <span class='ocr_line' id='line_1_115' title="bbox 2249 5213 3363 5296; baseline 0.007 -33"><span class='ocrx_word' id='word_1_936' title='bbox 2249 5215 2402 5296; x_wconf 78' lang='grc' dir='ltr'>Θεοῦ,</span> <span class='ocrx_word' id='word_1_937' title='bbox 2433 5213 2521 5267; x_wconf 87' lang='grc' dir='ltr'><strong>καὶ</strong></span> <span class='ocrx_word' id='word_1_938' title='bbox 2552 5219 2761 5290; x_wconf 86' lang='grc' dir='ltr'>Πνεῦμα</span> <span class='ocrx_word' id='word_1_939' title='bbox 2792 5213 2852 5269; x_wconf 79' lang='grc' dir='ltr'>ἐκ</span> <span class='ocrx_word' id='word_1_940' title='bbox 2881 5214 3010 5270; x_wconf 84' lang='grc' dir='ltr'>Θεοῦ</span> <span class='ocrx_word' id='word_1_941' title='bbox 3038 5213 3103 5270; x_wconf 87' lang='grc' dir='ltr'><strong>δι’</strong></span> <span class='ocrx_word' id='word_1_942' title='bbox 3139 5217 3259 5271; x_wconf 82' lang='grc' dir='ltr'>ι’ἱοῦ</span> <span class='ocrx_word' id='word_1_943' title='bbox 3287 5234 3302 5296; x_wconf 83' lang='grc'><strong>;</strong></span> <span class='ocrx_word' id='word_1_944' title='bbox 3340 5241 3363 5271; x_wconf 75' lang='grc' dir='ltr'><strong>ι</strong></span> 
     </span>
    </p>
   </div>
   <div class='ocr_carea' id='block_1_113' title="bbox 2331 5289 3899 5388">
    <p class='ocr_par' dir='ltr' id='par_1_113' title="bbox 2331 5289 3899 5388">
     <span class='ocr_line' id='line_1_116' title="bbox 2331 5289 3899 5388; baseline 0.01 -31"><span class='ocrx_word' id='word_1_945' title='bbox 2331 5289 2388 5356; x_wconf 60' lang='grc' dir='ltr'><strong>Ὀ</strong></span> <span class='ocrx_word' id='word_1_946' title='bbox 2448 5289 2696 5369; x_wconf 12' lang='grc' dir='ltr'>Νύσσηςν</span> <span class='ocrx_word' id='word_1_947' title='bbox 2741 5303 3029 5383; x_wconf 88' lang='grc' dir='ltr'>Γρηγόριος</span> <span class='ocrx_word' id='word_1_948' title='bbox 3085 5306 3140 5359; x_wconf 75' lang='grc' dir='ltr'>ἒν</span> <span class='ocrx_word' id='word_1_949' title='bbox 3227 5289 3304 5378; x_wconf 59' lang='grc' dir='ltr'>τῷ</span> <span class='ocrx_word' id='word_1_950' title='bbox 3359 5305 3554 5384; x_wconf 83' lang='grc' dir='ltr'>πρώτῳ</span> <span class='ocrx_word' id='word_1_951' title='bbox 3597 5312 3705 5382; x_wconf 60' lang='grc' dir='ltr'><strong>’Ξ-ὦν</strong></span> <span class='ocrx_word' id='word_1_952' title='bbox 3765 5309 3899 5388; x_wconf 79' lang='grc' dir='ltr'>πρός</span> 
     </span>
    </p>
   </div>
   <div class='ocr_carea' id='block_1_114' title="bbox 2248 5387 3900 5472">
    <p class='ocr_par' dir='ltr' id='par_1_114' title="bbox 2248 5387 3900 5472">
     <span class='ocr_line' id='line_1_117' title="bbox 2248 5387 3900 5472; baseline 0.005 -28"><span class='ocrx_word' id='word_1_953' title='bbox 2248 5387 2502 5463; x_wconf 66' lang='grc' dir='ltr'>Εὐνόμιον</span> <span class='ocrx_word' id='word_1_954' title='bbox 2552 5389 2984 5468; x_wconf 83' lang='grc' dir='ltr'>Ἀντιῤῥητικῶν,</span> <span class='ocrx_word' id='word_1_955' title='bbox 3043 5391 3102 5447; x_wconf 80' lang='grc' dir='ltr'><strong>οὗ</strong></span> <span class='ocrx_word' id='word_1_956' title='bbox 3156 5393 3191 5460; x_wconf 79' lang='grc' dir='ltr'><strong>ἡ</strong></span> <span class='ocrx_word' id='word_1_957' title='bbox 3250 5393 3419 5472; x_wconf 79' lang='grc' dir='ltr'>ἀρχὴ,</span> <span class='ocrx_word' id='word_1_958' title='bbox 3460 5417 3484 5452; x_wconf 74' lang='grc' dir='ltr'>ι</span> <span class='ocrx_word' id='word_1_959' title='bbox 3535 5400 3641 5454; x_wconf 67' lang='grc' dir='ltr'>Οὔκ</span> <span class='ocrx_word' id='word_1_960' title='bbox 3703 5397 3771 5464; x_wconf 76' lang='grc' dir='ltr'>ἧν</span> <span class='ocrx_word' id='word_1_961' title='bbox 3812 5387 3900 5461; x_wconf 11' lang='grc' dir='ltr'>γὼς</span> 
     </span>
    </p>
   </div>
   <div class='ocr_carea' id='block_1_115' title="bbox 2249 5474 3901 5564">
    <p class='ocr_par' dir='ltr' id='par_1_115' title="bbox 2249 5474 3901 5564">
     <span class='ocr_line' id='line_1_118' title="bbox 2249 5474 3901 5564; baseline 0.008 -33"><span class='ocrx_word' id='word_1_962' title='bbox 2249 5474 2408 5551; x_wconf 73' lang='grc' dir='ltr'>ἔοικε,</span> <span class='ocrx_word' id='word_1_963' title='bbox 2469 5477 2529 5534; x_wconf 82' lang='grc' dir='ltr'><strong>τό</strong></span> <span class='ocrx_word' id='word_1_964' title='bbox 2585 5476 2786 5542; x_wconf 75' lang='grc' dir='ltr'>πάντας</span> <span class='ocrx_word' id='word_1_965' title='bbox 2844 5478 3038 5536; x_wconf 77' lang='grc' dir='ltr'>ἐθέλειν</span> <span class='ocrx_word' id='word_1_966' title='bbox 3067 5481 3381 5559; x_wconf 74' lang='grc' dir='ltr'>εὐεργετεῖν,</span> <span class='ocrx_word' id='word_1_967' title='bbox 3430 5504 3452 5536; x_wconf 74' lang='grc' dir='ltr'><strong>ο</strong></span> <span class='ocrx_word' id='word_1_968' title='bbox 3489 5485 3648 5564; x_wconf 75' lang='grc' dir='ltr'>φησίν</span> <span class='ocrx_word' id='word_1_969' title='bbox 3685 5501 3700 5516; x_wconf 85' lang='grc'>⁶</span> <span class='ocrx_word' id='word_1_970' title='bbox 3769 5513 3791 5543; x_wconf 79' lang='grc' dir='ltr'><strong>ι</strong></span> <span class='ocrx_word' id='word_1_971' title='bbox 3825 5488 3901 5544; x_wconf 84' lang='grc' dir='ltr'>Τὸ</span> 
     </span>
    </p>
   </div>
  </div>
