4210 6292
454 326 569 393 627

537 463 858 545 Gregorius
888 462 1184 544 Nyssenus
1207 460 1472 522 oratione
1500 457 1571 520 ad
1602 455 1938 545 Ablabium.
1963 473 2093 545 quae
2112 461 2149 510 Α

457 544 718 633 incipit:
756 574 785 613 ‹
837 551 1068 615 Justum
1129 558 1217 611 est
1256 547 1493 629 quidem
1545 565 1669 621 vos,
1723 545 1824 626 qui
1874 544 2099 606 viribus

458 642 694 725 polletis
725 643 784 703 in
815 641 978 703 omni
1009 639 1223 701 robore
1241 638 1568 716 decertare,
1606 655 1634 696 ι
1657 633 1902 696 scribit:
1935 658 1962 690 α
1986 633 2099 695 Im-

462 722 803 792 inutahilem
839 742 896 792 et
928 747 1033 809 per
1064 727 1262 788 omnia
1287 725 1543 787 similem
1590 730 1862 785 naturam
1906 722 2095 784 conﬂ-

459 818 1000 894 tentes,discrimen
1023 834 1213 878 causa:
1236 824 1293 877 et
1320 816 1564 876 efl‘cctus
1589 832 1706 875 non
1738 812 2094 889 inﬂciamur,

458 908 517 969 in
550 927 665 987 quo
696 907 886 969 solum
935 905 1190 985 disjungi
1242 904 1495 965 alterum
1526 901 1599 964 ab
1662 901 1847 963 altero
1879 901 2089 979 depre-

459 996 813 1075 hendimus;
876 1012 1007 1056 cum
1050 993 1366 1055 credamus
1420 993 1533 1053 hoc
1578 990 1817 1071 quidem
1866 1007 2102 1051 causam

460 1103 615 1159 esse,
651 1084 794 1146 illud
822 1103 890 1145 ex
920 1101 1116 1164 causa,
1153 1092 1210 1144 et
1235 1082 1415 1155 illius,
1462 1080 1617 1161 quod
1650 1098 1719 1141 ex
1768 1096 1943 1140 causa
1991 1084 2100 1153 est,

459 1172 616 1234 aliud
649 1190 856 1233 rursus
888 1171 1211 1233 discrimen
1239 1164 2104 1250 comprehendimus.Namque

460 1262 572 1323 hoc
602 1262 844 1341 quidem
877 1267 966 1322 est
997 1259 1339 1320 immediate
1368 1278 1399 1319 a
1435 1256 1647 1338 primo,
1702 1255 1816 1317 hoc
1864 1273 2003 1317 vero
2036 1272 2104 1315 ex

462 1353 734 1428 contigue
765 1368 795 1410 a
830 1349 1056 1429 primo:
1090 1348 1238 1408 adeo
1277 1355 1337 1407 ut
1390 1345 1754 1424 unigenitum
1802 1342 2103 1405 indubita-

464 1447 585 1498 tum
621 1448 854 1499 maneat
883 1438 943 1498 in
978 1435 1150 1501 Filio,
1200 1443 1259 1498 et
1290 1455 1359 1498 ex
1391 1434 1562 1495 Patre
1613 1450 1744 1495 esse
1794 1431 2100 1513 Spiritum,

462 1527 595 1589 Filii
615 1526 1019 1600 meditatione,
1053 1525 1166 1586 sibi
1196 1524 1307 1604 ipsi
1343 1522 1709 1604 unigenitum
1744 1539 2103 1583 conservan-

468 1624 546 1695 te,
580 1624 637 1677 et
658 1615 941 1697 Spiritum
973 1634 1005 1677 a
1036 1614 1285 1676 naturali
1341 1612 1411 1674 ad
1474 1616 1700 1673 Patrem
1760 1610 2106 1672 habitudine

467 1725 583 1767 non
618 1712 880 1768 arcente.
921 1729 943 1763 ι

549 1793 712 1855 Idem
745 1794 1009 1856 oratione
1039 1792 1112 1857 de
1136 1791 1352 1873 Spiritu
1385 1799 1585 1853 sancto
1606 1790 1885 1852 adversus
1915 1788 2105 1849 Mace-
2132 1782 2168 1831 Β

470 1882 783 1957 donianos,
816 1882 895 1943 ait
930 1905 943 1941 :
984 1908 1010 1937 ιι
1035 1884 1097 1943 1η
1129 1881 1342 1962 quibus
1365 1898 1491 1961 quae
1514 1878 1840 1941 secundum
1883 1877 2107 1939 bonum

469 1974 731 2050 operatio
765 1978 874 2044 est,
912 1971 1129 2032 nullam
1162 1969 1665 2042 imminutionem,
1696 1977 1791 2029 aut
1824 1968 2105 2028 immuta-

471 2062 691 2123 tionem
712 2060 1225 2133 habetQuomodo
1249 2059 1461 2120 rationi
1481 2065 1945 2120 consentaneum
1976 2056 2106 2118 fue-

468 2149 548 2210 rit
576 2149 848 2211 ordinem
895 2148 1221 2211 secundum
1258 2166 1573 2210 numerum
1608 2144 2108 2208 immminutionis

464 2238 739 2319 alicujus,
801 2245 899 2299 aut
950 2236 1277 2299 secundum
1351 2245 1618 2297 naturam
1683 2232 2112 2295 immutationis

464 2326 696 2405 signum
756 2345 886 2388 esse
943 2325 1303 2389 existimare.
1356 2321 1867 2396 Quemadmodum
1899 2321 1947 2382 si
1979 2321 2113 2402 quis

466 2416 526 2476 in
561 2416 748 2477 tribus
771 2414 1138 2496 lampadibus
1164 2413 1529 2476 subdivisam
1552 2413 1847 2473 ﬂammam
1882 2412 2114 2492 conspi-

466 2504 897 2580 ciens;causam
933 2522 1068 2565 vero
1101 2502 1256 2565 tertii
1277 2500 1518 2562 luminis
1540 2518 1945 2580 supponamns
1974 2517 2108 2562 esse

469 2594 717 2674 primam
750 2594 1071 2669 ﬂammam,
1093 2612 1159 2653 ex
1190 2590 1727 2652 communicatione
1749 2607 1881 2651 cum
1910 2588 2108 2649 medio

468 2690 797 2744 extremum
819 2681 1312 2756 inﬂammantem;
1338 2678 1712 2759 postmodum
1742 2677 2110 2740 astrueretin

469 2770 660 2851 prima
685 2771 920 2831 ﬂamma
947 2768 1249 2831 abundare
1281 2769 1535 2831 calorem
1565 2788 1580 2843 ;
1618 2786 1747 2827 eam
1782 2785 1943 2841 vero,
1980 2784 2111 2847 quae

469 2860 872 2941 subsequitur,
907 2859 1229 2933 immutari,
1261 2866 1319 2919 et
1352 2856 1630 2938 paulatim
1657 2854 1953 2932 imminui;
1986 2863 2110 2917 ter-

471 2951 609 3009 tiam
655 2968 764 3010 nec
819 2948 1015 3028 ignem
1073 2947 1326 3028 amplius
1373 2944 1737 3009 censendum
1793 2962 1924 3008 esse
1974 2943 2114 3007 licet

1553 325 1764 389 JOAN.
1814 323 2033 387 VECCI
2074 321 2186 385 ΟΡ.
2233 319 2748 386 ΡΑΤΒῙΑΒΟΗᾸΞ

3715 310 3834 378 628

2259 445 2316 514 εΟ
2370 455 2579 522 Νύσσης
2638 453 2926 533 Γρηγόριος
3006 452 3060 510 ἐν
3112 459 3189 527 τῷ
3243 452 3374 531 πρὸς
3431 446 3736 521 Ἀὄλάὸιον,
3769 447 3830 504 οὗ

2180 546 2214 613 ἡ
2260 545 2428 624 ἀρχὴ,
2493 565 2515 595 ι
2565 535 2729 619 ’Υμᾶς
2794 544 2892 619 μὲν
2948 540 3145 598 δίκαιον
3202 542 3321 607 τοὺς
3391 540 3723 616 ἀκμάζοντας
3774 537 3829 592 ἒν

2180 634 2326 709 πάσῃ
2366 631 2581 709 δυνάμει
2640 630 3060 711 διαγωνίζεσθαι,
3129 654 3150 685 ι
3187 632 3315 710 φησί
3350 647 3361 661 ·
3404 653 3427 685 ιι
3463 630 3535 688 Τὸ
3577 624 3827 703 ἀπαράλ-

2178 720 2373 778 λακτον
2429 727 2528 789 τῆς
2572 721 2773 801 φύσεως
2835 719 3244 799 ὁμολογοῦντες,
3288 720 3385 787 τὴν
3440 719 3577 775 κατὰ
3621 718 3683 773 τὸ
3746 714 3830 772 αἶ’-

2179 832 2291 867 τιον
2343 811 2431 866 καὶ
2500 810 2732 866 αἰτιατόν
2808 807 3055 888 διαφορὰν
3139 812 3232 867 οὒκ
3307 807 3617 887 ἄρνοίμεθα,
3676 804 3729 861 ἓν
3785 808 3831 878 ᾧ

2185 899 2333 974 μόνῳ
2389 896 2733 976 διακρίνεσθαι
2817 900 2878 956 τὸ
2947 898 3121 977 ἕτερον
3175 904 3269 955 τοῦ
3316 897 3491 969 ἐτέρου
3545 896 3828 971 καταλαμ-

2184 985 2437 1067 ϐάνομεν,
2498 995 2575 1063 τῷ
2617 989 2679 1044 τὸ
2723 987 2818 1063 μὲν
2864 986 3035 1044 αἴτιον
3076 988 3339 1043 πιστεύειν
3381 987 3547 1059 εἶναι,
3593 988 3652 1043 τὸ
3672 985 3726 1042 δὲ
3769 988 3831 1042 εκ

2182 1086 2273 1136 τοῦ
2346 1079 2508 1135 αἰτῖου
2575 1078 2663 1134 καὶ
2730 1085 2823 1135 τοῦ
2879 1075 2931 1142 ἒξ
2992 1076 3158 1140 αἰτίλς
3229 1077 3376 1140 ὄντος
3455 1074 3624 1143 ἄλλην
3672 1074 3831 1132 πάλιν

2184 1164 2431 1245 διαφορὰν
2501 1166 2766 1242 ἐννοῦμεν,
2826 1168 2897 1224 Τὸ
2953 1166 3048 1240 μὲν
3107 1167 3206 1245 γὰρ
3279 1166 3561 1245 προσεχῶς
3610 1167 3673 1221 ὲκ
3739 1175 3834 1224 τοῦ

2185 1256 2418 1336 πρώτου,
2463 1258 2524 1314 τὸ
2587 1255 2643 1312 δὲ
2699 1255 2783 1312 διὰ
2837 1262 2927 1312 τοῦ
2984 1262 3266 1335 προσεχῶς
3321 1255 3383 1311 ὲκ
3447 1262 3539 1312 τοῦ
3593 1258 3826 1334 πρώτου,

2186 1346 2324 1403 ὥστε
2353 1347 2440 1402 καὶ
2480 1348 2541 1402 τὸ
2598 1346 2876 1423 μονογενὲς
2908 1344 3262 1426 ἀναμφίϐολον
3309 1346 3394 1402 ἐπὶ
3435 1353 3527 1403 τοῦ
3573 1346 3696 1402 Υἱοῦ
3725 1345 3829 1414 μὲ-

2188 1457 2317 1507 νειν,
2361 1435 2449 1491 καὶ
2502 1436 2564 1491 τὸ
2608 1434 2668 1492 ἐκ
2693 1442 2785 1491 τοῦ
2827 1437 3029 1513 Πατρὸς
3085 1436 3227 1492 εἶναι
3282 1436 3343 1491 τὸ
3385 1441 3596 1511 Πνεῦμα
3627 1436 3704 1511 μὴ
3731 1436 3834 1510 ἆμ-

2188 1521 2484 1613 φιϐάλλειν,
2522 1524 2639 1613 »τῆς
2682 1531 2808 1613 10'.
2832 1527 2953 1583 1‘i06
2999 1524 3264 1599 μεσιτείας
3292 1526 3381 1581 καὶ
3422 1525 3590 1599 ἑαυτῷ
3618 1526 3679 1580 τὸ
3723 1548 3831 1598 μο-

2187 1612 2396 1691 νογενὲς
2452 1611 2837 1693 φυλαττούσης,
2913 1614 3001 1669 καὶ
3085 1614 3146 1669 τὸ
3202 1620 3413 1689 Πνεῦμα
3465 1619 3563 1681 τῆς
3610 1620 3834 1695 φυσικῆς

2188 1704 2317 1779 πρὸς
2341 1702 2433 1757 τὸν
2467 1701 2671 1780 Πατέρα
2701 1702 2942 1780 σχέσεως
2975 1702 3052 1778 μὴ
3092 1704 3465 1782 ἃπειργούσης.
3506 1723 3530 1758 ι

2273 1783 2330 1848 Ὀ
2374 1790 2527 1854 αὒτὸς
2601 1791 2655 1847 ἐν
2703 1799 2781 1866 τῷ
2828 1794 2945 1871 περὶ
2993 1802 3085 1852 τοῦ
3138 1794 3287 1870 ἁγίου
3340 1794 3642 1869 Πνεύματος
3698 1794 3838 1848 κατᾶ

2191 1879 2593 1938 Μακεδονιανῶν
2658 1879 2803 1959 λόγῳ
2858 1883 3014 1962 φησῖν
3049 1897 3063 1912 ⁶
3123 1908 3145 1941 ι
3179 1880 3295 1963 Ἐφ’
3338 1885 3411 1939 ὧν
3468 1884 3567 1963 γὰρ
3622 1884 3657 1950 η
3701 1884 3839 1938 κατὰ

2190 1968 2382 2046 ἀγαθὸν
2437 1968 2669 2047 ἐνέργεια
2743 1968 2985 2045 οὐδεμίαν
3059 1969 3346 2029 ἐλάττωσιν
3400 1974 3486 2027 καὶ
3565 1970 3839 2047 παραλλα-

2190 2058 2293 2136 γὴν
2365 2057 2502 2138 ἔχει,
2560 2064 2675 2120 πῶς
2733 2059 2871 2115 ἐστιν
2929 2058 3144 2138 εὔλογον
3190 2061 3285 2127 τὴν
3314 2061 3450 2117 κατὰ
3479 2061 3566 2116 τὸν
3616 2061 3840 2137 ἀριθμὸν

2190 2144 2334 2211 τάξιν
2376 2145 2715 2211 ἐλαττώσεώς
2772 2169 2915 2210 τινος
2962 2147 2998 2215 ἢ
3056 2153 3151 2215 τῆς
3207 2149 3342 2204 κατὰ
3390 2151 3539 2228 φύσιν
3568 2148 3845 2227 11191))“:-

2192 2240 2294 2312 γῆς
2340 2234 2544 2292 οἴεσθαι
2576 2249 2807 2311 σημεῖον
2852 2237 2993 2293 εἶναι
3028 2253 3042 2267 ⁸
3085 2237 3264 2317 ὥσπερ
3304 2236 3367 2293 ἂν
3410 2238 3463 2293 εἶ’
3504 2261 3580 2305 τις
3618 2242 3673 2295 ‘ev
3703 2243 3843 2317 τςιςὶ

2192 2321 2433 2398 λαμπάσι
2477 2321 2802 2403 διῃρημένην
2861 2324 3071 2401 βλέπων
3112 2337 3209 2405 τίεν
3264 2326 3479 2406 πρώτην
3521 2326 3716 2407 φλόγα,
3754 2331 3844 2384 αἶ-

2194 2411 2306 2468 τίαν
2363 2409 2417 2466 δὲ
2500 2413 2674 2488 φωτὸς
2756 2420 2845 2470 τοῦ
2921 2414 3092 2491 τρίτου
3188 2415 3497 2490 ὑποθώμεθα
3541 2417 3681 2473 εἶναι
3742 2418 3843 2484 τὴν

2190 2500 2407 2579 πρώτην
2458 2498 2627 2579 γλόγα
2686 2501 2745 2559 ἐκ
2775 2500 3054 2569 διαδόσεως
3113 2502 3197 2560 διὰ
3225 2506 3316 2562 τοῦ
3370 2504 3533 2581 μέσου
3574 2508 3635 2562 τὸ
3682 2505 3844 2582 ἄκρον

2192 2588 2457 2664 ἐξάψασαν
2503 2607 2520 2624 ο
2578 2589 2761 2647 ἔπειτα
2837 2594 3211 2665 καταπιευείζει
3283 2593 3586 2666 πλεονάζων
3655 2598 3710 2651 ἒν
3773 2602 3846 2672 τῇ

2193 2679 2376 2757 πρώτῃ
2433 2676 2588 2759 φλογὶ
2642 2681 2738 2748 τὴν
2792 2683 3073 2758 θερμασίαν
3108 2702 3125 2719 ⁸
3154 2689 3221 2760 τῇ
3250 2683 3296 2740 δ’
3326 2683 3512 2765 ἐφεξῆς
3566 2683 3844 2752 ὑποϐεϐη-

2193 2767 2362 2846 κέναι,
2412 2769 2498 2824 οιαὶ
2528 2769 2657 2843 πρὸς
2712 2771 2772 2827 τὸ
2832 2770 3049 2830 ἔλαττον
3083 2772 3230 2854 ἔχειν
3259 2774 3356 2841 τὴν
3427 2774 3776 2854 παραλλαγῂν
3830 2798 3841 2808 ·

2193 2857 2291 2924 τὴν
2348 2855 2402 2913 δὲ
2471 2857 2649 2936 τρίτην
2706 2858 2842 2934 μηδέ
2912 2869 3012 2941 πῦρ
3069 2863 3144 2919 ἔτι
3187 2861 3506 2940 λογίζεσθαι,
3536 2862 3633 2920 κᾶν
3663 2888 3845 2942 παρα-

2194 2944 2457 3020 πλησίως,
2531 2947 2656 3023 καίῃ
2706 2950 2792 3005 καὶ
2847 2950 3029 3032 φαίνῃ,
3076 2955 3163 3009 καὶ
3226 2952 3396 3009 πάντα
3442 2954 3505 3009 τὰ
3560 2961 3652 3010 τοῦ
3679 2956 3846 3032 τυρὸς

470 3056 639 3118 aequa
661 3036 893 3099 ratione
922 3036 1153 3112 aduret,
1174 3044 1231 3098 et
1260 3034 1588 3117 splendeat,
1624 3032 1940 3114 omniaque
1961 3032 2109 3112 ignis

2196 3036 2504 3114 ἐργάζηται.
2556 3064 2581 3097 io

470 3133 768 3207 operetur.

551 3214 803 3278 Sanctus
827 3216 1115 3278 Maximus
1144 3214 1203 3275 iu
1232 3214 1659 3294 expositione,»
1692 3212 1996 3285 Quomodo
2019 3211 2112 3272 in-

472 3304 660 3384 telligi
692 3304 871 3368 debet
894 3322 1138 3366 aureum
1168 3302 1620 3376 candelabrum.
1651 3310 1707 3363 et
1756 3319 1937 3381 super
1967 3300 2113 3362 illud

471 3413 647 3476 parva
676 3394 926 3474 lampas,
960 3401 1016 3454 et
1041 3392 1319 3467 lucernas,
1358 3416 1385 3448 »
1424 3392 1600 3454 tradit
1633 3415 1645 3451 :
1685 3414 1708 3451 ι
1746 3390 2002 3471 Spiritus
2055 3407 2112 3451 e-

473 3483 593 3544 nim
670 3491 911 3544 sanctus
964 3481 1462 3561 quemadmodum
1525 3491 1731 3542 natura
1780 3478 2112 3542 secundum

471 3574 787 3634 essentiam
807 3579 915 3651 est,
958 3571 1059 3633 Dei
1094 3577 1152 3631 et
1182 3570 1389 3644 Patris,
1419 3571 1496 3631 ita
1529 3578 1588 3631 et
1617 3568 1748 3629 Filii
1780 3569 2113 3629 secundum

469 3659 786 3721 essentiam
822 3666 929 3734 est,
963 3667 1236 3738 tanquam
1280 3658 1380 3738 qui
1412 3677 1480 3718 ex
1506 3657 1676 3718 Patre
1717 3653 2116 3717 essentialiler

472 3766 579 3829 per
608 3747 821 3809 Filium
861 3746 1356 3826 genitum,modo,
1383 3747 1481 3827 qui
1517 3745 1765 3827 exprimi
1786 3741 1979 3803 verbis
1998 3761 2115 3802 non

472 3845 686 3917 potest,
722 3837 1075 3917 procedens.
1119 3861 1140 3892 ιι

554 3926 726 3986 Divus
756 3923 1032 3986 Tarasius
1062 3925 1133 3985 ad
1159 3925 1439 4006 praesules
1472 3932 1529 3985 et
1560 3920 2118 3986 saeerdotesAntio-

469 4012 639 4085 chiae,
693 4013 1088 4087 Alexandriae,
1150 4023 1208 4075 et
1275 4021 1493 4075 sanctze
1546 4012 1803 4075 civitatis
1846 4011 2116 4092 epistola,

470 4121 601 4182 quas
631 4101 842 4183 incipit
879 4121 893 4163 :
933 4104 1150 4166 «Multa
1183 4112 1237 4164 et
1263 4122 1469 4182 magna
1508 4102 1874 4184 providentia
1905 4100 2114 4162 Domi-

473 4191 667 4252 minus
688 4192 844 4254 Deus
876 4192 1181 4253 hominum
1200 4193 1346 4255 vitas
1376 4212 1589 4273 regens
1613 4200 1670 4254 et
1700 4190 2109 4272 protrahens,»

2280 3206 2337 3272 Ὀ
2405 3214 2563 3295 ἅγιος
2622 3217 2855 3293 Μάξιμος
2908 3218 2961 3275 ἐν
3014 3222 3098 3281 οἷς
3158 3219 3451 3298 ἐρμηνεόει.
3524 3245 3548 3273 ιι
3597 3220 3656 3277 Τί
3711 3218 3851 3288 δῆτα

2195 3303 2436 3381 βούλεται
2480 3313 2557 3379 τῷ
2598 3309 2845 3388 προφήτη
2903 3309 3137 3387 Ζαχαρία
3196 3311 3230 3376 ἡ
3294 3315 3469 3389 χρυσῆ
3512 3308 3702 3389 λυχνία
3760 3312 3851 3365 καὶ

2195 3394 2255 3449 τὸ
2287 3392 2371 3450 ἐπ’
2414 3398 2546 3471 αὒτῇ
2593 3393 2912 3472 λαμπάδιον,
2945 3395 3030 3454 ϐαὶ
3073 3399 3119 3453 οἰ
3148 3396 3362 3478 λύχνοι,
3397 3422 3423 3454 ι
3459 3421 3617 3477 φησιν
3643 3415 3655 3426 ’
3713 3421 3740 3455 ι
3777 3400 3850 3455 Τό

2194 3482 2293 3559 γαρ
2363 3488 2573 3559 Πνεῦμα
2652 3486 2714 3541 τὸ
2785 3484 2953 3564 ἅγιον,
3030 3485 3209 3564 ὥσπερ
3271 3488 3417 3566 φύσει
3494 3485 3611 3543 κατ’
3669 3488 3851 3543 οὓσῗαν

2193 3570 2422 3650 ὑπάρχει
2478 3581 2573 3631 τοῦ
2618 3579 2749 3629 Θεοῦ
2792 3576 2878 3630 καὶ
2947 3576 3170 3654 Πατρὸς,
3229 3576 3368 3632 οὕτω
3423 3577 3508 3631 καὶ
3579 3586 3670 3633 τοῦ
3730 3577 3852 3631 Pio-3

2195 3658 2315 3714 711’
2366 3660 2542 3717 οὖσίαν
2595 3661 2753 3733 ἐστὶν,
2812 3665 2885 3726 ὥς
2942 3663 3003 3720 ἐκ
3063 3673 3154 3722 τοῦ
3209 3665 3411 3742 Πατρὸς
3470 3661 3731 3728 οὖσιωδῶς
3781 3662 3850 3719 δι’

2201 3751 2322 3805 Υἱοῦ
2352 3748 2689 3828 γεννηθέντος
2720 3751 2998 3832 ἀφράστως
3027 3752 3468 3830 ἐκπορευόμενον.
3506 3778 3533 3808 ιι

2286 3915 2343 3983 Ὀ
2414 3930 2557 3991 θεῖος
2630 3928 2887 4008 Ταρασιος
2976 3932 3032 3986 ἓν
3108 3938 3177 4008 τῇ
3258 3934 3382 4011 πρὸς
3438 3932 3710 4015 ἀρχιερεῖς
3763 3937 3854 3991 καὶ

2202 4016 2363 4091 ἱερεῖς
2414 4018 2510 4084 τῆς
2573 4014 2927 4098 Ἀντιοχείας,
2982 4018 3394 4098 Ἀλεξανδρείας,
3424 4024 3512 4079 καὶ
3553 4014 3652 4091 τῆς
3698 4026 3852 4098 ἁγίας

2198 4101 2406 4169 πόλεως
2451 4103 2728 4185 ἐπιστολῇ,
2781 4109 2847 4173 ἧς
2883 4109 2917 4175 ἡ
2947 4107 3119 4188 ἀρχὴ,
3155 4129 3177 4158 ι
3211 4108 3445 4175 Ποὶλαϊς
3476 4113 3562 4168 καὶ
3592 4111 3853 4191 μεγάλαις

2200 4195 2466 4269 προνοίαις
2514 4194 2697 4272 Κύριος
2756 4198 2783 4250 ὂ
2843 4198 2970 4261 θεὸς
3038 4198 3160 4261 τοὺς
3203 4204 3309 4254 τῶν
3367 4199 3655 4279 ἀνθρώπων
3708 4202 3852 4277 βῖους

472 4290 601 4362 post
624 4281 803 4343 multa
832 4281 945 4342 alia
974 4282 1211 4345 subdit:
1251 4307 1274 4338 (ι
1309 4283 1382 4345 Et
1413 4283 1472 4343 in
1505 4280 1788 4363 Spiritum
1840 4285 2108 4370 sanctum

2199 4278 2471 4338 διευθύνων
2531 4306 2587 4339 τε
2650 4284 2739 4340 καὶ
2795 4283 3067 4364 διεξάγων,
3106 4308 3127 4337 ι
3179 4289 3311 4362 μετᾶ
3355 4278 3528 4344 πολλὰ
3556 4288 3706 4368 ἔτερα
3737 4314 3851 4370 φτ,-

470 4371 788 4431 Dozninum
824 4378 881 4430 et
911 4370 1326 4444 vivificantem,
1352 4371 1451 4452 qui
1484 4391 1552 4433 ex
1572 4370 1742 4433 Patre
1768 4387 1872 4450 per
1896 4368 2109 4432 Filium

471 4457 760 4540 procedit.
796 4466 851 4521 et
880 4457 1036 4523 Deus
1063 4460 1460 4537 cognoscitur.
1500 4486 1526 4517 ››

557 4639 796 4714 Magnus
838 4639 1214 4721 Athanasius,
1248 4640 1319 4701 ad
1369 4640 1755 4721 Serapionem
1788 4637 1861 4699 de
1892 4635 2115 4718 Spiritu

2132 4346 2176 4395 D

2196 4394 2278 4427 σιν
2315 4390 2326 4404 ·
2363 4400 2387 4434 ι
2442 4374 2543 4431 Καὶ
2590 4376 2663 4437 εἷς
2709 4374 2768 4430 τό
2800 4380 3012 4450 Πνεῦμα
3042 4376 3101 4432 τό
3131 4376 3304 4454 ἅγιον,
3348 4377 3409 4433 τό
3448 4378 3507 4434 ἐκ
3536 4380 3738 4457 Πατρός
3784 4377 3854 4434 δι’

2198 4462 2322 4521 Υἱοῦ
2366 4460 2803 4541 ἐκπορεύομενον,
2865 4465 2951 4520 καὶ
3010 4466 3133 4521 αὐτὸ
3194 4465 3321 4523 Θεόν
3379 4467 3520 4523 εἶναι
3591 4475 3851 4546 γνωριζό-

2196 4571 2377 4625 μενον.

2280 4631 2337 4699 Ὀ
2396 4640 2562 4720 μέγας
2625 4639 2932 4710 Ἀθανάσιος
2988 4643 3042 4700 ἐν
3083 4651 3152 4722 τῇ
3194 4646 3323 4726 πρός
3371 4647 3679 4724 Σεραπίωνα
3736 4651 3856 4725 περὶ

471 4734 674 4788 sancto
700 4727 971 4804 epistola,
1008 4730 1175 4808 cujus
1212 4729 1566 4811 principium
1603 4751 1616 4787 :
1653 4753 1678 4783 α
1716 4729 1987 4790 Fortasse
2016 4724 2109 4786 ad-

2202 4735 2294 4785 106
2361 4730 2511 4808 ἁγίου
2573 4731 2877 4807 Πνεόματος
2937 4724 3331 4810 ἐπιστολῇρῆς
3362 4736 3397 4803 ἡ
3426 4733 3596 4814 ἀρχὴ.
3634 4758 3661 4788 ι(
3696 4732 3856 4797 ’Ἴσως

477 4814 815 4891 miraberis,
853 4818 1149 4897 quomodo
1204 4818 1611 4899 praicipiens,»
1643 4815 1891 4879 scribit:
1933 4839 1957 4868 α
1995 4815 2109 4876 Ne-

2201 4819 2485 4893 θαυμάσεις
2516 4826 2628 4882 πῶς
2659 4823 2716 4876 ἓν
2729 4819 3059 4902 τειλάμενος,
3094 4842 3120 4877 ι
3153 4824 3299 4903 φεσίν
3336 4842 3348 4855 ·
3403 4844 3426 4879 α
3474 4825 3546 4882 0'3
3577 4824 3675 4902 γὰρ
3702 4823 3856 4889 ἐκτός

473 4924 588 4987 que
625 4905 784 4967 enim
822 4912 988 4967 extra
1018 4906 1278 4969 Verbum
1314 4906 1568 4988 Spiritus
1590 4904 1808 4987 est,sed
1833 4906 1892 4967 in
1927 4901 2109 4966 Vcrbc

2204 4904 2313 4962 ἐστι
2343 4914 2435 4963 τοῦ
2480 4908 2651 4986 Λόγου
2711 4908 2771 4965 τό
2844 4901 3077 4985 Πνεῦμα,
3123 4901 3241 4967 ἀλλ’
3300 4911 3353 4968 ἐν
3402 4920 3476 4974 τῷ
3505 4901 3656 4989 λόγῳ
3683 4913 3764 4984 ὃν,
3802 4912 3857 4968 ἐν

478 4994 790 5069 exsistens,
829 4995 887 5056 in
913 4995 1036 5058 Deo
1072 5015 1181 5077 per
1219 4997 1410 5078 ipsum
1458 5007 1567 5059 est.
1608 5019 1633 5056 ι
1669 4996 1739 5058 Et
1771 4994 1973 5076 paucis
2023 4994 2109 5053 in-

2203 5001 2281 5069 τῷ
2325 5003 2439 5071 Θεῴ
2468 4994 2538 5053 δι’
2569 4997 2725 5057 αὒτοῦ
2777 5000 2939 5061 ἔστιν,
2990 5028 3012 5059 ι
3079 5001 3176 5057 Καὶ
3245 4999 3363 5075 μετ’
3422 4999 3574 5079 ὀλίγα
3609 5017 3622 5030 ⁶
3664 5022 3687 5055 ι
3750 5008 3856 5057 Τοῦ

478 5082 1065 5165 terjectis:«Spiritus
1095 5104 1232 5147 vero
1265 5105 1396 5147 cum
1426 5086 1487 5147 tit
1516 5085 1575 5146 in
1605 5081 2109 5162 Verbo,manil‘es-

2208 5082 2262 5139 δὲ
2307 5086 2608 5162 Πνεύματος
2667 5086 2816 5149 ὄντος
2873 5087 2926 5144 ἐν
2983 5095 3060 5163 τῷ
3117 5089 3295 5167 Λόγῳ,
3329 5087 3484 5157 δῆλον
3539 5088 3599 5145 ἂν
3630 5088 3721 5155 εἴη
3780 5093 3857 5152 ὡς

477 5181 599 5233 tum
635 5171 809 5234 fuerit
844 5174 904 5234 in
927 5172 1049 5236 Deo
1083 5173 1263 5237 fuisse
1293 5194 1401 5255 per
1420 5173 1682 5238 Verbum
1708 5172 2015 5255 Spiritum.
2052 5194 2079 5227 an

2207 5174 2306 5257 xui
2343 5173 2396 5228 ἐν
2437 5181 2513 5250 τῷ
2542 5182 2656 5251 θεῷ
2683 5178 2752 5242 ἦν
2784 5174 2869 5232 διὰ
2911 5184 3002 5233 τοῦ
3046 5177 3215 5257 Λόγο)
3243 5179 3303 5234 τὸ
3333 5184 3564 5254 Πνεῦμα.
3606 5202 3632 5231 ι)

555 5262 873 5340 Gregorius
897 5261 1197 5343 Nyssenus
1229 5253 1498 5325 oratione
1532 5253 2109 5342 primaAntirrbeticz

2292 5253 2348 5319 Ὀ
2379 5264 2587 5331 Νύσσης
2616 5266 2908 5344 Γρηγόριος
2941 5264 2993 5320 ἐν
3035 5273 3112 5341 τῷ
3137 5253 3347 5345 γπρώτῷ
3399 5273 3504 5324 τῶν
3560 5268 3688 5345 πρὸς
3753 5267 3859 5323 Εὖ-

476 5349 759 5411 adversus
782 5350 1167 5433 Eunomium,
1202 5371 1335 5433 quae
1368 5351 1576 5433 incipit
1606 5369 1621 5414 ξ
1662 5376 1687 5407 α
1717 5352 1895 5432 Fieri,
1943 5357 2006 5411 ut
2034 5347 2109 5408 vi-

2208 5350 2389 5427 νόμιον
2442 5350 2871 5432 ’Λντιῤῥητικῶν,
2935 5357 2994 5410 οὗ
3054 5357 3088 5423 ἡ
3145 5355 3315 5435 ἀρχὴ.
3387 5379 3408 5411 ι
3458 5360 3566 5415 Οὔκ
3620 5356 3710 5433 ἦν,
3783 5358 3861 5419 ὡς

477 5439 674 5513 detur,
704 5458 819 5500 non
855 5447 1069 5520 potest,
1125 5448 1187 5501 ut
1233 5441 1334 5523 qui
1397 5441 1471 5502 de
1503 5439 1777 5502 omnibus
1806 5439 1961 5502 bene
1994 5456 2109 5499 me-

2206 5439 2370 5522 ἕοικε,
2405 5443 2467 5498 τὸ
2513 5442 2713 5506 πάντας
2744 5441 2937 5499 ἐθέλειν
2975 5446 3295 5523 εῗεργετεῖν,
3334 5472 3356 5502 ι
3387 5445 3517 5526 φησί
3561 5462 3574 5477 ⁸
3622 5476 3642 5504 ι
3678 5449 3866 5521 Πατὴρ

476 5529 619 5600 reri,
657 5552 683 5582 »
724 5527 909 5590 dicit:
954 5553 980 5583 α
1018 5528 1195 5591 Pater
1241 5528 1479 5609 quidem
1535 5530 1666 5591 sine
1715 5527 2030 5610 principio,
2068 5542 2109 5587 et

2207 5530 2303 5605 μὲν
2347 5529 2579 5610 ἄναρχος
2618 5536 2714 5589 καὶ
2766 5531 3053 5611 ἂγέννητος
3086 5546 3287 5590 νοεῖται
3322 5553 3338 5570 ο
3373 5534 3424 5600 ἐξ
3454 5538 3612 5593 αὐτοῦ
3640 5532 3695 5589 δὲ
3725 5538 3866 5591 κατὰ

476 5616 800 5700 ingenitus,
833 5626 892 5680 et
913 5636 1154 5699 semper
1184 5620 1360 5681 Pater
1388 5617 1776 5699 intelligitur;
1804 5636 1871 5680 ex
1895 5635 1964 5680 eo
1983 5634 2109 5680 verc

2205 5619 2266 5675 τὸ
2309 5620 2572 5699 προσεχὲς
2626 5619 2952 5687 ἆδιαστάτως
3007 5624 3035 5679 ὁ
3094 5622 3386 5701 μονογενὴς
3432 5624 3551 5691 Υἱὸς
3579 5630 3654 5697 τῷ
3699 5625 3866 5703 Πατρὶ
