4208 6296
474 304 584 371 631
1582 311 1794 376 JOAN.
1840 305 2061 376 VECCI
2105 299 2219 363 GP.
2270 301 2793 372 PATRIARCHE
3768 297 3882 366 632

480 438 696 521 Virgo?
725 441 817 505 Ad
842 441 900 505 id
926 462 1035 506 nos
1059 444 1495 525 respondemus
1511 455 1717 507 natum
1746 462 1902 520 esse,
1936 456 2132 523 neque

2217 436 2251 504 ἡ
2284 437 2546 518 Παρθένος
2583 458 2600 519 ;
2653 440 2754 497 Καὶ
2796 440 2930 518 πρὸς
2987 461 3048 518 γε
3101 445 3256 496 τοῦτο
3307 460 3480 518 φαμεν
3509 436 3590 495 ὅτι
3619 433 3873 514 γεγέννη-

479 528 556 593 de
583 548 653 594 eo
683 531 980 613 quispiam
1010 533 1270 608 dubitat,
1294 553 1362 595 ex
1388 534 1519 615 ipsa
1568 533 1828 596 essentia
1860 534 2050 597 Patris
2079 536 2132 593 et

2219 547 2306 582 ται
2368 527 2467 603 μὲν
2535 526 2979 606 ὅμολογουμένως
3061 529 3114 595 ἐξ
3173 528 3340 596 αὐτῆς
3396 533 3495 595 τῆς
3555 525 3734 588 οὖσίας
3785 525 3874 579 105

477 619 586 682 Dei
618 619 910 698 vivens,et
941 622 1001 683 in
1034 622 1332 704 hypostasi
1364 643 1473 685 sua
1492 624 1787 686 exsistens
1814 621 2077 686 Verbum
2117 641 2131 683 :

484 708 547 770 in
590 711 871 773 extremis
926 730 1101 792 porro
1153 712 1354 773 saaculi
1395 712 1790 794 temporibus,
1825 730 1958 775 cum
1993 728 2132 772 caro

480 798 699 859 factum
741 806 850 874 est,
886 800 1088 861 unitus
1144 800 1430 863 duntaxat
1477 800 1644 863 carni
1697 808 1808 876 est,
1875 802 2130 862 animam

477 887 806 966 possidenti
857 888 1109 950 rationis
1157 898 1584 972 compotem,et
1636 889 1968 952 secundum
1996 907 2132 950 car-

476 993 612 1037 nem
636 974 855 1038 dicitur
880 996 988 1058 per
1014 978 1328 1040 mulierem
1365 989 1627 1041 natum.»
1660 979 1732 1042 Et
1755 985 1888 1060 post
1915 994 2128 1059 pauca:

486 1062 765 1137 «Quando
789 1075 1032 1146 accepta
1061 1085 1241 1130 carne
1275 1068 1464 1131 factus
1496 1080 1584 1131 est
1611 1069 1797 1131 Filius
1846 1067 2130 1143 hominis,

481 1170 727 1218 necesse
754 1163 844 1218 est
874 1156 1067 1229 fateri,
1104 1176 1239 1219 eum
1271 1166 1472 1220 natum
1500 1177 1631 1221 esse
1654 1158 1980 1221 secundum
2006 1175 2130 1220 car-

478 1261 613 1304 nem
652 1263 759 1325 per
790 1245 1169 1309 mulierem.»
1205 1246 1554 1328 Rursusque
1584 1248 1780 1309 statim
1812 1255 1944 1328 pbst
1974 1266 2129 1308 non-

478 1332 640 1393 nulla
670 1333 785 1395 alia
820 1355 832 1394 :
873 1334 989 1395 «Ex
1010 1334 1130 1396 Deo
1164 1338 1336 1398 Patre
1366 1336 1629 1399 Verbum
1661 1355 1729 1397 ex
1763 1344 1967 1398 sancta
1988 1336 2131 1397 Vir-

480 1419 615 1499 gine
645 1430 792 1483 est.»
828 1423 907 1485 Et
937 1431 1068 1503 post
1098 1442 1305 1502 pauca:
1347 1450 1372 1480 α
1412 1427 1649 1490 Factum
1681 1437 1771 1488 est
1803 1424 2131 1487 secundum

477 1528 586 1572 nos
617 1529 686 1572 ex
711 1512 980 1575 muliere.
1010 1537 1036 1568 ι)
1081 1514 1156 1575 Et
1186 1521 1317 1592 post
1349 1516 1461 1577 tria
1490 1515 1579 1576 vel
1611 1522 1866 1594 quatuor
1901 1513 2133 1594 periodi

480 1599 789 1663 membra:
820 1625 846 1657 α
874 1600 956 1662 Ex
1014 1605 1137 1666 Deo
1194 1606 1370 1666 Patre
1400 1603 1664 1666 Verbum
1701 1606 1758 1665 in
1789 1604 1998 1675 forma,
2033 1603 2136 1684 qui

481 1706 615 1750 eum
639 1699 931 1767 genuerat
961 1692 1255 1754 exsistens
1288 1692 1643 1755 inliabitavit
1676 1692 1734 1755 in
1763 1693 2004 1755 homine
2027 1710 2134 1765 ge-

2220 619 2352 676 Θεοῦ
2394 620 2483 676 καὶ
2528 622 2730 700 Πατρὸς
2789 623 2816 677 6
2873 627 2975 693 ζῶν
3055 645 3115 679 τε
3171 621 3257 679 καὶ
3306 620 3661 682 ἒνυπόστατος
3718 617 3870 673 αῦτοῦ

2217 708 2411 788 Λόγος,
2488 708 2541 763 ἐν
2596 708 2847 787 ἐσχάτοις
2904 708 2959 766 δὲ
3018 709 3110 766 τοῦ
3164 711 3355 772 αἰῶνος
3410 720 3646 786 καιροῖς,
3687 701 3867 769 ἓπειὲὴ

2216 796 2402 876 γέγονε
2459 796 2608 875 σὰρξ,
2665 796 2934 855 τουτέστιν
3002 799 3184 867 ἡνώθη
3226 799 3377 877 σαρκὶ
3426 797 3609 876 ψτχὴν
3666 794 3866 874 ἑχοίσῃ

2212 886 2310 954 τὴν
2340 884 2588 965 λογικὴν,
2621 887 2708 943 καὶ
2753 894 3016 966 σαρκικῶς
3065 887 3408 965 γεγεννῆσθαι
3459 884 3672 964 λέγεται
3729 901 3759 940 ι
3787 879 3867 937 δια

2213 973 2483 1050 γυναικός.
2523 994 2546 1030 ι
2586 973 2682 1030 Καὶ
2740 974 2877 1048 μετα
2932 997 3049 1031 τινα
3078 974 3287 1054 βραχέα
3318 989 3333 1004 ⁹
3391 991 3417 1031 ι
3455 969 3673 1038 Ἐπειδῆ
3705 969 3866 1047 σάρκα

2213 1058 2389 1118 λαϐὼν
2440 1061 2808 1140 κεχρημάτικε
2863 1065 2951 1120 καὶ
3019 1065 3138 1126 Υἱὸς
3213 1061 3509 1142 ἀνθρώπου,
3581 1060 3865 1136 ἀναγκαῖον

2214 1147 2498 1228 ὁμολογεῖν
2528 1147 2608 1205 ὅτι
2668 1149 2981 1229 γεγέννηται
3024 1152 3162 1208 κατὰ
3207 1151 3375 1230 σαίρκα
3415 1147 3499 1205 διὰ
3524 1147 3787 1227 γυναικός.
3834 1169 3861 1200 ι

2216 1239 2314 1295 Καὶ
2371 1236 2531 1300 πάλιν
2591 1239 2725 1313 μετὰ
2789 1239 3000 1320 βραχέα
3071 1241 3235 1298 τινά·
3290 1260 3316 1293 σ
3365 1230 3423 1296 ⁸0
3493 1238 3555 1294 ἐκ
3595 1242 3727 1295 Θεοῦ
3754 1241 3864 1290 Πα-

2214 1329 2337 1404 τρὸς
2383 1325 2553 1404 Λόγος
2605 1325 2665 1383 ἐκ
2720 1332 2818 1394 τῆς
2869 1328 3021 1407 ἁγίας
3078 1327 3339 1408 Παρθένου
3382 1327 3536 1384 ἐστί’
3574 1348 3602 1380 ι)
3636 1325 3724 1381 καὶ
3753 1330 3863 1398 μετ’

2217 1412 2369 1492 ὀλίγα
2401 1413 2560 1471 πάλιν
2595 1433 2608 1448 ·
2652 1435 2674 1469 ιι
2721 1415 3038 1494 Γεγέννηται
3069 1417 3185 1474 καθ’
3215 1420 3359 1493 ἡμᾶς
3386 1419 3450 1473 εκ
3478 1415 3746 1493 γυναικός⁶
3782 1413 3865 1468 καὶ

2218 1504 2353 1574 μετὰ
2380 1504 2497 1582 τρία
2539 1502 2574 1572 ἢ
2604 1503 2832 1584 τέσσαρα
2879 1505 3029 1563 κῶλά
3078 1509 3235 1587 φησὶν
3269 1555 3282 1569 ,
3323 1527 3346 1561 ι
3385 1497 3442 1564 Ὀ
3475 1503 3536 1560 ἐκ
3592 1509 3723 1560 Θεοῦ
3752 1507 3859 1557 Πα-

2217 1594 2338 1671 τρός
2408 1593 2578 1673 Λόγος
2637 1594 2690 1651 ἓν
2750 1602 2926 1676 μορφῆ
2981 1596 3074 1653 τοῦ
3148 1595 3533 1675 γεγεννηκότος
3614 1592 3866 1670 ὑπάρχων

2216 1681 2529 1756 κανῴκησεν
2588 1683 2643 1739 ἐν
2696 1685 2955 1762 ἀνθρώπῳ
3027 1684 3328 1763 γεννηθέντι
3384 1682 3469 1740 διὰ
3524 1685 3791 1762 γυναικός.
3836 1702 3858 1734 ιι

480 1785 686 1839 nerato
720 1797 827 1858 per
857 1780 1191 1844 mulierem.
1231 1806 1254 1839 ιι
1285 1781 1357 1844 Ει
1401 1782 1605 1864 paucis
1654 1781 1873 1845 additis
1907 1803 1921 1840 :
1963 1802 1991 1840 ‹
2016 1780 2132 1844 Sed

2220 1771 2316 1827 Kal
2369 1771 2503 1845 μετὰ
2558 1793 2676 1828 tua
2710 1789 2725 1804 '
2780 1796 2808 1827 α
2845 1771 2992 1829 Ἀλλ’
3052 1774 3185 1837 ἴσως
3250 1775 3379 1853 φαίη
3448 1794 3528 1835 τις
3584 1768 3669 1848 ἂν,
3713 1769 3790 1832 τίς
3831 1770 3864 1835 ἦ

480 1854 773 1947 quispiam
829 1869 1066 1946 dixerit,
1101 1890 1234 1952 qua;
1286 1854 1767 1935 est'ditl'erentia
1823 1871 2044 1934 Christi
2075 1871 2132 1934 el

2214 1854 2432 1952 διαφορᾷ
2516 1867 2742 1939 Χριστοῦ
2798 1861 2886 1918 καὶ
2942 1861 3202 1942 Μωσέως,
3264 1860 3418 1941 εἴπερ
3482 1859 3664 1952 ἄμφω.
3704 1857 3862 1935 γεγό-

478 1954 715 2036 Moysis,
751 1958 802 2021 si
832 1966 1079 2039 uterque
1110 1978 1177 2022 ex
1213 1961 1461 2023 muliere
1494 1969 1665 2023 natus
1694 1960 1946 2024 est‘hEt
1975 1979 2131 2022 non-

478 2042 659 2106 nullis
687 2044 1019 2126 interjectis
1053 2068 1065 2108 :
1102 2072 1128 2104 α
1166 2047 1307 2110 Erat
1363 2049 1607 2131 quidem
1638 2049 1904 2114 Verbum
1943 2048 2129 2111 veluti

476 2131 538 2194 in
571 2135 810 2214 proprio
836 2155 1109 2218 corpore,
1145 2137 1302 2219 quod
1333 2156 1400 2200 ex
1434 2137 1690 2200 muliere
1720 2147 1886 2200 erat:
1925 2137 2128 2215 trade-

479 2219 576 2283 bat
604 2229 800 2285 autem
834 2224 976 2287 illud
1008 2226 1185 2288 morti
1219 2226 1291 2288 ad
1326 2235 1585 2307 tempus.
1629 2252 1650 2284 ο

557 2309 721 2373 Idem
753 2322 990 2377 sanctus
1011 2315 1262 2394 Cyrillus
1292 2316 1381 2378 ad-
1416 2316 1747 2395 piissimum
1797 2314 2128 2395 imperato-

478 2417 605 2461 rem
628 2399 1030 2464 Theodosium
1058 2402 1548 2485 l’rosphonetico,
1582 2405 1681 2484 qui
1712 2402 2129 2481 incipitnGlo-

481 2487 747 2569 riae,quae
776 2490 837 2550 in
861 2491 1202 2555 hominibus
1237 2502 1325 2555 est
1349 2490 1982 2573 supremumpinquit:
2010 2492 2129 2554 «Ex

485 2578 607 2639 Deo
655 2579 825 2640 t’atre
857 2578 1116 2642 Verbem
1175 2580 1571 2643 manifestavit
1629 2580 2015 2661 semetipsum
2065 2580 2128 2642 in

483 2683 661 2728 carne
697 2687 711 2724 :
748 2685 1003 2749 namque
1035 2676 1234 2730 natum
1268 2679 1358 2732 est
1389 2688 1495 2750 per
1525 2677 1787 2732 sanctam
1821 2678 1877 2730 et
1908 2669 2128 2750 Deipa-

2214 1966 2333 2001 νασι
2392 1943 2477 2002 διὰ
2527 1949 2795 2027 γυναικός,
2860 1967 2882 1998 ι
2925 1946 3089 2006 Ἀλλὰ
3163 1950 3298 2025 μετὰ
3350 1969 3467 2005 τινα
3495 1943 3702 2027 βραχέα
3756 1967 3864 2024 φη-

2213 2035 2292 2091 σίν
2331 2052 2345 2066 ·
2411 2059 2440 2092 a
2477 2032 2568 2096 ’ον
2625 2038 2719 2113 μὲν
2790 2040 2890 2118 γὰρ
2934 2041 2962 2095 ὁ
3009 2041 3176 2117 Λόγος
3243 2040 3317 2102 ὡς
3376 2039 3433 2095 ἐν
3507 2035 3620 2109 ἰδίῳ
3661 2033 3864 2108 σώματι

2210 2131 2289 2199 τῷ
2321 2125 2381 2182 ἐκ
2437 2129 2707 2207 γυναικὸς,
2783 2126 2946 2186 ἐδίδου
3012 2127 3068 2186 δὲ
3147 2131 3270 2187 αὑτὸ
3326 2134 3404 2202 τῷ
3457 2124 3665 2198 Gavi-cp
3734 2125 3866 2179 κατα

2212 2214 2419 2292 καιρόν.
2452 2242 2474 2271 ι

2296 2294 2355 2360 εΟ
2414 2304 2569 2368 αὐτὸς
2613 2305 2766 2384 ἅγιος
2813 2304 3089 2386 Κύριλλος,
3139 2306 3200 2363 ἐκ
3251 2312 3344 2363 τοῦ
3413 2307 3543 2385 πρὸς
3614 2305 3705 2360 τον
3776 2306 3864 2363 εῦ-

2214 2387 2526 2448 σεϐέστατον
2569 2393 2791 2470 βασιλέα
2849 2393 3124 2453 Θεοδόσιον
3196 2400 3662 2475 Προσφωνητικοῦ,
3707 2395 3767 2449 οὗ
3829 2394 3864 2460 ἦ

2210 2478 2380 2559 ἀρχὴ.
2439 2506 2460 2537 ι
2493 2486 2602 2564 Τῆς
2631 2483 2729 2557 μὲν
2760 2484 2814 2539 ἐν
2844 2484 3135 2564 ἀνθρώποις
3167 2483 3404 2548 εὐκλείας
3435 2485 3496 2540 τὸ
3548 2482 3855 2542 ἀνωτάτω.»

2210 2569 2370 2646 φησὶν
2418 2583 2433 2599 ⁸
2490 2597 2513 2628 α
2548 2560 2604 2628 εΟ
2662 2572 2722 2626 ἐκ
2779 2575 2909 2628 Θεοῦ
2939 2560 3173 2652 *Πατρὸς
3231 2569 3399 2651 Λόγος
3456 2569 3754 2652 ἐφανερώθη
3810 2569 3861 2624 ἐν

2210 2656 2385 2735 σαρκί.
2448 2657 2765 2736 Γεγέννηται
2822 2661 2922 2738 γὰρ
2982 2658 3066 2716 διὰ
3119 2662 3218 2728 τῆς
3280 2661 3430 2739 ἁγίας
3488 2660 3577 2717 καὶ
3622 2657 3862 2715 θεοτόκου

481 2772 608 2815 ram
668 2743 997 2835 Virginem,
1061 2758 1249 2820 forma
1311 2743 1463 2821 servi
1520 2770 1788 2839 accepta.
1826 2780 1846 2810 ι
1889 2760 1955 2818 Et
2005 2743 2132 2839 post

2215 2743 2498 2825 Παρθένου,
2530 2747 2740 2827 μορφὴν
2795 2746 2980 2806 δούλου
3037 2747 3235 2812 λαϐὼν,
3269 2770 3291 2800 ι
3348 2750 3446 2807 Καὶ
3489 2747 3623 2824 μετέ
3692 2768 3811 2803 τινα
3845 2766 3856 2778 ·

2278 2831 2633 2850 MM..-
3805 2835 3817 2850 π

482 2842 752 2932 quaedam
779 2831 916 2907 valia
950 2863 963 2907 :
1002 2869 1031 2903 α
1064 2845 1138 2908 Αι
1189 2849 1418 2928 opinari
1469 2831 1792 2909 nonnullos
1844 2831 2129 2921 Verbum,

2223 2852 2246 2887 α
2278 2833 2350 2889 Τὸ
2406 2831 2461 2888 δὲ
2491 2834 2694 2892 οἴεσθαι
2729 2858 2896 2911 τινας,
2943 2838 3033 2894 τὸν
3077 2840 3139 2893 ὲκ
3182 2846 3314 2898 Θεοῦ
3361 2837 3523 2916 φύντα
3555 2836 3725 2913 Λόγον
3767 2835 3862 2901 τὴν

482 2917 638 3012 quod
663 2952 697 2993 a
731 2935 906 3028 _Patre
935 2934 1202 3028 genitum
1231 2917 1346 3012 est,
1377 2957 1488 3028 per
1529 2944 1794 3028 sanctam
1828 2917 2130 3028 Virginem

2216 2917 2302 2975 διὰ
2361 2921 2458 2989 τῆς
2490 2923 2641 3001 ἁγίάς
2701 2924 2963 3004 Παρθένου
3017 2926 3304 2997 ἀνήνασθαι
3335 2925 3604 3004 γέννησιν,
3662 2922 3861 3004 δυσφη-

2306 3009 2318 3028 Ι
2495 3009 2509 3028 9
2583 3013 2596 3028 \
2695 3012 2707 3028 ἱ
2833 3008 2847 3028 ι
3031 3014 3042 3028 1
3257 3025 3292 3028 --
3338 3017 3350 3028 ι
3505 3014 3518 3028 \
3654 3010 3738 3028 ΝΚ·
3815 3013 3826 3028 ο

483 3008 923 3099 generationem
937 3008 1532 3106 renuisse,equillem
1563 3025 1676 3087 hoc
1698 3024 1773 3086 de
1796 3008 2132 3087 oecoimmia

2220 3009 2461 3085 μούντων
2492 3009 2600 3067 ἐστὶ
2655 3012 2753 3070 τὴν
2804 3008 3130 3090 οίκονομίαν.
3168 3044 3190 3074 ι
3256 3017 3355 3073 Καὶ
3399 3014 3533 3088 μετὰ
3584 3010 3755 3069 πολλὰ
3809 3013 3863 3068 έν

481 3109 637 3171 male
663 3111 1046 3173 sentientium
1082 3122 1191 3177 est.
1229 3143 1252 3175 ι
1284 3117 1354 3177 Ει
1386 3114 1588 3178 multis
1619 3112 1992 3194 postmodum
2024 3111 2133 3173 ad-

478 3197 659 3276 jectis
685 3199 746 3261 in
778 3201 1023 3264 eadem:
1057 3228 1079 3258 ι
1109 3201 1235 3264 Νοη
1269 3204 1537 3282 genitum
1570 3202 1751 3263 fuisse
1782 3219 1851 3263 ex
1883 3200 2137 3261 muliere

483 3285 933 3353 Emmanuelem
963 3289 1220 3355 dicimus
1242 3292 1272 3352 ‘?
1297 3294 1512 3355 Verum
1546 3289 1840 3371 quomodo
1868 3288 2138 3351 ascendit

481 3374 543 3436 in
576 3394 709 3438 eum
744 3377 963 3453 locum,
985 3377 1043 3441 in
1078 3400 1194 3461 quo
1227 3381 1445 3443 morari
1478 3381 1606 3461 ipse
1631 3376 1805 3439 dicit?
1834 3375 1907 3437 Et
1938 3386 2135 3439 tamen

484 3482 697 3545 corpus
727 3465 814 3528 illi
845 3466 1074 3530 unitum
1107 3487 1212 3548 per
1239 3477 1503 3531 sanctam
1535 3466 1844 3546 Virginem
1876 3483 2133 3544 genera--

483 3559 605 3613 tum
641 3560 756 3616 est.

558 3642 802 3719 Magnus
833 3644 1193 3707 Athanasius
1217 3646 1485 3707 oratione
1514 3645 1701 3725 prima
1725 3649 1932 3705 contra
1961 3641 2134 3704 Aria-

477 3746 588 3790 nos
617 3730 784 3809 cujus
815 3732 1172 3813 principium
1203 3752 1215 3796 :
1260 3763 1281 3793 ι
1317 3733 1539 3796 Omnes
1571 3733 1831 3794 haereses
1848 3748 2135 3811 quaecun-

479 3836 596 3898 que
625 3818 929 3886 veritatem
962 3822 1513 3902 apprelienderunt,
1576 3819 1868 3882 insaniam
1928 3817 2066 3896 sibi,
2102 3843 2130 3876 ι

480 3904 689 3967 scribit
720 3923 735 3966 :
772 3930 794 3958 ι
830 3906 975 3969 Cum
1006 3909 1187 3988 igitur
1213 3930 1282 3972 eo
1312 3910 1504 3972 aetatis
1535 3910 1715 3971 homo
1768 3910 2134 3987 provenerit,

485 4011 601 4074 qua
663 3994 999 4058 virilitatem
1069 3999 1359 4080 acquirit,
1418 3999 1614 4061 statim
1699 3995 1860 4058 nullo
1938 3994 2137 4076 impe-

481 4081 707 4169 diente,
744 4092 954 4153 natura
1007 4104 1136 4162 sua,
1202 4088 1380 4150 homo
1417 4096 1581 4169 pater
1617 4088 1679 4148 ﬁt
1707 4084 1868 4157 Filii,
1901 4084 2000 4165 qui
2030 4102 2137 4165 per

476 4168 674 4250 ipsum
708 4181 815 4234 est.
857 4197 880 4232 ο

559 4261 811 4323 Sanctus
842 4262 1093 4343 Cyrillus
1154 4265 1211 4325 in
1269 4266 1495 4328 dictum
1527 4263 1770 4327 Joannis
1805 4282 1818 4322 :
1867 4288 1888 4318 ι
1920 4261 2133 4325 Omnia

2218 3104 2295 3172 τῷ
2353 3098 2496 3173 αῦτῷ
2529 3115 2543 3129 ⁸
2611 3128 2634 3160 ι
2682 3103 2815 3182 Οὐχὶ
2877 3103 3123 3182 τετέχθαι
3166 3105 3337 3182 φαμὲν
3380 3102 3440 3160 ἐκ
3487 3104 3733 3181 γόναικὸς
3774 3104 3862 3158 τὸν

2221 3184 2616 3262 Ἐμμανουήλζ
2705 3178 2797 3247 ’Ἠ
2860 3197 2975 3256 πῶς
3001 3178 3376 3259 --ἀναϐέϐηκεν
3435 3178 3652 3270 ἔνθαπερ
3724 3192 3861 3247 εἶναι

2217 3278 2376 3354 φησὶν
2420 3276 2625 3349 αῦτός;
2698 3281 2786 3335 καὶ
2856 3302 2936 3338 τοι
3031 3280 3311 3361 τεχθέντος
3380 3279 3464 3338 διὰ
3544 3287 3644 3349 τῆς
3717 3281 3863 3357 ἁγίας

2218 3365 2477 3437 Παρθένου
2505 3373 2597 3423 τοῦ
2629 3366 2910 3435 ἐνωθέντος
2940 3372 3080 3444 αὐτῷ
3111 3369 3381 3445 σώματος,

2301 3631 2357 3699 Ὀ
2456 3640 2625 3722 μέγας
2708 3643 3016 3708 Ἀθανάσιος
3105 3642 3157 3700 ἐν
3229 3651 3305 3719 τῷ
3387 3644 3522 3703 κατὰ
3577 3642 3861 3719 Ἀρειανῶν

2216 3728 2412 3808 πρώτῳ
2470 3729 2638 3812 λόγῳ,
2712 3735 2771 3790 οῦ
2822 3735 2857 3802 ἡ
2914 3732 3084 3814 ἀρχὴ,
3154 3762 3175 3793 ι
3209 3734 3271 3789 Αἰ
3322 3733 3419 3809 μὲν
3465 3732 3686 3813 αἱρέσεις
3743 3733 3860 3790 ὅσαι

2220 3818 2315 3886 τῆς
2374 3818 2620 3887 ἀληθείας
2680 3820 3074 3903 ἐπινοήσασαιὶ
3114 3823 3303 3897 μανίαν
3379 3822 3593 3886 ἑαυταῖς
3650 3825 3862 3903 φανεραὶ

2220 3908 2563 3989 τυγχάνουσι,
2601 3937 2623 3968 ι
2690 3913 2848 3990 φησὶν
2885 3931 2899 3947 ·
2966 3940 2987 3973 ι
3039 3901 3212 3969 ”Οταν
3282 3914 3369 3968 οὖν
3425 3913 3497 3976 εἷς
3552 3901 3689 3969 τοῦθ’
3739 3911 3860 3978 ἧλι-

2219 3996 2333 4061 κίας
2403 3999 2431 4054 6
2461 3995 2728 4078 ἅνθρωπος
2769 3999 3023 4080 προέλθῃ,
3079 4005 3115 4070 ἦ
3163 4001 3250 4057 καὶ
3292 4001 3353 4056 τὸ
3381 3997 3595 4058 δυνατὸν
3624 4003 3658 4070 ἡ
3714 4002 3861 4081 φύσις

2218 4086 2475 4167 παρέχει,
2510 4088 2656 4153 εὐθὺς
2710 4087 3104 4165 ἀνεμποδίστως
3161 4096 3230 4167 τῇ
3271 4090 3420 4170 φύσει
3474 4090 3651 4170 πατὴρ
3692 4093 3720 4147 6
3762 4089 3859 4148 ἅν-

2217 4177 2426 4256 θρωπος
2455 4178 2652 4256 γίνεται
2682 4174 2773 4236 τοῦ
2803 4178 2870 4236 δι’
2900 4179 3058 4238 αὐτοῦ
3096 4182 3237 4237 Υἱου.
3276 4200 3299 4232 ι

2301 4255 2357 4323 Ὀ
2400 4265 2551 4345 ἅγιος
2611 4266 2887 4344 Κύριλλος,
2947 4270 3018 4332 εὶς
3090 4271 3150 4326 τὸ
3192 4269 3350 4337 ὁητὸν
3401 4280 3493 4330 τοῦ
3546 4270 3681 4326 κατᾶ
3737 4267 3859 4327 ’[ωο

479 4367 589 4431 per
612 4348 808 4431 ipsum
832 4328 984 4415 facta
1006 4362 1143 4416 sunt
1172 4356 1246 4429 Η,
1285 4379 1305 4408 ι
1333 4355 1477 4417 dicit
1506 4373 1520 4418 :
1555 4382 1575 4410 ι
1603 4352 1771 4424 Quod
1819 4352 1868 4414 si
1899 4359 2126 4430 putant,

2215 4351 2402 4435 άννην²
2460 4356 2522 4411 τὸ
2563 4356 2735 4413 πάντα
2790 4355 2854 4413 δι’
2912 4358 3070 4416 αὐτοῦ
3124 4358 3353 4437 ἐγένετο,
3394 4385 3417 4417 ν
3489 4360 3646 4439 φησὶν
3678 4374 3693 4390 ‘
3746 4380 3769 4412 ε
3803 4366 3861 4432 Εἰ

489 4441 766 4519 quoniam
802 4460 906 4521 per
954 4443 1146 4524 ipsum
1179 4444 1433 4525 criptum
1468 4451 1580 4523 est,
1617 4460 1724 4522 per
1754 4440 1969 4503 Filium
1998 4440 2130 4501 dic-

484 4535 609 4588 tum
640 4529 713 4590 de
743 4529 917 4608 Filio,
947 4551 981 4593 a
1012 4533 1262 4594 naturali
1295 4531 1481 4594 Patris
1510 4529 1841 4612 aequalitate
1884 4527 2133 4590 decide-

480 4633 569 4691 re,
654 4624 713 4678 et
783 4620 1034 4682 naturali
1101 4621 1513 4697 similitudine,
1562 4630 1619 4682 et
1691 4617 1882 4699 potius
1937 4615 2131 4679 admi-

484 4704 735 4767 nistrum
760 4725 893 4771 esse
938 4727 1111 4791 quam
1143 4708 1655 4792 opiﬁcem,vesani
1676 4703 2138 4769 hiconsiderent

476 4794 637 4856 inter
667 4814 825 4877 sese,
863 4798 1264 4880 accedantque
1314 4800 1373 4860 in
1409 4797 1604 4860 medio
1662 4795 1848 4859 nostri
1880 4810 2132 4875 respon-

475 4884 622 4963 suri,
649 4883 788 4964 quid
821 4885 897 4947 de
942 4889 1071 4967 ipso
1104 4892 1279 4951 Patre
1334 4888 1751 4967 cogitabimus,
1787 4904 1962 4967 quem
1995 4906 2131 4950 eum

480 4988 614 5033 esse
644 4972 1199 5052 deprehendemus?
1228 4997 1361 5039 cum
1395 4975 1741 5056 particulam
1770 4975 2135 5057 per,inScri-

480 5059 670 5137 pturis
700 5061 918 5126 divinis
939 5065 1013 5126 de
1034 5083 1100 5127 se
1123 5066 1253 5146 ipso
1278 5067 1394 5129 dici
1412 5085 1524 5128 non
1551 5069 1816 5126 recuset?
1854 5084 1874 5113 ι
1910 5063 2133 5126 Fidelis

477 5146 662 5220 enim,
696 5148 1075 5232 inquit,Deus
1108 5173 1215 5236 per
1241 5175 1417 5237 quem
1450 5154 1641 5218 vocati
1667 5163 1832 5233 estis,
1868 5151 1928 5213 in
1958 5171 2126 5214 com-

488 5237 838 5300 munionem
892 5240 1027 5304 Filii
1067 5245 1266 5324 ejusis
1299 5267 1320 5299 ι
1361 5245 1432 5308 Et
1480 5266 1508 5304 κ
1562 5241 1777 5307 Paulus
1826 5241 2129 5322 apostolus

477 5342 686 5387 servus
739 5327 846 5390 Itei
913 5347 1020 5410 per
1073 5332 1433 5397 voluntatem
1485 5333 1591 5396 Dei
1622 5333 1705 5396 ίδ.
1742 5359 1767 5392 ι)
1799 5328 1870 5391 Ει
1923 5347 2128 5391 rursus

476 5411 698 5477 Paulus
717 5416 791 5478 ad
822 5417 970 5481 alios
1002 5420 1275 5486 scribens
1308 5442 1321 5487 :
1362 5454 1383 5486 σ
1418 5428 1622 5506 Itaque
1652 5440 1773 5485 non
1807 5425 1894 5482 est
1923 5437 2157 5483 servus'

557 5582 605 5626 “
635 5585 803 5648 Joan.
835 5604 875 5662 1,
909 5587 966 5649 3.
1003 5586 1056 5631 ¹²
1085 5587 1108 5650 Ι
1143 5590 1277 5656 Cor.
1312 5609 1354 5670 Ι,
1379 5594 1440 5672 9,
1466 5592 1519 5637 1³
1550 5592 1666 5655 Tit.
1698 5609 1743 5674 ι,
1777 5592 1837 5653 1.

2213 4438 2268 4497 δὲ
2325 4444 2592 4520 νομίζουσι
2680 4444 2920 4504 δύνασθαι
2989 4449 3049 4504 τὸ
3104 4445 3171 4503 δι’
3250 4449 3372 4504 Υἱοῦ
3426 4447 3712 4527 λεγόμενον
3778 4445 3859 4525 ἐφ’

2214 4530 2360 4604 Υἱοῦ,
2418 4533 2727 4614 καταφέρειν
2810 4540 2966 4595 αὐτοῦ
3048 4536 3146 4604 τὴν
3228 4536 3403 4594 οῦσίαν
3456 4537 3553 4604 τῆς
3605 4538 3706 4616 πρὸ
3771 4536 3859 4591 τὸν

2216 4621 2422 4702 Πατέρα
2506 4623 2748 4692 ἰσότητος
2816 4646 2873 4681 τε
2943 4626 3029 4683 καὶ
3082 4626 3301 4706 φυσικῆς
3360 4625 3701 4702 ὁμοιότητος,
3785 4626 3859 4688 ὡς

2215 4709 2475 4791 ὑπουργὸν
2534 4714 2683 4771 εἷναε
2752 4714 2981 4791 μᾶλλον,
3038 4714 3073 4783 ἢ
3143 4713 3484 4793 δημιουργὸν,
3545 4712 3860 4771 διασκεπτέ-

2217 4801 2422 4856 σθωσαν
2474 4803 2522 4858 οἱ
2573 4803 2922 4883 παράφρονες,
2983 4804 3071 4859 καὶ
3140 4804 3214 4867 εἷς
3268 4802 3428 4878 μέσον
3480 4805 3636 4879 ἡμῶν
3692 4803 3858 4871 ἡκόν-

2215 4908 2320 4943 των
2375 4888 2863 4972 ἆπολογησόμενοι,
2942 4914 2991 4948 τι
3048 4912 3178 4948 ποτε
3232 4888 3332 4971 ἄρα
3400 4893 3489 4948 καὶ
3545 4892 3663 4971 περὶ
3705 4891 3862 4948 αὑτοῦ

2215 4983 2309 5032 τοῦ
2377 4980 2579 5055 Πατρος
2656 4978 3027 5055 ἐννοήσομενς
3093 4979 3207 5036 τίνα
3284 4977 3338 5034 δὲ
3397 4983 3537 5036 εἶναι
3605 4980 3693 5035 καὶ
3762 4978 3860 5034 αὗ-

2212 5065 2304 5120 τὸν
2360 5066 2744 5143 ὑποληψόμεθα
2800 5068 2925 5125 ὅταν
3000 5068 3248 5150 φαίνηται
3317 5066 3605 5146 δεχόμενος
3666 5068 3727 5124 τὸ
3792 5065 3860 5123 δι’

2212 5156 2270 5209 οὗ
2353 5156 2493 5234 παρὰ
2575 5163 2653 5231 τῷ
2731 5159 2843 5230 θείᾳ
2918 5163 3147 5238 Γραφῇ;
3223 5158 3422 5220 Πιστὸς
3499 5158 3620 5237 γὰρ,
3676 5157 3856 5236 φησὶν,

2212 5244 2239 5299 6
2270 5244 2422 5319 Θεὸς,
2457 5243 2523 5300 δι’
2569 5246 2632 5302 οὗ
2677 5244 2937 5316 ἐκλήθητε
2994 5248 3066 5310 εἷς
3109 5246 3383 5302 κοινωνίαν
3434 5255 3527 5305 τοῦ
3585 5248 3705 5302 1⁸ἱοῦ
3758 5245 3859 5300 αὖ·

2208 5341 2320 5390 τοῦ.
2372 5356 2394 5388 ο
2442 5335 2540 5391 Καὶ
2591 5362 2614 5393 ι
2658 5333 2862 5400 Παῦλος
2922 5334 3246 5398 Ἀπόστολος
3305 5335 3479 5400 ἰησοῦ
3523 5341 3747 5414 Χριστοῦ
3776 5331 3861 5389 ’διὰ

2208 5419 2505 5497 θελήματος
2564 5425 2716 5485 Θεοῦ.
2754 5441 2777 5474 »
2847 5425 2943 5484 Καὶ
3009 5423 3169 5480 πάλιν
3237 5424 3368 5504 πρὸς
3425 5445 3570 5488 τινας
3622 5426 3649 5481 6
3708 5430 3858 5480 Παῦ-
