4208 6296
321 342 445 412 633

329 480 433 548 λος
493 481 791 543 ἐπιστέλλει
826 501 841 517 ⁸

323 573 471 645 Υἱὸς,
525 571 626 630 εἰδὲ
671 576 790 639 Υἱὸς
839 575 927 631 καὶ
983 573 1317 652 κληρονόμος
1360 572 1446 631 διὰ
1500 579 1653 643 Θεοῦ,
1714 576 1878 627 ταῦτα
1922 567 1988 639 δὴ

322 661 606 736 σύμπαντα
632 663 731 731 τὴν
772 662 1037 742 ἂναφορὰν
1080 665 1156 727 εἰς
1199 665 1261 720 τὸ
1315 671 1408 721 τοῦ
1466 668 1599 720 Θεοῦ
1653 662 1741 717 καὶ
1785 660 1988 737 Πατρὸς

313 748 439 830 ἔχει
493 772 802 830 προσωπον,
881 754 972 809 καὶ
1039 752 1099 808 οὗ
1155 749 1322 822 δήπου
1406 753 1538 831 πρὸς
1641 751 1794 807 τοῦτο
1876 769 1986 822 μα·-

316 839 438 901 νέας
480 838 685 896 ἐλάσειέ
746 862 850 911 τις,
920 841 965 896 εἰ
1052 840 1130 916 μὴ
1200 841 1350 919 τάχη
1407 854 1525 903 τοῖς
1584 834 1985 919 προειρημένοις

250 970 255 975 .
314 927 391 983 τὰ
419 927 514 985 ἴσα
556 935 782 1009 φρονῶν,
843 931 916 992 ὡς
965 930 1026 985 τὸ
1087 934 1186 996 τῆς
1244 930 1524 1008 ὑπουργίας
1575 926 1743 1003 ὄνομά
1796 946 1855 981 τε
1895 924 1984 980 καὶ

316 1023 566 1094 πρᾶγμα,
638 1019 727 1075 καὶ
757 1019 921 1083 αὖτῆς
979 1019 1401 1096 κατηγορεῖσθαι
1455 1023 1556 1084 τῆς
1613 1021 1707 1072 τοῦ
1776 1012 1981 1090 Πατρὸς

316 1103 478 1173 δόξης
562 1104 791 1183 εὐλόγως
851 1108 1045 1180 εἰπεῖν,
1113 1109 1213 1163 iam
1225 1106 1344 1185 (περ
1441 1104 1647 1186 ἠνέχθη
1746 1103 1839 1160 καὶ
1892 1099 1979 1157 ἔπ’

317 1198 482 1253 αὐτοῦ
508 1195 594 1274 τὸ,
653 1193 721 1251 δι’
779 1194 860 1255 06.
922 1193 1232 1273 ’Λειαφορεῖ
1273 1197 1373 1273 γὰρ
1432 1192 1538 1252 ἔσθ’
1598 1194 1687 1251 ὅτε
1729 1192 1846 1268 περὶ
1886 1189 1979 1253 τὰς

1778 343 2005 413 EPIGR
2012 343 2163 407 ΑΡΗ
2169 344 2237 409 1E
2250 386 2263 403 .

912 515 936 547 ι
974 474 1151 542 υῼστε
1220 483 1400 545 οὐκέτι
1473 483 1527 542 εϊ
1611 478 1815 557 δοῦλος,
1869 478 1969 537 ἇλλ

2072 479 2177 541 sed
2200 479 2407 556 Filius,
2440 490 2503 546 et
2523 482 2575 545 si
2598 482 2779 546 Filius
2806 490 2863 545 et
2883 483 3078 547 haeres
3114 504 3225 567 per
3239 484 3545 551 Deum‘h
3583 486 3722 551 Haec

3599 349 3719 418 634
3778 343 3782 347 ’

2072 568 2272 631 omnia
2292 569 2365 631 ad
2395 572 2728 651 'personam
2762 571 2866 634 Dei
2915 581 2973 634 et
3017 573 3203 637 Patris
3260 574 3622 648 referuntur,
3657 585 3719 640 et

2072 675 2250 718 nemo
2273 657 2422 720 adeo
2445 660 2683 735 insanit,
2736 668 2796 721 ut
2838 680 2955 723 non
3003 681 3136 724 cum
3180 664 3308 744 jam
3339 673 3515 727 antea
3543 664 3717 726 dictis

2070 748 2425 836 consentiat,
2459 756 2522 808 ut
2551 749 2867 811 ministerii
2900 770 3122 815 nomen
3154 762 3211 815 et
3240 772 3365 815 rem
3393 754 3503 836 ipsi
3529 754 3717 816 Patris

2069 832 2273 912 gloriae
2294 854 2427 896 cum
2472 837 2701 898 ratione
2748 840 3116 919 accomodet,
3171 861 3304 903 cum
3329 832 3503 905 etiam
3536 843 3613 905 de
3642 862 3712 904 eo

2067 922 2355 1002 particula
2371 942 2499 1005 per,
2535 927 2760 1006 prolata
2798 936 2907 990 est.
2939 927 3358 994 lndiﬂ'erenter
3386 931 3545 994 enim
3579 932 3711 1012 ple-

2064 1030 2314 1101 rumque
2335 1013 2694 1077 dictionibus
2723 1015 3031 1079 abusionis
3078 1019 3254 1081 modo
3285 1020 3591 1101 Scriptura
3632 1021 3713 1082 ita

2063 1098 2365 1191 utitur,ut
2414 1101 2598 1191 probe
2653 1122 2749 1164 res
2796 1107 3072 1184 grandes,
3108 1116 3392 1190 quantum
3422 1098 3712 1191 possibile

2063 1187 2298 1250 homini
2324 1198 2433 1265 est,
2459 1190 2773 1271 signiﬁcet.
2806 1217 2832 1248 ι)

316 1281 492 1348 λέξεις
520 1284 556 1351 ἡ
584 1284 696 1340 θεία
725 1283 933 1364 Γραφτὶ,
962 1281 1130 1360 μηδὲν
1158 1282 1431 1360 ἀδικοῦσαι,
1462 1285 1523 1340 τὰ
1552 1281 1923 1357 ὑποκείμενον,
1955 1280 2527 1359 καταχρηστικώτερον
2557 1277 2611 1336 δέ
2640 1304 2752 1344 πως
2776 1281 3090 1363 ἐπιφέρουσα
3116 1300 3233 1350 τοτς
3248 1286 3692 1364 σημαινουμὲνοις

313 1372 386 1428 τά
413 1393 471 1428 τε
513 1372 750 1451 ῥήματα,
794 1374 881 1430 καὶ
908 1373 974 1430 τὰ
1001 1371 1070 1429 δι’
1098 1376 1173 1429 ὧν
1203 1374 1265 1429 ἂν
1294 1373 1480 1440 οἴηται
1510 1369 1930 1438 καταδηλοῦσθαι
1972 1364 2173 1432 καλῶς.
2223 1392 2250 1422 ³

402 1457 460 1518 Ὀ
489 1459 644 1524 αὒτὸς
697 1463 754 1517 ἓν
809 1462 886 1536 τῷ
939 1463 1134 1540 πρώτῳ
1188 1468 1295 1519 τῶν
1351 1464 1483 1540 πρὸς
1530 1458 1835 1518 Παλλάδιον
1858 1480 1970 1538 φη-

314 1571 403 1606 σιν
435 1565 450 1580 ⁸
491 1570 516 1605 ε
549 1551 781 1628 Τρεπτὸν
810 1548 865 1606 δὲ
914 1553 975 1607 οὗ
1029 1550 1110 1607 τοι
1155 1573 1256 1607 που
1306 1552 1368 1607 τὸ
1425 1550 1637 1625 Πνεῦμά
1692 1551 1879 1623 homo;
1936 1546 1972 1615 ἢ

314 1636 473 1715 εἴπερ
499 1639 561 1694 τὸ
632 1638 908 1717 τρέπεσθαι
965 1652 1137 1718 νοσεῖ,
1196 1636 1286 1695 ἐπ’
1339 1638 1503 1707 αῦτὴν
1558 1641 1587 1696 ὁ
1644 1641 1830 1713 μῶμος
1871 1636 1971 1702 τὴν

311 1727 458 1781 θείαν
520 1724 899 1805 ἀναδραμεϊται
960 1725 1111 1808 φύσιν
1145 1745 1160 1762 ο
1194 1726 1347 1805 εἴπερ
1403 1726 1511 1784 ἐστὶ
1560 1734 1652 1785 τοῦ
1711 1733 1841 1783 Θεοῦ
1882 1725 1969 1781 καὶ

312 1816 545 1892 Πατρὸς,
576 1814 671 1872 καί
702 1815 811 1890 μὴν
855 1816 943 1873 καὶ
969 1822 1063 1872 τοῦ
1120 1817 1239 1872 Υἰοῦ
1293 1817 1354 1872 τὸ
1411 1813 1674 1879 οὖσιωδιῦς
1732 1811 1783 1880 ἐξ
1851 1814 1962 1889 ἆμ-

312 1916 464 1982 φοτν,
524 1902 560 1971 ἢ
628 1906 702 1969 ὡς

311 1998 553 2074 Πνεῦμα.
596 2011 620 2043 I
1717 2066 1725 2074 .

398 2069 456 2140 Ὀ
503 2083 856 2158 Δαμασκηνὸς
914 2079 1152 2153 ψάλλων,
1234 2088 1320 2139 νῦν
1376 2082 1473 2157 μὲν
1529 2069 1725 2162 λέγει,
1780 2107 1803 2139 ε
1837 2083 1965 2138 Θεὸν

304 2169 619 2249 ἐγέννησας,
654 2178 827 2250 Μᾶτερ
883 2170 1043 2250 ἁγνὴ,
1114 2170 1515 2248 σεσαρκωμένον
1574 2169 1634 2225 ἐκ
1692 2176 1807 2250 σοῦ,
1838 2173 1962 2227 θεο-

304 2265 546 2339 πρεπῶς,
598 2261 906 2336 πανύμνητε
941 2275 956 2291 ⁸
1010 2286 1034 2318 ο
1082 2269 1169 2320 νῦν
1225 2256 1279 2314 δέ
1313 2276 1330 2293 ⁶
1399 2277 1421 2309 ι
1460 2260 1559 2315 Διὰ
1608 2266 1729 2327 σοῦ,
1791 2264 1968 2335 Μᾶτερ

302 2348 558 2427 Παρθένε,
606 2351 716 2429 φῶς
748 2346 979 2405 ἀνέτειλε
1008 2355 1156 2426 πᾶσῃ
1198 2347 1267 2416 τῆ
1307 2348 1588 2425 οἰκουμένῃ
1632 2346 1853 2428 φαιδρόν
1879 2362 1893 2377 ⁶
1934 2370 1961 2401 n

305 2438 402 2494 καὶ
479 2436 638 2498 πάλιν
668 2453 683 2467 ⁸
764 2459 787 2493 ι
852 2434 949 2495 Ἐκ
1026 2444 1121 2495 σοῦ
1204 2437 1512 2517 ἠμφιάσατο
1594 2438 1656 2493 τὸ
1754 2435 1968 2517 φύραμά

310 2552 443 2605 μου.
478 2552 507 2585 ε

785 1903 846 1961 ἐκ
941 1906 1144 1984 Πατρὸς
1226 1901 1294 1960 δι’
1391 1906 1513 1963 Υἱοῦ
1599 1902 1966 1983 προχεόμενον

915 2623 1271 2683 ἘΠΙΓΡΑΦΗ
1302 2612 1364 2681 B'

401 2715 621 2786 Ἐπειδὴ
691 2719 790 2775 εἶσί
856 2739 993 2783 τινες
1048 2717 1409 2796 ἀντιλέγοντες
1484 2730 1605 2779 ταῖς
1676 2730 1962 2794 γραφικα”ς

308 2810 565 2886 χρῆσεσι,
599 2820 720 2871 ταῖς
750 2805 1054 2880 δηλούσαις,
1088 2805 1173 2863 διὰ
1213 2813 1305 2864 τοῦ
1338 2809 1457 2865 Υἱοῦ
1487 2807 1630 2863 εἶναι
1659 2807 1720 2861 τὸ
1751 2810 1962 2880 Πνεῦμα

310 2897 374 2951 ὶκ
440 2902 533 2953 τοῦ
587 2898 816 2976 Πατρὸς,
877 2895 1232 2973 συνελέγησαν
1289 2897 1377 2953 καὶ
1434 2898 1485 2952 αἱ
1539 2900 1793 2973 παροῦσαι
1825 2915 1960 2972 γρα-

306 2985 456 3062 φικαῖ
525 2986 776 3065 χρήσεις,
830 2987 882 3042 αἱ
924 2983 1174 3052 δηλοῦσαι
1231 2987 1512 3064 προσεχῶς
1587 2984 1674 3039 καὶ
1747 2981 1959 3057 ἀμέσως

305 3073 400 3130 τὸν
456 3075 577 3129 Υἱὸν
632 3073 690 3129 ἐκ
743 3080 835 3130 τοῦ
908 3075 1111 3152 Πατρὸς
1191 3073 1354 3141 εἶναι,

302 3167 412 3217 τῶν
453 3163 705 3242 χρήσεων
748 3170 853 3220 τῶν
895 3161 1190 3235 δηλουσῶν,
1244 3160 1329 3217 διὰ
1383 3169 1475 3218 τοῦ
1544 3162 1666 3217 Υἱοῦ
1721 3159 1863 3215 εἶναι
1900 3160 1961 3215 τὸ

307 3255 534 3325 Πνεῦμα.
608 3252 667 3308 Εἰ
723 3251 800 3326 μὴ
856 3251 955 3330 γὰρ
1026 3250 1091 3318 ἦν
1143 3252 1206 3306 τὸ
1263 3255 1473 3323 Πνεῦμα
1529 3248 1613 3304 διὰ
1668 3253 1759 3304 τοῦ
1817 3249 1959 3327 Υἱοῦ,

302 3335 440 3394 διατί
480 3339 558 3413 μή
585 3340 672 3396 καὶ
714 3342 840 3399 αὗτὸ
883 3338 1094 3415 ἀμὲαως
1162 3338 1344 3417 ἒῤῥὲθη
1396 3338 1537 3394 εἶναι
1595 3336 1657 3394 ἐκ
1710 3342 1800 3393 τοῦ
1844 3342 1960 3392 Πα-

305 3429 448 3507 τρὸς.

392 3507 451 3573 ’0
513 3515 678 3595 μέγας
749 3517 1017 3582 Βασίλειος
1090 3518 1144 3574 ἐν
1210 3523 1287 3589 τῷ
1359 3514 1586 3595 δευτέρον
1652 3522 1758 3572 τῶν
1829 3518 1958 3594 πρὸς

312 3605 590 3681 Εὐνόμιον,
628 3606 688 3663 οὗ
737 3608 772 3675 ἡ
831 3607 1000 3687 ἀρχὴ,
1068 3629 1091 3662 ε
1129 3606 1219 3664 Ἐν
1275 3605 1444 3663 τοίνυν
1488 3620 1605 3669 τοῖς
1658 3606 1775 3682 περὶ
1832 3611 1963 3661 Θεοῦ

306 3699 416 3749 τ’ῦν
443 3692 581 3751 ὅλων
609 3693 812 3773 λόγοις,
859 3717 879 3749 ε
915 3697 1076 3777 φησίν
1109 3712 1124 3727 ⁸
1195 3723 1218 3752 α
1266 3694 1442 3774 Ἀρχὴ
1474 3695 1571 3769 μὲν
1627 3703 1719 3752 τοῦ
1760 3696 1963 3771 Πατρὸς

305 3781 544 3862 οὸδεμία,
584 3783 730 3864 ἀρχὴ
786 3783 841 3842 δὲ
910 3793 1001 3842 τοῦ
1062 3787 1185 3841 Υἱοῦ
1244 3787 1272 3840 ὁ
1342 3784 1548 3860 Πατὴρ,
1621 3782 1779 3858 μέσον
1836 3783 1962 3839 τού-

303 3893 412 3927 των
467 3870 631 3934 οῦδὲν.
680 3879 801 3936 Πῶς
857 3876 943 3930 06v
998 3877 1093 3931 οὒκ
1149 3873 1217 3940 ἧν
1259 3872 1319 3928 τὸ
1374 3870 1424 3937 ἐξ
1486 3871 1663 3951 ἀρχῆς
1720 3874 1747 3927 ὃ
1798 3869 1963 3947 μηδὲν

304 3957 448 4039 ἔχων
476 3963 954 4040 προεπινοούμενον
1012 3962 1231 4031 ἑαυτοῦ,
1279 3962 1322 4017 εἰ
1353 3961 1430 4036 μὴ
1480 3962 1571 4016 τὸν
1638 3957 1690 4026 ἐξ
1746 3961 1804 4017 οὖ
1847 3959 1962 4040 ἔχει

303 4052 365 4105 τὸ
407 4063 569 4124 εἶναι,
604 4053 663 4108 οὗ
714 4049 1035 4127 διαστήματι
1098 4050 1462 4130 ὑπερέχοντα,
1522 4047 1659 4105 ἀλλὰ
1712 4055 1780 4126 τῇ
1826 4051 1964 4123 αἷτῖᾳ

2136 1453 2300 1517 Idem
2349 1456 2417 1518 ad
2472 1456 2972 1521 Palladiumlibro
3005 1479 3021 1523 ι
3052 1461 3300 1524 scribit:
3344 1486 3362 1518 ι
3415 1460 3711 1525 Mutabilis

2053 1561 2192 1631 vero
2226 1544 2385 1605 nullo
2418 1545 2592 1607 modo
2625 1545 2879 1627 Spiritus
2903 1557 3029 1612 est:
3083 1550 3240 1631 quod
3300 1550 3345 1612 si
3400 1550 3707 1614 mutationi

2053 1630 2347 1694 obnoxius
2379 1642 2489 1706 est,
2524 1635 2596 1696 ad
2626 1635 2812 1716 ipsam
2845 1630 3117 1699 divinam,
3166 1648 3436 1702 naturam
3471 1639 3705 1721 vitupe-

2051 1726 2200 1786 ratio
2232 1734 2524 1807 recurret,
2558 1727 2606 1788 si
2627 1736 2717 1789 cst
2740 1728 2844 1790 Dei
2870 1738 2925 1791 et
2951 1729 3137 1792 Patris
3175 1742 3464 1813 praeterea
3494 1739 3551 1793 et
3574 1732 3706 1794 Filii

2051 1814 2451 1877 essentialiter
2470 1835 2539 1877 ex
2565 1816 2859 1895 ambolus,
2897 1836 2967 1880 ex
3001 1821 3172 1882 Patre
3190 1821 3422 1884 scilicet
3463 1838 3570 1900 per
3598 1821 3702 1884 Fi-

2049 1900 2193 1963 lium
2228 1904 2447 1965 effusus
2473 1903 2753 1986 Spiritus.
2794 1931 2819 1961 ι

2127 2079 2528 2143 Damascenus
2585 2081 2914 2145 concinens
2991 2104 3151 2146 nunc
3207 2084 3448 2165 quidem
3501 2085 3699 2150 dicit:

2057 2193 2083 2223 α
2118 2168 2303 2230 Deum
2329 2170 2639 2250 peperisti,
2691 2173 2873 2232 Mater
2930 2171 3335 2254 immaculata,
3372 2178 3472 2254 qui
3501 2174 3699 2235 divino

2051 2257 2304 2337 quodam
2344 2256 2518 2318 modo
2551 2277 2789 2321 carnem
2821 2278 2890 2321 ex
2917 2269 2973 2322 te
3002 2262 3515 2341 assumpsit,omni
3543 2280 3699 2342 prae.

2050 2346 2224 2407 conio
2255 2346 2488 2426 digna,»
2526 2365 2687 2432 nunc
2716 2367 2896 2411 vero:
2931 2374 2956 2404 α
2993 2349 3107 2411 Per
3138 2358 3193 2413 te
3229 2354 3420 2414 Mater
3439 2359 3498 2413 et
3520 2351 3700 2432 Virgo

2049 2434 2249 2496 lumen
2277 2436 2381 2497 toti
2408 2431 2701 2498 terraru’m
2730 2436 2861 2500 orbi
2885 2438 3142 2513 illuxit,»
3171 2449 3228 2502 et
3269 2458 3515 2504 rursus:
3553 2466 3578 2499 ε
3616 2431 3697 2503 Ex

2049 2530 2104 2585 te
2136 2523 2326 2585 induit
2355 2542 2608 2587 massam
2640 2544 2851 2593 meam,
2888 2551 2912 2583 ε

2595 2617 3024 2683 EPIGRAPHE
3054 2620 3127 2685 Il.

2129 2708 2271 2772 Cum
2299 2710 2419 2773 sint
2449 2712 2849 2794 plerique,qui
2873 2715 3094 2795 scripto
3116 2716 3408 2777 mandatis
3436 2717 3697 2778 testimo-

2047 2798 2176 2875 eiis,
2240 2799 2455 2881 quibus
2510 2819 2617 2881 per
2675 2803 2889 2865 Filium
2923 2822 3056 2883 esse
3092 2804 3384 2883 Spiritum
3413 2823 3482 2865 ex
3525 2804 3697 2866 Patre

2043 2888 2347 2966 astruitur,
2398 2889 2836 2967 contradicunt,
2899 2892 3024 2954 haec
3099 2913 3333 2973 quoque
3390 2893 3568 2965 dicta,
3627 2913 3695 2954 ac

2044 2977 2382 3039 testimonia
2402 2977 2646 3039 collecta
2664 2988 2965 3060 snnt,qu:Iz
2984 2981 3363 3042 continenter
3409 2988 3464 3041 et
3486 2980 3689 3042 imme-

1445 3074 1516 3136 εἶς
1616 3070 1962 3149 συγκρότησιν

2051 3064 2201 3126 diate
2224 3064 2435 3128 Filium
2463 3085 2534 3129 ex
2558 3071 2726 3128 Patre
2749 3086 2877 3128 esse
2926 3077 3414 3148 commonstrant,
3459 3069 3532 3131 ad
3557 3088 3694 3130 cor-

2043 3153 2379 3215 roboranda
2408 3155 2722 3235 dicta,quae
2745 3155 3014 3236 probant,
3041 3176 3145 3237 per
3166 3157 3378 3219 Filium
3401 3175 3534 3219 esse
3556 3158 3690 3237 Spi-

2042 3242 2248 3303 ritum.
2284 3242 2550 3323 Namque
2582 3245 2633 3306 si
2680 3245 2933 3323 Spiritus
2968 3264 3082 3305 non
3116 3254 3273 3307 esset
3305 3264 3410 3325 per
3445 3245 3686 3319 filium,

2044 3350 2225 3411 quare
2259 3352 2370 3392 non
2405 3341 2460 3392 et
2494 3332 2621 3413 ipse
2679 3333 3023 3395 immediate
3057 3352 3186 3394 esse
3233 3354 3301 3396 ex
3360 3336 3534 3397 Patre
3592 3335 3689 3395 di-

2047 3429 2175 3483 ctus
2207 3425 2339 3483 est?

2122 3511 2367 3589 Magnus
2393 3508 2641 3574 Basilius
2671 3510 2729 3571 in
2762 3513 3025 3575 secundo
3071 3523 3275 3575 contra
3307 3515 3686 3593 Euﬁomium,

2043 3599 2144 3679 qui
2175 3599 2380 3680 incipit
2414 3618 2428 3660 :
2467 3625 2486 3655 ι
2526 3599 2668 3662 Cum
2705 3599 2885 3679 igi:nr
2918 3602 2975 3662 in
3009 3622 3078 3664 ea
3109 3603 3580 3683 oratione.quam
3616 3604 3691 3663 de

2046 3687 2169 3750 Deo
2218 3687 2482 3749 omnium
2532 3688 2759 3759 habuit,
2801 3715 2826 3743 ι
2884 3692 3137 3752 scribit:
3210 3715 3237 3749 ε
3271 3692 3459 3754 Patris
3515 3691 3692 3771 igitur

2046 3777 2211 3856 origo
2237 3778 2419 3848 nulla,
2455 3780 2617 3857 origo
2637 3797 2771 3839 vero
2795 3778 2927 3841 Filii
2960 3783 3156 3856 Pater,
3181 3780 3335 3842 inter
3361 3783 3467 3843 hos
3492 3790 3686 3841 autem

2045 3866 2209 3927 nihil,
2248 3865 2553 3939 Quomodo
2584 3866 2764 3943 igitur
2804 3888 2919 3930 non
2980 3884 3105 3930 erat
3137 3890 3167 3931 a
3201 3869 3517 3950 principio,
3554 3890 3687 3931 nam

2046 3955 2159 4016 hoc
2188 3953 2453 4016 est‘illud
2483 3962 2619 4015 ante
2665 3974 2833 4017 suum
2887 3956 3360 4036 subsistentiam,
3392 3959 3548 4039 quod
3584 3976 3690 4039 per

2016 4043 2474 4105 cavillationem
2504 4042 2577 4104 ab
2611 4042 2737 4104 istis
2766 4044 3003 4120 dicitur,
3040 4047 3088 4107 is
3144 4056 3282 4108 ante
3330 4066 3505 4127 quem
3541 4047 3687 4109 nihil

305 4138 771 4220 προτεταγμένον,
822 4142 879 4197 Εἰ
920 4140 1091 4197 τοίνυν
1148 4137 1319 4203 ἀΐδιος
1350 4140 1384 4205 ἡ
1445 4146 1540 4193 τοῦ
1603 4141 1724 4195 Υἱοῦ
1765 4159 1961 4194 κοινω-

2051 4132 2414 4212 intelligitur,
2451 4132 2565 4193 nisi
2599 4134 2775 4195 Pater
2808 4183 2822 4213 ,
2859 4155 2890 4195 ιι
2922 4155 3038 4215 quo
3072 4145 3127 4197 et
3156 4154 3289 4198 esse
3332 4137 3532 4216 habet,
3569 4156 3686 4196 non

302 4228 384 4283 νία
451 4229 582 4305 πρὶς
636 4230 728 4284 τὸν
772 4228 977 4307 Πατέρα
1035 4229 1123 4284 καὶ
1196 4229 1325 4284 Θεὸν
1403 4224 1790 4305 ἀναπέφανται,
1864 4232 1961 4293 τῆς

2051 4221 2538 4301 perintervallum
2572 4221 2900 4301 superiore,
2937 4223 3039 4284 sed
3070 4244 3172 4303 pro
3206 4244 3382 4285 causa
3414 4226 3688 4304 przeordi-

304 4312 530 4379 διανοίας
582 4318 731 4390 ἡμῶν
784 4317 890 4373 ἀπὸ
949 4324 1041 4373 τοῦ
1084 4318 1205 4372 Υἱοῦ
1262 4313 1327 4370 δι’
1383 4313 1590 4380 οἰδενὸς
1646 4324 1802 4373 κενοῦ
1832 4317 1962 4392 πρὸς

2051 4319 2205 4371 nato.
2239 4310 2301 4370 Si
2333 4328 2474 4388 ergo
2505 4318 2722 4370 aeterna
2751 4311 3093 4390 conjunrtio
3129 4312 3257 4375 Filii
3282 4331 3413 4374 cum
3442 4312 3608 4374 Patre
3631 4321 3689 4372 et

304 4403 506 4480 Πατέρα
576 4406 884 4484 χωρούσης,
958 4403 1076 4460 ἀλλ’
1134 4402 1482 4467 ἁδιαστάτως
1540 4410 1615 4476 τῷ
1661 4402 1818 4481 Πατρῖ
1872 4406 1959 4460 τὸν

2051 4401 2170 4462 Deo
2195 4398 2566 4460 ostenditur:
2606 4418 2739 4459 cum
2773 4411 2972 4460 nostra
3003 4401 3320 4479 cogizatioa
3358 4402 3501 4463 Filio
3529 4403 3682 4460 haud

308 4494 423 4548 Υἱὸν
518 4495 903 4567 συναπτούσης,
975 4496 1003 4550 ὁ
1095 4490 1283 4567 μηδενὶ
1387 4491 1536 4566 μέσῳ
1604 4490 1955 4569 διοριζόμενος

2051 4506 2149 4568 per
2181 4488 2362 4547 ullum
2397 4505 2640 4546 vacuum
2673 4488 2743 4548 ad
2801 4489 3035 4550 Patrem
3065 4472 3282 4554 Pendat.
3334 4490 3439 4550 scd
3464 4488 3686 4568 absque

304 4580 414 4637 τίνα
483 4580 561 4638 ἔτι
623 4579 949 4661 παρείσδυσιν
1030 4579 1307 4637 καταλίποι
1380 4586 1447 4657 τῇ
1516 4585 1725 4659 πονῆρᾷ
1781 4582 1953 4637 αὐτῶν

2051 4576 2346 4637 :nterVaIIo
2380 4574 2532 4637 Patri
2564 4575 2776 4637 Filium
2808 4579 3145 4657 conjuugat,
3174 4579 3272 4659 qui
3299 4579 3458 4639 nullo
3494 4577 3686 4637 medio

302 4667 608 4749 βλασφημίᾳ
633 4688 649 4750 ς
686 4689 709 4719 ι

2051 4664 2125 4725 lis
2141 4674 2386 4745 paratur
2410 4683 2583 4745 quem
2611 4663 2834 4726 aditum
2875 4667 3154 4747 relinquit
3189 4668 3539 4749 perniciosa:
3570 4666 3689 4725 bla-

2036 4753 2332 4835 sphemia:
2362 4772 2567 4813 eorum
2590 4752 2621 4813 ?
2656 4778 2678 4810 ιι

380 4837 438 4903 Ὀ
483 4848 651 4910 αὖτὸς
696 4845 751 4903 ἐν
779 4851 848 4923 τῇ
900 4847 1030 4925 πρὸς
1074 4847 1169 4910 τὰς
1213 4845 1488 4911 κανονικᾶς
1558 4843 1830 4925 ἐπιστολῇ,
1892 4846 1958 4913 ἧς

2123 4843 2285 4905 ldem
2347 4841 2598 4922 epistola
2674 4843 2743 4903 ad
2832 4846 3168 4920 canonicas,
3256 4864 3387 4925 quae
3436 4845 3679 4924 incipit:

298 4933 523 5014 ἧάρχῆς
582 4956 604 4987 ⁸
640 4926 816 4994 ΗΟεΐον
896 4935 1101 5003 ἠνίασεν
1157 4936 1300 5008 ἡμᾶς
1353 4936 1608 5014 πρότερον
1653 4935 1814 5015 φήμη
1860 4932 1959 4990 λυ-

2051 4956 2072 4989 ε
2111 4934 2403 5005 Quantum
2437 4950 2542 4990 nus
2571 4930 2752 4991 tristis
2819 4951 3023 4994 rumor
3077 4954 3250 4996 aures
3296 4946 3531 4996 nustras
3562 4934 3683 4994 cir-

298 5024 461 5102 πει-ιρὰ,
498 5040 524 5073 ³
562 5024 721 5102 φησίν
755 5042 772 5058 ⁸
811 5042 834 5075 ι
867 5026 927 5081 Εἰ
955 5024 1053 5102 γὰρ
1110 5022 1372 5094 ἀνώτερον
1433 5030 1578 5080 Θεοῦ
1621 5024 1683 5079 τὸ
1726 5029 1956 5097 Πνεῦμα,

2051 5029 2418 5083 cumtunans.
2452 5018 2615 5091 Quod
2638 5019 2687 5079 si
2709 5018 2965 5099 Spiritus
2985 5022 3103 5083 Deo
3124 5022 3389 5084 SUbrlSlll
3413 5043 3543 5102 supt
3568 5044 3578 5081 ι
3601 5024 3629 5081 ἱι
3660 5041 3689 5082 r

302 5113 392 5168 οῦκ
421 5110 483 5167 ἐκ
509 5120 603 5168 τοῦ
647 5119 798 5173 Θεοῦ.
849 5114 905 5170 Εἰ
936 5110 991 5166 δὲ
1059 5115 1121 5168 εκ
1158 5118 1250 5167 τοῦ
1308 5120 1462 5170 Θεοῦ.
1523 5118 1638 5171 πῶς
1670 5110 1960 5191 πρεσϐύτε-

2051 5128 2417 5192 nequaquam
2451 5116 2644 5188 potest
2668 5127 2733 5169 ea
2771 5113 2887 5171 heu
2922 5130 3074 5172 esse.
3109 5111 3273 5184 Quod
3332 5112 3381 5172 si
3439 5132 3503 5172 (ελ
3570 5111 3685 5172 Deo

300 5199 385 5278 ρόν
426 5200 538 5258 ἐστι
580 5203 674 5256 106
702 5199 753 5265 ἐξ
784 5200 843 5257 06
900 5200 1041 5256 ἐστιν
1076 5222 1092 5271 ;
1128 5199 1246 5256 ἄλλ’
1305 5198 1421 5257 οὖδέ
1482 5209 1573 5259 τοῦ
1620 5206 1953 5277 Μονογενοῦ,

2051 5200 2125 5261 sit
2152 5198 2450 5279 antiquior
2478 5215 2607 5257 esse
2642 5200 2762 5259 Deo
2795 5198 2891 5279 qui
2928 5210 3138 5279 potest,
3175 5221 3242 5262 ex
3274 5219 3389 5283 quo
3418 5209 3505 5261 est
3525 5209 3549 5259 ’ί
3582 5201 3683 5260 τοι]

300 5288 585 5370 πρότερον;
620 5287 765 5346 οῦδὲν
796 5290 895 5368 γὰρ
925 5288 1085 5365 μέσον
1116 5290 1236 5345 Υἱοῦ
1279 5289 1365 5345 καὶ
1399 5289 1624 5370 Πατρός.
1681 5310 1704 5344 ε

2051 5309 2155 5350 nec
2207 5285 2521 5365 Unigenilo
2581 5289 2763 5365 prior,
2825 5307 2959 5349 cum
3019 5289 3174 5351 inter
3231 5291 3437 5353 Filium
3498 5293 3573 5349 sit
3630 5297 3687 5349 et

2039 5378 2270 5441 Patrem
2306 5375 2453 5436 nihil
2480 5373 2894 5436 intermedium
2964 5403 2985 5432 ε

377 5456 435 5525 Ὀ
507 5467 716 5534 Νύσσης
782 5465 1096 5546 Γρηγόριος,
1171 5465 1227 5521 ἐν
1292 5474 1367 5543 τῷ
1434 5468 1631 5548 πρώτῳ
1676 5474 1781 5525 τῶν
1827 5470 1955 5551 πρὸς

2121 5465 2442 5553 Gregorius
2470 5463 2764 5551 Nyssenus
2795 5469 3060 5528 oratione
3081 5488 3134 5555 ρι
3154 5467 3271 5531 ima
3290 5467 3683 5542 Antirrbetica

367 5643 421 5691 η
450 5643 643 5711 Galat.
680 5662 758 5723 IV,
790 5648 852 5707 7.
