4208 6296
553 289 671 356 643
1637 287 1908 356 ΙΟᾹΝΝ.
1936 287 2160 354 VECCI
2198 289 2313 351 ΟΡ.
2351 287 2876 355 ΡΑΤΗΙΑΗΟΗίΕ
3825 293 3948 360 644

550 437 730 509 atque
759 445 935 489 causa
966 426 1204 489 esscndi
1227 427 1399 490 Pater
1426 425 1538 508 ipsi
1561 434 1678 506 est,
1707 433 1764 487 et
1791 425 2072 506 quoniam
2106 439 2178 502 pe

2267 429 2372 496 ιτῷ
2415 423 2555 480 εἶναι
2609 426 2764 482 αὐτοῦ
2806 425 3035 505 Πατέρα,
3080 429 3167 484 καὶ
3211 426 3290 484 ὅτι
3347 426 3412 484 δι’
3471 430 3629 488 αῦτοῦ
3682 432 3717 498 ἡ
3773 431 3950 508 πρόσ-

551 517 744 598 ipsum
796 535 1067 577 accessus
1119 524 1176 576 et
1229 515 1506 577 adductio
1559 513 1628 574 ad
1691 517 1919 575 Patrem
1959 519 2185 573 :natur;

2295 510 2413 576 οδος
2485 515 2573 570 καὶ
2656 516 2980 593 προσαγωγὴ
3053 517 3183 593 πρὸς
3239 519 3330 574 τὸν
3382 520 3508 575 Θεὸν
3554 521 3640 576 καὶ
3683 520 3890 598 Πατέρα
3929 537 3943 552 ⁸

551 625 690 668 vero
713 605 874 667 nullo
901 604 1073 666 modo
1096 603 1708 685 secundus,quoniam
1733 602 1794 663 in
1817 611 2069 682 utroque
2092 619 2185 662 un:

2290 602 2436 681 φύσει
2499 600 2554 657 δὲ
2609 603 2781 660 οὐκέτι
2832 602 3090 684 δεύτερος,
3142 603 3277 663 διότι
3335 610 3523 675 θεότης
3595 607 3650 663 ἐν
3709 609 3942 687 ἐκατέρῳ

539 705 641 760 εει
669 695 898 756 deitas:
933 693 1013 754 ita
1054 692 1332 754 videlicet
1389 701 1446 753 et
1479 691 1741 772 Spiritus
1773 698 2032 769 sanctus,
2071 697 2128 750 ct
2151 708 2179 750 s

2287 691 2383 765 μία
2416 709 2430 722 ⁸
2469 692 2604 749 οὕτω
2632 691 2876 760 δηλονότι
2907 697 2993 750 καὶ
3047 696 3108 750 τὸ
3167 703 3376 772 Πνεῦμα
3431 700 3491 754 τὸ
3534 698 3709 776 ἅγιον,
3757 699 3799 753 εἱ
3847 699 3941 754 καὶ

549 784 833 864 dignitate
863 791 922 842 et
948 783 1156 843 ordine
1173 782 1524 843 secundusa
1549 779 1696 842 Filio
1727 787 1963 854 est,non
1995 785 2185 839 tamen

2280 777 2578 847 ὑποϐέϐηκε
2639 783 2730 838 τὸν
2811 785 2928 838 ι’ἱὸν
2984 789 3051 860 τῇ
3120 783 3261 849 τάξει
3331 787 3418 842 καί
3489 794 3565 856 τῷ
3647 787 3930 862 ἀξιώματι,

545 871 943 935 verisimiliter
993 872 1200 931 alienae
1251 871 1445 951 ipsum
1505 889 1640 933 esse
1698 879 1919 932 naturze
1976 886 2185 930 conse-

2275 867 2445 926 οὐκέτι
2481 868 2542 924 ἂν
2571 873 2784 934 εἶκοτως
2815 873 2887 936 ὡς
2914 869 3187 951 ἀλλοτρίας
3219 873 3458 954 ὑπάρχον
3480 875 3704 956 φύσεως,
3745 901 3768 932 ι

547 969 782 1044 quetur.
822 985 842 1015 ι

623 1051 783 1113 Idem
808 1049 1088 1110 adversus
1113 1047 1386 1109 eumdem
1416 1047 1766 1108 Eunmuium
1793 1045 2185 1108 Antirrhetico

2360 1035 2416 1101 Ὀ
2461 1046 2616 1110 αὐτὸς
2645 1046 2700 1101 ἐν
2729 1055 2806 1121 τῷ
2865 1039 2920 1104 α’
2975 1056 3079 1105 τῶν
3137 1051 3268 1128 πρὸς
3333 1052 3587 1126 Εῦνόμιον
3645 1048 3931 1128 Ἀντιῤῥη-

544 1141 758 1220 primo,
790 1140 955 1213 cujus
1014 1137 1368 1218 principium
1400 1156 1412 1200 :
1453 1161 1478 1191 α
1507 1137 1567 1199 Si
1601 1155 1808 1198 omnes
1840 1154 2018 1216 super
2045 1152 2185 1216 quos

2275 1139 2436 1189 τικῶν
2464 1133 2628 1213 λόγῳ,
2665 1136 2724 1192 οὗ
2752 1138 2782 1204 ἡ
2810 1137 2954 1216 ἀρχὴ
2991 1141 3008 1168 ‘
3063 1165 3085 1195 α
3121 1140 3177 1194 Εἰ
3233 1139 3329 1212 μὲν
3381 1136 3654 1196 ἐϐούλοντο
3708 1140 3926 1208 πάντες,

541 1219 646 1291 llei
666 1249 732 1289 ac
755 1227 1070 1289 Salvatoris
1097 1227 1279 1286 nostri
1314 1243 1530 1286 nomen
1566 1226 1896 1285 invocatmn
1923 1233 2010 1286 est
2043 1224 2185 1300 ;Sed

2276 1219 2358 1299 ἐφ’
2390 1224 2476 1286 οὒς
2508 1225 2568 1278 τὸ
2612 1223 2781 1299 ὄνομα
2807 1234 2898 1282 τοῦ
2947 1233 3078 1282 Θεοῦ
3130 1227 3218 1282 καὶ
3260 1232 3509 1307 Σωτῆρος
3567 1230 3721 1302 ἡμῶν
3753 1228 3928 1292 Ἰησοῦ

539 1318 687 1379 ordo
713 1317 862 1378 alter
888 1315 1170 1375 naturalis
1191 1321 1303 1387 est,
1331 1315 1483 1375 alter
1505 1313 1878 1385 artiﬁciosus,
1906 1313 2185 1375 naturalis

2279 1317 2500 1388 Χριστοῦ
2552 1311 2928 1387 ἐπικέκληται,
2993 1332 3017 1362 ι
3093 1316 3250 1396 φησίν
3283 1333 3296 1347 ·
3386 1334 3407 1364 ι
3457 1313 3624 1371 Ἀλλὰ
3681 1313 3822 1380 τάξις
3891 1316 3927 1381 ἡ

539 1406 639 1487 qui
672 1414 1079 1466 creaturarum
1106 1403 1273 1481 juxta
1305 1401 1556 1463 creandi
1589 1401 1850 1462 rationes
1873 1401 2185 1480 dispositus

2279 1399 2376 1472 μὲν
2407 1400 2600 1479 ’,ουσική
2631 1402 2708 1465 τίς
2757 1404 2924 1481 ἐστιν,
2972 1404 3006 1469 ἡ
3039 1401 3094 1458 δὲ
3138 1402 3255 1459 κατ’
3311 1401 3647 1472 ἐπιτήδευσιν
3685 1422 3698 1435 ’
3732 1402 3926 1480 φυσικὴ

543 1503 652 1564 est,
691 1503 748 1554 et
770 1492 983 1573 positio
1010 1491 1262 1570 numeri,
1299 1501 1354 1553 et
1382 1509 1686 1554 causarum
1715 1491 1787 1552 ad
1819 1493 2062 1552 ellectus
2091 1509 2185 1551 re-

2279 1487 2398 1562 μὲν,
2444 1490 2518 1552 ὡς
2564 1487 2593 1554 ἦ
2651 1494 2756 1544 τῶν
2815 1490 3118 1565 κτισμάτων
3169 1492 3303 1546 κατᾶ
3359 1491 3479 1555 τοὺς
3523 1489 3926 1570 δημιουργικοὺς

542 1583 706 1657 latio,
739 1589 874 1642 ante
904 1579 1102 1640 omnia
1125 1599 1256 1640 cum
1293 1580 1438 1640 illud
1473 1579 1532 1639 in
1565 1579 1852 1640 confessis
1874 1580 1970 1651 sit,
2005 1579 2185 1660 ipsius

2278 1573 2465 1652 λόγους
2508 1579 2795 1656 ταχθεῖσα,
2825 1580 2976 1646 καὶὴ
3014 1589 3107 1638 τοῦ
3150 1581 3366 1656 ἀριθμοῦ
3417 1580 3583 1660 θέσις,
3612 1582 3699 1636 καὶ
3754 1582 3788 1648 ἡ
3817 1586 3924 1634 τῶν

540 1678 762 1732 naturae
791 1669 978 1730 Deum
1011 1677 1066 1726 et
1091 1678 1419 1728 creatorem
1455 1676 1513 1728 et
1544 1669 1818 1748 opiﬁcem
1855 1687 1988 1730 esse
2016 1669 2189 1731 :arti-

539 1761 776 1822 ﬁciosus
831 1775 971 1818 vero
1030 1765 1088 1817 et
1142 1757 1426 1817 industria
1457 1755 1764 1817 hominum
1799 1757 2184 1835 excogitatus,

535 1849 638 1929 qui
669 1850 727 1909 in
759 1845 1073 1910 structuris
1109 1853 1163 1904 et
1194 1843 1550 1920 disciplinis,
1603 1852 1660 1905 et
1690 1843 2097 1923 dignitatibus,
2131 1846 2190 1906 cl

535 1954 805 2011 numero,
867 1943 922 1994 et
971 1933 1292 1995 similibus.
1327 1931 1550 1993 Horum
1595 1931 1852 2013 primum
1883 1933 2186 1995 occultans

534 2026 856 2088 Eunomius
870 2022 1148 2083 secundae
1165 2020 1388 2102 speciei
1402 2021 1633 2082 ordinis
1651 2021 2014 2082 mentionem
2031 2022 2190 2098 fecit,

532 2116 732 2196 aitque
759 2133 874 2174 non
896 2130 1028 2174 esse
1051 2129 1196 2190 opus
1218 2128 1487 2171 asserere
1519 2111 1793 2170 ordinem
1818 2113 1874 2172 in
1905 2113 2191 2185 Deo,cum

533 2204 679 2266 ordo
709 2202 1022 2266 ordinante
1059 2199 1353 2278 posterior
1410 2199 1504 2259 sit.
1540 2198 1686 2260 lllud
1721 2207 1918 2260 autem
1949 2200 2038 2260 vel
2073 2221 2188 2262 non

534 2290 974 2363 animadvertit,
1031 2288 1116 2349 vcl
1173 2287 1376 2348 volens
1435 2287 1818 2368 prudensque
1851 2289 2188 2364 occultavit,

537 2400 671 2442 esse
700 2398 891 2458 genus
921 2376 1156 2458 aliquod
1210 2376 1462 2447 ordinis,
1500 2392 1620 2436 non
1671 2385 1871 2437 nostra
1902 2377 2192 2440 industria

535 2469 940 2535 constitutum.
1001 2465 1106 2526 sed
1158 2465 1484 2525 secundum
1539 2473 1761 2526 natum
1791 2467 2006 2526 seriem
2039 2486 2188 2528 con--

536 2557 793 2638 tingens,
829 2555 1003 2616 veluti
1039 2553 1190 2632 ignis
1223 2553 1292 2614 ad
1328 2553 1552 2633 lumen,
1589 2553 1741 2634 quod
1777 2573 1845 2615 ex
1877 2574 1947 2616 eo
1981 2566 2090 2618 est.
2123 2556 2186 2618 In

537 2646 632 2707 his
667 2643 886 2706 etenim
921 2643 1083 2724 prius
1127 2661 1364 2703 causam
1398 2641 1674 2717 dicimus,
1709 2644 2000 2718 posterius
2029 2646 2185 2723 quod

533 2734 607 2796 ab
631 2753 699 2794 eo
715 2745 797 2794 est
813 2751 956 2807 ,uon
980 2731 1289 2793 lnlEI‘VallO
1307 2739 1362 2791 et
1378 2730 1788 2792 eaabinviccm
1811 2732 2186 2810 dirimentes;

536 2823 644 2885 sed
676 2831 814 2883 ante
847 2822 1119 2885 effectum
1152 2838 1388 2881 causam
1423 2820 1844 2898 intelligentes.
1879 2821 2186 2894 Quomodo

535 2913 737 2992 itaque
765 2910 980 2973 rationi
1011 2916 1476 2971 consentaneum
1509 2910 1681 2971 fuerit
1710 2910 1979 2972 ordinem
2009 2913 2190 2974 dene-

535 3019 696 3090 gare,
733 3001 792 3061 in
822 2999 1036 3090 quibus
1085 3008 1176 3061 est
1200 2999 1374 3090 prius
1409 3006 1467 3090 ct
1496 3000 1815 3090 posterius,
1850 3019 1966 3062 non
1989 3009 2245 3090 nostraC

536 3089 855 3159 industria,
883 3087 987 3150 sed
1015 3107 1083 3150 ex
1128 3088 1377 3150 naturali
1409 3087 1468 3148 in
1501 3088 1649 3168 ipsis
1682 3089 2006 3153 cxsistente
2038 3111 2187 3153 con-

532 3180 836 3242 secutione
859 3179 890 3239 ?
919 3176 1044 3250 Qua
1073 3197 1212 3256 ergo
1243 3178 1317 3239 de
1377 3197 1550 3239 causa
1579 3177 1848 3240 ordinem
1882 3198 2189 3244 assumere

534 3269 594 3330 in
622 3268 743 3331 Deo
765 3272 992 3349 reSpuit
1013 3274 1041 3330 ?
1063 3265 1373 3347 Opinatur,
1391 3268 1440 3328 si
1462 3267 1794 3330 ostenderit
1817 3287 2184 3350 nequaquam

539 3358 712 3419 aliter
736 3357 898 3438 prius
922 3357 980 3417 in
996 3355 1114 3418 Deo
1136 3355 1712 3436 intelligi,reliquum
1729 3376 1793 3418 se
1815 3357 2178 3438 habiturum,

533 3447 597 3506 in
616 3446 742 3526 ipsa
764 3443 1334 3508 scilicetsubstantia
1351 3445 1736 3507 eminentiam
1758 3446 2177 3510 demonstrari.

535 3532 656 3595 Nos
681 3553 821 3595 vero
854 3533 1181 3595 secundum
1213 3552 1524 3594 causarum
1553 3534 1620 3594 ad
1651 3554 1740 3608 ea,
1777 3555 1904 3616 quae
1935 3556 2005 3598 ex
2038 3539 2180 3618 ipsis

532 3632 690 3702 sunt,
720 3622 1066 3683 relationem
1125 3623 1387 3702 praeponi
1441 3623 1652 3684 Filium
1713 3625 1872 3686 Patri
1902 3626 2174 3705 fatemur,

534 3721 759 3772 natura:
781 3731 917 3772 vero
954 3711 1294 3772 diversitate
1319 3712 1479 3772 nullo
1512 3714 1708 3786 modo,
1746 3732 1938 3795 neque
1956 3732 2176 3776 secun-

530 3801 670 3862 dum
693 3799 1297 3880 exsuperantiam.Sic
1324 3801 1483 3862 enim
1505 3811 1560 3862 et
1584 3803 1817 3864 Patrem
1845 3822 1977 3865 esse
1993 3804 2179 3867 Deum

533 3889 946 3969 rejiceremus,
981 3907 1113 3950 cum
1149 3889 1484 3951 essentialis
1510 3889 1827 3954 diversitas
1851 3895 2179 3956 naturalem

532 3979 1016 4059 conjunctionem
1052 3987 1311 4058 respuat.
1352 3998 1375 4028 ι

2275 1669 2449 1723 αἰτίων
2507 1671 2636 1748 πρὸς
2689 1672 2754 1727 τὰ
2811 1671 3017 1726 αίτιατὰ
3086 1671 3296 1751 σχέσις,
3356 1671 3552 1728 ἐκείνου
3620 1671 3925 1751 προδιωμο-

2269 1754 2591 1835 λογημένου,
2623 1766 2714 1815 τοῦ
2757 1761 2843 1814 καὶ
2873 1765 2969 1826 τῆς
3015 1761 3217 1840 φύσεως
3261 1761 3422 1829 αὖτῆς
3477 1762 3704 1829 ποιητὴν
3779 1762 3926 1816 εἶναι

2269 1848 2356 1900 καὶ
2440 1845 2757 1928 δημιουργόν
2844 1850 2905 1903 τὸ
2963 1850 3092 1905 Θεόν
3124 1867 3140 1886 ⁶
3205 1848 3644 1925 ἐπιτετηδευμένη
3703 1848 3757 1905 δὲ
3833 1851 3921 1904 καὶ

2270 1936 2516 2014 τεχνικὴ,
2564 1937 2633 2000 ὡς
2679 1938 2714 2004 ἡ
2769 1934 2822 1990 ἐν
2880 1950 2996 1999 τοῖς
3053 1937 3537 2016 κατασκευάσμασι,
3598 1939 3683 1993 καὶ
3740 1939 3919 2012 μαθή-

2277 2045 2428 2097 μασι,
2463 2025 2550 2080 καὶ
2581 2023 2859 2101 ἀξιώμασι,
2920 2027 3006 2081 καὶ
3055 2026 3282 2106 ἀριθμῷ,
3326 2029 3407 2082 ναὶ
3462 2040 3579 2090 τοῖς
3634 2028 3914 2090 τοιούτοις,

2276 2113 2483 2168 Τούτων
2526 2113 2694 2169 τοίνυν
2752 2114 2813 2169 τὸ
2855 2115 3105 2193 πρότερον
3177 2114 3616 2194 ἀποκρυψάμενος
3661 2118 3688 2171 ὁ
3747 2116 3914 2172 Εὐνό-

2275 2222 2420 2276 μιος,
2493 2210 2587 2259 τοῦ
2639 2199 2878 2281 δευτέρου
2936 2201 3106 2266 εἴδους
3151 2205 3249 2270 τῆς
3317 2204 3512 2269 τάξεως
3582 2205 3913 2284 ἐπεμνήσθη,

2272 2291 2360 2345 καί
2427 2313 2556 2369 φησι
2619 2291 2696 2365 μὴ
2740 2291 2936 2372 χρῆναι
2995 2291 3166 2370 λέγειν
3221 2293 3307 2348 ἐπὶ
3354 2300 3483 2348 Θεοῦ
3536 2293 3702 2372 τάξιν,
3766 2292 3913 2349 ἐπεί-

2273 2398 2370 2454 περ
2439 2380 2473 2446 ἡ
2544 2377 2684 2444 τάξις
2746 2379 2956 2459 δευτέρα
3013 2389 3104 2438 τοῦ
3157 2381 3458 2444 τάττοντος.
3534 2379 3741 2439 Ἐκεῖνο
3784 2379 3838 2436 δὲ
3881 2382 3914 2448 ἢ

2273 2468 2332 2523 οὗ
2362 2465 2616 2544 σύνοιδεν,
2673 2468 2707 2536 ἢ
2751 2468 2886 2525 ἐκὼν
2929 2468 3289 2547 ἀπεκρύψατο,
3323 2468 3403 2525 ὅτι
3464 2469 3571 2526 ἔστι
3613 2493 3664 2526 τι
3718 2467 3911 2535 ταῖξεως

2274 2554 2414 2619 εἶδος
2467 2558 2560 2614 οὒκ
2614 2557 2674 2612 ἐκ
2741 2562 2840 2624 της
2896 2556 3020 2637 παρ’
3063 2561 3216 2632 ἡμῶν
3270 2559 3459 2623 θέσεως
3519 2560 3910 2634 σννιστάμενον,

2273 2643 2392 2700 ἀλλ’
2480 2651 2612 2723 αὐτῇ
2827 2648 2962 2703 κατὰ
3019 2648 3168 2724 φύσιν
3244 2646 3522 2720 ἀκολουθίᾳ
3595 2646 3907 2724 συμϐαῖνον,

2273 2735 2345 2797 ὼς
2403 2740 2480 2808 τῷ
2534 2737 2654 2813 πυρὶ
2709 2737 2839 2810 πρὸς
2894 2737 2956 2791 τὸ
3012 2739 3120 2813 φῶς
3179 2735 3286 2791 ἐστι
3340 2737 3401 2790 τὸ
3470 2735 3523 2800 ἑξ
3580 2738 3758 2798 αὺτοῦ.
3819 2736 3909 2793 Ἐν

2269 2824 2470 2887 τούτοις
2512 2825 2612 2902 γὰρ
2665 2826 2917 2904 πρότερον
2970 2827 3030 2880 τὸ
3085 2824 3260 2880 α’ίτιον
3312 2823 3558 2904 λέγομεν,
3645 2823 3902 2904 δεύτερον,

2271 2911 2321 2968 δΣ
2407 2914 2468 2969 τὸ
2586 2913 2618 2968 ἆ
2665 2911 2678 2934 ’
2827 2916 2941 2953 ²-“
3109 2915 3128 2951 ι’
3245 2910 3267 2928 ’⁵
3643 2937 3658 2948 -
3767 2915 3808 2954 Ir

2305 2947 2324 2968 ι
2622 2937 2660 2969 π
2791 2936 2967 2986 αδυου,
3079 2936 3138 2969 ο)
3239 2915 3559 2986 οιαστήματι
3647 2936 3905 2993 λωρ.,ον-

2269 3024 2355 3066 τες
2408 3001 2502 3058 ἀπ’
2570 3001 2852 3073 ἆλλλήλων
2939 3001 3124 3076 ταῦτα,
3197 2999 3333 3058 ἀλλὰ
3403 3009 3479 3076 τῷ
3522 3001 3764 3081 λογισμῷ
3817 3012 3908 3060 του

2271 3094 2503 3149 αἰτιατοῦ
2569 3101 3000 3170 προεπινοοῦντες
3055 3093 3116 3147 τὸ
3163 3089 3360 3153 αἴτιον,
3435 3097 3555 3154 Πῶς
3626 3091 3714 3148 οὗν
3765 3091 3904 3149 ἐστιν

2270 3179 2485 3259 εὔλογον
2539 3181 2803 3260 ἀρνεῖσθαι
2878 3181 2973 3248 τὴν
3029 3178 3193 3260 τάξιν,
3253 3179 3333 3260 ἐφ’
3389 3183 3463 3235 ὧν
3535 3179 3645 3236 ἐστι
3700 3187 3910 3260 πρῶτον

2269 3272 2356 3327 καὶ
2416 3269 2650 3348 δευτέρον
2693 3270 2752 3328 οὗ
2806 3271 2941 3326 κατὰ
2996 3271 3094 3336 τὴν
3150 3269 3411 3348 ἡμετέραν
3462 3270 3602 3327 θέσιν
3673 3270 3793 3326 ἀλλ’
3849 3272 3910 3328 ἐκ

2267 3361 2367 3426 τῆς
2425 3361 2558 3415 κατὰ
2612 3360 2762 3439 φύσιν
2833 3362 3014 3422 αὐτοῖς
3073 3357 3476 3438 ἐνυπαρχούσης
3547 3358 3905 3441 ἀκολουθίας,

2263 3458 2410 3514 Τίνος
2458 3448 2544 3504 οὖν
2615 3446 2790 3504 ἕνεκεν
2843 3448 3022 3503 ἀθετεῖ
3075 3448 3172 3514 τήν
3221 3447 3364 3512 τάξιν
3417 3446 3772 3522 λαμϐάνεσθαι
3824 3449 3910 3514 ἐπὶ

2264 3546 2443 3618 Θεοῦς
2520 3528 2788 3616 Ἠγεϊται,
2847 3539 2890 3593 εἰ
2960 3535 3224 3602 ἐπιδείξειε
3283 3534 3542 3612 μηδαμῶς
3617 3536 3792 3601 άλλως
3842 3539 3910 3596 τὰ

2261 3629 2510 3708 πρότερον
2567 3628 2652 3684 ἐπὶ
2744 3637 2837 3686 τοῦ
2889 3630 3142 3706 νοεῖσθαι,
3215 3624 3530 3701 λειπόμενον
3598 3625 3728 3692 ἕξειν
3787 3625 3907 3684 κατ’

2264 3718 2427 3785 αὐτὴν
2521 3717 2620 3784 τὴν
2691 3717 2868 3773 οὐσίαν
2935 3717 3030 3784 τὴν
3128 3716 3401 3794 ὑπεροχὴν
3501 3711 3905 3774 ἐπιδείκνυσθαι.

2267 3795 2457 3883 Ἠμεῖς
2483 3805 2539 3862 τέ
2568 3807 2704 3862 κατὰ
2759 3805 2856 3881 μὲν
2884 3805 2980 3872 τὴν
3022 3805 3127 3860 τῶν
3170 3803 3346 3860 αἰτίων
3403 3805 3533 3882 πρὸς
3575 3805 3641 3862 τὰ
3697 3803 3749 3870 ἐξ
3807 3810 3906 3864 αὖ-

2263 3904 2365 3954 τῶν
2429 3895 2615 3976 σχέσιν
2660 3895 3016 3974 προτετάχθαι
3069 3901 3159 3950 τοῦ
3223 3895 3342 3949 Υἱοῦ
3395 3894 3485 3951 τὸν
3539 3893 3742 3972 Πατέρα
3798 3918 3906 3974 φα-

2266 3987 2387 4064 μὲν,
2433 3985 2568 4041 κατὰ
2595 3981 2650 4039 δὲ
2693 3984 2791 4050 τὴν
2820 3989 2920 4050 τῆς
2961 3983 3164 4061 odos-uc
3219 3979 3467 4062 διαφορὰν
3522 3983 3725 4059 οὐκέτι,
3788 3981 3903 4040 0-33}.

528 4070 664 4124 κατᾶ
694 4068 790 4134 τὴν
822 4075 914 4124 τοῦ
943 4067 1138 4147 χρόνου
1165 4068 1461 4146 ὑπεροχήν,
1505 4059 1581 4124 "LI
1614 4069 1750 4125 οὕτω
1781 4093 1840 4149 γε
1873 4075 1957 4130 καὶ
2015 4077 2137 4132 αζτὸ
2191 4079 2253 4133 τὸ
2311 4073 2516 4151 Πατέρα
2560 4072 2701 4128 εἶναι
2744 4073 2834 4127 τὸν
2879 4073 3008 4128 Θεὸν
3051 4070 3399 4146 ἀθετήσομεδ,
3458 4078 3556 4137 τῆς
3614 4071 3750 4126 κατὰ
3804 4072 3902 4138 τὴν

529 4157 703 4214 ὠσίαν
749 4156 1159 4233 ἀλλοτριότητος
1204 4158 1298 4224 τὴν
1331 4158 1553 4237 φυσικὴν
1585 4159 1863 4238 στνέιρεικν
1896 4162 2204 4233 ἁθετούσης.
2257 4184 2279 4215 ι

611 4245 774 4307 Idem
803 4246 974 4326 epist.
1009 4245 1080 4306 ad
1114 4245 1452 4322 canonicas,
1487 4265 1618 4326 quae
1648 4245 1858 4328 incipit
1890 4267 1902 4312 :
1943 4251 2178 4323 «Quan-
2202 4262 2244 4311 Ι)

529 4342 649 4396 tum
685 4353 792 4396 nos
823 4334 1004 4395 tristis
1033 4352 1239 4395 rumor
1268 4352 1446 4396 aures
1475 4343 1704 4396 nostras
1728 4337 2178 4402 circumsonans

527 4423 784 4502 primum
822 4422 1138 4484 aﬂlixerat.
1200 4425 1344 4485 Cum
1388 4440 1530 4484 vero
1563 4442 1594 4485 e
1627 4424 1956 4488 substantia
1991 4431 2178 4492 Patris

529 4512 740 4573 Filium
776 4511 1101 4575 subsistere
1124 4511 1282 4572 docti
1302 4512 1506 4586 simus,
1537 4523 1594 4573 et
1621 4514 1860 4593 quidem
1889 4517 2174 4594 genitum,

528 4619 645 4661 non
674 4609 872 4662 autem
905 4603 1239 4677 l'actum,ne
1264 4601 1700 4664 descendamus
1732 4603 1802 4664 ad
1835 4607 2176 4686 corporales

529 4690 868 4770 passionum
926 4689 1369 4768 intelligentias.
1438 4692 1566 4753 Non
1631 4700 1719 4753 est
1749 4695 1907 4754 enim
1942 4697 2178 4758 aPatre

530 4779 717 4840 divisa
745 4781 805 4839 in
838 4778 1053 4840 Filium
1081 4780 1359 4855 essentia,
1393 4799 1587 4860 neque
1620 4799 1721 4860 per
1763 4781 2040 4844 efﬂuxum
2073 4803 2176 4863 ge-

528 4867 651 4928 nuit
685 4887 700 4941 ;
727 4868 831 4930 sed
859 4869 1069 4930 modus
1087 4867 1301 4929 divina:
1323 4869 1722 4948 generationis
1746 4869 2182 4952 inexplicabilis

527 4959 792 5018 omnino.
817 4955 1069 5037 Spiritus
1103 4965 1301 5018 autem
1333 4965 1569 5019 sanctus
1599 4977 1729 5019 cum
1765 4957 1922 5021 Patri
1952 4970 2009 5022 et
2031 4962 2178 5024 Filio

524 5055 974 5123 annumeratur,
1007 5065 1185 5126 supra
1218 5065 1455 5106 omnem
1490 5047 1762 5108 consistit
1798 5058 2123 5112 creaturam
2160 5070 2176 5112 :

529 5134 724 5194 locum
753 5152 889 5194 vero
921 5134 1150 5195 obtinet
1193 5135 1472 5215 illumpse
1503 5155 1677 5216 quem
1713 5135 1856 5211 dixi,
1890 5138 2180 5218 quemad-

527 5221 767 5281 modum
803 5241 911 5282 nos
943 5223 1117 5284 docet
1146 5223 1205 5284 in
1238 5223 1553 5304 Evangelio
1609 5225 1896 5286 Dominus
1923 5226 2130 5289 dicens
2163 5247 2176 5292 :

535 5336 554 5363 ι
607 5309 828 5370 Euntes
891 5309 1175 5391 baptizate
1237 5314 1295 5373 in
1353 5314 1599 5375 nomine
1658 5315 1848 5376 Patris
1880 5323 1937 5375 et
1965 5315 2100 5377 Filii
2129 5325 2188 5380 et

530 5397 788 5480 Spiritus
819 5401 1004 5460 sancti
1035 5400 1118 5460 25.
1151 5423 1173 5453 ι
1204 5401 1316 5475 Qui
1350 5403 1643 5486 praeponit
1672 5403 1844 5480 Filio,
1889 5405 1980 5467 vel
2012 5407 2186 5469 Patre

613 5577 668 5623 93
700 5577 912 5643 Matth.
943 5595 1146 5660 xxvm,
1180 5580 1280 5644 19.

2347 4242 2404 4310 Ὀ
2436 4251 2589 4316 αῦτὸς
2619 4253 2674 4306 ἐν
2724 4257 2791 4328 τῇ
2837 4251 2965 4330 πρὸς
3021 4272 3116 4314 τας
3167 4251 3445 4313 κανονικὰς
3505 4248 3784 4329 ἐπιστολῇ,
3835 4251 3900 4318 ἧς

2260 4343 2490 4422 ἡάρχὴ.
2549 4370 2571 4399 ι
2603 4341 2767 4400 ’Ὅσον
2809 4341 3018 4408 ἠνίασεν
3074 4343 3217 4414 ἡμᾶν
3274 4344 3537 4420 πρότηρον
3579 4341 3735 4418 φήμη
3802 4339 3899 4399 λυ-

2259 4433 2428 4511 πηρᾶ,
2489 4431 2583 4494 τὰς
2641 4429 2800 4496 ἀκοὰς
2887 4431 3034 4504 ἡμῶν
3117 4430 3522 4510 περιηχήσασα,
3592 4451 3614 4482 ι
3689 4429 3850 4504 φησίν
3884 4446 3899 4460 ⁸

2261 4520 2425 4578 Ὅταν
2455 4517 2508 4576 δὲ
2565 4520 2625 4576 ἐκ
2677 4523 2776 4586 τῆς
2834 4519 3007 4578 οὐσίας
3037 4525 3128 4575 τοῦ
3184 4521 3386 4597 Πατρὸς
3443 4520 3532 4575 τὸν
3592 4520 3708 4574 rte»
3762 4518 3904 4574 εἶναι

2260 4607 2643 4684 διδασκώμεθα,
2692 4609 2768 4684 μὴ
2840 4609 3255 4682 καταπίπτωμεν
3311 4606 3403 4664 ἐπὶ
3446 4608 3541 4671 τὰς
3598 4608 3904 4682 σωματικὰς

2260 4699 2366 4755 τῶν
2423 4702 2602 4756 παθῶν
2660 4697 2876 4763 ἐννοίας.
2941 4697 3012 4755 Οὗ
3067 4697 3166 4776 γὰρ
3209 4695 3452 4776 ἐμερίσθη
3509 4699 3544 4764 ἡ
3595 4696 3741 4752 οὗσία
3798 4696 3904 4751 ἀπὸ

2261 4795 2354 4844 τοῦ
2411 4788 2610 4867 Πατρὸς
2661 4788 2733 4850 εἷς
2789 4789 2934 4865 Υἱὸν,
2993 4783 3115 4842 οῦδὲ
3157 4786 3340 4863 (huc:
3385 4785 3662 4863 ἐγέννησεν
3699 4801 3712 4815 ·
3784 4783 3904 4840 ἀλλ’

2263 4873 2483 4954 agema;
2541 4881 2636 4943 τῆς
2709 4877 2849 4938 θείας
2919 4875 3214 4952 γεννήσεως
3284 4876 3312 4930 ὃ
3384 4875 3600 4951 τρόπος,
3685 4875 3755 4931 Τὸ
3847 4871 3905 4927 δὲ

2262 4967 2472 5040 Πνεῦμα
2503 4965 2568 5020 τὰ
2619 4963 2767 5043 ἂγιον
2820 4965 2980 5042 Πατρὶ
3031 4965 3128 5038 μὲν
3178 4964 3265 5020 καὶ
3331 4965 3434 5038 Υἱῷ
3484 4965 3903 5040 συναριθμεῖται,

2267 5053 2398 5110 διότι
2428 5055 2514 5110 καὶ
2546 5053 2674 5132 ὑπὲρ
2705 5054 2805 5121 τὴν
2865 5055 3032 5110 κτίσιν
3087 5052 3197 5108 ἐστί
3231 5068 3244 5082 ⁸
3301 5051 3549 5108 τέτακται
3601 5049 3656 5106 δὲ
3705 5052 3902 5130 τρίτον,

2262 5144 2335 5206 ὡς
2388 5145 2444 5200 ἐν
2507 5141 2812 5221 Εὐαγγελίῳ
2852 5140 3188 5220 δεδιδάγμεθα
3244 5141 3386 5219 παρὰ
3453 5148 3546 5196 τοῦ
3602 5141 3784 5220 Κυρίου
3828 5142 3907 5196 εἷ-

2263 5233 2456 5296 πόντος
2489 5247 2504 5263 ⁸
2555 5254 2581 5288 ς
2615 5233 2955 5312 Πορευθέντες
3013 5233 3084 5295 εἰς
3143 5239 3231 5287 τὸν
3302 5231 3502 5306 κόσμον
3557 5228 3764 5286 ἅπαντα
3798 5231 3904 5306 βα-

2267 5323 2472 5392 πτίζετε
2531 5322 2604 5384 εἷς
2672 5323 2735 5378 τὸ
2789 5319 2957 5398 ὄνομα
3006 5327 3098 5376 τοῦ
3151 5320 3378 5398 Πατρὸς,
3435 5320 3522 5374 καὶ
3591 5318 3682 5375 τοῦ
3759 5321 3905 5382 Υἱοῦ,

2265 5411 2352 5467 καὶ
2406 5417 2497 5468 τοῦ
2549 5410 2696 5490 ἁγίου
2758 5411 3080 5489 Πνεύματος,
3135 5431 3157 5461 ι
3224 5399 3282 5467 Ὀ
3359 5405 3413 5463 δὲ
3471 5409 3734 5487 προτιθεὶς
3814 5409 3912 5464 τοῦ
