4208 6296
356 304 487 376 645

1819 308 2205 375 EPIGRAPH
2216 306 2284 372 [Ε
2296 358 2309 371 .

3634 304 3760 375 646

361 449 489 503 Υἱοῦ
544 444 892 527 πρεσϐύτερον
975 445 1146 526 λέγων
1218 449 1446 524 Πατρὸς,
1526 446 1677 510 οὗτος
1733 444 2029 502 ἆνθίσταται

2118 438 2332 501 dixerit
2358 441 2756 522 antiquiorem
2790 458 2942 508 esse.
2978 440 3201 504 resistit
3221 440 3337 505 iste
3364 441 3577 505 divina;
3606 462 3763 525 prai-

354 536 458 611 μὲν
516 541 585 612 τῇ
642 538 734 592 τοῦ
778 542 910 593 Θεοῦ
953 534 1202 615 διαταγῇ,
1267 535 1540 616 ἂλλότριος
1598 533 1653 591 δὲ
1708 535 1804 602 τῆς
1850 536 2028 613 ὑγιαι-

353 624 551 691 νούσης
582 626 839 697 πίστεως,
891 624 970 701 μὴ
1042 624 1099 681 ὅν
1156 622 1420 704 παρέλαϐε
1464 625 1657 704 τρόπον
1727 622 2027 702 δοξολογίας

354 711 661 792 φυλάττων,
746 711 866 769 ἀλλ’
948 716 1120 788 ἑαυτῷ
1190 715 1512 793 κενοφωνίαν
1581 714 1653 776 εἷς
1749 711 2023 789 ἀρέσκειαν

361 802 655 880 ἀνθρώπων
712 802 960 864 ἐπινοῶν.
1008 822 1028 851 I
1098 805 1196 859 Καὶ
1256 802 1375 876 μετ’
1432 801 1583 880 ὀλίγα
1619 819 1635 833 ⁶
1718 831 1739 861 σ
1772 794 1948 858 ΗΩστε
1989 804 2025 870 ἡ

359 891 482 969 περὶ
510 889 609 956 τὴν
654 887 798 955 τάξιν
852 891 1171 965 καινοτομῖα
1230 892 1393 957 αἰτῆς
1449 896 1549 959 τῆς
1602 890 1869 970 ὑπάρξεως
1895 890 2019 947 ἀθέ-

358 1001 519 1045 τησιν
569 979 711 1060 ἔχει,
771 980 860 1036 καὶ
913 978 1045 1045 ὅλης
1114 979 1211 1047 τῆς
1284 979 1508 1045 πίστεώς
1577 979 1717 1037 ἐστιν
1774 980 2015 1059 ἄρνησις.

364 1059 381 1079 ε
1091 1068 1106 1085 κ

385 1068 593 1143 Ομοίως
623 1069 711 1125 οῦν
755 1067 895 1124 ἐστιν
960 1066 1144 1131 ἂτεςες
1200 1070 1286 1125 καὶ
1357 1067 1442 1124 ἐπὶ
1470 1069 1565 1136 τὴν
1623 1070 1790 1125 κτίσιν
1845 1090 2017 1126 κατα-

361 1170 577 1234 γαγεῖν,
637 1157 726 1213 καὶ
780 1156 1133 1236 ὑπερετιθέναι
1178 1159 1303 1213 αὐτὸ
1372 1156 1409 1224 ἢ
1466 1158 1587 1216 Υἱοῦ
1652 1157 1688 1225 ἢ
1748 1156 2016 1235 Πατρὸςῆ

367 1246 507 1300 κατὰ
548 1247 639 1302 τὸν
675 1247 868 1326 χρόνον
909 1245 945 1313 ἢ
975 1247 1111 1302 κατᾶ
1153 1246 1249 1313 τὴν
1281 1244 1453 1310 τάξιν.
1504 1267 1525 1294 ³

457 1412 515 1479 Ὀ
547 1425 699 1487 αὐτὸς
730 1424 782 1482 ἐν
811 1430 881 1501 τῇ
934 1426 1064 1503 πρὸς
1120 1426 1406 1503 Γρηγόριον
1470 1426 1561 1479 τὸν
1617 1423 1838 1505 ἀδελφὸν
1893 1424 2017 1481 ἔπι-

364 1510 561 1592 στολῆ,
604 1512 672 1579 ἧς
716 1513 751 1580 ἡ
803 1513 973 1593 ἀρχὰ.
1027 1534 1048 1564 ι
1097 1510 1317 1580 Ἐπειδὴ
1360 1511 1547 1569 πολλοὶ
1600 1515 1661 1568 τὸ
1718 1515 1893 1570 κοινὸν
1922 1519 2020 1581 τῆς

367 1602 548 1666 οῦσίας
606 1599 691 1657 ἔπὶ
748 1607 855 1657 τῶν
911 1609 1179 1676 μυστικῶν
1233 1598 1510 1680 δογμάτων
1586 1604 1662 1677 μὴ
1730 1600 2020 1681 διακρίνον-

366 1712 482 1760 τες,
520 1713 544 1745 ι
595 1690 750 1768 φησίν
786 1709 800 1724 ⁸

369 1780 558 1834 ἑαυτοῦ
625 1779 837 1857 ἐνόησε,
894 1781 980 1835 καὶ
1022 1782 1113 1834 τὸν
1163 1781 1280 1833 ria»
1336 1784 1404 1854 στῇ
1446 1777 1646 1851 διανοίᾳ
1702 1779 2022 1859 στμπαρεδέ-

369 1865 519 1932 ξατο.
570 1857 627 1924 Ὀ
670 1866 724 1923 δὲ
767 1871 950 1926 τοῦτον
1009 1866 1186 1925 λαϐὼν
1237 1876 1329 1925 τοῦ
1376 1871 1494 1926 Υἱοῦ
1535 1872 1626 1926 τὸν
1682 1871 1889 1951 Πκτὲρα
1929 1873 2023 1928 οῦκ

375 1954 695 2034 ἀπεμέρισεν
730 1972 743 1985 ·
801 1955 922 2015 ἀλλ’
980 1955 1274 2022 ἀκολούθως
1350 1958 1448 2032 μὲν
1514 1961 1651 2015 κατα
1706 1960 1803 2027 τὴν
1845 1958 2018 2034 τάξιν,

369 2042 722 2119 συνιιμμένως
806 2043 860 2101 δὲ
943 2046 1079 2101 κατὰ
1134 2047 1232 2113 την
1302 2051 1454 2121 φύσιν
1497 2052 1602 2102 τῶν
1672 2054 1830 2125 τριῶν
1885 2049 2024 2105 κατὰ

367 2136 530 2192 ταυτὸ
588 2137 1066 2217 συγκεκραμμένως
1123 2137 1181 2193 ἓν
1270 2138 1440 2212 ἑαυτῷ
1514 2144 1611 2207 τὴν
1668 2140 1843 2196 πίστιν
1895 2140 2021 2195 ἀνε-

372 2225 655 2282 τυπώσατο
745 2229 842 2284 Καὶ
895 2230 922 2283 6
980 2229 1042 2283 τὸ
1103 2227 1314 2303 Πνεῦμα
1358 2227 1518 2303 μόνον
1591 2229 1751 2285 εἰπὼν
1817 2249 2025 2304 συμπε-

379 2310 589 2379 ριέλαδε
618 2319 685 2390 τῇ
734 2314 991 2394 ὁμολογίᾳ
1033 2317 1120 2371 καὶ
1176 2318 1290 2395 τὸν,
1358 2323 1418 2373 οῦ
1497 2316 1611 2372 ἐστι
1671 2319 1731 2373 τὸ
1790 2324 2024 2393 Πνεῦμα.

379 2403 483 2459 Καὶ
538 2401 721 2471 ἐπειδὴ
793 2411 887 2460 τσῦ
944 2407 1165 2484 Χριστοῦ
1219 2408 1331 2461 ἐστι
1386 2406 1449 2461 τὸ
1517 2411 1752 2481 Πνεῦμα,
1809 2409 1897 2463 καὶ
1970 2408 2030 2463 ἐκ

376 2500 471 2550 τοῦ
503 2501 655 2569 Θεοῦ,
686 2498 859 2560 καθὼς
899 2519 1059 2575 φησιν
1116 2500 1144 2554 6
1204 2496 1541 2571 Λπόσεολος,
1602 2499 1781 2577 ὥσπερ
1808 2497 1862 2565 εξ
1892 2497 2027 2555 ἀλύ-

380 2604 517 2647 σεως
546 2585 575 2640 6
602 2591 695 2641 τοῦ
725 2585 864 2648 ἐνὸς.
913 2582 1073 2665 ἄκρου
1100 2585 1397 2665 ἁψάμενος,
1443 2589 1530 2643 καὶ
1557 2587 1618 2643 τὸ
1669 2586 1842 2644 ἔτεοον
1873 2587 2029 2668 ἄκρον

380 2671 836 2749 συνεπεσπάσατο,
899 2674 1065 2739 οὕτως
1122 2677 1149 2732 6
1219 2678 1282 2732 τὸ
1380 2681 1593 2752 Πνεῦμα
1689 2675 1909 2733 ἑλκύσας
1962 2674 2029 2732 δι’

380 2762 538 2819 αὐτοῦ
577 2764 665 2818 καὶ
693 2764 785 2819 τὸν
812 2764 1020 2843 Πατέρα
1047 2766 1135 2821 καὶ
1163 2765 1255 2820 τὸν
1326 2766 1447 2820 Υίὸν
1506 2763 1872 2846 ἐφειλκύσατο.
1934 2766 2033 2823 Καὶ

378 2852 473 2906 τὸν
510 2853 626 2907 Υἱὸν
656 2851 866 2919 ἀληθῶς
916 2852 970 2908 εἴ
1015 2874 1094 2919 τις
1152 2851 1313 2930 λάϐῃ,
1352 2851 1452 2919 ἔξει
1508 2857 1668 2913 αὑτοῦ
1714 2853 2031 2932 ἑκατέρωθεν

386 2945 466 3010 πῆ
517 2945 614 3019 μὲν
668 2947 761 3002 τὸν
819 2949 973 3004 αὐτου
1025 2946 1250 3025 Πατέρα,
1307 2951 1385 3013 πῆ
1425 2944 1479 3002 δὲ
1521 2948 1583 3003 τὸ
1638 2945 1773 3004 ἴδιον
1823 2951 2034 3024 Πνεῦμα

2114 528 2398 607 ceptioni,
2431 537 2490 592 et
2519 548 2551 591 a
2577 547 2720 593 sana
2762 530 2877 592 fide
2910 529 3145 592 alienus
3175 530 3432 607 aberrat,
3468 532 3605 593 dum
3641 550 3760 594 non

2111 616 2456 681 invioiatum
2479 630 2792 681 conservat
2815 619 2981 681 illum
2999 618 3269 682 ordinem
3294 619 3763 699 gloriﬁcationis,

2109 725 2285 786 quem
2317 709 2550 788 accepit
2580 710 2888 781 traditum,
2916 713 3018 770 sed
3076 717 3141 769 ut
3169 707 3407 790 placere
3437 710 3621 789 possit
3651 710 3764 772 ho-

2111 795 2392 870 minibus,
2426 798 2738 858 verborum
2796 796 2911 858 sibi
2961 797 3264 859 adinvenit
3292 798 3599 859 novitates.
3636 820 3657 848 ι
3695 797 3766 861 Et

2107 885 2309 963 paucis
2331 887 2579 948 annexis
2607 907 2621 946 :
2651 906 2674 937 (ι
2695 885 2893 968 Usque
2922 886 3073 949 adeo
3100 889 3226 948 hzec
3258 888 3333 948 de
3363 887 3575 948 ordine
3595 886 3766 948 inno-

2104 973 2279 1048 vatio,
2312 974 2498 1055 ipsius
2547 974 2895 1037 substantiae
2952 975 3471 1055 annihilationem,
3505 983 3563 1037 et
3622 976 3764 1037 fidei

2105 1064 2283 1123 totius
2311 1062 2763 1143 abnegationem
2789 1064 3186 1146 habetJEque
3212 1084 3349 1143 ergo
3371 1063 3619 1145 impium
3646 1076 3759 1141 est,

2102 1160 2158 1210 et
2188 1152 2260 1212 ad
2294 1171 2343 1212 Cl
2363 1162 2592 1214 eaturas
2620 1155 2907 1234 Spiritum
2945 1154 3274 1233 deducere,
3300 1162 3357 1214 et
3387 1154 3758 1234 superiorem

2103 1242 2272 1301 Patre
2303 1252 2360 1303 et
2391 1242 2536 1305 Filio
2570 1242 2990 1315 statuere,sive
3023 1243 3095 1303 sit
3132 1242 3463 1305 secundum
3498 1252 3755 1323 tempus,

2100 1329 2223 1391 sive
2250 1330 2479 1392 ratione
2505 1332 2731 1392 ordinis
2761 1332 3147 1411 superioritas
3171 1332 3292 1393 ilia.
3328 1353 3350 1383 ο

2180 1418 2345 1480 Idem
2378 1420 2626 1501 epistola
2654 1424 2728 1484 ad
2749 1420 3101 1496 Gregorium
3125 1421 3387 1483 fratrem.
3409 1420 3576 1500 cujus
3590 1420 3759 1502 prin-

2104 1508 2324 1588 cipium
2355 1529 2367 1570 :
2407 1512 2584 1571 «Cum
2622 1513 2677 1572 in
2713 1510 2973 1590 mysticis
3004 1509 3377 1589 dogmatibus
3411 1508 3765 1571 enarrandis

2105 1598 2377 1678 plerique
2427 1600 2568 1673 sint,
2605 1601 2705 1679 qui
2735 1599 2889 1681 quod
2926 1600 3087 1660 nullo
3118 1598 3522 1661 disceaniculo
3550 1598 3760 1660 distin-

863 1708 888 1740 α
948 1683 1004 1749 Ὀ
1046 1693 1108 1747 τὸ
1154 1698 1366 1765 Πνεῦμα
1426 1693 1621 1760 νοήσας
1679 1692 1803 1748 αῦτό
1844 1691 1901 1747 τέ
1938 1690 2018 1771 ἐφ’

2118 1695 2268 1764 gunt.
2306 1689 2421 1749 Sed
2452 1689 2552 1770 qui
2585 1689 2817 1751 Patrem
2880 1689 3195 1763 intellexit,
3256 1696 3311 1749 et
3340 1688 3552 1751 Filium
3583 1687 3761 1749 simul

2105 1793 2174 1835 ea
2205 1775 2590 1856 intelligentia
2615 1779 2962 1857 complexus
2984 1788 3097 1840 est.
3124 1777 3236 1850 Qui
3258 1795 3395 1838 vero
3416 1778 3571 1838 hunc
3594 1793 3762 1838 acce-

2107 1865 2280 1944 perit.
2313 1866 2599 1946 Spiritum
2620 1888 2648 1924 ει
2674 1867 2818 1929 Filio
2845 1886 2961 1927 non
2987 1866 3182 1926 divisit
3210 1887 3224 1926 :
3269 1864 3370 1926 sed
3392 1865 3564 1945 juxta
3592 1865 3761 1926 ordi-

2107 1973 2242 2013 nem
2270 1956 2507 2034 quidem
2546 1974 2934 2036 personarum
2966 1961 3598 2034 consequenter,juxta
3622 1971 3760 2014 vero

2107 2049 2375 2103 naturam
2388 2043 2521 2125 conj
2531 2046 2752 2106 unctim
2769 2045 2944 2107 trium
2962 2061 3342 2125 personarum
3358 2041 3535 2103 ﬁdem
3550 2042 3758 2103 eadem

2106 2131 2339 2193 ratione
2362 2142 2861 2214 contemperatam
2890 2137 2948 2194 in
2974 2152 3038 2194 se
3063 2132 3193 2212 ipso
3220 2130 3534 2213 expressit.
3568 2130 3639 2191 Et
3660 2129 3763 2211 qui

2111 2220 2185 2281 de
2213 2220 2433 2300 Spiritu
2458 2222 2584 2283 solo
2605 2224 2887 2304 loquitur,
2921 2221 3095 2283 simul
3137 2223 3252 2283 ista
3271 2220 3670 2295 confessione,
3705 2227 3764 2280 et

2114 2327 2241 2371 eam
2268 2330 2399 2391 quae
2440 2311 2604 2372 illum
2652 2312 2974 2386 concurrit,
3009 2312 3178 2389 cujus
3207 2309 3463 2391 Spiritus
3492 2317 3580 2370 est
3611 2327 3759 2370 con-

2104 2402 2326 2481 junxit.
2345 2402 2415 2465 Et
2438 2406 2714 2485 quoniam
2739 2403 2956 2466 Christi
2980 2401 3232 2483 Spiritus
3248 2410 3359 2474 est,
3389 2409 3534 2462 teste
3556 2401 3758 2477 Paulo,

2112 2500 2256 2555 etex
2274 2492 2394 2554 Deo
2434 2503 2544 2568 est,
2579 2499 2641 2556 lit
2681 2506 2742 2555 ut
2770 2491 3268 2575 quemadmodum
3302 2491 3362 2551 in
3393 2499 3621 2565 eatena,
3655 2489 3759 2570 qui

2112 2581 2288 2643 unius
2317 2583 2519 2644 annuli
2579 2583 2977 2644 summitatem
3017 2579 3431 2661 apprehendit,
3488 2582 3602 2640 hoc
3632 2578 3762 2660 ipso

2113 2670 2292 2732 simul
2325 2681 2382 2733 et
2408 2673 2658 2735 alterum
2692 2672 2981 2735 insertum
3040 2669 3319 2744 attrahit;
3352 2669 3430 2730 ita
3460 2676 3518 2730 et
3545 2668 3639 2729 hic
3662 2668 3764 2748 qui

2112 2760 2399 2840 Spiritum
2434 2763 2749 2843 trahit,per
2769 2761 2966 2842 ipsum
2992 2767 3049 2822 et
3083 2759 3296 2821 Filium
3318 2766 3377 2819 et
3395 2759 3628 2820 Patrem
3650 2773 3769 2818 una

2116 2848 2294 2910 simul
2318 2850 2640 2912 attraxerit.
2671 2851 2743 2913 Et
2773 2850 2823 2910 si
2854 2850 2987 2930 quis
3006 2867 3151 2911 vere
3182 2847 3394 2909 Filium
3424 2846 3765 2927 apprehen-

2118 2938 2547 3014 derit,habebit
2573 2950 2629 3002 et
2656 2940 2846 3021 ipsum
2867 2939 3147 3019 utrinque
3162 2937 3301 2999 hinc
3324 2935 3557 2997 Patrem
3580 2934 3763 3015 illius,

386 3034 834 3113 συνεπαγόμενον.
904 3036 977 3094 Οῦ
1048 3036 1148 3114 γὰρ
1203 3034 1345 3092 ἔστιν
1408 3035 1683 3104 ἐπινοῆσαι
1747 3039 1919 3113 τομὴν
2000 3036 2032 3105 ἢ

2121 3026 2581 3108 illincSpiritum
2609 3038 2877 3090 sanctum
2900 3045 3018 3089 una
3037 3034 3433 3114 compactum.
3468 3022 3593 3114 Non
3607 3024 3766 3114 enim

388 3111 655 3200 διαίρεσιν,
689 3126 762 3188 ὡς
808 3122 844 3192 ἢ
907 3126 1026 3181 Υἱὸν
1064 3111 1253 3205 γχωρὶς
1325 3125 1527 3202 Πατρος
1567 3111 1844 3198 νοηθῆναι,
1893 3126 1929 3194 ἢ
1975 3128 2032 3182 τὸ

2123 3123 2311 3205 potest
2344 3118 2540 3197 aliqua
2596 3118 2718 3179 ullo
2770 3125 2936 3198 pacto
2972 3115 3294 3195 excogitari
3324 3113 3416 3177 vel
3447 3112 3631 3205 sectio
3674 3111 3765 3205 vel

389 3217 601 3287 Πνεῦμα
629 3220 722 3270 τοῦ
762 3215 883 3272 Υἰοῦ
912 3210 1309 3295 διαζευχθῆναι.
1349 3241 1371 3271 ι

479 3380 536 3447 Ὀ
578 3391 735 3454 αὐτὸς
808 3391 974 3470 μέγας
1021 3390 1293 3456 Βασίλειος
1349 3391 1403 3447 ἐν
1460 3397 1530 3468 τῇ
1570 3393 1702 3472 πρὸς
1758 3392 2036 3450 Εὖστάθιον

393 3477 651 3557 ἕπιστολῇ
678 3479 744 3548 ἧς
770 3481 806 3548 ἡ
876 3480 1022 3561 ἀρχὴ
1064 3503 1086 3534 ι
1157 3480 1289 3544 Τοὺς
1358 3480 1394 3548 ἢ
1447 3479 1842 3561 προληφθέντας
1886 3479 2037 3560 ετέρᾳ

392 3568 619 3634 πίστεως
675 3568 951 3647 ὁμολογίᾳ.
994 3596 1017 3629 υ
1080 3571 1236 3650 φησὶν
1298 3569 1378 3626 ὅτι
1457 3591 1480 3621 ι
1506 3572 1723 3648 Φεύγειν
1794 3569 1876 3626 δεῖ
1948 3572 2036 3627 καὶ

393 3657 515 3719 τοὺς
558 3657 656 3725 τὴν
716 3656 1045 3731 ἀκολουθίαν,
1105 3658 1172 3726 ἢν
1221 3657 1521 3738 παρέῗωκεν
1574 3661 1708 3735 ἡμῖν
1764 3661 1793 3715 6
1851 3660 2035 3729 Κύριος

397 3743 768 3820 έναμείϐοντας
837 3749 911 3809 ὡς
968 3754 1203 3827 φανερῶς
1262 3748 1601 3828 μαχομένους
1653 3754 1721 3826 τῇ
1779 3746 2032 3823 εὖσεϐείᾷ,

2120 3203 2354 3285 divisio,
2410 3214 2469 3267 ut
2502 3206 2624 3267 sive
2652 3205 2839 3268 Filius
2869 3204 3094 3286 absque
3136 3203 3308 3268 Patre
3339 3201 3605 3282 cogitari,
3643 3201 3766 3262 sive

2120 3292 2373 3374 Spiritus
2404 3314 2438 3356 a
2470 3295 2616 3358 Filio
2650 3294 2881 3374 sejungi
2914 3302 3113 3375 queat.
3152 3322 3172 3353 ι

2197 3382 2360 3446 Idem
2420 3402 2664 3463 magnus
2723 3382 2972 3448 Basilius
3004 3382 3254 3462 epistola
3294 3381 3365 3443 ad
3397 3378 3768 3442 Eustathium

2117 3493 2249 3555 quae
2306 3474 2559 3555 incipit:
2604 3504 2625 3533 ι
2659 3472 2801 3535 Tam
2859 3472 2944 3536 illi
2991 3472 3091 3553 qui
3147 3471 3261 3533 alia
3314 3471 3601 3532 hactenus
3632 3468 3771 3530 fidei

2119 3563 2496 3625 confessione
2555 3565 2972 3645 praeoccupati.
3030 3561 3263 3626 Vitandi
3322 3569 3458 3621 sunt
3486 3568 3545 3620 et
3572 3558 3636 3639 ii,
3672 3555 3772 3638 qui

2120 3652 2390 3713 ordinem
2417 3670 2449 3713 a
2464 3651 2713 3713 Domino
2732 3653 2926 3714 datum
2948 3651 3555 3730 invertunt,tanqnam
3571 3653 3775 3726 aperte

2119 3741 2349 3803 veritati
2383 3751 2802 3822 repugnantes,
2839 3749 2897 3803 et
2942 3739 3154 3803 Filium
3189 3738 3373 3820 Patri,
3405 3745 3465 3800 et
3485 3735 3769 3817 Spiritum

394 3836 487 3891 καὶ
525 3837 646 3891 me»
688 3835 784 3912 μὲν
837 3837 1227 3910 προτάσσοντας
1268 3845 1360 3894 τοῦ
1414 3839 1636 3917 Πατρὸς,
1708 3840 1827 3897 Υἱοῦ
1880 3836 1936 3895 δὲ
1979 3840 2032 3895 τὸ

2125 3844 2397 3894 sanctum
2432 3850 2566 3892 vero
2597 3830 2744 3893 Filio
2778 3839 3147 3912 praeportant.
3186 3849 3207 3877 ι

397 3924 612 4005 Πνεῦμα
641 3926 702 3981 τὸ
724 3923 873 4003 ἂγιον
901 3925 1259 4005 προτιθέντας.
1298 3945 1326 3983 ι

485 4004 542 4069 Ὀ
606 4016 960 4090 Δαμασκηνὸς
1014 4015 1069 4071 ἐν
1110 4017 1217 4071 τῶν
1261 4013 1322 4071 ιδ’
1367 4021 1473 4071 τῶν
1510 4014 1828 4095 θεολογικιῦν
1886 4019 2044 4075 αὐτοῦ

2210 4012 2609 4073 Damascenus
2638 4010 2696 4070 in
2730 4018 2935 4090 quarto
2969 4008 3200 4071 decimo
3224 4005 3414 4087 capite
3446 4000 3775 4082 tlieologico

398 4106 700 4188 κεφαλαίων
730 4110 862 4189 φησί
894 4127 909 4143 ⁰
973 4129 1000 4165 ι
1034 4110 1161 4175 Θεὸς
1190 4110 1251 4165 τὸ
1297 4115 1508 4185 Πνεῦμα
1563 4111 1625 4167 τὸ
1678 4110 1830 4187 ἅγιον
1887 4109 2032 4185 μέσοι

2130 4100 2336 4162 scribit
2369 4120 2383 4163 :
2427 4126 2446 4155 ι
2478 4100 2637 4163 Deus
2669 4098 2924 4179 Spiritus
2972 4108 3210 4189 sanctus
3243 4098 3397 4189 inter
3427 4094 3687 4189 genitum
3722 4096 3781 4151 et

402 4196 692 4274 ἆγεννήτου
734 4200 823 4255 καὶ
864 4208 1141 4278 γεννητοῦ,
1173 4200 1261 4255 καὶ
1302 4196 1369 4254 δι’
1430 4200 1549 4256 Υἰοῦ
1598 4205 1675 4273 τῷ
1713 4200 1873 4275 Πατρὶ
1916 4220 2032 4255 συν-

2130 4190 2457 4268 ingeni'um
2494 4189 2749 4270 medius,
2776 4197 2831 4249 et
2855 4206 2961 4269 per
2981 4186 3192 4248 Filium
3221 4184 3369 4246 l‘atri
3399 4184 3772 4244 cohaerens.»

401 4287 723 4361 απτόμενον,
770 4306 800 4347 )

488 4365 544 4432 Ὀ
616 4375 876 4455 Θεολόγος
932 4379 1216 4457 Γρηγόριος
1274 4378 1328 4434 ἐν
1370 4385 1446 4453 τῷ
1502 4367 1556 4434 θ’
1596 4385 1702 4434 τῶν
1756 4379 2046 4456 Εἶρηνιιιῶν

401 4463 542 4520 οὕτω
570 4488 728 4544 φησιν
766 4482 780 4496 ’
845 4487 876 4524 α
908 4466 1059 4525 Οὕτω
1114 4474 1421 4548 φρονοῦμεν,
1474 4469 1559 4524 καὶ
1614 4466 1779 4531 οὕτως
1821 4465 2043 4544 ἔχομεν,

401 4552 566 4626 ὥστε,
594 4552 737 4619 ὅπως
769 4555 864 4631 μὲν
922 4554 1037 4636 ἔχει
1063 4564 1227 4615 ταῦτα
1282 4559 1410 4635 πρὸς
1456 4554 1664 4623 ἄλληλα
1720 4555 1959 4636 σχέσεώς
1989 4575 2047 4610 τε

400 4643 493 4698 καὶ
517 4641 734 4718 τάξεως,
782 4648 914 4720 αὐτῇ
955 4645 1095 4722 μόνῃ
1122 4651 1192 4720 τῇ
1240 4644 1416 4724 Τρισίδι
1474 4657 1774 4724 συγχωρεῖν
1831 4641 2040 4716 εἰδέναι,

402 4732 495 4787 καὶ
523 4744 605 4797 οῖς
635 4730 697 4787 ἂν
725 4734 760 4801 ἡ
792 4734 947 4812 Τριὰς
987 4732 1322 4810 ἀποκαλύψαι
1366 4732 1771 4812 κεκαθαρμὲνοις
1804 4733 1839 4799 ἢ
1896 4731 1982 4788 νῦν
2010 4731 2044 4800 ἢ

401 4819 640 4899 ὕστερον.
680 4849 702 4879 ι

498 4901 554 4966 ’θ
611 4911 821 4978 Νύσσης
880 4912 1165 4991 Γρηγόριος
1210 4912 1265 4968 έν
1307 4916 1383 4986 τῷ
1442 4900 1497 4967 αΙ
1553 4914 1656 4966 τῶν
1700 4909 1830 4989 πρὸς
1887 4907 2054 4965 Εὐνό-

410 5022 536 5077 μιον
577 4997 1009 5081 Ἀντιρῤητικιῦν,
1043 5001 1103 5057 οὗ
1144 5003 1178 5070 ἡ
1235 5001 1404 5081 ἀρχὴ,
1469 5016 1491 5046 ο
1531 4999 1638 5056 Οὔκ
1663 4997 1752 5071 ἦν,
1782 4999 1855 5061 ὡς
1886 4996 2050 5069 ἔοικε,

405 5091 472 5145 τὸ
514 5088 713 5152 πάντας
774 5088 949 5149 ἕθῦεν
1010 5091 1325 5170 εἰεργετεϊν,
1366 5113 1394 5144 ι
1458 5088 1614 5169 φησίν
1649 5105 1666 5124 ⁸
1735 5108 1757 5139 ι
1803 5085 1900 5143 Ἐκ
1966 5092 2058 5142 τοῦ

411 5177 615 5254 Πατρὸς
685 5175 768 5233 διὰ
816 5178 908 5235 τοῦ
978 5180 1097 5237 Υῐοῦ
1151 5179 1281 5258 πρὸς
1347 5180 1406 5234 τὸ
1474 5183 1687 5253 Πνεῦμα
1740 5174 2058 5254 ἀναχωροῦ-

408 5288 531 5344 μεν.
569 5284 596 5319 ﬁ

504 5348 557 5416 Ὀ
589 5358 957 5438 Χρυσόστομος
1005 5361 1060 5418 ἐν
1104 5367 1200 5435 μιᾶ
1254 5363 1359 5417 τῶν
1413 5357 1636 5434 ὁμιλιων
1678 5355 1836 5413 αὐτοῦ
1889 5360 1959 5431 τῇ
1987 5357 2060 5421 εἰς

410 5450 475 5504 τὸ
522 5446 679 5526 ῥητὸν
708 5456 800 5506 τοῦ
830 5447 1072 5530 Ἀϐραὰμ
1099 5450 1162 5506 τό
1191 5448 1368 5529 λέγον,
1414 5448 1451 5517 ἦ
1481 5448 1578 5513 Θὲς
1634 5446 1733 5516 τήν
1774 5444 1940 5523 χεῖρά
1968 5466 2061 5501 σου

411 5538 500 5595 ἐπὶ
543 5540 634 5596 τόν
704 5539 877 5619 μηρόν
942 5560 1066 5615 μου,
1117 5562 1146 5594 ι
1202 5539 1359 5619 φησίν
1392 5554 1408 5569 ⁸
1489 5559 1517 5592 α
1549 5536 1767 5613 Λέγεται
1826 5532 1927 5611 γὰρ
1981 5533 2060 5608 μή

410 5628 562 5710 ἔχειν
607 5626 748 5695 τάξιν
791 5630 826 5698 ἡ
860 5629 1041 5711 Τριὰς,
1088 5630 1192 5709 οὐχ
1233 5630 1306 5694 ὡς
1337 5625 1584 5702 ἄτακτος,
1644 5620 1762 5679 ἀλλ’
1814 5622 1887 5686 ὡς
1917 5620 2060 5688 τάξιν

2211 4366 2531 4446 Gregorius
2563 4365 2901 4444 Theologus
2931 4363 3195 4424 oratione
3224 4359 3485 4423 secunda
3514 4360 3588 4423 de
3607 4379 3776 4441 pace,

2129 4457 2213 4519 sic
2232 4457 2352 4520 ait:
2387 4483 2408 4513 ι
2429 4455 2516 4518 lta
2550 4457 2861 4534 sentimus,
2890 4456 2971 4515 ita
3000 4448 3325 4525 credimtis,
3369 4458 3454 4522 ut,
3479 4450 3778 4529 quomodo

2130 4548 2257 4609 haec
2285 4564 2350 4606 se
2369 4543 2624 4606 habeant
2654 4542 2808 4603 inter
2836 4560 2969 4603 sese
2999 4540 3285 4602 relatione
3311 4546 3368 4599 et
3397 4538 3629 4612 ordine,
3667 4536 3782 4618 ipsi

2130 4636 2239 4698 soli
2270 4633 2469 4695 Triadi
2501 4649 2860 4710 cOgnoscere
2891 4628 3388 4710 permittamus,et
3409 4625 3625 4706 quibus
3646 4621 3780 4685 Tri-

2129 4726 2281 4786 nitas
2306 4720 2640 4802 expurgatis
2658 4722 2781 4783 sive
2804 4738 2983 4796 nunc,
3006 4717 3127 4779 sive
3150 4717 3523 4797 postmodum
3543 4711 3776 4775 revela-

2135 4813 2308 4878 verit.
2346 4839 2366 4867 ι

2219 4898 2540 4979 Gregorius
2571 4898 2872 4978 Nyssenus
2902 4894 3091 4976 prima
3120 4892 3402 4955 adversus
3424 4886 3785 4979 Eunomium

2138 4978 2563 5060 Antirrhetica,
2599 5005 2726 5067 quae
2749 4985 2960 5065 incipit
2986 5006 2998 5046 ;
3028 5004 3051 5035 α
3078 4980 3258 5057 Fieri,
3294 4989 3354 5041 ut
3379 4978 3629 5057 videtur,
3662 4994 3784 5067 non

2144 5088 2354 5163 potest,
2387 5088 2450 5139 ut
2478 5077 2578 5159 qui
2604 5063 3371 5163 omnibus—benemererinf
3408 5066 3634 5149 inquit;
3670 5063 3785 5127 cEx

2143 5158 2318 5234 Patre
2341 5158 2454 5250 per
2478 5158 2691 5230 Filium
2719 5164 2790 5225 ad
2812 5162 3095 5244 Spiritum
3129 5158 3529 5244 procedimus.
3566 5174 3588 5204 ι

2224 5349 2671 5428 Chrysostomns
2721 5341 2783 5403 in
2811 5338 3056 5403 homilia
3076 5338 3148 5400 ad
3171 5332 3781 5428 Abrahamidictpm:

2147 5466 2174 5498 α
2208 5419 2368 5503 Ροηὲ
2399 5453 2637 5497 manum
2670 5440 2831 5494 tuam
2854 5429 2963 5492 sub
2986 5430 3209 5490 femore
3233 5445 3425 5507 meo,»
3462 5424 3542 5488 ait
3578 5446 3599 5478 ε
3633 5419 3793 5485 Dici-

2141 5537 2236 5592 tur
2260 5526 2419 5590 enim
2450 5541 2571 5585 non
2612 5521 2835 5584 habere
2862 5518 3137 5581 ordinem
3166 5516 3446 5591 Trinitas,
3479 5530 3598 5574 non
3629 5507 3789 5591 quod

2142 5616 2477 5684 inordinata
2508 5614 2606 5690 sit,
2659 5609 2763 5675 sed
2795 5608 2955 5693 quod
3010 5606 3281 5671 ordinem
3337 5608 3596 5686 superat.
3636 5619 3654 5649 ν
3713 5595 3791 5661 Et
