4208 6296
513 260 629 335 64⁸7

1596 270 1811 340 ΙΟΑΝ.
1858 269 2081 341 VECCI
2120 272 2237 336 GP.
2284 272 2815 341 PATRIARCHzE

3779 270 3905 340 648

511 407 716 490 paucis
765 407 1015 470 annexis
1048 425 1061 467 :
1099 426 1122 460 ι
1156 407 1343 486 Igitur
1397 406 1725 470 divinarum
1758 425 2132 490 personarun

2232 404 2629 483 ὑπερϐαίνουσα.
2665 433 2695 465 ι
2772 413 2872 470 Καὶ
2945 410 3064 488 μετ’
3107 412 3260 492 ὀλίγα
3292 432 3305 446 ⁸
3375 434 3403 468 α
3446 413 3644 471 Οὔκοῦν
3699 411 3735 479 ἡ
3795 409 3902 484 μὲν

507 498 654 560 ordo
673 496 965 560 discretus
1012 516 1041 557 a
1065 497 1283 558 sanctis
1312 496 1671 575 agnoscitur,
1703 497 1807 559 sed
1841 497 1941 578 qui
1972 513 2150 558 natu-

506 606 603 650 ras
633 588 931 650 discernat
960 586 1021 647 in
1052 595 1253 647 sancta
1281 587 1494 648 Triatle
1527 603 1767 666 prorsus
1789 587 2077 667 rejicitur.
2116 611 2145 644 ι

1066 765 1497 831 EPIGRAPHE
1529 766 1598 831 V.

587 866 731 930 Cum
749 864 1019 928 nonnulli
1036 860 1441 925 contradicant
1463 861 1868 925 asserentibus
1890 871 2152 944 sanctos,

503 955 602 1036 qui
634 954 1029 1015 decreverunt
1086 950 1370 1030 Spiritum
1404 958 1671 1011 sanctum
1704 969 1835 1012 esse
1886 969 1956 1012 ex
1980 949 2151 1013 Patre

502 1063 608 1125 per
633 1042 872 1118 Filium,
899 1048 955 1102 et
977 1059 1045 1102 ex
1070 1042 1239 1100 Patre
1281 1057 1333 1099 ea
1362 1038 1534 1119 Filio,
1567 1058 1633 1099 cx
1667 1038 1853 1119 ipsius
1875 1037 2148 1101 Servato-

499 1133 582 1194 ris
612 1130 798 1193 nostri
825 1129 1068 1191 vocibus
1108 1128 1485 1189 occasionem
1511 1127 1857 1208 arripuisse,
1892 1146 2149 1210 eumque

502 1231 623 1284 tum
649 1239 717 1281 ex
738 1218 907 1280 Patre
930 1236 1061 1279 esse
1111 1216 1510 1297 prwscripsiss
1532 1238 1570 1291 ι,
1609 1220 1763 1298 quod
1787 1218 2061 1280 Servator
2091 1217 2151 1279 in

499 1308 839 1386 Evangeliis
861 1306 1118 1367 dixerit:
1155 1305 1294 1378 «Qui
1318 1324 1387 1366 ex
1414 1307 1585 1366 Patre
1610 1305 1878 1386 procedit
1897 1304 2147 1386 25,-tum

500 1416 603 1479 per
624 1396 837 1459 Filium
865 1405 918 1457 et
944 1414 1013 1456 ex
1043 1394 1379 1475 Filio,quod
1405 1392 1702 1464 Servator,
1729 1414 1885 1456 nunc
1907 1394 2147 1476 quidem

499 1486 783 1567 Spiritum
816 1483 1079 1545 veritatis
1110 1502 1244 1544 eum
1286 1483 1600 1564 competlat
1628 1504 1647 1543 :
1676 1502 1833 1545 nunc
1863 1501 2150 1565 corporee

496 1577 661 1639 illum
688 1574 996 1655 discipulis
1029 1572 1290 1634 insumat
1315 1590 1329 1635 :
1353 1591 1511 1633 nunc
1541 1573 1611 1633 all
1644 1571 1805 1653 ipsos
1826 1572 2150 1653 discipulos

2231 499 2337 554 τῶν
2405 501 2554 557 θείων
2607 503 2948 563 ὕποστᾶσεων
2995 503 3298 585 διακριτικὴ
3353 503 3497 570 τάξις
3540 516 3662 567 τοῖς
3715 502 3900 580 ἆγίοις

2228 586 2521 656 καθέστηκε
2550 590 2838 671 γνώριμος,
2870 595 2904 662 ἡ
2959 591 3014 650 δὲ
3063 595 3267 675 φύσεων
3313 592 3608 674 διακριτικὴ
3641 591 3727 649 ἐπὶ
3791 595 3897 658 τῆς

2242 676 2391 756 ἁγίας
2420 677 2634 758 Τριάδος
2679 679 3008 751 ἀπόϐλητος.
3049 707 3075 739 ιι
3364 736 3371 741 ,

2826 782 3162 835 ΕΠιΓρΑψΗ
3193 765 3275 836 ε’.

2319 859 2536 934 Ἐπειδὴ
2588 867 2686 923 εἶσί
2738 889 2875 933 τινες
2946 869 3310 949 ἀιτιλέγοντες
3361 882 3478 934 τοῖς
3526 867 3769 948 λέγουσιν
3811 871 3891 935 ὡς

2234 953 2280 1007 οἱ
2324 951 2735 1031 θεολογήσαντες
2776 956 2921 1035 ἅγιοι
2966 959 3108 1015 εἶναι
3150 960 3212 1015 16
3268 964 3483 1035 Πνεῦμα
3524 959 3588 1014 16
3645 956 3796 1036 ἅγιον
3823 959 3891 1015 ἐκ

2232 1041 2433 1121 Πατρὸς
2483 1040 2567 1097 διὰ
2607 1045 2746 1118 Υἱοῦ,
2794 1047 2881 1102 καὶ
2924 1044 2984 1102 ἐκ
3038 1048 3242 1126 Πατρὸς
3300 1048 3386 1103 καὶ
3444 1047 3563 1103 Υἷοῦ
3604 1043 3655 1112 ἐξ
3713 1048 3891 1106 αὐτῶν

2228 1134 2334 1186 τῶν
2366 1136 2457 1187 τοῦ
2481 1135 2732 1211 Σωτῆρος
2762 1139 2949 1213 φωνῶν
3007 1133 3171 1215 ἔσχον
3213 1137 3308 1199 τὰς
3371 1135 3636 1215 ἀφορμὰς,
3680 1138 3741 1191 τὸ
3787 1136 3888 1211 μὲν

2232 1216 2292 1273 ἐκ
2318 1221 2522 1298 Πατρὸς
2562 1221 2822 1300 ὑπάρχειν
2879 1223 3006 1280 αῦτὸ
3070 1223 3515 1303 θεολογήσαντες,
3576 1222 3660 1280 διὰ
3703 1226 3765 1281 16
3792 1226 3889 1280 τὸν

2231 1312 2456 1387 Σωτῆρα
2484 1308 2539 1364 ἐν
2570 1308 2907 1387 Εὖαγγελίοις
2956 1313 3150 1387 εἰπεῖν,
3190 1337 3216 1367 α
3261 1313 3282 1339 ³
3292 1303 3343 1371 Ὀ
3374 1314 3516 1391 παρά
3557 1321 3648 1371 τοῦ
3680 1315 3887 1393 Πατρὸς

2232 1393 2590 1478 ἐκπορεύεται,
2627 1419 2654 1452 ι
2690 1399 2750 1454 τὸ
2778 1396 2832 1455 δε
2880 1397 2965 1455 διὰ
3026 1403 3146 1457 Υἱοῦ
3184 1402 3271 1457 καὶ
3325 1400 3378 1467 ἐξ
3438 1402 3556 1460 Υἱοῦ
3595 1402 3883 1482 ῦπάρχειν,

2231 1481 2315 1539 διὰ
2343 1486 2403 1540 τὸ
2448 1487 2542 1542 τὸν
2596 1486 2751 1543 αῦτὸν
2807 1492 3032 1568 Σωτῆρα
3086 1495 3331 1570 Χριστὸν,
3388 1498 3477 1548 νῦν
3518 1491 3615 1566 μὲν
3673 1481 3889 1567 Πνεῦμα

2231 1571 2478 1639 ἀληθείας
2507 1572 2680 1652 λέγειν
2714 1577 2862 1652 αὐτὸ,
2895 1584 2983 1633 νῦν
3033 1575 3088 1634 δὲ
3132 1580 3474 1660 σωματικῶς,
3532 1591 3649 1643 τοῖς
3698 1583 3885 1655 μαθη-

496 1662 682 1727 dicit:
714 1665 832 1726 «De
859 1681 988 1726 meo
1011 1661 1286 1750 accipiet,
1317 1670 1375 1750 et
1397 1661 1773 1723 annuntiabit
1794 1662 1959 1724 vobis
1980 1662 2077 1721 95:
2114 1687 2132 1719 ι

2213 1673 2353 1737 ταῖς
2399 1662 2556 1720 αὐτοῦ
2584 1663 2819 1744 ἐμφυσᾷν
2854 1685 2869 1702 ο
2929 1668 3015 1723 καὶ
3073 1673 3159 1723 νῦν
3202 1668 3298 1742 μὲν
3342 1668 3471 1747 πρὸς
3525 1669 3645 1726 τοὺς
3694 1670 3887 1731 αὖτοὺς

496 1772 653 1815 nunc
710 1750 780 1813 ad
830 1750 1062 1812 Patrem
1099 1768 1113 1811 :
1149 1775 1169 1805 ι
1202 1747 1415 1812 Omnia
1466 1767 1597 1811 mea
1649 1758 1747 1811 tua
1775 1758 1931 1826 sunt,
1968 1758 2024 1812 et
2055 1759 2132 1812 tu:

2233 1752 2472 1824 μαθητὰς
2504 1750 2678 1831 λέγειν
2706 1752 2787 1811 ὅτι
2823 1777 2849 1810 α
2885 1751 2979 1812 Ἐκ
3005 1762 3096 1812 τοῦ
3137 1758 3268 1832 ἐμοῦ
3318 1755 3568 1832 λήψεται¹
3599 1758 3687 1814 καὶ
3711 1756 3886 1835 ἀναγ-

493 1840 723 1904 ιηεειὲϐ.
755 1865 777 1894 ι
812 1839 1102 1902 Praeterea
1132 1838 1289 1919 quod
1323 1839 1641 1919 separatim
1676 1842 1854 1903 Pater
1882 1839 1981 1900 dat
2008 1838 2132 1921 Spi-

2228 1838 2381 1917 γελεῖ
2421 1843 2570 1923 ὕμιν,
2611 1864 2634 1900 ι
2672 1850 2757 1899 νῦν
2786 1841 2840 1899 δὲ
2882 1845 3012 1923 πρὸς
3042 1846 3133 1901 τὸν
3184 1845 3414 1925 Πατέρα,
3458 1845 3538 1901 ὅτι
3572 1847 3784 1903 «Πάντα
3810 1847 3884 1903 τὰ

494 1929 1035 2013 ritum,separatim
1066 1946 1207 1990 vero
1238 1926 1449 2009 Filius,
1473 1935 1531 1990 et
1560 1928 1715 2009 quod
1743 1928 2132 2010 suppeditata]

2229 1926 2333 2003 ἐμά
2363 1930 2429 1989 σὰ
2458 1929 2591 2003 ἐστι,
2622 1932 2709 1987 καὶ
2737 1932 2800 1987 τὰ
2826 1932 2893 1988 σά
2932 1933 3056 2009 ἐμά.
3095 1956 3123 1989 ι
3193 1923 3409 1992 ’Ἐτιήδέ
3451 1936 3541 1992 καὶ
3569 1935 3629 1992 ἐκ
3655 1942 3750 1993 τοῦ
3780 1935 3882 1992 οῦκ

492 2022 593 2083 ille
611 2040 645 2083 a
664 2020 840 2083 Patre
864 2036 969 2100 per
987 2016 1202 2078 Filium
1228 2034 1347 2078 una
1368 2018 1684 2079 donatione
1707 2027 1766 2079 et
1789 2036 1904 2079 una
1926 2036 2132 2100 suppe-

2233 2016 2334 2091 ἷδὶᾳ
2374 2018 2473 2094 μὲν
2500 2017 2692 2077 διδοναι
2722 2021 2811 2076 τὸν
2868 2022 3076 2101 Πατέρα
3130 2024 3193 2080 τὸ
3248 2029 3485 2101 Πνεῦμα,
3516 2021 3618 2097 ἰδίᾳ
3672 2022 3727 2079 δὲ
3780 2025 3879 2081 τὸν

499 2110 787 2173 dilatione
818 2128 830 2171 :
867 2125 976 2169 nec
1000 2125 1117 2167 non
1142 2104 1298 2186 quod
1327 2106 1511 2168 Filius
1543 2107 1742 2167 omnia
1776 2105 1931 2169 bona
1960 2107 2132 2170 Patri:

2233 2108 2375 2181 l‘i6v,
2443 2106 2566 2165 ἀλλ’
2623 2108 2683 2164 ἐκ
2750 2119 2843 2168 τοῦ
2912 2114 3263 2190 χορηγεῖσθαι
3308 2110 3424 2169 οὐδὲ
3495 2114 3637 2190 παρὰ
3669 2115 3877 2193 Πατρὸς

493 2198 837 2261 communia
892 2195 1018 2257 sibi
1072 2194 1271 2274 habet,
1308 2202 1366 2256 et
1397 2195 1547 2276 quod
1582 2212 1699 2257 non
1735 2194 1990 2257 ministri
2047 2207 2132 2258 aut

2229 2193 2297 2251 δι’
2331 2197 2450 2254 Υίοῦ
2480 2197 2578 2273 μιᾷ
2606 2194 2745 2254 δόσει
2803 2198 2889 2254 καὶ
2961 2201 3196 2280 χορηγίᾳ
3251 2207 3369 2281 μιᾷ,
3400 2202 3486 2259 καὶ
3547 2201 3607 2258 ἐκ
3658 2224 3750 2259 του
3780 2204 3875 2258 τὸν

492 2287 857 2362 servimodo,
889 2284 993 2348 sed
1043 2284 1603 2364 potiusnaturaliter
1632 2293 1689 2345 et
1719 2284 1917 2346 divina
1945 2296 2132 2347 aucto-

2236 2286 2353 2341 Υἱὸν
2409 2288 2661 2343 κοινωνὸν
2744 2287 2956 2343 πάντων
3013 2295 3117 2346 τῶν
3175 2291 3407 2368 φυσικῶν
3459 2290 3667 2369 ἀγαθῶν
3776 2297 3874 2347 τοῦ

491 2382 669 2444 ritate
729 2377 1141 2460 suppeditatur
1190 2375 1361 2438 nobis
1400 2395 1434 2436 a
1461 2375 1633 2450 Filio,
1668 2389 1993 2457 praesentes
2021 2377 2132 2439 haec

2227 2376 2430 2454 Πατρὸς
2471 2376 2638 2456 εἶναι,
2688 2377 2776 2433 καὶ
2847 2374 2905 2433 ἐκ
2959 2383 3052 2433 τοῦ
3092 2377 3170 2453 μὴ
3228 2375 3538 2442 διακονικῶς
3580 2379 3666 2434 καὶ
3718 2378 3874 2445 ὑπην

494 2471 791 2552 pericopaa
812 2466 1077 2530 collectze
1097 2474 1332 2541 sunt,ex
1351 2463 1537 2526 sancti
1558 2464 1753 2545 Cyrilli
1777 2464 1837 2526 in
1853 2468 2132 2529 Joannem

2224 2471 2467 2542 ρετικῶς,
2500 2466 2732 2546 φυσικῶς
2783 2462 2838 2521 δὲ
2897 2464 3099 2541 μᾶλλον
3154 2468 3241 2524 καὶ
3284 2466 3404 2525 κατ’
3463 2465 3693 2533 ἐξουσίαν
3745 2470 3872 2524 θεῖ-

490 2557 912 2638 evangelistam
944 2553 1409 2635 expositione,ut
1434 2571 1533 2614 eas
1554 2571 1909 2634 percurrens
1926 2555 2132 2635 digno-

2221 2552 2323 2620 κὴν
2365 2557 2718 2633 χορηγεῖσθαι
2757 2553 2886 2629 ύμῖν
2945 2554 3070 2611 αῦτὸ
3124 2556 3265 2635 παρά
3321 2563 3413 2613 τοῦ
3453 2558 3596 2635 Υἱοῦ,
3643 2554 3867 2616 συνελέ-

489 2656 640 2723 scat,
669 2666 737 2708 ex
766 2645 935 2707 hisce
977 2643 1152 2705 dictis
1191 2641 1543 2723 evangelicis
1573 2643 1949 2706 occasionem
1979 2645 2132 2707 arri-

2220 2664 2391 2720 γησαν
2459 2643 2505 2698 οἱ
2573 2649 2830 2722 παροῦσαι
2895 2645 3171 2725 περικοπαὶ
3239 2649 3338 2713 τῆς
3419 2645 3736 2712 πονηθείσης
3789 2652 3870 2720 τῷ

489 2736 691 2819 puisse
718 2752 845 2809 eos,
878 2732 977 2814 qui
1001 2751 1069 2793 ex
1098 2730 1271 2793 Patre
1298 2749 1405 2814 per
1427 2731 1665 2805 Filium,
1699 2742 1759 2793 et
1793 2751 1860 2794 ex
1890 2737 2057 2796 Patre
2083 2742 2132 2797 et

2221 2730 2355 2819 ἀγίῳ
2454 2730 2692 2810 Κυρίλλῳ
2757 2732 3119 2810 πραγματείας
3190 2733 3261 2798 είς
3323 2735 3414 2790 τὸν
3484 2731 3867 2811 εὖαγγελιστῆν

490 2825 641 2889 Filio
672 2841 805 2885 esse
841 2820 1126 2903 Spiritum
1159 2826 1424 2882 sanctum
1468 2820 1884 2885 decreverunt.

2220 2818 2494 2896 Ἰωάννην,
2540 2822 2614 2883 ὡς
2681 2820 2746 2876 ἄν
2803 2822 2831 2876 6
2886 2819 3222 2900 ἐντυγχάνων
3282 2821 3468 2887 αῦταῖς
3524 2820 3837 2901 διαγινώσκο

489 2916 548 2972 ἐκ
573 2921 679 2972 τῶν
705 2912 955 2970 τοιούτων
988 2908 1342 2989 εὒαγγελικῶν
1371 2909 1576 2988 ῥήσεων
1604 2909 1753 2991 ἔχειν
1781 2914 1875 2978 τὰς
1920 2912 2159 2993 ἀφορμὰς
2186 2911 2307 2974 τοὺς
2357 2906 2778 2988 θεολογήσαντας
2808 2907 2868 2966 ἐκ
2922 2911 3125 2987 Πατρὸς
3154 2906 3238 2965 διὰ
3271 2912 3390 2968 Υἱοῦ
3420 2911 3506 2967 καὶ
3548 2908 3610 2965 ἐκ
3640 2912 3843 2987 Πατρδς

485 3005 573 3063 καὶ
616 3006 733 3060 Υἷοῦ
760 3001 902 3058 εἶναι
941 3000 1000 3055 τὸ
1026 3004 1237 3073 Πνεῦμα
1266 3001 1327 3055 τὸ
1368 2998 1539 3077 ἅγιον.

568 3090 823 3155 Sanctus
851 3086 1102 3169 Cyrillus
1133 3086 1502 3167 expositione
1524 3087 1584 3150 in
1604 3086 1851 3151 Joannis
1870 3087 2132 3167 Evange-
2157 3098 2197 3148 C

484 3181 656 3262 lium,
690 3182 747 3241 in
768 3177 987 3241 dictum
1016 3196 1029 3236 :
1063 3194 1086 3226 σ
1112 3177 1185 3238 Et
1213 3195 1320 3257 ego
1357 3175 1578 3255 rogabo
1608 3180 1839 3241 Patrem
1872 3185 1929 3239 et
1957 3177 2137 3240 alium

481 3268 848 3332 Paracletum
879 3264 1043 3327 dabit
1071 3263 1238 3326 vobis
1263 3265 1345 3340 97,
1373 3292 1393 3321 ι
1423 3266 1619 3348 inquit
1654 3285 1668 3329 :
1711 3292 1733 3325 ι
1766 3267 1960 3329 Alium
1997 3286 2136 3348 ergo

483 3357 849 3422 Paracletum
902 3361 1074 3415 vocat
1132 3354 1340 3430 Filius,
1388 3354 1449 3416 in
1481 3357 1724 3436 propria
1755 3355 2139 3419 subsistentia

482 3447 689 3510 volens
702 3445 866 3506 illum
882 3442 964 3502 ini
978 3440 1513 3523 elligi,tantamque
1524 3444 1977 3506 similitudinem
1995 3463 2134 3506 cum

483 3556 552 3599 eo
576 3534 873 3613 habettut
905 3549 1022 3591 non
1054 3529 1227 3592 aliter
1257 3542 1539 3611 operetur
1569 3551 1742 3612 quam
1790 3532 1919 3613 ipse
1948 3532 2135 3595 Filius

483 3609 831 3706 operaretu?
857 3640 874 3691 ;
906 3620 1053 3681 adeo
1107 3628 1170 3679 ut
1198 3609 1326 3697 ipse
1355 3620 1538 3682 Filius
1568 3609 1698 3682 esse
1728 3609 2027 3702 appareat,
2071 3632 2133 3684 et

486 3711 807 3778 nibilaliud
838 3729 852 3773 :
883 3707 1137 3791 Spiritus
1166 3709 1322 3770 enim
1356 3710 1517 3772 illius
1559 3720 1670 3772 est.
1692 3710 1843 3772 Hinc
1872 3711 2132 3774 veritatis

480 3805 646 3867 illum
676 3800 959 3881 Spiritum
997 3798 1377 3880 nuncupavit,
1412 3808 1469 3860 et
1500 3817 1603 3880 per
1621 3800 1746 3879 jam
1774 3807 1909 3861 ante
1940 3819 2127 3881 expc-

480 3895 591 3956 sita
616 3890 1003 3970 semetipsum
1036 3890 1338 3949 veritatem
1393 3907 1525 3951 esse
1569 3890 1979 3953 aﬂirmaverat.
2008 3889 2124 3952 Sed

473 4001 596 4046 non
646 3980 871 4043 absone
923 3976 1221 4058 quispiam
1274 3977 1489 4040 dixerit
1540 3978 1685 4055 illis,
1713 3978 1816 4060 qui
1846 3978 2128 4042 Filiuma

472 4071 579 4134 Dei
610 4079 667 4133 et
702 4068 893 4133 Patris
924 4066 1186 4129 essentia
1212 4066 1472 4129 alienum
1504 4069 1843 4147 Opinantur.
1868 4066 1941 4130 Et
1980 4087 2125 4149 quo.

470 4159 668 4228 modo.
699 4176 919 4239 quaeso,
949 4154 1212 4218 veritatis
1243 4155 1642 4237 Spiritus,lioc
1668 4165 1758 4218 est
1786 4155 1923 4218 Filii
1956 4159 2128 4219 Pater

472 4249 814 4331 impertitur
842 4265 959 4308 non
993 4247 1074 4307 uti
1102 4245 1504 4325 peregrinum,
1531 4254 1591 4306 et
1618 4245 2011 4322 alienum,sed
2041 4245 2125 4308 uti

470 4337 775 4421 proprium
799 4335 1113 4416 Spiritum?
1144 4333 1214 4396 Et
1230 4344 1423 4395 tamen
1443 4333 1769 4397 secundum
1790 4353 1899 4396 nos
1921 4335 2123 4397 deter-

471 4430 753 4490 minatam
785 4424 961 4487 habet
985 4423 1259 4485 essentia}.
1277 4423 1567 4485 rationem
1596 4441 1736 4501 erga
1755 4423 2123 4486 Filiumznon

472 4517 632 4579 enim
659 4515 720 4577 in
743 4513 923 4576 dubio
949 4513 1195 4575 vertitur
1218 4511 1354 4575 Filii
1391 4531 1626 4594 quoque
1645 4512 1933 4594 Spiritum
1964 4530 2119 4583 esse.

469 4604 779 4680 Quomodo
834 4620 1041 4665 rursus
1111 4601 1159 4662 si
1216 4601 1448 4663 alienus
1496 4621 1529 4663 υ
1576 4600 1903 4663 substantia
1930 4599 2125 4663 Patris

467 4694 653 4758 Filius
683 4702 793 4768 est,
828 4695 951 4756 Pati
971 4692 1021 4753 is
1049 4690 1333 4772 Spiritum
1367 4698 1429 4752 ut
1458 4690 1547 4751 sui
1578 4689 1883 4770 proprium
1913 4689 2123 4770 elargi-

472 4783 617 4847 tur?
644 4780 944 4863 Scriptum
1004 4788 1093 4842 est
1121 4779 1281 4841 enim
1318 4800 1333 4839 :
1371 4801 1396 4831 σ
1430 4776 1755 4840 Insul‘ﬂavit
1803 4777 2114 4860 discipulis

467 4874 675 4937 dicens
709 4890 723 4935 :
775 4870 1043 4952 Accipite
1094 4869 1379 4951 Spiritum
1436 4875 1706 4931 sanctum
1736 4868 1817 4927 98.
1854 4888 1879 4919 ι
1904 4867 2114 4931 Nonne

467 4965 648 5044 igitur
666 4962 964 5045 quispiam
1008 4957 1456 5031 existimaverit,
1489 4965 1546 5019 et
1560 4957 1702 5036 jure
1727 4956 1959 5033 merito,
1992 4957 2113 5019 imo

470 5052 656 5132 magis
676 5053 925 5113 tirmiter
945 5050 1296 5130 disponetur
1324 5046 1396 5109 ad
1429 5046 1968 5127 credendum,cum
2001 5065 2113 5108 na-

470 5142 747 5203 turalium
764 5140 962 5220 Dei,et
979 5138 1163 5200 t'atris
1182 5137 1475 5199 donorum
1499 5134 1796 5216 particeps
1816 5135 1946 5197 sitF
1951 5134 2111 5212 ilius,

468 5228 694 5293 habere
718 5228 1004 5309 Spiritum
1031 5227 1131 5289 illo
1151 5225 1362 5288 eodem
1386 5225 1584 5301 modo,
1603 5243 1719 5304 quo
1736 5243 1871 5286 eum
1891 5223 2116 5287 habere

466 5321 639 5382 Pater
667 5317 1038 5396 intelligitur,
1091 5335 1207 5377 non
1266 5312 1651 5377 adventitium
1687 5331 1881 5394 neque
1916 5321 2113 5377 extra—

467 5425 672 5486 neum,
706 5405 947 5467 stultum
1009 5404 1169 5469 enim
1203 5412 1315 5480 est,
1344 5411 1521 5483 atque
1542 5401 1831 5466 furiosum
1862 5403 1943 5465 ita
1970 5423 2115 5467 sen-

2304 3077 2362 3145 εΟ
2391 3085 2543 3165 ἅγιος
2595 3083 2849 3164 Κύριλλος
2895 3085 2949 3142 ἐν
3005 3093 3075 3165 τῇ
3118 3086 3370 3167 ἑρμηνείᾳ
3425 3094 3519 3145 τοῦ
3559 3089 3695 3145 κατὰ
3738 3085 3866 3146 Ἰω-

2220 3177 2382 3244 άννην
2432 3173 2751 3254 Εὗαγγελίου
2807 3177 2881 3240 εἰς
2918 3178 2980 3233 16
3061 3177 3221 3254 ῥητὸν
3296 3178 3381 3257 τὸ,
3447 3196 3472 3233 α
3508 3178 3669 3257 Κάγὼ
3722 3177 3865 3257 ἐρω-

2218 3265 2367 3335 τήσω
2435 3264 2527 3321 τὸν
2597 3263 2830 3345 Πατέρα,
2878 3267 2988 3346 ,καὶ
3058 3264 3219 3323 ἄλλον
3289 3265 3636 3346 Παράκλητον
3706 3265 3865 3324 δώσει

2218 3354 2370 3433 ὑμῖν,
2421 3381 2444 3414 ο
2520 3354 2679 3433 φησίν
2711 3343 2752 3384 ⁸⁷
2806 3376 2834 3409 α
2876 3343 3079 3411 ’Άλλον
3145 3355 3317 3411 τοίνυν
3375 3343 3736 3433 ⁷Παρείκλητον
3801 3359 3863 3413 τὸ

2219 3444 2429 3519 Πνεῦμα
2486 3440 2646 3499 καλεῖ
2693 3444 2722 3498 6
2761 3443 2904 3522 Υἱὸς,
2948 3441 3002 3498 ἐν
3057 3441 3158 3515 ἰδίᾳ
3212 3444 3308 3519 μὲν
3350 3444 3634 3501 ὑποστάσει
3707 3459 3860 3504 νοεῖ-

2218 3533 2333 3588 σθαι
2359 3529 2525 3587 θέλων
2575 3531 2724 3606 αὐτὸ,
2777 3533 3039 3599 τοσαύτην
3097 3553 3159 3611 γε
3202 3533 3311 3607 μὴν
3366 3531 3496 3611 ἔχον
3538 3535 3635 3601 τήν
3689 3533 3857 3614 ἐμφε-

2214 3640 2356 3695 ρειαν
2425 3622 2499 3684 ὡς
2576 3622 2707 3700 πρὸς
2784 3623 2961 3695 αὐτὸν,
3048 3621 3142 3678 καὶ
3226 3621 3647 3701 ἀπαραλλάκτως
3691 3623 3858 3687 οὕτως

2212 3708 2446 3788 ἐνεργεῖν
2474 3710 2682 3790 ἰσχύον,
2736 3708 2870 3790 ἅπερ
2910 3709 2972 3766 ἂν
3023 3712 3110 3768 καὶ
3166 3712 3321 3776 αὐτὸς
3375 3710 3611 3792 ἐνεργοίη
3664 3714 3854 3794 τυχὸν,

2211 3799 2283 3862 ὡς
2329 3800 2483 3858 αὐτὸν
2537 3798 2680 3855 εἶναι
2720 3796 2899 3857 δοκεῖν
2950 3801 3040 3856 τὸν
3094 3801 3234 3873 Υίὸν,
3292 3801 3381 3858 καὶ
3438 3800 3614 3878 ἔτερόν
3686 3801 3855 3860 οῦδὲν.

2209 3892 2420 3962 Πνεῦμα
2475 3888 2576 3967 γὰρ
2645 3885 2785 3943 ἐστιν
2853 3889 3033 3951 αὑτοῦ.
3107 3890 3208 3945 Καὶ
3259 3891 3384 3967 γοῦν
3439 3894 3538 3957 τῆς
3608 3889 3856 3958 ἀληθείας

2207 3975 2334 4032 αῦτὸ
2404 3976 2752 4052 κατωνόμασε
2826 3983 3061 4057 Πνεῦμα,
3107 3978 3195 4033 καὶ
3249 3975 3334 4035 διὰ
3389 3978 3495 4035 τῶν
3556 3979 3853 4059 προκειμέ-

2209 4086 2313 4120 νων
2374 4065 2559 4121 ὲαυτὸν
2619 4078 2757 4123 εῖναι
2814 4066 2913 4133 τὴν
2984 4064 3234 4136 ἀλήθειαν
3303 4065 3499 4145 λέγων.
3551 4064 3702 4125 Ἀλλ’
3742 4069 3856 4147 ἐρεῖ

2207 4175 2288 4219 τις
2319 4154 2535 4218 εἰκότως
2578 4167 2699 4218 τοῖς
2741 4153 3017 4234 ἀλλότριον
3075 4155 3216 4211 εῖναι
3275 4157 3539 4232 νομίζουσι
3593 4158 3684 4213 τὸν
3735 4160 3853 4215 Υἶὸν

2206 4241 2301 4310 τῆς
2340 4249 2435 4299 τοῦ
2466 4250 2595 4299 Θεοῦ
2624 4245 2712 4299 καὶ
2754 4246 2957 4323 Πατρὸς
3009 4243 3208 4307 ούσίας.
3261 4247 3359 4302 Καὶ
3390 4251 3529 4317 πῶς,
3591 4246 3706 4303 εἶπέ
3734 4270 3850 4322 μοι,

2206 4332 2269 4388 16
2318 4331 2412 4399 τῆς
2467 4330 2713 4399 ἀληθείας
2765 4338 3001 4408 Πνεῦμα,
3058 4332 3294 4389 τουτέστι
3350 4335 3410 4389 τὸ
3463 4342 3556 4391 τοῦ
3605 4337 3729 4392 Υίοῦ
3768 4333 3849 4391 δί-

2205 4421 2363 4479 δωσιν
2406 4426 2434 4480 6
2477 4425 2659 4504 Πατὴρ
2701 4426 2804 4505 οὖχ
2850 4427 2924 4489 ὡς
2980 4422 3119 4491 ξένον
3167 4425 3203 4493 ἢ
3260 4424 3559 4506 ἀλλότριον,
3604 4426 3726 4485 ἀλλ’
3773 4430 3848 4492 ὡς

2208 4508 2345 4567 ἴδιον
2414 4518 2647 4594 Πνεῦμα,
2692 4513 2862 4571 καίτοι
2919 4513 3033 4570 καθ’
3088 4514 3225 4584 ὑμᾶς
3301 4512 3643 4594 διωρισμένον
3700 4514 3845 4597 ἔχων

2207 4606 2304 4669 τῆς
2338 4603 2515 4665 ούσὶας
2553 4604 2645 4659 τὸν
2700 4601 2857 4682 λόγον
2901 4604 3031 4682 πρὸς
3086 4604 3178 4660 τὸν
3232 4604 3397 4679 ὶ⁹ίόν;
3469 4606 3542 4663 Οῦ
3591 4605 3691 4685 γὲιρ
3733 4606 3846 4681 ἀμ-

2203 4689 2418 4770 φίλογον
2473 4689 2553 4747 ὅτι
2595 4693 2684 4749 καὶ
2737 4699 2828 4749 τοῦ
2892 4695 3012 4748 Υἱοῦ
3077 4692 3139 4748 τὸ
3185 4693 3396 4768 [Ινεὺμά
3437 4693 3570 4757 ἐστι,
3630 4699 3752 4758 Πῶς
3789 4692 3845 4750 δὲ

2196 4779 2261 4835 αῦ
2303 4779 2486 4855 πάλιν,
2558 4781 2715 4857 εἴπερ
2784 4781 2921 4838 ἐστὶν
2966 4781 3288 4861 ἐτεροούσιος
3345 4784 3374 4838 6
3442 4785 3583 4857 Υἱὸς,
3645 4785 3707 4840 τὸ
3748 4793 3843 4843 τοῦ

2197 4871 2399 4949 Πατρὸς
2445 4875 2658 4947 Πνεῦμα
2712 4867 2915 4927 δίδωσιν
2977 4872 3051 4933 ὡς
3107 4870 3341 4951 ἑαυτοῦ;
3395 4870 3688 4952 Γέγραπται
3744 4874 3843 4952 γὰρ

2197 4956 2277 5013 ὅτι
2309 4958 2593 5040 ἐνεφύσησε
2634 4971 2753 5025 τοῖς
2801 4962 3070 5040 μαθηταῖς
3126 4962 3284 5018 αῦτοῦ
3328 4958 3500 5037 λέγων
3533 4978 3550 4997 ⁸
3591 4978 3615 5010 ι
3665 4980 3694 5020 ι
3725 4962 3841 5018 Λά-

2196 5043 2315 5103 ϐετε
2344 5037 2556 5123 Πνεῦμα
2597 5042 2771 5128 ἅγιον.
2822 5071 2850 5104 ι
2888 5037 3016 5126 ’Ἆρ’
3049 5047 3139 5105 οὖν
3194 5047 3288 5105 οῦκ
3343 5050 3577 5119 οἰήσεται
3617 5072 3697 5115 τις
3755 5052 3840 5108 κκὶ

2198 5134 2342 5213 μάλα
2397 5133 2630 5216 δικαίως,
2692 5136 2895 5214 μᾶλλον
2948 5135 3002 5193 δὲ
3059 5138 3148 5194 καὶ
3191 5138 3458 5217 ἀραρότως
3500 5136 3838 5221 διακείσεται,

2199 5225 2305 5299 ὅτι,
2336 5226 2443 5282 τῶν
2486 5231 2579 5282 τοῦ
2635 5227 2766 5283 Θεοῦ
2819 5228 2908 5283 καὶ
2951 5229 3152 5307 Πατρὸς
3209 5236 3439 5307 φυσικῶν
3491 5229 3700 5308 ἀγαθῶν
3755 5234 3843 5290 οὖ-

2199 5312 2401 5379 σιωδῶς
2468 5315 2727 5396 ὑπάρχων
2767 5317 2990 5374 κοινωνὸ
3041 5319 3070 5373 6
3122 5319 3265 5391 Υἱὸς,
3323 5318 3441 5400 ἔχει
3507 5320 3570 5375 τὸ
3627 5324 3840 5396 Πνεῦμα

2196 5405 2333 5464 κατὰ
2376 5410 2559 5463 τοῦτον
2614 5404 2706 5461 τόι
2778 5405 2993 5485 τρόπον,
3049 5404 3167 5463 καθ’
3216 5407 3377 5487 ὅνπερ
3446 5421 3626 5467 νοοῖτο
3680 5411 3766 5468 καὶ
3811 5413 3841 5468 6

545 5574 602 5620 9‘
627 5575 801 5641 Joan.
830 5590 933 5656 xv,
966 5573 1063 5638 26.
1098 5574 1153 5619 95
1181 5571 1327 5637 ibid.
1354 5588 1478 5649 xvu,
1511 5571 1610 5637 14.
1642 5570 1699 5616 ³6
1726 5573 1878 5641 idid.
1911 5590 2055 5659 xvn,
2092 5579 2187 5646 10,
2218 5579 2273 5625 37
2301 5583 2473 5644 Joan.
2504 5589 2628 5651 uv,
2662 5573 2762 5642 t6.
2793 5569 3045 5641 931mm.
3074 5592 3180 5654 xx,
3210 5576 3313 5639 22.
