4210 6292
579 310 687 375 651

572 532 880 593 character
926 538 1189 610 paternae
1238 524 1591 609 hypostasis,
1625 516 2213 610 inseparabiliter‘sif

575 619 698 681 mul
729 627 787 682 et
814 606 1191 681 adhaerenter
1227 606 1492 693 in'tellige
1523 610 1905 678 coexsistere,
1940 615 1998 669 et
2039 606 2214 667 veluti

567 707 782 788 ipsius,
841 710 939 789 qui
998 726 1130 769 eum
1185 706 1490 783 generavit
1544 699 1852 789 speciem;
1886 711 2217 789 cum_vero

576 783 1041 876 splendor-quasi
1071 792 1313 857 humilis
1345 788 1655 854 emicantis
1699 783 2218 876 prmtulgentisque

574 872 774 946 mente
797 872 1041 957 vol—vito,
1075 881 1242 964 quasi
1273 900 1341 943 ex
1373 879 1544 941 Patre
1576 877 1637 940 in
1667 872 1927 964 exterius
1957 873 2214 964 emigra-

574 971 821 1048 tionem,
856 990 1053 1053 neque
1093 959 1343 1053 prorsus
1382 968 1749 1031 abalienatus
1796 962 1869 1024 ab
1900 959 2216 1053 hypostasi,

574 1078 643 1122 ex
664 1080 778 1142 qua
804 1069 916 1138 est,
951 1049 1146 1141 neque
1172 1059 1234 1120 in
1266 1066 1450 1121 totum
1484 1062 1842 1142 contractus,
1869 1049 2048 1112 veluti
2080 1067 2219 1110 vero

569 1140 917 1230 prominens
940 1156 1002 1210 ut
1025 1140 1354 1211 secundum
1378 1164 1441 1209 se
1469 1146 1657 1227 ipsam
1686 1140 2055 1215 subsistat,et
2075 1156 2218 1220 pro-

570 1237 756 1317 priam
780 1237 1222 1301 exsisteutiam.
1258 1259 1282 1289 υ

650 1413 813 1477 Idem
868 1417 932 1476 in
975 1414 1199 1477 dictum
1245 1434 1257 1469 :
1312 1436 1337 1471 ε
1396 1410 1563 1473 Sicut
1618 1416 1677 1470 tu
1730 1425 1825 1470 me
1882 1404 2094 1468 misisti
2152 1404 2213 1466 in

568 1504 881 1582 mundum,
914 1511 970 1567 et
1002 1523 1110 1583 ego
1143 1502 1307 1563 mitto
1340 1519 1443 1562 eos
1501 1499 1563 1560 in
1602 1497 1887 1559 mundum
1916 1495 1995 1571 ς⁵ο,
2024 1512 2050 1545 ι
2083 1494 2164 1556 ait
2197 1512 2209 1556 :

578 1618 600 1647 ι
630 1592 911 1675 Proprius
938 1593 1046 1657 Dei
1067 1599 1128 1654 et
1159 1589 1350 1654 Patris
1376 1588 1633 1670 Spiritus
1664 1597 1756 1648 est
1789 1603 1804 1649 :
1830 1585 1937 1675 sed
1968 1602 2084 1645 non
2110 1583 2217 1644 mi-

568 1698 681 1743 nus
711 1674 889 1743 etiam
920 1681 1196 1763 preprius
1244 1678 1384 1740 Filii
1435 1684 1546 1759 est,
1579 1694 1696 1737 non
1759 1683 1823 1735 ut
1864 1674 2016 1763 alius
2039 1680 2216 1763 atque

570 1769 744 1846 alins,
775 1779 876 1833 aut
895 1756 1128 1831 divisim
1163 1768 1223 1830 in
1246 1775 1499 1846 utroque
1528 1756 1958 1837 intellectus,et
1985 1759 2212 1822 inexsi-
2238 1756 2274 1806 Β

568 1866 748 1935 stens;
784 1858 888 1921 sed
918 1859 1198 1939 quoniam
1225 1857 1282 1919 in
1305 1859 1478 1917 Patre
1502 1862 1561 1915 et
1596 1871 1664 1915 ex
1681 1854 1854 1916 Patre
1882 1849 2210 1939 secundum

560 1959 835 2009 naturam
866 1937 1051 2010 Filius
1081 1953 1191 2020 est,
1218 1964 1350 2007 cum
1384 1943 1460 2005 sit
1482 1943 1705 2004 fructus
1734 1958 1912 2002 verus
1943 1937 2212 2001 substan-

564 2036 660 2098 tia:
690 2036 1155 2116 ejus,proprium
1173 2032 1364 2097 Patris
1380 2030 1664 2112 Spiritum
1699 2027 2026 2090 secundum
2046 2032 2213 2087 natu-

564 2140 693 2187 ram
729 2122 1015 2272 possidet,
1072 2122 1173 2203 qui
1230 2120 1608 2203 profunditur
1636 2117 1879 2199 quidem
1913 2135 1983 2178 ex
2015 2118 2208 2188 Patre,

565 2211 739 2272 nerFi
768 2212 890 2272 ium
919 2219 1115 2272 autem
1149 2209 1437 2272 creaturis
1467 2208 1870 2272 donatur.uon
1895 2202 2208 2266 ministerii

565 2202 890 2293 perFilium
919 2202 1115 2273 autem
1149 2202 1437 2272 creaturis
1467 2208 1870 2287 donatur,non
1895 2202 2212 2293 ministerii

567 2291 873 2381 modo,qui
904 2299 1102 2362 servili
1130 2298 1344 2361 rationi
1374 2296 1714 2377 subjicitur,
1739 2293 1867 2365 sed,
1902 2291 2055 2381 sicut
2080 2310 2212 2353 mox

568 2388 713 2471 dixi,
750 2380 821 2450 ex
844 2388 973 2469 ipsa
1001 2388 1242 2468 quidem
1264 2385 1593 2448 substantia
1620 2383 1730 2446 Dei
1761 2392 1820 2444 et
1848 2380 2037 2442 Patris
2068 2399 2212 2461 pro-

567 2477 1050 2558 diens,prot‘usus
1071 2484 1268 2537 autem
1294 2475 1364 2536 ad
1395 2493 1520 2549 eos,
1572 2473 1671 2554 qui
1701 2471 1863 2550 digni
1918 2477 2076 2545 sunt,
2111 2487 2217 2550 per

564 2566 1396 2643 consubstantialeVerbum,a
1415 2585 1529 2647 quo
1561 2576 1650 2627 est
1675 2564 2004 2626 secundum
2027 2564 2214 2623 emis-

571 2653 801 2718 sionem
833 2656 1043 2718 adesse
1068 2663 1244 2737 atque
1260 2655 1614 2729 subsistere,
1632 2660 1946 2733 manetque
1976 2652 2035 2711 in
2058 2650 2209 2730 ipso,

569 2752 746 2806 etest
775 2761 1011 2825 semper
1067 2745 1432 2823 conjunctim
1494 2743 1671 2805 simul
1721 2749 1894 2822 atque
1950 2738 2207 2799 divisim.

568 2833 912 2896 Subsistere
943 2833 1102 2894 enim
1127 2831 1341 2894 Filium
1376 2830 1653 2912 dicimus,
1685 2836 1746 2893 et
1779 2830 1839 2890 in
1861 2827 2083 2908 Spiritu
2103 2845 2207 2888 suo

1687 300 1899 366 JOAN.
1932 296 2154 365 VECCI
2182 293 2295 356 ΟΡ.
2325 287 2839 355 ΡΑΤΒΙΑΒΟΗιΕ

653 441 815 506 Idem
848 440 1003 503 libro
1036 459 1072 500 v
1105 438 1178 503 ad
1209 438 1536 502 Hermiam:
1578 461 1598 491 ι
1632 433 1694 496 Si
1744 431 1940 511 itaque
1998 428 2277 493 diciturA

3829 296 3948 363 652

2380 418 2437 486 Ὀ
2468 429 2622 491 αὐτὸς
2654 427 2707 483 ἐν
2735 433 2814 503 τῷ
2850 428 3077 504 πέμπτῳ
3132 437 3236 488 τῶν
3294 432 3423 511 πρὸς
3474 431 3722 509 Ἐρμείαν
3748 452 3763 468 ο
3816 455 3845 487 α
3887 438 3945 491 Εἰ

2296 518 2471 575 τοίνδν
2522 518 2732 598 λέγοιτο
2790 521 3071 600 χαρακτὴρ
3130 526 3226 591 τῆς
3297 525 3638 589 ὑποστάσεως
3695 530 3789 582 τοῦ
3832 531 3943 581 Πα-

2298 610 2440 686 τρὸς,
2502 608 2813 689 ἀχωρίστως
2872 630 2927 664 τε
2982 608 3092 685 ἅμα
3149 614 3235 668 καὶ
3319 614 3766 691 προσπεφυκότως
3816 636 3942 669 συν-

2298 695 2606 778 υπάρχοντα
2636 700 2764 756 νόει,
2799 699 2886 754 καὶ
2930 701 3085 755 οἱονεὶ
3132 702 3193 756 τὸ
3250 700 3395 765 εἶδος
3437 706 3594 760 αὐτοῦ
3621 708 3713 759 τοῦ
3756 724 3945 780 γεγεν-

2302 788 2526 854 νηκότος
2560 803 2573 817 ⁸
2609 789 2763 856 ἡνίκα
2796 785 2841 842 δ’
2912 779 2975 842 ἂν
3004 791 3091 844 καὶ
3135 789 3457 869 ἀπαύγασμα
3511 779 3799 871 μονονουχὶ
3829 814 3946 871 φω-

2301 878 2392 942 τὸς
2451 876 2699 956 προέντος
2756 897 2813 932 τε
2843 877 2930 933 καὶ
3014 876 3476 956 ἂπαστράῴαντος,
3546 882 3616 946 εἰς
3678 887 3797 936 νοῦν
3852 879 3945 959 ἔχε

2300 965 2400 1033 τὴν
2456 966 2516 1022 ἐκ
2558 968 2761 1046 Πατρὸς
2806 968 2961 1023 οἷονεί
3018 989 3132 1030 πως
3189 969 3262 1031 εἰς
3318 970 3377 1025 τὸ
3448 968 3545 1034 ἔξω
3612 966 3942 1047 διεκδρομην,

2301 1058 2417 1115 οὔτε
2457 1060 2529 1121 εἷς
2587 1056 2726 1114 ἅπαν
2809 1057 3235 1137 ἀπηλλαγμένως
3279 1064 3378 1128 τῆς
3465 1060 3581 1117 ὅθεν
3632 1061 3769 1117 ἐστὶν
3810 1063 3947 1116 ὕπο-

2303 1147 2559 1222 στάσεως,
2634 1144 2751 1203 οὕτε
2796 1148 2903 1215 μὴν
2961 1148 3180 1204 εἰσάπαν
3237 1149 3687 1224 συνεσταλμένως,
3749 1169 3943 1228 προεκ-

2301 1236 2595 1293 κύπτουσαν
2625 1234 2679 1291 δὲ
2708 1235 2885 1314 ὥσπερ
2928 1237 3001 1299 εἷς
3042 1238 3102 1293 τὸ
3130 1236 3410 1318 ὑφεστάναι
3441 1236 3557 1295 καθ’
3615 1238 3829 1310 ἑαυτὴν,
3862 1239 3943 1293 καὶ

2297 1326 2367 1390 εἰς
2395 1322 2610 1403 ὕπαρξιν
2634 1322 2828 1395 ίδικήν,
2866 1347 2894 1380 n

2382 1404 2438 1470 Ὀ
2472 1415 2626 1478 αὐτὸς
2656 1415 2727 1477 εἷς
2755 1415 2817 1469 τὸ
2873 1413 3055 1491 ῥητὸν,
3088 1415 3172 1490 τὸ,
3240 1436 3264 1471 ε
3301 1418 3482 1482 Καθὼς
3539 1416 3636 1491 ἐμὲ
3692 1415 3940 1472 ἀπέστει-

2300 1502 2396 1565 λας
2441 1503 2513 1566 εἷς
2557 1503 2645 1558 τὸν
2675 1501 2898 1578 κόσμον,
2958 1502 3111 1580 καγὼ
3159 1502 3446 1560 ἀπέστειλα
3519 1506 3704 1568 αὐτοὺς
3738 1506 3811 1568 εἷς
3854 1506 3943 1560 τὸν

2302 1593 2525 1670 κόσμον,
2562 1612 2591 1645 ι
2627 1590 2785 1671 φησίν
2818 1607 2831 1621 ⁶
2904 1614 2931 1645 α
2968 1580 3136 1647 υι’διον
3186 1602 3278 1651 τοῦ
3337 1600 3468 1649 Θεοῦ
3510 1595 3593 1651 καὶ
3639 1596 3842 1671 Πατρὸς
3884 1594 3946 1649 τὸ

2300 1690 2512 1758 Πνεῦμα
2541 1681 2681 1738 ἐστιν
2716 1699 2730 1713 ⁸
2778 1680 2897 1739 ἀλλ’
2956 1681 3101 1740 οὒδέν
3144 1684 3305 1750 ἧττον
3361 1683 3500 1741 ἴδιόν
3557 1686 3669 1741 ἐστι
3728 1687 3817 1740 καὶ
3848 1688 3944 1743 αὒ-

2296 1778 2387 1828 τοῦ
2418 1772 2510 1827 τοῦ
2568 1774 2711 1851 Υἱοῦ,
2757 1773 2858 1852 οὐχ
2925 1774 2998 1836 ὡς
3056 1771 3233 1852 ἕτερον
3303 1776 3390 1830 καὶ
3444 1774 3621 1853 ἕτερον
3679 1774 3715 1841 ἢ
3787 1795 3943 1849 μερι-

2296 1866 2434 1923 στῶς
2485 1859 2538 1915 ἐν
2581 1859 2813 1940 ἐκατέρῳ
2868 1861 3148 1936 νοούμενόν
3204 1884 3260 1918 τε
3316 1865 3404 1919 γαὶ
3443 1863 3738 1942 ἐνυπάρχον
3777 1882 3790 1896 ·
3824 1858 3941 1918 ἀλλ’

2299 1950 2510 2027 ἐπείπερ
2553 1947 2612 2005 ἐκ
2642 1951 2848 2028 Πατρὸς
2906 1952 2993 2006 καὶ
3057 1950 3111 2006 ἐν
3162 1952 3323 2031 Πατρὶ
3391 1952 3527 2008 κατὰ
3585 1953 3743 2032 φύσιν
3805 1951 3945 2007 ἐστιν

2298 2042 2325 2095 ὁ
2377 2040 2523 2111 Υἱὸς,
2582 2040 2786 2117 καρπὸς
2843 2040 3101 2119 ὑπάρχων
3157 2038 3404 2107 ἀληθινὸς
3463 2047 3560 2108 τῆς
3606 2041 3783 2105 οὖσίας
3842 2039 3942 2095 αῦ-

2296 2133 2408 2206 τοῦ,
2441 2128 2502 2182 τὸ
2557 2136 2650 2185 τοῦ
2704 2128 2908 2205 Πατρὸς
2966 2125 3101 2183 ἴδιον
3158 2134 3370 2202 Πνεῦμα
3426 2130 3562 2185 κατᾶ
3603 2129 3753 2207 φύσιν
3808 2128 3940 2184 ἐπα-

2295 2236 2465 2294 γεται,
2528 2215 2791 2294 χεόμενον
2863 2217 2960 2291 μὲν
3018 2215 3079 2274 ἐκ
3134 2218 3361 2297 Πατρὸς,
3401 2216 3469 2274 δι’
3530 2219 3687 2274 αὑτοῦ
3728 2214 3781 2272 δὲ
3855 2228 3944 2276 τοῦ

2298 2308 2418 2361 Υἱοῦ
2457 2303 2524 2371 τῆ
2567 2304 2730 2360 κτίσει
2790 2307 3214 2385 χορηγούμενον,
3268 2308 3329 2364 οὗ
3375 2308 3511 2363 κατὰ
3563 2327 3680 2362 τινα
3745 2308 3942 2385 τρόπον

2296 2389 2617 2468 διακονικὸν,
2689 2391 2853 2470 ἤγουν
2908 2396 2998 2450 τὸν
3055 2395 3109 2449 ἐν
3163 2396 3416 2474 ὑπουργία
3458 2395 3762 2470 νοούμενον,
3819 2392 3939 2450 ἀλλ’

2297 2480 2474 2559 ὥσπερ
2541 2480 2673 2560 ἔφην
2717 2481 2928 2560 ἀρτίως,
2991 2482 3042 2548 ἐξ
3099 2484 3260 2551 αὑτῆς
3344 2486 3441 2558 μὲν
3483 2483 3780 2563 προκύπτον
3840 2488 3940 2549 τῆς

2298 2568 2472 2632 οὗσίας
2500 2576 2592 2626 τοῦ
2621 2570 2750 2626 Θεοῦ
2778 2571 2866 2626 καὶ
2912 2572 3138 2649 Πατρὸς,
3198 2573 3461 2651 χεόμενον
3507 2569 3561 2627 δὲ
3617 2585 3735 2634 τοῖς
3794 2570 3938 2627 ἑλεῖν

2297 2656 2454 2723 ἀξίοις
2501 2655 2585 2714 διὰ
2636 2660 2806 2736 Λόγου
2858 2666 2948 2716 τοῦ
2997 2662 3296 2735 ὁμοούσιου,
3353 2663 3443 2718 καὶ
3508 2659 3562 2726 ἒξ
3624 2660 3779 2719 οὔτοῦ
3835 2682 3938 2717 πε-

2296 2747 2551 2825 φηνότος,
2601 2745 2718 2803 κατ’
2777 2746 3030 2827 ἕκφανσιν
3090 2748 3332 2815 δηλονότι
3392 2751 3492 2818 τὴν
3541 2752 3613 2813 εἷς
3692 2751 3755 2804 τὸ
3798 2750 3941 2805 εἶναι

2296 2833 2410 2890 κᾶθ’
2443 2835 2622 2913 ἑαυτὸ,
2676 2837 2765 2892 καὶ
2822 2835 2875 2891 ἐν
2929 2837 3071 2911 αὒτῷ
3114 2837 3362 2913 μένοντός
3441 2860 3499 2894 τε
3559 2840 3647 2894 καὶ
3702 2839 3853 2899 ὃντος
3881 2838 3938 2892 ἆξ

566 2940 883 3015 eumesse,
918 2929 977 2984 et
1005 2921 1289 3002 Spiritum
1336 2937 1546 2982 rursus
1600 2919 1663 2980 in
1709 2937 1779 2980 eo
1831 2917 2203 2979 conﬁtemur.

2296 2923 2574 3003 προσεχῶς
2631 2945 2689 2980 τε
2745 2922 2855 2999 ἅμα
2912 2927 2998 2981 καὶ
3070 2926 3493 3005 μεμερισμένως.
3544 2924 3938 2985 ’[διοσυστάτως

565 3009 852 3091 Spiritum
876 3029 1017 3073 vero
1048 3009 1400 3084 Patris,Filii
1450 3025 1684 3089 quoque
1729 3005 2013 3095 Spiritum
2044 3022 2199 3095 esse,

2296 3011 2386 3086 μὲν
2423 3013 2522 3089 γὰρ
2566 3013 2707 3068 εἶναι
2764 3035 2934 3093 φαμεν
2993 3017 3083 3071 τὸν
3138 3017 3277 3088 Υἱὸν,
3338 3016 3658 3095 ἐνυπάρχειν
3703 3012 3757 3071 δὲ
3799 3016 3941 3089 αῦτῴ

565 3110 625 3165 et
648 3103 817 3161 Patre
846 3098 1138 3173 mittente,
1164 3098 1288 3161 sive
1316 3097 1672 3160 distribuere
1706 3094 2114 3184 promittente,
2136 3094 2204 3154 il-

2296 3099 2423 3165 ,Siwc
2506 3102 2804 3184 χεννήτορι,
2876 3105 2963 3159 καὶ
3019 3104 3168 3184 ἔχειν
3253 3104 3306 3161 ἐν
3380 3094 3571 3179 ἑαυτιῖι
3606 3106 3697 3160 τὸν
3741 3106 3941 3181 γεννή-

562 3189 685 3251 lum
718 3188 935 3250 sanctis
965 3187 1266 3250 distribuit
1294 3204 1528 3268 quoque
1560 3185 1742 3249 Filius
1764 3192 2005 3266 propter
2024 3182 2201 3244 iden-

2296 3208 2469 3245 ταντα.
2506 3179 2636 3246 εὈτι
2680 3179 2743 3245 δὲ
2770 3179 2830 3246 τὸ
2886 3193 2979 3247 τοῦ
3033 3179 3234 3271 Πατρὸς
3293 3198 3504 3269 Πνεῦμα
3559 3179 3773 3268 Πνεῦμα
3816 3194 3933 3270 φαί-

566 3276 1119 3352 titatem-essentiae,
1155 3256 1329 3357 quani
1359 3256 1537 3337 habet
1568 3293 1702 3337 cum
1746 3256 1934 3335 Patre.
1974 3300 1995 3332 ι

2296 3297 2425 3332 νεται
2484 3283 2577 3334 τοῦ
2643 3279 2782 3358 Υἱοῦ,
2856 3281 2943 3335 καὶ
3006 3288 3095 3337 τοῦ
3160 3282 3365 3360 Πατρὸς
3423 3282 3753 3357 πέμποντος,
3814 3279 3934 3347 ἤτοι

567 3364 831 3443 διανέμειν
860 3365 1320 3444 ἐπαγγελλομένου
1347 3380 1463 3428 τοῖς
1494 3367 1660 3442 ἁγίοις
1691 3365 1815 3420 αὐτὸ
1857 3360 2114 3417 διαδίδωσι
2162 3361 2319 3419 πάλιν
2362 3366 2435 3427 ὡς
2467 3364 2623 3445 ἴδιον,
2657 3369 2684 3422 6
2718 3367 2837 3431 Υἱὸς
2894 3364 2976 3425 διὰ
3006 3368 3103 3436 τὴν
3132 3369 3431 3436 ταυτότητα
3457 3374 3556 3437 τῆς
3600 3369 3806 3443 οὒσίας,
3866 3369 3933 3435 ἧς

564 3454 681 3533 ἔχει
723 3453 855 3531 πρός
897 3458 988 3510 τόν
1019 3454 1247 3533 Πατέρα,
1283 3477 1309 3507 ι)

645 3540 808 3603 Idem
842 3543 901 3603 in
958 3541 1225 3604 dictum:
1268 3565 1294 3596 α
1330 3541 1403 3603 Ει
1454 3538 1854 3601 testimonium
1912 3535 2215 3618 perhibuit

566 3629 849 3711 Joannes,
881 3630 1044 3708 quia,
1076 3630 1211 3691 Vidi
1239 3627 1525 3709 Spiritum
1557 3627 2023 3691 descendentem
2046 3626 2213 3707 quasi

568 3717 904 3781 columbam
935 3719 1009 3780 de
1039 3716 1747 3780 crelo".-—«lnsultabit
1772 3724 1968 3777 autem
1993 3716 2211 3775 iterum

564 3814 735 3886 atque
752 3807 964 3868 iterum
999 3805 1398 3869 contentionis
1416 3806 1669 3886 cupidus
1697 3806 2213 3883 hazreticus,atque

571 3895 758 3957 effuso
810 3898 931 3957 risu
974 3893 1230 3956 illudens
1259 3895 1421 3956 dicet
1449 3915 1462 3955 :
1493 3893 1644 3967 Quid
1703 3911 1907 3954 rursns
1938 3891 2110 3953 nobis
2138 3890 2211 3951 ad

564 3984 712 4062 haec,
745 4004 779 4046 o
810 3985 999 4047 amica
1028 3984 1242 4064 capita,
1275 3984 1674 4064 respondetis,
1725 3990 1823 4044 aut
1871 4000 2045 4062 quem
2079 3997 2211 4041 ser-

569 4091 806 4135 monem
839 4072 1567 4154 comminiscemini,quod
1593 4071 1881 4153 scriptum
1913 4079 2001 4131 est
2040 4068 2213 4129 novis

568 4161 793 4224 cavillis
843 4163 1260 4225 invertentes?
1300 4163 1457 4224 Ecce
1510 4161 1796 4243 Spiritum
1847 4158 2212 4220 descendere

573 4250 757 4313 refert
804 4251 875 4313 ad
902 4252 1140 4315 Filium.
1186 4252 1277 4314 En
1325 4250 1563 4331 ungitur
1581 4251 1747 4312 aDeo
1765 4257 1822 4311 et
1855 4247 2212 4328 Patrc,quod

2381 3531 2437 3599 Ὀ
2467 3542 2623 3607 αὐτὸς
2679 3545 2750 3608 εἷς
2821 3547 2882 3601 τὸ
2952 3548 3114 3625 ῥητὸν
3169 3548 3255 3626 τὸ,
3321 3569 3348 3602 ε
3385 3550 3480 3609 Καὶ
3525 3548 3881 3626 ἐμαρτύρησεν
3912 3550 3940 3604 6

2298 3630 2546 3701 Ἰωάννης
2578 3632 2775 3715 λέγων,
2836 3634 2941 3710 ὅτι,
3000 3638 3259 3713 Τεθέαμαι
3302 3640 3363 3694 τό
3417 3640 3629 3715 Πνεῦμα
3683 3637 3940 3696 καταϐατ-

2295 3744 2383 3778 νον
2426 3724 2549 3779 ὡσεὶ
2618 3725 2923 3802 περιστερὰν
2980 3724 3031 3791 ἐξ
3083 3728 3319 3803 οὐρανοῦ,
3356 3747 3379 3778 I
3445 3728 3601 3808 φησίν
3638 3745 3650 3758 ⁸
3718 3757 3740 3787 ι
3774 3727 3939 3785 Ἀνα-

2295 3812 2570 3889 σκιρτήσει
2655 3810 2709 3867 δὲ
2765 3812 2901 3877 ἴσως
2959 3815 2987 3870 6
3048 3813 3429 3895 φιλεγκλήμων
3496 3819 3778 3895 αἷρετικὸς,
3854 3818 3939 3873 καὶ

2295 3896 2465 3954 πλατὺ
2507 3897 2735 3977 γελάσας
2795 3900 2907 3981 ἐρεῖ
2940 3922 2955 3939 ο
3020 3904 3081 3960 Τί
3123 3903 3281 3960 πάλιν
3337 3906 3495 3981 ἡμῖν,
3553 3907 3598 3962 ὦ
3655 3908 3823 3983 οὗτοι,
3856 3907 3939 3961 καὶ

2294 3987 2426 4065 πρὸς
2465 3988 2618 4094 τοῦτό
2664 4010 2795 4067 φατε
2832 4008 2847 4069 ;
2892 3989 2928 4057 ἢ
2973 4004 3131 4048 ποῖον
3172 3989 3480 4094 ἐξυιρανεϊτε
3523 3993 3711 4071 λόγον,
3764 4016 3937 4049 κατα-

2295 4075 2627 4154 σοφιζόμενοι
2684 4079 2744 4133 τὸ
2798 4079 3216 4158 γεγραμμένον;
3280 4075 3406 4139 Ἰδοὺ
3458 4084 3520 4139 τὸ
3563 4089 3777 4158 Πνεῦμα
3831 4104 3936 4138 κα-

2293 4161 2555 4220 ταϐαίνειν
2622 4167 2779 4245 φησὶν
2847 4169 2938 4224 ἐπὶ
3002 4170 3092 4224 τὸν
3147 4170 3287 4227 Υίόν.
3371 4169 3503 4228 Ἰδοὺ
3588 4172 3938 4250 καταχρίεται

2295 4253 2435 4341 παρᾶ
2467 4253 2557 4341 τοῦ
2587 4262 2715 4312 Θεοῦ
2755 4258 2842 4313 καὶ
2886 4257 3087 4337 Πατρός
3123 4275 3136 4289 ⁶
3187 4258 3316 4338 ὅπερ
3367 4257 3421 4315 δὲ
3452 4262 3556 4341 οὐχ
3612 4259 3730 4340 ἔχει
3787 4258 3936 4334 λαμ-

574 4358 691 4401 non
723 4339 898 4402 habet
928 4339 1202 4402 videlicet
1236 4340 1486 4422 accipit:
1514 4339 1693 4421 idque
1724 4336 2061 4400 testimonio
2103 4354 2208 4397 suo

2296 4337 2436 4398 ὅάνει
2491 4339 2717 4415 δηλαδή,
2771 4336 3338 4425 συνεπιμαρτυροῦντος
3404 4336 3795 4425 τοῦν-μελῲδοῦ
3848 4350 3938 4404 καὶ

569 4430 880 4491 conﬁrmat
926 4428 1255 4504 Psalmista,
1291 4448 1423 4490 cum
1451 4428 1591 4491 dicit
1619 4428 1690 4490 ad
1720 4426 1959 4499 Filium,
1992 4455 2035 4516 _«
2064 4428 2209 4486 Pro-

2296 4428 2539 4507 λέγοντος
2567 4432 2641 4494 ὡς
2684 4433 2810 4511 πρὸς
2840 4436 3014 4505 αὒτὸν,
3060 4458 3081 4489 ι
3122 4436 3219 4491 Διὰ
3246 4445 3401 4495 τοῦτο
3432 4435 3613 4516 ἕχρισέ
3656 4458 3715 4492 σε
3744 4439 3772 4493 6
3805 4437 3936 4499 Θεὸς

572 4526 776 4600 pterea
825 4522 992 4580 unxit
1021 4526 1077 4579 te
1102 4517 1261 4579 Deus
1303 4517 1461 4580 Deus
1493 4526 1624 4577 tuus
1655 4518 1785 4578 oleo
1842 4514 2059 4605 laztitiaa
2088 4533 2211 4605 prae

2296 4504 2423 4582 Θεός
2467 4541 2559 4575 σου
2628 4504 2805 4577 ἔλαιον
2876 4522 3241 4600 ἀγαλλιέσεως
3290 4526 3433 4604 παρὰ
3460 4504 3609 4591 ’τοὺς
3668 4526 3937 4605 μετόχους

572 4607 961 4689 participibus
981 4607 1097 4669 tuis
1123 4607 1199 4667 ε’.
1233 4627 1256 4660 ›
1282 4605 1589 4679 Quomodo
1620 4624 1763 4687 ergo
1790 4604 1902 4668 erit
1941 4602 2124 4667 Filius
2149 4603 2208 4664 in

2296 4627 2409 4663 σου.
2446 4625 2468 4655 I
2505 4613 2626 4670 Πῶς
2674 4606 2736 4662 ἂν
2791 4610 2881 4677 εἴη
2951 4609 3135 4667 λοιπὸν
3177 4615 3231 4669 ἓν
3275 4602 3650 4687 ὁμοουσιότητι
3692 4602 3936 4672 τοῦ-τε-

571 4697 820 4778 perfecti
851 4696 1042 4759 Patris
1075 4694 1704 4771 consubstantialitate,
1752 4694 1854 4775 (lui
1907 4692 2037 4753 talis
2093 4711 2210 4753 non

2296 4692 2433 4751 λείου
2467 4697 2667 4774 Πατρὸς
2710 4699 2737 4752 6
2768 4698 2845 4773 μὴ
2888 4707 3122 4763 τοιοῦτος
3160 4703 3277 4766 Υἱὸς
3328 4703 3415 4758 καὶ
3463 4701 3547 4758 διὰ
3574 4705 3728 4760 τοῦτο
3772 4702 3936 4781 χριό-

573 4794 684 4865 est,
721 4784 976 4866 ideoque
1009 4783 1381 4866 perunctus?
1410 4782 1499 4845 Ad
1533 4782 1874 4863 hujusmodi
1915 4781 2209 4852 homines,

2296 4803 2491 4858 μενοςς
2545 4785 2681 4863 Πρὸς
2738 4784 2804 4853 δὴ
2859 4794 3011 4844 τοῦτο
3053 4789 3210 4867 φάναι
3268 4789 3349 4847 δεῖ
3406 4788 3764 4863 ὑπολαμϐάνω
3818 4801 3938 4853 τοῖς

571 4876 673 4955 qui
693 4874 1082 4937 reverendam
1108 4872 1416 4935 veritatem
1448 4870 1802 4934 ecclesistici
1832 4868 2124 4949 dogmatis
2157 4882 2213 4930 et

2296 4874 2358 4929 τὰ
2420 4874 2585 4950 σεμνᾶ
2654 4880 2751 4942 τῆς
2809 4874 3131 4943 Ἐκκλησίας
3227 4879 3573 4959 ἀνατρέπουσι
3670 4879 3936 4958 δόγματα,

574 4964 1012 5046 Scripturarum
1036 4971 1230 5024 rectos
1262 4980 1472 5024 sensus
1507 4965 2212 5041 pervertunt,opportune

569 5054 716 5115 illud
748 5053 950 5115 dicere
982 5046 2063 5133 possumns;Expergiscimini,ebrii,e
2079 5046 2211 5108 vino

570 5150 788 5224 vestro,
811 5150 873 5204 ut
901 5140 1389 5220 fulgentissimam
1417 5139 1675 5201 veritatis
1705 5138 1896 5199 lucem
1920 5135 2208 5209 videntes,

573 5231 882 5293 nobiseum
908 5229 982 5291 ad
1003 5229 1213 5291 Filium
1238 5230 1494 5291 clamare
1515 5227 1772 5310 possitis:
1792 5248 1813 5278 ι
1850 5225 1999 5288 Vere
2028 5224 2211 5286 Filius

572 5320 680 5384 Dei
706 5328 766 5381 tu
797 5337 862 5381 es
893 5318 1082 5381 πιδδί
1116 5319 1274 5380 enim
1308 5318 1503 5381 credis
1537 5317 1721 5380 Deum
1753 5316 1947 5397 ipsum
1980 5322 2206 5393 natura,

574 5408 873 5489 quomodo
923 5407 1353 5488 perfectionem
1388 5426 1504 5469 non
1538 5405 1843 5488 possidet?
1875 5405 2001 5467 iam
2032 5403 2206 5465 etiam

2292 4962 2380 5017 καὶ
2424 4961 2523 5028 τὴν
2573 4965 2678 5017 τῦν
2743 4964 3124 5042 γεγραμμένων
3178 4966 3436 5043 ὀρθότητα
3483 4966 3879 5048 διαστρέφουσιν
3920 4983 3933 4995 ’

2294 5050 2596 5125 Ἐκνήψατε
2653 5054 2699 5108 οἱ
2744 5053 3017 5127 μεθύοντες
3101 5052 3151 5119 ἐξ
3202 5055 3351 5112 οῗνου
3395 5056 3590 5133 αὒτῶν,
3688 5056 3781 5112 ἵνα
3841 5054 3938 5111 δύ-

2294 5140 2450 5204 νησθε
2532 5140 2593 5195 τὸ
2649 5137 2888 5219 λαμπρὸν
2977 5142 3073 5209 τῆς
3156 5142 3402 5211 ἀληθείας
3487 5145 3940 5223 περιαθρήσαντες

2293 5225 2509 5301 κάλλος,
2543 5228 2634 5283 σὺν
2662 5229 2796 5305 ὴμϊν
2827 5227 3117 5297 ἀναϐοῆσαι
3161 5234 3292 5311 πρὸς
3349 5236 3440 5291 τὸν
3506 5236 3649 5310 Υἱὸν,
3691 5260 3714 5289 ι
3761 5231 3940 5298 Ἀλη-

2292 5319 2394 5382 θῶς
2425 5325 2555 5376 Θεοῦ
2594 5322 2710 5384 Υἱὸς
2759 5322 2837 5379 εἷ.
2875 5349 2899 5381 ››
2936 5325 2991 5379 Εἰ
3029 5324 3127 5403 γὰρ
3170 5322 3307 5388 ὅλως
3346 5326 3609 5390 πιστεύεις
3655 5326 3787 5382 Θεὸν
3842 5325 3938 5380 εἶ-

2292 5429 2374 5463 ναι
2417 5408 2553 5463 κατὰ
2580 5408 2731 5486 φύσιν
2787 5412 2964 5487 αὒτὸν,
3023 5414 3136 5477 πῶς
3168 5414 3264 5469 οὒκ
3305 5411 3365 5468 ἂν
3411 5412 3531 5494 ἔχοι
3573 5415 3635 5472 τὸ
3677 5413 3879 5472 τέλειον
3919 5435 3937 5450 ο

654 5567 710 5619 il0
737 5564 911 5631 Joan.
938 5582 1038 5644 xx,
1074 5566 1171 5629 2t.
1206 5567 1255 5611 εί
1288 5567 1466 5642 Marc,
1498 5583 1540 5644 ι,
1574 5569 1673 5631 to.
1704 5565 1761 5616 εἳ
1790 5563 1946 5628 Psal.
1975 5580 2133 5647 χιιι,
2167 5564 2215 5630 8⁴

2296 5563 2314 5610 ³
2339 5564 2548 5633 Matth.
2582 5582 2699 5630 xiv.
2737 5567 2835 5632 53.
