4210 6292
313 299 432 363 653

1765 294 2236 364 EPIGRAPH/E.

3571 299 3687 361 654

314 432 423 512 ὥρα
455 435 552 513 γὰρ
573 437 708 511 apag
737 437 825 490 καὶ
883 435 954 499 εἰς
1011 435 1166 492 αὐτὸν
1223 434 1326 503 ἠδη
1385 431 1656 491 δυσσεϐεϊν
1709 433 1800 488 τὸν
1844 438 1954 488 Πα-

2043 447 2144 493 vos
2195 430 2255 491 in
2321 433 2509 512 ipsum
2542 434 2779 496 Patrem
2814 433 2991 516 impie
3063 434 3474 515 obloquimini.
3523 433 3692 496 Unde

307 526 455 605 τέρα.
516 527 678 584 Πόθεν
739 527 837 607 γὰρ
887 529 1064 602 αὐτὸς,
1120 531 1192 592 ὡς
1253 529 1381 608 φῂς,
1436 527 1488 594 ἐξ
1564 527 1800 606 ἀνάγκης
1856 523 1956 590 ἔξει

307 615 407 681 τὴν
436 616 789 692 τελειότητα;
835 622 956 680 Πῶς
1001 615 1054 672 δὲ
1112 618 1236 698 οὒχὶ
1293 619 1423 696 πρὸς
1475 617 1571 684 τὴς
1641 623 1732 672 τοῦ
1759 615 1955 692 γεννή-

309 725 476 778 ματος
518 703 699 784 ὕφεσιν
731 705 828 772 τὴν
900 707 972 770 ὡς
1018 707 1134 762 καθ’
1198 708 1329 782 ὃμᾶς
1390 704 1556 774 ἀτελῆ
1608 703 1954 772 κατοικισθή-

311 813 457 848 σεται
488 791 916 873 παραδεξαμένην
976 793 1113 860 ἅπαξ
1171 796 1225 851 ὲν
1291 797 1396 869 Υίῷ
1437 798 1535 863 τῆς
1584 797 1723 858 θείας
1779 789 1952 853 οὖσίας

311 881 373 938 τὸ
417 881 496 956 μὴ
552 880 792 940 δύνασθαι
854 885 932 959 μὴ
990 883 1138 963 ἔχειν
1193 886 1253 940 τὸ
1310 883 1510 940 τέλειον
1552 883 1688 940 κατά
1748 904 1808 960 γε
1864 880 1953 936 τὸν

310 971 436 1048 παρ’
464 972 591 1043 ὑμῖν
626 971 805 1048 ὰμαθῇ
835 973 920 1028 καὶ
963 971 1271 1030 ἆπαιδευτον
1317 971 1518 1050 λόγον;
1577 976 1650 1030 Οὐ
1710 972 1808 1050 γὰρ
1852 965 1953 1037 δή·

316 1079 418 1113 που
500 1059 596 1126 τὴν
663 1058 903 1137 μεγάλην
960 1061 1167 1128 εκείνην
1232 1063 1320 1117 καὶ
1376 1061 1640 1140 ἀκήρατον
1683 1059 1831 1139 φύσιν
1883 1056 1954 1118 εἰς

317 1144 592 1225 διαφόρους
650 1149 1070 1228 καταμεριοῦμεν
1129 1149 1340 1229 λόγους,
1423 1152 1497 1214 ὡς
1556 1150 1696 1206 ε’ίναι
1752 1147 1848 1223 μὲν
1904 1143 1957 1199 ἐν

314 1231 449 1307 τῷδε
502 1237 667 1316 τυχὸν
705 1235 868 1304 ἄτελῆ
915 1237 1120 1296 τελείαν
1178 1237 1222 1295 δ’
1282 1239 1346 1296 αὖ
1416 1239 1582 1296 πάλιν
1639 1239 1691 1296 ἐν
1750 1235 1950 1308 ἐκείνῳ.

314 1323 467 1380 Ἐπεὶ
509 1326 596 1380 καὶ
639 1326 666 1380 6
717 1327 816 1392 τῆς
867 1326 1269 1406 ἀνθρωπότητος
1327 1326 1465 1408 ὅρος
1505 1328 1588 1392 εἷς
1649 1327 1785 1384 κατὰ
1814 1324 1954 1380 πάν-

315 1433 424 1467 των
459 1410 682 1469 ἒστὶκχὶ
742 1413 861 1478 ἴσος
917 1415 971 1470 ὲν
1022 1423 1181 1472 πᾶσιν
1235 1407 1392 1492 ἡμῖν,
1456 1407 1724 1474 ’Ἐλαττον
1779 1412 1834 1468 δέ
1875 1433 1954 1474 τις

314 1499 586 1580 ἄνθρωπος
646 1505 773 1559 καθὸ
826 1502 1053 1584 πέφυκεν
1113 1504 1423 1585 ἄνθρωποςς
1473 1504 1588 1562 αλλ’
1643 1502 1754 1562 οὐδὲ
1798 1500 1958 1559 πλέον

314 1588 493 1666 ἐτέρου
568 1590 1060 1672 καταληφθήσεται.
1124 1592 1386 1672 Ἀγγέλου
1444 1593 1523 1674 δὲ,
1584 1593 1770 1669 οἶμαι,
1824 1589 1958 1646 διοί-

314 1699 396 1734 σει
425 1675 544 1734 κατ’
574 1677 720 1738 οὐδὲν
749 1679 925 1759 ἕτερος
969 1680 1222 1760 ἄγγελος,
1265 1683 1402 1739 κατά
1443 1705 1505 1761 γε
1547 1684 1605 1738 τὸ
1650 1683 1790 1738 εῖναι
1820 1682 1960 1736 τοῦθ’

315 1766 447 1843 ὅπερ
474 1769 624 1848 εἰσὶν³
672 1767 888 1848 ἄγγελοι
943 1769 1172 1846 δηλαδὴ,
1233 1769 1315 1828 διὰ
1374 1778 1472 1838 τῆς
1518 1773 1648 1852 πρὸς
1706 1767 1966 1839 ἀλλήλους

316 1854 606 1932 ὁμοειδίας,
682 1859 752 1923 εἷς
809 1859 929 1934 μίαν
990 1858 1218 1925 ἅπαδτες
1291 1859 1733 1936 ἆναδεσμούμενοι
1790 1859 1963 1938 φύσιν.

319 1950 438 2006 Πῶς
524 1943 586 2000 ἂν
643 1948 732 2002 οὖν
789 1948 824 2014 ἠ
882 1949 994 2003 Θεία
1049 1951 1137 2005 καὶ
1219 1949 1467 2010 ἁπάντων
1547 1947 1966 2028 ὐπερανίσχουσα

315 2034 466 2114 φύσις
512 2033 566 2088 ἐν
613 2033 862 2091 ἐλάττοσι
892 2041 997 2092 τῶν
1051 2043 1318 2115 γεννητῶν
1378 2037 1430 2093 ἐν
1475 2050 1589 2101 τοῖς
1618 2027 1735 2094 κάθί
1779 2033 1965 2100 ἑαυτὴν

314 2121 538 2198 ἀγαθοῖς
583 2123 891 2202 ὀφθήσεται,
955 2125 1214 2200 ὑπομενεῖ
1242 2124 1295 2180 δὲ
1339 2126 1524 2188 ποίθος,
1571 2127 1599 2182 ὃ
1655 2127 1843 2181 παθεῖν
1873 2123 1966 2179 οὐκ

311 2208 462 2266 εἶδεν
504 2212 540 2278 ἡ
583 2211 802 2292 κτίσιςς
869 2219 988 2278 Πῶς
1033 2211 1088 2269 δὲ
1131 2213 1269 2278 ὅλως
1325 2213 1473 2271 δσται
1532 2215 1616 2270 καὶ
1682 2212 1828 2278 ἀπλη
1879 2212 1964 2268 καὶ

312 2297 611 2371 ἀσύνθετος,
661 2298 813 2379 εἴπερ
859 2303 914 2356 ἓν
946 2301 1078 2379 αὐτῇ
1126 2316 1370 2383 φανεῖται
1427 2305 1488 2359 τὸ
1529 2302 1731 2359 τέλειον
1773 2301 1859 2357 καὶ
1900 2300 1962 2355 τὸ

314 2385 549 2464 ἀτελές;
620 2391 956 2468 Συγκείσεται
1029 2393 1128 2469 γὰρ
1181 2391 1250 2447 δι’
1347 2392 1571 2472 ἀμφοῖν,
1633 2392 1788 2468 εἴπερ
1857 2390 1960 2469 οὐχ

319 2474 506 2551 ὅμοιον
564 2483 640 2551 τῷ
709 2477 894 2553 τελείῳ
951 2480 1011 2535 τὸ
1067 2479 1274 2544 ἀτελές.
1359 2483 1416 2538 Ei
1475 2481 1571 2558 μὲν
1627 2480 1726 2558 γὰρ
1783 2478 1965 2553 ὅμοιόν

320 2565 458 2638 ἐστι,
503 2567 592 2622 καὶ
651 2569 710 2622 τὸ
765 2565 1043 2624 διαλάττον
1101 2568 1245 2628 οὐδὲν
1303 2568 1357 2625 ἐν
1413 2574 1618 2642 αὒτοτς,
1677 2574 1780 2624 πᾶν
1836 2566 1964 2645 ὅπερ

315 2655 382 2708 ἂν
429 2653 521 2721 εἴη
551 2653 774 2735 τέλειον,
828 2654 1122 2736 ἀδιαφόρως
1178 2659 1322 2714 ἔσται
1364 2660 1452 2714 καὶ
1505 2657 1710 2720 ἀτελὲς.
1765 2657 1853 2712 καὶ
1909 2653 1963 2711 εἴ

314 2765 367 2799 τι
413 2743 572 2800 πάλιν
626 2745 832 2821 ἀτελὲς,
894 2755 1049 2804 τοῦτο
1091 2750 1177 2805 καὶ
1247 2749 1471 2822 τέλειον,
1556 2749 1643 2804 καὶ
1693 2745 1835 2805 οὒδέν
1907 2745 1962 2800 ἐν

329 2833 436 2905 Υίῷ
505 2842 880 2914 κατηγόρημα,
937 2835 1032 2892 κᾶν
1075 2850 1198 2900 ταῖς
1259 2837 1538 2916 ἡμετέραις
1593 2835 1839 2899 διανοίαις
1899 2837 1958 2891 τὸ

312 2918 514 2977 τέλειον
545 2921 687 3001 ἔχων
746 2923 804 2979 οὒ
833 2925 1103 3003 φαίνηται,
1163 2924 1309 2982 Ἀλλ’
1339 2925 1482 2984 οὐδὲν
1530 2926 1683 2990 αὐτὸς
1717 2927 1744 2981 6
1773 2924 1957 3003 Πατὴρ

309 3007 684 3086 ὑπερϐαλεϊται
747 3013 836 3069 τὸν
904 3013 1022 3068 Υἱόν
1091 3016 1177 3070 επὶ
1232 3013 1524 3081 τελειότητι
1597 3013 1955 3092 μαρτυρούμε-

2041 537 2295 599 namque
2350 519 2527 582 Pater
2565 521 2993 602 perfectionem
3027 522 3268 585 habebit
3299 524 3638 585 necessario
3663 522 3693 583 ‘?

2039 607 2154 668 Aut
2184 612 2485 688 quomodo
2515 611 2586 671 ad
2619 611 3100 674 imminutionem
3135 611 3290 688 Filii,
3341 611 3442 693 qui
3471 630 3691 673 secun-

2037 695 2176 756 dum
2213 715 2311 757 vos
2342 697 2723 779 imperfectus
2770 708 2882 777 est,
2943 703 3118 764 Pater
3169 701 3344 763 etiam
3397 699 3524 782 ipse
3574 718 3691 760 uon

2037 783 2392 866 depelletur,
2415 787 2462 847 si
2487 788 2659 850 sime]
2695 790 2892 851 divina
2924 791 3252 852 substantia
3282 789 3692 870 imperfectio-

2038 891 2174 933 nem
2205 874 2265 934 in
2297 875 2442 936 Filio
2475 882 2857 959 susceperit?
2887 877 3015 939 Non
3065 879 3251 954 enim,
3307 887 3372 940 ut
3411 877 3689 959 arbitror,

2037 961 2334 1023 audebitis
2363 957 2690 1027 secundum
2723 966 3102 1046 insipientem
3129 986 3196 1030 ac
3244 957 3686 1045 male\morige-

2040 1058 2230 1110 ratum
2256 1059 2515 1112 vestrum
2549 1073 2888 1117 sermonem
2909 1055 2970 1116 in
2987 1055 3253 1118 diversas
3274 1057 3533 1117 rationes
3557 1054 3695 1117 sub-

2040 1141 2271 1199 stantiae
2300 1139 2557 1201 divinam
2593 1141 3111 1224 immortalemque
3144 1153 3411 1206 naturam
3444 1144 3524 1206 ita
3545 1144 3691 1205 inci-

2040 1226 2204 1301 dere,
2240 1237 2302 1288 ut
2340 1229 2399 1289 in
2432 1232 2620 1290 altero
2652 1231 2936 1312 perfecta,
2985 1232 3045 1292 in
3100 1232 3290 1295 altero
3338 1233 3690 1313 imperfecta

2039 1333 2171 1377 esse
2203 1315 2485 1390 videatur,
2497 1319 2822 1398 praesertim
2852 1339 2987 1381 cum
3017 1320 3268 1382 videatis
3296 1321 3572 1382 humana;
3594 1341 3695 1383 na-

2040 1412 2184 1465 turae
2215 1405 2504 1468 rationem
2536 1427 2713 1469 uuam
2745 1428 2814 1470 ac
2840 1411 3109 1472 eamdem
3133 1411 3192 1472 in
3227 1409 3499 1471 omnibus
3531 1430 3688 1488 esse,

2041 1511 2150 1554 nec
2176 1495 2368 1555 minus
2407 1496 2626 1577 aliquid
2650 1506 2749 1559 aut
2773 1499 2965 1578 majus
2994 1497 3299 1560 hominem
3332 1499 3597 1570 homine,
3633 1501 3692 1560 in

2043 1593 2324 1662 quantum
2385 1585 2562 1646 homo
2615 1594 2724 1660 est,
2780 1587 3111 1667 possidere.
3170 1585 3293 1648 Nec
3345 1587 3590 1665 angelus
3618 1587 3690 1649 ab

2051 1671 2281 1749 angelo,
2317 1691 2386 1733 ea
2412 1675 2664 1751 ratione,
2698 1693 2811 1756 qua
2843 1685 3088 1756 uterque
3135 1675 3381 1754 angelus
3432 1683 3541 1757 est,
3577 1695 3693 1757 qua

2049 1759 2322 1822 videlicet
2348 1762 2420 1822 ad
2454 1781 2628 1823 unam
2659 1764 2921 1844 speciem
2969 1774 3141 1844 atque
3193 1771 3458 1826 naturam
3486 1783 3692 1826 omnes

2051 1848 2485 1912 concluduntur
2514 1851 2754 1913 differre
2804 1871 3060 1932 unquam
3111 1853 3346 1934 poterit.
3382 1852 3687 1925 Quomodo

2049 1935 2226 2014 igitur
2255 1947 2461 2000 natura
2490 1940 2744 2021 deitatis,
2780 1960 2908 2021 quae
2939 1960 3122 2022 super
3177 1943 3301 2003 haec
3321 1943 3559 2004 'omnia
3591 1943 3686 2003 iu-

2049 2026 2528 2105 comparabiliter
2557 2038 2667 2104 est,
2699 2029 2929 2090 minora
2959 2029 3489 2111 possidebit,quam
3515 2049 3685 2093 crea-

2050 2113 2520 2188 tura?Quomodo
2539 2118 2994 2199 inaequalitatem
3020 2138 3146 2181 eam
3174 2120 3456 2200 suscipiet
3485 2129 3692 2182 natura

2046 2202 2536 2288 incorruptibilis,
2568 2210 2740 2285 cujus
2770 2207 3178 2288 corruptibilia
3210 2211 3541 2290 susceptiva
3570 2229 3688 2271 non

2043 2291 2524 2366 sunt?Quomodo
2555 2295 2803 2376 simplex
2847 2306 3021 2378 atque
3049 2297 3440 2378 incomposita
3473 2299 3606 2379 erit,
3642 2301 3692 2362 si

2042 2379 2378 2456 perfectum
2411 2382 2586 2464 atque
2617 2384 3028 2465 imperfectum
3057 2385 3199 2447 inea
3225 2385 3684 2448 inest?Dissimi-

2048 2467 2126 2528 lia
2151 2471 2307 2531 enim
2341 2472 2467 2534 haec
2496 2480 2652 2549 sunt,
2685 2491 2751 2534 ex
2786 2474 3001 2554 quibus
3053 2493 3184 2535 eam
3243 2483 3514 2538 constare
3544 2475 3686 2536 falso

2043 2556 2435 2620 arbitramini.
2471 2563 2534 2624 St
2567 2563 2723 2622 enim
2755 2562 2980 2623 similia
3037 2571 3260 2638 essent,
3295 2581 3405 2625 nec
3437 2564 3594 2626 inter
3625 2582 3690 2625 se

2043 2645 2352 2708 differrent
2403 2649 2727 2728 perfectum
2774 2658 2950 2731 atque
3007 2650 3446 2732 imperfectum,
3509 2670 3686 2713 omne

2045 2735 2371 2813 perfectum
2423 2745 2598 2812 esset,
2637 2746 2696 2800 et
2723 2748 2949 2802 contra.
2987 2742 3180 2813 Quare
3210 2759 3320 2802 nec
3354 2741 3538 2804 Filius
3567 2741 3687 2801 im-

2041 2825 2361 2902 perfectior
2390 2827 2708 2900 Patre,nec
2742 2832 2916 2889 Pater
2946 2829 3265 2910 perfectior
3292 2828 3690 2910 Filio,quam-

2041 2911 2126 2972 vis
2155 2913 2234 2973 ila
2256 2915 2448 2975 verbis
2473 2933 2507 2976 a
2536 2915 2698 2976 vobis
2747 2916 2994 2978 dicatur.
3033 2917 3092 2980 Si
3124 2935 3260 2978 vero
3317 2918 3681 2997 permultum

2039 2999 2283 3063 interest
2311 3003 2467 3064 inter
2497 3005 2824 3083 perfectum
2857 3005 3436 3086 etimperfectum,et
3459 3006 3683 3067 utrius-

308 3119 398 3160 νος
425 3113 442 3129 ⁸
470 3101 556 3154 καὶ
611 3098 822 3156 λέλυται
880 3100 1038 3158 παίλιν
1081 3104 1216 3178 ἡμῖν
1272 3105 1333 3160 τὸ
1387 3090 1728 3176 ζητούμενον,
1770 3090 1835 3158 Εἰ
1893 3099 1946 3155 δὲ

2038 3108 2144 3170 que
2176 3090 2410 3152 deitatis
2455 3101 2662 3154 natura
2715 3094 3045 3173 susceptiva
3092 3100 3202 3169 est,
3256 3113 3375 3154 non
3405 3094 3684 3174 simplex,

305 3185 471 3250 πολὺς
543 3188 872 3269 ἀποτειχίζει
926 3190 1084 3269 λόγος
1137 3193 1228 3248 τοῦ
1269 3191 1469 3248 τελείου
1495 3193 1557 3248 τὸ
1607 3190 1811 3265 ἀτελὲς,
1871 3187 1950 3245 δέ·

307 3297 467 3354 χεται
497 3274 551 3332 δὲ
582 3279 670 3333 καὶ
721 3280 757 3346 ἡ
805 3280 916 3335 θεία
993 3282 1142 3360 φύσις
1207 3282 1344 3340 κατὰ
1413 3282 1602 3337 ταυτὸν
1657 3279 1948 3359 ἀμφότερα,

306 3364 549 3430 σύνθετος
604 3362 702 3444 ἄρα
757 3367 844 3423 καὶ
902 3369 1006 3448 οὐχ
1061 3367 1230 3436 ἁπλῆ.
1281 3366 1429 3426 Ἀλλ’
1486 3368 1597 3448 ἐρετ
1651 3390 1731 3431 τις
1786 3368 1950 3446 τυχὸν

306 3455 382 3516 ὡς
439 3453 684 3533 ἀσυμφυῆ
755 3457 814 3511 τέ
871 3456 980 3513 ἐστι
1025 3460 1112 3514 καὶ
1166 3458 1531 3536 ἆσυνόπαρκτα
1575 3458 1710 3514 κατὰ
1764 3458 1952 3512 ταυτὸν

307 3541 362 3596 ἐν
434 3541 506 3596 ἐνὶ
558 3565 636 3618 τῳ
682 3545 1012 3621 ὑποκειμένῳ
1080 3548 1146 3602 τὰ
1205 3549 1435 3621 ἔναντία,
1495 3549 1568 3610 ὡς
1625 3545 1677 3602 ἐν
1746 3545 1952 3620 σώματι

305 3631 476 3709 ταχὺν
517 3633 648 3705 ὁμοῦ
702 3637 900 3711 χρῶμα
957 3632 1141 3691 λευκὸν
1184 3637 1268 3693 καὶ
1325 3635 1510 3712 μέλαν.
1579 3633 1766 3697 Καλῶς
1794 3655 1877 3712 γε,
1909 3635 1954 3688 ὦ

308 3717 482 3798 φίλος,
534 3721 620 3775 καὶ
678 3719 820 3796 μάλα
877 3726 1084 3802 γοργιῦς
1158 3737 1274 3788 τοῖς
1317 3724 1602 3803 ἡμετέροϊς
1654 3722 1954 3800 ἐπηγονίσω

305 3805 510 3885 λόγοις,
546 3809 602 3864 Εἰ
633 3810 733 3888 γὰρ
767 3812 861 3885 μία
904 3813 982 3876 τίς
1031 3812 1169 3870 ἐστιν
1218 3816 1252 3881 ἡ
1299 3814 1410 3870 θεία
1459 3816 1634 3892 φύσις,
1694 3813 1780 3868 καὶ
1822 3807 1944 3889 παρ’

2033 3181 2140 3240 sed
2175 3181 2506 3258 composita
2555 3183 2691 3244 erit.
2724 3183 2842 3245 Sed
2872 3183 3031 3244 dicet
3058 3182 3325 3243 fortassis
3355 3183 3675 3263 quispiam,

2035 3287 2152 3329 non
2209 3269 2388 3330 simul
2431 3269 2492 3330 in
2549 3271 2758 3332 eodem
2808 3289 2939 3333 esse
3002 3289 3176 3350 posse
3217 3270 3511 3351 subjecto,
3550 3290 3681 3352 quae

2034 3357 2328 3417 contraria
2357 3367 2533 3440 sunt;
2569 3359 2676 3421 sed
2706 3360 2958 3420 seorsim
2989 3378 3057 3420 ac
3082 3377 3188 3440 per
3206 3361 3673 3434 successionem,

2037 3452 2098 3506 ut
2126 3443 2186 3504 in
2212 3464 2460 3526 corpore
2489 3447 2673 3528 color,
2711 3448 2884 3509 modo
2915 3447 3108 3522 albus,
3138 3448 3312 3508 modo
3337 3447 3678 3527 niger.Pro-

2036 3533 2110 3595 be
2135 3543 2196 3595 tu
2224 3535 2489 3614 quidem,
2523 3556 2556 3596 ο
2589 3536 2802 3612 amice,
2835 3554 2904 3598 ac
2933 3536 3048 3598 cito
3082 3554 3402 3604 conversus
3434 3555 3539 3616 pro
3565 3555 3674 3598 no-

2036 3621 2127 3685 bis
2158 3622 2448 3703 pugnasti.
2488 3625 2636 3686 Nam
2668 3625 2717 3685 si
2750 3643 2864 3686 una
2916 3624 3156 3686 deitatis
3186 3633 3394 3686 natura
3424 3637 3533 3701 est,
3570 3644 3680 3688 nec

2035 3712 2218 3774 altera
2249 3719 2462 3791 praeter
2489 3731 2617 3773 eam
2645 3713 2966 3792 excogitari
2997 3714 3518 3794 potest,quomodo
3542 3733 3682 3775 con-

2035 3800 2348 3862 trariorum
2383 3808 2469 3862 est
2498 3802 2828 3882 suceptiva?
2861 3802 2949 3864 vel
2979 3803 3276 3882 quomodo
3310 3802 3409 3862 uni
3441 3802 3674 3865 eidem-

306 3895 471 3963 αὐτὴν
513 3897 619 3976 οὔχ
661 3896 838 3977 ἑτέρα,
895 3905 1011 3964 πῶς
1066 3903 1151 3981 ἂν,
1217 3902 1329 3958 εἶπέ
1380 3923 1494 3980 μοι,
1541 3902 1646 3958 τῶν
1703 3901 1949 3958 ἐναντίων

2038 3909 2145 3969 que
2173 3889 2462 3968 subjecto,
2496 3910 2629 3972 quae
2656 3891 2810 3952 inter
2837 3911 2899 3953 se
2931 3891 3229 3952 contraria
3282 3900 3441 3967 sunt,
3497 3891 3674 3953 simul

304 3983 510 4062 γένοιτο
554 3983 766 4056 δεκτική
793 4002 809 4060 ;
838 3993 952 4053 πῶς
1008 3986 1206 4046 δὲκαθ’
1267 3989 1327 4046 ἄν
1384 4012 1434 4045 τι
1465 3995 1526 4046 τὸ
1581 3991 1946 4065 ὑποκείμενον,

2038 3977 2356 4040 accident?
2387 3982 2556 4040 Pater
2599 3980 2758 4042 enim
2817 3988 3025 4042 natura
3069 3979 3225 4042 Deus
3255 3987 3366 4052 est,
3403 3990 3463 4044 et
3493 3979 3682 4042 Filius

305 4074 371 4130 τὰ
429 4071 684 4143 ἀλλήλοις
749 4074 975 4150 ἀνόμοια
1046 4075 1420 4158 συμϐήσεταις
1495 4085 1628 4135 Θεοῦ
1694 4075 1747 4133 δέ
1803 4076 1950 4142 ὄντος

2040 4067 2216 4158 simul
2243 4075 2451 4158 natura
2484 4071 2661 4158 Deus.
2695 4067 2864 4129 Nulla
2895 4087 3034 4147 ergo
3065 4068 3400 4158 differentia
3433 4069 3680 4158 perfecti

301 4162 438 4216 κατᾶ
494 4162 643 4240 φύσιν
685 4169 777 4219 τοῦ
835 4167 1062 4244 Πατρὸς,
1125 4166 1255 4230 Θεός
1309 4154 1420 4223 ἐστι
1475 4166 1611 4223 κατὰ
1665 4167 1815 4246 φύσιν
1870 4176 1954 4230 καὶ

2041 4163 2100 4218 et
2125 4154 2457 4246 imperfecti
2489 4157 2644 4218 inter
2688 4160 2922 4220 Patrem
2979 4167 3036 4246 et
3093 4157 3307 4219 Filium
3333 4166 3444 4232 est,
3475 4157 3576 4239 qui
3609 4177 3680 4219 ex

301 4253 330 4304 6
389 4250 524 4324 Υἱὸς,
561 4253 647 4306 καὶ
691 4249 835 4310 οὗδὲν
891 4251 991 4332 ἄρα
1036 4252 1218 4312 διοίσει
1248 4255 1384 4310 κατά
1435 4276 1497 4332 γε
1547 4257 1608 4310 τὸ
1653 4245 1795 4311 εἶναι
1866 4257 1954 4312 τέ-

2042 4245 2473 4325 perfectissima
2527 4247 2853 4309 substantia
2880 4245 3072 4307 Patris
3103 4251 3416 4310 emanavit.
3463 4248 3678 4308 Annon

303 4336 444 4401 λτιος
498 4340 570 4403 ὡς
630 4341 759 4419 πρὸς
834 4343 926 4399 τὸν
992 4343 1222 4424 Πατέρα³
1300 4348 1397 4410 τῆς
1478 4344 1616 4409 θείας
1672 4346 1828 4402 αὐτοῦ
1868 4357 1948 4411 κεὶ

2045 4341 2135 4395 est
2164 4352 2409 4396 necesse
2442 4336 2764 4415 perfectum
2792 4355 2923 4398 esse
2941 4334 3224 4414 genimen
3250 4334 3676 4415 perfectissimi

302 4426 646 4495 τελειοτάτης
697 4430 873 4496 οὐσίας
938 4420 1271 4513 ἐκπεφυκῶς.
1322 4435 1381 4489 Εἰ
1452 4433 1553 4514 γὰρ
1602 4433 1695 4491 οὐκ
1743 4433 1948 4514 ἀνάγκη

2038 4420 2351 4500 genitoris?
2383 4423 2535 4502 quod
2565 4433 2624 4484 et
2651 4422 3154 4514 incommutabilis
3200 4423 3415 4500 imago,
3447 4432 3503 4483 et
3528 4423 3676 4484 cha-

302 4514 507 4572 τέλειον
562 4518 704 4575 εἶναι
761 4519 970 4587 πάντως
1011 4511 1103 4578 τὸν
1160 4521 1221 4578 ἐκ
1274 4521 1475 4579 τελείου
1526 4511 1866 4603 γεννήτοροςέ
1899 4523 1951 4579 εἴ

2038 4520 2228 4572 racter
2276 4529 2396 4572 suae
2453 4513 2832 4592 hypostaseos
2884 4512 3026 4573 est?
3087 4511 3166 4572 ita
3221 4529 3434 4592 prorus
3471 4530 3680 4574 omnes

304 4626 402 4684 περ
448 4604 588 4662 ἐστὶν
646 4607 808 4665 αὐτοῦ
866 4612 954 4666 καὶ
1014 4609 1418 4689 ἀπαράλλακτος
1473 4613 1649 4692 εἰκὼν³
1695 4614 1782 4668 καὶ
1839 4634 1951 4692 χα-

303 4693 506 4773 ρακτὴρ
556 4700 655 4762 τῆς
723 4698 1091 4774 ὑποστάσεως,
1156 4699 1388 4778 καθάπερ
1457 4699 1768 4780 γέγραπται,
1830 4699 1949 4756 ἀλλ’

303 4782 465 4858 οἶμαι
495 4789 599 4846 πᾶς
642 4807 722 4849 τις
791 4788 930 4863 ἡμῖν
988 4792 1193 4867 συνερεῖ
1243 4789 1332 4844 καὶ
1391 4789 1724 4860 συνθήσεται,
1779 4795 1824 4846 Η
1856 4787 1952 4845 λε-

299 4871 440 4950 γέτω
491 4871 649 4931 πάλιν
692 4877 764 4938 εἷς
818 4877 978 4952 μέσον
1035 4876 1221 4951 ἐλθὼν,
1275 4878 1409 4934 κατὰ
1463 4877 1576 4936 τίνα
1611 4879 1804 4957 τρόπον
1861 4886 1953 4934 τοῦ

300 4957 503 5015 τελείου
575 4964 779 5042 Πατρὸς
850 4964 1251 5044 ἀπαράλλακτος
1320 4964 1464 5022 ἔσται
1546 4970 1824 5046 χαρακτὴρ
1919 4969 1946 5022 6

312 5050 456 5128 Υἱὸς,
503 5050 606 5130 οὐχ
635 5049 779 5128 ἔγων
811 5053 866 5108 ἐν
895 5052 993 5126 ἰδίᾳ
1043 5055 1188 5134 φύσει
1243 5056 1305 5110 τὸ
1363 5054 1504 5111 εἶναι
1555 5054 1779 5133 τέλειος,
1811 5055 1946 5111 κατὰ

303 5139 402 5206 τὴν
443 5145 603 5194 τινῶν
660 5137 1001 5219 δυσϐουλίαν;
1078 5141 1292 5210 Ἐπειδὴ
1347 5141 1401 5198 δέ
1459 5143 1569 5200 ἐστι
1634 5145 1722 5199 καὶ
1777 5165 1948 5223 χαρα-

306 5227 442 5305 κτὴρ
467 5229 554 5284 καὶ
612 5230 788 5310 εἰκὼν³
843 5231 1044 5295 τέλειος
1101 5228 1198 5310 ἄρα
1254 5234 1341 5288 καὶ
1398 5231 1574 5309 αὐτὸς,
1611 5235 1685 5296 ὡς
1743 5232 1947 5296 ἐκεῖνος

305 5315 366 5372 οὗ
392 5314 489 5372 καὶ
547 5315 684 5374 ἔστιν
739 5321 914 5382 εἰκών.
977 5317 1124 5378 Ἀλλ’
1169 5319 1304 5396 εἶδε,
1351 5323 1530 5401 φησὶν,
1598 5323 1626 5376 6
1698 5318 1947 5388 Ἰωάννης

304 5403 358 5469 if,
429 5406 648 5484 οὖρανοῦ
715 5410 776 5464 τὸ
848 5415 1058 5486 Πνεῦμα
1113 5406 1436 5467 καταϐαῖνον
1489 5411 1579 5466 τὸν
1649 5411 1764 5467 Υἱὸν
1834 5412 1944 5485 καὶ,

304 5491 536 5551 ἐπακτὸν
619 5494 736 5576 ἔχει
770 5498 884 5578 -τὸν
941 5498 1227 5577 ἁγιασμόν,
1289 5497 1516 5578 Δέχεται
1573 5497 1671 5576 γὰρ
1725 5499 1799 5562 ὡς
1854 5497 1949 5554 οὐκ

301 5578 450 5659 ἔχων
477 5573 702 5653 δηλαδῆ,
768 5573 919 5664 υΩρα
975 5573 1038 5652 δὴ
1099 5573 1184 5643 οὖν
1231 5573 1543 5666 ἀναφανδὸν,
1589 5573 1810 5663 ποίημα
1848 5587 1944 5662 μὲν

2035 4617 2382 4660 assensuros
2410 4600 2687 4682 arbitror,
2714 4610 2812 4663 aut
2842 4602 2904 4662 in
2938 4601 3200 4664 medium
3225 4600 3471 4662 veniens
3495 4599 3673 4677 dicat,

2037 4686 2344 4759 Quomodo
2377 4689 2620 4767 perfecti
2651 4689 2835 4750 l'atris
2891 4689 3220 4769 character,
3271 4697 3446 4767 atque
3486 4687 3679 4768 imago

2039 4785 2129 4838 est
2157 4777 2684 4856 hypostaseos,uon
2714 4778 2941 4841 habens
2972 4797 3079 4839 sua
3107 4777 3503 4857 natura,quod
3529 4795 3674 4856 per-

2030 4871 2223 4932 fectus
2279 4867 2374 4943 sit,
2435 4876 2498 4928 ut
2547 4867 2786 4948 quidam
2849 4875 3074 4928 temere
3105 4865 3355 4928 dicunt?
3385 4865 3674 4937 Quoniam

2029 4972 2168 5016 vero
2194 4955 2520 5028 character,
2552 4964 2728 5036 atque
2762 4958 2949 5034 imago
2982 4964 3093 5035 est,
3144 4973 3261 5016 non
3314 4955 3488 5016 aliter
3517 4963 3680 5016 certe

2031 5053 2206 5124 atque
2235 5043 2334 5105 ille
2367 5045 2660 5125 perfectus
2682 5046 2972 5124 est,cujus
2992 5045 3184 5122 imago
3217 5051 3330 5108 est.
3363 5043 3480 5106 Sed
3503 5042 3679 5106 Joan-

2029 5151 2160 5205 nes,
2189 5131 2291 5208 ait,
2325 5133 2468 5194 vidit
2495 5133 2570 5194 de
2601 5133 2750 5194 ctelo
2775 5134 2847 5194 ad
2881 5133 3094 5195 Filium
3127 5131 3412 5213 Spiritum
3437 5132 3683 5203 descen-

2031 5220 2386 5301 dere,quare
2410 5229 2468 5282 et
2487 5221 2709 5284 deforis
2741 5222 2916 5283 habet
2933 5220 3678 5302 sanctiﬁcationemFilius,

2030 5317 2092 5379 in
2121 5327 2297 5390 quem
2325 5310 2490 5390 quasi
2548 5329 2666 5371 non
2725 5311 3043 5373 habentem
3093 5309 3456 5373 santiﬁcator
3485 5309 3682 5391 Spiri-

2031 5405 2123 5458 tus
2152 5397 2771 5461 descendit.Advertis
2805 5418 2982 5480 quam
3017 5398 3330 5460 manifeste
3360 5396 3688 5459 FiliutnDei

2030 5494 2360 5553 creaturam
2417 5504 2550 5548 esse
2591 5487 2906 5569 praedicas,
2951 5487 3044 5549 vix
3103 5486 3299 5566 magni
3358 5486 3583 5568 aliquid
3633 5494 3692 5548 et

2029 5573 2389 5661 attribuens,
2431 5593 2566 5638 cum
2601 5576 2882 5641 similiter
2935 5585 3116 5657 atque
3149 5585 3375 5638 caeteras
3406 5584 3693 5639 creaturae
