4208 6296
555 369 674 435 655
1653 372 1862 436 JOAN.
1912 370 2130 435 VECCI
2171 372 2283 434 GP.
2328 369 2842 438 PATBIARCHE
3804 374 3928 438 656

557 503 788 585 perﬁci,
821 510 996 583 atque
1041 501 1362 567 santificari
1414 500 1705 565 bonorum
1757 502 2068 582 largitione
2097 502 2216 565 fo-.

2297 502 2449 582 ,ἐγειν
2521 504 2698 568 αὐτὸν,
2774 503 2928 585 ὀλίγῃ
2978 508 3220 589 ὑπεροχή
3266 509 3588 587 τιμώμενον,
3684 511 3742 565 ἓν
3823 506 3928 583 ἴσῃ

555 592 791 655 rinseca
839 593 1035 674 ipsum
1091 589 1501 655 arbitraris?Et
1546 591 1840 673 quomodo
1874 610 1992 654 non
2021 592 2201 654 falsus

2297 590 2339 649 ἲὲ
2369 590 2509 658 τάξει
2552 608 2671 659 τοϊς
2726 593 2904 661 ἄλλοις
2931 596 3301 674 τελοιούμενόν
3328 620 3384 656 τε
3437 602 3525 656 καὶ
3580 597 3928 678 ἆγιαζόμενον

560 682 676 743 erit
722 681 1081 761 evangelista
1124 679 1359 768 dicens,
1395 698 1429 741 a
1462 678 1832 761 plenitudine
1878 680 2066 762 ipsius
2095 699 2203 743 nos

2297 682 2372 738 ιαὶ
2400 680 2682 751 ἐπίκτητον
2712 682 2910 764 ἔχοντα
2937 686 3035 754 τὴν
3072 692 3177 743 τῶν
3204 689 3412 767 ἀγαθῶν
3440 688 3702 768 χορηγίαν
3737 709 3753 758 ;
3789 685 3928 743 Εἶτα

560 788 771 833 omnes
811 756 1147 851 accepisse?
1175 756 1481 841 Quomodo
1534 768 1693 831 enim
1755 756 1961 851 suapte
1993 776 2203 832 natura

2297 773 2396 836 πῶς
2453 772 2513 827 οὖ
2577 756 2911 848 διαψεόσεται
2969 773 3141 854 λέγων
3212 756 3266 834 ὁ,
3296 756 3688 858 Εὖαγγελιστὴς
3728 756 3807 832 ὅτι
3868 774 3929 830 ἐκ

560 860 773 940 plenus
802 859 941 934 erit,
975 858 1024 921 si
1053 858 1128 921 ab
1157 859 1273 921 alio
1303 857 1565 939 accipit?
1594 866 1709 923 Aut
1737 859 2031 940 quomodo
2064 876 2205 921 vere

2297 868 2377 918 :06
2405 858 2767 941 πληρώματος
2799 865 2956 923 αὐτοῦ
2983 866 3148 941 ἡμεῖς
3204 867 3398 932 πάντες
3446 857 3704 942 ἐλάϐομεν
3739 885 3755 946 ;
3804 870 3926 926 Πῶς

557 947 718 1011 Deus
745 948 919 1011 Pater
949 948 1083 1024 erit,
1110 948 1160 1009 si
1186 946 1503 1027 Unigenita
1556 956 1827 1010 creatura
1859 955 1970 1028 est,
2003 956 2060 1010 et
2090 966 2208 1009 non

2297 948 2388 1025 γὰρ
2454 947 2601 1005 ἔσται
2658 947 2871 1027 πλήρης
2926 951 2979 1010 ἐν
3036 950 3137 1026 ἰδίᾳ
3188 955 3335 1031 φύσει
3407 952 3690 1031 λαμϐάνων
3770 952 3928 1013 «310;

558 1036 793 1101 Filius?
822 1035 1018 1100 Verbo
1065 1019 1334 1117 namque
1388 1036 1785 1117 solummodo,
1839 1019 1968 1099 ηοιί
1991 1054 2056 1098 re
2079 1036 2209 1117 ipsa

2297 1033 2412 1119 παρ’
2442 1036 2864 1118 ἑτέρουςῆπῶς
2911 1039 2971 1098 ἂν
3002 1039 3140 1106 ὅλως
3199 1019 3375 1101 νοοῖτο
3681 1045 3709 1099 ὁ
3767 1043 3923 1112 Θεὸς,

558 1128 757 1203 Pater,
788 1135 846 1189 et
868 1125 1145 1188 similiter
1174 1125 1512 1204 unigenitus
1529 1125 1812 1187 vocabulo
1843 1132 2206 1187 tantummo—

2297 1123 2444 1204 εἴπερ
2489 1126 2599 1184 ἐστὶ
2654 1129 2885 1204 ποίημα,
2945 1132 3033 1187 καὶ
3078 1133 3201 1213 οὐχὶ
3244 1132 3445 1209 μᾶλλον
3498 1133 3616 1196 Υἱὸς
3676 1135 3704 1189 0
3756 1153 3925 1208 μονο-

560 1216 635 1278 do
666 1216 874 1292 Filius,
900 1234 1021 1278 non
1048 1232 1188 1277 vere
1214 1213 1400 1276 Filius
1424 1213 1558 1278 erit.
1594 1238 1615 1271 ι

2297 1214 2450 1293 γενὴς
2486 1215 2876 1293 ;Φευδώνυμος
2926 1219 3025 1297 γὰρ
3068 1219 3131 1275 ἄν
3186 1222 3353 1287 οὕτως
3423 1220 3564 1302 ἔχει,
3622 1223 3710 1279 καὶ
3769 1222 3926 1281 αὒτὸς

560 1307 927 1385 ἕσταιΠατὴρ,
964 1304 1185 1378 ὰλωθείᾳ
1214 1303 1267 1361 δὲ
1311 1303 1550 1381 οὖδαμῶς
1581 1307 1609 1361 ὁ
1640 1305 1778 1381 Υἱός,
1825 1305 1973 1361 νόθον
2026 1303 2171 1385 ἔχων
2224 1301 2304 1382 ἐφ’
2348 1303 2518 1378 ἑαυτῷ
2546 1305 2606 1361 τό
2664 1304 2890 1382 ἀξίωμα,
2948 1309 3035 1365 καὶ
3092 1309 3254 1390 μέχρι
3284 1301 3493 1389 γυμνῶν
3548 1310 3797 1388 ῥημάτων
3826 1309 3929 1375 τὴν

561 1380 937 1476 προσηγορίαν,
1442 1380 1445 1381 ν
1762 1380 1765 1381 ν
2057 1380 2095 1385 Π
2264 1380 2273 1382 ἡ
2373 1473 2384 1476 _
2795 1380 2802 1382 ἡ
2876 1380 2881 1382 γ
3093 1380 3103 1385 1
3165 1380 3204 1390 Π

642 1473 892 1547 Sanctus
920 1481 1171 1563 Cyrillus
1190 1479 1251 1543 in
1286 1481 1649 1561 expositione
1663 1480 1964 1561 Evangelii
1985 1500 2202 1545 secun-

2372 1473 2428 1540 Ὀ
2512 1481 2664 1561 ἅγιος
2737 1483 2988 1561 Κύριλλος
3056 1487 3110 1543 ἐν
3178 1495 3246 1566 τῇ
3330 1488 3579 1569 ἑρμηνείᾳ
3616 1496 3724 1569 ,τοῦ
3791 1488 3927 1543 κατὰ

562 1574 704 1636 dum
760 1575 1072 1647 Joannem,
1123 1571 1186 1632 in
1215 1569 1461 1659 dictum,
1505 1601 1525 1631 σ
1560 1572 1706 1659 cum
1738 1580 1933 1632 autem
1979 1570 2208 1634 venerit

2297 1568 2540 1659 Ἰωάννην
2610 1571 2987 1651 Ἐὖαγγελικοῦ
3053 1577 3236 1654 ῥητοῦ,
3282 1568 3367 1644 εἰς
3395 1580 3479 1659 τὸ,
3532 1600 3554 1629 ι
3608 1568 3784 1636 ιὈταν
3836 1578 3927 1633 οὖν

559 1660 896 1726 Paracletus
912 1660 997 1738 24,
1034 1685 1062 1717 ιι
1098 1658 1287 1740 inquit
1316 1679 1331 1720 :
1364 1657 1520 1721 Ecce
1542 1658 1724 1733 enim,
1752 1678 1891 1723 ecce
1919 1659 2204 1740 Spiritum

2297 1657 2413 1736 ἔλθῃ
2495 1662 2522 1716 0
2598 1660 2971 1739 Παράκλητος,
3032 1682 3055 1714 ι
3118 1667 3277 1745 φησιν
3311 1684 3324 1698 .
3379 1688 3403 1719 ε
3461 1657 3593 1725 διδοὺ
3647 1669 3770 1746 γὰρ,
3817 1663 3926 1721 ἰδοὺ

560 1752 846 1829 veritatis,
880 1751 972 1813 sui
1000 1750 1188 1830 ipsius
1236 1767 1450 1829 nempe
1507 1767 1882 1829 nuncupans,
1917 1766 1987 1811 ex
2033 1747 2206 1810 Patre

2297 1754 2502 1825 Πνεῦμα
2556 1755 2653 1817 τῆς
2722 1749 2988 1828 ἀληθείας,
3039 1755 3304 1812 τοδτέστιν
3382 1758 3585 1829 ἑαυτοῦ,
3648 1757 3740 1812 τὸν
3822 1759 3930 1809 Πα-

559 1840 729 1904 illum
760 1839 1091 1934 procedere
1120 1839 1222 1900 ait.
1273 1836 1420 1898 Nam
1469 1836 1623 1900 sicut
1661 1836 1798 1934 Filii
1829 1836 2085 1918 Spiritus
2115 1844 2204 1900 est

2297 1837 2552 1916 ραίκλητον
2591 1840 2773 1934 ein-div,
2832 1842 2975 1919 παρὰ
3028 1850 3121 1900 τοῦ
3177 1847 3381 1925 Πατρὸς
3452 1845 3605 1905 αὐτὸν
3656 1845 3929 1924 ἐκπορεύε-

563 1917 916 2007 naturaliter
944 1929 1005 1991 in
1036 1930 1162 2010 ipso
1194 1944 1467 2002 manens,
1504 1933 1562 1988 et
1589 1944 1695 2006 per
1723 1917 1915 2008 ipsum
1955 1944 2201 2007 progre-

2297 1927 2402 1983 τθαί
2460 1928 2640 2008 φησίν.
2704 1917 2920 2009 υΩονπερ
2986 1931 3085 2011 γὰρ
3141 1917 3302 1991 ἐστιν·
3363 1933 3496 1992 ἴδιον
3572 1917 3803 2011 Πνεῦμα·
3837 1941 3932 1990 τοῦ

561 2018 755 2096 diens,
787 2020 839 2081 si
869 2026 1030 2081 certe
1059 2015 1250 2081 Patris
1271 2033 1508 2105 quoque
1552 2014 1804 2105 Spiritus
1835 2022 1946 2079 est.
1980 2014 2205 2105 Quibus

2297 2019 2416 2073 Υἶοῦ
2472 2022 2703 2097 φυσικῶς
2761 2018 2817 2074 ἐν
2859 2021 3001 2096 αὐτῷ
3069 2044 3125 2078 τε
3180 2024 3444 2105 ὑπάρχον,
3510 2027 3597 2082 καὶ
3646 2023 3715 2080 δι’
3776 2027 3935 2081 αὐτοῦ

559 2118 753 2172 autem
785 2107 1041 2189 Spiritus
1069 2104 1401 2169 communis
1431 2111 1542 2179 est,
1577 2104 1620 2165 ii
1645 2104 1912 2185 profecto
1937 2104 2206 2166 substan-

564 2198 784 2263 tialiter
811 2195 1173 2278 disseparari
1203 2213 1322 2257 non
1371 2204 1642 2275 possunt.
1676 2193 1864 2255 Nemo
1898 2194 2057 2256 enim
2085 2192 2205 2254 im-

563 2289 795 2369 piorum
828 2306 938 2349 nos
967 2286 1040 2348 ad
1072 2303 1164 2362 ea,
1200 2301 1332 2365 qua;
1358 2282 1697 2362 intelligere
1728 2282 1893 2344 nefas
1919 2295 2033 2355 est,
2066 2300 2206 2343 ver-

563 2377 654 2439 bis
684 2375 1134 2457 suisimpellere
1164 2370 2208 2455 conetur.Nemo,inquam,spiritum

565 2467 757 2529 Patris
773 2484 880 2547 per
898 2464 1111 2529 Filium
1131 2471 1195 2525 ut
1211 2481 1317 2545 per
1338 2461 1673 2524 ministrum
1700 2462 1851 2525 mitti
1873 2463 1945 2525 ad
1969 2470 2207 2525 creatu-

565 2574 662 2618 ras
683 2552 1057 2617 credat.Nam
1083 2552 1259 2615 etiam
1283 2552 1343 2614 id
1366 2550 1641 2613 nonnulli
1671 2550 1868 2614 dicere
1890 2550 2059 2612 veriti
2090 2570 2205 2615 non

568 2651 726 2706 sunt.
776 2643 896 2705 Sed
947 2642 1140 2724 potius
1182 2640 1321 2705 inde
1354 2638 1718 2701 credendum
1770 2648 1877 2718 est,
1928 2639 2205 2721 quoniam

571 2730 824 2813 Spiritus
859 2731 945 2792 sic
976 2728 1255 2811 proprius
1281 2727 1415 2790 Filii
1472 2736 1583 2809 est,
1637 2727 1789 2790 sicut
1845 2746 1987 2791 sane
2021 2727 2210 2809 ipsius

569 2839 803 2903 quoque
832 2819 941 2882 Dei
968 2817 1180 2895 Patris,
1231 2816 1454 2879 idcirco
1480 2815 1552 2878 ad
1583 2816 2040 2880 sanctiﬁcandos
2069 2836 2207 2879 suos

570 2917 804 2973 sanctos
834 2907 1156 2990 discipulos
1190 2905 1262 2969 ab
1295 2925 1365 2968 eo
1395 2904 1571 2967 mitti.
1608 2904 1670 2968 Si
1719 2923 1858 2967 vero
1912 2925 2031 2967 non
2074 2925 2210 2968 eru-

571 2999 819 3062 bescunt
840 2997 1039 3078 aliquo
1057 2995 1235 3058 modo
1259 3003 1316 3057 et
1336 2994 1622 3057 audacter
1645 2995 1862 3057 audent
1882 2994 2216 3075 intelligere

570 3096 628 3150 et
650 3086 986 3167 enuntiare,
1018 3084 1351 3147 ministrum
1384 3082 1555 3146 nobis
1586 3091 1644 3146 et
1674 3101 1908 3147 servum
1941 3083 2270 3168 mittendic

568 3176 854 3259 Spiritum
880 3175 1095 3240 Filium
1125 3194 1160 3235 a
1190 3172 1386 3253 Patre,
1420 3191 1541 3235 non
1572 3171 1684 3235 erit
1714 3172 2105 3251 incongruum
2139 3172 2212 3234 ad

568 3284 671 3329 eos
713 3265 954 3328 dicere:
989 3262 1157 3327 Fatui
1186 3269 1244 3325 et
1273 3263 1413 3325 eieci
1443 3280 1562 3324 non
1584 3261 1819 3324 sentitis
1848 3262 1917 3323 ad
1942 3280 2211 3342 quaenam

569 3354 895 3438 praecipitia
922 3353 1117 3431 ruitis,
1150 3350 1452 3431 Unigeniti
1492 3351 1740 3430 gloriam
1769 3350 2121 3432 minuentes,
2158 3359 2212 3412 et

568 3443 808 3507 frivolas
836 3443 1098 3505 rationes
1142 3460 1250 3522 per
1294 3441 1653 3522 imperitiam
1678 3440 2122 3520 excogitantes?
2151 3440 2215 3504 Si

572 3533 732 3594 enim
756 3532 817 3593 in
848 3530 1104 3593 ministri
1135 3530 1270 3592 loco
1302 3529 1623 3592 collocatus
1662 3529 1946 3609 Spiritum
1977 3547 2012 3590 a
2040 3530 2217 3591 Patre

573 3620 758 3685 Filius
789 3616 1359 3700 largitur,quomod0
1388 3636 1508 3680 non
1539 3617 1652 3680 erit
1680 3635 1927 3680 necesse
1953 3617 2211 3679 alienum

573 3728 815 3792 prorsus
843 3727 877 3770 a
905 3706 1232 3771 substantia
1289 3705 1426 3769 Filii
1481 3704 1769 3788 Spiritum
1829 3705 2122 3782 conﬁteri,
2157 3713 2218 3768 et

569 3801 720 3860 forte
752 3797 927 3859 etiam
960 3795 1091 3877 ipso
1122 3804 1182 3856 et
1207 3794 1410 3856 multis
1440 3793 1785 3876 parasangis
1841 3794 2214 3875 praestantio—

570 3885 780 3959 rem,si
811 3893 1025 3948 vestrae
1044 3883 1357 3966 imperitiae
1377 3882 1571 3944 locum
1608 3883 1850 3945 demus?
1881 3880 2030 3943 Nam
2062 3882 2108 3943 si
2144 3901 2215 3944 ex

572 3979 774 4057 Pasre,
796 3973 855 4037 id
883 3982 974 4037 est
997 3992 1066 4035 ex
1089 3972 1422 4035 substantia
1441 3971 1633 4035 Patris
1668 3970 1850 4032 Filius
1882 3970 2211 4032 secundum

573 4082 675 4127 vos
703 4082 823 4125 non
863 4061 1152 4144 procedit,
1186 4061 1482 4144 quomodo
1515 4059 1765 4142 Spiritus
1794 4077 1970 4139 supra
1998 4058 2213 4120 Filium

574 4153 785 4216 inloco
809 4150 1120 4215 excelsiori
1142 4170 1259 4213 non
1290 4149 1714 4213 collocabitur?
1744 4148 1895 4221 Quid
1929 4156 2217 4229 praeterea

573 4239 1096 4324 respondebimus,
1128 4259 1260 4302 cum
1292 4239 1481 4304 Filius
1509 4239 1668 4301 clare
1702 4237 1877 4314 dicat,
1918 4265 1938 4295 ι
1972 4236 2075 4299 Ille
2119 4255 2216 4299 me

2286 2107 2498 2185 προϊὸν,
2561 2106 2698 2164 οὕτω
2751 2109 2839 2165 καὶ
2892 2118 2983 2167 τοῦ
3052 2114 3283 2191 Πατρός,
3331 2114 3429 2177 Οἷς
3475 2113 3538 2169 δὸι
3605 2115 3667 2170 10
3720 2117 3932 2189 Πνεῦμα

2288 2196 2488 2269 κοινὸν,
2540 2196 2745 2259 τούτοις
2802 2197 2894 2266 εἴη
2953 2197 3122 2269 δήπου
3177 2202 3388 2267 πάντως
3457 2204 3517 2261 ἂν
3570 2204 3657 2259 καὶ
3711 2203 3774 2259 τὰ
3830 2210 3932 2270 τῆς

2290 2284 2464 2347 οὒσίας
2525 2283 2585 2339 οῦ
2641 2281 2979 2363 διωρισμένα,
3027 2289 3115 2356 Μὴ
3173 2290 3272 2368 γὰρ
3314 2287 3377 2360 δή
3434 2313 3570 2355 τινες
3626 2293 3769 2367 ἡμᾶς
3827 2300 3933 2349 τῶν

2290 2368 2564 2429 δυσσεϐεῖν
2624 2374 2881 2431 εἰωθότων
2948 2389 3065 2442 τοῖς
3136 2375 3187 2443 ἐξ
3265 2379 3514 2455 ἀμαθείας
3585 2380 3935 2457 ἀποκομιζόνο

2290 2482 2397 2516 των
2445 2458 2626 2539 λόγοις
2669 2463 2743 2526 εἰς
2785 2462 2821 2518 ἃ
2874 2465 2951 2540 μὴ
3007 2465 3156 2541 θέμις
3220 2466 3443 2549 ἐννοεῖν,
3487 2471 3560 2535 ὡς
3610 2471 3932 2549 ὕπουργικὴν

2289 2570 2406 2605 τινα
2440 2550 2624 2629 χρείαν
2666 2550 2993 2639 ἀποπληρῶν
3022 2557 3050 2611 ὁ
3091 2556 3230 2630 Υἱὸς,
3283 2558 3345 2614 τὸ
3401 2558 3541 2638 παρὰ
3595 2567 3686 2616 τοῦ
3730 2564 3932 2639 Πατρὸς

2290 2643 2502 2714 Πνεῦμα
2529 2646 2597 2717 τῇ
2646 2640 2810 2696 κτίσει
2847 2638 3103 2703 διακονεῖ.
3164 2646 3262 2703 Καὶ
3322 2653 3473 2704 τοῦτο
3515 2649 3614 2726 γὰρ
3668 2638 3933 2713 ἀσυνέτως

2290 2728 2431 2790 τινὲς
2490 2728 2549 2783 οὗ
2605 2727 2911 2787 κατέδεισαν
2969 2732 3163 2796 εἰπεῖν,
3248 2737 3517 2792 Πιστεύειν
3586 2735 3641 2793 δὲ
3726 2737 3934 2813 μᾶλλον

2294 2815 2576 2908 ᾇκόλουθον
2635 2818 2732 2893 ὡς,
2798 2819 3011 2899 ἐπείπερ
3079 2820 3205 2878 ίδιόν
3282 2823 3422 2881 ἐστιν
3475 2825 3651 2898 αὐτοῦ,
3702 2829 3936 2908 καθάπερ

2296 2903 2481 2981 ἀμέλει
2540 2908 2627 2962 καὶ
2669 2914 2763 2963 τοῦ
2819 2915 2949 2966 Θεοῦ
3009 2911 3095 2967 καὶ
3151 2914 3379 2994 Πατρὸς,
3440 2913 3751 2973 ἀποστέλλει
3818 2903 3937 2982 τοῖς

2296 2994 2463 3072 ἁγίοις
2521 2994 2677 3051 αὖτοῦ
2730 3000 2999 3071 μαθηταῖς
3066 3000 3193 3078 πρὸς
3272 3002 3559 3080 ἁγιασμόν.
3642 3006 3699 3061 Εἰ
3756 3004 3811 3061 δὲ
3867 3003 3936 3073 δὴ

2296 3083 2561 3159 νομίζωσι
2625 3083 2820 3164 τρόπον
2847 3088 2986 3162 τινὰ,
3059 3091 3147 3146 καὶ
3213 3089 3366 3169 δριμὺ
3410 3107 3550 3150 νοεῖν
3598 3115 3655 3150 τε
3708 3095 3796 3153 καὶ
3853 3094 3941 3151 λέ-

2296 3193 2431 3260 γειν,
2504 3170 2743 3231 διάκονον
2796 3176 2933 3250 ἡμῖν
3021 3180 3108 3235 καὶ
3178 3178 3436 3260 ὑπουργὸν
3484 3182 3581 3238 κᾶν
3650 3184 3819 3257 νούτῳ
3869 3181 3939 3251 δὴ

2294 3259 2454 3317 πάλιν
2505 3261 2597 3317 τὸν
2666 3263 2787 3318 Υἱὸν
2846 3265 3251 3342 εἰσκομίζοντες,
3310 3259 3427 3333 πῶς
3495 3272 3587 3328 οὐκ
3650 3270 3939 3329 ἀκολουθον

2296 3349 2466 3406 εἰπεῖν
2501 3367 2514 3381 ⁸
2546 3350 2723 3430 Μωροὶ
2753 3352 2839 3408 καὶ
2882 3352 3088 3434 τυφλοι,
3139 3361 3216 3424 πῆ
3250 3354 3305 3413 δὲ
3355 3356 3512 3416 πάλιν
3565 3359 3731 3424 ἰόντες
3778 3362 3939 3437 ὕμε’ς

2298 3440 2390 3494 οὐκ
2443 3438 2763 3512 αἰσθάνεσθε,
2818 3442 2905 3497 καὶ
2969 3446 3068 3510 τῆς
3124 3451 3216 3501 τοῦ
3296 3452 3623 3526 Μονογενοῦς
3677 3450 3940 3505 κατεπαί-

2299 3529 2447 3606 ρεσθε
2503 3523 2655 3593 δόξης
2706 3529 2769 3583 ἐκ
2818 3534 2917 3596 τῆς
2986 3529 3204 3601 ἐνούσης
3275 3535 3403 3612 ὑμῖν
3457 3523 3683 3612 ἆμαθίας
3729 3536 3939 3603 ἀθλίους

2299 3613 2616 3693 συνείροντες
2672 3614 3012 3699 λογισμοῦς;
3074 3621 3133 3678 Εἰ
3203 3622 3302 3702 γὰρ
3372 3621 3513 3688 δ’λως
3571 3639 3806 3704 χορηγεῖ
3875 3629 3939 3682 10

2297 3710 2509 3793 Πνεῦμα
2560 3706 2702 3781 παρὰ
2755 3712 2847 3762 τοῦ
2906 3710 3107 3789 Πατρὸς
3134 3712 3162 3767 ὁ
3202 3712 3322 3775 Υἱὸς
3375 3712 3429 3769 ἐν
3481 3713 3740 3793 ὑπηρέτου
3795 3716 3941 3778 τινὸς

2296 3791 2445 3883 τάξει
2471 3882 2479 3883 7
2510 3793 2910 3875 λελογισμένος,
2983 3803 3099 3862 πῶς
3157 3801 3252 3857 οὐκ
3303 3791 3604 3881 ἀναγκαῖον
3650 3802 3944 3883 ὁμολογεῖν

2297 3882 2369 3972 ὡς
2402 3881 2677 3972 ἀλλότριον
2718 3883 2815 3960 μέν
2874 3884 2990 3942 ἐστε
3042 3887 3313 3956 παντελῶς
3368 3895 3465 3959 τῆς
3524 3890 3700 3955 οὐσίας
3757 3881 3941 3972 αὖτοῦ,

2295 3971 2441 4051 τάχα
2477 3969 2531 4028 δὲ
2560 3970 2775 4049 ἄμεινον
2816 3975 2996 4046 αὐτοῦ,
3042 3977 3129 4032 καὶ
3184 3979 3321 4036 κατὰ
3376 3977 3511 4036 πολὺ
3579 3993 3847 4059 κρεῖττον,
3878 3969 3944 4038 ἂν

2295 4080 2393 4139 περ
2464 4059 2627 4127 οὕτως
2693 4061 2802 4141 ἔχῃ
2843 4063 2977 4119 κατὰ
3005 4065 3094 4143 ’γε
3154 4067 3251 4135 τὴν
3334 4067 3459 4147 παρ’
3510 4069 3638 4144 ὑμῖν
3668 4069 3938 4149 diudiu;

2297 4149 2357 4237 Εἰ
2412 4149 2511 4228 γὰρ
2576 4151 2672 4206 οὐκ
2725 4152 2786 4206 ἐκ
2843 4161 2935 4211 τοῦ
3005 4156 3211 4233 Πατρὸς
3268 4156 3630 4237 ἐκπορεύεται,
3675 4158 3944 4216 τουτέστιν

2300 4204 2315 4205 γ
2426 4204 2437 4226 ι
2856 4204 2932 4211 η-
3005 4204 3115 4210 _"-
3158 4204 3209 4218 Ἴ
3269 4204 3399 4214 νη..-
3434 4204 3605 4212 --η--
3686 4204 3943 4216 --π--.η

2300 4236 2360 4325 ἐκ
2388 4204 2501 4305 τῆςῘ
2529 4240 2705 4303 οὐσίας
2734 4238 2890 4297 αὐτοῦ
2919 4243 2947 4297 ὁ
3014 4204 3147 4306 Υἱὸὲ
3182 4243 3297 4301 καθ’
3340 4204 3512 4325 ἡμῗᾶς,
3569 4204 3685 4309 πίῦς
3740 4248 3833 4303 οὐκ
3888 4248 3946 4303 ἐν

574 4330 946 4413 gloriﬁcabit,
983 4330 1116 4412 quia
1149 4330 1224 4393 de
1260 4348 1391 4392 meo
1419 4328 1695 4410 accipiet,
1731 4335 1790 4389 et
1842 4326 2216 4389 annnntiabit

2301 4324 2536 4400 ἀμείνοσι
2570 4326 2740 4385 νοοττ’
2790 4327 2851 4387 ἂν
2883 4330 2943 4386 τὸ
3001 4335 3214 4408 Πνεῦμα
3266 4336 3408 4413 παρὰ
3446 4324 3552 4391 10v
3618 4335 3776 4410 Υἱόνς
3808 4343 3948 4397 Εἶτα

575 4420 740 4483 vobis
767 4420 861 4482 95?
897 4440 921 4474 ε
956 4419 1050 4519 Αιί
1081 4417 1401 4520 Ιιιιεςι,ξ11ιιι1⁸
1431 4414 1968 4524 quoque'nessa'rio
1999 4434 2216 4524 conse-

2302 4416 2353 4469 τί
2381 4436 2575 4493 φαμεν,
2637 4414 2761 4473 ὅταν
2808 4417 3118 4495 ἀκούσωμεν
3177 4420 3426 4500 λέγοντος
3482 4423 3598 4502 περὶ
3653 4424 3811 4480 αὑτοῦ
3862 4424 3943 4480 ὅτι

2320 4522 2332 4524 μ
2373 4500 2428 4524 ἠ
2497 4516 2523 4524 ..
2637 4504 2651 4524 τ
2713 4513 2723 4524 ι
2765 4503 2788 4524 ᾗ
2822 4504 2875 4524 Ἰ
3014 4507 3040 4524 η
3154 4509 3169 4524 ο
3308 4518 3332 4524 .-
3396 4510 3410 4524 ε
3496 4518 3519 4524 ..
3566 4509 3586 4524 κ
3621 4511 3631 4524 ι
3652 4514 3663 4524 ι
3718 4508 3726 4516 ⁸
3928 4513 3942 4524 ι

577 4521 810 4592 quetur,
843 4509 894 4572 si
923 4508 1083 4571 enim
1110 4506 1505 4570 ministerium
1529 4504 1742 4571 servile
1764 4501 2216 4592 erplereFilium

2312 4522 2336 4592 ε
2373 4500 2611 4592 Ἐκεῖνος
2634 4504 2729 4580 ἐμὲ
2760 4503 2985 4581 δοξάσει,
3012 4507 3093 4565 ὅτι
3149 4509 3210 4566 ἐκ
3246 4518 3336 4567 τοῦ
3393 4510 3524 4587 ἐμοῦ
3554 4500 3809 4591 Meam,
3858 4513 3948 4568 καὶ

578 4591 924 4661 existimatis
953 4598 1210 4660 alienum
1245 4595 1539 4675 vobis,qui
1571 4611 1785 4675 nempe
1806 4591 1913 4655 Dei
1944 4599 2003 4653 et
2033 4592 2223 4654 Patris

577 4694 787 4748 natura
833 4703 940 4747 sua
987 4685 1251 4748 divinum
1309 4682 1595 4765 Spiritum
1647 4679 2067 4761 suppeditavit,
2102 4698 2222 4740 non

578 4774 691 4836 erit
713 4775 918 4857 utique
944 4772 1343 4837 naturaFilius
1365 4780 1625 4853 sanctus,
1650 4771 1752 4840 sed
1773 4767 2224 4850 participatione

576 4863 1081 4945 quemadmodum
1104 4861 1498 4942 vos.Namque
1526 4866 1799 4922 asserunt
1831 4858 1999 4938 impii
2026 4856 2222 4936 ignavi

576 4970 646 5015 ac
675 4951 1207 5029 desides,alienum
1236 4968 1368 5013 esse
1404 4969 1438 5012 a
1469 4945 2083 5022 substantiaPatris,ex
2106 4962 2221 5026 qua

578 5041 959 5121 progreditur
1004 5040 1281 5122 Spiritus,
1337 5038 1439 5120 qui
1489 5037 1562 5100 ab
1610 5037 1740 5118 ipso
1786 5034 2216 5116 suppeditatur.

577 5129 871 5193 Possibile
901 5129 1078 5210 igitur
1124 5130 1280 5204 erit,
1342 5129 1388 5190 si
1450 5128 1729 5208 proprius
1784 5123 1918 5188 Filii
1968 5123 2224 5204 Spiritus

580 5236 698 5281 non
730 5227 839 5294 est,
883 5220 988 5284 sed
1035 5218 1371 5281 forinsecus
1399 5216 1572 5279 etiam
1603 5214 1736 5296 ipse
1764 5214 1915 5276 sicut
1954 5220 2225 5275 creatura

581 5307 1002 5390 sanctiﬁcatur,
1037 5308 1189 5370 bene
1210 5325 1344 5370 eum
1380 5305 1697 5387 aliquando
1728 5322 1857 5385 quae
1899 5303 1961 5364 in
2019 5321 2089 5364 eo
2138 5309 2227 5363 est

583 5397 1115 5461 sanctiﬁcationem
1145 5396 1429 5460 amillere.
1459 5394 1627 5469 Quod
1660 5396 1819 5456 enim
1851 5391 2123 5468 exterius.
2143 5390 2229 5451 uti

584 5485 849 5549 additum
891 5486 1238 5570 acquiritur,
1283 5485 1585 5567 quomodo
1634 5483 1799 5547 abire
1848 5500 1968 5545 non
2013 5478 2235 5563 poterit

662 5656 728 5711 24
755 5654 926 5722 Joan.
958 5671 1059 5735 xv,
1086 5654 1188 5722 26.
1218 5653 1477 5721 25.10am
1507 5670 1626 5733 xvr,
1663 5654 1761 5720 14.

2302 4590 2590 4678 ἀναγγελεῖ
2633 4594 2797 4669 ὃμῒνς
2866 4614 2888 4646 I
2921 4598 3057 4675 Πρὸς
3102 4595 3156 4653 δὲ
3204 4612 3321 4662 τοῖς
3376 4599 3669 4678 εἰρημένοις
3727 4599 3948 4658 κάκεῖνο

2302 4677 2491 4768 λοιπὸν
2522 4683 2594 4746 ὡς
2645 4680 2697 4748 ἐξ
2749 4683 2983 4762 ἀνάγκης
3039 4682 3361 4756 εἶσϐήσεται,
3417 4677 3475 4746 Εἰ
3517 4709 3617 4768 γαρ
3668 4688 3949 4767 ὑπουργίαν

2303 4767 2605 4838 διακονικὴν
2634 4770 2974 4852 ἀποπληροῦν
3027 4774 3202 4832 οἴεσθε
3258 4778 3349 4833 τὸν
3398 4777 3516 4833 Υἱὸν
3571 4778 3632 4833 τὸ
3673 4775 3945 4856 ἀλλότριον

2301 4860 2458 4935 ἡμῖν,
2502 4859 2737 4916 τουτέστι
2768 4863 2828 4918 τὸ
2859 4864 2999 4943 παρὰ
3045 4872 3135 4922 τοῦ
3187 4870 3318 4921 Θεοῦ
3366 4867 3454 4923 καὶ
3508 4866 3741 4940 Πατρὸς,
3773 4888 3942 4946 κεχο-

2302 4948 2578 5027 ρηγηκότα
2644 4948 2794 5028 ὅίγιον
2859 4950 2917 5008 ὅν
2988 4955 3124 5011 κατὰ
3204 4954 3352 5035 φύσιν
3424 4960 3638 5030 Πνεῦμα
3700 4954 3759 5012 οὗ
3810 4956 3948 5011 κατὰ

2304 5037 2453 5117 φύσιν
2484 5036 2634 5116 ἅγιος
2667 5040 2694 5095 ὁ
2730 5041 2871 5116 Υἱὸς,
2930 5043 3068 5101 κατὰ
3122 5041 3324 5119 μέθεξιν
3383 5042 3459 5119 δέ,
3520 5043 3699 5123 ὥσπερ
3757 5046 3947 5119 ἡμεῖς.

2307 5124 2527 5203 Λέγεται
2597 5127 2695 5206 γὰρ
2770 5130 2907 5186 κατὰ
3002 5132 3098 5199 τὴν
3193 5139 3298 5189 τῶν
3396 5131 3655 5190 δυσσεϐῶν
3726 5133 3950 5208 ἀμαθίαν

2307 5212 2582 5295 ἀλλότριος
2653 5217 2790 5274 εἶνυι
2848 5220 2947 5286 τῆς
2999 5222 3175 5284 οὖσίας
3232 5230 3324 5281 τοῦ
3382 5224 3582 5300 Πατρὸς
3639 5219 3691 5288 ἐξ
3741 5220 3806 5288 ἧς
3865 5222 3956 5277 καὶ

2309 5302 2512 5383 πρόεισι
2544 5306 2605 5362 τὸ
2633 5311 2842 5381 Πνεῦμα
2869 5310 2931 5364 10
2959 5306 3035 5365 δι’
3081 5311 3239 5367 αὐτοῦ
3269 5311 3696 5391 χορηγούμενον.
3744 5300 3948 5367 ’Ἔσται

2310 5392 2479 5449 τοίνυν
2547 5399 2654 5450 τῶν
2695 5394 3083 5476 ἐνδεχομένων,
3140 5397 3295 5477 εἴπερ
3337 5401 3431 5456 οὐκ
3484 5397 3621 5456 ἴδιον
3674 5404 3767 5455 τοῦ
3835 5400 3955 5454 ι’ἱοῦ

2310 5482 2371 5538 τὸ
2414 5480 2625 5560 Πνεῦμα
2666 5483 2983 5562 ἒστιν,ἆλλ’
3028 5487 3329 5555 εἰσποιητὸν
3378 5484 3494 5568 ἔχει
3536 5487 3622 5544 καὶ
3673 5485 3829 5551 αὐτὸς
3860 5489 3953 5544 τὸν
