4208 6296
260 310 387 376 657
1720 319 2201 386 ΕΡΙΘΗΑΡΗιΕ.
3534 320 3653 386 658

262 447 565 526 ἁγιασμὸν,
639 450 873 531 καθάπερ
929 454 964 522 ἡ
1008 455 1201 530 κτίσις,
1280 456 1368 513 καὶ
1421 455 1710 514 ἀποπεσεῖν
1773 453 1923 511 δύνα-

2016 451 2343 514 ερουοάυηι
2366 451 2491 532 jam
2521 451 2835 516 adductam
2869 452 3199 515 rationem?
3224 451 3340 515 Sed
3360 453 3492 534 quis
3508 453 3665 516 hanc

269 537 391 593 σθαὶ
424 559 555 595 ποτε
609 540 704 607 τῆς
762 541 984 609 ἓνούσης
1042 541 1326 621 ἁγιότητος
1385 544 1551 620 αὐτῷ.
1596 546 1668 603 Τὸ
1712 544 1810 623 γὰρ
1851 544 1923 605 ὡς

2013 541 2454 621 perversitatem
2482 541 2823 621 dogmatum
2857 560 2973 603 non
3006 540 3275 622 effugiet?
3296 538 3414 605 Sed
3431 560 3664 605 accom-

265 624 328 680 ἐν
378 624 520 691 τάξει
574 631 884 708 προσθήκης
952 630 1256 713 ἒπικτηθέν,
1315 639 1429 696 πῶς
1486 636 1582 690 οῦκ
1650 632 1714 688 ἅν
1785 634 1923 688 ἀπο-

2010 629 2326 710 modatius,
2359 638 2423 693 ut
2473 649 2631 707 reor,
2662 629 2981 692 dicendum
3006 630 3207 705 fuerit,
3255 628 3448 693 amica
3486 628 3663 693 nobis

266 714 484 790 γένοιτο
511 717 648 774 κατά
674 740 735 796 γε
765 720 856 775 τὸν
885 726 976 776 τοῦ
1019 720 1385 801 ἐγχωροῦντπ
1415 720 1573 801 λόγον
1600 741 1616 802 ;
1668 722 1807 779 Εἶτα
1851 720 1923 784 τές

2008 718 2220 781 veritas
2257 731 2369 797 est,
2420 731 2479 785 et
2507 742 2642 805 qua)
2670 742 2738 785 ex
2792 741 2863 785 ea
2918 731 3245 786 nascuntur
3273 721 3572 803 dogmata,
3606 731 3665 785 et

264 808 380 858 τῶν
409 806 660 863 τοιούτων
714 811 807 866 οῦκ
861 806 1248 889 ἀποδραμετται
1307 808 1634 891 δογμάτωνς
1695 816 1923 890 Πρεπω-

2008 825 2113 868 eos
2184 829 2290 872 nos
2349 812 2512 876 nullo
2581 812 2757 874 modo
2802 829 3146 892 sequemur,
3183 811 3287 872 sed
3322 819 3660 874 sanctorum

266 893 517 973 δέστερον
574 897 628 953 δὲ
677 899 835 974 οἶμαι
865 902 928 957 τὸ
979 900 1145 965 οὕτως
1189 904 1359 959 εἰπεῖν
1393 921 1412 939 ⁶
1457 901 1584 984 φίλη
1649 905 1923 981 τοιγαροῦν

2011 894 2247 960 Patrum
2306 900 2483 962 ﬁdem
2543 901 2984 979 investigantes,
3044 900 3347 981 preprium
3379 918 3511 962 esse
3532 898 3665 962 Filii

270 985 414 1059 ἡμῖν
476 984 720 1063 ἀλήθεια,
777 991 866 1046 καὶ
948 991 1015 1047 τὰ
1082 994 1145 1048 ὲκ
1202 997 1302 1059 τῆς
1346 991 1592 1059 ἀληθείας
1665 990 1926 1070 δόγματα,

270 1075 362 1129 καὶ
390 1078 575 1141 αῦτοϊς
632 1076 859 1142 ἓκεϊνοις
891 1080 1055 1153 ἡμεῖς
1098 1074 1204 1160 οὐχ
1247 1081 1512 1161 ἑψόμεθα,
1568 1081 1670 1141 τὴν
1729 1077 1783 1135 δὲ
1826 1085 1933 1135 τῶν

266 1161 439 1238 ἀγίων
509 1164 753 1243 Πατέρων
824 1166 1237 1247 ἰχνηλατοῦντες
1308 1169 1516 1241 πίστιν,
1592 1166 1729 1225 ἴδιον
1796 1171 1937 1228 εἶναι

263 1254 445 1328 φαμὲν
476 1260 570 1309 τοῦ
608 1256 726 1311 Υἶοῦ
780 1257 876 1311 τὸν
930 1256 1304 1335 Παράκλητον,
1358 1258 1595 1315 τουτέστι
1627 1259 1689 1314 τὸ
1721 1264 1931 1332 Πνεῦμα

272 1341 339 1394 τὸ
369 1339 546 1419 ἅγιον,
603 1344 691 1400 καὶ
746 1346 839 1401 οὒκ
882 1345 1342 1425 ἐπεισκρινόμενον
1397 1345 1603 1423 ἔξωθεν,
1663 1344 1778 1403 οῦδὲ
1808 1346 1927 1402 ἐπί-

269 1449 477 1495 κτητον
540 1430 595 1487 ἐν
636 1434 797 1506 αθῦτῷ,
846 1434 1084 1509 καθίπερ
1138 1435 1276 1492 ἐστὶν
1342 1438 1398 1493 ἓν
1466 1450 1584 1501 τοϊς
1649 1434 1928 1514 ἁγιότητος

272 1514 575 1591 δεκτικοῖς,
610 1522 697 1583 οἷς
740 1522 828 1577 καὶ
856 1524 916 1578 ὲκ
944 1524 1021 1597 μὴ
1052 1523 1220 1580 ὅντων
1273 1525 1308 1591 in
1351 1524 1578 1603 γένεσις,
1639 1522 1770 1580 ἀλλ’·
1790 1527 1928 1598 ὁμο-

273 1606 456 1662 οὖσιον
484 1608 661 1684 αῦτοῦ,
696 1610 930 1687 καθάπερ
976 1610 1160 1687 ἀμέλει
1218 1615 1305 1669 καὶ
1348 1620 1439 1683 τοῦ
1501 1614 1731 1690 Πατρός.
1778 1612 1930 1670 Οὕτω

271 1694 379 1773 γὰρ
436 1694 498 1749 ἂν
553 1697 650 1752 οῦκ
704 1699 777 1761 εἷς
847 1698 1098 1756 πολύθεον
1165 1702 1303 1775 ἡμῖν
1378 1688 1691 1780 μυθολογίαν
1746 1702 1782 1769 ἡ
1824 1708 1929 1756 τῶν

2013 984 2295 1067 Spiritum
2347 989 2747 1071 Peracletum,
2778 988 3067 1070 Spiritum
3119 996 3389 1051 sanctum
3422 1007 3662 1069 nempe,

2018 1092 2133 1135 non
2166 1077 2523 1140 intrinsecus
2579 1079 2994 1153 introvectnm,
3041 1095 3238 1158 neque
3281 1077 3661 1141 adventitium

2020 1162 2082 1224 in
2112 1164 2263 1243 ipso,
2295 1166 2448 1229 sicut
2478 1167 2537 1229 in
2570 1166 2822 1247 illis,qui
2853 1170 3223 1230 sanctitatem
3259 1175 3661 1248 possuntsus-

2022 1252 2243 1334 cipere,
2279 1263 2337 1316 et
2366 1275 2434 1317 ex
2460 1256 2648 1318 nihilo
2680 1256 3113 1337 producuntur,
3149 1255 3261 1317 sed
3306 1254 3363 1317 ei
3394 1254 3661 1318 consub-

2012 1342 2880 1425 stantialem,quemadmodum
2909 1351 3000 1406 est
3016 1351 3076 1407 et
3099 1343 3657 1424 Patri,contitemur.

2013 1432 2137 1496 Hoc
2166 1434 2325 1495 enim
2362 1434 2544 1514 modo.
2569 1433 2773 1495 nonin
2806 1432 3130 1494 multorum
3157 1431 3384 1495 fabulas
3413 1434 3665 1495 deorum

2013 1521 2552 1584 ecclesiasticarum
2582 1523 2925 1601 dogmatum
2954 1522 3140 1584 robur
3169 1521 3426 1595 decidet,
3465 1520 3568 1583 sed
3601 1522 3663 1583 in

2015 1628 2193 1671 unam
2253 1611 2543 1674 rationem
2602 1611 2845 1673 deitatis
2902 1611 3171 1672 Trinitas
3201 1610 3660 1689 constringetur.

2013 1697 2233 1760 Eodem
2267 1718 2405 1777 ergo
2439 1709 2705 1781 tempore
2736 1709 2797 1762 et
2825 1700 2919 1762 sui
2951 1699 3141 1781 ipsius
3176 1697 3455 1761 essentia;
3485 1697 3659 1761 iden-

273 1785 731 1853 ἑκκλησιαστικῶν
799 1789 1076 1869 δογμάτων
1131 1795 1411 1872 οἰχήσεται
1481 1791 1721 1867 δύναμις,
1807 1790 1923 1848 ἀλλ’

2012 1788 2232 1848 titatem
2266 1795 2324 1850 ct
2352 1789 2457 1851 Dei
2488 1788 2679 1851 Patris
2706 1788 3057 1863 ostendens,
3086 1787 3373 1868 Spiritum
3402 1787 3665 1850 veritatis

273 1875 351 1961 εἰς
383 1874 474 1933 ἕνα
526 1878 775 1946 θεότητος
833 1878 993 1958 λόγον
1036 1882 1071 1949 ἡ
1129 1882 1252 1959 ἁγία
1309 1882 1464 1961 Τριὰς
1520 1881 1920 1961 ἀυασφίγγεται.

276 1960 376 2020 Ἐν
445 1974 616 2041 ταυτῷ
681 1972 955 2046 τοιγαροῦν
1011 1971 1098 2026 καὶ
1155 1974 1253 2038 τῆς
1311 1970 1485 2034 οῦσίας
1534 1970 1633 2038 τὴν
1676 1960 1920 2036 ίὲνότητα

281 2052 629 2131 παραδεικνὺς
702 2057 888 2114 ἑαυτοῦ
943 2057 1001 2113 τέ
1056 2082 1194 2138 φημι
1245 2060 1333 2115 καὶ
1386 2059 1484 2127 τῆς
1527 2067 1622 2118 τοῦ
1664 2065 1796 2115 Θεοῦ
1836 2058 1924 2114 καὶ

277 2144 510 2221 Πατρὸς,
547 2150 760 2221 Πνεῦμα
810 2152 909 2214 τῆς
967 2146 1215 2214 ἀληθείας
1258 2150 1347 2204 τὸν
1378 2147 1724 2227 Παράκλητον
1779 2149 1921 2205 εἶναι

272 2229 475 2308 λέγων.
536 2235 675 2311 παρὰ
732 2243 823 2292 τοῦ
892 2238 1099 2316 Πατρὸς
1143 2237 1514 2316 ἐκπορεύεσθαέ
1584 2260 1772 2317 φησιν³
1815 2236 1921 2293 ἀπ-

275 2317 498 2399 ελέγιει
540 2343 597 2377 τε
625 2330 805 2402 σαφῶς
829 2326 917 2381 καὶ
946 2323 1321 2405 ἀναμφιλόγως
1377 2326 1650 2405 θεομάχαν
1683 2323 1921 2395 ὁλοκλή-

275 2429 387 2483 ρως
417 2411 505 2464 τὸν
537 2412 930 2493 χριστομαίχον.
976 2407 1034 2470 Ὀ
1077 2415 1176 2492 γὰρ
1218 2412 1355 2478 ὅλως
1406 2413 1747 2492 ἐμπαροινεΐν
1804 2413 1921 2470 ἐθε-

276 2494 453 2564 λήσας
502 2504 580 2571 τῷ
651 2502 755 2574 1⁸ἱῷ
803 2500 1279 2577 πεπλημμεληκὼς
1335 2501 1397 2558 ἂν
1440 2502 1655 2565 εἰκότως
1712 2503 1799 2558 καὶ
1850 2503 1921 2565 εἷς

280 2586 440 2641 αῦτὸν
469 2600 645 2644 νοοῖτο
672 2590 761 2645 τὸν
806 2589 859 2655 ἐξ
906 2590 1063 2658 οὗπέρ
1113 2590 1278 2654 ἐστιν.
1340 2582 1518 2648 υΟταν
1572 2590 1745 2648 τοίνυν
1802 2589 1924 2667 ἔλθῃ

276 2677 308 2731 ὁ
357 2673 728 2754 Παρακλητος,
763 2680 913 2757 φησὶ,
946 2681 1008 2735 τὸ
1046 2685 1256 2755 Πνεῦμα
1310 2679 1407 2747 τῆς
1464 2677 1732 2753 ἀληθείας,
1766 2701 1926 2736 τουτ-

277 2764 394 2820 έστι
448 2768 511 2821 τὸ
578 2768 730 2841 ὶμὸν,
792 2765 821 2823 ὅ
891 2768 1031 2846 παρὰ
1097 2771 1190 2825 τοῦ
1280 2769 1483 2846 Πατρὸς
1565 2766 1924 2848 ἐκπορεύεται,

276 2858 486 2919 ἐκεῖνος
539 2858 861 2935 μαρτυρήσει
918 2859 1034 2932 περὶ
1078 2857 1228 2932 ἐμοῦ.
1278 2858 1615 2937 Μαρτυρήσει
1665 2854 1719 2912 δὲ
1761 2857 1921 2936 πῶς;

2010 1874 2375 1938 Paracletum
2433 1896 2809 1958 nuncupans,
2857 1896 2891 1939 a
2943 1880 3117 1941 Patre
3149 1895 3289 1939 eum
3333 1876 3661 1956 procedere

2007 1965 2172 2036 dicit,
2226 1964 2430 2046 sicque
2463 1967 2565 2048 qui
2597 1965 2895 2029 Christum
2950 1963 3387 2046 oppugnat,Dei
3430 1964 3659 2027 hostem

2009 2055 2195 2135 palam
2224 2062 2283 2116 et
2304 2055 2527 2134 absque
2557 2056 2675 2117 uila
2696 2054 3066 2117 haesitatione
3094 2072 3232 2117 esse
3280 2053 3655 2134 comprobat.

2007 2144 2117 2217 Qui
2149 2142 2306 2205 enim
2334 2144 2481 2205 Filio
2513 2142 3045 2224 insultat,injurius
3075 2142 3289 2204 merito
3312 2141 3372 2203 in
3403 2158 3565 2224 eum,
3589 2162 3657 2205 ex

2009 2251 2123 2310 quo
2152 2231 2336 2295 Filius
2369 2241 2487 2313 est,
2508 2233 2844 2294 censendus
2880 2240 2994 2295 est.
3031 2232 3174 2296 Cum
3208 2231 3407 2312 itaque
3431 2232 3662 2294 venerit

2007 2320 2363 2402 Paracletus,
2396 2323 2497 2396 ait,
2526 2321 2783 2403 Spiritus
2838 2320 3127 2396 veritatis,
3187 2338 3352 2382 meus
3397 2320 3650 2403 scilicet,

2006 2410 2105 2490 qui
2136 2429 2169 2471 a
2202 2412 2370 2474 Patre
2409 2410 2696 2491 procedit,
2742 2410 2843 2471 ille
2873 2408 3284 2472 testimonium
3319 2408 3659 2489 perhibebit

2006 2497 2081 2559 de
2137 2517 2252 2562 me.
2302 2499 2610 2573 Quomodo
2653 2517 2790 2561 vero
2824 2497 3192 2579 perhibebit?
3224 2499 3429 2576 Magna
3453 2497 3517 2559 in
3557 2516 3656 2560 vo-

2012 2587 2101 2648 bis
2132 2597 2189 2649 et
2239 2607 2346 2669 per
2376 2608 2473 2650 vos
2505 2587 2788 2650 miracula
2820 2587 3071 2663 faciens,
3127 2588 3321 2666 justus
3363 2604 3656 2668 verasque

2008 2676 2223 2738 divinae
2252 2696 2398 2738 mem
2427 2677 2753 2758 potestatis,
2794 2685 2852 2738 et
2881 2676 2943 2737 in
2976 2676 3192 2737 virtute
3232 2674 3655 2753 magnitudinis

2010 2766 2196 2827 testis.
2223 2765 2478 2847 Spiritus
2500 2766 2657 2827 enim
2692 2783 2861 2831 meus
2890 2773 2997 2837 est,
3033 2764 3132 2846 qui
3165 2772 3443 2845 Operatur
3472 2764 3651 2830 invo-

2011 2854 2127 2934 bis,
2152 2855 2254 2916 sed
2287 2855 2441 2917 sicut
2472 2873 2640 2916 meus
2666 2862 2776 2929 est,
2809 2854 2895 2916 sic
2918 2863 2975 2915 et
3004 2853 3110 2915 Dei
3149 2861 3207 2914 et
3235 2852 3443 2931 Patris.
3482 2877 3507 2911 ι

276 2944 607 3022 Ἐνεργῆσαν
636 2946 735 3024 γὰρ
767 2947 821 3001 ἐν
862 2946 987 3017 ὑμῖν
1018 2967 1075 3001 τε
1103 2948 1190 3002 καὶ
1220 2944 1286 3002 δι’
1315 2947 1461 3022 ὑμῶν
1485 2947 1551 3002 τὲ
1593 2942 1880 3023 παράδοξα,
1914 2946 2108 3022 μάρτδς
2141 2942 2313 3000 ἔσεται
2357 2943 2552 3008 δίκαιός
2584 2967 2641 3000 τε
2671 2947 2759 3000 καὶ
2791 2943 2993 3011 ἀληθὴς
3024 2949 3122 3010 τῆς
3166 2942 3302 3017 ἐμῆς
3331 2944 3650 3021 θεοπρεποῦς

275 3030 449 3087 ξεί
648 3033 1025 3091 ὶ“ἐδ’
1256 3033 1397 3091 αλό
1618 3032 1633 3056 ’
1852 3034 2682 3073 ‘-'
2873 3030 3647 3074 ‘

310 3054 535 3112 ,oucag,
580 3056 646 3090 κα
695 3057 793 3102 της
850 3057 877 3089 ν
932 3056 1115 3110 υναμει
1147 3057 1251 3115 μεγ
1323 3056 1366 3092 ει
1400 3056 1584 3103 τηνος.
1640 3033 1783 3110 Εμόν
1811 3056 1909 3113 γαρ
1945 3041 2152 3108 Πνεῦμα
2205 3057 2254 3089 ..ο
2299 3056 2539 3112 ενεργουν
2570 3034 2622 3089 ἐι
2665 3047 2816 3109 υμῖν,
2862 3055 3041 3110 ωσπερ
3098 3050 3152 3088 ο..
3199 3032 3349 3107 ἐμοι,
3384 3054 3521 3089 ουτω
3563 3054 3651 3089 και

277 3121 378 3177 τοῦ
403 3129 533 3179 Θεοῦ
561 3123 647 3179 καὶ
676 3124 903 3201 Πατρός.

370 3202 426 3267 Ὀ
460 3211 627 3292 αὐτὸς,
656 3213 731 3275 εἰς
766 3214 847 3285 τὸ,
913 3237 939 3269 ι
972 3213 1044 3270 Oli
1085 3213 1185 3291 γὰρ
1240 3210 1463 3281 λαλήσει
1523 3208 1611 3292 ἀφ’
1642 3213 1848 3288 ἑαυτοῦ,
1887 3234 1913 3266 ι»

2085 3208 2243 3271 Idem
2277 3208 2336 3271 in
2367 3209 2538 3291 illud,
2567 3208 2727 3271 «Non
2760 3209 2919 3270 enim
2951 3209 3226 3289 loquetur
3252 3210 3643 3289 asemetipso.

276 3301 441 3379 φησίν
478 3317 491 3330 ·
531 3328 552 3359 ι
592 3291 765 3359 ’Ὅταν
797 3300 884 3357 οὗν
927 3299 1051 3376 ἔλθῃ
1097 3301 1324 3381 ἐκεῖνος,
1382 3291 1645 3360 τουτέστιν
1674 3303 1701 3357 ὁ
1742 3301 1922 3379 Παρά-

276 3388 503 3453 κλητος,
554 3390 615 3445 τὸ
667 3396 877 3464 Πνεῦμα
920 3395 1017 3457 τῆς
1062 3389 1332 3461 ἀληθείας,
1377 3389 1629 3467 ὁδηγήσει
1684 3390 1819 3465 ὑμᾶς
1851 3390 1922 3453 εἰς

276 3484 455 3534 πᾶσαν
484 3479 583 3546 τὴν
612 3477 883 3548 ἀλήθειαν.
920 3478 1088 3535 Βλέπε
1132 3477 1186 3535 δὲ
1227 3481 1299 3543 ὡς
1353 3478 1639 3556 ἐγρήγορεν
1668 3480 1700 3545 ἡ
1746 3478 1920 3557 φωνὴ,

277 3567 380 3647 ὅρα
421 3577 514 3627 τοῦ
544 3570 701 3648 λόγου
728 3571 826 3638 τὴν
881 3571 1062 3646 νῆψιν,
1122 3572 1456 3650 Προειρηκὼς
1512 3570 1611 3649 γὰρ
1668 3566 1808 3637 ἥξειν
1838 3567 1923 3626 ἐπ’

280 3658 473 3723 αὐτοὺς
529 3660 621 3715 τὸν
680 3658 1049 3739 Παράκλητον,
1110 3661 1171 3717 τὸ
1226 3666 1436 3734 Πνεῦμα
1525 3663 1621 3726 τῆς
1679 3657 1923 3725 ἀληθείας

278 3748 560 3820 ὠνόμασεν
607 3748 786 3828 αῦτὸν,
842 3747 1109 3805 τουτέστιν
1167 3749 1373 3810 ἑαυτοῦ.
1421 3746 1584 3812 Αῦτὸς
1642 3747 1740 3825 γὰρ
1784 3747 1923 3804 ἐστιν

279 3838 318 3903 ἢ
365 3835 604 3906 ἀλήθεια.
642 3826 780 3893 "lvd
799 3838 897 3915 γὰρ
940 3834 1126 3892 εἰδοτεν
1184 3840 1231 3892 οἱ
1272 3838 1502 3912 μαθηταὶ
1556 3838 1628 3900 ὡς
1687 3838 1780 3893 οῦκ
1820 3834 1922 3892 ἀλ·-

279 3925 491 4003 λοτρίας
576 3926 663 3981 καὶ
715 3925 863 3993 ξένης
947 3929 1129 3987 αὒτοτς
1226 3923 1493 4001 δυναμεως
1567 3924 1919 4005 ἐπιφοίτησιν,

279 4013 403 4070 ἀλλ’
463 4014 646 4070 ἑαυτὸν
711 4014 900 4090 ἑτέρως
943 4012 1187 4070 ἐπιδώσει
1255 4012 1662 4092 ἐπαγγέλλεται,
1720 4016 1924 4087 πνεῦμα

277 4109 378 4170 τῆς
452 4102 722 4177 ἀληθείας,
814 4102 1078 4160 τουτέστιν
1148 4104 1353 4181 ἑαυτοῦ,
1412 4104 1503 4159 τὸν
1577 4100 1923 4181 Παράκλητον

280 4192 571 4251 ἀποκαλεῖ.
645 4195 717 4251 Οὔ
785 4194 883 4271 γὰρ
952 4190 1227 4271 ἀλλότριον
1281 4197 1378 4257 τῇς
1435 4198 1526 4248 τοῦ
1593 4197 1920 4269 Μονογενοῦς

278 4284 459 4345 οὖσίας
489 4283 549 4337 τὸ
576 4281 727 4360 ἅγιον
784 4294 987 4337 νοεῖται
1051 4288 1281 4360 Πνεῦμα,
1326 4281 1529 4359 πρόεισι
1590 4278 1644 4335 δὲ
1687 4280 1918 4358 φυσικῶς

277 4370 332 4435 ἐξ
392 4372 582 4443 αὖιτῆς,
641 4368 789 4426 οῦδὲν
856 4368 1032 4446 ἕτερον
1083 4391 1187 4448 παρ
1255 4369 1411 4425 αὐτὸν
1468 4367 1734 4447 ὑπάρχον,
1799 4365 1922 4423 ὅσον

278 4461 354 4521 εἷς
397 4457 694 4534 ταυτότῃτα
734 4457 960 4538 φύσεως,
1033 4458 1076 4513 εἰ
1118 4459 1206 4514 καὶ
1262 4468 1440 4512 νοοῖτο
1494 4457 1661 4535 τυχὸν
1721 4452 1922 4513 ἰδιοσυ-

279 4546 512 4608 στοίτως.

276 4638 412 4715 πρὸς
483 4634 614 4701 ὅλην
695 4637 832 4710 ὑμᾶς
881 4637 1241 4713 καθηγήσεται
1321 4634 1417 4701 τῆς
1509 4632 1756 4699 ἀληθείας
1825 4632 1922 4699 τὴν

275 4732 497 4803 γνῶσιν,
559 4715 650 4788 ‘u;
714 4726 813 4803 γὰρ
862 4722 1009 4788 εἰδὼς
1054 4722 1279 4801 ἀκριϐῶς
1343 4725 1442 4790 τὴν
1498 4720 1767 4793 ἀλήθειαν»
1855 4721 1920 4789 ἧς

275 4816 365 4870 καὶ
412 4815 471 4869 τὸ
500 4813 709 4888 Πνεῦμά
738 4813 902 4886 ἐστιν,
937 4812 1031 4869 οῦκ
1077 4812 1138 4868 ἐκ
1192 4812 1381 4890 μέρους
1442 4810 1602 4876 αὐτὴν
1656 4806 1919 4865 ἆποκαλύ·

273 4908 361 4977 ψει
417 4915 535 4966 τοῖς
595 4898 899 4977 σεϐομένοις
951 4902 1126 4973 αῦτὸν,
1175 4900 1388 4969 ἀνθήσει
1429 4897 1484 4954 δὲ
1528 4896 1731 4974 μαλλον
1788 4896 1917 4953 ὁλο-

273 4990 492 5068 κλήρως
522 4992 584 5047 τὸ
626 4991 743 5068 περὶ
769 4991 868 5056 τῆς
900 4989 1059 5056 αὐτῆς
1104 4989 1411 5063 μυστήριον.
1459 4988 1517 5044 Εἰ
1559 4986 1659 5065 γὰρ
1692 4987 1780 5042 καὶ
1810 4992 1919 5061 νῦν,

271 5079 336 5135 ὲκ
368 5077 557 5153 μέρους
608 5079 941 5156 γινώσκομεν
996 5078 1067 5139 ὡς
1111 5077 1141 5130 ὑ
1198 5074 1401 5139 Παῦλός
1456 5097 1639 5155 φησιν.
1689 5071 1807 5129 ἀλλ’
1850 5073 1923 5137 ὡς

272 5167 331 5223 ἐν
376 5166 569 5245 γνώσει
626 5171 810 5245 μικρᾷ,
857 5166 994 5221 σῶόν
1037 5186 1094 5220 τε
1167 5165 1253 5220 καὶ
1302 5162 1480 5245 ἀσινὲς
1540 5164 1676 5238 ἡμῖν
1705 5162 1766 5217 τό
1822 5161 1921 5229 τῆς

274 5241 527 5322 ἀληθείας
607 5241 902 5334 ἐνήστραψε
992 5252 1208 5318 κάλλος.
1300 5241 1517 5330 υιὶσπερ
1612 5249 1697 5307 οῦν
1757 5246 1918 5312 οὐδεὶς

2008 3297 2150 3361 Cum
2207 3307 2403 3360 autem
2458 3300 2685 3361 venerit
2715 3298 2842 3372 ille,
2874 3298 3209 3361 Paracletns
3246 3315 3483 3377 nempe,
3507 3298 3645 3377 Spi-

2007 3389 2153 3447 ritus
2183 3387 2445 3448 veritatis
2476 3388 2718 3450 docebit
2745 3405 2844 3448 vos
2873 3406 3110 3448 omnem
3158 3385 3465 3447 veritatem
3496 3386 3574 3461 96,
3612 3410 3640 3447 ι

2008 3474 2195 3555 inquit
2224 3497 2235 3536 :
2272 3475 2419 3537 Vide
2452 3496 2657 3539 vocem
2690 3476 2948 3556 vigilem,
2981 3474 3115 3536 vide
3144 3474 3307 3535 verbi
3353 3474 3645 3538 sobrieta-

2008 3572 2148 3628 tem.
2185 3563 2325 3627 Cum
2385 3564 2544 3626 enim
2601 3565 2973 3644 praedixisset
3035 3563 3401 3625 Paracletum
3440 3565 3512 3625 ad
3546 3585 3649 3627 eos

2008 3667 2344 3726 venturum,
2383 3651 2668 3731 Spiritum
2702 3653 2964 3714 veritatis
2999 3670 3133 3714 eum
3158 3652 3504 3729 nominavit,
3539 3655 3651 3716 hoc

2007 3754 2092 3804 est
2127 3742 2554 3821 suimetipsius.
2602 3741 2731 3822 Ipse
2762 3741 2920 3803 enim
2969 3749 3061 3803 est
3110 3741 3346 3802 veritas.
3382 3740 3647 3823 Namque

2007 3840 2068 3892 ut
2097 3831 2474 3892 atldiscerent
2505 3830 2815 3911 discipuli,
2842 3849 2960 3891 non
2996 3830 3270 3906 alienam,
3307 3849 3501 3911 neque
3550 3851 3649 3912 pe-

2010 3921 2358 3999 regrinama
2388 3939 2452 3983 se
2500 3921 2821 3982 missurum
2854 3921 3150 3994 virtutem,
3207 3918 3310 3980 sed
3360 3919 3646 4001 seipsum,

2008 4009 2122 4069 alio
2152 4010 2407 4089 quodam
2429 4010 2602 4070 modo
2622 4009 2709 4071 eis
2730 4007 3644 4089 pollicetur,veritatisSpiritum,

2006 4096 2062 4157 id
2096 4107 2186 4159 vst
2213 4118 2381 4159 suum
2417 4098 2758 4161 missurum.
2796 4101 2929 4160 Ncn
2962 4098 3122 4158 enim
3154 4097 3385 4158 alienus
3414 4117 3449 4159 a
3471 4097 3648 4159 subs-

2009 4186 2188 4249 lautia
2232 4185 2531 4263 Uuigeniti
2562 4187 2816 4267 Spiritus
2857 4195 3095 4247 sanctus
3134 4186 3507 4264 intelligitur,
3540 4186 3644 4248 sed

2001 4293 2074 4336 ex
2118 4293 2188 4336 eo
2223 4275 2571 4337 naturaliter
2602 4274 3121 4354 progreditur,non
3138 4274 3295 4335 aliud
3314 4274 3386 4334 ab
3407 4274 3534 4353 ipso
3552 4292 3650 4335 ex-

2003 4361 2299 4435 sistens,si
2315 4370 2539 4424 natura:
2557 4362 2833 4424 identitas
2850 4362 3241 4441 cosideretur,
3263 4361 3398 4421 licet
3422 4361 3481 4422 in
3506 4379 3643 4440 per-

2004 4469 2148 4511 sona
2176 4451 2413 4531 propria
2429 4449 2935 4531 concipiatur.liic
2966 4449 3648 4530 ergo,ait,veritatisSpi-

610 4548 681 4603 Τὸ
762 4568 958 4620 τοίνυν,
1018 4547 1167 4624 φησὶ,
1240 4551 1338 4613 τῆς
1409 4542 1656 4612 ἀληθείας
1710 4549 1923 4618 Πνεῦμα

2013 4540 2162 4601 ritus
2184 4538 2257 4600 ab
2278 4556 2515 4601 omnem
2531 4557 2632 4599 vos
2645 4538 2904 4599 veritatis
2933 4537 3334 4615 cognitionem
3366 4538 3642 4601 deducet:

2007 4647 2139 4688 nam
2169 4629 2249 4689 uti
2283 4636 2588 4691 accuratus
2610 4627 2873 4689 veritatis
2897 4626 3363 4706 cognitor,cujus
3392 4624 3647 4707 Spiritus

2005 4724 2114 4795 est,
2149 4733 2267 4777 non
2298 4736 2426 4777 eam
2453 4735 2521 4777 ex
2553 4726 2715 4797 parte
2739 4715 2843 4777 sed
2875 4714 3209 4776 colentibus
3239 4734 3375 4777 eum
3417 4715 3647 4793 integre

2003 4806 2376 4878 revelabit,et
2401 4805 2594 4885 potius
2612 4805 2874 4885 ejusdem
2898 4804 3168 4866 absolute
3182 4804 3523 4884 mysterium
3541 4806 3647 4867 ilo-

2004 4893 2371 4958 rescet.N.-tm
2401 4902 2461 4955 et
2486 4893 2533 4955 si
2564 4913 2631 4955 ex
2668 4904 2830 4974 parte
2855 4894 2909 4954 in
2937 4894 3046 4955 hac
3067 4892 3182 4953 vita
3199 4894 3639 4971 cognoscimus,

2010 4991 2066 5041 nl
2098 4984 2178 5044 ait
2206 4983 2567 5064 Paulus,non
2596 5002 2801 5045 manca
2833 4982 3162 5056 tamen,sed
3192 4982 3443 5059 integra,
3476 4991 3533 5044 et
3564 4983 3642 5044 il-

2007 5070 2144 5132 laesa
2177 5073 2435 5132 veritatis
2468 5072 2639 5133 nobis
2672 5071 3054 5151 pulchritudo
3084 5071 3339 5133 refulsit.
3365 5070 3439 5134 Ut
3468 5072 3656 5150 igitur-

2011 5184 2032 5214 ι
2072 5159 2256 5221 Nemo
2287 5160 2420 5232 scit,
2453 5180 2582 5241 quae
2612 5160 2874 5222 hominis
2902 5167 3059 5237 sunt,
3093 5168 3156 5221 ut
3205 5160 3493 5241 scriptum
3524 5172 3637 5241 est,

2006 5249 2113 5309 nisi
2165 5249 2408 5328 spiritus
2456 5249 2715 5311 hominis
2740 5249 2839 5329 qui
2872 5248 2930 5309 in
2964 5267 3033 5310 eo
3064 5257 3154 5311 est
3200 5248 3287 5324 27,
3326 5248 3415 5311 sic
3444 5269 3645 5331 neque

272 5342 395 5401 οἶδε
443 5345 509 5400 τὰ
550 5351 643 5401 ’τυῦ
689 5344 981 5423 ἀνθρώπου,
1026 5342 1163 5399 κατὰ
1203 5343 1264 5397 τὸ
1320 5338 1707 5419 γεγραμμένον,
1766 5340 1809 5394 εἰ
1838 5346 1916 5414 μὴ

2008 5348 2063 5398 ut
2092 5338 2536 5418 existinto,quin
2580 5339 2698 5398 imo
2750 5346 2812 5398 ut
2844 5339 3055 5400 Paulus
3108 5338 3275 5405 dicit,
3319 5356 3497 5401 nemo
3531 5338 3642 5402 scit

272 5438 335 5492 τὸ
395 5444 601 5512 πνεῦμα
656 5436 746 5493 τοῦ
800 5435 1071 5514 ἀνθρώπου
1126 5436 1188 5490 τὸ
1253 5435 1309 5489 ἒν
1382 5435 1545 5510 αὐτῷ,
1621 5432 1755 5488 κατὰ
1822 5432 1912 5487 τὸν

2008 5446 2129 5509 qua:
2159 5426 2260 5491 Dei
2286 5436 2446 5508 sunt,
2480 5427 2592 5489 nisi
2624 5425 2876 5507 Spiritus
2905 5427 3007 5506 qui
3040 5429 3098 5490 in
3129 5446 3201 5489 eo
3231 5433 3494 5493 estdinm
3526 5447 3638 5492 au-

347 5603 412 5653 26
442 5604 609 5666 Joan.
643 5621 762 5679 XVI,
806 5600 1203 5703 13.371Cor:
1238 5617 1303 5676 ιι,
1340 5603 1431 5664 li.
