4210 6292
514 307 630 372 659

1595 309 1805 371 .ῘΟΑΝ.
1855 305 2073 368 VECGI
2113 301 2222 362 (ΖΡ.
2273 301 2783 366 ΡΑΤΗῘΑΒΟΗΛῈ

3781 305 3904 370 660

515 449 636 507 tem
667 444 919 526 venerit,
954 445 1183 521 ait,non
1213 443 1486 526 loquetur
1511 460 1544 504 a
1569 441 1767 519 seipso
1807 438 2151 521 quidquam,

2251 436 2396 494 αὐτὸν
2425 439 2581 514 οἶμαι
2622 441 2838 520 τρόπον,
2887 440 3086 516 μᾶλλον
3119 441 3174 499 δὲ
3203 444 3338 500 κατᾶ
3389 444 3486 512 τὴν
3530 451 3620 501 τοῦ
3686 442 3898 499 Παύλου

517 551 624 613 pro
657 551 727 594 eo
755 534 909 614 quod
945 541 1058 610 est,
1085 532 1408 616 prudentes
1435 550 1538 595 vos
1569 528 1802 605 reddet,
1838 535 1896 590 et
1948 545 2163 616 arcana

514 621 776 684 veritatis
799 615 1102 697 revelabit,
1143 639 1259 684 non
1287 621 1564 702 loquetur
1584 636 1826 700 prorsus
1843 615 2161 699 quidquam

513 710 672 792 quod
696 711 840 772 mihi
867 729 985 773 non
1018 712 1465 791 placeat,neque
1499 705 1829 790 peregrinis
1857 724 1958 767 vos
1979 705 2164 768 disci-

514 798 694 878 plinis
717 799 1204 880 instruet.Neque
1234 798 1396 860 enim
1431 798 1700 880 praprias
1731 796 1974 856 fortasse
2004 793 2168 874 leges

513 886 684 950 feret.
719 890 858 950 Cum
899 907 1037 949 vero
1063 887 1342 969 Spiritus,
1378 895 1436 948 et
1493 886 1660 968 quasi
1695 901 1863 946 mens
1887 901 2018 944 mea
2065 883 2162 964 sit,

515 974 794 1055 loquetur
821 976 1062 1038 omnino
1077 995 1208 1058 quae
1238 976 1299 1036 in
1333 994 1426 1037 me
1459 973 1703 1039 sunt.F.t
1733 975 1855 1034 haec
1885 971 2166 1032 Dominus

514 1063 615 1142 ait,
650 1082 771 1125 non
800 1072 860 1125 ut
888 1064 1143 1126 ministri
1168 1065 1362 1128 locum
1395 1063 1616 1126 habere
1645 1062 1900 1144 Spiritus
1931 1069 2166 1122 sanctus

519 1150 810 1227 videatur,
847 1161 908 1214 ut
940 1151 1217 1232 imperite
1239 1170 1270 1215 a
1303 1151 1606 1214 nonnullis
1639 1150 2016 1232 praedicatur,
2061 1148 2163 1211 sed

517 1247 579 1300 ut
603 1241 871 1320 ejusdem
900 1259 1032 1304 esse
1051 1241 1336 1303 cumFilio
1356 1240 1696 1302 substantiae
1718 1241 2170 1303 conﬁrmaretur

518 1329 636 1391 Sed
675 1337 740 1390 ut
761 1331 958 1409 potius
988 1330 1276 1392 certiores
1297 1328 1574 1391 redderet
1601 1329 2170 1410 discipulos,secun-

521 1417 655 1477 dun.-
697 1419 972 1480 essentize
995 1418 1289 1480 rationem
1323 1437 1356 1479 a
1387 1436 1449 1479 se
1479 1418 1606 1497 ipso
1637 1437 1755 1480 non
1788 1437 1919 1480 esse
1967 1417 2167 1480 diver-

2245 527 2420 606 φωνὴν
2451 525 2612 592 οὐδεὶς
2662 527 2778 585 οἶδε
2835 531 2899 586 τὰ
2968 538 3058 587 τοῦ
3127 535 3278 612 Θεοῦ,
3327 535 3369 588 εἰ
3430 534 3506 608 μὴ
3561 535 3623 589 τὸ
3679 537 3895 607 Πνεῦμα

2245 616 2336 672 τοῦ
2391 625 2522 676 Θεοῦ
2576 619 2636 674 τὸ
2693 617 2748 673 ἐν
2779 620 2938 692 αὖτῷ.
3001 611 3174 678 ιὈταν
3251 611 3338 679 οῦν
3391 621 3540 694 ἔλθη,
3589 622 3770 701 φησὶν,
3831 621 3890 677 ὠ

2247 704 2471 775 λαλήσει
2542 706 2630 788 ἀφ’
2681 707 2863 763 ἑαυτοῦ
2900 706 3064 787 οῦδὲν,
3135 709 3247 766 ἀντὶ
3303 732 3417 782 του,
3499 723 3729 766 συνετιεϊ
3791 710 3889 784 μὲν

2247 795 2412 871 ἡμᾶς,
2458 796 2546 851 καὶ
2587 797 2648 852 τὸ
2677 797 2793 875 περὶ
2841 803 2938 863 τῆς
3003 797 3249 864 ἀληθείας
3300 797 3627 874 ἀποκαλύψει
3675 799 3886 874 μυστή-

2248 906 2380 962 ριον,
2412 882 2633 953 λαλήσει
2684 906 2744 962 γε
2788 887 2893 959 μὴν
2957 883 3098 942 οῦδὲν
3156 886 3428 950 παντελῶς
3488 895 3593 943 τῶν
3649 886 3887 959 ἆπᾳδόν-

2245 994 2349 1027 των
2379 972 2517 1048 ἐμοὶ,
2554 971 2670 1028 ἀλλ’
2726 974 2840 1031 οῦδὲ
2885 973 3026 1040 ξένον
3070 976 3197 1049 ὑμῖν
3241 977 3582 1053 εἶσηγήσεται
3637 978 3883 1051 μαθημα.

2248 1062 2320 1117 06
2376 1062 2473 1140 γὰρ
2529 1059 2682 1125 ἰδίους
2767 1065 2932 1142 τυχὸν
2987 1064 3194 1118 εἰσοίσει
3254 1065 3467 1138 νόμους,
3539 1063 3757 1130 Ἐπειδὴ
3835 1063 3887 1119 δὲ

2251 1157 2455 1224 πνεῦμα
2510 1152 2596 1206 καὶ
2666 1152 2819 1207 οἱονεὶ
2902 1161 3020 1215 νοῦς
3078 1150 3216 1208 ἐστιν
3287 1151 3435 1224 ἐμὸς,
3529 1151 3751 1222 λαλήσει
3826 1151 3889 1219 δὴ

2252 1240 2462 1306 πάντως
2491 1242 2556 1297 τὰ
2599 1241 2650 1298 ἐν
2704 1242 2843 1316 ἐμοί.
2895 1245 2992 1300 Καὶ
3034 1243 3188 1299 τοῦτό
3238 1266 3398 1321 φησιν
3454 1247 3482 1299 6
3513 1244 3726 1322 Σωτὴρ,
3788 1248 3888 1322 οὔχ

2250 1331 2342 1388 ’ίνα
2397 1340 2597 1410 νοῶμεν
2654 1336 2966 1415 ὑπουργικὸν
3025 1337 3086 1392 τὸ
3146 1342 3354 1410 Πνεῦμα
3424 1339 3485 1392 τὸ
3542 1335 3694 1413 ἅγιον
3754 1336 3888 1391 κατὰ

2251 1424 2348 1491 τήν
2405 1444 2559 1479 τινων
2619 1424 2863 1498 ἀμαθίαν,
2938 1423 3279 1504 πληροφησαι
3325 1423 3378 1480 δὲ
3441 1423 3641 1500 μᾶλλον
3698 1422 3886 1493 ἐθελή-

515 1524 672 1569 sum.
700 1505 840 1567 Haee
873 1525 1112 1588 prorsus
1145 1507 1441 1588 loquetur,
1467 1515 1522 1568 et
1542 1506 1905 1588 operabitur,
1935 1515 1992 1568 et
2015 1524 2164 1569 con-

2251 1531 2346 1572 σας
2390 1510 2509 1573 τοὺς
2541 1511 2779 1584 μαθητὰς
2832 1515 2905 1575 ὼς
2951 1517 3054 1592 οὔχ
3109 1512 3282 1591 ἕτερον
3333 1511 3388 1567 ὅν
3449 1512 3561 1592 παρ’
3619 1511 3772 1567 αὺτὸν
3829 1513 3888 1566 τὸ

515 1593 804 1672 cupiscet.
840 1599 1278 1676 Proptereaque
1312 1595 1616 1676 praemisit,
1643 1597 1800 1677 quod
1832 1595 2164 1657 etiamven-

2251 1605 2460 1673 Πνεῦμα
2510 1601 2666 1656 αὐτοῦ
2721 1601 2856 1659 κατά
2911 1623 2970 1679 γε
3041 1602 3128 1657 τὸν
3186 1600 3239 1656 ἐν
3265 1602 3640 1676 ὃμοουσιότητι
3704 1599 3884 1678 λόγον.

521 1692 656 1742 tura
685 1683 1334 1758 annuntiabitvobis,ac
1348 1684 1723 1759 sidiceret,id
1740 1685 1969 1763 signum
1997 1683 2164 1744 vobis

2251 1693 2419 1743 Ταῦτα
2448 1685 2502 1743 δὲ
2545 1689 2754 1753 πάντως
2809 1688 3033 1760 λαλήσει
3089 1691 3175 1746 καὶ
3235 1689 3503 1770 ἐνεργήσει
3551 1691 3638 1746 καὶ
3682 1687 3884 1765 βουλή-

522 1771 734 1840 erit,ex
768 1791 898 1834 mea
939 1771 1269 1834 substantia
1311 1771 1595 1853 Spiritum
1628 1791 1780 1847 esse,
1816 1781 1870 1834 et
1901 1779 2159 1835 mentem

2251 1797 2414 1836 σεται.
2474 1778 2575 1832 Διὰ
2645 1779 2742 1857 γὰρ
2787 1800 2866 1834 τοι
2939 1785 3091 1835 τοῦτο
3134 1779 3498 1856 προστέθεικεν
3543 1777 3622 1833 ὅτι
3681 1779 3770 1833 καὶ
3825 1778 3888 1833 τα

518 1877 649 1921 esse
681 1861 847 1938 quasi
879 1879 1095 1938 meam,
1123 1861 1260 1922 dum
1297 1861 1395 1922 ille
1424 1862 1922 1941 quemadmodum
1964 1871 2025 1924 et
2051 1879 2158 1940 ego

2251 1864 2509 1945 ἐρχόμενα
2538 1867 2823 1945 ἀναγγελεῖ
2866 1871 3015 1948 ὑμῖν,
3067 1870 3354 1948 μονονουχὶ
3407 1867 3600 1946 λέγων,
3661 1880 3889 1940 σημεῖον

515 1949 714 2012 futura
757 1950 1062 2031 praedicet;
1101 1949 1345 2030 praedixi
1377 1950 1534 2012 enim
1566 1957 1624 2012 et
1653 1950 1704 2012 si
1735 1969 1852 2012 non
1887 1952 2158 2033 potuistis

2251 1963 2391 2012 τοῦτο
2420 1953 2565 2012 ἔσται
2609 1958 2758 2036 ὑμῖν,
2793 1957 2872 2013 ὅτι
2905 1955 2968 2024 δὴ
3027 1958 3236 2021 πάντως
3282 1956 3342 2013 ἐκ
3377 1963 3473 2024 τῆς
3529 1956 3664 2032 ἐμῆς
3713 1956 3890 2016 οὐσίας

515 2037 714 2099 omnia
739 2036 1310 2118 intelligere.ltaque
1334 2057 1453 2100 non
1486 2047 1684 2120 posset
1713 2039 1813 2103 ille
1843 2041 1929 2103 uti
1957 2051 2014 2104 et
2051 2062 2158 2123 ego

2251 2047 2300 2100 τὸ
2344 2046 2555 2120 Πνεῦμά
2584 2045 2718 2115 ἐστι,
2774 2047 2861 2101 καὶ
2919 2047 3038 2102 οἷον
3097 2045 3224 2120 ἐμός
3283 2046 3392 2102 ἔστι
3450 2049 3590 2123 νοῦς,
3650 2046 3710 2100 τὸ
3751 2043 3891 2120 ἐρεῒν

513 2126 708 2188 futura
739 2127 1088 2208 praedicere,
1123 2127 1237 2188 nisi
1269 2126 1512 2190 omnino
1545 2127 1606 2188 in
1631 2148 1724 2190 me
1751 2139 1929 2208 esset,
1967 2140 2024 2193 et
2053 2151 2160 2214 per

2251 2134 2392 2189 ιῦτὸν
2482 2134 2541 2188 τὰ
2601 2133 2850 2214 ἐσόμενα,
2914 2135 3145 2212 καθάπερ
3217 2134 3347 2212 ἐγώ.
3414 2135 3708 2212 Προείρηκα
3767 2133 3888 2209 γὰρ,

518 2233 614 2276 me
648 2215 1121 2296 progrederetur.
1163 2239 1184 2272 ι

2251 2224 2286 2276 εὶ
2315 2224 2404 2278 καὶ
2444 2222 2522 2297 μὴ
2551 2219 2822 2290 δεδύνησθε
2877 2223 3048 2278 πάντα
3089 2227 3303 2294 μαθεῖν.
3352 2227 3458 2281 οὐκ
3515 2222 3576 2277 ἂν
3619 2222 3706 2276 οὖν
3769 2220 3885 2298 ἄρα,

2243 2311 2478 2389 καθάπερ
2521 2309 2648 2388 ἐγὼ,
2695 2325 2910 2390 προερεῖ
2941 2312 3006 2366 τα
3061 2310 3305 2387 ἐσόμενα,
3371 2311 3448 2386 μὴ
3507 2312 3631 2388 οὖχὶ
3681 2309 3890 2369 πάντως

2245 2397 2299 2454 ἐν
2332 2398 2461 2480 ,ἐμοί
2488 2421 2547 2455 τε
2577 2401 2840 2480 ὑπάρχον,
2873 2401 2961 2456 καὶ
2991 2397 3058 2454 δι’
3089 2399 3220 2475 ἐμοῦ
3263 2399 3479 2475 προίόν.
3519 2421 3542 2454 ι

2329 2479 2385 2544 Ὀ
2417 2489 2572 2552 αὐτὸς
2604 2489 2676 2553 εἷς
2719 2491 2780 2544 τὸ
2824 2479 2958 2545 κατα
3001 2488 3254 2556 Ἰωάννην
3314 2488 3368 2544 ἰν
3396 2495 3472 2562 τῷ
3525 2485 3571 2543 δ’
3625 2484 3810 2562 βιϐλίῳ
3840 2486 3892 2541 ἐν

524 2578 583 2633 et
615 2589 722 2650 ego
755 2570 882 2631 vivo
917 2583 1156 2654 propter
1185 2577 1417 2638 Patrem
1464 2573 1544 2645 ‘38,
1584 2599 1606 2630 η
1646 2573 1749 2636 lib.
1783 2590 1862 2655 ιν,
1897 2593 2026 2656 cap.
2065 2575 2158 2638 18.

2251 2575 2515 2655 κεφαλαίῳ
2544 2600 2598 2643 ιη
2613 2567 2644 2656 ’,
2678 2579 2751 2640 εἷς
2786 2579 2848 2634 τὸ
2875 2578 3034 2654 ῥητὸν
3063 2579 3146 2652 τὸ,
3205 2596 3235 2636 (
3269 2578 3452 2639 Καθὼς
3511 2575 3794 2656 ἀπέστειλά
3825 2597 3889 2649 με

524 2659 1035 2731 Quemadmodum
1053 2663 1210 2724 enim
1230 2663 1428 2723 lumen
1445 2663 1518 2725 de
1539 2663 1763 2724 lumine
1782 2683 1911 2725 esse
1925 2655 2162 2739 dicitur,

2251 2668 2274 2722 6
2313 2673 2414 2736 ζῶν
2447 2655 2652 2746 Πατὴρ,
2685 2665 2838 2745 κάγὼ
2871 2673 2944 2737 ζῶ
2995 2663 3077 2722 διὰ
3132 2667 3220 2722 τὸν
3293 2665 3520 2744 Πατέρα.
3559 2695 3582 2724 ι
3648 2655 3738 2726 Ὠς
3792 2665 3891 2740 γαρ

523 2748 610 2809 sic
639 2756 698 2809 et
723 2747 836 2810 vita
867 2768 934 2812 ex
957 2751 1173 2814 vita.Et
1213 2751 1709 2831 quemadmodum
1736 2771 1864 2834 qua
1903 2753 2036 2815 luce
2066 2753 2162 2816 in-

2251 2762 2360 2834 φῶς
2391 2754 2448 2810 ἐκ
2477 2757 2647 2834 φωτὸς
2678 2755 2819 2811 εἶναι
2853 2753 3087 2834 λέγεται,
3143 2753 3278 2811 οῦτω
3323 2756 3412 2810 καὶ
3466 2754 3576 2824 ζωὴ
3605 2753 3662 2809 ἐκ
3691 2757 3834 2822 ζωῆς
3871 2768 3883 2780 ·

523 2836 1085 2918 digent,perFilium
1109 2840 1512 2904 DeusetPater
1532 2841 1824 2904 illuminat
1845 2861 1949 2921 per
1965 2843 2166 2906 lumen

2251 2846 2336 2902 καὶ
2405 2844 2580 2921 ὥσπερ
2623 2845 2688 2902 τὰ
2757 2846 2928 2923 φωτὸς
3003 2842 3223 2918 δεόμενα
3279 2851 3486 2924 φωτίζει
3547 2845 3574 2898 6
3632 2844 3759 2904 Θεὸς
3803 2845 3889 2898 καὶ

525 2926 830 3005 proprium
852 2927 1060 2989 Filium
1095 2951 1107 2988 :
1135 2937 1192 2990 et
1213 2933 1310 3010 qui
1331 2929 1677 3011 sapientiam
1703 2929 2014 2993 admittere
2038 2951 2167 3012 pos-

2251 2934 2432 3012 Πατὴρ
2461 2931 2544 2988 διὰ
2573 2935 2746 3013 φωτὸς
2776 2931 2900 2990 ἰδίου
2949 2935 3041 2989 τοῦ
3088 2935 3230 3008 Υἱοῦ,
3275 2935 3361 2989 καὶ
3406 2945 3562 3012 σοφοῖ
3609 2931 3674 2987 τὰ
3703 2953 3888 3011 σοφιας

525 3021 685 3087 sunt,
720 3034 828 3096 per
856 3017 1151 3099 propriam
1184 3019 1534 3100 sapientiam
1567 3020 1866 3100 sapientes
1913 3021 2072 3093 facit,
2111 3030 2169 3084 et

2251 3021 2481 3095 δεκτικὰ,
2515 3024 2586 3086 ὡς
2627 3019 2710 3080 διὰ
2736 3021 2918 3100 σοφίας
2970 3019 3122 3093 ἰδίας,
3185 3023 3273 3076 καὶ
3336 3019 3562 3095 δυναμοτ
3606 3041 3670 3074 τα
3730 3016 3890 3074 δυνα-

525 3122 656 3185 quae
686 3104 902 3167 robore
932 3106 1204 3186 indigent
1242 3127 1349 3188 per
1377 3108 1562 3170 robur
1602 3127 1807 3171 rursus
1867 3109 2167 3191 proprium

2253 3134 2393 3188 μεως
2425 3111 2694 3190 χρῄζοντα
2746 3112 2818 3175 ὡς
2891 3107 2975 3166 διὰ
3031 3107 3296 3184 δυνάμεως
3342 3107 3499 3167 πάλιν
3555 3106 3712 3186 ἰδίας,
3756 3107 3894 3162 οὕτω

523 3193 886 3268 corroborat,
920 3195 1006 3257 sic
1036 3214 1165 3276 quae
1192 3196 1307 3258 vita
1329 3206 1641 3278 egent,per
1662 3198 1837 3259 vitam
1867 3200 2163 3280 propriam

2251 3207 2501 3272 ζωοποιεῖ
2541 3200 2606 3254 τὰ
2649 3199 2749 3254 ὅσα
2819 3199 2915 3278 πέρ
2967 3197 3076 3254 ἐστι
3131 3203 3228 3265 τῆς
3272 3196 3394 3277 παρ’
3457 3198 3614 3254 αὺτοῦ
3671 3193 3891 3271 δεόμενα

523 3288 582 3343 et
611 3301 740 3364 qua:
761 3303 868 3364 per
887 3283 1077 3365 ipsum
1105 3284 1587 3363 eﬁ‘unditur,Filii
1607 3306 1821 3368 nempe
1847 3287 2160 3349 viviﬁcat.»

2251 3295 2390 3360 ζωῆς
2462 3287 2544 3344 διὰ
2616 3293 2758 3359 ζωῆς
2829 3286 2981 3363 Βίας,
3041 3287 3127 3343 καὶ
3181 3285 3233 3352 ἒξ
3285 3287 3440 3343 αὐτοῦ
3493 3285 3891 3365 προχεομένης,

2248 3377 2483 3434 τουτέστι
2527 3385 2617 3434 τοῦ
2649 3379 2792 3437 Υἶοῦ.
2837 3401 2859 3432 η

2333 3459 2390 3523 Ὀ
2436 3468 2589 3529 αὐτὸς
2645 3467 2716 3530 εἷς
2772 3467 2855 3539 τὸ,
2925 3489 2951 3519 α
2985 3463 3225 3527 Ἐκεῖνος
3284 3463 3377 3539 ἐμὲ
3433 3463 3659 3537 δοξάσει,
3720 3464 3801 3520 ὅτι
3835 3466 3896 3519 ἐκ

605 2481 765 2542 Idem
797 2481 857 2543 in
888 2482 1138 2562 dictum,
1180 2509 1202 2543 ιι
1239 2485 1402 2548 Sicut
1433 2502 1527 2546 me
1558 2485 1718 2546 misit
1745 2485 1945 2547 vivens
1967 2483 2160 2566 Pater,

607 3457 859 3522 Idem'in
892 3461 1211 3526 illudzcllle
1244 3483 1336 3525 me
1369 3464 1716 3526 clariﬁcabit
1741 3486 1753 3525 :
1775 3468 1913 3547 quia
1940 3465 2014 3528 de
2033 3485 2165 3528 meo
2213 3510 2218 3515 ι

528 3548 784 3629 accipiet
804 3550 882 3624 ²9,
911 3576 936 3606 ι›
972 3551 1165 3634 inquit
1198 3575 1211 3614 :
1246 3579 1270 3609 α
1307 3553 1610 3616 Gloriﬁcat
1657 3555 1895 3634 quidem
1951 3556 2166 3617 Filium

524 3638 1006 3714 Paracletus,hoc
1039 3650 1128 3702 est
1158 3643 1435 3724 proprius
1466 3643 1624 3704 illius
1640 3643 2023 3725 Spiritus,qui
2043 3663 2169 3706 om-

524 3727 624 3787 nia
656 3735 866 3808 potest,
915 3729 1017 3810 qui
1069 3732 1270 3792 omnia
1305 3732 1487 3794 novit.
1523 3732 1818 3794 Clariﬁcat
1847 3751 1984 3794 vero
2017 3752 2168 3814 quo-

526 3815 909 3889 modo?Qaae
956 3819 1114 3879 enim
1177 3819 1286 3881 scit
1336 3827 1642 3902 potestque
1699 3821 1955 3901 Spiritus
1985 3822 2165 3897 illius,

520 3904 818 3986 quomodo
853 3905 982 3985 ipse
1032 3925 1149 3968 non
1195 3909 1424 3971 noverit
1475 3916 1575 3970 aut
1634 3909 1896 3990 poterit?
1925 3909 2072 3990 Etsi,
2106 3918 2170 3970 ut

519 3993 651 4073 ipse
679 3992 1047 4074 ait.Spiritus
1077 3996 1152 4057 ab
1183 3996 1311 4078 ipso
1343 3996 1729 4078 accipit,|icet
1758 4001 1956 4060 omnia
1984 3998 2170 4080 possit

520 4100 589 4143 ac
603 4081 1192 4164 perﬁciat,quomodo
1212 4085 1338 4167 ipse
1357 4105 1473 4149 non
1490 4086 2168 4168 possederitillud,quod

525 4169 708 4233 rebus
732 4169 791 4230 in
823 4171 1100 4234 omnibus
1129 4174 1549 4237 validissimum
1583 4182 1700 4238 est?
1733 4175 1849 4238 Sed
1905 4177 2063 4238 enim
2095 4176 2170 4236 il-

525 4257 625 4319 lud
657 4266 818 4320 certo
852 4261 1173 4322 tenendum
1201 4271 1310 4339 est,
1345 4265 1509 4327 nullo
1543 4264 1718 4326 modo
1770 4263 2166 4334 Paracletum.

521 4347 636 4410 hoc
662 4355 752 4408 est
775 4345 1113 4428 Spiritum,i
1139 4351 1351 4430 ropriaa
1379 4352 1658 4415 naturalis
1692 4353 2031 4434 innataeque
2058 4373 2167 4434 po-

524 4435 722 4497 tentiae
749 4435 1017 4514 indigum
1050 4457 1218 4502 esse:
1245 4441 1392 4503 adeo
1426 4450 1508 4524 ut,
1531 4442 1583 4504 si
1612 4461 1730 4503 non
1773 4442 2022 4523 accipiat
2051 4461 2170 4504 non

2249 3562 2339 3611 106
2369 3555 2497 3623 ἐμοῦ
2551 3554 2804 3630 λήψεται,
2840 3578 2866 3608 ι)
2903 3555 3060 3634 φησίν
3095 3571 3108 3584 ·

2253 3647 2370 3700 Υἱὸν
2401 3647 2428 3700 ὁ
2473 3643 2837 3722 Παρείκλητος,
2872 3643 3104 3699 τουτέστι
3136 3645 3195 3700 τὸ
3253 3642 3388 3698 ἴδιον
3438 3645 3593 3698 αὒτοῦ
3655 3649 3891 3718 Πνεῦμα,

2251 3734 2420 3789 πάντα
2476 3733 2683 3813 ἰσχύον,
2741 3734 2829 3789 καὶ
2887 3733 3055 3790 πάντα
3123 3730 3276 3796 εἶδός,
3358 3730 3570 3801 Λοξάζει
3628 3729 3682 3785 δὲ
3727 3737 3894 3798 πῶςς

2255 3811 2332 3878 υΑ
2365 3823 2462 3901 γὰρ
2519 3819 2631 3878 οἶδε
2673 3823 2760 3878 καὶ
2817 3819 3026 3878 δύναται
3085 3823 3145 3877 τὸ
3204 3827 3412 3894 Πνεῦμα
3459 3821 3612 3875 αὖτοῦ
3662 3825 3776 3881 πῶς
3836 3819 3896 3873 ἂν

3162 3578 3187 3607 ι
3226 3553 3436 3624 Δοξάζει
3486 3561 3762 3632 τοιγαροῦν
3808 3555 3890 3608 ιον

2253 3917 2406 3979 αὐτὸς
2438 3917 2530 3972 οὐκ
2564 3912 2723 3982 εἶδοίη
2781 3915 2946 3994 τυχόν
2979 3936 2994 3984 ;
3031 3914 3067 3982 ἢ
3123 3919 3236 3976 πῶς
3267 3915 3361 3970 οὒκ
3418 3911 3479 3967 ἅν
3523 3911 3775 3990 δύιαιτος
3811 3913 3897 3966 καὶ

2252 4006 2318 4083 εἰ,
2377 4004 2609 4082 καθάπερ
2684 4003 2834 4068 αὐτός
2897 4026 3082 4083 φησιν,
3147 4000 3198 4068 ἐξ
3275 4005 3431 4060 αὔτοῦ
3525 3998 3778 4074 λομϐένει
3837 4003 3898 4054 τὸ

2253 4099 2489 4167 Πνεῦμα,
2543 4093 2710 4149 καίτοι
2782 4093 2952 4148 πάντα
2995 4092 3180 4171 ἰσχύον
3259 4092 3347 4146 καὶ
3415 4093 3719 4171 κατορθοῦν,
3784 4097 3895 4150 π·ῖι;

2253 4183 2314 4238 ἅν
2359 4182 2509 4244 αὐτὸς
2555 4186 2649 4240 οὐκ
2679 4179 2796 4261 ἔχοι
2825 4182 2885 4237 τὸ
2916 4181 2998 4261 ἐφ’
3029 4180 3219 4237 ἅπασιν
3271 4178 3489 4258 ἰσχυρόν
3521 4197 3538 4254 ς
3577 4169 3890 4240 ιΥποτοπη-

2252 4269 2372 4326 τέον
2415 4267 2468 4324 δὲ
2513 4266 2753 4344 οὐδαμῶς
2784 4269 2969 4348 ἰσχύος
3003 4265 3181 4339 ἐπιδεᾷ
3209 4267 3305 4334 τῆς
3337 4266 3566 4345 ἐμφύτου
3608 4267 3696 4322 καὶ
3739 4287 3897 4344 φυσε-

2254 4363 2354 4424 κῆς
2380 4358 2692 4414 καθεστάναι
2722 4358 2810 4413 τὸν
2865 4356 3230 4437 Παράκλητον,
3277 4355 3510 4412 τουτέστι
3571 4356 3631 4410 τὸ
3662 4361 3899 4416 Πνεῦμα,

2254 4449 2325 4512 ὡς
2358 4448 2401 4502 εἰ
2430 4447 2505 4522 μῆ
2537 4444 2697 4502 λαϐὸν
2726 4447 2883 4526 τύχοι
2933 4444 3058 4522 μηδ’
3117 4445 3178 4501 ἂν
3235 4444 3528 4522 ἐξαρκέσειν
3585 4445 3739 4501 αὖτὸν
3773 4444 3901 4498 ἑαυ-

527 4524 711 4614 possit
734 4525 863 4605 ipse
885 4544 954 4586 ex
982 4543 1046 4587 se
1079 4527 1207 4608 ipso
1238 4530 1309 4590 ad
1335 4548 1532 4592 rerum
1566 4531 1922 4606 divinarum,
1957 4549 2169 4610 opera-

2255 4543 2330 4611 τῷ
2386 4533 2625 4592 δύνασθαι
2711 4538 2838 4614 πρὸς
2913 4537 3007 4602 τὴν
3079 4541 3182 4591 τῶν
3266 4534 3416 4590 θείων
3479 4531 3903 4610 κατορθωμάτων

527 4613 747 4674 tionem
783 4615 1162 4694 perfectivam
1195 4617 1422 4699 aliquid
1451 4619 1747 4682 conferre.
1782 4619 1896 4682 Sed
1921 4619 2174 4700 quicun-

533 4721 649 4783 que
679 4703 804 4764 haec
853 4704 940 4764 vel
988 4713 1189 4768 mente
1214 4715 1384 4770 tenus
1413 4710 1672 4788 cogitare
1701 4728 1837 4771 vera
1871 4728 2021 4786 esse,
2058 4711 2172 4771 im-

531 4790 764 4869 pietatis
793 4810 967 4872 quam
996 4794 1264 4856 maximae
1295 4797 1521 4858 crimen
1553 4797 1820 4860 subierit.
1857 4799 2001 4861 Cum
2035 4817 2173 4860 vero

533 4878 1053 4944 consubstantialis
1083 4883 1158 4944 sit
1185 4883 1421 4966 Filio,et
1447 4896 1680 4949 emanat
1705 4887 1899 4948 divina
1922 4888 2170 4965 quadam

529 4968 762 5030 ratione
787 4987 890 5049 per
919 4969 1137 5051 ipsum,
1174 4991 1410 5035 omnem
1445 4975 1575 5056 ejus
1600 4975 1828 5037 habens
1874 4975 2171 5052 virtutem,

2256 4623 2979 4698 ἐνέρθειανᾶποτελεστικήν.
3033 4623 3342 4686 Δυσσεῦείας
3373 4623 3471 4700 γὰρ
3523 4619 3582 4676 ἄν
3640 4621 3737 4687 τῆς
3771 4619 3905 4676 ἁπι-

2257 4716 2362 4770 σῶν
2431 4711 2672 4793 ἐσχάτῃς
2729 4715 3016 4787 ὑπομεῖναι
3073 4712 3301 4791 γραφὴν,
3375 4712 3460 4767 καὶ
3519 4707 3716 4787 σφόδρα
3759 4711 3905 4764 εἰκό-

2256 4823 2385 4875 τως,
2435 4804 2462 4858 ὁ
2516 4803 2602 4857 καὶ
2659 4801 2820 4877 μόνον
2872 4803 3062 4868 οἰηθεὶς
3123 4800 3314 4867 ἀληθές
3390 4821 3437 4855 τι
3496 4805 3601 4854 τῶν
3659 4799 3908 4853 τοιούτω-ι

2260 4890 2548 4958 εἶναιπερὶ
2609 4893 2785 4963 αὐτοῦ,
2839 4886 3056 4955 Ἐπειδὴ
3111 4887 3164 4944 δὲ
3223 4885 3497 4962 ὁμοοόσιόν
3554 4908 3609 4941 τε
3669 4885 3778 4941 ἐστι
3837 4890 3911 4956 τῷ

2260 4981 2388 5052 Υἱῴ,
2442 4979 2530 5033 καὶ
2571 4976 2776 5056 πρόεισι
2847 4977 3146 5057 θεοπρεπῶς
3190 4974 3257 5032 δι’
3318 4977 3496 5047 αὐτοῦ,
3536 4981 3704 5030 πῦσαν
3756 4978 3911 5031 αὕτη)

535 5064 592 5117 et
640 5057 1128 5136 perfectissimam
1189 5063 1616 5145 operationem,
1653 5071 1966 5145 propterea
2009 5065 2169 5142 dicit,

2261 5068 2356 5134 τῆν
2407 5066 2488 5144 ἐφ’
2546 5066 2708 5121 ἅπασι
2768 5064 3097 5125 τελεωτάτην
3181 5064 3310 5144 ἔχον
3380 5062 3641 5141 ἐνέργειαν
3712 5084 3769 5119 τε
3833 5065 3914 5118 καὶ

543 5169 567 5234 c_
607 5147 693 5234 De
723 5163 856 5206 meo
904 5146 1180 5229 accipiet.
1223 5174 1246 5208 ι
1286 5153 1613 5215 Persistere
1661 5171 1916 5233 namque
1966 5173 2070 5234 per
2117 5173 2169 5217 se

2264 5154 2502 5230 δύναμιν,
2536 5153 2620 5211 διὰ
2644 5155 2799 5212 τοῦτό
2829 5178 2990 5233 φησιν
3019 5153 3123 5227 ὅτι,
3165 5176 3185 5208 ι
3215 5153 3313 5210 Ἐκ
3340 5159 3429 5208 τοῦ
3457 5151 3584 5227 ἑμόῦ
3614 5149 3912 5225 λήψεται.)

535 5231 822 5323 Spiritum
854 5235 1179 5319 credimus,
1213 5258 1462 5320 esseque
1511 5261 1577 5304 re
1633 5260 1791 5318 vera,
1820 5231 1980 5322 quod
2005 5250 2092 5304 est
2129 5255 2169 5305 e!

2271 5235 2581 5323 ’Υφεστάναι
2641 5243 2741 5320 γὰρ
2786 5231 2910 5298 αὗῖὸ
2955 5239 3071 5298 καθ’
3125 5241 3278 5298 ἑαυτὸ
3325 5242 3386 5295 τὸ
3446 5240 3654 5314 Πνεῦμα
3692 5241 3914 5296 πιστεύ-

533 5319 784 5384 dicitur:
821 5330 881 5383 et
927 5341 1060 5412 cum
1092 5325 1234 5388 insit
1262 5328 1324 5390 in
1365 5319 1694 5393 substantia
1741 5319 1871 5412 Dei,
1923 5339 2169 5407 emanat,

2271 5355 2422 5408 ομεν,
2458 5334 2600 5389 εἶναι
2674 5354 2728 5386 τε
2785 5334 2920 5388 κατα
2974 5331 3225 5402 ἀλήθειαν
3281 5331 3419 5387 τοῦθ’
3488 5331 3616 5404 ὅπερ
3673 5329 3776 5385 ἒετι
3833 5335 3918 5385 καὶ

537 5415 713 5489 atque
745 5411 1126 5491 progreditur
1154 5433 1222 5478 ex
1250 5417 1580 5498 illa,omnia
1603 5420 1764 5483 illius
1786 5411 2169 5503 inisemetipm

2271 5421 2499 5499 λέγεται,
2546 5422 2847 5500 ὶνυπάρχον
2892 5443 2952 5500 γε
2995 5421 3104 5497 μὴν
3136 5427 3203 5497 τῆ
3247 5419 3396 5491 οὖσίᾳ
3451 5426 3542 5475 τοῦ
3599 5419 3732 5475 Θεοῦ
3784 5441 3918 5497 προ-

607 5575 670 5627 18
699 5578 869 5642 .Ioan.
899 5579 962 5654 6,
996 5579 1094 5644 58.
1120 5582 1178 5634 29
1206 5585 1380 5647 Joan.
1416 5605 1534 5669 xvr,
1579 5589 1670 5650 l4.
