4210 6292
313 336 427 401 661

1762 338 2037 403 EPIGRA
2046 337 2219 399 ΡΗᾹΞ

3580 328 3698 397 662

308 474 497 530 κύπτει
540 495 598 529 τε
653 474 737 530 καὶ
797 473 1025 554 πρόεισιν
1070 473 1120 540 ἐξ
1200 475 1361 541 αὐτῆς
1431 474 1602 531 πάντα
1656 473 1722 530 τὰ
1792 473 1949 540 αότῆς

2043 472 2386 535 naturaliter
2419 469 2670 533 habens.
2705 467 2837 531 Non
2871 466 3031 529 enim
3088 465 3565 549 participatione,
3596 474 3699 530 aut

314 560 452 642 ἔχον
483 564 537 619 ἐν
588 564 758 637 ἑαυτῷ
800 566 1053 642 φυσικῶς.
1114 567 1187 622 Ob
1243 564 1342 640 γὰρ
1384 563 1519 620 κατὰ
1562 560 1789 637 μάθεξιν,
1851 560 1969 618 ἀλλ’

310 650 429 707 οῦδὲ
474 652 610 708 κατὰ
665 651 858 729 τρόπον
914 652 1167 731 σχετικόν
1210 648 1329 707 ἀλλ’
1393 652 1494 730 οὑχ
1552 653 1645 731 ὼς,
1677 650 1852 730 ἕτερον
1909 649 1969 706 ὅν

308 740 439 816 παρ’
488 740 674 820 αὒτὴν,
736 729 959 819 ἐπείπερ
977 729 1131 797 *ἐστὶν
1174 737 1310 796 ἴδιον
1370 729 1558 806 αὑτῆς.
1614 729 1817 818 ”Ονπερ
1867 741 1965 817 γὰρ

307 830 505 907 τρόπον
584 830 620 895 ἡ
692 828 752 885 ἐκ
848 835 953 886 τῶν
1039 828 1405 901 εὑοσμοτάτων
1503 828 1699 885 ἀνθέων
1782 826 1964 884 εῧωδία

307 915 544 974 λαϐοῦσα
595 918 786 996 τρόπον
828 921 945 974 τινὰ
998 924 1101 974 τῶν
1146 917 1452 997 προσόντων
1481 919 1664 980 αὑτοῖς
1719 918 1818 985 τὴν
1870 918 1961 972 οὓ-

307 1006 477 1074 σιώδη
527 1010 616 1064 καὶ
657 1008 883 1088 φυσικὴν
940 1007 1227 1086 ἐνέργειαν,
1289 1006 1408 1074 ἤτοι
1460 1008 1744 1074 ποιότητα,
1779 1005 1961 1062 διακο-

307 1098 448 1171 μίζει
502 1110 621 1161 τιοτς
692 1096 792 1162 ἔξω
833 1096 930 1163 τὴν
978 1096 1205 1184 ⁴γνῶσιν,
1268 1109 1386 1158 τοῖς
1457 1096 1826 1175 ὀσφραντικοϊς
1872 1095 1964 1151 τοῦ

305 1185 556 1259 σώματος
628 1184 826 1264 μορίοις
885 1182 1239 1257 ἐμπίπτουσα,
1297 1187 1385 1241 καὶ
1440 1182 1589 1241 δοκεῖ
1645 1183 1742 1259 μέν
1823 1205 1957 1255 πως,

304 1271 433 1329 ὅσον
488 1272 614 1340 ἧκεν
658 1275 728 1336 εἷς
773 1272 1004 1336 ἐπινοίας
1061 1270 1242 1349 λόγον,
1302 1271 1453 1353 ἑτέρα
1508 1295 1588 1337 τις
1646 1286 1784 1329 εἶναι
1821 1273 1963 1351 παρὰ

305 1362 405 1429 τὴν
467 1361 777 1437 πέμπουσαν
828 1362 987 1429 αὑτὴν
1045 1361 1221 1440 φύσιν,
1284 1360 1542 1437 νοουμένη
1597 1383 1658 1440 γε
1715 1362 1817 1435 μὴν
1866 1363 1959 1416 οῦ-

304 1449 421 1506 κέτι
492 1451 608 1506 καθ’
662 1449 853 1516 ἑαυτὴν
906 1448 1088 1528 ἑτέραν
1145 1448 1262 1528 ἔχει
1318 1450 1493 1530 φύσιν,
1554 1452 1588 1518 ἡ
1630 1456 1736 1506 τῶν
1780 1449 1833 1515 ἒξ
1888 1451 1960 1503 ὧν

300 1540 395 1594 καὶ
438 1538 491 1594 ἐν
521 1540 609 1601 οἷς
642 1538 783 1596 ἐστιν
819 1558 833 1575 ν
891 1536 1030 1595 οὕτω
1073 1538 1284 1607 νοήσεις
1336 1537 1422 1594 ἐπί
1448 1560 1506 1595 τε
1539 1545 1669 1595 Θεοῦ
1696 1539 1960 1615 καὶοάγῖοο)

302 1627 630 1702 Πνεύματος,
664 1629 753 1682 τόν
800 1632 891 1682 τοῦ
942 1622 1373 1705 παραδείγματος
1431 1624 1720 1684 ἀναϐαίνων
1774 1625 1955 1704 λόγον.

299 1714 737 1792 Ἀκατηγόρητον
824 1716 911 1771 οὖν
966 1713 1065 1792 ἄρα
1167 1714 1460 1788 παντελῶς,
1547 1717 1633 1771 καὶ
1702 1712 1958 1793 λοιδορίας

297 1802 513 1870 ἀπάσης
566 1801 666 1868 ’ἐξω
721 1803 974 1880 κείσεται,
1033 1806 1094 1860 τὸ
1150 1802 1335 1861 λαϐεῖν
1400 1802 1640 1882 λέγεσθαί
1705 1826 1756 1859 τι
1812 1804 1953 1880 παρὰ

295 1892 395 1949 τοῦ
466 1895 787 1971 Μονογενοῦς
855 1894 916 1948 τὸ
974 1899 1183 1969 Πνεῦμα
1241 1894 1415 1949 αὑτοῦ.
1494 1893 1688 1971 Προϊὸν
1741 1893 1839 1970 γὰρ
1883 1888 1948 1946 δι’

296 1981 459 2036 αὑτοῦ
535 1988 767 2061 φυσικῶς
823 1982 897 2043 ὡς
947 1979 1082 2038 ἴδίον
1159 1982 1318 2037 αὑτοῦ
1398 1980 1534 2055 μετὰ
1604 1980 1815 2036 πάντων
1873 1981 1947 2033 ὧν

299 2067 421 2147 ἔχει
461 2067 698 2149 τελείως,
728 2067 1013 2145 λαμϐάνειν
1042 2069 1253 2148 λέγεται
1296 2067 1363 2127 τά
1392 2071 1573 2126 αὑτοῦ.
1628 2091 1656 2123 n

389 2147 443 2214 Ὀ
470 2159 622 2221 αὑτὸς
666 2160 738 2222 εἰς
782 2159 865 2238 τὸ,
907 2178 930 2214 α
980 2158 1156 2215 Πάντα
1214 2156 1311 2213 ὅσα
1368 2156 1483 2237 ἔχει
1539 2159 1566 2213 ὁ
1610 2157 1791 2235 Πατὴρ
1845 2158 1948 2232 ἐμά

297 2244 435 2319 ἐστὶ,
467 2247 554 2302 καὶ
596 2244 680 2303 διὰ
706 2252 859 2303 τοῦτο
888 2247 1044 2304 εἷπον
1074 2249 1201 2322 ὑμῖν
1248 2248 1377 2322 ὑμῖν
1426 2244 1506 2302 ὅτι
1560 2249 1624 2302 ἐκ
1677 2253 1767 2303 τοῦ
1822 2245 1949 2320 ἐμοῦ

292 2333 576 2409 λαμϐάνει,
627 2335 712 2392 καὶ
754 2335 1029 2415 ἂναγγέλει
1077 2339 1227 2410 ὑμῖν,
1266 2360 1294 2391 n
1356 2335 1508 2416 φησί.
1575 2359 1597 2391 ι
1631 2341 1948 2414 Χαρακτῆρα

296 2423 458 2479 πάλιν
528 2422 780 2502 εἰλικρινῆ
838 2447 894 2481 τε
948 2428 1037 2482 καὶ
1107 2422 1479 2503 ἀκριϐέστατον
1552 2429 1653 2490 τῆς
1708 2425 1946 2482 ὑποστά-

292 2534 434 2577 σεως
465 2521 556 2570 τοῦ
607 2515 808 2593 Πατρὸς
854 2514 1039 2571 ἑαυτὸν
1093 2516 1221 2590 ὑμῖν
1279 2514 1373 2571 κᾶν
1429 2514 1637 2578 τούτοις
1694 2516 1749 2571 εὖ
1803 2512 1947 2589 μάλα

292 2598 531 2679 δέδειλεν
576 2603 603 2657 ὁ
635 2602 779 2676 Υἱὸς,
810 2599 988 2658 διδωσί
1042 2624 1099 2658 τε
1143 2599 1208 2658 δι’
1239 2603 1313 2657 ὧν
1363 2599 1463 2681 ἔφη
1507 2615 1649 2659 νοεῖν
1701 2600 1779 2658 ὅτι
1809 2624 1942 2679 καρ-

291 2691 395 2751 πὸς
452 2690 692 2769 ὑπάρχον
765 2696 863 2758 τῆς
919 2693 1095 2756 οὐσίας
1154 2693 1333 2770 αὐτοῦ,
1404 2691 1584 2751 πάντα
1663 2691 1728 2749 τὰ
1785 2692 1943 2759 αὐτῆς

290 2777 430 2833 κατὰ
475 2777 625 2857 φύσιν
676 2777 951 2857 ἐπάγεται,
1007 2776 1117 2835 ἴδιά
1170 2800 1228 2836 τε
1272 2780 1413 2836 εἶναι
1452 2802 1607 2860 φησι,
1664 2781 1751 2835 καὶ
1801 2778 1945 2851 μάλα

290 2866 533 2931 εἰκότως.
611 2866 987 2943 Διατέμνοντος
1043 2869 1166 2948 γὰρ,
1219 2867 1337 2936 ἤτοι
1381 2867 1669 2932 διιστάντος
1739 2866 1940 2929 οὖδενὸς

290 2956 369 3017 εἷς
412 2952 799 3034 ἀλλοτριότητα
832 2959 926 3013 τοῦ
972 2959 1175 3036 Πατρδς
1202 2959 1293 3014 τὸν
1349 2958 1465 3014 ι’ἳὸν
1520 2955 1642 3013 ὅσον
1698 2954 1824 3022 ἧκεν
1870 2958 1943 3018 εἷς

2052 561 2423 633 habitudine,
2476 578 2588 620 nec
2618 568 2682 620 ut
2727 556 2876 620 alius
2912 555 2984 618 ab
3017 555 3139 637 illa,
3175 555 3282 618 sed
3313 555 3398 618 uti
3427 555 3696 637 proprius

2051 648 2232 712 illius.
2265 647 2782 721 Quemadmodum
2810 645 2969 708 enim
3002 645 3214 707 ﬂorum
3248 644 3696 708 odoratissimo-

2047 757 2180 800 rum
2211 736 2407 799 suavis
2436 734 2794 816 odor,modo
2823 734 3080 816 quodam
3099 734 3504 809 essentiali,ac
3524 741 3696 796 natu-

2048 827 2185 906 rali,
2213 845 2343 907 quae
2368 825 2485 887 illis
2514 824 2798 899 adhzeret,
2828 822 3255 905 operationem,
3290 831 3390 886 aut
3417 822 3694 905 qualitate

2046 923 2308 994 accepta,
2341 914 2639 977 extraneis
2682 914 2854 974 offert
2906 911 3306 990 cognitionem
3333 912 3392 974 in
3425 912 3692 993 corporis

2047 1004 2473 1084 membra,quaa
2492 1001 2731 1064 olfactui
2754 999 3490 1082 deserviunt,incidens,et
3517 1001 3692 1063 vide-

2045 1102 2143 1154 tur
2174 1092 2439 1174 quidem,
2474 1098 2755 1172 quantum
2786 1090 3079 1150 humanus
3109 1087 3445 1151 intellectus
3476 1107 3689 1170 capere

2045 1189 2257 1261 potest,
2287 1181 2437 1242 alius
2453 1198 2584 1242 esse
2616 1178 2689 1239 ab
2718 1196 2809 1258 ea,
2843 1194 2981 1257 quae
3009 1176 3205 1257 ipsum
3239 1177 3457 1239 emittit
3479 1189 3688 1240 natura

2040 1270 2405 1349 introspecta
2438 1289 2451 1332 :
2514 1286 2651 1329 vero
2711 1266 2952 1337 mentis,
3011 1266 3140 1327 acie
3170 1266 3391 1327 nullam
3423 1266 3593 1329 aliam
3626 1267 3687 1328 in

2042 1358 2363 1439 semetipsa
2393 1363 2660 1419 naturam
2691 1353 2981 1428 continet,
3017 1372 3193 1435 quam
3237 1373 3442 1416 eorum
3468 1373 3539 1417 ex
3559 1356 3689 1436 qui-

2041 1445 2151 1508 bus
2173 1456 2261 1507 est
2287 1466 2301 1507 :
2328 1445 2451 1525 pari
2472 1444 2645 1506 modo
2666 1445 2739 1505 de
2762 1442 2878 1505 Deo
2903 1451 3225 1524 sanctoque
3254 1442 3476 1522 Spiritu
3501 1444 3687 1507 ratio-

2041 1537 2266 1611 cinare,
2300 1554 2478 1616 supra
2527 1531 2784 1613 exempli
2845 1532 3135 1594 rationem
3170 1540 3369 1594 mente
3396 1532 3682 1598 sublatus.

2040 1623 2197 1686 Nihil
2230 1624 2407 1703 igitur
2437 1641 2677 1704 prorsus
2734 1620 3068 1683 detrahitur
3095 1620 3373 1698 Spiritus,
3428 1629 3486 1684 et
3513 1640 3685 1685 accu-

2041 1714 2329 1775 sationem
2363 1731 2539 1793 supra
2568 1729 2802 1772 omnem
2835 1718 2947 1783 est,
2972 1708 3023 1770 si
3043 1708 3413 1789 concipiatur
3432 1710 3686 1791 Spiritus

2041 1802 2264 1883 aliquid
2306 1802 2378 1863 ab
2397 1799 2711 1879 Unigeuito
2735 1798 3005 1878 accipere
3040 1816 3054 1859 :
3081 1815 3215 1859 nam
3240 1817 3372 1860 cum
3397 1800 3683 1879 perillum

2036 1891 2381 1952 naturaliter
2410 1887 2846 1971 progrediatur.
2879 1904 3014 1947 cum
3047 1885 3485 1967 omnibus,qua3
3514 1887 3685 1951 abso-

2036 1980 2156 2041 lute
2186 1978 2383 2055 habet,
2415 1978 2683 2058 perfecte
2702 1974 2775 2037 ab
2804 1993 2874 2036 eo
2905 1992 3011 2035 sua
3038 1974 3261 2039 habere
3290 1973 3528 2039 dicitur.
3572 2000 3594 2033 ι

2114 2156 2275 2218 Idem
2312 2155 2373 2216 in
2400 2153 2542 2215 itlud
2573 2171 2586 2215 :
2631 2174 2652 2209 ι
2682 2152 2896 2216 Omnia
2924 2169 3288 2233 quaecunque
3310 2152 3487 2214 habet
3508 2156 3695 2218 Pater-

2036 2264 2168 2306 mea
2196 2253 2333 2306 sunt
2366 2263 2379 2304 :
2418 2249 2731 2323 propterea
2781 2241 2902 2303 dixi
2934 2240 3119 2315 vobis,
3156 2241 3294 2321 quia
3323 2241 3398 2304 de
3428 2260 3562 2305 meo
3586 2262 3683 2307 ac-

2033 2334 2215 2415 cipiet
2244 2342 2300 2395 et
2331 2330 2708 2395 annuntiabit
2730 2330 2892 2393 vobis
2911 2331 3033 2407 30,»
3059 2328 3290 2411 inquit:
3319 2331 3680 2396 «Characte-

2030 2442 2156 2485 rem
2191 2440 2395 2484 rursus
2444 2429 2712 2483 exactum
2744 2427 2921 2500 atque
2966 2418 3267 2480 sincerum
3300 2420 3681 2500 hypostaseos

2033 2524 2182 2596 pate:
2202 2533 2293 2575 me
2323 2513 2417 2574 his
2445 2531 2508 2573 se
2545 2510 2734 2572 verbis
2765 2510 2950 2573 Filius
2971 2508 3228 2571 ostendit
3261 2530 3273 2570 :
3311 2509 3679 2589 intelligere-

2031 2623 2143 2685 que
2166 2601 2426 2683 facitper
2465 2619 2596 2685 quae
2618 2599 2790 2679 dixit,
2814 2617 2948 2661 cum
2980 2598 3056 2658 sit
3087 2597 3311 2659 fructus
3340 2596 3681 2662 substantia:

2030 2694 2240 2766 Patris,
2302 2689 2504 2752 omnia
2559 2708 2690 2769 quae
2723 2688 2852 2767 ejus
2883 2694 3019 2748 sunt
3046 2685 3374 2748 secundum
3410 2693 3674 2748 naturam

2028 2783 2352 2851 attrahere,
2387 2780 2466 2841 ita
2497 2787 2561 2839 ut
2592 2776 2833 2859 proprie
2862 2794 2968 2837 sua
2998 2775 3210 2837 merito
3242 2774 3450 2854 sint,et
3477 2777 3679 2857 appel-

2026 2871 2398 2931 lentur.Cum
2431 2867 2589 2930 enim
2611 2865 2756 2927 nihil
2781 2884 2814 2926 a
2837 2866 3008 2927 Patre
3031 2863 3214 2925 Filius
3239 2864 3472 2944 penitus
3496 2865 3675 2928 diffe-

2027 2968 2139 3025 rat.
2178 2976 2370 3038 neque
2416 2955 2489 3016 ab
2549 2975 2619 3015 ea
2650 2962 2857 3014 natura
2887 2951 2946 3012 in
2978 2952 3153 3013 aliam
3188 2951 3549 3029 traducatur,
3587 2962 3676 3015 est

287 3044 352 3099 τὸ
382 3044 518 3100 κατὰ
544 3051 648 3101 πᾶν
700 3045 874 3103 ὁτιοῦν
943 3046 1127 3121 ὅμοιόν
1183 3068 1239 3102 τε
1310 3048 1397 3103 καὶ
1454 3043 1574 3102 ἴσον
1617 3043 1743 3124 δίχα
1784 3045 1945 3121 μόνον

2036 3046 2117 3107 illi
2148 3066 2254 3126 per
2302 3044 2502 3107 omnia
2560 3042 2771 3104 similis
2803 3049 2862 3102 et
2899 3040 3165 3121 aequalis,
3193 3039 3419 3121 absque
3450 3059 3520 3104 eo
3546 3042 3673 3104 solo

287 3139 386 3189 τοῦ
455 3133 597 3189 εἶναι
670 3134 876 3214 Πατέρα
939 3134 1343 3210 διαλαμπούσης
1372 3157 1431 3192 τε
1488 3140 1585 3202 τῆς
1639 3134 1817 3198 οὒσίας
1889 3134 1943 3190 ἐν

289 3221 495 3301 ἀμφοῖν
528 3225 631 3301 οὐχ
674 3222 1052 3303 ἐτεροτρόπως,
1086 3224 1201 3287 πῶς
1237 3224 1333 3281 οὒκ
1358 3223 1420 3279 ἂν
1471 3237 1581 3280 εῒεν
1635 3221 1738 3290 ἤδη
1765 3225 1937 3293 κοινὰ,

289 3308 495 3385 μᾶλλον
539 3308 594 3367 δὲ
618 3312 781 3371 ταυτὰ
809 3314 863 3368 ὲν
890 3312 1116 3393 ἀμφοῖν,
1176 3314 1250 3378 ὡς
1299 3314 1442 3371 εἶναι
1473 3313 1571 3389 μὲν
1631 3312 1683 3367 ἐν
1747 3315 1851 3386 Υἱῷ
1879 3313 1943 3367 τὰ

287 3401 385 3455 τοῦ
430 3402 653 3479 Πατρὸς,
712 3400 766 3457 ἐν
834 3399 888 3457 δὲ
955 3409 1033 3477 τῷ
1090 3403 1294 3459 τεκόντι
1324 3403 1390 3459 τὰ
1443 3408 1535 3459 τοῦ
1568 3402 1935 3480 γεννήματοῆ

294 3489 395 3543 Διὰ
424 3489 527 3566 γὰρ
552 3496 726 3563 τοῦτο,
773 3490 1008 3569 καθάπερ
1065 3489 1293 3568 ἐγῷμαι,
1355 3491 1490 3567 μετὰ
1544 3488 1775 3570 δριμείας
1802 3492 1942 3553 τινὲς

286 3581 391 3643 τῆς
435 3576 822 3659 ἐπιτηρήσεως,
866 3580 985 3644 τοὺς
1038 3585 1153 3659 περί
1212 3580 1408 3636 τούτων
1462 3580 1596 3652 inva
1657 3578 1943 3649 ἐποιήσατο

287 3663 505 3743 λόγους,
541 3655 694 3746 ’Ἔφη
724 3655 844 3744 γὰρ,
891 3667 995 3748 οὐχ
1022 3655 1118 3724 ὅτι-
1133 3669 1303 3727 πάντα
1342 3667 1439 3724 ὅσα
1486 3667 1603 3748 ἔχει
1659 3670 1687 3724 ὁ
1762 3674 1941 3746 Πατὴρ

288 3755 409 3834 ἔχω
437 3756 586 3835 κάγώ
615 3775 630 3791 ·
688 3756 783 3813 ἵνα
833 3758 911 3833 μὴ
968 3757 1101 3834 ψιλή
1159 3782 1238 3824 τις
1295 3759 1464 3816 εἶκὼν
1493 3760 1527 3827 ἢ
1582 3758 1717 3815 κατὰ
1773 3758 1941 3834 μόνην

288 3843 551 3919 νοουμένη
606 3846 706 3913 τὴν
761 3847 1052 3922 ἶσοτυπίαν,
1100 3849 1187 3904 καὶ
1229 3860 1347 3912 τοῖς
1392 3846 1576 3912 ἔξωθεν
1633 3848 1937 3926 ὡραϊσμοϊς

287 3933 684 4013 μεμορφωμένη
751 3934 932 4002 νοῆται
989 3937 1120 4016 πρὸς
1180 3938 1242 3992 τὸ
1310 3935 1631 4015 ἀρχέτυπον,
1704 3937 1936 4014 καθάπερ

284 4021 378 4077 οὖν
459 4022 547 4077 καὶ
610 4023 773 4097 ἡμεῖς
828 4025 996 4103 αὐτοὶ,
1057 4024 1347 4102 γενόναμεν
1404 4024 1503 4103 γὰρ
1572 4023 1692 4080 κατ’
1762 4025 1936 4080 εὶκόνα

284 4115 422 4166 Θεοῦ
455 4125 470 4140 ’
504 4107 621 4166 ἀλλ’
664 4109 793 4190 ἐμὲ,
837 4113 1021 4192 φησὶν,
1073 4114 1208 4193 ἐστὶ,
1266 4115 1365 4181 τὴν
1413 4114 1485 4176 είς
1541 4111 1697 4191 ἄκρον
1752 4111 1938 4169 ἕνωσιν

282 4197 353 4265 ἢν
383 4197 502 4277 ἔχει
547 4200 675 4265 πρὸς
706 4201 796 4256 τὸν
828 4202 1173 4279 γεννήσαντα,
1205 4203 1293 4258 καὶ
1348 4201 1447 4268 τὴν
1512 4201 1609 4269 τῆς
1665 4203 1939 4276 ὁμοουσιό·

2027 3137 2181 3215 quod
2215 3138 2382 3196 Pater
2410 3134 2781 3211 sit.Cumque
2811 3130 2871 3191 in
2905 3137 3153 3210 utroque
3176 3129 3385 3191 eadem
3406 3129 3673 3191 substan-

2028 3224 2106 3284 tia
2136 3222 2344 3285 eodem
2380 3221 2554 3283 modo
2605 3219 2970 3301 praefulgeat,
3003 3217 3300 3299 quomodo
3334 3238 3450 3280 non
3499 3229 3675 3280 erunt

2027 3310 2516 3384 communia,imo
2544 3328 2685 3370 κει-ο
2718 3309 2922 3370 eadem
2949 3326 3079 3389 qum.
3111 3309 3168 3368 in
3198 3316 3454 3387 utroque
3488 3316 3622 3370 sunt
3655 3327 3668 3372 :

2029 3411 2088 3461 ut
2110 3418 2474 3481 quaecunque
2505 3399 2564 3459 in
2595 3397 2765 3459 Patre
2795 3405 2952 3470 sunt,
2988 3396 3197 3459 eadem
3228 3395 3404 3457 etiam
3444 3396 3501 3457 in
3528 3398 3675 3460 Filio

2027 3490 2145 3552 sint
2165 3498 2191 3553 ’ἰ
2215 3493 2283 3553 Et
2306 3487 2755 3569 quaecunquein
2776 3485 2924 3548 Filio
2952 3486 3159 3547 eadem
3181 3485 3456 3548 similiter
3481 3487 3538 3547 in
3564 3505 3672 3566 ge-

2028 3588 2295 3643 nerante.
2330 3578 2494 3652 Ideo,
2528 3586 2590 3638 ut
2615 3596 2720 3656 ego
2764 3585 2927 3658 puto,
2952 3575 3406 3656 exquisitissima
3422 3584 3509 3638 est
3534 3594 3675 3640 usus

2026 3672 2313 3744 oratione,
2349 3671 2422 3732 de
2453 3671 2545 3731 his
2576 3686 2913 3731 sermonem
2939 3668 3166 3729 habens
3192 3686 3207 3742 ;
3230 3685 3483 3748 namque
3500 3669 3665 3743 dixit,

2026 3761 2149 3822 Nan
2178 3760 2735 3842 qurecunquehahct
2770 3761 2941 3817 Pater
2971 3775 3075 3836 ego
3109 3756 3336 3818 habeo:
3367 3776 3441 3817 ne
3472 3757 3669 3837 imago

2028 3850 2291 3929 qumdam
2320 3849 2477 3910 nuda
2498 3855 2672 3929 atque
2704 3847 2939 3927 abjecta
2970 3845 3277 3907 intellectu
3305 3847 3579 3921 formata,
3612 3856 3669 3908 et

2021 3940 2416 4001 exterioribus
2437 3937 2799 4000 ornamentis
2822 3936 3170 4015 figurata,ad
3197 3936 3554 4017 primitivum
3577 3947 3665 4018 ty-

2022 4050 2159 4110 pum
2192 4028 2582 4109 concipiatur,
2618 4027 3115 4107 quemadmodum
3151 4046 3257 4087 nos
3290 4028 3423 4107 ipsi,
3464 4028 3561 4109 qui
3592 4028 3665 4091 ad

2023 4120 2340 4197 imaginem
2372 4115 2479 4179 Dei
2538 4115 2773 4177 formati
2805 4134 3029 4186 sumus,
3066 4134 3198 4175 esse
3226 4116 3512 4180 videatur.
3549 4117 3665 4181 Sed

2024 4227 2152 4270 mea
2183 4216 2341 4280 sunt,
2375 4207 2482 4279 ait,
2520 4205 2882 4266 identitatezn
2919 4203 3261 4265 substantize
3290 4204 3663 4268 absolutissi-

279 4307 445 4351 τητος
516 4284 758 4368 δόναμιν,
817 4287 872 4344 ἐν
926 4288 1351 4369 ἀπαραλλάκτως
1412 4292 1570 4347 οὖσαν
1611 4302 1731 4352 τοϊς
1785 4288 1932 4345 ἰδιώ-

2042 4316 2204 4369 Πιδω,
2238 4315 2412 4377 quam
2442 4293 2617 4356 habet
2637 4312 2773 4371 erga
2796 4292 3115 4371 Patrem,ct
3144 4292 3663 4355 consubstantialis

277 4395 469 4453 μασιν,
537 4374 591 4430 ἐν
647 4375 849 4455 ἀμφοῖν
900 4376 981 4433 διὰ
1035 4378 1218 4435 τούτου
1275 4376 1639 4458 παραδεικνύς.
1697 4380 1859 4436 Τοῦτο
1888 4378 1935 4435 δ’

2036 4374 2383 4461 :irtutem,in
2400 4380 2857 4464 proprietatibus
2875 4380 3667 4444 incommutabilibusosten-

277 4461 343 4518 ἅν
416 4461 548 4525 ἴδοις
616 4465 704 4520 καὶ
762 4464 907 4540 μάλα
967 4468 1146 4546 σαφῶς
1197 4470 1253 4523 ἒν
1314 4467 1509 4547 ἑτέροις
1553 4466 1774 4545 λέγοντα
1804 4471 1932 4543 πρὸς

2039 4475 2349 4555 lens,quod
2374 4461 3034 4533 alibi—etiamadl‘atrem
3050 4487 3384 4530 sermonem
3400 4469 3660 4548 dirigens

275 4554 370 4607 τὸν
401 4552 605 4632 Πατέρα
641 4571 656 4587 ·
692 4576 720 4608 α
770 4555 949 4611 Πάντα
992 4556 1090 4636 γάρ
1132 4558 1197 4612 τὰ
1241 4556 1344 4632 ἐμὰ
1373 4557 1439 4613 σά
1480 4556 1591 4613 ἐστι
1619 4559 1708 4614 καὶ
1761 4559 1827 4613 τὰ
1869 4561 1935 4615 σὰ

2036 4564 2136 4639 tit;
2168 4552 2436 4626 {Omnia
2462 4579 2589 4621 mea
2639 4568 2735 4619 tua
2753 4565 2889 4618 sunt
2920 4566 2975 4617 et
3001 4568 3096 4617 tua
3120 4575 3248 4617 mea
3264 4558 3345 4619 ὅί.
3378 4581 3399 4614 ο
3430 4557 3493 4619 In
3521 4560 3656 4638 qui-

277 4639 403 4713 ἐμά.
444 4641 542 4705 Οἷς
575 4642 675 4720 γὰρ
719 4641 858 4708 ὅλως
891 4643 1061 4700 ἔνεστι
1118 4646 1177 4702 τὸ
1221 4644 1529 4703 διαλλάττον
1560 4644 1730 4726 οῦδὲν,
1784 4649 1871 4704 καὶ
1900 4651 1933 4715 ἡ

2036 4671 2128 4712 >us
2155 4651 2312 4712 enim
2344 4649 2503 4710 nulla
2525 4646 2855 4708 differentia
2880 4645 3101 4719 est,sed
3122 4645 3466 4708 substantia:
3492 4647 3661 4709 iden-

276 4728 415 4783 κατὰ
443 4735 545 4784 πᾶν
603 4732 776 4787 ὁτιοῦν
849 4730 1111 4800 οὗσιώδης
1181 4735 1363 4801 ἰσότης
1420 4756 1477 4790 τε
1518 4736 1605 4791 καὶ
1661 4733 1929 4815 ἐμφέρεια.

2042 4739 2152 4800 itas
2183 4738 2458 4813 maxima,
2515 4745 2571 4797 et
2613 4735 2913 4815 aequalitas
2965 4733 3263 4814 quomodo
3294 4735 3410 4798 illis
3450 4736 3656 4797 eadem

278 4821 396 4879 πῶς
456 4818 549 4873 οὸκ
592 4816 655 4873 ἂν
712 4819 826 4876 εἷεν
880 4822 1043 4877 ταῦτὰ
1222 4823 1421 4903 φύσει,
1479 4822 1641 4903 ’Ἔχει
1690 4824 1861 4881 τοίνυν
1907 4828 1934 4881 ὁ

2036 4829 2219 4889 imnia
2252 4836 2455 4889 natura
2484 4846 2598 4887 non
2621 4826 2831 4886 erunt?
2852 4822 3040 4885 Habet
3062 4822 3219 4884 enim
3242 4826 3397 4888 Deus
3415 4834 3471 4887 et
3492 4824 3662 4888 Pater

276 4904 408 4968 Θεὸς
455 4907 542 4961 καὶ
587 4908 767 4986 Πατὴρ
824 4906 876 4973 ἐξ
925 4914 1081 4968 αὐτοῦ
1119 4933 1178 4967 τε
1234 4913 1319 4968 καὶ
1373 4910 1428 4967 ἐν
1485 4912 1653 4986 ἐαυτῷ
1706 4915 1768 4970 τὸ
1798 4911 1931 4971 ἴδιον

2036 4936 2089 4977 9x
2120 4936 2254 4978 sese
2285 4923 2343 4976 et
2384 4916 2442 4977 in
2494 4933 2627 4976 sese
2685 4914 2966 4994 Spiritum
3013 4914 3341 4994 proprium,
3377 4913 3656 4996 Spiritum

276 4998 515 5073 Πνεῦμα,
545 4994 779 5053 τουτέστι
828 4998 890 5053 τὸ
940 4998 1115 5077 ἅγιον,
1161 4998 1233 5056 δε⁹
1289 5000 1350 5056 οῦ
1407 5013 1523 5064 τοῖς
1578 5002 1745 5080 ἁγίοις
1776 5003 1928 5059 ἐναυ-

2036 5024 2235 5087 nempe
2262 5014 2556 5084 sanctum,
2590 5022 2695 5084 per
2718 5021 2891 5083 quem
2927 5002 2985 5063 in
3018 5003 3236 5064 sanctis
3260 4994 3566 5080 inhabitat,
3600 5015 3660 5067 et

274 5080 472 5176 λξζεταί
518 5104 575 5139 τε
628 5086 714 5141 καὶ
784 5085 1149 5176 ἀποκαλόπτει
1207 5090 1489 5169 μυστήρια,
1545 5093 1638 5149 οῦκ
1681 5090 1734 5147 ἐν
1787 5092 1928 5159 τάξει

2037 5080 2290 5176 nysteria
2323 5080 2564 5170 revelat,
2592 5080 2751 5154 'non
2775 5112 2845 5154 eo
2878 5106 3153 5174 tanquam
3190 5094 3461 5155 ministro
3490 5094 3560 5155 ad
3594 5095 3652 5158 id

272 5176 344 5263 τῇ
368 5170 667 5263 ῦπουργικῇ
727 5173 1271 5263 παραλαμϐανομένου
1311 5180 1443 5256 πρὸς
1490 5186 1665 5256 τοῦτο,
1722 5182 1800 5256 μὴ
1830 5183 1929 5263 γὰρ

2036 5170 2206 5257 utens,
2234 5184 2381 5245 nihil
2421 5182 2577 5245 enim
2603 5181 2716 5243 tale
2748 5170 3118 5261 conceperis,
3152 5182 3257 5244 sed
3289 5194 3353 5244 ut
3383 5201 3491 5263 per
3520 5203 3652 5245 eum

271 5260 459 5335 οἰηθῇς
503 5282 552 5317 τι
584 5269 849 5342 τοιοῦτον,
881 5262 999 5320 ἀλλ’
1031 5265 1084 5321 ἐν
1128 5267 1271 5342 αὒτῷ
1326 5289 1381 5323 τε
1435 5265 1582 5333 ὄντος
1629 5260 1918 5349 οὖσιωδῶς,

2036 5276 2108 5355 lui
2133 5275 2191 5335 in
2216 5274 2341 5354 ipso
2365 5283 2474 5345 est,
2503 5260 3053 5345 subslautialiter,et
3074 5289 3140 5332 ex
3165 5290 3235 5334 eo
3256 5260 3659 5352 inseparabili-

271 5348 363 5402 καὶ
406 5345 459 5413 ἐξ
502 5348 660 5407 αὒτοῦ
686 5350 969 5430 προϊόντος
1000 5352 1290 5435 ἆμερίστως
1319 5377 1376 5411 τε
1402 5356 1490 5412 καὶ
1530 5345 1918 5438 ἀδιαστάστως,

2036 5345 2095 5424 cr
2124 5372 2186 5424 et
2211 5345 2650 5424 indivisibilitcr
2667 5360 3083 5440 emanat,etuti
3108 5361 3345 5442 propria
3363 5345 3653 5443 interpre-

272 5437 348 5498 ὡς
395 5433 507 5492 ἴδιά
531 5459 588 5493 τε
631 5437 1059 5519 διερμηνεέοντος
1086 5433 1153 5501 τὰ
1182 5445 1235 5502 ἐν
1265 5449 1311 5519 ᾧ
1350 5445 1437 5501 καὶ
1468 5442 1521 5510 ἐξ
1566 5448 1724 5526 οὗπερ
1752 5433 1918 5513 ἐστιν,

2036 5462 2162 5514 atur
2193 5472 2284 5532 ea,
2319 5470 2449 5532 qua}
2488 5459 2624 5511 sunt
2650 5449 2778 5530 ejus
2801 5448 2860 5510 in
2892 5433 3007 5531 quo
3036 5433 3159 5514 est:
3200 5433 3317 5511 non
3351 5433 3653 5516 cnim-ali-

356 5594 422 5645 50
451 5595 620 5659 Joan.
655 5614 777 5676 xvr,
816 5598 908 5663 15.
934 5601 988 5652 δί
1020 5602 1190 5668 Joan.
1222 5620 1364 5681 xvu,
1402 5603 1500 5667 10.
