4208 6296
501 337 618 406 663
1595 336 1809 400 JOAN.
1856 331 2074 398 VECCI
2115 329 2167 396 Cl

2273 332 2784 400 PATRIARCHAE
3752 325 3874 392 664

504 481 597 536 ter
624 471 914 537 creaturis
943 471 1423 548 associatur,nisi
1445 488 1552 553 per
1567 469 1784 534 Filium
1813 466 1877 528 in
1897 464 2144 548 Spiritu.

2248 461 2446 543 Opas!
2503 471 2602 549 γὰρ
2660 471 2762 550 οῦχ
2811 469 3001 548 ἑτέρως
3056 476 3124 546 τῇ
3177 471 3341 526 κτὶσει
3399 469 3552 548 Θεὸς,
3587 467 3630 524 εἰ
3675 467 3751 540 μὴ
3806 464 3877 520 δι’

505 561 932 626 Verumtamen
953 562 1054 625 hic
1073 561 1325 644 Spiritus
1344 558 1643 640 Unigeniti
1683 557 1858 626 etiam
1877 562 2151 646 proprius

2248 563 2353 618 Γίοῦ
2393 564 2450 617 ἐν
2521 563 2806 638 Πνεύματι.
2868 559 3017 618 Ἀλλ’
3071 560 3207 619 ἴδιον
3262 563 3362 640 γὰρ
3432 567 3644 635 Πνεῦμα
3721 561 3875 615 τοῦτό

507 649 1156 714 est.Consubstantialis
1175 649 1334 712 enim
1354 649 1514 712 Patri
1534 649 1719 712 Filius
1741 653 2146 726 est.Quoniam

2248 652 2341 705 ἐστι
2409 651 2496 706 καὶ
2549 653 2640 706 τοῦ
2697 657 3020 728 Μονογενοῦς
3057 665 3069 679 ⁸
3131 652 3405 726 ὁμοούσιος
3475 649 3574 728 γάρ
3644 647 3755 702 ἐστι
3799 653 3874 720 τῷ

507 757 677 822 ergo,
708 737 924 821 inquit,
945 739 1054 802 Dei
1085 745 1144 800 et
1163 737 1353 800 Patris
1385 739 1689 820 proprium
1719 741 1896 803 estin
1927 740 2150 822 Spiritu

508 829 745 910 proprio
770 827 962 908 dignis
992 827 1265 904 revelari,
1283 835 1340 888 et
1359 845 1466 908 per
1488 845 1624 889 eum
1645 847 2014 911 quaecunque
2040 849 2148 891 vo-

507 916 1113 998 luerit,0perari,ideo
1143 915 1291 976 mihi
1321 915 1496 977 etiam
1516 917 1860 982 naturaliter
1878 918 2152 1000 proprius

510 1013 600 1068 est
635 1023 648 1068 :
703 1004 778 1068 ob
834 1022 1085 1086 eamque
1114 1021 1352 1066 causam
1384 1003 1528 1077 dixi,
1570 1025 1594 1063 ι
1629 1005 1710 1067 Ex
1740 1023 1873 1067 meo
1902 1006 2156 1088 accipiet

508 1101 568 1156 et
593 1091 971 1156 annuntiabit
1018 1091 1210 1154 vobis.
1251 1116 1274 1151 ι
1309 1091 1552 1154 Nullum
1609 1111 1746 1156 vero
1777 1094 2151 1167 obturbetur,

509 1201 644 1245 cum
667 1181 1030 1264 acceptionis
1051 1198 1271 1244 nomen
1293 1180 1702 1261 intelligitzsed
1730 1183 1999 1264 potiusin
2019 1183 2152 1245 ani-

511 1288 674 1333 mum
705 1278 944 1333 revocet
976 1269 1212 1345 illud,et
1243 1269 1426 1350 probe
1455 1270 2156 1352 concipiet,qu:ecunque

511 1359 588 1421 de
623 1358 746 1422 Deo
765 1358 1371 1434 dicuntur,enuntiari
1393 1357 1633 1439 quidem
1657 1378 1690 1420 a
1711 1359 2018 1442 nobis,sed
2038 1379 2158 1422 non

513 1447 725 1510 eodem
770 1447 946 1509 modo
978 1445 1250 1526 intelligi,
1283 1446 1389 1508 sed
1419 1445 1775 1512 sublimiori.
1816 1449 1949 1512 Pari
1981 1448 2156 1510 modo

515 1535 774 1598 dicimus
829 1534 1113 1617 Spiritum
1145 1553 1215 1597 ex
1245 1538 1417 1598 Patre
1464 1543 1522 1597 et
1557 1535 1729 1618 Filio,
1763 1556 1894 1618 quae
1922 1537 2158 1600 illorum

515 1635 653 1688 sunt
673 1625 970 1706 accipere,
996 1644 1114 1687 non
1131 1624 1270 1706 quia
1287 1644 1405 1687 non
1427 1624 1700 1687 habuerit
1719 1627 2036 1708 aliquando
2057 1646 2162 1689 co-

515 1713 841 1794 gnitionem
872 1722 930 1776 et
958 1721 1400 1795 potestatem,et
1434 1721 1555 1776 tum
1590 1714 1682 1776 vix
1716 1717 1955 1778 tandem
1977 1715 2162 1778 habu-
2182 1757 2220 1805 Β

516 1805 654 1882 erit,
687 1823 822 1866 cum
852 1805 1016 1868 illam
1074 1805 1322 1886 accepit.
1361 1807 1614 1886 Semper
1643 1807 1803 1868 enim
1833 1807 2072 1888 sapiens
2104 1815 2160 1868 et

517 1893 895 1975 omnipotens
925 1892 1182 1976 Spiritus
1214 1901 1300 1956 est
1333 1911 1346 1956 :
1393 1893 1512 1955 imo
1536 1912 1673 1956 vero
1693 1913 1760 1957 re
1780 1896 1907 1977 ipsa
1922 1895 2161 1976 sapien-

518 1983 597 2044 tia
629 1987 690 2044 et
713 1982 924 2058 virtus,
985 2001 1106 2044 non
1151 1982 1620 2064 participatione,
1653 1982 1759 2045 sed
1792 1984 2158 2057 naturaliter,

518 2071 776 2151 exempli
832 2089 1032 2145 causa,
1096 2077 1424 2132 aromatum
1465 2071 1614 2132 odor
1661 2071 1905 2133 naribus
1945 2072 2162 2134 nostris

518 2161 787 2240 objectus
815 2159 1014 2240 prodit
1063 2160 1338 2221 virtutem
1396 2158 1636 2221 illorum
1696 2160 2044 2224 naturaliter
2097 2180 2166 2222 ac

517 2266 759 2330 semper
781 2249 1098 2329 habens,et
1127 2248 1477 2329 cogitatione
1507 2247 1747 2330 quidem
1770 2250 1938 2312 illum
1959 2249 2165 2312 conci-

522 2338 720 2417 pimus
741 2356 861 2399 uon
886 2336 959 2398 ab
985 2337 1116 2399 aliis
1139 2355 1648 2419 emergere,quam
1665 2338 1737 2400 ab
1753 2339 1980 2420 iisipsis
1995 2358 2027 2400 a
2043 2339 2169 2420 qui-

521 2427 635 2490 bus
655 2427 939 2488 virtutem
951 2426 1287 2492 desumit,et
1302 2444 1431 2507 quae
1448 2445 1576 2488 com
1586 2436 2015 2509 monstrat,non
2029 2429 2168 2489 alie-

522 2535 666 2577 num
691 2522 866 2595 atque
883 2514 1292 2591 adventitium,
1327 2515 1431 2577 sed
1457 2533 1530 2577 ex
1550 2515 1624 2577 iis
1657 2516 1802 2598 ipsis
1823 2517 2039 2598 quibus
2069 2517 2164 2578 in-

526 2612 616 2667 est
642 2603 798 2667 :tale
835 2603 976 2684 quid
1017 2603 1138 2664 imo
1177 2603 1353 2665 etiam
1378 2603 1692 2666 sublimius
1713 2606 1788 2666 de
1810 2611 1932 2670 Deo
1955 2607 2167 2688 etSpi-

523 2693 640 2756 ritu
671 2699 877 2755 sancto
908 2691 1218 2756 meditare.
1248 2692 1428 2766 Quasi
1467 2695 1626 2754 enim
1655 2694 1803 2756 odor
1831 2695 2172 2759 substantiae

523 2784 654 2863 ejus
683 2781 905 2856 vivens,
964 2788 1024 2843 et
1075 2788 1302 2862 patens,
1339 2800 1374 2843 a
1421 2781 1542 2844 Deo
1586 2783 1868 2863 primaria
1899 2784 2166 2847 omnium

2230 740 2413 818 Πατρί.
2486 737 2701 806 Ἐπειδὴ
2771 740 2961 819 τοίνυν,
3048 741 3228 820 φησὶν,
3287 739 3582 817 ἐνυπάρχον
3635 736 3871 816 φαίνεται

2231 833 2308 900 τῷ
2367 833 2480 902 Θεῷ
2537 828 2622 884 καὶ
2680 829 2841 906 Πατρὶ
2911 829 2970 883 τὸ
3019 827 3072 884 ἐν
3129 828 3389 902 Πνεύματι
3473 833 3550 900 τῷ
3603 823 3716 897 ἰδίῳ
3759 837 3873 886 τοῖς

2232 915 2390 982 ἀξίοις
2449 915 2907 975 ἀποκαλύπτεσθαι
2963 916 3199 995 ἐνεργεῖν
3254 938 3312 972 τε
3367 917 3454 972 καὶ
3505 913 3568 971 δι’
3625 917 3785 972 αῦτοῦ
3814 913 3877 969 τὰ

2234 1004 2431 1084 ὅσαπερ
2501 1005 2562 1060 ἂν
2615 1004 2892 1081 βούληται,
2953 1007 3112 1081 κάμοὶ
3146 1003 3199 1060 δὲ
3234 1013 3388 1062 τοῦτο
3442 1003 3690 1083 πρόσεστι
3717 1024 3876 1084 φυσι-

2236 1097 2343 1158 κῶς
2379 1113 2394 1130 ⁸
2440 1090 2524 1149 διὰ
2575 1094 2768 1160 ταύτην
2811 1091 3002 1172 εἴρηκα
3073 1094 3170 1161 τὴν
3225 1095 3390 1149 αἰτίαν
3446 1091 3526 1148 ὅτι
3589 1111 3616 1149 ι
3686 1101 3759 1148 Ex
3787 1101 3879 1148 τοῦ

2237 1182 2365 1259 ἐμοῦ
2446 1180 2703 1259 λαμϐάνει
2784 1189 2872 1240 καὶ
2926 1181 3210 1261 ἀναγγελεῖ
3260 1184 3409 1258 ὑμῖν.
3451 1203 3474 1239 ι
3535 1180 3878 1260 Ταραττὲσθω

2238 1272 2293 1328 δέ
2349 1271 2557 1352 μηδεὶς,
2629 1271 2752 1329 ὅταν
2796 1275 2850 1328 ἐν
2919 1273 3121 1334 τούτοις
3180 1273 3343 1348 ἀκούῃ
3387 1274 3448 1328 τὸ
3506 1271 3602 1339 τῆς
3661 1268 3877 1345 λήψεως

2238 1360 2426 1437 ὄνομα,
2537 1359 2902 1436 διενθυμείσθω
2982 1359 3035 1416 δὲ
3119 1359 3320 1437 μᾶλλον
3404 1359 3602 1433 ἐκεῖνο,
3673 1357 3876 1438 δράσειε

2239 1451 2337 1528 γὰρ
2392 1450 2454 1507 ἂν
2521 1451 2705 1529 ὀρθῶς,
2792 1448 2872 1506 ὅτι
2928 1449 3099 1506 πάντα
3156 1449 3220 1506 τὰ
3308 1450 3424 1527 περὶ
3494 1456 3625 1507 Θεοῦ
3681 1446 3877 1502 λαλεῖ-

2241 1559 2326 1594 ται
2358 1538 2452 1612 μὲν
2500 1537 2616 1595 καθ’
2647 1542 2812 1616 ἡμᾶς,
2859 1539 3059 1595 νοεῖταί
3099 1559 3160 1615 γε
3204 1537 3309 1612 μὴν
3366 1536 3470 1616 οῦχ
3513 1537 3697 1610 οὕτως,
3759 1534 3877 1591 ἀλλ’

2241 1629 2370 1705 ὑπερ
2428 1628 2594 1702 ἡμᾶς,
2653 1624 2937 1702 λαμϐάνειν
2994 1647 3050 1682 τε
3104 1625 3240 1684 οῧτω
3295 1627 3357 1682 τὸ
3415 1625 3627 1700 Πνεῦμέ
3680 1646 3876 1704 φαμεν,

2243 1715 2303 1772 ἐκ
2329 1738 2386 1772 τε
2418 1723 2510 1774 τοῦ
2553 1717 2777 1795 Πατρὸς,
2805 1717 2889 1772 καὶ
2943 1723 3036 1772 τοῦ
3084 1717 3201 1771 Υίοῦ
3257 1715 3322 1770 τά
3393 1714 3587 1788 αῦτῶν,
3645 1715 3749 1793 οὒχ
3807 1716 3879 1774 ὡς

2240 1805 2369 1862 ποτέ
2421 1805 2516 1881 μὲν
2565 1807 2660 1862 οῦκ
2727 1803 2853 1884 ἕχον
2921 1805 3016 1872 τὴν
3073 1803 3283 1859 ἐνουσαν
3342 1805 3521 1867 αῦτοϊς
3578 1805 3767 1880 γνῶσίν
3826 1825 3884 1858 τε

2241 1897 2328 1951 καὶ
2370 1893 2605 1970 δύναμιν,
2640 1893 2768 1973 ἕχον
2811 1892 2860 1949 δὲ
2907 1894 3034 1950 ποτὲ
3093 1891 3280 1972 μόλις,
3323 1890 3448 1947 ὅταν
3505 1897 3688 1959 νοῆται
3734 1891 3882 1968 λαμ-

2243 1982 2419 2058 ϐάνον,
2507 1981 2618 2040 Ἀεὶ
2673 1984 2772 2062 γὰρ
2865 1983 3025 2062 σοφὸν
3095 1983 3181 2037 καὶ
3259 1979 3474 2036 δυνατὸν
3542 1982 3602 2037 τὸ
3673 1981 3885 2055 Πνεῦμά

2246 2071 2378 2150 ἐστι,
2413 2070 2614 2147 μᾶλλον
2669 2069 2723 2126 δέ
2767 2072 3082 2150 αῦτόχρημα
3138 2071 3290 2149 σοφία
3355 2071 3442 2125 καὶ
3485 2067 3725 2144 δύναμις,
3791 2070 3886 2126 οῦκ

2247 2160 2306 2217 ἐκ
2337 2166 2580 2240 μετοχῆς
2635 2165 2734 2227 τῆς
2790 2160 2948 2234 τινός,
3023 2157 3158 2214 ἀλλά
3200 2165 3456 2238 φυσικῶς,
3489 2158 3666 2237 ὥσπερ
3724 2157 3767 2212 δ’
3826 2157 3887 2212 ἂν

2247 2261 2428 2335 φῶμεν
2469 2255 2567 2320 τὴν
2615 2251 2674 2309 ἐκ
2715 2259 2820 2308 τῶν
2849 2251 3142 2330 ἀρωμάτων
3188 2263 3310 2313 ταῖς
3353 2250 3634 2328 ἣμετέραις
3679 2252 3886 2330 ὀσφρή-

2529 2340 2588 2366 ρν
2905 2339 2918 2359 9
3133 2339 3148 2360 ι
3199 2337 3210 2354 ο
3381 2337 3396 2354 ι
3491 2337 3516 2356 η
3666 2340 3677 2357 ε
3833 2342 3846 2355 ι

2247 2365 2358 2399 σεσι
2391 2339 2821 2421 προσοαλλουσαν
2873 2337 3086 2394 ευωδίαν
3129 2359 3309 2414 ετεραν
3337 2360 3434 2411 μεν
3489 2359 3610 2393 οσον
3654 2361 3725 2401 ως
3756 2361 3889 2416 προς

2248 2432 2398 2504 αὐτὰ,
2462 2432 2505 2486 εἰ
2547 2430 2670 2494 ταῖς
2727 2428 2976 2490 ἐπινοίαις
3027 2425 3140 2494 δοίη
3210 2449 3290 2490 τις
3356 2425 3440 2504 ἂν,
3503 2426 3890 2505 προεκκύπτειν

2249 2543 2310 2598 γε
2354 2520 2461 2596 μὴν
2505 2519 2606 2597 οὐχ
2665 2517 2852 2597 ἑτέρως
2910 2515 3078 2573 οἴοιτο
3135 2517 3320 2594 τυχὸν,
3383 2515 3418 2582 ἢ
3477 2521 3582 2570 τῶν
3625 2515 3674 2580 ἐξ
3717 2516 3892 2593 ὧνπέρ

2251 2607 2360 2665 ἐστι
2415 2605 2713 2686 δεχομενην
2777 2605 2876 2673 τὴν
2971 2602 3186 2679 δύναμιν
3252 2605 3322 2668 εἰς
3393 2601 3601 2668 ἔνδειξιν
3671 2605 3886 2679 ἐαυτξις,

2253 2696 2346 2762 οῦκ
2401 2695 2555 2752 οὖσάν
2613 2715 2674 2772 γε
2718 2693 2824 2767 μὴν
2879 2692 3056 2770 ἑτέραν
3113 2689 3197 2747 διὰ
3248 2693 3310 2747 τὸ
3369 2690 3420 2757 ἐξ
3465 2694 3634 2748 αὒτῶν
3690 2714 3745 2747 τε
3804 2698 3892 2749 καὶ

2250 2785 2304 2841 ἐν
2347 2788 2527 2847 αὐτοῖς
2593 2781 2901 2862 πεφυκέναι.
2963 2783 3212 2839 Τοιοῦτόν
3268 2803 3340 2855 τι,
3417 2780 3622 2856 μᾶλλον
3695 2781 3749 2837 δε
3805 2785 3891 2838 καὶ

524 2870 782 2934 essentia
811 2869 884 2932 ad
915 2879 1218 2932 creaturas
1265 2890 1396 2952 qua;
1441 2871 1599 2934 illius
1628 2881 1764 2934 sunt
1786 2881 2162 2956 transportat,

2248 2873 2374 2953 ὺπέρ
2429 2882 2581 2932 τοῦτο
2649 2873 2807 2940 νοήσε
2831 2894 2856 2935 ς
2937 2869 3023 2926 ἐπί
3097 2891 3154 2925 τε
3211 2877 3341 2928 Θεοῦ
3416 2871 3503 2926 καὶ
3584 2871 3675 2926 τοῦ
3745 2873 3892 2948 ἁγίου

523 2968 582 3024 et
610 2959 1120 3042 participationem
1158 2979 1264 3042 per
1283 2961 1546 3042 seipsam
1571 2963 2164 3037 communicat.Quod

2249 2964 2575 3037 Πνεύματος.
2634 2961 2800 3018 Οίονεὶ
2883 2960 2980 3038 γὰρ
3050 2959 3190 3034 ὀσμή
3249 2981 3328 3023 τις
3386 2959 3494 3014 ἐστι
3550 2964 3647 3026 τῆς
3717 2961 3892 3022 οὐσίας

524 3051 576 3113 si
605 3058 934 3112 aromatum
957 3049 1108 3112 odor
1137 3052 1436 3131 propriam
1462 3050 1736 3112 virtutem
1759 3071 1963 3115 eorum
1984 3054 2165 3115 vesti-

2252 3059 2407 3114 αὐτοῦ
2449 3053 2591 3125 ζῶσά
2629 3074 2686 3108 τε
2726 3053 2819 3108 καὶ
2874 3051 3115 3130 ἐναργὴς,
3177 3049 3547 3125 διακομίζουσα
3611 3059 3678 3128 τῇ
3733 3053 3896 3108 κτίσει

525 3142 747 3205 mentis
762 3142 1134 3224 relinquit,et
1155 3143 1410 3224 quodam
1433 3143 1608 3205 modo
1628 3143 1687 3205 in
1707 3145 1960 3226 seipsam
1976 3153 2166 3208 trans-

2250 3146 2316 3201 τὰ
2385 3143 2526 3222 παρά
2592 3148 2682 3197 τοῦ
2727 3141 2857 3198 Θεοῦ
2913 3142 2999 3196 καὶ
3064 3144 3164 3206 τῆς
3237 3139 3492 3195 ἀνωτάτω
3566 3146 3749 3196 πασῶν
3803 3142 3894 3197 οὒ-

521 3240 712 3295 mutat
740 3231 900 3307 ea,in
923 3233 1144 3314 quibus
1160 3231 1733 3314 adhmsit,quomodo
1751 3236 2008 3316 Spiritus
2031 3254 2168 3296 san-

522 3320 782 3402 ctus,qui
813 3338 885 3385 ex
915 3323 1042 3384 Deo
1062 3321 1411 3383 naturaliter
1429 3330 1540 3403 est,
1550 3340 1661 3402 per
1681 3324 1765 3385 sei
1774 3340 1943 3404 psum
1959 3324 2173 3386 divinae

521 3418 748 3474 naturai
777 3410 1098 3491 participes
1139 3429 1244 3472 eos
1275 3411 1540 3492 efﬁcere,
1575 3412 1638 3474 in
1666 3430 1816 3492 quos
1839 3413 2174 3476 advenerit?

521 3497 772 3562 Fructus
820 3517 963 3578 ergo
1023 3506 1082 3560 et
1135 3501 1448 3562 character
1505 3508 1762 3581 paternae
1791 3501 2171 3582 hypostaseos

522 3606 656 3649 cum
691 3586 770 3649 sit
809 3587 1225 3663 Filius,omnia
1254 3587 1413 3650 illius
1430 3589 1758 3651 secundum
1787 3597 2052 3650 naturam
2073 3599 2168 3653 at-

531 3675 1181 3758 trahit.Proptercaque
1196 3676 1787 3758 dicit,«Quzecunque
1810 3676 2172 3741 habetPater

524 3783 658 3826 mea
678 3771 858 3839 sunt;
905 3772 1223 3846 propterea
1259 3765 1380 3826 dixi
1403 3764 1591 3837 vobis,
1625 3765 1700 3827 de
1739 3784 1870 3828 meo
1893 3765 2166 3848 accipiet,

526 3862 586 3915 et
614 3852 1178 3915 annuntiabitvobis
1195 3853 1308 3917 39.»
1333 3853 1589 3935 Spiritus
1612 3853 1904 3930 videlicet,
1939 3856 2037 3936 qui
2065 3874 2172 3937 per

524 3961 661 4006 eum
683 3949 743 4004 et
767 3941 830 4004 in
849 3961 919 4004 eo
943 3949 1053 4018 est,
1107 3961 1215 4024 per
1265 3961 1442 4024 quem
1462 3944 1524 4004 in
1545 3944 1765 4006 sanctis
1780 3951 1845 4006 ut
1869 3945 1969 4006 ille
1997 3944 2172 4007 inha-

524 4030 696 4094 bitat.
724 4029 856 4093 Non
915 4030 1076 4094 enim
1135 4031 1297 4095 aliud
1346 4041 1561 4113 praeter
1591 4051 1727 4096 eum
1761 4032 2014 4114 Spiritus
2043 4035 2173 4116 ejus

525 4129 640 4196 est,
665 4120 806 4183 licet
827 4120 886 4184 in
911 4121 1154 4202 prapria
1196 4121 1495 4203 hypostasi
1525 4122 1854 4185 subsistere
1885 4124 2174 4202 intelliga-

524 4218 700 4363 gri'et
714 4211 1060 4292 separatim.
1080 4211 1338 4293 Spiritus
1378 4211 1538 4275 enim
1559 4212 1816 4294 Spiritus
1836 4219 1946 4290 est,
1979 4221 2037 4275 et
2058 4232 2174 4275 non

572 4319 591 4361 ι
621 4317 735 4362 ius.
772 4323 801 4356 ι

572 4317 735 4362 unus.
772 4323 801 4356 ι

2191 4303 2354 4373 Drin,
2429 4301 2488 4356 τὸ
2559 4296 2625 4354 δι’
2693 4299 2850 4354 αὐτοῦ
2907 4318 2964 4352 τε
3019 4297 3105 4352 καὶ
3175 4294 3230 4350 ἐν
3300 4298 3464 4373 αὐτῷ,

2254 3235 2366 3294 σίας
2422 3231 2683 3287 ἐντιθεῒσα
2743 3227 2810 3284 δι’
2881 3228 3069 3295 ἑαυτῆς
3125 3228 3224 3294 τὴν
3295 3224 3518 3302 μέθεξιν.
3590 3230 3647 3284 Εἰ
3713 3230 3809 3306 γάρ
3861 3233 3893 3295 ἡ

2253 3323 2358 3377 τῶν
2415 3320 2709 3399 ἀρωμάτων
2780 3319 2995 3393 εῦοσμία
3052 3316 3148 3383 τὴν
3209 3314 3338 3372 ἰδίαν
3393 3317 3548 3396 ἰσχὺν
3592 3317 3893 3392 ἐναπομάτ-

2253 3431 2396 3466 τεται
2457 3422 2570 3470 τοῖς
2645 3406 2928 3481 ἐσθήμασι,
2972 3407 3059 3462 καὶ
3129 3405 3500 3480 μετασκευάζει
3558 3404 3748 3484 τρόπον
3781 3409 3893 3461 τινα

2255 3501 2382 3578 πρὸς
2415 3497 2606 3563 ἑαυτὴν
2662 3497 2726 3552 τὰ
2799 3495 2852 3550 ἐν
2912 3495 3000 3557 οἷς
3067 3493 3128 3550 ἂν
3195 3493 3424 3571 γένοιτο,
3481 3499 3595 3557 πῶς
3681 3495 3775 3550 οῦκ
3832 3493 3891 3548 ἂν

2251 3588 2466 3668 ἰσχύσαι
2497 3587 2557 3642 τὸ
2586 3592 2796 3660 Πνεῦμα
2851 3586 2912 3640 τὸ
2976 3582 3127 3660 ἅγιον
3183 3581 3394 3659 ἐπείπερ
3462 3584 3602 3638 ἐστὶν
3647 3582 3705 3638 ἐκ
3763 3585 3895 3639 Θεοῦ

2251 3683 2505 3757 φυσικῶς,
2576 3674 2858 3735 κοινωνοὺς
2911 3672 3007 3739 τῆς
3082 3672 3218 3734 θείας
3293 3669 3604 3727 ἀποτελέσαι
3690 3672 3891 3748 φύσεως

2251 3764 2318 3822 δι’
2348 3767 2530 3821 ἑαυτοῦ
2555 3766 2673 3828 τοὺς
2732 3762 2784 3818 ἐν
2827 3775 2910 3825 οτς
2971 3761 3032 3817 ἂν
3090 3760 3339 3840 γένοιτος
3407 3762 3615 3839 Καρπὸς
3660 3762 3748 3815 οὖν
3799 3761 3894 3838 ἄρα

2251 3857 2338 3912 καὶ
2416 3853 2694 3933 χαρακτὴρ
2766 3855 2864 3919 τῆς
2920 3850 3290 3912 αὑποστάσεως
3388 3856 3478 3905 τοῦ
3531 3849 3894 3927 [γεννήσαντος

2254 3944 2505 4022 ὑπάρχων
2553 3944 2579 3997 6
2630 3943 2766 4012 Υἱὸς,
2813 3940 2983 3997 πάντα
3037 3939 3101 3994 τὰ
3158 3942 3314 3996 αὐτοῦ
3369 3940 3502 3994 κατὰ
3560 3940 3708 4018 φύσιν
3759 3939 3894 3995 ἐπά-

2257 4054 2427 4112 γεται.
2465 4031 2559 4086 Διά
2631 4029 2783 4088 τοῦτό
2852 4049 3011 4108 φησιν
3045 4046 3058 4063 ⁸
3123 4046 3150 4079 α
3187 4027 3360 4082 Πάντα
3389 4025 3486 4082 ὅσα
3542 4026 3656 4106 ἔχει
3701 4030 3729 4084 6
3789 4035 3895 4083 Πα-

2255 4128 2354 4202 τὴρ
2397 4121 2501 4198 ἐμά
2542 4120 2653 4176 ἐστι
2687 4137 2702 4152 ⁸
2750 4118 2834 4179 διὰ
2863 4119 3014 4176 τοῦτό
3045 4120 3201 4175 εἶπον
3225 4119 3353 4193 ὑμῖν
3376 4117 3454 4173 ὅτι
3487 4139 3509 4173 α
3547 4117 3605 4174 ἐκ
3639 4126 3732 4175 τοῦ
3770 4119 3896 4194 ἐμοῦ

2257 4209 2536 4289 λαμϐάνει,
2570 4211 2656 4267 καὶ
2686 4206 2974 4286 ἀναγγελεῖ
3011 4208 3165 4283 ὑμῖν,
3205 4229 3232 4261 ι
3288 4208 3349 4262 τὸ
3424 4211 3633 4281 Πνεῦμα
3700 4205 3893 4273 δηλον-

3552 4291 3610 4314 θ’
3702 4298 3727 4314 γ

2339 4349 2354 4381 ,
2429 4309 2488 4356 τὸ
2559 4309 2625 4354 δι’
2693 4309 2850 4354 αὐτοῦ
2907 4318 2964 4352 τε
3019 4309 3105 4352 καί
3175 4309 3230 4350 εν
3300 4309 3464 4373 αὐτῷ,
3545 4309 3608 4349 σι’
3669 4309 3730 4350 ου
3781 4309 3895 4355 τοῖς

527 4390 696 4468 ἁγίοις
742 4392 816 4454 ὡς
843 4387 997 4454 αὐτός
1027 4388 1251 4449 ἐνοικεῖ.
1287 4390 1359 4448 Οὔ
1388 4391 1486 4469 γὰρ
1515 4413 1691 4472 ρτερον
1723 4414 1827 4472 παρ
1870 4391 2024 4451 αὐτοῦ
2052 4393 2112 4449 τό
2145 4400 2355 4469 Πνεῦμα
2398 4395 2579 4463 αὐτοῦ,
2633 4385 2730 4443 κᾶν
2757 4387 3014 4465 ὑπάρχειν
3046 4387 3231 4451 νοῆται
3274 4381 3388 4440 καθ’
3440 4383 3590 4440 ἑαυτά
3619 4387 3705 4441 καὶ
3735 4383 3896 4449 ἷδίως.

527 4485 740 4555 Πνεῦμα
767 4479 867 4558 γὰρ
896 4479 956 4535 τό
987 4485 1222 4556 Πνεῦμα,
1259 4483 1346 4537 καὶ
1392 4481 1495 4561 οὐχ
1527 4482 1668 4547 Υἱός.

603 4567 953 4630 Theodorus
982 4567 1327 4649 Raythenus
1356 4568 1627 4631 oratione
1656 4568 2008 4649 dogmatica,
2047 4589 2178 4652 qua

524 4657 738 4739 incipit
769 4675 783 4720 :
826 4681 853 4713 α
887 4656 1229 4719 Absurdum
1261 4657 1557 4740 existimo,
1594 4665 1878 4740 recteque
1904 4659 2050 4722 illud
2075 4678 2175 4723 re-

527 4753 693 4830 puto.
729 4765 758 4808 ›
792 4747 1000 4826 Longe
1051 4764 1085 4808 a
1115 4746 1434 4828 principio,
1471 4746 1658 4810 dicit:
1687 4772 1714 4804 ι
1744 4749 1833 4811 Ne
1865 4748 2177 4830 miremur,

527 4835 668 4898 dum
699 4833 991 4898 Dominus
1011 4843 1176 4897 vocat
1199 4835 1416 4897 exitum
1431 4853 1464 4896 a
1485 4838 1681 4911 Patre,
1699 4834 2014 4917 utriusque
2036 4856 2180 4918 pro-

527 4921 915 5003 gressionem,
946 4944 969 4979 ι
1003 4921 1125 5003 Ego
1182 4923 1366 4998 enim,
1399 4923 1614 5005 inquit,
1645 4943 1679 4986 a
1707 4924 1880 4988 Patre
1911 4926 2086 5001 exivi,
2117 4933 2176 4988 et

527 5014 700 5074 venio
721 5009 834 5076 ³³.»
854 5013 1204 5094 Rursusque
1227 5033 1252 5067 ‹
1279 5012 1557 5093 Spiritus,
1578 5014 1728 5095 quia
1761 5016 1931 5077 Patre
1959 5034 2175 5096 proce-

532 5099 706 5164 dit“.
735 5102 903 5166 Licet
951 5101 1110 5164 enim
1149 5101 1247 5164 hic
1269 5109 1324 5164 et
1348 5101 1533 5175 exire,
1571 5112 1628 5165 et
1664 5103 1992 5185 procedere
2018 5105 2178 5166 idem

530 5198 717 5268 notet,
740 5190 988 5272 Spiritui
1005 5189 1399 5253 nihilominus
1423 5193 1608 5272 magis
1624 5192 1868 5275 proprie
1885 5192 2183 5274 adaptavit

535 5283 1002 5361 processionem,
1039 5281 1549 5363 quemadmodum
1593 5283 1899 5365 semetipsi
1929 5302 2180 5364 genera-

534 5369 778 5434 tionem.
804 5389 834 5432 ›

615 5626 669 5673 ³⁸
704 5629 878 5704 loco.
911 5645 1032 5697 xvr.
1065 5629 1166 5697 45.
1199 5628 1252 5676 ³³
1279 5627 1428 5694 ibid.
1460 5629 1562 5695 26.
1593 5628 1650 5677 ³⁸
1677 5630 1827 5698 ibid.
1860 5651 1959 5709 xv,
1993 5631 2094 5698 26.

2342 4566 2607 4647 Θεόδωρος
2631 4570 2659 4623 6
2689 4573 2787 4644 τῇς
2821 4555 3027 4622 Ῥαῖοοὕ
3069 4562 3417 4647 πρεσϐύτερος
3473 4563 3527 4620 ἐν
3589 4571 3664 4638 τῷ
3695 4562 3897 4640 δογμα-

2261 4665 2393 4732 τικῷ
2422 4643 2565 4735 λὸγιρ
2608 4643 2784 4734 αὐτοῦ,
2819 4653 2876 4710 οὗ
2917 4655 2951 4720 ἡ
3005 4652 3172 4733 ἀρχὴ,
3239 4676 3266 4707 (ι
3303 4643 3544 4709 ’Ἄτοπον
3591 4654 3770 4731 οἶμαι,
3818 4655 3901 4707 καὶ

2262 4747 2438 4811 καλῶς
2471 4767 2532 4825 γε
2573 4752 2728 4802 τοῦτο
2782 4743 3032 4818 νενόμικα
3064 4758 3076 4772 ³
3114 4762 3142 4799 ι
3207 4743 3351 4797 Μετά
3403 4740 3575 4799 πολλά
3631 4742 3765 4800 πάνυ
3796 4765 3898 4819 φη-

2263 4839 2341 4894 σίν
2377 4853 2388 4866 ³
2435 4857 2459 4892 α
2507 4836 2595 4901 Μὴ
2643 4833 2990 4906 θαυμάζωμεν
3028 4829 3081 4886 δὲ
3131 4829 3377 4910 λέγοντος
3435 4837 3524 4886 τοῦ
3571 4830 3901 4908 Κυρίουηέξο-

2262 4926 2348 4984 δον
2397 4926 2502 4982 ἀπὸ
2555 4930 2646 4980 τοῦ
2716 4923 2916 5000 Πατρὸς
2960 4923 3057 4987 τὴν
3129 4919 3376 4998 ἐκατέρου
3446 4917 3689 4997 προόδον.
3763 4918 3906 4997 Ἐγὼ

2259 5017 2379 5095 γὰρ,
2414 5013 2594 5093 φησὶν,
2639 5014 2699 5066 ὲκ
2736 5017 2827 5066 τοῦ
2869 5011 3070 5077 Πκτρὸς
3130 5007 3345 5076 ἐξῆλθον
3405 5010 3490 5064 καὶ
3542 5007 3678 5074 ἥκω,
3720 5033 3746 5060 ι
3811 5011 3906 5065 Καὶ

2259 5103 2440 5183 πάλιν,
2519 5125 2544 5155 α
2580 5102 2650 5158 Τὸ
2705 5105 2917 5170 Πνεῦμα
2973 5097 3000 5151 δ
3044 5098 3185 5175 παρά
3248 5095 3339 5152 τοῦ
3405 5097 3604 5173 Πατρὸς
3663 5097 3908 5174 ἐκπορεύ-

2262 5216 2395 5252 εται.
2448 5215 2476 5248 ι»
2511 5192 2569 5249 Εἰ
2599 5189 2811 5268 γὰρκαὶ
2859 5188 2918 5242 τὸ
2976 5184 3203 5252 ἐξελθεῖν
3261 5186 3349 5241 καὶ
3410 5187 3470 5241 τὸ
3529 5185 3904 5262 ἐκπορευθῆναι

2262 5284 2450 5340 ταυτὸν
2506 5281 2725 5337 ἐνταῦθα
2782 5277 3077 5351 σημαίνει·
3135 5282 3212 5350 τῴ
3282 5275 3541 5349 ΙΙ-ιεύματι
3629 5281 3753 5352 γοῦν
3809 5276 3906 5338 τὴν

2259 5373 2563 5451 ἐκπόρευσιν
2635 5364 2839 5442 μᾶλλον
2889 5364 3005 5422 κατ’
3091 5363 3346 5442 ἐξαίρετον
3410 5363 3660 5443 ἥρμοσεν,
3734 5362 3911 5441 ὥσπερ

2262 5462 2431 5532 ἑαυτῷ
2471 5457 2571 5524 τὴν
2601 5455 2866 5534 γέννησιν,
2919 5476 2942 5510 ι)
