4208 6296
492 330 606 395 667
1245 338 1251 345 ’
1564 345 1777 408 JOAN.
1826 344 2045 407 VECCI
2094 345 2145 407 CI

2263 347 2780 418 PATRIAItCH/E
3735 359 3850 425 (386

490 483 782 571 ver-usque
802 469 1015 571 divina;
1048 492 1192 571 meae
1210 474 1546 571 potestatis,
1600 483 1660 538 et
1687 477 1748 537 in
1770 474 1981 571 virtute
2005 494 2137 537 ma—

2227 482 2432 551 ἐκεῖνος
2491 491 2810 569 μαρτυρήσει
2856 493 2972 569 περὶ
3028 490 3158 567 ἐμοῦ
3185 508 3197 521 °
3263 494 3594 571 Μαρτδρήσει
3626 492 3681 551 δὲ
3708 503 3821 563 πῶς
3855 529 3867 541 ο

491 558 819 657 gnitudinis
849 561 1035 657 testis.
1071 561 1325 657 Spiritus
1346 564 1505 624 enim
1533 583 1701 626 meus
1731 573 1841 657 est,
1865 564 1967 645 qui
1991 583 2132 657 ope:

2223 571 2544 654 Ἐνεργῆσαν
2601 580 2700 657 γαρ
2760 582 2816 635 ἐν
2871 582 2998 649 ὒμτν
3060 603 3117 637 τε
3173 583 3259 638 καὶ
3311 580 3376 638 δι’
3435 585 3581 657 ὑμῶν
3627 584 3693 640 τα
3762 608 3869 642 πα-

492 658 658 708 ratur
687 648 743 708 in
778 648 963 724 vobis,
1000 651 1101 711 sed
1166 649 1320 711 sicut
1376 669 1541 711 meus
1597 667 1707 722 est,
1769 653 1851 713 ita
1908 660 1970 714 et
2032 650 2133 716 Dei

2222 662 2431 738 ρεῖδοξα,
2494 667 2688 745 μὶρτκ
2760 667 2930 724 ἔσεται
3005 668 3201 732 δίκαιός
3260 692 3318 725 τε
3375 672 3463 726 καὶ
3521 670 3724 740 ἀληθὴς
3775 680 3871 739 τῆς

498 739 705 798 Patris.
742 757 763 788 ι
2221 750 2357 826 ἐμῆς
2426 757 2746 832 θεοπρεποῦς
2806 757 3060 832 ἐξουσίας,
3120 760 3207 814 καὶ
3248 764 3346 823 1-7,;
3405 759 3460 815 ἐν
3511 760 3725 835 δυνάμει
3776 785 3878 836 με-

2224 838 2594 930 γαλειότητος.
2642 843 2806 919 Ἐμὸν
2849 848 2949 926 γὰρ
2993 853 3204 922 Πνεῦμα
3258 849 3321 903 τὸ
3351 847 3591 927 ἐνεργοῦν
3637 850 3689 906 ἐν
3720 853 3872 930 ὑμῖν,

2224 927 2401 1007 ὥσπερ
2443 927 2496 985 δὲ
2529 933 2678 1011 ἐμὸν,
2718 932 2853 989 οὕτω
2880 936 2968 990 καὶ
2997 943 3090 992 τοῦ
3125 937 3350 1014 Πατρὸς.
3387 960 3412 989 ι

578 1013 734 1078 [dem
768 1017 1136 1098 expositione
1169 1020 1224 1081 in
1258 1019 1548 1082 Joannem
1583 1018 1641 1080 in
1698 1018 1839 1079 illud
1872 1035 1885 1079 :
1931 1049 1951 1078 ι
1990 1018 2135 1082 Cum

2309 1009 2365 1075 Ὀ
2445 1022 2599 1083 αὐτὸς
2668 1009 2724 1076 ἐν
2954 1023 3206 1102 ἐρμηνείᾳ
3241 1009 3369 1083 -τοῦ
3424 1026 3560 1081 κατὰ
3627 1023 3873 1093 Ἰωάννην

499 1113 670 1185 taque
701 1108 1042 1169 Paracletus
1073 1110 1317 1184 venerit,
1352 1134 1372 1161 ι
1402 1110 1484 1171 ait
1516 1125 1529 1169 :
1570 1133 1596 1163 α
1634 1108 1786 1169 Ecce
1817 1106 1975 1169 enim
1999 1123 2141 1167 ecce

2228 1106 2299 1169 εἰς
2341 1110 2401 1163 τὸ
2457 1109 2615 1187 ῥητὸν
2679 1112 2741 1167 16
2804 1134 2828 1165 ι
2865 1100 3038 1169 ”Οταν
3084 1115 3172 1168 οὖν
3222 1111 3346 1190 ἔλθῃ
3378 1116 3406 1170 6
3438 1112 3802 1190 Παρέκλητος,
3839 1140 3864 1171 ι

493 1193 776 1288 Spiritum
810 1195 1091 1271 veritatis,
1128 1198 1240 1288 hoc
1272 1207 1361 1259 est
1409 1197 1819 1288 suimetipsius
1864 1194 2140 1288 Paracle-

2225 1204 2383 1288 φησιν
2417 1214 2430 1232 ⁸
2500 1221 2527 1254 α
2591 1196 2719 1257 Ἰδοὺ
2801 1201 2899 1277 γὰρ
2980 1199 3090 1259 ἰδοὺ
3172 1207 3384 1277 Πνεῦμα
3450 1204 3549 1271 τῆς
3606 1202 3867 1288 ἀληθείας,

498 1289 620 1372 tum
643 1283 972 1360 insinuans,
1010 1304 1079 1347 ex
1130 1285 1302 1347 Patre
1361 1305 1496 1346 eum
1559 1282 2139 1372 procedere_tradit.

2230 1284 2496 1343 τουτέστιν
2556 1288 2762 1363 ἑαυτου,
2808 1291 2898 1345 τὸν
2942 1289 3289 1369 Παρακλητον
3360 1292 3544 1365 εἰπὼν,
3590 1294 3731 1372 παρὰ
3783 1282 3870 1350 τοῦ

495 1368 1007 1461 Quemadmodum
1029 1375 1187 1435 enim
1206 1387 1297 1435 est
1317 1372 1571 1461 Spiritus
1587 1373 1858 1452 proprius
1880 1370 2027 1461 Filii
2044 1389 2144 1430 na-

2232 1375 2432 1453 H1196;
2490 1378 2646 1434 αὐτὸν
2701 1368 3069 1457 ἐκπορεύεσθαί
3125 1402 3309 1458 φησιν.
3381 1368 3599 1459 εὨσπερ
3638 1368 3736 1461 γαρ
3765 1382 3867 1439 ἐστι

497 1459 766 1520 turaliter
792 1461 969 1523 inillo
1002 1462 1314 1536 exsistens,
1342 1471 1400 1523 et
1426 1481 1527 1542 per
1559 1460 1723 1522 illum
1758 1458 2144 1541 progrediens

2228 1467 2438 1537 Πνεῦμα
2497 1462 2633 1522 ἴδιον
2688 1473 2777 1523 τοῦ
2824 1469 2941 1523 Υἱοῦ
2984 1474 3215 1547 φυσικῶς
3256 1470 3310 1523 ἴεν
3343 1470 3482 1544 αῦτῷ
3510 1490 3567 1524 τε
3610 1471 3866 1550 ὑπάρχον,

498 1545 581 1638 ita
622 1555 681 1608 et
721 1550 932 1612 Patris.
967 1551 1193 1623 Quibus
1234 1569 1371 1612 vero
1398 1549 1651 1638 Spiritus
1673 1549 2007 1611 communis
2029 1555 2139 1628 est,

2228 1551 2316 1606 καὶ
2346 1549 2412 1606 δι’
2470 1553 2627 1613 αὐτοῦ
2669 1557 2882 1630 προϊὸν,
2934 1555 3070 1612 οὕτω
3112 1558 3199 1613 καὶ
3254 1565 3343 1615 τοῦ
3400 1560 3622 1638 Πατρὸς⁸
3677 1560 3777 1622 Οἷς
3819 1558 3871 1615 δὲ

498 1633 617 1696 illis
647 1647 817 1698 erunt
838 1657 1097 1719 quoque,
1125 1647 1184 1701 et
1205 1658 1336 1720 qua:
1385 1637 1677 1709 essentite,
1712 1655 1829 1698 non
1851 1644 2137 1717 separata,

498 1730 599 1783 aut
619 1726 923 1807 sejuncta,

581 1811 831 1877 Sanctus
848 1817 1219 1897 Epiphanius
1248 1816 1307 1877 in
1340 1820 1630 1895 Ancyroto
1657 1814 1839 1876 dicit:
1899 1844 1920 1874 ι
1946 1811 2134 1894 Spiri-

502 1907 594 1961 tus
622 1905 1051 1981 comprehendi
1074 1924 1190 1966 non
1219 1912 1429 1984 potest,
1468 1922 1586 1965 non
1619 1903 1851 1965 alienus
1876 1902 2057 1963 Patris
2087 1910 2146 1963 et

500 1987 658 2052 Filii.
692 1990 961 2074 Namque
991 1994 1118 2074 ipse
1177 1992 1533 2071 Unigenitus
1590 1999 1759 2052 vocat
1797 2020 1818 2051 ι
1855 1987 2140 2070 Spiritum

500 2078 710 2161 Patris,
756 2105 779 2139 ι
812 2092 871 2144 et
906 2107 931 2137 α
964 2081 1072 2155 Qui
1101 2103 1170 2145 ex
1223 2084 1394 2145 Patre
1446 2080 1738 2163 procedit,
1793 2087 1872 2154 et,
1909 2096 1978 2142 ex
2011 2097 2142 2140 meo

496 2167 767 2248 accipiet,
802 2193 829 2230 »
866 2190 942 2232 ne
973 2171 1202 2234 alienus
1235 2190 1270 2233 a
1299 2173 1470 2234 Patre
1508 2179 1567 2233 et
1596 2168 1748 2231 Filio
1780 2167 2144 2229 existimare-

495 2262 609 2317 tur.
651 2279 678 2312 α
713 2262 786 2322 Et.
815 2268 948 2340 post
977 2260 1230 2341 plurima
1272 2276 1537 2321 annexa:
1573 2255 1879 2336 «Utraque
1905 2254 2142 2316 inhabi-

496 2350 617 2407 tant
640 2344 700 2406 in
740 2347 981 2410 homine
995 2350 1155 2427 justo
1187 2348 1456 2411 Christus
1477 2355 1535 2408 et
1554 2344 1815 2425 Spiritus
1839 2342 2046 2423 ipsius.
2079 2342 2140 2405 Si

495 2450 634 2494 vero
659 2432 926 2497 Christus
957 2455 1028 2497 ex
1085 2436 1257 2498 Patre
1306 2434 1571 2497 creditur
1618 2432 1776 2495 Deus
1807 2450 1877 2493 ex
1905 2431 2049 2501 Deo,
2084 2440 2144 2492 et

495 2521 749 2600 Spiritus
779 2541 848 2599 ex
879 2524 1137 2598 Christo,
1171 2532 1272 2585 aut
1328 2539 1401 2585 ex
1430 2521 1725 2601 utrisque,
1785 2528 1846 2581 ut
1872 2519 2142 2582 Christus

494 2608 776 2684 insinuat,
808 2612 908 2692 qui
940 2631 1009 2674 ex
1044 2614 1215 2675 Patre
1246 2609 1535 2693 procedit,
1586 2608 1683 2671 hic
1734 2609 1809 2671 de
1870 2625 2002 2668 meo
2031 2626 2139 2670 ac-

493 2697 699 2778 cipiet.
733 2722 755 2751 ι

576 2874 922 2943 Theodorus
951 2880 1287 2963 Raythenus
1302 2862 1572 2943 oratione
1584 2875 1939 2957 dogmatica,
1965 2875 2140 2956 cujus

499 2962 642 3025 illud
665 2968 1021 3051 principium
1043 2962 1167 3034 est:
1197 2993 1221 3029 ιι
1256 2970 1598 3033 Absurdum
1623 2963 1921 3039 existimo,
1939 2975 2141 3028 recte-

2225 1639 2285 1693 16
2367 1647 2579 1717 Πνεῦμα
2634 1646 2840 1709 κοινὸν,
2898 1646 3103 1709 τούτοις
3175 1645 3266 1712 εἴη
3322 1644 3490 1715 δήπου
3546 1649 3754 1711 παντως
3812 1648 3869 1703 ἂν

2168 1727 2310 1782 Βκαὶ
2340 1730 2405 1785 τὰ
2446 1736 2544 1798 τῆς
2586 1734 2762 1796 οὖσίας
2793 1733 2851 1789 οὗ
2895 1730 3232 1812 διωρισμένα,
3276 1757 3296 1787 ι

2308 1809 2365 1874 Ὀ
2419 1818 2569 1897 ἅγιος
2627 1819 2955 1901 Ἐπιφάνιος,
2994 1809 3082 1876 Ἲέν
3147 1827 3223 1895 τῷ
3307 1819 3626 1900 Ἀγκυξωτῷ
3687 1843 3860 1900 φησιν·

2232 1929 2259 1961 α
2305 1908 2375 1965 T6
2433 1915 2643 1975 Ilvsiiaat
2711 1908 3097 1981 ἂκαταίλεπτον,
3173 1910 3267 1966 οῦκ
3322 1910 3597 1990 ἀλλότριον
3667 1914 3863 1991 Πατρὸς

2225 1998 2312 2053 καὶ
2371 2000 2508 2059 Υἱοῦ.
2567 1998 2663 2056 Καὶ
2719 2001 2874 2063 αὐτὸς
2912 2000 3011 2079 γὰρ
3061 2002 3088 2056 6
3138 2001 3444 2078 Μονογενής
3501 1998 3667 2079 λέγει,
3736 2024 3763 2054 α
3807 2004 3864 2057 16

2228 2093 2440 2162 Πνεῦμα
2510 2092 2600 2143 τοῦ
2669 2088 2896 2166 Πατρὸς,
2934 2119 2960 2151 ι
3006 2090 3093 2145 καὶ
3149 2090 3211 2144 τὸ
3266 2088 3327 2144 ἐκ
3378 2095 3473 2145 τοῦ
3525 2091 3727 2168 Πατρὸς
3775 2090 3865 2146 ἐκ·

2227 2177 2603 2253 πορευόμενον.
2656 2197 2680 2232 ι
2723 2178 2820 2234 Καὶ
2854 2199 2881 2231 α
2914 2177 2975 2233 ἐκ
3005 2184 3097 2234 τοῦ
3126 2175 3256 2250 ἐμοῦ
3298 2176 3528 2252 λὴψεται
3560 2195 3575 2210 ⁸
3618 2206 3643 2237 υ
3677 2177 3766 2234 ἵνα
3796 2179 3869 2253 μὴ

2228 2262 2503 2342 ἀλλότριον
2547 2266 2816 2339 νομισθείτ⁸
2865 2267 3068 2346 Πατρὸς
3113 2264 3247 2341 μηδε
3296 2269 3440 2326 Υἱοῦ.
3499 2290 3527 2321 ι
3586 2268 3684 2325 Καὶ
3744 2268 3873 2341 μετὰ

2227 2349 2400 2407 πολλὰ
2453 2352 2589 2408 πάνυ
2624 2369 2636 2382 ⁸
2692 2377 2716 2408 α
2778 2351 3078 2434 Ἀμφότερα
3143 2375 3374 2410 κατοικει
3432 2354 3484 2409 ἐν
3514 2360 3591 2427 τῷ
3620 2354 3872 2434 ἀνθρώπῳ

2222 2447 2298 2518 τῷ
2352 2441 2535 2520 δικαίῳ
2577 2448 2605 2503 6
2659 2448 2880 2526 Χριστὸς
2937 2449 3024 2503 καὶ
3079 2448 3139 2503 τὸ
3199 2453 3410 2522 Πνεῦμα
3465 2450 3645 2507 αὐτοῦ.
3706 2448 3761 2504 Ei
3817 2445 3870 2503 δὲ

2224 2533 2445 2609 Χριστὸς
2529 2532 2589 2589 ἐκ
2646 2535 2851 2612 Πατρὸς
2905 2534 3202 2591 πιστεύεται
3278 2536 3408 2597 Θεὸς
3466 2534 3526 2591 ἐκ
3572 2543 3724 2607 Θεοῦ,
3786 2534 3868 2591 καὶ

2222 2622 2282 2676 τὸ
2325 2628 2537 2683 Πνεῦμα
2592 2622 2652 2679 ἐκ
2702 2633 2794 2682 τοῦ
2865 2631 3088 2703 Χριστοῦ
3117 2639 3133 2654 ⁸
3195 2624 3230 2691 ἢ
3273 2621 3396 2703 παρ’
3427 2623 3736 2703 ἀμφιτέρων
3795 2625 3863 2688 ὡς

2221 2732 2382 2788 φησιν
2439 2712 2467 2766 6
2510 2713 2730 2789 Χριστὸς
2790 2713 2818 2768 ὃ
2893 2735 3035 2789 παρα
3103 2719 3195 2767 τοῦ
3240 2714 3439 2790 Πατρὸς
3506 2712 3861 2791 ἐκπορεύεται,

2221 2798 2308 2854 καὶ
2338 2798 2488 2862 οὗτος
2526 2798 2587 2855 ἐκ
2612 2810 2704 2856 τοῦ
2748 2800 2876 2875 ἐμοῦ
2905 2799 3160 2876 λήψεται,
3202 2822 3225 2858 ι

2225 2884 2489 2966 Θεόδωρος
2572 2891 2600 2945 6
2702 2895 2800 2957 τῆς
2917 2881 3123 2947 Ῥαϊθοῦ
3210 2887 3553 2969 πρεσϐύτερος
3643 2889 3697 2969 ἐν
3793 2897 3867 2963 τῷ

2223 2972 2527 3053 δογματικῷ
2579 2976 2725 3055 λόγῳ
2779 2977 2957 3053 αὖτοῦ,
3021 2979 3080 3034 οὗ
3148 2980 3183 3046 ἡ
3268 2978 3415 3058 ἀρχὴ
3447 2996 3464 3011 ⁶
3530 3000 3555 3034 ι
3619 2968 3861 3036 ’Ἃτοπον

495 3071 613 3145 que
640 3054 787 3119 illud
812 3068 1046 3143 reputo,
1085 3086 1110 3115 ω
1145 3079 1319 3142 quam
1361 3057 1705 3139 longissime
1734 3071 1795 3145 Va
1842 3052 2136 3145 Primipi‘?

2224 3052 2406 3140 οἶμαι,
2449 3066 2538 3121 καὶ
2594 3052 2770 3131 καλῶς
2827 3088 2889 3145 γε
2944 3052 3101 3124 τοῦτο
3133 3087 3187 3122 νε
3201 3052 3404 3142 satia},
3442 3089 3469 3121 ι›
3505 3067 3640 3141 μετὰ
3694 3066 3869 3125 πολλὰ

495 3142 674 3209 dicit:
713 3167 743 3206 (
771 3142 1287 3229 δρίτὶιυεεειηοιυε
1335 3154 1550 3211 veritas
1581 3144 1845 3227 Spiritus
1875 3149 1983 3213 est,
2038 3143 2140 3223 qui

497 3234 738 3312 quidem
771 3255 805 3298 a
833 3237 1006 3301 Patre
1036 3238 1327 3321 procedit,
1357 3257 1392 3300 a
1423 3236 1571 3301 Filio
1602 3252 1742 3297 vero
1792 3230 2139 3321 accipit,qui

499 3325 696 3385 omnia
720 3327 910 3389 Patris
967 3319 1251 3410 possidet,
1316 3327 1388 3389 ad
1447 3319 1972 3389 demonstrandum
2029 3324 2134 3386 de-

497 3412 956 3497 clarandumque
985 3436 1162 3478 unam
1192 3435 1324 3480 esse
1350 3415 1668 3478 essentiam
1729 3422 1787 3475 et
1843 3414 2007 3479 illius
2035 3416 2137 3496 qui

496 3500 736 3583 accipit,
769 3512 827 3566 et
854 3502 1074 3568 illiusa
1120 3525 1234 3586 quo
1288 3504 1525 3585 accipit,
1584 3523 1816 3566 necnon
1877 3504 2036 3567 illius
2066 3525 2134 3567 ex

497 3608 612 3669 quo
655 3593 998 3655 naturaliter
1027 3594 1328 3674 procedit:
1358 3612 1551 3674 neque
1593 3593 1751 3654 enim
1791 3610 2138 3671 progressus

498 3677 703 3741 fuisset
733 3699 799 3742 ex
829 3681 934 3744 illo
966 3682 1065 3764 qui
1094 3682 1341 3745 alterius
1373 3690 1530 3744 esset
1579 3684 1874 3762 essentia,
1905 3691 2002 3743 aut
2033 3702 2136 3745 ac-

499 3770 753 3847 cepisset
775 3769 847 3832 ab
878 3790 971 3846 eo,
999 3771 1101 3844 qui
1122 3790 1238 3832 non
1263 3771 1531 3852 ejusdem
1553 3790 1686 3832 cum
1711 3790 1780 3833 eo
1798 3771 2138 3833 substantiae

497 3864 675 3919 esset.
697 3856 920 3930 Quodsi
970 3861 1234 3942 ejusdem
1260 3868 1483 3922 naturae
1510 3870 1802 3921 suntcum
1852 3880 1946 3937 eo,
1981 3860 2139 3923 unde

499 3947 721 4024 exiere,
757 3963 815 4009 et
847 3968 915 4012 ex
946 3969 1061 4032 quo
1092 3951 1329 4033 accipit,
1365 3950 1468 4011 illa
1500 3951 1676 4013 etiam
1711 3948 1979 4030 ejusdem
2001 3958 2142 4012 sunt

500 4040 740 4098 naturae.
798 4037 938 4112 Quae
988 4039 1150 4102 enim
1206 4038 1473 4121 ejusdem
1534 4045 1761 4101 naturae
1808 4039 1870 4100 in
1929 4039 2137 4101 eodem

499 4139 714 4205 nempe
743 4136 882 4190 sunt
912 4146 1069 4205 vere,
1096 4132 1558 4211 eruntqueinter
1602 4146 1668 4191 se
1697 4145 1834 4190 vero
1868 4127 2138 4209 ejusdem

497 4220 739 4279 naturae.
784 4239 812 4279 ι

1024 4320 1455 4386 EPIGRAPHE
1486 4320 1611 4386 VII.

571 4426 714 4488 Cum
741 4423 982 4506 quidam
1007 4424 1367 4487 contendant
1384 4424 1541 4486 inter
1559 4442 1690 4487 sese
1705 4423 1966 4504 differre,
1993 4444 2135 4505 pro-
2160 4411 2202 4461 θ

495 4512 685 4591 gredi,
710 4522 767 4575 et
797 4514 1037 4580 eﬂ'undi.
1090 4521 1148 4576 et
1171 4512 1494 4595 procedere
1527 4513 1748 4575 selecta
1775 4522 1915 4575 sunt
1944 4514 2018 4576 ad
2048 4515 2135 4576 ir-

493 4601 903 4680 refragabilem
938 4620 1144 4663 eorum
1198 4601 1663 4683 aequivalentiam
1714 4603 2133 4665 demonstran-

491 4691 632 4753 dum
659 4690 1093 4773 subsequentes
1121 4691 1308 4753 sancti
1331 4690 1528 4773 Cyrilli
1555 4691 2139 4774 sententiarquibus

493 4780 720 4842 adnexa
749 4788 886 4843 sunt
914 4779 1030 4842 alia
1055 4780 1303 4841 aliorum
1356 4783 1591 4843 Patrum
1649 4780 2005 4853 testimonia,
2039 4781 2140 4861 qui

494 4869 825 4931 decernunt
845 4887 914 4930 ex
941 4872 1106 4930 Patre
1128 4868 1425 4949 pragredi,
1446 4869 1746 4949 profundi,
1773 4869 1963 4932 emitti
1994 4868 2133 4950 Spi-

496 4957 673 5020 ritum
706 4965 973 5019 sanctum
1000 4956 1062 5019 in
1085 4955 1200 5019 illis
1232 4956 1548 5038 pericopis,
1591 4957 1651 5018 in
1703 4959 1919 5040 quibus
1968 4958 2135 5020 illum

496 5065 564 5108 ex
596 5045 766 5108 Patre
797 5045 1120 5127 procedere
1149 5045 1535 5109 asserendum
1571 5055 1719 5109 erat.

575 5221 824 5286 Sanctus
843 5223 1262 5303 Cyrilluslibro
1291 5231 1453 5286 sexto
1476 5226 1549 5287 ad
1586 5224 1884 5287 Hermiam
1920 5224 2268 5305 ὶιεώθιαιίς»

504 5337 529 5368 α
564 5311 747 5392 Igitur
766 5311 1059 5392 siquidem
1083 5320 1171 5372 cst
1191 5312 1351 5394 spiri‘
1367 5332 1434 5374 us
1457 5314 1648 5376 Patris
1672 5314 1945 5395 proprius
1974 5314 2155 5392 Filii,‘
2182 5384 2187 5387 ,

496 5400 792 5484 quomodo
825 5399 1120 5479 ignorabit
1166 5401 1385 5482 aliquid
1444 5402 1505 5463 in
1566 5402 1686 5465 Deo
1736 5404 2132 5478 reconditum,

496 5488 800 5572 proprium
831 5487 1057 5553 habens
1087 5489 1216 5570 ipse
1244 5491 1556 5570 Spiritum,
1610 5491 1898 5555 scientem
1937 5493 2138 5555 omnia

489 5596 619 5660 quae
646 5577 708 5640 in
738 5580 914 5642 Patre
943 5596 958 5655 ;
1007 5577 1381 5641 etdicentem
1414 5578 1591 5642 audio
1644 5580 1960 5645 manifeste
1988 5600 2129 5644 san-

2220 3154 2356 3208 πάνυ
2388 3155 2545 3234 φησίν
2580 3168 2594 3183 ·
2640 3177 2667 3210 α
2703 3156 2775 3213 T6
2823 3162 3031 3230 Πνεῦμα
3086 3156 3147 3211 τὸ
3190 3154 3342 3232 ἅγιον
3374 3153 3621 3222 ἀληθείας
3654 3157 3863 3231 Πνεῦμα

2221 3240 2330 3297 ἐστι
2379 3261 2394 3275 ⁸
2454 3249 2606 3299 τοῦτο
2655 3242 2710 3300 δὲ
2756 3245 2898 3323 παρὰ
2954 3245 3053 3319 μὲν
3110 3251 3202 3301 τοῦ
3252 3245 3454 3323 Πατρὸς
3507 3244 3862 3323 ἐκπορεύεται,

2219 3327 2472 3406 λαμϐάνει
2517 3330 2572 3389 δὲ
2615 3334 2756 3411 παρὰ
2798 3343 2887 3393 τοῦ
2931 3341 3070 3409 Υιοῦ,
3131 3333 3301 3390 πάντα
3368 3333 3435 3391 τὰ
3500 3335 3592 3389 τοῦ
3663 3334 3865 3411 Πατρός

2217 3420 2462 3502 ἔχοντος,
2510 3427 2639 3505 πρὸς
2684 3424 2949 3491 ἀπόδειξιν
3005 3427 3092 3482 καὶ
3137 3425 3428 3506 φανέρωσιν
3475 3431 3588 3505 τοῦ,
3635 3425 3715 3480 ὃτι
3771 3427 3864 3498 μίᾳ

2218 3514 2364 3568 οὖσία
2420 3513 2527 3570 ἐστὶ
2593 3521 2685 3572 τοῦ
2738 3536 2796 3571 τε
2869 3512 3224 3589 λαμϐάνοντος
3296 3515 3384 3571 καὶ
3449 3521 3541 3572 τοῦ
3613 3512 3737 3593 παρ’
3804 3516 3862 3569 οῦ

2219 3597 2496 3676 λαμϐάνει,
2554 3604 2642 3659 καὶ
2682 3626 2774 3661 του
2816 3602 2868 3669 ἐξ
2912 3606 2971 3660 οὗ
3026 3610 3257 3683 φυσικῶς
3313 3602 3668 3684 ἐκπορεύεται,
3733 3601 3859 3661 Οὐδὲ

2220 3689 2318 3769 γὰρ
2348 3689 2410 3746 ἂν
2441 3690 2703 3770 προῆλθον
2761 3693 2810 3758 ἐξ
2838 3692 3184 3772 ἐτεροουσίου,
3242 3691 3277 3759 ἢ
3313 3689 3467 3748 ἔλαϐέ
3496 3714 3546 3749 τι
3588 3692 3728 3771 παρὰ
3769 3697 3860 3746 τοῦ

2222 3779 2299 3854 μὴ
2358 3781 2656 3854 ὁμοουσίου,
2732 3782 2789 3838 Εἰ
2860 3780 3110 3856 ὁμοουσιᾶ
3179 3779 3318 3836 ἐστιν
3386 3784 3527 3855 αὐτῷ
3597 3782 3679 3859 τὸ,
3747 3780 3861 3837 ὅθεν

2220 3870 2499 3945 προῆλθες
2558 3869 2646 3925 καὶ
2686 3869 2748 3925 16
2814 3866 2867 3935 ἐξ
2924 3871 2985 3925 οὗ
3025 3865 3304 3943 λαμϐάνει,
3372 3869 3595 3925 κάκεῖνα
3650 3868 3859 3931 πάντως

2222 3955 2431 4018 ἑαυτοῖς
2472 3958 2613 4014 ἐστιν
2664 3957 2916 4032 ὁμοούσια
2945 3974 2957 3986 ⁸
3010 3958 3075 4013 τὰ
3116 3958 3215 4035 γὰρ
3257 3964 3332 4031 τῷ
3402 3958 3543 4031 αῦτῷ
3585 3957 3861 4034 δμοούσια,

2221 4041 2465 4110 δηλονότι
2506 4047 2594 4102 καὶ
2622 4044 2875 4117 ἀλλήλοςς
2901 4044 3136 4102 ἔσταικαὶ
3177 4045 3314 4101 ἔυτιν
3346 4043 3554 4112 ἀληθῶς
3585 4046 3857 4110 ὁμοούσια.

2836 4333 3167 4385 ΕΠιιπρΑψΗ
3211 4315 3268 4381 z’

2301 4426 2520 4496 Ἐπειδὴ
2591 4430 2688 4485 εἰσί
2760 4451 2899 4494 τινες
2969 4428 3212 4508 λέγοντες
3281 4424 3541 4507 διαφέρειν
3611 4424 3858 4495 ἀλλήλων

2218 4519 2279 4573 τὸ
2337 4517 2538 4595 πρόεισι
2598 4519 2685 4575 καὶ
2740 4531 3049 4599 προχεῖται,
3104 4519 3192 4574 καὶ
3271 4514 3627 4594 ἐκπορεύεται,
3688 4511 3857 4579 ἐξελέ-

2219 4629 2392 4681 γησαν
2461 4608 2535 4671 εἷς
2622 4606 2993 4686 ἆναντιῤῥητον
3068 4603 3329 4671 ἀπόδειξιν
3407 4611 3499 4661 τοῦ
3554 4601 3859 4677 ἶσοδυνάμου

2222 4696 2392 4751 αὖτὼν
2460 4698 2510 4751 αἱ
2565 4697 2903 4771 προκείμεναι
2950 4697 3174 4774 χρήσεις
3230 4702 3321 4751 τοῦ
3383 4694 3531 4771 ἁγίου
3588 4689 3860 4770 Κυρίλλου,

2221 4787 2309 4841 καὶ
2366 4782 2484 4860 μετ’
2570 4786 2730 4850 αὑτὰς
2817 4788 2869 4840 αἱ
2938 4783 3357 4862 ὑποτεταγμέναι
3428 4785 3615 4845 αῦταῖς
3701 4779 3863 4858 ἕτεραι

2223 4875 2446 4953 χρήσεις
2504 4879 2610 4930 τῶν
2668 4872 2844 4931 ἄλλων
2888 4873 3157 4951 Πατέρων,
3211 4878 3316 4928 τῶν
3371 4869 3758 4947 θεολογούντων
3811 4867 3866 4923 ἐκ

2220 4961 2426 5039 Πατρὸς
2482 4959 2726 5033 προϊέναι
2774 4980 2831 5016 τε
2898 4961 2985 5016 καὶ
3042 4959 3422 5038 ἐκπέμπεσθαι,
3482 4958 3571 5013 γαὶ
3632 4968 3864 5035 προχεῖ-

2221 5052 2336 5106 σθαι
2394 5050 2454 5104 16
2508 5054 2722 5125 Πνεῦμα
2804 5047 2858 5105 ἐν
2932 5048 3154 5111 ἐκείναις
3229 5048 3354 5112 ταῖς
3412 5059 3754 5119 περικοπαῖς,
3814 5043 3864 5100 ἐν

2219 5138 2313 5199 αἷς
2356 5136 2578 5214 ἔμελλον
2607 5137 2780 5217 λέγειν
2821 5142 2883 5195 ἐκ
2913 5140 3116 5216 Πατρὸς
3142 5139 3268 5195 αὐτὸ
3297 5136 3688 5216 ἐκπορεύεσθαι.

2218 5216 2359 5303 τι,Ῐο
2402 5225 2551 5304 ἅγιος
2614 5214 2868 5307 Κύριλλος
2924 5226 2979 5283 ἐν
3031 5214 3133 5301 -τῷ
3189 5223 3326 5299 ἕκτῳ
3390 5214 3495 5296 τῷν
3564 5225 3695 5304 πρὸς
3743 5214 3861 5302 Ἐρ-

2220 5306 2370 5391 μέείαν
2426 5315 2583 5395 φησίν
2618 5331 2631 5345 ⁸
2672 5339 2700 5371 α
2736 5314 2902 5395 Εἴπερ
2933 5317 3019 5373 οῦν
3046 5317 3158 5371 ἐστι
3199 5316 3261 5370 16
3317 5320 3529 5389 Πνεῦμα
3585 5322 3677 5372 τοῦ
3748 5318 3858 5368 Πα-

2219 5406 2339 5483 τρὸς
2380 5403 2516 5461 ἴδιον
2568 5411 2663 5462 τοῦ
2720 5407 2861 5480 Υἱοῦ,
2909 5409 3020 5470 πῶς
3050 5404 3310 5482 ἀγνοῆσαί
3362 5425 3412 5458 τι
3477 5408 3582 5458 τῶν
3639 5402 3695 5458 ἐν
3751 5407 3861 5474 Θεῷ

2218 5492 2617 5573 κεκρυμμένων,
2684 5491 2821 5551 ἴδιον
2864 5491 3009 5574 ἔχων
3066 5492 3220 5557 αὐτὸς
3249 5494 3309 5548 16
3341 5498 3549 5567 Πνεῦμα
3589 5490 3655 5546 τὰ
3698 5490 3863 5547 πάντα

2217 5583 2351 5646 εἷδὺς
2421 5583 2486 5639 τὰ
2571 5581 2625 5638 ἐν
2683 5589 2760 5658 τῷ
2853 5584 3016 5662 Πατρὶ
3053 5597 3068 5613 ⁸
3130 5583 3300 5662 καίτοι
3368 5579 3614 5659 λέγοντος
3696 5579 3866 5637 ἂκούω

488 5667 598 5730 ctis
627 5666 908 5749 apostolis
938 5687 952 5728 :
982 5666 1199 5732 Adhuc
1228 5666 1415 5730 multa
1462 5667 1652 5733 habeo
1709 5668 1875 5732 vobis
1904 5670 2130 5749 dicere,

2221 5678 2393 5752 σαφῶς
2437 5684 2552 5737 τοῖς
2579 5671 2745 5750 ἁγίοις
2790 5660 3107 5737 ἀποστύλοις
3145 5690 3160 5706 ⁸
3231 5660 3360 5730 ’Ἔτι
3426 5668 3598 5728 πολλὰ
3630 5668 3746 5750 ἔχω
3771 5667 3864 5726 λέο
