4210 6292
327 358 446 427 673

418 590 636 663 Ἐπειδή
693 615 856 668 τινες,
916 594 1195 660 ἀκούοντες
1249 597 1310 651 τὸ
1370 602 1584 672 Πνεῦμα
1639 599 1699 653 τὸ
1736 598 1886 676 ἅγιον
1932 598 1993 654 ἐκ

336 686 430 736 τοῦ
491 683 614 737 Υἱοῦ
667 684 911 762 ὑπάρχον
966 685 1053 741 καὶ
1115 683 1398 756 ἀναϐλύζον
1454 687 1542 743 καὶ
1589 688 1804 767 προϊὸν,
1872 689 1994 768 οὐχὶ

1798 366 2080 432 EPIGRA
2094 362 2191 431 FH
2198 366 2264 433 [Ε

912 504 1247 560 murena
1284 508 1337 560 -Η
1350 491 1380 564 ⁸.
1995 508 2036 557 Λ

3575 381 3719 443 ’674

2576 497 2999 569 EPIGRM‘HE
3031 505 3188 572 VIII.

2156 592 2297 656 Cum
2352 595 2589 676 quidam
2649 599 2959 660 audientes
3007 600 3292 680 Spiritum
3346 614 3615 668 sanctum
3655 626 3725 670 ex

2081 684 2250 743 l‘ntre
2292 703 2444 765 esse,
2480 705 2779 766 emanare,
2817 697 2873 761 et
2905 689 3129 768 egredi,
3168 709 3284 752 non
3312 692 3568 756 divinam
3589 694 3722 776 Spi-

334 770 433 835 τὴν
490 771 631 826 θείαν
678 772 829 849 φύσιν
885 782 980 831 τοῦ
1023 775 1327 848 Πνεύματος
1398 773 1459 831 ἐκ
1501 780 1600 843 τῆς
1646 778 1784 841 θείας
1818 776 1993 842 οὐσίας

2102 772 2225 832 itus
2257 784 2550 841 naturam.
2614 796 2682 838 ex
2744 779 2941 839 divina
2974 781 3229 842 essentia
3263 791 3318 843 et
3352 792 3564 847 natura
3594 770 3724 848 Filii

336 861 425 915 καὶ
479 861 683 940 φύσεως
752 869 845 920 τοῦ
928 867 1047 921 Υἱοῦ
1100 866 1356 942 πηγάζειν
1398 868 1485 923 καὶ
1543 865 1846 938 ἀναϐλύζειν
1902 889 1994 923 τε-

2102 880 2304 922 emanat
2324 881 2376 943 e,
2412 875 2471 926 et
2503 865 2746 927 el‘llnere
2775 868 3111 947 prodigiosa
3142 870 3494 951 loquacitate
3523 893 3720 938 enun-

344 947 746 1030 ρατολογοῦσιν³
778 950 914 1009 ἀλλὰ
963 954 1024 1009 τὸ
1066 956 1422 1028 πνευματικὸν
1474 956 1716 1035 χάρισμα
1770 959 1831 1013 τὸ
1886 970 1999 1022 τοῖς

348 1037 511 1102 ἀξίοις
571 1039 960 1118 ἐπιγινόμενον,
1016 1040 1099 1098 διὰ
1155 1044 1216 1099 τὺ
1268 1044 1363 1111 τὴν
1419 1043 1762 1123 ἐγγινομένην
1818 1049 1999 1107 αὐτοῖς

343 1126 607 1194 ἐνοίκησιν
692 1135 792 1197 τῆς
884 1138 1163 1212 πανταχοῦ
1232 1133 1501 1210 παρούσης
1572 1133 1823 1202 θεότητος
1911 1136 2001 1191 τοῦ

343 1215 492 1291 ἁγίου
533 1217 838 1291 Πνεύματος
896 1221 1163 1299 σχετικῶς
1219 1220 1471 1299 γίνεσθαι,
1514 1222 1651 1281 οὕτω
1702 1225 1763 1279 τὸ
1816 1229 1996 1279 τοιοῦ-

340 1324 432 1359 τον
489 1301 912 1380 ἐκλαμϐάνοντες
968 1309 1232 1390 χάρισμα²
1278 1310 1461 1388 ὣσπερ
1517 1310 1578 1367 ἂν
1625 1313 1669 1368 εἰ
1698 1309 1998 1390 ἆποδιῃρη-

349 1391 508 1467 μένον
568 1394 655 1449 καὶ
710 1393 1201 1473 ὰποδιεσπασμένον
1253 1405 1351 1468 τῆς
1392 1402 1532 1465 θείας
1590 1400 1766 1464 οὐσίας
1822 1414 2001 1457 νοοῖτο

341 1487 435 1536 τοῦ
506 1483 810 1559 Πνεύματος
842 1500 863 1519 ⁸
939 1485 1295 1564 συνελέγησαν
1345 1492 1397 1545 αἱ
1451 1494 1706 1568 παροῦσαι
1756 1498 2003 1569 γραφικαὶ

342 1571 625 1652 χρήσεις,,
684 1570 735 1637 ἐξ
791 1575 866 1630 ὧν
910 1573 1026 1655 ἔχει
1081 1598 1162 1639 τις
1217 1575 1497 1656 διαγνῶναι
1554 1581 1651 1652 ὡς,
1717 1576 1814 1635 κᾶν
1837 1578 1924 1633 καὶ
1966 1578 2001 1644 ἡ

342 1660 659 1737 ἒγγινομένη
716 1676 834 1728 τοῖς
896 1661 1057 1729 ἀξίοις
1099 1664 1361 1733 ἐνοίκησις
1403 1673 1496 1724 τοῦ
1526 1667 1777 1745 παναγίου
1833 1665 2003 1722 Πνεύ-

2083 951 2250 1029 tianl,
2285 953 2384 1011 sed
2423 953 2687 1030 spiritale
2738 957 2957 1017 donum
2992 958 3185 1035 dignis
3210 963 3553 1033 adveniens,
3593 984 3722 1045 pro-

2085 1046 2212 1118 pter
2267 1041 2591 1101 itnmissam
2648 1043 2706 1104 in
2764 1044 2922 1124 ipsos
2976 1046 3460 1112 inliabitationem
3494 1041 3721 1115 locisin

2084 1127 2362 1189 omnibus
2390 1132 2692 1209 praesentis
2723 1131 2956 1194 deitatis
3006 1137 3188 1196 sancti
3221 1139 3475 1218 Spiritus
3496 1143 3726 1204 habitu-

2082 1214 2221 1276 dine
2252 1221 2503 1296 quadam
2536 1219 2688 1292 ﬁeri,
2724 1222 3112 1285 liancratione
3135 1214 3352 1288 donum
3376 1231 3725 1311 concipien-

2086 1313 2193 1377 tes,
2230 1306 2396 1385 quasi
2431 1307 2570 1368 illuJ
2630 1309 2968 1387 sejunctum
3024 1330 3092 1373 ac
3144 1313 3392 1376 divisum
3452 1337 3486 1379 a
3529 1306 3727 1382 divina

2086 1403 2296 1455 natura
2328 1391 2582 1475 Spiritus
2635 1397 3091 1480 intelligeretur,
3152 1412 3478 1482 praesentes
3508 1411 3728 1487 scripto

2087 1482 2376 1577 mandatae
2400 1486 3073 1577 auctoritatescollectze
3101 1499 3258 1565 sunt,
3317 1493 3532 1574 quibus
3561 1482 3733 1577 quili-

2087 1569 2554 1663 betdignoscere
2612 1576 2851 1657 poterit,
2888 1576 3027 1640 licet
3076 1569 3399 1643 adveniens
3426 1582 3487 1643 in
3519 1569 3728 1663 dignos

2085 1661 2444 1723 sanctissimi
2500 1662 2754 1744 Spiritus
2794 1665 3146 1730 inhabitatio
3176 1661 3605 1734 habitudinalis
3626 1673 3727 1749 sit,

349 1768 518 1842 ματος
571 1752 801 1829 σχετικῆ
862 1751 1002 1809 ἐστιν
1031 1752 1270 1832 ἆῤῥήτως
1327 1758 1415 1813 καὶ
1466 1758 1596 1837 ὑπὲρ
1666 1755 1849 1834 λόγον,
1882 1753 1999 1810 ἀλλ’

2102 1757 2145 1809 et
2174 1768 2350 1831 supra
2407 1771 2645 1814 omnem
2703 1758 3014 1827 rationem,
3057 1759 3158 1819 sed
3192 1778 3327 1819 cum
3360 1760 3441 1821 ibi
3471 1762 3730 1842 Spiritus

348 1833 463 1892 ἐπεὶ
516 1839 635 1894 εκεῖ
687 1840 754 1895 τὰ
795 1842 1103 1921 χαρίσματα
1158 1853 1251 1903 τοῦ
1299 1833 1596 1921 Πνεύμανος
1653 1845 2006 1926 προχέονται,

352 1926 487 1986 ὅπου
537 1931 572 1997 ἦ
619 1933 730 1989 θεία
788 1934 936 2013 φύσις
1006 1935 1166 1996 αὑτοῦ
1221 1941 1485 2018 οχετικῶς
1525 1938 1810 2013 ἐνοικήσει,
1884 1921 2008 1993 αὒτὸ

351 2017 414 2106 to
467 2023 681 2094 Πνεῦμα
735 2023 797 2078 τὸ
871 2022 1021 2099 ἅγιον
1063 2024 1123 2081 τὸ
1175 2024 1230 2082 ἓν
1286 2017 1392 2095 τῆς
1442 2025 1690 2106 Τριάδος,
1738 2028 1825 2083 καὶ
1866 2047 2005 2100 συμ-

358 2103 699 2185 πληρωτικὸν
757 2116 855 2179 τῆς
913 2110 1150 2194 Τριάδος,
1223 2113 1352 2194 ὅπερ
1403 2103 1541 2173 ἐστὶν
1600 2118 1634 2184 ἡ
1678 2115 1788 2172 θεία
1850 2114 2005 2193 φύσις

357 2195 444 2250 καὶ
500 2195 701 2262 τέλειος
735 2202 863 2264 Θεὸς
912 2204 985 2267 ὡς
1030 2204 1059 2259 ὁ
1101 2205 1282 2283 Πατὴρ
1331 2206 1418 2262 καὶ
1472 2208 1500 2262 ὁ
1558 2207 1675 2269 Υἱὸς
1730 2202 2003 2278 δηλοῦται,

357 2284 484 2343 ὅταν
526 2311 608 2353 τις
662 2289 795 2369 λέγῃ
852 2296 914 2349 τὸ
971 2300 1183 2370 Πνεῦμα
1222 2298 1282 2353 τὸ
1324 2296 1475 2376 ἅγιον
1517 2297 1726 2374 προίὸν,
1761 2295 1848 2353 καὶ
1872 2294 2005 2351 ἄνα-

354 2372 560 2463 ϐλύζον,
595 2381 681 2436 καὶ
710 2381 951 2463 ὑπάρχον
980 2382 1035 2439 ἐγ
1079 2391 1172 2440 τοῦ
1202 2386 1344 2446 Υἱοῦ.

442 2456 500 2522 Ὀ
554 2465 707 2545 ἅγιος
768 2456 1017 2550 Κύριλλος
1089 2473 1145 2528 ἑν
1212 2479 1290 2547 τῷ
1339 2463 1389 2545 ζ’
1440 2480 1544 2529 τῶν
1588 2475 1717 2553 πρὸς
1761 2469 2006 2552 Ἐρμείαν

360 2556 519 2632 φησίν
555 2570 570 2586 ⁸
614 2577 637 2607 I
669 2560 770 2615 Καὶ
828 2567 953 2637 γοῦν
995 2565 1023 2617 ὁ
1079 2564 1266 2642 Κύριος
1317 2564 1470 2640 ἡμῶν
1528 2561 1731 2630 ἰησοῦς
1784 2563 2007 2642 Χριστὸς

359 2645 477 2722 περὶ
523 2648 745 2717 παντὸς,
793 2649 972 2730 οἶμαι,
1013 2659 1201 2708 πιστοῦ
1259 2673 1316 2708 τε
1368 2652 1457 2708 καὶ
1508 2651 1723 2729 ἀγαθοῦ,
1765 2676 1786 2707 ι
1822 2649 2007 2708 Ἐλευ-

362 2732 585 2821 σόμεθα,
623 2752 646 2783 I
705 2738 884 2815 φησὶν,
952 2756 974 2788 ι
1047 2740 1154 2818 ἐγὼ
1204 2741 1293 2797 καὶ
1348 2742 1376 2797 ὁ
1431 2740 1637 2821 Πατὴρ,
1697 2741 1784 2796 ναὶ
1841 2739 2008 2816 μονὴν

361 2819 487 2900 παρ’
530 2824 672 2898 αὐτῷ
729 2830 1082 2904 ποιησόμεθα.
1117 2848 1138 2879 I
1223 2830 1321 2887 Καὶ
1375 2830 1429 2885 ἔν
1496 2852 1556 2908 γε
1617 2830 1786 2905 τούτῷ
1839 2828 2007 2907 γινώ-

365 2930 561 2984 σκομεν
617 2911 697 2969 ὅτι
729 2913 785 2969 ἐν
826 2917 961 2992 ἡμῖν
989 2920 1130 2975 ἐστιν
1173 2917 1234 2975 ἐκ
1273 2919 1367 2976 τοῦ
1419 2919 1745 2995 Πνεύματος,
1794 2917 1854 2975 οὗ
1885 2914 2011 2972 ἔδω-

364 3018 453 3053 κεν
494 2999 657 3076 ἡμῖν.
726 2990 976 3062 ’Ἕκοινον
1060 3008 1160 3086 γὰρ
1241 3008 1328 3064 καὶ
1401 3005 1776 3083 ἒνηυλισμένον
1835 3027 2007 3063 κατα-

364 3084 618 3156 πλουτοίη
680 3113 757 3154 τις
817 3091 878 3149 ἂν
909 3096 997 3151 τὸν
1030 3084 1178 3174 φύσει
1208 3116 1264 3151 τε
1307 3097 1394 3154 καὶ
1422 3095 1630 3164 ἀληθῶς
1675 3094 1801 3152 ὅντα
1856 3089 2008 3162 Θεὸν,

2092 1857 2342 1928 munera
2372 1841 2822 1921 profundantur,
2887 1844 2985 1906 ubi
3042 1846 3239 1908 divina
3287 1848 3473 1928 ipsius
3522 1841 3732 1915 natura
3782 1900 3785 1903 .

2091 1926 3117 2014 ltabitnaliterinhabitaverit,ipsnm
3151 1926 3437 2016 Spiritum
3458 1948 3726 2001 sanctum

2088 2034 2269 2077 unum
2302 2016 2629 2092 Trinitatis,
2654 2019 2929 2101 illiusque
2951 2025 3390 2104 completivum,
3416 2027 3517 2107 qui
3537 2028 3732 2091 divina

2089 2112 2297 2165 natura
2326 2115 2433 2185 est,
2489 2116 2545 2168 et
2598 2111 2897 2186 perfectus
2933 2111 3086 2173 Deus
3123 2112 3204 2172 uti
3257 2116 3431 2176 Pater
3458 2125 3514 2176 et
3545 2115 3729 2179 Filius

2087 2192 2433 2277 signiﬁcari,
2495 2215 2631 2257 cum
2672 2197 2961 2278 quispiam
2994 2200 3209 2262 dixerit
3241 2204 3539 2283 progredi,
3576 2205 3728 2267 exsi-

2087 2282 2220 2364 lire,
2257 2290 2314 2345 et
2341 2301 2473 2345 esse
2505 2304 2573 2346 ex
2604 2285 2775 2349 Filio.

2170 2460 2420 2540 Cyrillus
2446 2460 2598 2523 libro
2621 2482 2701 2525 vn
2752 2465 2820 2525 ad
2845 2464 3168 2543 Hermiam,
3198 2468 3275 2529 ait
3303 2487 3315 2532 :
3345 2489 3370 2521 α
3406 2469 3573 2533 Unde
3601 2474 3725 2536 Do-

2092 2550 2287 2610 minus
2319 2559 2523 2611 noster
2551 2553 2724 2614 Jesus
2746 2555 3017 2616 Christus
3038 2555 3113 2616 de
3135 2556 3299 2618 omni
3320 2559 3481 2620 ﬁdeli
3499 2568 3555 2621 et
3574 2561 3729 2623 bono

2090 2638 2364 2706 arbitror.
2402 2638 2592 2722 inquit
2618 2660 2630 2705 :
2658 2672 2680 2702 ι
2709 2643 3033 2705 Veniemus
3055 2663 3162 2723 ego
3186 2653 3244 2705 et
3264 2648 3457 2722 Pater,
3484 2658 3541 2709 et
3572 2669 3733 2712 man-

2091 2726 2320 2787 sionem
2346 2728 2632 2790 faciemns
2675 2731 2826 2810 apud
2863 2751 2994 2793 eum
3023 2734 3142 2792 40.»
3176 2734 3251 2797 Ει
3277 2735 3335 2794 in
3366 2734 3477 2798 hoc
3505 2756 3731 2816 cogno-

2090 2814 2334 2890 scimus,
2395 2818 2549 2896 quod
2608 2821 2663 2879 in
2713 2819 2888 2881 nobis
2939 2829 3048 2895 est,
3105 2822 3241 2904 quia
3271 2822 3344 2883 de
3377 2814 3729 2904 Spiritusne

2090 2904 2254 2994 dedit
2274 2904 2728 2969 noliis.Videtur
2749 2910 2907 2969 enim
2927 2910 3028 2986 qui
3049 2913 3335 2990 Spiritum
3359 2914 3466 2976 Dei
3485 2914 3738 2994 accepit,

2092 2993 2248 3073 quod
2278 2997 2574 3076 acceperit
2602 3015 2826 3072 verum,
2859 3007 2917 3059 et
2946 3007 3154 3061 natura
3182 3000 3364 3062 Deum
3402 2993 3741 3064 inhabitan-

2096 3092 2239 3156 tem,
2273 3102 2390 3144 non
2443 3085 2698 3146 alienum
2750 3094 2808 3146 et
2857 3096 3193 3167 separatum
3250 3088 3739 3168 substantialiler,

368 3178 460 3233 οὒκ
508 3176 784 3259 ἀλλότριόν
825 3205 875 3239 τι
918 3185 1010 3241 καὶ
1044 3172 1471 3261 διεσπασμένον,
1531 3182 1793 3249 οὗσιωδῶς
1851 3182 2010 3241 αὒτοῦ

2102 3172 2197 3233 sed
2229 3192 2362 3233 cum
2389 3172 2490 3252 qui
2540 3192 2607 3233 ex
2642 3173 2767 3246 illo,
2825 3184 2882 3235 et
2910 3175 2968 3234 iu
3000 3174 3127 3257 illo,
3164 3184 3221 3238 et
3256 3178 3530 3258 proprius
3561 3178 3741 3259 illius,

369 3266 430 3319 τὸ
474 3270 685 3342 Πνεῦμα
742 3267 942 3351 λαϐὼν,
997 3270 1134 3328 ἀλλὰ
1161 3275 1223 3329 τὸ
1266 3272 1317 3339 ἐξ
1368 3275 1523 3330 αὑτοῦ
1564 3295 1621 3329 τε
1666 3275 1753 3329 καὶ
1796 3271 2020 3347 ἔν

371 3354 462 3408 καὶ
515 3351 653 3412 ἴδιον
704 3357 883 3434 αὑτοῦ,
930 3362 1017 3416 καὶ
1071 3361 1169 3428 τὴν
1213 3360 1340 3429 ἴσην
1395 3365 1468 3425 ὡς
1511 3363 1640 3441 πρὸς
1671 3363 1796 3419 αὖτό
1837 3360 2018 3438 κυριό·’

368 3463 508 3529 τῃτα
537 3453 747 3524 φοροῦν,
783 3470 805 3501 ι
874 3450 970 3505 Καὶ
1029 3449 1146 3525 μετ’
1176 3449 1328 3529 ὀλίγα
1362 3468 1376 3482 ·
1443 3471 1465 3501 ι
1513 3440 1775 3527 ’Ἐπεμψε
1803 3448 1857 3506 δὲ
1885 3452 2034 3526 ἡμῖν,

346 3528 426 3596 ’ἐξ
476 3534 696 3612 οὖρανοῦ
752 3537 843 3592 τὸν
884 3528 1281 3617 ’Παράκλητονέ
1315 3537 1381 3596 δι’
1439 3542 1497 3596 οὗ
1567 3541 1652 3599 καὶ
1706 3540 1760 3596 ἐν
1795 3541 1840 3614 ᾧ
1905 3539 2020 3615 μεθ’

373 3621 530 3695 ἡμῶν
584 3622 696 3679 ἐστι
728 3626 814 3680 καὶ
844 3625 899 3681 ἐν
954 3629 1091 3703 ἡμῖν
1143 3629 1424 3709 αὐλίζεται,
1482 3628 1575 3684 οὐκ
1630 3630 1831 3685 ὀθνεῖον
1886 3632 2020 3703 ἡμῖν

378 3708 598 3790 ἐγχέον,
656 3710 793 3770 ἀλλὰ
844 3716 904 3770 τὸ
955 3720 1055 3783 τῆς
1099 3718 1275 3781 οὖσίας
1334 3716 1513 3799 αὒτοῦ,
1544 3719 1631 3775 καὶ
1659 3720 1757 3786 τῆς
1785 3717 2019 3774 105119:-

375 3800 496 3877 τρὸς
528 3801 686 3856 αὐτοῦ
728 3800 861 3859 ἴδιον
890 3806 1124 3881 Πνεῦμα.
1174 3832 1196 3863 ι

467 3878 524 3945 ι0
568 3888 754 3975 αὖτὸς-
797 3890 849 3947 ἐν
918 3894 980 3948 τὸ
1032 3878 1170 3970 πρὸς
1240 3892 1485 3975 Ἐρμείαν
1539 3884 1591 3966 ζ’
1641 3901 1733 3952 τοῦ
1778 3892 2024 3974 διαλόγου

386 3978 544 4057 φησὶν
577 3994 593 4010 ⁸
657 4006 680 4036 ι
740 3970 915 4059 Ἃγίου
972 3982 1072 4060 γὰρ
1123 3982 1273 4047 ὄντος
1305 3970 1421 4042 -τοῦ
1484 3983 1614 4041 Θεοῦ
1660 3985 1796 4044 κατὰ
1851 3985 2024 4065 φύσιν,

382 4067 533 4145 ἁγίον
589 4066 853 4134 οὗσιωδῶς
882 4073 943 4127 τὸ
991 4072 1203 4149 Πνεῦμα
1254 4077 1367 4131 ἔστι
1396 4072 1463 4130 δι’
1508 4074 1664 4131 αὐτοῦ
1723 4096 1780 4131 τε
1834 4075 1921 4130 καὶ
1973 4076 2029 4131 ἓν

386 4159 530 4232 αὐτῷ
613 4163 706 4214 τοῦ
757 4159 909 4237 ἁγίου
964 4160 1264 4242 μεταλάχοι
1333 4186 1414 4228 τις
1456 4161 1557 4225 δᾶν,
1608 4184 1634 4217 n
1671 4153 1727 4220 t0
1787 4155 2029 4242 Ἑρμείας

384 4247 515 4325 πρὸς
571 4257 736 4307 ταῦτα
769 4263 782 4279 ⁶
836 4274 859 4305 ι
894 4249 1011 4330 Οὐχ
1040 4252 1112 4314 ὡς
1144 4252 1279 4309 ἴδιον
1333 4275 1514 4332 φασιν,
1545 4250 1664 4309 ἀλλ’
1693 4254 1766 4316 ὡς
1801 4252 2029 4309 ἐπακτὸν

387 4334 608 4415 ἔχοντος
671 4338 762 4393 τὸν
819 4337 1109 4416 ἆγιασμὸν,
1183 4340 1572 4417 διακομίζοντός
1610 4363 1668 4398 τε
1720 4347 1798 4416 τῷ
1864 4340 2028 4397 κτίσει

386 4425 526 4503 παρά
584 4431 735 4485 Θεοῦ.
772 4446 795 4478 ι
859 4419 915 4486 ιΟ
969 4420 1165 4509 υΑγιος
1220 4432 1352 4508 πρὸς
1420 4437 1580 4487 ταῦτα
1613 4446 1630 4463 ⁸
1695 4456 1718 4486 ι
1752 4436 2029 4509 Προηγια-

388 4512 582 4586 σμένον
629 4517 714 4571 οὖν
746 4512 844 4596 ἄρα
896 4519 957 4575 τὸ
1013 4525 1225 4595 Πνεῦμα
1267 4518 1357 4576 τὸν
1403 4521 1505 4599 οὐχ
1535 4520 1717 4575 ἑαυτοῦ
1746 4530 1861 4582 τοῖς
1912 4518 2031 4572 κτί-

2103 3269 2160 3321 et
2189 3261 2476 3341 aequalem
2508 3262 2675 3342 quasi
2718 3280 2851 3323 cum
2900 3262 3027 3343 ipso
3062 3266 3484 3346 proprietatem
3519 3267 3741 3332 ferens.

2108 3373 2135 3405 α
2167 3350 2242 3411 Ει
2272 3350 2477 3430 paucis
2506 3350 2723 3413 additis
2757 3372 2769 3413 :
2815 3372 2836 3402 α
2868 3352 3028 3414 Misit
3056 3363 3251 3416 autem
3297 3353 3469 3416 nobis
3490 3355 3565 3418 de
3595 3356 3746 3419 ccelo

2102 3441 2494 3513 Paracletum,
2581 3458 2689 3521 per
2761 3459 2938 3520 quem
3021 3441 3331 3505 nobiscum
3409 3454 3521 3527 est,
3573 3452 3631 3506 et
3685 3444 3749 3505 in

2103 3527 2277 3588 nobis
2327 3528 2641 3611 inhabitat,
2703 3547 2820 3592 non
2869 3530 3129 3593 alienum
3187 3532 3358 3594 nobis
3406 3533 3747 3610 eﬂ‘undens,

2104 3618 2209 3679 sed
2237 3628 2385 3679 'suae
2446 3619 2792 3683 substantiae
2832 3629 2891 3682 et
2943 3622 3132 3684 Patris
3161 3623 3253 3685 sui
3286 3623 3589 3704 proprium
3621 3623 3752 3706 Spi-

2103 3707 2306 3769 ritum.
2347 3737 2367 3766 ι

2190 3885 2354 3948 Idem
2381 3886 2453 3947 ad
2475 3884 2777 3948 Hermiam
2810 3887 2962 3950 libro
2991 3905 3074 3950 vn
3102 3888 3346 3970 dialogi,
3383 3890 3465 3952 ait
3492 3909 3506 3954 :
3544 3916 3574 3950 ι(
3603 3891 3750 3953 Nam

2112 3990 2244 4035 cum
2271 3983 2509 4036 sanctus
2529 3976 2605 4036 sit
2653 3977 2812 4038 Deus
2846 3978 3174 4039 secundum
3202 3987 3487 4045 naturam.
3520 3987 3757 4041 sanctus

2113 4061 2854 4144 substantialiterSpiritus
2878 4074 2988 4146 est,
3024 4086 3249 4148 perque
3284 4067 3474 4142 illum,
3505 4068 3636 4129 etin
3657 4067 3757 4128 illo

2114 4150 2302 4212 sancti
2361 4152 2493 4232 quis
2550 4154 2846 4234 particeps
2896 4154 2981 4217 ﬁt.
3018 4175 3040 4204 υ
3105 4155 3191 4216 Ad
3251 4174 3383 4237 quae
3431 4155 3752 4218 Hermias:

2116 4264 2143 4296 c
2179 4242 2307 4303 Non
2342 4250 2403 4301 ut
2459 4242 2762 4322 proprium
2811 4243 3037 4316 dicunt,
3072 4243 3174 4305 sed
3220 4254 3282 4304 ut
3310 4242 3691 4305 adventitium
3727 4262 3761 4304 a

2110 4328 2232 4390 Deo
2249 4329 2318 4391 ad
2340 4338 2637 4392 creaturas
2663 4333 3066 4393 transvehere.
3101 4333 3379 4395 «Sanctus
3394 4331 3716 4412 respondet
3743 4350 3756 4394 :

2118 4442 2143 4472 α
2177 4416 2377 4497 Itaque
2405 4418 2801 4480 sanctiﬁcatus
2832 4429 3005 4481 antea
3026 4419 3285 4500 Spiritus
3307 4419 3596 4482 creaturis
3618 4426 3759 4480 san-

2111 4508 2525 4569 ctiﬁcationem
2585 4527 2699 4569 non
2732 4527 2898 4569 suam
2960 4508 3247 4583 immittit,
3312 4508 3362 4568 si
3395 4526 3595 4570 verum
3629 4526 3763 4569 esse

390 4623 585 4678 σμασιν
628 4602 824 4670 ἐνίησιν
882 4606 1168 4688 ἀγιασμὸν²
1228 4606 1381 4687 εἴπερ
1410 4595 1551 4664 εἶναι
1607 4629 1778 4688 φαμεν
1833 4605 2017 4672 ἀληθὲς

2114 4595 2413 4658 fatendum
2445 4605 2555 4667 est,
2582 4596 2829 4688 inomni
2851 4597 2924 4659 ad
2949 4597 3421 4660 transferendum
3453 4605 3759 4688 assumpto

392 4694 464 4757 ὡς
505 4690 561 4748 ἕν
607 4713 669 4771 γε
726 4696 882 4751 παντὶ
937 4701 1015 4770 τῷ
1065 4694 1384 4770 διακομίζειν
1438 4695 1846 4772 ὑπειλημμένῳ,
1879 4695 1940 4750 τὸ
1970 4692 2036 4750 δι’

394 4785 552 4840 αὑτοῦ
609 4783 796 4863 τυχὸν,
843 4784 915 4848 εἷς
971 4783 1175 4864 ἑτέρους
1213 4783 1546 4860 διαλλάττον,
1580 4782 1671 4852 εἶή
1701 4782 1869 4855 δήπου
1897 4785 2039 4840 πάν-

392 4894 500 4936 τως
554 4869 617 4927 ἂν
673 4873 761 4929 καὶ
829 4870 1002 4952 ἔτερον
1057 4872 1181 4952 παρ’
1253 4875 1400 4933 αὐτὸ.
1452 4872 1764 4949 Διακομίσαι
1820 4872 1919 4950 γὰρ
1977 4871 2037 4928 ἂν

399 4960 507 5018 οὔτι
536 4982 653 5018 ’που
698 4965 805 5018 τῶν
865 4959 1032 5017 ὅντων
1100 4960 1244 5019 οὐδὲν
1310 4963 1467 5019 ἑαυτὸ
1507 4964 1638 5040 πρὸς
1690 4960 1893 5040 ἐτέρους
1935 4960 2039 5040 οὐχ

396 5053 468 5117 ὡς
516 5051 693 5131 ἑαυτὸ,
729 5073 758 5106 ι
810 5041 869 5108 Ὀ
923 5043 1135 5130 Ἐρμεία
1188 5054 1318 5131 πρὸς
1373 5059 1538 5109 ταῦτα
1572 5069 1588 5087 ⁸
1651 5074 1677 5107 α
1710 5049 1955 5118 Ἀληθὲς,
2008 5074 2032 5107 ι

396 5133 458 5199 ΔὈ
492 5129 689 5220 ιἈγιος
727 5155 741 5169 ⁸
777 5157 802 5190 ε
832 5129 1026 5199 Οὐκοῦν
1056 5142 1100 5197 εἰ
1130 5141 1209 5217 μὴ
1230 5129 1370 5197 ἔστιν
1394 5141 1547 5219 ἅγιον
1577 5141 1724 5222 φύσει
1741 5141 1801 5195 τὸ
1831 5146 2041 5216 Πνεῦμα

402 5230 453 5286 ἐν
502 5228 662 5305 ἡμῖν,
725 5228 1022 5308 φραζόντων
1080 5228 1298 5304 ἐκεῖνοι,
1326 5229 1439 5285 τίνα
1467 5226 1531 5296 δὴ
1563 5225 1662 5308 ἄρα
1689 5225 1877 5284 λοιπὸν
1904 5227 2042 5283 ἀπε-

402 5318 717 5398 κληρώσατο
770 5318 938 5398 φύσιν.
996 5319 1093 5376 Καὶ
1163 5319 1207 5375 εἰ
1263 5318 1340 5394 μὴ
1410 5316 1681 5394 βούλοιντο
1737 5318 1836 5385 τὴν
1892 5316 2043 5395 ἁγίαν

408 5406 687 5483 ἀπονέμειν
729 5405 894 5483 αύτῷ,
948 5405 1029 5485 ἆρ’
1075 5409 1197 5487 οὐχὶ
1237 5407 1411 5473 πάντη
1454 5427 1512 5462 τε
1541 5408 1630 5464 καὶ
1671 5405 1882 5468 πάντως
1912 5404 2045 5467 ἀπο-

404 5493 771 5553 κινδυνεύσειεν
854 5494 914 5554 ἂν
990 5497 1173 5561 αὐτοῖς
1240 5497 1313 5561 εἶς
1383 5493 1695 5576 ἀδιάφυκτον
1750 5492 2045 5575 δυσφημίαν

489 5670 742 5734 401mm.
776 5684 900 5751 11v,
932 5668 1032 5730 23.

2122 4684 2180 4746 id
2213 4685 2365 4765 quod
2393 4704 2499 4764 per
2525 4685 2671 4746 illud
2719 4687 2865 4748 alios
2924 4688 3235 4767 pertingat,
3269 4705 3401 4748 esse
3431 4684 3675 4747 omnino
3707 4693 3768 4745 et

2122 4774 2364 4836 alterius
2394 4783 2617 4836 natura:
2640 4775 2712 4837 ab
2755 4776 2880 4841 illo.
2920 4776 3082 4842 Nihil
3107 4777 3264 4839 enim
3297 4775 3648 4838 transferret
3698 4792 3763 4835 se

2122 4863 2316 4945 ipsum
2347 4864 2419 4925 ad
2449 4864 2597 4926 alios
2618 4885 2734 4927 non
2761 4875 2823 4927 ut
2844 4867 3127 4947 seipsum.
3158 4888 3177 4915 -
3206 4865 3352 4928 Tum
3376 4865 3447 4926 ad
3472 4861 3765 4943 haecHer-

2125 4952 2312 5013 mias:
2357 4982 2377 5010 ι
2428 4952 2512 5014 Ita
2570 4963 2679 5017 est.
2716 4985 2736 5013 ι
2800 4957 3090 5019 Sanctus:
3134 4976 3155 5005 ι
3194 4954 3397 5035 Itaque
3454 4953 3503 5015 si
3537 4971 3653 5013 non
3679 4958 3769 5015 est

2122 5053 2366 5102 sanctus
2393 5052 2601 5105 natura
2646 5046 2922 5125 Spiritus,
2955 5047 3055 5125 qui
3110 5044 3172 5106 in
3205 5043 3397 5113 nobis,
3432 5042 3627 5104 dicant
3656 5039 3765 5118 illi,

2125 5148 2379 5208 quonam
2411 5132 2587 5193 modo
2620 5134 2856 5195 tandem
2887 5133 3137 5195 sortitus
3181 5140 3271 5195 est
3302 5140 3594 5218 naturam.
3626 5128 3773 5193 Etsi

2126 5219 2449 5302 noluerint,
2484 5229 2745 5284 sanctam
2798 5222 2884 5283 illi
2931 5222 3245 5298 tribuere.,
3299 5238 3498 5282 nonne
3529 5220 3771 5280 omnino

2126 5325 2324 5372 sermo
2353 5307 2453 5372 ille
2495 5310 2554 5372 in
2609 5311 3038 5393 blasphemiam
3086 5308 3488 5374 inevitabilem
3524 5307 3771 5369 tendere

2127 5397 2358 5460 videtur
2376 5397 2407 5458 ‘I
2432 5420 2453 5451 ι
2481 5398 2751 5462 Hermias
2777 5419 2791 5465 :
2826 5423 2848 5454 ι
2872 5400 3142 5465 Videtur.
3166 5397 3594 5463 Verumtamen
3624 5395 3771 5457 illud

2128 5486 2226 5550 die
2254 5486 2411 5569 quod
2442 5489 2714 5554 Christus
2743 5489 2818 5552 de
2847 5508 2912 5552 se
2942 5489 3089 5553 dixit
3120 5509 3133 5553 :
3179 5510 3200 5540 ι
3226 5486 3312 5551 De
3334 5503 3469 5549 meo
3498 5483 3771 5567 accipiet,
