4210 6292
595 322 713 388 679

1683 314 1896 384 JOAN.
1944 314 2163 382 VECCI
2206 312 2321 379 ΟΡ.
2348 314 2882 381 ιΡΑΤΗΙΑΒΟΗιΕ

3828 307 3958 374 θεο

601 457 718 520 Per
747 456 1068 521 Salvatoris
1124 475 1260 519 vero
1320 455 1514 517 lucem
1574 453 1830 536 Spiritus
1852 461 2117 525 sanctus,
2148 449 2233 511 ἱ11‹

2330 448 2432 525 μὲν
2474 448 2528 506 ἐν
2576 447 2764 522 ἐκείνῳ
2803 448 2942 517 πνοὴ
2985 453 3127 521 ζωῆς
3160 469 3177 527 ;
3240 447 3353 520 ζωὴ
3408 446 3508 526 γὰρ
3531 446 3569 514 ἦ
3598 445 3701 511 τῆς
3727 441 3960 536 θεότητος

599 548 728 628 ipse
758 564 986 627 revera,
1020 546 1117 626 qui
1149 544 1208 607 in
1253 544 1569 605 animabus
1617 542 1986 605 credentium
2020 538 2251 602 inhabi-

2332 538 2482 618 φύσις
2528 537 2689 617 εἴπερ
2732 537 2871 594 ἐστὶν
2918 536 3137 619 ἀληθὲς,
3170 540 3241 604 ὡς
3294 537 3350 592 ἐν
3381 539 3515 611 αὐτῇ
3554 540 3729 608 ζῶμεν
3759 532 3845 587 καὶ
3881 551 3960 585 κι-

602 624 703 710 tat,
738 643 795 696 et
836 624 1103 696 immittit
1149 633 1458 714 Spiritum.
1496 643 1551 692 et
1581 633 1635 692 in
1669 631 1798 712 ipso
1831 639 1888 693 et
1920 648 2027 711 per
2058 634 2233 719 ipsulr

2330 627 2555 703 νούμεθα
2582 628 2669 683 καὶ
2710 625 2872 703 ἐσμέν
2901 645 2917 662 ο
2973 624 3058 682 διὰ
3114 625 3168 683 δὲ
3223 631 3323 694 τῆς
3366 627 3737 719 τοῦ-ξωτῆρος
3753 624 3954 719 φωνῆς,

599 709 695 784 ad
727 724 987 803 speciem
1022 709 1357 803 primaevam
1418 709 1821 790 transformat,
1872 709 1933 780 in
1985 709 2233 798 seipsun

2333 723 2543 792 Πνεῦμα
2586 716 2736 796 ἅγιον
2779 717 2905 774 αὐτὸ
2961 737 3063 772 που
3136 717 3272 773 κατὰ
3332 716 3395 771 τὸ
3448 711 3643 781 ἀληθὲς
3683 709 3959 803 ulc-161v

599 797 847 877 scilicet.
910 797 1036 872 sive
1093 808 1161 870 ad
1226 807 1437 885 eﬂigiei
1487 809 1807 888 exemplar,
1842 797 2233 871 eharacteren

2330 810 2686 862 πιστευόντων
2743 809 2955 885 ψυχαῖς
3028 803 3480 883 ἐγκατοικίζοντός
3520 823 3579 858 τε
3620 803 3710 858 καὶ
3753 797 3958 888 ἐνιξντος

600 919 813 980 nempe
872 901 1077 962 Patris.
1138 896 1280 959 Nam
1325 899 1634 959 character
1681 897 1919 978 quidem
1957 914 2154 972 verus,
2188 903 2245 957 et

601 1006 846 1049 summa;
877 987 1220 1066 diligentiae,
1257 1006 1388 1067 qua;1
1418 986 1476 1047 in
1529 986 1844 1063 efﬁgiando
1873 984 2241 1064 intelligitur,

598 1078 726 1155 ipse
760 1077 938 1139 Filius
976 1085 1084 1139 est.
1110 1074 1447 1137 Similitudo
1481 1094 1616 1136 veru
1651 1073 1844 1136 lucida
1874 1083 1932 1135 et
1962 1073 2244 1136 naturalis

598 1166 724 1227 Filii
760 1164 1013 1244 Spiritus
1047 1174 1158 1239 est,
1217 1165 1289 1225 ad
1321 1182 1495 1244 quem
1531 1172 1588 1223 et
1618 1183 1726 1224 nos
1755 1162 2109 1243 conﬁgurati
2140 1180 2244 1240 per

592 1255 1150 1327 sanctiﬁcationem,
1203 1254 1273 1314 ad
1337 1254 1526 1332 ipsam
1591 1251 1695 1313 Dei
1721 1253 1967 1313 turmam
1997 1250 2237 1314 confor-

594 1361 848 1406 mamur.
881 1340 1065 1422 quue
1096 1341 1267 1401 nobis
1297 1340 1661 1421 apostolicus
1692 1357 1892 1401 sermo
1942 1339 2236 1403 suadebit.

601 1431 829 1494 «Filioli
852 1431 1036 1504 enim,
1059 1431 1319 1509 dicebat,
1343 1447 1489 1510 quos
1506 1430 1721 1490 iterum
1745 1428 2031 1507 parturio,
2051 1429 2242 1491 donec

592 1522 883 1583 formetur
905 1521 1176 1582 Christus
1227 1518 1287 1579 in
1339 1517 1508 1580 nobis
1529 1518 1610 1578 47.
1647 1543 1674 1574 »
1709 1517 2020 1580 Formatur
2039 1527 2236 1580 autem

595 1629 700 1692 per
755 1609 1064 1690 Spiritum,
1125 1608 1545 1669 reformantem
1597 1626 1705 1668 nos
1752 1606 1825 1670 ad
1882 1608 2069 1669 Deum
2133 1625 2241 1688 per

592 1699 876 1779 scipsum.
912 1696 1155 1769 Quando
1179 1696 1358 1774 igitur
1375 1696 1447 1757 ad
1483 1696 1777 1759 Christum
1800 1696 2145 1766 formamur.
2182 1707 2239 1757 et

592 1788 722 1866 ipse
750 1786 810 1847 in
844 1785 1015 1847 nobis
1047 1785 1331 1863 signatur,
1398 1792 1455 1845 et
1484 1784 1775 1864 eiligiatur
1803 1783 1979 1859 bene,
2016 1796 2081 1845 ut
2131 1804 2239 1865 per

591 1876 850 1937 similem
883 1874 1230 1935 naturaliter
1255 1873 1565 1954 Spiritum,
1600 1892 1794 1935 nonne
1812 1872 1969 1934 Deus
1987 1871 2239 1954 Spiritus

591 1972 703 2040 est,
760 1963 861 2045 qui
916 1970 1265 2024 transmutat
1322 1962 1393 2023 ad
1450 1966 1635 2024 Deum
1677 1982 1795 2024 non
1828 1970 2100 2043 tanquam
2134 1981 2241 2043 per

591 2052 839 2132 gratiam
873 2053 1171 2127 servilem,
1218 2050 1320 2111 sed
1353 2050 1530 2112 veluti
1560 2050 1772 2112 divinae
1800 2058 2024 2112 natura;
2054 2051 2240 2131 parti-

591 2141 973 2222 cipationem,
1034 2140 1164 2220 ipso
1222 2139 1418 2219 dignis
1475 2140 1725 2215 donans,
1788 2139 2072 2221 Spiritum
2099 2157 2238 2202 vero

591 2230 1042 2292 similitudinem
1091 2247 1285 2290 veram
1348 2228 1480 2291 Filii
1541 2247 1675 2291 esse
1733 2227 1945 2290 discito
1998 2226 2236 2290 abeato

587 2320 762 2380 Paulo
792 2319 1115 2381 scribente.
1175 2317 1323 2390 Quia
1381 2336 1489 2378 nos
1535 2318 1844 2396 praenovit,
1876 2317 1988 2378 hos
2018 2316 2239 2397 prende-

591 2407 776 2469 ﬁnivit
799 2408 1134 2470 eonformes
1182 2406 1456 2483 imaginis
1485 2406 1620 2467 Filii
1651 2407 1805 2486 ejus,
1837 2408 1945 2466 hos
1976 2414 2035 2467 et
2065 2423 2237 2466 voca-

588 2496 668 2556 vit
703 2515 716 2560 :
750 2495 1144 2557 reformamur
1176 2495 1333 2556 enim
1361 2494 1432 2555 ad
1467 2494 1718 2571 efﬁgiem
1749 2512 1881 2574 qua
1931 2492 2002 2554 ad
2049 2492 2237 2575 Spiri-

588 2593 707 2646 tum
737 2592 1001 2645 sanctum
1035 2591 1144 2660 est,
1185 2583 1456 2664 quamvis
1486 2584 1557 2644 ad
1595 2582 1779 2644 Deum
1809 2601 1915 2662 per
1944 2584 2144 2657 ﬁdem,
2178 2589 2237 2642 et

589 2672 1143 2743 sanctiﬁcationem,
1180 2682 1237 2734 et
1267 2670 1678 2733 habitudinem
1721 2671 1794 2733 ad
1828 2670 2016 2732 illum.
2051 2672 2236 2735 Mani-

588 2762 804 2823 festum
859 2768 1079 2834 autem,
1145 2761 1301 2837 quod
1354 2760 1502 2840 ejus,
1540 2779 1670 2840 qua:
1701 2779 1806 2840 per
1838 2760 2237 2842 participatio-

588 2869 747 2924 nem,
809 2854 870 2913 et
909 2849 1266 2927 adventitiaz,
1320 2848 1459 2912 licet
1510 2850 1728 2911 divinae
1758 2858 2004 2926 natum,
2041 2852 2232 2913 vocati

522 2944 529 2963 ‘
588 2956 795 3000 sumus
825 2937 998 3001 socii.

2329 894 2391 949 τὸ
2433 900 2669 973 Πνεῦμα,
2723 884 2831 952 καὶί
2854 892 2923 950 δι’
2969 892 3126 952 αὒτοῦ
3165 915 3222 949 τε
3254 892 3417 951 καὶέν
3464 892 3606 963 αὐτῷ
3660 884 3959 964 μεταπλάτ-

2325 1004 2508 1048 τοντος
2552 985 2624 1047 εἱς
2655 981 2800 1047 εἶδος
2831 984 2892 1039 τὸ
2921 980 2974 1037 ἐν
3024 984 3247 1062 ἀρχαῖς,
3305 980 3574 1041 τουτέστιν
3631 979 3704 1041 εἷς
3763 976 3957 1050 ἑαυτὸν,

2325 1072 2444 1138 ἧτοι
2487 1074 2618 1151 πρὸς
2679 1069 2809 1129 ἰδίαν
2875 1070 3155 1151 ἐμφέρειαν
3226 1069 3290 1127 δι’
3362 1071 3650 1148 ἀγιασμοῦ,
3709 1063 3846 1123 οὕτω
3908 1084 3957 1119 τε

2323 1161 2411 1216 καὶ
2438 1162 2582 1237 ἡμᾶς
2624 1160 3029 1236 ἀνακομίζοντος
3087 1161 3162 1224 εἷς
3228 1163 3293 1217 τὸ
3346 1164 3446 1227 τῆς
3490 1156 3690 1219 εἰκόνος
3739 1152 3957 1233 ἀρχέτυ-

2323 1271 2444 1329 πον,
2488 1247 2724 1306 τουτέστι
2767 1251 2857 1306 τὸν
2928 1249 3244 1329 χαρακτῆρα
3275 1255 3364 1305 τοῦ
3400 1247 3628 1324 Πατρὸς.
3688 1240 3959 1321 Χαρακτὴρ

2321 1338 2419 1413 μὲν
2467 1339 2566 1419 γὰρ
2612 1337 2857 1406 ἀληθινὸς
2911 1340 3000 1395 καὶ
3042 1339 3116 1402 είς
3183 1337 3331 1407 λῆξιν
3374 1333 3640 1415 ἀκριϐείας
3696 1337 3796 1399 τῆς
3849 1330 3959 1388 κατ’

2321 1426 2600 1507 ἐμφέρειαν
2655 1427 2950 1505 νοουμένης
3006 1425 3161 1491 αὐτός
3219 1429 3362 1484 ἐστιν
3418 1428 3447 1482 ὁ
3527 1426 3674 1503 Υἱὸς,
3722 1419 3959 1497 ὁμοίωσις

2318 1514 2374 1572 δε
2423 1517 2714 1596 ἀκραιφνής
2770 1537 2827 1572 τε
2886 1517 2976 1573 καὶ
2992 1512 3225 1597 "quotidi
3305 1520 3399 1571 τοῦ
3453 1514 3576 1570 Υἱοῦ
3641 1511 3704 1567 τὸ
3759 1514 3958 1583 Πνεῦμα

2320 1605 2455 1680 ἐστι,
2501 1607 2633 1685 πρὸς
2688 1606 2719 1661 ὃ
2774 1606 2863 1662 καὶ
2937 1607 3104 1682 ἡμεῖς
3164 1604 3516 1684 μορφούμενυι
3583 1599 3650 1656 δι’
3706 1598 3959 1685 ἁγιασμοῦ

2318 1695 2450 1773 πρὸς
2506 1683 2671 1762 αὗτὴν
2728 1691 3123 1771 εἰδοποιούμεθα
3179 1683 3290 1761 ait;
3319 1697 3452 1748 Θεοῦ
3505 1689 3735 1769 μορφήν.
3796 1683 3959 1743 Ἀπο-

2320 1781 2563 1846 στολικὸς
2621 1781 2677 1839 δὲ
2725 1785 2868 1859 ἡμᾶς
2921 1784 3053 1862 πρὸς
3112 1780 3256 1840 τοῦτ’
3325 1781 3592 1843 ἀναπείσει
3648 1776 3829 1855 λόγος.
3861 1783 3959 1832 Τε-

2320 1875 2436 1928 κνία
2478 1872 2600 1950 γὰρ,
2642 1871 2889 1953 ἔφασκεν,
2947 1871 3035 1935 οὒς
3076 1870 3236 1930 πᾶλιν
3282 1869 3472 1950 ὠδίνω,
3518 1869 3677 1947 ἄχρις
3720 1865 3781 1922 οὔ
3831 1886 3960 1944 μορ-

2321 1963 2471 2040 φωθῇ
2500 1962 2725 2039 Χριστὸς
2785 1959 2841 2016 ἐν
2896 1963 3057 2037 ἡμῖν.
3113 1967 3412 2040 Μορφοῦται
3467 1956 3521 2013 δὲ
3578 1955 3664 2012 διὰ
3715 1953 3957 2029 Πνειεμα-

2321 2076 2412 2119 τος
2467 2053 2956 2134 ἂναστοιχειοῦντος
3033 2055 3177 2128 ἡμᾶς
3247 2054 3378 2118 πρὸς
3423 2051 3551 2108 Θεὸν
3599 2047 3670 2105 δι’
3726 2049 3910 2103 ἑαυτοῦ
3941 2060 3955 2074 ⁸

2320 2142 2408 2199 ὅτε
2461 2143 2634 2200 τοίνυν
2729 2143 2859 2222 πρὸς
2940 2142 3164 2221 Χριστὸν
3236 2141 3594 2220 μορφούμεθα,
3663 2139 3752 2195 καὶ
3812 2135 3960 2222 αὐτὸς

2319 2232 2454 2307 ἡμῖν
2508 2219 2883 2308 ἐνσημαίνεται
2938 2219 3027 2288 καὶ
3103 2219 3445 2288 εἰδοποιεϊται
3500 2226 3698 2300 καλῶς,
3765 2227 3842 2288 ὡς
3897 2219 3960 2278 δι’

2319 2320 2503 2394 ὁμοίου
2553 2322 2783 2400 φυσικῶς
2838 2326 2931 2376 τοῦ
2986 2318 3314 2395 Πνεύματυς.
3375 2318 3504 2382 Θεὸς
3534 2316 3633 2395 ἄρα
3661 2316 3723 2373 τὸ
3750 2310 3960 2387 Πνεῦμα

2318 2407 2451 2478 ἐστι,
2485 2409 2548 2465 τὸ
2600 2406 2919 2488 διαμορφοῦν
2974 2409 3107 2486 πρὸς
3160 2409 3313 2485 Θεὸν,
3346 2411 3449 2487 οὐχ
3474 2409 3549 2471 ὡς
3605 2402 3689 2461 διὰ
3738 2404 3959 2483 χάριτος

2315 2498 2663 2577 δπουργικῆς,
2728 2495 2867 2554 ἀλλ’
2952 2499 3025 2560 ὡς
3107 2498 3246 2563 θείας
3301 2497 3506 2578 φύσεως
3568 2489 3768 2570 μέθεξιν
3840 2490 3961 2548 αὑτὸ

2315 2599 2433 2650 τοῖς
2489 2583 2655 2651 ἀξίοις
2713 2584 3038 2666 δωρούμενον
3087 2605 3103 2621 ⁶
3178 2585 3257 2643 ὅτι
3329 2584 3383 2641 δὲ
3440 2584 3691 2660 ὁμοίωσις
3738 2579 3959 2648 -ἀληιθὴς

2315 2680 2406 2732 τοῦ
2463 2677 2583 2732 Υἱοῦ
2651 2675 2712 2731 τὸ
2755 2681 2967 2749 Πνεῦμα
3009 2675 3144 2751 ἐστι,
3205 2672 3529 2755 γεγραφότος
3871 2668 3963 2726 τοῦ

2317 2764 2572 2842 μακαρίου
2628 2761 2854 2837 Παύλου,
2913 2763 2994 2819 ὅτι
3028 2782 3042 2797 ⁸
3099 2763 3206 2823 Οῧσ
3262 2763 3504 2843 προέγνω
3559 2762 3648 2817 καὶ
3701 2758 3959 2837 προώρισε

2316 2851 2653 2932 συμμόρφους
2697 2857 2798 2919 τῆς
2856 2852 3056 2916 εἰκόνος
3089 2854 3182 2909 τοῦ
3210 2853 3332 2910 Υἰοῦ
3375 2853 3556 2923 αὐτοῦ,
3606 2868 3823 2912 τουτους
3878 2848 3962 2902 καὶ

2316 2939 2588 2998 ἐκάλεσεν.
2671 2938 3139 3018 Ἀναπλαττόμεθα
3216 2945 3317 3020 γάρ
3399 2941 3471 3005 εἱς
3520 2936 3818 3011 εἷκονισμὸν
3873 2937 3961 2991 τὸν

586 3026 715 3107 πρός
760 3028 819 3084 τό
853 3034 1061 3102 Πνεῦμα
1093 3028 1152 3084 τό
1182 3027 1355 3106 ἅγιον,
1404 3029 1572 3085 καίτοι
1604 3028 1733 3105 πρός
1765 3030 1894 3086 Θεὸν
1937 3027 2021 3085 διὰ
2070 3031 2296 3096 πίστεως
2329 3030 2416 3086 καὶ
2444 3029 2708 3108 ἆγιασμου
2734 3031 2824 3087 καὶ
2862 3035 2962 3098 τῆς
3014 3031 3144 3110 πρός
3197 3029 3323 3088 αὐτό
3351 3027 3592 3108 σχέσεως
3625 3032 3644 3062 ⁸
3690 3029 3868 3093 Δῆλον
3910 3022 3961 3078 δὲ

584 3116 663 3173 ὅτι
693 3122 791 3186 τῆς
834 3118 969 3173 κατᾶ
1000 3115 1199 3192 μέθεξιν
1228 3119 1314 3173 καὶ
1343 3118 1802 3201 εἰσκεκκριμένως,
1840 3120 1883 3175 εἱ
1911 3119 1999 3176 καὶ
2038 3120 2180 3184 θείας
2213 3122 2417 3201 φύσεως
2460 3118 2811 3196 ὠνομάσμεθα
2854 3121 3118 3182 κοινωνοί.
3168 3139 3199 3180 )

664 3204 1013 3268 Theodorus
1068 3204 1374 3286 presbyter
1417 3206 1757 3287 Raythenus
1809 3206 2078 3269 oratione
2127 3200 2233 3270 se-V

2395 3205 2660 3287 Θεόδωρος
2702 3211 2731 3265 ὁ
2792 3213 2889 3274 τῆς
2952 3200 3157 3267 Ῥαϊθοῦ
3225 3205 3572 3290 πρεσϐύτερος
3622 3205 3678 3262 ἐν
3706 3208 3790 3280 τῷ
3841 3205 3959 3283 περὶ

585 3294 782 3355 cunda
810 3292 884 3354 de
914 3292 1455 3375 Incircumscripto,
1490 3314 1621 3375 quae
1668 3294 1877 3376 incipit
1908 3313 1922 3358 :
1967 3324 1988 3354 ε
2016 3293 2230 3359 Omnia

583 3381 759 3443 audet
790 3381 990 3459 lingua
1017 3381 1247 3445 dolosa.
1284 3403 1309 3436 ι
1343 3382 1523 3444 dicit:
1553 3405 1573 3433 ι
1612 3382 2070 3447 Considerernus
2099 3405 2231 3467 qua;

583 3469 661 3531 de
693 3470 813 3532 Deo
844 3488 1113 3532 asserere
1137 3471 1414 3533 audeant.
1452 3473 2135 3555 Uperatione,inquiunt,
2169 3476 2230 3537 in

589 3558 868 3620 omnibus
886 3557 1046 3621 Deus
1071 3559 1355 3641 est,nullo
1378 3578 1517 3622 vero
1544 3559 1603 3621 in
1630 3561 1758 3622 loco
1774 3562 2056 3626 essentia.
2085 3563 2229 3626 Cum

586 3664 724 3708 vero
755 3650 1160 3728 operationem
1192 3648 1393 3710 dicant
1431 3650 1702 3711 ell‘ectum
1736 3657 1792 3710 et
1823 3653 2229 3730 operationem

583 3734 1015 3814 egredientem,
1038 3736 1298 3798 dicerem
1331 3755 1440 3816 ego
1468 3756 1503 3798 a
1533 3752 1741 3800 natura
1769 3738 1967 3801 divina
1986 3740 2229 3822 insepa-

586 3822 768 3885 bilem
789 3824 1129 3905 esseipsius
1160 3827 1590 3906 operationem,
1626 3827 1722 3889 «Et
1742 3835 1873 3908 post
1894 3831 2178 3892 nonnulla
2210 3849 2225 3894 :

588 3937 615 3969 ε
650 3913 794 3976 Cum
819 3930 961 3975 vero
992 3912 1192 3976 vivens
1246 3914 1444 3977 divina
1471 3924 1679 3978 natura
1708 3916 1937 3979 divinas
1969 3918 2147 3981 habet
2171 3927 2228 3981 et

583 4001 847 4064 actiones
906 4003 1129 4084 absque
1184 4022 1321 4064 vero
1384 4005 1643 4067 essentia
1674 4004 1957 4086 possibile
1991 4027 2109 4069 non
2141 4016 2230 4069 est

582 4090 991 4168 operationem
1018 4092 1317 4173 progredi,
1359 4093 1457 4156 ubi
1515 4094 1782 4174 operatio
1812 4105 2076 4177 apparet,
2111 4115 2230 4159 una

582 4178 758 4240 simul
790 4198 922 4240 cum
941 4197 1010 4242 ea
1052 4181 1338 4262 aspicitur
1377 4183 1660 4259 essentia,
1695 4202 1762 4245 ex
1780 4203 1892 4264 qua
1920 4184 2228 4265 progredi-

577 4275 698 4329 tur.
736 4292 761 4323 »
793 4268 865 4330 Et
922 4271 1127 4350 paucis
1185 4271 1402 4333 additis
1437 4293 1452 4331 :
1493 4298 1521 4329 α
1554 4273 1616 4336 Si
1673 4273 1832 4335 circa
1861 4282 2045 4336 totum
2073 4275 2227 4336 actio

579 4364 735 4438 est,a
757 4376 870 4438 qua
889 4348 1146 4423 essentia
1166 4360 1430 4440 separari
1452 4362 1679 4442 nequit,
1705 4362 1867 4425 circa
1886 4363 2225 4425 universum

581 4452 639 4506 et
671 4445 850 4507 rebus
881 4447 942 4508 in
973 4447 1251 4510 omnibus
1298 4458 1390 4511 est
1417 4450 1522 4514 Dei
1545 4451 1829 4514 essentia.
1860 4479 1884 4514 ε
1919 4452 1993 4514 Et
2022 4452 2228 4533 paucis

2310 3294 2733 3377 Ἀπεριγράπτου
2800 3295 3021 3378 δευτέρῳ
3101 3297 3249 3377 λόγῳ
3322 3299 3500 3374 αὗτοῦ,
3546 3297 3610 3353 οὗ
3663 3296 3698 3364 ἡ
3730 3294 3957 3378 --ἀρχὴ

2319 3404 2350 3444 (
2392 3372 2571 3443 Πᾶντα
2617 3385 2793 3463 τολμᾶ
2833 3372 3052 3466 γλῶσσα
3094 3372 3263 3450 δολία.
3304 3406 3344 3449 _)
3407 3372 3564 3467 φησίν
3603 3401 3618 3418 ⁸
3655 3403 3681 3436 1
3730 3372 3969 3460 “lsi-ipsi:

2313 3475 2409 3531 οἷα
2451 3473 2624 3554 λέγειν
2678 3477 2797 3557 περὶ
2848 3482 2988 3533 ⁴Θεοῦ
3038 3475 3346 3557 ἀνέχονται.
3392 3481 3471 3551 Τῇ
3498 3474 3752 3554 ἐνεργείᾳ,
3783 3474 3967 3553 φασὶν,

2315 3564 2370 3619 ἐν
2420 3569 2580 3620 πᾶσιν
2624 3564 2764 3623 ἐστιν
2816 3568 2850 3622 ὁ
2893 3566 3047 3644 Θεὸς,
3100 3571 3169 3642 τῇ
3224 3565 3369 3637 οὐσίᾳ
3418 3561 3474 3620 δὲ
3516 3560 3767 3639 οὐδαμοῦ,
3811 3561 3970 3640 ἐνέρ-

2313 3673 2466 3730 γειαν
2524 3651 2771 3730 λέγοντες
2840 3655 2902 3712 τὸ
2943 3655 3136 3735 προϊὸν
3188 3653 3250 3711 ἐκ
3302 3658 3401 3723 τῆς
3443 3651 3702 3732 ἐνεργείας
3736 3651 3971 3709 ιάποτέ-

2312 3739 2505 3817 λεσμα.
2564 3743 2736 3809 Φαίην
2793 3740 2839 3799 δ’
2900 3741 2967 3800 ἂν
3036 3742 3208 3822 ἐγωγε
3274 3747 3376 3810 τῆς
3436 3747 3529 3798 τοῦ
3577 3747 3709 3800 Θεοῦ
3757 3740 3969 3820 φύσεως

2311 3830 2614 3910 ἀχώριστον
2670 3831 2812 3888 εἶναι
2854 3831 2954 3899 τὴν
3031 3831 3296 3910 ἔνεργειαν
3355 3830 3536 3893 αὐτοῦ.
3556 3853 3600 3886 -»
3663 3828 3771 3888 Καὶ
3830 3830 3975 3905 μετά

2310 3940 2428 3976 τινα
2461 3939 2477 3954 ⁸
2516 3941 2545 3975 ε
2581 3918 2797 3989 Ἐπειδὴ
2835 3918 2891 3977 δὲ
2916 3921 3064 3992 ,ζῶσα
3106 3923 3141 3989 ἡ
3196 3920 3312 3978 θεία
3350 3920 3527 4001 φύσις,
3556 3920 3731 3991 ζώσας
3760 3916 3974 3999 ἔχουσα

2308 4009 2397 4064 καὶ
2452 4009 2549 4073 τὰς
2601 4008 2884 4089 ἐνεργείας,
2943 4010 3109 4090 χωρὶς
3162 4009 3219 4067 δὲ
3247 4011 3426 4073 οὐσίας
3454 4008 3707 4066 ἂδυνατον
3764 4006 3974 4087 προελ-

2306 4099 2422 4154 θεῖν
2478 4096 2765 4177 ἐνέργειαν,
2822 4098 2942 4156 ἕνθα
2997 4098 3060 4156 ἂν
3115 4101 3148 4168 ἡ
3212 4097 3445 4179 ἐνέργεια
3499 4103 3665 4179 φανῇ,
3704 4100 3970 4157 -συνθεω-

2311 4198 2483 4262 ρεῖται
2524 4188 2689 4265 ταύτῃ
2747 4189 2836 4245 καὶ
2897 4191 2933 4257 ἡ
2977 4190 3125 4246 οὐσία
3178 4187 3234 4254 ἒξ
3275 4192 3342 4258 ἧς
3396 4187 3740 4267 προέρχεται.
3776 4206 3801 4240 ³
3867 4188 3973 4246 Καὶ

2312 4274 2447 4350 μετά
2475 4296 2593 4333 τινα
2639 4291 2653 4307 ⁶
2690 4300 2719 4332 ι
2769 4279 2841 4335 Ἐἰ
2893 4279 3011 4357 περὶ
3052 4279 3115 4335 τὸ
3171 4284 3276 4335 πᾶν
3318 4276 3515 4345 ἐστινὴ
3546 4275 3805 4357 ἐνέργεια,
3838 4276 3973 4333 ταύ-

2309 4385 2409 4430 της
2451 4361 2507 4419 δὲ
2556 4364 2858 4444 ἂχώριστος
2921 4368 2957 4435 ἡ
3001 4365 3149 4423 οὔσία
3193 4364 3505 4441 καθέστηκε,
3566 4367 3687 4444 περὶ
3738 4367 3802 4422 τὸ
3859 4371 3973 4422 πᾶν

2308 4453 2397 4508 καὶ
2449 4454 2505 4508 ἐν
2560 4462 2637 4529 τῷ
2691 4456 2850 4512 παντί
2903 4455 3045 4513 ἐστιν
3112 4457 3149 4524 ἡ
3204 4465 3299 4515 τοῦ
3369 4458 3502 4513 Θεοῦ
3556 4457 3730 4516 οὺσία.
3766 4478 3796 4512 ι
3867 4455 3972 4513 Καὶ

577 4534 828 4624 annexis
861 4556 875 4596 :
915 4558 937 4594 ε
976 4540 1180 4619 Itaque
1215 4556 1334 4599 non
1364 4538 1596 4601 actione
1625 4540 1817 4601 solum
1846 4557 2108 4621 praesens
2143 4548 2233 4603 est

2316 4541 2451 4617 μετά
2489 4563 2608 4600 τινα
2640 4558 2655 4574 ⁸
2717 4570 2740 4601 ε
2774 4546 2970 4602 Οὐκοῦν
3024 4549 3085 4605 οὗ
3141 4543 3302 4622 μόνον
3357 4550 3426 4622 τῇ
3474 4543 3713 4624 ἐνέργεια
3740 4544 3971 4624 πάρεστι

577 4623 857 4686 omnibus
888 4626 1046 4687 Deus
1076 4625 1179 4688 sed
1213 4627 1472 4689 essentia
1500 4647 1736 4710 quoque
1769 4647 1784 4691 :
1810 4636 2112 4691 Ostensum
2153 4630 2230 4691 si-

578 4711 819 4793 quidem
851 4713 1075 4794 absque
1125 4717 1388 4778 essentia
1433 4717 1730 4779 actionem
1762 4735 1881 4778 non
1911 4735 2063 4780 esse.
2100 4743 2123 4773 ι
2159 4718 2229 4781 Ει

577 4809 713 4882 post
739 4818 922 4883 pauca
949 4820 963 4865 :
991 4827 1015 4858 α
1043 4801 1352 4875 Quomodo
1376 4805 1574 4886 itaque
1603 4806 1758 4886 quod
1783 4805 2004 4869 dicitur
2020 4825 2224 4869 verum

576 4889 779 4966 fuerit,
812 4888 1097 4970 Spiritum
1131 4910 1350 4974 nempe
1379 4893 1614 4956 Domini
1638 4894 1967 4975 replevisse
2019 4896 2225 4958 orbem

579 4985 869 5039 terrarum
893 4978 918 5042 ?
942 4981 1220 5043 Essentia
1238 4981 1395 5045 Deus
1422 5002 1556 5045 cum
1579 4984 1883 5058 sit,omnia
1904 5003 2035 5064 qua;
2060 4995 2221 5058 sunt,

577 5064 776 5128 divino
800 5069 1060 5131 essentia
1079 5071 1416 5152 replevit,et
1436 5071 1618 5135 rebus
1644 5072 1705 5134 in
1733 5073 2012 5135 omnibus
2045 5081 2163 5139 est.
2192 5100 2219 5132 ι

575 5153 650 5214 Ει
678 5156 978 5218 nonnullis
1025 5158 1357 5239 interjectis
1384 5183 1397 5220 ε
1430 5184 1451 5213 σ
1476 5160 1648 5225 Aelio
1670 5161 1800 5224 sine
1823 5163 2080 5226 essentia
2105 5183 2224 5227 non

581 5244 979 5332 progreditur,
1014 5253 1075 5308 et
1104 5247 1164 5309 in
1196 5248 1472 5313 omnibus
1503 5263 1594 5311 est.
1626 5269 1640 5315 :
1676 5251 1937 5314 essentia
1968 5252 2223 5332 igiturin

576 5328 855 5394 omnibus
885 5341 997 5408 est,
1034 5335 1119 5397 uti
1152 5339 1441 5419 propheta
1468 5339 1653 5403 dixit:
1685 5360 1707 5392 ε
1748 5342 1961 5405 Nonne
1993 5328 2223 5405 caelum

576 5426 636 5478 et
665 5425 878 5481 terram
909 5440 1018 5509 ego
1048 5424 1293 5506 impleo,
1325 5428 1474 5491 dicit
1498 5428 1788 5493 Dominus
1815 5430 1897 5495 48.
1933 5455 1956 5486 ι

652 5584 715 5636 47
737 5585 863 5649 Gal.
890 5603 973 5667 Iv,
1013 5590 1106 5655 19.
1140 5592 1204 5644 ιθ
1231 5591 1450 5660 Jerem.
1490 5613 1656 5679 XXIII,
1693 5599 1793 5665 24.

2311 4643 2425 4697 τοῖς
2481 4634 2594 4688 οὖσι
2637 4634 2794 4709 Θοὸς,
2853 4633 2992 4693 ἀλλὰ
3049 4636 3136 4691 καὶ
3187 4639 3256 4711 τῇ
3310 4634 3461 4707 οὐσίᾳ
3498 4653 3513 4669 ο
3546 4631 3805 4691 δέδεικται

2308 4717 2391 4775 ὅτι
2448 4721 2616 4801 χωρὶς
2672 4721 2851 4787 οὐσίας
2907 4727 3003 4782 οὒκ
3080 4722 3221 4779 ἔστιν
3296 4722 3553 4802 ἐνέργεια.
3591 4738 3617 4774 ι
3671 4724 3771 4782 Καὶ
3823 4723 3976 4799 μετά

2307 4806 2470 4865 τινα⁹
2538 4832 2566 4865 ε
2601 4816 2721 4874 Πῶς
2766 4811 2856 4869 οὖν
2911 4811 3063 4869 ἔσται
3132 4813 3194 4868 τὸ
3263 4810 3550 4890 λεγόμενον
3604 4809 3832 4887 ἀληθὲς,
3886 4811 3974 4868 ὅτι

2309 4898 2520 4974 Πνεῦμα
2578 4899 2764 4980 Κυρίου
2819 4900 3141 4979 πεπλήρωκε
3217 4901 3315 4969 τὴν
3387 4900 3700 4976 οἰκουμένην
3735 4920 3755 4978 ;
3788 4901 3975 4959 Οὒσία

2307 4988 2336 5042 ὁ
2365 4988 2495 5052 Θεὸς
2530 4987 2628 5065 ὢν,
2684 4990 2860 5048 πάντα
2901 4991 2967 5047 τὰ
3007 4988 3135 5047 ὅντα
3175 4990 3272 5059 τῆς
3332 4991 3469 5054 θείας
3517 4990 3695 5056 οὐσίας
3736 4990 3972 5060 πεπλή-

2307 5097 2469 5153 ρωκε,
2500 5078 2589 5135 καὶ
2617 5076 2671 5134 ἕν
2698 5085 2828 5136 πᾶσι
2887 5092 3005 5144 τοῖς
3063 5083 3208 5139 οὖσιν
3244 5079 3398 5144 ἐστι,
3436 5101 3462 5139 ε
3508 5081 3609 5136 Καὶ
3635 5080 3776 5154 μετά
3815 5099 3973 5137 τινα’

2391 5156 2455 5223 Ἠ
2509 5163 2565 5222 δὲ
2605 5166 2841 5247 ἐνέργεια
2898 5171 3066 5249 χωρὶς
3124 5169 3301 5233 οὐσίας
3368 5173 3429 5228 οὐ
3487 5167 3727 5249 πρόεισι,
3773 5171 3869 5228 καὶ
3914 5168 3976 5225 ἐν

2304 5260 2466 5312 πᾶσιν
2500 5257 2679 5319 ¹ἐστιν.
2744 5250 2806 5315 Ἠ
2842 5259 3013 5319 ⁴οὐσία
3078 5256 3180 5338 ἄρα
3221 5256 3277 5315 ἐν
3333 5264 3492 5317 πᾶσιν
3533 5257 3644 5316 ἐστι
3701 5259 3846 5319 κατὰ
3896 5262 3976 5317 πὸ

2307 5340 2392 5399 διὰ
2445 5350 2541 5401 τοῦ
2590 5347 2860 5426 προφήτου
2914 5345 3202 5427 λεγόμενον
3235 5361 3250 5377 ⁸
3316 5366 3340 5399 ε
3371 5348 3462 5416 Μὴ
3504 5347 3629 5429 οὒχὶ
3669 5348 3765 5406 τὸν
3794 5352 3976 5429 οὖρα-

2308 5434 2397 5491 νὸν
2420 5434 2509 5491 καὶ
2532 5438 2635 5503 τῆν
2676 5440 2780 5515 γῆν
2821 5437 2931 5516 ἐγὼ
2964 5434 3159 5516 πληρῶ
3188 5435 3382 5517 ς-λέγει
3415 5436 3627 5518 Κύριος.
3662 5464 3700 5496 ν»
