4208 6296
500 280 619 345 683

1590 285 1859 351 JOANN.
1885 281 2109 350 VECCI
2138 282 2253 345 GP.
2285 282 2803 352 PATRIARCHE

3767 286 3892 355 684

502 402 607 465 sed
629 421 737 505 per
765 421 899 485 quae
927 403 1236 507 docemur,
1269 405 1558 507 Spiritum
1614 405 1895 507 sanctum
1944 421 2149 477 natura

2237 416 2556 497 δασκόμεθα,
2645 423 2717 480 To‘
2785 429 2998 498 Πνεῦμα
3052 424 3113 480 τὸ
3193 424 3342 504 ἅγιον
3399 428 3494 494 τὴν
3579 426 3677 503 μέν
3733 428 3889 507 φύσιν

498 510 631 556 esse
660 492 1146 575 inseparabilem,
1177 502 1380 577 utpote
1409 495 1511 577 qui
1540 515 1609 558 ex
1656 496 2042 579 inseparabili
2092 510 2149 565 et

496 580 848 645 indivisibili
903 591 1111 645 natura
1151 602 1497 665 progressus
1546 593 1657 649 est.
1691 586 1921 652 Nomen
1951 600 2148 655 autem

500 671 629 763 ejus
658 671 1214 763 Spiritus_sauctu_s,
1271 673 1513 763 spiritus
1565 675 1851 754 veritatis,
1909 681 2153 763 spiritus

497 759 630 836 Dei,
654 760 896 850 spiritus
926 759 1446 842 Domini,spiritus
1474 760 1687 846 Patris,
1723 759 1967 847 spiritus
1989 769 2149 850 Filii,

498 851 743 930 spiritus
771 849 1012 928 Christi,
1047 858 1105 913 et
1151 852 1235 912 sic
1263 858 1434 915 vocat
1463 871 1601 916 eum
1648 853 1976 937 Scriptura,
2030 849 2149 920 imo

496 939 627 1030 ipse
658 938 947 1030 seipsu_m,
983 947 1043 1002 et
1071 938 1355 1020 Spiritum
1389 943 1521 1017 Dei,
1559 950 1617 1006 et
1637 943 2058 1030 Spiritum,qui
2081 967 2151 1011 ex

505 1027 629 1092 Deo
662 1036 803 1118 est.)
834 1027 905 1090 Et
934 1035 1068 1118 post
1098 1047 1327 1110 pauca:
1358 1054 1379 1084 ι
1417 1030 1623 1113 Itaque
1654 1034 1871 1098 dicitur
1900 1027 2153 1118 Spiritus

502 1117 888 1181 sanctus.Ista
916 1117 1076 1181 enim
1108 1128 1199 1180 est
1226 1120 1419 1199 prima
1449 1129 1508 1182 et
1538 1125 1780 1206 propria
1809 1117 2148 1207 appellatio.

498 1215 558 1270 et
584 1216 648 1270 ut
677 1206 1105 1287 evidentiorem
1138 1208 1368 1271 habens
1397 1206 1853 1291 intelligentiam
1863 1206 2154 1295 ,Spiritus

499 1297 690 1360 sancti
718 1303 988 1359 naturam
1025 1295 1424 1361 demonstrat.
1462 1324 1491 1356 υ
1520 1299 1593 1361 Et
1644 1303 1849 1382 paucis
1897 1302 2150 1383 interje-

499 1387 610 1449 ctis
641 1407 655 1446 :
696 1408 721 1443 ‹
752 1384 858 1447 Est
890 1385 1073 1465 igitur
1101 1385 1206 1448 Dei
1237 1387 1570 1470 spiritus,et
1588 1408 1657 1451 ex
1680 1392 1802 1454 Deo
1836 1391 2011 1454 Patre
2031 1392 2146 1472 spi-

2231 507 2368 565 ἐστὶν
2437 508 2745 589 ἀδιαίρετον,
2813 508 2905 567 ἅτε
2975 509 3038 579 δὴ
3109 516 3169 569 ὲκ
3250 512 3352 582 τῆς
3438 511 3732 594 ἀδιαιρέτου
3800 512 3893 570 καὶ

2232 598 2510 678 ἀμερίστου
2540 601 2742 679 φύσεως
2802 599 3057 680 πρόελθον
3093 618 3105 630 ⁸
3167 599 3334 677 ὄνομα
3364 602 3419 658 δὲ
3463 604 3617 659 αὑτοῦ
3675 609 3892 677 Πνεῦμα

2233 687 2404 766 ἅγιον,
2481 697 2684 764 πνεῦμα
2736 687 3006 765 ἀληθείας,
3066 700 3273 766 πνεῦμα
3313 698 3407 748 τοῦ
3450 695 3604 771 Θεοῦ,
3677 698 3887 763 πνεῦμα

2238 777 2444 858 Κυρίου,
2474 783 2679 854 πνεῦμα
2707 787 2801 837 τοῦ
2846 784 3073 859 Πατρός,
3117 787 3322 857 πνεῦμα
3352 787 3443 837 τοῦ
3501 783 3644 860 Υἶοῦ,
3675 790 3886 856 πνεῦμα

2233 871 2478 945 Χριστοῦ,
2507 869 2594 923 καὶ
2639 866 2775 924 οὕτω
2803 866 2962 925 καλεῖ
3017 869 3142 925 αὐτὸ
3170 871 3204 937 ἦ
3262 870 3373 927 θεία
3428 871 3630 950 Γραφῆ,
3677 868 3883 945 μᾶλλον

2233 953 2287 1010 δὲ
2319 957 2444 1011 αὸτὸ
2473 956 2650 1031 ἑαυτὸ,
2682 958 2770 1013 καὶ
2824 966 3029 1033 πνεῦμα
3088 958 3238 1034 Θεοῦ,
3297 960 3384 1015 καὶ
3449 966 3661 1035 Πνεῦμα
3702 961 3762 1015 τὸ
3822 960 3886 1014 ἐκ

2233 1052 2324 1102 τοῦ
2366 1052 2520 1104 Θεεῦ.
2553 1063 2575 1094 ι
2616 1048 2713 1103 Καὶ
2741 1045 2858 1102 τίετ’
2890 1045 3044 1126 ὀλίγα
3067 1068 3080 1081 ·
3123 1071 3151 1103 α
3187 1046 3407 1126 Λέγεται
3450 1050 3620 1105 τοίνυν
3669 1055 3887 1124 Πνεῦμα

2232 1135 2403 1213 ἂγιον,
2468 1134 2611 1201 Αὕτη
2664 1136 2763 1213 γὰρ
2820 1134 2959 1192 ἐστιν
3014 1138 3049 1204 ἡ
3114 1136 3262 1215 κυρία
3316 1139 3406 1193 καὶ
3459 1138 3645 1210 πρώτη
3704 1160 3876 1216 προσ-

2232 1224 2443 1303 ηγορία,
2499 1225 2534 1291 ἡ
2594 1222 3053 1304 ἐμφαντικωτέραν
3115 1225 3317 1305 ἔχουσα
3358 1227 3458 1294 τὴν
3512 1225 3765 1301 διανοίαν,
3797 1227 3889 1282 καὶ

2233 1316 2540 1391 παριστῶσα
2606 1322 2700 1395 τοῦ
2755 1314 2903 1391 ἁγίου
2960 1314 3264 1391 Πνεύματος
3320 1315 3417 1383 τὴν
3474 1316 3645 1395 φύσιν.
3695 1337 3718 1367 ι
3782 1316 3883 1372 Καὶ

2236 1399 2347 1477 μετ’
2384 1399 2538 1478 ὀλίγα
2570 1419 2582 1432 ·
2623 1424 2652 1457 α
2690 1391 2877 1459 ’Ἔστιν
2922 1402 3009 1459 οῦν
3064 1411 3194 1461 Θεοῦ
3223 1411 3451 1485 πνεῦμα,
3489 1391 3597 1462 ’καὶ
3655 1404 3717 1461 ἐκ
3748 1410 3883 1460 Θεοῦ

498 1476 671 1577 ritus,
699 1482 756 1576 et
785 1493 818 1535 a
840 1473 1494 1577 Patrenproqeditﬂuid
1524 1485 1637 1559 est,
1674 1481 1997 1560 procedit?
2024 1499 2143 1541 non

2232 1491 2429 1577 Πατρὸς
2483 1473 2717 1566 Πνεῦμα,
2780 1492 2867 1547 καὶ
2917 1492 3059 1570 παρὰ
3112 1499 3205 1551 τοῦ
3259 1473 3464 1573 Πατρὸς
3518 1493 3880 1577 ἐκπορεύεται.

500 1564 670 1641 dixit,
703 1563 982 1666 gignitur.
1012 1562 1184 1666 Quod
1213 1567 1371 1666 enim
1400 1585 1521 1629 non
1552 1576 1642 1631 est
1672 1569 1980 1648 scriptum,
2023 1589 2142 1631 non

2232 1580 2283 1636 Τί
2352 1576 2515 1653 ἐστιν,
2575 1577 2932 1656 ἐκπορεύεται,
2992 1581 3089 1636 οὐκ
3129 1594 3275 1660 εἷπε,
3303 1562 3597 1660 ίγέννᾶται,
3671 1570 3747 1636 ’Ἃ
3817 1600 3883 1657 γε

501 1663 597 1750 est
618 1651 1259 1750 sentiendum.Filiusa
1289 1656 1461 1718 Patre
1489 1657 1720 1736 genitus
1752 1667 1861 1741 est,
1882 1659 2141 1741 Spiritus

2232 1669 2282 1728 οὗ
2310 1651 2629 1747 γέγραπται,
2663 1651 2721 1725 οῦ
2792 1665 2875 1724 δεῖ
2914 1651 3153 1749 ιρρονεῖν.
3216 1651 3356 1732 rit)?
3389 1670 3450 1727 ἐκ
3492 1671 3691 1750 Πατρὸς
3749 1651 3875 1747 γεν-

500 1763 534 1805 a
564 1739 1284 1842 Patre.procedit.Qu‘aeris
1312 1760 1348 1805 a
1382 1763 1478 1807 me
1505 1765 1742 1810 omnem
1770 1739 2135 1824 varietatem,

2232 1739 2420 1832 νηθεὶς,
2481 1739 2692 1833 Πνεῦμα
2782 1757 2843 1813 ἐκ
2909 1739 3113 1837 Πατρὸς
3196 1739 3625 1838 ἐκπορευόμενονί
3686 1739 3882 1822 Ζητεϊς

500 1831 799 1927 quomodo
831 1831 1061 1927 genitus
1095 1831 1217 1927 ille,
1246 1839 1309 1927 et
1328 1834 1624 1914 quomodo
1652 1837 1945 1917 processit
1988 1835 2143 1899 iste?

2232 1846 2349 1924 παρ’
2404 1831 2569 1922 ἐμοῦ
2621 1831 2724 1914 τὴν
2777 1831 3037 1927 διαφορὰν.
3101 1847 3312 1912 πάντως
3329 1831 3362 1927 ’ς
3435 1831 3548 1910 πῶς
3619 1846 3883 1924 ἐγεννήθη

500 1924 646 1986 Cum
678 1921 960 1984 didiceris
990 1919 1147 2000 quod
1176 1921 1410 2001 genitus
1472 1932 1580 1998 est,
1633 1925 1894 1989 didicisti
1925 1934 1981 1990 et
2013 1944 2144 1987 mo-

500 2012 664 2087 dum,
699 2016 757 2073 et
781 2009 1290 2090 comprehendisti
1322 2011 1554 2094 utique.
1601 2013 1804 2097 Itaque
1852 2035 1987 2081 cum
2036 2034 2146 2077 au-

501 2102 687 2172 dieris
719 2109 1031 2191 praedicari
1051 2109 1265 2174 Filium
1275 2105 1814 2188 ,comprehendisti
1830 2104 2149 2168 nativitatis

504 2197 767 2263 modum.
797 2202 1054 2269 Nomina
1082 2208 1239 2275 sunt,
1283 2216 1416 2279 quae
1447 2195 1544 2276 pia
1590 2196 1709 2258 ﬁde
1750 2196 2144 2269 honorantur,

498 2305 619 2349 non
657 2291 1108 2355 ratiocinatione
1127 2283 1570 2356 tenentur.Quze
1602 2291 1796 2345 autem
1826 2285 1914 2345 vis
1945 2280 2147 2344 nomi-

502 2378 621 2451 nis,
654 2380 954 2462 procedit?
982 2379 1230 2442 Audizut
1260 2393 1476 2438 nomen
1501 2372 1819 2436 nativitatis
1841 2369 2153 2462 praetereat

503 2460 837 2550 Scriptura,
871 2489 947 2532 ne
994 2468 1211 2532 Filium
1255 2466 1451 2546 ipsum
1482 2463 1668 2545 dicas,
1699 2462 1862 2533 dicit,
1896 2460 2152 2542 Spiritus

505 2559 875 2640 sanctus,qui
898 2577 932 2623 a
962 2557 1137 2621 Patre
1170 2554 1446 2637 procedit
1482 2575 1496 2614 :
1527 2551 1754 2615 inducit
1779 2569 1912 2640 eum
1935 2566 2150 2640 proce-

504 2645 742 2709 dentem
777 2636 841 2710 ut
862 2666 1072 2728 aquam
1096 2636 1350 2707 de’fonte
1379 2636 2151 2728 scaturientem,sicutetde

2231 1937 2431 2011 μαθων,
2506 1934 2716 2015 ἔμαθες,
2802 1936 2890 1992 καὶ
2944 1936 3036 1991 τὸν
3119 1935 3312 2014 τρόπον
3398 1931 3683 1997 κατέλαϐες
3716 1953 3728 1966 ·
3777 1932 3882 2011 ἄρα

2232 2022 2345 2079 ἐπεὶ
2442 2025 2501 2082 οὗ
2594 2024 2981 2102 κηρυττόμενον
3051 2022 3338 2088 κατέλαϐες
3424 2025 3719 2103 γεννήσεως
3786 2022 3883 2077 τὸν

2230 2113 2446 2191 τρόπον.
2499 2112 2766 2188 Ὀνομάτα
2809 2113 2919 2170 ἐστι
2958 2114 3128 2170 πίστει
3182 2114 3460 2190 τιμώμενα
3531 2114 3618 2169 καὶ
3671 2108 3884 2167 εῦσεϐεἶ

2230 2200 2474 2279 λογισμῷ
2533 2202 2859 2283 τηρούμενα.
2920 2201 3008 2266 Τίς
3049 2200 3104 2258 δὲ
3172 2205 3207 2271 ἡ
3278 2201 3492 2279 δύναμις
3548 2210 3663 2283 τοῦ,
3704 2200 3879 2257 ἐκπο-

2231 2290 2482 2370 ρεύεταις
2530 2280 2653 2348 ΗΙνα
2710 2292 2773 2347 τὸ
2812 2291 2909 2360 τῆς
2964 2292 3261 2369 γεννήσεως
3317 2291 3487 2367 ὄνομα
3557 2280 3789 2368 παρέλθῃ
3840 2290 3879 2355 ἡ

2234 2380 2437 2460 Γραφὴ,
2524 2378 2615 2436 ἵνα
2686 2380 2764 2457 μὴ
2836 2381 2956 2437 Υἱὸν
3027 2383 3150 2439 αὒτὸ
3211 2379 3412 2459 καλέσῃ
3466 2379 3609 2459 λέγει
3663 2384 3879 2452 Πνεῦμα

2234 2468 2415 2547 ἅγιον,
2487 2470 2516 2525 ὃ
2589 2470 2727 2549 παρὰ
2783 2476 2875 2526 τοῦ
2970 2472 3174 2550 Πατρὸς
3231 2471 3565 2549 ἐκπορεύεται
3601 2489 3614 2503 ·
3678 2467 3878 2544 εἰσάγει

2233 2558 2359 2613 αὑτὸ
2443 2557 2857 2637 ἐκπορευόμενον
2927 2561 3000 2622 ὡς
3056 2557 3189 2639 ὕδωρ
3286 2560 3389 2617 ἀπὸ
3470 2557 3651 2637 πηγῆς
3719 2556 3881 2633 βρύον

2234 2647 2368 2703 κατὰ
2396 2647 2457 2703 τὸ
2487 2646 2761 2727 εἰρημένον
2818 2650 2935 2727 περὶ
2990 2655 3082 2706 τοῦ
3139 2646 3453 2729 παραδείσου
3484 2667 3499 2683 ·
3561 2666 3583 2701 ι
3631 2645 3881 2719 Ποταμὸς

502 2735 788 2799 Paradiso
820 2726 1047 2799 dictum
1078 2742 1199 2797 est:
1233 2731 1477 2796 Fluvius
1525 2736 1719 2792 autem
1773 2726 2148 2818 proceditqex

2232 2733 2286 2792 δέ
2326 2736 2661 2816 ἐκπορεύεται
2705 2735 2756 2802 ἐξ
2786 2726 2968 2818 Ἐδέμ,
3012 2726 3369 2817 ἐκπορεύεται,
3428 2738 3516 2794 καὶ
3552 2735 3804 2814 πηγάζει.
3842 2756 3875 2788 ιι

501 2821 712 2897 Edem,
749 2825 1043 2908 procedit,
1079 2832 1137 2887 et
1164 2821 1432 2885 scaturit.
1468 2844 1490 2875 ι
1527 2819 1601 2882 Et
1622 2819 1824 2900 paucis
1854 2816 2140 2908 annesis:

2232 2825 2331 2884 Καὶ
2373 2823 2493 2901 μετ’
2543 2824 2696 2904 ὀλίγα
2731 2846 2745 2862 ·
2795 2846 2817 2877 α
2842 2816 3054 2899 Πνεῦμα
3112 2834 3264 2901 Θεοῦ,
3322 2816 3527 2901 πνεῦμα
3583 2826 3644 2881 τδ
3686 2823 3746 2879 ἐκ
3785 2831 3882 2879 του

511 2935 534 2966 ι
566 2904 825 2995 Spiritus
854 2914 985 2989 Dei,
1012 2921 1071 2977 et
1100 2911 1355 2994 Spiritus
1383 2910 1484 2993 qui
1516 2929 1586 2972 ex
1614 2908 1766 2988 Deo,
1801 2914 1860 2969 et
1903 2904 2146 2996 Spiritus

2232 2920 2381 2988 Θεοῦ,
2442 2921 2648 2991 πνεῦμα
2704 2916 2931 2996 Πατρὸς,
2976 2914 3244 2991 Πνεῦμαὸ
3300 2916 3442 2995 παρὰ
3497 2920 3592 2971 τοῦ
3649 2914 3878 2993 Πατρὸς,

501 3004 712 3086 Patris,
745 3012 804 3067 et
831 3003 1084 3086 Spiritus
1148 3003 1247 3082 qui
1277 3019 1313 3063 a
1343 3002 1516 3064 Patre
1546 2997 1838 3081 procedit,
1901 2995 2143 3086 spiritus

2232 3003 2583 3085 ἐκπορεύεται,
2657 3007 2867 3086 Πνεῦμα
2919 2995 3145 3084 Κυρίου,
3231 3011 3437 3081 πνεῦμα
3515 3006 3657 3078 Υἱοῦ,
3718 3002 3853 3079 Λέγε

500 3083 760 3170 Domini,
782 3083 1028 3176 spiritus
1056 3090 1215 3155 Filii.
1252 3090 1451 3164 «Quod
1483 3097 1679 3153 autem
1708 3083 2142 3176 sitis_ﬁlii,dicit

2232 3083 2543 3160 Ἀπόστολος
2569 3083 2592 3124 -’
2634 3116 2659 3150 σ
2711 3084 2840 3152 ἐΟτι
2871 3092 2924 3151 δέ
2954 3083 3070 3151 ἐστε
3099 3094 3218 3168 υἱοὶ,
3265 3091 3628 3160 ἐξαπέστειλεν
3656 3093 3685 3149 ὃ
3727 3092 3883 3154 Θεὺςι

500 3174 860 3267 Apostolus,
918 3181 1115 3244 emisit
1188 3180 1345 3243 Deus
1413 3179 1686 3267 spiritum
1744 3174 1876 3238 Filii
1933 3175 2041 3267 sui_
2080 3175 2143 3236 in

2232 3183 2294 3238 τὸ
2323 3188 2534 3258 Πνεῦμα
2584 3183 2677 3241 τοῦ
2736 3186 2858 3241 Υἰοῦ
2924 3188 3097 3267 αὐτοῦ,
3150 3185 3223 3247 εἰς
3275 3183 3369 3249 τὰς
3441 3180 3652 3261 καρδίας
3721 3181 3882 3256 ἡμῶν

504 3263 684 3339 corda
732 3263 938 3335 nostra
969 3272 1345 3351 clamantem,
1403 3269 1576 3333 Abba
1622 3266 1795 3329 Pater
1817 3268 1902 3329 51.
1938 3286 1960 3317 ι
1998 3263 2149 3326 Ecce

2232 3268 2445 3349 κράζον,
2520 3268 2684 3328 ’Λόϐἆ
2743 3274 2772 3328 ὃ
2816 3274 3021 3352 Πατήρ.
3083 3263 3211 3331 Ἰδοὺ
3254 3273 3378 3329 αὑτὸ
3431 3272 3494 3329 τὸ
3547 3276 3752 3347 πνεῦμα
3781 3269 3881 3326 τοῦ

500 3367 630 3445 ipse
652 3362 899 3443 spiritus
928 3359 1228 3423 Filii.Alio
1249 3359 1381 3420 loco
1410 3358 1626 3421 iterum
1642 3355 1911 3437 spiritum
1929 3353 2148 3445 Christi

2237 3361 2381 3445 Υῖοῦ.
2428 3358 2700 3442 Ἀλλαχιιῦ
2740 3361 2900 3419 πάλιν
2944 3370 3150 3437 πνεῦμα
3216 3368 3440 3441 Χριστοῦ
3479 3359 3630 3440 λάγει
3671 3361 3880 3422 Παῦλος

502 3440 647 3516 dicit
666 3440 915 3514 Paulus:
948 3449 1070 3513 Vos
1108 3458 1306 3512 autem
1343 3467 1461 3511 non
1509 3447 1651 3509 estis
1694 3447 1756 3507 in
1806 3463 2008 3526 carne,
2041 3444 2148 3506 sed

2238 3471 2266 3504 ιι
2314 3440 2497 3524 Ὑμεῖς
2529 3440 2703 3508 δὲοῦκ
2743 3450 2860 3508 ἐστὶ
2889 3449 2943 3507 ἐν
2976 3452 3147 3529 σαρκὶ,
3194 3440 3315 3506 ἀλλ’
3355 3449 3410 3506 ἐν
3461 3451 3738 3526 πνεύματι,
3786 3448 3879 3504 εἴ·

497 3543 562 3604 in
610 3542 821 3623 spiritu
864 3538 1158 3621 siquidem
1204 3538 1448 3619 spiritus
1490 3537 1602 3600 Dei
1654 3534 1883 3598 habitat
1930 3533 2007 3623 in
2036 3552 2142 3594 vo-

2232 3558 2327 3617 περ
2357 3545 2564 3615 πνεῦμα
2592 3546 2823 3620 Χριστοῦ
2852 3541 2989 3597 οἱιεϊ
3017 3540 3071 3596 ἐν
3097 3541 3247 3616 ὑμῖν.
3284 3563 3308 3593 ι
3345 3538 3451 3597 Καὶ
3506 3538 3623 3615 μετ’
3666 3536 3817 3616 ὀλίγα
3855 3556 3878 3576 ⁸

502 3630 597 3693 bis
621 3622 706 3694 53.
743 3652 769 3684 ι»
800 3629 871 3692 Et
900 3627 1070 3708 paulo
1091 3626 1247 3690 infra
1280 3649 1293 3688 :
1331 3648 1356 3679 α
1390 3625 1453 3689 Si
1480 3626 1613 3707 quis
1642 3632 1838 3687 autem
1866 3622 2141 3703 spiritum

2232 3649 2255 3682 ι
2288 3629 2347 3685 Εἰ
2399 3625 2455 3683 δέ
2515 3650 2597 3694 τις
2654 3636 2861 3706 πνεῦμα
2918 3636 3145 3708 Χριστοῦ
3198 3630 3291 3686 οὑκ
3332 3628 3448 3709 ἔχει
3485 3644 3499 3659 ⁸
3537 3647 3560 3679 ι
3622 3628 3710 3685 καὶ
3765 3628 3884 3702 μὴν

503 3720 724 3784 Christi
753 3738 872 3781 non
886 3717 1191 3779 habet.»et
1218 3734 1361 3777 sane
1377 3714 1683 3796 oportebat
1700 3710 2141 3792 dicere,Siquis

2232 3713 2394 3795 ἐχρῆν
2425 3717 2598 3774 εἰπεῖν
2631 3736 2646 3752 ·
2682 3719 2742 3775 Εἰ
2770 3716 2825 3773 δέ
2865 3739 2945 3781 τις
2975 3724 3181 3794 πνεῦμα
3227 3722 3357 3773 Θεοῦ
3389 3718 3482 3773 οὑκ
3534 3714 3652 3794 ἔχει
3686 3730 3701 3744 °
3754 3714 3882 3771 ἀλλ’

502 3817 701 3873 autem
726 3807 996 3890 spiriium
1029 3804 1137 3867 Dei
1167 3824 1282 3866 non
1307 3804 1509 3879 habet,
1542 3803 1647 3865 sed
1677 3802 1845 3875 dixit,
1870 3803 2138 3884 spiritum

2232 3806 2352 3862 εἷπε
2426 3812 2649 3886 Χριστοῦ
2679 3824 2692 3838 ⁸
2750 3806 2873 3863 ε’ίπε
2934 3813 3064 3864 Θεοῦ
3112 3812 3340 3885 πνεῦμα,
3397 3805 3485 3862 καὶ
3527 3803 3766 3882 ἐπήγαγε
3815 3806 3884 3860 τὸ

501 3897 746 3962 Christi.
779 3895 1002 3959 Verum
1022 3896 1136 3957 hoc
1156 3894 1334 3975 dtxit,
1357 3900 1421 3955 ut
1448 3891 1788 3954 ostenderet
1817 3892 1976 3953 idem
2010 3910 2143 3954 esse

2232 3902 2432 3972 πνεῦμα
2461 3902 2555 3954 τοῦ
2573 3902 2798 3973 Χριστοῦ
2833 3915 2848 3930 ⁸
2886 3923 2910 3955 ι
2958 3896 3017 3952 Εἰ
3075 3892 3130 3950 δέ
3158 3916 3239 3957 τις
3297 3895 3502 3970 πνεῦμα
3532 3899 3755 3970 Χριστοῦ
3783 3894 3883 3950 οὐκ

505 3988 706 4050 dicere
736 3985 1006 4067 spiritum
1030 3983 1164 4058 Dei,
1198 3991 1256 4045 et
1275 3983 1552 4064 Spiritum
1582 3980 1819 4043 Christi.
1851 3978 1990 4043 Haec
2038 3997 2141 4042 no-

2234 3983 2374 4065 ἕχει,
2408 3985 2558 4050 οὗτος
2604 3985 2698 4042 οὒκ
2727 3983 2867 4040 ἔστιν
2898 3985 3075 4047 αὑτοῦ,
3114 4009 3141 4046 ι
3179 3980 3346 4040 Ἀλλὰ
3386 3988 3541 4040 τοῦτο
3572 3982 3749 4057 εἶπεν,
3781 3981 3881 4038 ἵνα

505 4076 668 4138 mina
714 4083 934 4138 sanctae
989 4081 1049 4135 et
1102 4071 1493 4134 immaculatae
1539 4069 1771 4131 virtutis
1800 4070 1988 4132 sancti
2018 4078 2149 4131 sunt

2236 4071 2373 4151 δείξῃ
2426 4074 2532 4148 ὃτι,
2602 4075 2647 4130 εἰ
2702 4072 2909 4150 πνεῦμα
2963 4073 3050 4129 καὶ
3109 4072 3352 4152 Χριστὸς,
3439 4072 3525 4128 καὶ
3580 4069 3699 4128 ἴσον
3767 4069 3883 4129 ἐστὶ

507 4172 566 4228 et
593 4162 882 4227 adorandi
909 4160 1342 4243 Spiritus.Sunt
1371 4179 1510 4223 vero
1533 4166 1594 4222 et
1613 4158 1729 4221 alia
1755 4160 1996 4222 nomina
2030 4177 2149 4221 non

2234 4163 2456 4240 Χριστὸν
2515 4174 2786 4241 παρεῖναι,
2844 4162 2932 4218 καὶ
2985 4159 3192 4237 πνεῦμα
3263 4173 3533 4240 παρεῖναι,
3612 4160 3699 4216 καὶ
3753 4158 3883 4215 ἴσον

506 4263 734 4317 natura)
788 4251 1223 4326 convenientia,
1257 4251 1362 4312 sed
1413 4249 1767 4331 operationi.
1820 4248 2149 4312 Profundus

2235 4251 2370 4308 ἐστὶν
2442 4252 2612 4308 εἰπεῖν
2679 4257 2884 4325 πδεῦμα
2967 4256 3117 4330 Θεοῦ,
3203 4250 3291 4306 καὶ
3386 4255 3591 4324 πνεῦμα
3649 4254 3881 4328 Χριστοῦ

504 4363 724 4420 sermo,
759 4351 819 4405 et
849 4359 998 4423 opus
1023 4340 1203 4402 habet
1229 4338 1473 4402 auribus
1513 4338 1774 4413 attentis,
1824 4338 2068 4399 munitis
2097 4345 2149 4399 et

2236 4346 2409 4397 Ταῦτα
2477 4340 2543 4400 τὰ
2595 4338 2827 4416 ὀνόματα
2881 4343 2980 4407 τῆς
3027 4339 3178 4416 ἁγίας
3235 4340 3322 4395 καὶ
3395 4338 3661 4417 ἀχράντοῦ
3717 4335 3882 4393 δυνά-

391 4430 395 4436 ’
505 4412 806 4497 ﬁdelibus.
862 4412 1093 4493 Dicitur
1149 4429 1371 4493 etenim
1419 4428 1663 4509 spiritus
1725 4426 1969 4508 spiritus
1996 4426 2148 4489 vitae.

2238 4450 2380 4509 μεως
2429 4435 2522 4485 τοῦ
2589 4428 2739 4507 ἁγίου
2810 4427 2918 4485 ἐστὶ
2973 4430 3061 4485 καὶ
3126 4436 3493 4506 προσκυνητοῦ
3547 4426 3875 4502 Πνεύματος,

506 4524 651 4585 Cum
682 4519 948 4585 Salvator
976 4518 1155 4594 dicat,
1190 4549 1211 4580 α
1243 4517 1369 4601 Ego
1391 4507 1521 4581 sum
1541 4507 1845 4598 veritas,et
1873 4515 1989 4577 vita
2014 4516 2097 4576 53.
2121 4540 2143 4573 ι

2238 4507 2405 4575 ’Ἐστι
2468 4515 2521 4573 δὲ
2578 4515 2715 4574 ἀλλα
2783 4517 3017 4593 ὀνόματα
3076 4518 3135 4574 οὗ
3183 4522 3253 4593 τῇ
3324 4517 3471 4595 φύσει
3515 4517 3872 4595 προσήκοντα,

508 4610 740 4675 Dicitur
768 4609 1012 4692 spiritus
1042 4608 1194 4685 vitae,
1226 4616 1292 4669 ut
1320 4607 1537 4672 Paulus
1568 4606 1714 4669 dicit
1744 4624 1757 4669 :
1796 4627 1817 4658 ι
1841 4606 1964 4669 Lex
1991 4604 2149 4667 enim

2234 4605 2371 4663 ἀλλὰ
2438 4606 2505 4674 τῆ
2561 4604 2812 4685 ἐνεργείᾳ.
2898 4605 3062 4669 Βαθὺς
3138 4607 3166 4661 ὁ
3234 4604 3419 4684 λόγος,
3502 4606 3589 4661 καὶ
3686 4604 3879 4683 χρῄζει

505 4699 748 4782 spiritus
774 4699 904 4761 vitae
922 4700 1010 4761 54.
1046 4717 1071 4750 α
1099 4697 1238 4761 Haec
1266 4696 1509 4759 nomina
1536 4695 1809 4776 ejusdem
1839 4702 1977 4757 sunt
2003 4713 2149 4757 auc-

2234 4696 2401 4764 ἀκοῆς
2432 4702 2731 4776 προσεχοῦς
2788 4695 2876 4751 καὶ
2930 4693 3196 4776 ἀσφαλοῦς
3250 4696 3339 4751 καὶ
3379 4695 3595 4762 πὶστῆς,
3655 4693 3881 4772 Λέγεται

505 4781 850 4866 toritalis,et
899 4787 1167 4868 ejusdem
1196 4793 1442 4850 naturae.
1470 4783 1615 4847 Sunt
1644 4792 1703 4848 et
1734 4783 1851 4846 alia
1880 4783 2144 4859 nomina,

2234 4783 2289 4842 δὲ
2331 4783 2491 4845 πάλιν
2533 4786 2595 4841 τὸ
2652 4790 2862 4860 Πνεῦμα
2903 4789 3046 4855 ζωῆς
3107 4792 3335 4860 πνεῦμα,
3397 4781 3615 4851 Ἐπειδὴ
3656 4784 3685 4838 ὁ
3750 4788 3880 4838 Σω-

506 4897 636 4960 qua)
686 4897 806 4939 non
845 4876 1266 4940 adscribuntur
1295 4874 1540 4957 Spiritui
1569 4880 1796 4947 sancto,
1823 4872 1929 4935 sed
1951 4872 2149 4934 virtuti

2232 4875 2328 4953 ιὴρ
2356 4873 2498 4953 λέγει
2534 4894 2550 4911 ·
2593 4903 2616 4935 σ
2662 4873 2804 4952 Ἐγὼ
2834 4874 2939 4949 εἶμι
2996 4874 3030 4942 ἡ
3078 4871 3296 4940 ἀληθεία
3323 4873 3411 4930 καὶ
3458 4873 3494 4940 ἡ
3549 4872 3686 4960 ζωή,
3722 4891 3748 4928 ι
3780 4870 3888 4960 at-

504 4958 754 5044 illius,et
781 4966 1135 5048 operationi,
1166 4974 1224 5028 et
1243 4973 1380 5027 sunt
1406 4963 1563 5026 dona
1592 4961 1895 5044 ejus.Dico
1924 4961 2144 5043 itaque,

2232 4984 2380 5041 γεται
2438 4963 2525 5048 οῦγ
2595 4969 2804 5038 πνεῦμα
2858 4960 3024 5042 ζωῆς,
3095 4962 3268 5027 καθὼς
3324 4963 3411 5018 καὶ
3454 4964 3483 5018 ὁ
3536 4958 3738 5024 Παῦλος
3782 4958 3885 5016 λέ-

505 5064 565 5119 et
591 5042 838 5138 insuper
854 5056 1091 5119 declare
1120 5042 1504 5128 sententiam,
1531 5042 1735 5133 postea
1748 5050 2149 5113 testimonium

2232 5074 2313 5131 γει
2352 5070 2365 5083 ’
2435 5079 2458 5110 ι
2507 5042 2564 5110 ’0
2619 5052 2719 5132 γὰρ
2762 5051 2922 5128 νόμος
2977 5052 3071 5107 τοῦ
3124 5051 3427 5127 Πνεύματος
3485 5050 3580 5119 τῆς
3632 5053 3797 5121 ζωῆς.
3848 5074 3875 5104 ιι

507 5144 1255 5219 subinducturus.Quando
1285 5144 1385 5208 dat
1413 5141 1664 5224 Spiritus
1694 5148 1932 5203 sanctus
1955 5141 2152 5221 preci-

509 5234 623 5297 bus
651 5242 987 5296 sanctorum
1013 5234 1104 5297 vel
1133 5234 1301 5311 mihi,
1332 5233 1424 5296 vel
1454 5232 1624 5294 alteri
1671 5229 2150 5293 Christianorum

511 5322 1057 5405 sanctiﬁcationem,
1110 5322 1338 5404 accipio
1388 5321 1611 5383 donum
1640 5319 1743 5401 ita,
1787 5328 1854 5381 ut
1882 5323 2148 5379 sanctum

510 5410 763 5497 habeam
792 5420 852 5476 et
879 5431 1099 5495 corpus
1129 5420 1186 5476 et
1215 5413 1496 5476 animam.
1525 5410 1758 5473 Donum
1788 5406 1935 5471 mihi
1973 5406 2145 5469 exhi-

2233 5147 2405 5200 Ταῦτα
2442 5140 2800 5220 τᾶγόνόματα
2854 5141 3018 5203 αὑτῆς
3075 5144 3174 5207 τῆς
3230 5140 3523 5220 αὑθεντιας,
3568 5139 3730 5205 αὑτης
3778 5143 3884 5205 τῆς

2233 5230 2459 5312 φύσεως,
2525 5219 2688 5287 ’Ἐστι
2759 5227 2815 5285 δὲ
2875 5227 3009 5286 ἀλλὰ
3052 5228 3311 5305 ὀνόματα,
3343 5227 3377 5284 ἃ
3434 5219 3515 5284 ob?
3545 5226 3883 5307 προσγράφε-

2233 5342 2316 5377 ται
2387 5326 2464 5394 τῷ
2520 5317 2654 5397 ἁγίῳ
2724 5319 3011 5395 Πνεύματι,
3082 5316 3220 5375 ἀλλὰ
3288 5322 3357 5395 τῇ
3401 5313 3613 5393 δυνάμει
3671 5315 3758 5373 καὶ
3812 5320 3886 5392 τῇ

2231 5411 2461 5491 ἐνεργείᾳ
2498 5411 2678 5487 αὑτοῦ,
2753 5409 2872 5468 οἶον
2916 5412 2967 5466 αἱ
3017 5407 3202 5489 δωρεαὶ
3245 5409 3421 5473 οώτοῦ,
3482 5407 3638 5488 Λέγω
3680 5404 3734 5463 δὲ
3791 5410 3884 5464 καὶ

592 5591 646 5646 51
680 5589 870 5657 Galat.
902 5609 984 5676 Iv,
1018 5593 1079 5659 6.
1107 5592 1167 5645 5'
1194 5596 1370 5657 Rom.
1397 5607 1523 5669 vui,
1557 5591 1617 5658 9.
1648 5590 1913 5653 5310an.
1943 5602 2068 5669 xw,
2099 5585 2162 5650 6.
2192 5586 2257 5640 δι
2285 5586 2465 5650 Rom.
2496 5601 2624 5664 VIII,
2648 5584 2708 5650 2.
