4208 6296
236 391 332 454 685

1659 377 2136 444 ΕΡΙϐΡιΑΡΗᾸΕ.

3471 387 3590 451 686

237 514 712 602 προσδιασαφηνίξω
771 515 864 580 τὴν
923 513 1146 587 ἔννοιαν,
1208 516 1293 568 καὶ
1361 513 1546 591 ὶπάγω
1575 514 1669 581 τὴν
1726 536 1863 592 μαρ-

1951 511 2141 602 bitum
2161 521 2400 602 vocatur
2428 513 2684 595 Spiritus
2713 519 3059 582 sanctitatis:
3085 521 3198 582 hoc
3229 529 3322 582 est
3354 539 3586 583 munus.

236 611 407 689 τυρίαν.
482 602 733 662 Ἐπειδὰν
809 603 1097 689 χαρίσηται
1167 602 1227 656 τὸ
1312 607 1520 676 Πνεῦμα
1593 603 1652 658 τὸ
1721 602 1868 681 ἅγιον

234 688 402 778 εὖχαῖς
433 700 538 751 τῶν
569 693 760 771 ἁγίων,
790 691 826 758 ἢ
857 690 994 766 ἐμοὶ,
1047 688 1082 756 ἥ
1135 689 1296 768 ἑτέρῳ
1356 697 1652 769 Χριστιανῷ
1707 691 1866 768 ἁγια-

235 788 375 866 σμὸν,
416 785 506 840 καὶ
579 778 729 838 λάϐω
770 778 958 858 δῶρον,
1003 778 1139 835 ὥστε
1184 779 1335 856 ἅγιον
1407 778 1552 860 ἔχειν
1611 781 1671 836 τὸ
1715 785 1869 855 σῶμα

233 878 306 932 καὶ
368 877 464 940 τὴν
536 870 750 948 ψυχὴν,
811 871 846 936 ἡ
893 866 1063 946 δωρεᾶ
1106 867 1140 934 ἢ
1197 865 1408 924 δοθεϊσά
1461 891 1552 944 μοι
1622 867 1867 928 καλεῖται

234 970 418 1036 πνεῦμα
472 958 801 1037 ἆγιωτύνης,
858 955 1093 1015 τουτέστι
1150 953 1412 1034 χάρισμα,
1472 953 1598 1015 Ἐὰν
1656 954 1730 1030 δῷ
1807 957 1868 1011 τὸ

234 1060 424 1125 Πνεῦμα
468 1050 530 1104 τὸ
571 1047 725 1124 ἅγιον
751 1043 951 1122 δωρεάν
1008 1065 1111 1100 τινι
1169 1044 1246 1118 μὴ
1301 1043 1488 1124 ἔχοντι
1537 1045 1741 1124 σοφίαν,
1790 1045 1867 1119 μὴ

234 1142 397 1219 ἔχοντι
469 1141 688 1216 γνῶσιν,
747 1132 884 1191 ἀλλὰ
1094 1132 1235 1207 αὗτῷ
1299 1133 1468 1208 μόνην
1514 1134 1708 1208 πίστιν,
1765 1141 1870 1194 οϊοί

233 1211 315 1285 είσι
367 1211 556 1283 πολλοὶ
615 1223 856 1302 χάρισμα
898 1221 1117 1300 ἔχοντες
1171 1224 1291 1286 τοῖς
1335 1224 1634 1279 πιστεύουσι
1706 1223 1866 1297 μόνον

233 1336 339 1384 ταῖς
409 1325 668 1397 Γραφαϊς,
728 1320 822 1374 οὐκ
892 1313 1083 1377 εἰδότες
1151 1314 1244 1378 τὰς
1317 1315 1548 1393 Γραφὰς,
1615 1318 1701 1370 καὶ
1742 1328 1865 1376 ταῖς

235 1418 447 1491 Γραφαῐς
547 1405 901 1478 πιστεύοντες,
988 1401 1232 1491 καλεῖται
1326 1400 1494 1491 δωρεὰ
1577 1403 1691 1460 ἐκεῖ
1713 1489 1724 1491 _
1779 1405 1866 1459 καὶ

270 1488 275 1489 ⁷
322 1488 350 1517 ..⁷
527 1495 537 1514 r
795 1491 809 1513 ν
875 1493 886 1510 ι
1174 1491 1186 1512 ρ
1330 1489 1353 1509 ’ν
1467 1492 1479 1508 ι
1632 1493 1644 1508 ι
1710 1489 1758 1513 αι

233 1521 421 1574 πνεῦμα
476 1515 736 1568 πιστεως,
815 1501 919 1549 Εαν
974 1513 1054 1554 τις
1123 1488 1263 1567 λαϐη
1325 1503 1493 1568 οωρεα
1562 1514 1650 1548 και
1705 1511 1862 1548 ουνα-

234 1613 312 1664 μιν
368 1586 511 1667 παρᾶ
563 1592 656 1641 τοῦ
698 1582 847 1660 ἁγίου
899 1582 1200 1655 Πνεύματος
1259 1584 1525 1636 πιστεύειν
1581 1587 1649 1657 τῇ
1688 1584 1865 1658 ἔπαγ-

231 1678 364 1756 γελία
402 1685 510 1734 τῶν
538 1672 826 1749 διδομένων
883 1671 1101 1748 ἀγαθῶν
1154 1671 1208 1726 ἐν
1263 1675 1341 1742 τῷ
1404 1669 1674 1746 μέλλοντι,
1711 1667 1862 1726 ἔλαϐε

224 1755 409 1842 πνεῦμα
482 1761 827 1843 ἐπαγγελίας.
913 1759 1041 1816 Ἐὰν
1098 1781 1178 1822 τις
1233 1755 1372 1837 λάϐῃ
1444 1760 1627 1840 σοφίας
1674 1759 1862 1839 δῶρον,

1952 599 2015 664 Si
2035 601 2267 664 dederit
2296 600 2552 683 Spiritus
2601 614 2844 668 sanctus
2894 608 3151 688 cuipiam
3206 607 3427 670 donum
3473 628 3591 670 non

1949 689 2191 752 habenti
2234 691 2608 772 sapientiam,
2657 712 2776 755 non
2819 695 3058 759 habenti
3114 696 3589 776 intelligentiam,

1951 777 2056 841 sed
2081 779 2181 840 dat
2199 778 2284 842 illi
2305 779 2492 841 solam
2517 780 2930 863 tidem,quales
2952 794 3089 847 sunt
3109 785 3277 847 multi
3308 785 3594 848 habentes

1950 869 2192 939 donum,
2227 878 2290 929 ut
2317 868 2561 931 credant
2624 871 2814 933 solum
2879 874 3204 954 Scripturis
3253 873 3594 953 ignorantes

1950 955 2310 1037 Scripturas,
2338 965 2395 1018 et
2422 956 2743 1038 Scripturis
2793 963 3127 1032 credentes.
3190 963 3336 1024 illud
3369 963 3590 1026 donum

1951 1056 2212 1120 vocatur,
2255 1056 2313 1107 et
2335 1045 2591 1122 Spiritus
2611 1047 2768 1111 tidei.
2800 1050 2861 1112 Si
2893 1053 3024 1132 quis
3069 1050 3323 1133 accipiat
3369 1050 3591 1115 donum

1951 1143 2010 1198 et
2039 1134 2312 1196 virtutem
2337 1153 2371 1196 a
2399 1133 2617 1216 Spiritu
2646 1145 2944 1212 sancto,ut
2969 1140 3178 1202 credat
3209 1139 3593 1220 promissioni

1951 1225 2266 1298 bonorum,
2301 1245 2431 1305 qua:
2453 1227 2670 1289 dantur
2698 1227 2758 1288 in
2788 1228 2984 1291 t‘uturo
3014 1230 3252 1304 saeculo,
3289 1229 3389 1291 ille
3409 1229 3592 1310 Spiri-

1949 1322 2070 1376 tum
2104 1313 2516 1394 promissionis
2536 1316 2857 1397 accepit.Si
2887 1318 3022 1397 quis
3046 1317 3262 1398 accipit
3287 1318 3595 1399 sapientiae

1949 1403 2420 1479 donum,donum
2453 1403 2600 1464 illud
2645 1415 2888 1468 vocatur
2916 1407 3170 1488 Spiritus
3197 1405 3594 1487 sapientiw,et

1949 1492 2147 1553 omnia
2177 1493 2333 1555 dona
2361 1492 2616 1571 Spiritus
2646 1494 2833 1556 sancti
2866 1503 3282 1578 nuncupantur
3311 1494 3590 1576 Spiritus.

1948 1581 2023 1643 Et
2046 1583 2308 1644 atttende
2339 1581 2829 1663 diligenter,quia
2858 1583 2983 1646 haec
3014 1584 3190 1646 modo
3214 1583 3599 1665 tibispecula-

1949 1668 2064 1730 tivo
2097 1669 2749 1742 declaramus.Quando
2780 1672 2913 1752 quis
2941 1672 3120 1735 habet
3153 1673 3374 1734 donum
3398 1673 3598 1735 chari-

1951 1759 2107 1832 tatis,
2138 1759 2358 1820 dicitur
2413 1759 2637 1822 habere
2667 1760 2944 1840 spiritum
2976 1762 3301 1825 charitatis.
3351 1761 3597 1834 Quando

225 1857 448 1914 καλεῖται
477 1857 514 1923 ἡ
558 1853 726 1932 δωρεὰ
755 1859 960 1926 πνεῦμα
1002 1851 1211 1928 σοφίας,
1246 1850 1338 1906 καὶ
1393 1850 1564 1905 πάντά
1617 1850 1683 1904 τὰ
1704 1849 1863 1928 χαρί-

1950 1847 2082 1927 quis
2104 1847 2407 1928 acceperit
2435 1847 2656 1910 donum
2685 1850 3200 1930 martyrii.dicitur
3221 1850 3444 1912 habere
3474 1853 3594 1914 vir-

229 1967 386 2021 σματα
428 1953 525 2003 τοῦ
559 1925 861 2015 Πνεύματος
892 1925 1160 1994 καλεῖται
1197 1925 1429 2012 πνεῦμα.
1480 1939 1577 1994 Καὶ
1633 1925 1863 2015 προσεχε

1951 1925 2090 1998 tutis
2123 1925 2423 2016 spiritum,
2444 1937 2556 1998 hoc
2585 1944 2674 1997 est
2694 1925 2939 2019 donum,
2965 1938 3121 2019 quod
3145 1937 3316 1998 datus
3337 1937 3596 2018 Spiritus

228 2035 373 2090 τύπον
401 2029 881 2112 διασαφηνίζόντων
937 2029 1090 2102 ἡμῶν
1150 2027 1210 2082 ἐκ
1253 2025 1446 2104 μέρους
1482 2027 1577 2090 τὰς
1620 2027 1859 2104 θεωρίας.

1948 2034 2185 2086 sanctus
2215 2025 2566 2106 appellatur,
2599 2034 2657 2088 et
2686 2026 2906 2087 donum
2941 2026 3149 2089 eodem
3185 2025 3427 2089 nomine
3479 2046 3594 2107 quo

234 2113 394 2180 ’Ὅταν
421 2145 507 2185 τις
543 2120 652 2200 ἔχη
683 2119 989 2200 χαρίσματα
1019 2114 1256 2194 ἀγάπης,
1311 2114 1520 2193 λέγεται
1551 2113 1630 2170 ὅτι
1660 2120 1863 2189 πνεῦμα

1948 2113 1996 2174 is
2024 2114 2127 2194 qui
2152 2113 2354 2176 donat.
2385 2134 2409 2167 ι
2447 2113 2520 2175 Ει
2553 2113 2754 2194 paucis
2780 2115 3111 2195 interjectis
3139 2135 3152 2175 :
3183 2143 3214 2177 (ι
3243 2115 3328 2178 Ita
3359 2123 3417 2178 et
3447 2115 3592 2178 bea-

229 2212 426 2288 ἆγάπης
485 2199 628 2289 ἔχει.
678 2199 854 2264 ιὈταν
911 2201 1048 2280 λάϐῃ
1115 2226 1195 2268 τις
1296 2204 1600 2284 χαρίσματα
1657 2225 1861 2279 μαρτυ-

1948 2209 2038 2264 tus
2089 2201 2309 2265 Isaias:
2351 2233 2374 2263 ι
2408 2201 2780 2282 Egredietur,
2841 2204 3054 2286 inquit,
3087 2204 3164 2266 de
3194 2204 3396 2267 radice
3423 2203 3592 2268 Jesse

229 2302 349 2378 ρίου,
378 2298 591 2376 λέγεται
635 2304 840 2372 πνεῦμα
890 2291 1158 2368 δυνάμεως
1215 2291 1388 2372 ἔχειν.
1447 2291 1683 2349 τουτέστι
1742 2291 1857 2371 χά-

1948 2291 2312 2370 virga,ettlos
2329 2309 2398 2352 ex
2421 2310 2490 2353 ea
2506 2292 2876 2369 ascendet,et
2895 2293 3234 2374 requiescet
3255 2311 3436 2373 super
3451 2312 3588 2356 eum

225 2409 396 2466 ρισμα.
473 2383 693 2453 Ἐπειδὴ
748 2405 847 2463 περ
904 2383 964 2438 τὸ
1031 2380 1355 2459 δωρούμενον
1419 2381 1479 2436 τὸ
1534 2386 1743 2454 Πνεῦμα
1798 2381 1859 2437 τὸ

1948 2380 2189 2461 spiritus
2217 2380 2576 2444 Dei55.»Hic
2604 2388 2694 2443 est
2725 2399 2939 2442 nomen
2972 2381 3164 2462 ipsius
3193 2391 3417 2444 natura:
3447 2381 3588 2462 Spi—

225 2477 362 2554 ἅγιόν
435 2475 570 2548 ἐστι,
626 2472 871 2530 καλεῖται
941 2471 1028 2526 καὶ
1100 2471 1162 2526 τὸ
1252 2467 1579 2548 δωρούμενον
1649 2474 1861 2543 Πνεῦμα

1948 2469 2109 2542 ritus,
2151 2469 2434 2551 deinceps
2456 2482 2788 2552 sequuntur
2802 2470 2959 2533 dona
2980 2489 2993 2534 :
3017 2471 3274 2552 Spiritus
3293 2471 3600 2551 sapientiae

225 2565 384 2644 ἅγιον,
428 2573 680 2620 καλεῖται
745 2561 833 2617 καὶ
888 2561 948 2615 τὸ
997 2558 1161 2637 δῶρον
1230 2559 1522 2635 ὁμωνύμως
1577 2565 1654 2632 τῷ
1695 2559 1858 2637 χαρί-

1948 2566 2004 2620 et
2034 2558 2656 2641 intellectus,Spiritus
2687 2559 2921 2622 consilii
2951 2567 3011 2622 et
3037 2560 3425 2636 fortitudinis,
3458 2561 3597 2642 Spi-

221 2661 368 2725 ζοντι,
406 2675 429 2704 ι
501 2654 596 2709 Καὶ
667 2648 781 2726 μετ’
855 2648 1009 2726 ὀλίγα
1041 2667 1057 2682 ⁸
1111 2669 1134 2702 ι
1182 2647 1332 2705 Οῦτω
1383 2649 1470 2704 καὶ
1527 2646 1555 2702 ὅ
1617 2647 1863 2724 μακάριος

1953 2647 2104 2710 ritus
2135 2647 2776 2730 cognitionis,Spiritus
2801 2649 3054 2730 pietatis,
3081 2649 3336 2731 Spiritus
3368 2649 3599 2711 timoris

227 2735 469 2810 Ἠσαίας,
547 2763 570 2794 ι
608 2737 988 2813 Ἐξελεύσεται,
1027 2759 1053 2790 ι
1128 2739 1308 2816 φησὶν,
1368 2761 1393 2795 ι
1427 2733 1613 2813 ῥάϐδος
1657 2735 1717 2792 ἐκ
1771 2741 1863 2802 τῆς

1953 2735 2082 2816 Dei,
2122 2758 2145 2790 ι
2181 2739 2256 2800 Et
2283 2747 2416 2819 post
2439 2756 2626 2818 pauca
2658 2755 2672 2799 :
2717 2759 2738 2787 ι
2771 2739 3016 2820 Accepit
3055 2739 3276 2802 docens
3306 2738 3594 2820 Spiritum

229 2833 358 2911 ρίξης
460 2830 679 2903 Ἰεσσαὶ,
771 2828 860 2884 καὶ
928 2823 1082 2889 ἄνθος
1154 2823 1206 2890 ἐξ
1290 2827 1452 2890 αὐτῆς
1524 2822 1863 2903 ἀναϐήσεται,

1950 2825 2280 2912 sapientiae,
2315 2836 2373 2888 et
2403 2825 2719 2889 addiscens
2749 2825 3034 2908 Spiritum
3067 2827 3499 2904 intelligentiae,
3534 2839 3600 2889 ut

225 2924 304 2977 καὶ
380 2919 810 2978 ἒπαναπαύσεται
897 2914 982 2971 ἐπ’
1077 2916 1233 2973 αὐτὸν
1303 2914 1508 2989 πνεῦμά
1549 2920 1641 2970 τοῦ
1711 2920 1863 2973 Θεοῦ.

1951 2914 2592 2996 intelligat.Propterea
2619 2915 2797 2978 Isaias
2824 2915 3174 2996 sapientiam
3205 2915 3493 2978 adscribit
3514 2916 3601 2978 di-

225 2997 338 3066 Ὠδε
390 3012 456 3066 τὸ
508 3007 678 3083 ὄνομα
734 3011 833 3073 τῆς
890 3005 1092 3084 φύσεως
1165 3005 1322 3062 αὐτοῦ
1387 3009 1479 3060 τοῦ
1535 3002 1860 3078 Πνεύματος,

1950 3003 2128 3080 centi,
2154 3003 2527 3068 Intellectum
2585 3003 2872 3066 audienti.
2916 3003 2985 3065 Et
3030 3004 3224 3084 inquit
3261 3004 3592 3083 sapientem

224 3097 398 3156 λοιπὸν
451 3095 510 3152 δὲ
567 3097 634 3152 τὰ
681 3095 1007 3175 χαρίσματα,
1067 3099 1272 3168 πνεῦμα
1329 3092 1512 3172 σοφίας
1579 3093 1667 3148 καὶ
1711 3092 1863 3147 συνέ-

1949 3092 2361 3168 architectum,
2399 3101 2459 3154 et
2503 3092 2932 3170 intelligentem
2960 3092 3317 3154 auditorem.
3343 3090 3596 3173 Spiritus

223 3210 371 3264 σεως,
402 3188 614 3261 πνεῦμα
673 3184 869 3261 βουλῆς
927 3184 1014 3240 καὶ
1069 3183 1280 3262 ἰσχύος,
1325 3181 1531 3256 πνεῦμα
1589 3181 1862 3259 γνώσεως,

1949 3181 2180 3243 consilii
2211 3181 2384 3242 datur
2413 3180 3037 3261 consiliario,Spiritus
3067 3179 3432 3242 fortitudinis
3463 3200 3602 3242 cono

221 3285 418 3354 πνεῦμα
476 3272 759 3354 εύσεϐείας,
831 3278 1037 3346 πνεῦμα
1093 3270 1254 3351 φόϐου
1311 3277 1463 3331 Θεοῦ.
1505 3293 1526 3325 ι
1612 3271 1708 3328 Καὶ
1750 3274 1866 3345 μετ’

223 3366 366 3446 ὀλίγα
401 3383 415 3396 ⁶
460 3388 490 3420 ιι
527 3353 766 3421 ιἘλαϐεν
795 3365 824 3419 ὁ
870 3359 1127 3418 διδάσκων
1186 3367 1391 3435 πνεῦμα
1420 3359 1630 3438 σοφίας,
1665 3361 1693 3414 ὁ
1722 3356 1867 3414 δίδα-

220 3458 472 3530 σκόμενος
529 3460 738 3529 πνεῦμα
792 3451 1069 3526 συνέσεως,
1125 3450 1218 3507 ’ίνα
1300 3456 1454 3530 συνῇ,
1488 3470 1510 3500 ι
1565 3451 1661 3506 Διὰ
1715 3457 1868 3506 τοῦτο

221 3539 445 3610 Ἠσαίας
519 3545 618 3611 τὴν
688 3543 870 3621 σοφίαν
941 3539 1218 3620 ἐπιγραφει
1299 3545 1378 3613 τῷ
1446 3538 1674 3618 λέγοντι,
1761 3539 1866 3607 Τὴν

218 3637 411 3692 σύνεσιν
491 3639 568 3706 τῷ
637 3631 904 3710 ἀκούοντι,
963 3631 1048 3685 καὶ
1089 3650 1220 3707 φησι
1262 3631 1420 3709 σοφὸν
1491 3628 1864 3708 ἀρχιτέκτονα,

220 3727 298 3781 καὶ
345 3725 564 3784 συνετὸν
621 3721 913 3800 ἀκροατήν.
991 3720 1204 3793 Πνεῦμα
1293 3715 1490 3794 βουλῆς
1579 3714 1719 3774 δίδοα
1789 3723 1865 3792 τῷ

218 3811 654 3890 γνωμοδοτοῦντι,
723 3808 928 3885 πνεῦμα
996 3809 1180 3888 ἰσχύος
1224 3814 1301 3880 τῷ
1355 3806 1454 3874 τὴν
1510 3806 1728 3886 γνώμην
1771 3803 1862 3861 δε-

215 3902 452 3982 χομένῳ.
501 3919 531 3959 ι
583 3900 682 3957 Καὶ
713 3897 848 3973 μετά
889 3919 1006 3956 τινα
1049 3897 1144 3964 τῆς
1175 3894 1472 3976 περικοπῆς
1506 3911 1519 3925 ·
1562 3917 1586 3952 ι
1623 3893 1860 3953 Ἐπανα-

1951 3270 2148 3332 silium
2180 3268 2520 3351 accipienti.
2547 3269 2649 3332 αΕι
2669 3278 2802 3350 post
2822 3269 2937 3331 alia
2967 3269 3252 3331 nonnulla
3285 3289 3298 3330 :
3333 3268 3596 3351 «Repeto

1951 3359 2131 3438 igitur
2161 3357 2737 3422 nominaineﬂ'abilis
2764 3369 3009 3435 naturae,
3043 3359 3303 3439 Spiritus
3332 3358 3598 3440 Dei,Spi-

1948 3449 2098 3510 ritus
2129 3449 2230 3529 qui
2252 3467 2322 3510 ex
2364 3447 2770 3529 Deo,Spiritus
2793 3447 3053 3528 Domini,
3085 3446 3339 3528 Spiritus
3373 3448 3585 3523 Patris,

1950 3537 2204 3619 Spiritus
2233 3538 2388 3614 Filii,
2423 3536 2686 3619 Spiritus
2717 3537 3225 3618 Christi,Spiritus
3240 3537 3342 3618 qui
3368 3538 3593 3600 excita-

1949 3627 2028 3688 vit
2056 3627 2640 3708 Christum,Spiritus
2662 3626 3084 3705 vitaa,Spiritus
3112 3626 3557 3689 veritatis.Dein
3573 3661 3593 3672 -

1947 3717 2021 3780 de
2032 3715 2471 3798 dona,Spiritus
2481 3715 2992 3798 virtutis,Spiritus
3006 3713 3597 3795 charitatis,Spiritus

1947 3807 2636 3887 temperantiae,Spiritus
2669 3805 3108 3886 promissionis,
3144 3804 3400 3885 Spiritus
3432 3804 3594 3878 ﬁdei,

1947 3893 2203 3976 Spiritus
2222 3893 2894 3975 revelationis,Spiritus
2921 3892 3258 3976 adoptionis
3275 3893 3593 3956 filiorum.»

215 3988 466 4066 λαμϐάνω
495 3991 666 4046 τοίνυν
696 3988 760 4044 τὰ
801 3985 1034 4062 ὁνόμανα
1081 3988 1179 4053 τῆς
1209 3987 1475 4066 ἀφραστου
1506 3986 1734 4065 φύσεως,
1768 3991 1977 4060 Πνεῦμα
2007 3993 2158 4056 Θεοῦ,
2193 3992 2398 4060 πνεῦμα
2427 3985 2486 4040 τό
2516 3985 2575 4041 ἐκ
2603 3995 2695 4043 τοῦ
2736 3992 2887 4058 Θεοῦ,
2921 3992 3126 4060 πνεῦμα
3155 3983 3359 4063 Κυρίου,
3391 3989 3597 4059 πνεῦμα

216 4082 436 4159 Πατρὸς,
483 4086 689 4153 πνεῦμα
718 4075 866 4149 Ποῦ,
895 4078 1100 4151 πνεῦμα
1130 4082 1375 4155 Χριστοῦ,
1409 4081 1612 4149 πνεῦμα
1641 4080 1730 4130 τοῦ
1786 4072 2079 4151 ἐγείραντος
2125 4075 2214 4129 τὸν
2269 4075 2514 4153 Χριστὸν,
2575 4080 2783 4148 πνεῦμα
2846 4073 3010 4148 ζωῆς,
3064 4078 3269 4146 πνεῦμα
3324 4071 3595 4139 ἀληθείας.

216 4158 404 4226 Λοιπὸν
434 4168 504 4223 τὰ
531 4166 863 4246 χαρίσματα,
895 4171 1100 4240 πνεῦμα
1129 4161 1418 4238 δυνάμεως,
1493 4169 1698 4237 πνεῦμα
1727 4159 1963 4239 ἀγάπης,
2024 4166 2230 4236 πνεῦμα
2285 4168 2672 4241 σωφρονισμοῦ,
2733 4163 2940 4236 πνεῦμα
2993 4158 3339 4240 ἐπαγγελίας,
3392 4161 3597 4235 πνεῦμα

216 4259 466 4327 πίστεως,
509 4256 716 4330 πνεῦμα
744 4252 1155 4333 ἀποκαλύψεως,
1188 4258 1394 4328 πνεῦμα
1436 4251 1707 4317 υἱοθεσίας,

289 4339 349 4408 ’0
378 4347 551 4427 μέγας
602 4326 913 4410 ’Ᾰθανάσιος
958 4326 1012 4402 ἐν
1068 4326 1153 4420 τῇ⁷
1190 4326 1330 4424 πρὸς
1379 4345 1690 4424 Σεραπίωνα
1739 4342 1862 4399 ἐπι-

2023 4329 2627 4427 ΜηεημεΑιιιδη-εείυε
2645 4327 2896 4427 epistola
2915 4326 2988 4389 ad
3001 4327 3597 4427 Serapionemmujus

217 4437 402 4514 στολῇ,
432 4438 500 4505 ἧς
558 4438 593 4504 ἡ
645 4436 792 4514 ἀρχή
824 4451 839 4466 ⁸
881 4452 904 4484 σ
951 4435 1026 4492 Τὰ
1089 4433 1376 4514 γράμματα
1416 4435 1516 4501 τῆς
1575 4438 1673 4501 σῆς
1725 4432 1868 4510 ιερᾶς

220 4524 518 4600 διαλέξεως,
579 4543 610 4584 ι
686 4525 844 4603 φησίν
881 4543 892 4555 ·
949 4547 971 4579 ι
1007 4521 1208 4581 Εἴπατε
1262 4522 1408 4602 γοῦν,
1482 4521 1536 4579 εἷ’
1597 4545 1700 4580 που
1769 4526 1867 4589 τῆς

219 4619 422 4697 Γραφιῖκ
455 4614 743 4692 εὒρίσκεται
776 4614 838 4668 τὸ
881 4617 1091 4688 Πνεῦμα
1133 4613 1195 4668 τὸ
1265 4611 1415 4690 ἅγιον
1472 4611 1657 4675 ἁπλῶς
1712 4613 1864 4690 εἰρη-

217 4705 366 4779 μένον
416 4705 631 4779 Πνεῦμα
673 4703 840 4781 χωρὶς
902 4701 1207 4780 προσθήκης
1266 4707 1361 4757 τοῦ
1417 4699 1658 4779 λέγεσθαι
1696 4699 1732 4769 ἢ
1773 4709 1866 4758 τοῦ

219 4794 343 4852 Θεοῦ
379 4793 417 4860 ἢ
490 4798 584 4848 τοῦ
627 4791 856 4869 Πατρὸς,
917 4789 954 4858 ἢ
1005 4788 1084 4844 ὅτι
1143 4789 1272 4864 ἐμοῦ
1327 4797 1418 4847 τοῦ
1477 4796 1723 4870 Χριστοῦ,
1775 4790 1864 4846 καὶ

220 4893 305 4942 τοῦ
349 4888 495 4964 rios,
548 4883 584 4952 ἢ
640 4881 763 4962 παρ’
831 4883 985 4957 ἐμοῦ,
1047 4883 1076 4937 ὃ
1119 4881 1228 4938 ἐστι
1285 4883 1428 4960 παρὰ
1482 4889 1574 4939 τοῦ
1630 4889 1780 4956 Θεοῦ,
1826 4881 1862 4950 ἢ

216 4974 342 5046 μετὰ
403 4980 499 5030 τοῦ
569 4969 774 5050 ἄρθρου,
845 4968 939 5026 ἵνα
994 4969 1074 5043 μὴ
1116 4969 1298 5035 ἀπλὼς
1341 4969 1562 5048 λέγηται
1624 4970 1857 5050 Πνεῦμα,

222 5059 349 5118 ἀλλὰ
376 5065 438 5120 τὸ
473 5067 687 5135 Πνεῦμα
740 5059 777 5127 ἢ
818 5059 944 5115 αὐτὸ
999 5065 1153 5115 τοῦτο
1195 5060 1256 5115 τὸ
1314 5064 1525 5134 Πνεῦμα
1578 5061 1640 5115 τὸ
1681 5059 1852 5137 ἅγιον,

218 5149 250 5216 ἢ
289 5148 660 5228 Παράκλητον,
693 5148 731 5216 ἢ
755 5146 1026 5227 ἀληθείας,
1059 5150 1087 5203 ὁ
1143 5147 1253 5204 ἐστι
1302 5155 1394 5204 τοῦ
1443 5151 1588 5223 Υἱοῦ,
1643 5158 1734 5208 τοῦ
1763 5147 1856 5204 λέ-

220 5261 422 5316 γοντος,
497 5237 642 5317 Ἐγώ
694 5239 802 5314 εἰμι
843 5238 879 5305 ἡ
935 5234 1164 5307 ἀλήθεια
1198 5253 1212 5266 '
1271 5233 1365 5293 ἵνα
1407 5236 1722 5301 ἀκούσαντες
1783 5238 1860 5314 μὴ

215 5325 388 5392 ἀπλῶς
443 5330 650 5404 πνεῦμα
715 5327 1050 5396 ὑπονοήσητε
1149 5326 1290 5384 εἶναι
1382 5329 1444 5383 τὸ
1523 5331 1735 5403 Πνεῦμα
1801 5328 1863 5383 τὸ

219 5413 379 5476 ἅγιον.
429 5442 456 5474 ι

249 5438 553 5586 γιὲἒδδωρος
597 5507 626 5562 ὁ
668 5507 766 5574 τῆς
797 5501 1006 5562 Ῥαῖθοῦ
1058 5501 1404 5585 πρεσϐύτερος
1463 5504 1517 5560 ἒν
1573 5504 1660 5569 οῖς
1719 5504 1854 5583 γρά-

292 5663 352 5715 ῑδ
375 5661 487 5728 Isa.
525 5679 568 5744 ι,
600 5661 650 5745 I,
685 5661 744 5725 2.

1952 4417 2354 4498 principium:
2402 4445 2422 4475 ι
2456 4417 2691 4480 Littera:
2721 4417 2804 4479 tui
2843 4415 3204 4478 sanctissimi
3251 4415 3520 4496 aﬂ‘ectus,
3561 4441 3588 4472 ι

1950 4507 2192 4588 inquit:
2232 4527 2252 4557 ι
2289 4506 2416 4569 Dici
2461 4507 2697 4582 saltem,
2745 4504 2848 4567 ubi
2901 4505 2962 4566 in
3017 4504 3342 4585 Scripturis
3373 4504 3597 4567 sanctis

1949 4595 2229 4676 reperitis
2260 4595 2541 4676 Spiritum
2594 4604 2862 4656 sanctum
2915 4593 3270 4674 simpliciter
3300 4592 3596 4658 nominari

1949 4685 2248 4768 spiritum,
2273 4687 2404 4747 sine
2420 4684 2762 4746 addimento
2792 4683 2896 4747 Dei
2919 4691 3016 4744 aut
3040 4681 3248 4758 Patris,
3281 4691 3382 4745 aut
3409 4701 3444 4745 a
3473 4700 3592 4756 me,

1949 4776 2065 4838 hoc
2091 4785 2181 4836 est
2205 4793 2274 4837 ex
2303 4774 2449 4850 Deo,
2487 4773 2575 4834 vel
2608 4773 2836 4852 absque
2879 4773 3150 4848 articulo,
3206 4773 3299 4834 vel
3349 4771 3590 4846 Christi,

1945 4864 2037 4926 vel
2070 4862 2228 4944 Filii,
2261 4870 2360 4925 aut
2387 4872 2452 4926 ut
2482 4880 2601 4923 non
2631 4861 3006 4942 adjungatur,
3035 4869 3296 4938 sanctus,
3348 4867 3449 4923 aut
3479 4863 3594 4922 Pa-

1945 4951 2222 5027 racletus,
2256 4960 2358 5014 aut
2405 4951 2693 5027 veritatis,
2729 4951 2840 5012 hoc
2881 4958 2970 5011 est
3009 4948 3168 5030 Filii,
3202 4949 3304 5030 qui
3333 4951 3594 5030 seipsum

1943 5042 2212 5103 nominat
2246 5041 2576 5114 veritatem,
2638 5047 2702 5100 ut
2757 5039 3114 5118 simpliciter
3184 5039 3430 5118 allegata
3481 5039 3594 5114 hac

1941 5148 2084 5192 voce
2118 5130 2383 5210 spiritus,
2418 5128 2494 5191 de
2524 5127 2748 5209 Spiritu
2779 5134 2984 5189 sancto
3009 5128 3118 5190 hoc
3136 5127 3364 5190 dictum
3394 5130 3592 5209 suspi-

1945 5218 2189 5283 cemini.

2018 5501 2370 5566 Theodorus
2387 5499 2695 5582 presbyter
2709 5500 3050 5584 Raythenus
3082 5501 3145 5565 in
3163 5505 3595 5585 pmparatione
