  <div class='ocr_page' id='page_1' title='image "/cluster/home/n/w/nwhite01/storage/ocr_20150623/141/mdp.39015078384206/351.png"; bbox 0 0 4208 6296; ppageno 0'>
   <div class='ocr_carea' id='block_1_1' title="bbox 543 371 660 440">
    <p class='ocr_par' dir='ltr' id='par_1_1' title="bbox 543 371 660 440">
     <span class='ocr_line' id='line_1_1' title="bbox 543 371 660 440; baseline 0 -6"><span class='ocrx_word' id='word_1_1' title='bbox 543 371 660 440; x_wconf 82' lang='lat'><strong>687</strong></span> 
     </span>
    </p>
   </div>
   <div class='ocr_carea' id='block_1_2' title="bbox 1712 373 2964 442">
    <p class='ocr_par' dir='ltr' id='par_1_2' title="bbox 1712 373 2964 442">
     <span class='ocr_line' id='line_1_2' title="bbox 1712 373 2964 442; baseline -0.003 -2"><span class='ocrx_word' id='word_1_2' title='bbox 1712 377 1984 442; x_wconf 80' lang='lat' dir='ltr'><strong>JOANN.</strong></span> <span class='ocrx_word' id='word_1_3' title='bbox 2028 373 2244 441; x_wconf 76' lang='lat' dir='ltr'><strong>VEGCI</strong></span> <span class='ocrx_word' id='word_1_4' title='bbox 2270 373 2406 440; x_wconf 61' lang='lat' dir='ltr'><strong>&#39;GP.</strong></span> <span class='ocrx_word' id='word_1_5' title='bbox 2451 375 2964 440; x_wconf 72' lang='lat' dir='ltr'><strong>PATRIARCH/E</strong></span> 
     </span>
    </p>
   </div>
   <div class='ocr_carea' id='block_1_3' title="bbox 3809 370 3975 435">
    <p class='ocr_par' dir='ltr' id='par_1_3' title="bbox 3809 370 3975 435">
     <span class='ocr_line' id='line_1_3' title="bbox 3809 370 3975 435; baseline -0.012 0"><span class='ocrx_word' id='word_1_6' title='bbox 3809 370 3934 435; x_wconf 85' lang='lat'>688</span> <span class='ocrx_word' id='word_1_7' title='bbox 3964 383 3975 388; x_wconf 85' lang='lat'><em>‘</em></span> 
     </span>
    </p>
   </div>
   <div class='ocr_carea' id='block_1_4' title="bbox 549 503 2187 591">
    <p class='ocr_par' dir='ltr' id='par_1_4' title="bbox 549 503 2187 587">
     <span class='ocr_line' id='line_1_4' title="bbox 549 503 2187 587; baseline 0.004 -21"><span class='ocrx_word' id='word_1_8' title='bbox 549 511 612 566; x_wconf 91' lang='lat' dir='ltr'><strong>et</strong></span> <span class='ocrx_word' id='word_1_9' title='bbox 639 503 1021 575; x_wconf 86' lang='lat' dir='ltr'><strong>meditatione</strong></span> <span class='ocrx_word' id='word_1_10' title='bbox 1044 506 1108 568; x_wconf 93' lang='lat' dir='ltr'><strong>in</strong></span> <span class='ocrx_word' id='word_1_11' title='bbox 1129 522 1336 576; x_wconf 86' lang='lat' dir='ltr'><strong>eorum</strong></span> <span class='ocrx_word' id='word_1_12' title='bbox 1367 505 1636 586; x_wconf 82' lang='lat' dir='ltr'><strong>gratiam,</strong></span> <span class='ocrx_word' id='word_1_13' title='bbox 1671 507 1772 587; x_wconf 86' lang='lat' dir='ltr'><strong>qui</strong></span> <span class='ocrx_word' id='word_1_14' title='bbox 1814 507 2050 572; x_wconf 77' lang='lat' dir='ltr'><strong>discere</strong></span> <span class='ocrx_word' id='word_1_15' title='bbox 2077 529 2187 573; x_wconf 92' lang='lat' dir='ltr'><strong>cu-</strong></span> 
     </span>
    </p>
   </div>
   <div class='ocr_carea' id='block_1_5' title="bbox 2271 503 3931 591">
    <p class='ocr_par' dir='ltr' id='par_1_5' title="bbox 2274 510 3931 591">
     <span class='ocr_line' id='line_1_5' title="bbox 2274 510 3931 591; baseline 0 -24"><span class='ocrx_word' id='word_1_16' title='bbox 2274 531 2357 591; x_wconf 70' lang='grc' dir='ltr'><strong>φει</strong></span> <span class='ocrx_word' id='word_1_17' title='bbox 2429 510 2870 588; x_wconf 73' lang='grc' dir='ltr'>προπαρασκευήν</span> <span class='ocrx_word' id='word_1_18' title='bbox 2941 531 2996 565; x_wconf 83' lang='grc' dir='ltr'><strong>τε</strong></span> <span class='ocrx_word' id='word_1_19' title='bbox 3067 511 3152 567; x_wconf 86' lang='grc' dir='ltr'><strong>καὶ</strong></span> <span class='ocrx_word' id='word_1_20' title='bbox 3209 510 3496 589; x_wconf 82' lang='grc' dir='ltr'>γνμνασίαν</span> <span class='ocrx_word' id='word_1_21' title='bbox 3579 517 3656 587; x_wconf 85' lang='grc' dir='ltr'>τῷ</span> <span class='ocrx_word' id='word_1_22' title='bbox 3727 510 3931 586; x_wconf 84' lang='grc' dir='ltr'>βουλο-</span> 
     </span>
    </p>
   </div>
   <div class='ocr_carea' id='block_1_6' title="bbox 548 593 2187 679">
    <p class='ocr_par' dir='ltr' id='par_1_6' title="bbox 548 593 2187 679">
     <span class='ocr_line' id='line_1_6' title="bbox 548 593 2187 679; baseline 0.004 -25"><span class='ocrx_word' id='word_1_23' title='bbox 548 594 722 674; x_wconf 90' lang='lat' dir='ltr'><strong>piunt</strong></span> <span class='ocrx_word' id='word_1_24' title='bbox 755 595 1001 659; x_wconf 82' lang='lat' dir='ltr'><strong>modum</strong></span> <span class='ocrx_word' id='word_1_25' title='bbox 1041 594 1254 658; x_wconf 73' lang='lat' dir='ltr'><strong>divinae</strong></span> <span class='ocrx_word' id='word_1_26' title='bbox 1281 593 1738 672; x_wconf 85' lang='lat' dir='ltr'><strong>Incarnationis,</strong></span> <span class='ocrx_word' id='word_1_27' title='bbox 1770 597 1943 677; x_wconf 88' lang='lat' dir='ltr'><strong>cujus</strong></span> <span class='ocrx_word' id='word_1_28' title='bbox 1961 598 2187 679; x_wconf 61' lang='lat' dir='ltr'><strong>princi.</strong></span> 
     </span>
    </p>
   </div>
   <div class='ocr_carea' id='block_1_7' title="bbox 545 681 2186 763">
    <p class='ocr_par' dir='ltr' id='par_1_7' title="bbox 545 681 2186 763">
     <span class='ocr_line' id='line_1_7' title="bbox 545 681 2186 763; baseline 0.001 -19"><span class='ocrx_word' id='word_1_29' title='bbox 545 681 712 762; x_wconf 90' lang='lat' dir='ltr'><strong>pium</strong></span> <span class='ocrx_word' id='word_1_30' title='bbox 734 692 842 748; x_wconf 91' lang='lat' dir='ltr'><strong>est:</strong></span> <span class='ocrx_word' id='word_1_31' title='bbox 860 683 1228 750; x_wconf 69' lang='lat' dir='ltr'><strong>«Absurdum</strong></span> <span class='ocrx_word' id='word_1_32' title='bbox 1248 683 1491 761; x_wconf 89' lang='lat' dir='ltr'><strong>duco,et</strong></span> <span class='ocrx_word' id='word_1_33' title='bbox 1508 692 1672 748; x_wconf 91' lang='lat' dir='ltr'><strong>recte</strong></span> <span class='ocrx_word' id='word_1_34' title='bbox 1687 703 1830 748; x_wconf 90' lang='lat' dir='ltr'><strong>sane</strong></span> <span class='ocrx_word' id='word_1_35' title='bbox 1852 686 2186 763; x_wconf 75' lang='lat' dir='ltr'><strong>existimo,»</strong></span> 
     </span>
    </p>
   </div>
   <div class='ocr_carea' id='block_1_8' title="bbox 543 773 2191 856">
    <p class='ocr_par' dir='ltr' id='par_1_8' title="bbox 543 773 2191 856">
     <span class='ocr_line' id='line_1_8' title="bbox 543 773 2191 856; baseline 0.003 -22"><span class='ocrx_word' id='word_1_36' title='bbox 543 790 720 853; x_wconf 87' lang='lat' dir='ltr'><strong>quam</strong></span> <span class='ocrx_word' id='word_1_37' title='bbox 751 773 1096 852; x_wconf 80' lang='lat' dir='ltr'><strong>longissime</strong></span> <span class='ocrx_word' id='word_1_38' title='bbox 1135 792 1170 835; x_wconf 91' lang='lat' dir='ltr'><strong>a</strong></span> <span class='ocrx_word' id='word_1_39' title='bbox 1219 773 1512 856; x_wconf 89' lang='lat' dir='ltr'><strong>principio</strong></span> <span class='ocrx_word' id='word_1_40' title='bbox 1541 773 1755 838; x_wconf 80' lang='lat' dir='ltr'><strong>scribit</strong></span> <span class='ocrx_word' id='word_1_41' title='bbox 1787 793 1800 839; x_wconf 93' lang='lat'>:</span> <span class='ocrx_word' id='word_1_42' title='bbox 1841 801 1865 834; x_wconf 78' lang='grc' dir='ltr'><strong>ι</strong></span> <span class='ocrx_word' id='word_1_43' title='bbox 1901 773 2191 856; x_wconf 82' lang='lat' dir='ltr'><strong>Spiritum</strong></span> 
     </span>
    </p>
   </div>
   <div class='ocr_carea' id='block_1_9' title="bbox 545 863 2190 946">
    <p class='ocr_par' dir='ltr' id='par_1_9' title="bbox 545 863 2190 946">
     <span class='ocr_line' id='line_1_9' title="bbox 545 863 2190 946; baseline 0.004 -25"><span class='ocrx_word' id='word_1_44' title='bbox 545 878 684 923; x_wconf 87' lang='lat' dir='ltr'><strong>vero</strong></span> <span class='ocrx_word' id='word_1_45' title='bbox 715 869 984 924; x_wconf 87' lang='lat' dir='ltr'><strong>sanctum</strong></span> <span class='ocrx_word' id='word_1_46' title='bbox 1014 863 1078 925; x_wconf 92' lang='lat' dir='ltr'><strong>in</strong></span> <span class='ocrx_word' id='word_1_47' title='bbox 1106 870 1452 926; x_wconf 85' lang='lat' dir='ltr'><strong>untversum</strong></span> <span class='ocrx_word' id='word_1_48' title='bbox 1481 864 1568 926; x_wconf 92' lang='lat' dir='ltr'><strong>sic</strong></span> <span class='ocrx_word' id='word_1_49' title='bbox 1598 864 1982 946; x_wconf 88' lang='lat' dir='ltr'><strong>appellatum,</strong></span> <span class='ocrx_word' id='word_1_50' title='bbox 2008 865 2190 928; x_wconf 89' lang='lat' dir='ltr'><strong>alium</strong></span> 
     </span>
    </p>
   </div>
   <div class='ocr_carea' id='block_1_10' title="bbox 545 950 2192 1033">
    <p class='ocr_par' dir='ltr' id='par_1_10' title="bbox 545 950 2192 1033">
     <span class='ocr_line' id='line_1_10' title="bbox 545 950 2192 1033; baseline 0.004 -21"><span class='ocrx_word' id='word_1_51' title='bbox 545 969 668 1013; x_wconf 91' lang='lat' dir='ltr'><strong>non</strong></span> <span class='ocrx_word' id='word_1_52' title='bbox 695 950 1090 1030; x_wconf 86' lang='lat' dir='ltr'><strong>inveneris,et</strong></span> <span class='ocrx_word' id='word_1_53' title='bbox 1116 953 1243 1033; x_wconf 89' lang='lat' dir='ltr'><strong>jam</strong></span> <span class='ocrx_word' id='word_1_54' title='bbox 1271 961 1444 1016; x_wconf 87' lang='lat' dir='ltr'><strong>antca</strong></span> <span class='ocrx_word' id='word_1_55' title='bbox 1472 953 1854 1018; x_wconf 85' lang='lat' dir='ltr'><strong>dixi.Dicitur</strong></span> <span class='ocrx_word' id='word_1_56' title='bbox 1873 961 1932 1016; x_wconf 91' lang='lat' dir='ltr'><strong>et</strong></span> <span class='ocrx_word' id='word_1_57' title='bbox 1951 962 2192 1018; x_wconf 88' lang='lat' dir='ltr'><strong>sanctus</strong></span> 
     </span>
    </p>
   </div>
   <div class='ocr_carea' id='block_1_11' title="bbox 542 1036 2191 1127">
    <p class='ocr_par' dir='ltr' id='par_1_11' title="bbox 542 1036 2191 1127">
     <span class='ocr_line' id='line_1_11' title="bbox 542 1036 2191 1127; baseline 0.004 -27"><span class='ocrx_word' id='word_1_58' title='bbox 542 1036 860 1122; x_wconf 71' lang='lat' dir='ltr'><strong>Deus,quae</strong></span> <span class='ocrx_word' id='word_1_59' title='bbox 876 1049 1129 1123; x_wconf 89' lang='lat' dir='ltr'><strong>utraque</strong></span> <span class='ocrx_word' id='word_1_60' title='bbox 1157 1041 1261 1105; x_wconf 93' lang='lat' dir='ltr'><strong>ubi</strong></span> <span class='ocrx_word' id='word_1_61' title='bbox 1291 1043 1614 1123; x_wconf 82' lang='lat' dir='ltr'><strong>conjuncta</strong></span> <span class='ocrx_word' id='word_1_62' title='bbox 1637 1043 1910 1106; x_wconf 76' lang='lat' dir='ltr'><strong>venerint</strong></span> <span class='ocrx_word' id='word_1_63' title='bbox 1945 1043 2056 1121; x_wconf 85' lang='lat' dir='ltr'><strong>illi,</strong></span> <span class='ocrx_word' id='word_1_64' title='bbox 2091 1045 2191 1127; x_wconf 87' lang='lat' dir='ltr'><strong>qui</strong></span> 
     </span>
    </p>
   </div>
   <div class='ocr_carea' id='block_1_12' title="bbox 541 1129 2184 1214">
    <p class='ocr_par' dir='ltr' id='par_1_12' title="bbox 541 1129 2184 1214">
     <span class='ocr_line' id='line_1_12' title="bbox 541 1129 2184 1214; baseline 0.002 -24"><span class='ocrx_word' id='word_1_65' title='bbox 541 1131 782 1211; x_wconf 80' lang='lat' dir='ltr'><strong>proprie</strong></span> <span class='ocrx_word' id='word_1_66' title='bbox 811 1129 1070 1210; x_wconf 82' lang='lat' dir='ltr'><strong>Spiritus</strong></span> <span class='ocrx_word' id='word_1_67' title='bbox 1098 1139 1340 1195; x_wconf 87' lang='lat' dir='ltr'><strong>sanctus</strong></span> <span class='ocrx_word' id='word_1_68' title='bbox 1368 1139 1743 1213; x_wconf 79' lang='lat' dir='ltr'><strong>nuncupatur</strong></span> <span class='ocrx_word' id='word_1_69' title='bbox 1780 1132 2141 1214; x_wconf 90' lang='lat' dir='ltr'><strong>adaptantur</strong></span> <span class='ocrx_word' id='word_1_70' title='bbox 2171 1156 2184 1193; x_wconf 90' lang='lat'><strong>:</strong></span> 
     </span>
    </p>
   </div>
   <div class='ocr_carea' id='block_1_13' title="bbox 545 1219 2192 1302">
    <p class='ocr_par' dir='ltr' id='par_1_13' title="bbox 545 1219 2192 1302">
     <span class='ocr_line' id='line_1_13' title="bbox 545 1219 2192 1302; baseline 0.003 -21"><span class='ocrx_word' id='word_1_71' title='bbox 545 1219 1048 1300; x_wconf 84' lang='lat' dir='ltr'><strong>quemadmodum</strong></span> <span class='ocrx_word' id='word_1_72' title='bbox 1107 1219 1297 1284; x_wconf 87' lang='lat' dir='ltr'><strong>Patris</strong></span> <span class='ocrx_word' id='word_1_73' title='bbox 1350 1221 1672 1302; x_wconf 84' lang='lat' dir='ltr'><strong>appellatio</strong></span> <span class='ocrx_word' id='word_1_74' title='bbox 1728 1237 1939 1300; x_wconf 66' lang='lat' dir='ltr'><strong>causae,</strong></span> <span class='ocrx_word' id='word_1_75' title='bbox 1973 1231 2030 1286; x_wconf 91' lang='lat' dir='ltr'><strong>et</strong></span> <span class='ocrx_word' id='word_1_76' title='bbox 2058 1223 2192 1288; x_wconf 89' lang='lat' dir='ltr'><strong>Filii</strong></span> 
     </span>
    </p>
   </div>
   <div class='ocr_carea' id='block_1_14' title="bbox 542 1307 1716 1390">
    <p class='ocr_par' dir='ltr' id='par_1_14' title="bbox 542 1307 1716 1390">
     <span class='ocr_line' id='line_1_14' title="bbox 542 1307 1716 1390; baseline 0.002 -21"><span class='ocrx_word' id='word_1_77' title='bbox 542 1307 655 1384; x_wconf 88' lang='lat' dir='ltr'><strong>illi,</strong></span> <span class='ocrx_word' id='word_1_78' title='bbox 684 1309 844 1390; x_wconf 90' lang='lat' dir='ltr'><strong>quod</strong></span> <span class='ocrx_word' id='word_1_79' title='bbox 870 1309 1217 1372; x_wconf 87' lang='lat' dir='ltr'><strong>immediate</strong></span> <span class='ocrx_word' id='word_1_80' title='bbox 1238 1328 1308 1372; x_wconf 90' lang='lat' dir='ltr'><strong>ex</strong></span> <span class='ocrx_word' id='word_1_81' title='bbox 1337 1327 1516 1373; x_wconf 90' lang='lat' dir='ltr'><strong>causa</strong></span> <span class='ocrx_word' id='word_1_82' title='bbox 1544 1319 1657 1374; x_wconf 91' lang='lat' dir='ltr'><strong>est.</strong></span> <span class='ocrx_word' id='word_1_83' title='bbox 1693 1332 1716 1362; x_wconf 74' lang='grc' dir='ltr'><strong>ι</strong></span> 
     </span>
    </p>
   </div>
   <div class='ocr_carea' id='block_1_15' title="bbox 617 1396 2190 1480">
    <p class='ocr_par' dir='ltr' id='par_1_15' title="bbox 617 1396 2190 1480">
     <span class='ocr_line' id='line_1_15' title="bbox 617 1396 2190 1480; baseline 0.004 -20"><span class='ocrx_word' id='word_1_84' title='bbox 617 1396 863 1478; x_wconf 82' lang='lat' dir='ltr'><strong>Magnus</strong></span> <span class='ocrx_word' id='word_1_85' title='bbox 883 1397 1205 1479; x_wconf 77' lang='lat' dir='ltr'><strong>Gregorius</strong></span> <span class='ocrx_word' id='word_1_86' title='bbox 1232 1398 1575 1480; x_wconf 89' lang='lat' dir='ltr'><strong>Theologus</strong></span> <span class='ocrx_word' id='word_1_87' title='bbox 1603 1399 1872 1463; x_wconf 88' lang='lat' dir='ltr'><strong>oratione</strong></span> <span class='ocrx_word' id='word_1_88' title='bbox 1900 1401 2190 1466; x_wconf 85' lang='lat' dir='ltr'><strong>antirrbe-</strong></span> 
     </span>
    </p>
   </div>
   <div class='ocr_carea' id='block_1_16' title="bbox 539 1485 2186 1573">
    <p class='ocr_par' dir='ltr' id='par_1_16' title="bbox 539 1485 2186 1573">
     <span class='ocr_line' id='line_1_16' title="bbox 539 1485 2186 1573; baseline 0.004 -25"><span class='ocrx_word' id='word_1_89' title='bbox 539 1486 657 1550; x_wconf 91' lang='lat' dir='ltr'><strong>tica</strong></span> <span class='ocrx_word' id='word_1_90' title='bbox 677 1487 752 1550; x_wconf 88' lang='lat' dir='ltr'><strong>de</strong></span> <span class='ocrx_word' id='word_1_91' title='bbox 767 1485 993 1568; x_wconf 89' lang='lat' dir='ltr'><strong>Spiritu</strong></span> <span class='ocrx_word' id='word_1_92' title='bbox 1022 1497 1256 1564; x_wconf 91' lang='lat' dir='ltr'><strong>sancto,</strong></span> <span class='ocrx_word' id='word_1_93' title='bbox 1289 1488 1460 1570; x_wconf 86' lang='lat' dir='ltr'><strong>quasi</strong></span> <span class='ocrx_word' id='word_1_94' title='bbox 1481 1489 1596 1552; x_wconf 89' lang='lat' dir='ltr'><strong>sibi</strong></span> <span class='ocrx_word' id='word_1_95' title='bbox 1613 1505 1949 1572; x_wconf 83' lang='lat' dir='ltr'><strong>Opponens,</strong></span> <span class='ocrx_word' id='word_1_96' title='bbox 1969 1489 2186 1573; x_wconf 90' lang='lat' dir='ltr'><strong>inquit:</strong></span> 
     </span>
    </p>
   </div>
   <div class='ocr_carea' id='block_1_17' title="bbox 547 1574 2190 1659">
    <p class='ocr_par' dir='ltr' id='par_1_17' title="bbox 547 1574 2190 1659">
     <span class='ocr_line' id='line_1_17' title="bbox 547 1574 2190 1659; baseline 0.007 -26"><span class='ocrx_word' id='word_1_97' title='bbox 547 1600 575 1633; x_wconf 72' lang='grc' dir='ltr'><strong>α</strong></span> <span class='ocrx_word' id='word_1_98' title='bbox 607 1574 762 1650; x_wconf 86' lang='lat' dir='ltr'><strong>Quid</strong></span> <span class='ocrx_word' id='word_1_99' title='bbox 791 1575 972 1656; x_wconf 88' lang='lat' dir='ltr'><strong>igitur</strong></span> <span class='ocrx_word' id='word_1_100' title='bbox 999 1585 1110 1653; x_wconf 90' lang='lat' dir='ltr'><strong>est,</strong></span> <span class='ocrx_word' id='word_1_101' title='bbox 1168 1577 1328 1658; x_wconf 89' lang='lat' dir='ltr'><strong>quod</strong></span> <span class='ocrx_word' id='word_1_102' title='bbox 1377 1576 1546 1640; x_wconf 89' lang='lat' dir='ltr'><strong>deest</strong></span> <span class='ocrx_word' id='word_1_103' title='bbox 1595 1576 1863 1659; x_wconf 86' lang='lat' dir='ltr'><strong>Spiritui,</strong></span> <span class='ocrx_word' id='word_1_104' title='bbox 1895 1598 1973 1643; x_wconf 90' lang='lat' dir='ltr'><strong>ne</strong></span> <span class='ocrx_word' id='word_1_105' title='bbox 2003 1581 2190 1644; x_wconf 89' lang='lat' dir='ltr'><strong>Filius</strong></span> 
     </span>
    </p>
   </div>
   <div class='ocr_carea' id='block_1_18' title="bbox 539 1665 2181 1748">
    <p class='ocr_par' dir='ltr' id='par_1_18' title="bbox 539 1665 2181 1748">
     <span class='ocr_line' id='line_1_18' title="bbox 539 1665 2181 1748; baseline 0 -20"><span class='ocrx_word' id='word_1_106' title='bbox 539 1665 645 1730; x_wconf 74' lang='lat' dir='ltr'><strong>sit?</strong></span> <span class='ocrx_word' id='word_1_107' title='bbox 663 1665 782 1729; x_wconf 89' lang='lat' dir='ltr'><strong>nisi</strong></span> <span class='ocrx_word' id='word_1_108' title='bbox 803 1665 964 1729; x_wconf 89' lang='lat' dir='ltr'><strong>enim</strong></span> <span class='ocrx_word' id='word_1_109' title='bbox 984 1665 1204 1748; x_wconf 88' lang='lat' dir='ltr'><strong>aliquid</strong></span> <span class='ocrx_word' id='word_1_110' title='bbox 1223 1667 1485 1744; x_wconf 83' lang='lat' dir='ltr'><strong>deesset,</strong></span> <span class='ocrx_word' id='word_1_111' title='bbox 1511 1666 1720 1748; x_wconf 85' lang='lat' dir='ltr'><strong>utique</strong></span> <span class='ocrx_word' id='word_1_112' title='bbox 1747 1665 1934 1731; x_wconf 91' lang='lat' dir='ltr'><strong>Filius</strong></span> <span class='ocrx_word' id='word_1_113' title='bbox 1965 1677 2143 1733; x_wconf 90' lang='lat' dir='ltr'><strong>esset:</strong></span> <span class='ocrx_word' id='word_1_114' title='bbox 2157 1692 2181 1728; x_wconf 75' lang='grc' dir='ltr'><strong>ι</strong></span> 
     </span>
    </p>
   </div>
   <div class='ocr_carea' id='block_1_19' title="bbox 538 1753 2190 1841">
    <p class='ocr_par' dir='ltr' id='par_1_19' title="bbox 538 1753 2190 1841">
     <span class='ocr_line' id='line_1_19' title="bbox 538 1753 2190 1841; baseline 0.002 -22"><span class='ocrx_word' id='word_1_115' title='bbox 538 1753 756 1819; x_wconf 89' lang='lat' dir='ltr'><strong>Snbdit</strong></span> <span class='ocrx_word' id='word_1_116' title='bbox 802 1755 1001 1837; x_wconf 81' lang='lat' dir='ltr'><strong>itaque</strong></span> <span class='ocrx_word' id='word_1_117' title='bbox 1043 1775 1058 1820; x_wconf 89' lang='lat'>:</span> <span class='ocrx_word' id='word_1_118' title='bbox 1099 1777 1124 1808; x_wconf 75' lang='grc' dir='ltr'><strong>ι</strong></span> <span class='ocrx_word' id='word_1_119' title='bbox 1167 1754 1328 1818; x_wconf 90' lang='lat' dir='ltr'><strong>Nihil</strong></span> <span class='ocrx_word' id='word_1_120' title='bbox 1382 1756 1596 1820; x_wconf 86' lang='lat' dir='ltr'><strong>deesse</strong></span> <span class='ocrx_word' id='word_1_121' title='bbox 1653 1757 1907 1820; x_wconf 89' lang='lat' dir='ltr'><strong>dicimus</strong></span> <span class='ocrx_word' id='word_1_122' title='bbox 1946 1776 1960 1822; x_wconf 91' lang='lat'>:</span> <span class='ocrx_word' id='word_1_123' title='bbox 1993 1777 2190 1841; x_wconf 89' lang='lat' dir='ltr'><strong>neque</strong></span> 
     </span>
    </p>
   </div>
   <div class='ocr_carea' id='block_1_20' title="bbox 540 1844 2187 1929">
    <p class='ocr_par' dir='ltr' id='par_1_20' title="bbox 540 1844 2187 1929">
     <span class='ocr_line' id='line_1_20' title="bbox 540 1844 2187 1929; baseline 0.001 -21"><span class='ocrx_word' id='word_1_124' title='bbox 540 1844 702 1908; x_wconf 90' lang='lat' dir='ltr'><strong>enim</strong></span> <span class='ocrx_word' id='word_1_125' title='bbox 733 1847 894 1908; x_wconf 90' lang='lat' dir='ltr'><strong>Deus</strong></span> <span class='ocrx_word' id='word_1_126' title='bbox 911 1844 1230 1926; x_wconf 86' lang='lat' dir='ltr'><strong>aliquando</strong></span> <span class='ocrx_word' id='word_1_127' title='bbox 1253 1845 1980 1912; x_wconf 84' lang='lat' dir='ltr'><strong>deﬁcitur.Verumtamen</strong></span> <span class='ocrx_word' id='word_1_128' title='bbox 2012 1867 2187 1929; x_wconf 88' lang='lat' dir='ltr'><strong>appa-</strong></span> 
     </span>
    </p>
   </div>
   <div class='ocr_carea' id='block_1_21' title="bbox 2271 1844 3678 1929">
    <p class='ocr_par' dir='ltr' id='par_1_21' title="bbox 2271 1845 3678 1929">
     <span class='ocr_line' id='line_1_21' title="bbox 2271 1845 3678 1929; baseline 0 -25"><span class='ocrx_word' id='word_1_129' title='bbox 2271 1846 2521 1916; x_wconf 76' lang='grc' dir='ltr'>Ιελλειπὴς</span> <span class='ocrx_word' id='word_1_130' title='bbox 2571 1851 2598 1904; x_wconf 98' lang='lat'><strong>6</strong></span> <span class='ocrx_word' id='word_1_131' title='bbox 2644 1848 2794 1912; x_wconf 87' lang='grc' dir='ltr'>Θεός.</span> <span class='ocrx_word' id='word_1_132' title='bbox 2856 1849 2926 1906; x_wconf 87' lang='lat' dir='ltr'>T6</span> <span class='ocrx_word' id='word_1_133' title='bbox 2975 1845 3030 1904; x_wconf 76' lang='grc' dir='ltr'><strong>δὲ</strong></span> <span class='ocrx_word' id='word_1_134' title='bbox 3085 1852 3184 1915; x_wconf 79' lang='grc' dir='ltr'>τῆς</span> <span class='ocrx_word' id='word_1_135' title='bbox 3229 1847 3555 1929; x_wconf 73' lang='grc' dir='ltr'>ἐκφάνσεως,</span> <span class='ocrx_word' id='word_1_136' title='bbox 3610 1847 3678 1904; x_wconf 83' lang='grc' dir='ltr'>ίν’</span> 
     </span>
    </p>
   </div>
   <div class='ocr_carea' id='block_1_22' title="bbox 542 1933 2188 2013">
    <p class='ocr_par' dir='ltr' id='par_1_22' title="bbox 542 1933 2188 2013">
     <span class='ocr_line' id='line_1_22' title="bbox 542 1933 2188 2013; baseline 0.002 -16"><span class='ocrx_word' id='word_1_137' title='bbox 542 1934 915 2012; x_wconf 86' lang='lat' dir='ltr'><strong>ritionis,seu</strong></span> <span class='ocrx_word' id='word_1_138' title='bbox 941 1933 1346 2010; x_wconf 89' lang='lat' dir='ltr'><strong>revelationis,</strong></span> <span class='ocrx_word' id='word_1_139' title='bbox 1369 1941 1440 1999; x_wconf 87' lang='lat' dir='ltr'><strong>ut</strong></span> <span class='ocrx_word' id='word_1_140' title='bbox 1469 1937 1556 1999; x_wconf 89' lang='lat' dir='ltr'><strong>ita</strong></span> <span class='ocrx_word' id='word_1_141' title='bbox 1583 1935 1800 2013; x_wconf 88' lang='lat' dir='ltr'><strong>dicam,</strong></span> <span class='ocrx_word' id='word_1_142' title='bbox 1833 1946 1934 2000; x_wconf 90' lang='lat' dir='ltr'><strong>aut</strong></span> <span class='ocrx_word' id='word_1_143' title='bbox 1962 1947 2188 2001; x_wconf 74' lang='lat' dir='ltr'><strong>mutuae</strong></span> 
     </span>
    </p>
   </div>
   <div class='ocr_carea' id='block_1_23' title="bbox 533 2022 2182 2109">
    <p class='ocr_par' dir='ltr' id='par_1_23' title="bbox 533 2022 2182 2109">
     <span class='ocr_line' id='line_1_23' title="bbox 533 2022 2182 2109; baseline 0.002 -22"><span class='ocrx_word' id='word_1_144' title='bbox 533 2022 898 2088; x_wconf 88' lang='lat' dir='ltr'><strong>habitudinis</strong></span> <span class='ocrx_word' id='word_1_145' title='bbox 914 2023 1553 2104; x_wconf 87' lang='lat' dir='ltr'><strong>diversitas,diversam</strong></span> <span class='ocrx_word' id='word_1_146' title='bbox 1583 2044 1820 2108; x_wconf 89' lang='lat' dir='ltr'><strong>quoque</strong></span> <span class='ocrx_word' id='word_1_147' title='bbox 1843 2043 2048 2090; x_wconf 87' lang='lat' dir='ltr'><strong>eorum</strong></span> <span class='ocrx_word' id='word_1_148' title='bbox 2071 2045 2182 2109; x_wconf 84' lang='lat' dir='ltr'><strong>ap-</strong></span> 
     </span>
    </p>
   </div>
   <div class='ocr_carea' id='block_1_24' title="bbox 533 2111 1170 2196">
    <p class='ocr_par' dir='ltr' id='par_1_24' title="bbox 533 2111 1170 2196">
     <span class='ocr_line' id='line_1_24' title="bbox 533 2111 1170 2196; baseline 0 -19"><span class='ocrx_word' id='word_1_149' title='bbox 533 2111 916 2196; x_wconf 87' lang='lat' dir='ltr'><strong>pellationem</strong></span> <span class='ocrx_word' id='word_1_150' title='bbox 945 2112 1109 2177; x_wconf 88' lang='lat' dir='ltr'><strong>facit.</strong></span> <span class='ocrx_word' id='word_1_151' title='bbox 1146 2134 1170 2165; x_wconf 75' lang='grc' dir='ltr'><strong>ι</strong></span> 
     </span>
    </p>
   </div>
   <div class='ocr_carea' id='block_1_25' title="bbox 615 2201 2180 2286">
    <p class='ocr_par' dir='ltr' id='par_1_25' title="bbox 615 2201 2180 2286">
     <span class='ocr_line' id='line_1_25' title="bbox 615 2201 2180 2286; baseline -0.001 -18"><span class='ocrx_word' id='word_1_152' title='bbox 615 2204 872 2268; x_wconf 84' lang='lat' dir='ltr'><strong>Sanctus</strong></span> <span class='ocrx_word' id='word_1_153' title='bbox 899 2201 1156 2284; x_wconf 86' lang='lat' dir='ltr'><strong>Cyrillus</strong></span> <span class='ocrx_word' id='word_1_154' title='bbox 1178 2202 1549 2284; x_wconf 80' lang='lat' dir='ltr'><strong>expositione</strong></span> <span class='ocrx_word' id='word_1_155' title='bbox 1573 2203 1637 2266; x_wconf 90' lang='lat' dir='ltr'><strong>in</strong></span> <span class='ocrx_word' id='word_1_156' title='bbox 1664 2203 1980 2286; x_wconf 83' lang='lat' dir='ltr'><strong>Joannem,</strong></span> <span class='ocrx_word' id='word_1_157' title='bbox 2013 2205 2075 2266; x_wconf 91' lang='lat' dir='ltr'><strong>in</strong></span> <span class='ocrx_word' id='word_1_158' title='bbox 2099 2205 2180 2266; x_wconf 91' lang='lat' dir='ltr'><strong>il-</strong></span> 
     </span>
    </p>
   </div>
   <div class='ocr_carea' id='block_1_26' title="bbox 536 2290 2174 2374">
    <p class='ocr_par' dir='ltr' id='par_1_26' title="bbox 536 2290 2174 2374">
     <span class='ocr_line' id='line_1_26' title="bbox 536 2290 2174 2374; baseline 0.001 -19"><span class='ocrx_word' id='word_1_159' title='bbox 536 2292 660 2374; x_wconf 92' lang='lat' dir='ltr'><strong>lud,</strong></span> <span class='ocrx_word' id='word_1_160' title='bbox 695 2314 722 2346; x_wconf 70' lang='grc' dir='ltr'><strong>ι</strong></span> <span class='ocrx_word' id='word_1_161' title='bbox 753 2290 867 2355; x_wconf 84' lang='lat' dir='ltr'><strong>Hic</strong></span> <span class='ocrx_word' id='word_1_162' title='bbox 894 2299 1021 2355; x_wconf 86' lang='lat' dir='ltr'><strong>erat</strong></span> <span class='ocrx_word' id='word_1_163' title='bbox 1043 2291 1108 2354; x_wconf 87' lang='lat' dir='ltr'><strong>in</strong></span> <span class='ocrx_word' id='word_1_164' title='bbox 1137 2291 1433 2373; x_wconf 87' lang='lat' dir='ltr'><strong>principio</strong></span> <span class='ocrx_word' id='word_1_165' title='bbox 1454 2292 1613 2374; x_wconf 91' lang='lat' dir='ltr'><strong>apud</strong></span> <span class='ocrx_word' id='word_1_166' title='bbox 1635 2291 1826 2356; x_wconf 91' lang='lat' dir='ltr'><strong>Deum</strong></span> <span class='ocrx_word' id='word_1_167' title='bbox 1839 2293 1960 2372; x_wconf 70' lang='lat'><strong>56,-</strong></span> <span class='ocrx_word' id='word_1_168' title='bbox 1994 2293 2174 2358; x_wconf 93' lang='lat' dir='ltr'><strong>dicit:</strong></span> 
     </span>
    </p>
   </div>
   <div class='ocr_carea' id='block_1_27' title="bbox 539 2379 2180 2462">
    <p class='ocr_par' dir='ltr' id='par_1_27' title="bbox 539 2379 2180 2462">
     <span class='ocr_line' id='line_1_27' title="bbox 539 2379 2180 2462; baseline 0.002 -22"><span class='ocrx_word' id='word_1_169' title='bbox 539 2404 565 2440; x_wconf 76' lang='grc' dir='ltr'><strong>ι</strong></span> <span class='ocrx_word' id='word_1_170' title='bbox 602 2380 850 2454; x_wconf 86' lang='lat' dir='ltr'><strong>Quando</strong></span> <span class='ocrx_word' id='word_1_171' title='bbox 877 2381 1077 2444; x_wconf 87' lang='lat' dir='ltr'><strong>divina</strong></span> <span class='ocrx_word' id='word_1_172' title='bbox 1117 2379 1424 2462; x_wconf 88' lang='lat' dir='ltr'><strong>Scriptura</strong></span> <span class='ocrx_word' id='word_1_173' title='bbox 1473 2381 1814 2445; x_wconf 90' lang='lat' dir='ltr'><strong>nominibus</strong></span> <span class='ocrx_word' id='word_1_174' title='bbox 1844 2383 2180 2447; x_wconf 90' lang='lat' dir='ltr'><strong>secundum</strong></span> 
     </span>
    </p>
   </div>
   <div class='ocr_carea' id='block_1_28' title="bbox 533 2470 2182 2563">
    <p class='ocr_par' dir='ltr' id='par_1_28' title="bbox 533 2470 2182 2563">
     <span class='ocr_line' id='line_1_28' title="bbox 533 2470 2182 2563; baseline -0.001 -26"><span class='ocrx_word' id='word_1_175' title='bbox 533 2472 754 2537; x_wconf 66' lang='lat' dir='ltr'><strong>Graeca!</strong></span> <span class='ocrx_word' id='word_1_176' title='bbox 783 2471 999 2563; x_wconf 54' lang='lat' dir='ltr'><strong>linguas</strong></span> <span class='ocrx_word' id='word_1_177' title='bbox 1026 2489 1201 2563; x_wconf 84' lang='lat' dir='ltr'><strong>usum</strong></span> <span class='ocrx_word' id='word_1_178' title='bbox 1247 2470 1530 2563; x_wconf 78' lang='lat' dir='ltr'><strong>articulos</strong></span> <span class='ocrx_word' id='word_1_179' title='bbox 1577 2472 1892 2554; x_wconf 55' lang='lat' dir='ltr'><strong>praeponit,</strong></span> <span class='ocrx_word' id='word_1_180' title='bbox 1949 2481 2182 2563; x_wconf 80' lang='lat' dir='ltr'><strong>tuncet</strong></span> 
     </span>
    </p>
   </div>
   <div class='ocr_carea' id='block_1_29' title="bbox 537 2559 2179 2644">
    <p class='ocr_par' dir='ltr' id='par_1_29' title="bbox 537 2559 2179 2644">
     <span class='ocr_line' id='line_1_29' title="bbox 537 2559 2179 2644; baseline -0.001 -20"><span class='ocrx_word' id='word_1_181' title='bbox 537 2569 816 2640; x_wconf 89' lang='lat' dir='ltr'><strong>unum,et</strong></span> <span class='ocrx_word' id='word_1_182' title='bbox 842 2560 1002 2642; x_wconf 93' lang='lat' dir='ltr'><strong>quod</strong></span> <span class='ocrx_word' id='word_1_183' title='bbox 1039 2559 1232 2623; x_wconf 89' lang='lat' dir='ltr'><strong>solum</strong></span> <span class='ocrx_word' id='word_1_184' title='bbox 1261 2559 1704 2643; x_wconf 87' lang='lat' dir='ltr'><strong>proprie,atque</strong></span> <span class='ocrx_word' id='word_1_185' title='bbox 1729 2579 1869 2626; x_wconf 84' lang='lat' dir='ltr'><strong>vere</strong></span> <span class='ocrx_word' id='word_1_186' title='bbox 1901 2562 2016 2624; x_wconf 88' lang='lat' dir='ltr'><strong>tale</strong></span> <span class='ocrx_word' id='word_1_187' title='bbox 2035 2561 2179 2644; x_wconf 91' lang='lat' dir='ltr'><strong>quid</strong></span> 
     </span>
    </p>
   </div>
   <div class='ocr_carea' id='block_1_30' title="bbox 533 2649 2184 2732">
    <p class='ocr_par' dir='ltr' id='par_1_30' title="bbox 533 2649 2184 2732">
     <span class='ocr_line' id='line_1_30' title="bbox 533 2649 2184 2732; baseline -0.001 -18"><span class='ocrx_word' id='word_1_188' title='bbox 533 2650 752 2714; x_wconf 90' lang='lat' dir='ltr'><strong>dicitur</strong></span> <span class='ocrx_word' id='word_1_189' title='bbox 779 2649 1280 2732; x_wconf 86' lang='lat' dir='ltr'><strong>signiﬁcat,quale</strong></span> <span class='ocrx_word' id='word_1_190' title='bbox 1307 2649 1454 2712; x_wconf 90' lang='lat' dir='ltr'><strong>illud</strong></span> <span class='ocrx_word' id='word_1_191' title='bbox 1478 2658 1593 2726; x_wconf 90' lang='lat' dir='ltr'><strong>est;</strong></span> <span class='ocrx_word' id='word_1_192' title='bbox 1613 2651 1784 2714; x_wconf 90' lang='lat' dir='ltr'><strong>multi</strong></span> <span class='ocrx_word' id='word_1_193' title='bbox 1812 2651 1970 2713; x_wconf 88' lang='lat' dir='ltr'><strong>enim</strong></span> <span class='ocrx_word' id='word_1_194' title='bbox 1993 2650 2184 2714; x_wconf 83' lang='lat' dir='ltr'><strong>vocati</strong></span> 
     </span>
    </p>
   </div>
   <div class='ocr_carea' id='block_1_31' title="bbox 533 2738 2181 2818">
    <p class='ocr_par' dir='ltr' id='par_1_31' title="bbox 533 2738 2181 2818">
     <span class='ocr_line' id='line_1_31' title="bbox 533 2738 2181 2818; baseline 0 -14"><span class='ocrx_word' id='word_1_195' title='bbox 533 2748 673 2804; x_wconf 86' lang='lat' dir='ltr'><strong>sunt</strong></span> <span class='ocrx_word' id='word_1_196' title='bbox 701 2739 1226 2818; x_wconf 86' lang='lat' dir='ltr'><strong>dii,verumtamen</strong></span> <span class='ocrx_word' id='word_1_197' title='bbox 1255 2738 1394 2802; x_wconf 92' lang='lat' dir='ltr'><strong>dum</strong></span> <span class='ocrx_word' id='word_1_198' title='bbox 1422 2758 1557 2802; x_wconf 91' lang='lat' dir='ltr'><strong>cum</strong></span> <span class='ocrx_word' id='word_1_199' title='bbox 1588 2739 1837 2802; x_wconf 89' lang='lat' dir='ltr'><strong>articulo</strong></span> <span class='ocrx_word' id='word_1_200' title='bbox 1867 2741 2028 2804; x_wconf 88' lang='lat' dir='ltr'><strong>Deus</strong></span> <span class='ocrx_word' id='word_1_201' title='bbox 2074 2759 2181 2804; x_wconf 90' lang='lat' dir='ltr'><strong>ex-</strong></span> 
     </span>
    </p>
   </div>
   <div class='ocr_carea' id='block_1_32' title="bbox 535 2827 2179 2912">
    <p class='ocr_par' dir='ltr' id='par_1_32' title="bbox 535 2827 2179 2912">
     <span class='ocr_line' id='line_1_32' title="bbox 535 2827 2179 2912; baseline 0.002 -20"><span class='ocrx_word' id='word_1_202' title='bbox 535 2829 832 2912; x_wconf 88' lang='lat' dir='ltr'><strong>primitur,</strong></span> <span class='ocrx_word' id='word_1_203' title='bbox 859 2838 986 2892; x_wconf 88' lang='lat' dir='ltr'><strong>tum</strong></span> <span class='ocrx_word' id='word_1_204' title='bbox 1010 2827 1172 2891; x_wconf 90' lang='lat' dir='ltr'><strong>solus</strong></span> <span class='ocrx_word' id='word_1_205' title='bbox 1221 2835 1281 2891; x_wconf 88' lang='lat' dir='ltr'><strong>et</strong></span> <span class='ocrx_word' id='word_1_206' title='bbox 1329 2829 1572 2910; x_wconf 82' lang='lat' dir='ltr'><strong>praprie</strong></span> <span class='ocrx_word' id='word_1_207' title='bbox 1613 2828 1773 2892; x_wconf 92' lang='lat' dir='ltr'><strong>Deus</strong></span> <span class='ocrx_word' id='word_1_208' title='bbox 1807 2829 2179 2909; x_wconf 84' lang='lat' dir='ltr'><strong>designatur.</strong></span> 
     </span>
    </p>
   </div>
   <div class='ocr_carea' id='block_1_33' title="bbox 535 2917 2182 3000">
    <p class='ocr_par' dir='ltr' id='par_1_33' title="bbox 535 2917 2182 3000">
     <span class='ocr_line' id='line_1_33' title="bbox 535 2917 2182 3000; baseline -0.001 -17"><span class='ocrx_word' id='word_1_209' title='bbox 535 2920 885 3000; x_wconf 81' lang='lat' dir='ltr'><strong>Rursusque</strong></span> <span class='ocrx_word' id='word_1_210' title='bbox 912 2917 1190 2980; x_wconf 88' lang='lat' dir='ltr'><strong>homines</strong></span> <span class='ocrx_word' id='word_1_211' title='bbox 1213 2917 1382 2980; x_wconf 91' lang='lat' dir='ltr'><strong>multi</strong></span> <span class='ocrx_word' id='word_1_212' title='bbox 1413 2925 1575 2994; x_wconf 90' lang='lat' dir='ltr'><strong>sunt,</strong></span> <span class='ocrx_word' id='word_1_213' title='bbox 1609 2918 1716 2981; x_wconf 90' lang='lat' dir='ltr'><strong>sed</strong></span> <span class='ocrx_word' id='word_1_214' title='bbox 1744 2919 1886 2981; x_wconf 91' lang='lat' dir='ltr'><strong>dum</strong></span> <span class='ocrx_word' id='word_1_215' title='bbox 1916 2938 2051 2982; x_wconf 91' lang='lat' dir='ltr'><strong>cum</strong></span> <span class='ocrx_word' id='word_1_216' title='bbox 2081 2938 2182 2982; x_wconf 86' lang='lat' dir='ltr'><strong>ar-</strong></span> 
     </span>
    </p>
   </div>
   <div class='ocr_carea' id='block_1_34' title="bbox 537 3005 2184 3084">
    <p class='ocr_par' dir='ltr' id='par_1_34' title="bbox 537 3005 2184 3084">
     <span class='ocr_line' id='line_1_34' title="bbox 537 3005 2184 3084; baseline -0.001 -12"><span class='ocrx_word' id='word_1_217' title='bbox 537 3007 719 3072; x_wconf 88' lang='lat' dir='ltr'><strong>ticulo</strong></span> <span class='ocrx_word' id='word_1_218' title='bbox 749 3008 1014 3073; x_wconf 87' lang='lat' dir='ltr'><strong>Salvator</strong></span> <span class='ocrx_word' id='word_1_219' title='bbox 1041 3006 1214 3070; x_wconf 78' lang='lat' dir='ltr'><strong>effert</strong></span> <span class='ocrx_word' id='word_1_220' title='bbox 1239 3005 1455 3070; x_wconf 89' lang='lat' dir='ltr'><strong>Filium</strong></span> <span class='ocrx_word' id='word_1_221' title='bbox 1485 3007 1766 3084; x_wconf 89' lang='lat' dir='ltr'><strong>hominis,</strong></span> <span class='ocrx_word' id='word_1_222' title='bbox 1798 3025 1864 3070; x_wconf 88' lang='lat' dir='ltr'><strong>se</strong></span> <span class='ocrx_word' id='word_1_223' title='bbox 1887 3009 2078 3070; x_wconf 90' lang='lat' dir='ltr'><strong>solum</strong></span> <span class='ocrx_word' id='word_1_224' title='bbox 2110 3008 2184 3071; x_wconf 90' lang='lat' dir='ltr'><strong>ab</strong></span> 
     </span>
    </p>
   </div>
   <div class='ocr_carea' id='block_1_35' title="bbox 531 3095 2185 3162">
    <p class='ocr_par' dir='ltr' id='par_1_35' title="bbox 531 3095 2185 3162">
     <span class='ocr_line' id='line_1_35' title="bbox 531 3095 2185 3162; baseline 0 -2"><span class='ocrx_word' id='word_1_225' title='bbox 531 3097 767 3161; x_wconf 85' lang='lat' dir='ltr'><strong>inﬁnita</strong></span> <span class='ocrx_word' id='word_1_226' title='bbox 819 3096 1130 3161; x_wconf 71' lang='lat' dir='ltr'><strong>hominum</strong></span> <span class='ocrx_word' id='word_1_227' title='bbox 1189 3095 1570 3161; x_wconf 89' lang='lat' dir='ltr'><strong>multitudine</strong></span> <span class='ocrx_word' id='word_1_228' title='bbox 1617 3095 2008 3162; x_wconf 84' lang='lat' dir='ltr'><strong>discriminat.</strong></span> <span class='ocrx_word' id='word_1_229' title='bbox 2050 3097 2185 3160; x_wconf 89' lang='lat' dir='ltr'><strong>Pari</strong></span> 
     </span>
    </p>
   </div>
   <div class='ocr_carea' id='block_1_36' title="bbox 2273 601 3930 682">
    <p class='ocr_par' dir='ltr' id='par_1_36' title="bbox 2273 601 3930 682">
     <span class='ocr_line' id='line_1_36' title="bbox 2273 601 3930 682; baseline 0 -24"><span class='ocrx_word' id='word_1_230' title='bbox 2273 601 2417 678; x_wconf 83' lang='grc' dir='ltr'>μένῳ</span> <span class='ocrx_word' id='word_1_231' title='bbox 2480 606 2694 678; x_wconf 78' lang='grc' dir='ltr'>μαθεῖν,</span> <span class='ocrx_word' id='word_1_232' title='bbox 2756 603 2836 666; x_wconf 88' lang='grc' dir='ltr'><strong>τίς</strong></span> <span class='ocrx_word' id='word_1_233' title='bbox 2880 605 2908 658; x_wconf 93' lang='lat'><strong>6</strong></span> <span class='ocrx_word' id='word_1_234' title='bbox 2956 601 3150 678; x_wconf 82' lang='grc' dir='ltr'><strong>τρόπος</strong></span> <span class='ocrx_word' id='word_1_235' title='bbox 3209 602 3305 671; x_wconf 74' lang='grc' dir='ltr'>τῆς</span> <span class='ocrx_word' id='word_1_236' title='bbox 3383 603 3524 667; x_wconf 90' lang='grc' dir='ltr'>θείας</span> <span class='ocrx_word' id='word_1_237' title='bbox 3581 603 3930 682; x_wconf 75' lang='grc' dir='ltr'>’ένανθρωπή-</span> 
     </span>
    </p>
   </div>
   <div class='ocr_carea' id='block_1_37' title="bbox 2273 683 3929 772">
    <p class='ocr_par' dir='ltr' id='par_1_37' title="bbox 2273 683 3929 772">
     <span class='ocr_line' id='line_1_37' title="bbox 2273 683 3929 772; baseline -0.001 -24"><span class='ocrx_word' id='word_1_238' title='bbox 2273 713 2429 767; x_wconf 76' lang='grc' dir='ltr'>σιως,</span> <span class='ocrx_word' id='word_1_239' title='bbox 2464 692 2526 748; x_wconf 79' lang='grc' dir='ltr'><strong>οὗ</strong></span> <span class='ocrx_word' id='word_1_240' title='bbox 2583 693 2617 760; x_wconf 80' lang='grc' dir='ltr'><strong>ἡ</strong></span> <span class='ocrx_word' id='word_1_241' title='bbox 2670 692 2838 772; x_wconf 79' lang='grc' dir='ltr'>ἀρχὴ,</span> <span class='ocrx_word' id='word_1_242' title='bbox 2913 709 2936 742; x_wconf 74' lang='grc' dir='ltr'>ι</span> <span class='ocrx_word' id='word_1_243' title='bbox 2981 683 3217 750; x_wconf 65' lang='grc' dir='ltr'>’Ἄτοπον</span> <span class='ocrx_word' id='word_1_244' title='bbox 3262 693 3419 768; x_wconf 75' lang='grc' dir='ltr'>οἶμαι</span> <span class='ocrx_word' id='word_1_245' title='bbox 3488 694 3576 749; x_wconf 85' lang='grc' dir='ltr'><strong>καὶ</strong></span> <span class='ocrx_word' id='word_1_246' title='bbox 3630 691 3804 756; x_wconf 78' lang='grc' dir='ltr'>καλῶς</span> <span class='ocrx_word' id='word_1_247' title='bbox 3867 715 3929 770; x_wconf 88' lang='grc' dir='ltr'><strong>γε</strong></span> 
     </span>
    </p>
   </div>
   <div class='ocr_carea' id='block_1_38' title="bbox 2272 780 3930 862">
    <p class='ocr_par' dir='ltr' id='par_1_38' title="bbox 2272 780 3930 862">
     <span class='ocr_line' id='line_1_38' title="bbox 2272 780 3930 862; baseline 0.001 -26"><span class='ocrx_word' id='word_1_248' title='bbox 2272 787 2430 838; x_wconf 80' lang='grc' dir='ltr'>τοῦτο</span> <span class='ocrx_word' id='word_1_249' title='bbox 2459 781 2730 857; x_wconf 88' lang='grc' dir='ltr'>νενόμικα,</span> <span class='ocrx_word' id='word_1_250' title='bbox 2767 801 2790 831; x_wconf 74' lang='grc' dir='ltr'><strong>ι</strong></span> <span class='ocrx_word' id='word_1_251' title='bbox 2829 782 2964 856; x_wconf 78' lang='grc' dir='ltr'>μετὰ</span> <span class='ocrx_word' id='word_1_252' title='bbox 3021 780 3194 838; x_wconf 79' lang='grc' dir='ltr'>πολλὰ</span> <span class='ocrx_word' id='word_1_253' title='bbox 3239 783 3375 839; x_wconf 83' lang='grc' dir='ltr'>πάνυ</span> <span class='ocrx_word' id='word_1_254' title='bbox 3413 783 3569 862; x_wconf 65' lang='grc' dir='ltr'>φησίν</span> <span class='ocrx_word' id='word_1_255' title='bbox 3597 799 3612 814; x_wconf 85' lang='lat'><strong>&#39;</strong></span> <span class='ocrx_word' id='word_1_256' title='bbox 3653 804 3682 836; x_wconf 71' lang='grc' dir='ltr'><strong>α</strong></span> <span class='ocrx_word' id='word_1_257' title='bbox 3715 788 3930 858; x_wconf 80' lang='grc' dir='ltr'>Πνεῦμα</span> 
     </span>
    </p>
   </div>
   <div class='ocr_carea' id='block_1_39' title="bbox 2273 867 3925 950">
    <p class='ocr_par' dir='ltr' id='par_1_39' title="bbox 2273 867 3925 950">
     <span class='ocr_line' id='line_1_39' title="bbox 2273 867 3925 950; baseline 0.003 -25"><span class='ocrx_word' id='word_1_258' title='bbox 2273 867 2329 926; x_wconf 77' lang='grc' dir='ltr'><strong>δὲ</strong></span> <span class='ocrx_word' id='word_1_259' title='bbox 2359 869 2510 948; x_wconf 73' lang='grc' dir='ltr'>ἅγιον</span> <span class='ocrx_word' id='word_1_260' title='bbox 2567 869 2690 927; x_wconf 83' lang='grc' dir='ltr'>ὅλον</span> <span class='ocrx_word' id='word_1_261' title='bbox 2751 868 2887 926; x_wconf 68' lang='grc' dir='ltr'>οὕτω</span> <span class='ocrx_word' id='word_1_262' title='bbox 2942 869 3230 948; x_wconf 84' lang='grc' dir='ltr'>λεγόμενον</span> <span class='ocrx_word' id='word_1_263' title='bbox 3287 870 3463 950; x_wconf 78' lang='grc' dir='ltr'>ἑτέρον</span> <span class='ocrx_word' id='word_1_264' title='bbox 3506 874 3612 950; x_wconf 69' lang='grc' dir='ltr'><strong>οὐχ</strong></span> <span class='ocrx_word' id='word_1_265' title='bbox 3667 871 3925 949; x_wconf 74' lang='grc' dir='ltr'><strong>εὑρήσεις.</strong></span> 
     </span>
    </p>
   </div>
   <div class='ocr_carea' id='block_1_40' title="bbox 2274 956 3929 1038">
    <p class='ocr_par' dir='ltr' id='par_1_40' title="bbox 2274 956 3929 1038">
     <span class='ocr_line' id='line_1_40' title="bbox 2274 956 3929 1038; baseline 0 -24"><span class='ocrx_word' id='word_1_266' title='bbox 2274 965 2486 1035; x_wconf 83' lang='grc' dir='ltr'>Πνεῦμα</span> <span class='ocrx_word' id='word_1_267' title='bbox 2513 956 2592 1034; x_wconf 82' lang='grc' dir='ltr'>δὲ,</span> <span class='ocrx_word' id='word_1_268' title='bbox 2644 959 2780 1016; x_wconf 77' lang='grc' dir='ltr'>καθὰ</span> <span class='ocrx_word' id='word_1_269' title='bbox 2836 959 3034 1038; x_wconf 71' lang='grc' dir='ltr'>φθάσας</span> <span class='ocrx_word' id='word_1_270' title='bbox 3093 957 3248 1038; x_wconf 75' lang='grc' dir='ltr'>ἔφην,</span> <span class='ocrx_word' id='word_1_271' title='bbox 3307 958 3525 1037; x_wconf 87' lang='grc' dir='ltr'>λέγεται</span> <span class='ocrx_word' id='word_1_272' title='bbox 3581 959 3609 1014; x_wconf 82' lang='grc' dir='ltr'>ὅ</span> <span class='ocrx_word' id='word_1_273' title='bbox 3667 960 3795 1024; x_wconf 81' lang='grc' dir='ltr'>Θεὸς</span> <span class='ocrx_word' id='word_1_274' title='bbox 3839 960 3929 1015; x_wconf 88' lang='grc' dir='ltr'><strong>καὶ</strong></span> 
     </span>
    </p>
   </div>
   <div class='ocr_carea' id='block_1_41' title="bbox 2271 1046 3927 1128">
    <p class='ocr_par' dir='ltr' id='par_1_41' title="bbox 2271 1046 3927 1128">
     <span class='ocr_line' id='line_1_41' title="bbox 2271 1046 3927 1128; baseline 0.001 -25"><span class='ocrx_word' id='word_1_275' title='bbox 2271 1047 2422 1126; x_wconf 75' lang='grc' dir='ltr'>ἅγιος</span> <span class='ocrx_word' id='word_1_276' title='bbox 2491 1051 2519 1104; x_wconf 88' lang='lat'><strong>6</strong></span> <span class='ocrx_word' id='word_1_277' title='bbox 2577 1047 2732 1112; x_wconf 69' lang='lat'><strong>036;.</strong></span> <span class='ocrx_word' id='word_1_278' title='bbox 2804 1048 3153 1122; x_wconf 84' lang='grc' dir='ltr'>Συντιθέμενα</span> <span class='ocrx_word' id='word_1_279' title='bbox 3222 1046 3276 1104; x_wconf 80' lang='grc' dir='ltr'><strong>δὲ</strong></span> <span class='ocrx_word' id='word_1_280' title='bbox 3343 1047 3504 1128; x_wconf 70' lang='grc' dir='ltr'>ἄμφω</span> <span class='ocrx_word' id='word_1_281' title='bbox 3571 1049 3637 1104; x_wconf 79' lang='grc' dir='ltr'><strong>τὰ</strong></span> <span class='ocrx_word' id='word_1_282' title='bbox 3692 1049 3927 1124; x_wconf 80' lang='grc' dir='ltr'>ὀνόματα</span> 
     </span>
    </p>
   </div>
   <div class='ocr_carea' id='block_1_42' title="bbox 2271 1135 3924 1216">
    <p class='ocr_par' dir='ltr' id='par_1_42' title="bbox 2271 1135 3924 1216">
     <span class='ocr_line' id='line_1_42' title="bbox 2271 1135 3924 1216; baseline 0 -24"><span class='ocrx_word' id='word_1_283' title='bbox 2271 1143 2349 1210; x_wconf 83' lang='grc' dir='ltr'>τῷ</span> <span class='ocrx_word' id='word_1_284' title='bbox 2417 1135 2557 1201; x_wconf 78' lang='grc' dir='ltr'>ἰδίως</span> <span class='ocrx_word' id='word_1_285' title='bbox 2606 1135 2916 1212; x_wconf 76' lang='grc' dir='ltr'><strong>καλουμένῳ</strong></span> <span class='ocrx_word' id='word_1_286' title='bbox 2971 1143 3182 1212; x_wconf 79' lang='grc' dir='ltr'>Πνεῦμα</span> <span class='ocrx_word' id='word_1_287' title='bbox 3247 1136 3400 1214; x_wconf 80' lang='grc' dir='ltr'>ἆ⁹γιον</span> <span class='ocrx_word' id='word_1_288' title='bbox 3447 1137 3686 1216; x_wconf 80' lang='grc' dir='ltr'>ἁρμόζει,</span> <span class='ocrx_word' id='word_1_289' title='bbox 3753 1138 3924 1194; x_wconf 79' lang='grc' dir='ltr'>καθά-</span> 
     </span>
    </p>
   </div>
   <div class='ocr_carea' id='block_1_43' title="bbox 2272 1225 3926 1304">
    <p class='ocr_par' dir='ltr' id='par_1_43' title="bbox 2272 1225 3926 1304">
     <span class='ocr_line' id='line_1_43' title="bbox 2272 1225 3926 1304; baseline -0.001 -23"><span class='ocrx_word' id='word_1_290' title='bbox 2272 1247 2372 1304; x_wconf 92' lang='grc' dir='ltr'><strong>περ</strong></span> <span class='ocrx_word' id='word_1_291' title='bbox 2413 1227 2447 1293; x_wconf 80' lang='grc' dir='ltr'><strong>ἡ</strong></span> <span class='ocrx_word' id='word_1_292' title='bbox 2477 1231 2569 1282; x_wconf 83' lang='grc' dir='ltr'><strong>τοῦ</strong></span> <span class='ocrx_word' id='word_1_293' title='bbox 2598 1227 2802 1304; x_wconf 86' lang='grc' dir='ltr'>Πατρὸς</span> <span class='ocrx_word' id='word_1_294' title='bbox 2832 1225 3108 1292; x_wconf 75' lang='grc' dir='ltr'>ἐπίκλησις</span> <span class='ocrx_word' id='word_1_295' title='bbox 3166 1228 3243 1300; x_wconf 82' lang='grc' dir='ltr'><strong>τῷ</strong></span> <span class='ocrx_word' id='word_1_296' title='bbox 3271 1227 3444 1300; x_wconf 60' lang='grc' dir='ltr'>αἰτίᾳ,</span> <span class='ocrx_word' id='word_1_297' title='bbox 3503 1227 3588 1282; x_wconf 79' lang='grc' dir='ltr'><strong>καὶ</strong></span> <span class='ocrx_word' id='word_1_298' title='bbox 3617 1227 3652 1294; x_wconf 80' lang='grc' dir='ltr'>ἡ</span> <span class='ocrx_word' id='word_1_299' title='bbox 3681 1235 3773 1284; x_wconf 84' lang='grc' dir='ltr'>τοῦ</span> <span class='ocrx_word' id='word_1_300' title='bbox 3803 1227 3926 1281; x_wconf 71' lang='grc' dir='ltr'><strong>1⁸ἱοῦ</strong></span> 
     </span>
    </p>
   </div>
   <div class='ocr_carea' id='block_1_44' title="bbox 2271 1311 3098 1388">
    <p class='ocr_par' dir='ltr' id='par_1_44' title="bbox 2271 1311 3098 1388">
     <span class='ocr_line' id='line_1_44' title="bbox 2271 1311 3098 1388; baseline -0.002 -19"><span class='ocrx_word' id='word_1_301' title='bbox 2271 1316 2349 1387; x_wconf 79' lang='grc' dir='ltr'>τῷ</span> <span class='ocrx_word' id='word_1_302' title='bbox 2377 1311 2592 1388; x_wconf 74' lang='grc' dir='ltr'>ἂμέσως</span> <span class='ocrx_word' id='word_1_303' title='bbox 2623 1313 2684 1371; x_wconf 79' lang='grc' dir='ltr'>ἐκ</span> <span class='ocrx_word' id='word_1_304' title='bbox 2713 1320 2806 1370; x_wconf 76' lang='grc' dir='ltr'>τοῦ</span> <span class='ocrx_word' id='word_1_305' title='bbox 2850 1314 3036 1376; x_wconf 76' lang='grc' dir='ltr'>αἰτίου,</span> <span class='ocrx_word' id='word_1_306' title='bbox 3071 1332 3098 1367; x_wconf 74' lang='grc' dir='ltr'><strong>ι</strong></span> 
     </span>
    </p>
   </div>
   <div class='ocr_carea' id='block_1_45' title="bbox 2357 1392 3927 1482">
    <p class='ocr_par' dir='ltr' id='par_1_45' title="bbox 2357 1392 3927 1482">
     <span class='ocr_line' id='line_1_45' title="bbox 2357 1392 3927 1482; baseline 0 -22"><span class='ocrx_word' id='word_1_307' title='bbox 2357 1392 2413 1460; x_wconf 82' lang='grc' dir='ltr'><strong>Ὀ</strong></span> <span class='ocrx_word' id='word_1_308' title='bbox 2465 1401 2632 1479; x_wconf 83' lang='grc' dir='ltr'>μέγας</span> <span class='ocrx_word' id='word_1_309' title='bbox 2677 1403 2964 1482; x_wconf 83' lang='grc' dir='ltr'>Γρηγόριος</span> <span class='ocrx_word' id='word_1_310' title='bbox 3019 1406 3048 1459; x_wconf 90' lang='lat'><strong>6</strong></span> <span class='ocrx_word' id='word_1_311' title='bbox 3107 1402 3366 1482; x_wconf 86' lang='grc' dir='ltr'>Θεολόγος</span> <span class='ocrx_word' id='word_1_312' title='bbox 3419 1405 3474 1460; x_wconf 76' lang='grc' dir='ltr'>ἐν</span> <span class='ocrx_word' id='word_1_313' title='bbox 3525 1410 3602 1478; x_wconf 82' lang='grc' dir='ltr'><strong>τῷ</strong></span> <span class='ocrx_word' id='word_1_314' title='bbox 3655 1407 3772 1482; x_wconf 86' lang='grc' dir='ltr'>περὶ</span> <span class='ocrx_word' id='word_1_315' title='bbox 3832 1411 3927 1460; x_wconf 75' lang='grc' dir='ltr'>τοῦ</span> 
     </span>
    </p>
   </div>
   <div class='ocr_carea' id='block_1_46' title="bbox 2271 1489 3924 1570">
    <p class='ocr_par' dir='ltr' id='par_1_46' title="bbox 2271 1489 3924 1570">
     <span class='ocr_line' id='line_1_46' title="bbox 2271 1489 3924 1570; baseline 0.001 -23"><span class='ocrx_word' id='word_1_316' title='bbox 2271 1493 2422 1569; x_wconf 83' lang='grc' dir='ltr'>ἁγίου</span> <span class='ocrx_word' id='word_1_317' title='bbox 2507 1491 2808 1568; x_wconf 81' lang='grc' dir='ltr'>Πνεύματος</span> <span class='ocrx_word' id='word_1_318' title='bbox 2891 1489 3272 1570; x_wconf 76' lang='grc' dir='ltr'>’Λντιῤῥητικῷ</span> <span class='ocrx_word' id='word_1_319' title='bbox 3369 1493 3490 1551; x_wconf 78' lang='grc' dir='ltr'>οἷον</span> <span class='ocrx_word' id='word_1_320' title='bbox 3589 1491 3924 1558; x_wconf 78' lang='grc' dir='ltr'>ἂντιθετικῶς</span> 
     </span>
    </p>
   </div>
   <div class='ocr_carea' id='block_1_47' title="bbox 2272 1578 3922 1661">
    <p class='ocr_par' dir='ltr' id='par_1_47' title="bbox 2272 1578 3922 1661">
     <span class='ocr_line' id='line_1_47' title="bbox 2272 1578 3922 1661; baseline 0.001 -26"><span class='ocrx_word' id='word_1_321' title='bbox 2272 1578 2461 1658; x_wconf 81' lang='grc' dir='ltr'>λέγει’</span> <span class='ocrx_word' id='word_1_322' title='bbox 2503 1601 2528 1636; x_wconf 73' lang='grc' dir='ltr'><strong>α</strong></span> <span class='ocrx_word' id='word_1_323' title='bbox 2565 1581 2624 1638; x_wconf 90' lang='grc' dir='ltr'>Τί</span> <span class='ocrx_word' id='word_1_324' title='bbox 2681 1580 2770 1637; x_wconf 85' lang='grc' dir='ltr'><strong>οὗν</strong></span> <span class='ocrx_word' id='word_1_325' title='bbox 2821 1581 2849 1636; x_wconf 86' lang='grc' dir='ltr'>ὃ</span> <span class='ocrx_word' id='word_1_326' title='bbox 2897 1578 3088 1653; x_wconf 85' lang='grc' dir='ltr'>λείπει,</span> <span class='ocrx_word' id='word_1_327' title='bbox 3126 1599 3151 1631; x_wconf 69' lang='grc' dir='ltr'>ι</span> <span class='ocrx_word' id='word_1_328' title='bbox 3212 1583 3364 1661; x_wconf 75' lang='grc' dir='ltr'>φησὶ,</span> <span class='ocrx_word' id='word_1_329' title='bbox 3432 1606 3455 1637; x_wconf 72' lang='grc' dir='ltr'><strong>ε</strong></span> <span class='ocrx_word' id='word_1_330' title='bbox 3511 1588 3589 1656; x_wconf 80' lang='grc' dir='ltr'>τῷ</span> <span class='ocrx_word' id='word_1_331' title='bbox 3652 1582 3922 1656; x_wconf 80' lang='grc' dir='ltr'>Πνεύματι</span> 
     </span>
    </p>
   </div>
   <div class='ocr_carea' id='block_1_48' title="bbox 2271 1669 3924 1749">
    <p class='ocr_par' dir='ltr' id='par_1_48' title="bbox 2271 1669 3924 1749">
     <span class='ocr_line' id='line_1_48' title="bbox 2271 1669 3924 1749; baseline 0.001 -24"><span class='ocrx_word' id='word_1_332' title='bbox 2271 1671 2401 1748; x_wconf 80' lang='grc' dir='ltr'>πρὸς</span> <span class='ocrx_word' id='word_1_333' title='bbox 2431 1669 2492 1725; x_wconf 84' lang='grc' dir='ltr'>τὸ</span> <span class='ocrx_word' id='word_1_334' title='bbox 2551 1669 2692 1726; x_wconf 79' lang='grc' dir='ltr'>εἶναι</span> <span class='ocrx_word' id='word_1_335' title='bbox 2739 1671 2908 1743; x_wconf 75' lang='grc' dir='ltr'>Υἱόνς</span> <span class='ocrx_word' id='word_1_336' title='bbox 2955 1672 3000 1726; x_wconf 80' lang='grc' dir='ltr'><strong>εἰ</strong></span> <span class='ocrx_word' id='word_1_337' title='bbox 3056 1670 3134 1746; x_wconf 76' lang='grc' dir='ltr'><strong>μῂ</strong></span> <span class='ocrx_word' id='word_1_338' title='bbox 3164 1671 3263 1749; x_wconf 77' lang='grc' dir='ltr'><strong>γὰρ</strong></span> <span class='ocrx_word' id='word_1_339' title='bbox 3319 1671 3508 1728; x_wconf 78' lang='grc' dir='ltr'>λεϊπόν</span> <span class='ocrx_word' id='word_1_340' title='bbox 3561 1693 3613 1728; x_wconf 84' lang='grc' dir='ltr'><strong>τι</strong></span> <span class='ocrx_word' id='word_1_341' title='bbox 3657 1670 3745 1749; x_wconf 79' lang='grc' dir='ltr'>ἦν,</span> <span class='ocrx_word' id='word_1_342' title='bbox 3801 1672 3924 1733; x_wconf 72' lang='grc' dir='ltr'>Υἱὸς</span> 
     </span>
    </p>
   </div>
   <div class='ocr_carea' id='block_1_49' title="bbox 2271 1755 3924 1839">
    <p class='ocr_par' dir='ltr' id='par_1_49' title="bbox 2271 1755 3924 1839">
     <span class='ocr_line' id='line_1_49' title="bbox 2271 1755 3924 1839; baseline 0.001 -27"><span class='ocrx_word' id='word_1_343' title='bbox 2271 1755 2335 1812; x_wconf 77' lang='grc' dir='ltr'><strong>ἂν</strong></span> <span class='ocrx_word' id='word_1_344' title='bbox 2361 1757 2451 1824; x_wconf 80' lang='grc' dir='ltr'>ἧν.</span> <span class='ocrx_word' id='word_1_345' title='bbox 2503 1779 2528 1816; x_wconf 70' lang='grc' dir='ltr'><strong>ι</strong></span> <span class='ocrx_word' id='word_1_346' title='bbox 2564 1756 2832 1835; x_wconf 81' lang='grc' dir='ltr'>Ἐπιφέρει</span> <span class='ocrx_word' id='word_1_347' title='bbox 2890 1756 2944 1813; x_wconf 86' lang='grc' dir='ltr'><em>δέ</em></span> <span class='ocrx_word' id='word_1_348' title='bbox 2978 1776 2992 1788; x_wconf 72' lang='grc'><strong>⁸</strong></span> <span class='ocrx_word' id='word_1_349' title='bbox 3031 1777 3056 1812; x_wconf 83' lang='grc'><strong>‹</strong></span> <span class='ocrx_word' id='word_1_350' title='bbox 3089 1759 3163 1816; x_wconf 76' lang='grc' dir='ltr'><strong>Οὐ</strong></span> <span class='ocrx_word' id='word_1_351' title='bbox 3215 1757 3414 1815; x_wconf 83' lang='grc' dir='ltr'>λείπειν</span> <span class='ocrx_word' id='word_1_352' title='bbox 3472 1759 3642 1839; x_wconf 80' lang='grc' dir='ltr'>φαμέν</span> <span class='ocrx_word' id='word_1_353' title='bbox 3676 1775 3688 1788; x_wconf 92' lang='grc'><strong>·</strong></span> <span class='ocrx_word' id='word_1_354' title='bbox 3727 1759 3787 1815; x_wconf 73' lang='grc' dir='ltr'>οὗ</span> <span class='ocrx_word' id='word_1_355' title='bbox 3819 1760 3924 1838; x_wconf 73' lang='grc' dir='ltr'><strong>γὰρ</strong></span> 
     </span>
    </p>
   </div>
   <div class='ocr_carea' id='block_1_50' title="bbox 3751 1848 3920 1913">
    <p class='ocr_par' dir='ltr' id='par_1_50' title="bbox 3751 1848 3920 1913">
     <span class='ocr_line' id='line_1_50' title="bbox 3751 1848 3920 1913; baseline 0 -9"><span class='ocrx_word' id='word_1_356' title='bbox 3751 1848 3920 1913; x_wconf 74' lang='grc' dir='ltr'>οὕτως</span> 
     </span>
    </p>
   </div>
   <div class='ocr_carea' id='block_1_51' title="bbox 2268 1935 3918 2018">
    <p class='ocr_par' dir='ltr' id='par_1_51' title="bbox 2268 1935 3918 2018">
     <span class='ocr_line' id='line_1_51' title="bbox 2268 1935 3918 2018; baseline -0.001 -25"><span class='ocrx_word' id='word_1_357' title='bbox 2268 1936 2432 2018; x_wconf 80' lang='grc' dir='ltr'>εἴπω,</span> <span class='ocrx_word' id='word_1_358' title='bbox 2463 1936 2500 2004; x_wconf 70' lang='grc' dir='ltr'><strong>ἢ</strong></span> <span class='ocrx_word' id='word_1_359' title='bbox 2529 1941 2628 2004; x_wconf 79' lang='grc' dir='ltr'><strong>τῆς</strong></span> <span class='ocrx_word' id='word_1_360' title='bbox 2671 1939 2802 2016; x_wconf 84' lang='grc' dir='ltr'>πρὸς</span> <span class='ocrx_word' id='word_1_361' title='bbox 2832 1935 3042 2004; x_wconf 74' lang='grc' dir='ltr'>ἄλληλα</span> <span class='ocrx_word' id='word_1_362' title='bbox 3071 1935 3312 2017; x_wconf 86' lang='grc' dir='ltr'>σχέσεως</span> <span class='ocrx_word' id='word_1_363' title='bbox 3342 1935 3607 2018; x_wconf 79' lang='grc' dir='ltr'>διάφορον,</span> <span class='ocrx_word' id='word_1_364' title='bbox 3669 1935 3918 2016; x_wconf 75' lang='grc' dir='ltr'>διάφορον</span> 
     </span>
    </p>
   </div>
   <div class='ocr_carea' id='block_1_52' title="bbox 2265 2023 3319 2094">
    <p class='ocr_par' dir='ltr' id='par_1_52' title="bbox 2265 2023 3319 2094">
     <span class='ocr_line' id='line_1_52' title="bbox 2265 2023 3319 2094; baseline 0.001 -12"><span class='ocrx_word' id='word_1_365' title='bbox 2265 2027 2353 2082; x_wconf 81' lang='grc' dir='ltr'><strong>καὶ</strong></span> <span class='ocrx_word' id='word_1_366' title='bbox 2382 2024 2480 2094; x_wconf 67' lang='grc' dir='ltr'><strong>τήν</strong></span> <span class='ocrx_word' id='word_1_367' title='bbox 2511 2023 2701 2092; x_wconf 77' lang='grc' dir='ltr'>κλῆσιν</span> <span class='ocrx_word' id='word_1_368' title='bbox 2734 2027 2904 2082; x_wconf 75' lang='grc' dir='ltr'>αὐτῶν</span> <span class='ocrx_word' id='word_1_369' title='bbox 2935 2025 3246 2092; x_wconf 87' lang='grc' dir='ltr'>πεποίηκεν.</span> <span class='ocrx_word' id='word_1_370' title='bbox 3295 2043 3319 2074; x_wconf 75' lang='grc' dir='ltr'>ι</span> 
     </span>
    </p>
   </div>
   <div class='ocr_carea' id='block_1_53' title="bbox 2347 2198 3915 2286">
    <p class='ocr_par' dir='ltr' id='par_1_53' title="bbox 2347 2198 3915 2286">
     <span class='ocr_line' id='line_1_53' title="bbox 2347 2198 3915 2286; baseline 0 -21"><span class='ocrx_word' id='word_1_371' title='bbox 2347 2198 2403 2265; x_wconf 71' lang='grc' dir='ltr'><em>Ὀ</em></span> <span class='ocrx_word' id='word_1_372' title='bbox 2464 2205 2610 2285; x_wconf 78' lang='grc' dir='ltr'>ἂγιος</span> <span class='ocrx_word' id='word_1_373' title='bbox 2683 2205 2934 2285; x_wconf 79' lang='grc' dir='ltr'>Κόριλλος</span> <span class='ocrx_word' id='word_1_374' title='bbox 3005 2207 3059 2264; x_wconf 79' lang='grc' dir='ltr'>ἐν</span> <span class='ocrx_word' id='word_1_375' title='bbox 3143 2213 3212 2284; x_wconf 79' lang='grc' dir='ltr'><strong>τῇ</strong></span> <span class='ocrx_word' id='word_1_376' title='bbox 3279 2207 3528 2286; x_wconf 75' lang='grc' dir='ltr'>ἑρμηνείᾳ</span> <span class='ocrx_word' id='word_1_377' title='bbox 3587 2216 3678 2266; x_wconf 77' lang='grc' dir='ltr'>τοῦ</span> <span class='ocrx_word' id='word_1_378' title='bbox 3777 2211 3915 2265; x_wconf 77' lang='grc' dir='ltr'>κατὰ</span> 
     </span>
    </p>
   </div>
   <div class='ocr_carea' id='block_1_54' title="bbox 2263 2291 3916 2377">
    <p class='ocr_par' dir='ltr' id='par_1_54' title="bbox 2263 2291 3916 2377">
     <span class='ocr_line' id='line_1_54' title="bbox 2263 2291 3916 2377; baseline 0.001 -25"><span class='ocrx_word' id='word_1_379' title='bbox 2263 2291 2517 2362; x_wconf 83' lang='grc' dir='ltr'>Ἰωάννην</span> <span class='ocrx_word' id='word_1_380' title='bbox 2547 2297 2620 2360; x_wconf 82' lang='grc' dir='ltr'>εἷς</span> <span class='ocrx_word' id='word_1_381' title='bbox 2670 2297 2732 2352; x_wconf 83' lang='grc' dir='ltr'>τὸ</span> <span class='ocrx_word' id='word_1_382' title='bbox 2773 2295 2932 2377; x_wconf 52' lang='lat' dir='ltr'><strong>{incipi</strong></span> <span class='ocrx_word' id='word_1_383' title='bbox 2997 2325 3020 2356; x_wconf 75' lang='grc' dir='ltr'>ι</span> <span class='ocrx_word' id='word_1_384' title='bbox 3081 2298 3244 2362; x_wconf 83' lang='grc' dir='ltr'>Οὗτος</span> <span class='ocrx_word' id='word_1_385' title='bbox 3306 2297 3360 2353; x_wconf 79' lang='grc' dir='ltr'>ἐν</span> <span class='ocrx_word' id='word_1_386' title='bbox 3409 2296 3556 2377; x_wconf 78' lang='grc' dir='ltr'>ἀρχῇ</span> <span class='ocrx_word' id='word_1_387' title='bbox 3613 2300 3747 2377; x_wconf 80' lang='grc' dir='ltr'>πρὸς</span> <span class='ocrx_word' id='word_1_388' title='bbox 3816 2301 3916 2354; x_wconf 82' lang='grc' dir='ltr'><strong>τὸν</strong></span> 
     </span>
    </p>
   </div>
   <div class='ocr_carea' id='block_1_55' title="bbox 2262 2368 3914 2464">
    <p class='ocr_par' dir='ltr' id='par_1_55' title="bbox 2262 2368 3914 2464">
     <span class='ocr_line' id='line_1_55' title="bbox 2262 2368 3914 2464; baseline 0 -24"><span class='ocrx_word' id='word_1_389' title='bbox 2262 2385 2414 2461; x_wconf 81' lang='grc' dir='ltr'>Θεὸν,</span> <span class='ocrx_word' id='word_1_390' title='bbox 2448 2412 2475 2444; x_wconf 72' lang='grc' dir='ltr'><strong><em>ι</em></strong></span> <span class='ocrx_word' id='word_1_391' title='bbox 2536 2385 2694 2463; x_wconf 78' lang='grc' dir='ltr'>φησίν</span> <span class='ocrx_word' id='word_1_392' title='bbox 2723 2400 2739 2415; x_wconf 79' lang='grc'><strong>⁸</strong></span> <span class='ocrx_word' id='word_1_393' title='bbox 2773 2368 2827 2444; x_wconf 60' lang='grc' dir='ltr'><strong>⁷ι</strong></span> <span class='ocrx_word' id='word_1_394' title='bbox 2885 2368 3008 2442; x_wconf 51' lang='grc' dir='ltr'>θοτε</span> <span class='ocrx_word' id='word_1_395' title='bbox 3050 2385 3117 2441; x_wconf 77' lang='grc' dir='ltr'>τὰ</span> <span class='ocrx_word' id='word_1_396' title='bbox 3169 2386 3404 2462; x_wconf 75' lang='grc' dir='ltr'>ὀνόματα</span> <span class='ocrx_word' id='word_1_397' title='bbox 3445 2368 3914 2464; x_wconf 47' lang='grc' dir='ltr'>’προταττομένων</span> 
     </span>
    </p>
   </div>
   <div class='ocr_carea' id='block_1_56' title="bbox 2260 2471 3914 2554">
    <p class='ocr_par' dir='ltr' id='par_1_56' title="bbox 2260 2471 3914 2554">
     <span class='ocr_line' id='line_1_56' title="bbox 2260 2471 3914 2554; baseline 0.001 -26"><span class='ocrx_word' id='word_1_398' title='bbox 2260 2478 2364 2530; x_wconf 83' lang='grc' dir='ltr'><strong>τῶν</strong></span> <span class='ocrx_word' id='word_1_399' title='bbox 2409 2471 2608 2552; x_wconf 71' lang='grc' dir='ltr'>ἄρθρων</span> <span class='ocrx_word' id='word_1_400' title='bbox 2636 2474 2671 2541; x_wconf 84' lang='grc' dir='ltr'><strong>ἡ</strong></span> <span class='ocrx_word' id='word_1_401' title='bbox 2700 2473 2810 2530; x_wconf 82' lang='grc' dir='ltr'>θεία</span> <span class='ocrx_word' id='word_1_402' title='bbox 2859 2473 3030 2541; x_wconf 87' lang='grc' dir='ltr'>τίθησι</span> <span class='ocrx_word' id='word_1_403' title='bbox 3058 2475 3264 2554; x_wconf 68' lang='grc' dir='ltr'>Γραφη,</span> <span class='ocrx_word' id='word_1_404' title='bbox 3323 2477 3443 2532; x_wconf 80' lang='grc' dir='ltr'>τότε</span> <span class='ocrx_word' id='word_1_405' title='bbox 3499 2477 3585 2532; x_wconf 86' lang='grc' dir='ltr'><strong>καὶ</strong></span> <span class='ocrx_word' id='word_1_406' title='bbox 3626 2475 3681 2532; x_wconf 85' lang='grc' dir='ltr'><strong>’ἐν</strong></span> <span class='ocrx_word' id='word_1_407' title='bbox 3709 2498 3757 2532; x_wconf 91' lang='grc' dir='ltr'><strong>τι</strong></span> <span class='ocrx_word' id='word_1_408' title='bbox 3802 2499 3914 2542; x_wconf 83' lang='grc' dir='ltr'>ση-</span> 
     </span>
    </p>
   </div>
   <div class='ocr_carea' id='block_1_57' title="bbox 2265 2564 3914 2648">
    <p class='ocr_par' dir='ltr' id='par_1_57' title="bbox 2265 2564 3914 2648">
     <span class='ocr_line' id='line_1_57' title="bbox 2265 2564 3914 2648; baseline 0.001 -28"><span class='ocrx_word' id='word_1_409' title='bbox 2265 2565 2466 2645; x_wconf 85' lang='grc' dir='ltr'>μαίνει,</span> <span class='ocrx_word' id='word_1_410' title='bbox 2496 2566 2526 2620; x_wconf 86' lang='grc' dir='ltr'><strong>ὂ</strong></span> <span class='ocrx_word' id='word_1_411' title='bbox 2596 2565 2757 2640; x_wconf 88' lang='grc' dir='ltr'>μόνον</span> <span class='ocrx_word' id='word_1_412' title='bbox 2827 2564 2937 2622; x_wconf 77' lang='grc' dir='ltr'>ἐστὶ</span> <span class='ocrx_word' id='word_1_413' title='bbox 2976 2587 3166 2644; x_wconf 89' lang='grc' dir='ltr'>κυριως</span> <span class='ocrx_word' id='word_1_414' title='bbox 3223 2569 3312 2624; x_wconf 86' lang='grc' dir='ltr'><strong>καί</strong></span> <span class='ocrx_word' id='word_1_415' title='bbox 3370 2565 3660 2648; x_wconf 81' lang='grc' dir='ltr'>ἀληθινῶς,</span> <span class='ocrx_word' id='word_1_416' title='bbox 3721 2570 3914 2626; x_wconf 76' lang='grc' dir='ltr'>ὁποῖον</span> 
     </span>
    </p>
   </div>
   <div class='ocr_carea' id='block_1_58' title="bbox 2267 2651 3911 2737">
    <p class='ocr_par' dir='ltr' id='par_1_58' title="bbox 2267 2651 3911 2737">
     <span class='ocr_line' id='line_1_58' title="bbox 2267 2651 3911 2737; baseline 0.003 -29"><span class='ocrx_word' id='word_1_417' title='bbox 2267 2665 2406 2710; x_wconf 74' lang='grc' dir='ltr'>εἶναι</span> <span class='ocrx_word' id='word_1_418' title='bbox 2472 2651 2707 2732; x_wconf 85' lang='grc' dir='ltr'>λέγεται,</span> <span class='ocrx_word' id='word_1_419' title='bbox 2768 2652 2962 2712; x_wconf 84' lang='grc' dir='ltr'>Πολλοὶ</span> <span class='ocrx_word' id='word_1_420' title='bbox 3015 2657 3114 2733; x_wconf 78' lang='grc' dir='ltr'><strong>γὰρ</strong></span> <span class='ocrx_word' id='word_1_421' title='bbox 3190 2655 3470 2714; x_wconf 80' lang='grc' dir='ltr'>καλοῦνται</span> <span class='ocrx_word' id='word_1_422' title='bbox 3573 2661 3702 2737; x_wconf 78' lang='grc' dir='ltr'>θεοὶ,</span> <span class='ocrx_word' id='word_1_423' title='bbox 3787 2655 3911 2713; x_wconf 45' lang='grc' dir='ltr'>ἀλλ’</span> 
     </span>
    </p>
   </div>
   <div class='ocr_carea' id='block_1_59' title="bbox 2265 2739 3915 2826">
    <p class='ocr_par' dir='ltr' id='par_1_59' title="bbox 2265 2739 3915 2826">
     <span class='ocr_line' id='line_1_59' title="bbox 2265 2739 3915 2826; baseline 0.004 -29"><span class='ocrx_word' id='word_1_424' title='bbox 2265 2739 2391 2800; x_wconf 81' lang='grc' dir='ltr'>ὅταν</span> <span class='ocrx_word' id='word_1_425' title='bbox 2421 2743 2558 2819; x_wconf 78' lang='grc' dir='ltr'>μετὰ</span> <span class='ocrx_word' id='word_1_426' title='bbox 2603 2749 2696 2800; x_wconf 76' lang='grc' dir='ltr'><strong>τοῦ</strong></span> <span class='ocrx_word' id='word_1_427' title='bbox 2765 2741 2950 2824; x_wconf 74' lang='grc' dir='ltr'>ἄρθρου</span> <span class='ocrx_word' id='word_1_428' title='bbox 3016 2742 3238 2823; x_wconf 81' lang='grc' dir='ltr'>λέγηται</span> <span class='ocrx_word' id='word_1_429' title='bbox 3293 2749 3322 2802; x_wconf 92' lang='lat'><strong>6</strong></span> <span class='ocrx_word' id='word_1_430' title='bbox 3380 2748 3534 2826; x_wconf 82' lang='grc' dir='ltr'>Θεὸς,</span> <span class='ocrx_word' id='word_1_431' title='bbox 3603 2749 3693 2804; x_wconf 80' lang='grc' dir='ltr'><strong>τὸν</strong></span> <span class='ocrx_word' id='word_1_432' title='bbox 3748 2748 3915 2823; x_wconf 85' lang='grc' dir='ltr'>μόνον</span> 
     </span>
    </p>
   </div>
   <div class='ocr_carea' id='block_1_60' title="bbox 2263 2830 3911 2915">
    <p class='ocr_par' dir='ltr' id='par_1_60' title="bbox 2263 2830 3911 2915">
     <span class='ocr_line' id='line_1_60' title="bbox 2263 2830 3911 2915; baseline 0.004 -29"><span class='ocrx_word' id='word_1_433' title='bbox 2263 2830 2391 2888; x_wconf 78' lang='grc' dir='ltr'>ὄντα</span> <span class='ocrx_word' id='word_1_434' title='bbox 2417 2834 2505 2889; x_wconf 82' lang='grc' dir='ltr'>καὶ</span> <span class='ocrx_word' id='word_1_435' title='bbox 2546 2832 2734 2912; x_wconf 84' lang='grc' dir='ltr'>κυρίως</span> <span class='ocrx_word' id='word_1_436' title='bbox 2762 2834 3034 2908; x_wconf 89' lang='grc' dir='ltr'>σημαίνει.</span> <span class='ocrx_word' id='word_1_437' title='bbox 3094 2835 3192 2892; x_wconf 82' lang='grc' dir='ltr'>Καὶ</span> <span class='ocrx_word' id='word_1_438' title='bbox 3251 2833 3409 2894; x_wconf 80' lang='grc' dir='ltr'>πάλιν</span> <span class='ocrx_word' id='word_1_439' title='bbox 3452 2835 3713 2915; x_wconf 76' lang='grc' dir='ltr'>ἅνθρωποι</span> <span class='ocrx_word' id='word_1_440' title='bbox 3768 2835 3911 2894; x_wconf 76' lang='grc' dir='ltr'>πολ·-</span> 
     </span>
    </p>
   </div>
   <div class='ocr_carea' id='block_1_61' title="bbox 2267 2918 3913 3006">
    <p class='ocr_par' dir='ltr' id='par_1_61' title="bbox 2267 2918 3913 3006">
     <span class='ocr_line' id='line_1_61' title="bbox 2267 2918 3913 3006; baseline 0.004 -30"><span class='ocrx_word' id='word_1_441' title='bbox 2267 2919 2370 2996; x_wconf 81' lang='grc' dir='ltr'>λοὶ,</span> <span class='ocrx_word' id='word_1_442' title='bbox 2403 2918 2524 2977; x_wconf 78' lang='grc' dir='ltr'>ἀλλ’</span> <span class='ocrx_word' id='word_1_443' title='bbox 2554 2919 2642 2977; x_wconf 79' lang='grc' dir='ltr'><strong>ὅτε</strong></span> <span class='ocrx_word' id='word_1_444' title='bbox 2672 2922 2807 2998; x_wconf 79' lang='grc' dir='ltr'>μετὰ</span> <span class='ocrx_word' id='word_1_445' title='bbox 2833 2928 2926 2980; x_wconf 79' lang='grc' dir='ltr'>τοῦ</span> <span class='ocrx_word' id='word_1_446' title='bbox 2955 2921 3139 3002; x_wconf 74' lang='grc' dir='ltr'>ἄρθρου</span> <span class='ocrx_word' id='word_1_447' title='bbox 3173 2926 3331 3003; x_wconf 77' lang='grc' dir='ltr'>φησὶν</span> <span class='ocrx_word' id='word_1_448' title='bbox 3374 2926 3404 2982; x_wconf 87' lang='lat'><strong>6</strong></span> <span class='ocrx_word' id='word_1_449' title='bbox 3456 2925 3667 3006; x_wconf 69' lang='grc' dir='ltr'>Σωτὴρ,</span> <span class='ocrx_word' id='word_1_450' title='bbox 3729 2929 3758 2983; x_wconf 89' lang='lat'><strong>6</strong></span> <span class='ocrx_word' id='word_1_451' title='bbox 3789 2927 3913 2990; x_wconf 79' lang='grc' dir='ltr'>Υἱὸς</span> 
     </span>
    </p>
   </div>
   <div class='ocr_carea' id='block_1_62' title="bbox 2266 3010 3914 3094">
    <p class='ocr_par' dir='ltr' id='par_1_62' title="bbox 2266 3010 3914 3094">
     <span class='ocr_line' id='line_1_62' title="bbox 2266 3010 3914 3094; baseline 0.002 -28"><span class='ocrx_word' id='word_1_452' title='bbox 2266 3017 2358 3066; x_wconf 79' lang='grc' dir='ltr'><strong>τοῦ</strong></span> <span class='ocrx_word' id='word_1_453' title='bbox 2424 3010 2717 3090; x_wconf 77' lang='grc' dir='ltr'>ἀνθρώπω,</span> <span class='ocrx_word' id='word_1_454' title='bbox 2776 3013 2850 3075; x_wconf 86' lang='grc' dir='ltr'>ὡς</span> <span class='ocrx_word' id='word_1_455' title='bbox 2936 3010 3378 3092; x_wconf 77' lang='grc' dir='ltr'>ἒκλελοχισμένον</span> <span class='ocrx_word' id='word_1_456' title='bbox 3459 3014 3564 3072; x_wconf 80' lang='grc' dir='ltr'>ἀπὸ</span> <span class='ocrx_word' id='word_1_457' title='bbox 3649 3013 3914 3094; x_wconf 76' lang='grc' dir='ltr'>μυριάδων</span> 
     </span>
    </p>
   </div>
   <div class='ocr_carea' id='block_1_63' title="bbox 2267 3099 3915 3184">
    <p class='ocr_par' dir='ltr' id='par_1_63' title="bbox 2267 3099 3915 3184">
     <span class='ocr_line' id='line_1_63' title="bbox 2267 3099 3915 3184; baseline 0.004 -29"><span class='ocrx_word' id='word_1_458' title='bbox 2267 3099 2451 3156; x_wconf 75' lang='grc' dir='ltr'>ἑαυτὸν</span> <span class='ocrx_word' id='word_1_459' title='bbox 2525 3101 2932 3176; x_wconf 82' lang='grc' dir='ltr'>κατασημαίνει.</span> <span class='ocrx_word' id='word_1_460' title='bbox 3006 3099 3156 3158; x_wconf 75' lang='grc' dir='ltr'>Οὕτω</span> <span class='ocrx_word' id='word_1_461' title='bbox 3248 3103 3336 3159; x_wconf 77' lang='grc' dir='ltr'>καὶ</span> <span class='ocrx_word' id='word_1_462' title='bbox 3405 3105 3434 3160; x_wconf 88' lang='lat'><strong>6</strong></span> <span class='ocrx_word' id='word_1_463' title='bbox 3517 3102 3915 3184; x_wconf 76' lang='grc' dir='ltr'>Εὗαγγελιστής</span> 
     </span>
    </p>
   </div>
   <div class='ocr_carea' id='block_1_64' title="bbox 535 3185 2187 3272">
    <p class='ocr_par' dir='ltr' id='par_1_64' title="bbox 535 3187 2178 3268">
     <span class='ocr_line' id='line_1_64' title="bbox 535 3187 2178 3268; baseline -0.001 -18"><span class='ocrx_word' id='word_1_464' title='bbox 535 3188 712 3250; x_wconf 92' lang='lat' dir='ltr'><strong>modo</strong></span> <span class='ocrx_word' id='word_1_465' title='bbox 735 3194 796 3250; x_wconf 82' lang='lat' dir='ltr'><strong>et</strong></span> <span class='ocrx_word' id='word_1_466' title='bbox 822 3187 1182 3268; x_wconf 80' lang='lat' dir='ltr'><strong>evangelista</strong></span> <span class='ocrx_word' id='word_1_467' title='bbox 1209 3203 1564 3268; x_wconf 58' lang='lat' dir='ltr'><strong>praeponens</strong></span> <span class='ocrx_word' id='word_1_468' title='bbox 1612 3187 1928 3249; x_wconf 89' lang='lat' dir='ltr'><strong>articulum</strong></span> <span class='ocrx_word' id='word_1_469' title='bbox 1959 3188 2023 3250; x_wconf 92' lang='lat' dir='ltr'><strong>in</strong></span> <span class='ocrx_word' id='word_1_470' title='bbox 2052 3187 2178 3265; x_wconf 92' lang='lat' dir='ltr'><strong>illo,</strong></span> 
     </span>
    </p>
   </div>
   <div class='ocr_carea' id='block_1_65' title="bbox 2271 3185 3915 3272">
    <p class='ocr_par' dir='ltr' id='par_1_65' title="bbox 2271 3185 3915 3272">
     <span class='ocr_line' id='line_1_65' title="bbox 2271 3185 3915 3272; baseline 0.002 -26"><span class='ocrx_word' id='word_1_471' title='bbox 2271 3185 2526 3269; x_wconf 76' lang='grc' dir='ltr'>προτάξας</span> <span class='ocrx_word' id='word_1_472' title='bbox 2553 3190 2616 3246; x_wconf 79' lang='grc' dir='ltr'>τὸ</span> <span class='ocrx_word' id='word_1_473' title='bbox 2643 3187 2828 3270; x_wconf 75' lang='grc' dir='ltr'>ἄρθρον</span> <span class='ocrx_word' id='word_1_474' title='bbox 2874 3191 2946 3255; x_wconf 80' lang='grc' dir='ltr'><strong>είς</strong></span> <span class='ocrx_word' id='word_1_475' title='bbox 2987 3191 3070 3265; x_wconf 82' lang='grc' dir='ltr'><strong>τὸ,</strong></span> <span class='ocrx_word' id='word_1_476' title='bbox 3111 3205 3138 3238; x_wconf 71' lang='grc' dir='ltr'><strong>α</strong></span> <span class='ocrx_word' id='word_1_477' title='bbox 3168 3187 3258 3248; x_wconf 86' lang='grc' dir='ltr'>Ἐν</span> <span class='ocrx_word' id='word_1_478' title='bbox 3502 3192 3568 3261; x_wconf 81' lang='grc' dir='ltr'><strong>ἧν</strong></span> <span class='ocrx_word' id='word_1_479' title='bbox 3593 3195 3622 3250; x_wconf 89' lang='lat'><strong>6</strong></span> <span class='ocrx_word' id='word_1_480' title='bbox 3649 3193 3837 3272; x_wconf 76' lang='grc' dir='ltr'>Λόγος,</span> <span class='ocrx_word' id='word_1_481' title='bbox 3885 3218 3915 3249; x_wconf 72' lang='grc' dir='ltr'><strong><em>ι</em></strong></span> 
     </span>
    </p>
   </div>
   <div class='ocr_carea' id='block_1_66' title="bbox 542 3275 2182 3360">
    <p class='ocr_par' dir='ltr' id='par_1_66' title="bbox 542 3275 2182 3360">
     <span class='ocr_line' id='line_1_66' title="bbox 542 3275 2182 3360; baseline 0.003 -25"><span class='ocrx_word' id='word_1_482' title='bbox 542 3300 566 3335; x_wconf 77' lang='grc' dir='ltr'><strong>ι</strong></span> <span class='ocrx_word' id='word_1_483' title='bbox 600 3275 668 3340; x_wconf 89' lang='lat' dir='ltr'><strong>In</strong></span> <span class='ocrx_word' id='word_1_484' title='bbox 698 3277 993 3360; x_wconf 90' lang='lat' dir='ltr'><strong>principio</strong></span> <span class='ocrx_word' id='word_1_485' title='bbox 1050 3285 1179 3341; x_wconf 91' lang='lat' dir='ltr'><strong>erat</strong></span> <span class='ocrx_word' id='word_1_486' title='bbox 1222 3277 1477 3339; x_wconf 85' lang='lat' dir='ltr'><strong>Verbum</strong></span> <span class='ocrx_word' id='word_1_487' title='bbox 1505 3277 1592 3358; x_wconf 75' lang='lat'><strong>57,</strong></span> <span class='ocrx_word' id='word_1_488' title='bbox 1631 3301 1656 3337; x_wconf 75' lang='grc' dir='ltr'><strong>ι</strong></span> <span class='ocrx_word' id='word_1_489' title='bbox 1691 3295 1896 3355; x_wconf 92' lang='lat' dir='ltr'><strong>unum,</strong></span> <span class='ocrx_word' id='word_1_490' title='bbox 1937 3285 1998 3340; x_wconf 91' lang='lat' dir='ltr'><strong>et</strong></span> <span class='ocrx_word' id='word_1_491' title='bbox 2025 3277 2182 3360; x_wconf 88' lang='lat' dir='ltr'><strong>quod</strong></span> 
     </span>
    </p>
   </div>
   <div class='ocr_carea' id='block_1_67' title="bbox 540 3366 1894 3449">
    <p class='ocr_par' dir='ltr' id='par_1_67' title="bbox 540 3366 1894 3449">
     <span class='ocr_line' id='line_1_67' title="bbox 540 3366 1894 3449; baseline -0.006 -18"><span class='ocrx_word' id='word_1_492' title='bbox 540 3367 783 3449; x_wconf 84' lang='lat' dir='ltr'><strong>proprie</strong></span> <span class='ocrx_word' id='word_1_493' title='bbox 814 3366 1079 3431; x_wconf 84' lang='lat' dir='ltr'><strong>Verbum</strong></span> <span class='ocrx_word' id='word_1_494' title='bbox 1114 3373 1204 3430; x_wconf 89' lang='lat' dir='ltr'><strong>est</strong></span> <span class='ocrx_word' id='word_1_495' title='bbox 1231 3366 1446 3443; x_wconf 88' lang='lat' dir='ltr'><strong>Patris,</strong></span> <span class='ocrx_word' id='word_1_496' title='bbox 1477 3367 1833 3428; x_wconf 86' lang='lat' dir='ltr'><strong>connotavit.</strong></span> <span class='ocrx_word' id='word_1_497' title='bbox 1871 3390 1894 3421; x_wconf 75' lang='grc' dir='ltr'><strong>ι</strong></span> 
     </span>
    </p>
   </div>
   <div class='ocr_carea' id='block_1_68' title="bbox 618 3455 2179 3538">
    <p class='ocr_par' dir='ltr' id='par_1_68' title="bbox 618 3455 2179 3538">
     <span class='ocr_line' id='line_1_68' title="bbox 618 3455 2179 3538; baseline 0 -20"><span class='ocrx_word' id='word_1_498' title='bbox 618 3455 784 3520; x_wconf 90' lang='lat' dir='ltr'><strong>Idem</strong></span> <span class='ocrx_word' id='word_1_499' title='bbox 814 3456 889 3519; x_wconf 86' lang='lat' dir='ltr'><strong>ad</strong></span> <span class='ocrx_word' id='word_1_500' title='bbox 917 3455 1228 3519; x_wconf 85' lang='lat' dir='ltr'><strong>Hermiam</strong></span> <span class='ocrx_word' id='word_1_501' title='bbox 1258 3455 1410 3518; x_wconf 90' lang='lat' dir='ltr'><strong>libro</strong></span> <span class='ocrx_word' id='word_1_502' title='bbox 1442 3455 1661 3535; x_wconf 82' lang='lat' dir='ltr'><strong>dialogi</strong></span> <span class='ocrx_word' id='word_1_503' title='bbox 1705 3457 1956 3538; x_wconf 89' lang='lat' dir='ltr'><strong>septimo</strong></span> <span class='ocrx_word' id='word_1_504' title='bbox 1987 3457 2133 3520; x_wconf 87' lang='lat' dir='ltr'><strong>dicit</strong></span> <span class='ocrx_word' id='word_1_505' title='bbox 2165 3478 2179 3518; x_wconf 87' lang='lat'>:</span> 
     </span>
    </p>
   </div>
   <div class='ocr_carea' id='block_1_69' title="bbox 542 3544 2185 3624">
    <p class='ocr_par' dir='ltr' id='par_1_69' title="bbox 542 3544 2185 3624">
     <span class='ocr_line' id='line_1_69' title="bbox 542 3544 2185 3624; baseline 0.002 -20"><span class='ocrx_word' id='word_1_506' title='bbox 542 3572 571 3604; x_wconf 75' lang='grc' dir='ltr'><strong>α</strong></span> <span class='ocrx_word' id='word_1_507' title='bbox 606 3545 725 3610; x_wconf 87' lang='lat' dir='ltr'><strong>Cur</strong></span> <span class='ocrx_word' id='word_1_508' title='bbox 750 3564 869 3607; x_wconf 89' lang='lat' dir='ltr'><strong>non</strong></span> <span class='ocrx_word' id='word_1_509' title='bbox 897 3546 1156 3608; x_wconf 90' lang='lat' dir='ltr'><strong>hominis</strong></span> <span class='ocrx_word' id='word_1_510' title='bbox 1204 3552 1476 3608; x_wconf 90' lang='lat' dir='ltr'><strong>naturam</strong></span> <span class='ocrx_word' id='word_1_511' title='bbox 1521 3553 1578 3607; x_wconf 93' lang='lat' dir='ltr'><strong>et</strong></span> <span class='ocrx_word' id='word_1_512' title='bbox 1624 3544 2070 3624; x_wconf 83' lang='lat' dir='ltr'><strong>generationem</strong></span> <span class='ocrx_word' id='word_1_513' title='bbox 2122 3547 2185 3608; x_wconf 91' lang='lat' dir='ltr'><strong>in</strong></span> 
     </span>
    </p>
   </div>
   <div class='ocr_carea' id='block_1_70' title="bbox 2262 3275 3915 3362">
    <p class='ocr_par' dir='ltr' id='par_1_70' title="bbox 2262 3275 3915 3362">
     <span class='ocr_line' id='line_1_70' title="bbox 2262 3275 3915 3362; baseline 0.004 -28"><span class='ocrx_word' id='word_1_514' title='bbox 2262 3278 2352 3334; x_wconf 80' lang='grc' dir='ltr'>τὸν</span> <span class='ocrx_word' id='word_1_515' title='bbox 2399 3275 2490 3334; x_wconf 75' lang='grc' dir='ltr'>ἕνα</span> <span class='ocrx_word' id='word_1_516' title='bbox 2546 3280 2634 3338; x_wconf 80' lang='grc' dir='ltr'><strong>καὶ</strong></span> <span class='ocrx_word' id='word_1_517' title='bbox 2689 3278 2876 3358; x_wconf 85' lang='grc' dir='ltr'>κυρίως</span> <span class='ocrx_word' id='word_1_518' title='bbox 2933 3277 3058 3337; x_wconf 79' lang='grc' dir='ltr'>ὄντα</span> <span class='ocrx_word' id='word_1_519' title='bbox 3138 3287 3230 3337; x_wconf 78' lang='grc' dir='ltr'><strong>τοῦ</strong></span> <span class='ocrx_word' id='word_1_520' title='bbox 3298 3281 3501 3362; x_wconf 75' lang='grc' dir='ltr'>Πατρός</span> <span class='ocrx_word' id='word_1_521' title='bbox 3564 3281 3734 3360; x_wconf 55' lang='grc' dir='ltr'><strong>⁴λόγον</strong></span> <span class='ocrx_word' id='word_1_522' title='bbox 3802 3305 3915 3351; x_wconf 91' lang='grc' dir='ltr'>ση-</span> 
     </span>
    </p>
   </div>
   <div class='ocr_carea' id='block_1_71' title="bbox 2266 3369 2531 3441">
    <p class='ocr_par' dir='ltr' id='par_1_71' title="bbox 2266 3369 2531 3441">
     <span class='ocr_line' id='line_1_71' title="bbox 2266 3369 2531 3441; baseline -0.004 -18"><span class='ocrx_word' id='word_1_523' title='bbox 2266 3369 2462 3441; x_wconf 89' lang='grc' dir='ltr'>μαίνει,</span> <span class='ocrx_word' id='word_1_524' title='bbox 2503 3390 2531 3422; x_wconf 69' lang='grc' dir='ltr'><strong>ι</strong></span> 
     </span>
    </p>
   </div>
   <div class='ocr_carea' id='block_1_72' title="bbox 2351 3447 3920 3537">
    <p class='ocr_par' dir='ltr' id='par_1_72' title="bbox 2351 3447 3920 3537">
     <span class='ocr_line' id='line_1_72' title="bbox 2351 3447 3920 3537; baseline 0.004 -23"><span class='ocrx_word' id='word_1_525' title='bbox 2351 3447 2408 3514; x_wconf 64' lang='grc' dir='ltr'>Ὀ</span> <span class='ocrx_word' id='word_1_526' title='bbox 2440 3457 2594 3523; x_wconf 72' lang='grc' dir='ltr'>αὐτὸς</span> <span class='ocrx_word' id='word_1_527' title='bbox 2624 3458 2754 3536; x_wconf 84' lang='grc' dir='ltr'>πρὸς</span> <span class='ocrx_word' id='word_1_528' title='bbox 2803 3458 2894 3514; x_wconf 78' lang='grc' dir='ltr'><strong>τὸν</strong></span> <span class='ocrx_word' id='word_1_529' title='bbox 2944 3457 3190 3537; x_wconf 86' lang='grc' dir='ltr'>Ἐρμείαν</span> <span class='ocrx_word' id='word_1_530' title='bbox 3241 3459 3296 3515; x_wconf 79' lang='grc' dir='ltr'>ἐν</span> <span class='ocrx_word' id='word_1_531' title='bbox 3355 3464 3436 3535; x_wconf 78' lang='grc' dir='ltr'>τῷ</span> <span class='ocrx_word' id='word_1_532' title='bbox 3489 3452 3541 3532; x_wconf 83' lang='grc' dir='ltr'><strong>ζ’</strong></span> <span class='ocrx_word' id='word_1_533' title='bbox 3591 3469 3685 3521; x_wconf 81' lang='grc' dir='ltr'><strong>τοῦ</strong></span> <span class='ocrx_word' id='word_1_534' title='bbox 3726 3461 3920 3521; x_wconf 87' lang='grc' dir='ltr'>διαλό-</span> 
     </span>
    </p>
   </div>
   <div class='ocr_carea' id='block_1_73' title="bbox 2268 3543 3923 3632">
    <p class='ocr_par' dir='ltr' id='par_1_73' title="bbox 2268 3543 3923 3632">
     <span class='ocr_line' id='line_1_73' title="bbox 2268 3543 3923 3632; baseline 0.005 -29"><span class='ocrx_word' id='word_1_535' title='bbox 2268 3568 2362 3625; x_wconf 87' lang='grc' dir='ltr'><strong>γου</strong></span> <span class='ocrx_word' id='word_1_536' title='bbox 2396 3548 2412 3578; x_wconf 88' lang='lat'><strong>‘</strong></span> <span class='ocrx_word' id='word_1_537' title='bbox 2481 3573 2505 3606; x_wconf 72' lang='grc' dir='ltr'>ι</span> <span class='ocrx_word' id='word_1_538' title='bbox 2538 3545 2598 3604; x_wconf 91' lang='grc' dir='ltr'>Τί</span> <span class='ocrx_word' id='word_1_539' title='bbox 2651 3543 2706 3602; x_wconf 72' lang='grc' dir='ltr'><strong>δὲ</strong></span> <span class='ocrx_word' id='word_1_540' title='bbox 2748 3545 2846 3616; x_wconf 82' lang='grc' dir='ltr'>τὴν</span> <span class='ocrx_word' id='word_1_541' title='bbox 2901 3547 3172 3626; x_wconf 82' lang='grc' dir='ltr'>ἀνθρώπου</span> <span class='ocrx_word' id='word_1_542' title='bbox 3227 3549 3378 3630; x_wconf 76' lang='grc' dir='ltr'>φύσιν</span> <span class='ocrx_word' id='word_1_543' title='bbox 3435 3572 3492 3608; x_wconf 86' lang='grc' dir='ltr'><strong>τε</strong></span> <span class='ocrx_word' id='word_1_544' title='bbox 3541 3553 3629 3609; x_wconf 86' lang='grc' dir='ltr'><strong>καὶ</strong></span> <span class='ocrx_word' id='word_1_545' title='bbox 3665 3551 3923 3632; x_wconf 83' lang='grc' dir='ltr'>γέννησιν</span> 
     </span>
    </p>
   </div>
   <div class='ocr_carea' id='block_1_74' title="bbox 537 3633 2187 3719">
    <p class='ocr_par' dir='ltr' id='par_1_74' title="bbox 537 3633 2181 3719">
     <span class='ocr_line' id='line_1_74' title="bbox 537 3633 2181 3719; baseline -0.002 -21"><span class='ocrx_word' id='word_1_546' title='bbox 537 3635 968 3719; x_wconf 82' lang='lat' dir='ltr'><strong>perfectionem</strong></span> <span class='ocrx_word' id='word_1_547' title='bbox 1002 3633 1091 3696; x_wconf 93' lang='lat' dir='ltr'><strong>illi</strong></span> <span class='ocrx_word' id='word_1_548' title='bbox 1148 3634 1404 3698; x_wconf 78' lang='lat' dir='ltr'><strong>maxime</strong></span> <span class='ocrx_word' id='word_1_549' title='bbox 1463 3653 1783 3715; x_wconf 89' lang='lat' dir='ltr'><strong>congruam</strong></span> <span class='ocrx_word' id='word_1_550' title='bbox 1818 3635 1912 3698; x_wconf 89' lang='lat' dir='ltr'><strong>vix</strong></span> <span class='ocrx_word' id='word_1_551' title='bbox 1947 3635 2181 3698; x_wconf 89' lang='lat' dir='ltr'><strong>tandem</strong></span> 
     </span>
    </p>
   </div>
   <div class='ocr_carea' id='block_1_75' title="bbox 2271 3633 3924 3719">
    <p class='ocr_par' dir='ltr' id='par_1_75' title="bbox 2271 3633 3924 3719">
     <span class='ocr_line' id='line_1_75' title="bbox 2271 3633 3924 3719; baseline 0.005 -28"><span class='ocrx_word' id='word_1_552' title='bbox 2271 3637 2358 3694; x_wconf 75' lang='grc' dir='ltr'><strong>οὒκ</strong></span> <span class='ocrx_word' id='word_1_553' title='bbox 2400 3636 2473 3698; x_wconf 77' lang='grc' dir='ltr'><strong>εἷς</strong></span> <span class='ocrx_word' id='word_1_554' title='bbox 2500 3633 2812 3703; x_wconf 86' lang='grc' dir='ltr'>τελειότητα</span> <span class='ocrx_word' id='word_1_555' title='bbox 2864 3637 2995 3704; x_wconf 88' lang='grc' dir='ltr'>τότη</span> <span class='ocrx_word' id='word_1_556' title='bbox 3041 3635 3104 3705; x_wconf 83' lang='grc' dir='ltr'>δὴ</span> <span class='ocrx_word' id='word_1_557' title='bbox 3161 3637 3316 3714; x_wconf 87' lang='grc' dir='ltr'>μόλις</span> <span class='ocrx_word' id='word_1_558' title='bbox 3359 3639 3459 3708; x_wconf 67' lang='grc' dir='ltr'><strong>τήν</strong></span> <span class='ocrx_word' id='word_1_559' title='bbox 3502 3642 3634 3718; x_wconf 70' lang='grc' dir='ltr'>αὐτῇ</span> <span class='ocrx_word' id='word_1_560' title='bbox 3689 3663 3924 3719; x_wconf 87' lang='grc' dir='ltr'>πρεπω-</span> 
     </span>
    </p>
   </div>
   <div class='ocr_carea' id='block_1_76' title="bbox 538 3721 2187 3810">
    <p class='ocr_par' dir='ltr' id='par_1_76' title="bbox 538 3721 2187 3805">
     <span class='ocr_line' id='line_1_76' title="bbox 538 3721 2187 3805; baseline -0.001 -17"><span class='ocrx_word' id='word_1_561' title='bbox 538 3725 760 3789; x_wconf 87' lang='lat' dir='ltr'><strong>dictam</strong></span> <span class='ocrx_word' id='word_1_562' title='bbox 793 3742 926 3786; x_wconf 90' lang='lat' dir='ltr'><strong>esse</strong></span> <span class='ocrx_word' id='word_1_563' title='bbox 949 3721 1375 3800; x_wconf 89' lang='lat' dir='ltr'><strong>dicimus,cum</strong></span> <span class='ocrx_word' id='word_1_564' title='bbox 1426 3741 1534 3804; x_wconf 92' lang='lat' dir='ltr'><strong>per</strong></span> <span class='ocrx_word' id='word_1_565' title='bbox 1580 3723 1869 3805; x_wconf 90' lang='lat' dir='ltr'><strong>Spiritum</strong></span> <span class='ocrx_word' id='word_1_566' title='bbox 1897 3723 2097 3786; x_wconf 87' lang='lat' dir='ltr'><strong>divina</strong></span> <span class='ocrx_word' id='word_1_567' title='bbox 2123 3723 2187 3786; x_wconf 91' lang='lat' dir='ltr'><strong>in</strong></span> 
     </span>
    </p>
   </div>
   <div class='ocr_carea' id='block_1_77' title="bbox 2271 3721 3923 3810">
    <p class='ocr_par' dir='ltr' id='par_1_77' title="bbox 2271 3723 3923 3810">
     <span class='ocr_line' id='line_1_77' title="bbox 2271 3723 3923 3810; baseline 0.007 -30"><span class='ocrx_word' id='word_1_568' title='bbox 2271 3723 2523 3792; x_wconf 78' lang='grc' dir='ltr'>δεστάτην</span> <span class='ocrx_word' id='word_1_569' title='bbox 2591 3725 2822 3805; x_wconf 76' lang='grc' dir='ltr'>ἀνῆχθαι</span> <span class='ocrx_word' id='word_1_570' title='bbox 2889 3747 3082 3808; x_wconf 79' lang='grc' dir='ltr'>φαμεν,</span> <span class='ocrx_word' id='word_1_571' title='bbox 3141 3726 3295 3794; x_wconf 72' lang='grc' dir='ltr'>ἤνίκα</span> <span class='ocrx_word' id='word_1_572' title='bbox 3364 3727 3448 3786; x_wconf 83' lang='grc' dir='ltr'><strong>διὰ</strong></span> <span class='ocrx_word' id='word_1_573' title='bbox 3500 3740 3591 3791; x_wconf 79' lang='grc' dir='ltr'><strong>τοῦ</strong></span> <span class='ocrx_word' id='word_1_574' title='bbox 3663 3733 3923 3810; x_wconf 80' lang='grc' dir='ltr'>Πνεύμα-</span> 
     </span>
    </p>
   </div>
   <div class='ocr_carea' id='block_1_78' title="bbox 535 3809 2187 3906">
    <p class='ocr_par' dir='ltr' id='par_1_78' title="bbox 535 3809 2187 3906">
     <span class='ocr_line' id='line_1_78' title="bbox 535 3809 2187 3906; baseline 0.001 -31"><span class='ocrx_word' id='word_1_575' title='bbox 535 3813 859 3892; x_wconf 90' lang='lat' dir='ltr'><strong>semetipsa</strong></span> <span class='ocrx_word' id='word_1_576' title='bbox 885 3809 1082 3906; x_wconf 78' lang='lat' dir='ltr'><strong>efﬁgie</strong></span> <span class='ocrx_word' id='word_1_577' title='bbox 1099 3811 1284 3875; x_wconf 90' lang='lat' dir='ltr'><strong>ditata</strong></span> <span class='ocrx_word' id='word_1_578' title='bbox 1315 3811 1434 3906; x_wconf 82' lang='lat' dir='ltr'><strong>est?</strong></span> <span class='ocrx_word' id='word_1_579' title='bbox 1461 3811 1533 3874; x_wconf 94' lang='lat' dir='ltr'><strong>Et</strong></span> <span class='ocrx_word' id='word_1_580' title='bbox 1559 3813 1674 3875; x_wconf 91' lang='lat' dir='ltr'><strong>hoc</strong></span> <span class='ocrx_word' id='word_1_581' title='bbox 1704 3812 1943 3906; x_wconf 83' lang='lat' dir='ltr'><strong>quidem</strong></span> <span class='ocrx_word' id='word_1_582' title='bbox 1977 3813 2187 3906; x_wconf 88' lang='lat' dir='ltr'><strong>obscu-</strong></span> 
     </span>
    </p>
   </div>
   <div class='ocr_carea' id='block_1_79' title="bbox 2271 3809 3921 3906">
    <p class='ocr_par' dir='ltr' id='par_1_79' title="bbox 2271 3811 3921 3906">
     <span class='ocr_line' id='line_1_79' title="bbox 2271 3811 3921 3906; baseline 0.005 -36"><span class='ocrx_word' id='word_1_583' title='bbox 2271 3836 2358 3906; x_wconf 85' lang='grc' dir='ltr'><strong>τος</strong></span> <span class='ocrx_word' id='word_1_584' title='bbox 2407 3815 2499 3906; x_wconf 70' lang='grc' dir='ltr'><strong>τον</strong></span> <span class='ocrx_word' id='word_1_585' title='bbox 2539 3813 2686 3871; x_wconf 76' lang='grc' dir='ltr'>θεῖον</span> <span class='ocrx_word' id='word_1_586' title='bbox 2722 3811 2855 3906; x_wconf 25' lang='grc' dir='ltr'><strong>ἐφ’-</strong></span> <span class='ocrx_word' id='word_1_587' title='bbox 2889 3815 3050 3906; x_wconf 66' lang='grc' dir='ltr'>έαυτῇ</span> <span class='ocrx_word' id='word_1_588' title='bbox 3091 3815 3461 3886; x_wconf 84' lang='grc' dir='ltr'>πεπλούτηκεν</span> <span class='ocrx_word' id='word_1_589' title='bbox 3505 3819 3862 3898; x_wconf 77' lang='grc' dir='ltr'>ἔξεικονισμόν</span> <span class='ocrx_word' id='word_1_590' title='bbox 3902 3845 3921 3906; x_wconf 66' lang='grc' dir='ltr'><strong>ς</strong></span> 
     </span>
    </p>
   </div>
   <div class='ocr_carea' id='block_1_80' title="bbox 538 3902 2187 3994">
    <p class='ocr_par' dir='ltr' id='par_1_80' title="bbox 538 3903 2185 3994">
     <span class='ocr_line' id='line_1_80' title="bbox 538 3903 2185 3994; baseline -0.001 -25"><span class='ocrx_word' id='word_1_591' title='bbox 538 3923 670 3969; x_wconf 91' lang='lat' dir='ltr'><strong>rum</strong></span> <span class='ocrx_word' id='word_1_592' title='bbox 700 3923 822 3967; x_wconf 92' lang='lat' dir='ltr'><strong>non</strong></span> <span class='ocrx_word' id='word_1_593' title='bbox 850 3913 960 3979; x_wconf 87' lang='lat' dir='ltr'><strong>est,</strong></span> <span class='ocrx_word' id='word_1_594' title='bbox 997 3903 1048 3965; x_wconf 91' lang='lat' dir='ltr'><strong>si</strong></span> <span class='ocrx_word' id='word_1_595' title='bbox 1071 3911 1294 3967; x_wconf 64' lang='lat' dir='ltr'><strong>natura;</strong></span> <span class='ocrx_word' id='word_1_596' title='bbox 1323 3904 1579 3994; x_wconf 89' lang='lat' dir='ltr'><strong>lapsum,</strong></span> <span class='ocrx_word' id='word_1_597' title='bbox 1614 3912 1672 3968; x_wconf 92' lang='lat' dir='ltr'><strong>et</strong></span> <span class='ocrx_word' id='word_1_598' title='bbox 1700 3905 2185 3968; x_wconf 82' lang='lat' dir='ltr'><strong>reformationem</strong></span> 
     </span>
    </p>
   </div>
   <div class='ocr_carea' id='block_1_81' title="bbox 2271 3902 3924 3994">
    <p class='ocr_par' dir='ltr' id='par_1_81' title="bbox 2271 3902 3924 3994">
     <span class='ocr_line' id='line_1_81' title="bbox 2271 3902 3924 3994; baseline 0.005 -33"><span class='ocrx_word' id='word_1_599' title='bbox 2271 3904 2368 3961; x_wconf 80' lang='grc' dir='ltr'>Καὶ</span> <span class='ocrx_word' id='word_1_600' title='bbox 2396 3902 2506 3994; x_wconf 68' lang='grc' dir='ltr'>μὴν</span> <span class='ocrx_word' id='word_1_601' title='bbox 2576 3905 2730 3994; x_wconf 56' lang='grc' dir='ltr'>τοᾷτό</span> <span class='ocrx_word' id='word_1_602' title='bbox 2797 3903 2860 3982; x_wconf 88' lang='grc' dir='ltr'><strong>γέ</strong></span> <span class='ocrx_word' id='word_1_603' title='bbox 2901 3903 3041 3962; x_wconf 79' lang='grc' dir='ltr'>ἔστιν</span> <span class='ocrx_word' id='word_1_604' title='bbox 3097 3907 3192 3964; x_wconf 72' lang='grc' dir='ltr'><strong>οὐκ</strong></span> <span class='ocrx_word' id='word_1_605' title='bbox 3247 3908 3571 3988; x_wconf 77' lang='grc' dir='ltr'>ἀσυμφανές,</span> <span class='ocrx_word' id='word_1_606' title='bbox 3625 3913 3669 3968; x_wconf 78' lang='grc' dir='ltr'><strong>εί</strong></span> <span class='ocrx_word' id='word_1_607' title='bbox 3719 3913 3808 3969; x_wconf 84' lang='grc' dir='ltr'><strong>τόν</strong></span> <span class='ocrx_word' id='word_1_608' title='bbox 3853 3902 3924 3994; x_wconf 73' lang='grc' dir='ltr'><strong>γε</strong></span> 
     </span>
    </p>
   </div>
   <div class='ocr_carea' id='block_1_82' title="bbox 535 3991 2187 4078">
    <p class='ocr_par' dir='ltr' id='par_1_82' title="bbox 535 3993 2185 4075">
     <span class='ocr_line' id='line_1_82' title="bbox 535 3993 2185 4075; baseline -0.001 -17"><span class='ocrx_word' id='word_1_609' title='bbox 535 3997 600 4058; x_wconf 92' lang='lat' dir='ltr'><strong>in</strong></span> <span class='ocrx_word' id='word_1_610' title='bbox 629 3995 851 4058; x_wconf 88' lang='lat' dir='ltr'><strong>bonum</strong></span> <span class='ocrx_word' id='word_1_611' title='bbox 881 4012 1083 4058; x_wconf 92' lang='lat' dir='ltr'><strong>secum</strong></span> <span class='ocrx_word' id='word_1_612' title='bbox 1129 4011 1250 4056; x_wconf 87' lang='lat' dir='ltr'><strong>una</strong></span> <span class='ocrx_word' id='word_1_613' title='bbox 1298 3993 1594 4075; x_wconf 90' lang='lat' dir='ltr'><strong>quispiam</strong></span> <span class='ocrx_word' id='word_1_614' title='bbox 1637 3994 2007 4075; x_wconf 88' lang='lat' dir='ltr'><strong>expenderit.</strong></span> <span class='ocrx_word' id='word_1_615' title='bbox 2038 3994 2185 4058; x_wconf 90' lang='lat' dir='ltr'><strong>Nam</strong></span> 
     </span>
    </p>
   </div>
   <div class='ocr_carea' id='block_1_83' title="bbox 2271 3991 3924 4078">
    <p class='ocr_par' dir='ltr' id='par_1_83' title="bbox 2271 3991 3924 4078">
     <span class='ocr_line' id='line_1_83' title="bbox 2271 3991 3924 4078; baseline 0.008 -31"><span class='ocrx_word' id='word_1_616' title='bbox 2271 3997 2366 4059; x_wconf 80' lang='grc' dir='ltr'>τῆς</span> <span class='ocrx_word' id='word_1_617' title='bbox 2397 3992 2600 4071; x_wconf 80' lang='grc' dir='ltr'>φύσεως</span> <span class='ocrx_word' id='word_1_618' title='bbox 2653 3991 2861 4051; x_wconf 75' lang='grc' dir='ltr'>ὄλισθον</span> <span class='ocrx_word' id='word_1_619' title='bbox 2917 3996 3005 4051; x_wconf 87' lang='grc' dir='ltr'><strong>καὶ</strong></span> <span class='ocrx_word' id='word_1_620' title='bbox 3045 3997 3140 4052; x_wconf 80' lang='grc' dir='ltr'><strong>τὸν</strong></span> <span class='ocrx_word' id='word_1_621' title='bbox 3197 3997 3271 4062; x_wconf 75' lang='grc' dir='ltr'>εἷς</span> <span class='ocrx_word' id='word_1_622' title='bbox 3317 3999 3378 4055; x_wconf 85' lang='grc' dir='ltr'>τὸ</span> <span class='ocrx_word' id='word_1_623' title='bbox 3433 4013 3573 4060; x_wconf 73' lang='grc' dir='ltr'>εἶναι</span> <span class='ocrx_word' id='word_1_624' title='bbox 3631 3991 3924 4078; x_wconf 77' lang='grc' dir='ltr'>μεταπλα-</span> 
     </span>
    </p>
   </div>
   <div class='ocr_carea' id='block_1_84' title="bbox 541 4079 2187 4168">
    <p class='ocr_par' dir='ltr' id='par_1_84' title="bbox 541 4083 2187 4166">
     <span class='ocr_line' id='line_1_84' title="bbox 541 4083 2187 4166; baseline -0.001 -19"><span class='ocrx_word' id='word_1_625' title='bbox 541 4103 674 4148; x_wconf 91' lang='lat' dir='ltr'><strong>cum</strong></span> <span class='ocrx_word' id='word_1_626' title='bbox 704 4083 922 4146; x_wconf 77' lang='lat' dir='ltr'><strong>animal</strong></span> <span class='ocrx_word' id='word_1_627' title='bbox 939 4091 1096 4146; x_wconf 90' lang='lat' dir='ltr'><strong>esset</strong></span> <span class='ocrx_word' id='word_1_628' title='bbox 1117 4101 1478 4165; x_wconf 88' lang='lat' dir='ltr'><strong>propensum</strong></span> <span class='ocrx_word' id='word_1_629' title='bbox 1500 4083 1574 4146; x_wconf 89' lang='lat' dir='ltr'><strong>ad</strong></span> <span class='ocrx_word' id='word_1_630' title='bbox 1606 4083 1885 4146; x_wconf 88' lang='lat' dir='ltr'><strong>delictum</strong></span> <span class='ocrx_word' id='word_1_631' title='bbox 1905 4093 1962 4146; x_wconf 91' lang='lat' dir='ltr'><strong>et</strong></span> <span class='ocrx_word' id='word_1_632' title='bbox 1979 4103 2187 4166; x_wconf 89' lang='lat' dir='ltr'><strong>pecca-</strong></span> 
     </span>
    </p>
   </div>
   <div class='ocr_carea' id='block_1_85' title="bbox 2271 4079 3922 4168">
    <p class='ocr_par' dir='ltr' id='par_1_85' title="bbox 2271 4079 3922 4168">
     <span class='ocr_line' id='line_1_85' title="bbox 2271 4079 3922 4168; baseline 0.007 -31"><span class='ocrx_word' id='word_1_633' title='bbox 2271 4082 2402 4157; x_wconf 81' lang='grc' dir='ltr'>σμὸν</span> <span class='ocrx_word' id='word_1_634' title='bbox 2459 4079 2786 4157; x_wconf 81' lang='grc' dir='ltr'>διενθυμοϊτό</span> <span class='ocrx_word' id='word_1_635' title='bbox 2857 4104 2962 4147; x_wconf 85' lang='grc' dir='ltr'>τις.</span> <span class='ocrx_word' id='word_1_636' title='bbox 3008 4087 3408 4151; x_wconf 84' lang='grc' dir='ltr'>Διανενευκότος</span> <span class='ocrx_word' id='word_1_637' title='bbox 3478 4090 3577 4168; x_wconf 84' lang='grc' dir='ltr'><strong>γὰρ</strong></span> <span class='ocrx_word' id='word_1_638' title='bbox 3632 4093 3722 4149; x_wconf 77' lang='grc' dir='ltr'>τοῦ</span> <span class='ocrx_word' id='word_1_639' title='bbox 3774 4091 3922 4163; x_wconf 81' lang='grc' dir='ltr'>ζώου</span> 
     </span>
    </p>
   </div>
   <div class='ocr_carea' id='block_1_86' title="bbox 546 4169 2187 4260">
    <p class='ocr_par' dir='ltr' id='par_1_86' title="bbox 546 4172 2184 4256">
     <span class='ocr_line' id='line_1_86' title="bbox 546 4172 2184 4256; baseline 0 -20"><span class='ocrx_word' id='word_1_640' title='bbox 546 4183 692 4252; x_wconf 88' lang='lat' dir='ltr'><strong>tum,</strong></span> <span class='ocrx_word' id='word_1_641' title='bbox 727 4173 885 4256; x_wconf 90' lang='lat' dir='ltr'><strong>quod</strong></span> <span class='ocrx_word' id='word_1_642' title='bbox 937 4181 1061 4235; x_wconf 92' lang='lat' dir='ltr'><strong>tum</strong></span> <span class='ocrx_word' id='word_1_643' title='bbox 1117 4172 1481 4235; x_wconf 88' lang='lat' dir='ltr'><strong>adscititium</strong></span> <span class='ocrx_word' id='word_1_644' title='bbox 1512 4180 1664 4254; x_wconf 88' lang='lat' dir='ltr'><strong>erat,</strong></span> <span class='ocrx_word' id='word_1_645' title='bbox 1713 4182 1776 4237; x_wconf 92' lang='lat' dir='ltr'><strong>et</strong></span> <span class='ocrx_word' id='word_1_646' title='bbox 1832 4193 1953 4256; x_wconf 79' lang='lat' dir='ltr'><strong>prae</strong></span> <span class='ocrx_word' id='word_1_647' title='bbox 1999 4174 2184 4236; x_wconf 89' lang='lat' dir='ltr'><strong>ntmio</strong></span> 
     </span>
    </p>
   </div>
   <div class='ocr_carea' id='block_1_87' title="bbox 2271 4169 3922 4260">
    <p class='ocr_par' dir='ltr' id='par_1_87' title="bbox 2272 4169 3922 4260">
     <span class='ocr_line' id='line_1_87' title="bbox 2272 4169 3922 4260; baseline 0.008 -34"><span class='ocrx_word' id='word_1_648' title='bbox 2272 4171 2404 4248; x_wconf 79' lang='grc' dir='ltr'>πρὸς</span> <span class='ocrx_word' id='word_1_649' title='bbox 2442 4173 2524 4260; x_wconf 10' lang='grc' dir='ltr'>,τὸ</span> <span class='ocrx_word' id='word_1_650' title='bbox 2591 4169 2927 4260; x_wconf 79' lang='grc' dir='ltr'>πλημμελὲς,</span> <span class='ocrx_word' id='word_1_651' title='bbox 2987 4175 3076 4231; x_wconf 82' lang='grc' dir='ltr'>καὶ</span> <span class='ocrx_word' id='word_1_652' title='bbox 3158 4174 3258 4242; x_wconf 78' lang='grc' dir='ltr'><strong>τὴν</strong></span> <span class='ocrx_word' id='word_1_653' title='bbox 3287 4177 3586 4246; x_wconf 75' lang='grc' dir='ltr'>εἷσποίητον</span> <span class='ocrx_word' id='word_1_654' title='bbox 3657 4181 3922 4260; x_wconf 75' lang='grc' dir='ltr'>ἁμαρτίαν</span> 
     </span>
    </p>
   </div>
   <div class='ocr_carea' id='block_1_88' title="bbox 544 4259 2187 4347">
    <p class='ocr_par' dir='ltr' id='par_1_88' title="bbox 544 4262 2187 4343">
     <span class='ocr_line' id='line_1_88' title="bbox 544 4262 2187 4343; baseline -0.002 -15"><span class='ocrx_word' id='word_1_655' title='bbox 544 4282 750 4328; x_wconf 88' lang='lat' dir='ltr'><strong>amore</strong></span> <span class='ocrx_word' id='word_1_656' title='bbox 779 4263 978 4326; x_wconf 88' lang='lat' dir='ltr'><strong>carnis</strong></span> <span class='ocrx_word' id='word_1_657' title='bbox 1006 4262 1314 4343; x_wconf 85' lang='lat' dir='ltr'><strong>langueret</strong></span> <span class='ocrx_word' id='word_1_658' title='bbox 1337 4263 1578 4343; x_wconf 88' lang='lat' dir='ltr'><strong>spiritus</strong></span> <span class='ocrx_word' id='word_1_659' title='bbox 1605 4283 1680 4326; x_wconf 88' lang='lat' dir='ltr'><strong>an</strong></span> <span class='ocrx_word' id='word_1_660' title='bbox 1701 4262 1958 4326; x_wconf 87' lang='lat' dir='ltr'><strong>divinam</strong></span> <span class='ocrx_word' id='word_1_661' title='bbox 1985 4264 2187 4342; x_wconf 89' lang='lat' dir='ltr'><strong>imagi-</strong></span> 
     </span>
    </p>
   </div>
   <div class='ocr_carea' id='block_1_89' title="bbox 2271 4259 3924 4347">
    <p class='ocr_par' dir='ltr' id='par_1_89' title="bbox 2274 4259 3924 4347">
     <span class='ocr_line' id='line_1_89' title="bbox 2274 4259 3924 4347; baseline 0.008 -31"><span class='ocrx_word' id='word_1_662' title='bbox 2274 4260 2336 4316; x_wconf 80' lang='grc' dir='ltr'>ἐκ</span> <span class='ocrx_word' id='word_1_663' title='bbox 2400 4259 2498 4328; x_wconf 70' lang='grc' dir='ltr'><strong>τῆς</strong></span> <span class='ocrx_word' id='word_1_664' title='bbox 2569 4261 2642 4324; x_wconf 77' lang='grc' dir='ltr'>εἷς</span> <span class='ocrx_word' id='word_1_665' title='bbox 2717 4259 2856 4320; x_wconf 76' lang='grc' dir='ltr'>ἅπαν</span> <span class='ocrx_word' id='word_1_666' title='bbox 2927 4260 3267 4343; x_wconf 80' lang='grc' dir='ltr'>φιλοσαρκίας</span> <span class='ocrx_word' id='word_1_667' title='bbox 3357 4259 3778 4347; x_wconf 71' lang='grc' dir='ltr'>ἦῤῥωστηκότος,</span> <span class='ocrx_word' id='word_1_668' title='bbox 3854 4274 3924 4329; x_wconf 75' lang='grc' dir='ltr'>τὸ</span> 
     </span>
    </p>
   </div>
   <div class='ocr_carea' id='block_1_90' title="bbox 542 4349 2187 4437">
    <p class='ocr_par' dir='ltr' id='par_1_90' title="bbox 542 4351 2187 4434">
     <span class='ocr_line' id='line_1_90' title="bbox 542 4351 2187 4434; baseline -0.002 -19"><span class='ocrx_word' id='word_1_669' title='bbox 542 4371 680 4416; x_wconf 89' lang='lat' dir='ltr'><strong>nem</strong></span> <span class='ocrx_word' id='word_1_670' title='bbox 711 4352 859 4415; x_wconf 89' lang='lat' dir='ltr'><strong>illud</strong></span> <span class='ocrx_word' id='word_1_671' title='bbox 889 4351 1410 4429; x_wconf 81' lang='lat' dir='ltr'><strong>transformans,et</strong></span> <span class='ocrx_word' id='word_1_672' title='bbox 1438 4352 1605 4434; x_wconf 89' lang='lat' dir='ltr'><strong>quasi</strong></span> <span class='ocrx_word' id='word_1_673' title='bbox 1637 4351 2004 4432; x_wconf 86' lang='lat' dir='ltr'><strong>signaculum</strong></span> <span class='ocrx_word' id='word_1_674' title='bbox 2032 4352 2187 4413; x_wconf 85' lang='lat' dir='ltr'><strong>inef-</strong></span> 
     </span>
    </p>
   </div>
   <div class='ocr_carea' id='block_1_91' title="bbox 2271 4349 3925 4437">
    <p class='ocr_par' dir='ltr' id='par_1_91' title="bbox 2273 4349 3925 4437">
     <span class='ocr_line' id='line_1_91' title="bbox 2273 4349 3925 4437; baseline 0.002 -32"><span class='ocrx_word' id='word_1_675' title='bbox 2273 4349 2406 4429; x_wconf 81' lang='grc' dir='ltr'>πρὸς</span> <span class='ocrx_word' id='word_1_676' title='bbox 2454 4350 2595 4406; x_wconf 88' lang='grc' dir='ltr'>θείαν</span> <span class='ocrx_word' id='word_1_677' title='bbox 2652 4349 2828 4408; x_wconf 76' lang='grc' dir='ltr'>εἰκόνα</span> <span class='ocrx_word' id='word_1_678' title='bbox 2896 4349 3215 4434; x_wconf 73' lang='grc' dir='ltr'>διαμορφοῦν</span> <span class='ocrx_word' id='word_1_679' title='bbox 3283 4357 3461 4433; x_wconf 81' lang='grc' dir='ltr'>αὐτὸν,</span> <span class='ocrx_word' id='word_1_680' title='bbox 3563 4360 3651 4416; x_wconf 81' lang='grc' dir='ltr'><strong>καὶ</strong></span> <span class='ocrx_word' id='word_1_681' title='bbox 3704 4362 3925 4437; x_wconf 76' lang='grc' dir='ltr'>σημάν-</span> 
     </span>
    </p>
   </div>
   <div class='ocr_carea' id='block_1_92' title="bbox 543 4437 2187 4542">
    <p class='ocr_par' dir='ltr' id='par_1_92' title="bbox 543 4441 2187 4542">
     <span class='ocr_line' id='line_1_92' title="bbox 543 4441 2187 4542; baseline -0.002 -37"><span class='ocrx_word' id='word_1_682' title='bbox 543 4442 804 4508; x_wconf 86' lang='lat' dir='ltr'><strong>fabiliter</strong></span> <span class='ocrx_word' id='word_1_683' title='bbox 848 4441 1065 4542; x_wconf 29' lang='lat' dir='ltr'><strong>indenos</strong></span> <span class='ocrx_word' id='word_1_684' title='bbox 1115 4449 1562 4542; x_wconf 66' lang='lat' dir='ltr'><strong>separatusest,</strong></span> <span class='ocrx_word' id='word_1_685' title='bbox 1596 4450 1655 4504; x_wconf 91' lang='lat' dir='ltr'><strong>et</strong></span> <span class='ocrx_word' id='word_1_686' title='bbox 1683 4443 1768 4504; x_wconf 90' lang='lat' dir='ltr'><strong>sic</strong></span> <span class='ocrx_word' id='word_1_687' title='bbox 1797 4441 2187 4542; x_wconf 74' lang='lat' dir='ltr'><strong>corruptibile</strong></span> 
     </span>
    </p>
   </div>
   <div class='ocr_carea' id='block_1_93' title="bbox 2271 4437 3924 4542">
    <p class='ocr_par' dir='ltr' id='par_1_93' title="bbox 2274 4437 3924 4542">
     <span class='ocr_line' id='line_1_93' title="bbox 2274 4437 3924 4542; baseline 0.009 -48"><span class='ocrx_word' id='word_1_688' title='bbox 2274 4459 2405 4541; x_wconf 59' lang='lat' dir='ltr'><strong>19M:</strong></span> <span class='ocrx_word' id='word_1_689' title='bbox 2453 4437 2602 4507; x_wconf 86' lang='grc' dir='ltr'>δίκην</span> <span class='ocrx_word' id='word_1_690' title='bbox 2701 4439 3010 4542; x_wconf 58' lang='grc' dir='ltr'>αποῤῥήτως</span> <span class='ocrx_word' id='word_1_691' title='bbox 3092 4444 3468 4522; x_wconf 70' lang='grc' dir='ltr'>ἑντεθειμένον,</span> <span class='ocrx_word' id='word_1_692' title='bbox 3545 4448 3924 4529; x_wconf 78' lang='grc' dir='ltr'>ἀπενοσφίζετο</span> 
     </span>
    </p>
   </div>
   <div class='ocr_carea' id='block_1_94' title="bbox 541 4529 2187 4619">
    <p class='ocr_par' dir='ltr' id='par_1_94' title="bbox 541 4529 2187 4614">
     <span class='ocr_line' id='line_1_94' title="bbox 541 4529 2187 4614; baseline -0.002 -19"><span class='ocrx_word' id='word_1_693' title='bbox 541 4551 610 4597; x_wconf 90' lang='lat' dir='ltr'><strong>ac</strong></span> <span class='ocrx_word' id='word_1_694' title='bbox 637 4539 898 4614; x_wconf 89' lang='lat' dir='ltr'><strong>turpe,et</strong></span> <span class='ocrx_word' id='word_1_695' title='bbox 916 4531 1068 4594; x_wconf 90' lang='lat' dir='ltr'><strong>nihil</strong></span> <span class='ocrx_word' id='word_1_696' title='bbox 1087 4549 1207 4593; x_wconf 91' lang='lat' dir='ltr'><strong>non</strong></span> <span class='ocrx_word' id='word_1_697' title='bbox 1236 4529 1560 4594; x_wconf 85' lang='lat' dir='ltr'><strong>absurdum</strong></span> <span class='ocrx_word' id='word_1_698' title='bbox 1585 4549 1789 4594; x_wconf 91' lang='lat' dir='ltr'><strong>secum</strong></span> <span class='ocrx_word' id='word_1_699' title='bbox 1813 4531 2056 4594; x_wconf 87' lang='lat' dir='ltr'><strong>trahens</strong></span> <span class='ocrx_word' id='word_1_700' title='bbox 2083 4549 2187 4612; x_wconf 91' lang='lat' dir='ltr'><strong>ap-</strong></span> 
     </span>
    </p>
   </div>
   <div class='ocr_carea' id='block_1_95' title="bbox 2271 4529 3924 4619">
    <p class='ocr_par' dir='ltr' id='par_1_95' title="bbox 2277 4529 3924 4619">
     <span class='ocr_line' id='line_1_95' title="bbox 2277 4529 3924 4619; baseline 0.009 -36"><span class='ocrx_word' id='word_1_701' title='bbox 2277 4529 2484 4619; x_wconf 67' lang='grc' dir='ltr'>πνειῖμα</span> <span class='ocrx_word' id='word_1_702' title='bbox 2540 4529 2765 4619; x_wconf 77' lang='grc' dir='ltr'>φθαρτόν</span> <span class='ocrx_word' id='word_1_703' title='bbox 2821 4551 2878 4586; x_wconf 85' lang='grc' dir='ltr'><strong>τε</strong></span> <span class='ocrx_word' id='word_1_704' title='bbox 2945 4530 3082 4619; x_wconf 71' lang='grc' dir='ltr'>οὕτω</span> <span class='ocrx_word' id='word_1_705' title='bbox 3148 4533 3237 4590; x_wconf 85' lang='grc' dir='ltr'>καὶ</span> <span class='ocrx_word' id='word_1_706' title='bbox 3277 4533 3503 4601; x_wconf 73' lang='grc' dir='ltr'>ἀκαλλές</span> <span class='ocrx_word' id='word_1_707' title='bbox 3539 4557 3556 4575; x_wconf 75' lang='grc' dir='ltr'><strong><em>ο</em></strong></span> <span class='ocrx_word' id='word_1_708' title='bbox 3605 4539 3694 4596; x_wconf 84' lang='grc' dir='ltr'><strong>καὶ</strong></span> <span class='ocrx_word' id='word_1_709' title='bbox 3721 4539 3770 4596; x_wconf 87' lang='grc' dir='ltr'><strong>τί</strong></span> <span class='ocrx_word' id='word_1_710' title='bbox 3819 4541 3924 4619; x_wconf 78' lang='grc' dir='ltr'><strong>γὰρ</strong></span> 
     </span>
    </p>
   </div>
   <div class='ocr_carea' id='block_1_96' title="bbox 546 4615 2187 4704">
    <p class='ocr_par' dir='ltr' id='par_1_96' title="bbox 546 4619 2187 4704">
     <span class='ocr_line' id='line_1_96' title="bbox 546 4619 2187 4704; baseline -0.002 -19"><span class='ocrx_word' id='word_1_711' title='bbox 546 4624 761 4704; x_wconf 90' lang='lat' dir='ltr'><strong>paruit.</strong></span> <span class='ocrx_word' id='word_1_712' title='bbox 793 4623 873 4686; x_wconf 87' lang='lat' dir='ltr'><strong>At</strong></span> <span class='ocrx_word' id='word_1_713' title='bbox 902 4621 1007 4683; x_wconf 88' lang='lat' dir='ltr'><strong>ubi</strong></span> <span class='ocrx_word' id='word_1_714' title='bbox 1055 4621 1474 4683; x_wconf 86' lang='lat' dir='ltr'><strong>universorum</strong></span> <span class='ocrx_word' id='word_1_715' title='bbox 1503 4620 1810 4698; x_wconf 89' lang='lat' dir='ltr'><strong>Conditor,</strong></span> <span class='ocrx_word' id='word_1_716' title='bbox 1849 4619 1909 4682; x_wconf 90' lang='lat' dir='ltr'><strong>id</strong></span> <span class='ocrx_word' id='word_1_717' title='bbox 1941 4619 2102 4702; x_wconf 90' lang='lat' dir='ltr'><strong>quod</strong></span> <span class='ocrx_word' id='word_1_718' title='bbox 2132 4622 2187 4682; x_wconf 90' lang='lat' dir='ltr'><strong>in</strong></span> 
     </span>
    </p>
   </div>
   <div class='ocr_carea' id='block_1_97' title="bbox 2271 4615 3922 4704">
    <p class='ocr_par' dir='ltr' id='par_1_97' title="bbox 2279 4615 3922 4704">
     <span class='ocr_line' id='line_1_97' title="bbox 2279 4615 3922 4704; baseline 0.007 -30"><span class='ocrx_word' id='word_1_719' title='bbox 2279 4615 2402 4695; x_wconf 70' lang='grc' dir='ltr'>οὐχὶ</span> <span class='ocrx_word' id='word_1_720' title='bbox 2443 4622 2546 4674; x_wconf 84' lang='grc' dir='ltr'><strong>τῶν</strong></span> <span class='ocrx_word' id='word_1_721' title='bbox 2589 4615 2826 4676; x_wconf 80' lang='grc' dir='ltr'>ἐκτόπων</span> <span class='ocrx_word' id='word_1_722' title='bbox 2886 4618 3202 4701; x_wconf 78' lang='grc' dir='ltr'>συνειληχδς</span> <span class='ocrx_word' id='word_1_723' title='bbox 3257 4620 3638 4704; x_wconf 80' lang='grc' dir='ltr'>ἀναπέφανται.</span> <span class='ocrx_word' id='word_1_724' title='bbox 3701 4615 3922 4698; x_wconf 77' lang='grc' dir='ltr'>Ἐπειδῆ</span> 
     </span>
    </p>
   </div>
   <div class='ocr_carea' id='block_1_98' title="bbox 543 4709 2194 4792">
    <p class='ocr_par' dir='ltr' id='par_1_98' title="bbox 543 4709 2194 4792">
     <span class='ocr_line' id='line_1_98' title="bbox 543 4709 2194 4792; baseline -0.003 -17"><span class='ocrx_word' id='word_1_725' title='bbox 543 4711 987 4791; x_wconf 90' lang='lat' dir='ltr'><strong>corruptionem</strong></span> <span class='ocrx_word' id='word_1_726' title='bbox 1017 4709 1248 4792; x_wconf 87' lang='lat' dir='ltr'><strong>lapsum</strong></span> <span class='ocrx_word' id='word_1_727' title='bbox 1276 4709 1492 4792; x_wconf 86' lang='lat' dir='ltr'><strong>fuerat,</strong></span> <span class='ocrx_word' id='word_1_728' title='bbox 1517 4710 1782 4790; x_wconf 87' lang='lat' dir='ltr'><strong>ignobile</strong></span> <span class='ocrx_word' id='word_1_729' title='bbox 1811 4727 1880 4772; x_wconf 89' lang='lat' dir='ltr'><strong>ac</strong></span> <span class='ocrx_word' id='word_1_730' title='bbox 1909 4717 2078 4791; x_wconf 86' lang='lat' dir='ltr'><strong>turpe</strong></span> <span class='ocrx_word' id='word_1_731' title='bbox 2110 4709 2194 4770; x_wconf 88' lang='lat' dir='ltr'><strong>fa-</strong></span> 
     </span>
    </p>
   </div>
   <div class='ocr_carea' id='block_1_99' title="bbox 547 4798 2191 4884">
    <p class='ocr_par' dir='ltr' id='par_1_99' title="bbox 547 4798 2191 4884">
     <span class='ocr_line' id='line_1_99' title="bbox 547 4798 2191 4884; baseline -0.003 -19"><span class='ocrx_word' id='word_1_732' title='bbox 547 4809 707 4865; x_wconf 86' lang='lat' dir='ltr'><strong>ctum</strong></span> <span class='ocrx_word' id='word_1_733' title='bbox 740 4809 984 4884; x_wconf 87' lang='lat' dir='ltr'><strong>propter</strong></span> <span class='ocrx_word' id='word_1_734' title='bbox 1014 4807 1493 4882; x_wconf 90' lang='lat' dir='ltr'><strong>peccatum,cum</strong></span> <span class='ocrx_word' id='word_1_735' title='bbox 1525 4799 1613 4863; x_wconf 92' lang='lat' dir='ltr'><strong>illi</strong></span> <span class='ocrx_word' id='word_1_736' title='bbox 1641 4799 1877 4862; x_wconf 89' lang='lat' dir='ltr'><strong>insitam</strong></span> <span class='ocrx_word' id='word_1_737' title='bbox 1909 4799 2092 4861; x_wconf 85' lang='lat' dir='ltr'><strong>voluit</strong></span> <span class='ocrx_word' id='word_1_738' title='bbox 2118 4798 2191 4861; x_wconf 91' lang='lat' dir='ltr'><strong>ad</strong></span> 
     </span>
    </p>
   </div>
   <div class='ocr_carea' id='block_1_100' title="bbox 551 4885 2193 4973">
    <p class='ocr_par' dir='ltr' id='par_1_100' title="bbox 551 4885 2193 4973">
     <span class='ocr_line' id='line_1_100' title="bbox 551 4885 2193 4973; baseline -0.003 -21"><span class='ocrx_word' id='word_1_739' title='bbox 551 4889 890 4973; x_wconf 67' lang='lat' dir='ltr'><strong>primaevam</strong></span> <span class='ocrx_word' id='word_1_740' title='bbox 906 4887 1244 4952; x_wconf 82' lang='lat' dir='ltr'><strong>firmitatem</strong></span> <span class='ocrx_word' id='word_1_741' title='bbox 1256 4907 1324 4950; x_wconf 91' lang='lat' dir='ltr'><strong>ac</strong></span> <span class='ocrx_word' id='word_1_742' title='bbox 1344 4887 1625 4950; x_wconf 92' lang='lat' dir='ltr'><strong>decorem</strong></span> <span class='ocrx_word' id='word_1_743' title='bbox 1643 4886 1955 4963; x_wconf 89' lang='lat' dir='ltr'><strong>reducere,</strong></span> <span class='ocrx_word' id='word_1_744' title='bbox 1967 4885 2193 4968; x_wconf 86' lang='lat' dir='ltr'><strong>permi-</strong></span> 
     </span>
    </p>
   </div>
   <div class='ocr_carea' id='block_1_101' title="bbox 551 4975 2194 5058">
    <p class='ocr_par' dir='ltr' id='par_1_101' title="bbox 551 4975 2194 5058">
     <span class='ocr_line' id='line_1_101' title="bbox 551 4975 2194 5058; baseline -0.003 -17"><span class='ocrx_word' id='word_1_745' title='bbox 551 4980 627 5043; x_wconf 89' lang='lat' dir='ltr'><strong>sit</strong></span> <span class='ocrx_word' id='word_1_746' title='bbox 647 4979 864 5042; x_wconf 90' lang='lat' dir='ltr'><strong>iterum</strong></span> <span class='ocrx_word' id='word_1_747' title='bbox 882 4977 1143 5042; x_wconf 90' lang='lat' dir='ltr'><strong>divinum</strong></span> <span class='ocrx_word' id='word_1_748' title='bbox 1167 4986 1228 5040; x_wconf 92' lang='lat' dir='ltr'><strong>et</strong></span> <span class='ocrx_word' id='word_1_749' title='bbox 1247 4976 1807 5058; x_wconf 89' lang='lat' dir='ltr'><strong>sanctumSpiritum</strong></span> <span class='ocrx_word' id='word_1_750' title='bbox 1827 4975 2114 5037; x_wconf 90' lang='lat' dir='ltr'><strong>advenire</strong></span> <span class='ocrx_word' id='word_1_751' title='bbox 2136 4982 2194 5037; x_wconf 92' lang='lat' dir='ltr'><strong>et</strong></span> 
     </span>
    </p>
   </div>
   <div class='ocr_carea' id='block_1_102' title="bbox 547 5064 2193 5147">
    <p class='ocr_par' dir='ltr' id='par_1_102' title="bbox 547 5064 2193 5147">
     <span class='ocr_line' id='line_1_102' title="bbox 547 5064 2193 5147; baseline -0.004 -16"><span class='ocrx_word' id='word_1_752' title='bbox 547 5067 704 5131; x_wconf 90' lang='lat' dir='ltr'><strong>bene</strong></span> <span class='ocrx_word' id='word_1_753' title='bbox 723 5068 1050 5131; x_wconf 90' lang='lat' dir='ltr'><strong>reformare</strong></span> <span class='ocrx_word' id='word_1_754' title='bbox 1079 5066 1399 5146; x_wconf 89' lang='lat' dir='ltr'><strong>imaginem</strong></span> <span class='ocrx_word' id='word_1_755' title='bbox 1429 5064 1888 5147; x_wconf 85' lang='lat' dir='ltr'><strong>pulcherrimam</strong></span> <span class='ocrx_word' id='word_1_756' title='bbox 1912 5073 2193 5146; x_wconf 88' lang='lat' dir='ltr'><strong>tanquam</strong></span> 
     </span>
    </p>
   </div>
   <div class='ocr_carea' id='block_1_103' title="bbox 549 5154 2195 5239">
    <p class='ocr_par' dir='ltr' id='par_1_103' title="bbox 549 5154 2195 5239">
     <span class='ocr_line' id='line_1_103' title="bbox 549 5154 2195 5239; baseline -0.002 -20"><span class='ocrx_word' id='word_1_757' title='bbox 549 5164 776 5239; x_wconf 90' lang='lat' dir='ltr'><strong>aptum,</strong></span> <span class='ocrx_word' id='word_1_758' title='bbox 802 5166 861 5221; x_wconf 88' lang='lat' dir='ltr'><strong>et</strong></span> <span class='ocrx_word' id='word_1_759' title='bbox 881 5163 1330 5239; x_wconf 65' lang='lat' dir='ltr'><strong>praepotentem,</strong></span> <span class='ocrx_word' id='word_1_760' title='bbox 1371 5163 1436 5217; x_wconf 94' lang='lat' dir='ltr'><strong>ut</strong></span> <span class='ocrx_word' id='word_1_761' title='bbox 1464 5155 1538 5217; x_wconf 89' lang='lat' dir='ltr'><strong>ad</strong></span> <span class='ocrx_word' id='word_1_762' title='bbox 1569 5173 1736 5217; x_wconf 90' lang='lat' dir='ltr'><strong>suam</strong></span> <span class='ocrx_word' id='word_1_763' title='bbox 1793 5154 2048 5232; x_wconf 82' lang='lat' dir='ltr'><strong>effigiem</strong></span> <span class='ocrx_word' id='word_1_764' title='bbox 2085 5171 2195 5215; x_wconf 91' lang='lat' dir='ltr'><strong>nos</strong></span> 
     </span>
    </p>
   </div>
   <div class='ocr_carea' id='block_1_104' title="bbox 548 5243 2194 5328">
    <p class='ocr_par' dir='ltr' id='par_1_104' title="bbox 548 5243 2194 5328">
     <span class='ocr_line' id='line_1_104' title="bbox 548 5243 2194 5328; baseline -0.003 -20"><span class='ocrx_word' id='word_1_765' title='bbox 548 5254 798 5327; x_wconf 88' lang='lat' dir='ltr'><strong>aptaret.</strong></span> <span class='ocrx_word' id='word_1_766' title='bbox 833 5245 1036 5328; x_wconf 89' lang='lat' dir='ltr'><strong>Itaque</strong></span> <span class='ocrx_word' id='word_1_767' title='bbox 1062 5246 1373 5309; x_wconf 88' lang='lat' dir='ltr'><strong>continere</strong></span> <span class='ocrx_word' id='word_1_768' title='bbox 1402 5252 1763 5325; x_wconf 87' lang='lat' dir='ltr'><strong>creaturam,</strong></span> <span class='ocrx_word' id='word_1_769' title='bbox 1798 5251 1857 5305; x_wconf 92' lang='lat' dir='ltr'><strong>et</strong></span> <span class='ocrx_word' id='word_1_770' title='bbox 1905 5243 1980 5305; x_wconf 89' lang='lat' dir='ltr'><strong>ad</strong></span> <span class='ocrx_word' id='word_1_771' title='bbox 2026 5260 2194 5304; x_wconf 89' lang='lat' dir='ltr'><strong>suam</strong></span> 
     </span>
    </p>
   </div>
   <div class='ocr_carea' id='block_1_105' title="bbox 551 5330 2198 5416">
    <p class='ocr_par' dir='ltr' id='par_1_105' title="bbox 551 5330 2198 5416">
     <span class='ocr_line' id='line_1_105' title="bbox 551 5330 2198 5416; baseline -0.002 -20"><span class='ocrx_word' id='word_1_772' title='bbox 551 5333 964 5398; x_wconf 81' lang='lat' dir='ltr'><strong>habitudinem</strong></span> <span class='ocrx_word' id='word_1_773' title='bbox 1019 5352 1259 5409; x_wconf 88' lang='lat' dir='ltr'><strong>ornare,</strong></span> <span class='ocrx_word' id='word_1_774' title='bbox 1307 5334 1846 5416; x_wconf 82' lang='lat' dir='ltr'><strong>transﬁgurareque</strong></span> <span class='ocrx_word' id='word_1_775' title='bbox 1873 5331 2093 5396; x_wconf 89' lang='lat' dir='ltr'><strong>animal</strong></span> <span class='ocrx_word' id='word_1_776' title='bbox 2123 5330 2198 5392; x_wconf 89' lang='lat' dir='ltr'><strong>ad</strong></span> 
     </span>
    </p>
   </div>
   <div class='ocr_carea' id='block_1_106' title="bbox 550 5419 2196 5504">
    <p class='ocr_par' dir='ltr' id='par_1_106' title="bbox 550 5419 2196 5504">
     <span class='ocr_line' id='line_1_106' title="bbox 550 5419 2196 5504; baseline -0.002 -17"><span class='ocrx_word' id='word_1_777' title='bbox 550 5423 1002 5489; x_wconf 84' lang='lat' dir='ltr'><strong>similitudinem</strong></span> <span class='ocrx_word' id='word_1_778' title='bbox 1033 5426 1162 5500; x_wconf 89' lang='lat' dir='ltr'><strong>Dei,</strong></span> <span class='ocrx_word' id='word_1_779' title='bbox 1196 5423 1514 5487; x_wconf 85' lang='lat' dir='ltr'><strong>Conditore</strong></span> <span class='ocrx_word' id='word_1_780' title='bbox 1542 5423 1842 5504; x_wconf 85' lang='lat' dir='ltr'><strong>indigum,</strong></span> <span class='ocrx_word' id='word_1_781' title='bbox 1872 5432 1934 5486; x_wconf 81' lang='lat' dir='ltr'><strong>et</strong></span> <span class='ocrx_word' id='word_1_782' title='bbox 1961 5419 2196 5504; x_wconf 87' lang='lat' dir='ltr'><strong>perfec-</strong></span> 
     </span>
    </p>
   </div>
   <div class='ocr_carea' id='block_1_107' title="bbox 552 5511 2198 5596">
    <p class='ocr_par' dir='ltr' id='par_1_107' title="bbox 552 5511 2198 5596">
     <span class='ocr_line' id='line_1_107' title="bbox 552 5511 2198 5596; baseline -0.002 -20"><span class='ocrx_word' id='word_1_783' title='bbox 552 5513 784 5578; x_wconf 78' lang='lat' dir='ltr'><strong>tissima</strong></span> <span class='ocrx_word' id='word_1_784' title='bbox 837 5513 982 5578; x_wconf 86' lang='lat' dir='ltr'><strong>dare</strong></span> <span class='ocrx_word' id='word_1_785' title='bbox 1037 5513 1290 5596; x_wconf 84' lang='lat' dir='ltr'><strong>singulis</strong></span> <span class='ocrx_word' id='word_1_786' title='bbox 1318 5512 1611 5579; x_wconf 85' lang='lat' dir='ltr'><strong>creaturis</strong></span> <span class='ocrx_word' id='word_1_787' title='bbox 1638 5513 1702 5576; x_wconf 89' lang='lat' dir='ltr'><strong>in</strong></span> <span class='ocrx_word' id='word_1_788' title='bbox 1735 5511 1984 5576; x_wconf 84' lang='lat' dir='ltr'><strong>alteram</strong></span> <span class='ocrx_word' id='word_1_789' title='bbox 2019 5517 2198 5573; x_wconf 86' lang='lat' dir='ltr'><strong>natu-</strong></span> 
     </span>
    </p>
   </div>
   <div class='ocr_carea' id='block_1_108' title="bbox 632 5688 1442 5772">
    <p class='ocr_par' dir='ltr' id='par_1_108' title="bbox 632 5688 1442 5772">
     <span class='ocr_line' id='line_1_108' title="bbox 632 5688 1442 5772; baseline -0.005 -13"><span class='ocrx_word' id='word_1_790' title='bbox 632 5691 698 5744; x_wconf 75' lang='grc' dir='ltr'><strong>Ισ</strong></span> <span class='ocrx_word' id='word_1_791' title='bbox 721 5692 894 5758; x_wconf 85' lang='lat' dir='ltr'><strong>Joan.</strong></span> <span class='ocrx_word' id='word_1_792' title='bbox 937 5707 982 5772; x_wconf 86' lang='grc' dir='ltr'><strong>ι,</strong></span> <span class='ocrx_word' id='word_1_793' title='bbox 1013 5691 1074 5753; x_wconf 75' lang='grc'><strong>2.</strong></span> <span class='ocrx_word' id='word_1_794' title='bbox 1105 5691 1168 5744; x_wconf 77' lang='lat'><strong>57</strong></span> <span class='ocrx_word' id='word_1_795' title='bbox 1195 5688 1347 5754; x_wconf 90' lang='lat' dir='ltr'><strong>ibid.</strong></span> <span class='ocrx_word' id='word_1_796' title='bbox 1383 5694 1442 5755; x_wconf 79' lang='grc'><strong>1.</strong></span> 
     </span>
    </p>
   </div>
   <div class='ocr_carea' id='block_1_109' title="bbox 2276 4704 3921 4789">
    <p class='ocr_par' dir='ltr' id='par_1_109' title="bbox 2276 4704 3921 4789">
     <span class='ocr_line' id='line_1_109' title="bbox 2276 4704 3921 4789; baseline 0.009 -28"><span class='ocrx_word' id='word_1_797' title='bbox 2276 4704 2331 4762; x_wconf 76' lang='grc' dir='ltr'><strong>δὲ</strong></span> <span class='ocrx_word' id='word_1_798' title='bbox 2375 4709 2404 4762; x_wconf 90' lang='lat'><strong>6</strong></span> <span class='ocrx_word' id='word_1_799' title='bbox 2431 4711 2538 4762; x_wconf 85' lang='grc' dir='ltr'>τῶν</span> <span class='ocrx_word' id='word_1_800' title='bbox 2579 4705 2717 4764; x_wconf 82' lang='grc' dir='ltr'>ὅλων</span> <span class='ocrx_word' id='word_1_801' title='bbox 2773 4710 3139 4789; x_wconf 63' lang='grc' dir='ltr'>Γενεσιοῳγὸς</span> <span class='ocrx_word' id='word_1_802' title='bbox 3199 4710 3530 4788; x_wconf 82' lang='grc' dir='ltr'>ἀνακομὶζειν</span> <span class='ocrx_word' id='word_1_803' title='bbox 3586 4715 3771 4784; x_wconf 70' lang='grc' dir='ltr'>ἢθελεν</span> <span class='ocrx_word' id='word_1_804' title='bbox 3841 4739 3921 4785; x_wconf 87' lang='grc' dir='ltr'><strong>εις</strong></span> 
     </span>
    </p>
   </div>
   <div class='ocr_carea' id='block_1_110' title="bbox 2277 4791 3922 4886">
    <p class='ocr_par' dir='ltr' id='par_1_110' title="bbox 2277 4791 3922 4886">
     <span class='ocr_line' id='line_1_110' title="bbox 2277 4791 3922 4886; baseline 0.01 -37"><span class='ocrx_word' id='word_1_805' title='bbox 2277 4791 2590 4886; x_wconf 59' lang='grc' dir='ltr'>έδραιότητά</span> <span class='ocrx_word' id='word_1_806' title='bbox 2645 4817 2719 4886; x_wconf 15' lang='grc' dir='ltr'><strong>τε,</strong></span> <span class='ocrx_word' id='word_1_807' title='bbox 2758 4798 2847 4853; x_wconf 89' lang='grc' dir='ltr'><strong>καὶ</strong></span> <span class='ocrx_word' id='word_1_808' title='bbox 2901 4797 3183 4875; x_wconf 73' lang='grc' dir='ltr'>εὐκοσμίαν</span> <span class='ocrx_word' id='word_1_809' title='bbox 3277 4800 3378 4870; x_wconf 79' lang='grc' dir='ltr'>τὴν</span> <span class='ocrx_word' id='word_1_810' title='bbox 3432 4805 3487 4860; x_wconf 66' lang='grc' dir='ltr'>ἓν</span> <span class='ocrx_word' id='word_1_811' title='bbox 3573 4804 3772 4886; x_wconf 76' lang='grc' dir='ltr'>ἀρχαῖς</span> <span class='ocrx_word' id='word_1_812' title='bbox 3859 4813 3922 4866; x_wconf 83' lang='grc' dir='ltr'>τὸ</span> 
     </span>
    </p>
   </div>
   <div class='ocr_carea' id='block_1_111' title="bbox 2279 4880 3923 4968">
    <p class='ocr_par' dir='ltr' id='par_1_111' title="bbox 2279 4880 3923 4968">
     <span class='ocr_line' id='line_1_111' title="bbox 2279 4880 3923 4968; baseline 0.01 -29"><span class='ocrx_word' id='word_1_813' title='bbox 2279 4880 2612 4953; x_wconf 81' lang='grc' dir='ltr'>διολισθῆσαν</span> <span class='ocrx_word' id='word_1_814' title='bbox 2683 4885 2756 4950; x_wconf 83' lang='grc' dir='ltr'>εἷς</span> <span class='ocrx_word' id='word_1_815' title='bbox 2813 4887 3003 4966; x_wconf 77' lang='grc' dir='ltr'>φθορὰν</span> <span class='ocrx_word' id='word_1_816' title='bbox 3078 4887 3397 4968; x_wconf 73' lang='grc' dir='ltr'>παράσημόν</span> <span class='ocrx_word' id='word_1_817' title='bbox 3475 4913 3533 4948; x_wconf 83' lang='grc' dir='ltr'><strong>τε</strong></span> <span class='ocrx_word' id='word_1_818' title='bbox 3744 4896 3923 4954; x_wconf 81' lang='grc' dir='ltr'>ἀκαλ-</span> 
     </span>
    </p>
   </div>
   <div class='ocr_carea' id='block_1_112' title="bbox 2280 4971 3922 5060">
    <p class='ocr_par' dir='ltr' id='par_1_112' title="bbox 2280 4971 3922 5060">
     <span class='ocr_line' id='line_1_112' title="bbox 2280 4971 3922 5060; baseline 0.01 -32"><span class='ocrx_word' id='word_1_819' title='bbox 2280 4971 2369 5036; x_wconf 83' lang='grc' dir='ltr'>λὲς</span> <span class='ocrx_word' id='word_1_820' title='bbox 2426 4971 2511 5029; x_wconf 83' lang='grc' dir='ltr'>διὰ</span> <span class='ocrx_word' id='word_1_821' title='bbox 2550 4975 2645 5042; x_wconf 78' lang='grc' dir='ltr'>τήν</span> <span class='ocrx_word' id='word_1_822' title='bbox 2705 4973 3002 5042; x_wconf 79' lang='grc' dir='ltr'>εἶοποίητον</span> <span class='ocrx_word' id='word_1_823' title='bbox 3051 4979 3270 5056; x_wconf 87' lang='grc' dir='ltr'>γεγονὸς</span> <span class='ocrx_word' id='word_1_824' title='bbox 3368 4979 3649 5060; x_wconf 79' lang='grc' dir='ltr'>ἁμαρτίαν,</span> <span class='ocrx_word' id='word_1_825' title='bbox 3733 4983 3922 5054; x_wconf 69' lang='grc' dir='ltr'>ἐνῆκεν</span> 
     </span>
    </p>
   </div>
   <div class='ocr_carea' id='block_1_113' title="bbox 2280 5062 3920 5144">
    <p class='ocr_par' dir='ltr' id='par_1_113' title="bbox 2280 5062 3920 5144">
     <span class='ocr_line' id='line_1_113' title="bbox 2280 5062 3920 5144; baseline 0.009 -27"><span class='ocrx_word' id='word_1_826' title='bbox 2280 5062 2424 5126; x_wconf 81' lang='grc' dir='ltr'>αὖθις</span> <span class='ocrx_word' id='word_1_827' title='bbox 2481 5065 2622 5138; x_wconf 78' lang='grc' dir='ltr'>αὐτῷ</span> <span class='ocrx_word' id='word_1_828' title='bbox 2665 5064 2728 5119; x_wconf 79' lang='grc' dir='ltr'>τὸ</span> <span class='ocrx_word' id='word_1_829' title='bbox 2807 5063 3173 5144; x_wconf 60' lang='grc' dir='ltr'>ἆποφιτῆσάν</span> <span class='ocrx_word' id='word_1_830' title='bbox 3253 5089 3381 5126; x_wconf 85' lang='grc' dir='ltr'>ποτε</span> <span class='ocrx_word' id='word_1_831' title='bbox 3449 5071 3598 5128; x_wconf 84' lang='grc' dir='ltr'>θεῖόν</span> <span class='ocrx_word' id='word_1_832' title='bbox 3675 5095 3730 5130; x_wconf 87' lang='grc' dir='ltr'><strong>τε</strong></span> <span class='ocrx_word' id='word_1_833' title='bbox 3825 5079 3920 5132; x_wconf 74' lang='grc' dir='ltr'><strong>καί</strong></span> 
     </span>
    </p>
   </div>
   <div class='ocr_carea' id='block_1_114' title="bbox 2277 5148 3924 5244">
    <p class='ocr_par' dir='ltr' id='par_1_114' title="bbox 2277 5148 3924 5244">
     <span class='ocr_line' id='line_1_114' title="bbox 2277 5148 3924 5244; baseline 0.004 -39"><span class='ocrx_word' id='word_1_834' title='bbox 2277 5148 2428 5244; x_wconf 77' lang='grc' dir='ltr'>ἂγιον</span> <span class='ocrx_word' id='word_1_835' title='bbox 2457 5151 2692 5244; x_wconf 62' lang='grc' dir='ltr'>Πνεῖξμα,</span> <span class='ocrx_word' id='word_1_836' title='bbox 2739 5153 3058 5244; x_wconf 64' lang='grc' dir='ltr'>μεταποιῶν</span> <span class='ocrx_word' id='word_1_837' title='bbox 3087 5153 3144 5210; x_wconf 80' lang='grc' dir='ltr'>εὖ</span> <span class='ocrx_word' id='word_1_838' title='bbox 3190 5154 3336 5231; x_wconf 82' lang='grc' dir='ltr'>μάλα</span> <span class='ocrx_word' id='word_1_839' title='bbox 3377 5160 3533 5244; x_wconf 10' lang='grc' dir='ltr'>,πρὸς</span> <span class='ocrx_word' id='word_1_840' title='bbox 3609 5161 3710 5231; x_wconf 78' lang='grc' dir='ltr'><strong>τὴν</strong></span> <span class='ocrx_word' id='word_1_841' title='bbox 3755 5164 3924 5244; x_wconf 74' lang='grc' dir='ltr'>ὑπερ-</span> 
     </span>
    </p>
   </div>
   <div class='ocr_carea' id='block_1_115' title="bbox 2279 5239 3923 5328">
    <p class='ocr_par' dir='ltr' id='par_1_115' title="bbox 2279 5239 3923 5328">
     <span class='ocr_line' id='line_1_115' title="bbox 2279 5239 3923 5328; baseline 0.011 -33"><span class='ocrx_word' id='word_1_842' title='bbox 2279 5239 2501 5315; x_wconf 84' lang='grc' dir='ltr'>κόσμιον</span> <span class='ocrx_word' id='word_1_843' title='bbox 2544 5241 2733 5328; x_wconf 39' lang='grc' dir='ltr'>ἐἰκόνα</span> <span class='ocrx_word' id='word_1_844' title='bbox 2798 5243 2885 5299; x_wconf 76' lang='grc' dir='ltr'><strong>καὶ</strong></span> <span class='ocrx_word' id='word_1_845' title='bbox 2930 5245 3162 5323; x_wconf 73' lang='grc' dir='ltr'>πεφυκὸς</span> <span class='ocrx_word' id='word_1_846' title='bbox 3222 5246 3310 5302; x_wconf 83' lang='grc' dir='ltr'><strong>καὶ</strong></span> <span class='ocrx_word' id='word_1_847' title='bbox 3367 5243 3669 5328; x_wconf 85' lang='grc' dir='ltr'>δυνάμενον,</span> <span class='ocrx_word' id='word_1_848' title='bbox 3716 5251 3807 5311; x_wconf 78' lang='grc' dir='ltr'><strong>διὰ</strong></span> <span class='ocrx_word' id='word_1_849' title='bbox 3857 5239 3923 5312; x_wconf 72' lang='grc' dir='ltr'><strong>τὸ</strong></span> 
     </span>
    </p>
   </div>
   <div class='ocr_carea' id='block_1_116' title="bbox 2280 5318 3923 5423">
    <p class='ocr_par' dir='ltr' id='par_1_116' title="bbox 2280 5318 3923 5423">
     <span class='ocr_line' id='line_1_116' title="bbox 2280 5318 3923 5423; baseline 0.01 -36"><span class='ocrx_word' id='word_1_850' title='bbox 2280 5333 2410 5423; x_wconf 65' lang='grc' dir='ltr'>προς</span> <span class='ocrx_word' id='word_1_851' title='bbox 2485 5318 2616 5423; x_wconf 73' lang='grc' dir='ltr'>ἰδίαν</span> <span class='ocrx_word' id='word_1_852' title='bbox 2711 5334 2852 5409; x_wconf 77' lang='grc' dir='ltr'>ἡμᾶς</span> <span class='ocrx_word' id='word_1_853' title='bbox 2951 5318 3372 5414; x_wconf 71' lang='grc' dir='ltr'>μεταρρυθμίζειν</span> <span class='ocrx_word' id='word_1_854' title='bbox 3475 5318 3774 5423; x_wconf 54' lang='grc' dir='ltr'>ἐμφέρειαν.</span> <span class='ocrx_word' id='word_1_855' title='bbox 3853 5350 3923 5404; x_wconf 83' lang='grc' dir='ltr'>Τὸ</span> 
     </span>
    </p>
   </div>
   <div class='ocr_carea' id='block_1_117' title="bbox 2281 5420 3921 5503">
    <p class='ocr_par' dir='ltr' id='par_1_117' title="bbox 2281 5420 3921 5503">
     <span class='ocr_line' id='line_1_117' title="bbox 2281 5420 3921 5503; baseline 0.008 -25"><span class='ocrx_word' id='word_1_856' title='bbox 2281 5421 2452 5478; x_wconf 88' lang='grc' dir='ltr'>τοίνυν</span> <span class='ocrx_word' id='word_1_857' title='bbox 2496 5420 2721 5503; x_wconf 86' lang='grc' dir='ltr'>συνέχον</span> <span class='ocrx_word' id='word_1_858' title='bbox 2775 5424 2848 5487; x_wconf 86' lang='grc' dir='ltr'>εἷς</span> <span class='ocrx_word' id='word_1_859' title='bbox 2893 5424 2954 5480; x_wconf 77' lang='grc' dir='ltr'><strong>τὸ</strong></span> <span class='ocrx_word' id='word_1_860' title='bbox 3006 5426 3064 5479; x_wconf 82' lang='grc' dir='ltr'><strong>εὗ</strong></span> <span class='ocrx_word' id='word_1_861' title='bbox 3130 5437 3267 5482; x_wconf 80' lang='grc' dir='ltr'>εῖναι</span> <span class='ocrx_word' id='word_1_862' title='bbox 3305 5428 3366 5484; x_wconf 82' lang='grc' dir='ltr'>τὸ</span> <span class='ocrx_word' id='word_1_863' title='bbox 3420 5420 3639 5498; x_wconf 79' lang='grc' dir='ltr'>ποιηθὲν</span> <span class='ocrx_word' id='word_1_864' title='bbox 3695 5436 3792 5491; x_wconf 75' lang='grc' dir='ltr'>καὶ</span> <span class='ocrx_word' id='word_1_865' title='bbox 3819 5457 3921 5493; x_wconf 66' lang='grc' dir='ltr'>καε-</span> 
     </span>
    </p>
   </div>
   <div class='ocr_carea' id='block_1_118' title="bbox 2284 5507 3921 5598">
    <p class='ocr_par' dir='ltr' id='par_1_118' title="bbox 2284 5507 3921 5598">
     <span class='ocr_line' id='line_1_118' title="bbox 2284 5507 3921 5598; baseline 0.002 -31"><span class='ocrx_word' id='word_1_866' title='bbox 2284 5507 2624 5569; x_wconf 74' lang='grc' dir='ltr'>τακαλλύνειν</span> <span class='ocrx_word' id='word_1_867' title='bbox 2682 5508 2816 5576; x_wconf 73' lang='grc' dir='ltr'>είόὸς</span> <span class='ocrx_word' id='word_1_868' title='bbox 2868 5511 3054 5592; x_wconf 79' lang='grc' dir='ltr'>σχέσει</span> <span class='ocrx_word' id='word_1_869' title='bbox 3106 5519 3175 5593; x_wconf 77' lang='grc' dir='ltr'><strong>τῇ</strong></span> <span class='ocrx_word' id='word_1_870' title='bbox 3240 5517 3394 5598; x_wconf 71' lang='grc' dir='ltr'>πρὸς,</span> <span class='ocrx_word' id='word_1_871' title='bbox 3454 5519 3602 5598; x_wconf 77' lang='grc' dir='ltr'>αὐτὸ,</span> <span class='ocrx_word' id='word_1_872' title='bbox 3675 5524 3762 5581; x_wconf 73' lang='grc' dir='ltr'>καὶ</span> <span class='ocrx_word' id='word_1_873' title='bbox 3805 5523 3921 5581; x_wconf 81' lang='grc' dir='ltr'>δια-</span> 
     </span>
    </p>
   </div>
  </div>
