4208 6296
301 296 406 359 689

1733 286 2194 353 EPIGRAPILE
2206 332 2222 351 .

3543 292 3665 358 690

308 440 525 511 μορφοῦν
580 434 640 489 τὸ
714 440 846 504 ζῶον
891 433 964 495 εἰς
1025 430 1283 506 ὁμοίωσιν
1355 435 1484 485 Θεοῦ
1528 422 1750 480 κατόπιν
1817 419 1926 476 ίένα

2031 435 2156 511 ram
2191 417 2574 511 rejiciemus;
2638 418 2734 511 vel
2763 419 3006 511 aequalis
3037 428 3262 511 natura:
3291 427 3350 486 et
3383 423 3676 489 consubs-

303 505 664 596 διακεισόμεθα
693 529 786 579 τοῦ
817 525 1170 597 Δημιουργοῦ,
1221 518 1308 573 καὶ
1366 513 1450 570 διὰ
1504 518 1602 580 τῆς
1663 513 1734 578 εἷς
1778 510 1929 590 ἔκφυ-

2029 505 2188 569 tialis
2211 524 2345 571 esse
2370 505 2644 597 dicentes
2673 508 2788 589 ipsi
2818 509 2976 590 quod
2992 509 3054 572 in
3076 509 3207 592 ipso
3231 512 3558 576 secundum
3574 531 3675 578 na-

306 611 385 667 λον
452 610 740 690 ἑτερότητα
795 595 1077 676 διακοπῆς.
1130 606 1428 680 διοικοῦμεν
1485 604 1643 660 αὐτοῦ
1695 602 1757 690 10
1825 597 1929 690 διαι

2030 603 2218 690 turam
2251 595 2795 690 perfectoopiticio
2818 597 3273 690 honorabimua,
3307 608 3365 663 et
3384 599 3672 683 integram

305 701 491 775 πρέπον
541 684 631 756 ’ἐν
703 697 995 767 τελειότητι
1081 703 1150 772 τῇ
1236 695 1442 768 ἑκάστῳ
1533 689 1929 770 πρεπωδεστάτας

2028 684 2467 775 quodammodo
2479 685 2565 775 illi
2589 686 2647 747 in
2664 687 2832 775 factis
2848 687 3171 752 etﬁcaciam
3185 689 3677 774 tribuemus,per-

304 773 409 852 τοῖς
437 787 562 868 παρ’
609 788 765 846 αὖτοῦ
817 789 1064 863 κτίσμασι
1123 784 1470 864 δωρούμενον,
1528 781 1564 850 ἢ
1623 779 1830 861 ίσοφυές
1883 798 1929 868 τι

2027 773 2238 868 fectam
2274 792 2384 868 per
2405 773 2985 868 FiliuminSpiritu.
3016 797 3046 868 ξ

302 880 378 934 καὶ
420 864 700 950 ὁμοούσιον
730 878 870 934 εἶναι
915 876 1160 953 λέγοντες
1188 873 1331 948 αὒτῷ
1361 874 1422 928 τὸ
1448 869 1500 937 ἐξ
1528 874 1686 930 αὐτοῦ
1725 891 1784 925 τε
1812 867 1900 924 καὶ
1927 866 1982 921 ἐν
2011 864 2174 938 αίῖιτῷ,
2221 865 2354 920 κατὰ
2384 865 2535 943 φύσιν
2589 864 2863 944 ὁλοκλήρῳ
2889 872 2955 942 τῇ
3010 865 3321 948 δημιουργίᾳ
3348 872 3669 952 τιμήσομεν,

301 966 700 1044 ὲκτετελεσμένῃ
731 964 798 1022 δι’
830 969 950 1022 Υἱοῦ
979 963 1033 1020 ἐν
1063 963 1352 1038 Πνεύματι.
1389 981 1419 1018 n

389 1064 427 1112 Ο
460 1055 630 1134 μέγας
687 1053 956 1117 Βασίλειος
1001 1053 1054 1109 ἐν
1112 1053 1184 1108 ἐνὶ
1239 1055 1345 1108 τῶν
1399 1047 1719 1130 κεφαλαίων,
1781 1046 1840 1103 οὗ
1897 1047 1931 1112 ἡ

293 1145 576 1225 ἐπιγραφὴ.
664 1170 686 1200 ο
721 1134 853 1202 υΟτι
924 1143 1032 1200 θεία
1089 1142 1238 1222 φύσις
1313 1141 1373 1196 τὸ
1427 1146 1662 1214 Πνεῦμα,
1701 1161 1729 1193 ι
1775 1137 1934 1215 φησίν

299 1265 318 1294 σ
362 1241 568 1309 Πνεῦμα
599 1234 699 1312 γὰρ
739 1239 846 1289 τῶν
895 1239 1049 1303 ζῶντι
1107 1231 1261 1310 Λόγῳ
1303 1227 1715 1306 συντεταγμένον
1759 1227 1832 1289 εἰς
1873 1225 1934 1280 τὸ

2094 1041 2336 1119 Magnus
2389 1041 2640 1103 Basilius
2697 1041 2758 1104 in
2807 1043 3128 1124 capite,cui
3176 1045 3412 1126 praeﬁxa
3432 1054 3521 1110 est
3547 1047 3673 1110 ins-

2015 1129 2540 1211 criptio,Spiritum
2575 1149 2704 1194 esse
2729 1130 2988 1194 divinam
3019 1141 3286 1197 naturam
3323 1153 3335 1198 :
3381 1135 3675 1219 «Spiritus

2023 1221 2181 1281 enim
2213 1219 2286 1280 ad
2331 1220 2652 1282 creandum
2684 1219 2816 1281 vivo
2848 1219 3046 1284 Verbo
3105 1223 3168 1284 in
3198 1223 3411 1290 eodem
3459 1226 3672 1289 ordine

293 1307 682 1401 δημιουργεῖν(
721 1325 866 1394 ζῶσα
913 1319 1153 1396 δύναμις,
1196 1307 1280 1375 κνὶ
1334 1321 1443 1375 θεία
1485 1318 1661 1398 φύσις,
1719 1314 1929 1393 ἄῤῥητοε

2025 1307 2372 1382 collocatur,
2409 1308 2534 1369 viva
2587 1308 2804 1383 virtus,
2837 1307 3037 1370 divina
3091 1317 3324 1388 natura,
3357 1311 3676 1377 ineffabilia

297 1411 344 1476 ἐξ
387 1396 611 1488 ἀρρήτου
644 1396 956 1486 Ὕστοματος.
1016 1421 1282 1488 πεφηνυτα
1354 1396 1616 1484 ἆρῤήτως,
1659 1405 1794 1460 κατὰ
1848 1403 1929 1470 τὴπ

2028 1396 2414 1488 θχΑῇηθΑΠαὺὶΙί
2444 1397 2870 1488 οιίοθχεξειθηε
2901 1397 3191 1488 ineﬂ‘abili
3240 1400 3442 1483 modo,
3477 1410 3535 1465 et
3562 1421 3672 1483 per

295 1500 584 1580 ἐμφύσησιν
615 1501 686 1562 εἷς
743 1500 834 1555 τὸν
889 1497 1161 1577 ἄνθρωπον
1219 1493 1619 1572 ἀπεσταλμένη,
1663 1495 1750 1550 καὶ
1805 1491 1939 1548 κατὰ

299 1589 380 1644 τὸν
439 1595 756 1663 σωματικῶς
801 1587 902 1644 ὑπὸ
943 1593 1036 1644 τοῦ
1105 1591 1330 1664 Χριστοῦ
1398 1581 1672 1664 δειχθέντα
1748 1582 1934 1657 τύπον,

2021 1485 2418 1548 sufﬂationem
2449 1485 2519 1547 ad
2548 1487 2850 1550 hominem
2883 1487 3153 1564 missa,et
3180 1490 3508 1552 secundum
3528 1493 3669 1572 ﬁgu-
3711 1505 3715 1508 ·

2020 1593 2147 1636 ram
2209 1575 2596 1656 corporaliter
2625 1594 2660 1637 a
2684 1574 2937 1640 Domino
2965 1577 3206 1652 tradita,
3255 1595 3464 1641 rursus
3490 1579 3565 1643 ab
3597 1599 3667 1643 eo

298 1680 431 1739 αὖθις
502 1677 592 1732 ὑπ’
664 1679 819 1734 αὐτοῦ
894 1674 946 1732 δι
1032 1663 1378 1755 ἐμφυσήσεως
1443 1671 1929 1746 ἀποκαθισταμένη,

2022 1682 2126 1744 per
2141 1663 2529 1755 sumationem
2549 1666 3290 1755 restitutam.Concurrere
3312 1669 3472 1731 enim
3495 1681 3670 1752 opor-

296 1766 608 1845 Συντρέχειν
637 1767 735 1845 γὰρ
778 1764 861 1821 δεῖ
890 1771 957 1842 τῇ
983 1761 1101 1822 κατ’
1147 1763 1323 1843 ἀρχὴν
1394 1762 1666 1828 καινότητι
1723 1760 1821 1828 τὴν
1854 1767 1938 1816 νῦν

293 1856 634 1914 ἁνακαίνισιν.
698 1857 796 1912 Καὶ
842 1855 937 1922 τὴν
1007 1851 1296 1932 συνδρομὴν
1380 1849 1723 1930 ἑξετύπωσεν,
1781 1849 1940 1930 ἐμφυ-

290 1945 478 2015 σήσας,
530 1945 632 2022 οὑχ
675 1943 850 2024 ἕτερος
891 1946 966 1999 ὦν
1023 1942 1165 2021 παρὰ
1205 1943 1296 1998 τὸν
1341 1937 1392 2006 ἐξ
1462 1939 1636 2018 ἀρχῆς
1694 1937 1938 2018 ἐμφυσή-

292 2055 472 2105 σαντα,
522 2032 640 2090 ἄλλ’
671 2035 825 2098 αὐτὸς
870 2031 938 2088 δι’
988 2035 1048 2088 οὗ
1099 2033 1227 2095 Θεὸς
1272 2029 1463 2087 δέδωκε
1492 2030 1590 2096 τήν
1621 2028 1934 2108 ἐμφύσησιν,

296 2123 409 2176 τότε
455 2124 550 2197 μὲν
584 2124 718 2197 μετὰ
741 2122 949 2202 ψυχῆς,
983 2129 1070 2180 νῦν
1113 2119 1167 2176 δέ
1198 2122 1270 2185 εἰς
1301 2119 1508 2199 ψυχήν,
1560 2139 1582 2175 ο

371 2298 427 2357 Ὀ
485 2300 637 2378 ἅγιος
683 2299 938 2380 Κύριλλος
991 2301 1045 2354 ἒν
1098 2305 1176 2374 τῷ
1221 2287 1272 2369 ζ’
1325 2301 1431 2354 τῶν
1501 2298 1633 2364 πρὸς
1691 2293 1936 2374 Ἑρμείαν

297 2393 451 2463 φησίν
488 2407 501 2419 ⁶
555 2407 577 2436 ι
615 2381 671 2447 Ὀ
696 2389 861 2446 τοίνυν
907 2385 1379 2463 ἀναπεπλασμένος
1435 2385 1522 2442 καὶ
1562 2387 1597 2453 ἡ
1652 2391 1744 2440 τοῦ
1801 2405 1934 2439 κατ-

288 2455 609 2558 εῷαρμένου
691 2475 994 2558 μεταδρομὴ
1079 2455 1236 2554 πρὸς⁷
1291 2472 1620 2552 καινουργίαν
1706 2493 1764 2528 τε
1849 2472 1936 2528 καὶ

287 2568 656 2647 ἀναμόρφωσιν
699 2565 847 2646 ἔργον
878 2566 941 2623 ἂν
995 2566 1200 2644 γένοιτο
1248 2565 1383 2621 κατά
1425 2585 1486 2642 γε
1527 2564 1588 2619 τὸ
1642 2562 1806 2634 εἰκὸς,
1850 2560 1937 2618 καὶ

287 2659 423 2730 αὖτῷ
452 2678 544 2731 μοι
572 2653 755 2714 δοκοῦν
797 2655 853 2710 εὗ
914 2655 1086 2734 ἔχειν,
1146 2659 1244 2720 τῆς
1301 2656 1464 2718 αὐτῆς
1509 2650 1711 2732 φύσεώς
1763 2671 1820 2706 τε
1849 2650 1935 2706 καὶ

287 2744 564 2823 ἐνεργείας,
589 2744 656 2810 ἧς
699 2744 762 2800 ἄν
801 2746 1042 2822 φαίνοιτο
1097 2745 1184 2800 καὶ
1226 2743 1287 2799 τὸ
1341 2745 1401 2797 ἓν
1459 2740 1662 2820 ἀρχαῖς
1705 2738 1934 2817 ἆποῤῥή-

285 2855 382 2897 τως
426 2833 877 2910 πλαστουργηθέν.
926 2856 954 2886 ι

2021 1760 2104 1814 tet
2133 1770 2265 1814 cum
2298 1751 2488 1832 prima
2518 1753 2794 1829 novitate,
2829 1762 3182 1835 praesentem
3221 1751 3663 1822 innovationem

2021 1851 2195 1924 atque
2213 1845 2949 1908 concursumJnformavit
2973 1847 3150 1926 igitur
3177 1867 3313 1910 cum
3345 1849 3659 1930 sufﬂasset,

2021 1951 2153 1993 cum
2206 1951 2325 1993 non
2376 1932 2531 1996 alius
2553 1940 2708 1995 esset
2731 1941 2906 2014 atque
2935 1934 3007 2008 is,
3045 1935 3147 2016 qui
3177 1955 3212 1998 a
3241 1935 3532 2018 principio
3563 1938 3660 2000 in-

2021 2020 2313 2094 sul'tlavit;
2348 2023 2451 2083 sed
2485 2023 2613 2102 ipse
2646 2040 2752 2102 per
2779 2041 2955 2104 quem
2986 2025 3150 2088 Deus
3197 2025 3662 2090 insumationem

2019 2109 2206 2190 dedit,
2240 2117 2377 2172 tunc
2407 2111 2644 2192 quidem
2675 2129 2808 2173 cum
2840 2111 3058 2189 anima,
3095 2130 3254 2175 nunc
3277 2131 3417 2176 vero
3445 2115 3519 2178 ad
3535 2115 3661 2177 ani-

2020 2217 2198 2262 mam.
2235 2228 2256 2258 ι

2099 2287 2354 2352 Sanctus
2383 2289 2632 2369 Cyrillus
2659 2289 2812 2353 libro
2841 2292 2877 2352 7
2911 2290 2986 2352 ad
3007 2289 3309 2354 Hermiam
3348 2313 3362 2356 :
3397 2314 3419 2345 ι
3447 2291 3663 2356 Refor-

2018 2376 2098 2438 tio
2123 2377 2321 2459 itaque
2367 2379 2568 2460 itaque
2600 2387 2658 2442 et
2690 2379 2952 2462 corrupti
3005 2379 3078 2442 ad
3125 2380 3572 2445 renovationem
3603 2391 3662 2444 et

2018 2467 2452 2529 restitutionem
2489 2468 2798 2548 pristinam
2832 2468 3163 2531 immutatio
3195 2488 3342 2552 opus
3366 2469 3565 2550 fuerit,
3596 2478 3662 2534 ut

2019 2573 2125 2634 par
2153 2564 2260 2630 est,
2287 2564 2345 2618 et
2377 2555 2522 2618 mihi
2549 2557 2608 2619 id
2656 2557 2876 2639 optime
2906 2557 3211 2638 probatur,
3249 2559 3516 2638 ejusdem
3546 2577 3656 2623 na-

2020 2651 2163 2706 turae
2193 2653 2252 2706 et
2279 2646 2554 2728 actionis,
2582 2665 2714 2728 quas
2735 2646 2807 2708 ab
2839 2645 3008 2709 initio
3055 2646 3441 2712 ineﬂ‘abiliter
3492 2665 3658 2712 crea-

2019 2729 2098 2791 tio
2132 2731 2330 2795 habita
2359 2742 2468 2796 est.
2509 2758 2530 2791 ι

364 2892 420 2980 ἕΟ
479 2892 676 2998 μέγας.
709 2892 1054 2992 κλθανάσιος,
1119 2921 1174 2976 ὲν
1245 2925 1314 2996 τῇ
1392 2921 1521 2996 πρὸς
1621 2917 1929 2997 Σεραπίωνα

2021 2995 2043 2998 ᾗ
2092 2910 2336 2990 Magnus
2377 2912 2732 2975 Athanasius
2755 2913 3006 2994 epistola
3035 2914 3108 2976 ad
3141 2914 3534 2997 Serapionem
3585 2917 3661 2980 de

288 3014 397 3088 περὶ
440 3018 532 3068 τοῦ
607 3010 755 3087 ἁγίου
832 3011 1131 3086 Πνεύματος
1196 3007 1473 3085 ἐπιστολῇ,
1519 3008 1586 3074 ἧς
1658 3007 1688 3074 θ’,
1759 3005 1926 3085 ἀρχὴ,

287 3123 314 3154 ι
342 3100 627 3179 Ἐνέτυχον
699 3101 786 3156 καὶ
852 3105 920 3176 τῇ
989 3106 1074 3154 νῦν
1143 3098 1401 3178 γραφείσῃ
1462 3093 1604 3174 παρᾶ
1671 3095 1768 3162 τῆς
1826 3099 1926 3161 σῆς

281 3187 548 3248 εὐλαϐείας
579 3186 856 3264 ἐπιστολῇ,
893 3211 921 3242 ι
983 3187 1148 3266 φησίη
1182 3205 1199 3222 ο
1255 3209 1276 3238 ι
1309 3183 1522 3260 Ἀμέλει
1578 3185 1671 3240 τοῦ
1723 3183 1924 3260 Πατρὶς

276 3277 579 3350 πέμποντος
614 3276 673 3332 τὸ
726 3282 937 3350 Πνεῦμα
981 3279 1008 3331 ὁ
1065 3278 1182 3340 Υἱὸς
1237 3274 1484 3354 ἔμφυσῶν
1541 3269 1744 3329 δίδωσιν
1802 3272 1926 3330 αὐτὸ

275 3379 390 3429 τοῖς
421 3369 690 3441 μαθηταῖς
728 3380 741 3395 ⁸
774 3362 956 3430 ἐπειδὴ
1003 3364 1174 3420 πάντα
1203 3361 1299 3418 ὅσα
1361 3361 1476 3440 ἔχει
1538 3363 1566 3417 ὁ
1607 3361 1790 3437 Πατὴρ
1831 3365 1924 3415 τοῦ

274 3457 391 3510 Υἷοῦ
421 3455 589 3517 ἐστιν,
627 3477 654 3508 ι

354 3535 411 3601 Ὃ
456 3544 606 3620 ἅγιος
651 3541 904 3621 Κύριλλος
939 3541 990 3598 ἐν
1041 3549 1113 3615 τῷ
1161 3539 1208 3596 δ’
1265 3547 1368 3596 τῶν
1429 3541 1560 3619 πρὸς
1618 3536 1866 3616 Ἐρμείαν
1907 3557 1918 3570 ·

280 3655 306 3684 α
344 3623 505 3707 ’Ἅμα
568 3653 626 3686 τε
681 3632 778 3709 γὰρ
847 3643 964 3694 τοῖς
1013 3639 1099 3688 τοῦ
1165 3636 1608 3709 τεχνουργοῦντος
1675 3626 1920 3706 ἀρῤητοις

278 3723 491 3796 νεύματι
545 3722 802 3799 παρήχθη
840 3720 969 3795 πρὸς
1033 3717 1246 3798 ὕπαρξιν
1304 3718 1577 3796 ἀνθρώπου
1631 3717 1782 3797 φύσις
1836 3719 1924 3774 καὶ

2013 2995 2232 3078 Spiritu
2263 3009 2500 3063 sancto:
2545 3023 2573 3062 ‹
2599 3004 2770 3066 Nunc
2799 3021 3015 3066 recens
3044 2995 3322 3084 scriptam
3352 3023 3387 3066 a
3409 3012 3509 3067 tua
3532 3004 3658 3086 pie-

2012 3096 2128 3149 tate
2159 3089 2494 3169 epistolam,
2523 3111 2544 3142 ι
2577 3093 2721 3155 dicit
2754 3110 2767 3154 :
2810 3092 3015 3156 «Patre
3043 3093 3314 3154 mittente
3343 3092 3653 3173 Spiritum,

2009 3176 2193 3238 Filius
2222 3177 2530 3241 insutﬂans
2561 3180 2736 3242 tradit
2764 3181 2930 3242 illum
2965 3180 3274 3259 discipulis
3324 3201 3338 3240 :
3373 3199 3507 3243 cum
3531 3200 3655 3243 om-

2008 3264 2104 3326 nia
2133 3285 2263 3346 quae
2295 3269 2472 3330 Pater
2496 3268 2695 3345 habet,
2728 3269 2864 3332 Filii
2892 3270 3032 3332 sint.
3069 3293 3089 3322 ι

2086 3442 2335 3524 Sanctus
2390 3443 2639 3526 Cyrillus
2683 3446 2835 3510 libro
2865 3451 2904 3510 4
2932 3448 3005 3512 ad
3066 3447 3393 3523 Hermiam,
3452 3447 3598 3512 dicit
3633 3469 3646 3508 :

2011 3557 2038 3590 σ
2063 3534 2210 3596 Nam
2238 3533 2416 3596 simul
2447 3547 2512 3598 ut
2543 3536 2946 3600 inefi‘abilibus
2975 3536 3205 3620 opiﬁcis
3229 3537 3473 3600 nutibus
3511 3555 3655 3618 pro-

2006 3621 2184 3684 ducta
2213 3623 2404 3685 est‘ad
2428 3625 2830 3689 exsistentiam
2859 3627 3126 3689 hnmnna
3155 3635 3367 3689 natura
3398 3633 3457 3688 et
3498 3646 3648 3708 qua-

2007 3710 2141 3772 dam
2164 3729 2297 3773 cum
2329 3712 2536 3792 spiritu
2567 3715 2914 3779 habitudine
2944 3723 3224 3779 exornata
3253 3725 3365 3789 est,
3402 3715 3653 3798 inspira-

271 3817 338 3885 τῇ
379 3811 510 3888 πρὸς
583 3811 644 3864 τὸ
699 3798 925 3883 Πνεῦμα
975 3808 1160 3887 σχέσει
1216 3805 1652 3868 κατεκαλλύνετο.
1713 3806 1923 3886 Ἐνεφύ-

2017 3798 2084 3888 vit
2105 3799 2265 3860 enim
2289 3801 2351 3862 in
2381 3801 2592 3865 faciem
2624 3804 2784 3866 illius
2811 3805 3097 3886 Spiritum
3131 3806 3279 3880 vitae,
3322 3803 3481 3886 quod
3531 3823 3651 3868 non

273 3920 403 3966 σησε
424 3887 533 3976 γὰρ
584 3900 655 3961 εἰς
717 3899 777 3952 τὸ
820 3896 1100 3976 πρόσωπον
1140 3899 1296 3954 αὐτοῦ
1359 3901 1573 3970 Πνεῦμα
1613 3901 1783 3969 ζωῆς,
1817 3898 1917 3974 οὐχ

2017 3887 2115 3948 ilio
2155 3907 2332 3969 quam
2376 3892 2436 3952 in
2457 3893 2677 3954 animal
2714 3895 2945 3974 opinor,
2978 3893 3137 3976 quod
3167 3894 3230 3956 in
3255 3893 3648 3957 sanctimonia

272 3987 486 4066 ἑτέρως,
536 3987 716 4061 οἶμαι,
763 3991 857 4041 τοῦ
886 3985 1042 4058 ζώου,
1087 3986 1148 4040 τὸ
1187 3985 1242 4041 ἐν
1272 3984 1518 4061 ἁγιασμῷ
1573 3987 1662 4041 καὶ
1719 3986 1916 4041 οἰκειό-

2017 3976 2485 4066 att'amiliaritate
2515 3999 2649 4043 cum
2679 3981 2804 4045 Deo
2829 3983 3052 4045 clarum
3077 3982 3358 4064 exspiret,
3385 3981 3500 4044 nisi
3517 4001 3651 4045 san-

264 4065 380 4146 τητι
414 4085 482 4156 τῇ
531 4080 662 4157 πρὸς
722 4079 852 4134 Θεὸν
907 4076 1151 4157 διαφανὲς
1208 4075 1413 4142 ἕξοντος
1470 4075 1552 4152 ἂν,
1615 4078 1658 4132 εἰ
1717 4078 1793 4152 μὴ
1848 4083 1916 4150 τῇ

2017 4065 2080 4157 _:_ti
2106 4067 2365 4157 Spiritus
2392 4070 2738 4133 honestetur
2765 4072 3101 4152 praesentia.
3151 4069 3384 4134 Etenim
3415 4072 3648 4153 quando

263 4171 353 4224 τοῦ
403 4155 583 4246 ἁγίου-
627 4168 930 4241 Πνεύματος
987 4165 1430 4224 κατακαλλύνοιτο
1471 4168 1746 4241 μετουσίᾳ.
1803 4167 1921 4224 Τοί-

2017 4155 2358 4246 Unigenitus
2385 4157 2573 4221 factns
2601 4168 2692 4222 est
2722 4161 3230 4237 homo,inventam
3259 4161 3520 4222 hominis
3547 4178 3646 4222 na-

270 4279 368 4335 γαρ
437 4245 520 4314 τοι
580 4257 666 4312 καὶ
723 4253 810 4311 ὅτε
867 4255 1108 4345 γέγονεν,
1157 4254 1424 4333 ἄνθρωπος
1482 4258 1511 4312 ὁ
1598 4255 1914 4345 μονογενὴς,

2017 4251 2194 4345 turam
2253 4245 2326 4308 ab
2373 4247 2731 4345 antiquis,_et
2787 4250 2994 4345 primis
3053 4249 3226 4345 bonis
3277 4248 3644 4345 destitutam,

268 4329 475 4424 ἐρήμην
505 4355 598 4404 τοῦ
627 4342 790 4401 πάλαι
847 4329 1032 4400 καὶ-ἒν
1091 4329 1289 4424 ἀρχαίς
1344 4345 1538 4423 ἀγαθοῦ
1564 4329 1664 4410 τὴν
1720 4329 1921 4422 ανθρώ-

2017 4330 2222 4424 lterum
2284 4351 2412 4424 eam
2471 4337 2544 4396 ad
2612 4329 2714 4398 illa
2783 4329 2984 4400 redire
3041 4337 3333 4417 urgebat,
3392 4336 3560 4418 quasi
3615 4355 3649 4399 a

273 4457 370 4490 που
427 4435 578 4514 φύσιν
622 4434 806 4507 εὑρὼν,
879 4432 1038 4489 πάλιν
1094 4433 1256 4500 αὐτὴν
1300 4434 1372 4496 είς
1415 4435 1591 4490 ὲκετνο
1635 4454 1920 4507 μεταστοι-

2017 4415 2165 4514 lente
2208 4421 2624 4514 plenitudinis
2684 4444 2804 4488 sua:
2865 4415 3214 4502 immittens,
3276 4433 3334 4486 et
3395 4415 3644 4501 dicens,

271 4508 452 4602 χειοῦν
482 4525 734 4601 ἠπείγετο
789 4524 1020 4600 καθάπερ
1076 4522 1182 4578 ἀπὸ
1239 4521 1420 4600 πηγῆς
1480 4528 1571 4578 τοῦ
1613 4519 1738 4577 ἰδίου
1780 4521 1922 4588 πλη-

2017 4530 2035 4562 ι
2080 4508 2346 4602 accipite
2399 4510 2684 4602 Spiritum
2738 4523 3005 4577 sanctum
3047 4516 3112 4565 58
3164 4532 3178 4577 :
3235 4513 3443 4595 sicque
3507 4530 3644 4602 car-

269 4591 512 4688 ρωματος
571 4591 724 4675 ἰνίείς
794 4633 850 4666 τε
920 4591 1008 4666 καί
1090 4609 1284 4689 λέγων,
1335 4591 1378 4659 ἀ
1437 4608 1635 4666 Λάϐετε
1708 4615 1920 4684 Πνεῦμα

2017 4595 2123 4689 nali
2153 4643 2168 4668 ,
2203 4607 2260 4660 et
2304 4601 2707 4666 manifestiore
2755 4604 2894 4665 ﬂatu
2933 4603 3190 4684 Spiritus
3236 4591 3504 4665 naturam
3533 4600 3643 4665 ad-

265 4685 414 4779 ego,
449 4720 463 4733 ·
515 4720 537 4749 ι
586 4707 663 4774 τῷ
706 4697 790 4755 διὰ
832 4702 1024 4777 σαρκὸς
1075 4685 1175 4755 καὶ-
1210 4697 1580 4777 ἐμφανεστέρῳ
1620 4700 1913 4778 φυσήματι,
2002 4685 2310 4750 umbratis.
2355 4715 2376 4745 ι

263 4793 359 4858 τὴν
388 4794 482 4848 τοῦ
512 4791 812 4864 Πνεύματος
841 4791 991 4870 φύσιν
1021 4789 1077 4845 εὗ
1122 4787 1266 4864 μάλα
1297 4793 1656 4868 σκιαγραφῶν.
1693 4811 1720 4843 ι

346 4875 402 4939 Ὀ
434 4881 590 4943 αὐτὸς
637 4879 691 4935 ἐν
757 4886 826 4954 τῇ
876 4876 1039 4951 ϐίϐλῳ
1090 4878 1194 4934 τῶν
1253 4879 1536 4956 Θησαυρῶν
1569 4892 1583 4906 ⁶
1646 4899 1671 4931 α
1703 4876 1908 4955 ’Ὥσπερ

266 4974 372 5049 οὖν,
433 4965 718 5045 ἓπειδήπερ
755 4968 907 5024 εἰκὼν
964 4966 1104 5022 ἐστιν
1161 4963 1513 5044 ἀκριϐεστάτη
1557 4971 1646 5021 τοῦ
1706 4967 1909 5044 Πατρὸς

263 5061 289 5115 ὁ
321 5061 459 5133 Υἱὸς,
520 5061 548 5113 ὁ
619 5055 894 5132 δεξάμενος
949 5058 1104 5112 αὐτὸν
1174 5056 1263 5112 καί
1314 5057 1404 5112 τὸν
1479 5053 1688 5131 Πατέρα
1739 5053 1856 5134 ἕχει
1890 5071 1907 5088 ⁹

2077 4870 2238 4934 [dem
2293 4871 2354 4933 in
2405 4871 2559 4934 libro
2614 4875 3050 4936 Thesaurorum
3109 4893 3122 4933 :
3176 4871 3638 4945 cQuemadmo-

1992 4961 2132 5022 dum
2163 4961 2362 5041 itaque
2397 4981 2532 5024 cum
2567 4962 2646 5024 sit
2691 4962 2888 5026 Patris
2931 4961 3398 5043 exquisitissima
3447 4961 3641 5041 imago

1992 5050 2210 5123 Filius,
2257 5050 2358 5131 qui
2417 5049 2611 5130 ipsum
2659 5051 2911 5131 accipit,
2968 5069 3084 5114 una
3112 5049 3288 5112 simul
3317 5057 3378 5113 et
3404 5051 3638 5114 Patrem

263 5149 422 5214 οὕτως
463 5149 550 5204 ἐπὶ
577 5149 639 5202 τὸ
695 5144 813 5202 ἴσον
871 5151 1062 5224 σχῆμα
1117 5151 1213 5212 τῆς
1255 5143 1534 5224 ἀναλογίας
1591 5145 1907 5225 τρεχούσης,

2017 5139 2172 5200 labet
2231 5156 2242 5200 :
2307 5139 2433 5219 pari
2480 5139 2655 5202 modo
2718 5139 3078 5220 procedente
3159 5138 3428 5221 analogia
3459 5187 3478 5216 ,
3536 5138 3644 5220 qui

271 5239 297 5292 ὁ
325 5234 602 5310 δεξάμενος
652 5240 745 5291 τοῦ
798 5237 918 5292 Υἱοῦ
970 5234 1068 5300 τὴν
1127 5233 1324 5308 εἰκόνα,
1371 5234 1604 5291 τουτέστι
1661 5235 1723 5289 τὸ
1779 5238 1913 5288 Πνεῦ

2017 5228 2125 5288 ³51Ῑί
2201 5227 2558 5309 imaginem,
2637 5229 2925 5309 Spiritum
2993 5245 3256 5312 nempe,
3344 5227 3638 5310 suscipit.

399 5324 423 5346 N
624 5323 635 5342 Ι
889 5325 902 5344 9
949 5326 975 5336 δ’
1097 5323 1110 5340 \
1229 5331 1246 5344 ς
1271 5323 1285 5342 κ
1545 5323 1557 5339 \
1814 5323 1828 5344 ’
1879 5328 1905 5338 ηρ

271 5349 362 5405 μα,
401 5346 516 5405 εχει
565 5345 776 5386 παντως
847 5343 1008 5390 αυτης
1063 5343 1154 5378 τον
1207 5324 1327 5378 ὶὶον
1384 5324 1470 5379 καὶ
1511 5345 1601 5379 τον
1659 5325 1714 5378 εν
1774 5343 1915 5395 αυτῳ

2017 5315 2174 5378 labet
2221 5333 2462 5397 prorsus
2519 5335 2625 5397 per
2687 5316 2850 5380 illum
2903 5316 3156 5398 Filium,
3212 5325 3269 5380 et
3326 5319 3384 5380 in
3440 5316 3639 5400 seipso

268 5414 494 5492 Πατέρα.
533 5435 556 5465 ι

2017 5405 2249 5467 )atrem.
2290 5430 2316 5461 ι)

341 5578 404 5628 53
433 5577 599 5640 Joan.
636 5591 741 5653 xx,
770 5575 872 5642 22.
