4210 6292
515 277 625 344 691

601 417 1025 502 Metrophanes
1079 421 1455 502 metropolita
1483 424 1818 500 Smyrnaeus
1846 417 1906 480 in
1939 414 2172 497 exposi-
2192 438 2232 473 Α

528 505 698 568 tione
753 527 929 589 quam
987 510 1090 573 ille
1133 511 1194 572 in
1255 510 1498 574 Joannis
1551 509 1804 589 primam
1858 504 2178 587 Epistolam

530 595 883 660 catholicam
916 599 1318 678 concinnavit,
1351 599 1478 659 haec
1507 595 1808 676 ipsissima
1836 593 2014 655 verba
2034 609 2178 653 con-

529 681 678 744 tinet
710 704 723 744 :
766 709 788 741 α
826 685 892 746 In
924 688 1038 748 hoc
1069 687 1514 766 cognoscimus,
1548 704 1657 746 nos
1687 685 1748 745 in
1779 684 1909 765 ipso
1968 697 2178 743 mane-

529 789 619 846 re,
668 780 726 833 et
769 773 962 854 ipsum
998 776 1060 837 in
1092 776 1289 850 nobis,
1327 775 1482 856 quod
1525 793 1593 836 ex
1643 772 1860 854 Spiritu
1890 789 1995 832 suo
2023 767 2185 831 dedit

528 858 726 920 nobis.
778 864 1130 926 Constabilit
1181 865 1279 926 hic
1331 863 1655 926 divinitatis
1711 861 2065 943 principem,
2115 874 2185 918 ac

527 947 761 1010 beatam
809 951 1087 1017 Triadem
1125 954 1187 1015 in
1239 972 1372 1016 sese
1399 957 1624 1028 {mutuo
1659 949 2000 1012 naturaliter
2029 965 2176 1008 con-

530 1039 686 1100 necti
717 1058 786 1100 ac
818 1044 1144 1118 cohaerere,
1169 1051 1228 1104 et
1259 1042 1331 1104 ad
1365 1042 1620 1123 aliquam
1644 1039 1819 1101 unius
1851 1035 2179 1118 hypostasis

537 1144 807 1203 accessu,
841 1139 900 1192 et
932 1131 1361 1193 inhabitatione
1391 1139 1450 1193 et
1478 1130 1728 1191 aliorum
1758 1128 2010 1190 duorum
2043 1145 2182 1188 con-

540 1222 778 1278 ventum
807 1238 1283 1300 concursumque
1304 1219 1817 1301 propterdivinam
1844 1224 1901 1277 et
1932 1215 2178 1296 primam

540 1307 1144 1385 supersubstantialis,
1181 1322 1240 1370 et
1269 1327 1368 1370 res
1407 1308 1607 1370 omnia
1636 1306 1972 1388 superantis
2004 1312 2179 1364 natu-

529 1407 612 1452 rae
641 1394 1105 1474 simplicitatem,
1141 1415 1372 1459 necnon
1420 1405 1663 1478 propter
1703 1393 2090 1476 operationis,
2124 1401 2181 1453 et

530 1479 791 1565 virtutis,
819 1493 877 1546 et
905 1487 1219 1548 voluntatis
1249 1506 1431 1548 unum
1463 1495 1521 1546 et
1553 1486 1764 1547 solum.
1802 1483 1899 1546 Sic
1928 1483 2086 1544 enim
2124 1489 2182 1543 et

532 1569 750 1633 Paulus
800 1590 1048 1654 magnus
1103 1575 1407 1656 apostolus
1445 1574 1728 1648 insinuat,
1783 1598 1808 1628 ι
1870 1571 1987 1633 Vos
2039 1570 2182 1632 estis

535 1658 822 1738 templum
851 1663 983 1738 Dei,
1019 1672 1076 1724 et
1106 1663 1390 1744 Spiritum
1421 1662 1527 1724 Dei
1551 1663 1612 1724 in
1635 1661 1798 1723 vobis
1819 1660 2041 1722 habitat
2057 1659 2173 1731 59,-

536 1747 702 1825 quasi
732 1748 979 1826 diceret,
1037 1751 1293 1833 Spiritus
1351 1751 1782 1814 inhabitatione
1815 1758 1872 1811 et
1907 1749 2094 1810 Deum
2127 1755 2184 1809 et

535 1821 768 1898 Patrem
802 1846 860 1899 et
887 1821 1252 1920 unigenitum
1281 1841 1494 1903 Filium
1525 1859 1660 1902 cum
1681 1839 1844 1920 pttris
1873 1835 2182 1899 animabus
2205 1821 2244 1869 Β

537 1941 931 1990 consuescere
959 1937 1020 1991 et
1048 1930 1408 1992 cohabitare.

1061 2111 1486 2177 EPIGBAPHE
1529 2112 1628 2176 1X.

623 2202 715 2264 Ad
746 2202 1272 2269 demonstrandum
1305 2205 1589 2286 Spiritum
1612 2211 1882 2266 sanctum
1912 2222 1980 2264 ex
2012 2202 2183 2264 Patre

541 2300 600 2356 ct
628 2293 778 2356 Filio
814 2313 967 2371 esse,
1023 2297 1272 2359 collecta
1321 2305 1457 2358 sunt
1488 2297 1611 2358 haec
1641 2297 1862 2376 scripto
1913 2293 2186 2355 mandata

543 2386 879 2447 testimonia
901 2405 1032 2466 quae
1061 2386 1324 2448 inferunt
1350 2387 1514 2449 illum
1548 2405 1679 2447 esse
1697 2385 1971 2447 essentia:
2000 2382 2188 2444 Patris

553 2478 610 2532 ct
638 2472 773 2534 Filii
797 2475 1160 2554 qualitatem,
1196 2493 1427 2538 necnon
1461 2475 1724 2545 odorem,
1763 2476 1986 2553 ﬂatum,
2030 2471 2185 2533 hali-

547 2566 692 2624 tum.
715 2560 904 2643 Prope
937 2582 1074 2625 vero
1109 2563 1233 2626 haec
1263 2564 1470 2626 eadem
1503 2563 1838 2625 testimonia
1865 2562 2190 2623 adnectun-

548 2649 800 2731 turalia,
834 2652 894 2712 in
925 2652 1197 2714 eamdem
1249 2651 1604 2714 sententiam
1636 2651 1950 2713 admodum
1979 2650 2187 2712 confe-

549 2737 766 2817 rentia,
791 2759 922 2820 quae
953 2757 1003 2801 et
1039 2741 1272 2804 Patrem
1308 2742 1528 2803 fontem
1563 2740 1838 2822 Spiritus,
1876 2750 1933 2801 et
1976 2738 2189 2800 Filium

548 2825 686 2886 item
719 2828 937 2890 fontem
969 2831 1228 2911 Spiritus
1260 2849 1392 2892 esse
1423 2832 1772 2892 decernunt.
1821 2828 2106 2891 Similiter
2136 2836 2193 2888 et

549 2913 620 2974 ab
669 2916 800 2978 aliis
853 2919 1089 3002 scriptis
1133 2919 1488 2980 testimoniis
1539 2918 1936 2980 indicantibus
1983 2924 2044 2980 et
2088 2916 2190 2978 Fi-

1617 287 1827 350 JOAN.
1879 283 2096 348 VECGI
2139 284 2250 346 GP.

2299 285 2529 347 PATRI
2541 285 2812 349 ARCHE
3784 278 3896 343 692

2334 416 2423 476 Ἐν
2484 418 2630 498 μέρει
2677 424 2777 486 τῆς
2827 418 3134 496 ὶξηγήσεως
3176 425 3274 486 τῆς
3324 415 3561 476 Ἰωάννου
3616 412 3900 478 καθολικῆς

2263 510 2476 590 πρώτης
2558 508 2894 584 Ἐπιστολῆς,
2953 510 3017 577 ἢν
3074 524 3308 567 ποιεῖται
3396 508 3752 587 Μητροφᾶνης
3821 525 3900 566 τις

2263 598 2658 677 μητροπολίτης
2716 599 2982 678 Σμύρνης,
3041 611 3217 654 κεῖται
3261 597 3408 676 ῥῆσις
3454 595 3655 676 ἔχουσα
3683 593 3849 657 οὕτως
3887 610 3898 621 ·

2266 711 2290 744 ι
2319 683 2412 745 Ἐν
2469 688 2636 760 τούτῳ
2688 688 3016 766 γινώσκομεν
3076 685 3156 743 ὅτι
3214 687 3266 743 ἐν
3332 687 3474 761 αῦτῴ
3521 685 3747 760 μένομεν
3818 682 3905 737 καὶ

2306 779 2319 799 ι
2451 776 2464 796 ι
2539 778 2551 797 ι
2739 775 2782 808 o_
2865 777 2878 798 ν
3026 785 3046 794 ..
3211 777 3222 796 ι
3489 777 3503 798 ν
3578 776 3601 787 ν
3689 771 3736 790 νυ
3855 793 3872 802 _

2267 778 2416 841 αυτὸς
2448 799 2501 832 εν
2531 792 2687 852 ημῖν,
2723 777 2802 832 δ.ι
2861 799 2920 832 εκ
2961 800 3050 833 του
3093 783 3393 850 Πνευματος
3449 797 3604 832 αυτου
3684 769 3906 828 οεὸωκιν

2264 868 2417 940 ἡμῖν.
2493 866 2812 943 Παρίστησιν
2897 865 3127 924 ἐντεῦθεν
3211 867 3282 927 ὡς
3359 867 3393 932 ἡ
3477 863 3741 942 θεαρχικὴ
3820 860 3907 913 καὶ

2261 955 2489 1033 μακαρία
2551 955 2704 1032 Τριάς
2787 953 3149 1034 ἀλληλουχίας
3231 953 3415 1034 ἔχεται
3500 955 3629 1031 πρὸς

2261 1049 2514 1124 φυσικῆς,
2560 1043 2650 1100 καί
2689 1049 2758 1120 τῇ
2808 1045 2936 1123 πρὸς
2995 1065 3109 1099 τινα
3167 1046 3543 1122 προσφοιτῆσει
3595 1043 3682 1098 καὶ
3738 1060 3906 1095 κατα-

2262 1132 2522 1199 σκηνώσει
2579 1137 2676 1198 τῆς
2745 1138 2870 1208 μιᾶς
2925 1132 3288 1205 ὑποστάσεως,
3376 1133 3462 1188 καὶ
3556 1138 3660 1186 τῶν
3735 1127 3907 1183 ἄλλων

2263 1221 2422 1300 ἄμφω
2505 1226 2980 1298 συγκαταφοίτησις
3067 1221 3293 1299 γίνεσθαι
3370 1220 3567 1298 πέφυκε
3634 1217 3718 1275 Ριᾶ
3812 1218 3909 1282 τὴν

2260 1312 2402 1366 θεία-ι
2469 1312 2556 1366 καὶ
2613 1309 2828 1388 πρώτην
2911 1309 3188 1376 ἁπλότητα
3281 1315 3379 1377 τῆς
3462 1309 3767 1386 ὕπερουσίου
3823 1308 3911 1361 καὶ

2262 1399 2472 1454 πάντων
2529 1397 2770 1454 ἐπέκεινα
2800 1399 3026 1479 φύσεως,
3059 1402 3146 1455 καὶ
3195 1398 3372 1474 μέντοι
3425 1401 3513 1456 καὶ
3561 1397 3643 1453 διὰ
3701 1398 3761 1451 τὸ
3813 1395 3911 1461 τῆς

2262 1487 2504 1566 ἐργασίας
2563 1489 2650 1542 καὶ
2717 1485 2987 1560 δυιάμεως
3041 1489 3129 1544 καὶ
3185 1487 3488 1564 βουλήσεως
3569 1487 3740 1542 ἑνικὸν
3826 1486 3912 1539 καὶ

2264 1574 2567 1651 μοναδικόν,
2629 1575 2780 1633 Οὕτω
2838 1577 2936 1654 γὰρ
2993 1579 3081 1632 καὶ
3147 1575 3350 1640 Παῦλός
3417 1598 3575 1656 φησιν
3633 1578 3660 1632 ὁ
3743 1573 3908 1651 μέγας

2264 1663 2555 1726 ἀπόστολος
2590 1682 2606 1700 ⁶
2647 1687 2672 1718 ι
2711 1655 2893 1738 Ὑμεῖς
2922 1666 3046 1727 ναίρς
3096 1672 3226 1721 Θεοῦ
3282 1665 3422 1744 ἐστε,
3481 1667 3567 1721 καὶ
3609 1666 3668 1720 τὸ
3701 1670 3913 1736 Πνεῦμα

3717 949 3905 1014 ἑαυτὴν

2265 1767 2356 1816 τοῦ
2397 1765 2528 1813 Θεοῦ
2557 1759 2694 1812 οἰκεῖ
2724 1760 2778 1812 ἓν
2821 1758 2972 1832 ὑμῖν,
3033 1761 3105 1822 ὡς
3149 1764 3216 1834 τῇ
3263 1766 3355 1813 τοῦ
3410 1759 3709 1832 Πνεῦματος
3768 1759 3911 1810 ενοι-

2266 1848 2415 1916 κήσει
2459 1850 2545 1902 καὶ
2607 1852 2701 1902 τοῦ
2740 1852 2872 1901 Θεοῦ
2930 1848 3017 1902 καὶ
3077 1849 3277 1926 Πατρός
3349 1845 3614 1922 δηλονότι,
3677 1849 3765 1902 καὶ
3824 1846 3917 1900 τοῦ

2263 1945 2573 2013 μονογενοῦς
2629 1937 2748 1991 Υἱοῦ
2817 1949 2940 1998 ταῖς
2996 1939 3252 2014 καθαραῖς
3315 1938 3525 2015 ψυχαῖς
3598 1935 3914 2014 ἐμφιλοχω-

2264 2031 2474 2105 ροῦντος
2505 2025 2592 2080 καὶ
2635 2023 3017 2086 συνοικοῦντος.
3060 2047 3082 2078 ιι
3293 2103 3303 2119 ¹

2860 2119 3194 2170 ΕΠΙΓΡΑΦΗ
3240 2122 3278 2168 Θ
3309 2160 3321 2174 .

2350 2205 2433 2265 Εἰς
2473 2199 2732 2266 ἀπόδειξιν
2791 2211 2883 2259 τοῦ
2939 2205 3078 2256 εἶναι
3123 2203 3182 2256 τὸ
3242 2208 3474 2282 Πνεῦμα,
3534 2208 3593 2259 τὸ
3661 2206 3813 2280 ἅγιον
3860 2204 3921 2258 ἐκ

2268 2293 2470 2370 Πατρὸς
2499 2292 2586 2346 καὶ
2645 2293 2761 2346 Υἱοῦ
2813 2288 3164 2366 συνελέγησαν
3215 2292 3301 2346 καὶ
3358 2294 3405 2348 αἱ
3465 2296 3718 2372 παροῦσαι
3779 2315 3916 2371 γρα-

2267 2382 2412 2460 φικαὶ
2485 2381 2727 2458 χρήσεις,
2811 2381 2860 2433 αἱ
2917 2376 3167 2445 δηλοῦσαι
3244 2380 3386 2435 εἶναι
3457 2384 3582 2440 αὐτὸ
3653 2384 3920 2448 ποιότητι

2269 2474 2363 2534 τῆς
2415 2475 2506 2524 τοῦ
2565 2469 2764 2545 Πατρὸς
2836 2469 2921 2521 καὶ
2981 2469 3100 2523 ι’ἰοῦ
3160 2467 3357 2542 οὔσίας,
3433 2468 3504 2524 ἔτι
3565 2469 3615 2525 δὲ
3675 2469 3918 2542 εὗωόἐαν,

2271 2557 2461 2636 πνοὴν,
2515 2557 2601 2613 καὶ
2644 2557 2838 2630 ὀσμήν,
2873 2553 3064 2635 Ἐγγὺς
3108 2553 3162 2611 δὲ
3218 2563 3322 2612 τῶν
3363 2560 3611 2614 τοιούτων
3670 2562 3924 2638 χρήσεων

2272 2647 2441 2725 ἕτεραι
2511 2646 3022 2723 καταστρωννύονται
3116 2647 3359 2725 χρήσεις,
3447 2649 3516 2712 εἰς
3603 2649 3699 2716 τὴν
3758 2651 3923 2716 αὖῖὴν

2273 2733 2662 2810 συμϐάλλουσαι
2709 2734 2933 2813 ἔννοιαν,
3000 2734 3199 2798 αἵτινες
3255 2737 3341 2791 καὶ
3406 2740 3495 2792 τὸν
3547 2738 3748 2815 Πατέρα
3805 2763 3925 2804 πη·-

2273 2826 2373 2902 γὴν
2402 2831 2492 2880 τοῦ
2539 2824 2860 2901 Πνεύματος,
2917 2824 3003 2879 καὶ
3055 2825 3144 2880 τὸν
3204 2826 3323 2880 Υἱὸν
3377 2827 3558 2902 πηγὴν
3615 2826 3925 2904 θεολογοῦσι

2272 2916 2365 2968 τοῦ
2398 2913 2696 2987 Πνεύματος
2735 2930 2747 2944 ⁸
2809 2903 3034 2986 εΟμοίως
3091 2910 3146 2967 δὲ
3187 2915 3272 2968 καὶ
3315 2912 3366 2978 ἐξ
3424 2911 3597 2969 ἄλλων
3653 2924 3929 2995 γραφικῶν

548 3002 692 3064 lium
723 3024 756 3066 a
787 3004 958 3069 Patre
982 2998 1154 3069 'mitti
1214 3018 1270 3069 et
1316 3007 1600 3089 Spiritum
1633 3027 1666 3068 a
1709 3007 1851 3081 Deo,
1888 3009 2000 3067 hoc
2031 3006 2190 3068 idem

2276 3002 2524 3079 χρήσεων
2553 2998 2820 3066 δηλουσών
2864 3001 2950 3056 καὶ
3000 3003 3092 3056 τὸν
3136 3003 3251 3058 Υἱὸν
3311 3002 3723 3060 ἀποστέλλεσθαι
3784 3008 3930 3081 παρὰ

548 3091 765 3172 colligi.

629 3275 879 3338 Sanctus
912 3277 1160 3359 Cyrillus
1193 3280 1249 3340 in
1286 3280 1438 3341 libro
1479 3281 1918 3341 'l‘hesaurorum
1964 3275 2144 3339 habet
2177 3295 2188 3334 :

555 3386 579 3421 ι
616 3363 780 3436 Quod
807 3366 856 3426 si
883 3385 1024 3429 vere
1043 3378 1200 3430 esset
1233 3368 1454 3431 factura
1480 3379 1537 3432 et
1561 3376 1832 3430 creatura
1864 3366 2194 3427 secundum

549 3453 721 3515 aliter
752 3455 1137 3518 sentientium
1169 3458 1465 3519 vesaniam
1483 3457 1740 3536 Spiritus
1764 3465 2198 3535 sanctus,_quo-

550 3543 728 3603 modo
758 3543 1095 3605 universam
1127 3545 1232 3608 Dei
1284 3546 1606 3608 efﬁcaciam
1653 3545 1959 3626 possidet?
1991 3542 2196 3623 Neque

547 3631 705 3692 enim
738 3649 875 3693 reor
924 3652 1280 3714 quemquam
1317 3654 1385 3697 eo
1431 3635 1694 3696 audaciae
1751 3650 2190 3714 processurum,

548 3726 612 3780 ut
637 3719 728 3780 vel
759 3721 885 3781 solo
919 3721 1076 3783 dicto
1126 3723 1184 3784 id
1238 3725 1452 3785 audeat
1482 3741 1756 3784 asserere
1802 3721 2061 3782 divinam
2094 3740 2191 3782 es-

549 3808 797 3870 sentiam
829 3808 1244 3872 instrumentis
1269 3812 1623 3892 quibusdam
1665 3812 1738 3872 ab
1781 3819 2001 3872 aeterno
2030 3827 2197 3871 creao

550 3896 643 3971 tis,
673 3896 1036 3978 adscitisque
1097 3899 1180 3960 uti
1237 3901 1310 3962 ad
1342 3900 1750 3981 oporationem
1809 3919 1939 3979 quae
1969 3917 2038 3960 ex
2071 3899 2200 3979 ipsa

549 3985 894 4047 naturaliter
916 3987 1124 4048 transit
1151 3989 1222 4050 ad
1259 3988 1491 4070 eos,qui
1523 4007 1649 4049 eam
1683 3989 1988 4068 suscipere
2036 3986 2200 4065 digni

550 4082 714 4134 sunt.
745 4077 892 4138 Cum
925 4075 1127 4156 itaque
1160 4087 1368 4138 natura
1398 4096 1504 4139 sua
1554 4076 1735 4138 Filius
1764 4077 1879 4137 vita
1927 4076 2024 4152 sit,
2057 4076 2201 4136 vivi-

550 4161 689 4224 ﬁcet
720 4181 854 4225 vero
886 4163 1143 4246 Spiritus
1198 4167 1271 4229 ab
1319 4167 1450 4248 ipso
1508 4168 1936 4248 suppeditatus,
1983 4183 2200 4227 neces—

547 4253 703 4313 sario
762 4264 1046 4334 sequetur
1105 4256 1298 4336 ipsum
1356 4274 1426 4318 ex
1494 4255 1749 4317 essentia
1801 4274 1931 4317 esse
1982 4253 2117 4318 Filii
2146 4262 2203 4314 et

549 4338 678 4416 Dei,
705 4341 1040 4405 universam
1073 4345 1231 4406 illius
1273 4345 1545 4406 virtutem
1597 4353 1655 4406 et
1684 4344 2008 4406 elﬁcaciam
2062 4361 2194 4423 pos-

547 4428 840 4493 sidentem
905 4454 918 4495 :
971 4434 1472 4514 quemadmodum
1541 4435 1587 4494 si
1648 4451 1719 4494 ex
1780 4452 1930 4514 aqua
1979 4433 2192 4494 humor

545 4520 835 4595 ascendit,
896 4529 955 4582 et
1000 4541 1106 4583 sua
1152 4523 1496 4604 operatione
1527 4521 1597 4583 ad
1632 4541 1779 4602 quos
1829 4521 2187 4602 pervenerit,

549 4625 863 4692 recreans,
929 4610 1131 4693 illius,
1200 4612 1300 4694 qui
1376 4611 1540 4673 illum
1595 4610 1850 4690 emittit,
1927 4616 2190 4672 naturam

549 4697 791 4761 indicat.
831 4722 853 4754 ι

627 4785 789 4850 Idem
823 4789 886 4851 in
917 4790 1069 4853 libro
1114 4792 1320 4872 quinto
1353 4793 1424 4854 ad
1449 4791 1753 4854 Hermiam
1786 4788 1931 4850 dicit
1959 4807 1972 4852 :
2009 4788 2196 4871 Spiri—

2218 4413 2259 4462 D

2276 3096 2368 3148 τοὺ
2396 3091 2623 3168 Πατρὸς,
2655 3089 2830 3144 καὶτὸ
2885 3095 3093 3162 Πνεῦμα
3151 3091 3289 3168 παρὰ
3330 3099 3422 3146 τοῦ
3491 3101 3640 3171 Θεοῦ,
3687 3095 3744 3149 τὸ
3804 3099 3935 3153 αὖτό

2277 3186 2430 3241 τοῦτο
2456 3184 2785 3260 συνάγεσθαι.

2364 3265 2420 3329 ὀ
2477 3272 2624 3350 ἅγιος
2686 3269 2936 3349 Κύριλλος
2997 3273 3052 3326 ἐν
3108 3279 3174 3349 τῇ
3223 3272 3387 3349 βίϐλῳ
3431 3284 3506 3350 τῷ
3585 3286 3874 3357 Θησαυρῶν
3916 3297 3928 3308 “

2288 3386 2310 3417 ιι
2354 3360 2502 3418 Ἀλλ’
2565 3359 2716 3438 εἴπερ
2772 3359 2836 3426 ἦν
2919 3358 3082 3422 ὄντως
3138 3362 3346 3437 ποίημα
3389 3368 3476 3421 καὶ
3546 3368 3735 3441 κτίσμα
3791 3371 3936 3424 κατά

2279 3455 2376 3518 τὴν
2446 3455 2550 3506 τῶν
2607 3446 2913 3517 ἑτεροδόξων
2971 3451 3161 3523 μανιαν
3222 3453 3279 3506 τὸ
3381 3459 3588 3527 Πνεῦμα
3653 3459 3706 3511 τὸ
3749 3459 3935 3535 ἅγιον,

2279 3541 2391 3602 πῶς
2421 3537 2552 3602 ὅλην
2580 3535 2694 3616 ἔχει
2735 3543 2826 3591 τοό
2883 3537 3014 3592 Θεοῦ
3063 3537 3162 3603 τὴν
3220 3538 3527 3622 ἐνέργειαν;
3593 3548 3664 3602 Οὔ
3721 3547 3820 3622 γὰρ
3864 3544 3936 3612 δή

2279 3649 2356 3690 τις
2386 3633 2657 3704 τοσοῦτον,
2717 3625 2896 3704 οἶμαι,
2960 3625 3111 3682 τοῦτο
3154 3643 3365 3706 φρονεῖν
3426 3631 3589 3707 ὀρθῶς
3622 3632 3934 3707 ἐκϐήσεται,

2279 3718 2350 3779 ὡς
2383 3714 2647 3788 τολμῆσαι
2696 3714 2783 3767 καὶ
2854 3715 3015 3787 μόνον
3069 3715 3242 3771 εἰπεῖν
3301 3719 3396 3784 τὴν
3451 3719 3591 3775 θείαν
3656 3723 3831 3779 οὖσίαν
3864 3723 3942 3778 δι’

2280 3805 2514 3883 ὀργάνων
2582 3807 2738 3857 τινῶν
2795 3801 2980 3866 ἔξωθεν
3049 3804 3120 3866 εἷς
3165 3806 3225 3859 τὸ
3300 3807 3442 3862 εἶναι
3501 3811 3941 3890 παρενεγοέντων

2281 3893 2634 3950 διακονεῖσθαι
2675 3893 2804 3969 πρὸς
2877 3891 3138 3970 ἐνέργειαν
3203 3896 3303 3960 τὴν
3366 3896 3420 3962 ἓξ
3487 3900 3644 3965 αὐτῆς
3703 3910 3941 3979 φυσικῶς

2282 3981 2643 4039 διαϐαίνουσαν
2700 3980 2828 4060 πρός
2913 4003 3055 4044 τινας
3113 3989 3216 4038 τῶν
3306 3984 3615 4054 ἐπιτηδείων
3685 3995 3813 4068 πρὸς
3873 3994 3942 4048 τὸ

2287 4074 2493 4132 λαϐεῖν.
2570 4071 2786 4139 Ἐπειδὴ
2844 4073 2931 4128 οὖν
3014 4077 3125 4145 ζωὴ
3182 4075 3278 4150 μέν
3336 4077 3446 4136 ἐστι
3506 4083 3639 4136 κατά
3702 4085 3852 4156 φύσιν
3913 4086 3944 4139 ὁ

2289 4168 2430 4234 Υἱὸς,
2463 4172 2717 4235 ζωοποιεῖ
2740 4159 2794 4250 δὲ
2827 4164 2887 4217 τὸ
2934 4169 3141 4238 Πνεῦμα
3184 4167 3244 4220 τὸ
3289 4168 3412 4250 παρ’
3472 4173 3625 4227 αὺτοῦ
3657 4175 3942 4250 χορηγού-

2286 4277 2465 4330 μενον,
2498 4253 2703 4328 ἀνάγκη
2765 4249 2951 4307 λοιπὸν
3000 4252 3060 4306 ἐκ
3113 4254 3210 4318 τῆς
3254 4243 3430 4319 οὐσίας
3487 4258 3746 4337 ῦπλργειν
3795 4263 3944 4332 ὁμο-

2285 4345 2468 4423 λογεῖν
2501 4344 2624 4399 αὐτὸ
2652 4347 2749 4407 τῆς
2804 4347 2894 4396 τοῦ
2947 4348 3100 4413 Θεοῦ,
3155 4349 3330 4399 πᾶσαν
3385 4349 3543 4402 αὐτοῦ
3597 4349 3696 4414 τὴν
3747 4369 3802 4402 τε
3837 4348 3941 4404 δύ-

2279 4459 2436 4513 ναμιν
2479 4435 2567 4490 καὶ
2593 4433 2688 4499 τὴν
2745 4429 3016 4507 ἐνέργειαν
3071 4429 3200 4510 ἔχον
3235 4447 3249 4460 ·
3310 4433 3491 4514 ὥσπερ
3522 4436 3581 4492 ἂν
3641 4439 3682 4492 εἰ
3740 4441 3827 4493 καὶ
3888 4440 3949 4502 ἐξ

2271 4526 2458 4591 ὕδατος
2518 4523 2674 4597 ἀτμὶς
2749 4517 3047 4594 ἀναϐαίνει,
3095 4523 3182 4577 καὶ
3243 4519 3311 4576 δι’
3366 4526 3441 4578 ὧν
3491 4525 3784 4604 έ“υεργει(ὒν,
3821 4530 3950 4592 τοὺς

2273 4615 2398 4693 παρ’
2444 4614 2532 4676 οἷς
2574 4614 2636 4667 ἂν
2667 4609 2872 4688 γένοιτο
2904 4609 3172 4688 ψύχουσα,
3233 4611 3323 4666 τοῦ
3378 4611 3742 4688 ἐκπέμποντος
3777 4619 3952 4684 αὒτῆν

2281 4704 2378 4771 τὴν
2409 4705 2557 4782 φύσιν
2603 4699 2878 4774 σημαίνει.
2920 4721 2942 4752 ιι

2365 4785 2422 4850 Ὀ
2445 4792 2599 4852 αὐτὸς
2645 4789 2698 4844 ἐν
2742 4791 2820 4862 τῷ
2853 4787 3081 4861 πέμπτῳ
3111 4788 3217 4843 nov
3263 4793 3391 4867 πρὸς
3467 4789 3713 4869 ἐρμεξκν
3758 4799 3887 4874 φησί
3929 4815 3944 4828 .

552 4888 644 4941 tus
694 4890 934 4944 sanctus
963 4884 1150 4946 veluti
1199 4885 1466 4965 quaedam
1500 4881 1783 4945 naturalis
1828 4890 2046 4944 sanctae
2099 4903 2190 4945 sa-

2290 4907 2312 4938 ι
2349 4884 2420 4941 Τὸ
2449 4887 2659 4954 Πνεῦμα
2701 4878 2761 4932 τὸ
2805 4876 2955 4953 ἅγιον
2988 4877 3141 4932 οἱονεὶ
3188 4899 3267 4940 τις
3324 4882 3518 4958 φυσικὴ
3573 4885 3798 4951 ποιότης
3844 4887 3950 4952 τῆς

556 4969 903 5052 pientisque
933 4973 1186 5036 Deitatis
1218 4963 1487 5055 qualitas
1561 4980 1672 5051 est,
1744 4988 1876 5051 quae
1917 4969 1977 5031 in
2029 4971 2190 5034 Patre

2284 4973 2432 5050 ἁγίας
2462 4991 2519 5025 τε
2549 4969 2635 5023 καὶ
2683 4963 2848 5043 σοσρῆς
2893 4965 3142 5030 θεότητός
3201 4964 3332 5040 ἐστι,
3366 4972 3464 5036 τῆς
3524 4969 3578 5024 ἐν
3638 4975 3798 5049 Πιτρὶ
3856 4980 3956 5031 καὶ

549 5066 608 5118 et
642 5058 790 5122 Filio
822 5061 1198 5142 intelligitur.

2285 5064 2390 5133 ι’ἱῷ
2417 5057 2702 5123 νοούτιένης
2713 5105 2726 5117 .
2764 5082 2786 5113 ι

632 5146 794 5237 Idem
828 5153 894 5211 in
924 5140 1095 5212 libris
1145 5151 1215 5212 ad
1273 5151 1850 5237 Hermiammltaque
1881 5153 1928 5215 si
1953 5155 2118 5232 signa
2149 5169 2190 5214 et

2376 5140 2431 5207 ’0
2505 5149 2657 5211 αὐτὸς
2700 5149 2756 5201 ἓν
2841 5157 2954 5206 τοῖς
3027 5146 3154 5222 πρὸς
3217 5142 3507 5225 Ἑρμείαν·

555 5235 825 5326 prodigia
874 5258 981 5319 per
1010 5241 1257 5304 Paulum
1291 5243 1558 5305 Christus
1591 5232 1869 5326 operatur
1897 5244 1958 5305 in
1987 5245 2190 5308 Vil‘llllt

2291 5243 2496 5314 σημεῖα
2565 5238 2652 5293 καὶ
2707 5236 2898 5310 τέρατα
2951 5232 3034 5289 διὰ
3093 5233 3298 5291 Παῦλου
3374 5242 3598 5314 Χριστὸς
3661 5241 3955 5320 ἀργέζετπι

548 5323 808 5404 Spiritus
837 5329 1048 5410 sancti,
1087 5331 1342 5394 efﬁcacia
1373 5323 1646 5414 quadarn
1689 5334 1998 5409 naturalis,
2028 5341 2088 5396 et
2117 5333 2190 5394 vi-

2293 5331 2348 5386 ἐν
2419 5327 2630 5402 δυνάμει
2703 5325 3003 5398 Πνεύματος
3076 5324 3245 5402 ἁγίου,
3299 5326 3372 5387 ὡς
3417 5326 3649 5405 ἐνέργειᾳ
3717 5355 3794 5388 τις
3843 5359 3957 5413 φυ-

548 5422 878 5492 vens,et,ut
908 5416 989 5478 ita
1015 5417 1306 5495 dicamus,
1343 5411 1582 5486 deitatis
1611 5422 1745 5485 Filii
1779 5422 2035 5504 Spiritus
2059 5440 2190 5484 san«

2301 5419 2431 5486 σικὴ
2461 5422 2547 5472 καὶ
2577 5424 2744 5494 ζῶσα,
2802 5415 2888 5470 καὶ
2945 5412 3020 5466 ἵν’
3078 5411 3242 5476 οὕτως
3287 5414 3543 5490 εἶ’ππμεν,
3593 5422 3820 5487 ποιότης
3854 5411 3959 5490 ἧς

629 5574 692 5627 ³9
721 5575 745 5640 Ι
775 5575 914 5640 Cor.
951 5595 1035 5638 ιιι.
1074 5578 1170 5640 16.

3578 5178 3598 5208 c
3650 5153 3846 5210 υῦκοῦι
3906 5160 3954 5211 εἶ
