4210 6292
319 358 440 425 693

1780 355 2267 420 EPIGRAPH/E.

3584 349 3711 415 694

1672 476 1677 493 ι

319 498 572 563 θεότητος
632 505 723 556 τοῦ
779 499 900 552 Υἱοῦ
955 497 1013 552 τὸ
1067 495 1274 571 Πνεῦμα
1347 497 1405 551 τὸ
1474 493 1624 571 ἅγιόν
1672 496 1807 568 ἔστι,
1885 494 1973 547 καὶ

2072 496 2187 550 :tus
2232 489 2495 570 quaedam
2550 488 2801 571 qualitas
2859 485 3054 564 fuerit,
3088 494 3146 549 et
3172 485 3259 551 uti
3286 484 3524 568 quidam
3579 487 3698 548 hu-

322 585 507 665 ὥσωερ
552 607 631 651 τις
688 586 881 665 ἀτμὸς,
952 585 988 653 ἢ
1044 586 1265 652 ποιότης
1326 582 1441 641 ἐστί
1494 589 1592 651 τῆς
1652 584 1826 642 οὔσίας
1887 590 1978 638 τοῦ

322 673 550 752 Πατρός.
586 677 644 731 Ei
689 673 967 752 ἐγέννητος
1010 672 1065 730 δὲ
1109 674 1194 729 καὶ
1251 669 1496 737 ἅκτιστος
1548 674 1577 727 6
1608 672 1814 750 Πατὴρ,
1863 676 1977 734 πῶς

323 763 387 817 ἂν
430 762 521 830 εἰή
555 766 775 831 γενητὸν
802 766 863 819 τὸ
900 761 951 829 ἐξ
980 762 1137 819 αὒτοῦ
1179 761 1548 843 προχεόμενον
1580 768 1791 837 Πνεῦμα
1825 780 1840 840 ς

411 843 469 909 Ὀ
499 852 646 930 ἆτος
676 851 983 916 Ἀθανασιος
1012 851 1066 907 ἐν
1096 857 1166 928 τῇ
1222 852 1353 929 πρὸς
1398 849 1707 930 Σεραπίωνα
1763 872 1921 929 φησιν
1959 865 1971 878 ⁶

340 965 360 990 σ
396 944 452 998 Ei
483 940 537 997 δὲ
578 944 641 998 τὸ
672 947 884 1016 Πνεῦμα
933 938 1117 996 εὒωδία
1147 941 1235 996 καὶ
1284 939 1461 1017 μορφὴ
1517 945 1611 996 τοῦ
1667 940 1786 994 Υἱοῦ
1814 937 1976 1017 ἐστιν,

329 1027 551 1096 εὔδηλον
572 1033 647 1093 ὡς
678 1035 771 1089 οῦκ
830 1028 892 1083 ἂν
955 1028 1047 1095 εἴη
1096 1030 1157 1084 τὸ
1215 1034 1426 1103 Πνεῦμα
1496 1029 1690 1098 κτίσμα
1724 1042 1736 1056 ⁸
1800 1025 1980 1094 ἐπειδὴ

326 1117 416 1172 καὶ
465 1119 493 1173 6
564 1120 681 1181 Υἱὸς
772 1117 826 1172 ἐν
897 1121 1074 1196 μορφῇ
1157 1124 1288 1175 Θεοῦ
1367 1116 1623 1196 ὑπάρχων
1694 1117 1787 1172 οὐκ
1869 1114 1978 1171 ἔστι

329 1207 550 1281 κτίσμα.
586 1228 610 1259 ι

415 1284 473 1351 Ὀ
534 1294 684 1373 ἅγιος
750 1292 1006 1374 Κύριλλος
1063 1293 1118 1349 ἐν
1172 1299 1239 1370 τῇ
1293 1291 1458 1371 βίϐλῳ
1518 1300 1622 1350 τῶν
1693 1301 1977 1374 Θησαυρῶν

336 1402 364 1439 α
402 1384 491 1440 τὸν
534 1384 632 1460 μὲν
687 1384 894 1463 Πατέρα
936 1380 1107 1461 ῥόδον,
1166 1384 1254 1438 τὸν
1317 1380 1372 1438 δὶ
1430 1385 1548 1439 Υἱὸν
1605 1383 1883 1457 ἅνθος,’τὸ
1925 1381 1978 1439 δὲ

333 1478 545 1547 Πνεῦμα
576 1474 749 1549 ὀσμὴν
776 1472 957 1535 καλεῖ.
994 1498 1016 1529 ι

420 1552 477 1621 ’0
520 1563 687 1643 μέγας
744 1560 1048 1627 Ἀθανάσιος
1098 1563 1153 1619 ἐν
1214 1565 1279 1629 ea
1326 1564 1455 1640 πρὸς
1513 1569 1822 1642 Σεραπίωνα
1867 1564 1983 1640 περὶ

331 1651 424 1708 τοῦ
481 1653 629 1731 ἁγίου
675 1652 976 1727 Πνεύματος
1018 1652 1300 1729 ἐπιστολῇ,
1347 1652 1410 1719 ἧς
1452 1654 1487 1720 ἡ
1546 1651 1714 1731 ἀρχὴ,
1760 1673 1789 1706 α
1822 1650 1982 1714 Ἴσως

331 1741 664 1820 Θαυμάσεως,
712 1761 733 1791 ι
797 1740 926 1819 φησί
961 1760 972 1774 ⁸
1038 1766 1061 1798 ι
1089 1744 1160 1799 Τὸ
1203 1742 1404 1821 χρίσμα
1460 1747 1613 1797 τοῦτο
1681 1742 1816 1811 πνοή
1871 1741 1980 1797 ἐστι

329 1838 423 1887 τοῦ
464 1832 605 1893 Υἱοῦ,
645 1850 667 1880 ι

422 1911 478 1977 ’0
554 1923 910 1995 Δαμασκηνὸς
983 1921 1035 1978 ἐν
1092 1928 1167 1997 τῷ
1246 1921 1363 1998 περὶ
1463 1921 1765 1996 Πνεῦματος
1831 1922 1977 1999 ἁγῖον

335 2009 505 2089 λόγῳ,
538 2010 598 2065 οὗ
639 2012 674 2078 ἡ
726 2011 896 2091 ἀρχὴ,
965 2040 987 2070 ι
1021 2020 1117 2068 Δεῖ
1158 2008 1213 2066 δὲ
1280 2015 1368 2067 τὸν
1414 2009 1582 2088 Λόγον
1637 2011 1724 2066 καὶ
1765 2016 1976 2085 Πνεῦμα

338 2098 510 2179 ἔχειν,
550 2119 573 2148 1
634 2100 790 2180 φησίν
825 2117 840 2132 ⁸
910 2102 1030 2159 ιΤὸ
1072 2106 1284 2174 Πνεῦμα
1337 2100 1400 2155 τὸ
1452 2098 1610 2177 ἅγιον
1693 2101 1753 2156 οὒ
1808 2102 1975 2169 πνοήν

338 2187 700 2244 ἀνυπόστατον
773 2192 1074 2265 ἒννοοῦμεν,
1132 2187 1269 2245 ἀλλὰ
1319 2186 1533 2263 δύναμιν
1616 2186 1867 2262 οῦσιώδη,
1926 2188 1986 2244 ἐκ

340 2300 432 2332 τοι)
481 2279 682 2356 Πατρὸς
724 2279 1145 2359 προερχόμενον,
1198 2279 1335 2354 μήτε
1376 2278 1554 2357 ἀρχὴν
1591 2277 1841 2358 ἔχουσαν,
1875 2279 1987 2352 μή·

338 2388 395 2422 τε
455 2366 627 2432 τέλος.
674 2370 747 2426 03
808 2368 906 2447 γὰρ
950 2366 1182 2425 ἐνέλειπέ
1238 2368 1382 2442 ξποτε
1440 2374 1517 2440 τῷ
1572 2370 1734 2446 Πατρὶ
1795 2368 1984 2444 Λόγος,

342 2454 461 2513 οἵτε
504 2460 580 2531 τῷ
623 2457 777 2536 Δόγῳ
833 2464 1068 2529 Πνεῦμα.
1130 2459 1229 2516 Καὶ
1270 2453 1391 2513 Ἰώϐ
1426 2474 1442 2490 ⁹
1510 2486 1531 2516 ι
1576 2463 1787 2532 Πνεῦμα
1842 2460 1986 2513 Θεῗον

341 2548 403 2601 τὸ
455 2547 686 2613 ποιῆσαν
731 2569 820 2623 με,
881 2547 1016 2614 πνοὴ
1061 2545 1115 2602 δὲ
1156 2546 1576 2626 παντοκράτορος
1619 2548 1653 2614 ἡ
1708 2544 1982 2603 διδάσκου-

340 2656 409 2689 σα
440 2654 530 2709 με,
576 2657 599 2690 δ

428 2804 484 2869 ’0
532 2811 681 2889 ἅγιος
740 2810 978 2884 Μάξιμος
1014 2812 1079 2868 ἐν
1152 2816 1189 2888 ᾗ
1264 2824 1493 2867 ποιεῖται
1546 2808 1767 2875 διαλέξει
1826 2810 1983 2865 Ἀνο-

341 2904 495 2977 μοῖου
538 2903 625 2957 καὶ
674 2898 970 2979 Ὀρθοδόξου
1030 2900 1193 2960 ταῦτά
1249 2922 1407 2981 φησιν
1442 2918 1458 2934 ο
1519 2896 1799 2975 Ἀνὸμοιος
1856 2901 1987 2976 πρὸς

339 2993 433 3046 τον
491 2988 789 3069 Ὀρθόδοξον
825 3008 839 3024 ·
906 3011 928 3041 ι
966 2991 1059 3047 Καὶ
1101 2991 1162 3045 τὸ
1220 2995 1430 3063 Πνεῦμα
1483 2995 1570 3044 οῦν
1626 2987 1799 3066 λὲγεις
1852 2989 1989 3052 θείας

372 3081 487 3134 ἶναι
557 3079 813 3134 reticeam:
859 3080 886 3127 li
941 3076 1239 3134 Ὀοθόδοξος
1273 3093 1287 3107 ⁸
1362 3096 1386 3127 ι
1438 3078 1547 3134 Οὒγ
1607 3078 1786 3134 ἅπλῶς
1847 3078 2046 3134 sim"

342 3081 487 3136 εἶναι
557 3079 813 3157 φύσεωςς
859 3080 886 3127 ι
941 3076 1239 3158 Ὀρθόδοξος
1273 3093 1287 3107 ⁸
1362 3096 1386 3127 ι
1438 3078 1553 3156 Οὒχ
1607 3078 1786 3141 ἅπλῶς
1847 3078 1988 3133 εἶναι

342 3170 481 3231 ῧείας
548 3167 775 3232 φύσεως,
832 3166 967 3223 ἀλλὰ
1022 3169 1122 3232 τῆς
1189 3165 1351 3229 θείας.
1400 3167 1563 3229 Αὐτὸς
1623 3166 1721 3232 γὰρ
1779 3165 1989 3222 εἶπενὸ

2072 3076 2297 3125 rae'fctL't
2326 3076 2616 3145 Spiritum
2651 3076 2849 3146 itaque
2873 3076 3022 3129 dicis
3059 3076 3271 3130 divinae
3305 3087 3434 3131 esse
3465 3076 3713 3151 naturae,

2073 3152 2176 3214 sed
2221 3151 2453 3213 divinae.
2508 3154 2639 3232 Ipse
2669 3156 2825 3215 enim
2862 3157 3037 3217 Pater
3062 3155 3245 3218 dixit:
3288 3177 3316 3216 ε
3352 3159 3417 3219 ln
3437 3156 3718 3219 extremis

337 3170 481 3231 θείας
548 3167 775 3247 φύσεως,
832 3166 967 3223 ἀλλὰ
1022 3169 1122 3234 τῆς
1189 3165 1351 3229 θείας.
1400 3167 1563 3229 Αὐτὸς
1623 3166 1721 3244 γὰρ
1779 3165 1989 3222 εἶπενὸ

343 3256 527 3332 Πατήρ
561 3273 574 3287 ⁸
648 3275 669 3305 ι
701 3254 791 3312 Ἐν
847 3268 970 3320 ταῖς
1027 3255 1283 3335 ἐσχάταις
1340 3252 1564 3331 ἡμέραις
1648 3253 1827 3332 ἐκχεῶ
1882 3253 1986 3307 ἀπὸ

342 3351 438 3399 τοῦ
470 3343 767 3419 Πνεύματός
812 3366 913 3418 μου
962 3342 1046 3399 ἐπὶ
1075 3349 1249 3399 πᾶσαν
1305 3341 1471 3420 σάρκα
1505 3356 1519 3371 ·
1558 3368 1578 3397 ι
1630 3344 1657 3397 6
1700 3339 1754 3397 δὲ
1812 3342 1930 3403 Υἱός
1967 3359 1979 3371 ’

349 3458 373 3490 α
412 3431 483 3488 Οὔ
535 3432 632 3511 γὰρ
685 3431 801 3488 ἐστε
843 3434 997 3507 ὑμεῖς
1047 3434 1093 3488 οἱ
1156 3430 1460 3505 λαλοῦντες,
1506 3429 1642 3487 ἀλλὰ
1685 3432 1746 3487 τὸ
1777 3437 1987 3505 Πνεῦμα

347 3528 439 3576 τοῦ
484 3521 681 3599 Πατρός
751 3543 852 3595 μου
903 3521 963 3576 τό
1019 3518 1210 3575 λαλοῦν
1278 3519 1331 3576 ἐν
1387 3521 1539 3595 ὑμῖν,
1578 3541 1601 3577 ι
1653 3521 1751 3577 Καὶ
1793 3522 1821 3575 6
1864 3517 1990 3580 Ἰὼῗ

343 3613 489 3665 θεῖον
515 3610 638 3665 εἶπε
667 3611 729 3665 τὸ
772 3615 984 3682 Πνεῦμα
1041 3608 1177 3665 οὕτω
1218 3626 1229 3638 ⁸
1288 3627 1317 3667 ι
1349 3614 1422 3685 Ζῇ
1486 3608 1690 3687 Κύριος,
1737 3606 1795 3671 ὅς
1854 3608 1989 3677 οὕτω

348 3719 417 3771 με
474 3697 703 3773 κέκρικε,
774 3700 861 3754 καὶ
919 3701 947 3754 6
1012 3698 1384 3776 παντοκράτωρ
1446 3699 1474 3753 6
1561 3697 1816 3777 πικράνας
1888 3720 1989 3773 μοι)

346 3786 447 3853 τὴν
480 3787 684 3866 ψυχὴν,
716 3787 780 3855 ἧν
826 3788 931 3863 μὴν
999 3786 1073 3842 ἔτι
1129 3792 1226 3852 τῆς
1287 3791 1453 3853 πνοῆς
1512 3786 1563 3842 ἐν
1608 3785 1737 3864 ῥισὶν
1801 3784 1983 3853 οὔσης.

350 3878 563 3949 Πνεῦμα
592 3880 734 3933 θεῖον
764 3874 819 3932 δὲ
847 3878 908 3932 τὸ
938 3875 1114 3953 περιόν
1172 3896 1261 3949 μοι
1320 3875 1370 3930 ἐν
1430 3875 1554 3952 ῥισὶ,
1628 3875 1705 3949 μὴ
1758 3873 1986 3941 λαλῆσαι

347 3967 413 4020 τὸ
457 3966 627 4039 στόμα
657 3988 757 4040 μου
786 3963 960 4027 ἄδικα,
1005 3986 1027 4015 ι
1083 3956 1233 4044 Ὀρᾷς
1264 3969 1379 4025 πῶς
1434 3969 1532 4031 τῆς
1578 3964 1723 4042 ἁγίας
1771 3962 1988 4043 Τριάδος

349 4055 619 4129 μέμνηται
654 4070 669 4127 ;
703 4060 777 4130 Ζῇ
833 4055 1043 4134 Κύριος,
1090 4052 1260 4131 λέγων
1314 4055 1405 4109 τὸν
1463 4054 1606 4131 Υἱὸν,
1651 4054 1738 4108 καὶ
1770 4054 1797 4108 ὁ
1853 4054 1989 4108 ποίν-

346 4143 623 4222 τοκράτωρ
679 4145 707 4199 6
744 4143 998 4221 πικράνας
1053 4164 1151 4216 μου
1201 4142 1301 4210 τήν
1356 4140 1565 4220 ψυχὴν,
1619 4139 1709 4195 τὸν
1764 4141 1989 4219 Πατέρα,

352 4239 565 4308 Πνεῦμα
606 4235 749 4289 θεῖον
778 4234 840 4288 το
886 4233 1066 4311 περιόν
1121 4252 1211 4306 μοι
1270 4233 1324 4285 εν
1380 4230 1509 4308 ῥισὶ,
1564 4231 1627 4285 το
1671 4235 1880 4304 Πνεῦμα
1937 4230 1995 4284 τὸ

345 4320 522 4399 ἅγιον.
560 4344 586 4375 n

2061 597 2212 659 mor,
2246 587 2345 640 aut
2373 579 2622 660 qualitas
2653 585 2743 639 est
2801 577 3013 651 Patris;
3040 576 3198 658 quod
3229 576 3280 637 si
3310 575 3611 655 ingenitus
3645 582 3705 639 et

2061 669 2364 732 increatus
2396 674 2569 732 Pater
2600 676 2711 743 est,
2747 686 2863 747 qua
2892 669 3120 730 ratione
3151 668 3282 729 ﬁeri
3314 674 3526 748 potest,
3545 685 3614 729 ex
3631 685 3704 732 eo

2063 758 2363 838 profusum
2398 758 2686 837 Spiritum
2711 765 2979 819 sanctum
3010 757 3187 818 esse?
3219 778 3240 808 ι

2145 847 2322 908 Divus
2346 847 2708 910 Athanasius
2736 846 2807 906 ad
2840 846 3225 927 Serapionem
3277 845 3526 928 epistola
3572 847 3658 908 ait
3686 866 3700 906 :

2036 960 2094 993 -‹‹
2123 932 2342 1006 Quodsi
2375 936 2629 1017 Spiritus
2673 935 2865 997 bonus
2895 934 3066 1015 odor,
3121 942 3177 997 et
3206 935 3394 997 forma
3428 935 3544 997 Fili
3594 943 3704 1010 est,

2064 1023 2241 1102 plane
2269 1032 2328 1086 et
2356 1025 2733 1086 manifestum
2757 1031 3048 1104 remanet,
3067 1024 3349 1105 Spiritum
3370 1032 3707 1088 creaturam

2061 1129 2177 1172 non
2211 1131 2342 1174 esse
2376 1131 2390 1174 :
2423 1113 2598 1173 etiam
2630 1112 2815 1174 Filius
2844 1112 2905 1173 in
2937 1112 3126 1175 forma
3151 1112 3258 1175 Dei
3287 1113 3550 1178 existens
3581 1132 3709 1175 cre-

2060 1208 2228 1262 atura
2254 1219 2373 1263 non
2405 1212 2514 1264 est.
2551 1225 2574 1260 υ

2141 1287 2390 1351 Sanctus
2419 1290 2669 1371 Cyrillus
2702 1290 2762 1351 in
2794 1289 3115 1352 Thesauris
3151 1313 3174 1347 ι
3210 1293 3445 1355 Patrem
3464 1293 3707 1373 quidem

2060 1394 2280 1458 rosam,
2308 1376 2522 1439 Filium
2556 1379 2788 1459 ﬂorem,
2812 1376 3093 1459 Spiritum
3126 1387 3395 1441 sanctum
3424 1382 3708 1442 odorem»

2068 1479 2394 1547 nuncupaL

2145 1557 2390 1635 Magnus
2447 1555 2806 1619 Athanasius
2865 1555 2936 1617 ad
3017 1557 3403 1638 Serapionem
3466 1558 3713 1640 epistola

2065 1642 2139 1703 de
2193 1644 2420 1724 Spiritu
2475 1654 2719 1721 sancto,
2786 1663 2917 1726 quae
2967 1645 3216 1727 incipit,
3267 1648 3538 1709 Fortasse
3597 1648 3711 1709 ad-

2066 1731 2421 1794 miraberis.
2477 1759 2502 1799 ›
2556 1733 2700 1795 dicit
2730 1752 2742 1795 :
2787 1756 2809 1786 ι
2844 1736 3053 1795 Unctio
3083 1736 3208 1797 haec
3237 1736 3548 1815 Spiramen
3577 1735 3713 1798 Filii

2003 1860 2038 1909 Β
2066 1826 2174 1909 est:
2218 1845 2242 1875 ’

2143 1908 2543 1971 Damascenus
2572 1929 2851 1974 sermone
2876 1911 2950 1973 de
3000 1911 3220 1993 Spiritu
3280 1921 3509 1991 sancto,
3544 1915 3714 1995 cujus

2060 1998 2206 2058 illud
2234 2006 2323 2060 est
2344 1998 2703 2080 principium
2742 2017 2755 2062 :
2799 2023 2822 2057 ι
2857 2000 3009 2063 Huic
3028 2021 3264 2083 quoque
3292 2002 3487 2065 Verbo
3518 2002 3712 2084 Spiri-

2061 2094 2152 2147 tus
2183 2088 2259 2148 sit
2286 2095 2539 2168 oportet,
2572 2114 2587 2143 ι
2629 2089 2820 2170 inquit
2851 2136 2869 2162 ,
2906 2115 2932 2145 ι
2968 2091 3249 2171 Spiritum
3292 2101 3564 2154 sanctum
3595 2112 3714 2154 non

2065 2174 2271 2237 ﬂatum
2294 2177 2610 2257 quemdam
2638 2178 2963 2240 substantia
2992 2188 3295 2241 carentem
3325 2180 3523 2244 animo
3542 2181 3715 2244 nobis

2068 2265 2367 2345 ﬁngimus,
2401 2265 2505 2327 sed
2536 2266 2657 2327 vim
2680 2267 3161 2343 essentialem,ex
3183 2268 3354 2333 Patre
3381 2270 3714 2351 proceden-

2069 2362 2416 2435 tem,eaque
2439 2363 2646 2417 natura
2677 2358 2844 2437 sit,ut
2871 2375 3061 2438 neque
3094 2358 3451 2440 principium
3486 2360 3714 2422 habue-

2070 2444 2147 2505 rit
2179 2463 2369 2525 neque
2398 2445 2578 2506 ﬁnem
2639 2446 2911 2507 habitura
2959 2446 3057 2508 sit.
3105 2446 3311 2528 Neque
3369 2449 3526 2510 enim
3557 2450 3716 2511 Patri

2068 2532 2329 2594 Verbum
2360 2552 2625 2613 unquam
2658 2534 2863 2608 defuit,
2899 2554 3093 2616 neque
3121 2536 3318 2597 Verbo
3349 2535 3622 2617 Spiritus.
3646 2535 3717 2598 Et

2066 2619 2179 2682 Job
2216 2642 2230 2681 :
2266 2646 2291 2677 α
2329 2622 2582 2703 Spiritus
2634 2623 2893 2705 Domini,
2926 2626 3025 2705 qui
3075 2624 3214 2686 fecit
3268 2643 3384 2700 me,
3436 2632 3496 2686 et
3542 2626 3715 2688 ﬂatus

2073 2711 2524 2792 omnipotentis,
2558 2711 2657 2792 qui
2692 2712 2863 2774 docet
2890 2732 2985 2775 me
3010 2713 3093 2776 60.
3133 2739 3159 2770 »

2149 2798 2400 2860 Sanctus
2422 2801 2711 2863 Maximus
2741 2801 2803 2863 in
2824 2803 3147 2885 colloquio,
3177 2802 3332 2885 quod
3356 2803 3486 2883 ipse
3509 2803 3717 2866 habuit

2069 2904 2202 2951 Cum
2231 2889 2678 2962 Anomceo,hazc
2707 2890 2884 2952 habet
2916 2912 2931 2951 :
2966 2893 3293 2954 Anommus
3318 2892 3392 2953 ad
3422 2892 3716 2956 Orthodo-

2072 2993 2207 3037 xum
2244 2996 2257 3034 ε
2296 2975 2400 3036 «Et
2429 2975 2712 3057 Spiritum
2747 2978 2946 3059 itaque
2978 2980 3125 3041 dicis
3151 2981 3366 3062 divinae
3392 2999 3525 3042 esse
3548 2988 3716 3042 natu-

2072 3063 2297 3125 rze?«Et
2326 3064 2616 3145 Spiritum
2651 3066 2849 3146 itaque
2873 3068 3022 3129 dicis
3059 3068 3271 3130 divinae
3305 3087 3434 3131 esse
3465 3075 3713 3151 naturae,

2072 3240 2439 3322 temporibus
2471 3242 2767 3303 effundam
2818 3262 2887 3305 ex
2938 3242 3161 3324 Spiritu
3227 3263 3357 3308 meo
3390 3246 3449 3305 in
3475 3263 3713 3307 omnem

2069 3348 2305 3393 carnem
2336 3329 2390 3378 61
2427 3348 2440 3392 :
2477 3353 2496 3381 ι
2530 3330 2647 3392 etF
2653 3331 2790 3393 ilius
2824 3351 2837 3395 :
2875 3335 3112 3414 aNeque
3143 3335 3299 3396 enim
3332 3333 3474 3395 estis
3500 3351 3596 3394 vos
3613 3332 3716 3414 qui

2072 3419 2407 3502 loquimini,
2442 3420 2548 3481 sed
2579 3418 2835 3501 Spiritus
2865 3424 3054 3485 Patris
3086 3423 3201 3484 mei
3231 3423 3331 3504 qui
3362 3422 3622 3504 loquitur
3651 3422 3717 3482 in

2071 3510 2239 3570 vobis
2260 3508 2411 3569 θέει
2448 3517 2505 3569 et
2562 3510 2671 3573 Job
2724 3509 2983 3572 divinum
3035 3510 3180 3573 dixit
3239 3513 3524 3593 Spiritum
3580 3511 3710 3573 ibi:

2078 3622 2102 3657 ιι
2136 3597 2294 3659 Vivit
2327 3597 2633 3679 Dominus,
2660 3599 2761 3680 qui
2793 3600 2875 3661 ita
2901 3619 2997 3661 me
3020 3600 3329 3681 judicavit,
3362 3608 3421 3663 et
3449 3601 3719 3681 omnipo-

2074 3697 2222 3762 tens,
2254 3688 2352 3768 qui
2385 3686 2616 3749 tristem
2648 3689 2784 3751 fecit
2812 3689 3072 3750 animam
3107 3709 3470 3766 meam,cum
3520 3690 3717 3752 adhuc

2074 3776 2327 3858 Spiritus
2358 3776 2418 3836 in
2449 3777 2692 3839 naribus
2719 3776 3157 3859 esset.Spiritus
3190 3798 3332 3841 vero
3364 3779 3597 3842 divinus
3617 3786 3723 3861 qui

2072 3874 2343 3947 superest
2372 3865 2433 3925 in
2477 3867 2721 3929 naribus
2778 3868 2948 3945 meis,
2984 3886 3059 3930 ne
3090 3869 3362 3949 loquatur
3406 3888 3473 3931 os
3522 3887 3720 3931 meum

2073 3956 2291 4035 injusta
2308 3955 2391 4015 63.
2431 3989 2455 4019 »
2499 3957 2776 4028 Videsne,
2814 3957 3110 4036 quomodo
3134 3958 3233 4019 ille
3264 3968 3483 4021 sancta;
3519 3958 3724 4020 Trini-

2078 4045 2209 4105 tatis
2236 4045 2596 4107 mentionem
2624 4045 2807 4108 l‘acit?
2830 4045 2983 4107 Vivit
3011 4045 3318 4121 Dominus,
3356 4048 3516 4128 dicit,
3550 4048 3726 4109 innu-

2080 4152 2185 4194 ens
2212 4134 2452 4208 Filium,
2488 4142 2546 4194 et
2588 4134 2992 4214 omnipotens,
3028 4135 3126 4215 qui
3161 4136 3386 4197 tristem
3418 4136 3555 4198 fecit
3584 4137 3720 4200 ani-

2082 4241 2236 4282 mam
2269 4240 2483 4298 meam,
2519 4221 3044 4303 Patrem,Spiritus
3067 4224 3301 4287 divinus
3324 4226 3425 4305 qui
3454 4235 3727 4307 superest

2081 4312 2141 4371 in
2174 4311 2441 4383 naribus.
2470 4311 2750 4392 Spiritum
2775 4321 3066 4374 sanctum.
3107 4344 3130 4374 υ

441 4401 497 4467 εΟ
569 4409 737 4489 μέγας
796 4408 1098 4473 Ἀθανάσίος
1155 4408 1207 4464 ἐν
1250 4414 1328 4481 τῷ
1382 4405 1546 4485 λόγω,
1593 4404 1652 4468 ὅς
1712 4404 1989 4484 ἐπιγέγρα-

2160 4399 2401 4478 Magnus
2459 4401 2816 4463 Athanasius
2862 4401 3129 4463 oratione
3168 4420 3295 4482 quae
3353 4404 3723 4477 inscribitur,

356 4519 483 4554 πται
560 4487 845 4577 ’Ἔλεγχος
922 4497 1243 4573 ὑποκρίσεως
1326 4496 1442 4573 περὶ
1514 4491 1784 4567 Μελετίου,
1851 4492 1909 4549 οῦ
1964 4495 1998 4561 ἡ

354 4587 528 4665 ἁρχὴ,
598 4608 620 4640 u
660 4576 978 4664 ’Ἄνθρωπος
1022 4585 1136 4641 καθ’
1197 4584 1449 4660 ὁμοίωσιν
1507 4589 1638 4639 Θεοῦ
1693 4581 1929 4661 γέγονεν,
1967 4602 1993 4640 ι

355 4676 516 4755 φησίν
551 4690 565 4704 ⁸
605 4699 627 4729 ι
664 4677 799 4754 Οῦχὶ
853 4676 1094 4753 γεννήσει
1150 4675 1185 4742 ἡ
1245 4679 1337 4729 τοῦ
1397 4671 1700 4746 Πνεύματος
1754 4669 1996 4750 πρόοδος,

357 4765 495 4823 ἀλλὰ
520 4767 729 4823 πνεύσει
759 4767 1024 4841 ὁμοιοῦται
1087 4764 1170 4821 διὰ
1218 4765 1317 4831 τὴν
1373 4761 1697 4842 μετάληψιν,
1732 4764 1805 4826 ὡς
1835 4763 2002 4830 πνοῆς

355 4856 418 4911 ἐκ
485 4855 746 4931 στόματος
802 4854 1126 4935 ἒρχομένης,
1205 4854 1293 4909 καὶ
1360 4854 1452 4909 τὸν
1534 4848 2002 4927 μεταλαμϐάνοντα

354 4945 696 5024 ἆγιαζούσης,
741 4945 874 5001 καθᾶ
900 4942 964 5011 δὴ
1008 4944 1096 4999 καὶ
1124 4941 1333 5021 λέγεται
1366 4940 1687 5015 Πνεύματος,
1731 4962 1752 4994 ι

441 5025 500 5091 Ὀ
530 5032 682 5112 ἅγιος
735 5030 991 5112 Κύριλλος
1049 5032 1104 5087 ἐν
1159 5037 1227 5107 τῇ
1262 5031 1512 5109 ἑρμηνείᾳ
1557 5030 1648 5088 τοῦ
1714 5031 1852 5086 κατὰ
1880 5028 2001 5087 ἰω-

357 5124 519 5189 ἀννην
546 5124 619 5185 εἷς
675 5124 736 5179 τὸ
781 5121 937 5201 ῥητὸν
994 5122 1077 5194 τὸ,
1139 5141 1163 5171 α
1224 5121 1321 5178 Καὶ
1381 5122 1408 5175 6
1479 5119 1646 5196 Λόγος
1705 5118 1826 5198 σὰρξ
1882 5118 2002 5197 ἐγέ-

357 5234 498 5281 vero,
554 5234 579 5267 ι
646 5212 802 5290 φησίν
838 5229 851 5243 ·
921 5230 942 5258 ι
978 5207 1192 5276 Ἐπειδὴ
1242 5206 1296 5263 δέ
1351 5206 1433 5263 διὰ
1488 5208 1587 5275 τὴν
1652 5204 1944 5287 παράϐασιν
1976 5211 2002 5263 ὁ

358 5300 632 5379 ἅνθρωπος
690 5298 991 5373 ἐκολαζετο,
1062 5296 1414 5374 ἂιπεγυμνώθη
1479 5301 1577 5363 τῆς
1629 5296 1848 5376 χάριτος
1917 5297 2003 5352 καὶ

356 5390 685 5446 ἆπανίστατο
732 5392 831 5455 τῆς
886 5388 1087 5465 γηίνης
1146 5385 1335 5464 σαρκὸς
1392 5386 1427 5451 ἡ
1484 5385 1623 5450 πνοὴ
1707 5388 1805 5450 τῆς
1864 5386 2004 5454 {an};

356 5478 596 5535 τουτέστι
654 5478 715 5532 τὸ
772 5482 983 5551 Πνεῦμα
1037 5483 1130 5533 τοῦ
1199 5472 1448 5551 λέγοντος
1484 5488 1496 5502 ·
1555 5502 1577 5533 ι
1610 5470 1747 5530 Ἐθώ
1789 5474 1894 5549 εἶμι
1970 5475 2005 5539 ἡ

356 5569 495 5640 ζωή.
535 5589 558 5622 ι

2082 4488 2380 4550 Rel‘utatio
2413 4490 2796 4569 hypocriseos
2827 4490 3070 4567 Melelii,
3107 4509 3236 4570 quae
3258 4491 3484 4572 incipit:
3502 4492 3724 4556 «Homo

2084 4578 2153 4640 ad
2180 4577 2628 4638 similitudinem
2683 4578 2786 4640 Dei
2818 4580 3027 4655 factus,
3060 4606 3085 4640 ι
3120 4580 3313 4660 inquit
3346 4598 3359 4642 :
3412 4606 3433 4635 ι
3469 4579 3728 4662 Spiritus

2088 4685 2431 4745 progressus
2463 4685 2578 4727 non
2611 4666 2921 4742 nativitati,
2958 4668 3063 4729 sed
3097 4669 3368 4749 proﬂatui
3418 4688 3549 4734 sese
3596 4671 3727 4734 aliis

2085 4753 2447 4835 impertienti
2479 4774 2583 4835 pro
2605 4755 2901 4817 anhelitus
2933 4757 3324 4819 similitudine
3347 4777 3416 4820 ex
3448 4777 3551 4821 ore
3583 4779 3725 4839 pro-

2086 4844 2321 4905 deuntis
2355 4843 2811 4925 etrecipientem
2837 4846 3302 4910 sesanctiticanti
3321 4848 3532 4910 similis
3549 4849 3727 4911 habe—

2088 4941 2182 4994 tur
2212 4932 2493 4994 nimirum
2523 4953 2627 5013 pro
2651 4952 2790 4996 voce
2824 4952 2927 4996 sua
2963 4955 3076 5016 qua
3128 4934 3388 5016 Spiritus
3417 4937 3655 4999 dicitur.
3696 4964 3722 4995 ι

2168 5024 2417 5085 Sanctus
2467 5022 2716 5102 Cyrilius
2765 5024 3135 5105 expositione
3157 5026 3217 5085 in
3245 5022 3531 5088 Jeannem
3555 5026 3617 5088 in
3647 5027 3726 5088 il-

2088 5110 2208 5187 lud,
2252 5142 2273 5171 ι
2308 5110 2380 5172 Ει
2408 5109 2669 5173 Verbum
2702 5130 2837 5174 caro
2871 5113 3084 5176 factum
3118 5122 3209 5176 est
3234 5114 3318 5188 64,
3358 5133 3381 5167 ι
3415 5114 3516 5177 ait:
3548 5114 3726 5179 «Cum

2086 5219 2223 5285 vero
2277 5208 2513 5281 propter
2568 5201 3105 5281 prmvaricationem
3158 5203 3335 5265 homo
3391 5204 3724 5284 puniretur,

2085 5290 2272 5367 gratia
2301 5289 2590 5369 spoliatus
2615 5298 2723 5366 est,
2758 5298 2815 5352 et
2843 5309 2877 5352 a
2902 5300 3137 5353 terrena
3164 5311 3343 5355 carne
3368 5294 3612 5374 spiritus
3641 5295 3729 5356 vi-

2089 5387 2161 5440 tae
2187 5379 2458 5453 rebellat,
2485 5377 2735 5462 Spiritus
2764 5381 2989 5442 scilicet
3019 5380 3196 5457 illius,
3224 5382 3324 5462 qui
3354 5382 3516 5459 dicit,
3555 5410 3578 5439 α
3610 5388 3730 5465 Ego

2090 5487 2218 5530 sum
2241 5469 2357 5531 vita
2374 5470 2458 5529 65.

437 5701 503 5753 60
529 5698 643 5766 Job
665 5715 868 5781 χχχιιι,
900 5700 960 5763 4.
989 5699 1046 5750 61
1085 5699 1221 5772 Act,
1256 5712 1322 5773 ιι,
1350 5696 1446 5759 t7.
1476 5692 1540 5745 6?-
1559 5693 1735 5759 Maro.
1770 5711 1899 5777 xm,
1930 5695 1989 5756 tl

2072 5690 2254 5756 3310b
2278 5708 2464 5768 xxvu,
2498 5690 2557 5768 2,
2593 5696 2652 5759 5.
2685 5691 3133 5772 “101111.514.
3162 5691 3396 5759 651mm.
3428 5710 3551 5772 xw,
3585 5695 3646 5757 6.
