4208 6296
511 272 630 369 9.8.5

1554 271 1826 340 JOANN.
1863 271 2084 354 VECOI
2112 271 2224 336 GP.
2259 271 2798 343 PATBIARGH/E.

3776 272 3895 338 69.6

592 401 759 488 Idem
810 401 872 465 in
931 402 1158 476 dictum
1196 426 1220 475 ᾳ
1259 403 1396 486 Vidi
1455 402 1738 486 Spiritum
1791 402 2156 466 descenden-

2337 393 2394 461 Ὀ
2437 403 2592 477 αὐτὸς
2624 406 2696 471 εἷς
2726 408 2787 464 τὸ
2812 409 2996 488 ῥητὸν,
3057 437 3078 467 ι
3110 407 3234 466 ’Ὁτι
3278 407 3525 484 τεθέαμαι
3569 409 3628 464 τὸ
3685 413 3895 481 Πνεῦμα

511 491 629 554 tem
679 487 780 573 56,
841 518 866 551 ε
915 489 986 554 Et
1043 494 1261 556 creavit
1314 491 1474 556 Deus
1545 491 1894 564 hominem,
1941 511 2160 555 secun-

514 578 655 643 dum
713 581 1033 664 imaginem
1090 581 1200 646 Dei
1252 581 1396 644 fecit
1449 581 1659 642 illum:
1715 597 1822 663 per
1876 578 2160 662 Spiritum

513 687 655 733 vero
711 663 773 732 in
828 669 1151 748 imaginem
1208 669 1316 734 Dei
1370 669 1658 751 etﬁgiari,
1717 671 1946 750 Moyses
2012 669 2158 732 edo-

504 758 627 823 cuit
665 759 902 835 dicens,
944 780 969 815 α
997 758 1321 821 Insuﬂlavit
1358 759 1419 821 in
1450 758 1662 822 faciem
1695 757 1855 820 illius
1887 758 2159 840 spiritum

516 843 674 910 vitae.
710 868 732 898 ι

591 938 839 1014 Magnus
889 935 1244 998 Athanasius
1273 937 1337 998 in
1368 936 1662 1020 colloquio
1719 935 2046 999 Orthodoxi
2103 945 2162 997 et

517 1023 812 1100 Anommi,
845 1023 926 1086 ait
955 1043 970 1087 :
1002 1046 1025 1077 ι
1056 1027 1242 1088 Causa
1299 1033 1389 1088 est
1433 1023 1540 1090 Dei
1575 1032 1785 1087 natura
1813 1033 1871 1086 et
1897 1023 2053 1105 Filii,
2101 1029 2162 1088 et

511 1111 772 1194 Spiritus
802 1113 1014 1182 sancti.
1049 1122 1106 1176 et
1147 1114 1440 1177 universae
1463 1121 1773 1194 creaturae,
1798 1112 1901 1175 sed
1932 1114 2065 1176 Filii
2096 1120 2158 1175 ut

512 1200 831 1277 Verbi,«ln
861 1201 1155 1284 principio
1182 1203 1342 1265 enim
1376 1210 1504 1266 erat
1530 1201 1793 1266 Verbum
1813 1201 1932 1283 67,-
1966 1201 2161 1282 Spiri-

510 1296 606 1353 tus
636 1291 941 1354 ut'ﬂatus:
975 1291 1148 1352 ﬂatus
1170 1291 1329 1354 enim
1367 1292 1814 1374 omnipotentis,
1837 1292 1937 1373 qui
1959 1290 2165 1353 docuit

512 1387 932 1456 me,creatura3
945 1379 1028 1442 uti
1041 1399 1240 1443 rerum
1271 1381 1804 1462 factarum,quibus
1828 1379 2161 1462 proportio-

517 1485 594 1530 ne
616 1467 870 1549 quadam
901 1486 1109 1532 eorum
1141 1468 1339 1552 opifex
1367 1470 1736 1550 intelligitur.
1791 1469 1996 1551 Neque
2027 1488 2161 1532 ver-

510 1555 650 1618 bum
681 1556 838 1639 quod
869 1575 978 1638 per
1006 1557 1402 1621 instrumenta
1430 1559 1654 1622 vocalia
1685 1559 1965 1622 emissum
2019 1577 2160 1639 pro-

513 1643 726 1726 fertur,
762 1661 956 1727 neque
980 1647 1153 1708 ﬂatus
1183 1665 1290 1728 per
1317 1647 1709 1710 instrumenta
1735 1657 1797 1710 et
1821 1645 2160 1728 respirandi

511 1741 736 1796 meatus
765 1735 1018 1797 emissus
1041 1735 1378 1798 dissolvitur
1411 1758 1425 1800 :
1459 1736 1564 1798 sed
1589 1734 1848 1798 Verbum
1879 1737 2084 1822 vivens
2103 1743 2160 1798 et

505 1829 810 1884 actuosum
837 1841 850 1884 :
885 1822 1132 1887 «Omnia
1156 1824 1314 1888 enim
1352 1841 1462 1905 per
1488 1825 1684 1906 ipsum
1707 1825 1862 1887 facta
1891 1825 2150 1901 sunt68;:

508 1919 569 1990 et
599 1908 850 1992 Spiritus
872 1911 1096 1987 vivens,
1119 1919 1190 1976 'et
1214 1922 1514 1977 actuosus.
1549 1935 1574 1969 ι
1608 1910 1820 1976 Omnia
1851 1914 2010 1976 enim
2031 1916 2160 1976 haec

505 1991 786 2082 operatur
817 2020 971 2064 unus
987 2008 1046 2063 et
1073 2001 1232 2076 idem
1265 2002 1518 2085 Spiritus
1546 2001 1672 2063 69.»
1695 2002 1862 2076 Quod
1891 2022 2028 2066 vero
2059 2004 2157 2064 in-

507 2089 772 2169 genitum
799 2091 1104 2172 est,geniti
1132 2109 1308 2154 causa
1326 2111 1444 2154 non
1470 2096 1797 2176 est.Neque
1816 2093 1974 2156 enim
1995 2091 2155 2174 quod

507 2191 629 2243 non
659 2189 979 2262 generatur
1029 2181 1190 2246 Deus
1240 2185 1634 2248 essentiarum
1667 2204 1846 2248 causa
1876 2193 1967 2247 est
1999 2205 2014 2250 :
2050 2183 2157 2247 sed

509 2272 906 2335 essentiarum
933 2273 1190 2335 essentia
1211 2292 1385 2336 causa
1398 2283 1580 2356 est,ut
1598 2275 1820 2337 dictum
1853 2274 2156 2338 est.Nam-

506 2378 622 2441 quo
651 2360 702 2422 si
731 2361 1061 2441 ingenitum
1094 2381 1227 2426 esse
1260 2381 1438 2425 causa
1466 2371 1578 2441 est,
1607 2362 1789 2425 Filius
1817 2382 1955 2426 vero
1986 2383 2158 2427 crea-

503 2453 768 2532 turarum
828 2469 1004 2512 causa
1056 2459 1166 2521 est.
1208 2451 1505 2531 ingenitus
1555 2469 1699 2532 ergo
1731 2463 1820 2513 est
1854 2471 1867 2515 :
1902 2453 2005 2514 sed
2040 2474 2158 2516 non

511 2533 814 2620 ingenitus
844 2547 954 2616 est,
989 2547 1054 2606 ut
1087 2547 1148 2601 tu
1178 2539 1421 2621 asseris,
1456 2548 1514 2602 et
1545 2559 1723 2603 causa
1756 2548 1866 2604 est.
1901 2544 2034 2605 Non
2066 2561 2155 2604 er-

515 2645 588 2705 go
609 2625 942 2705 ingenitum
967 2647 1146 2691 causa
1175 2637 1285 2692 est.
1322 2661 1344 2690 ι

591 2713 840 2790 Sanctus
860 2716 1110 2799 Cyrillus
1138 2718 1200 2781 in
1247 2719 1417 2795 illud,
1455 2740 1479 2776 ι
1504 2719 1610 2782 Ille
1642 2738 1737 2782 me
1776 2719 2153 2803 gloriﬁcabit,

408 2838 410 2841 -
509 2805 793 2885 quoniam
824 2805 899 2868 de
929 2826 1062 2869 meo
1087 2807 1343 2891 accipiet
1358 2808 1697 2890 75,-inquit:
1723 2807 2152 2881 «Quemadmo-

506 2892 648 2955 dum
678 2892 1226 2958 odoratissimorum
1258 2899 1473 2960 ﬂorum
1502 2897 1652 2960 odor
1679 2897 1738 2959 in
1769 2916 1833 2959 se
1863 2897 1991 2978 ipse
2013 2917 2156 2979 quo-

507 2980 828 3044 dammodo
858 2983 1196 3066 suscipiens
1225 2986 1555 3049 naturalem
1584 3006 1654 3048 ac
1701 2986 2150 3049 substantialem

507 3088 707 3133 rerum
733 3089 804 3134 ex
833 3048 1050 3154 quibus
1082 3082 1170 3136 est
1199 3048 1528 3138 efﬁcaciam
1557 3075 1679 3138 sive
1708 3076 2150 3157 qualitatem,ad
2171 3048 2212 3099 ο

506 3160 959 3231 extradefert,et
987 3163 1384 3242 cognitionem
1412 3165 1679 3247 corporis
1712 3163 2156 3246 membris,quae

507 3248 776 3312 odoratui
808 3251 1134 3314 inserviunt
1162 3253 1458 3329 incidens,
1492 3254 1743 3318 indit.Et
1764 3254 1994 3316 videtur
2016 3254 2151 3334 qui-

507 3335 761 3418 dem,uti
793 3345 992 3401 mente
1013 3341 1440 3421 comprehendi
1465 3342 1799 3422 potest,alia
1830 3359 1899 3403 ac
1920 3341 2155 3404 diversa

505 3423 578 3487 ab
608 3443 678 3488 ea
704 3445 838 3508 quae
868 3427 1035 3490 illum
1059 3431 1402 3492 transmittit
1458 3438 1690 3507 natura,
1741 3439 2150 3492 verumtamen

501 3513 566 3576 in
618 3513 816 3595 seipsa
862 3516 1236 3582 considerata
1267 3537 1386 3580 non
1415 3519 1591 3582 aliam
1640 3519 1820 3582 habet
1855 3527 2146 3596 naturam,

502 3619 680 3680 quam
711 3619 842 3684 quae
871 3620 944 3667 ex
971 3603 1090 3667 illis
1119 3605 1278 3668 unde
1324 3608 1453 3688 ipse
1509 3617 1622 3687 est,
1657 3616 1716 3670 et
1745 3615 1969 3681 manet,
2004 3627 2150 3668 con-

503 3689 778 3770 spicitur.
813 3690 898 3753 Ita
927 3692 1002 3754 de
1032 3695 1155 3756 Deo
1189 3704 1246 3756 et
1276 3693 1501 3776 Spiritu
1553 3703 1758 3758 sancto
1810 3695 2146 3776 intelligito,

502 3777 823 3842 sublimius
881 3781 994 3843 vim
1055 3783 1308 3865 exempli
1363 3783 1688 3866 accipiens.
1729 3784 1891 3849 Nihil
1949 3784 2150 3865 itaque

501 3865 835 3930 detrahitur
861 3869 1132 3951 Spiritui,
1167 3881 1228 3933 et
1255 3891 1434 3954 supra
1463 3865 1700 3936 omnem
1731 3873 2148 3954 reprehensio—

500 3971 639 4017 nem
671 3962 783 4043 est,
816 3975 948 4019 cum
979 3960 1268 4023 asseritur
1297 3961 1554 4042 Spiritus
1581 3961 1856 4043 accipere
1892 3960 1965 4022 ab
1993 3960 2145 4024 bni-

502 4041 1002 4127 genito.Namque
1033 4041 1392 4129 promanans
1418 4069 1527 4133 per
1553 4041 1746 4132 ipsum
1777 4050 2144 4126 naturaliter,

813 4134 974 4250 illius
1002 4139 1444 4250 proprigsccum
1474 4139 1774 4216 omnibus,
1808 4157 1940 4222 quae
1969 4138 2149 4201 abso-
2170 4200 2214 4250 Β

501 4220 625 4286 lute
654 4221 863 4301 habet,
891 4225 1166 4308 accipere
1195 4227 1434 4292 dicitur.
1471 4251 1494 4282 ι

581 4309 748 4399 Idem
777 4311 1059 4377 inilludzc
1085 4315 1298 4380 Omnia
1327 4335 1716 4399 quacumque
1745 4315 1923 4379 habet
1948 4319 2142 4396 Pater,

503 4398 680 4462 meda
705 4409 863 4479 sunt,
889 4410 1322 4487 proptereaque
1351 4406 1494 4482 dixi,
1525 4398 1676 4480 Quia
1703 4405 1780 4467 de
1809 4424 1941 4468 meo
1986 4405 2148 4468 acci-

511 4487 660 4571 piet,
693 4495 754 4551 et
780 4492 1154 4556 annuntiabit
1179 4495 1345 4558 vobis
1373 4496 1455 4573 Ίί,
1486 4521 1508 4551 ι
1545 4494 1763 4577 inquit,
1804 4524 1825 4554 ι
1855 4493 2150 4568 Quemad-

503 4577 747 4640 modum
781 4579 1048 4662 exempli’
1093 4602 1295 4657 causa,
1351 4594 1682 4647 aromatum
1741 4583 1889 4645 odor
1935 4583 2152 4646 nostris

497 4665 742 4729 naribus
772 4667 1121 4753 objectus,si
1139 4673 1273 4754 quis
1301 4669 1658 4754 cogitatione
1685 4671 1746 4734 id
1777 4671 2151 4746 examinarit,

501 4771 620 4816 non
647 4755 761 4817 alio
794 4757 970 4820 modo
1003 4759 1222 4838 exsilit,
1261 4781 1436 4843 quam
1485 4780 1692 4824 eorum
1723 4779 1792 4822 ex
1824 4760 2038 4841 quibus
2061 4769 2152 4822 est

491 4846 768 4906 virtutem
826 4864 1031 4910 secum
1079 4847 1379 4926 deferens,
1415 4869 1670 4930 eamque
1699 4857 2146 4924 commonstrat,

491 4950 624 5018 qua
647 4951 767 4995 non
783 4933 899 4998 alia
931 4944 1232 5021 est,quam
1265 4940 1372 5002 illa
1399 4959 1532 5022 quae
1559 4939 1620 5002 in
1649 4938 1771 5002 illis
1797 4938 2010 4999 adnata
2033 4946 2145 5018 est,

491 5029 563 5111 et
591 5039 664 5111 ex
689 5022 808 5111 illis
836 5035 1185 5106 promanat;
1219 5029 1340 5091 tale
1363 5027 1817 5111 quidpiam,imo
1835 5025 2152 5088 sublimius

487 5107 712 5190 aliquid
765 5111 1084 5200 intelligito
1142 5117 1218 5179 de
1266 5107 1400 5180 Deo“
1444 5107 1758 5200 et'Spiritu
1797 5114 2152 5179 sancto.Est

497 5215 717 5279 nempe
747 5199 899 5264 odor
925 5203 1169 5285 quidam
1204 5207 1485 5270 essentia;
1521 5199 1686 5270 illius
1713 5204 1926 5267 vivens
1943 5223 2010 5266 ac
2041 5224 2148 5285 po-

498 5288 734 5377 tens,ad
765 5299 1068 5356 creaturas
1119 5313 1253 5377 quae
1298 5294 1406 5358 Dei
1448 5303 1586 5359 sunt
1628 5302 2057 5376 transportans,
2096 5305 2156 5356 et

501 5374 1025 5460 participationem
1061 5374 1194 5462 ejus
1224 5381 1728 5447 immittens.Nam
1743 5374 1808 5444 si
1823 5391 2154 5445 aromatum

2245 491 2590 565 καταϐαῖνον⁹
2631 524 2654 554 ι
2718 498 2874 576 φησίν
2909 516 2922 530 ³
3005 518 3030 553 α
3068 499 3165 554 Καὶ
3231 496 3477 564 ἐποίησεν
3535 497 3562 552 ὁ
3624 497 3754 559 Θεὸς
3807 497 3899 551 τὸν

2245 581 2538 662 ἄνθρωπον,
2582 584 2701 642 κατ’
2745 585 2918 642 εἰκόνα
2976 591 3106 643 Θεοῦ
3148 585 3394 654 ἐποίησεν
3454 584 3609 641 αῦτόν
3643 600 3657 614 °
3720 583 3800 641 ὅτι
3844 583 3899 640 δὲ

2244 668 2327 727 διὰ
2359 682 2451 732 τοῦ
2507 675 2809 750 Πνεῦματος
2854 677 2926 738 εἷς
2985 675 3158 732 εἰκόνα
3214 676 3313 743 τὴν
3373 678 3523 732 θεῖαν
3593 695 3894 754 κατεσφρα-

2246 762 2441 842 γίζετο,
2479 765 2677 832 Μωσῆς
2730 761 2952 829 ἒδιδάξεν
2999 765 3157 821 εἰπών
3189 782 3205 798 ·
3260 783 3283 816 ε
3318 766 3414 822 Καὶ
3475 763 3788 842 ἐνεφύσηοεν
3824 765 3893 826 εἰς

2247 852 2307 906 τὸ
2349 852 2634 930 πρόσωπον
2666 853 2821 910 αὐτοῦ
2851 854 3017 923 πνοὴν
3059 855 3225 925 ζωῆς.
3263 871 3289 906 ³

2329 931 2386 998 Ὀ
2455 941 2619 1018 μέγας
2687 939 2994 1008 Ἀθανάσιος
3077 943 3132 998 ἐν
3216 945 3250 1018 ᾗ
3335 941 3587 1000 ἐκτίθεται
3673 940 3889 1007 διαλέξει

2247 1018 2544 1108 Ὀρθοδόξου
2572 1030 2659 1085 καὶ
2707 1028 2984 1104 Ἀνομοίου
3053 1031 3209 1110 φησίν
3242 1049 3257 1064 ⁶
3314 1051 3334 1080 α
3372 1031 3517 1086 Αίτία
3576 1029 3684 1085 ἐστι
3739 1031 3890 1098 ἢτοῦ

2246 1122 2376 1172 Θεοῦ
2417 1117 2566 1196 φύσις
2619 1119 2707 1173 καὶ
2755 1124 2848 1174 τοῦ
2915 1119 3034 1177 Υἶοῦ
3088 1120 3177 1176 καὶ
3215 1126 3306 1176 τοῦ
3364 1119 3513 1197 ἁγίου
3560 1119 3884 1193 Πνεύματος.

2249 1206 2334 1262 διαὶ
2376 1210 2475 1272 τῆς
2534 1206 2754 1270 κτίσεως
2800 1207 2995 1282 πάσης,
3043 1207 3181 1264 ἀλλά
3240 1215 3332 1265 τοῦ
3374 1211 3471 1282 μὲν
3509 1211 3627 1264 ι’ἱοῦ
3683 1209 3754 1272 ὡς
3785 1209 3890 1264 Λό-

2244 1316 2364 1372 γου,
2413 1311 2438 1346 ι
2473 1291 2562 1352 Ἐν
2607 1294 2752 1374 ἀρχῇ
2783 1296 2881 1374 γὰρ
2927 1297 2992 1364 ἧν
3037 1299 3064 1353 ὁ
3109 1299 3301 1375 Λόγος,
3337 1317 3359 1347 ι
3396 1303 3486 1353 τοῦ
3543 1295 3595 1352 δὲ
3655 1303 3894 1372 Πνεῦμαο

2242 1404 2331 1446 τος
2361 1385 2434 1448 ὡς
2462 1389 2630 1450 πνοῆς
2667 1404 2679 1415 ·
2715 1407 2741 1438 α
2776 1385 2919 1452 livor.
2950 1387 3049 1465 γὰρ
3107 1386 3528 1464 παντοκράτορος
3558 1388 3592 1454 ἡ
3648 1384 3892 1450 διδάξασα

2245 1492 2334 1551 με,
2373 1494 2401 1525 α
2435 1471 2530 1540 τῆς
2575 1470 2629 1528 δὲ
2690 1473 2910 1538 κτίσεως
2968 1477 3042 1538 ὡς
3085 1475 3412 1550 κτισμάτων,
3457 1473 3510 1540 ἐξ
3563 1477 3638 1530 ὧν
3693 1473 3891 1530 ἀναλό-

2242 1581 2350 1638 γως
2381 1563 2409 1616 ὁ
2462 1563 2828 1640 γενεσιουργὸς
2884 1567 3055 1622 αὐτῶν
3103 1567 3404 1642 θεωρεῖται.
3439 1563 3568 1622 Οῗτε
3627 1562 3680 1620 δὲ
3736 1561 3892 1640 λόγος

2241 1651 2558 1728 προφορικὸς
2618 1648 2701 1706 διὰ
2757 1658 2862 1708 τῶν
2933 1659 3248 1729 φωνητικῶν
3321 1653 3555 1733 ὁργάνων
3615 1653 3890 1728 ἐκπεμπό-

2180 1758 2424 1825 Βμενος,
2457 1737 2573 1794 οὔτε
2615 1741 2751 1809 πνοή
2820 1762 2899 1804 τις
2955 1739 3280 1820 διαχεομένη
3339 1744 3426 1798 καὶ
3482 1739 3566 1799 διὰ
3609 1744 3714 1797 τῶν
3759 1742 3888 1796 ἀνα-

2240 1833 2561 1883 πνευστικῶν
2618 1828 2852 1906 ὀργάνων
2931 1830 3313 1905 ἐκπεμπομένη
3383 1831 3546 1910 ἐστὶν²
3617 1829 3750 1886 ἀλλὰ
3805 1831 3890 1884 καὶ

2240 1913 2410 1992 Λόγος
2441 1921 2544 1986 ζῶν
2574 1916 2660 1970 καὶ
2731 1914 2938 1995 ἐνεργός
2971 1935 2985 1951 ·
3027 1939 3050 1970 ε
3084 1919 3260 1974 Πάντα
3302 1920 3400 1998 γὰρ
3456 1917 3523 1974 δι’
3579 1919 3734 1976 αὒτου
3765 1917 3887 1996 ἐγέ-

2238 2024 2380 2082 νετο,
2421 2024 2444 2060 ι
2481 2006 2567 2061 καὶ
2610 2009 2822 2080 Πνεῦμα
2871 2012 2973 2076 ζῶν
3019 2008 3105 2062 καὶ
3163 2006 3372 2087 ἐνεργόν
3407 2025 3426 2042 ο
3503 2030 3526 2059 ι
3559 2007 3735 2064 Πάντα
3791 2008 3890 2084 γὰρ

2237 2094 2399 2148 ταίτα
2442 2092 2647 2171 ἐνεργεῖ
2699 2095 2758 2148 τὸ
2815 2091 2868 2150 ἓν
2896 2095 2983 2150 καὶ
3037 2096 3097 2150 τὸ
3153 2095 3279 2151 αῦτὸ
3347 2101 3580 2170 Πνεῦμα,
3633 2118 3655 2151 ι
3693 2098 3762 2153 Τὸ
3834 2095 3888 2150 δὲ

2237 2179 2525 2257 ἀγέννητον
2568 2181 2664 2238 οὐκ
2695 2179 2835 2238 ἔστιν
2885 2182 3060 2240 αἴτιον
3118 2193 3210 2242 τοῦ
3265 2193 3541 2262 γεννητοῦ,
3577 2188 3647 2244 Οὔ
3699 2187 3798 2262 γὰρ
3828 2187 3888 2240 τὸ

2239 2271 2317 2345 μὴ
2387 2273 2662 2348 γεννᾶσθαι
2718 2273 2810 2328 τὸν
2869 2272 2998 2328 Θεὸν
3044 2279 3147 2330 τῶν
3207 2275 3394 2330 οὖσιων
3441 2273 3634 2348 αἴτιον,
3679 2272 3793 2330 ἀλλ’
3855 2276 3886 2339 ἡ

2240 2359 2388 2416 οὐσία
2416 2363 2520 2416 τῶν
2549 2363 2736 2419 οὐσιῶν
2764 2361 2924 2435 αἰτία,
2985 2365 3058 2426 ὡς
3091 2363 3326 2442 εἴρηται.
3377 2366 3431 2420 Εἰ
3479 2364 3578 2442 γὰρ
3633 2365 3693 2419 τὸ
3723 2363 3882 2441 ἀγεν-

2239 2471 2398 2514 νητον
2429 2449 2627 2529 αἴτιον,
2674 2450 2849 2515 αἴτιος
2907 2449 2961 2506 δὲ
3017 2454 3104 2508 καὶ
3163 2455 3192 2508 ὁ
3236 2454 3355 2516 Υἱὸς
3398 2459 3504 2509 τῶν
3557 2453 3881 2525 κτισμάτων,

2241 2536 2525 2614 ἀγέννητος
2559 2536 2658 2618 ἄρα
2690 2555 2703 2569 ·
2752 2538 2872 2596 ἀλλ’
2929 2543 3022 2596 οὒκ
3077 2541 3365 2619 ἀγέννητος
3425 2542 3558 2598 κατὰ
3588 2542 3667 2613 σὲ¹
3717 2541 3885 2605 αἴτιος

2239 2624 2314 2688 δέ,
2351 2628 2423 2683 Οῦ
2452 2629 2514 2683 τὸ
2544 2629 2832 2708 ἀγέννητον
2863 2628 2962 2708 ἀρα
2987 2629 3184 2692 αἴτιον.
3222 2651 3244 2680 ι

2324 2706 2380 2770 ὀ
2424 2706 2856 2795 ἅγιοςΚύριλλος
2882 2706 2956 2781 Si:
3011 2720 3094 2798 τὸ,
3148 2746 3170 2776 ι
3203 2717 3444 2782 Ἐκεῖνος
3499 2719 3598 2798 ἐμὲ
3655 2715 3880 2789 δοξάσει,

2237 2802 2316 2859 ὅτι
2387 2803 2446 2860 ἐκ
2514 2813 2606 2862 τοῦ
2660 2805 2789 2882 ἐμοῦ
2858 2797 3107 2882 λήψεται,
3163 2808 3318 2888 φησίν
3355 2824 3368 2837 ⁸
3438 2829 3460 2857 α
3497 2797 3704 2884 ”Ονπερ
3785 2809 3882 2884 γὰρ

2235 2891 2428 2971 τρόπον
2479 2893 2513 2961 ἣ
2561 2895 2620 2950 ὲκ
2677 2902 2782 2952 τῶν
2852 2896 3225 2971 εὖσαματάτων
3296 2897 3492 2953 ἀνθέων
3551 2894 3734 2952 εὒωδία
3791 2893 3885 2950 λα-

2235 2978 2396 3038 ϐοῦσα
2461 2981 2653 3062 τρόπον
2709 2985 2825 3040 τινὰ
2879 2987 2984 3041 τῶν
3028 2985 3331 3064 προσόντων
3392 2988 3570 3047 αὐτοῖς
3637 2985 3736 3052 τὴν
3791 2989 3882 3042 οὖ-

2235 3067 2400 3136 σίώδη
2469 3073 2556 3126 καὶ
2609 3073 2831 3152 φυσικὴν
2873 3071 3134 3152 ἐνέργειαν
3203 3073 3320 3140 ἦτοι
3391 3075 3650 3140 ποιότητα
3698 3072 3880 3128 διακο-

2237 3159 2373 3234 μίζει
2445 3173 2560 3224 τοῖς
2633 3159 2730 3226 ἔξω
2784 3161 2882 3227 τὴν
2953 3168 3147 3238 γνῶσιν
3205 3175 3324 3225 τοῖς
3375 3163 3749 3243 ὀσιρααντικοῒς
3795 3166 3885 3218 τοῦ

2238 3249 2486 3325 σώματος
2545 3251 2746 3327 μορίοις
2805 3252 3138 3328 ἐμπίπτουσα
3169 3271 3184 3286 ·
3241 3255 3328 3310 καὶ
3384 3253 3530 3311 δοκεῖ
3585 3255 3681 3328 μέν
3771 3278 3882 3318 πως

2235 3336 2359 3394 ὅσον
2414 3338 2539 3405 ἧκεν
2585 3341 2659 3402 εἷς
2718 3340 2948 3406 ἐπινοίας
3007 3340 3165 3419 λόγον
3217 3342 3365 3423 ἕτέρα
3417 3366 3498 3406 τις
3543 3344 3684 3399 εἶναι
3745 3346 3882 3421 παρὰ

2233 3428 2329 3495 τὴν
2395 3427 2709 3502 πέμπουσαν
2795 3429 2958 3497 αὐτὴν
3029 3433 3178 3512 φύσιν
3213 3447 3226 3460 '
3292 3432 3580 3507 νοουμένην
3637 3454 3698 3509 γε
3769 3434 3876 3501 μὴν

2215 3515 2406 3573 οὐκέτι
2437 3515 2553 3574 καθ’
2599 3519 2792 3584 ἑαυτὴν
2849 3519 3029 3599 ἑτέραν
3087 3520 3202 3601 ἔχει
3263 3522 3438 3601 φύσιν,
3473 3521 3510 3590 ἢ
3539 3521 3637 3587 τὴν
3697 3519 3748 3586 ἐξ
3804 3525 3875 3574 ὢν

2229 3607 2317 3662 καὶ
2347 3605 2401 3662 ἐν
2447 3610 2532 3670 οἷς
2563 3606 2704 3663 ἐστιν
2739 3605 2754 3638 ⁶
2801 3605 2938 3664 οὕτω
2967 3610 3176 3678 νοήσεις
3221 3609 3308 3666 ἐπί
3339 3631 3395 3665 τε
3425 3617 3558 3666 Θεοῦ
3601 3611 3698 3667 Καὶ
3729 3610 3875 3686 ἁγίου

2231 3695 2554 3770 Πνεύματος,
2627 3697 2718 3752 τὸν
2788 3704 2880 3754 τοῦ
2935 3696 3356 3777 παραδείγματος
3434 3696 3725 3755 ἀναϐαίνων
3780 3697 3878 3754 λό-

2231 3805 2346 3859 γον,
2382 3781 2815 3864 Ἀκατηγόρητον
2845 3785 2934 3842 οὖν
2991 3785 3091 3865 ἄρα
3151 3785 3420 3848 παντελῶς
3479 3788 3563 3843 καὶ
3618 3783 3876 3866 λοιδορίας

2227 3871 2441 3939 ἀπάσης
2473 3870 2570 3938 ἔξω
2598 3873 2825 3930 κείσεται
2880 3876 2941 3930 τὸ
2984 3872 3170 3932 λαϐεῖν
3221 3873 3460 3953 λέγεσθαί
3514 3897 3563 3931 τι
3605 3876 3747 3952 παρὰ
3778 3883 3876 3933 τοῦ

2231 3966 2556 4039 Μονογενοῦς
2586 3961 2646 4018 τό
2699 3967 2909 4036 Πνεῦμα
2952 3962 3131 4021 αὒτοῦ.
3181 3964 3372 4042 Προϊόν
3427 3964 3526 4042 γὰρ
3585 3961 3652 4018 δι’
3723 3965 3880 4022 αὐτοῦ

2229 4055 2461 4129 φυσικῶς
2489 4051 2560 4115 ὡς
2603 4048 2737 4107 ἴδιον
2767 4052 2945 4126 αὐτοῦ,
2992 4053 3126 4126 μετά
3169 4053 3382 4108 πάντων
3409 4055 3482 4108 ὧν
3516 4051 3633 4131 ἔχει
3662 4050 3878 4115 τελείως

2231 4139 2523 4216 λαμϐάνειτ
2552 4141 2761 4221 λέγεται
2791 4144 2856 4201 τὰ
2884 4145 3062 4206 αὺτοῦ.

2315 4298 2370 4366 Ὀ
2443 4309 2596 4374 αὐτός
2641 4312 2713 4375 είς
2756 4311 2840 4385 τό,
2904 4341 2926 4370 ι
2959 4313 3132 4368 Πάντα
3188 4314 3285 4368 ὃσα
3339 4313 3455 4392 ἔχει
3500 4316 3527 4369 ὁ
3572 4313 3750 4390 Πατὴρ
3779 4313 3881 4387 ἐμά

2231 4398 2365 4472 ἐστι⁹
2410 4399 2498 4456 καὶ
2539 4397 2623 4456 διὰ
2652 4407 2804 4457 τοῦτο
2848 4403 3006 4458 εἶπον
3035 4403 3188 4476 ὑμῖν,
3222 4400 3302 4456 ὅτι
3334 4398 3428 4459 Ἐκ
3457 4408 3547 4458 τοῦ
3589 4401 3717 4476 ἐμοῦ
3747 4400 3880 4474 λαμ-

2231 4484 2375 4545 ϐάνει
2406 4489 2494 4544 καὶ
2546 4487 2833 4567 ἀναγγελεῖ
2873 4489 3025 4565 ὑμῖν.
3064 4518 3085 4547 ι
3147 4489 3304 4570 φησίν
3340 4507 3353 4519 ⁶
3424 4509 3454 4548 ς
3486 4477 3684 4568 Ὥσπερ
3729 4481 3777 4544 δ’
3819 4490 3879 4544 ἂν

2233 4582 2414 4655 φῶμεν
2445 4577 2545 4643 τὴν
2573 4575 2634 4632 ’έκ
2661 4582 2768 4632 τῶν
2809 4578 3104 4656 ἀρωμάτων
3165 4593 3288 4641 ταῖς
3329 4578 3611 4658 ἡμετέραις
3671 4581 3869 4657 ἀπερρή-

2236 4685 2348 4721 σεσι
2377 4661 2809 4744 προσϐάλλουσαν
2866 4666 3082 4724 εῦωδίαν
3132 4669 3310 4748 ἑτέραν
3357 4669 3454 4743 μὲν
3510 4668 3694 4748 ὥσπερ
3751 4669 3878 4745 πρός

2231 4755 2386 4833 αὒτὰ,
2415 4756 2457 4810 εί
2487 4766 2607 4816 ταῖς
2670 4754 2922 4820 ἐπινοίαις
2982 4755 3097 4825 δοίη
3153 4779 3234 4822 τις
3265 4757 3348 4828 ἂν,
3384 4759 3762 4835 προεκκύπτειν
3817 4778 3875 4833 γε

2231 4843 2338 4917 μὴν
2367 4843 2471 4922 οὔχ
2513 4843 2703 4922 ἑτέρως
2759 4842 2930 4902 οἴοιτο
2972 4847 3135 4925 τυχόν
3191 4847 3226 4915 ἢ
3279 4849 3384 4902 τῶν
3438 4845 3489 4912 ἐξ
3543 4845 3717 4922 ὦνπέρ
3774 4845 3878 4900 ἐστι

2231 4929 2529 5012 δεχομένην
2581 4933 2678 5000 τὴν
2721 4931 2936 5008 δύναμιν
2990 4936 3061 4999 είς
3121 4934 3332 5000 ἔνδειξιν
3387 4934 3603 5009 ἕαυτῆς,
3650 4937 3744 4991 οῦκ
3786 4936 3876 4990 οὒ-

2233 5021 2327 5076 σάν
2355 5042 2416 5097 γε
2446 5021 2554 5096 μήν
2601 5020 2780 5099 ἑτέραν
2807 5019 2892 5077 διὰ
2929 5023 2988 5079 τό
3030 5023 3084 5089 ἒξ
3137 5028 3308 5082 αὐτῶν
3367 5045 3424 5080 τε
3467 5027 3555 5081 καὶ
3606 5023 3658 5080 ἐν
3702 5025 3878 5083 αὐτοῖς

2231 5109 2514 5188 πεφυκέναι
2549 5127 2563 5141 ⁶
2617 5112 2850 5169 τοιοῦτόν
2907 5135 2955 5168 τι
3018 5111 3222 5188 μᾶλλον
3282 5111 3337 5170 δὲ
3415 5116 3502 5170 καὶ
3543 5114 3672 5190 ὑπὲρ
3729 5119 3880 5168 τοῦτο

2232 5199 2439 5268 νοήσεις
2471 5197 2555 5256 ἐπί
2597 5222 2653 5257 τε
2686 5207 2818 5258 Θεοῦ
2848 5203 2935 5258 καὶ
2978 5203 3125 5280 ἁγίου
3175 5205 3501 5278 Πνεύματος.
3564 5203 3732 5260 Οίονεὶ
3785 5202 3880 5277 γὰρ

2234 5290 2377 5366 δσμῆ
2420 5289 2497 5353 τίς
2539 5288 2649 5346 ἔστι
2675 5292 2772 5358 τῆς
2803 5293 2978 5356 οὖσίας
3010 5292 3166 5349 αὺτοῦ
3191 5295 3334 5364 ζῶσά
3398 5315 3454 5349 τε
3511 5293 3598 5349 καὶ
3628 5294 3876 5369 ὶναργσὶά,

2235 5379 2605 5456 διακομίζουσα
2653 5386 2719 5456 τῇ
2767 5381 2933 5437 κτίσει
2981 5383 3048 5437 τὰ
3100 5384 3241 5462 παρά
3299 5389 3389 5440 τοῦ
3459 5383 3590 5438 Θεοῦ
3645 5383 3731 5438 καὶ
3787 5381 3880 5447 τῆς

562 5544 627 5595 ⁸⁸
662 5545 843 5614 Marc.
874 5565 919 5632 ι,
960 5550 1057 5614 10.
1085 5550 1151 5602 67
1180 5553 1352 5618 Joan.
1389 5571 1430 5636 ι,
1464 5554 1523 5617 1.
1555 5554 1621 5604 68
1649 5551 1797 5617 ibid.
1830 5551 1891 5616 3.
1924 5550 1991 5604 69
2022 5553 2153 5618 [Co

2235 5571 2338 5633 xu,
2371 5553 2470 5619 11.
2498 5551 2562 5606 το
2583 5553 2755 5621 éoan.
2789 5572 2916 5636 ινι,
2953 5557 3024 5622 14
3084 5557 3136 5606 τί
3170 5554 3315 5619 ibid.
3357 5555 3451 5631 15,

706 5688 738 5710 ο
