4210 6292
292 330 407 401 697

1772 331 2159 397 EPIGRAPH
2165 336 2230 398 1E

3570 338 3688 403 698

300 468 558 546 ἀνωτάτω
614 470 801 526 πασῶν
843 470 1017 550 οὐσίας
1060 468 1323 528 ὶντιθεῐσα
1364 466 1432 526 δι’
1479 471 1672 539 ἑαυτῆς
1703 472 1801 540 τήν
1845 468 1948 546 μέ-

2033 465 2185 529 odor
2213 469 2518 551 propriam
2552 470 2825 534 virtutem
2856 488 3064 534 eorum
3098 469 3358 543 vestibus
3404 470 3690 553 relinquit

294 544 459 622 θεξιν.
522 559 581 633 Et
633 559 735 636 γὰρ
790 559 825 626 ἡ
882 544 1326 638 1&v69mpé1mv
1381 560 1598 635 εὖοσμία
1665 560 1764 629 τὴν
1813 544 1949 618 ἰδίαν

305 646 457 727 ἰσχὺν
513 645 933 721 εναπομάττεται
988 659 1107 711 τοϊς
1174 646 1461 723 ἐσθήμασι,
1519 649 1607 705 καὶ
1650 671 1944 725 μετασκευ-

303 734 413 806 άζει
441 734 638 813 τρόπον
667 736 784 792 τινὰ
812 736 940 815 πρὸς
972 734 1164 804 ἑαυτὴν
1216 736 1283 792 τὰ
1338 739 1394 793 ὲν
1441 738 1530 801 οῖς
1600 735 1662 792 ἂν
1718 737 1947 816 γένοιτο,

304 830 417 887 πῶς
473 823 571 881 οὒκ
626 824 688 880 ἂν
743 826 959 905 ἰσχύσαι
1020 827 1083 882 16
1139 830 1350 901 Πνεῦμα
1404 827 1466 882 16
1522 825 1695 906 ἅγιον,
1740 826 1953 904 ἐπείπερ

300 915 443 970 ὶστιν
490 912 553 970 ἑκ
593 921 724 972 Θεοῦ
779 920 1038 994 φυσικῶς,
1087 915 1374 980 καινωνοὺς
1425 920 1524 983 τῆς
1565 914 1705 979 θείας
1763 915 1957 973 ἀποτε-

304 1000 456 1058 λέσαι
481 1003 684 1084 φύσεως
740 1000 810 1058 δι’
849 1003 1036 1060 ἑαυτοῦ
1062 1003 1183 1068 τοὺς
1214 1003 1268 1058 ἐν
1298 1004 1385 1069 οἶς
1431 1004 1492 1062 ἂν
1519 1003 1725 1083 γένοιτο
1759 1025 1775 1077 ;
1804 1014 1949 1085 Καρ-

303 1094 404 1157 πὸς
460 1095 549 1150 οὖν
597 1092 696 1173 ἄρα
740 1093 830 1149 καὶ
857 1093 1139 1173 χαρακτὴρ
1180 1095 1278 1160 τῆς
1311 1094 1647 1157 δποστάσεως
1676 1093 1770 1151 τοῦ
1823 1114 1952 1172 γεν-

302 1182 562 1251 νήσαντος
604 1182 862 1260 ὺπάργων
888 1184 916 1238 6
965 1183 1107 1261 Υἱὸς,
1153 1182 1326 1239 πάντα
1352 1184 1419 1238 τὰ
1447 1184 1603 1239 αὗτοῦ
1658 1183 1795 1238 κατὰ
1849 1182 1951 1262 φύ-

300 1291 385 1325 σιν
414 1269 665 1349 ἐπάγεται
701 1289 715 1303 ·
750 1269 833 1327 διὰ
870 1277 1025 1329 τοῦτο
1075 1292 1227 1351 φησι.
1281 1294 1309 1326 ιι
1368 1272 1546 1328 Πάντα
1602 1270 1700 1328 ὅσα
1757 1270 1875 1351 ἔχει
1923 1275 1951 1329 6

303 1358 487 1437 Πατὴρ
515 1358 620 1435 ἐμά
650 1359 785 1419 ἐστι.
836 1360 935 1415 Διὰ
988 1366 1143 1417 τοῦτο
1186 1359 1344 1416 εἶπον
1396 1361 1524 1433 ὑμῒν
1580 1358 1661 1416 ὅτι
1710 1359 1805 1418 Ἐκ
1860 1367 1953 1418 τοῦ

300 1448 433 1505 ἐμοῦ
486 1446 742 1524 λαμϐάνει
814 1450 900 1504 καὶ
960 1447 1249 1527 ἀναγγελεῖ
1318 1449 1469 1524 ὑμῖν,
1507 1471 1536 1505 ι
1595 1451 1657 1505 τὸ
1742 1455 1952 1524 Πνεῦμα

305 1534 553 1604 δηλονότι
582 1538 644 1594 16
674 1534 741 1593 δι’
771 1537 930 1597 αὐτοῦ
956 1558 1013 1593 τε
1037 1539 1125 1594 καὶ
1153 1537 1208 1594 ἐν
1239 1541 1402 1612 αὐτῷ,
1436 1535 1500 1593 δι’
1535 1540 1594 1594 οὔ
1633 1551 1750 1595 τοτε
1779 1538 1945 1617 ἁγίοις

298 1627 375 1705 ᾡς
421 1625 577 1691 αυτὸς
646 1625 849 1683 ἐνοικεῖ
883 1644 898 1660 ⁸
956 1627 1017 1682 0'3
1085 1626 1185 1705 γὰρ
1242 1624 1418 1704 ἕτερον
1483 1624 1606 1704 παρ’
1677 1628 1831 1683 αὐτὸν
1886 1628 1948 1683 τὸ

299 1720 512 1789 Πνεῦμα
569 1714 747 1790 αὐτοῦ,
809 1712 906 1770 κᾶν
958 1715 1216 1795 ὑπάρχειν
1273 1716 1457 1782 νοῆται
1491 1713 1607 1772 καθ’
1666 1715 1819 1771 ἑαυτὸ
1860 1711 1948 1772 καὶ

295 1800 464 1866 ἰδίως,
498 1809 712 1878 Πνεῦμα
741 1803 841 1882 γὰρ
883 1802 944 1859 τό
972 1809 1208 1879 Πνεῦμα,
1240 1804 1328 1860 καὶ
1357 1805 1460 1882 οὔχ
1492 1803 1632 1866 Υἱός.
1671 1822 1701 1861 ι

382 1881 441 1949 Ὀ
496 1891 724 1970 Ερμείας
760 1881 910 1970 πρός
939 1891 1057 1971 λτόν
1101 1890 1356 1971 Κύριλλον
1404 1881 1458 1947 ἕν
1489 1897 1567 1965 τῷ
1611 1888 1818 1967 ἑϐδόμῳ
1856 1900 1950 1949 τοῦ

294 1968 551 2060 διαλόγου.
584 1982 742 2058 φησίν
777 1996 791 2011 ’
823 1968 830 1970 Ἴ
859 2002 887 2036 ε
938 1968 1188 2060 ’Άραρενν
1217 1980 1304 2037 οὖν
1347 1978 1427 2037 ὅτι
1464 1982 1525 2037 τό
1554 1984 1767 2058 Πνεῦμα
1807 1982 1943 2053 ζωὴ,

292 2059 526 2149 φυσικῶς
604 2067 874 2150 δηλονότι,
945 2059 1033 2126 καί
1109 2071 1169 2126 οὗ
1224 2071 1514 2145 μεθεκτῶς,
1551 2088 1573 2118 ι
1629 2060 1685 2129 Ὀ
1747 2059 1945 2149 ιἈγιος

292 2159 425 2232 πρὸς
481 2157 636 2215 τοῦτο
666 2172 682 2188 ’
777 2179 802 2213 α
853 2158 1193 2215 Παντάπασιν
1222 2158 1333 2230 οὖν,
1385 2160 1431 2212 ὦ
1462 2158 1663 2237 ἑταῖρε,
1696 2167 1861 2218 Τοῦτο
1891 2157 1945 2214 δὲ

290 2244 422 2323 εἴσῃ
447 2245 625 2312 καλῶς
696 2248 784 2304 καὶ
811 2245 865 2312 ἐξ
911 2246 1101 2326 ἐτέρων
1145 2247 1381 2307 ἐννοιῶν.
1428 2254 1559 2304 Θεοῦ
1589 2248 1685 2324 μὲν
1728 2248 1827 2328 γὰρ
1859 2246 1948 2305 λέ-

289 2356 481 2413 γοντος
508 2336 689 2394 ἐπαῒοι
747 2356 824 2400 τις
871 2333 954 2409 ἂν,
990 2337 1078 2392 καὶ
1136 2337 1422 2415 μονονουχὶ
1453 2334 1781 2402 λειποταξίου
1824 2358 1950 2416 γρα-

288 2424 399 2505 φὴν
491 2424 848 2505 καταχέοντος
941 2430 1047 2482 τῶν
1111 2431 1180 2502 τῇ
1261 2426 1427 2482 κτίσει
1528 2424 1945 2503 λαίτρεευσάντων⁷

293 2535 326 2568 α
362 2511 580 2580 Ἐξὲστη
641 2516 670 2571 6
738 2515 954 2594 οὐρανὸς
1042 2515 1128 2571 ἐπὶ
1184 2515 1375 2589 τούτῳ,
1448 2517 1536 2571 καὶ
1594 2513 1794 2595 ἔαριξεν
1864 2507 1951 2571 ἐπὶ

288 2600 480 2660 πλεῖον
550 2600 769 2682 σφόδρα,
842 2601 986 2681 λέγει
1033 2604 1245 2683 Κύριος,
1295 2602 1375 2660 ὅτι
1432 2600 1521 2661 δύο
1591 2606 1678 2662 καὶ
1734 2605 1944 2674 πονηρὰ

287 2689 538 2759 ἐποίησεν
601 2693 630 2748 6
687 2691 815 2755 λαός
872 2715 993 2766 μου.
1057 2692 1187 2768 Ἐμὲ
1229 2690 1574 2771 ἐγκατέλιπον
1604 2696 1785 2771 πηγὴν
1812 2691 1942 2749 ὕδα-

286 2802 380 2843 τος
422 2781 642 2862 ζῶντος,
698 2783 786 2838 καὶ
851 2779 1049 2857 ὤρυξαν
1092 2783 1303 2847 ἑαυτοῖς
1360 2779 1589 2843 λάκκους
1644 2803 1945 2863 τυντετριμ-

284 2867 500 2943 μένους,
561 2868 616 2924 οῗ
685 2870 746 2926 οῦ
775 2867 1084 2941 δυνήσονται
1110 2868 1245 2949 ὕδωρ
1287 2868 1552 2950 συνέχειν.
1605 2892 1629 2927 ι
1708 2877 1941 2950 Προσπεο

290 2957 582 3037 φωνηκότα
653 2955 706 3014 δὲ
769 2972 888 3024 τοῖς
952 2957 1217 3021 Ἰουδαίοις
1274 2960 1563 3038 εὑρήσομεν
1618 2957 1709 3014 τόν
1754 2959 1938 3038 Κύριον

286 3047 450 3118 ἡμῶν
482 3042 687 3112 Ἰησοῦν
732 3045 957 3126 Χριστόν
994 3066 1006 3080 ⁸
1062 3070 1089 3101 α
1130 3045 1195 3105 Εἴ
1250 3069 1329 3110 τις
1360 3045 1508 3122 διψᾶ,
1541 3047 1782 3127 ἐρχέσθω
1811 3047 1938 3126 πρός

2034 564 2094 618 et
2125 556 2565 638 quodammodo
2597 560 2657 622 in
2688 558 2952 640 seipsum
3001 559 3274 621 immutat
3303 577 3394 641 ea,
3451 558 3512 630 in
3546 559 3684 640 qui-

2033 644 2146 709 bus
2174 646 2495 712 adhaeserit
2528 668 2543 709 :
2581 648 2878 730 quomodo
2912 647 3169 730 Spiritus
3198 656 3440 711 sanctus
3485 648 3587 730 qui
3617 667 3684 710 ex

2034 732 2157 796 Deo
2189 736 2543 798 naturaliter
2573 744 2685 812 est,
2717 735 3038 817 participes
3069 736 3283 799 divinae
3312 744 3539 799 naturae
3583 754 3687 797 eos

2037 841 2157 885 non
2187 823 2405 887 efﬁciet
2424 843 2530 906 per
2553 825 2818 906 seipsum
2841 825 2912 887 ad
2947 844 3093 906 quos
3121 824 3486 906 pervenerit?
3505 825 3658 888 Fruc

2036 919 2128 974 tus
2160 930 2300 992 ergo
2327 920 2385 974 et
2404 914 2710 979 character
2738 915 3119 995 hypostaseos
3152 912 3526 976 PatrisFilius
3547 932 3680 975 eum

2035 1001 2134 1082 sit,
2168 1001 2367 1063 divina
2383 1020 2515 1083 quae
2541 1002 2702 1065 illius
2731 1011 2869 1065 sunt
2890 1003 3217 1065 secundum
3251 1011 3519 1065 naturam
3550 1020 3683 1064 om-

2035 1091 2133 1152 nia
2188 1089 2428 1152 attrahit
2483 1109 2495 1154 :
2549 1090 2804 1171 ideoque
2863 1092 2981 1173 ait,
3018 1119 3039 1143 ι
3072 1091 3449 1173 Quaecunque
3505 1090 3686 1153 habet

2036 1183 2211 1244 Pater
2266 1201 2401 1245 mea
2465 1191 2623 1246 sunt.
2699 1183 3021 1264 Propterea
3091 1183 3214 1245 dixi
3274 1183 3476 1260 vobis,
3538 1182 3683 1264 quia

2033 1270 2120 1333 De
2178 1289 2311 1334 meo
2364 1271 2637 1352 accipiet.
2701 1280 2760 1334 et
2812 1272 3190 1334 annuntiabit
3244 1271 3448 1347 vobis,
3480 1294 3501 1324 ι
3540 1270 3678 1352 Spi-

2033 1357 2187 1420 ritus
2244 1358 2520 1421 videlicet
2569 1369 2850 1441 sanctus,
2901 1360 3001 1441 qui
3052 1378 3159 1441 per
3214 1377 3349 1421 eum
3404 1366 3463 1421 et
3518 1359 3578 1420 in
3612 1377 3682 1420 eo

2034 1456 2162 1523 est,
2225 1467 2330 1529 per
2398 1467 2574 1531 quem
2640 1452 2700 1511 in
2766 1450 2985 1511 sanctis
3045 1458 3106 1510 ut
3161 1449 3292 1529 ipse
3363 1446 3675 1509 inhabitat.

2031 1534 2160 1597 Non
2221 1536 2381 1599 enim
2439 1536 2597 1599 aliud
2644 1545 2861 1619 praeter
2918 1556 3054 1600 eum
3113 1536 3369 1618 Spiritus
3406 1537 3534 1617 ejus
3565 1544 3678 1611 est,

2030 1625 2171 1687 licet
2225 1625 2593 1706 intelligatur
2650 1645 2757 1706 per
2814 1627 3078 1708 seipsum
3137 1634 3197 1688 et
3239 1624 3474 1708 proprio
3496 1622 3679 1685 modo

2030 1713 2376 1777 subsistere.
2436 1714 2693 1796 Spiritus
2742 1715 2903 1779 enim
2960 1714 3218 1797 Spiritus
3272 1720 3385 1789 est,
3445 1719 3506 1774 et
3559 1730 3675 1773 non

1974 1834 2010 1883 Β
2031 1802 2241 1867 FIIIUS.
2282 1834 2308 1866 ιο

2109 1891 2273 1954 Idem
2305 1893 2364 1954 in
2394 1909 2474 1955 vu
2500 1911 2633 1955 cum
2680 1893 2951 1955 Hermias
2973 1892 3046 1955 ad
3068 1890 3131 1954 S.
3166 1890 3448 1973 Cyrillum
3485 1887 3673 1950 dixis-

2030 1988 2120 2044 set
2154 2000 2170 2045 :
2207 2006 2232 2037 ι
2264 1980 2468 2062 Itaque
2498 1981 2772 2062 congruit
2804 1981 3091 2062 Spiritum
3147 1979 3280 2040 vitae
3329 1976 3678 2040 naturaliter

2030 2073 2203 2135 vitam
2227 2091 2382 2148 esse,
2424 2081 2481 2137 et
2512 2093 2629 2135 non
2657 2092 2759 2155 per
2792 2072 3329 2156 participationem,
3360 2090 3383 2120 ι
3421 2070 3674 2156 Sanctus

2028 2162 2352 2243 respondet
2384 2185 2398 2222 :
2436 2185 2459 2217 ι
2495 2162 2732 2244 Amice,
2768 2155 2945 2224 etiam
2976 2159 3254 2222 omnibus
3302 2157 3515 2220 modis.
3549 2155 3677 2219 Hoc

2030 2259 2227 2314 autem
2260 2250 2504 2314 sciveris
2550 2251 2705 2314 bene
2752 2259 2810 2314 et
2839 2270 2911 2313 ex
2940 2250 3074 2312 aliis
3120 2247 3453 2319 sententiis,
3488 2246 3673 2309 Deum

2031 2341 2189 2404 enim
2222 2341 2523 2404 dicentem
2554 2342 2754 2404 audiet
2789 2341 2944 2422 quis,
3007 2347 3065 2402 et
3108 2346 3314 2401 contra
3345 2335 3676 2400 servientes

2031 2430 2210 2495 idolis
2268 2437 2493 2492 tantum
2551 2450 2668 2493 non
2718 2429 2939 2511 fugitivi
2961 2432 3190 2491 crimen
3241 2426 3672 2489 eﬂ‘undentem.

2034 2519 2352 2601 Obstupuit
2380 2519 2594 2582 coelum
2624 2538 2806 2600 super
2834 2522 3037 2599 hoc,et
3068 2515 3299 2579 horruit
3326 2514 3672 2597 plurimum,

2027 2608 2172 2672 dicit
2201 2608 2510 2683 Dominus,
2544 2608 2681 2691 quia
2706 2609 2822 2672 duo
2855 2610 3005 2670 mata
3034 2606 3175 2669 fecit
3206 2605 3457 2688 populus
3482 2622 3672 2677 meus,

2029 2716 2126 2761 me
2146 2697 2594 2779 dereliquerunt
2615 2698 2837 2761 fontem
2867 2715 3037 2779 aquae
3065 2695 3216 2761 vivae
3246 2704 3304 2757 et
3346 2693 3678 2757 effoderunt

2027 2786 2143 2849 sibi
2165 2786 2455 2849 cisternas
2480 2788 2786 2861 contritas,
2818 2806 2947 2869 quae
2976 2806 3094 2849 non
3154 2790 3434 2867 poterunt
3462 2800 3673 2864 aquam

2026 2875 2781 2939 continere-Inveniemus
2828 2886 3023 2939 autem
3073 2884 3131 2936 et
3178 2874 3498 2936 Dominum
3530 2889 3673 2933 nos-

2026 2973 2184 3027 trum
2215 2967 2417 3028 Iesum
2442 2965 2736 3028 Christum
2768 2965 2991 3028 dixisse
3005 2963 3263 3028 Judzeis:
3304 2990 3324 3019 ι
3356 2960 3419 3024 Si
3447 2958 3580 3041 quis
3606 2959 3674 3020 si-

2026 3054 2094 3117 tit
2124 3053 2325 3116 veniat
2353 3053 2425 3116 ad
2459 3072 2573 3123 me,
2609 3063 2666 3116 et
2692 3053 2878 3131 bibat;
2906 3052 3007 3135 qui
3044 3050 3234 3113 credit
3262 3050 3326 3111 in
3357 3068 3477 3124 me,
3513 3048 3673 3111 sicut

282 3155 378 3214 με,
420 3134 508 3190 καὶ
554 3136 773 3195 πινέτω.
838 3128 896 3194 “Ο
952 3137 1210 3193 πιστεύων
1263 3138 1336 3199 εἰς
1381 3135 1499 3208 ἐμὲ,
1545 3137 1719 3201 καθὼς
1782 3137 1936 3194 εἶπεν

2030 3143 2165 3204 dicit
2183 3141 2766 3224 Scriptura,ﬂumina
2793 3128 2872 3204 de
2897 3128 3100 3204 ventre
3128 3142 3261 3222 ejus
3291 3140 3478 3200 ﬂuent
3507 3155 3674 3219 aqua

279 3225 317 3292 ἡ
363 3224 565 3304 Γραφὴ,
620 3227 851 3302 ποταμοὶ
918 3225 979 3282 ἐκ
1033 3225 1127 3293 τῆς
1187 3224 1387 3288 κοιλίας
1448 3224 1608 3282 αὒτοῦ
1666 3224 1932 3288 ῥεύσουσιν

2030 3232 2161 3294 vivae
2183 3232 2262 3292 79.
2291 3260 2313 3291 ι
2352 3231 2416 3293 Id
2449 3231 2605 3313 quod
2636 3231 2897 3295 Joannes
2922 3230 3282 3311 evangelista
3304 3228 3456 3290 bene
3474 3226 3669 3306 expla-

278 3309 469 3376 ὕδατος
508 3318 729 3383 ζῶντος.
777 3334 805 3373 δ
845 3305 901 3373 Ὀ
956 3312 1022 3382 δὴ
1053 3315 1141 3370 καὶ
1187 3312 1474 3390 διατρανῶν
1510 3313 1567 3369 εὖ
1621 3312 1785 3389 μάλα,
1846 3316 1933 3372 καὶ

2030 3337 2171 3383 nans
2227 3339 2294 3382 ac
2351 3305 2759 3395 manifestans,
2804 3319 2864 3381 in
2909 3305 3176 3382 naturam
3238 3326 3297 3379 et
3348 3305 3668 3377 efﬁcaciam

277 3401 531 3465 καθιστὰς
601 3402 816 3482 ἐναργὲς
873 3405 902 3460 6
999 3402 1272 3466 θεσπέσιος
1354 3403 1443 3459 καὶ
1535 3401 1929 3480 Εὖαγγελιστὴς

2030 3410 2205 3472 sancti
2235 3409 2493 3489 Spiritus
2522 3409 2704 3471 refert
2740 3430 2754 3468 :
2798 3429 2818 3458 σ
2845 3407 2970 3470 Hoc
3001 3417 3199 3470 autem
3244 3404 3395 3467 dixit
3423 3403 3499 3465 de
3530 3401 3669 3482 Spi-

277 3486 572 3573 Ἰωάννης,
617 3492 692 3554 εἷς
750 3493 846 3559 τὴν
889 3500 983 3551 τοῦ
1044 3491 1194 3570 ἆγίον
1226 3492 1529 3567 Πνεύματος
1557 3490 1708 3569 φύσιν
1741 3514 1798 3548 τε
1838 3496 1927 3551 καὶ

2030 3486 2338 3580 'itu,qucm
2362 3497 2664 3578 accepturi
2692 3506 2859 3560 erant
2887 3496 3201 3561 credentes
3223 3495 3281 3556 in
3308 3512 3503 3555 eum.»

276 3578 541 3658 ὲνεργείαν
571 3579 846 3662 ἀποφέρει³
877 3580 1047 3660 λέγων
1082 3596 1096 3610 ·
1149 3603 1173 3637 ε
1211 3588 1376 3641 Τοῦτο
1419 3579 1473 3637 δὲ
1504 3581 1628 3637 εἶπε
1680 3584 1799 3661 περὶ
1825 3592 1917 3642 τοῦ
1979 3578 2306 3664 Πνεῦμα-σος,
2361 3597 2421 3646 οῦ
2488 3588 2712 3665 ἔμελλον
2771 3586 3057 3664 λαμϐάνειν
3102 3591 3148 3644 οἱ
3201 3585 3540 3646 πιστεύοντες
3596 3585 3668 3645 εἷς

273 3667 439 3727 αὐτόν
497 3691 526 3723 ι

366 3746 424 3814 Ὀ
469 3757 834 3836 Χρυσόστομος
889 3759 944 3815 ἐν
993 3767 1070 3835 τῷ
1112 3759 1257 3838 λόγῳ
1304 3764 1382 3833 τῷ
1434 3761 1507 3824 εἰς
1548 3761 1609 3817 τό
1644 3763 1930 3843 μυστήριον

2093 3757 2355 3821 Joannes
2374 3756 2832 3840 Chrysostomus
2853 3758 2912 3819 in
2944 3755 3210 3819 oratione
3238 3754 3298 3816 in
3327 3752 3666 3843 mysterium

275 3848 371 3903 τοῦ
399 3847 784 3923 βαπτίσματος,
843 3851 904 3906 οῦ
970 3851 1004 3917 ἡ
1047 3849 1217 3929 ἀρχὴ,
1266 3870 1290 3904 ε
1331 3847 1494 3905 Πάλιν
1551 3851 1679 3924 ὑμῖν
1734 3853 1769 3918 ἠ
1822 3838 1933 3909 ’τοῦ

2030 3846 2402 3929 ιοριὶεωοιίε,
2467 3838 2599 3928 quae
2651 3846 2907 3928 incipit:
2950 3872 2971 3903 α
3000 3847 3234 3910 Rursus
3264 3843 3434 3906 vobis
3479 3838 3670 3903 sancti

274 3936 538 4014 μακαρίου
586 3935 751 3994 Δαυϊδ
814 3939 1145 4013 πνευματικὴ
1195 3937 1404 4018 κιθάρα²
1442 3955 1471 3997 ι
1517 3938 1674 4018 φησίν
1709 3954 1723 3969 ⁶
1767 3964 1794 3994 α
1833 3942 1929 3997 Διὰ

2030 3934 2251 4001 Davidis
2306 3935 2632 4017 Spiritualis
2697 3936 2945 4010 cithara,
2976 3957 2998 3989 ι
3043 3932 3236 4015 inquit
3271 3953 3287 3993 :
3320 3931 3665 4013 «Propterea

276 4029 438 4080 τοῦτο
494 4024 523 4081 ὁ
589 4025 778 4104 Σωτὴρ
834 4024 1086 4083 δείκνυσιν
1159 4026 1343 4083 ἑαυτόν
1393 4026 1575 4104 πηγὴν
1630 4033 1795 4104 ζωῆς,
1842 4030 1929 4086 καὶ

2030 4025 2283 4087 Salvator
2326 4025 2584 4087 ostendit
2640 4024 3026 4105 semetipsum
3069 4022 3293 4084 fontem
3333 4021 3488 4094 vitae,
3518 4026 3576 4080 et
3611 4038 3678 4080 a—

277 4110 420 4194 ῦδωρ
448 4118 552 4183 ζῶν
582 4114 641 4171 τό
672 4121 883 4189 Πνεῦμα
911 4116 971 4171 τό
1001 4115 1172 4194 ἅγιον,
1210 4139 1236 4170 ιι

369 4193 426 4260 Ὀ
511 4201 680 4279 μέγας
753 4193 1085 4275 Ἀθανάσιος,
1175 4204 1229 4260 ἐν
1309 4208 1345 4281 ᾗ
1399 4202 1657 4261 ἐκτίθεται
1714 4203 1938 4277 διαλέξει

282 4266 607 4371 Ὀρδοδόξουι
667 4292 756 4348 καὶ
836 4266 1115 4367 Ἀνομοίου
1182 4294 1256 4349 ὡς
1321 4266 1443 4349 ἀπὸ
1471 4299 1566 4349 τοῦ
1635 4266 1940 4372 Ὀρδοδόξου
1963 4266 2004 4315 D

279 4364 443 4459 φησίν
477 4396 496 4417 ⁶
526 4364 562 4437 ἰ
598 4381 697 4439 Καὶ
736 4381 799 4436 τὸ
856 4364 1064 4456 Πνεῦμα
1111 4379 1166 4438 δὲ
1206 4379 1350 4458 λέγω
1377 4380 1666 4459 ἀγέννητον
1699 4364 1713 4410 ί
1752 4385 1811 4440 οὗ
1840 4384 1940 4461 γὰρ

276 4466 403 4546 ἔχει
490 4467 883 4546 γενεσιουργόν,
958 4467 1095 4525 ἀλλὰ
1163 4469 1342 4548 πηγὴν
1426 4469 1603 4525 ἑατυυ.
1696 4469 1940 4549 Καθάπερ

278 4557 385 4634 γὰρ
425 4556 461 4623 ἡ
731 4557 792 4612 οὗ
844 4570 1202 4635 γειιεσιονργεϊ
1240 4556 1424 4622 ἔξωθεν
1454 4557 1483 4613 ὃ
1513 4568 1749 4636 χορηγεῖ
1777 4554 1937 4637 ὕδωρ,

280 4644 410 4701 ἀλλ’
454 4643 506 4711 ἐξ
549 4644 734 4712 ἑαυτῆς
788 4646 1099 4724 πηγάζουσα
1141 4645 1282 4726 ἔχει,
1328 4643 1465 4704 οὕτω
1493 4647 1580 4701 καὶ
1612 4647 1640 4701 6
1671 4646 1800 4710 Θεὸς
1832 4669 1938 4714 πη-

280 4734 356 4812 γὴ
413 4741 507 4791 τοῦ
550 4733 851 4809 Πνεῦματος
898 4733 1066 4813 ἐστιν,
1122 4736 1197 4813 ’ὡς
1254 4732 1490 4814 εἴρηται²
1551 4736 1639 4791 καὶ
1692 4736 1935 4813 χορηγὸς

280 4824 465 4902 αὑτοῦ,
532 4823 625 4878 οὒκ
676 4819 860 4887 ἔξωθεν
919 4824 1043 4879 αὑτὸ
1100 4819 1542 4901 προσλαμϐάνων,
1605 4820 1724 4878 ἀλλ’
1758 4820 1810 4886 ἐξ
1840 4823 1938 4878 αὓ-

279 4921 379 4970 τοῦ
433 4911 715 4989 πηγάζων.
803 4910 1099 4990 Γέγραπται
1159 4912 1282 4990 γὰρ,
1360 4931 1382 4966 ε
1437 4912 1536 4966 Δύο
1590 4912 1679 4967 καὶ
1735 4912 1942 4987 πονηρὰ

282 4999 539 5064 ἐποίησεν
595 5001 625 5056 6
680 4997 806 5065 λαὸς
865 5022 966 5075 μου
997 5016 1012 5031 ⁸
1047 4999 1142 5075 ἐμὲ
1172 4999 1522 5077 ἐγκατέλιπον
1578 4998 1759 5076 πηγὴν
1813 4997 1971 5056 ὕδα-⁹

282 5109 375 5151 τος
437 5093 658 5161 ζῶντος,
716 5090 805 5145 καὶ
861 5087 1056 5157 ὤρυξαν
1116 5088 1327 5152 ἑαυτοῖς
1376 5086 1601 5151 λάκκους
1660 5108 1939 5165 ουνετριμ-

283 5177 505 5250 μένους,
562 5175 617 5234 οἳ
692 5176 752 5232 οὗ
836 5174 1148 5246 δυνήσονται
1204 5174 1338 5255 ὕδωρ
1390 5175 1655 5257 συνέχειν.
1695 5197 1719 5232 0
1773 5177 1871 5233 Καὶ
1913 5178 1942 5233 6

308 5262 617 5327 Απόστολος
659 5263 802 5343 λέγει
838 5284 852 5301 ·
892 5289 916 5321 ι
969 5256 1027 5323 Ὀ
1062 5256 1574 5345 ἐπιχορηγῶν-ἡμῖν
1598 5267 1660 5321 τὸ
1704 5269 1938 5341 Πνεῦμα,

286 5354 380 5409 καὶ
426 5353 654 5431 ἐνεργῶν
695 5353 752 5410 ἐν
798 5354 934 5429 ἡμῖν
989 5343 1254 5428 δυνάμεις.
1321 5374 1348 5411 ι
1388 5343 1519 5412 υΟτι
1549 5351 1603 5409 δὲ
1633 5354 1693 5408 τὸ
1717 5348 1852 5430 ὕδωρ
1879 5357 1941 5412 16

288 5446 396 5511 ζῶν
449 5442 564 5507 ἔστι
608 5442 669 5499 16
711 5444 944 5517 Πνεῦμα,
992 5445 1020 5498 6
1063 5442 1285 5519 Χριστὸς
1315 5438 1507 5507 ἐδίδαξε
1548 5440 1740 5519 λέγων·
1795 5466 1819 5501 ι
1881 5442 1939 5503 ’0

2022 4130 2202 4192 quam
2225 4112 2518 4176 viventem
2549 4112 2829 4194 Spiritum
2859 4118 3148 4175 sanctum.
3181 4132 3202 4160 ι

2108 4204 2351 4279 Magnus
2407 4201 2772 4266 Athanasius
2821 4201 2887 4264 in
2929 4200 3224 4281 colloquio
3280 4195 3567 4281 Anomcei
3624 4202 3681 4258 et

2025 4286 2355 4353 Orthodoxi
2382 4308 2451 4355 ex
2482 4309 2740 4371 persona
2768 4279 3319 4368 Orthodoxi'inquit
3350 4305 3364 4349 :
3409 4310 3431 4339 ι
3454 4284 3525 4347 Ει
3554 4283 3679 4364 Spi-

2023 4376 2200 4438 ritum
2233 4377 2366 4440 dico
2397 4378 2761 4459 ingenitum,
2797 4377 2901 4439 sed
2937 4396 3053 4438 non
3088 4376 3268 4439 habet
3306 4375 3674 4437 etl‘ectorem.

2022 4465 2124 4527 sed
2161 4473 2221 4526 ut
2247 4465 2339 4527 sui
2372 4466 2619 4530 fontem.
2653 4465 3166 4539 Quemadmodum
3200 4466 3357 4528 enim
3388 4463 3519 4523 fons
3548 4479 3675 4522 eam

2024 4572 2203 4634 quam
2234 4554 2449 4616 emittit
2469 4572 2678 4635 aquam
2713 4563 2876 4616 extra
2905 4573 2970 4615 se
2994 4573 3112 4615 non
3145 4552 3348 4625 efﬁcit,
3373 4549 3477 4615 sed
3502 4568 3673 4629 quam

2024 4642 2188 4704 intus
2221 4641 2426 4716 habet,
2459 4661 2528 4705 ex
2551 4661 2686 4705 sese
2712 4642 2854 4705 sinit
2874 4641 3282 4710 scaturire.sic
3316 4639 3490 4702 etiam
3520 4637 3677 4700 Deus

2025 4739 2087 4793 ut
2115 4739 2250 4793 ante
2301 4733 2526 4795 dictum
2577 4732 2705 4805 fuit,
2758 4732 2888 4792 fons
2936 4741 3025 4794 est
3074 4730 3329 4810 Spiritus
3373 4726 3583 4800 sancti,
3620 4734 3678 4785 et

2024 4828 2231 4882 auctor
2244 4820 2668 4901 ejusdem,non
2694 4820 3064 4882 extrinsecus
3084 4838 3220 4881 eum
3238 4814 3673 4896 recipiens,sed

2025 4928 2092 4970 ex
2126 4908 2324 4989 se'pso
2372 4910 2577 4971 sinens
2626 4908 2938 4972 scaturire.
2991 4907 3292 4988 Scriptum
3333 4913 3423 4967 est
3464 4902 3620 4966 enim
3658 4924 3671 4963 ;

2064 4997 2192 5061 Duo
2226 4999 2379 5062 mala
2410 4998 2556 5061 fecit
2588 4999 2843 5080 populus
2881 5016 3078 5059 meus:
3105 5015 3200 5057 me
3224 4994 3677 5074 dereliquerunt

2025 5087 2247 5151 fontem
2275 5107 2440 5170 aquae
2471 5091 2639 5159 vivae;
2664 5096 2724 5149 et
2750 5086 3090 5149 effoderunt
3129 5084 3242 5147 sibi
3267 5083 3555 5147 cisternas
3586 5081 3670 5141 Iu-

2029 5175 2336 5258 tiscentes,
2371 5196 2504 5259 quae
2531 5196 2712 5258 aquas
2740 5175 3048 5239 continere
3081 5192 3197 5237 non
3223 5181 3503 5255 poterunt
3522 5172 3604 5241 7ο),
3644 5196 3669 5225 ι

2029 5274 2087 5329 et
2115 5262 2433 5347 Apostolus
2461 5269 2607 5331 dicit
2634 5287 2646 5331 :
2689 5291 2713 5323 ο.
2745 5266 2856 5341 Qui
2910 5267 3158 5348 largitur
3193 5264 3364 5328 nobis
3393 5264 3674 5345 Sipritum

2026 5363 2085 5419 et
2113 5357 2293 5419 efﬁcit
2320 5357 2494 5420 nobis
2524 5361 2768 5420 virtutes
2795 5359 2881 5420 75.
2912 5382 2933 5411 ι
2961 5355 3126 5430 Quod
3158 5364 3355 5418 autem
3388 5372 3540 5434 aqua
3580 5353 3678 5414 illa

2024 5444 2156 5509 viva
2186 5447 2263 5509 sit
2294 5445 2549 5532 Spiritus
2580 5446 2687 5510 ille
2713 5455 2972 5522 sanctus,
3007 5444 3273 5511 Christus
3325 5442 3528 5509 docuit
3577 5440 3675 5508 in-

375 5599 435 5649 ”
462 5600 634 5664 Joan‘.
670 5617 773 5678 vn,
800 5601 899 5684 37,
931 5601 1028 5663 38.
1062 5600 1124 5651 73
1153 5601 1370 5663 .larem.
1404 5617 1445 5665 ιι
1481 5602 1576 5665 t3.
1609 5600 1673 5651 ἠ
1694 5597 1822 5668 Gal.
1856 5618 1942 5684 ιιι,
1974 5603 2032 5671 5.
