4210 6292
545 396 662 461 699

1640 397 1853 463 JOAN.
1900 400 2118 462 VECCI
2162 400 2275 462 ΟΡ.
2324 399 2840 466 I’ATRIARCHA‘I

3808 393 3932 461 700

546 530 939 614 quiens,-Qui
970 530 1120 594 bibit
1143 531 1219 595 de
1249 552 1422 613 aqua,
1454 551 1632 615 quam
1659 550 1773 613 ego
1803 531 1956 596 dabo
1977 532 2187 614 ipsi75,

2283 538 2435 595 πίνων
2504 536 2558 605 ἒξ
2613 536 2798 603 ὕδατος
2857 541 2919 594 οὗ
2974 537 3082 616 ἐγὼ
3150 536 3305 612 δῴσω
3347 538 3511 616 αὐτῷ,
3567 536 3738 598 καθὼς
3772 535 3927 591 εἶπεν

550 629 615 685 ut
641 618 789 684 dixit
814 620 1143 703 Scriptura,
1195 620 1443 683 ﬂumina
1497 639 1665 702 aquae
1714 621 1857 683 vim
1884 641 1954 683 ex
1987 628 2194 685 ventre

547 711 733 790 ipsius
762 711 1112 775 eﬁluent78.
1141 737 1162 767 ι
1198 710 1391 792 Atque
1425 711 1525 775 hic
1555 730 1804 791 magnus
1834 713 2196 776 Athanasius

547 800 769 862 fontem
800 802 1032 863 Patrem
1059 800 1446 881 nuncupavit,
1472 799 1758 882 Spiritum
1783 819 1922 864 vero
1954 820 2191 884 aquam.

547 888 698 951 Dum
729 906 868 951 vero
890 908 958 951 ex
1004 887 1313 971 Scriptura
1342 889 1683 953 testimonia
1712 890 1948 970 digerit,
1982 891 2196 973 quibus

548 986 773 1039 natura:
795 979 1133 1041 communio
1166 979 1472 1055 astruitur,
1519 978 1679 1059 quod
1710 979 1987 1043 similiter
2018 981 2198 1043 seha-

548 1064 724 1126 beant
753 1067 927 1128 Pater
957 1074 1016 1127 et
1042 1066 1250 1139 Filius,
1277 1076 1335 1129 et
1392 1066 1652 1147 Spiritus
1682 1077 1943 1149 sanctus,
1990 1067 2195 1132 Chris-

548 1166 671 1215 tum
703 1153 924 1216 l'ontem
949 1155 1290 1236 Spiritus,et
1320 1168 1596 1218 sanctum
1660 1155 1946 1236 Spiritum
1981 1175 2195 1238 aquam

552 1242 831 1324 appellat;
879 1262 1136 1325 namque
1163 1263 1370 1306 rursus
1391 1244 1657 1308 Salvator
1681 1245 1783 1319 ait,
1813 1271 1836 1303 ι
1870 1245 1979 1319 Qui
2009 1246 2201 1309 credit

552 1331 614 1394 in
647 1349 745 1393 me
773 1331 855 1408 77,
886 1339 950 1394 ut
971 1333 1277 1414 Scriptura
1299 1334 1401 1410 ait,
1437 1352 1506 1395 ex
1539 1342 1743 1396 ventre
1769 1334 1955 1416 ipsius
2006 1335 2200 1397 fontes

550 1441 716 1504 aqua;
746 1422 887 1484 vim
915 1424 1177 1485 emuent.
1204 1445 1226 1475 ι
1256 1423 1327 1486 Et
1354 1442 1487 1487 cum
1510 1423 1878 1505 Evangelista
1898 1426 2199 1507 explanat,

551 1509 692 1592 quid
724 1511 800 1573 sit
826 1510 971 1573 illud
1004 1531 1173 1593 aquae
1204 1511 1364 1587 vim,
1391 1513 1539 1574 dixit
1572 1535 1586 1574 :
1626 1545 1647 1576 ι
1682 1515 1808 1577 Hoc
1864 1524 2062 1576 autem
2101 1514 2196 1576 di-

547 1598 719 1661 cebat
747 1599 822 1662 de
853 1600 1098 1681 Spiritu,
1133 1621 1309 1682 quem
1342 1610 1511 1664 erant
1564 1602 1903 1683 suscepturi
1934 1603 2202 1666 creden-

547 1696 634 1749 tes
662 1687 726 1751 in
757 1706 894 1750 eum
920 1690 1005 1763 78,
1044 1712 1065 1741 ι
1100 1689 1197 1752 Ait
1226 1710 1478 1772 namque
1511 1692 1798 1772 propheta
1830 1714 1845 1753 :
1885 1697 2011 1754 «Me
2030 1692 2202 1755 dere-

550 1776 853 1857 liquerunt
906 1777 1129 1841 fontem
1168 1798 1335 1860 aquae
1387 1780 1553 1859 vim,
1609 1789 1667 1842 et
1717 1781 2052 1844 eﬂ‘oderunt
2083 1781 2201 1844 sibi

550 1865 837 1928 cisternas
866 1865 1235 1946 fatiscentes,
1266 1887 1399 1949 quae
1428 1887 1609 1949 aquas
1631 1870 1940 1932 continere
1960 1890 2078 1932 non
2098 1890 2199 1953 po-

554 1959 772 2017 terunt.

632 2041 796 2104 Idem
820 2061 1065 2123 magnus
1093 2044 1456 2108 Athanasius
1484 2038 1752 2109 oratione
1796 2047 1871 2109 de
1912 2046 2198 2111 Incarna-

552 2129 710 2193 tione
746 2131 1008 2210 Domini,
1040 2152 1173 2215 quae
1216 2134 1426 2217 incipit
1461 2156 1475 2196 :
1518 2158 1547 2196 ι
1575 2133 1687 2208 Qui
1721 2136 2014 2198 malitiose
2045 2137 2199 2199 divi-

548 2238 653 2282 nas
708 2220 1044 2302 Scripturas
1092 2221 1343 2303 intelligi
1397 2224 1620 2297 volunt,
1678 2244 1701 2276 ι
1738 2225 1975 2306 inquit:
2022 2251 2044 2280 ι
2077 2226 2201 2291 Scit

551 2307 773 2370 etenim
802 2311 998 2391 apupd
1027 2309 1216 2373 Deum
1268 2315 1496 2374 Patrem
1530 2330 1662 2374 esse
1705 2311 1922 2375 Filium
1977 2313 2199 2376 fontem

548 2396 807 2478 Spiritus
832 2398 1044 2462 sancti.
1082 2426 1104 2457 ι

1110 2504 1540 2569 EPIGRAPHE
1581 2505 1651 2568 X.

631 2606 737 2670 Ha:
765 2609 1074 2690 scriptioni
1097 2610 1466 2674 demandataa
1482 2612 1957 2687 auctoritates,in
1985 2613 2203 2695 quibus

558 2699 761 2759 Patres
790 2698 1048 2780 theologi
1076 2700 1404 2782 stabiliunt,
1439 2720 1811 2783 quaecunque
1839 2702 1958 2765 Pati
1978 2703 2028 2765 is
2059 2722 2203 2784 pro-

554 2784 682 2865 pria
699 2792 859 2861 sunt,
894 2788 1237 2851 naturaliter
1267 2789 1630 2870 pertransire
1662 2789 1720 2849 in
1749 2789 1965 2852 Filium
2002 2789 2077 2852 ab
2100 2808 2203 2851 eo-

2222 1817 2263 1870 B
2283 1804 2381 1845 της

2275 628 2310 695 ἡ
2370 628 2572 708 Γραφὴ,
2628 628 2860 703 ποταμοὶ
2915 627 2976 683 ὲκ
3033 630 3132 693 τῆς
3188 623 3394 689 κοιλίας
3452 628 3608 684 αὐτοῦ
3664 623 3927 703 ῥεύσουσιν

2274 712 2460 779 ὕδατος
2516 721 2737 787 ζῶντος.
2788 737 2816 773 ι
2870 716 2969 775 Καὶ
3026 714 3243 771 ἐνταῦθα
3301 717 3329 771 6
3398 713 3565 792 μέγας
3624 712 3928 775 Ἀθανάσιος

2276 805 2458 884 πηγὴν
2512 806 2603 861 τὸν
2660 804 2868 883 Πατέρα
2912 803 3123 875 εἴρηκε,
3181 805 3245 858 τὸ
3302 800 3357 858 δὲ
3414 807 3623 872 Πνεῦμα
3840 798 3929 857 Ἐν

2278 894 2365 957 οἷς
2409 892 2463 949 δὲ
2520 892 2895 972 ἆπαριθμεϊτλι
2934 892 3026 957 τὰς
3073 890 3134 947 ἐκ
3190 896 3290 957 τῆς
3362 896 3575 969 Γραφῆς
3647 888 3927 968 μαρτυρίας

2276 982 2376 1051 τῆς
2404 982 2541 1039 κατὰ
2581 981 2681 1049 τὴν
2711 982 2861 1062 φύσιν
2904 980 3204 1058 κοινωνίας,
3237 979 3297 1035 ἐκ
3323 979 3416 1035 τοῦ
3445 978 3641 1052 ὁμοίως
3674 981 3813 1033 εἶναι
3839 977 3929 1032 τὸν

2279 1070 2486 1150 Πατέρα
2514 1072 2600 1126 καὶ
2629 1071 2721 1126 τὸν
2774 1072 2892 1125 Υἱὸν
2919 1069 3004 1126 καί
3035 1069 3094 1124 τὸ
3122 1068 3274 1145 ἅγιον
3315 1073 3552 1142 Πνεῦμα,
3584 1068 3675 1123 τὸν
3708 1066 3929 1145 Χριστὸν

2282 1161 2463 1238 πηγὴν
2524 1169 2617 1218 τοῦ
2670 1159 2997 1237 Πνεύματος,
3053 1158 3143 1213 καὶ
3201 1154 3335 1234 ὕδωρ
3391 1157 3451 1211 τὸ
3493 1155 3644 1231 ἅγιον
3687 1156 3929 1229 ὀνομάζει

2282 1237 2514 1324 Πνεῦμα.
2576 1248 2730 1326 Λέγει
2787 1247 2887 1325 γὰρ
2955 1243 3112 1302 πάλιν
3156 1246 3184 1300 6
3230 1245 3443 1323 Σωτὴρ,
3485 1264 3513 1302 ι
3550 1237 3607 1303 Ὀ
3670 1243 3931 1300 πιστεύων

2281 1341 2354 1402 εἷς
2399 1337 2517 1413 ἐμὲ,
2576 1340 2749 1402 καθὼς
2806 1338 2960 1393 εἶπεν
2991 1338 3025 1404 ἡ
3082 1335 3281 1414 Γραρὴ,
3334 1336 3563 1410 ποταμοὶ
3591 1334 3652 1391 ἐκ
3679 1336 3777 1400 τῆς
3807 1356 3929 1391 κοι-

2280 1426 2395 1491 λίας
2466 1430 2623 1486 αὒτου
2688 1426 2953 1503 ῥεύσουσιν
3016 1421 3201 1486 ὕδατος
3253 1428 3472 1494 ζῶντος,
3514 1446 3537 1476 υ
3590 1421 3930 1500 Ἐρμηνεύων

2282 1514 2336 1571 δὲ
2368 1518 2394 1571 ὁ
2440 1513 2862 1592 Εῦαγγελιστὴς,
2937 1513 2986 1569 τί
3042 1513 3200 1586 ὲςτὶν,
3260 1509 3445 1575 ὕδατος
3502 1517 3715 1582 ζῶντος,
3775 1510 3879 1589 ἔφη
3915 1530 3927 1542 ·

2289 1628 2316 1659 α
2353 1612 2515 1662 Τοῦτο
2572 1603 2627 1660 δὲ
2669 1603 2819 1681 ἔλεγε
2848 1604 2965 1681 περὶ
2994 1609 3087 1658 τοῦ
3118 1601 3421 1675 Πνεύματος
3446 1600 3505 1655 οὗ
3534 1598 3755 1675 ἔμελλον
3785 1598 3933 1674 λαμ-

2281 1690 2464 1750 ϐάνειν
2495 1694 2542 1750 οἱ
2602 1692 2934 1755 πιστεύοντες
2994 1692 3066 1754 εἷς
3096 1690 3274 1751 αὐτόν,
3322 1688 3476 1767 Λέγει
3521 1689 3619 1767 γὰρ
3661 1691 3691 1745 6
3719 1689 3934 1768 προφή-

2418 1798 2431 1812 ⁶
2474 1799 2500 1840 ι
2549 1779 2681 1856 Ἐμὲ
2730 1779 3078 1859 εγκατέλιπον
3136 1778 3320 1856 πηγὴν
3364 1775 3545 1840 ὅδατος
3585 1783 3806 1855 ζῶντος,
3850 1777 3939 1832 καὶ

2283 1869 2483 1949 ὤρυξαν
2541 1870 2750 1934 ἑαυτοῖς
2794 1868 3021 1932 λάκκους
3052 1864 3544 1945 συντετριμμένους,
3592 1865 3647 1920 οἴ
3690 1865 3750 1921 οὗ
3782 1861 3940 1949 δυνή-

2285 1980 2464 2014 σονται
2494 1956 2628 2036 ὕδωρ
2659 1957 2925 2036 συνέχειν,
2964 1979 2987 2013 ι

2366 2039 2424 2104 Ὀ
2468 2048 2623 2109 αὖτὸς
2680 2045 2846 2124 μέγας
2921 2044 3227 2109 Ἀθανασιος
3287 2044 3341 2100 ἓν
3398 2050 3474 2117 τῷ
3528 2044 3643 2119 περὶ
3696 2048 3795 2110 τῆς
3845 2041 3937 2098 έν-

2284 2136 2477 2210 σάρκ-συ
2536 2134 2836 2209 οἰκονομίας
2907 2132 3074 2213 λόγῳ,
3148 2132 3208 2188 οῦ
3273 2131 3303 2199 ἣ
3361 2132 3531 2212 ἁρχὴ,
3589 2153 3611 2187 σ
3650 2134 3708 2189 Οἱ
3768 2153 3938 2188 κακο-

2283 2224 2488 2303 τέχνως
2517 2224 2609 2289 τὰς
2659 2224 2798 2289 Θείας
2849 2224 3056 2302 Γραφὰς
3093 2220 3402 2299 βουλόμενοι
3433 2235 3600 2293 νοετι,
3650 2244 3678 2276 ι
3728 2222 3887 2300 φησίν
3922 2236 3935 2250 ·

2292 2336 2319 2366 α
2367 2310 2496 2369 Οἷδε
2538 2314 2637 2391 γὰρ
2668 2314 2809 2390 παρᾶ
2860 2318 2975 2385 Θεῷ
3005 2312 3167 2389 Πατρὶ
3197 2308 3322 2366 ὄντα
3364 2310 3455 2365 τὸν
3487 2310 3605 2365 Υίὸν
3666 2310 3764 2376 τὴν
3822 2333 3938 2376 πη-

2286 2401 2388 2477 γθιν
2418 2408 2512 2457 τοῦ
2540 2401 2689 2478 ἁγίον
2718 2401 3045 2475 Πνεύματος.
3084 2424 3111 2457 ι

2893 2511 3225 2564 ΕΠιΓρΑψι]
3270 2494 3333 2566 ι’.

2368 2613 2427 2668 Αἱ
2470 2613 2727 2689 παροῦσαι
2783 2609 3031 2687 γραφικαὶ
3092 2609 3339 2687 χρήσεις,
3403 2607 3456 2663 ἐν
3513 2608 3606 2669 αἷς
3652 2610 3699 2662 οἱ
3760 2608 3936 2664 Πατέ-

2287 2721 2370 2779 ρες
2415 2698 2793 2776 ἑθεολόγησαν,
2840 2699 3012 2753 πάντα
3082 2698 3146 2753 τὰ
3215 2704 3308 2754 τοῦ
3364 2699 3567 2775 Πατρὸς
3611 2695 3723 2753 ἴδια
3780 2720 3937 2777 φυσι-

2285 2811 2392 2852 κως
2453 2786 2734 2844 διαϐαίνειν
2803 2787 2887 2842 ἐπὶ
2935 2788 3024 2841 τὸν
3083 2784 3133 2850 ἐξ
3199 2784 3353 2841 αὒτοῦ
3420 2785 3735 2862 γεννηθέντα
3794 2789 3936 2861 ΪἽδν,

552 2872 688 2935 dem
718 2875 1255 2957 genitum,digestaa
1286 2879 1398 2939 hoc
1421 2878 1483 2939 in
1513 2877 1643 2938 loco
1675 2887 1813 2939 sunt
1838 2878 1909 2939 ad
1937 2887 2199 2941 astruen-

2289 2878 2728 2955 κατεστρώθησαν
2794 2878 3011 2931 ενταῦθα
3056 2876 3127 2938 εἰς
3185 2871 3445 2939 ἀπόδειξιν
3519 2881 3610 2931 τοῦ
3652 2875 3935 2955 ὑπάρχειν,

551 2961 718 3037 dum,
752 2981 905 3038 esse,
939 2973 996 3025 et
1027 2966 1333 3045 prOgredi,
1393 2975 1451 3028 et
1506 2967 1755 3028 etlluere
1813 2965 2097 3047 Spiritum
2130 2986 2198 3028 ex

553 3050 727 3123 Filio,
759 3052 1259 3133 quemadmodum
1287 3062 1347 3115 et
1376 3073 1444 3117 ex
1471 3053 1666 3128 Patre,
1727 3063 1931 3115 sancto
1986 3053 2201 3135 Cyrillo

550 3139 934 3203 decernente.
969 3141 1235 3225 Namque
1292 3144 1342 3205 si
1402 3144 1816 3224 paternitatem
1867 3151 2093 3205 tantum
2143 3152 2201 3204 et

549 3229 797 3309 gignere
825 3230 1075 3293 demunt
1104 3252 1138 3293 a
1166 3232 1315 3296 Filio
1336 3232 1775 3295 aﬂerenilorum
1819 3231 2200 3295 testimoniu-

551 3336 684 3378 rum
717 3318 1650 3395 determinationes,manifestum
1674 3320 2199 3395 remanet,exFilio

552 3406 767 3469 Filium
803 3427 1103 3490 nuuquam
1138 3410 1684 3491 futurum;Spiritus
1716 3429 1851 3471 vero
1875 3430 1942 3470 ex
1960 3418 2203 3491 paterna

553 3496 811 3557 essentia
856 3504 1206 3559 scaturiens.
1242 3517 1311 3560 ex
1370 3518 1485 3560 non
1540 3506 1863 3577 generante
1881 3499 2014 3561 Filii
2054 3499 2199 3560 sub-

556 3584 767 3644 stantia
798 3586 1104 3666 scaturiet,
1137 3595 1194 3647 et
1222 3587 1581 3650 etl‘undetur.

636 3670 883 3735 Sanctus
913 3673 1163 3753 Cyrillus
1193 3676 1254 3737 in
1279 3694 1396 3737 uno
1423 3694 1493 3737 ex
1522 3675 1810 3756 capitibus
1845 3676 2015 3756 primi
2048 3675 2198 3738 The-

558 3779 870 3823 saurorum
886 3762 1300 3825 scribitnCum
1316 3783 1454 3825 vero
1470 3765 1951 3826 videaturomnia
1966 3767 2201 3845 accipe-

553 3868 620 3912 re
644 3851 1053 3913 naturaliteret
1070 3853 1906 3926 substantialiter,recurrente
1932 3853 1991 3914 in
2010 3854 2205 3935 ipsum

554 3939 805 4019 imperio
838 3941 1028 4003 Patris
1050 3949 1109 4002 et
1136 3942 1564 4016 dominatione,
1598 3942 1759 4003 solus
1789 3951 1877 4005 est
1930 3943 2205 4024 proprius

556 4029 748 4092 Patris
782 4028 985 4092 Filius.
1024 4051 1046 4082 ι
1085 4032 1228 4094 Item
1262 4031 1321 4091 in
1353 4032 1501 4093 alio:
1545 4051 1566 4081 ι
1600 4031 1906 4103 Quomodo
1940 4050 2011 4092 ex
2043 4050 2207 4092 crea-

554 4118 704 4179 turis
732 4137 851 4179 una
882 4127 1058 4194 esset,
1092 4121 1191 4201 qui
1222 4120 1436 4181 divinae
1477 4138 1545 4181 ac
1601 4122 1805 4200 prima;
1843 4123 2116 4181 essentiae
2142 4120 2202 4182 in

2284 2968 2370 3023 καὶ
2426 2966 2693 3045 προϊέναι,
2772 2966 2858 3021 καὶ
2919 2963 3175 3040 πηγάζειν
3224 2964 3282 3018 τὸ
3339 2969 3550 3037 Πνεῦμα
3609 2964 3696 3019 καὶ
3737 2962 3800 3018 ἐκ
3852 2972 3942 3019 τοῦ

2287 3057 2431 3127 ι’ἱοῦ,
2479 3055 2713 3133 καθάπερ
2771 3051 2958 3128 ἀμέλει
3028 3074 3111 3108 τοι
3154 3052 3242 3109 καὶ
3281 3052 3345 3107 εκ
3385 3058 3475 3107 τοῦ
3534 3054 3763 3132 Πατρὸς,
3808 3054 3942 3109 κατὰ

2282 3146 2373 3199 τὸν
2428 3144 2577 3222 ἅγιον
2624 3141 2901 3216 Κύριλλον.
2952 3144 3009 3199 Εἰ
3064 3143 3164 3219 γὰρ
3233 3140 3332 3207 τὴν
3388 3139 3696 3219 πατρότητα
3739 3144 3826 3197 καὶ
3879 3143 3940 3197 τὸ

2282 3238 2467 3308 γεννᾷν
2526 3237 2685 3307 μόνον
2729 3232 3069 3311 ἀφαιροῦνται
3128 3231 3233 3285 ἀπὸ
3276 3236 3368 3285 τοῦ
3400 3233 3519 3287 Υίοῦ
3563 3233 3607 3286 οἱ
3667 3236 3773 3286 τῶν
3835 3232 3940 3308 ῥη-

2281 3320 2594 3388 θησομένων
2659 3321 2908 3398 χρήσεων
2968 3316 3348 3397 προδιορισμοὶ,
3410 3316 3627 3384 εὔδηλον
3687 3321 3763 3381 ὡς
3827 3322 3942 3385 Υἱὸς

2285 3410 2380 3483 μὲν
2423 3410 2484 3465 ἐκ
2540 3419 2630 3467 τοῦ
2675 3411 2795 3465 Υἶοῦ
2851 3411 2944 3465 οὐκ
2994 3408 3162 3479 ἔσται,
3244 3406 3456 3482 Πνεῦμα
3512 3404 3566 3463 δὲ
3620 3408 3680 3463 τὸ
3724 3407 3782 3463 ἐκ
3841 3414 3940 3474 τῆς

2287 3502 2546 3578 πατρικής
2591 3495 2875 3568 ἀναϐλὺζον
2932 3498 3107 3559 οὐσίας
3140 3498 3227 3551 καὶ
3286 3494 3346 3551 ἐκ
3399 3500 3496 3561 τῆς
3528 3496 3605 3570 μὴ
3666 3496 3942 3573 γεννώσης

2284 3595 2374 3644 τοῦ
2418 3589 2540 3644 Υἱοῦ
2571 3586 2745 3651 οὗσίας
2777 3583 3059 3656 ἆναϐλύζον
3090 3584 3235 3640 ἔσται
3278 3586 3365 3639 καὶ
3389 3585 3775 3663 προχεόμενον.

2366 3667 2422 3734 ιο
2490 3676 2636 3754 ἅγιος
2726 3672 2976 3753 Κύριλλος
3047 3673 3099 3729 έν
3155 3695 3260 3728 τινι
3324 3679 3429 3728 τῶν
3486 3671 3789 3752 κεφαλαίων
3852 3677 3943 3731 τοῦ

2287 3765 2494 3842 πρώτου
2538 3765 2641 3820 τῶν
2700 3770 2987 3843 Θησαυρῶν
3058 3783 3216 3843 φησιν
3243 3777 3255 3791 ⁶
3314 3785 3335 3817 ιι
3388 3758 3605 3828 Ἐπειδὴ
3655 3759 3709 3816 δε
3756 3762 3943 3841 φαίνε-

2287 3877 2371 3910 ται
2402 3854 2574 3909 πάντα
2617 3851 2793 3909 λαϐὼν
2836 3857 3069 3931 φυσικῶς
3129 3872 3184 3906 τε
3232 3853 3319 3906 καὶ
3350 3848 3638 3923 οὖσιωδῶς,
3697 3847 3944 3917 δηλονότι

2288 3943 2669 4025 ὃιατρεχούσης
2717 3946 2789 4008 εἰς
2853 3945 3008 4002 αὐτὸν
3064 3942 3162 4009 τῆς
3219 3950 3308 3999 τοῦ
3362 3943 3712 4019 γεννήσαντος
3769 3943 3943 4023 ἀρχῆς

2288 4054 2346 4089 τε
2397 4035 2483 4089 καὶ
2537 4034 2871 4107 κυριότητος,
2952 4032 3112 4107 μόνος
3156 4030 3294 4086 ἐστὶν
3340 4029 3478 4093 ἴδιος
3522 4032 3616 4086 τοῦ
3676 4034 3881 4109 Πιτρὸς
3913 4035 3941 4086 6

2289 4123 2427 4197 Υἱρς.
2464 4143 2488 4179 υ
2556 4123 2651 4179 Καὶ
2703 4120 2862 4177 πάλιν
2918 4123 2973 4175 ἒν
3017 4119 3162 4192 ἄλλνρ
3192 4137 3205 4150 ⁸
3253 4143 3280 4174 α
3329 4119 3446 4183 [Ιῶς
3476 4116 3536 4174 ἂν
3570 4116 3661 4184 εἴη
3692 4124 3799 4174 τῶν
3827 4141 3945 4197 γεν-

553 4206 876 4287 semetipso
926 4209 1280 4291 naturaliter
1311 4209 1582 4270 universa
1638 4209 1829 4271 Patris
1881 4209 2120 4289 propria
2145 4225 2199 4277 et

2284 4210 2459 4276 νητῶν
2516 4212 2544 4265 6
2609 4215 2708 4275 τῆς
2753 4211 2894 4272 θείας
2952 4230 3009 4265 τε
3064 4210 3152 4264 καὶ
3195 4208 3411 4287 πρώτης
3457 4206 3636 4269 οὐσίας
3680 4206 3828 4287 ἔχων
3884 4207 3937 4264 ἐν

551 4295 872 4375 singularia
917 4296 1213 4378 possidet?
1235 4298 1336 4359 »Ει
1366 4298 1426 4359 in
1457 4298 1613 4360 alio:
1651 4297 2199 4371 «Quemadmodum

2286 4300 2455 4373 ἑαυτῷ
2496 4304 2728 4378 φυσικῶς
2776 4300 2840 4354 τὰ
2890 4305 2982 4355 τοῦ
3026 4298 3229 4376 Πατρὸς
3274 4295 3385 4352 ἴδια
3429 4297 3515 4352 καὶ
3574 4293 3855 4377 ἐξαίρετας
3906 4320 3933 4351 ι

553 4385 751 4466 planta
782 4384 995 4447 fructui
1039 4405 1108 4448 ex
1167 4405 1231 4447 se
1280 4386 1673 4467 promananti,
1706 4386 1819 4448 sibi
1868 4386 2197 4448 secundum

2286 4390 2380 4444 Καὶ
2410 4385 2567 4443 πάλιν
2623 4387 2677 4442 ὲν
2739 4385 2923 4460 ἂλλορ·
2981 4410 3007 4441 α
3056 4393 3175 4449 Πῶς
3221 4389 3314 4444 οὒκ
3370 4383 3515 4440 ’ἐσται
3570 4387 3688 4449 Υἱὸς
3734 4387 3837 4456 ζῶν
3881 4385 3937 4441 ἐκ

556 4482 822 4536 naturam
850 4474 1187 4555 qualitatem
1221 4476 1609 4538 inhaerentem
1643 4476 2064 4555 communicat,
2120 4474 2198 4535 ita

2283 4482 2474 4545 ζῶντος
2520 4477 2744 4555 Πατρὸς,
2807 4474 3174 4540 διαϐαινούσης
3228 4475 3300 4538 εἷς
3356 4473 3511 4529 αὖτόν
3570 4481 3803 4552 φυσικῶς
3844 4475 3936 4542 τῆς

554 4571 612 4625 et
639 4562 827 4625 Filius
857 4582 891 4624 ει
926 4565 1122 4645 Patre,
1156 4583 1288 4643 quae
1312 4564 1466 4627 Patri
1490 4565 1724 4626 inerant
1752 4564 2059 4644 accepisse
2096 4562 2194 4624 in-

2283 4565 2748 4645 tOG‘VSVVﬂOZV‘tO;
2792 4562 3103 4643 ίδιότητοςς
3169 4588 3195 4618 »
3255 4564 3352 4619 Καὶ
3411 4560 3569 4617 πάλιν
3644 4561 3699 4616 ἐν
3745 4562 3889 4638 ἄλλῳ
3918 4581 3932 4594 '

556 4652 860 4730 telligitur,
885 4670 1016 4713 cum
1042 4642 1118 4712 sit
1145 4642 1348 4713 omnia
1373 4672 1502 4734 qua:
1531 4660 1591 4713 et
1622 4652 1813 4726 Pater,
1863 4642 1913 4713 si
1965 4652 2193 4715 Palrcm

2293 4674 2315 4708 ι
2355 4642 2571 4731 ιὨσπερ
2614 4651 2788 4709 δίδωσι
2863 4654 2922 4708 τὸ
2972 4642 3132 4732 φυτὸν
3190 4653 3267 4726 τῷ
3324 4650 3375 4716 ἐξ
3418 4653 3576 4707 αὐτοῦ
3632 4649 3937 4726 προελθόντι

553 4758 688 4804 esse
711 4741 903 4803 solum
934 4740 1216 4819 excipias.
1254 4767 1279 4800 ι

2284 4742 2472 4819 καρπῷ
2539 4743 2637 4809 τὴν
2709 4741 2851 4815 αῦτῴ
2924 4743 3060 4797 κατὰ
3122 4741 3271 4820 φύσιν
3326 4746 3623 4818 προσοῦσαν
3682 4741 3938 4809 ποιότητα

553 4844 756 4910 φορεῖν,
793 4832 958 4894 οὕτως
988 4834 1016 4888 ὃ
1061 4834 1178 4893 Υἱὸς
1213 4830 1481 4913 εἰληφέναι
1514 4835 1654 4911 παρὰ
1685 4833 1889 4907 Πατρὸς
1921 4832 1983 4887 τὰ
2022 4832 2159 4905 αϋτῷ
2201 4835 2461 4910 προσόντα
2490 4843 2715 4910 νοεῖται,
2762 4852 2936 4886 παντα
2989 4833 3064 4885 ὧν
3093 4830 3190 4885 ὅσα
3220 4831 3299 4885 xei
3331 4831 3359 4885 6
3389 4828 3570 4905 Πατὴρ
3612 4826 3742 4907 δίχα
3768 4831 3927 4906 μόνου

555 4928 649 4977 τοῦ
692 4921 832 4977 εἶναι
862 4921 1065 4997 Πατὴρ.
1104 4943 1131 4974 ι
1504 4956 1526 4971 .
3212 4936 3221 4941 ’

636 5007 798 5069 Idem
821 5008 973 5069 libro
1000 5025 1061 5069 vr
1082 5007 1152 5069 ad
1186 5006 1483 5070 Hermiam
1511 5009 1623 5069 ait:
1663 5007 1945 5088 «Spiritus
1962 5005 2202 5086 quidem

560 5097 886 5160 effunditur
914 5096 1093 5158 veluti
1132 5116 1200 5158 ex
1220 5097 1383 5159 fonte
1422 5101 1616 5171 Patre;
1650 5115 1764 5157 nec
1796 5104 1885 5156 est
1913 5094 2141 5155 alienus
2169 5114 2199 5156 a

2289 5104 2496 5173 Πνεῦμα
2540 5110 2830 5177 προχεῖται
2891 5100 2988 5172 μὲν
3047 5097 3241 5175 οἷάπερ
3285 5095 3390 5150 ἀπὸ
3444 5117 3629 5173 πηγης
3691 5103 3784 5152 τοῦ
3823 5103 3935 5152 Πα-

551 5184 987 5266 Filioznamque
1022 5186 1116 5246 hic
1146 5185 1381 5265 genitus
1411 5196 1523 5258 est,
1579 5203 1799 5246 nomen
1834 5183 2024 5247 Patris
2056 5202 2197 5264 pro-

2283 5187 2424 5265 τρὸς,
2484 5184 2598 5242 ἔστι
2657 5206 2717 5263 γε
2784 5186 2894 5261 μὴν
2937 5189 3031 5243 οὐκ
3073 5183 3350 5260 ἀλλότριον
3417 5189 3509 5238 τοῦ
3556 5186 3696 5239 Υἱοῦ.
3747 5184 3934 5262 Γεγέν-

556 5276 972 5352 proprietatem
1012 5274 1071 5333 in
1094 5274 1413 5356 semetipso
1462 5274 1796 5336 continens.
1831 5273 1902 5335 Et
1927 5290 2060 5333 cum
2090 5291 2196 5356 su-_

2283 5297 2435 5341 νηται
2479 5276 2601 5353 γὰρ,
2636 5275 2730 5340 νὴν
2774 5282 2867 5330 τοῦ
2914 5275 3114 5351 Πατρὸς
3158 5271 3396 5339 ἰδιότητα
3454 5277 3628 5342 πᾷσαν
3688 5270 3829 5351 ἔχων
3880 5270 3933 5327 ἐν

556 5379 779 5439 [πωπω
801 5361 1045 5421 Deitatis
1072 5362 1292 5423 fructus
1312 5352 1419 5434 'sit,
1452 5362 1748 5442 quomodo
1767 5352 2199 5440 comprehendi

2283 5362 2474 5435 ἐαυτῷ.
2535 5352 2633 5419 καὶ
2685 5361 2897 5441 ἐπείπερ
2958 5363 3061 5418 ἐετι
3134 5362 3229 5429 τῆς
3289 5361 3544 5418 ἀνωτάτω
3599 5362 3849 5428 θεότητος
3905 5372 3935 5424 ὁ

554 5449 795 5529 poterit,
850 5450 1087 5511 deitatis
1135 5449 1307 5511 bonis
1352 5450 1673 5532 spoliatus?
1721 5450 2028 5530 proprium
2059 5467 2198 5509 vero

2283 5453 2505 5529 καρπὸς,
2565 5459 2681 5513 πῶς
2736 5450 2798 5507 ἂν
2870 5466 3050 5509 νοοῖτο
3104 5452 3301 5529 γυμνὸς
3373 5456 3478 5506 τῶν
3536 5448 3635 5516 τῆς
3685 5451 3933 5517 θεότητος

2370 5001 2427 5066 Ὀ
2471 5008 2626 5071 αὖτος
2684 5009 2738 5064 ἐν
2769 5015 2844 5083 τῴ
2872 5008 2935 5082 ς’
2945 4997 2954 5016 ’
2982 5014 3087 5066 τῶν
3117 5009 3248 5087 πρὸς
3282 4998 3525 5086 Ἑρμείαν
3557 5006 3717 5085 φησίν
3754 5022 3768 5037 ⁸
3809 5031 3834 5061 ο
3868 5009 3935 5064 Τὸ

631 5617 694 5669 ’ῖδ
720 5618 887 5680 Joau.
921 5633 1002 5679 ιν.
1048 5616 1137 5680 l3.
1171 5617 1233 5667 ⁷6
1252 5620 1420 5681 Joan.
1456 5637 1558 5695 vn,
1592 5623 1693 5682 38.
1726 5619 1786 5669 77
1812 5619 1984 5683 Joan.
2015 5634 2097 5694 v1,
2132 5618 2229 5682 47.
2257 5618 2342 5681 78.
2377 5616 2526 5681 ibid.
2560 5618 2661 5682 39.
