4210 6292
572 301 689 367 703

1654 300 1866 362 JOAN.
1915 297 2136 360 V'ECCI
2179 295 2293 357 CP.
2344 291 2857 361 PATRIARCH/E

3829 301 3944 365 ’704

569 447 660 501 est
715 457 784 502 ex
833 440 964 520 ejus
1005 439 1285 513 essentia,
1318 446 1380 500 et
1407 455 1476 500 ex
1508 454 1577 498 eo
1609 441 1720 510 est,
1763 441 2042 514 tanquam
2085 429 2193 520 qui

2286 430 2434 506 ὅντα,
2495 434 2582 489 καὶ
2636 434 2795 492 πάλιν
2835 436 2887 503 ἐξ
2945 440 3100 498 αὒτοῦ
3157 439 3300 497 εἶναι
3359 440 3431 502 ὡς
3486 437 3619 496 ἴδιον
3677 437 3806 498 ὅντα
3849 445 3946 508 τῆς

569 518 987 610 ρτορτὶιισθει
1040 528 1198 590 illius
1253 525 1556 597 essentia,
1592 529 1872 604 poterunt
1941 518 2208 610 cuilibet,

570 608 893 680 dummodo
913 617 999 679 illi
1016 635 1142 678 rem
1175 612 1563 694 dignoscendi
1585 611 1817 674 animus
1840 608 2212 690 est,suadere

567 705 853 788 Spiritum
885 714 1155 768 sanctum
1188 711 1499 785 propterea
1556 701 1860 782 proprium
1911 716 2044 761 esse
2077 697 2214 760 Filii

565 793 872 877 dici,quod
895 813 960 856 ex
981 795 1112 873 ejus
1134 792 1459 855 substantia
1490 805 1579 855 εει
1612 811 1625 852 :
1655 807 1888 852 necnon
1932 794 2210 877 propter-

568 901 639 945 ea
667 875 752 945 εί
767 882 1092 944 substantia
1125 881 1257 944 Filii
1290 898 1421 944 esse
1452 899 1586 942 eum
1625 878 1768 959 dici,
1827 876 1986 958 quod
2044 875 2210 955 ejus—

567 971 727 1033 modi
755 970 1100 1033 substantia
1130 970 1436 1052 proprium
1462 968 1682 1030 bonum
1716 964 1992 1048 est,quod
2019 965 2210 1046 palam

565 1061 827 1123 ostendit
860 1059 1176 1142 etSpiritus
1196 1078 1338 1139 erga
1365 1058 1577 1120 Filium
1621 1054 2208 1119 consubstantialita-

568 1156 711 1212 tem.
744 1151 1018 1231 Namque
1039 1149 1090 1210 si
1119 1149 1236 1210 alio
1267 1149 1546 1230 quopiam
1581 1143 2210 1231 consubstantialitatis

564 1237 764 1312 modo,
788 1239 888 1318 qui
911 1230 987 1300 de
1019 1237 1271 1312 duobus,
1298 1240 1395 1318 qui
1429 1236 1698 1316 ejusdem
1721 1231 2066 1296 substantia
2087 1230 2210 1292 fue-

560 1326 770 1400 rint,in
793 1327 1012 1407 quibus
1043 1345 1227 1388 unum
1259 1345 1326 1387 ex
1355 1325 1472 1388 alio
1503 1344 1623 1386 non
1654 1330 1935 1396 est,esset
1953 1319 2209 1402 Spiritus

563 1415 834 1495 proprius
862 1415 1016 1490 Filii,
1052 1423 1110 1477 et
1141 1433 1210 1477 ex
1233 1413 1566 1477 substantia
1593 1412 1814 1484 Filii,et
1840 1410 2026 1473 Filius
2058 1426 2202 1489 pro-

561 1503 726 1582 prius
759 1502 1038 1584 Spiritus,
1059 1512 1115 1566 et
1143 1521 1218 1566 ex
1242 1501 1569 1564 substantia
1615 1500 1892 1582 Spiritus,
1925 1497 2083 1579 quod
2115 1495 2204 1557 si-

565 1590 722 1652 milis
753 1593 1333 1654 consubstantialitas
1364 1593 1520 1653 inter
1543 1608 1607 1652 se
1639 1588 2027 1663 convertitur,
2047 1585 2203 1668 quod

556 1699 590 1740 a
618 1681 782 1743 nullo
819 1700 1076 1763 unquam
1135 1691 1337 1743 sancto
1372 1685 1543 1744 Patre
1596 1678 2043 1761 pronuntiatum
2091 1682 2200 1749 est,

2295 519 2475 584 οὗσίας
2533 523 2709 599 αὐτοῦ,
2770 523 2845 582 ἵν’
2889 525 2981 592 εἴη
3022 531 3099 601 τῷ
3153 526 3459 604 βουλομένῳ
3510 525 3739 587 ἐντεῦθεν
3769 526 3947 606 διαγι-

2297 609 2516 666 νώσκειν
2547 613 2619 677 ὡς
2662 615 2749 670 καὶ
2792 617 2852 671 τὸ
2883 622 3094 692 Πνεῦμα
3123 615 3212 672 διὰ
3271 623 3425 674 τοῦτο
3483 615 3618 672 ἴδιον
3674 625 3766 675 τοῦ
3826 620 3946 675 Υὶοῦ

2295 695 2506 776 λέγεται
2579 701 2744 774 εἶναι,
2792 701 2876 762 διὰ
2923 706 2985 760 τὸ
3042 705 3102 761 ἐκ
3170 711 3270 773 τῆς
3322 705 3496 768 οὐσίας
3566 709 3722 764 αὒτοῦ
3779 707 3944 780 εἶναι,

2295 789 2383 874 καὶ
2413 790 2477 843 αὗ
2519 787 2604 850 διὰ
2631 799 2785 850 τοῦτο
2814 793 2874 848 ἐκ
2903 793 2998 862 τῆς
3031 794 3204 858 οὖσίας
3237 804 3327 853 τοῦ
3378 799 3492 852 1⁸ἱοῦ
3536 794 3748 874 λέγεται
3780 796 3946 874 εἶναι,

2295 872 2380 962 διὰ
2437 877 2496 932 τὸ
2551 878 2648 945 τῆς
2708 882 2954 948 τοιαύτης
2999 883 3172 945 οὗσίας
3219 881 3354 938 ἴδιον
3383 883 3575 962 ἀγαθὸν
3622 884 3764 940 εἶναι
3797 884 3941 958 αὑτὸ,

2295 961 2426 1040 ὅπερ
2475 964 2710 1045 ἐμφαίνει
2765 971 2852 1028 καὶ
2920 971 3020 1037 τὴν
3075 973 3207 1050 πρὸς
3263 973 3354 1028 τὸν
3400 961 3519 1029 Υἱὸν
3563 980 3654 1030 τοῦ
3698 974 3946 1048 Πνεύμα-

2294 1073 2384 1115 τος
2457 1053 2870 1128 ὃμοουσιότητα.
2933 1061 2990 1116 Εἰ
3073 1061 3171 1139 γὰρ
3233 1061 3369 1119 κατὰ
3412 1057 3572 1117 ἄλλον
3614 1061 3732 1117 τινὰ
3791 1059 3946 1140 λόγον

2295 1143 2732 1224 ὁμοουσιότητος,
2781 1150 2972 1212 ὁποῖός
3017 1147 3156 1204 ἐστιν
3215 1151 3242 1204 ὁ
3285 1150 3402 1226 περὶ
3444 1147 3533 1205 δύο
3562 1151 3718 1206 τινῶν
3749 1152 3947 1225 ὁμοου-

2292 1230 2417 1318 σίων
2460 1230 2773 1310 λεγόμενος,
2829 1237 2882 1292 ἐν
2929 1241 3015 1300 οἷς
3061 1239 3153 1294 οὒκ
3212 1237 3322 1294 ἔστι
3380 1236 3462 1296 διὰ
3519 1246 3610 1296 τοῦ
3673 1238 3847 1318 ἐτέρου
3889 1241 3946 1295 τὸ

2293 1316 2492 1400 ἕτερον,
2542 1324 2607 1388 ἦν
2661 1325 2720 1379 τὸ
2781 1328 2990 1400 Πνεῦμα
3048 1324 3183 1382 ἴδιον
3242 1333 3333 1382 τοῦ
3381 1330 3522 1403 Υἱοῦ,
3579 1328 3666 1383 καὶ
3735 1316 3795 1382 ἐκ
3850 1329 3946 1392 τῆς

2291 1407 2467 1474 οὐσίας
2523 1419 2618 1468 τοῦ
2675 1415 2814 1488 Υἱοῦ,
2851 1416 2918 1480 ἦν
2972 1413 3033 1471 ἂν
3065 1415 3151 1470 καὶ
3182 1417 3209 1470 ὁ
3256 1416 3371 1480 Υἱὸς
3415 1413 3551 1479 ἴδιος
3580 1426 3672 1475 τοῦ
3700 1417 3945 1491 Πνεύμα-

2289 1519 2378 1560 τος
2421 1501 2508 1555 καὶ
2553 1501 2612 1558 ἐκ
2654 1504 2751 1570 τῆς
2813 1504 2987 1569 οὒσίας
3029 1511 3120 1560 τοὺ
3164 1505 3492 1584 Πνεύματος,
3539 1503 3622 1562 διὰ
3675 1507 3736 1561 τὸ
3797 1505 3943 1561 ἀντι-

2290 1589 2510 1678 στρέφον
2567 1599 2664 1660 τῆς
2718 1597 2967 1662 τοιαύτης
3011 1598 3445 1678 ὁμοουσιότητος,
3491 1597 3620 1676 ὅπερ
3677 1598 3794 1654 οὔτε
3865 1597 3948 1675 ἐρο

2289 1676 2411 1753 ῥέθη
2465 1683 2605 1760 παρά
2689 1705 2828 1749 τινος
2903 1691 3007 1741 τῶν
3082 1685 3268 1763 ἁγίων,
3315 1676 3436 1742 οὔτε
3479 1687 3763 1764 ῥηθήσεταί
3817 1707 3943 1742 ποτε

553 1787 748 1850 neque
782 1761 1038 1852 unquam
1085 1769 1158 1831 ab
1186 1771 1280 1845 iis,
1305 1771 1406 1851 qui
1447 1771 1727 1850 pietatem
1767 1767 1963 1830 colere
2010 1781 2186 1826 aman

2296 1770 2436 1855 παρὰ
2498 1777 2697 1828 τουτῶν
2775 1771 3009 1830 εὖσεόεϊν
3091 1775 3178 1830 καὶ
3235 1772 3526 1853 ὁρθοδοξεϊν
3598 1774 3941 1855 αἱρουμένων.

553 1867 718 1920 recta
764 1859 1047 1922 Ecclesia
1101 1860 1374 1938 dogmata
1431 1859 1647 1920 sectari
1698 1857 1811 1920 sibi
1843 1860 2202 1936 proponunt.

554 1948 1057 2025 pronuntiabitur.
1088 1947 1160 2010 Et
1181 1948 1356 2030 plane
1386 1947 1599 2010 similis
1619 1943 2206 2009 consubstantialitas

561 2036 798 2117 proprie
828 2057 947 2099 non
978 2046 1089 2112 est,
1123 2039 1228 2100 sed
1258 2057 1392 2120 qua
1419 2037 1601 2099 alium
1631 2036 1746 2098 alio
1778 2033 2086 2115 coniungit
2116 2032 2207 2093 uti

557 2143 665 2205 per
697 2128 890 2206 ipsum
919 2133 1020 2188 aut
1053 2146 1121 2189 ex
1151 2127 1284 2206 ipso
1314 2127 1687 2206 naturaliter,
1706 2133 1764 2186 et
1793 2120 2205 2186 substantiali-

553 2220 646 2275 ter
675 2215 989 2280 exsistens.
1022 2215 1211 2298 quue
1262 2235 1368 2278 suo
1422 2214 1762 2278 testimonio
1795 2208 2206 2292 comprobabit

556 2320 804 2386 πραεηυε
833 2304 1110 2386 Basilius,
1144 2305 1303 2386 quod
1329 2305 1425 2386 hic
1455 2303 1858 2386 a_ppongi_t_ur,et
1888 2301 2076 2381 palam
2101 2299 2200 2386 in-

555 2375 733 2466 dicat,
771 2402 838 2466 ea
871 2403 1002 2466 qua
1022 2375 1286 2466 fraterno
1304 2375 1551 2446 vinculo.
1569 2375 1925 2466 colligantur
1953 2375 2203 2442 consub-

554 2462 848 2526 stantialia
879 2461 996 2528 non
1028 2466 1169 2531 dici.
1203 2465 1622 2528 Aduectuntur
1650 2461 2021 2543 porrohisce
2050 2479 2197 2522 auc-

554 2543 886 2626 toritatibus
914 2553 972 2626 et
999 2545 1131 2607 alia
1155 2565 1286 2626 qua
1306 2551 1598 2626 asserunt,
1632 2541 1769 2626 illeo
1800 2541 2017 2626 Filium
2065 2554 2198 2601 esse

554 2622 1114 2706 consubstantialem
1144 2620 1329 2706 Patri,
1362 2624 1498 2706 quia
1527 2620 1758 2706 ex:_ejus
1797 2620 2055 2682 essentia
2083 2628 2190 2706 est.

552 2701 992 2785 indequilibet,
1047 2705 1096 2766 si
1147 2705 1323 2766 modo
1380 2701 1529 2778 vult,
1565 2701 1926 2785 dignoscere
1981 2701 2192 2785 possit,

553 2779 1183 2866 Spiritumpropterea
1231 2803 1363 2866 esse
1415 2779 1995 2866 consubstantialem
2003 2781 2194 2866 _l*‘il_i_o,

552 2861 710 2941 quod
743 2881 813 2926 ex
842 2861 1005 2927 illius
1034 2865 1292 2928 essentia
1324 2872 1432 2926 est.
1461 2863 1670 2926 Adhuc
1700 2862 1876 2923 etiam
1931 2861 2048 2922 illis
2069 2861 2198 2922 alia

552 2941 947 3006 adnectunlur
1001 2946 1404 3020 auctoritates,
1452 2962 1585 3021 qua
1633 2949 1903 3004 astruunt
1944 2941 2198 3022 Spiritus

547 3038 686 3101 erga
707 3026 938 3086 Patrem
971 3034 1029 3086 et
1059 3027 1270 3089 Filium
1306 3021 2004 3098 consubstantialitalem,
2037 3021 2194 3102 quod

550 3119 618 3162 ex
652 3106 823 3166 Patro
845 3123 953 3184 per
980 3106 1198 3168 Filium
1232 3106 1334 3168 ille
1363 3117 1474 3168 est.

627 3190 877 3255 Sanctus
901 3194 1153 3276 Cyrillus
1183 3195 1452 3258 oratione
1473 3193 1546 3255 ad
1576 3193 1910 3255 Nestorium
1943 3210 2074 3273 qua
2105 3190 2191 3250 in-

548 3280 690 3360 cipit
723 3302 736 3342 :
777 3308 800 3338 ε
829 3281 1137 3362 Nugantur
1164 3284 1427 3365 quidam,
1467 3283 1639 3344 sicuti
1684 3281 1952 3362 cognovi,
1985 3288 2192 3341 contra

548 3367 1043 3433 existimationem
1077 3391 1331 3448 meam,»
1377 3373 1600 3453 inquit:
1637 3368 2187 3442 «Quemadmodum

547 3458 850 3538 proprium
873 3469 964 3522 est
992 3461 1273 3541 hominis,
1309 3462 1428 3523 imo
1468 3470 1525 3523 et
1557 3459 1830 3523 animalis
1860 3459 2188 3538 cujuscun-

546 3563 662 3625 que
685 3547 840 3626 quod
873 3566 944 3610 ex
977 3550 1103 3629 ipso
1134 3550 1463 3611 secundum
1517 3558 1786 3612 naturam
1837 3557 2180 3627 prognatum

546 3642 669 3712 est;
702 3635 783 3698 ita
813 3643 872 3698 et
901 3637 1206 3718 proprium
1262 3637 1368 3699 Dei
1418 3638 1576 3720 quod
1636 3656 1703 3698 ex
1736 3637 1993 3698 essentia
2032 3635 2190 3696 illius

544 3731 737 3785 ortum
769 3724 967 3801 habet,
1003 3733 1060 3788 et
1091 3725 1473 3806 intelligetur,
1507 3735 1568 3788 et
1597 3726 1848 3788 dicetur.
1881 3754 1902 3784 ι

623 3813 865 3892 Magnus
891 3814 1246 3878 Athanasius
1267 3817 1530 3878 oratione
1554 3816 1741 3895 prima
1771 3823 1976 3877 contra
2004 3813 2182 3876 Aria-

545 3920 672 3982 nos,
707 3904 880 3983 cujus
913 3905 1272 3988 principium
1304 3916 1398 3970 est
1431 3926 1444 3970 :
1487 3907 1771 3970 «Cseteras
1804 3905 2043 3986 quidem
2067 3905 2187 3966 ha-

545 4009 707 4053 reses
729 3994 1058 4074 transfugas
1087 3995 1375 4070 veritatis,
1409 4004 1466 4059 et
1497 3996 1705 4058 insana
1747 3997 2020 4076 dogmata
2070 3995 2183 4056 sibi

543 4081 1084 4160 comminiscentes,
1125 4111 1151 4142 ι
1179 4086 1355 4148 habet
1388 4107 1402 4146 :
1444 4112 1470 4142 α
1505 4089 1648 4150 Cum
1693 4095 1889 4148 autem
1922 4086 2182 4149 Verbum

2296 1847 2356 1913 Ἠ
2414 1855 2469 1914 δὲ
2534 1861 2751 1928 τοιαύτη
2797 1861 3151 1936 ὃμοουσιότης
3197 1861 3312 1918 οὐδὲ
3342 1865 3530 1942 κυρίως
3589 1865 3941 1937 ὁμοουσιότης

2289 1945 2450 2026 ἐστὶν,
2483 1947 2602 2005 ἀλλ’
2655 1951 2688 2017 ἡ
2750 1953 3081 2008 συνάπτουσα
3110 1953 3170 2007 τὸ
3213 1951 3386 2030 ἕτερον
3415 1957 3491 2024 τῷ
3534 1952 3716 2030 ἑτέρῳ,
3751 1955 3826 2015 ὡς
3870 1951 3934 2008 δι’

2290 2038 2446 2120 αὐτοῦ
2501 2036 2534 2104 ἢ
2586 2035 2637 2102 ἐξ
2681 2038 2838 2095 αὖτοῦ
2892 2040 3132 2118 ὑπάρχον
3191 2043 3422 2120 φυσικῶς
3490 2063 3548 2097 τε
3601 2043 3688 2097 καὶ
3743 2045 3937 2100 060w)-

2288 2119 2412 2186 δῶς.
2479 2127 2575 2182 Καὶ
2647 2129 2970 2206 μαρτυρήσει
3027 2119 3213 2184 τοῦτο
3253 2131 3287 2196 ἡ
3361 2129 3577 2186 ἐνταῦθα
3632 2151 3937 2209 κατεστρω-

2286 2210 2420 2284 μένη
2490 2224 2582 2273 τοῦ
2638 2215 2871 2293 μεγάλου
2928 2216 3201 2274 Βασιλείου
3257 2221 3478 2296 χρῆσις,
3549 2219 3583 2286 ἦ
3659 2217 3934 2297 προδήλως

2285 2297 2511 2378 λέγουσα
2583 2311 2660 2379 μη
2720 2307 2785 2361 τὰ
2813 2303 3010 2385 ἀδελφὰ
3053 2305 3307 2376 ἀλλήλοις
3352 2308 3606 2381 ὁμοούσια
3667 2307 3929 2386 λέγεσθαι.

2283 2393 2650 2467 Προστίθενται
2707 2393 2760 2450 δὲ
2833 2409 2955 2459 ταῖς
3025 2396 3292 2459 τοιαύταις
3354 2398 3580 2476 χρήσεσι
3635 2400 3721 2454 καὶ
3765 2397 3931 2478 ἕτεραι

2282 2480 2507 2557 χρήσεις
2537 2485 2587 2538 αἱ
2619 2481 2870 2550 δηλοῦσαι
2915 2482 2998 2540 διὰ
3040 2484 3193 2542 τοῦτο
3238 2485 3378 2542 εἶναι
3422 2487 3511 2542 τὸν
3562 2488 3680 2542 Υἷον
3736 2488 3930 2550 60.006-

2280 2589 2398 2624 σιον
2428 2577 2504 2644 τῷ
2549 2574 2734 2652 Πατρὶ,
2793 2571 2877 2630 διὰ
2930 2575 2992 2629 τὸ
3039 2576 3100 2630 ἒκ
3126 2575 3222 2642 τῆς
3267 2574 3442 2638 οὐσίας
3473 2580 3630 2634 αὐτοῦ
3658 2577 3823 2650 εἶναι,
3858 2576 3930 2632 ἵν’

2283 2655 2374 2722 εἴη
2433 2665 2509 2732 τῷ
2563 2659 2866 2736 βουλομένῳ
2907 2661 3136 2719 ἐντεῦθεν
3178 2662 3568 2740 διαγινώσκειν,
3615 2667 3687 2728 ὡς
3745 2666 3832 2720 καὶ
3870 2667 3928 2720 τὸ

2282 2750 2492 2822 Πνεῦμα
2523 2747 2604 2805 διὰ
2649 2758 2802 2807 τοῦτο
2854 2752 2964 2807 ἐστι
3023 2759 3101 2826 τῷ
3156 2757 3259 2826 ria,
3290 2755 3592 2828 ὁμοούσιον,
3627 2754 3708 2810 ὅτι
3733 2755 3794 2810 ἐκ
3835 2757 3927 2820 τῆς

2281 2835 2438 2892 αὗτοῦ
2479 2839 2653 2902 οὐσίας
2687 2840 2851 2899 ἐστιν.
2903 2830 3031 2898 "En
3079 2839 3132 2896 δὲ
3183 2844 3669 2921 προσεπενείρονται
3714 2844 3925 2905 ταύταις

2279 2925 2366 2979 καὶ
2425 2925 2594 3007 ἕτεραι
2666 2932 2920 3010 χρήσεις,
2968 2931 3018 2985 αἱ
3076 2927 3327 2997 δηλοῦσαι
3384 2932 3444 2986 τὸ
3494 2933 3585 2986 τοῦ
3626 2932 3924 3006 Πνεύματος

2279 3015 2409 3092 πρὸς
2445 3018 2536 3071 τὸν
2581 3018 2786 3093 Πατέρα
2827 3020 2916 3074 καὶ
2971 3019 3059 3074 τὸν
3122 3021 3239 3074 Γὶὸν
3296 3019 3601 3093 ὃμοούσιον,
3645 3017 3729 3074 διὰ
3756 3022 3819 3075 τὸ
3871 3019 3924 3074 ἐκ

2216 3080 2254 3130 C
2280 3105 2482 3182 Πατρὸς
2512 3104 2578 3160 δι’
2608 3109 2725 3163 Υἶοῡ
2756 3108 2897 3163 εἶναι
2931 3107 3077 3168 αὐτό.

2361 3183 2416 3249 Ὀ
2470 3193 2626 3273 ἅγιας
2676 3195 2928 3274 Κύριλλος
2989 3197 3043 3252 ἐν
3099 3204 3173 3270 τῷ
3229 3199 3358 3275 πρὸς
3420 3200 3697 3276 Νεστόριον
3757 3198 3922 3277 λόγῳ,

2277 3280 2335 3335 οὗ
2385 3283 2418 3348 ἡ
2478 3283 2648 3363 ἁρχὴ,
2715 3306 2736 3337 α
2799 3284 3228 3363 Καταφλυαροῦσι
3281 3307 3444 3356 τινες,
3500 3288 3570 3350 ὡς
3628 3289 3800 3361 μανθά
3853 3290 3923 3350 ὡς

2275 3367 2370 3434 τῆς
2423 3369 2556 3445 ἐμῆς
2585 3372 2928 3448 ὑπολήψεως,
2984 3397 3007 3427 n
3057 3375 3214 3452 φησίν
3249 3390 3262 3403 ⁵
3305 3397 3326 3427 α
3369 3365 3585 3453 ’Ὠσπερ
3639 3376 3738 3454 γὰρ
3791 3374 3924 3432 ἴδιον

2275 3454 2566 3536 ἀνθρώπου,
2625 3463 2713 3518 καὶ
2767 3462 2874 3537 μὴν
2931 3463 3018 3518 καὶ
3062 3462 3284 3518 ἑκάστου
3341 3464 3445 3517 τῶν
3517 3463 3707 3541 ἐτέρων
3778 3465 3926 3534 ζώων

2274 3549 2333 3604 τὸ
2379 3549 2429 3616 ἐξ
2475 3553 2629 3607 αὐτοῦ
2689 3552 2824 3607 κατᾶ
2880 3552 3029 3630 φύσιν
3086 3551 3495 3633 γεγεννημένον,
3556 3554 3724 3616 οὕτως
3788 3551 3926 3608 ἴδιον

2273 3646 2426 3709 Θεοῦ,
2459 3641 2520 3695 τὸ
2550 3640 2609 3696 ἐκ
2643 3641 2735 3708 τῆς
2779 3641 2956 3703 οὐσίας
2989 3643 3144 3697 αὐτοῦ
3174 3639 3341 3696 νοοττ’
3381 3639 3439 3696 ἄν
3511 3645 3649 3696 εἶναι
3693 3643 3782 3696 καὶ
3831 3639 3922 3696 λέ-

2273 3749 2445 3804 γοιτο.
2487 3751 2510 3781 Ι

2355 3807 2412 3873 Ὀ
2499 3817 2666 3895 μέγας
2749 3815 3054 3881 Ἀθανάσιος
3152 3816 3206 3872 ἐν
3300 3823 3378 3889 τῷ
3452 3818 3586 3872 κατὰ
3642 3817 3923 3895 Ἀρειανίνν

2269 3911 2462 3982 πρώτῳ
2519 3907 2664 3985 λόγῳ
2720 3907 2778 3963 οὗ
2837 3909 2871 3975 ἡ
2930 3907 3100 3986 ἀρχὴ,
3186 3929 3212 3959 α
3270 3909 3330 3962 Αἱ
3389 3906 3487 3981 μὲν
3531 3905 3749 3984 αἱρέσεις
3806 3907 3920 3964 ὅσαι

2268 4001 2366 4063 τῆς
2420 3996 2673 4063 ἀληθείας
2760 3997 3106 4064 έπινοήσασαι
3176 3997 3366 4070 μανίαν
3421 3997 3636 4057 ἑαυταῖς
3708 3999 3920 4076 φανεραὶ

2267 4087 2611 4165 τυγχανουσι,
2648 4107 2676 4146 ι
2734 4087 2890 4166 φησίν
2939 4104 2952 4117 ⁹
3020 4108 3043 4141 ι
3106 4083 3323 4151 Ἐπειδὴ
3393 4085 3491 4164 γὰρ
3554 4085 3724 4163 Λόγος
3784 4086 3919 4142 ἐστὶν

543 4177 750 4232 natura
778 4173 1079 4254 proprium
1108 4174 1184 4236 sit
1212 4175 1486 4237 essentia
1513 4175 1647 4257 Dei,
1669 4194 1740 4238 ex
1773 4176 1874 4238 illo
1909 4184 1966 4238 et
1996 4178 2058 4237 in
2089 4176 2182 4256 ip-

2278 4173 2394 4239 ἱδιος
2447 4177 2592 4255 φύσει
2635 4181 2734 4242 τῆς
2777 4175 2953 4240 οὐσίας
3025 4182 3116 4231 τοῦ
3169 4181 3322 4249 Θεοῦ,
3381 4174 3432 4239 ἐξ
3477 4177 3633 4234 αὐτοῦ
3687 4175 3746 4230 τέ
3802 4177 3912 4230 ἐστι

541 4279 604 4320 so
633 4267 740 4321 est.
783 4285 807 4320 ι

617 4349 780 4411 ldem
812 4349 872 4412 in
904 4351 1113 4414 eadem
1166 4355 1432 4416 oratione
1460 4355 1581 4416 ait:
1622 4377 1643 4407 ι
1675 4353 1858 4418 Filius
1902 4371 2040 4416 vero
2071 4372 2182 4414 na-

539 4445 667 4498 tura
690 4457 1008 4516 germanus
1038 4451 1126 4503 est
1155 4442 1647 4524 Patris,essentia
1677 4444 1834 4506 illius
1867 4443 2176 4525 proprius:

538 4525 633 4587 hic
662 4536 930 4590 creatura
962 4548 1081 4591 non
1113 4541 1224 4606 est,
1252 4551 1446 4613 neque
1470 4533 1716 4608 factura,
1751 4533 1852 4594 sed
1904 4531 2182 4613 proprius

536 4623 793 4694 paterna
816 4619 1091 4682 essentia
1120 4622 1269 4681 fetus
1291 4630 1351 4682 et
1366 4622 1641 4696 virtus,et
1687 4629 1947 4702 paterna
1968 4639 2178 4683 essen-

533 4703 626 4791 tia
654 4705 846 4785 imago
879 4725 1068 4771 vera»
1107 4708 1451 4791 Rursusque
1501 4711 1561 4772 in
1613 4711 1823 4773 eadem
1857 4711 2124 4771 oratione
2159 4730 2172 4770 :

531 4790 808 4874 Proprius
838 4793 1024 4858 Patris
1054 4807 1140 4860 est
1173 4790 1366 4860 Filius,
1386 4799 1448 4860 in
1478 4799 1614 4862 sinu
1643 4800 1804 4861 illius
1823 4801 2174 4861 exsistens.»

529 4881 598 4942 Et
625 4900 872 4970 rursus:
911 4906 934 4938 α
968 4885 1341 4948 Manifestum
1369 4895 1563 4951 autem
1593 4889 1798 4970 fuerit,
1831 4908 1964 4950 cum
1999 4907 2174 4949 crea—

531 4978 619 5029 tor
639 4969 796 5032 Deus
825 4971 1154 5047 sit,habere
1184 4982 1243 5037 et
1269 4984 1599 5040 creatorem
1632 4969 1898 5040 Verbum
1936 4996 2054 5038 non
2079 4995 2178 5038 ex-

528 5059 988 5148 trinsecum,sed
1021 5064 1329 5144 proprium
1360 5065 1454 5128 sui
1476 5066 1685 5147 ipsius.
1713 5089 1736 5120 »
1773 5067 1845 5129 Ει
1867 5075 1996 5148 post
2015 5068 2173 5128 mul-

529 5154 584 5207 ta
641 5147 703 5209 in
747 5148 957 5210 eadem
990 5152 1302 5216 oratione:
1345 5154 1508 5218 «Non
1556 5155 1736 5235 igitur
1791 5147 2060 5218 creatura
2090 5165 2179 5218 est

525 5235 925 5335 Yerbumﬁed
958 5239 1119 5302 solus
1150 5244 1760 5335 propriusPatris.nEt
1792 5247 1991 5326 paucis
2016 5247 2172 5308 inter

518 5324 698 5402 jectis
727 5325 790 5386 in
820 5327 1028 5389 eadem
1058 5331 1330 5395 oratione
1361 5354 1376 5395 :
1419 5337 1597 5400 cCum
1629 5355 1749 5399 non
1777 5324 1854 5398 sit
1873 5345 2168 5412 creatura,

524 5412 628 5515 sed
660 5415 935 5515 proprius
959 5420 1259 5515 essentia,
1293 5441 1468 5503 quem
1500 5425 1777 5490 codimus
1806 5426 1917 5489 Dei
1949 5427 2105 5489 fetus
2118 5442 2178 5495 et

526 5509 736 5568 natura
757 5503 940 5568 Filius
964 5513 1075 5582 est,
1111 5517 1542 5598 proptereaque
1590 5516 1896 5591 adoratur,
1946 5525 2004 5579 et
2023 5519 2180 5581 Deus

1236 5759 1271 5784 ν

2269 4266 2354 4320 καὶ
2396 4265 2451 4320 έν
2481 4267 2643 4340 αὐτῷ.
2680 4289 2707 4320 ι

2351 4345 2407 4411 Ὀ
2478 4357 2632 4418 αὐτὸς
2693 4355 2747 4411 ἐν
2789 4362 2866 4430 τῷ
2919 4357 3060 4425 αὒτῴ
3116 4353 3260 4432 λόγῳ
3302 4353 3458 4432 φησίν
3495 4369 3508 4384 ⁸

2264 4446 2401 4509 θινὸς
2457 4444 2606 4524 φύσει
2661 4446 2880 4524 γνήσιος
2940 4443 3049 4500 ἐστι
3107 4452 3198 4500 τοῦ
3254 4445 3482 4522 Πατρὸς,
3529 4441 3660 4507 ἴδιος
3704 4442 3804 4509 τῆς
3835 4444 3908 4498 0-3-

2265 4535 2378 4597 σίας
2439 4536 2594 4590 αὺτοῦ
2641 4552 2655 4566 °
2713 4536 2863 4598 οὗτος
2940 4535 3032 4590 οὒκ
3092 4532 3202 4589 ἔστι
3261 4532 3453 4606 κτίσμα
3525 4532 3642 4589 οὕτε
3687 4535 3908 4607 ποίημα,

2263 4621 2384 4677 ἀλλ’
2443 4620 2578 4677 ἴδιον
2636 4627 2733 4688 τῆς
2776 4630 2867 4678 τοῦ
2927 4622 3129 4699 Πατρὸς
3171 4621 3346 4683 οὐσίας
3389 4620 3628 4698 γέννημα
3681 4623 3770 4678 καὶ
3823 4619 3911 4676 δύ-

2261 4733 2417 4781 ναμις
2463 4712 2549 4767 καὶ
2580 4711 2733 4767 εἰκὼν
2777 4709 3004 4778 ἀληθινὰ
3057 4715 3156 4776 τῆς
3211 4719 3304 4768 τοῦ
3353 4711 3559 4788 *Πατρὸς
3635 4709 3834 4774 οὕσίας.
3884 4731 3904 4763 ο

2265 4801 2361 4857 Καὶ
2414 4798 2573 4855 πάλιν
2633 4800 2687 4853 ἐν
2743 4807 2819 4874 τῷ
2876 4801 3016 4873 αὕτῴ
3057 4797 3202 4876 λόγῳ
3234 4815 3248 4830 ⁶
3294 4819 3316 4848 ι
3352 4786 3518 4860 ’Ἰδιος
3577 4805 3671 4854 τοῦ
3715 4800 3910 4876 Πατρὸς

2259 4891 2286 4944 ὁ
2333 4890 2452 4951 Υἱὸς
2523 4891 2576 4944 ἐν
2661 4902 2777 4950 τοῖς
2848 4887 3067 4950 κολποις
3123 4889 3279 4943 αὐτοῦ
3321 4886 3415 4944 ὤν.
3457 4905 3480 4934 ν
3545 4889 3646 4946 Καὶ
3703 4886 3908 4943 πάλιν·

2265 5004 2288 5033 ιι
2344 4979 2518 5047 Δῆλον
2561 4979 2620 5036 ἂν
2658 4979 2748 5046 εἴη
2781 4979 2861 5036 ὅτι
2906 4979 3140 5045 ποιητὴς
3181 4979 3254 5034 ὥν
3299 4979 3326 5033 ἱ)
3371 4979 3499 5041 Θεὸς
3559 4977 3677 5056 ἔχει
3710 4980 3796 5034 καὶ
3824 4977 3908 5033 τόν

2258 5067 2580 5147 δημιουργόν
2612 5071 2780 5145 Λόγον
2823 5070 2917 5125 οὒκ
2959 5067 3168 5140 ἔξωθεν,
3221 5063 3339 5121 ἀλλ’
3372 5064 3502 5122 ἴδιον
3535 5068 3713 5125 αὕτοῦ.
3753 5091 3779 5120 ι
3817 5067 3908 5124 Καὶ

2259 5159 2392 5231 μετὰ
2447 5157 2620 5214 πολλὰ
2679 5157 2733 5212 ἐν
2775 5164 2852 5231 τῷ
2901 5157 3042 5231 αὒτῷ
3075 5171 3088 5185 ⁸
3146 5178 3167 5210 α
3226 5157 3333 5212 Οὕκ
3361 5155 3459 5222 ἄρα
3488 5155 3684 5230 κτίσμα
3715 5155 3906 5211 ἐστὶνὸ

2315 5249 2324 5268 Ι
2487 5247 2498 5266 ’
2590 5247 2600 5261 ε
2704 5246 2714 5268 1
2833 5244 2888 5264 ἸΝ
3068 5252 3088 5261 ν
3298 5243 3308 5260 θ
3505 5253 3518 5263 α
3565 5245 3577 5262 \
3718 5241 3731 5262 Ι
3775 5244 3787 5256 ⁴
3831 5244 3842 5262 Ι

2256 5253 2446 5324 Λογος,
2481 5245 2615 5302 αλλα
2646 5268 2802 5320 μονος
2838 5265 2972 5309 ιοιος
3002 5267 3093 5302 του
3138 5251 3362 5322 Πατρος.
3405 5265 3428 5298 ι
3486 5255 3581 5301 [ut
3613 5264 3714 5318 μετ
3763 5242 3906 5321 ολιγα

2255 5337 2308 5392 έν
2353 5343 2428 5409 τῷ
2460 5335 2599 5409 αὑτῷ
2633 5353 2647 5368 ·
2696 5357 2721 5390 ‹
2770 5332 2988 5402 Ἐπειδὴ
3034 5335 3127 5390 σὺκ
3178 5332 3288 5387 ἔστι
3319 5332 3538 5406 κτίσμα,
3599 5330 3720 5388 ἀλλ’
3777 5328 3904 5386 ἴδιον

2261 5427 2357 5494 τῆς
2416 5425 2591 5488 οὕσίας
2649 5432 2739 5481 τοῦ
2813 5420 3262 5503 προωιυνουμένου
3325 5427 3455 5477 Θεοῦ
3513 5419 3754 5498 γέννημα
3823 5419 3904 5474 καὶ

2263 5517 2410 5593 φύσει
2442 5515 2470 5569 ὁ
2538 5513 2656 5575 Υἱός
2711 5512 2846 5588 ἱστι,
2892 5510 2977 5572 διὰ
3030 5520 3183 5569 τοῦτο
3227 5521 3600 5586 προσκυνεῖται
3661 5512 3749 5565 καὶ
3778 5508 3900 5569 Θεὸς

3560 4376 3587 4407 ι
3630 4355 3747 4418 Υἱὸς
3779 4351 3913 4417 ἀλη-
