4210 6292
531 337 636 402 711

1627 345 1842 408 JOAN.
1890 335 2107 407 VECCl
2149 335 2262 404 ΟΡ.
2309 340 2820 407 ΡΑΤΗΙΑΡιΟΗιΕ

3806 337 3920 402 712

537 481 654 553 get,
679 482 737 536 et
759 485 1006 557 apparet
1030 495 1100 538 ex
1125 479 1290 540 Patre
1323 477 1743 550 essentialiter,
1783 484 1840 538 et
1870 476 1932 538 in
1961 494 2066 539 sua
2089 477 2172 556 hy

2275 476 2587 559 ἐκλάμπων,
2675 482 2759 536 καὶ
2813 481 3064 560 πεφηνὼς
3135 479 3196 535 ἐκ
3253 480 3458 557 Πατρὸς
3531 473 3794 538 οὐσιωδῶς
3837 464 3918 530 καἰ

539 565 787 644 postasi,
821 566 924 627 sed
957 583 1206 629 munera
1228 575 1285 628 et
1315 567 1467 629 dona
1501 566 1658 629 Filii.
1702 589 1724 623 ι

617 658 865 734 Magnus
897 655 1152 716 Basilius
1192 655 1252 716 in
1280 654 2194 718 secundoAntirrhetieo:cCom-

540 742 741 804 munis
774 753 863 806 est
895 744 1176 806 omnibus
1217 745 1439 824 pariter
1467 743 1812 806 Christianis
1841 744 2066 824 opinio,
2103 743 2194 806 Fi-

536 833 680 893 lium
713 853 844 895 esse
871 835 1066 894 lucem
1087 835 1349 913 genitam
1369 855 1438 896 ex
1468 835 1730 914 ingenita
1761 835 1893 897 luce
1922 834 2190 915 resplen-

533 921 799 982 (lentem.
827 946 849 974 η
880 923 952 984 Ει
981 941 1188 984 rursus
1214 939 1228 984 :
1261 947 1286 977 α
1314 923 1462 985 Boni
1497 922 1740 1003 quidem
1779 923 1966 985 Patris
1994 922 2188 985 bonus

536 1008 744 1084 Filius,
774 1011 1024 1090 ingeniti
1055 1028 1192 1074 vero
1227 1012 1466 1072 luminis
1498 1012 1700 1073 lumen
1754 1012 1979 1076 eﬂ'ulsit
2021 1029 2185 1074 sem-

533 1098 854 1178 piternum.
897 1125 923 1156 ι

612 1185 775 1248 Idem
828 1187 901 1250 de
956 1188 1291 1250 differentia
1359 1190 1631 1251 essentia:
1691 1199 1746 1251 et
1804 1188 2178 1270 hypostasis:

537 1299 563 1328 α
597 1275 782 1338 Filius
809 1278 969 1338 solus
1019 1281 1359 1356 unigenitus
1407 1296 1476 1340 ex
1530 1279 1792 1358 ingenito
1827 1275 2055 1340 lumine
2086 1294 2186 1338 re-

531 1362 736 1426 lucens
778 1366 1000 1426 nullam
1045 1383 1293 1446 prorsus
1341 1368 1651 1429 notionum
1687 1365 2186 1428 communicatio-

533 1470 669 1514 nem
703 1455 1028 1515 seeundum
1063 1455 1484 1534 proprietatem
1525 1473 1718 1536 suam,
1756 1463 1872 1516 tam
1904 1471 2038 1516 eum
2071 1453 2188 1516 Pa-

531 1549 619 1602 tre
640 1560 816 1622 quam
842 1560 975 1604 cum
1008 1542 1229 1622 Spiritu
1259 1554 1461 1605 saneto
1494 1543 1691 1606 habet.
1717 1567 1738 1598 ι

606 1631 859 1693 Sanetus
888 1631 1138 1711 Cyrillus
1172 1634 1228 1692 in
1259 1652 1377 1694 uno
1409 1653 1476 1694 ex
1503 1632 1802 1713 capitibus
1841 1632 1918 1695 de
1937 1631 2183 1694 aeterni-

2274 567 2659 649 ἐνυποστάτως,
2693 567 2826 625 ἀλλὰ
2855 570 2920 626 τὰ
2949 569 3255 649 χαρίσματα
3284 575 3377 624 τοῦ
3421 569 3566 627 Υἱοῦ.
3619 590 3642 622 ι

2358 648 2413 714 ιΟ
2473 647 2654 736 μέγας
2700 647 2990 722 Βασίλειοςή
3033 647 3095 712 γὲν
3179 647 3232 732 β’
3291 662 3400 713 τῶν
3466 655 3875 734 Ἀντιῤῥήτικὼν
3905 671 3918 686 ⁸

2281 768 2306 800 ιι
2343 746 2508 814 Κοινὴ
2550 745 2854 825 πρόσληψις
2914 753 3076 804 πᾶσιν
3129 746 3296 822 ὁμοίω
3357 753 3696 825 Χριστιανοϊς
3755 745 3920 824 ὑπάρ-

2276 857 2364 916 χει
2408 835 2525 914 περὶ
2552 835 2645 891 τοῦ
2688 842 2800 915 φῶς
2860 839 2998 892 εἶναι
3053 837 3144 892 τὸν
3191 836 3331 910 Υἷὸν,
3395 835 3648 914 γεννητὸν
3720 833 3780 889 ἐκ
3835 841 3920 889 τοῦ

2268 923 2556 996 ἆγεννητου
2587 927 2762 1005 φωτὸς
2805 924 3220 999 ἆπολάμψαντα,
3263 946 3287 978 ι)
3327 923 3427 981 καὶ
3453 922 3612 980 πάλιν
3647 942 3661 956 ⁸
3703 943 3726 978 σ
3761 921 3919 1000 Ἀγα-

2266 1015 2355 1068 θοΰ
2413 1011 2508 1089 μὲν
2567 1013 2772 1090 Πατρὸς
2833 1011 3025 1090 ἀγαθὸς
3085 1012 3229 1088 Υἱὸς,
3301 1012 3474 1090 φωτός
3533 1009 3588 1067 δὲ
3629 1020 3722 1069 τοῦ
3760 1010 3914 1090 ἆγεν-

2268 1102 2450 1176 νήτου,
2483 1105 2594 1180 φῶς
2626 1099 2887 1177 ἐξέλαμψε
2917 1101 2978 1157 τό
3010 1098 3206 1160 α’ίδιον.
3259 1123 3282 1156 ι

2350 1181 2407 1247 Ὀ
2462 1191 2616 1255 αὐτὸς
2672 1190 2726 1246 ἐν
2799 1197 2876 1265 τῷ
2947 1190 3063 1269 περὶ
3120 1187 3377 1269 διαφορᾶς
3437 1189 3612 1252 οὐσίας
3653 1191 3739 1244 καὶ
3781 1189 3910 1244 ὐπο-

2270 1278 2506 1340 στάσεως
2555 1297 2570 1314 ⁸
2639 1301 2661 1331 ι
2723 1269 2780 1336 “Ο
2837 1276 2894 1334 δὲ
2968 1279 3089 1342 Υἱός
3161 1279 3322 1352 μόνος
3379 1282 3681 1355 μονογενῶς
3738 1276 3799 1333 ἐκ
3827 1286 3912 1333 τοῦ

2270 1366 2560 1444 ἆγεννήτου
2605 1369 2778 1447 φωτὸς
2838 1365 3117 1441 ἐκλάμψας
3174 1363 3414 1442 οὐδεμίαν
3474 1365 3609 1422 κατὰ
3637 1367 3698 1422 τό
3727 1363 3914 1436 ἰδιάζον

2269 1458 2374 1510 τῶν
2405 1457 2786 1534 γνωρισμάτων
2845 1455 2942 1522 τὴν
3000 1456 3276 1510 κοινωνίαν
3320 1452 3436 1534 ἔχει
3485 1455 3614 1530 πρὸς
3655 1456 3746 1510 τὸν
3803 1459 3914 1508 Πι-

2269 1549 2418 1627 τὲρα,
2450 1547 2486 1615 ἢ
2517 1547 2646 1627 πρὸς
2674 1548 2735 1604 τό
2765 1546 2976 1623 Πνεῦμα
3018 1547 3077 1603 τό
3121 1545 3294 1624 ἅγιον.
3343 1567 3365 1596 ι

2353 1626 2411 1692 Ὀ
2467 1626 2619 1714 ἅγιος
2680 1634 2933 1715 Κύριλλος
2991 1634 3044 1691 ἐν
3101 1636 3174 1690 ἑνὶ
3201 1640 3307 1691 τῶν
3337 1633 3636 1715 κεφαλαίων
3664 1637 3758 1691 τοῦ
3806 1635 3918 1712 περὶ

529 1719 957 1800 tateFiliiquod
993 1721 1216 1802 incipit:
1235 1721 1425 1783 «Fons
1447 1722 1755 1803 sapientiae
1781 1723 1984 1785 etvitze
2005 1739 2172 1784 voca-

2265 1730 2364 1792 τῆς
2395 1723 2698 1792 ἀϊδιότητος
2753 1732 2844 1782 τοῦ
2902 1727 3046 1804 Υἱοῦ,
3106 1723 3165 1780 οῦ
3204 1725 3238 1792 ἡ
3281 1723 3450 1804 ἀρχὴ,
3492 1745 3515 1776 ι
3549 1724 3704 1801 Πηγὴ
3734 1725 3916 1804 σοφίας

529 1818 644 1883 tur,
677 1817 736 1870 et
763 1819 851 1871 est
880 1807 1718 1890 Deus,»inquit:«Eratautem
1744 1810 2001 1888 genitori
2021 1828 2178 1872 coae-

528 1905 731 1958 ternus
760 1897 1154 1972 Filius,veluti
1179 1917 1212 1959 a
1232 1898 1485 1979 quodam
1520 1899 1682 1961 fonte
1706 1906 1948 1980 paterna
1974 1917 2180 1961 essen-

527 1985 602 2048 tia
631 1985 1054 2048 exsiliens.-Et
1083 1987 1143 2047 in
1171 1987 1287 2048 alio
1317 2005 1330 2050 :
1373 2013 1395 2044 ιι
1431 1986 1948 2060 Quemadmodum
2000 1989 2179 2050 Pater

523 2073 747 2155 absque
779 2075 1070 2156 principio
1104 2085 1212 2153 est,
1291 2077 1372 2138 ita
1403 2086 1462 2138 et
1495 2076 1652 2158 quod
1706 2076 1966 2138 essentia
2016 2075 2177 2138 illius

523 2163 900 2243 progreditur
930 2162 1188 2226 Verbum
1217 2165 1446 2246 absque
1482 2164 1775 2246 principio
1807 2176 1959 2228 est.)
1997 2162 2068 2226 Et
2115 2163 2178 2226 in

521 2251 634 2312 alio
671 2273 684 2310 :
716 2275 740 2309 c
775 2251 855 2312 Ex
887 2253 1146 2314 essentia
1176 2254 1371 2316 Patris
1401 2253 1796 2336 progrediens
1827 2251 2108 2315 Verbum.
2148 2276 2172 2310 ι

522 2337 592 2400 Et
621 2338 683 2400 in
714 2339 830 2402 alio
869 2362 883 2404 :
918 2339 1030 2412 Qui
1061 2359 1126 2402 ex
1161 2342 1288 2422 ipso
1325 2342 1710 2423 progreditur
1739 2341 1964 2422 absque
2017 2350 2175 2406 tem-

525 2447 667 2508 pore
716 2428 925 2493 Filius.
969 2453 996 2485 ››
1032 2428 1106 2490 Ει
1137 2431 1194 2490 in
1226 2430 1342 2490 alio
1381 2430 1538 2503 :Qui
1566 2449 1705 2491 vero
1756 2449 1937 2510 super
1982 2429 2178 2506 omnia

522 2518 794 2580 ascendit
855 2519 1013 2580 Deus
1067 2537 1134 2579 ex
1208 2521 1532 2600 semetipso
1589 2517 1805 2582 Filium
1865 2519 2176 2600 insepara-

525 2605 730 2669 biliter
759 2607 1046 2669 educens.
1085 2631 1111 2662 ι
1147 2607 1222 2669 Ει
1247 2609 1302 2669 in
1335 2607 1450 2669 alio
1489 2629 1500 2670 :
1538 2633 1564 2663 κ
1597 2609 1776 2670 Pater
1833 2626 1901 2669 ex
1949 2616 2175 2670 semet-

529 2700 655 2778 ipso
684 2694 899 2758 Filium
960 2695 1439 2776 inseparabiliter
1469 2704 1527 2758 et
1580 2696 1834 2758 indivise
1888 2696 2104 2758 emisit.
2142 2721 2169 2752 ι

523 2785 596 2846 Et
622 2784 683 2844 in
704 2783 819 2845 alio
854 2805 868 2845 :
903 2808 923 2836 ι
961 2782 1060 2846 Sic
1092 2793 1150 2844 et
1197 2783 1384 2847 Filius
1431 2783 1538 2846 Dei
1593 2784 1847 2846 indivise
1905 2804 1972 2846 ex
2006 2783 2177 2846 Patre

529 2891 889 2952 promanans
921 2874 1232 2936 character
1291 2882 1381 2935 est
1436 2873 1785 2935 aeternitatis
1823 2873 2006 2935 illius.
2049 2897 2070 2929 ι
2107 2872 2179 2935 Et

525 2961 586 3022 in
620 2962 736 3024 alio
775 2985 787 3026 :
828 2989 855 3018 α
889 2961 1404 3034 Quemadmodum
1437 2960 1696 3042 Spiritus
1747 2971 2004 3033 sanctus,
2041 2979 2176 3023 cum

2264 1816 2352 1870 καὶ
2409 1818 2551 1884 ζωῆς
2608 1811 2854 1870 καλεῖται
2887 1815 2972 1869 καὶ
3017 1800 3156 1869 ἐστὶν
3200 1815 3226 1868 6
3259 1800 3487 1892 9:35,)
3521 1800 3678 1891 φησιν
3711 1829 3727 1845 ⁸
3767 1800 3916 1873 (ὛΗν

2263 1902 2361 1982 ἄρα
2432 1910 2508 1978 τῷ
2578 1904 2890 1980 γεννήσαντι
2949 1899 3214 1964 συνα’ίδιος
3259 1904 3286 1959 6
3379 1902 3521 1977 Υἱός,
3581 1901 3760 1981 ὥσπερ
3812 1902 3914 1958 ἆπό

2259 2013 2400 2056 τινος
2457 1996 2642 2070 πηγῆς
2685 1997 2784 2058 τῆς
2836 1991 3051 2068 πρώτης
3095 1988 3396 2061 ἀναϐλύζων
3437 1990 3636 2053 οὐσίας.
3673 2009 3696 2041 ι
3735 1991 3833 2048 Καὶ
3861 1990 3912 2047 ὲν

2261 2079 2408 2154 ἄλλῳ
2463 2079 2735 2161 κεφαλαίῳ
2767 2097 2781 2112 ⁸
2859 2105 2880 2136 ι
2929 2070 2986 2138 Ὀ
3045 2079 3140 2156 μὲν
3191 2080 3292 2160 γὰρ
3348 2079 3406 2136 ὲκ
3447 2080 3546 2148 τῆς
3604 2081 3779 2144 οὐσίας
3823 2086 3912 2136 τοῦ

2263 2171 2466 2249 Πατρὸς
2523 2167 2791 2248 προελθὼν
2876 2167 3082 2245 Πατέρα
3117 2168 3285 2249 Δεὐθὺς
3345 2165 3502 2232 ἔδειξε
3571 2169 3662 2226 τόν
3716 2170 3914 2246 γεννή-

2261 2245 2448 2316 σαντα.
2499 2277 2524 2312 ι
2565 2245 2661 2314 Καὶ
2711 2259 2765 2313 ἒν
2820 2253 2966 2311 ἄλλω
2997 2273 3014 2291 ⁸
3057 2282 3080 2312 ι
3115 2245 3332 2334 ιὨσπερ
3387 2259 3414 2313 ὁ
3444 2257 3627 2336 Πατὴρ
3655 2245 3913 2336 ἄναρχος,

2262 2345 2396 2402 οὕτω
2437 2347 2524 2402 καὶ
2581 2348 2609 2401 6
2681 2345 2739 2402 ἐκ
2793 2349 2892 2411 τῆς
2966 2345 3144 2407 οὐσίας
3201 2345 3358 2404 αὐτοῦ
3412 2344 3681 2424 προελθὼν
3740 2347 3907 2422 Λόγος

2261 2432 2512 2514 ἄναρχος.
2549 2458 2578 2489 ι
2642 2435 2742 2490 Καὶ
2782 2436 2837 2489 ἒν
2882 2431 3028 2508 ἄλλῳ
3060 2449 3073 2463 ⁸
3129 2456 3157 2488 α
3192 2430 3250 2491 Ὀ
3307 2436 3368 2490 ἒκ
3422 2439 3520 2500 τῆς
3562 2440 3652 2490 τοῦ
3710 2435 3911 2514 Πατρὸς

2261 2513 2438 2586 οὐσίας
2506 2519 2774 2598 προελθὼν
2831 2522 3022 2600 Λόγος,
3086 2542 3108 2573 ο
3187 2523 3284 2580 Καὶ
3343 2522 3396 2578 ἐν
3454 2520 3599 2596 ἄλλῳ
3633 2538 3646 2551 ⁸
3689 2542 3712 2572 ε
3763 2513 3817 2579 Ὀ
3860 2523 3912 2588 ὶξ

2259 2612 2416 2668 αὐτοῦ
2469 2609 2736 2690 προελθὼν
2779 2610 3023 2691 ἆχρόνως
3078 2611 3221 2675 Υἱός.
3257 2629 3279 2660 I
3318 2612 3416 2668 Καὶ
3447 2610 3500 2666 ἐν
3532 2608 3677 2684 ἄλλῳ
3709 2627 3722 2643 ⁸
3769 2613 3910 2668 σΤὸν

2259 2703 2318 2762 ἐκ
2357 2704 2454 2772 τῆς
2505 2712 2597 2761 τοῦ
2640 2705 2845 2782 Πατρὸς
2891 2703 3064 2767 οὐσίας
3106 2701 3424 2782 προελθόντα
3473 2703 3614 2764 Υἱόν,
3652 2723 3674 2754 ι
3713 2704 3811 2761 Καὶ
3856 2703 3908 2758 ἐν

2259 2791 2404 2868 ἄλλῳ
2437 2812 2452 2828 ⁸
2489 2811 2514 2846 ι
2563 2790 2620 2852 Ὀ
2691 2791 2745 2848 δὲ
2795 2791 2902 2850 ἅνω
2958 2786 3171 2849 πάντων
3225 2787 3565 2859 ἀναϐεϐηκὼς
3638 2793 3768 2856 Θεός
3809 2794 3906 2848 ἱκ-

2259 2881 2475 2957 λάμψας
2529 2880 2823 2958 ἆμερίστως
2898 2879 2950 2946 ἐξ
3031 2883 3186 2938 αὐτοῦ
3240 2881 3331 2937 τόν
3397 2881 3539 2944 Υἱόν.
3597 2907 3622 2941 ι
3687 2883 3786 2940 Καὶ
3856 2880 3908 2936 ἒν

2260 2968 2407 3044 ἄλλῳ
2441 2989 2454 3003 ⁸
2507 2991 2531 3022 ι
2565 2968 2624 3027 Ὀ
2681 2971 2860 3048 Πατὴρ
2907 2968 3199 3046 ἐξέλαμψεν
3267 2968 3321 3034 ἒξ
3378 2970 3561 3027 ἑαυτοῦ
3630 2971 3722 3026 τὸν
3791 2972 3908 3027 Υἱὸν

521 3051 694 3113 variis
727 3050 922 3114 modis
947 3069 1052 3112 sua
1085 3069 1336 3112 munera
1365 3050 1836 3130 elargitur,eirca
1861 3050 2172 3112 essentiam

2263 3059 2558 3138 ἀμερίστως
2615 3061 2702 3115 καὶ
2761 3055 3113 3122 ἆδιαστάτως.
3148 3080 3170 3110 ι
3222 3060 3318 3116 Καὶ
3358 3061 3415 3114 ἓν
3469 3056 3617 3133 ἄλλῳ
3646 3073 3662 3089 ⁸
3703 3078 3728 3110 σ
3760 3057 3908 3116 Οὕτω

522 3141 746 3202 nullam
807 3139 966 3202 subit
1024 3139 1400 3218 divisionem,
1433 3139 1511 3202 ita
1544 3152 1604 3201 et
1632 3138 2032 3219 generativam
2064 3139 2172 3201 Dei

2256 3148 2343 3205 καὶ
2400 3150 2427 3204 6
2492 3148 2608 3213 Υἱός
2649 3147 2742 3204 τοῦ
2785 3153 2915 3204 Θεοῦ
2957 3147 3251 3227 ἆμερίστως
3295 3145 3354 3203 ἐκ
3409 3149 3612 3226 Πατρὸς
3642 3146 3906 3226 προελθὼν

521 3229 862 3303 essentiam,
899 3247 1075 3292 nemo
1104 3228 1426 3291 dummodo
1477 3247 1620 3291 sano
1673 3236 1912 3308 pectore
1961 3227 2169 3309 sapiat,

2255 3237 2536 3316 χαρακτήρ
2578 3236 2732 3316 ’ἐστι
2803 3241 2902 3303 τῆς
2973 3234 3277 3302 ἆϊδιότητος
3348 3234 3528 3296 αὐτοῦ.
3597 3257 3619 3292 ι
3699 3237 3798 3294 Καὶ
3853 3235 3908 3292 ἐν

517 3327 615 3379 aut
669 3319 1044 3392 divisionem,
1105 3326 1202 3382 aut
1261 3319 1563 3381 defluxum
1621 3319 1879 3398 aliquem
1936 3317 2172 3379 subisse

518 3407 860 3480 asseruerit,
921 3425 1054 3468 eum
1111 3425 1296 3468 unum
1355 3415 1412 3468 et
1469 3406 1662 3468 solum
1723 3424 1795 3468 ex
1848 3405 2172 3487 semetipsa

518 3497 732 3559 Filium
763 3494 979 3557 emisit.
1015 3515 1042 3555 ι
1079 3493 1149 3556 Et
1178 3496 1240 3556 in
1267 3495 1382 3556 alio
1419 3516 1432 3558 :
1475 3520 1498 3550 «
1535 3493 1838 3574 Quidquid
1871 3494 2045 3556 estin
2071 3513 2169 3556 ex-

517 3584 786 3646 sistentia
811 3583 946 3646 Filii
977 3602 1049 3645 ex
1084 3593 1326 3665 paterna
1360 3583 1619 3646 essentia
1651 3591 1981 3663 promanat.
2021 3605 2050 3644 ›
2097 3581 2169 3645 Ει

516 3673 575 3736 in
607 3673 762 3735 alio:
804 3693 824 3724 σ
861 3671 1004 3744 Quae
1034 3671 1193 3734 enim
1226 3672 1460 3733 affectio
1492 3671 1619 3733 sive
1650 3671 1845 3751 passio
1876 3671 2035 3734 circa
2065 3690 2166 3734 so-

518 3762 632 3824 lem
665 3760 1019 3842 concipitur,
1046 3779 1179 3822 cum
1223 3761 1424 3822 lumen
1445 3759 1727 3840 generat?
1755 3758 1896 3832 Quae
1925 3759 2167 3822 contin-

515 3848 598 3927 git
628 3848 786 3910 circa
801 3849 998 3928 ignem
1031 3848 1265 3924 divisio,
1299 3867 1432 3910 cum
1466 3847 1987 3924 illuminationem,
2031 3868 2163 3930 quae

517 3957 586 4000 ex
614 3956 684 3999 eo
709 3946 819 4014 est,
853 3937 1118 4001 emittit?
1149 3937 1320 4010 Quod
1370 3937 1420 3998 si
1450 3937 1575 3998 haec
1607 3944 1896 4016 generant
1923 3937 2164 4018 quidem

515 4027 787 4107 indivise,
826 4041 886 4089 et
907 4025 1132 4107 absque
1161 4026 1283 4088 ulla
1314 4027 1611 4108 passione,
1652 4045 1784 4106 quae
1807 4045 1876 4088 ex
1906 4045 1972 4089 se
2001 4035 2160 4105 sunt,

515 4116 808 4193 emittunt,
866 4133 1064 4178 annon
1121 4116 1305 4178 multo
1353 4116 1539 4194 magis
1579 4134 1786 4177 eorum
1817 4115 2014 4196 opifex
2043 4135 2164 4180 suas

516 4207 702 4288 ipsius
734 4214 956 4270 naturae
984 4207 1275 4286 fulgorem
1307 4206 1622 4270 emiserit?
1656 4230 1683 4263 ι

2255 3312 2400 3400 mg.
2434 3341 2448 3355 ⁸
2578 3312 2796 3405 ’Ὠσπερ
2851 3330 2912 3381 τὸ
2968 3324 3180 3400 Πνεῦμα
3237 3324 3296 3380 τό
3352 3323 3505 3402 ἅγιον
3560 3327 3618 3381 οὐ
3649 3327 3905 3402 μερισμὸν

2252 3414 2500 3491 ὑπομένει
2558 3415 2675 3492 περὶ
2730 3414 2830 3480 τὴν
2871 3413 3072 3488 οὐσίαν,
3129 3411 3410 3493 διαφόρους
3469 3412 3741 3488 ὲκπέμπον
3788 3415 3907 3480 τοὺς

2252 3502 2304 3560 ἐν
2377 3516 2494 3569 τοῖς
2551 3504 2846 3582 χαρίσμασι
2888 3503 3136 3580 τρόπους,
3181 3501 3318 3559 οὕτω
3347 3503 3435 3558 καὶ
3461 3503 3557 3570 τὴν
3589 3508 3904 3580 γεννητικῇν

2250 3593 2426 3649 οὐσίαν
2467 3601 2560 3650 τοῦ
2601 3591 2732 3648 Θεοῦ
2761 3595 2855 3651 οὐκ
2910 3590 2972 3646 ἂν
3002 3613 3080 3655 τις
3110 3596 3215 3647 τῶν
3251 3590 3308 3646 εὖ
3335 3593 3663 3670 φρονούντων
3691 3587 3902 3647 ἀδικεῖ-

2249 3684 2364 3738 σθαι
2423 3681 2662 3762 φήσειεν,
2735 3681 2772 3748 ἦ
2816 3681 3096 3760 μερισμὸν,
3142 3679 3178 3748 ἢ
3235 3678 3517 3758 ἀπόῤῥοιάν
3587 3701 3704 3735 τινα
3787 3701 3898 3737 πα-

2245 3773 2380 3844 θεῖν,
2427 3768 2516 3827 ἕνα
2558 3770 2645 3826 καὶ
2688 3769 2849 3846 μόνον
2907 3766 2958 3833 ἐξ
3016 3769 3206 3835 ἑαυτῆς
3264 3766 3610 3845 ἐκλάμψασαν
3677 3768 3821 3831 Υἱόν,
3863 3793 3886 3826 ι

2247 3859 2348 3916 Καὶ
2403 3858 2457 3914 ἐν
2500 3857 2648 3932 ἄλλῳ
2683 3876 2698 3893 ⁸
2763 3882 2784 3908 ι
2819 3858 3040 3934 Σύμπαν
3099 3858 3159 3913 τὸ
3214 3857 3356 3914 εἶναι
3411 3858 3505 3914 τοῦ
3548 3860 3669 3916 Υἱοῦ
3695 3856 3756 3914 ἐκ
3796 3862 3893 3925 τῆς

2245 3954 2338 4005 τοῦ
2380 3949 2582 4027 Πατρὸς
2617 3947 2793 4011 οὐσίας
2840 3947 3100 4026 πρόεισιν.
3141 3963 3166 3998 ι
3201 3947 3296 4005 Καὶ
3345 3946 3399 4002 ἐν
3428 3945 3574 4020 ἄλλῳ
3617 3965 3635 3982 ⁸
3683 3967 3706 3997 ι
3733 3952 3897 4005 Ποῖον

2246 4035 2344 4112 γὰρ
2386 4035 2547 4101 πάθος
2628 4036 2745 4114 περὶ
2832 4037 2924 4091 τὸν
2990 4033 3141 4102 ἥλιον
3215 4036 3398 4112 ὁρᾶται
3451 4035 3752 4114 γινόμενον,
3813 4034 3900 4092 ὅτε

2252 4125 2413 4181 τίκτει
2471 4126 2532 4180 τὸ
2588 4130 2749 4204 φῶς;
2797 4137 2956 4190 ποῖος
3028 4121 3297 4198 συμϐαίνει
3355 4126 3472 4204 περὶ
3508 4125 3569 4180 τὸ
3599 4129 3699 4204 πῦρ
3743 4145 3899 4205 μερι-

2253 4213 2409 4293 σμός,
2445 4212 2567 4270 ὅναν
2623 4213 2885 4289 ἐκπέμπει
2927 4215 3019 4270 τὸν
3070 4211 3122 4278 ἐξ
3191 4216 3347 4272 αὐτοῦ
3389 4213 3695 4294 φοτισμόν;
3744 4215 3802 4271 Εἰ
3844 4213 3900 4271 δὲ

513 4306 672 4354 ταῦτα
703 4305 857 4377 γεννᾷ
888 4300 988 4373 μὲν
1016 4299 1306 4377 ἆμερίστως
1339 4297 1598 4369 ἐκπέμπει
1633 4296 1686 4354 δὲ
1716 4301 1780 4354 τὰ
1812 4298 1863 4364 ἐξ
1907 4299 2074 4354 αὐθῶν
2099 4298 2340 4376 ἀπαθῶς,
2391 4307 2450 4362 οὐ
2492 4300 2677 4378 πολλῷ
2737 4301 2938 4379 μᾶλλον
2971 4305 2998 4360 6
3055 4303 3256 4360 τούτων
3305 4302 3534 4370 ποιητὴς
3565 4305 3662 4371 τῆς
3707 4304 3895 4361 ἑαυτοῦ

512 4387 697 4446 ἑαυτοῦ
738 4389 940 4467 φύσεως
986 4386 1245 4464 ἐκπέμπει
1278 4389 1339 4442 τὸ
1382 4385 1702 4465 ἀπαύγασμα
1739 4407 1754 4468 ;
1789 4413 1811 4443 ι

593 4473 822 4538 Studita
875 4468 938 4537 in
997 4494 1115 4537 uno
1148 4494 1219 4537 ex
1247 4473 1638 4539 Gradualibus
1670 4475 1848 4537 habet
1878 4497 1891 4538 :
1932 4495 1961 4536 ι
1988 4476 2164 4538 Pater
2184 4487 2227 4538 D

509 4563 669 4625 enim
721 4563 944 4645 absque
1001 4563 1296 4645 principio
1330 4571 1439 4640 est,
1475 4582 1544 4626 ex
1574 4583 1694 4644 quo
1724 4571 2041 4643 generatus
2069 4573 2160 4627 est

513 4652 695 4715 Filius
719 4653 942 4734 absque
973 4661 1262 4734 tempore,
1307 4661 1367 4716 et
1392 4651 1655 4733 Spiritus
1681 4652 1950 4732 ejusdem
1987 4654 2158 4715 thro-

510 4741 595 4817 ni,
625 4748 683 4802 et
700 4741 968 4821 ejusdem
1002 4741 1410 4822 essentia),qui
1430 4759 1499 4802 ex
1521 4742 1696 4804 Patre
1713 4742 1888 4805 simul
1909 4741 2151 4804 eluxit.-

589 4830 994 4893 Damascenus
1026 4851 1039 4893 :
1077 4849 1108 4891 ε
1142 4831 1228 4893 Tu
1259 4830 1443 4893 Mater
1466 4829 1574 4892 Dei
1603 4831 1827 4912 absque
1855 4831 1972 4894 ulla
2005 4850 2156 4894 eon-

502 4918 813 4998 junctione
858 4920 1068 4982 effecta
1127 4939 1192 4982 es
1245 4919 1426 4996 illius,
1459 4919 1560 5000 qui
1620 4937 1688 4982 ex
1719 4919 2157 5002 ineorruptibili

509 5005 680 5069 Patre
711 5008 914 5071 eluxit.
943 5036 964 5066 ι

588 5095 1096 5179 SanctusCyrillus
1127 5098 1394 5162 oratione
1425 5097 1499 5160 ad
1531 5097 1907 5160 Valerianum
1925 5099 2154 5180 episeo-

509 5203 670 5264 pum,
706 5187 787 5248 ait
820 5205 832 5249 :
867 5211 893 5244 α
920 5191 1073 5253 Nam
1120 5207 1252 5250 eum
1302 5195 1543 5250 sanctus
1573 5186 1650 5248 sit
1679 5185 2006 5250 secundum
2039 5206 2152 5250 na-

509 5279 724 5350 turam,
758 5275 1262 5356 quemadmodum
1292 5284 1350 5339 et
1377 5278 1574 5352 Pater,
1603 5275 1704 5356 qui
1736 5293 1808 5338 ex
1861 5293 1933 5339 eo
1965 5275 2155 5340 oritur

510 5362 850 5441 unigenitus
883 5364 1082 5443 Filius,
1125 5366 1482 5430 sanctificari
1506 5365 1724 5428 dicitur
1748 5384 1782 5428 a
1807 5364 2000 5444 Patre,
2034 5385 2152 5448 qua

509 5451 687 5512 homo
710 5459 823 5517 est.
861 5477 886 5510 ιο

589 5539 752 5603 Idem
789 5563 803 5606 :
836 5562 860 5600 ι
895 5541 1194 5606 Christum
1217 5543 1324 5606 Dei
1347 5551 1406 5606 et
1431 5542 1741 5606 hominum
1767 5544 2152 5608 mediatorem

508 5629 842 5694 secundum
871 5631 1208 5712 Scriptura:
1237 5633 1518 5712 componi
1548 5630 1803 5696 dicimus
1851 5651 1925 5696 ex
1951 5641 2155 5696 nostra

2328 4475 2385 4537 Ὀ
2457 4476 2738 4547 Στουδίτης
2825 4477 2879 4534 ἕν
2934 4501 3036 4535 τινι
3093 4485 3197 4535 τῶν
3256 4477 3603 4556 Ἀναϐαθμῶν
3671 4502 3831 4561 φησιν
3873 4501 3890 4519 ⁸

2248 4589 2276 4622 α
2315 4558 2372 4626 Ὀ
2429 4568 2609 4646 Πατὴρ
2671 4568 2771 4646 γὰρ
2802 4565 3060 4647 ἄναρχος,
3108 4566 3159 4633 ἒξ
3212 4567 3271 4625 οὗ
3326 4567 3419 4649 ἔφ’)
3476 4571 3504 4626 6
3558 4558 3890 4652 Υἱός-ἀχρυ-

2242 4678 2368 4732 νως,
2427 4659 2515 4714 καὶ
2555 4656 2617 4713 τό
2667 4661 2881 4733 Πνεῦμα
2937 4658 3234 4736 σύνθρονον,
3275 4659 3600 4740 σύμμορφον,
3657 4659 3718 4716 ἔκ
3773 4665 3903 4717 Ποι-⁴

2239 4746 2360 4825 τρὸς
2403 4745 2804 4822 συνεκλάμψαν.
2841 4768 2870 4802 ι

2324 4825 2381 4894 ιΟ
2443 4833 2796 4912 Δαμασκηνός
2829 4850 2846 4867 ⁸
2885 4852 2912 4886 α
2958 4834 3030 4890 Σύ
3091 4835 3284 4914 Μήτηρ
3341 4842 3470 4892 Θεοῦ
3527 4836 3884 4902 ἀσυνδυάστως

2237 4925 2538 5002 γεννήσασα
2580 4930 2673 4981 τοῦ
2701 4922 2752 4988 ἐξ
2774 4922 3039 5002 ἀκηράτου
3071 4924 3273 5002 Πατρὸς
3326 4921 3723 5000 ἐκλάμψαντος,
3759 4946 3782 4978 ι

2322 5001 2379 5070 Ὀ
2422 5010 2576 5090 ἅγιος
2640 5001 2895 5092 Κύριλλος
2951 5012 3006 5092 ἑν
3068 5011 3130 5068 τό
3173 5001 3304 5091 πρὸς
3360 5011 3708 5092 Οὐαλεριανὸν
3767 5017 3886 5073 htt-

2234 5122 2433 5158 σκοπον
2488 5099 2634 5180 λόγῳ
2663 5091 2821 5181 φησίν
2854 5119 2871 5138 ⁸
2911 5123 2939 5156 α
2976 5091 3182 5181 ’Ἄγιος
3229 5103 3330 5182 γὰρ
3387 5101 3460 5161 ὥν
3514 5091 3650 5161 κατᾶ
3713 5108 3884 5186 φύσιν,

2233 5191 2467 5270 καθάπερ
2508 5189 2693 5266 ἀμέλει
2755 5191 2844 5248 καὶ
2904 5195 2932 5248 6
2988 5189 3171 5271 Πατὴρ
3232 5193 3260 5248 6
3317 5189 3369 5257 ἐξ
3425 5193 3582 5250 αὐτοῦ
3636 5196 3888 5274 πεφηνὼς

2236 5280 2352 5346 Υἱός
2446 5281 2738 5359 μονογενὴς
2816 5280 3064 5360 ἡγιάσθαι
3118 5279 3329 5360 λέγεται
3388 5283 3532 5362 παρὴ
3599 5291 3695 5341 τοῦ
3765 5290 3880 5342 Πα-

2234 5370 2378 5449 τρὸς,
2411 5371 2541 5428 καθὸ
2569 5369 2800 5450 πέφηνεν
2829 5368 3122 5450 ἄνθρωπος,
3152 5391 3176 5423 ι

2317 5535 2377 5605 Ὀ
2426 5549 2580 5613 αὐτός
2634 5549 2753 5629 περὶ
2807 5555 2898 5607 τοῦ
2949 5549 3173 5630 Χριστοῦ
3219 5568 3234 5584 ⁸
3295 5573 3319 5605 ι
3357 5551 3459 5609 Τὸν
3503 5558 3633 5612 Θεοῦ
3661 5554 3876 5629 μεσίτην

2234 5637 2322 5696 καὶ
2384 5637 2674 5717 ἀνθρώπων
2743 5637 2878 5695 κατὰ
2936 5639 3028 5702 τὰς
3088 5639 3298 5718 Γραφὰς
3355 5643 3660 5720 συγκεῖσθαί
3712 5662 3877 5722 φαμεν
