4210 6292
543 277 659 340 715
1622 291 1835 355 JOAN.
1883 292 2103 356 VECCI
2145 293 2258 355 GP.
2305 294 2821 358 PATRIARCHE
3785 294 3909 360 7l6

615 409 677 515 ξ.
735 411 1110 515 Sophronias
1163 420 1498 515 patriarcha
1542 423 2134 515 Hierosolymitanus‘

2215 436 2237 482 ι
2341 418 2398 485 t0
2468 428 2620 507 ἅγιος
2703 431 3004 510 Σωφρο’νιος
3087 431 3428 510 πατριάρχης
3512 426 3910 506 [εροσολύμων-

543 523 566 557 α
601 500 792 603 credo
822 503 1016 603 igitur,
1070 506 1250 603 beati.
1278 511 1604 603 secundum
1639 512 1795 593 quod
1818 498 1870 603 va
1891 512 2134 593 principi

2272 537 2295 572 α
2346 518 2581 574 Πιστεύω
2632 519 2824 595 τοίνυν,
2899 520 3173 598 μακάριοι,
3230 519 3463 596 καθάπερ
3518 516 3751 595 ἀρχῆθεν
3814 538 3907 571 πε·

534 589 787 691 credidi,
850 592 1162 693 inunum
1206 597 1395 660 Deum
1448 589 1680 662 Patrem
1713 589 2134 683 omnipotente:

2264 607 2536 679 πίστευκα,
2599 609 2673 671 εἰς
2728 606 2818 665 ἕνα
2869 609 2998 665 Θεὸν
3040 607 3458 686 παντοκράτορα,
3492 604 3725 685 ἄναρχον
3767 626 3907 660 παν-

537 684 669 780 sine
696 684 988 780 principio
1027 684 1262 780 penitus
1294 695 1353 749 et
1403 689 1857 769 sempiternum,
1916 689 2134 752 omnim

2263 693 2431 758 τελῶς
2464 696 2547 752 καὶ
2605 693 2803 775 ἀίδιον,
2845 697 3057 754 πάντων
3117 684 3319 776 ὁρατῶν
3350 684 3434 751 διαὶ
3462 684 3698 770 ἀοράτων
3754 715 3912 759 ποιηο

537 766 860 868 :isibilium
892 780 1068 868 atqee
1090 772 1474 868 invisibiltum
1499 766 1891 842 factorem.Et
1912 779 1971 840 in
1994 799 2134 841 una:

2264 785 2381 857 τὴν,
2442 785 2530 840 καὶ
2587 786 2659 846 εἰς
2717 766 2805 841 ἕνα
2851 786 3037 862 Κὺριον
3088 766 3288 853 Ἰησοῦν
3344 766 3564 862 Χριστόν
3617 782 3709 838 τόν
3791 782 3909 838 Υἱόν

534 853 867 957 Dominum
883 858 1086 922 Jesum
1119 861 1756 957 ChristumFiliumDei
1783 867 2134 947 unigenitun

2262 874 2355 928 τοῦ
2397 880 2527 930 Θεοῦ
2567 872 2658 928 τόν
2712 853 2998 950 μονογενῆ,
3042 875 3134 930 τόν
3206 853 3401 935 οιίῖδίως¹
3444 873 3534 928 καὶ
3588 871 3800 935 ἀπαθῶς
3856 871 3907 936 ἐξ

526 952 629 1040 qui
657 952 1045 1040 sem_piterne_,
1082 960 1141 1014 et
1161 952 1577 1035 impatibiliter
1604 975 1673 1019 ex
1706 957 1840 1037 ipso
1871 964 2041 1017 natus
2090 975 2134 1018 es

2264 962 2419 1017 αὖτοῦ
2476 961 2790 1038 γεννηθέντα
2845 968 2939 1018 τοῦ
3016 969 3145 1019 Θεοῦ
3225 963 3312 1018 καὶ
3383 962 3605 1040 Πατρὸς,
3668 961 3756 1015 καὶ
3814 964 3906 1018 οὔκ

528 1032 650 1094 Deo
680 1041 739 1095 et
770 1036 963 1101 Patre.
999 1038 1070 1101 Et
1093 1060 1211 1103 non
1242 1032 1400 1106 aliud
1432 1032 1819 1126 principium,
1855 1064 2029 1126 quam
2064 1047 2134 1108 Pa

2265 1047 2430 1116 ἄλλην
2488 1032 2664 1128 ἆρχὴν
2726 1050 2757 1118 ἢ
2799 1050 2892 1107 τόν
2957 1050 3161 1129 Πατέρα
3210 1032 3535 1127 γινώσκοντά
3567 1032 3603 1083 ⁸,
3642 1046 3761 1103 ἀλλ’
3792 1046 3902 1104 068E

530 1130 677 1222 trem
712 1140 1175 1222 agnoscentem;
1209 1133 1314 1194 sed
1348 1151 1460 1195 nec
1487 1134 1725 1196 aliunde
1755 1152 1928 1214 quam
1959 1153 2028 1195 ex
2060 1137 2134 1197 Pa

2262 1137 2477 1195 ἄλλοθέν
2564 1141 2718 1195 ποθεν
2796 1139 2831 1207 ἢ
2890 1139 2951 1197 ἐκ
3029 1149 3122 1197 τοῦ
3199 1140 3397 1218 Πατρός
3468 1138 3566 1205 τὴν
3620 1138 3902 1193 ὑποστάσιν

528 1217 615 1272 tre
645 1215 833 1308 ipsam
891 1215 1274 1308 substantiam
1327 1223 1506 1284 habet
1561 1222 1761 1285 lumeu
1816 1221 1892 1284 de
1955 1224 2134 1284 lumin

2257 1226 2477 1305 ἔχοντα,
2537 1233 2648 1305 φῶς
2699 1227 2757 1282 ἐκ
2814 1231 2987 1308 φωτὸς
3045 1215 3342 1304 ὁμοούσιον,
3395 1227 3523 1283 Θεὸν
3568 1226 3815 1292 ἀληθινὸν
3847 1225 3904 1283 ἐκ

532 1299 1052 1399 consubstantiale,
1087 1305 1273 1371 Deum
1302 1329 1507 1372 xerum
1540 1311 1615 1372 de
1646 1312 1765 1373 Deo
1831 1329 1969 1372 vero
2028 1330 2134 1372 con

2260 1323 2389 1371 Θεοῦ
2418 1314 2689 1397 ἀληθινοῦ,
2749 1316 3017 1376 ωναῖδιον
3051 1334 3064 1347 ⁸
3123 1320 3211 1374 καὶ
3259 1319 3331 1380 εἷς
3376 1315 3432 1373 ἓν
3478 1321 3687 1388 Πνεῦμα
3729 1314 3897 1391 ἅγιον,

525 1394 1054 1468 sempiternum.Et
1104 1397 1164 1460 in
1195 1418 1378 1462 unum
1434 1401 1714 1480 Spiritum
1747 1408 2045 1479 sanctum,
2078 1418 2134 1479 q:

2258 1405 2319 1459 τό
2370 1402 2556 1469 ἂέδίως
2608 1394 2682 1461 ἐπ
2709 1408 2803 1461 τοῦ
2859 1414 2989 1462 Θεοῦ
3046 1409 3131 1463 καὶ
3193 1407 3396 1482 Πατρός
3465 1403 3897 1479 ἐκπορευόμενον,

520 1483 884 1575 sempiterne
941 1483 1018 1546 de
1056 1485 1178 1549 Deo
1237 1491 1409 1550 Patre
1459 1489 1746 1569 procedit,
1783 1500 1841 1549 et
1886 1487 2134 1549 lumen:

2263 1492 2319 1548 τό
2349 1498 2460 1572 φὼς
2517 1495 2604 1549 καὶ
2661 1495 2786 1552 αὐτὸ
2843 1495 3248 1575 γνωριζόμενον,
3296 1494 3388 1550 καί
3417 1493 3477 1548 ’ὃν
3532 1490 3739 1557 ἂληθῶς
3796 1498 3898 1548 Πα-

518 1569 710 1632 Deum
765 1570 958 1652 ipsum
1018 1578 1482 1654 agnoscendum.
1520 1597 1657 1640 vere
1709 1577 1871 1639 Patri
1922 1584 1978 1638 et
2024 1576 2134 1638 Fili

2258 1582 2337 1658 τρὶ
2385 1582 2472 1637 καὶ
2510 1585 2617 1653 Υἱῷ
2646 1581 2934 1644 συνᾶίδιον.
2979 1606 3000 1640 ο

522 1662 1095 1741 consempiteruum.
1134 1692 1161 1723 ››
2194 1668 2227 1716 Β

603 1753 848 1830 Magnus
893 1753 1148 1817 Basilius
1174 1758 1236 1818 iu
1268 1755 1615 1837 antigrapho
1657 1755 1730 1817 ab
1764 1755 1970 1816 eodem
2001 1753 2134 1814 edit:

2342 1751 2356 1771 ι
2385 1768 2425 1816 0
2470 1760 2636 1838 μέγας
2666 1758 2939 1823 Βασίλειος
2983 1762 3037 1816 ἐν
3061 1771 3138 1836 τῷ
3195 1761 3498 1840 ἀντιγράφω
3537 1765 3636 1825 τῆς
3689 1760 3897 1837 ὑπαγο-

525 1837 882 1929 ὓγάεὴουεῇιις
914 1842 1062 1905 illud
1107 1850 1197 1906 est
1227 1843 1625 1925 principium:
1671 1867 1694 1901 α
1733 1841 1877 1903 Tam
1929 1841 2034 1916 illi,
2071 1860 2134 1921 qi

2255 1847 2518 1925 ρευθείσης
2577 1849 2702 1927 παρ’
2747 1849 2912 1908 αὑτοῦ
2960 1850 3208 1926 πίστεως,
3269 1837 3359 1906 οὗὝ
3395 1837 3439 1916 ἡ⁷
3484 1849 3652 1929 ἀρχὴ,
3706 1868 3733 1901 ι
3766 1850 3895 1913 Τοὺς

521 1928 636 1990 alia
665 1930 949 1993 hactenus
973 1932 1114 1994 ﬁdei
1131 1932 1504 1994 confessione
1538 1932 1954 2013 praeoccupati,
1988 1955 2014 1985 υ
2051 1930 2134 1989 ait

2252 1937 2287 2005 ἢ
2339 1936 2738 2016 προληφθέντας
2812 1937 2962 2015 ἑτέρα
3041 1941 3267 1996 πίστεως
3323 1937 3601 2015 ὁμολογίᾳ,
3637 1959 3658 1989 υ
3716 1940 3845 2015 φησί
3876 1955 3889 1967 ·

520 2017 836 2081 «Nonnulli
870 2038 942 2082 ex
965 2021 1039 2082 iis
1069 2021 1170 2102 qui
1199 2020 1567 2101 impietatem
1600 2019 1828 2084 Sabelli
1859 2016 2134 2097 Libycise

2258 2048 2283 2080 α
2320 2026 2467 2089 Τινὲς
2521 2023 2575 2081 δὲ
2632 2027 2737 2083 τῶν
2781 2025 2887 2082 ἀπὸ
2938 2028 3036 2093 τῆς
3079 2025 3374 2091 δυσσεϐείας
3405 2036 3498 2085 τοῦ
3550 2023 3735 2088 Λίϐυος
3777 2033 3890 2083 Σα-

513 2117 768 2185 ctantur,
802 2110 1154 2190 hypostasim
1202 2110 1323 2172 sive
1377 2109 1819 2171 subsistentiam
1866 2116 1923 2169 et
1955 2124 2128 2168 essen

2249 2111 2458 2171 ϐελλίου
2512 2114 2821 2196 ὑπόστασιν,

513 2196 654 2260 tiam
692 2198 850 2260 idem
883 2217 1015 2262 esse
1044 2199 1509 2273 arbitrati,illinc
1537 2205 1888 2278 argumenta
1901 2196 1974 2257 ad
2002 2203 2134 2257 tuen

2248 2200 2519 2277 ϐάνοντες,
2591 2206 2794 2260 ἐκεῖθεν
2854 2203 3061 2261 ἕλκουσι
3141 2206 3235 2270 τὰς
3305 2205 3544 2284 ἀφορμὰς
3603 2205 3734 2281 πρὸς
3789 2205 3888 2271 τὴν

512 2285 648 2348 dam
677 2287 1104 2369 blasphemiam
1145 2308 1311 2350 suam
1346 2290 1609 2369 trahunt,
1640 2287 1801 2368 quod
1833 2286 1896 2346 in
1949 2303 2017 2344 ea
2047 2284 2134 2345 [id

2245 2291 2576 2359 κατασκευὴν
2632 2294 2733 2359 τῆς
2789 2294 2988 2349 ἑαυτῶν
3043 2293 3405 2374 βλασφημίας,
3463 2293 3523 2349 ἐκ
3579 2300 3668 2349 τοῦ
3738 2294 3889 2372 ἐγγε-

507 2375 586 2436 ita
620 2377 904 2456 scriptum
937 2387 1024 2440 est
1060 2400 1072 2441 :
1099 2378 1162 2442 Si
1192 2396 1329 2440 vero
1378 2378 1672 2459 quispiam
1700 2395 1767 2438 ex
1798 2374 1916 2437 alia
1944 2390 2134 2435 essent

2245 2381 2464 2460 γράφθαι
2520 2386 2588 2457 τῇ
2631 2383 2800 2437 πίστει
2867 2381 2948 2437 ὅτι
3007 2380 3129 2439 Ἐάν
3182 2382 3235 2438 δέ
3285 2404 3364 2447 τις
3425 2380 3558 2461 λέγῃ
3613 2379 3664 2446 ἐξ
3706 2380 3884 2460 ἐτέρας

510 2465 611 2540 tia,
644 2467 736 2528 vel
764 2468 1145 2531 subsistentia
1173 2468 1386 2532 Filium
1412 2486 1545 2530 esse
1576 2466 1985 2546 dixerit,bunc
2014 2480 2134 2524 ana!

2245 2468 2417 2531 οὐσίας
2491 2468 2526 2536 ἢ
2582 2470 2919 2533 ὑποστάσεως
2962 2471 3052 2526 τὸν
3102 2471 3242 2544 Υίὸν,
3287 2478 3470 2526 τοῦτον
3524 2468 3882 2544 ἂναθεματζει

507 2556 765 2618 themate
792 2559 990 2638 rejicit
1039 2559 1334 2620 catholica
1388 2566 1448 2621 et
1504 2556 1828 2637 apostolica
1864 2552 2133 2615 Ecclesia

2241 2558 2275 2624 ἡ
2331 2555 2587 2625 καθολικῆ
2673 2560 2759 2615 καὶ
2834 2558 3161 2627 ἆποστολικὴ
3245 2558 3558 2626 Ἐκκλησία,
3657 2559 3729 2617 Οὑ
3782 2561 3881 2640 γὰρ

506 2642 634 2706 Non
664 2645 822 2707 enim
856 2648 1000 2709 item
1034 2666 1165 2710 esse
1195 2648 1473 2710 dixerunt
1494 2651 1695 2708 Patres
1724 2644 1808 2706 illi
1835 2640 2134 2706 essentian

2237 2647 2425 2701 ταῦτόν
2496 2646 2653 2702 εἶπον
2711 2648 2827 2704 ἐκεῖ
2908 2649 3082 2705 οὑσίαν
3148 2650 3235 2705 καὶ
3289 2648 3594 2710 ὑπόστασιν.
3656 2650 3714 2706 Εἰ
3781 2650 3881 2730 γὰρ

503 2743 563 2795 et
618 2734 1087 2799 subsistentiam.
1123 2735 1186 2800 Si
1242 2738 1401 2799 enim
1453 2754 1628 2798 voces
1682 2735 1810 2795 ista:
1866 2750 2044 2793 unam
2090 2739 2134 2790 el

2232 2734 2352 2807 μίαν
2410 2735 2498 2791 καὶ
2567 2736 2664 2803 τὴν
2734 2736 2897 2805 αὑτὴν
2955 2735 3173 2807 ἐδήλουν
3222 2736 3424 2794 ἔννοιαν
3479 2740 3530 2794 αἱ
3570 2739 3758 2818 φωναὶ,
3801 2739 3877 2799 τίς

502 2824 773 2885 eamdem
795 2825 1285 2904 signiﬁcationem
1312 2823 1770 2904 haberent.quid
1796 2823 2134 2883 alterutrum

2231 2821 2386 2900 χρεία
2429 2822 2495 2890 ἧν
2554 2823 2862 2903 ἐ³⁴τοτιῑτέε>ων;
2925 2823 3093 2882 Ἀλλὰ
3149 2824 3309 2893 δῆλοιι
3350 2825 3430 2882 ὅτι
3487 2828 3561 2888 ὡς
3612 2833 3719 2883 τῶν
3781 2827 3878 2901 μὲν

502 2931 730 2993 ponere
759 2932 908 2995 opus
939 2914 1185 2978 fuisset?
1215 2913 1332 2977 Sed
1365 2914 1551 2995 liquet
1578 2912 1713 2974 ideo
1740 2909 2134 2991 positas,quod

2232 2909 2563 2985 ἀρνουμένων
2617 2913 2678 2968 τὸ
2747 2912 2807 2969 ἐκ
2883 2919 2985 2981 τῆς
3070 2914 3244 2978 οὖσίας
3302 2914 3444 2971 εἶναι
3498 2920 3591 2971 τοῦ
3646 2917 3873 2994 Πατρὸς,

490 3019 632 3064 cum
664 3002 766 3064 alii
797 3003 1035 3084 quidem
1068 3003 1278 3065 Filium
1312 3022 1442 3065 esse
1473 3001 1737 3065 exl’atris
1769 2999 2025 3062 essentia
2048 3017 2120 3095 ne

2232 3007 2337 3055 τῶν
2405 2998 2460 3056 δὲ
2502 3000 2767 3079 λεγόντων
2818 3003 2935 3060 οὔτε
2993 3006 3054 3062 ἐκ
3125 3010 3223 3072 τῆς
3281 3005 3456 3068 οὐσίας
3512 3004 3630 3062 οῧτε
3674 3009 3738 3063 ἐκ
3777 3011 3876 3073 τῆς

499 3094 835 3173 garent,alii
865 3112 1001 3154 vero
1028 3103 1085 3154 et
1114 3092 1228 3173 ipsi
1259 3111 1375 3153 non
1412 3109 1644 3165 esse,ex
1679 3088 1862 3151 Patris
1893 3086 2134 3151 essentia

2231 3089 2591 3162 ὑποστάσεως,
2624 3089 2744 3147 ἀλλ’
2802 3089 2855 3157 ἐξ
2898 3091 3067 3159 ἄλλης
3097 3095 3237 3156 τινὸς
3293 3092 3651 3171 ὑποστάσεως,
3710 3093 3874 3157 οὕτως

498 3182 767 3245 dicerent
794 3182 1031 3253 Filium,
1068 3183 1173 3244 sed
1208 3201 1277 3244 ex
1308 3182 1421 3243 alia
1452 3199 1687 3261 quoque
1746 3196 1879 3239 esse
1909 3177 2134 3239 subsis-

2229 3177 2498 3258 ἀμφότερα
2570 3182 2645 3242 ὡς
2701 3178 2951 3261 ἀλλότρια
3021 3182 3112 3239 τοῦ
3179 3181 3625 3249 ἐκκλησιαστικοῦ
3673 3186 3874 3263 φρονή-

2461 1274 2477 1305 ἳ

2868 2117 2956 2172 καὶ
2998 2117 3173 2173 οὐσίαν
3222 2116 3408 2172 ταύτὸν
3456 2117 3597 2171 εἶναι
3649 2114 3894 2190 ὑπολαμ-

502 3271 683 3334 tentia
720 3272 998 3353 quadam,
1030 3270 1110 3333 ita
1140 3271 1250 3352 ipsi
1298 3281 1603 3350 utramque
1631 3268 1973 3348 opinionem
2010 3276 2141 3327 tan-

498 3379 678 3438 quam
729 3360 984 3422 alienam
1023 3380 1057 3421 a
1090 3379 1269 3422 sensu
1327 3359 1731 3421 ecclesiastico
1775 3356 2138 3435 rejecerunt.

495 3449 734 3530 Alioqui
757 3450 859 3511 ubi
893 3462 1155 3511 mentem
1187 3467 1352 3511 suam
1369 3446 1722 3527 simpliciter
1739 3445 2138 3526 declararunt,

497 3555 570 3601 ex
600 3537 785 3599 Patris
814 3538 1071 3600 essentia
1103 3537 1316 3599 Filium
1346 3556 1478 3599 esse
1508 3536 1810 3609 dixerunt,
1844 3554 1953 3596 nec
1970 3536 2142 3613 adje-

495 3635 708 3689 cerunt
738 3646 805 3689 ex
838 3627 996 3689 illius
1026 3625 1555 3707 hypostasthaque
1585 3624 1729 3685 illud
1790 3622 2032 3703 quidem
2064 3623 2135 3683 ad

491 3715 931 3796 reprobandum
958 3716 1174 3778 malum
1198 3733 1437 3778 sensum
1465 3715 1718 3795 positum
1751 3713 1981 3785 est,hoc
2004 3730 2140 3773 vero

494 3804 953 3867 declarationem
985 3804 1162 3866 habet
1192 3803 1464 3865 salutaris
1491 3802 1804 3882 dogmaiis.
1843 3827 1865 3859 ο

574 3891 738 3955 Idem
774 3895 844 3955 arl
880 3892 1225 3972 Gregorium
1259 3892 1500 3955 fratrem
1557 3891 1827 3972 epistola,
1861 3890 1935 3951 de
1963 3890 2139 3953 ditl‘e-

492 3981 685 4049 rentia
714 3984 988 4046 essentiae
1029 3990 1090 4044 et
1132 3982 1480 4063 hypostasis,
1518 4001 1637 4042 non
1671 3999 1800 4042 esse
1832 3980 2131 4054 eamdem,

495 4079 553 4134 et
593 4071 669 4133 de
711 4081 914 4133 sancta
962 4072 1248 4134 Trinitate
1302 4071 1619 4148 theologia,
1682 4089 1814 4152 quae
1876 4069 2132 4148 incipit:

501 4186 525 4217 α
563 4159 707 4224 Cum
740 4161 905 4223 multi
938 4162 995 4224 in
1019 4161 1279 4243 mysticis
1307 4161 1679 4239 dogmatibus
1706 4209 1719 4223 .
1760 4158 2138 4231 «Quazrentes

492 4267 632 4312 vero
652 4269 725 4312 an
749 4250 830 4312 ita
859 4251 1054 4331 dignis
1084 4250 1241 4313 adsit
1270 4251 1557 4312 bonorum
1614 4248 2036 4329 suppeditatio,
2071 4255 2133 4307 ut

2226 3289 2394 3340 ματος
2454 3268 2846 3349 ἀπηγόρευσαν.
2910 3268 3059 3327 Ἐπεὶ
3097 3269 3229 3331 ὅπου
3270 3293 3331 3349 γε
3385 3273 3446 3328 τὸ
3492 3272 3692 3328 ἑαυτῶν
3744 3270 3873 3343 ἐδή-

2224 3353 2346 3411 λουν
2376 3357 2644 3437 φρόνημα,
2690 3358 2846 3415 εἷπον
2904 3360 2964 3415 ἐκ
3018 3365 3117 3427 τῆς
3166 3361 3342 3423 οὐσίας
3393 3368 3484 3418 τοῦ
3526 3362 3732 3441 Πατρὸς
3785 3362 3876 3419 τόν

2227 3446 2370 3517 Υἱὸν,
2416 3446 2586 3503 οὑκέτι
2615 3447 2926 3525 προσθέντες
2966 3450 3055 3505 καὶ
3096 3451 3156 3505 τό
3215 3448 3277 3505 ἐκ
3331 3454 3429 3519 τῆς
3481 3451 3821 3515 ὑποστάσεως
3856 3473 3870 3484 ·

2225 3534 2359 3590 ὥστε
2403 3533 2576 3593 ἐκεῖνο
2647 3538 2745 3613 μὲν
2812 3535 2898 3595 ἐπ’
2951 3538 3192 3606 ἂθετήσει
3250 3553 3425 3596 κεῖται
3490 3546 3582 3597 τοῦ
3638 3548 3876 3619 πονηροῦ

2225 3625 2583 3701 φρονήματος.
2639 3635 2791 3686 τοῦτο
2861 3625 2915 3682 δὲ
2971 3627 3262 3707 φανέρωσιν
3314 3627 3433 3707 ἔχει
3477 3628 3568 3688 τοῦ
3610 3631 3874 3709 σωτηρίου

2223 3709 2506 3790 δόγματος.
2542 3732 2572 3772 ι

2305 3880 2361 3943 ’0
2418 3890 2574 3955 αὑτός
2630 3891 2682 3947 έν
2726 3899 2801 3966 τῷ
2830 3894 2960 3971 πρὸς
2989 3894 3078 3951 τὸ)
3104 3892 3326 3973 ἀδελφὸν
3368 3895 3656 3975 Γρηγόριον
3698 3894 3865 3973 λόγῳ,

2220 3977 2279 4032 οὗ
2321 3979 2355 4045 ἡ
2413 3977 2701 4059 ἐφιγραφὴ,
2768 4003 2791 4036 α
2854 3981 2975 4039 ’Ὁτι
3037 3984 3072 4050 ἡ
3143 3984 3289 4040 οὑσία
3339 3984 3429 4039 καὶ
3468 3982 3757 4048 ὑπόστασις
3811 3986 3870 4040 οὒ

2219 4066 2406 4123 ταῦτόν
2465 4067 2599 4141 ἐστι,
2658 4070 2744 4125 καὶ
2813 4075 2913 4137 τῆς
2971 4071 3122 4148 ἁγίας
3164 4069 3380 4150 Τριάδος
3422 4069 3664 4149 θεολογία
3693 4090 3705 4102 ·
3760 4093 3785 4127 ι
3830 4075 3866 4140 ἡ

2219 4152 2273 4209 δὲ
2330 4156 2475 4235 ἁρχὴ
2521 4158 2677 4216 αὐτοῦ
2711 4178 2724 4191 ⁸
2774 4181 2801 4213 α
2851 4156 3069 4227 Ἐπειδὴ
3111 4158 3296 4217 πολλοὶ
3332 4160 3394 4217 τὰ
3436 4161 3610 4216 κοινὸν
3638 4161 3736 4226 τῆς
3767 4159 3861 4216 οὗ·

2216 4243 2328 4307 σίας
2358 4250 2638 4315 ζητοῦντες
2673 4270 2700 4301 »
2762 4249 2892 4326 φησί
2926 4264 2938 4278 ·
2992 4271 3020 4303 ι
3073 4255 3365 4315 Ζητοῦντες
3419 4247 3474 4305 δὲ
3515 4250 3559 4305 εἰ
3601 4248 3661 4305 ἐκ
3703 4250 3863 4324 μόνου

487 4356 622 4419 qua;
650 4358 722 4403 ex
751 4340 879 4403 solo
910 4340 1132 4422 Spiritu
1162 4348 1361 4402 sancto
1392 4348 1584 4401 sumat
1614 4338 1870 4409 initium,
1915 4336 2128 4399 iterum

2215 4342 2304 4422 τοὺ
2332 4333 2508 4422 ,ἁγίου
2573 4335 2880 4422 Πνεύματος
2940 4339 2975 4404 ἡ
3038 4343 3143 4394 τῶν
3203 4337 3414 4415 ἀγαθῶν
3468 4338 3703 4418 χορηγία
3767 4338 3864 4406 τὴν

490 4446 598 4509 per
624 4432 985 4509 Scripturam
1021 4430 1387 4508 ducimur,et
1417 4427 1785 4497 instruimur,
1815 4435 1875 4486 ut
1904 4444 2123 4506 suppe-

489 4516 791 4580 ditationis
823 4537 1026 4579 eorum
1060 4519 1517 4599 bonorum,quaa
1541 4515 1795 4596 Spiritus
1812 4523 2048 4576 sanctus
2070 4512 2129 4574 in

493 4605 670 4668 nobis
720 4617 1022 4687 operatur,
1053 4618 1354 4670 auctorem
1387 4617 1446 4669 et
1472 4624 1710 4667 causam
1762 4603 2129 4683 unigenitum

489 4695 678 4757 Deum
711 4714 843 4758 esse
899 4696 1358 4759 credamus.Per
1384 4714 1610 4757 sacram
1646 4693 1802 4756 enim
1856 4692 2128 4771 Scriptu-

490 4800 616 4846 ram
651 4784 847 4847 edocti
876 4804 1104 4862 sumus,
1135 4804 1243 4866 per
1272 4787 1464 4866 ipsum
1487 4785 1637 4847 facta
1667 4795 1897 4855 esse,et
1922 4784 1978 4844 in
2002 4782 2129 4862 ipso

491 4872 821 4935 consistere
849 4875 1070 4936 omnia.
1113 4873 1357 4947 Quando
1390 4873 1565 4953 igitur
1593 4872 1666 4934 ad
1700 4872 1868 4932 illum
1901 4869 2128 4948 cogita-

491 4960 714 5024 tionem
767 4963 1191 5035 subvehimur,
1272 4969 1482 5025 iterum
1542 4961 1820 5023 divinitus
1874 4959 2131 5040 ispirataa

491 5047 813 5130 Scriptura;
849 5051 1032 5115 veluti
1063 5054 1524 5116 manuductione
1553 5048 1873 5114 introducti
1905 5049 2126 5129 perdo-

490 5148 722 5215 centur,
756 5140 912 5222 quod
943 5161 1048 5222 per
1101 5142 1262 5205 illam
1306 5143 1547 5223 quidem
1601 5140 1921 5223 potentiam
1955 5156 2023 5199 ex
2056 5156 2126 5198 eo

490 5227 647 5307 quod
680 5247 797 5291 non
828 5237 918 5291 est
941 5230 1012 5292 ad
1046 5232 1156 5292 hoc
1180 5239 1241 5293 ut
1269 5232 1410 5312 sint,
1445 5230 1851 5311 producuntur
1874 5224 2074 5286 omnia
2108 5244 2124 5287 :

491 5334 610 5376 non
644 5325 838 5381 tamen
868 5339 940 5383 ex
973 5319 1074 5382 illa
1102 5321 1339 5400 quidem
1370 5320 1595 5401 absque
1645 5316 1934 5399 principio
1986 5334 2125 5396 pro-

496 5403 833 5472 ducuntur:
867 5408 971 5470 sed
1004 5408 1159 5488 quod
1186 5411 1232 5472 si
1260 5410 1520 5490 potentia
1541 5408 1805 5490 quaedam
1838 5404 2121 5484 ingenita,

500 5502 557 5556 et
587 5494 717 5557 sine
738 5496 1034 5577 principio
1065 5496 1556 5580 subsistens,qu:e
1571 5515 1747 5561 causa
1767 5493 1843 5557 sit
1858 5493 1914 5556 ei
1933 5512 2125 5556 causa;

2152 4404 2195 4453 D

2212 4420 2387 4500 ἀρχὴν
2456 4421 2796 4499 λαμϐάνουσα
2870 4424 3006 4482 οὕτω
3091 4428 3432 4504 παραγίνεται
3504 4427 3627 4489 τοῖς
3682 4423 3861 4501 ἀξίοις,

2212 4508 2371 4565 πάλιν
2398 4512 2497 4567 ὑπὸ
2525 4517 2624 4579 τῆς
2670 4513 2880 4593 Γραφῆς
2912 4511 3240 4592 ὀδηγούμεθα
3284 4517 3358 4578 εἷς
3415 4516 3476 4571 τὸ
3531 4520 3629 4582 τῆς
3686 4536 3861 4594 χορη-

2213 4603 2329 4678 γίας
2387 4610 2492 4659 τῶν
2537 4603 2746 4683 ἀγαθῶν
2779 4608 2884 4661 τῶν
2940 4604 3024 4661 διὰ
3066 4613 3156 4662 τοό
3186 4608 3491 4682 Πνεύματος
3523 4609 3658 4682 ἡμῖν
3713 4609 3862 4685 ἐνερ-

2213 4689 2482 4766 γουμένων
2511 4691 2755 4770 ἀρχηγὸν
2786 4694 2871 4750 καὶ
2912 4692 3089 4751 αἴτιον
3145 4695 3232 4751 τόν
3290 4700 3564 4775 Μονογενῆ
3597 4696 3728 4752 Θεὸν
3770 4697 3863 4751 εἷ-

2213 4800 2294 4837 ναι
2353 4781 2639 4843 πιστεύειν,
2700 4782 2879 4839 Πάντα
2937 4783 3037 4861 γὰρ
3088 4780 3153 4838 δι’
3183 4785 3341 4842 αὑτοῦ
3381 4787 3719 4863 γεγενῆσθαι.
3776 4782 3862 4841 καὶ

2210 4868 2265 4920 ἒν
2296 4867 2437 4940 αὑτῷ
2494 4870 2799 4953 συνεστάναι
2855 4871 2997 4949 παρὰ
3051 4876 3151 4938 τῆς
3220 4874 3361 4936 θείας
3419 4872 3629 4953 Γραφῆς
3686 4868 3861 4927 ἐδιδά-

2213 4957 2445 5034 χθημεν.
2498 4947 2673 5015 υΟταν
2740 4947 2943 5016 τοίνυνν
2981 4960 3069 5016 καὶ
3131 4960 3262 5039 πρός
3306 4947 3513 5028 ἐκείνην
3541 4947 3859 5036 ’ὑψωθῶμεν

2211 5044 2308 5111 τὴν
2392 5044 2616 5117 ἔννοιαν,
2679 5046 2838 5104 πάλιν
2910 5049 3012 5104 ὑπὸ
3080 5053 3178 5116 τῆς
3233 5049 3578 5106 θεοπνεύστου
3647 5051 3857 5127 Γραφῆς

2208 5130 2555 5210 διδασκόμεθα
2615 5135 2695 5193 ὅτι
2773 5135 2841 5192 δι’
2911 5136 3113 5204 ἐκείνης
3178 5137 3273 5212 μὲν
3318 5138 3489 5194 πάντα
3545 5136 3641 5205 τῆς
3698 5134 3857 5192 δυνά-

2208 5244 2351 5297 μεως
2410 5225 2470 5280 ἐκ
2521 5234 2611 5283 τοῦ
2653 5226 2732 5301 μὴ
2788 5224 2937 5290 ὄντος
2970 5227 3042 5290 εἰς
3085 5228 3145 5283 τὸ
3202 5227 3345 5284 εἶναι
3387 5227 3680 5305 παράγεται
3719 5244 3731 5257 ’
3798 5229 3858 5283 οὒ

2210 5312 2316 5386 μὴν
2359 5311 2474 5369 οὑδὲ
2545 5313 2595 5380 ἐξ
2653 5315 2857 5382 ἐκείνης
2914 5315 3187 5396 ἆνάρχως,
3219 5314 3354 5372 ἆλλᾶ
3408 5337 3488 5380 τις
3532 5314 3643 5371 ’ἐστι
3700 5312 3855 5370 δύνα-

2207 5426 2297 5477 μις
2348 5403 2650 5482 ἀγεννήτως
2721 5409 2806 5463 καὶ
2864 5406 3109 5487 ἆνάρχως
3183 5409 3483 5488 ὑφεστῶσα,
3526 5408 3647 5476 ἣτις
3720 5406 3852 5462 ἐστὶν

2208 5493 2341 5549 αἰτία
2394 5498 2491 5563 τῆς
2550 5494 2794 5552 ἁπάντων
2837 5500 2942 5552 τῶν
3006 5495 3169 5553 ὅντων
3226 5497 3416 5560 αἰτίας.
3472 5496 3569 5554 Ἐκ
3609 5497 3710 5575 γὰρ
3766 5501 3852 5551 τοῦ
