4208 6296
345 342 379 404 7
397 347 408 404 l
425 344 458 405 7
1791 337 1956 404 EPIG

2039 338 2274 400 APH/E.
3604 349 3726 412 718

344 476 546 552 Πιτρὸς
591 478 618 531 ὁ
669 478 808 547 Υἱὸς,
843 474 910 531 δι’
943 476 1002 531 οῦ
1042 475 1107 530 τὰ
1136 475 1328 547 πάντα,
1362 476 1407 549 ᾦ
1435 475 1661 534 πάντοτε
1692 481 1752 535 τὸ
1782 478 1956 548 Πνεῧμ

2039 488 2185 560 iper
2209 490 2382 552 quam
2418 473 2617 534 omnia
2645 474 2794 536 facta
2823 484 2980 538 sunt.
3017 477 3096 539 Ex
3130 481 3301 540 Patre
3346 498 3602 560 namque
3634 491 3724 543 est

341 565 400 618 τὸ
444 563 594 640 ἅγιον
639 564 952 642 ἀχωρίστους
997 575 1405 624 συνεπινοεϊται.
1448 585 1470 619 ι

2071 559 2256 649 Filius
2292 578 2399 641 per
2420 581 2594 642 quem
2632 572 2768 624 sunt
2798 567 3022 636 omnia,
3055 585 3190 628 cum
3225 585 3340 648 quo
3374 559 3558 630 simili
3579 567 3717 649 Spi-

2069 646 2222 738 ritus
2271 659 2513 738 sanctus
2559 670 2796 731 semper
2845 652 3138 716 indivulse
3187 646 3639 738 consideratur,
3661 667 3719 720 et

2073 737 2473 816 conjungitur.
2515 770 2538 800 υ

429 822 484 888 Ὀ
542 831 694 894 αὐτός
725 830 779 885 ἐν
819 834 897 904 τῷ
929 828 974 885 δ’
1018 835 1123 886 τῶν
1153 831 1270 886 κατ’
1319 831 1572 906 Εὗνομίου
1615 835 1772 912 φησίν
1803 851 1815 865 '
1858 858 1885 889 α
1920 845 1956 893 0

2078 910 2086 912 _
2117 822 2315 912 _Idem
2346 835 2552 906 quarto
2578 826 2858 889 adversus
2902 829 3260 894 Eunomium
3294 832 3445 894 libro
3475 851 3487 893 :
3530 860 3556 890 α
3590 838 3717 897 Non

345 920 452 992 μὴν
509 916 690 984 ἐπειδὴ
734 923 940 997 πρῶτον
996 918 1211 975 ἐνταῦθα
1253 925 1342 975 τοῦ
1398 909 1699 994 Πνεῦματος
1743 924 1770 978 ὁ
1819 921 1953 979 Ἀπό

2073 909 2208 972 ideo
2242 920 2456 1002 tamen,
2513 914 2651 993 quia
2689 913 2783 976 hic
2812 917 3127 997 Apostolus
3183 920 3434 998 primum
3462 921 3720 1002 Spiritus

342 1005 528 1069 στολος
558 1006 888 1084 ἐπεμνήσθη,
939 1008 1027 1063 καὶ
1083 1004 1320 1084 δεύτερον
1375 1015 1466 1063 τοῦ
1519 1010 1661 1088 Υἱοῦ,
1719 1013 1806 1067 καὶ
1874 1013 1954 1090 τρί

2071 1001 2435 1090 mentionem
2492 1004 2650 1078 facit,
2706 1008 3078 1084 postmodum
3134 1010 3265 1071 Filii
3316 1017 3438 1070 tum
3469 1001 3712 1074 demum

341 1118 430 1150 τον
470 1103 563 1152 τοῦ
592 1103 722 1151 Θεοῦ
761 1097 851 1151 καὶ
894 1097 1118 1172 Πατρός,
1180 1094 1284 1163 ἤδη
1344 1098 1452 1177 χρὴ
1494 1085 1719 1155 καθόλου
1762 1085 1956 1176 νομίζει

2070 1085 2176 1177 Dei
2207 1097 2265 1149 et
2297 1090 2526 1160 Patris,
2586 1091 3043 1156 existimandum
3103 1105 3213 1170 est,
3257 1098 3346 1159 vel
3399 1099 3710 1162 minimum

341 1187 716 1264 ἀντεστραφθαι
785 1185 880 1252 τὴν
931 1183 1075 1250 τάξιν
1110 1203 1122 1216 ·
1213 1185 1318 1241 ἀπὸ
1348 1175 1488 1263 ηγὰρ
1557 1191 1654 1252 τῆς
1725 1188 1956 1265 ἣμετέρα

2069 1175 2364 1266 inversum
2398 1177 2668 1239 ordinem
2701 1179 2907 1254 fuisse,
2949 1199 3018 1244 ex
3050 1192 3249 1246 nostra
3279 1187 3576 1266 siquidem
3611 1191 3711 1250 ha-

339 1273 577 1352 σχέσεως
613 1262 746 1340 -την
802 1272 978 1352 ἀρχὴν
1046 1269 1256 1334 ἔλαϐεν.
1313 1262 1531 1341 Ἐπειδὴ
1600 1262 1956 1356 ὕποδεχόμενο

2068 1262 2333 1356 bitudinc
2364 1267 2722 1356 principium
2748 1271 3022 1356 sumpsit.
3078 1262 3510 1353 Namquecum
3556 1277 3711 1339 dona

336 1364 401 1418 τα
455 1359 618 1437 δῶρα,
667 1361 862 1440 πρώτῳ
919 1361 1310 1440 ἐντυγχάνομεν
1357 1369 1434 1436 τῷ
1475 1353 1818 1444 διανείμαντι,
1859 1366 1956 1420 εἶτ

2065 1353 2430 1446 accipimus,
2484 1355 2737 1434 primum
2803 1355 3186 1420 distribuenti
3255 1363 3710 1446 contrahimus,

335 1450 608 1525 ἐννοοῦμεν
665 1439 756 1504 τον
799 1449 1202 1523 ἀποστείλαντα,
1278 1450 1398 1505 εἶτα
1441 1449 1642 1528 ἄγομεν
1683 1451 1782 1519 τὴν
1828 1452 1956 1510 ἐνθύ·

2063 1439 2344 1522 deinceps
2396 1451 2592 1504 mente
2643 1445 3015 1524 concipimus
3055 1449 3430 1526 mittentem;
3465 1439 3710 1512 tandem

336 1561 499 1614 μησιν
529 1539 612 1595 ἐπὶ
643 1561 740 1606 την
783 1542 968 1616 πηγὴν
998 1541 1085 1595 καὶ
1125 1540 1291 1595 αἰτίαν
1333 1543 1438 1595 τῶν
1469 1538 1701 1617 ἀγαθῶν,
1745 1565 1770 1597 ο

419 1709 473 1774 Ὀ
533 1718 699 1794 μέγας
760 1713 1063 1780 Ἀθανάσιος
1121 1716 1175 1771 ἐν
1226 1716 1260 1790 ᾗ
1303 1715 1553 1774 ἐκτίθεται
1598 1715 1817 1783 διαλέξει
1849 1710 2037 1797 Ὀρ-Β

1361 1823 1391 1863 ‹
1444 1806 1591 1861 aut:
1640 1808 1779 1862 ἔστὶν
1809 1808 1842 1875 ἡ
1886 1793 1956 1864 eo:

2063 1793 2356 1875 colloquio
2391 1794 2471 1856 ait
2503 1818 2516 1858 :
2555 1822 2576 1852 ι
2614 1796 2802 1859 Causa
2849 1810 2938 1863 est
2989 1800 3111 1863 Dee
3167 1811 3373 1863 natura
3403 1812 3458 1866 et
3487 1804 3620 1866 Filii
3651 1817 3709 1868 et

329 1803 538 1870 Οοδοξου
591 1806 678 1861 καὶ
734 1803 1034 1879 Ἀνομοίου,
1098 1805 1255 1884 φησίν
1293 1820 1306 1834 ⁸

2060 1529 2419 1607 cogitatione
2448 1532 2905 1613 complectimur
2956 1535 3198 1613 fontem,
3234 1546 3290 1598 et
3320 1556 3558 1600 causam
3597 1539 3708 1601 bo-

2058 1634 2268 1678 norum
2281 1666 2293 1678 .
2346 1643 2366 1674 ι

2141 1709 2381 1786 Magnus
2441 1708 2799 1771 Athanasius
2859 1713 2916 1772 in
2975 1711 3305 1775 Ortbodoxi
3336 1725 3394 1776 et
3426 1719 3704 1780 Anomcei

329 1902 459 1952 Θεοῦ
487 1895 658 1974 φύσις,
705 1894 793 1950 καὶ
862 1900 953 1949 τοῦ
1017 1894 1159 1971 Υἰοῦ,
1191 1895 1278 1949 καὶ
1327 1901 1418 1950 τοῦ
1467 1894 1615 1971 ἁγίου
1672 1895 1956 1970 Πνεῦματοι

2063 1880 2318 1974 Spiritus
2342 1885 2560 1974 sancti,
2590 1893 2648 1946 et
2678 1886 2994 1950 creationis
3024 1889 3333 1954 universae.
3372 1916 3398 1946 ι
3437 1892 3508 1954 Et
3554 1911 3704 1974 pau-

325 1986 538 2050 καὶτῆς
598 1984 820 2046 κτίσεως
862 1982 1063 2048 πάσης.
1115 2010 1140 2041 ι)
1191 1983 1290 2039 Καὶ
1350 1979 1466 2056 μετ’
1526 1981 1677 2061 ὀλίγα
1715 2003 1729 2018 ο

325 2072 435 2128 ἔστι
492 2070 546 2127 δὲ
603 2078 693 2127 τοῦ
751 2077 881 2127 Θεοῦ
942 2069 1230 2147 ἀγέννητον
1287 2069 1462 2126 αἴτιον
1520 2092 1611 2127 του
1654 2079 1909 2149 γεννητοῦ
1955 2091 1966 2104 ·

322 2164 382 2217 οὔ
423 2161 522 2238 γὰρ
561 2162 623 2216 τὸ
667 2160 744 2235 μὴ
796 2161 1071 2237 γεννᾶσθαι
1115 2160 1206 2214 τὸν
1253 2160 1384 2214 Θεὸν
1413 2166 1518 2216 τῶν
1551 2161 1740 2217 οὖσιῶν
1773 2160 1968 2236 αἴτιον,

321 2249 441 2306 ἀλλ’
471 2253 505 2318 ἡ
551 2251 696 2306 οὖσία
721 2256 825 2304 τῶν
856 2251 1043 2305 οὗσμῶν
1078 2250 1238 2311 αἰτία.
1278 2272 1306 2304 ι

406 2331 463 2397 Ὀ
519 2338 667 2415 ἅγιος
756 2335 1006 2415 Κύριλλος
1086 2336 1140 2392 ἐν
1214 2344 1281 2413 τῇ
1339 2338 1589 2415 ἑρμηνείᾳ
1672 2351 1764 2398 τοῦ
1833 2342 1968 2396 κατὰ

314 2427 566 2493 ἰωάννην
595 2427 667 2489 εἰς
725 2427 785 2481 τὸ
827 2425 986 2502 ῥητὸν
1041 2426 1124 2505 τὸ,
1177 2449 1204 2480 α
1242 2424 1594 2493 Καταϐεϐηκα
1650 2427 1708 2484 ἐκ
1751 2437 1843 2486 τοῦ
1869 2432 1961 2487 οῦ-

319 2522 499 2592 ρινοῦ,
531 2514 634 2592 ιιῦχ
678 2513 767 2570 ἵνα
825 2520 961 2570 ποιῶ
1012 2515 1072 2569 τὸ
1127 2512 1334 2589 Θέλημα
1375 2516 1437 2569 τὸ
1482 2515 1632 2594 ἐμὸν,
1673 2538 1697 2574 ε
1752 2518 1908 2595 φησίν
1943 2536 1958 2553 ο

326 2624 353 2660 ε
395 2609 502 2659 Πᾶι
533 2605 631 2681 γὰρ
688 2601 834 2665 εἶδος
866 2602 1056 2680 ἀρετῆς
1098 2602 1282 2678 πηγὴν
1339 2603 1518 2683 ὥσπερ
1560 2605 1678 2660 τινὰ
1733 2607 1821 2661 καὶ
1877 2607 1959 2683 ῥί-

314 2701 409 2761 ζαν
439 2691 552 2770 ἔχει
581 2693 680 2758 τὴν
710 2691 964 2747 ἀνωτάτω
993 2712 1176 2748 πασων
1206 2691 1404 2749 οὗσίαν.
1441 2715 1469 2746 ιι

399 2771 456 2838 Ὀ
501 2780 664 2857 μέγας
720 2778 992 2842 Βασίλειος
1036 2780 1153 2857 περὶ
1208 2780 1272 2835 τὰ
1314 2778 1444 2847 τέλη
1487 2787 1579 2836 τοῦ
1605 2771 1660 2857 β’
1705 2781 1812 2838 τῶν
1841 2789 1961 2837 κατ’

315 2869 565 2944 Εὖνομίου
623 2867 796 2945 λόγων
866 2869 1024 2924 αῦτοῦ
1066 2889 1227 2948 φησιν
1275 2884 1288 2897 ·
1331 2891 1358 2924 α
1393 2870 1466 2924 Σὸ
1513 2871 1655 2948 παρὰ
1709 2878 1801 2927 τοῦ
1843 2870 1961 2928 Υἱοῦ

308 2961 620 3035 γεγένησθαι
675 2955 988 3033 λεγόμενον,
1059 2959 1190 3034 πρὸς
1247 2959 1342 3024 τὴν
1387 2957 1602 3036 πρώτην
1636 2959 1804 3014 αἰτίαν
1860 2959 1960 3027 τὴν

309 3048 572 3125 ἀναφορὰν
603 3045 721 3125 ἔχει
758 3064 772 3080 ·

311 3138 512 3214 ρῆχθαι
559 3133 641 3190 διὰ
710 3135 804 3190 τοῦ
871 3141 1002 3192 Θεοῦ
1067 3135 1236 3212 Λόγου
1293 3136 1650 3211 πιστεύωμεν,
1725 3135 1861 3192 ἀλλά
1902 3137 1962 3192 τὸ

311 3223 522 3279 πάντων
550 3221 725 3280 αἴτιον
781 3222 923 3281 εἶναι
983 3224 1072 3279 τόν
1129 3222 1258 3279 Θεόν
1317 3229 1422 3279 τῶν
1465 3222 1603 3280 ὅλων
1635 3225 1731 3280 οῦκ
1785 3224 1956 3304 ἀφαι-

311 3323 500 3392 ροῦμεν
511 3361 522 3371 .
573 3339 598 3373 ε

396 3395 452 3461 Ὀ
497 3401 757 3480 Θεολόγος
791 3400 1075 3481 Γρηγόριος
1120 3401 1174 3457 ἐν
1216 3408 1293 3476 τῷ
1319 3400 1486 3480 λόγῳ,
1521 3409 1596 3476 τῴ
1641 3404 1712 3466 εἰς
1743 3404 1833 3459 τὸν
1865 3426 1959 3460 κα·

312 3490 539 3551 τοὶπλουν
594 3496 700 3547 τῶν
752 3489 1069 3568 Αἰγυπτίων,
1131 3489 1189 3546 οὗ
1229 3492 1264 3558 ἡ
1295 3490 1468 3570 ἀρχὴ,
1502 3511 1528 3545 α
1561 3491 1690 3554 Τοὺς
1722 3489 1814 3546 ἀπ’
1859 3493 1956 3548 Λί-

310 3578 506 3656 γὶπτου
586 3578 1030 3658 προσφθέγξομαι,
1081 3599 1102 3628 ι
1170 3579 1328 3660 φησίν
1365 3601 1379 3615 ο
1461 3601 1486 3635 ε
1557 3578 1688 3642 Θεός
1745 3580 1844 3658 γὰρ
1904 3579 1958 3635 ἐν

310 3671 441 3739 τρισὶ
468 3681 585 3730 τοῖς
643 3668 911 3746 μεγίστοις
974 3665 1208 3745 ἵσταται,
1265 3669 1433 3743 αἰτίῳ,
1493 3669 1581 3724 καὶ
1623 3664 1950 3748 δημιουργῷ,

311 3760 394 3812 καὶ
436 3757 767 3830 τελειοποιῷ,
829 3761 906 3829 τῷ
976 3759 1137 3835 Πατρὶ
1193 3755 1360 3836 λέγω,
1418 3758 1507 3814 καὶ
1571 3763 1644 3831 τῷ
1698 3758 1818 3831 Υἰῴ,
1865 3758 1951 3812 καὶ

311 3852 389 3919 τῷ
444 3845 575 3922 ἁγίῳ
627 3846 905 3919 Πνεύματι.
957 3863 983 3896 )›
1024 3847 1122 3902 Καὶ
1179 3842 1298 3920 μετ’
1353 3843 1503 3922 ὀλίγα
1537 3863 1549 3878 ⁸
1593 3872 1614 3902 ε
1649 3845 1824 3900 Πάντα
1849 3842 1948 3901 ὅσα

314 3933 430 4012 ἔχει
474 3937 501 3989 ὁ
545 3933 723 4012 Πατὴρ
764 3941 853 3990 τοῦ
905 3935 1025 3991 Υἱοῦ
1079 3933 1214 4011 ἐστι,
1274 3931 1416 4000 πλὴν
1459 3939 1556 4000 τῆς
1606 3933 1942 4011 ἀγεννησίας,

316 4024 481 4078 πάντα
512 4021 565 4078 δὲ
617 4021 712 4078 ὅσα
768 4029 860 4078 τοῦ
931 4025 1072 4094 Υἱοῦ,
1132 4023 1220 4078 καὶ
1271 4032 1367 4080 τοῦ
1422 4022 1747 4096 Πνεῦματος,
1806 4020 1946 4087 πλὴν

310 4117 407 4178 τῆς
460 4112 720 4186 υἰότητος,
766 4113 854 4167 καὶ
908 4117 1014 4169 τῶν
1071 4109 1170 4167 ὅσα
1246 4132 1562 4185 σωματικως
1634 4113 1752 4188 περὶ
1793 4113 1948 4168 αῦτυῦ

309 4199 512 4279 λέγεται
569 4199 651 4256 διὰ
692 4200 782 4257 τόν
841 4199 969 4275 ἐμόν
1026 4198 1319 4279 ἄνθρωπον,
1379 4201 1466 4256 καὶ
1508 4197 1606 4266 τὴν
1640 4198 1776 4274 ἐμὴν
1834 4221 1944 4254 σω-

304 4288 505 4366 τηρίαν.
549 4312 570 4345 ι

388 4369 443 4432 ’0
503 4377 670 4456 μέγας
703 4375 976 4440 Βασίλειος
1024 4376 1078 4432 ἐν
1107 4383 1182 4451 τῷ
1214 4366 1314 4450 ις’
1353 4381 1460 4432 τῶν
1507 4372 1636 4451 πρός
1679 4372 1945 4455 Ἀμφιλό-

301 4488 423 4545 χιον
457 4483 472 4499 ⁶
523 4487 552 4524 (
613 4467 712 4524 Καὶ
769 4464 955 4541 μηδεὶς
1013 4465 1198 4522 οἰέσθω
1269 4487 1336 4541 με
1391 4475 1536 4543 τρεῖς
1590 4464 1731 4520 εἶναι
1775 4462 1948 4541 λέγειν

296 4557 524 4635 ἀρχικὰς
553 4555 895 4629 ὑποστάσεις,
949 4554 986 4621 ἢ
1030 4553 1194 4621 ἁτελῆ
1257 4555 1474 4633 φάσκειν
1525 4559 1618 4609 τοῦ
1676 4555 1794 4609 Υἱοῦ
1849 4552 1947 4618 τὴν

294 4643 583 4723 ἐνέργειαν.
631 4644 807 4724 Ἀρχή
852 4644 952 4722 γὰρ
980 4650 1086 4699 τῶν
1141 4642 1307 4700 ὄντων
1338 4642 1456 4718 μία,
1489 4639 1572 4698 διὰ
1625 4645 1744 4698 ι’ἰου
1798 4641 1946 4719 ἐνερ-

293 4744 464 4810 γοόσα
491 4736 580 4790 καὶ
608 4733 834 4792 τελοῦσα
876 4733 928 4791 ἐν
960 4732 1254 4809 Πνεόματι.
1293 4755 1321 4788 ε

387 4904 443 4970 Ὀ
491 4912 645 4977 αῦτός
705 4912 758 4969 ἐν
813 4919 888 4987 τῷ
945 4934 1050 4991 παρ
1109 4915 1265 4970 αὐτοῦ
1315 4908 1718 4988 ὑπαγορευίιέντι
1791 4907 1943 4963 ἀντι-

285 5002 484 5082 Υρίίφφ
537 5007 635 5068 τῆς
694 5002 921 5061 πίστεως
954 5017 967 5031 ⁹
1031 5024 1059 5056 (ι
1097 4991 1239 5058 υΕνα
1295 5001 1394 5079 γὰρ
1437 4997 1659 5074 οἴδαμεν
1713 4996 1940 5075 ἀγέννη-

281 5116 413 5163 τον,
459 5093 547 5148 καὶ
626 5091 748 5167 μίαν
819 5095 925 5147 τῶν
975 5089 1141 5147 ὅντων
1197 5090 1397 5169 ἀρχὴν,
1443 5089 1532 5146 τόν
1593 5085 1796 5166 Πατέρα
1854 5094 1946 5144 τοῦ

285 5181 488 5260 Κυρίου
515 5182 672 5255 ἡμῶν
702 5177 878 5247 Ἰησοῦ
919 5185 1166 5258 Χριστοῦ.
1202 5201 1231 5234 ι

373 5261 434 5327 ’0
502 5269 652 5348 ἅγιος
697 5269 1003 5331 Ἀθανάσιος
1044 5269 1101 5322 ἒν
1146 5279 1268 5331 ταῖς
1301 5268 1418 5346 περὶ
1457 5273 1548 5322 τιοῦ
1579 5267 1787 5340 ὁμοίους
1845 5262 1936 5318 εῖ-

1798 2003 1826 2042 ‹
1871 1984 1977 2043 Οὐκ
2061 1971 2148 2033 cis
2178 1971 2392 2034 additis
2424 1991 2437 2034 :
2471 1994 2493 2024 α
2514 1972 2642 2034 Non
2676 1982 2871 2036 autem
2904 1995 3082 2038 causa
3112 1986 3200 2039 est
3230 1978 3336 2041 Dei
3369 1971 3702 2058 ingenitum

2059 2062 2321 2139 genitum
2354 2062 2536 2140 geniti
2569 2084 2582 2124 :
2617 2080 2810 2144 neque
2843 2065 3001 2126 enim
3037 2085 3154 2127 non
3183 2068 3458 2144 generari
3515 2071 3701 2132 Deum

2057 2149 2445 2211 essentiarum
2479 2170 2658 2213 causa
2693 2161 2803 2231 est,
2849 2153 2952 2215 sed
3007 2155 3266 2218 essentia
3314 2157 3703 2219 essentiarum

2055 2255 2259 2300 causa.

2131 2327 2640 2408 SanctusCyrillus
2658 2331 3026 2412 expositione
3048 2332 3413 2394 inJoannem
3443 2337 3504 2394 in
3530 2333 3696 2395 illud:

2053 2437 2078 2471 ι
2115 2417 2404 2478 Descendi
2455 2417 2530 2478 de
2573 2419 2744 2490 coelo,
2780 2439 2896 2480 non
2953 2432 3015 2481 ut
3058 2421 3268 2483 faciam
3326 2422 3687 2483 voluntatem

2045 2520 2236 2564 meam
2264 2505 2349 2578 90,
2381 2534 2400 2562 ι
2469 2507 2548 2568 ait
2585 2528 2596 2568 :
2649 2531 2671 2562 ι
2706 2507 2903 2569 Genus
2949 2509 3169 2570 etenim
3219 2528 3397 2572 omne
3450 2510 3670 2571 virtuti!

2042 2591 2224 2652 veluti
2255 2593 2473 2654 fontem
2524 2595 2779 2674 aliquem
2817 2605 2873 2658 et
2901 2597 3188 2676 originem
3246 2597 3425 2659 habet
3475 2617 3676 2678 supre-

2045 2697 2198 2740 mam
2223 2699 2421 2743 rerum
2456 2683 2720 2744 omnium
2757 2686 3099 2747 essentiam.
3139 2711 3166 2742 ι

2124 2773 2368 2848 Magnus
2401 2771 2651 2832 Basilius
2682 2772 2843 2834 circa
2877 2775 3055 2836 ﬁnem
3112 2776 3355 2837 secundi
3403 2777 3691 2838 adversus

2041 2854 2396 2919 Eunomium
2456 2859 2886 2924 Antirrhetici:
2927 2891 2948 2919 ι
2985 2862 3150 2934 Quod
3208 2883 3242 2924 a
3285 2863 3433 2926 Filio
3465 2864 3683 2925 factum

2040 2947 2330 3008 asseritur
2357 2948 2427 3008 ad
2455 2948 2704 3028 primam
2740 2967 2979 3013 causam
3009 2951 3302 3032 refertur;
3338 2953 3486 3014 adeo
3517 2962 3578 3014 ut
3607 2953 3686 3013 li-

833 3045 994 3114 ὥστε,
1038 3044 1136 3102 κᾶν
1183 3046 1355 3102 πάντα
1423 3047 1494 3110 εἰς
1553 3041 1806 3104 τὸέἶναι
1864 3070 1936 3123 πα

2046 3042 2140 3096 cet
2168 3035 2371 3096 omnia
2417 3036 2702 3116 producta
2731 3057 2862 3100 esse
2892 3060 2925 3100 a
2949 3039 3071 3101 Deo
3103 3039 3299 3102 Verbo
3342 3041 3687 3113 credamus,

2042 3123 2431 3185 nihilominus
2481 3143 2679 3186 rerum
2739 3128 3001 3188 omnium
3058 3127 3244 3190 Deum
3279 3147 3514 3190 causam
3553 3147 3685 3191 esse

2042 3230 2159 3273 non
2187 3212 2542 3276 inﬁciamur-
2577 3240 2602 3270 υ

2121 3388 2437 3468 Gregorius
2473 3390 2812 3473 Theologus
2840 3393 2901 3454 in
2932 3394 3342 3474 Egyptiorum
3375 3396 3686 3457 adventum

2039 3479 2336 3554 oratione,
2372 3499 2503 3559 qua:
2556 3479 2767 3561 incipit
2801 3503 2812 3543 :
2857 3513 2877 3542 ι
2910 3483 3024 3544 Eos
3053 3485 3154 3564 qui
3184 3483 3258 3546 ab
3302 3484 3552 3565 [Egypto
3583 3503 3685 3547 ve-

2038 3575 2273 3647 nerunt,
2313 3567 2604 3643 salutabo,
2637 3593 2659 3626 »
2698 3569 2840 3630 dicit
2869 3589 2881 3630 :
2924 3596 2946 3629 ιι
2975 3575 3132 3635 Deus
3164 3573 3226 3633 in
3263 3573 3452 3634 tribus
3485 3574 3682 3635 maxi-

2038 3657 2150 3718 mis
2173 3658 2482 3738 consistit,
2545 3659 2604 3719 in
2675 3677 2900 3738 causa,
2965 3662 3024 3722 in
3094 3662 3367 3742 opiﬁcio,
3421 3663 3479 3723 in
3543 3682 3683 3743 per-

2031 3747 2316 3822 fectione,
2350 3748 2463 3808 hoc
2493 3756 2584 3810 est
2614 3747 2674 3808 in
2707 3749 2905 3824 Patre,
2941 3759 2998 3812 et
3023 3751 3168 3813 Filio
3200 3749 3499 3831 etSpiritu
3521 3771 3690 3814 sanco

2031 3853 2144 3905 ιο.»
2174 3834 2244 3896 Ει
2277 3844 2410 3922 post
2439 3856 2624 3916 pauca
2660 3859 2671 3899 :
2715 3837 3046 3919 «Quidquid
3078 3841 3253 3901 habet
3284 3840 3464 3903 habet
3488 3839 3685 3923 Pater,

2029 3924 2194 3986 idem
2221 3934 2466 4004 excepta
2509 3926 2790 4004 gignendi
2823 3928 3050 3990 ratione
3084 3929 3217 3992 Filii
3251 3938 3374 4003 est;
3399 3930 3683 4010 quidquid

2030 4014 2172 4075 item
2207 4013 2412 4075 Filtius
2457 4015 2654 4086 habet,
2717 4015 2873 4077 idem
2924 4037 3158 4098 quoque
3189 4018 3447 4098 Spiritus
3495 4019 3686 4080 sancti

2030 4111 2137 4172 est,
2170 4104 2220 4162 si
2253 4101 2623 4178 tiliationem,
2680 4121 2871 4185 eaque
2917 4108 3117 4166 omnia
3169 4107 3498 4188 exceperis,
3553 4126 3683 4187 quze

2030 4209 2318 4270 corporea
2347 4191 2576 4252 ratione
2600 4192 2675 4252 de
2704 4211 2773 4253 eo
2827 4195 3246 4276 praedicantur,
3301 4203 3544 4276 propter
3587 4213 3684 4257 me

1966 4278 2332 4342 Dhominem
2367 4298 2678 4360 meamque
2707 4281 2983 4345 salutem.
3022 4314 3044 4344 ο

2109 4373 2355 4446 Magnus
2402 4367 2652 4430 Basilius
2713 4370 2774 4430 in
2843 4371 3036 4452 capite
3099 4372 3175 4436 16
3223 4373 3294 4433 ad
3353 4370 3674 4450 Amphilo»

2030 4460 2227 4523 chium
2265 4480 2279 4520 :
2313 4489 2332 4518 ε
2360 4460 2429 4522 Et
2451 4479 2624 4521 nemo
2661 4479 2754 4522 me
2786 4464 3008 4540 credat,
3045 4473 3166 4526 tres
3195 4463 3512 4543 originales
3545 4463 3683 4523 sub-

2031 4549 2276 4611 stantias
2307 4566 2551 4630 ponere,
2590 4558 2691 4610 aut
2724 4551 2855 4612 Filii
2890 4556 3300 4633 operationem
3357 4551 3681 4632 imperfec-

2031 4647 2150 4698 tam
2197 4656 2351 4700 esse.
2401 4636 2766 4717 Principium
2828 4641 2985 4700 enim
3039 4658 3246 4704 eorum
3313 4659 3442 4720 quae
3501 4641 3676 4715 ﬁunt,

2029 4745 2210 4788 unum
2245 4734 2336 4787 est
2365 4743 2471 4806 per
2499 4725 2681 4787 tilium
2714 4727 3003 4810 condens,
3044 4747 3150 4810 per
3179 4728 3466 4810 Spiritum
3496 4746 3676 4790 sanc-

2030 4821 2153 4876 tum
2186 4814 2525 4894 perﬁciens.
2561 4837 2588 4868 ι

2107 4903 2267 4964 Idem
2301 4903 2360 4963 in
2393 4902 2754 4982 Antigrapbo
2787 4904 2927 4966 fidei
2980 4905 3052 4967 ab
3115 4906 3325 4969 eodem
3385 4907 3618 4968 dictata:
3652 4925 3667 4967 :

2035 5016 2058 5049 ι
2096 4991 2286 5055 Unum
2318 4991 2477 5052 enim
2513 4991 2774 5054 novimrs
2803 4993 3155 5072 ingenitum,
3190 5004 3248 5057 et
3296 5012 3475 5058 unum
3531 4995 3670 5056 uni-

2029 5099 2330 5144 versorum
2360 5080 2722 5160 principium
2755 5080 2986 5145 Patrem
3019 5083 3258 5146 Domini
3305 5084 3492 5144 nostri
3529 5083 3670 5146 Jesu

2028 5170 2272 5232 Christi.
2309 5194 2336 5225 ιι

2100 5261 2343 5338 Magnus
2373 5257 2730 5321 Athanasius
2776 5260 2838 5322 in
2867 5260 3219 5324 testimoniis
3248 5279 3432 5324 sacrae
3465 5258 3670 5340 Scrip-

273 5385 365 5421 ναι
415 5359 508 5416 τόν
555 5345 770 5436 ’Πατέρα
825 5359 913 5414 καὶ
953 5357 1046 5412 τὸν
1095 5353 1242 5430 Υἱόν,
1289 5345 1377 5411 καὶ
1405 5355 1466 5410 τὸ
1506 5353 1656 5436 ἅγιον
1727 5356 1939 5425 Πνεῦμα

2039 5366 2168 5411 ,urae
2194 5348 2271 5436 de
2296 5345 2477 5436 simili
2525 5347 2788 5411 essentia
2837 5348 3026 5412 Patris
3056 5358 3114 5412 et
3141 5350 3274 5413 Filii
3313 5358 3370 5412 et
3414 5349 3672 5430 Spiritus

273 5449 598 5528 μαρτυρίαις
665 5433 760 5514 τῆς
819 5447 1056 5525 Γραορῆς,
1109 5443 1380 5522 κεφαλαίῳ
1442 5433 1543 5519 μη’
1583 5441 1710 5522 φησί
1742 5457 1754 5470 ’
1799 5467 1823 5498 ε
1881 5439 1940 5497 Τί

2039 5435 2208 5498 tancti
2237 5453 2366 5515 cap.
2402 5435 2503 5514 45,
2535 5437 2751 5499 scribit
2800 5459 2814 5500 :
2884 5462 2911 5493 α
2961 5438 3114 5511 Quid
3149 5447 3239 5502 est
3265 5437 3476 5502 Deus?
3519 5437 3670 5501 0m-

357 5618 434 5670 90
460 5613 636 5678 Joan.
667 5628 750 5692 VI,
782 5613 880 5675 38.
