4240 6300
488 337 607 401 719

1588 339 1797 402 JOAN.
1844 336 2062 403 VECCI
2268 335 2780 402 PATBIARCHE

3740 332 3860 403 720

490 470 655 533 nium
686 471 1044 554 principium
1079 472 1408 535 secundum
1440 471 1783 553 Apostolum
1809 471 2128 533 dicentem:

2216 470 2327 528 ἐστι
2386 470 2562 550 Θεός,
2615 459 2675 527 Ἠ
2720 470 2930 526 πάντων
2970 469 3116 548 ἀρχὴ
3158 469 3294 527 κατὰ
3346 470 3436 526 τὸν
3500 466 3854 526 Ἂπόστολον.

496 583 516 616 σ
559 562 724 624 Unus
773 561 928 624 Deus
982 564 1157 625 Pater
1202 580 1271 624 ex
1319 578 1434 642 quo
1465 560 1664 623 omnia
1692 561 1773 620 91.
1808 582 1829 613 ι
1869 559 2127 621 Verbum

489 656 685 712 autem
717 650 846 729 ejus
882 669 949 713 ex
981 649 1132 731 ipso,
1165 649 1452 712 nascendi
1480 649 1738 722 ratione,
1775 657 1834 710 et
1877 646 2132 727 Spiritus

491 737 908 818 progrediendi
934 738 1108 801 modo
1155 738 1381 801 exsistit
1413 761 1426 796 :
1463 737 1684 799 deinde
1716 737 1992 800 universa
2030 754 2132 798 re-

489 843 620 887 rum
657 834 863 889 natura
894 845 1000 907 per
1026 825 1289 890 Verbum
1336 834 1395 890 et
1440 825 1725 908 Spiritum
1758 825 1999 889 creandi
2027 843 2127 887 ra-

491 913 653 976 tione
680 915 1085 979 constiterant.
1120 939 1152 976 υ

570 1002 818 1067 Sanctus
845 1003 1211 1086 Epiphanius
1254 1005 1315 1066 in
1365 1005 1659 1086 Ancyroto
1709 1003 1856 1065 dicit
1888 1019 1900 1064 :
1939 1022 1969 1062 ι
1993 1001 2129 1083 Spi-

490 1092 638 1154 ritus
690 1093 954 1156 veritatis
1002 1103 1091 1155 est
1143 1098 1380 1156 tertium
1430 1111 1463 1155 a
1511 1092 1683 1155 Patre
1733 1099 1791 1152 et
1844 1090 1991 1153 Filio
2035 1091 2130 1152 lu-

494 1199 651 1244 men.
679 1206 706 1237 »
766 1181 838 1244 Et
899 1191 1028 1262 post
1086 1201 1314 1264 pauca:
1356 1211 1375 1239 ι
1409 1180 1534 1254 Quo
1579 1180 1739 1242 enim
1786 1179 1982 1244 modo.
2018 1196 2127 1239 ne-

491 1288 587 1331 mo
616 1271 777 1331 novit
821 1273 1049 1333 Patrem
1100 1273 1213 1333 nisi
1259 1269 1467 1338 Filius.
1527 1288 1720 1350 neque
1769 1267 1985 1329 Filium
2017 1266 2133 1328 nisi

489 1356 665 1420 Pater
688 1357 770 1439 99,
808 1383 831 1417 ι
869 1359 1080 1421 eodem
1112 1360 1303 1421 audeo
1335 1358 1560 1433 dicere,
1592 1375 1787 1437 neque
1840 1354 2126 1436 Spiritum

492 1446 607 1508 nisi
656 1445 828 1510 Pater
870 1455 928 1510 et
974 1447 1179 1525 Filius,
1215 1467 1286 1511 ex
1316 1466 1430 1528 quo
1463 1446 1750 1527 procedit,
1788 1456 1846 1507 et
1894 1462 1965 1506 ex
2013 1461 2129 1524 quo

493 1535 728 1600 accipit.
763 1560 786 1591 ι

713 1583 728 1599 ,
763 1560 786 1591 ι

576 1556 820 1706 ltiggnus
868 1624 1224 1688 Athanasius
1277 1624 1349 1686 ad
1410 1623 1796 1705 Serapionem
1852 1620 2125 1702 epistola,

495 1715 665 1794 cujus
722 1714 1126 1796 principium:
1169 1737 1191 1771 σ
1228 1712 1480 1776 Reddita
1540 1721 1628 1776 est
1685 1711 1831 1774 mihi
1886 1727 2043 1770 nunc
2097 1727 2132 1770 a

2220 582 2247 615 α
2282 561 2379 624 Εἷς
2412 561 2538 624 Θεὸς
2570 561 2598 615 6
2628 560 2809 638 Πατὴρ
2839 558 2891 623 ἐξ
2920 559 2980 616 οὗ
3003 559 3067 615 τὰ
3095 558 3289 619 πάντα.
3318 578 3342 610 n
3373 568 3472 635 Καὶ
3502 559 3601 636 γὰρ
3630 560 3657 613 6
3687 556 3856 632 Λόγος

2212 647 2263 714 εξ
2319 648 2474 706 αύτοῦ
2514 654 2805 726 γεννητῶς,
2863 653 2951 703 καὶ
2999 649 3061 703 τὸ
3116 653 3329 720 Πνεῦμα
3400 646 3451 713 ἐξ
3495 650 3650 705 αὐτοῦ
3703 644 3862 700 ἐκπο-

2213 744 2407 815 ρευτῶς
2442 758 2455 770 ·
2490 738 2614 793 εἶτα
2643 743 2787 793 πᾶσα
2816 738 2850 803 ἡ
2890 737 3057 801 κτίσις
3101 733 3184 792 διὰ
3233 738 3325 793 τοῦ
3378 737 3550 814 Λόγου
3581 734 3635 790 ἐν
3687 733 3856 788 Πνεύ-

2213 848 2339 902 ματι
2364 826 2586 893 συνέστη
2616 823 3030 904 δημιουργικῶς.
3068 845 3093 880 ι

2296 995 2352 1061 ’0
2381 1003 2538 1081 ἅγιος
2574 1003 2880 1083 Ἐπιιράνιος
2937 1002 2991 1058 ἓν
3019 1009 3097 1076 τῷ
3139 1001 3458 1081 Ἀγκυρωτῷ
3490 1022 3507 1039 ο
3559 1024 3588 1057 α
3649 1007 3859 1075 Πνεῦμα

2212 1090 2361 1170 ἅγιον
2405 1098 2616 1166 Πνεῦμα
2664 1090 2910 1157 ἀληθείας
2967 1091 3099 1171 ἐστὶ,
3147 1097 3258 1169 φῶς
3300 1091 3471 1171 τρίτον
3531 1090 3674 1169 παρὰ
3744 1096 3857 1145 Πα-

2212 1169 2333 1258 τρὸς
2378 1184 2464 1236 καὶ
2534 1182 2672 1239 Υἶοῦ.
2714 1203 2737 1234 ι
2791 1180 2890 1238 Καὶ
2929 1177 3045 1255 μετ’
3086 1169 3242 1256 όλίγα
3274 1196 3288 1209 ·
3331 1169 3353 1232 ἀ
3401 1169 3509 1236 υΟν
3536 1181 3636 1256 γὰρ
3663 1176 3857 1255 τρόπον

2213 1265 2376 1332 οὐδεὶς
2421 1267 2556 1348 ἔγνω
2607 1270 2696 1325 τὸν
2750 1271 2867 1324 Υἱὸν
2913 1270 2956 1324 εἰ
3013 1270 3090 1344 μὴ
3128 1270 3156 1324 6
3186 1268 3388 1348 Πατὴρ,
3433 1265 3547 1324 οὐδὲ
3599 1266 3689 1322 τόν
3740 1270 3855 1320 Πα-

2211 1354 2335 1434 τέρα
2364 1357 2408 1411 εἰ
2465 1357 2543 1432 μὴ
2587 1359 2614 1412 6
2678 1358 2823 1428 Υἱὸς,
2869 1355 3006 1414 οὕτω
3051 1355 3237 1431 τολμῶ
3280 1356 3478 1434 λέγειν,
3522 1353 3603 1411 ὅτι
3653 1351 3765 1410 οὐδε
3792 1354 3855 1407 τὸ

2216 1449 2444 1520 Πνεῦμα,
2479 1445 2631 1520 εἰμὴ
2680 1447 2709 1501 6
2758 1446 2941 1525 Πατὴρ
2996 1447 3082 1503 καὶ
3140 1447 3168 1501 6
3238 1446 3357 1511 Υἱὸς
3394 1444 3520 1523 παρ’
3576 1442 3635 1499 οὗ
3683 1443 3855 1500 ἔκπο-

2213 1533 2414 1603 ρεύεται
2454 1535 2542 1591 καὶ
2567 1531 2689 1608 παρ’
2721 1536 2781 1590 οὗ
2821 1530 3102 1610 λαμϐάνει,
3142 1562 3164 1592 ι

2297 1612 2353 1679 ιΟ
2405 1621 2572 1701 μέγας
2603 1622 2912 1688 Ἀθανάσιος
2972 1623 3026 1679 ἐν
3081 1629 3150 1701 τῇ
3192 1626 3322 1704 πρὸς
3380 1624 3687 1700 Σεραπίωνα
3744 1621 3857 1677 ἐπι-

2212 1710 2398 1801 στολῇ,
2452 1711 2517 1779 ἧς
2574 1713 2608 1779 ἡ
2668 1712 2839 1791 ἀρχὴ,
2905 1734 2933 1767 α
2980 1713 3055 1770 Τὰ
3105 1713 3394 1791 γράμματα
3435 1717 3532 1779 τῆς
3577 1716 3675 1778 σῆς
3717 1713 3856 1801 ἱερεῖς

495 1790 594 1865 tua
645 1790 864 1884 pietate
917 1790 1139 1884 scripta
1197 1801 1466 1881 epistola,
1502 1828 1523 1859 1
1562 1802 1681 1863 ait:
1725 1823 1747 1857 ιι
1781 1798 1965 1861 Filius
1995 1797 2130 1878 qui-

2216 1798 2518 1880 διαθέσεως,
2571 1822 2594 1860 ι
2633 1790 2790 1880 φησίν
2827 1818 2840 1831 ·
2880 1825 2907 1856 α
2947 1803 3042 1859 Καὶ
3082 1804 3113 1859 6
3172 1802 3269 1877 μὲν
3318 1803 3435 1865 Υἱὸς
3466 1822 3625 1879 φησιν
3658 1818 3675 1836 ο
3716 1820 3741 1855 ι
3779 1790 3857 1855 UA

491 1890 627 1953 dem
662 1909 675 1954 :
710 1916 737 1948 α
771 1891 912 1965 Quae
978 1890 1171 1954 audivi
1229 1909 1263 1952 a
1319 1893 1492 1954 Patre
1549 1892 1676 1952 haec
1714 1896 1775 1952 et
1826 1889 2033 1968 loquar
2070 1886 2130 1948 in

493 1980 819 2057 mundum;
880 1981 1135 2062 Spiritus
1207 1997 1345 2041 vero
1420 1999 1490 2041 ex
1555 1979 1704 2041 Filio
1780 1976 2035 2056 accipit;
2099 1999 2175 2031 »-

491 2067 575 2130 Ex
656 2088 790 2131 meo
865 2069 1024 2132 enim
1104 2067 1395 2149 accipiet,
1481 2076 1541 2131 et
1624 2065 1955 2130 anuntiabit
2029 2083 2131 2126 vo-

495 2155 588 2219 bis
613 2157 699 2222 οὗ.
742 2182 763 2214 ι

573 2245 826 2309 Sanctus
855 2248 1107 2328 Cyrillus
1135 2248 1196 2309 in
1224 2248 1449 2311 dictum
1486 2267 1498 2308 :
1540 2242 1830 2307 «Creditis
1861 2244 1921 2304 in
1944 2242 2131 2305 Deum

497 2344 559 2398 et
612 2337 675 2397 in
723 2354 819 2398 me
866 2336 1090 2398 credite
1115 2337 1200 2412 96,
1240 2361 1261 2391 ι
1298 2335 1419 2410 ait;
1462 2364 1483 2393 ι
1520 2334 1784 2414 Namque
1841 2341 2043 2394 sancta
2073 2339 2131 2392 et

495 2424 1013 2487 consubstantialis
1042 2424 1324 2497 Trinitas,
1360 2432 1418 2487 et
1448 2424 1755 2485 nominum
1818 2422 2130 2482 diversita-

493 2508 651 2570 tibus
674 2519 729 2571 et
752 2528 1135 2591 personarum
1165 2512 1545 2591 qualitatibus
1582 2519 1641 2576 et
1671 2508 2137 2592 proprietatibus

496 2597 897 2677 distinguitur.
937 2625 959 2655 ,ι

574 2687 737 2752 Idem
764 2689 824 2749 in
849 2689 993 2751 illud
1023 2711 1035 2751 :
1069 2712 1092 2746 ι
1120 2688 1333 2753 Omnia
1364 2690 1683 2771 peripsum
1708 2689 1863 2750 facta
1890 2686 2126 2748 sunt95»

399 2814 403 2819 ν
496 2775 642 2837 dicit
672 2797 686 2838 :
729 2800 757 2832 α
790 2778 919 2839 Νοη
953 2778 1110 2839 enim
1136 2788 1377 2860 propter
1404 2780 1588 2841 solam
1622 2777 1892 2840 essentiae
1922 2776 2133 2837 simili-

497 2865 763 2926 tudinem
794 2868 877 2929 uti
911 2867 1312 2931 characterem
1371 2869 1430 2929 in
1480 2872 1651 2932 Patre
1680 2867 1896 2929 Filium
1930 2867 2130 2927 consi-

494 2953 869 3030 derabimus;
900 2957 992 3018 vel
1038 2975 1242 3019 rursus
1289 2964 1353 3018 ut
1380 2958 1683 3036 exemplar
1731 2958 1790 3017 in
1833 2955 1983 3017 Filio
2019 2959 2129 3016 Pa-

492 3049 642 3104 trem
676 3044 781 3105 sed
813 3045 1024 3106 Filium
1055 3047 1293 3127 quidem
1345 3065 1414 3107 ex
1443 3046 1637 3109 Patris
1665 3044 1924 3106 ersentia
1950 3062 2132 3123 gene-

491 3129 739 3192 rationis
788 3133 965 3195 modo
1018 3135 1394 3209 emicantem,
1430 3143 1488 3196 et
1516 3134 1576 3195 in
1610 3133 1736 3214 ipsa
1781 3141 1837 3194 et
1883 3151 1953 3193 ex
2004 3132 2190 3213 ipsac

492 3220 732 3299 propria
758 3238 864 3282 sua
896 3221 1193 3302 hypostasi
1221 3223 1690 3297 exsistentem,et
1709 3220 2130 3283 subsistentem

491 3307 681 3369 Deum
715 3305 956 3370 verbum
1002 3311 1384 3391 excipiemus.
1413 3310 1640 3373 Patrem
1695 3328 1929 3390 quoque
1958 3310 2132 3372 simi-

495 3393 630 3456 liter
681 3398 836 3458 sicut
880 3397 1029 3459 Filio
1089 3399 1588 3462 consubsmntiali
1648 3407 1856 3459 natura
1884 3399 2129 3479 quidem

495 3483 676 3557 uniri,
703 3484 829 3545 sola
881 3503 1021 3546 vera
1078 3504 1147 3549 ea
1190 3488 1417 3550 ratione
1473 3486 1778 3566 distingui,
1812 3506 1927 3566 qua
1962 3490 2131 3548 Pater

499 3579 609 3633 est.

576 3659 739 3721 Idem
769 3660 830 3721 in
859 3662 1210 3742 syllogismis
1240 3683 1388 3745 quos
1417 3671 1660 3744 aggerat
1688 3666 1748 3723 in
1775 3662 1997 3725 dictum
2053 3663 2131 3724 il-

494 3747 595 3809 lud
632 3769 644 3810 :
687 3770 709 3806 ιι
744 3748 817 3810 Et
844 3751 1084 3812 verbum
1119 3761 1244 3813 erat
1298 3752 1453 3832 apud
1503 3752 1689 3814 Deum
1718 3752 1803 3832 96,
1843 3777 1863 3807 ι
1896 3752 2128 3833 inquit:

500 3860 524 3891 «
560 3835 626 3898 In
658 3839 842 3900 Deum
877 3841 1203 3916 Patrem,et
1248 3841 1309 3901 in
1335 3841 1549 3903 Filium
1585 3840 2039 3921 unigenitum,et
2073 3842 2132 3903 in

496 3923 778 4005 Spiritum
805 3936 1074 3991 sanctum
1106 3929 1419 3991 credentes
1447 3915 1762 3991 salvamdr.
1818 3915 2046 3991 Idcirco
2079 3937 2136 3991 et

496 4015 620 4093 ipse
682 4012 947 4077 Salvator
984 4018 1107 4086 suis
1154 4017 1466 4098 discipulis
1520 4019 1873 4099 praecipiens
1918 4017 2068 4079 dixit
2116 4040 2128 4079 :

501 4124 524 4157 α
561 4104 780 4165 Euntes
806 4103 1018 4166 docete
1046 4123 1246 4169 smnes
1266 4115 1499 4186 gentes,
1530 4107 1889 4187 baptizantcs
1921 4124 2023 4166 eos
2071 4106 2133 4168 in

495 4191 740 4254 nomine
791 4191 1001 4268 Patris,
1045 4203 1102 4255 et
1147 4194 1281 4255 Filii
1337 4204 1393 4257 et
1445 4195 1701 4275 Spiritus
1746 4195 1933 4256 sancti
1977 4196 2062 4258 97.
2106 4220 2126 4251 ι

494 4279 662 4353 Quod
717 4280 767 4342 si
811 4282 960 4344 nihil
1018 4283 1294 4345 conducit
1334 4284 1406 4345 ad
1464 4284 1772 4345 utilitatem
1825 4284 2132 4345 nominum

2184 3840 2346 3894 ,Θεὸν
2390 3837 2597 3917 Πατέρα
2660 3842 2749 3896 καὶ
2798 3841 2871 3905 εἰς

2214 1886 2419 1955 ἥκουσα
2474 1890 2617 1967 παρὰ
2668 1897 2761 1948 τοῦ
2801 1892 3028 1968 Πατρὸς,
3088 1898 3250 1948 ταῦτα
3294 1892 3379 1948 καὶ
3435 1889 3583 1946 λαλῶ
3639 1892 3710 1952 εἱς
3766 1889 3859 1945 τὸν

2215 1978 2421 2055 κόσμον
2453 1997 2468 2012 °
2520 2002 2547 2033 no
2602 1980 2663 2035 τὸ
2718 1978 2771 2035 δὲ
2828 1987 3042 2055 Πνεῦμα
3102 1979 3160 2037 ἐκ
3216 1990 3307 2038 του
3371 1981 3492 2035 Υἱοῦ
3545 1976 3798 2054 λαμϐάνει
3837 1997 3852 2012 ο

2223 2088 2245 2120 α
2294 2063 2388 2124 Ἐκ
2427 2074 2519 2124 τοῦ
2570 2067 2700 2144 ἐμοῦ
2741 2069 2839 2148 γὰρ
2895 2068 3148 2145 λήψεται,
3182 2070 3270 2125 καὶ
3298 2066 3586 2145 ἀναγγελεῖ
3637 2069 3787 2142 ὑμῖν,
3825 2088 3853 2120 ι

2215 2157 2370 2234 φησίν
2381 2199 2393 2216 .
2429 2174 2459 2216 )

2300 2236 2356 2302 (Ο
2401 2243 2550 2323 ἅγιος
2596 2245 2852 2324 Κύριλλος
2900 2250 2971 2313 εἰς
3025 2251 3083 2305 τὸ
3125 2251 3307 2327 ῥητὸν,
3381 2249 3465 2327 τὸ,
3527 2274 3550 2306 ι
3582 2244 3857 2327 Πιστεύετε

2217 2338 2288 2399 εἷς
2318 2337 2407 2391 τὸν
2465 2337 2620 2410 Θεόν,
2670 2340 2758 2395 καὶ
2813 2340 2887 2404 εἷς
2937 2339 3031 2415 ἐμὲ
3073 2342 3364 2415 πιστεύετε,
3414 2358 3437 2390 ι
3473 2339 3629 2419 φησίν
3665 2355 3678 2368 ·
3718 2358 3741 2392 ι
3794 2326 3855 2391 Ἠ

2215 2425 2314 2509 γὰρ
2356 2426 2477 2509 ᾇγία
2534 2447 2592 2509 τε
2648 2428 2736 2483 καὶ
2819 2429 3094 2503 ὁμοούσιος
3181 2430 3336 2509 Τριὰς
3423 2429 3512 2509 καὶ
3565 2427 3692 2488 ταῖς
3751 2428 3854 2509 τίυν

2218 2506 2491 2579 ὀνομάτων
2546 2504 2820 2586 διαφοραῖς
2876 2512 2963 2565 καὶ
3004 2523 3126 2573 ταῖς
3181 2504 3287 2567 τῶν
3330 2508 3626 2589 προσώπων
3698 2506 3856 2561 ποιόν-

2216 2594 2339 2659 τησί
2376 2616 2432 2650 τε
2461 2597 2548 2652 καὶ
2577 2593 2794 2662 ἰδιότητι
2823 2594 3203 2661 διαστέλλεται,
3242 2620 3266 2657 ι

2299 2673 2356 2740 Ὀ
2390 2683 2542 2749 αὐτὸς
2572 2686 2643 2749 είς
2699 2687 2760 2740 τὸ
2809 2685 2968 2761 ῥητὸν
3009 2688 3092 2766 τὸ,
3132 2711 3155 2743 ι
3189 2687 3367 2745 Πάντα
3408 2684 3475 2743 δι’
3521 2688 3679 2744 αἰ)τοῦ
3732 2683 3855 2761 ἐγέ-

2218 2793 2357 2846 νετο,
2407 2795 2435 2827 ιι
2492 2775 2649 2854 φησίν
2685 2792 2700 2808 ⁸
2778 2803 2804 2836 α
2850 2776 2923 2832 Οὐ
2982 2776 3082 2854 γὰρ
3138 2774 3306 2847 δήπου
3361 2776 3496 2831 κατὰ
3551 2776 3720 2849 μόνην
3756 2774 3857 2840 τὴν

2214 2861 2506 2931 ὁμοιότητα
2561 2863 2657 2930 τῆς
2708 2863 2883 2926 οὐσίας
2966 2867 3039 2929 ὡς
3095 2864 3407 2944 χαρακτῆρα
3471 2865 3560 2919 τὸν
3630 2864 3747 2918 Υἱὸν
3803 2862 3857 2918 ἐν

2218 2952 2377 3030 Πατρὶ
2423 2954 2761 3030 θεωρήσομεν
2794 2969 2809 2983 ⁹
2869 2952 2905 3020 ἣ
2964 2954 3027 3009 αὖ
3110 2953 3270 3011 πάλιν
3324 2957 3397 3019 ὡς
3451 2954 3748 3033 ἀρχέτυπον
3805 2951 3858 3007 ἐν

2216 3041 2321 3114 Υἱῷ
2396 3041 2487 3096 τὸν
2529 3041 2734 3120 Πατέρα
2768 3057 2781 3070 ’
2829 3039 2947 3098 ἄλλ’
3009 3045 3127 3099 Υἱὸν
3160 3044 3278 3119 μὲν,
3326 3042 3386 3099 ἐκ
3412 3046 3508 3111 τῆς
3539 3052 3631 3101 τοῦ
3660 3042 3860 3119 Πατρὸς

2215 3128 2391 3192 οὖσίας
2460 3134 2728 3207 γεννητῶς
2785 3129 3146 3205 ἐκλαίμποντα,
3210 3132 3296 3188 καὶ
3354 3131 3407 3187 ἐν
3464 3133 3619 3207 αὐτῇ,
3679 3131 3765 3185 καὶ
3806 3128 3859 3193 ἐξ

2218 3216 2378 3283 αότῆς
2448 3215 2813 3283 ἷδιοσυστάτως
2881 3220 3188 3299 ὕπαρχον-ιτα
3272 3223 3360 3277 καὶ
3414 3220 3685 3300 ὑφεστῶτα
3730 3219 3860 3274 Θεὸν

2219 3306 2387 3382 Λόγον
2417 3304 2808 3384 παραδεξόμεθα
2844 3326 2857 3341 ⁸
2905 3308 3111 3387 Πατέρα
3169 3307 3223 3365 δὲ
3265 3308 3425 3366 πάλιν
3481 3309 3535 3364 ἐν
3599 3311 3726 3383 Υἱῷ,
3784 3309 3863 3371 ὡς

2216 3393 2268 3449 ἐν
2365 3395 2625 3469 ὁμοουσίῳ
2712 3417 3003 3473 γεννηματι
3077 3404 3321 3478 ωμφυῶς
3410 3399 3526 3473 μὲν,
3601 3398 3736 3459 κατὰ
3804 3394 3859 3451 δὲ

2217 3482 2385 3553 μόνην
2441 3483 2538 3550 τὴν
2598 3483 2880 3563 ἑτερότητα
2933 3492 3027 3542 τοῦ
3071 3487 3214 3544 εἶναι
3270 3489 3360 3544 καὶ
3415 3489 3677 3565 νοεῖσθαι,
3720 3483 3859 3542 τοῦθ’

2215 3568 2343 3652 ὅπερ
2389 3570 2498 3627 ἐστὶ
2528 3573 2949 3652 μεμερισμένως,
2983 3597 3011 3630 ι

2299 3651 2356 3717 Ὀ
2387 3661 2539 3743 αὐτὸς
2571 3661 2625 3718 ἐν
2656 3651 2745 3725 οἶς
2782 3676 3018 3720 ποιεῖται
3077 3662 3457 3741 συλλογισμοῖς
3499 3666 3570 3730 εἰς
3597 3667 3659 3721 τὸ
3700 3665 3861 3743 ῥητὸν

2215 3750 2298 3828 τὸ,
2365 3769 2391 3805 α
2472 3739 2530 3807 Ὀ
2591 3750 2760 3828 Λόγος
2831 3750 2895 3817 ἦν
2926 3753 3055 3831 πρὸς
3084 3754 3176 3809 τὸν
3205 3739 3356 3827 Θεὸν,
3395 3778 3422 3814 ›
3469 3754 3626 3833 φησίν
3662 3769 3675 3783 ⁶
3701 3739 3740 3815 ἀ
3774 3756 3860 3816 Εἷς

2954 3843 3071 3897 Υἱὸν
3125 3843 3397 3919 Μονογενῆ
3451 3845 3538 3899 καὶ
3580 3844 3654 3906 εἰς
3710 3843 3863 3921 ἅγιον

2216 3932 2428 4002 Πνεῦμα
2496 3929 2854 4003 πιστεύοντες,
2942 3928 3303 4005 δικαιούμεθα.
3392 3932 3487 3990 Διὰ
3573 3954 3653 3988 τοι
3706 3934 3860 3991 τοῦτο

2214 4017 2302 4071 καὶ
2359 4018 2511 4080 αὐτὸς
2556 4018 2585 4072 6
2641 4019 2831 4097 Σωτὴρ
2874 4031 2989 4082 τοῖς
3035 4020 3243 4084 οἰκείοις
3294 4024 3562 4095 μαθηταῖς
3593 4020 3857 4077 ἐπιτάττει

2215 4102 2384 4181 λέγων
2421 4123 2435 4139 ·
2497 4107 2837 4184 Πορευθέντες
2910 4109 3273 4184 μαθητεύσατε
3348 4111 3520 4167 πάντα
3604 4110 3669 4167 τὰ
3736 4111 3858 4176 ἔθνη

2215 4194 2550 4267 βαπτίζοντες
2624 4195 2810 4260 αὐτοὺς
2867 4198 2938 4262 εἷς
2994 4197 3055 4252 τὸ
3121 4196 3287 4272 ὄνομα
3341 4198 3431 4255 τοῦ
3499 4199 3728 4277 Πατρὸς,
3771 4199 3859 4253 καὶ

2214 4287 2307 4338 τοῦ
2360 4284 2501 4354 Υἱοῦ,
2552 4283 2639 4339 καὶ
2681 4287 2773 4341 τοῦ
2801 4285 2948 4363 ἁγίου
2988 4285 3318 4360 Πνεύματος.
3353 4314 3375 4344 ι
3412 4284 3582 4365 Εἴπερ
3609 4286 3696 4343 οὖν
3724 4284 3861 4349 ὂλως

495 4369 844 4445 diversitas,
919 4371 1023 4432 sed
1089 4374 1324 4434 Patrem
1396 4374 1499 4453 qui
1583 4372 1899 4434 nominans
1974 4381 2134 4436 notat

2217 4368 2332 4428 οὒδὲ
2398 4372 2532 4446 ἡμῖν
2601 4375 2811 4430 εἰσοίσει
2851 4356 3012 4453 ⁷πρὸς
3070 4356 3253 4441 ὄνησιν
3306 4376 3340 4443 ἡ
3412 4380 3516 4431 τῶν
3554 4356 3859 4451 ’ὀνομάτων

492 4457 731 4531 Filium,
797 4468 856 4521 et
900 4460 1113 4523 Filium
1158 4461 1321 4523 illius
1371 4462 1699 4544 appellans,
1756 4461 1945 4523 Patris
1973 4481 2136 4524 men-

493 4547 713 4609 tionem
771 4548 1041 4625 inducit,
1104 4569 1234 4630 quw
1307 4560 1435 4614 erat
1491 4549 1816 4613 necessitas
1893 4570 2014 4611 non
2078 4553 2136 4613 in

492 4636 777 4700 unitatem
833 4639 941 4699 sed
989 4639 1053 4700 in
1082 4638 1429 4702 Trinitatem
1488 4641 1686 4721 potius
1746 4639 2029 4720 baptizari
2071 4641 2136 4701 ﬁ-

495 4723 663 4787 deles
718 4725 951 4789 voluit?
1006 4730 1150 4791 Cum
1209 4747 1346 4791 vero
1420 4729 1482 4790 in
1540 4729 1864 4791 ternarium
1919 4747 2136 4790 nume-

494 4830 725 4875 merum
777 4815 852 4876 de
908 4815 1107 4877 divina
1163 4827 1372 4879 natura
1417 4818 1566 4879 ratio
1625 4817 1905 4892 excurrit,
1937 4818 2141 4881 mani-

492 4901 706 4964 festum
766 4904 1044 4968 omnibus
1089 4915 1204 4983 est,
1256 4908 1318 4968 in
1367 4909 1665 4988 hypostasi
1723 4907 1961 4988 quidem
1997 4927 2136 4987 pro-

496 4992 624 5070 pria
651 5004 1127 5057 enumeratorum
1159 4996 1393 5075 singula
1422 5000 1642 5071 inesse,
1683 5004 1743 5059 et
1782 5014 1917 5057 vero
1977 4997 2141 5059 nulla

494 5079 554 5140 in
584 5099 650 5142 re
711 5091 935 5145 natura;
992 5083 1394 5146 diversitatem
1449 5085 1784 5160 admittere,
1843 5085 1904 5145 in
1959 5104 2135 5147 unam

497 5168 774 5231 deitatem
832 5172 1236 5249 ascendimus,
1270 5183 1328 5236 et
1358 5174 1565 5236 eadem
1607 5174 1951 5237 adoratione
1995 5193 2140 5255 pro-

499 5258 788 5337 sequitur.
830 5285 852 5319 υ

583 5345 839 5419 Quaerito
869 5350 928 5412 in
965 5352 1135 5414 tertio
1165 5351 1452 5415 adversus
1471 5352 1825 5417 Eunomium
1851 5351 2004 5417 libro
2032 5371 2140 5415 ex-

2218 4456 2459 4538 διαφορὰ,
2517 4461 2727 4540 Πατέρα
2786 4461 2841 4518 δὲ
2892 4485 2973 4527 τις
3032 4464 3215 4539 εἰπὼν,
3275 4464 3520 4539 σημαίνει
3564 4466 3655 4522 τὸν
3715 4466 3859 4538 Υίὺν,

2217 4549 2305 4603 καὶ
2370 4549 2489 4604 ιὶὸν
2545 4550 2808 4626 ὀνομάσας
2862 4552 3037 4631 αὑτοῦ,
3099 4554 3417 4628 μνημονεύει
3469 4560 3559 4610 τοῦ
3614 4553 3816 4632 Πατρός
3844 4571 3857 4585 °

2217 4637 2294 4700 τὶς
2364 4636 2430 4703 ἧν
2501 4638 2536 4705 ἡ
2579 4639 2733 4718 χρεία
2775 4641 2853 4716 μὴ
2895 4642 3025 4719 πρὸς
3083 4639 3237 4698 ἐνάδα
3294 4641 3520 4717 μᾶλλον,
3593 4640 3713 4698 ἀλλ’
3787 4643 3861 4706 εἷς

2221 4723 2412 4802 Τριάδα
2494 4726 2734 4786 καλεύειν
2832 4730 3167 4806 βαπτίζεσθαι
3263 4733 3384 4796 τοὺς
3469 4733 3862 4807 πιστεύονταςς

2221 4812 2437 4883 Ἐπειδὴ
2495 4814 2551 4871 δὲ
2608 4819 2679 4884 εἷς
2738 4821 2831 4875 τὸν
2886 4833 3031 4897 τρεῖς
3089 4820 3306 4899 ἀριθμὸν
3358 4823 3386 4877 ὁ
3428 4823 3669 4902 περὶτῆς
3723 4821 3861 4884 θείας

2222 4904 2425 4981 φύσεως
2521 4904 2761 4986 ἐκτρέχει
2839 4908 3022 4988 λόγος,
3092 4908 3357 4989 πρόδηλον
3430 4909 3604 4981 δήπου
3696 4917 3860 4972 πᾶσιν

2223 4992 2385 5069 ἐστιν,
2444 4995 2501 5049 ἒν
2567 4997 2857 5055 ὑποστάσαι
2945 4999 3041 5074 μὲν
3116 4996 3217 5071 ἰδίᾳ
3295 5004 3401 5055 τῶν
3469 5001 3862 5079 ἀριθμουμένων

2222 5081 2441 5139 ἕκαστον
2505 5084 2670 5165 εἶναι,
2732 5093 2809 5161 τῷ
2871 5085 2926 5143 δὲ
3010 5086 3310 5164 μηδαμόθεν
3371 5087 3696 5170 ἐξηλλάχθαι
3765 5092 3865 5159 τὴν

2223 5173 2397 5252 φύσιν,
2442 5174 2515 5238 εἷς
2573 5176 2695 5250 μίαν
2751 5173 3044 5235 ἀναϐαίνειν
3091 5179 3317 5245 θεότητα
3373 5180 3460 5236 καὶ
3504 5179 3867 5259 προσκύνησιν

2224 5260 2371 5340 ἔχειν
2413 5263 2511 5330 τὴν
2539 5264 2725 5331 αὐτὴν.
2765 5285 2789 5323 1

2305 5352 2459 5423 Ζήτει
2516 5356 2572 5408 ἒν
2628 5359 2706 5427 τῷ
2745 5344 2801 5432 γ’
2850 5362 2954 5414 τῶν
3012 5357 3129 5414 κατ’
3193 5358 3443 5434 Εὐνομίου
3500 5355 3749 5436 ἐξήγησιν
3774 5366 3870 5415 τοῦ

576 5514 885 5609 εζξΙεξριιεε.
917 5533 996 5590 1v,
1029 5518 1096 5609 β,
1120 5521 1179 5571 οἱ
1206 5521 1414 5586 Matth.
1436 5537 1517 5603 χι,
1552 5523 1651 5583 27.
1673 5521 1759 5582 93.
1789 5524 1960 5586 Joan.
1990 5540 2089 5599 xv,
2132 5543 2134 5586 τ

2216 5545 2228 5605 ;
2259 5535 2381 5599 xvr,
2416 5520 2515 5586 14.
2546 5520 2611 5572 94
2636 5523 2806 5588 Joan.
2838 5541 2961 5605 xxv,
2999 5531 3055 5590 ι.
3085 5524 3348 5591 931mm.
3382 5542 3424 5609 ι,
3457 5523 3516 5589 3.
3548 5523 3781 5590 Wlbid.
3803 5527 3864 5588 1.

499 5594 563 5649 97
592 5594 754 5661 Matt.
788 5612 992 5676 xxvm,
1032 5599 1122 5664 19.
