4210 6292
454 302 571 366 723

1527 308 1740 372 JOAN.
1789 309 2010 372 VECGI
2056 308 2171 370 ΟΡ.
2224 310 2742 376 PATRIARCHIE

3717 309 3831 372 7‘24

453 434 670 518 niaque
700 437 860 513 facit,
896 457 1027 520 qua;
1051 439 1240 502 menti
1281 438 1578 520 videntur,
1609 438 1900 519 inungere
1945 458 2095 522 quo-

2182 447 2260 516 τῷ
2313 440 2422 516 ὅλῳ
2476 444 2684 521 σώματι
2739 445 2911 507 πάντα
2965 447 3195 525 ἓνεργῶν
3237 445 3438 525 ὅσαπερ
3490 443 3553 500 ἂν
3595 443 3718 522 δόξῃ
3761 450 3832 521 τῇ

453 542 569 605 que
594 526 770 603 solet,
791 526 894 607 qui
928 527 1178 607 digitum
1212 528 1287 590 ad
1320 527 1382 589 id
1418 535 1684 608 usurpat,
1722 528 1809 589 sic
1837 526 2099 590 Verbum

449 613 695 693 quidem
748 614 857 678 Dei
915 634 983 676 ex
1035 615 1166 696 ipso
1196 622 1255 676 et
1285 617 1343 677 in
1374 617 1499 695 ipso
1530 617 1701 677 Patre
1752 616 2101 678 naturaliter

452 710 809 782 coaptatum,
842 710 906 764 nt
934 704 1017 766 ita
1044 703 1264 778 dicam,
1289 713 1351 765 et
1392 703 1659 764 innatum
1683 703 2095 783 imaginamur.

450 791 517 853 In
547 789 698 852 Filio
731 810 871 852 vero
926 791 1274 852 naturaliter
1303 799 1359 852 et
1394 791 1789 854 essentialiter
1818 791 2100 873 Spiritum

446 886 715 940 sanctum
748 897 818 939 ex
840 878 1014 940 Patre
1077 879 1390 960 provenire
1430 879 1755 962 credimus,
1789 900 1893 961 per
1921 900 2097 963 quem

452 966 648 1028 omnis
679 967 973 1047 inungens
1017 968 1365 1031 sanctiﬁcat.
1400 970 1531 1031 Non
1589 977 1678 1030 est
1718 969 1901 1048 igitur
1937 970 2096 1032 aliud

451 1074 487 1117 a
514 1055 750 1118 deitatis
774 1057 1035 1119 essentia
1060 1057 1342 1137 Spiritus,
1362 1075 1553 1137 neque
1581 1066 1744 1120 extra
1769 1076 1898 1120 eam
1930 1077 2096 1140 pere—

447 1143 718 1220 grinatur
759 1165 773 1203 :
808 1143 914 1206 sed
947 1163 1018 1205 ex
1048 1145 1177 1225 ipsa
1199 1152 1258 1206 et
1286 1144 1348 1205 in
1380 1144 1509 1225 ipsa
1542 1146 1913 1226 naturaliter,
1945 1147 2100 1209 sicut

450 1239 509 1293 et
536 1231 758 1311 digitus
789 1233 1055 1313 corporis
1090 1232 1151 1293 in
1202 1250 1377 1295 manu
1420 1233 1687 1312 ejusdem
1737 1243 1964 1296 natura;
1993 1255 2097 1297 ex-

450 1321 686 1395 sistens,
722 1328 783 1382 et
812 1339 1020 1383 manus
1048 1340 1258 1384 rursus
1287 1321 1349 1383 in
1379 1340 1653 1403 corpore,
1686 1342 1805 1384 non
1861 1324 2102 1386 alterius

450 1416 677 1470 naturae
732 1410 784 1471 si
833 1409 908 1471 ad
960 1410 1150 1491 ipsam
1207 1428 1537 1492 comparas.
1571 1409 1708 1473 Haec
1753 1430 1890 1473 cum
1934 1412 2014 1473 ita
2039 1430 2103 1473 se

451 1495 732 1559 habeant.
770 1500 930 1561 Deus
977 1517 1149 1561 verus
1179 1507 1364 1580 certe,
1396 1507 1454 1561 et
1490 1518 1608 1560 non
1663 1509 1924 1562 creatum
1957 1499 2095 1581 Spi-

447 1584 600 1646 ritus
628 1593 868 1648 sanctus
902 1594 1012 1654 est.
1071 1586 1226 1649 Dicit
1274 1586 1528 1669 quodam
1569 1588 1631 1648 in
1687 1588 1820 1650 loco
1856 1588 2100 1650 canticis

447 1672 633 1735 David
664 1675 1009 1756 concinens,
1039 1676 1219 1738 verbo
1250 1677 1321 1738 ad
1357 1676 1544 1738 Deum
1580 1676 1842 1756 dirigens
1877 1698 1891 1738 :
1922 1705 1943 1734 ι
1972 1677 2097 1749 Quo

446 1758 544 1821 ibo
570 1777 605 1819 a
630 1761 841 1841 spiritu
902 1771 1023 1838 tuo,
1054 1772 1112 1824 et
1139 1782 1173 1824 a
1205 1763 1357 1825 facie
1418 1772 1519 1825 tua
1574 1784 1690 1845 quo
1738 1764 1955 1844 fugiam
1977 1765 2008 1824 ‘I
2039 1763 2101 1828 Si

448 1847 775 1910 ascendero
823 1849 885 1910 in
942 1850 1183 1926 coelum,
1217 1860 1277 1912 tu
1308 1851 1390 1913 ibi
1421 1870 1505 1923 es,
1539 1851 1589 1914 si
1618 1852 1987 1915 descendere
2026 1855 2098 1916 ad

448 1934 775 2012 infernum,
819 1937 988 2001 ades.
1011 1940 1071 2000 Si
1101 1939 1424 2021 suscipiam
1455 1940 1578 2001 alas
1609 1959 1770 2004 meas
1808 1942 1867 2003 in
1900 1962 2094 2017 mane,

450 2030 511 2085 et
542 2023 821 2086 habitabo
873 2026 934 2087 in
989 2028 1276 2090 extremis
1306 2028 1487 2090 maris
1522 2031 1742 2091 etenim
1767 2029 1849 2092 ibi
1892 2050 2099 2094 manus

448 2118 553 2174 tua
581 2112 839 2177 deducet
888 2134 1008 2197 me,
1064 2125 1123 2180 et
1175 2116 1465 2180 detinebit
1492 2136 1588 2180 me
1616 2119 1860 2180 dextera
1907 2129 2027 2182 tua.
2063 2146 2089 2177 ι

448 2199 592 2262 Cum
636 2200 833 2283 itaque
861 2201 1143 2281 Spiritum
1177 2204 1388 2266 faciem
1442 2204 1634 2268 Patris
1661 2207 2093 2290 appellat,quas

451 2290 772 2352 ostendens
804 2311 913 2372 per
941 2293 1130 2374 ipsam
1189 2293 1295 2356 Dei
1342 2293 1641 2356 actionem
1673 2298 1988 2359 essentiam
2021 2317 2090 2360 ex

449 2395 564 2458 qua
609 2386 721 2456 est,
756 2388 879 2442 tum
910 2400 1147 2443 manum
1180 2389 1429 2463 propter
1481 2384 1754 2446 virtutem
1805 2387 2086 2468 omnipo—

449 2474 705 2544 tentem,
753 2487 885 2549 quae
912 2470 1028 2551 ipsi
1047 2473 1223 2547 inest,
1256 2473 1553 2551 quomodo
1609 2493 1725 2536 non
1778 2475 1892 2538 erit
1940 2476 2096 2541 Deus

449 2556 778 2618 secundum
827 2559 1172 2640 essentiam,
1205 2560 1306 2641 qui
1338 2579 1407 2622 ex
1437 2561 1566 2641 ipso
1598 2569 1657 2624 et
1710 2562 1768 2625 in
1828 2565 1955 2646 ipso
1980 2575 2087 2643 est,

450 2660 571 2704 non
628 2654 936 2726 separatus
993 2647 1066 2709 ab
1120 2665 1216 2723 eo,
1269 2651 1770 2730 quemadmodum
1797 2660 1855 2714 et
1885 2673 2092 2717 manus

447 2750 566 2821 non
594 2740 684 2795 est
710 2742 800 2796 est
827 2745 1096 2818 separata
1123 2736 1198 2798 ab
1224 2737 1481 2800 humano
1508 2757 1781 2821 corpore,
1810 2746 1916 2808 sed
1974 2745 2088 2806 col-

446 2819 668 2969 :iigatnr
694 2823 889 2952 pqotiuS
916 2825 977 2887 in
1004 2826 1229 2907 ipso,et
1258 2826 1439 2889 veluti
1469 2819 1813 2891 naturaliter
1834 2831 2093 2895 radicata

489 2917 716 2969 rmatur
742 2958 756 2969 .

489 2917 716 2971 rmatur
735 2917 756 2971 Ἴ

521 3168 554 3216 5
585 3165 740 3230 Psal.
772 3186 1050 3248 cxxxvm,
1088 3171 1119 3232 7
1151 3191 1281 3253 sqq.

2183 525 2403 604 διανοίᾳ,
2490 533 2768 612 καταχρίει
2848 531 2903 589 δὲ
2973 535 3211 604 συνήθως
3268 534 3347 608 τῷ
3402 532 3642 605 δακτύλῳ
3697 535 3829 610 πρὸς

2181 623 2335 674 τοῦτο
2386 620 2720 698 κεχρημένος
2752 637 2765 650 '
2815 620 2954 679 οὕτω
2992 624 3082 678 τὸν
3138 621 3234 696 μὲν
3277 629 3369 678 τοῦ
3413 629 3546 680 Θεοῦ
3579 622 3746 700 Λόγον
3776 620 3831 687 ἐξ

2182 706 2340 764 αὗτοῦ
2380 710 2467 765 καὶ
2526 707 2580 763 ἒν
2639 711 2780 784 αῦιῷ
2837 712 3069 790 φυσικῶς
3125 710 3484 788 ἡρμοσμένον,
3516 709 3592 765 ἵν’
3664 710 3827 773 οὕτως

2183 792 2347 867 εἴπω,
2405 798 2494 853 καὶ
2555 797 2892 879 ἐμπεφυκότα
2961 799 3300 877 λογιζόμεθα,
3373 799 3427 855 ἐν
3484 796 3539 854 δὲ
3589 805 3664 872 τῷ
3724 800 3829 873 ι’ἱῴ

2183 889 2412 960 φυσικῶς
2482 905 2540 941 τε
2597 888 2686 942 καὶ
2759 885 3023 951 οὗσιωδῶς
3075 885 3256 954 διῆκον
3300 888 3442 967 παρὰ
3493 888 3695 965 Πατρὸς
3769 886 3828 942 τό

2182 971 2415 1048 Πνεῦμα,
2474 971 2541 1028 δι’
2600 974 2660 1031 οὗ
2744 975 2916 1032 πάντα
2984 977 3150 1057 χρίων
3206 977 3436 1055 ἁγιάζει.
3482 976 3679 1034 Οὖκοῦν
3735 976 3831 1032 οὒκ

2180 1058 2479 1140 ἀλλότριον,
2564 1062 2680 1120 οὔδε
2751 1063 3145 1140 ὰπεξενωμένον
3207 1066 3271 1121 τὸ
3329 1071 3540 1140 Πνεῦμα
3581 1066 3643 1120 τὸ
3677 1064 3827 1141 ἅγιον

2180 1149 2276 1216 τῆς
2333 1153 2472 1218 θείας
2528 1154 2727 1233 φύσεως
2806 1156 3063 1234 φαίνεται,
3143 1152 3261 1210 ἀλλ’
3307 1153 3358 1219 ἐξ
3402 1159 3563 1221 αὐτῆς
3618 1155 3704 1209 καὶ
3772 1152 3825 1208 ἐν

2184 1243 2317 1309 αὗτῆ
2371 1248 2628 1319 φυσικῶς,
2690 1243 2867 1321 ὥσπερ
2927 1246 3016 1299 οῧν
3067 1245 3157 1300 καὶ
3212 1246 3240 1299 ὁ
3290 1250 3382 1299 τοῦ
3440 1244 3686 1318 σώματος
3728 1240 3825 1297 δά-

2182 1327 2370 1394 κτυλος
2415 1328 2467 1384 ἐν
2524 1336 2591 1406 τῇ
2646 1333 2789 1410 χειρὶ
2844 1333 3081 1412 ὁμοςρυὴς
3138 1332 3211 1388 ὢν
3255 1335 3408 1407 αὖτῇ,
3441 1332 3528 1387 καὶ
3555 1333 3588 1398 ἡ
3614 1331 3734 1409 χεὶρ
3765 1331 3830 1386 αὖ

2186 1416 2345 1474 πάλιν
2406 1416 2459 1474 ἐν
2518 1425 2593 1492 τῷ
2636 1420 2843 1494 σώματι
2889 1421 2992 1499 οὐχ
3043 1419 3366 1498 ἐτεροούσιος
3410 1422 3484 1482 ὡς
3541 1420 3671 1496 πρὸς
3702 1417 3826 1473 ain-‘0

2179 1505 2535 1584 τυγχάνουσα.
2569 1507 2776 1564 Τούτων
2819 1506 2873 1563 δὲ
2916 1510 3050 1582 ἡμῖν
3095 1507 3333 1587 ἐχόντων
3374 1505 3521 1586 τῇδε,
3569 1507 3697 1568 Θεός
3728 1504 3825 1582 ἄρα

2180 1596 2240 1650 τὸ
2270 1594 2483 1670 Πνεῦμα
2515 1595 2622 1651 ἐστι
2651 1598 2738 1652 καὶ
2792 1598 2895 1676 οὔχ
2953 1596 3164 1675 ἑτέρως.
3213 1596 3363 1674 Λέγει
3393 1618 3492 1652 που
3523 1592 3741 1671 ψάλλων
3796 1597 3825 1649 ὁ

2184 1683 2441 1761 μακάριος
2516 1682 2703 1763 Δαυίδ,
2763 1687 2850 1742 καὶ
2912 1688 3029 1751 τοὺς
3087 1684 3276 1761 λόγους
3340 1682 3621 1739 ἀνατείνων
3694 1684 3825 1760 πρὸς

2181 1773 2271 1828 τὸν
2324 1773 2452 1829 Θεόν
2486 1790 2500 1805 ·
2561 1795 2581 1824 ι
2631 1781 2735 1830 Ποῦ
2791 1778 3025 1853 πορευθῶ
3082 1774 3187 1831 (1πὸ
3245 1783 3334 1832 τοῦ
3377 1773 3676 1846 [Ινεύματος
3704 1793 3822 1852 σου,

2182 1862 2267 1916 καὶ
2326 1861 2430 1918 ἀπὸ
2487 1865 2579 1919 τοῦ
2635 1864 2918 1941 προσώπου
2974 1886 3065 1920 σου
3095 1870 3195 1920 ποῦ
3256 1862 3444 1942 φύγως
3495 1859 3618 1919 Ἐὰν
3649 1859 3826 1916 ἂναϐὦ

2182 1950 2254 2013 εἰς
2299 1951 2390 2005 τὸν
2448 1950 2686 2029 οὖρανὸν,
2751 1953 2813 2008 σὺ
2872 1953 2987 2009 ἐκεῖ
3035 1953 3090 2009 εἶ
3130 1972 3145 1989 ⁶
3192 1952 3282 2008 ἐὰν
3335 1950 3549 2008 καταϐῶ
3604 1953 3677 2012 εἰς
3731 1951 3823 2006 τὸν

2180 2035 2333 2117 ᾅδην,
2385 2039 2560 2119 πάρει.
2619 2039 2744 2098 Ἐὰν
2826 2039 3142 2116 ἆναλάϐοιμι
3211 2041 3305 2103 τὰς
3383 2038 3639 2117 πτέρυγάς
3723 2061 3825 2096 που

2183 2124 2301 2181 κατ’
2362 2125 2565 2206 ὅρθρον,
2625 2131 2713 2185 καὶ
2767 2130 3168 2197 κατασκηνώσω
3223 2131 3294 2191 εἷς
3355 2129 3420 2184 τὰ
3476 2126 3679 2206 ἔσχατα
3722 2132 3822 2194 τῆς

2177 2213 2473 2294 θαλάσσης,
2531 2218 2619 2273 καὶ
2675 2219 2774 2296 γὰρ
2822 2218 2938 2275 ἐκεῖ
2964 2220 2998 2286 ἡ
3040 2220 3159 2297 χείρ
3201 2240 3295 2275 σου
3335 2215 3583 2294 gemam
3613 2237 3700 2289 με,
3733 2218 3823 2271 καὶ

2174 2301 2375 2368 καθέξει
2420 2326 2485 2379 με
2547 2305 2582 2372 ἡ
2613 2303 2752 2370 δεξιά
2800 2328 2913 2365 σου.
2965 2328 2991 2360 ιι
3027 2299 3041 2320 ²
3065 2316 3164 2364 Οτε
3194 2308 3362 2362 τοίνυν
3403 2307 3463 2360 τὸ
3496 2310 3702 2379 Πνεῦμα
3733 2314 3821 2366 καὶ

2178 2391 2459 2468 πρόσωπον
2520 2391 2784 2451 ἀποκαλεῖ
2839 2401 2933 2451 τοῦ
2989 2401 3215 2474 Πατρός,
3261 2396 3333 2458 ὡς
3387 2392 3692 2462 ἐξεικονίζον
3735 2390 3820 2448 διὰ

2175 2483 2274 2545 τῆς
2343 2483 2661 2559 θεοπρεποῦς
2745 2482 3004 2562 ἐνεργείας
3058 2482 3157 2550 τήν
3213 2481 3264 2547 ἐξ
3306 2482 3369 2549 ἧς
3429 2480 3567 2536 ἐστιν
3613 2481 3814 2555 obs-61v,

2175 2566 2443 2625 ἀποκαλεῖ
2489 2567 2543 2625 δὲ
2598 2572 2686 2626 καὶ
2740 2576 2907 2650 χεῖρα
2961 2570 3045 2629 διὰ
3074 2572 3171 2638 τὴν
3221 2570 3618 2647 ἐνυπάρχσυσαν
3675 2571 3817 2642 αὖτῴ

2174 2659 2498 2736 παντουργὸν
2530 2657 2767 2734 δύναμιν,
2841 2667 2954 2725 πῶς
2999 2664 3091 2719 οῦκ
3134 2659 3195 2716 ἂν
3224 2659 3316 2726 εἴη
3346 2661 3497 2729 Θεὸς,
3558 2659 3645 2714 καὶ
3694 2650 3814 2713 κατ’

2174 2747 2347 2804 οὐσίαν
2405 2754 2481 2821 τῷ
2536 2751 2697 2825 Πατρὶ
2746 2749 3100 2827 συνημμένον,
3147 2749 3198 2814 ἐξ
3244 2751 3401 2806 αὐτοῦ
3429 2768 3485 2803 τε
3522 2748 3579 2802 ὃν
3621 2748 3707 2802 καὶ
3761 2746 3815 2800 ἐν

2174 2838 2338 2914 αὐτῷ,
2385 2835 2562 2916 ὥσπερ
2617 2838 2705 2893 καὶ
2760 2840 2795 2904 ἡ
2840 2841 2959 2917 χεὶρ
3012 2846 3102 2895 τοῦ
3133 2838 3447 2916 ἂνθρωπείου
3479 2836 3724 2911 σώματος
3756 2840 3816 2893 οὒ

2172 2924 2521 3003 κεχώρισται,
2586 2923 2785 2982 δέδεται
2843 2925 2897 2982 δὲ
2942 2925 3144 3002 μᾶλλον
3212 2926 3265 2982 ἐν
3322 2927 3480 2998 αὐτῷ,
3530 2925 3617 2978 καὶ
3674 2923 3812 3000 ἐῤῥί-

2172 3018 2331 3083 ζωται
2364 3021 2594 3093 φυσικῶς
2624 3035 2640 3094 ;
