4210 6292
351 294 468 360 737
1190 297 1626 361 REFUTATIO
1662 296 2010 361 ΡΗΟΤΙΑΝ

2086 294 2295 356 LIBRI
2344 297 2392 358 D
2407 298 2449 358 E
2495 298 2863 362 SPIRITUS.
3629 296 3748 361 738

352 428 642 509 Spiritum
673 437 943 492 sanctum
973 428 1150 492 verbo
1179 430 1477 512 profundi
1505 437 1564 492 et
1590 429 1930 510 procedere.
1964 422 2069 489 His
2122 424 2320 506 itaque
2355 427 2514 491 hunc
2574 428 2635 492 in
2699 428 2941 493 modum
3002 429 3348 509 praelibatis,
3410 431 3535 510 jam
3565 430 3637 497 ad
3677 449 3748 493 ea

350 517 572 599 quaain
606 517 756 581 libro
789 529 1118 601 sequuntur
1149 518 1564 602 procedamus.

839 621 1183 671 KEIMENON
1241 621 1513 678 ψΩΤιοι·,
2027 620 2066 668 Α
2617 609 2871 674 PttOTlt
2915 608 3227 675 TEXTUS.

428 693 508 778 γ’.
542 704 600 759 Εἰ
630 703 730 781 γὰρ
765 701 850 781 (1)
881 701 932 768 ἐξ
962 704 1077 765 ἑνὸς
1112 703 1292 777 αἰτίου,
1354 706 1448 762 τοῦ
1507 706 1736 785 Πατρός,
1770 706 1798 760 ὃ
1828 725 1883 759 τε
1919 701 2001 782 (2)

2173 700 2230 762 3.
2263 701 2329 761 Si
2362 702 2524 763 enim
2564 720 2636 763 ex
2659 722 2778 765 una
2821 703 3149 784 eademque
3179 723 3377 779 causa,
3413 707 3741 777 Patre,tum

355 792 475 853 Υἱὸς
530 793 618 847 καὶ
673 793 734 847 τὸ
796 798 1009 866 Πνεῦμα
1065 792 1381 870 προάγεται,
1443 796 1486 851 εἰ
1685 794 1875 850 καὶτὸ
1907 793 2005 866 μὲν

2094 788 2275 850 Filius
2300 800 2421 851 tum
2454 793 2711 871 Spiritus
2741 811 2982 855 sanczus
3005 793 3465 873 prodit,tametsi
3497 795 3592 856 hic
3618 796 3743 874 qui-

352 878 704 957 ἐκπορευτῶς,
738 882 766 936 6
794 878 851 936 δὲ
892 887 1162 957 γεννητῶς
1200 897 1213 910 ·
1262 883 1458 958 γίνεται
1513 880 1569 938 δὲ
1620 881 1780 939 πάλιν
1824 885 1853 937 ὁ
1883 883 2002 944 Υἱὸς

2091 876 2227 937 dem
2256 898 2363 959 per
2396 881 2865 961 processionem,
2900 882 3001 943 ille
3027 891 3223 943 autem
3253 901 3360 963 per
3386 884 3732 963 generatio-

350 974 445 1023 τοῦ
500 969 802 1043 Πνεῦματος
863 972 1180 1048 προαγωγὸς
1238 969 1356 1050 (4),
1429 974 1506 1033 ὡς
1590 974 1618 1027 6
1688 969 2001 1049 βλασφημία

2088 984 2227 1026 nem
2260 987 2275 1036 ;
2307 987 2515 1029 rursus
2545 979 2741 1031 autem
2773 969 2979 1030 Fillius
3012 971 3292 1050 Spiritum
3346 970 3641 1051 producit,
3675 980 3737 1032 ut

350 1056 473 1136 βοᾷ,
501 1062 615 1121 πῶς
659 1057 722 1112 ἂν
777 1060 805 1114 δ
862 1063 958 1125 τῆς
1015 1058 1319 1125 ἀκολουθίας
1365 1061 1658 1140 ἀνάσχοιτο
1715 1058 1876 1137 λόγος
1920 1059 1997 1133 μὴ

2084 1050 2455 1134 blasphemia
2489 1058 2728 1129 clamat,
2768 1058 3061 1138 quomt-do
3097 1079 3214 1121 non
3259 1050 3412 1121 ratio
3445 1078 3739 1122 consecu-

354 1147 475 1225 οὐχὶ
503 1147 589 1202 καὶ
618 1145 679 1202 τὸ
709 1152 919 1221 Πνεῦμα
971 1154 1064 1204 τοῦ
1122 1151 1242 1206 Υἱοῦ
1295 1151 1620 1228 παρακτικὸν
1680 1162 1824 1205 εἶναι
1881 1170 2012 1222 συμ-

2096 1141 2274 1202 tionis
2306 1163 2413 1204 nos
2445 1155 2615 1221 cogat
2656 1163 2955 1219 asserere,
2988 1147 3273 1226 Spiritum
3323 1166 3558 1228 quoque
3610 1165 3741 1210 esse

353 1233 719 1312 μυθολογεῒν;
765 1235 1033 1310 ὃμοτίμως
1081 1237 1181 1315 γὰρ
1235 1227 1438 1316 ἀμφοῖν
1496 1244 1586 1295 τοῦ
1643 1238 1808 1293 αἰτίου
1849 1258 2008 1313 προε-

2090 1230 2224 1292 Filii
2258 1227 2666 1312 productivum
2696 1227 3352 1315 (productoreni,?Cum
3384 1227 3543 1296 enim
3573 1254 3741 1316 aeque

352 1321 679 1402 ληλυθότων,
751 1325 795 1379 εἰ
852 1325 1065 1402 θάτερον
1123 1332 1199 1400 τῷ
1254 1326 1415 1405 ἑτέρῳ
1481 1327 1579 1394 τὴν
1662 1334 1755 1382 τοῦ
1839 1325 2004 1382 αἰτίου

2089 1327 2340 1401 uterque
2362 1340 2395 1382 a
2424 1340 2599 1383 causa
2625 1324 2724 1384 illa
2752 1324 3059 1402 prodierit,
3105 1324 3156 1384 si
3194 1326 3452 1386 alterum
3485 1343 3626 1401 erga
3651 1324 3740 1384 al-

355 1411 538 1491 χρείαν
581 1411 908 1491 ἀναπληροῖ,
958 1413 1072 1472 οὗόὲ
1115 1414 1315 1494 θατέρῳ
1364 1418 1426 1472 τὸ
1481 1414 1680 1495 ἕτερον,
1741 1414 1820 1489 μὴ
1874 1414 1999 1492 οὒχὶ

2084 1425 2273 1478 rerum
2308 1429 2552 1471 munere
2583 1429 2774 1473 causae
2803 1412 3261 1491 fungitur,certe
3307 1412 3650 1473 omnimodo
3682 1418 3740 1473 et

350 1502 447 1568 τὴν
517 1500 645 1568 ἴσην
715 1500 1064 1577 ἀμειϐόμενον
1123 1508 1281 1583 χάριν
1353 1504 1527 1562 αἴτιον
1599 1504 1839 1583 γενέσθαι
1897 1507 1994 1570 τῆς

2081 1497 2370 1558 invariata
2398 1500 2626 1560 ordinis
2663 1501 3032 1561 conservatio
3063 1500 3403 1580 (perfectio)
3436 1499 3635 1576 exigit,
3680 1508 3743 1561 ut

350 1589 758 1669 ἀπαραλλάκτου
783 1590 978 1657 τάξεως
1001 1595 1035 1660 ἡ
1068 1596 1389 1673 σαν-τήρησις
1420 1593 1505 1674 (5)
1536 1595 1757 1652 ἀπαιτεῖ
1789 1616 1802 1669 ;

2078 1592 2136 1674 et
2166 1586 2425 1647 alterum
2459 1588 2721 1649 vicissim
2759 1605 2867 1669 par
2896 1587 3023 1668 pari
3050 1590 3320 1652 referens
3378 1606 3558 1650 causa
3586 1588 3740 1650 alte-

1591 1756 1594 1759 _
2074 1672 2200 1738 rius
2230 1675 2468 1737 exsistat
2491 1679 2601 1757 (1).

968 1784 1385 1838 ΑΝΤΙΡΡΗΣΙΣ.
2096 1796 2099 1797 ⁷

2096 1796 2099 1797 ν
2653 1770 3161 1836 BEFUTATIO.

436 1857 522 1927 [ζ’.
573 1856 718 1924 Ἐπεὶ
760 1864 805 1922 δ’
837 1866 888 1933 ἐξ
922 1869 1037 1933 ἑνὸς
1066 1872 1254 1950 αἰτίου,
1287 1878 1379 1927 τοῦ
1422 1871 1646 1949 Πατρὸς,
1679 1867 2007 1948 προάγεσθαι
2031 1881 2070 1930 Β

2171 1864 2245 1929 ΙΙ.
2298 1870 2446 1931 Dum
2494 1868 2646 1929 dicis
2705 1887 2775 1929 ex
2832 1887 2947 1929 una
3011 1886 3216 1944 cuusa,
3249 1866 3421 1929 Patre
3485 1867 3735 1945 scilicet,

355 1953 530 2034 λέγεις
580 1957 670 2011 τὸν
729 1959 848 2012 Υἱὸν
904 1959 993 2013 καὶ
1043 1959 1104 2014 τὸ
1157 1965 1392 2039 Πνεῦμα,
1453 1959 1505 2014 ἐν
1548 1959 1708 2038 τάχει
1761 1955 2008 2036 διάφορον

2091 1956 2333 2033 prodire
2364 1965 2482 2017 tum
2514 1957 2754 2028 Filium,
2789 1965 2910 2017 tum
2938 1955 3524 2037 Spiritum,protinus
3551 1957 3739 2018 diver-

355 2045 511 2100 αὒτὸν
539 2044 875 2122 ὁμολογήσας
922 2045 1095 2103 αἴτιον
1151 2049 1312 2105 εἰπών
1344 2071 1356 2082 ·
1394 2051 1437 2105 εἰ
1494 2050 1583 2105 καὶ
1636 2049 1699 2103 τὸ
1756 2046 1851 2120 μὲν
1924 2047 2010 2101 ὲκ-

2089 2061 2213 2106 sam
2227 2062 2463 2106 causam
2486 2047 2677 2127 ipsum
2694 2047 3000 2109 confessus
3021 2045 3368 2107 verbisilliSf
3394 2049 3630 2107 tametsi
3638 2046 3735 2108 hic

356 2139 645 2212 πορευτῶς,
695 2136 722 2190 6
775 2132 828 2190 δὲ
897 2143 1185 2214 γεννητῶς,
1282 2139 1434 2200 αὐτὸς
1496 2136 1584 2212 ἀφ’
1656 2137 1842 2195 ἑαυτοῦ
1901 2134 2007 2189 πᾶν

2089 2134 2331 2211 quidem
2356 2137 2930 2215 perm-occasionem,
2960 2134 3067 2196 ille
3099 2151 3237 2195 vero
3271 2151 3383 2214 per
3396 2135 3732 2214 generatio-

356 2219 552 2281 ἄτοπον
595 2222 852 2304 ἀναιρεῖς,
908 2223 1036 2302 ὅπερ
1093 2224 1400 2284 ἀκολουθεῖν
1443 2226 1643 2303 λέγετς,
1700 2224 1788 2279 ἐὰν
1825 2224 1853 2278 ὁ
1884 2223 2004 2283 Υἱὸς

2086 2239 2250 2301 nem,
2287 2223 2414 2302 ipse
2447 2242 2478 2282 a
2508 2232 2565 2285 te
2596 2223 2725 2302 ipso
2755 2241 2933 2284 omne
2968 2221 3292 2284 absurdum
3325 2225 3544 2293 aufers,
3573 2223 3730 2302 quod

356 2313 454 2374 τῆς
513 2316 606 2365 τοῦ
658 2313 964 2388 Πνεῦματος
1038 2311 1306 2393 προϐολῆς
1363 2323 1441 2386 τῷ
1504 2315 1667 2392 Πατρὶ
1719 2315 1950 2386 κοινωνῇ
1984 2324 1998 2340 ⁸

2086 2310 2371 2391 consequi
2395 2311 2559 2385 ais,si
2589 2311 2737 2373 Filio
2761 2311 3074 2391 productio
3098 2310 3354 2391 Spiritus
3380 2310 3568 2371 sancti
3596 2329 3729 2372 cum

356 2396 452 2453 κᾶν
489 2399 588 2477 γὰρ
618 2400 771 2478 μυρία
790 2403 965 2479 adp“;
1011 2410 1186 2473 ζητῶν
1242 2407 1331 2462 τὸν
1395 2404 1638 2483 διάφορον
1694 2402 1792 2468 τῆς
1837 2401 2001 2463 αἰτίας

2085 2400 2255 2459 Patre
2285 2407 2574 2460 statuatur
2602 2400 2958 2461 communis.
2992 2401 3063 2460 Et
3096 2399 3473 2479 quantumvis
3503 2398 3734 2459 labores

356 2486 548 2563 τρόπον
579 2492 792 2564 μαθεῖν,
826 2489 970 2548 οὐδὲν
999 2490 1129 2549 ἄλλο
1161 2493 1334 2572 εὖρεῖν
1394 2491 1597 2558 ἐξέσται
1658 2512 1739 2547 σοι
1782 2488 1837 2543 ἐν
1881 2500 2003 2549 ταῖς

2088 2494 2262 2565 teque
2316 2488 2523 2565 fatiges
2571 2489 2894 2568 quaerendo
2926 2488 3226 2550 diversum
3259 2506 3451 2549 causae
3492 2487 3731 2548 modum

353 2575 515 2639 θείαις
576 2583 810 2657 Γραφαῖς
869 2581 966 2646 τῆς
1028 2579 1274 2661 διαφορᾶς
1330 2583 1525 2648 ταύτης
1601 2578 1915 2648 δηλωτικὸν,
1969 2573 2007 2641 ἢ

2089 2577 2651 2657 cognoscere,'nihil
2685 2576 2842 2637 aliud
2878 2577 2935 2637 in
2969 2577 3156 2637 sacris
3182 2575 3420 2657 scriptis
3466 2576 3732 2655 reperire

352 2662 435 2719 ὅτι
485 2670 577 2719 τοῦ
628 2665 722 2739 μὲν
776 2670 897 2724 Υἱοῦ
950 2671 1087 2725 κατὰ
1143 2673 1203 2726 τὸ
1249 2675 1538 2750 προσεχῶς
1578 2668 1720 2724 ἐστιν
1779 2666 1950 2728 αἴτιος
1983 2664 2012 2719 ὀ

2094 2664 2318 2742 poteris
2338 2668 2493 2743 quod
2526 2684 2654 2727 eam
2687 2665 3082 2726 differentiam
3117 2665 3445 2744 patefaciet,
3479 2664 3597 2725 nisi
3620 2665 3731 2725 hoc

355 2754 560 2833 Πατὴρ,
589 2766 681 2813 τοῦ
733 2754 787 2811 δὲ
845 2758 1150 2833 Πνεῦματος
1210 2758 1294 2815 διὰ
1349 2769 1441 2815 τοῦ
1488 2762 1608 2816 Υἱοῦ
1647 2775 1659 2789 '
1713 2756 1801 2811 καὶ
1843 2755 1870 2809 ὁ
1915 2752 2014 2820 τῆς

2096 2752 2251 2830 qood
2290 2753 2419 2814 Filii
2470 2754 2713 2833 quidem
2742 2753 3097 2833 principium
3130 2756 3395 2833 proxime
3427 2762 3484 2814 et
3514 2752 3734 2814 imme-

353 2843 517 2905 αἰτίας
574 2846 723 2908 οὗτος
774 2843 1015 2926 διάφορος
1094 2848 1287 2925 τρόπος
1343 2850 1434 2905 τὸν
1491 2857 1591 2921 μὲν
1636 2847 1757 2901 Υἱὸν
1813 2864 2011 2899 κοινω-

2100 2840 2257 2901 diale
2287 2851 2376 2902 est
2404 2842 2594 2916 Pater,
2630 2843 2883 2922 Spiritus
2932 2860 3070 2903 vero
3108 2842 3297 2903 sancti
3340 2860 3446 2921 per
3498 2840 3736 2903 Filium.

353 2937 535 2987 νοῦντα
562 2936 844 3012 παρίστησι
873 2943 949 3009 τῷ
996 2940 1157 3015 Πατρὶ
1207 2937 1292 2994 ἐπὶ
1349 2944 1417 3013 τῇ
1470 2934 1678 3010 προόδῳ
1733 2939 1825 2991 τοῦ
1854 2930 2013 2986 Πνεύ-

2094 2926 2277 2990 Porro
2328 2932 2425 2992 hic
2474 2931 2750 3011 principii
2796 2932 3067 2993 diversus
3116 2932 3327 2992 modus
3372 2940 3493 2991 tum
3522 2928 3734 2992 Filium

355 3042 520 3094 ματος
553 3023 686 3078 κατὰ
730 3024 790 3079 τὸ
835 3023 893 3080 ἐκ
958 3028 1158 3104 Πατρὸς
1211 3025 1297 3083 διὰ
1374 3027 1495 3083 Υἱοῦ
1554 3028 1678 3083 car-31:6
1734 3019 2010 3099 ἐκπορεύε-

2088 3023 2149 3082 in
2183 3022 2560 3098 processione
2603 3018 2858 3100 Spiritus
2886 3039 3019 3081 cum
3052 3022 3226 3082 Patre
3256 3019 3513 3081 ostendit
3568 3038 3736 3080 com-

353 3111 470 3165 σθαι
505 3125 519 3140 ⁸
548 3110 646 3177 τὴν
685 3110 741 3167 δὲ
800 3114 901 3179 σὴν
965 3114 1148 3182 ἵστησι
1221 3114 1743 3195 παλυπραγμοσύνην
1810 3112 1899 3168 καὶ
1939 3107 2007 3175 ἢν

2092 3108 2493 3171 municantem
2540 3109 2864 3171 secundum
2924 3109 3092 3184 illud,
3126 3109 3287 3189 quod
3328 3127 3397 3169 ex
3426 3107 3598 3169 Patre
3630 3127 3735 3188 per

350 3198 614 3279 ἒπιφέρεις
644 3201 863 3280 ἀπορίαν
925 3203 1097 3281 λέγων
1135 3225 1148 3239 ο
1195 3206 1267 3269 ὡς
1325 3205 1413 3261 ἐὰν
1470 3206 1498 3260 ὀ
1540 3207 1660 3270 Υἱος
1702 3211 1793 3261 τοῦ
1835 3202 2005 3259 Πνεῦ-

2090 3196 2305 3257 Filium
2337 3198 2606 3278 procedit
2660 3197 2940 3277 Spiritus,
2978 3205 3101 3258 tum
3130 3207 3228 3259 tua
3252 3196 3448 3256 studia
3504 3215 3573 3258 ac
3622 3217 3728 3259 co-

355 3292 506 3355 νατός
565 3291 706 3353 ἔστιν
764 3298 1132 3373 προαγωγεὺς,
1193 3297 1307 3361 πῶς
1339 3296 1401 3354 ἂν
1459 3299 1487 3353 ὀ
1542 3303 1641 3365 τῆς
1697 3295 2002 3358 ἀκολουθίας

2088 3286 2325 3346 uamiua
2369 3287 2571 3348 inania
2602 3304 2735 3347 esse
2766 3285 3083 3360 convincit,
3115 3304 3183 3346 ac
3232 3285 3406 3365 plene
3449 3284 3623 3346 solvit
3666 3306 3734 3348 ac

353 3378 643 3458 ἀνάσχοιτο
712 3381 889 3461 λόγος,
951 3385 1027 3459 μὴ
1095 3387 1217 3464 οὐχὶ
1299 3387 1383 3442 καὶ
1476 3389 1537 3442 τὸ
1630 3393 1841 3461 Πνεῦμα
1919 3391 2011 3440 τοῦ

2092 3376 2309 3435 refellit
2331 3377 2488 3437 illam
2516 3394 2690 3455 quam
2716 3374 2903 3436 infers
2925 3374 3273 3437 difficultate
3291 3374 3520 3449 m,dum
3542 3375 3716 3439 dicis:

354 3469 476 3524 Υἱοῦ
534 3474 853 3549 παρακτικὸν
912 3473 1051 3528 εἶναι
1115 3474 1536 3552 συμμυθολογεϊν
1569 3495 1583 3551 ;
1617 3478 1737 3532 Λύει
1810 3496 1867 3529 τε
1920 3481 2009 3534 καὶ

2090 3464 2163 3527 Si
2193 3465 2387 3527 Filius
2415 3466 2687 3545 Spiritus
2709 3471 2794 3526 est
2808 3464 3160 3544 productor,
3191 3464 3481 3543 quomodo
3516 3481 3730 3527 conse-

354 3556 632 3635 ἀνατρέπει
645 3605 659 3620 .

2089 3556 2347 3615 cutiom's
2378 3556 2540 3616 ratio
2580 3571 2694 3615 nos
2744 3572 2867 3615 non
2913 3559 3087 3633 cogat
3120 3570 3391 3615 asserere
3440 3553 3742 3633 Spiritum

2090 3660 2325 3724 quoque
2354 3661 2481 3706 esse
2501 3642 2655 3704 Filii
2684 3643 3113 3722 productivum
3138 3642 3166 3702 ?

1006 3754 1371 3808 KEIMENON.
2766 3734 3081 3797 TEXTUS.

435 3831 505 3896 δ’,
554 3823 764 3900 υΑλλος
793 3858 849 3892 τε
883 3835 961 3913 δὲ,
995 3841 1039 3895 εἰ
1068 3840 1095 3895 ὀ
1126 3841 1223 3914 μὲν
1269 3842 1387 3906 Υἱὸς
1439 3846 1538 3908 τῆς
1586 3848 1848 3922 πατρικῆς
1877 3842 2005 3922 ὑπὲρ

2124 3918 2136 3922 Δ
2168 3826 2495 3922 4._Deinde
2523 3828 2572 3889 si
2591 3828 2773 3891 Filius
2811 3829 3153 3922 quidemab
3177 3830 3464 3922 ineffabili
3494 3839 3740 3922 paterna

355 3922 515 4001 λόγον
570 3924 872 3994 ἁπλότητος
945 3930 1039 3985 οὒκ
1104 3928 1388 4012 ἒξίσταται,
1446 3934 1506 3988 τὸ
1561 3930 1615 3987 δὲ
1675 3917 1885 4009 Πνεῦμα
1935 3917 2007 3996 εἷς

2090 3917 2468 3999 simplicitate
2501 3938 2619 3979 non
2652 3920 2899 3996 recedit,
2926 3917 3181 4012 Spiritus
3216 3929 3416 3982 autem
3446 3921 3508 3981 in
3532 3921 3738 4000 dupli-

356 4009 570 4069 διπλοῦν
628 4014 801 4072 αἴτιον
861 4016 1174 4097 ἀναφέρεται
1229 4022 1316 4076 καὶ
1374 4008 1435 4075 ἓν.
1497 4019 1687 4088 διπλῆς
1743 4019 2007 4099 προϐολῆς

2094 4028 2223 4069 cem
2258 4026 2494 4068 (ausam
2543 4008 2822 4088 refertur,
2857 4016 2915 4068 et
2958 4026 3025 4068 ex
3084 4008 3307 4090 duplici
3357 4011 3739 4090 processione

355 4100 647 4179 ὑφίσταται,
683 4109 796 4167 πῶς
853 4105 946 4161 οὒκ
998 4106 1409 4178 ὲπακολοδθήσει
1451 4111 1511 4165 τὸ
1570 4110 1809 4165 σύνθετον
1847 4110 2007 4183 γπῶς

2094 4097 2402 4173 subsistit,
2463 4098 2761 4177 quomodo
2809 4116 2926 4158 non
2982 4109 3263 4177 sequetur
3333 4099 3742 4177 compositio?

356 4186 399 4242 δ’
444 4192 566 4269 οὐχὶ
608 4198 699 4247 τοῦ
732 4193 849 4249 1⁸ἱοῦ
878 4196 939 4250 τὸ
996 4193 1209 4252 ἔλαττον
1243 4196 1387 4275 ἔχειν
1433 4197 1493 4252 τὸ
1523 4198 1759 4273 ἰσότιμον
1798 4204 2009 4273 Πνεῦμα

2096 4187 2403 4258 Quomodo
2436 4205 2576 4247 vero
2632 4194 2747 4275 non
2780 4186 2975 4247 minor
3010 4185 3158 4247 Filio
3183 4186 3439 4267 Spiritus
3463 4205 3584 4266 pari
3618 4189 3734 4247 ho-

359 4275 918 4365 βλασφημηθήσεταις
980 4290 1092 4347 πῶς
1150 4287 1185 4352 ἡ
1242 4274 1341 4352 τῆς
1386 4283 1602 4365 Τριάδος
1663 4285 1904 4353 ἁπλότης
1936 4286 2002 4364 (ὣ

2094 4295 2241 4337 ηοιο
2294 4276 2572 4355 praeditus
2603 4274 2707 4354 pa
2737 4292 3031 4337 summum
3083 4275 3461 4354 sacrilegium
3493 4294 3732 4337 assere-

361 4363 604 4443 γλώσσης
650 4367 861 4428 ἀσεϐεῖν
920 4371 1242 4452 τολμηρᾶςὲ
1304 4361 1440 4454 οὗχῖ
1454 4376 1514 4430 τὸ
1573 4376 1769 4433 οἰκεῖον
1797 4361 2001 4453 ἀξίωμα

2085 4372 2179 4424 tur
2198 4366 2228 4423 ‘.’
2258 4363 2567 4435 Quomodo
2591 4361 2898 4454 Trinitatis
2927 4362 3278 4442 simplicitas
3305 4376 3364 4438 to
3387 4363 3647 4442 linguam
3678 4364 3741 4424 in

360 4455 695 4533 νοθευόμενον
718 4476 734 4529 ς
1395 4453 1400 4454 ν

2083 4454 2386 4536 impietate
2442 4454 2791 4535 audacem!)
2862 4453 3216 4533 dignitatem
3265 4473 3430 4517 suam
3491 4455 3741 4517 minime

2084 4545 2481 4605 adulteratam
2510 4541 2850 4605 retinebit?

958 4637 1379 4696 ΑΝΤιρΡΗΣιΣ.
2025 4657 2070 4708 n

2025 4657 2070 4708 D
2700 4634 3184 4699 REFUTATIU.

441 4710 524 4782 1".
599 4718 720 4780 Ἐὰν
770 4724 797 4778 ὀ
842 4721 1045 4788 Ἰταλὸς
1102 4727 1173 4790 εἷς
1216 4724 1431 4786 διπλοῦν
1505 4728 1685 4786 αἶ’-τιον
1742 4729 2017 4811 ἀναφίῳειν

2179 4717 2280 4783 III.
2327 4717 2392 4779 Si
2420 4718 2596 4779 italus
2647 4716 2759 4798 (α),
2796 4718 2935 4778 dum
2976 4719 3123 4780 dicit
3151 4718 3432 4799 Spiritum
3480 4737 3548 4780 ex
3574 4721 3745 4781 Patre

448 4887 534 4968 (ﬂ)
566 4888 726 4976 Non.
749 4891 850 4976 ire
880 4893 1003 4971 γάρ,
1052 4893 1178 4976 Hoc
1208 4892 1386 4956 breve
1409 4905 1605 4976 caput,
1657 4895 1810 4959 sicut
1832 4904 1891 4960 et
1915 4916 2016 4960 se-
2185 4889 2277 4976 (ᾳ)
2297 4885 3077 4976 Italorum_uomen_Pho_tius
3104 4886 3365 4976 nondum
3391 4906 3497 4968 pro
3525 4887 3749 4976 Latinis

362 4987 551 5057 quens
581 4970 690 5032 sub
722 4969 1091 5057 ῑὶιυΙονεήΠερὶ
1148 4978 1246 5043 τῆς
1306 4969 1664 5057 ἐκπορέύσειος
1720 4986 1812 5037 τοῦ
1867 4979 2019 5057 ἀγίου

2102 4970 2704 5057 vel_0c_cidentalibus
2731 4969 3211 5057 adhinuitnquod
3246 4975 3440 5031 tamen
3463 4987 3498 5029 a
3531 4972 3745 5057 saeculo

363 5049 670 5126 Πνεῦματος
713 5130 726 5137 _
808 5049 1203 5137 Mytpoqacivouc
1268 5049 1719 5137 ’μητροπολίτοῦ
1832 5049 2016 5136 Σμῦρ-

2100 5051 2425 5137 Ξηόθῴιιο
2457 5050 2516 5110 in
2552 5051 2660 5112 Lac
2689 5049 3193 5137 controversiain
3220 5067 3485 5137 usu-esse
3539 5053 3742 5137 ccepti.

364 5152 460 5210 νης
497 5130 755 5210 occurrit
787 5129 965 5195 etiam
1000 5129 1055 5194 in
1098 5136 1233 5196 cod.
1268 5129 1523 5201 Vindob.
1557 5138 1629 5200 G.
1684 5129 2015 5203 theol.'249
2100 5130 2246 5193 Tum
2278 5132 2470 5193 Becco
2505 5139 2625 5191 tum
2659 5131 2785 5210 ejus
2807 5129 3160 5191 adversariis
3176 5130 3462 5191 familiare
3479 5129 3750 5193 erathic

377 5208 684 5310 (Lanmbec.
706 5212 995 5310 ¹σού..έὶίῇ
1030 5215 1071 5277 f.
1107 5215 1207 5277 79.
1242 5217 1285 5273 εἰ
1327 5217 1378 5283 ἐξ
1403 5218 1517 5283 ἐνὸς
1544 5219 1647 5282 ait.

2096 5212 2282 5273 Jobus
2322 5211 2647 5310 monachus
2678 5208 2738 5271 in
2763 5210 3249 5310 apologiasupra
3286 5212 3347 5270 in
3376 5212 3553 5310 notis
3575 5229 3743 5310 rlom-

451 5290 532 5369 (2)
567 5290 826 5363 Vindob,
859 5296 887 5350 ὁ
917 5290 1049 5358 υἱὸς.
2102 5300 2433 5354 memorata
2466 5309 2570 5371 pro
2615 5291 2865 5371 Jsseplio
2922 5290 3274 5371 patriarcha
3310 5290 3469 5371 (vide
3510 5291 3746 5353 Fabric.

450 5368 544 5452 (’3)
580 5373 634 5452 Et
665 5371 837 5434 deest
867 5372 927 5433 in
949 5372 1206 5436 Vindob,
2104 5373 2264 5436 Bibl.
2295 5373 2369 5433 G.
2400 5380 2442 5433 t.
2468 5368 2519 5432 ’Χ
2550 5391 2605 5452 p.
2646 5368 2766 5431 254
2795 5371 2885 5452 ed.
2923 5368 3083 5450 vel.)
3123 5369 3340 5452 passim
3372 5368 3549 5433 Italos
3577 5390 3746 5434 com-

459 5450 536 5538 (4)
570 5451 668 5512 Sic
701 5454 988 5538 et__l.aur.
1045 5455 1229 5521 Men:
1282 5459 1477 5538 γίνεται
1535 5458 1590 5516 δὲ
1645 5462 1673 5516 ὁ
1744 5462 1861 5527 Υἱὸς
1924 5471 2016 5522 τοῦ
2111 5473 2121 5515 1

2111 5473 2165 5538 ιη
2179 5461 2430 5538 emerat,
2466 5450 2613 5531 quos
2632 5453 2774 5513 dlCIl
2795 5451 3063 5538 Aristum
3086 5450 3161 5513 ob
3180 5451 3392 5529 linguae
3411 5452 3744 5514 barbariem

386 5536 686 5614 Πνεῦματος
716 5532 875 5589 πάλιν
905 5539 1271 5614 προαγωγεύς.
1295 5532 1306 5538 ⁷

2107 5535 2189 5598 Ch
2206 5535 2414 5595 rislum
2437 5541 2712 5614 vocantes
2744 5532 3084 5614 etSpiritus
3106 5542 3292 5614 sancti
3309 5541 3504 5594 ortum
3528 5550 3745 5614 proce-

459 5610 547 5694 (ᾗ)
577 5610 837 5694 Laurent
863 5616 898 5682 ἡ
927 5610 1329 5694 συμπλήρωσις.
2100 5634 2121 5677 ι

2100 5615 2251 5677 dein
2277 5614 2540 5694 dicentes
2575 5612 2743 5692 (Cod.
2778 5610 2935 5694 Mon.
2988 5615 3126 5694 68f
3167 5613 3243 5677 53
3292 5630 3327 5673 a
3360 5634 3373 5670 :
3410 5610 3629 5694 Κρισῖτὸν
3658 5615 3746 5669 τὸν

462 5690 547 5770 (6)
574 5692 780 5779 La_ti_n_e_
807 5692 932 5756 haec
960 5690 1167 5757 eadem
1199 5697 1438 5761 adducit
1467 5697 1635 5779 Hugo
1662 5698 2018 5764 Etherianus
2107 5705 2124 5752 3

2107 5697 2341 5774 Χριστὸν
2370 5693 2454 5751 διὰ
2482 5695 2542 5749 τὸ
2571 5690 2669 5760 τῆς
2720 5693 2898 5774 φωνῆς
2960 5693 3217 5775 βάρϐαρον
3272 5690 3620 5768 ὀνομάζοντας
3661 5694 3747 5747 καὶ

382 5771 421 5832 l.
458 5785 509 5836 ο.
545 5788 605 5853 p.
638 5771 818 5835 1231.
1566 5771 1592 5779 ⁷
2115 5771 2175 5833 τὸ
2204 5777 2502 5856 ὶκπορεύειν
2536 5773 2587 5831 δὲ
2614 5771 2931 5857 προτζεδιν,)
