4210 6292
518 319 632 391 739

1597 331 1804 393 JOAN.
1855 331 2070 392 VECCI
2114 331 2223 390 GP.
2274 324 2788 392 PATRIARCH‘E

3773 324 3898 386 ’740

517 472 575 524 et
599 460 768 543 Filio,
795 461 851 521 in
877 461 1088 540 duplex
1121 462 1437 542 pricipium
1483 461 1709 523 referre
1741 460 2021 540 Spiritum
2055 462 2121 522 tit

2207 463 2302 520 ιτὸ
2345 469 2556 539 Πνεῦμα
2611 461 2760 520 δοκεῖ
2813 486 2917 539 σοι,
2975 464 3034 520 ὲκ
3090 465 3291 541 Πατρὸς
3335 463 3422 518 καὶ
3468 464 3586 518 Υἱοῦ
3631 459 3799 538 λέγων
3827 458 3889 514 τὸ

516 551 1088 628 videtur,propterea
1118 550 1274 628 quod
1307 550 1439 612 dum
1472 549 1812 628 hypostases
1836 548 1953 608 sint
1984 545 2157 609 Pater

517 651 575 702 et
604 639 807 702 Filius.
867 641 925 698 in
960 639 1174 716 duplex
1218 658 1453 718 quoque
1487 638 1843 717 principium
1877 637 2152 698 eumdem

512 730 736 791 referre
769 728 868 789 tibi
895 727 1248 787 videbuntur
1279 727 1403 806 ipsa
1449 727 1550 787 illa
1600 725 1881 788 Ecclesiae
1934 725 2157 786 lumina

503 819 968 897 jugisplenduie
1001 815 1298 893 fulgentia,
1338 815 1438 895 qui
1487 835 1555 876 ex
1593 819 1762 876 l’atre
1793 833 1898 895 per
1935 813 2152 875 Filium

513 906 837 986 procedere
884 903 1166 982 Spiritum
1219 903 1480 964 docuere
1536 903 1775 972 Patres,
1838 911 2155 983 propterea

511 993 663 1074 quod
684 992 1016 1054 distinctam
1053 995 1225 1054 Pater
1247 1000 1304 1053 et
1350 991 1534 1053 Filius
1566 991 2010 1052 subsistentiam
2043 993 2149 1052 ha-

2239 557 2448 625 Πνεῦμα
2502 553 2892 632 ἐκπορεύεσθαι,
2952 551 3036 608 διά
3111 553 3172 607 τὸ
3229 548 3314 606 δύο
3369 550 3682 614 ὑποστάσεις
3743 548 3885 603 εἶναι

2235 647 2325 696 τὸν
2371 641 2575 720 Πατέρα
2613 643 2700 698 καὶ
2755 644 2846 698 τὸν
2901 644 3044 715 Υἱον,
3102 643 3174 704 εἷς
3231 636 3445 696 διπλοῦν
3498 637 3559 694 ἂν
3588 636 3883 714 λογισθεϊεν

2237 728 2411 788 αἴτιον
2442 729 2714 810 ἀναφέρειν
2757 731 2882 786 αὐτὸ
2925 731 3011 785 καὶ
3062 732 3108 786 01
3167 727 3226 784 ἐκ
3260 729 3463 807 Πατρὸς
3507 724 3572 783 δι’
3634 723 3754 782 Υἱοῦ
3784 725 3880 780 ἑκ·-

2236 820 2540 897 πορεύεσθαι
2592 819 2716 875 αὒτὸ
2786 817 3196 896 δογματίσαντες
3267 816 3536 896 ἀειφανετς
3598 819 3696 880 τῆς
3749 811 3878 869 Ἐοι-

2235 909 2458 976 κλησίας
2543 917 2816 989 φωστῆρες
2888 907 2972 964 διὰ
3042 915 3102 964 τὸ
3163 916 3256 966 τοῦ
3325 909 3526 984 Πατρὸς
3599 906 3685 962 καὶ
3762 905 3881 960 Υἱοῦ

2235 996 2649 1072 ἰδιοϋπόστατον,
2712 996 2861 1054 Ἀλλ’
2930 998 3046 1053 επεὶ
3088 1003 3192 1053 πᾶν
3234 999 3294 1053 τὸ
3337 994 3420 1053 διὰ
3475 997 3569 1050 τοῦ
3616 997 3734 1049 Υἱοῦ
3792 993 3880 1047 καὶ

510 1084 898 1146 bent.\"erum
932 1081 1067 1160 quia
1089 1081 1371 1160 quidquid
1401 1100 1504 1158 per
1528 1080 1740 1141 Filium
1760 1090 1817 1143 et
1847 1099 1878 1140 a
1911 1080 2039 1142 Filii
2064 1098 2121 1140 es

2233 1087 2374 1164 παρᾶ
2402 1089 2494 1144 τοῦ
2559 1091 2678 1144 Υἱοῦ
2729 1085 3020 1165 λεγόμενον
3079 1086 3219 1142 εἶναι
3278 1087 3351 1149 εἰς
3408 1086 3498 1140 τὸν
3535 1081 3738 1160 Πατέρα
3780 1082 3879 1147 τὴν

508 1192 571 1235 sc
613 1171 851 1242 dicitur,
886 1171 955 1229 ad
1005 1173 1230 1230 l’alrem
1257 1169 1427 1229 liahel
1459 1168 1806 1229 rev'ationem
1833 1173 1933 1238 (al,
1963 1175 2021 1227 et
2049 1187 2112 1228 se

2233 1176 2495 1256 ἀναφορὰν
2536 1175 2676 1256 ἔχει,
2709 1177 2793 1231 καὶ
2821 1177 2961 1253 παρᾶ
2995 1174 3148 1231 τοῦτο
3177 1178 3280 1254 οὔχ
3337 1175 3410 1236 ὡς
3469 1173 3529 1227 ἑκ
3584 1167 3670 1226 δύο
3701 1170 3877 1225 αἰτίων

507 1261 763 1322 cundum
796 1260 906 1319 hoc
940 1277 1054 1319 non
1089 1269 1142 1318 ul
1179 1277 1247 1317 ex
1296 1257 1527 1317 duobus
1589 1256 1898 1336 principiis
1956 1264 2046 1316 est
2089 1255 2121 1315 ii

2230 1255 2354 1320 ἐστι
2382 1266 2444 1320 τὸ
2470 1267 2533 1320 εκ
2563 1255 2764 1343 Πατρὸς
2807 1261 2874 1318 δι’
2922 1266 3040 1319 ι’ἱοῦ
3083 1263 3119 1330 ἢ
3151 1261 3203 1327 ἐξ
3260 1263 3462 1341 ἀμφοῖν
3490 1259 3749 1338 ὑπάρχειν
3777 1256 3873 1313 λε-

505 1349 658 1428 quod
694 1366 759 1407 ex
789 1346 958 1407 Patre
991 1365 1097 1425 per
1117 1345 1326 1406 Filium
1363 1346 1450 1404 vel
1484 1363 1550 1405 ex
1587 1353 1840 1423 utroque
1867 1343 2121 1404 subsiste

2232 1351 2478 1429 γόμενον,
2527 1353 2642 1410 οῧτε
2685 1355 2713 1408 ὁ
2744 1345 2804 1408 ἐκ
2831 1353 3033 1429 Πατρὸς
3092 1351 3179 1406 καὶ
3238 1352 3358 1408 Υἱοῦ
3400 1347 3516 1405 οῧτε
3561 1349 3588 1403 ὁ
3647 1348 3705 1402 ἐκ
3755 1351 3873 1402 Πα-

502 1455 569 1498 re
598 1436 1037 1514 dicitur,neque
1069 1434 1171 1514 qui
1203 1453 1270 1494 ex
1319 1432 1491 1493 Patre
1525 1445 1582 1494 et
1618 1433 1785 1508 Filio,
1821 1451 2014 1512 neque
2045 1452 2120 1511 qu

2228 1443 2348 1505 τοὺς
2418 1439 2482 1497 δι’
2536 1445 2654 1498 ι’ἱοῦ
2713 1439 3079 1518 ἐκπορεύεσθαι
3136 1437 3309 1514 λέγων
3365 1440 3424 1494 τὸ
3499 1442 3736 1513 Πνεῦμα,
3797 1436 3870 1496 εἷς

503 1545 572 1588 ex
603 1526 770 1587 Patre
803 1543 908 1604 per
939 1526 979 1586 F
987 1523 1148 1584 ilium
1185 1523 1508 1603 procedere
1557 1520 1844 1602 Spiritum
1906 1524 2116 1582 asserit

2226 1527 2439 1586 διπλοῦν
2481 1529 2656 1586 αἴτιον
2703 1529 2947 1609 ἀναφέρει
3007 1530 3154 1600 αὑτὸ,
3189 1529 3275 1584 καὶ
3331 1525 3411 1583 διὰ
3451 1532 3604 1582 τοῦτο
3661 1523 3778 1580 οὔτε
3809 1525 3871 1579 τὸ

505 1634 636 1680 eum
672 1616 728 1675 in
760 1615 973 1692 duplex
998 1611 1356 1692 principium
1391 1612 1663 1690 refert,et
1692 1610 1916 1671 idcirco
1950 1628 2121 1690 nequi

2224 1619 2462 1676 σύνθετον
2507 1617 2943 1691 ἐπακολουθήσει,
2979 1619 3052 1683 ὡς
3083 1619 3144 1672 τὸ
3189 1618 3279 1672 σὸν
3323 1613 3563 1691 βούλεται
3611 1613 3865 1692 σόφισμα,

501 1711 788 1784 sequetur
816 1701 1255 1780 compositio,ut
1287 1710 1448 1760 tuum
1468 1699 1586 1759 vult
1614 1699 2121 1778 sophisma,nequi

2222 1704 2336 1762 οὔτε
2362 1713 2452 1763 τοῦ
2491 1706 2611 1764 1⁸ἱοῦ
2665 1707 2725 1761 τὸ
2782 1703 2996 1762 ἔλαττον
3055 1705 3203 1784 ἔχειν
3244 1705 3304 1759 τὸ
3352 1704 3588 1778 Ξσότιμον
3619 1699 3862 1779 Βλασφη-

499 1793 696 1855 minur
723 1791 870 1852 Filio
900 1788 1153 1868 Spiritus
1183 1788 1392 1848 eodem
1428 1789 1650 1849 honore
1683 1787 1960 1868 praeditus
1987 1786 2121 1849 blas‘

2224 1796 2521 1870 μηθήσεται
2553 1799 2786 1869 Πνεῦμα.

498 1883 713 1961 pheme
741 1897 810 1940 ac
832 1877 1118 1956 sacrilege
1146 1888 1466 1938 asseretur.

1137 1969 1450 2033 TEXTUS.
2850 1983 3215 2036 KEIMENON.

575 2067 632 2126 5.
693 2064 837 2138 Quis
895 2064 1161 2144 inquam,
1213 2071 1552 2123 sanctorum
1614 2069 1673 2126 et
1741 2061 2130 2140 gloriosorum

493 2165 831 2218 nostrorum
865 2155 1099 2216 Patrum
1129 2151 1278 2213 dixit
1309 2151 1596 2231 Spiritum
1649 2170 1680 2211 a
1737 2151 1882 2212 Filio
1916 2169 2130 2231 proce-

485 2245 658 2308 dere?
683 2243 821 2315 Quze
877 2240 1134 2322 synodus
1163 2239 1596 2301 universalibus
1650 2238 2126 2301 confessionibus

485 2333 721 2396 suffulta
769 2341 828 2392 et
883 2329 1134 2401 munita,
1194 2329 1311 2388 imo
1371 2329 1504 2408 quis
1534 2328 1906 2390 sacerdotum
1951 2337 2126 2408 atque

485 2422 900 2502 episcoporum
945 2418 1224 2480 divinitus
1252 2426 1490 2479 coactus
1546 2431 1738 2480 cuatus
1771 2417 2125 2480 sententiam

485 2510 681 2584 istam,
745 2509 946 2585 etiam,
994 2515 1303 2585 anteqaam
1365 2507 1724 2586 (appareret)
1796 2507 1857 2566 in
1928 2506 2122 2568 lucem

2295 2061 2362 2135 ε’.
2398 2073 2484 2135 Τίς
2524 2074 2648 2130 εἶπε
2719 2073 2825 2130 τῶν
2865 2071 3015 2148 ἱερῶν
3073 2070 3160 2125 καὶ
3215 2068 3558 2144 περιωνύμων
3614 2065 3856 2145 Πατέρων

2217 2159 2366 2236 ἡμων
2409 2164 2470 2217 τὸ
2499 2164 2711 2238 Πνεῦμα
2768 2161 2860 2216 τοῦ
2919 2161 3039 2214 Υἱοῦ
3094 2158 3509 2236 ἑκπορεύεσθαις
3570 2169 3702 2213 ποῖα
3757 2155 3856 2210 σύ-

2210 2247 2356 2313 νοδος
2423 2251 2815 2327 οἷκουμειικαῖς
2903 2246 3211 2325 ὁμολογίαις
3307 2244 3660 2325 στηριζομένη
3768 2255 3857 2306 καὶ

2209 2336 2614 2418 διαπρέπουσα,
2681 2337 2882 2414 μᾶλλον
2929 2336 2983 2392 δέ
3051 2337 3128 2398 τίς
3187 2335 3367 2414 ἱερέων
3421 2337 3507 2391 καὶ
3565 2332 3855 2413 ἀρχιερέων

2207 2426 2482 2491 θεόλεκτος
2531 2427 2783 2506 σύλλογος
2837 2427 2894 2483 οὗ
2923 2426 3117 2491 ταύτην
3176 2425 3274 2491 τὴν
3305 2421 3534 2478 διάνοιαν
3590 2423 3676 2477 καὶ
3731 2421 3850 2497 πρὶν

2206 2517 2428 2596 φανῆναι
2487 2520 2554 2593 τῇ
2622 2524 2714 2572 τοῦ
2772 2516 3026 2592 παναγὶου
3084 2513 3384 2588 Πνεύματος
3429 2510 3629 2580 ἐπινοίᾳ
3683 2529 3846 2563 κατε-

2207 2605 2505 2683 ψηφίσατος
2562 2607 2649 2662 καὶ
2717 2605 2816 2683 γὰρ
2873 2605 2933 2658 τὸ
2992 2608 3203 2676 Πνεῦμα
3271 2606 3362 2656 τοῦ
3444 2600 3646 2676 Πατρὸς
3714 2598 3848 2652 κατᾶ

485 2683 940 2748 condemnavit?
971 2684 1198 2747 Etenim
1233 2683 1456 2765 Spiritu
1489 2683 1675 2746 Patris
1712 2686 1879 2764 juxta
1908 2685 2121 2746 Christi

2207 2694 2303 2759 τὴν
2363 2694 2691 2761 Δεσποτικήν
2749 2690 3119 2768 μυσταγωγίαν
3191 2686 3518 2751 τελεσθέντες
3561 2687 3647 2740 καὶ
3703 2684 3847 2740 αὐτοὶ

489 2774 697 2837 Domni
744 2773 1071 2834 doctrinam
1127 2772 1240 2851 ipsi
1311 2791 1545 2853 quoque
1608 2773 1816 2834 initiali
1873 2773 2038 2836 illum
2091 2794 2121 2835 a

2207 2779 2462 2860 λαμπρῶς
2519 2789 2611 2839 τοῦ
2679 2781 2882 2858 Πατρὸς
2940 2778 3305 2852 ἐκπορεύεσθαι
3364 2776 3450 2830 καὶ
3522 2770 3844 2852 μεγαλοφώ-

485 2867 650 2924 Patre
701 2861 1026 2942 procedere
1082 2860 1240 2922 clara
1271 2871 1328 2922 et
1356 2861 1470 2922 alta
1500 2879 1640 2922 voce
1696 2861 2115 2942 praedicabant,

2207 2891 2303 2934 νως
2346 2868 2692 2948 ἂνεκήρυττον
2766 2868 2896 2948 (1)·
2948 2869 3034 2922 καὶ
3063 2865 3128 2933 δὴ
3158 2867 3244 2922 καὶ
3287 2865 3406 2926 τοὺς
3467 2863 3545 2938 μὴ
3604 2871 3846 2948 φρονοῦν·

480 2969 698 3032 eosque
725 2950 824 3031 qui
855 2969 970 3012 non
1001 2951 1081 3010 ita
1113 2950 1426 3029 sentirent,
1463 2959 1662 3031 utpote
1710 2951 2013 3013 catholicae
2061 2961 2121 3013 et

2207 2980 2295 3021 τας
2325 2943 2642 3026 οὕτως-τῆς
2699 2943 2984 3023 κλθολικῆς
3057 2957 3144 3011 καὶ
3187 2951 3544 3018 ἇποστολικῆς
3605 2943 3842 3017 Ἐκκλη.

478 3022 814 3122 apostolicae
834 3039 1118 3101 Ecclesiae
1145 3022 1585 3120 contemptores
1606 3041 1970 3103 anathemati
1985 3039 2120 3102 sub-

2207 3052 2316 3114 σὶας
2413 3048 2654 3130 ὑϐριστὰς
2736 3057 2812 3124 τῷ
2924 3047 3208 3122 ἆναθὲματι
3293 3041 3651 3102 καὼπέὄαλον
3690 3051 3706 3074 ⁸
3780 3043 3844 3099 ἐκ

472 3129 779 3219 jiciebant,
797 3129 920 3219 jam
953 3127 1050 3190 ind
1082 3127 1155 3189 ab
1184 3128 1442 3219 antiquis
1485 3129 1856 3219 temporibus
1906 3148 2117 3219 novam

2207 3138 2441 3196 παλαιῶν
2478 3127 2596 3196 Ἵτῶν
2650 3139 2860 3219 χρόνων
2902 3139 2999 3205 τὴν
3044 3135 3292 3214 ἀρτιγενῇ
3345 3131 3651 3189 δυσσέϐειαν
3696 3154 3837 3210 προ-

481 3220 652 3279 istam
682 3217 1045 3297 impietatem
1073 3216 1433 3296 propheticis
1458 3216 1644 3277 oculis
1662 3217 2112 3297 prospicientes,

2207 3242 2453 3307 ρητικοτς
2512 3216 2837 3308 προορίῦντες
2893 3225 3095 3301 ὄμμασι
3154 3225 3241 3280 καὶ
3297 3223 3455 3289 αὑτὴν
3524 3221 3660 3297 μετᾶ
3741 3225 3840 3288 τῆς

478 3309 786 3388 ipsamque
809 3325 924 3367 una
946 3325 1081 3366 cum
1143 3304 1453 3386 multiplici
1509 3305 1771 3384 priorum
1806 3306 2112 3366 haereseon

2207 3304 2566 3395 προλαϐούσης
2611 3304 2937 3396 πολυμεροᾶ
2979 3316 3298 3376 ἁποστασὶας
3362 3313 3450 3367 καὶ
3492 3317 3689 3390 γραφῇ,
3752 3311 3839 3365 καὶ

477 3395 812 3458 defectione
842 3403 900 3456 et
923 3394 1161 3474 scriptis
1191 3403 1248 3456 et
1277 3395 1476 3456 verbis
1507 3403 1564 3456 et
1609 3398 1804 3457 animo
1825 3395 2114 3458 condem-

2207 3407 2408 3485 λόγοις,
2441 3409 2526 3463 καὶ
2556 3405 2754 3480 διανοίᾳ
2781 3404 3136 3475 κατεδίκαζον.

477 3489 722 3553 nabant-

487 2598 770 2677 prodiret,
827 2614 932 2676 per
987 2595 1346 2656 sanctissimi
1391 2595 1646 2674 Spiritus
1693 2596 1953 2656 atllatum
2005 2615 2120 2657 non

1036 3571 1518 3637 REFUTATIO.

2811 3577 3232 3632 ΔΝΤΙΡΡΗΣΙΣ.

553 3667 652 3740 IV,
675 3664 916 3728 Discere
947 3665 1461 3746 quaeris,quisnam
1493 3685 1562 3728 ex
1587 3666 1809 3728 sanctis
1840 3666 2117 3730 Patribus

2283 3658 2366 3728 Δ’.
2395 3671 2595 3724 Μαθεῖν
2631 3665 2851 3745 ἐρωτᾷς,
2887 3665 2965 3728 τίς
2995 3670 3100 3720 τῶν
3128 3664 3280 3742 ἱερῶν
3311 3659 3555 3736 Πατέρων
3593 3661 3651 3714 τὸ
3677 3666 3839 3716 Πνεῦο

471 3753 754 3833 Spiritum
784 3773 819 3816 a
850 3754 996 3815 Filio
1031 3755 1359 3833 procedere
1416 3755 1652 3837 dixerit,
1706 3774 1980 3834 quaenam
2013 3775 2109 3837 sy-

2207 3779 2271 3830 αα
2313 3755 2466 3812 εἶπεν
2509 3755 2873 3833 ἐκπορεύεσθαι
2905 3758 2996 3808 τοῦ
3035 3755 3173 3830 Υἱοῦ,
3207 3749 3294 3806 καὶ
3337 3747 3542 3813 σύνοδος
3585 3761 3717 3804 ποῖα
3748 3756 3834 3811 καὶ

470 3842 683 3916 nodus,
717 3843 848 3922 quis
879 3843 1251 3906 sacerdotum
1276 3843 1562 3906 divinitus
1593 3853 1830 3906 coactus
1860 3864 2112 3908 conven-

2207 3850 2271 3912 εἰς
2299 3849 2479 3928 ἱερέων
2535 3846 2788 3926 σύλλογος
2832 3842 3206 3904 θεοσύλλεκτος
3241 3861 3257 3917 ;
3301 3842 3388 3898 καὶ
3439 3841 3648 3902 τούτους
3691 3841 3834 3896 εἶναι

469 3939 561 3991 tus
585 3930 614 3989 ‘?
647 3929 806 3994 Scito
838 3933 946 3992 hos
967 3950 1102 3992 esse
1146 3932 1280 3992 illos
1313 3951 1542 4007 omnes,
1576 3933 1679 4011 qui
1712 3953 1782 3995 ex
1814 3933 1986 3996 Patre
2005 3953 2110 4015 per

2207 3939 2390 4003 πάντας
2432 3938 2574 4010 τοὺς,
2638 3935 2750 3993 ὅσοι
2809 3934 2869 3991 ἐκ
2910 3934 3113 4013 Πατρὸς
3169 3929 3238 3987 δι’
3304 3934 3422 3988 Υἱοῦ
3471 3929 3835 4007 ἒκπορεύεσθαι

469 4019 682 4084 Filium
726 4019 1006 4100 Spiritum
1055 4029 1318 4081 sanctum
1370 4021 1694 4100 procedere
1752 4021 2100 4086 docuerunt.

2207 4029 2249 4083 τὸ
2291 4033 2504 4102 Πνεῦμα
2532 4028 2593 4082 τὸ
2666 4025 2815 4103 ἅγιον
2860 4021 3233 4100 ἐθεολόγησαν,
3267 4022 3442 4076 Πάντα
3499 4019 3598 4096 γὰρ
3646 4015 3743 4073 ὅσα
3773 4019 3833 4073 τὸ

465 4106 839 4189 Qiuecunque
863 4108 1020 4170 enim
1055 4108 1312 4189 Spiritus
1339 4128 1409 4170 ex
1443 4110 1587 4172 Filio
1618 4111 1839 4172 habere
1863 4111 2102 4189 dicitur,

2207 4123 2401 4192 Ινεῦμα
2431 4115 2483 4181 ἐξ
2523 4119 2645 4173 Υἱοῦ
2673 4113 2882 4194 λέγεται
2933 4111 3101 4192 ἔχειν,
3136 4112 3241 4192 οὐχ
3295 4113 3368 4173 ὡς
3423 4106 3474 4174 εξ
3519 4107 3647 4172 ἰδίας
3692 4107 3832 4185 παρὰ

465 4216 583 4257 non
615 4205 888 4278 tanquam
921 4215 995 4258 ex
1019 4199 1256 4279 propria
1280 4208 1490 4279 praeter
1518 4204 1746 4261 Patrem
1792 4219 1966 4262 causa
1997 4203 2104 4263 ha-

2207 4207 2278 4260 τὸν
2335 4204 2540 4284 Πατέρα
2608 4205 2774 4266 αἰτίας
2857 4201 2988 4281 ἕχον
3046 4199 3181 4256 ἐστίν
3214 4214 3228 4228 ⁶
3289 4195 3571 4268 ἆναϐλύζον
3613 4197 3711 4274 γὰρ
3771 4195 3830 4251 ἐκ

466 4287 589 4362 bot;
643 4287 972 4349 scaturiens
1013 4287 1170 4348 enim
1231 4306 1302 4348 ex
1350 4288 1495 4350 Filio
1532 4299 1648 4350 mn
1682 4299 1744 4350 ut
1774 4309 1842 4351 ex
1885 4291 2044 4351 fonte
2073 4311 2106 4353 a

2207 4301 2280 4350 τοῦ
2316 4297 2435 4350 Υἱοῦ
2504 4296 2606 4374 οὐχ
2647 4294 2719 4356 ὡς
2762 4291 2814 4357 ἐξ
2855 4289 2994 4354 ἶδῖας
3053 4286 3323 4360 ἀναϐλύζει
3381 4288 3522 4366 παρὰ
3563 4289 3653 4342 τὸν
3709 4291 3827 4341 Παο

464 4378 634 4466 Patre
665 4376 898 4466 diverso
930 4375 1198 4451 scaturit;
1232 4381 1336 4440 sed
1370 4377 1507 4458 quia
1539 4397 1608 4440 ex
1664 4378 1833 4441 Patre
1865 4399 1973 4457 per
2001 4379 2102 4441 Fi-

2207 4386 2306 4466 τὲρα
2348 4391 2532 4465 πηγῆς
2567 4401 2580 4415 '
2617 4383 2736 4441 ἀλλ’
2768 4381 2846 4440 ὅτι
2878 4383 2938 4440 ἐκ
2987 4382 3188 4459 Πατρὸς
3246 4376 3517 4466 ἀναϐλύζει
3561 4376 3627 4432 δι’
3681 4377 3824 4450 Υἱοῦ,

460 4464 603 4524 lium
656 4465 884 4544 prosilit
941 4475 1001 4528 et
1038 4469 1300 4540 scaturit,
1338 4475 1396 4528 et
1423 4486 1492 4528 ex
1549 4467 1697 4529 Filio
1742 4469 2013 4548 prosilire
2043 4478 2103 4532 et

2207 4464 2272 4531 ιαὶ
2314 4475 2364 4542 ἐξ
2418 4477 2537 4533 Υἱοῦ
2583 4472 2791 4552 λέγεται
2843 4470 3168 4543 ἀνακλύζειν,
3242 4471 3330 4526 καὶ
3388 4465 3440 4533 ἐξ
3515 4470 3633 4523 Υὶοῦ
3691 4487 3824 4544 προ-

459 4553 751 4615 scaturire
776 4553 1012 4644 dicitur,
1040 4562 1258 4644 etcum
1281 4573 1353 4616 ex
1385 4555 1532 4616 Filio
1568 4557 1943 4636 profunditur
1970 4567 2098 4619 tan-

2207 4566 2449 4644 ίεόμενον
2491 4562 2708 4642 λέγεται
2781 4563 3100 4641 προχεῖσθαι
3152 4560 3239 4615 καὶ
3267 4558 3328 4616 ἐκ
3385 4564 3476 4615 τεῦ
3540 4555 3661 4612 ι’ἱοῦ
3694 4572 3708 4586 ⁸
3742 4557 3826 4610 καὶ

460 4659 636 4720 quam
669 4660 772 4720 per
795 4641 1272 4714 Filium,dicitur
1293 4651 1349 4704 et
1379 4662 1448 4705 ex
1482 4645 1628 4706 Filio
1661 4645 1956 4725 profundi.
1991 4648 2097 4708 At-

2207 4641 2355 4711 ιολλὰ
2383 4652 2444 4709 ἃν
2485 4675 2566 4715 τις
2595 4654 2763 4709 εἰπεῖν
2814 4650 2944 4730 ἔσχε
2987 4649 3225 4711 τοιαῦτα.
3291 4648 3349 4704 Ei
3405 4653 3528 4724 γοῦν
3582 4647 3662 4700 ὃτι
3691 4644 3823 4700 ἀνα-

460 4749 573 4809 que
597 4731 782 4791 multa
801 4731 917 4792 alia
937 4731 994 4792 id
1017 4750 1202 4809 genus
1221 4732 1423 4816 dicere
1445 4733 1578 4814 quis
1598 4743 1818 4813 posset.
1836 4734 1896 4798 Si
1922 4736 2101 4816 igitur

458 4819 595 4898 quia
625 4821 870 4881 scaturit
910 4837 1016 4900 per
1070 4819 1284 4880 Filium
1314 4831 1372 4882 et
1402 4814 1508 4903 per
1534 4822 1747 4886 Filium
1787 4814 2097 4904 profundi-

457 4907 801 4982 tur,dicitur
820 4924 876 4969 et
899 4908 1135 4971 eszilio
1166 4910 1452 4972 scaturire
1479 4921 1656 4992 atque
1676 4913 2094 4993 profundi,jain

452 4994 706 5058 Romani
738 4997 962 5078 absque
985 4997 1100 5058 ulla
1131 5001 1348 5060 erroris
1378 5008 1436 5061 et
1485 5000 1751 5080 perfidiae
1794 5012 1932 5064 nota
1961 5003 2088 5084 Spi-

451 5084 632 5144 ritum
663 5103 732 5146 ex
759 5087 931 5148 Patre
943 5093 996 5148 et
1008 5085 1172 5148 Filio
1191 5090 1612 5166 procedentem
1638 5106 1744 5170 pro
1765 5109 1873 5152 sua
1885 5091 2098 5154 defen-

452 5174 622 5232 sione
675 5183 1292 5256 asserunt,propterea
1323 5178 1478 5258 quod
1535 5180 1802 5258 procedit
1833 5199 1900 5242 ex
1926 5183 2099 5244 Patre

449 5276 563 5338 per
583 5260 817 5336 Filium,
846 5271 906 5323 tu
936 5281 1074 5326 vero
1100 5265 1371 5327 mentiris
1422 5273 1480 5328 et
1511 5267 1750 5348 scriptis
1801 5285 1860 5330 et
1902 5269 2100 5332 verbis

539 5429 622 5506 (α)
642 5427 769 5519 Hoc
799 5430 1033 5493 axioma
1051 5434 1394 5519 _ex__Basili0
1421 5446 1720 5519 sumptum
1752 5436 2100 5518 frequenter

450 5513 711 5592 ocourrit
745 5517 868 5570 tum
913 5514 1068 5592 apud
1100 5513 1247 5575 alios
1277 5515 1482 5576 uniuni
1513 5513 1746 5580 deditos
1776 5513 2100 5592 scriptores

451 5596 576 5652 tum
610 5589 700 5649 vel
730 5589 981 5653 maxime
1015 5594 1170 5672 apud
1186 5589 2095 5666 Beccum.Ct'.Deun.Eccl.c.27

2179 4744 2352 4817 ϐλύζει
2408 4744 2470 4802 δι’
2534 4747 2653 4801 Υἱοῦ
2697 4745 2783 4801 καὶ
2836 4755 3124 4822 προχεῖται
3166 4738 3243 4796 δι’
3302 4742 3441 4813 Υἱοῦ,
3500 4737 3710 4822 λέγεται
3740 4737 3826 4792 καὶ

2182 4834 2232 4901 ἐξ
2286 4837 2405 4892 Υἱοῦ
2447 4831 2748 4904 ἀναϐλύζειν
2777 4854 2833 4889 τε
2879 4819 2982 4888 καῖ
3010 4831 3356 4910 προχεῖσθαι,
3416 4829 3503 4884 καὶ
3565 4819 3821 4901 ιΡωμαῖοι

2181 4925 2315 4983 πάνυ
2369 4920 2740 4992 ἂνεπιλήπτως
2808 4920 3070 5000 ἐνεφανται
3139 4915 3556 4995 ἀπολογούμενοι
3606 4915 3667 4972 ἐκ
3708 4920 3824 4970 Πα-

2181 5015 2299 5092 τρὸς
2327 5013 2414 5069 καὶ
2467 5011 2588 5068 Υἱοῦ
2667 5013 2729 5067 τὸ
2784 5017 2995 5085 Πνεῦμα
3061 5006 3234 5086 λέγειν
3284 5005 3698 5085 ἒκπορευόμενον
3741 5001 3822 5092 διά

2181 5091 2241 5158 τὸ
2297 5102 2356 5159 ἐκ
2415 5103 2616 5180 Πατρὸς
2646 5097 2713 5156 δι’
2781 5103 2900 5156 Υἱοῦ
2936 5098 3302 5176 ἐκπορεύεσθαι
3335 5113 3352 5132 ⁸
3417 5096 3478 5150 σὺ
3545 5093 3598 5150 δὲ
3656 5091 3820 5169 ψεύδῃ

2181 5193 2268 5247 καὶ
2295 5192 2471 5272 γράφῃ
2527 5191 2616 5247 καὶ
2671 5188 2849 5268 λόγοις
2903 5188 2990 5244 καὶ
3047 5185 3244 5258 διανοίᾳ
3301 5183 3472 5262 λέγων
3527 5183 3667 5262 παρὰ
3715 5187 3823 5237 τῶν

2179 5281 2424 5361 Πατέρων
2452 5278 2885 5349 καταδικάζεσθαι
2954 5277 3040 5334 καὶ
3108 5277 3181 5339 ὡς
3251 5273 3491 5353 ὖὸριστὰς
3537 5277 3632 5340 τῆς
3689 5274 3819 5328 καθ-

2180 5451 2253 5514 G.
2277 5449 2348 5514 o.
2383 5448 2429 5513 I.
2465 5469 2524 5531 ρ.
2559 5445 2853 5512 136-137.

2264 5537 2280 5604 (
2289 5534 2338 5603 1)
2366 5527 2484 5593 1³1⁵6
2507 5531 2855 5606 ἀνικήρυττον
2882 5527 3056 5590 Laur.
3093 5527 3398 5606 ἰκήρυττον,
