4240 6300
348 293 460 358 ’741

340 428 533 505 ολικῇς
595 431 918 500 Ἐκκλησίας

343 519 406 575 ἐκ
451 522 652 599 [ἰατρὸς
710 519 775 577 δι’
819 524 938 581 rio-3
984 526 1067 580 καὶ
1115 523 1166 590 ἐξ
1209 525 1409 605 ἀμφοῖν
1468 528 1566 594 τὴν
1609 533 1701 582 τοῦ
1750 525 1996 601 Πνεύμα-

338 629 433 671 τος
477 605 886 685 δογματίζοντας
930 610 1173 691 ὕπαρξιν,

986 893 1356 949 ΚΕΙΜΕΝΟΝ.

434 962 498 1030 ε’.
537 971 911 1050 Ἐδογμάτισεν
953 980 1095 1042 εὐθὺς
1150 986 1256 1035 τῶν
1309 982 1681 1056 οἰκουμενικῶν
1710 983 1797 1038 καὶ
1839 981 2000 1059 ἁγίων

347 1057 486 1115 ἐπτά
512 1059 740 1119 συνόδων
795 1066 829 1133 ἡ
874 1064 1085 1140 δευτέρα
1126 1070 1186 1124 τὸ
1245 1075 1462 1145 Πνεῦμα
1517 1071 1578 1126 τὸ
1608 1070 1759 1148 ἅγιον
1799 1072 1863 1125 εκ
1890 1057 2002 1128 ’τοῦ

348 1150 555 1238 Πατρὸς
615 1149 1006 1234 ἐκπορεύεσθαι,
1064 1153 1323 1221 διεδέξατο
1364 1160 1400 1226 ἡ
1443 1159 1617 1238 τρίτη,
1690 1156 2000 1215 ἐϐεϐαίωσεν

344 1237 382 1303 ἧ
415 1237 688 1326 ξτετάρτη,
749 1244 1034 1323 σύμψηφος
1076 1243 1113 1310 ἦ
1174 1244 1393 1320 πέμπτη
1447 1237 1699 1326 κατέστη,
1774 1248 1996 1316 συνεκή-

345 1321 563 1414 ρυξεννὴ
604 1325 757 1403 ἕκτη,
802 1321 1155 1410 ἔπεσιρράγισε
1199 1331 1455 1414 λαμπρῶς
1513 1321 1857 1413 ἆγονίσμασιν
1908 1335 1998 1411 (1)

342 1414 382 1481 ἧ
441 1411 641 1491 ιεδδόμη
679 1433 691 1446 ⁸
740 1419 857 1476 καθ’
888 1419 1117 1489 ἑκάστην
1196 1411 1368 1479 αὐτῶν
1412 1422 1522 1479 ἔστι
1552 1411 1848 1503 περιφανως
1904 1445 1999 1479 κα-

344 1504 502 1579 θορᾷν
531 1505 1027 1584 παρῤησιαζομένην
1077 1514 1177 1578 τὴν
1219 1509 1514 1586 εὐσέϐειαν,
1570 1515 1657 1569 καὶ
1699 1515 1760 1568 τὸ
1790 1519 2001 1588 Πνεῦμα

348 1598 446 1681 τοῦ
506 1596 734 1672 Πατρὸς,
794 1595 916 1654 ἀλλ’
974 1601 1031 1654 οὑ
1085 1607 1176 1657 τοῦ
1258 1602 1377 1660 Υἱοῦ
1433 1601 1521 1681 (2)
1594 1600 2002 1680 θεολογούμενον

352 1677 742 1767 εκπορεύεσθαι.
803 1686 874 1742 Σὲ
930 1684 985 1743 δὲ
1036 1688 1115 1751 τίς
1185 1687 1353 1767 ἀγέλη
1420 1677 1739 1747 δυσσεϐοῦσα
1763 1677 1772 1680 ⁷
1793 1687 2002 1766 μετεδὲ-

350 1764 493 1837 δαξε,
538 1769 616 1833 τίς
658 1773 763 1828 τῶν
820 1772 1355 1849 ἀντινομοθετούντων
1401 1779 1478 1850 τῷ
1538 1779 1786 1852 Δεσπότῃ
1829 1799 1999 1835 κατα-

354 1870 539 1915 πεσεῖν
582 1860 654 1925 εἰς
698 1860 954 1938 ἀθέσμους
995 1860 1146 1929 δόξας
1187 1864 1496 1944 ὑπηγάγετο
1528 1884 1544 1944 ς

962 1964 1383 2020 ΑΝΤΙΡΡΠΣΙΣ.

431 2035 512 2109 Ε’,
547 2044 721 2110 Οὐδεὶς
751 2050 894 2105 ἔστιν
936 2049 1140 2127 ἀγνοῶν
1170 2052 1232 2108 τὸ
1287 2053 1427 2130 παρὰ
1469 2058 1576 2109 τῶν
1620 2053 1998 2126 οἱκουμενικῶν

344 2132 480 2190 ἐπτά
519 2133 757 2210 συμόδων
800 2136 854 2193 ἐν
896 2144 973 2213 τῷ
1029 2136 1279 2214 συμϐόλῳ
1325 2140 1770 2219 ἀναγινώσκεσθαι
1801 2141 1863 2198 ἐκ
1908 2147 2000 2198 τοῦ

344 2225 553 2303 Πατρὸς
608 2226 671 2281 τὸ
712 2232 925 2302 Πνεῦμα
998 2227 1417 2304 ἐκπορευόμενον
1447 2247 1461 2262 ⁸
1521 2229 1658 2286 ἀλλά
1696 2231 1785 2287 καὶ
1834 2229 1996 2293 οὐδεὶς

347 2316 447 2378 τῆς
477 2312 723 2379 ἀληθείας
767 2314 915 2398 φίλος
945 2317 1162 2394 ἀρνήσει
1193 2320 1220 2373 ὁ
1275 2319 1374 2392 μὲν
1416 2319 1483 2375 τὰ
1525 2317 1558 2373 ἂ
1604 2317 1689 2398 (3)
1736 2320 1870 2376 κατά
1898 2318 1996 2385 τὴν

351 2398 674 2468 Ἐκκλησίαν
728 2404 826 2469 τῆς
889 2394 1100 2479 Ῥώμης
1148 2405 1385 2484 γέγονεν,
1460 2394 1729 2488 ὲξετςέσας,
1776 2408 1853 2483 μὴ
1912 2408 1997 2475 καὶ

353 2489 518 2556 αὗτὴν
587 2491 650 2546 τὸ
704 2498 940 2548 τοιοῦτον
1014 2493 1333 2564 ἀσπάζεσθαι
1385 2493 1649 2570 σύμϐολον
1706 2497 1794 2552 καὶ
1863 2496 1997 2551 κατά

352 2577 562 2657 ωιροῦς
618 2578 703 2636 ἔπ’
760 2579 1077 2648 Ἐκγλησίας
1138 2582 1517 2660 ἀναγινώσκειν
1546 2585 1747 2661 τρανῶς
1782 2604 1794 2617 ·
1856 2581 1996 2639 ἔστιν

354 2665 443 2723 ὅτε
484 2669 573 2725 καὶ
613 2667 918 2736 Ἑλληνιστί
945 2691 995 2725 τι
1033 2670 1188 2727 τοῦτο
1230 2682 1482 2731 ποιοῦσαν
1530 2670 1796 2729 δεικνύσαν
1853 2673 1992 2728 πάν-

350 2777 481 2835 τως,
512 2758 586 2822 ὡς
630 2760 723 2816 οὒκ
750 2760 805 2813 ἒν
844 2756 1065 2837 λέξεσιν,
1101 2756 1220 2816 ἀλλ’
1276 2760 1330 2815 ἐν
1372 2763 1592 2824 ἐννοίαις
1645 2762 1706 2817 τὸ
1759 2758 1996 2820 εὐσεϐεῖν

352 2842 695 2916 σπουδάζεται
754 2845 878 2927 παρ’
937 2851 1070 2923 αὐτῇ
1102 2864 1117 2878 ⁸
1177 2850 1221 2903 εἱ
1277 2849 1376 2928 γὰρ
1424 2849 1502 2925 μὴ
1555 2846 1698 2905 τοῦτ’
1727 2850 1793 2917 ἦν
1849 2850 1995 2929 τάχα

350 2932 411 2989 ἃν
472 2936 565 2991 οὐκ
592 2931 834 3001 ὤκνησεν
880 2933 1012 3002 αὕτη
1069 2935 1165 2990 κᾶν
1217 2941 1285 3012 τῇ
1343 2935 1659 3016 εὖαγγελικῇ
1689 2940 1993 3015 προσθεῖναι

345 3018 511 3086 πυξίδι
574 3020 661 3101 (4)
715 3023 814 3090 τὴν
858 3022 912 3079 ἐν
974 3030 1051 3098 τῷ
1107 3021 1357 3099 συμϐόλῳ
1410 3024 1702 3103 γενομένην
1752 3026 1991 3105 προσθή-

1183 304 1618 368 REFUTATIO
1660 300 2033 366 ΡΗΟΤΙΑΝΙ
2078 305 2287 368 LIBRI
2332 307 2430 369 DE
2473 306 2782 370 SPIRITU
2833 310 2891 372 S.

1005 434 1488 496 καθυποϐἀλλεσθαι
1557 437 1842 511 ἆναθέματι
1888 435 2006 500 τοὺς

2092 441 2150 496 et
2202 436 2426 518 animo,
2485 436 2625 499 dum
2681 438 2900 500 asseris
2955 438 3342 501 condemnari
3394 439 3727 503 aPatribus

3605 310 3725 373 742

2082 531 2142 584 et
2169 524 2347 586 veluti
2379 526 2685 588 catholicae
2715 525 2997 588 Ecclesiae
3025 536 3462 608 contemptores
3490 530 3730 593 anathe-

2083 612 2223 673 mati
2251 612 2489 693 subjici,
2524 617 2866 695 quicunque
2894 634 2961 677 ex
2993 614 3165 678 Patre
3196 635 3302 697 per
3322 616 3535 679 Filium
3569 634 3626 678 et
3655 637 3726 680 ex

2082 709 2333 782 utroque
2388 704 2678 783 Spiritum
2733 704 3060 785 procedere
3104 713 3163 767 et
3192 704 3482 769 exsistere
3510 707 3728 769 docent

2081 798 2259 870 atque
2292 802 2684 872 propugnant.

2748 886 3060 951 TEXTUS.

2162 976 2222 1037 5.
2246 976 2467 1039 Deﬁnit
2513 979 2707 1039 statim
2749 980 3169 1041 universalium
3190 990 3600 1043 etsanctarum
3622 1001 3724 1045 se-

2085 1072 2242 1143 ptem
2273 1064 2633 1144 synodorum
2685 1068 2972 1142 secunda,
3027 1069 3311 1149 Spiritum
3358 1081 3624 1132 sanctum
3656 1091 3726 1133 ex

2082 1151 2254 1214 Patre
2279 1156 2641 1232 procedere:
2671 1156 2908 1235 excepit
2934 1157 3126 1229 tertia,
3161 1158 3725 1240 conﬁrmavitquar-

2083 1242 2526 1315 ta;suffragata
2575 1252 2664 1304 est
2714 1244 2940 1325 quinta,
2996 1245 3338 1324 praedicavit
3367 1257 3553 1320 sexta,
3611 1247 3724 1309 ob-

2081 1329 2331 1407 signavit
2362 1330 2534 1391 claris
2563 1331 2989 1393 certaminibus
3045 1333 3331 1412 septima;
3363 1334 3423 1395 in
3465 1336 3730 1415 qualibet

2081 1417 2316 1479 illarum
2347 1426 2435 1479 est
2491 1419 2793 1480 luculente
2855 1438 3106 1481 cetnere
3138 1421 3321 1482 licere
3352 1424 3725 1502 praedicatam

2085 1507 2388 1586 pietatem,
2423 1508 2824 1588 traditumque
2872 1509 2947 1570 de
2991 1506 3233 1588 Spiritu,
3268 1508 3433 1571 illum
3467 1531 3500 1572 a
3529 1515 3722 1578 Patre.

2084 1613 2203 1657 non
2229 1606 2425 1658 autem
2447 1616 2480 1657 a
2496 1595 2645 1657 Filio
2670 1602 3019 1677 procedere.
3060 1596 3142 1659 Te
3165 1616 3300 1659 vero
3319 1599 3591 1680 quisnam
3608 1602 3727 1662 im-

2086 1684 2319 1765 piorum
2348 1705 2487 1762 grex
2514 1686 2750 1748 diversa
2779 1687 3009 1749 sentire
3050 1686 3272 1767 docuit,
3295 1690 3391 1768 qui
3423 1707 3490 1751 ex
3523 1688 3596 1750 iis
3626 1690 3725 1771 qui

2085 1773 2339 1837 Domino
2370 1775 2665 1835 contraria
2720 1774 3014 1855 sanciunt,
3063 1774 3124 1835 in
3155 1775 3470 1854 opiniones
3493 1774 3729 1859 iniquas

2022 1836 2061 1886 B
2082 1836 2146 1924 ut
2175 1861 2471 1924 delaberis
2503 1861 2744 1925 effecit?

2667 1954 2829 2018 REF
2832 1953 2884 2017 U
2888 1953 2978 2017 TA
2999 1954 3150 2017 T10.

2161 2045 2231 2110 V.
2260 2046 2446 2108 Nemo
2502 2055 2592 2109 est
2621 2047 2723 2127 qui
2775 2047 3004 2125 ignoret
3029 2047 3181 2127 apud
3214 2049 3602 2112 aecumenicas
3627 2069 3723 2114 se-

2081 2144 2245 2215 ptem~
2269 2135 2525 2217 synodos
2557 2136 2670 2215 legi
2718 2136 2781 2198 in
2810 2134 3100 2216 symbolo,
3135 2155 3201 2197 ex
3238 2139 3413 2199 Patre
3435 2138 3721 2218 Spiritum

2081 2225 2430 2304 procedere.
2466 2226 2739 2286 Altamen
2773 2242 2948 2285 nemo
2985 2224 3248 2286 velitatis
3277 2225 3503 2288 amicus
3536 2246 3724 2307 nega-

2077 2312 2248 2385 verit,
2278 2314 2377 2394 qui
2407 2332 2476 2374 ea
2522 2332 2653 2394 quae
2683 2313 2740 2373 in
2771 2311 3036 2375 Romana
3068 2313 3333 2375 Ecclesia
3363 2324 3524 2394 gesta
3552 2325 3712 2393 sunt,

2079 2402 2254 2463 fuerit
2281 2409 2599 2475 scrutatus,
2631 2402 2820 2482 ipsam
2852 2418 3087 2481 quoque
3125 2401 3282 2463 idem
3313 2403 3555 2465 omnino
3584 2424 3716 2466 am-

2078 2491 2258 2571 plecti
2289 2491 2616 2571 symbolum
2650 2500 2708 2551 et
2747 2490 2869 2551 suis
2910 2489 3276 2571 temporibus
3304 2491 3460 2553 clare
3488 2502 3547 2554 et
3576 2512 3715 2574 per—

2078 2580 2282 2658 spicue
2313 2581 2585 2654 recitare,
2620 2579 2740 2639 imo
2794 2579 3087 2640 interdum
3118 2578 3247 2659 ipsa
3287 2578 3489 2642 Graeca
3520 2581 3721 2661 lingua

2077 2668 2221 2729 illud
2238 2669 2438 2729 recitat
2459 2667 2812 2748 (a),omnino
2826 2668 3366 2744 ostendens,nonin
3388 2669 3718 2745 verbis,sed

2076 2756 2137 2817 in
2168 2756 2479 2818 sententiis
2506 2775 2571 2817 se
2593 2756 2833 2816 studere
2855 2756 3076 2835 pietati.
3104 2756 3228 2819 Nisi
3258 2757 3417 2819 enim
3440 2758 3520 2819 ita
3533 2777 3631 2820 res
3653 2778 3718 2823 se

2076 2844 2625 2925 haberet,protinus
2645 2843 2773 2922 ipsa
2790 2845 2952 2906 vocis
2971 2845 3334 2906 additionem
3353 2846 3415 2907 in
3436 2848 3713 2926 Symbolo

2076 2933 2290 2996 factam
2314 2934 2427 3014 ipsi
2450 2934 2792 3012 evangelido
2814 2933 2996 2994 textui
3012 2934 3286 2996 inserere
3310 2935 3467 2997 haud
3486 2935 3725 2999 dubita~

2074 3030 2191 3085 ret.
2214 3023 2437 3083 Verum
2460 3021 2606 3083 nihil
2626 3021 2921 3100 ejusmodi
2941 3040 3011 3084 ea
3030 3022 3231 3085 facere
3252 3042 3395 3085 ausa
3411 3025 3634 3087 estsed
3659 3035 3719 3087 et

346 3130 448 3176 κην
492 3109 567 3188 (5)
603 3128 616 3141 ’
652 3116 749 3177 τῆς
793 3110 983 3177 λέξεως
1017 3133 1031 3150 ο
1077 3114 1112 3181 ἡ
1144 3110 1199 3168 δὲ
1242 3112 1359 3170 οὕτε
1389 3114 1438 3169 τί
1465 3121 1708 3171 τοιοῦτον
1735 3113 2017 3195 ἀπηναισ-Ι

2079 3112 2132 3173 si
2159 3111 2576 3190 interrogatur,
2612 3130 2715 3190 pro
2748 3109 3097 3209 defensione
3125 3129 3233 3173 sua
3258 3111 3603 3193 respondet,
3637 3113 3717 3176 ita

347 3200 638 3276 χύντησεν,
694 3198 831 3259 ἀλλά
897 3202 985 3258 καὶ
1045 3200 1362 3279 ἐρωτωμένη
1447 3201 1791 3284 ἀπολογεῖται
1861 3203 1998 3260 οὕτω

2080 3219 2143 3262 se
2164 3199 2366 3261 dicere
2394 3199 2678 3280 Spiritum
2711 3198 3035 3279 procedere
3063 3218 3133 3260 ex
3160 3201 3338 3262 Patre
3369 3209 3426 3261 et
3449 3200 3621 3277 Filio,
3655 3210 3719 3263 ut

346 3288 522 3367 λέγειν
548 3291 610 3345 τὸ
652 3294 862 3364 Πνεῦμα
919 3290 980 3345 ἐκ
1036 3291 1238 3370 Πατρός
1286 3293 1375 3349 καὶ
1427 3295 1549 3351 Υἱοῦ
1602 3292 1992 3370 ἐκπορεύεσθαι,

348 3378 421 3441 ὠς
467 3376 633 3453 μηδὲν
691 3375 956 3458 διάφορον,
1009 3380 1140 3436 ποτὲ
1189 3382 1289 3455 μὲν
1332 3379 1506 3460 λέγειν
1536 3379 1595 3437 ἐκ
1632 3384 1836 3461 Πατρὸς
1870 3382 1995 3438 αὐτό

350 3467 615 3544 προϊέναι,
648 3467 777 3523 ποτὲ
820 3466 875 3523 δὲ
923 3467 983 3525 ἐκ
1023 3468 1227 3548 Πατρός
1277 3471 1366 3526 καὶ
1424 3472 1546 3526 1⁸ἱοῦ
1580 3487 1593 3501 ⁸
1639 3472 1728 3527 καὶ
1772 3467 1991 3527 ἀπόδει-

350 3553 425 3619 ξιν
466 3562 571 3612 τῶν
614 3555 819 3611 οἰκείων
862 3554 1036 3636 λόγων
1089 3571 1328 3615 ποιεῖται
1370 3558 1464 3623 τάς
1522 3566 1627 3615 τῶν
1682 3556 1806 3637 παρ’
1856 3561 1993 3634 ἡμῖν

346 3644 611 3721 θεολόγων
655 3643 900 3721 Πατὲρων
943 3646 1164 3725 γραφὰς,
1208 3648 1283 3702 ὧν
1339 3649 1386 3702 οἱ
1425 3647 1520 3723 μὲν
1550 3647 1611 3705 ἐκ
1665 3647 1867 3726 Πατρός
1898 3648 1990 3704 εἴ-

346 3754 448 3789 πον
499 3735 560 3789 τὸ
618 3735 827 3808 Πνεῦμα
882 3734 1257 3815 προέρχεσθαι,
1317 3736 1416 3803 τὴν
1464 3736 1682 3815 πρώτην
1710 3738 1796 3792 καὶ
1826 3735 1990 3813 ἄναρ-

342 3844 446 3900 χον
502 3822 668 3879 αἷτίαν
719 3820 999 3889 δηλοῦντες
1042 3828 1162 3881 Υἱοῦ
1215 3845 1272 3879 τε
1326 3826 1416 3881 καὶ
1472 3827 1799 3901 Πνεύματος,
1846 3829 1893 3883 οἱ
1935 3824 1989 3881 δὲ

341 3910 402 3964 ἐκ
444 3912 648 3989 Πατρὸς
707 3909 790 3967 διὰ
842 3914 983 3988 Υἱοῦ,
1029 3913 1129 3971 τὴν
1184 3912 1244 3969 ἐκ
1297 3918 1393 3981 τῆς
1423 3914 1639 3993 πρώτης
1670 3914 1836 3978 αἰτίας
1867 3912 1987 3971 διά-

342 4021 499 4078 φορον
551 4004 658 4055 τῶν
714 4001 962 4057 αἷτιατῶν
1019 4000 1098 4081 (6)
1158 4000 1376 4081 πρόοδον
1433 4001 1823 4082 διασαφοῦντες,
1869 4001 1986 4069 ἥτις

343 4086 454 4144 ἐστὶ
518 4090 604 4163 τὸ,
662 4090 723 4146 τὸ
778 4090 876 4165 μὲν
906 4091 1189 4171 προσεχῶς
1241 4092 1301 4147 ἐκ
1340 4100 1430 4149 τοῦ
1458 4092 1690 4170 πρώτου,
1723 4091 1782 4146 τὸ
1824 4088 1878 4146 δὲ
1903 4087 1987 4145 διὰ

346 4187 438 4236 τοῦ
478 4185 761 4259 προσεχῶς
806 4178 866 4236 ἐκ
893 4183 986 4237 τοῦ
1014 4180 1219 4259 πρώτου
1260 4184 1632 4260 προερχεσθαι.

1003 4279 1345 4332 KEIMENON

2077 3288 2226 3350 nihil
2255 3289 2506 3358 diderat,
2542 3289 2720 3349 modo
2765 3287 3007 3366 quidem
3038 3306 3107 3349 ex
3137 3289 3315 3351 Patre
3343 3288 3548 3352 dicere
3577 3308 3715 3351 eum

2078 3378 2339 3457 prodire,
2368 3378 2544 3439 modo
2566 3386 2761 3438 autem
2782 3395 2850 3438 ex
2876 3378 3047 3439 Patre
3076 3385 3136 3438 et
3164 3376 3314 3439 Filio
3337 3397 3353 3449 ;
3374 3386 3433 3438 et
3461 3378 3713 3439 demon-

2073 3468 2416 3527 strationem
2450 3465 2709 3547 propria:
2736 3465 3022 3527 doctrinae
3043 3465 3187 3546 petit
3213 3484 3284 3528 ex
3315 3465 3485 3527 libris
3505 3484 3713 3529 eorum

2074 3554 2176 3632 qui
2211 3554 2366 3635 apud
2400 3574 2507 3617 nos
2537 3562 2674 3616 sunt
2703 3554 2961 3634 theologi
2991 3555 3483 3635 Patres,quorum
3514 3555 3613 3617 alii
3644 3573 3714 3617 ex

2073 3642 2244 3705 Patre
2267 3643 2543 3705 dixerunt
2566 3643 2847 3724 progredi
2867 3642 3178 3723 Spiritum,
3203 3643 3454 3724 primam
3477 3652 3536 3705 et
3554 3644 3714 3725 prin-

2073 3732 2209 3812 cipii
2241 3742 2545 3813 expertem
2569 3750 2804 3794 causam
2827 3730 3265 3793 manifestantes
3286 3739 3407 3793 tum
3433 3731 3567 3794 Filii
3586 3742 3709 3795 tum

2073 3821 2456 3901 Spiritus,alii
2479 3839 2612 3883 vero
2635 3840 2704 3883 ex
2731 3824 2906 3884 Patre
2929 3838 3036 3900 per
3064 3820 3301 3898 Filium,
3335 3820 3708 3883 diﬂ‘erentem

2070 3909 2557 3991 principiatorum
2590 3928 2658 3971 ex
2686 3909 2875 3989 primo
2901 3909 3193 3990 principio
3221 3928 3595 3990 progressum
3615 3910 3712 3971 de-

2068 3999 2384 4072 clarantes,
2418 3997 2519 4079 qui
2549 3999 2609 4060 in
2641 4016 2710 4060 eo
2743 4005 2853 4079 est,
2888 3997 3044 4078 quod
3072 3999 3323 4060 alterum
3359 3999 3624 4079 proxime
3655 4007 3714 4060 et

2068 4087 2342 4166 contigue
2397 4107 2468 4148 ex
2533 4087 2744 4168 primo,
2811 4087 3062 4149 alterum
3120 4106 3257 4148 vero
3305 4105 3411 4168 per
3438 4088 3520 4164 id,
3555 4087 3710 4168 quod

2069 4176 2333 4256 proxime
2363 4184 2421 4238 et
2450 4175 2728 4255 contigue
2760 4193 2827 4237 ex
2857 4177 3049 4251 primo
3072 4185 3184 4255 est,
3207 4178 3293 4254 (ὁ)
3310 4176 3706 4257 progreditur.

2736 4265 3047 4330 TEXTUS.

428 4355 510 4439 ς’
540 4364 703 4423 Ἀλλά
757 4366 1029 4423 κάντεῦθεν
1073 4364 1213 4422 ἔστιν
1255 4367 1426 4422 αὐτῶν
1469 4365 1705 4444 φωράσαι
1748 4366 1807 4421 τὸ
1861 4363 2017 4442 δυσ-ι

2148 4361 2206 4422 6.
2244 4361 2457 4422 Verum
2490 4359 2631 4421 hinc
2656 4378 2891 4440 quoque
2921 4361 3129 4421 horum
3163 4357 3435 4440 impietas
3465 4361 3710 4442 Deoque

346 4452 497 4517 σεϐὲς
554 4456 641 4511 καὶ
695 4456 826 4533 πρὸς
866 4456 1158 4536 θεομαχίαν
1201 4455 1492 4530 αὐτόνομον
1526 4472 1541 4489 ⁸
1589 4455 1632 4510 εἰ
1663 4455 1761 4534 γὰρ
1813 4454 1985 4514 πάντα

343 4540 443 4599 ὅσα
512 4546 623 4600 εστὶ
691 4545 843 4602 κοινὰ
910 4546 1045 4605 κατὰ
1126 4544 1224 4611 τὴν
1307 4541 1585 4623 ἀδιάφορον
1638 4544 1726 4599 καὶ
1784 4542 1980 4623 ἀμερῆ,

936 4713 1318 4792 ἀγωνίσμασιν.
1403 4711 1739 4773 Laurent.:
1825 4715 1981 4788 Λαμ-

425 4710 510 4790 (1)
582 4717 847 4792 Λαμπρῶς

570 4873 752 4935 Laur.
828 4874 889 4930 ἑκ
956 4880 1049 4930 τοῦ
1130 4874 1361 4953 Πατρὶς,
1420 4869 1539 4928 ἀλλ’
1602 4871 1696 4928 οὒκ
1767 4871 1828 4929 ἐκ
1890 4878 1983 4929 τοῦ

348 4962 375 5008 ὶ
409 4957 490 5008 οῦ.

409 4974 490 5013 Ου,

433 5030 512 5112 (3)
548 5031 694 5112 Cod.
726 5029 903 5094 habet
929 5034 996 5089 τὰ
1026 5041 1274 5096 tantum.

437 5110 521 5193 (4⁷)
557 5110 727 5194 Saepe
761 5114 885 5175 haec
917 5131 1025 5194 vox
1070 5115 1221 5194 apud
1254 5114 1520 5194 Beccum
1545 5111 1808 5176 occurrit
1827 5131 1890 5194 _v.
1924 5130 1981 5190 g.

345 5189 555 5275 aqua.
587 5189 754 5275 Eccl.
786 5212 840 5256 ιτ.
882 5202 903 5253 1
940 5191 1041 5268 (G.
1075 5189 1147 5257 Ο.
1193 5192 1239 5255 Ι.
1274 5193 1375 5275 6|)
1412 5212 1428 5252 :
1477 5193 1574 5262 τῆς
1634 5189 1982 5272 summa:

343 5270 553 5338 πυξιδος
583 5271 952 5350 ἐδανεισάμην.

427 5352 511 5435 (5)
534 5352 634 5435 Ct‘.
667 5349 839 5416 Becc.
873 5355 941 5418 L.
974 5351 1053 5420 III
1080 5353 1154 5417 ad
1183 5352 1412 5418 Theod.
1445 5354 1587 5434 Sug.
1613 5371 1666 5417 ο.
1695 5354 1755 5419 4.
1785 5351 1879 5435 (G.
1912 5349 1981 5415 Ο.

335 5428 394 5494 II
425 5428 832 5512 15.109440.)

425 5511 758 5594 (ϐλδιίΐὶρι.
798 5511 1073 5575 αἳτιωτῶν.

427 5592 766 5674 ta)lnMi$sa
790 5597 1210 5659 nonnullarum
1233 5592 1986 5674 occidentaliumEcclesia-

344 5672 834 5753 rum’symbolum
846 5675 1197 5741 olimGrtece
1208 5675 1758 5757 quoquerecitatum
1776 5673 1977 5749 fuisse,

2066 4467 2403 4529 repugnans
2430 4448 2671 4509 licentia
2702 4448 3012 4509 refutatur.
3046 4448 3110 4511 Si
3141 4447 3300 4510 enim
3322 4467 3707 4529 quaecumque

2066 4547 2203 4599 sunt
2223 4536 2559 4599 communia
2602 4537 2931 4599 secundum
2961 4537 3400 4599 inditl‘erentem
3422 4544 3483 4599 et
3499 4537 3711 4600 indivi-

2065 4707 2220 4768 sicut
2239 4705 2418 4768 hodie
2443 4706 2821 4788 Evangelium
2838 4714 2895 4768 et
2913 4704 3173 4788 Epistola
3190 4706 3251 4768 iu
3268 4706 3444 4788 Missa
3455 4704 3710 4788 solemni

2064 4789 2314 4850 Romani
2343 4786 2648 4849 Pontiﬁcis
2669 4789 2871 4850 Graece
2894 4785 3133 4867 quoque
3174 4787 3519 4867 recitantur,
3543 4785 3706 4847 nullo

2068 4867 2244 4958 modo
2267 4867 2684 4958 improbabile,
2718 4867 2837 4928 imo
2866 4866 3232 4958 exploratum
3261 4866 3494 4958 censeri
3523 4867 3709 4958 debet

2072 4965 2142 5009 ex
2165 4947 2239 5008 iis
2268 4947 2400 5028 qua;
2424 4947 2700 5024 leguntur
2727 4947 2881 5028 apud
2914 4951 3178 5011 Martene
3199 4948 3275 5009 de
3315 4947 3570 5028 antiquis
3592 4947 3706 5009 Ec-

2072 5028 2269 5089 clesiae
2299 5027 2556 5089 retrihus
2579 5038 2620 5090 t.
2643 5026 2690 5106 Ι,
2721 5026 2859 5106 1,.1,
2883 5046 2936 5090 c.
2956 5029 3018 5103 3,
3051 5038 3162 5092 art.
3189 5028 3296 5092 ult.
3330 5036 3388 5090 et
3405 5026 3707 5106 Selvaggio

2071 5047 2269 5089 clesue
2299 5047 2556 5089 retnnus
2579 5047 2620 5090 ι.
2643 5047 2690 5109 ι,
2721 5047 2786 5092 Ιλ.
2811 5047 2834 5089 ι
2883 5047 2936 5090 ς.
2956 5047 3018 5103 ὗ,
3051 5047 3162 5092 art.
3189 5047 3296 5092 υιι.
3330 5047 3388 5090 ει
3406 5047 3701 5106 δεῖνεεειο

2073 5108 2367 5190 Antiquit.
2431 5108 2635 5171 christ.
2701 5109 2768 5171 L.
2822 5076 2898 5171 1’1.
2935 5109 3000 5171 P.
3048 5107 3123 5184 u,
3177 5127 3311 5189 cap.
3344 5112 3404 5190 ι,
3436 5108 3465 5188 §
3493 5108 3547 5182 ι,
3580 5115 3701 5170 not.

2066 5188 2226 5350 υηξὸ)
2262 5265 2409 5350 Haec
2429 5266 2752 5350 notissima
2785 5276 2922 5330 sunt
2942 5267 3139 5350 Yerba
3160 5268 3428 5350 Gregorii
3460 5265 3709 5350 Nysseni

2067 5348 2127 5410 in
2153 5347 2259 5412 lib.
2285 5348 2358 5408 ad
2383 5347 2699 5410 Ablabium
2717 5347 2870 5429 Opp.
2898 5357 2939 5409 t.
2962 5347 3036 5425 II,
3108 5395 3123 5409 .
3147 5347 3710 5430 459.quibus'etiam

2070 5427 2360 5491 expositio
2391 5429 2531 5490 ﬁdei
2558 5448 2591 5490 a
2621 5427 2904 5491 Gregorio
2937 5428 2999 5490 P.
3037 5369 3114 5491 ἆ
3136 5430 3208 5491 ad
3243 5427 3599 5491 Germanum
3629 5427 3705 5491 ΙΙ.

2070 5427 2360 5507 expositio
2391 5429 2531 5490 ﬁdei
2558 5448 2591 5490 a
2621 5427 2904 5507 Gregorio
2937 5428 2999 5490 P.
3037 5427 3114 5491 1X
3136 5430 3208 5491 ad
3243 5427 3599 5496 Germanum
3629 5427 3705 5506 Il,

2069 5508 2465 5588 patriarcham
2520 5509 2703 5591 missa
2729 5507 2907 5591 (Opp.
2942 5509 3008 5572 S.
3039 5507 3274 5573 Maximi
3302 5510 3400 5573 ed.
3432 5507 3701 5574 Combef.

2071 5609 2108 5653 t.
2144 5592 2217 5664 ll,
2257 5610 2313 5670 p.
2351 5593 2485 5663 69!)
2516 5589 2808 5655 utebatur.
