4240 6300
468 324 584 391 743

1547 328 1756 388 .ῐΟΑΝ.
1807 326 2023 388 VECCI
2072 325 2181 383 GP.
2241 320 2749 385 PATRIARCHA']

3724 321 3841 385 744

464 459 638 522 (luam
668 459 1124 539 simplicemque
1148 477 1217 519 ac
1248 456 1606 536 singularem
1632 455 2098 518 communitatem

2199 451 2373 521 ἁπλῆν
2432 475 2489 511 τε
2550 456 2637 511 καὶ
2696 454 2891 512 ἑνιαίαν
2960 458 3240 524 κοινότητα
3304 456 3575 536 [φυσικοῖς
3618 457 3841 533 ὀνόμασι

466 549 862 629 (naturalibus
894 546 1238 609 nominibus
1270 545 1663 623 manifestata)
1700 564 1714 620 ;
1751 545 2111 627 si,inquam,

463 657 833 718 quaecunque
892 638 1101 699 horum
1154 635 1400 715 Spiritui
1436 643 1493 694 et
1530 634 1689 696 Patri
1720 633 1955 714 adsunt,
1989 634 2116 696 haec

461 726 610 788 Filio
672 745 906 806 quoque
964 725 1210 799 insunt;
1243 722 1518 785 similiter
1548 730 1605 785 et
1634 741 2021 803 quascumque
2052 722 2113 782 in

462 816 679 896 Spiritu
704 825 761 876 et
787 814 934 877 Filio
960 813 1703 891 intelliguntur,ueqneunt
1732 812 1884 872 Patri
1906 811 2111 873 itidem

464 908 700 982 negari;
759 903 878 963 imo
936 921 1046 962 nec.
1079 910 1273 975 potest
1300 900 1545 981 Spiritui
1578 899 1759 960 adimi
1788 901 2112 980 quidquam

462 1009 693 1064 eorum,
726 1008 856 1070 quae
885 989 1034 1051 Filio
1090 999 1147 1051 et
1194 992 1344 1051 Patr:
1379 987 1589 1048 adsunt
1621 1009 1636 1061 ;
1670 995 1808 1067 puta
1833 1006 2108 1067 regnum,

462 1080 713 1154 bonitas,
747 1078 1090 1140 substantia)
1109 1076 1782 1158 supersubstantialitas.
1810 1077 2111 1157 incompa-

462 1168 665 1230 rabilis
718 1169 927 1241 virtus,
1007 1168 1323 1245 aeternitas,
1407 1166 1690 1227 immunis
1772 1184 1807 1226 a
1860 1184 2109 1246 corpore

459 1258 864 1338 spiritualitas,
892 1267 1238 1337 cateraaque
1270 1257 1601 1316 innumeras
1622 1254 1680 1314 id
1716 1273 1903 1333 genus
1935 1272 2109 1315 voces

458 1347 674 1427 quibus
705 1346 1072 1407 divinissima
1104 1346 1180 1406 de
1222 1344 1451 1405 Deitate
1503 1343 1773 1404 doctrina
1804 1343 2110 1405 catholicis

460 1436 568 1496 fuit
589 1435 663 1496 ab
683 1434 853 1495 initio
878 1434 1110 1494 tradita.
1136 1432 1199 1495 Si
1227 1451 1368 1511 ergo
1391 1432 1514 1492 hac
1537 1432 1617 1493 ita
1654 1433 2110 1493 considerantur

459 1533 513 1585 et
547 1542 722 1584 nemo
781 1522 1246 1586 Christianorum
1280 1520 1355 1580 iis
1394 1520 1693 1582 adversari
1722 1521 1919 1596 ausit;
1942 1522 2109 1600 juxta

456 1631 596 1673 vero
620 1611 958 1673 hiereticam
1020 1611 1192 1671 istam
1225 1610 1614 1671 temeritatem
1662 1610 1919 1689 Spiritus
1961 1628 2106 1690 pro-

456 1700 648 1763 cessio
673 1700 831 1762 Patri
851 1709 910 1762 et
932 1699 1081 1761 Filio
1108 1699 1443 1760 communis
1464 1707 1574 1772 est,
1594 1698 1849 1778 Spiritus
1871 1717 2108 1778 quoque

2196 544 2551 621 γνωρίζόμενα
2783 562 2797 576 ⁶
2832 546 2876 601 εί
2931 546 3103 603 πάντα
3145 545 3244 603 ὅσα
3297 548 3495 604 τούτων
3535 547 3646 602 ἐστι
3680 546 3841 603 Πνεύ-

2195 655 2364 708 ματος
2406 637 2494 691 καὶ
2544 636 2768 713 Πατρὸς,
2802 642 2964 692 ταῦτα
2994 635 3076 714 (2)
3122 635 3369 713 πρόσεστι
3425 636 3512 692 καὶ
3539 641 3616 710 τῷ
3682 637 3787 710 Υἱῷ
3819 650 3834 664 ⁸

2195 724 2445 787 ὡπαύτως
2486 721 2542 778 δὲ
2584 726 2669 781 καὶ
2723 722 2806 804 (3)
2839 724 2936 781 ὅσα
2987 723 3317 803 ἕνθεωρετται
3346 732 3423 799 τῷ
3464 723 3726 799 Πνεόματι
3759 722 3838 803 (4)

2195 813 2283 867 καὶ
2350 813 2455 886 Υἱῷ
2507 814 2601 868 οὐκ
2669 810 2779 868 ἔστι
2834 813 2913 887 μὴ
2970 811 3349 890 συνομολογεῖν
3392 814 3707 892 ἐνυπάρχειν
3747 811 3834 891 (5)

2194 902 2281 956 καὶ
2332 907 2409 975 τῷ
2464 904 2647 977 Πατρὶ,
2703 905 2763 960 οὒ
2819 904 2896 979 (6)
2967 902 3097 977 μὴν,
3148 900 3268 958 ἀλλ’
3311 899 3416 957 οὺδ’
3473 900 3571 958 ὅσα
3620 905 3723 976 Υ·ἱῷ
3751 903 3841 958 καὶ

2194 989 2354 1067 Πατρὶ
2429 987 2543 1047 οὐδὲ
2627 990 2826 1045 τούτων
2905 988 3051 1046 οὸδὲν
3105 990 3215 1046 ἔστι
3271 999 3364 1048 τοῦ
3414 991 3717 1063 Πνεύματος
3762 989 3838 1064 (7)

2192 1077 2506 1157 ἀποστερεῖν
2540 1093 2553 1107 ⁸
2617 1078 2781 1135 ἐννόει
2851 1102 2941 1155 μοι
3027 1077 3314 1156 βασιλείαν,
3390 1079 3715 1159 ἂγαθότητα,
3775 1079 3836 1134 τὸ

2189 1172 2283 1243 τῇς
2343 1168 2518 1231 οὑσίας
2586 1169 2917 1247 ὑπερούσιον,
2978 1169 3076 1236 τὴν
3133 1169 3263 1248 ὑπὲρ
3324 1169 3525 1225 ἔννοιαν
3595 1166 3832 1241 δύναμιν,

2188 1256 2251 1311 τὸ
2307 1253 2503 1335 οΐδιον,
2548 1258 2608 1313 τὸ
2638 1256 2946 1333 ἀσώματον,
3003 1259 3099 1322 τὰς
3143 1258 3324 1336 μυρίας
3380 1259 3468 1314 καὶ
3522 1257 3833 1336 συστυίχους

2189 1345 2389 1424 φωνὰς,
2461 1346 2555 1408 αῖς
2594 1347 2630 1413 ἡ
2698 1346 2945 1424 ὑπέρθεος
2994 1344 3382 1425 θεολογουμένη
3445 1345 3633 1412 θεότης
3689 1345 3837 1401 εὗσε-

2189 1430 2332 1489 ϐἐσιν
2388 1431 2584 1491 ἄνωθεν
2643 1434 2987 1515 παραδέδοται
3024 1453 3037 1465 ·
3084 1437 3127 1492 εἰ
3180 1437 3267 1492 οὖν
3311 1434 3447 1492 οὕτω
3475 1437 3636 1492 ταῦτα
3692 1436 3831 1490 θεω-

2189 1535 2382 1600 ρεῖται,
2429 1524 2514 1579 καὶ
2568 1525 2731 1586 οὕνείς
2774 1525 2885 1580 ἐστι
2954 1530 3058 1581 τῶν
3115 1526 3170 1581 ἐν
3228 1527 3586 1604 Χριπιανοῖς,
3658 1522 3713 1586 ὅς
3758 1524 3831 1586 εἷς

2190 1611 2499 1691 μαχόμενον
2558 1612 2876 1693 ἇπενεχθείη
2933 1611 3245 1687 διαϐούλιον,
3292 1614 3403 1670 ἑστι
3443 1611 3522 1686 δὲ,
3553 1613 3625 1669 ὡς
3657 1614 3684 1669 6
3740 1612 3829 1668 αἶ-

2188 1721 2403 1779 ρετιρων
2458 1702 2774 1758 νεανιεύεται
2837 1700 3016 1781 λόγος,
3075 1703 3111 1770 ἡ
3166 1702 3258 1759 τοῦ
3319 1702 3621 1777 Πνεύματος
3664 1699 3830 1757 ἐκπό-

457 1794 595 1869 (quo
627 1789 765 1870 quid
801 1796 977 1868 queat
1035 1787 1346 1849 scelestius
1395 1786 1672 1866 auderi?)
1735 1786 1796 1847 in
1853 1786 2098 1867 Spiritus

2190 1810 2355 1867 ρευσις
2398 1790 2603 1869 Πατρὸς
2633 1792 2720 1846 καὶ
2783 1792 2902 1846 Υἱοῦ
2931 1791 3130 1865 κοινὸν,
3176 1791 3268 1858 εἴη
3299 1789 3361 1847 ἂν
3402 1791 3489 1846 καὶ
3516 1792 3576 1846 τό
3621 1795 3831 1864 Πνεῦμα

400 1928 401 1931 η
456 1879 900 1960 processionem
932 1876 1283 1937 dividendus
1310 1875 1481 1951 foret,
1514 1885 1786 1956 essetque
1812 1895 1945 1956 pars
1967 1876 2098 1956 qui-

2188 1878 2275 1957 (οῦ
2331 1901 2382 1935 τι
2439 1878 2502 1934 ἂν
2555 1878 2759 1957 γένοιτο
2814 1880 2944 1958 πρὸς
3005 1878 3304 1939 δυσσέϐειαν
3360 1879 3747 1959 τολμηρότερον
3781 1876 3833 1959 ς)

457 1968 590 2030 dem
623 1966 784 2027 illius
815 1966 1175 2046 producens,
1211 1983 1346 2046 pars
1387 1984 1525 2026 vero
1559 1965 1866 2045 producta,
1901 1976 1957 2026 et
2007 1965 2098 2026 illa

2188 1971 2260 2032 εἷς
2315 1968 2413 2035 τὴν
2450 1977 2542 2026 τοῦ
2603 1968 2899 2043 Πνεύματος
2956 1966 3260 2046 ἐκπόρευσιν
3321 1969 3684 2046 μεριζόμενον,
3741 1973 3830 2027 καὶ

454 2055 697 2138 quidem
728 2073 928 2135 causa,
991 2054 1118 2115 haec
1163 2064 1361 2116 autem
1417 2064 1747 2129 causatum,
1803 2063 1863 2116 et
1896 2054 2098 2131 ingens

2185 2056 2246 2110 τὸ
2290 2055 2386 2131 μὲν
2443 2055 2600 2111 αὐτοῦ
2668 2056 2922 2134 προάγον,
2980 2058 3041 2112 τὸ
3102 2055 3158 2111 δὲ
3204 2056 3586 2136 προαγόμενον,
3634 2056 3721 2111 καὶ
3765 2055 3828 2110 τὸ

453 2146 702 2208 aliarum
730 2143 1236 2225 blasphemiarum
1267 2161 1480 2223 agmen
1518 2152 1897 2224 sequeretur.

1040 2323 1364 2386 REFUTA
1378 2324 1537 2386 T10.

535 2419 630 2485 VI.
664 2419 753 2481 Tu
811 2418 1052 2500 quidem
1105 2416 1361 2497 Spiritus
1410 2418 1849 2497 processionem
1883 2417 2095 2481 eodem

453 2510 628 2571 modo
658 2508 849 2569 Patris
866 2517 919 2569 et
944 2506 1073 2569 Filii
1097 2525 1476 2567 communem
1501 2526 1632 2568 esse
1653 2526 1954 2581 asserens,
1982 2527 2096 2588 quo

448 2597 681 2678 reliqua
727 2596 905 2656 trium
957 2598 1295 2656 communia
1325 2601 1484 2668 sunt,
1517 2594 1795 2657 videlicet
1820 2614 2093 2675 regnum,

450 2687 685 2748 bonitas
714 2693 774 2747 et
804 2690 1038 2757 caetera,
1074 2690 1505 2763 consequenter
1534 2682 1905 2763 infers,quod
1941 2684 1993 2745 si
2016 2685 2094 2746 ita

429 2782 565 2855 est,
600 2775 777 2835 etiam
795 2773 1049 2853 Spiritus
1068 2771 1126 2831 in
1149 2772 1239 2832 sui
1262 2772 1450 2851 ipsius
1472 2773 1915 2852 processionem
1943 2773 2092 2833 divi-

450 2864 680 2926 dendus
710 2863 882 2933 foret,
919 2871 976 2922 et
1007 2880 1140 2941 pars
1192 2860 1432 2941 quidem
1462 2862 1623 2922 illius
1664 2870 1820 2923 esset
1867 2863 2095 2942 produ-

450 2971 615 3031 cens,
651 2970 786 3032 pars
811 2969 949 3012 vero
970 2950 1253 3031 producta
1304 2949 1422 3029 Ego
1447 2969 1585 3011 vero
1608 2951 1764 3025 dico,
1802 2950 2096 3029 ejusmodi

2187 2142 2282 2220 μὲν
2313 2142 2513 2224 αἴτιον,
2570 2146 2630 2201 τὸ
2686 2143 2740 2200 δὲ
2792 2146 3047 2221 αἰτιατὸν,
3108 2146 3196 2202 καὶ
3251 2144 3429 2213 πολλὴ
3460 2142 3598 2211 ἄλλη
3625 2147 3825 2220 θεομα-

2182 2234 2308 2314 χίας
2366 2233 2653 2312 παράταξις

2804 2331 3227 2387 ΑΝΤΙΡΡΗΣΙΣ.

2258 2420 2320 2494 ς’
2330 2410 2364 2481 ’.
2427 2421 2500 2476 Σὺ
2542 2421 2641 2495 μὲν
2696 2421 2793 2487 τὴν
2847 2427 2938 2477 τοῦ
2990 2420 3291 2496 Πνεύματος
3349 2420 3655 2500 ἐκπόρευσιν
3690 2418 3827 2476 οὕτω

2180 2509 2322 2565 εἶναι
2351 2509 2534 2576 κοινὴν
2577 2510 2781 2586 Πατρὸς
2836 2510 2924 2565 καὶ
2976 2511 3097 2565 Υἷοῦ
3125 2508 3294 2587 λέγων
3320 2511 3391 2573 ὡς
3423 2511 3487 2565 τίᾶ
3516 2508 3650 2565 ἄλλα
3676 2510 3825 2566 κοινὰ

2179 2598 2284 2654 τῶν
2312 2604 2492 2677 τριῶν,
2554 2596 2821 2674 βασιλείαν
2880 2599 3016 2677 φημὶ
3058 2598 3358 2675 ἀγαθότητά
3385 2619 3440 2654 τε
3471 2599 3557 2656 καὶ
3598 2598 3664 2654 τὰ
3706 2594 3825 2653 λοι-

2179 2686 2277 2765 πὰ,
2316 2686 2576 2766 ἐπιφέρεις
2620 2685 2765 2760 ἑξῆς,
2810 2689 2884 2749 ὡς
2945 2688 2988 2741 εἰ
3019 2685 3159 2745 τοῦτ’
3193 2686 3356 2761 ἔστιν,
3404 2686 3494 2753 εἴη
3526 2684 3588 2741 ἂν
3618 2686 3701 2741 ταὶ
3762 2686 3823 2740 τὸ

2178 2780 2390 2849 Πνεῦμα
2432 2776 2506 2837 εἰς
2561 2775 2657 2841 τὴν
2715 2775 2901 2833 ἑαυτοῦ
2959 2773 3265 2851 ἐκπόρευσιν
3330 2773 3670 2851 μεριζόμενον
3738 2767 3826 2828 καὶ

2176 2865 2236 2920 τὸ
2267 2863 2365 2939 μὲν
2396 2867 2552 2922 αὐτοῦ
2606 2862 2861 2942 προάγον,
2927 2862 2987 2918 τό
3058 2860 3111 2916 δὲ
3168 2862 3555 2940 προαγόμενον.
3602 2859 3746 2938 Ἐγὼ
3769 2857 3823 2915 δὲ

2176 2954 2313 3032 φημὶ
2369 2954 2443 3015 ὡς
2511 2950 2677 3015 οὕτως
2727 2951 2788 3006 ἂν
2847 2954 2874 3007 6
2946 2950 3127 3026 παρών
3182 2949 3536 3028 συλλογισμός
3593 2951 3720 3029 εἶχε
3759 2948 3818 3003 τό

448 3042 849 3123 syllogismum
884 3048 1023 3101 tunc
1045 3039 1285 3119 quidem
1318 3039 1565 3118 logicam
1594 3039 2008 3101 necessitatem
2029 3040 2093 3100 il-

2181 3041 2493 3119 ἀναγκαῖον,
2525 3038 2678 3117 εἴπερ
2708 3037 2960 3094 ἀδύνατον
3016 3039 3081 3106 ἦν
3134 3039 3274 3095 εἶναι
3332 3060 3381 3095 τι
3439 3040 3493 3095 ἐν
3548 3044 3617 3116 τῇ
3646 3034 3821 3116 Τριάδι

448 3131 708 3192 laturum
740 3128 945 3202 fuisse,
979 3127 1029 3188 si
1071 3128 1314 3189 omnino
1346 3128 1477 3189 ﬁeri
1509 3128 1811 3209 nequiret,
1848 3136 1913 3190 ut
1938 3128 2012 3190 sit
2034 3128 2096 3189 in

448 3219 737 3281 Trinitate
785 3218 951 3298 quid,
996 3217 1152 3297 quod
1184 3216 1338 3278 adsit
1367 3216 1507 3278 solis
1538 3217 1766 3279 duabus
1800 3217 2094 3298 personis,

446 3309 619 3370 tertia
648 3308 721 3369 ab
754 3308 882 3387 ejus
912 3306 1332 3368 communione
1363 3307 1599 3368 exclusa
1617 3307 1694 3387 la)
1729 3327 1744 3387 ;
1778 3307 1828 3367 si
1858 3324 1994 3369 vero
2026 3325 2096 3368 ex

449 3397 761 3458 sententiis
791 3396 1010 3476 scripto
1044 3395 1273 3457 traditis
1295 3396 1764 3456 demonstratum
1798 3402 1907 3469 est,
1941 3414 2097 3476 quas.

449 3488 582 3549 dam
616 3504 750 3547 esse
781 3482 1119 3545 communia
1149 3484 1294 3545 solis
1322 3483 1550 3544 duabus
1593 3482 1864 3565 personis
1890 3485 2091 3566 indita,

449 3587 589 3640 tunc
622 3576 778 3638 Patri
811 3584 869 3638 et
896 3575 1046 3637 Filio
1064 3576 1223 3636 circa
1244 3574 1502 3655 Spiritus
1534 3577 1980 3656 processionem
2005 3586 2096 3640 est

448 3664 1147 3740 communio,secundum
1168 3665 1322 3744 quod
1348 3683 1415 3726 ex
1440 3666 1613 3727 Patre
1635 3684 1740 3744 per
1762 3665 1972 3728 Filium
1993 3666 2094 3727 ille

447 3755 718 3837 procedit
744 3774 759 3830 ;
795 3752 1040 3814 minime
1064 3770 1198 3814 vero
1230 3753 1484 3833 Spiritus
1506 3773 1639 3815 cum
1656 3754 1801 3834 ipsis
1825 3774 2095 3816 commu-

448 3844 655 3906 nicans
684 3843 743 3903 in
767 3841 1174 3922 processione,
1210 3842 1347 3922 quia
1366 3862 1555 3924 neque
1577 3863 1645 3905 ex
1664 3861 1729 3904 se
1749 3843 1877 3924 ipso
1901 3863 2095 3924 neque

451 3949 553 4011 per
585 3949 649 3991 se
679 3931 871 4009 ipsum
905 3930 1195 4010 procedit,
1227 3930 1479 4011 ideoque
1503 3950 1695 4012 neque
1715 3931 1774 3992 in
1796 3933 1887 3993 sui
1908 3932 2092 4012 ipsius

452 4019 892 4101 processionem
922 4020 1236 4093 dividetur,
1299 4039 1492 4101 neque
1526 4039 1656 4100 pars
1680 4021 1838 4082 illius
1871 4023 2090 4102 produ-

447 4128 588 4170 cens
620 4109 897 4185 erit,pars
919 4116 1111 4169 autem
1146 4111 1433 4189 producta
1461 4110 1547 4190 (b)
1597 4111 1667 4172 Et
1705 4112 1755 4171 si
1797 4120 2088 4190 oporteat,

448 4198 599 4259 sicut
620 4198 679 4259 in
704 4198 835 4258 aliis
855 4197 934 4258 ita
955 4205 1013 4257 et
1039 4198 1135 4259 hic
1172 4207 1508 4260 sanctorum
1537 4200 1694 4262 dicta
1714 4201 1911 4262 verbis
1940 4220 2087 4262 con-

444 4287 671 4364 signata
697 4287 1016 4359 adducere,
1053 4287 1211 4348 unde
1243 4289 1615 4351 manifestum
1650 4290 1735 4364 ﬁt,
1762 4308 1893 4351 esse
1925 4308 2089 4370 quae-

2178 3130 2361 3204 μόνοις
2416 3142 2536 3193 τοῖς
2592 3126 2732 3184 δύσὶν
2789 3128 3088 3207 ἐνυπάρχον
3147 3127 3449 3207 προσώποις
3493 3130 3569 3195 μὴ
3624 3126 3829 3183 κοινωέ

2180 3225 2389 3282 νοῦντος
2431 3219 2613 3282 αὐτοῖς
2665 3218 2751 3273 καί
2806 3224 2897 3274 τοῦ
2924 3219 3096 3294 τρίτου
3129 3235 3145 3249 ’
3194 3219 3237 3273 εἰ
3271 3215 3325 3272 δὲ
3368 3218 3428 3273 ἐκ
3464 3222 3570 3273 τῶν
3625 3236 3820 3294 γραφι-

2177 3313 2288 3365 κῶν
2356 3307 2498 3364 ἐστιν
2557 3305 2991 3385 ἀποδεδειγμένον
3047 3306 3244 3383 ῥητῶν.
3302 3306 3445 3362 εἶναί
3502 3324 3619 3363 τινα
3672 3304 3822 3361 κοινὰ

2181 3398 2361 3473 μόνοις
2394 3410 2512 3460 τοῖς
2568 3394 2677 3453 δυσὶ
2733 3396 3036 3474 προσώποις
3086 3397 3413 3474 ὑπάρχοντα,
3466 3395 3575 3450 ἐστὶ
3630 3395 3727 3469 μὲν
3783 3397 3819 3463 ἡ

2175 3487 2424 3543 κοινωνία
2480 3490 2580 3554 τῆς
2622 3492 2710 3541 τοῦ
2764 3485 3068 3560 Πνεύματος
3125 3483 3485 3562 ἐκπορεύσεως
3525 3488 3604 3556 τῷ
3659 3480 3821 3558 Πατρὶ

2174 3576 2260 3631 καὶ
2300 3579 2404 3650 Υἱῷ
2456 3576 2591 3631 κατὰ
2619 3572 2680 3630 τό
2710 3575 2771 3631 ἐκ
2827 3575 3032 3652 Πατρὸς
3081 3569 3146 3628 δι’
3201 3575 3320 3629 Υἱοῦ
3379 3570 3504 3629 αὐτό
3564 3569 3819 3650 ἔκπορεύ-

2176 3668 2342 3739 εσθαι,
2374 3663 2469 3720 οὒκ
2496 3663 2641 3722 ἔσται
2697 3661 2840 3719 δὲτὸ
2899 3668 3107 3739 Πνεῦμα
3159 3669 3437 3719 κοινωνοῦν
3479 3662 3660 3724 αὖτοϊς
3718 3665 3818 3727 τῆς

2176 3754 2554 3833 ἐκπορεύσεως,
2611 3756 2682 3819 ὡς
2736 3760 2843 3810 τῶν
2891 3752 3066 3809 ἄλλων
3110 3756 3325 3833 κοινῶν,
3384 3748 3467 3808 διὰ
3496 3750 3556 3807 τό
3600 3751 3736 3825 μήτε
3766 3747 3818 3815 ἐξ

2175 3844 2358 3900 ἑαυτοῦ
2389 3845 2527 3920 μήτε
2556 3841 2624 3900 δι’
2672 3844 2857 3901 ἑαυτοῦ
2906 3843 3293 3922 ἐκπορεύεσθαι,
3353 3843 3442 3897 καὶ
3495 3840 3637 3920 παρὰ
3665 3841 3819 3897 τοῦτο

2173 3931 2291 3990 οὕτε
2349 3935 2421 3996 εἷς
2479 3932 2577 4001 τὴν
2637 3934 2821 3992 ἑαυτοῦ
2876 3932 3181 4012 ἐκπόρευσιν
3237 3932 3630 4010 μερισθήσεται,
3695 3927 3819 3987 οὕτε

2174 4023 2232 4078 τό
2276 4023 2372 4099 μὲν
2429 4020 2586 4080 αὒτοῦ
2667 4022 2900 4102 προάγον
2984 4016 3165 4094 ἔσται,¹
3212 4021 3273 4078 τὸ
3331 4018 3385 4075 δὲ
3428 4018 3816 4098 προάγόμενον.

2174 4113 2273 4168 Καὶ
2328 4111 2382 4167 εἴ
2438 4133 2498 4191 γε
2541 4124 2875 4190 παραγαγεῖν
2918 4111 3029 4190 χρὴ
3052 4112 3125 4173 ὡς
3157 4132 3244 4187 καὶ
3270 4111 3322 4165 ἐν
3355 4107 3536 4174 ἄλλοις
3574 4110 3640 4165 τὰ
3679 4132 3814 4190 γρα-

2173 4200 2299 4281 φικὰ
2334 4207 2440 4256 τῶν
2495 4201 2659 4279 ἁγίων
2710 4201 2864 4278 ῥητὰ,
2920 4200 2972 4265 ἐξ
3040 4202 3112 4255 ὧν
3169 4201 3469 4256 καθίσταται
3527 4197 3813 4279 πρόδηλον,

2173 4294 2312 4346 εἶναι
2343 4291 2460 4345 τινὰ
2488 4290 2635 4346 κοινὰ
2696 4291 2800 4347 Υἱῶ
2842 4310 2898 4345 τε
2952 4289 3040 4345 καὶ
3067 4289 3330 4364 Πνεύματι
3373 4288 3508 4367 ἅπερ
3563 4291 3658 4344 οὐκ
3698 4288 3815 4367 ἔχει

445 4362 578 4438 dam
611 4377 950 4438 communia
995 4376 1145 4439 Filio
1198 4385 1255 4438 et
1285 4375 1547 4457 Spiritui,
1606 4362 1736 4458 quae
1765 4397 1882 4439 non
1914 4362 2090 4439 habet

2181 4381 2260 4435 »ιαὶ
2288 4381 2316 4434 6
2347 4380 2549 4457 Πατὴρ,
2611 4380 2699 4436 καὶ
2758 4380 2887 4435 εἷναί
2924 4399 2938 4414 ·
2984 4379 3098 4434 τινὰ
3139 4362 3289 4435 κοινὰ
3332 4362 3495 4458 Πατρῖ
3547 4380 3635 4435 καὶ
3686 4362 3810 4459 Titii,

445 4484 678 4546 quoque
712 4464 973 4539 Pater,et
1016 4482 1146 4529 esse
1193 4465 1462 4546 quaedam
1482 4467 1821 4529 communia
1846 4467 2005 4529 Patri
2035 4475 2093 4529 et

528 4636 607 4717 (α)
634 4633 1001 4717 Principium
1018 4634 1354 4717 falsum,cui
1383 4635 1507 4717 haec
1528 4636 1883 4716 innituntur,
1908 4635 2092 4699 Jobus

450 4714 775 4777 monachus
816 4714 1106 4794 Apologia
1155 4715 1395 4776 nomine
1462 4716 1705 4795 Jusephi
1747 4714 2096 4795 patriarchae

449 4796 671 4877 scripto
704 4796 969 4857 enuntiat
996 4795 1153 4877 cod._
1181 4795 1337 4857 Mon.
1362 4800 1440 4857 68
1471 4796 1513 4858 f.
1539 4798 1575 4860 8
1603 4814 1616 4858 ε
1653 4815 1899 4877 necesse
1932 4816 2088 4871 esse,

449 4874 596 4939 nihil
632 4877 692 4936 in
716 4877 946 4958 duabus
976 4874 1196 4958 divinis
1213 4878 1492 4958 personis
1521 4876 1906 4958 considerari.
1935 4879 2093 4958 quod

448 4976 566 5018 non
598 4956 1012 5018 consideretur
1053 4955 1113 5016 in
1148 4956 1291 5036 alia,
1328 4957 1433 5017 sed
1462 4959 1550 5017 vel
1579 4957 1686 5038 Auni
1719 4968 1777 5018 et
1800 4958 1909 5018 soli
1942 4955 2094 5038 pra;-

446 5047 535 5098 sto
566 5055 698 5098 esse
720 5038 966 5098 duarum
994 5054 1380 5116 personarum
1405 5036 1677 5105 seorsim,
1695 5036 1971 5099 videlicet
1994 5055 2099 5117 per

453 5117 900 5210 proprietatem,
931 5117 1024 5210 vel
1056 5118 1459 5210 commpuite‘r
1480 5118 1563 5210 Ade
1592 5117 1781 5210 tribus
1804 5127 1860 5179 et
1881 5118 2095 5210 aequali

449 5197 623 5257 modo
643 5197 1115 5259 indivisibilitate
1138 5210 1197 5259 et
1222 5198 1531 5261 identitate
1547 5207 1768 5260 natura:
1787 5197 2097 5278 praedicari

445 5284 645 5351 (πᾶσαν
692 5278 930 5357 ἀνάγκην
974 5280 1138 5352 εἶναι,
1201 5278 1365 5355 μηδὲν
1425 5279 1477 5335 ἐν
1535 5293 1657 5344 ταῖς
1710 5278 1821 5336 δυσὶ
1871 5283 2095 5360 θεωρεῖ-

447 5360 595 5439 σθαιΔ
642 5361 955 5439 θεαρχικαῖς
1007 5360 1408 5439 Αὑποστάσεσιν,
1484 5360 1512 5415 ὃ
1577 5361 1663 5416 καὶ
1703 5367 1772 5438 τῇ
1812 5360 1960 5439 ἑτέρᾳ
2013 5360 2089 5437 μὴ

445 5436 805 5520 τεθεώρηται,
836 5436 953 5520 ἀλλ’
987 5437 1023 5505 ἣ
1053 5444 1122 5515 τῇ
1146 5445 1268 5520 ,μιᾷ
1306 5443 1392 5497 καὶ
1436 5440 1574 5516 μόνῃ
1619 5436 1924 5520 προστεϊναι
1966 5453 2090 5497 ταῖν

444 5516 588 5573 δυοῖν
645 5517 1023 5594 ἀφαιρούμενον
1091 5518 1339 5597 (ἰδιότητι
1396 5521 1517 5600 γὰρ)
1591 5521 1626 5589 ἢ
1663 5516 1671 5520 ’
1710 5529 1900 5586 κοινῶς
1955 5523 2090 5577 κατὰ

444 5604 550 5653 τὼν
594 5604 751 5674 τριῶν
805 5600 892 5653 καὶ
961 5598 1157 5679 ’ἐπίσης
1236 5601 1312 5674 τῷ
1372 5598 1562 5679 ἀμερεῖ
1618 5602 1704 5657 καὶ
1761 5606 1935 5675 ταύτῷ
1988 5606 2087 5667 τῆς

445 5678 683 5765 φύσεως,
692 5676 930 5765 λέγεσθαι

528 5756 608 5839 (α)
641 5754 860 5836 Rejicit
889 5754 1133 5820 omnino
1154 5760 1379 5822 Beccus
1401 5758 1543 5823 illud
1574 5758 2085 5825 schismaticorum

2172 4467 2304 4547 ἅπερ
2361 4469 2448 4524 καὶ
2492 4469 2554 4524 τὸ
2604 4474 2815 4543 Πνεῦμα
2857 4468 2952 4523 οὒκ
3004 4467 3149 4546 ἔχει,
3197 4470 3225 4524 ὁ
3270 4468 3367 4543 μὲν
3418 4470 3515 4534 τῆς
3545 4465 3814 4544 θεολογίας

2176 4635 2535 4717 principium
2559 4656 2573 4693 :
2598 4632 2763 4717 Nihil
2782 4634 2843 4694 in
2860 4634 3149 4717 Trinitate
3177 4633 3416 4717 duabus
3439 4634 3582 4717 solis
3605 4651 3816 4717 perso-

2175 4713 2268 4808 nis
2299 4713 2491 4808 potest
2518 4715 2872 4808 convenire;
2895 4713 2980 4805 De
3006 4734 3122 4808 quo
3151 4716 3287 4776 vide
3307 4713 3817 4808 Animadversz‘i‘p

2177 4793 2372 4858 Photii
2425 4794 2643 4857 librum
2702 4795 2778 4857 de
2837 4793 2993 4876 Spir.
3025 4793 3116 4857 ‘S.
3164 4795 3519 4876 mystagogia
3546 4814 3677 4876 cap.
3713 4793 3814 4873 III,

2177 4878 2341 5038 §13i)
2377 4954 2526 5038 dee
2557 4954 2707 5038 ibid.
2738 4973 2795 5038 c_.
2825 4956 2906 5019 1v
2934 4956 2963 5035 ξ,
2987 4955 3047 5017 3.

2266 5035 2351 5117 (1⁷)
2386 5036 2525 5099 Haac
2552 5036 2734 5098 verba
2760 5035 2822 5096 in
2846 5039 3130 5099 Laurent.
3166 5044 3389 5098 tantum
3420 5042 3708 5116 prostant.

2235 5119 2346 5217 52)
2382 5124 2556 5176 Ταῦτα
2614 5117 2783 5178 deest
2830 5116 2892 5177 in
2951 5118 3128 5182 Laur.
3169 5118 3322 5180 sicut
3349 5125 3410 5180 et
3435 5125 3547 5180 art.
3577 5120 3656 5192 τῷ
3681 5121 3819 5179 ante

2177 5201 2338 5355 υἱηῖῑῇ
2382 5279 2483 5337 Καὶ
2526 5276 2695 5340 deest
2719 5276 2781 5339 in
2807 5279 3007 5355 Laur.,
3040 5277 3095 5336 δὲ
3120 5279 3290 5342 deest
3309 5278 3372 5340 in
3400 5280 3635 5343 Monac.

2253 5358 2342 5439 (4)
2369 5356 2525 5419 Laur
2556 5375 2572 5420 ε
2602 5364 2691 5432 Τῷ
2732 5360 2916 5439 Πατρί.

2274 5438 2332 5518 5)
2366 5439 2520 5501 Laur
2552 5438 2871 5520 ζῦπᾷρχειν.
3734 5468 3739 5473 τ

2274 5443 2332 5518 5)
2367 5443 2520 5501 Laur
2552 5443 2871 5520 ζῦπὰρχειν.
3734 5468 3739 5473 τ

2174 5601 2186 5612 .
2377 5520 2528 5579 Laur
2558 5539 2573 5581 :
2606 5518 2743 5577 ἆλλὰ
2772 5521 2905 5595 μὴν.
2940 5523 3082 5583 Haec
3102 5526 3161 5580 οὒ
3191 5527 3298 5597 μὴν
3329 5554 3406 5567 —
3428 5522 3582 5599 πατρὶ
3601 5521 3819 5583 desunt

2171 5603 2233 5662 in
2277 5603 2512 5663 Monac.

2276 5680 2341 5759 7)
2374 5686 2476 5737 Τοῦ
2518 5681 2823 5757 Πνεύματος
2855 5682 3024 5744 deest
3052 5680 3373 5745 in'Monac.

2250 5680 2336 5842 £8)
2382 5761 2541 5824 Mon.
2585 5761 2775 5826 Marc.
2810 5761 3125 5842 παράτασις.

2278 5760 2336 5841 8)
2382 5761 2541 5824 Μοιι.
2585 5761 2775 5826 Marc.
2810 5761 3125 5843 παρὰτασις.
