4210 6292
307 319 425 384 745

306 454 594 532 Γρηγόριος
668 462 784 521 νοῦς
870 456 982 535 ἐρεῖ
1017 476 1030 490 ·

309 543 415 614 ι’ἱῷ
473 542 559 597 καὶ
629 543 763 621 ἁγίῳ
818 545 1080 620 Πνεύμάτι
1136 549 1197 602 τὸ
1268 549 1343 622 μὴ
1428 547 1698 626 γεγονέναι
1766 547 1852 601 καὶ
1913 546 1947 611 ἢ

302 628 516 708 θεότης,
587 633 692 705 Υἱῷ
720 629 775 687 δὲ
817 634 905 688 καὶ
947 634 1080 711 ἁγίῳ
1122 634 1384 710 Πνεύματι
1456 650 1517 691 το
1574 634 1634 690 ἐκ
1690 640 1781 690 τοῦ
1839 640 1950 689 Πα-

306 718 425 793 τρός
461 734 474 748 ⁹
510 721 537 774 ὁ
582 717 635 774 δὲ
687 721 896 788 Νύσσης
960 722 1248 801 Γρηγόριος
1318 725 1373 778 ὲν
1426 730 1495 799 τῇ
1548 726 1620 788 εἰς
1662 725 1724 779 τὸ
1780 724 1949 799 Πάτερ

306 808 460 875 ἡμῶν
504 807 683 883 ὁμιλίᾳ
729 811 886 866 αὖτοῦ
940 809 1052 889 ἐρεῖ
1083 828 1096 841 '
1162 818 1349 868 Κοινοῦ
1405 810 1458 869 δέ
1514 811 1663 876 ὄντος
1721 818 1797 887 τῷ
1841 814 1948 883 Υἱῷ

306 896 395 949 καὶ
452 903 527 970 τῷ
583 898 846 973 Πνεύματι
902 900 979 973 μὴ
1024 898 1325 979 ἆγεννήτως
1399 905 1536 957 εἶναι
1594 899 1750 957 πάλιν
1809 898 1946 956 ἔστιν

308 982 527 1057 ἄμικτον
594 986 692 1053 τὴν
780 987 833 1043 ἐν
906 1002 1023 1050 τοῖς
1093 986 1367 1064 ἱδιώμασιν
1440 992 1609 1046 αὗτοῦν
1697 987 1947 1068 διαῳορὰν

309 1074 534 1155 ἐξευρεῖν
564 1092 580 1108 ⁸
661 1079 749 1135 καὶ
818 1077 920 1146 ἤδη
991 1082 1037 1136 οἱ
1106 1077 1194 1136 δύο
1265 1083 1403 1137 οὗτοι
1464 1079 1731 1160 Γρνγόριοι
1806 1080 1948 1158 μάρ-

292 1185 456 1242 .τ·.›ρες
513 1165 718 1223 ἔσονται
749 1169 1147 1247 ὰπαράγραπτοι
1204 1175 1296 1225 τοῦ
1339 1170 1481 1226 εἶναι
1538 1171 1709 1226 κοινὸν
1765 1171 1870 1243 Υἱῷ
1897 1190 1955 1224 τε

309 1256 396 1309 καὶ
456 1257 713 1331 Πνεύματι
768 1258 829 1312 τὸ
873 1259 1103 1314 αἰτιατὸν
1160 1262 1328 1317 αὖτῶν
1386 1260 1446 1314 ἐκ
1504 1260 1730 1336 Πατρὸς,
1796 1259 1955 1334 οὗπερ

308 1341 660 1420 ἀπεστέρηται
708 1348 736 1401 6
795 1346 976 1424 Πατὴρ
1020 1344 1108 1403 ἅτε
1164 1346 1393 1410 ἀναίτιος
1449 1345 1521 1403 ὤν
1580 1347 1666 1401 καὶ
1709 1345 1760 1411 ἐξ
1812 1343 1958 1404 οῦδε-

310 1431 397 1494 νός
433 1451 445 1465 '
494 1440 583 1489 τοῦ
625 1431 679 1489 δὲ
709 1434 850 1491 εἶναί
909 1457 959 1490 τι
1006 1434 1185 1491 κοινὰν
1228 1437 1333 1509 1⁸ἱῷ
1360 1436 1447 1491 καὶ
1479 1436 1661 1512 Πατρὶ,
1709 1434 1837 1513 ὅπερ
1867 1434 1953 1491 καὶ

310 1521 369 1576 τὸ
405 1527 613 1595 Πνεῦμα
669 1524 762 1579 οῦκ
817 1521 959 1602 ἔχει,
992 1529 1136 1579 πᾶσα
1183 1523 1362 1602 Γραφὴ
1422 1524 1618 1603 μάρτυς
1665 1525 1699 1591 ἡ
1757 1526 1818 1579 τὸ
1860 1530 1953 1579 τοῦ

312 1612 514 1681 Πατρὸς
559 1616 765 1681 Πνεῦμα
835 1612 922 1666 καὶ
979 1612 1100 1667 Υἱοῦ
1154 1609 1379 1689 λέγουσα
1418 1618 1629 1686 Πνευμα
1684 1613 1771 1668 καὶ
1824 1615 1947 1669 θεο-

1147 326 1589 390 REFUTATIO
1633 321 2002 389 PHOTIANI
2050 321 2259 385 LIBRI
2304 324 2401 387 DE
2443 320 2745 387 SPIBITU
2781 324 2843 387 S.

1110 461 1297 516 Κοινὸν
1351 461 1450 538 γὰρ
1511 462 1666 538 Πατρὶ
1725 459 1821 534 μὲν
1861 456 1980 513 καὶλ

2039 451 2201 531 Filio,
2236 474 2370 534 qum
2398 454 2655 537 Spiritus
2683 475 2919 537 quoque
2954 474 3070 518 non
3102 455 3305 532 habet,
3360 456 3686 535 Gregorius

3565 321 3685 385 746

2032 543 2342 623 theologia:
2383 564 2551 607 mens
2604 547 2729 608 haec
2780 546 3131 627 eloquetur:
3168 545 3496 608 Commune
3522 546 3682 608 enim

2036 633 2228 708 Patri,
2255 642 2308 696 et
2331 633 2517 709 Filio,
2542 644 2599 695 et
2628 642 2835 698 sancto
2865 634 3134 716 Spiritui
3164 652 3283 697 non
3306 636 3529 713 factum
3556 652 3685 698 esse

2031 729 2212 801 atque
2237 722 2735 797 divinitas,Fitio
2773 742 2918 787 vero
2946 731 2999 788 et
3031 725 3297 805 Spiritui
3325 732 3538 787 sancto
3561 741 3687 787 esse

2031 812 2314 873 exPatre.
2337 810 2654 891 Gregorius
2677 811 3117 893 veroNyssenus
3136 813 3197 874 in
3232 831 3335 874 sua
3358 813 3601 875 homilia
3620 813 3683 874 in

2032 897 2221 960 Pater
2240 909 2442 961 noster
2464 920 2483 960 :
2519 899 2669 961 Cum
2695 919 3000 963 commune
3022 903 3126 983 sit,
3162 901 3374 982 inquit,
3407 901 3580 965 Filio
3614 921 3686 964 ac

2029 986 2304 1065 Spiritui
2341 1006 2465 1050 non
2499 1006 2627 1051 esse
2653 990 3103 1053 {unaSt-ibititer
3143 991 3495 1071 (ingenite),
3531 1008 3685 1053 mr-

2028 1092 2160 1136 sum
2191 1079 2459 1155 reperire
2488 1075 2623 1139 licet
2651 1095 2855 1139 eorum
2898 1085 2963 1139 in
2988 1079 3468 1159 proprietatibus
3508 1078 3687 1161 αἰπε-

2038 1164 2304 1225 rentiam
2335 1165 2803 1242 in.confusam;et
2811 1166 2933 1244 jam
2958 1165 3077 1227 duo
3106 1164 3477 1246 istiGregorii
3500 1175 3682 1229 testes

2037 1261 2210 1311 erunt
2240 1251 2676 1332 irrefrngabiles
2711 1272 2813 1332 pro
2846 1255 2955 1315 hac
2978 1255 3572 1334 veritate,commune
3593 1275 3684 1318 es-

2036 1357 2099 1400 se
2128 1338 2274 1401 Filio
2305 1359 2374 1402 ac
2409 1339 2654 1420 Spiritui
2689 1342 2844 1422 quod
2873 1361 2939 1403 ex
2970 1341 3142 1403 Patre
3173 1342 3292 1403 sint
3324 1343 3685 1424 principiali,

2036 1446 2149 1507 qua
2184 1430 2540 1509 proprietate
2557 1437 2718 1491 caret
2744 1432 2917 1492 Pater
2941 1438 3141 1510 utpote
3159 1431 3261 1511 qui
3293 1448 3528 1492 causam
3562 1451 3681 1494 non

2037 1517 2249 1578 habeat
2281 1526 2337 1578 et
2368 1536 2437 1579 ex
2466 1517 2626 1579 nullo
2646 1519 2745 1590 sit;
2781 1537 2911 1580 esse
2935 1536 3073 1580 vero
3105 1528 3168 1580 et
3196 1533 3516 1582 commune
3540 1520 3679 1601 quid

2036 1605 2191 1665 Patri
2222 1614 2280 1666 et
2307 1605 2472 1681 Filio,
2507 1605 2665 1686 quod
2718 1606 2981 1688 Spiritus
3039 1625 3158 1667 non
3219 1605 3423 1682 habet,
3486 1609 3680 1671 omnis

310 1698 538 1776 λογοῦσα
606 1698 893 1773 ἐκπέμπειν
936 1702 1022 1755 καὶ
1074 1700 1331 1779 πηγάζειν
1388 1701 1475 1756 καὶ
1531 1698 1831 1771 ἁναόλύζειν
1888 1702 1948 1756 τὸ

2039 1692 2337 1771 Scriptura
2400 1702 2672 1768 testatur,
2734 1713 2866 1776 quae
2919 1693 3200 1776 Spiritum
3246 1694 3434 1757 Patris
3463 1706 3521 1758 et
3548 1696 3691 1766 Filii

313 1793 523 1843 Πνεῦμα
551 1789 639 1843 τὸν
690 1789 828 1859 Υἱὸν,
876 1788 1055 1867 ὥσπερ
1094 1791 1178 1844 καὶ
1221 1791 1249 1844 6
1304 1789 1484 1867 Πατὴρ
1541 1788 1804 1851 ἐκπέμπει
1860 1792 1980 1855 καὶι

2039 1783 2316 1863 Spiritum
2347 1783 2695 1865 dicit,atque
2729 1784 2939 1847 Filium
2973 1784 3601 1865 mittere,profundere
3623 1798 3681 1849 et

312 1876 539 1952 πηγαζει
607 1876 693 1931 καὶ
736 1872 1004 1946 ἀναϐλύζει
1064 1876 1188 1932 αὐτό
1224 1892 1238 1906 ·
1286 1875 1398 1932 ἐπεὶ
1453 1877 1553 1955 γὰρ
1612 1875 1729 1932 οὔτε
1781 1878 1950 1933 Πνεύ-

2039 1873 2321 1933 scaturire
2347 1874 2633 1954 Spiritum
2668 1874 3476 1954 pradicatguemadmodum
3508 1877 3679 1938 etPa-

313 1984 480 2039 ματος
527 1962 736 2042 λέγεται
790 1969 1000 2039 Πνεῦμα
1055 1963 1170 2021 οὕτε
1229 1966 1289 2019 τὸ
1349 1971 1558 2038 Πνεῦμα
1615 1966 1649 2032 ἡ
1705 1966 1856 2020 ἑαυτὸ
1913 1965 1949 2034 ἢ

311 2052 488 2129 ἕτερον
557 2051 845 2127 ἐκπέμπειν
888 2055 976 2108 καὶ
1030 2053 1288 2131 πηγάζειν
1357 2053 1445 2109 καὶ
1504 2050 1806 2124 ἀναϐλύζειν
1854 2052 1949 2109 λέ-

312 2161 483 2218 γεται,
542 2139 826 2218 πρόδηλον,
910 2142 983 2205 ὡς
1040 2153 1157 2205 τοῖς
1221 2139 1332 2196 δυσὶ
1383 2140 1564 2216 μόνοις
1648 2141 1950 2221 προσώποις

313 2230 484 2285 πάντα
540 2229 818 2308 ἐφαρμοζει
879 2231 945 2285 τὰ
1005 2228 1256 2308 εἰρημένα
1290 2244 1303 2258 ·
1373 2230 1461 2285 καὶ
1503 2226 1587 2284 διὰ
1640 2235 1804 2286 ταῦτα
1847 2232 1949 2310 οὐχ

314 2315 479 2379 οὕτως
522 2315 665 2372 ἔσται
708 2317 880 2373 κοινὸν
926 2319 1129 2394 Πατρὸς
1171 2318 1259 2373 καὶ
1316 2319 1435 2373 Υἱοῦ
1475 2318 1510 2384 ἠ
1557 2323 1647 2373 τοῦ
1700 2317 1949 2393 Πνεύμα-

314 2426 401 2468 τος
448 2404 775 2486 ἐκπόρευσις,
804 2407 877 2469 ὡς
920 2407 985 2461 τὰ
1025 2403 1158 2460 ἄλλα
1215 2410 1320 2461 τῶν
1378 2411 1590 2479 κοινῶν,
1623 2406 1696 2461 ὧν
1751 2407 1838 2462 καὶ
1889 2408 1951 2462 τὸ

315 2500 526 2569 Πνεῦμα
568 2493 890 2575 συμμετέχει
923 2498 1127 2556 αὐτοῖς,

944 2771 1315 2825 KEIMENON.

396 2852 461 2927 ξ’,
525 2859 692 2918 Ἀλλὰ
748 2862 847 2940 γὰρ
905 2858 1238 2938 ἐκπορεύεται
1281 2859 1343 2913 τὸ
1404 2864 1610 2932 Πνεῦμα
1659 2858 1750 2915 τοῦ
1808 2861 1949 2934 Υἱοῦ,

314 2952 375 3008 Τί
403 2949 599 3020 δήποτε
643 2944 1072 3028 προσλαμϐάνον,
1124 2947 1285 3025 ὅσπερ
1329 2950 1422 3005 οὒκ
1477 2945 1637 3026 ἔσχεν
1668 2947 1953 3026 ἐκπορευό-

315 3060 474 3114 μενον
528 3045 620 3094 τοῦ
662 3038 913 3117 Πατρός;
978 3038 1036 3093 Εἰ
1079 3035 1177 3111 μὲν
1220 3036 1319 3112 γὰρ
1379 3034 1488 3091 ἔστι
1543 3056 1593 3091 τι
1649 3034 1839 3092 λαϐεῖν
1867 3037 1955 3093 καὶ

2035 1971 2124 2025 ter
2146 1966 2336 2045 ipsum
2375 1965 2887 2046 mittit,prol‘uudit
2916 1965 3301 2046 scaturitque.
3352 1964 3494 2028 Cum
3520 1968 3679 2029 enim

2034 2072 2224 2133 neque
2252 2054 2507 2133 Spiritus
2537 2056 2771 2116 dicatur
2803 2052 3064 2136 Spiritus
3094 2072 3290 2135 neque
3312 2053 3569 2134 Spiritus
3588 2057 3679 2119 vel

2032 2161 2096 2203 se
2130 2147 2318 2222 ipsum
2355 2142 2447 2204 vel
2476 2142 2658 2203 alium
2689 2143 2949 2216 mittere,
2983 2142 3345 2223 profundere
3374 2150 3433 2203 et
3475 2152 3679 2207 scatu-

2030 2230 2149 2291 rire
2182 2230 2936 2311 praedicetur,manifestum
2969 2239 3058 2292 est
3089 2231 3395 2311 praedictas
3412 2234 3682 2314 praprie-

2033 2326 2179 2380 tates
2208 2337 2416 2380 omnes
2446 2318 2678 2380 duabus
2717 2320 3000 2381 duntaxat
3029 2319 3346 2381 convenire
3378 2324 3672 2403 personis;

2032 2406 2254 2477 idcirco
2286 2425 2397 2469 nec
2426 2408 2513 2469 sic
2544 2426 2860 2469 commune
2903 2407 3044 2487 quid
3075 2408 3188 2469 erit
3220 2409 3409 2471 Patris
3438 2417 3497 2471 et
3547 2410 3683 2473 Filii

2033 2496 2333 2578 processio
2384 2493 2661 2577 Spiritus,
2718 2505 2783 2557 ut
2838 2495 3069 2576 reliqua
3127 2504 3264 2557 sunt
3317 2499 3679 2580 communia,

2032 2603 2282 2667 quorum
2328 2603 2446 2645 una
2471 2602 2604 2646 cum
2655 2584 2803 2667 ipsis
2834 2582 3089 2666 Spiritus
3122 2604 3358 2666 quoque
3386 2586 3684 2668 particeps

2036 2683 2147 2736 BSt.

2714 2763 3034 2851 TEXTUS.

2116 2861 2175 2922 '7.
2210 2860 2325 2922 Sed
2348 2861 2504 2921 enim
2541 2860 2808 2940 procedit
2843 2858 3098 2939 Spiritus
3120 2876 3155 2919 a
3182 2859 3354 2921 Filio.
3389 2860 3574 2933 Quam
3607 2861 3682 2924 ob

2037 2948 2306 3011 causam?
2331 2946 2404 3011 Ut
2423 2948 2654 3010 scilicet
2681 2948 2902 3029 aliquid
2934 2946 3213 3027 accipiat,
3245 2948 3399 3027 quod
3431 2967 3548 3010 non
3582 2950 3692 3011 ha-

2040 3037 2165 3099 buit
2195 3038 2522 3115 procedens
2551 3056 2584 3097 a
2616 3036 2804 3098 Patre.
2830 3035 2958 3098 Jam
2992 3052 3131 3096 vero
3154 3035 3203 3096 si
3232 3044 3423 3115 potest
3451 3036 3684 3099 admitti

315 3129 507 3206 εἰπεῖν⁷
541 3124 569 3181 ὅ
611 3123 950 3206 προσείληφε,
994 3127 1108 3189 πῶς
1167 3124 1287 3203 οὐχὶ
1344 3125 1511 3203 χωρὶς
1553 3128 1651 3191 τῆς
1711 3122 1980 3203 προσλή-⁴

2039 3134 2213 3206 atque
2232 3125 2535 3205 aflirmari,
2570 3124 2722 3205 quod
2756 3123 3012 3205 Spiritus
3058 3124 3199 3184 hinc
3238 3124 3464 3205 aliquid
3497 3125 3684 3203 pluris

314 3220 459 3290 ψεως
482 3213 663 3277 ἀτελές
695 3213 773 3293 ςῆ
804 3214 1012 3278 πάντως
1066 3235 1128 3290 γε
1188 3211 1323 3287 μετὰ
1379 3213 1441 3268 τὸ
1484 3209 1806 3292 προσλαϐεῖν
1843 3232 1860 3284 ;
1903 3212 1957 3269 εἴ

313 3304 370 3360 δὲ
420 3301 585 3379 μηδὲδ
650 3301 1001 3383 προσείληφεν
1064 3300 1356 3381 (ἐπιφύεται
1427 3301 1527 3379 γὰρ
1581 3301 1839 3357 κάνταῦθα
1893 3302 1960 3357 τά

313 3414 371 3449 τε
443 3389 600 3471 ἂὶλλα³
667 3392 756 3447 καὶ
818 3392 878 3447 τὸ
908 3388 1119 3447 διπλοῦν
1168 3390 1256 3445 καὶ
1320 3388 1582 3464 σύνθετον,
1610 3393 1958 3469 ,καταθρασυ-

316 3481 535 3556 νόμενον
562 3485 661 3546 τῆς
693 3477 867 3546 ἁπλῆς
924 3500 982 3534 τε
1018 3479 1104 3535 καὶ
1159 3476 1437 3535 ἀσυνθέτου
1491 3475 1744 3559 φύσεως),
1805 3479 1882 3543 τίς
1926 3480 1954 3534 6

314 3568 472 3647 λόγος
512 3572 611 3635 τῆς
648 3564 791 3623 οὸδέν
842 3578 1150 3647 παρασχεῖν
1210 3562 1505 3641 δυιαμένης
1548 3565 1903 3645 ἐκπορεύσεως
1939 3587 1954 3647 ;

315 3647 398 3725 η’.
450 3658 521 3712 Σὺ
564 3654 736 3712 δὲκαὶ
777 3661 930 3712 τοῦτο
955 3654 1238 3733 λόγισμοῒς
1284 3653 1584 3717 ἐπισκόπει,

940 3929 1360 3986 ΑΝΤΙΡΡΗΣΙΣ.

400 4016 479 4079 Ζ’,
515 4014 664 4073 Ἀλλ’
705 4017 798 4072 οὐκ
826 4013 930 4087 ἰδίᾳ
957 4022 1052 4090 μὲν
1080 4019 1141 4073 ἐκ
1172 4019 1399 4096 Πατρὸς,
1432 4014 1534 4088 ἰδίᾳ
1564 4014 1618 4071 δὲ
1646 4018 1709 4070 ἐκ
1722 4022 1813 4071 τοῦ
1841 4016 1961 4071 Υἷοῦ

317 4106 381 4162 τὰ
424 4111 633 4181 Πνεῦμα
690 4105 751 4160 τὸ
824 4103 975 4183 ἅγιον
1032 4103 1394 4186 ἐκπορεύεται,
1456 4105 1549 4178 μία
1605 4101 1659 4159 δέ
1727 4104 1804 4168 τίς
1848 4102 1960 4159 ἐστι

318 4197 408 4251 καὶ
435 4192 581 4259 ἀπλῆ
621 4195 657 4261 ἡ
687 4192 875 4251 τσύτου
925 4192 1230 4271 ἐκπύρωσις
1290 4190 1356 4249 δι’
1414 4194 1537 4251 Υἱοῦ
1593 4190 1653 4246 ἐκ
1708 4191 1908 4271 Πατρός
1941 4208 1955 4222 ’

2042 3212 2664 3294 acceperit,quomodo
2690 3230 2808 3273 non
2840 3211 3067 3292 absque
3098 3211 3258 3273 illius
3278 3214 3685 3295 assumptione

2044 3310 2170 3363 erat
2197 3299 2712 3382 imperfectus?Ve|
2745 3300 2987 3361 omnino
3015 3300 3310 3381 postillud
3342 3301 3687 3382 acceptum?

2044 3389 2187 3451 Nam
2240 3390 2379 3451 hinc
2420 3407 2655 3470 quoque
2704 3396 3080 3469 sequeretur,
3134 3407 3305 3468 posse
3332 3389 3407 3451 de
3430 3391 3689 3469 Simplici

2045 3486 2217 3558 atque
2248 3477 2693 3558 compositionis
2724 3486 2967 3556 experte
3022 3486 3229 3538 natura
3277 3477 3688 3557 duplicitatcm

2040 3567 2528 3646 compositionem
2563 3566 2873 3647 praedicari
2905 3564 3008 3628 Sin
3042 3584 3176 3627 vero
3206 3566 3290 3628 nil
3343 3567 3534 3647 pluris
3583 3586 3690 3630 ac-

2039 3657 2217 3735 cepit,
2241 3674 2509 3736 qusenam
2539 3664 2628 3716 est
2656 3656 2804 3716 ratio
2855 3655 3229 3737 (necessitas)
3253 3657 3691 3736 processsionis

2038 3745 2188 3806 nihil
2218 3744 2461 3806 omnino
2492 3751 2768 3824 prwstare
2790 3744 3066 3806 valentis?
3094 3744 3150 3807 8.
3186 3742 3272 3805 Tu
3305 3761 3442 3807 vero
3473 3754 3531 3807 et
3576 3747 3689 3808 hoc

2041 3852 2207 3916 aequa
2228 3834 2396 3896 lance
2419 3833 2641 3914 judicis
2664 3834 2948 3914 pondera.

2642 3926 3123 3992 REFUTATIO.

2122 4021 2251 4085 Vll.
2278 4022 2395 4085 Sed
2431 4041 2546 4083 non
2575 4024 2826 4083 seorsim
2850 4041 2918 4083 ex
2951 4021 3146 4097 Patre,
3182 4041 3300 4083 non
3330 4022 3588 4086 seorsim
3620 4041 3691 4085 ex

2040 4110 2189 4174 Filio
2220 4109 2475 4192 Spiritus
2505 4119 2744 4172 sanctus
2770 4131 2785 4191 ;
2818 4128 3022 4171 verum
3066 4130 3181 4172 una
3209 4120 3297 4172 est
3328 4110 3516 4191 ipsius
3547 4129 3692 4192 pro-

2044 4199 2234 4261 cessio
2266 4218 2376 4279 per
2398 4199 2608 4261 Filium
2646 4217 2716 4260 ex
2746 4202 3066 4279 Patre,una
3090 4206 3148 4260 et
3168 4199 3519 4279 simplex.Et
3539 4218 3694 4279 quo-

319 4288 559 4347 καὶπῶς
592 4283 651 4340 ἂν
706 4284 894 4364 χώραν
947 4284 1138 4363 σχοίῖέν
1195 4307 1309 4342 τινα
1354 4287 1406 4340 αἱ
1467 4283 1827 4359 πλαττόμεναι
1878 4304 1961 4340 σοι

2048 4288 2223 4349 modo
2257 4299 2395 4349 tunc
2424 4287 2620 4349 locum
2652 4286 2951 4348 habebunt
2979 4286 3495 4367 acceptionesillze
3517 4296 3576 4347 et
3603 4306 3692 4347 as-

320 4373 673 4453 προσλήψεις,
726 4374 815 4430 καὶ
872 4374 933 4429 τὸ
991 4372 1119 4454 δίχα
1158 4380 1255 4442 τῆς
1299 4371 1653 4454 προσλήψεως
1711 4371 1895 4436 ἀτελὲς
1925 4372 1962 4440 ἢ

320 4470 437 4527 πῶς
468 4460 531 4518 ἂν
559 4462 619 4518 τὸ
648 4459 860 4519 διπλοῦν
894 4464 1330 4541 καταθρασυνθείη
1388 4462 1591 4542 φύσεως
1633 4465 1733 4528 τῆς
1789 4460 1963 4529 ἁπλῆς

322 4573 380 4607 τε
435 4551 521 4608 καὶ
549 4549 825 4607 ἆσυνθέτου
859 4572 877 4625 ;

958 4740 1326 4797 ΚΕΙΜΕΝΟΝ.

410 4826 466 4883 Εἰ
498 4831 747 4903 γεννᾶται
777 4825 876 4902 μὲν
918 4828 946 4882 6
1000 4828 1117 4891 Υἱὸς
1146 4825 1207 4884 ἐκ
1232 4835 1324 4885 τοῦ
1353 4829 1582 4906 Πατρὸς,
1634 4826 1967 4906 ἐκπορεύεται

325 4913 380 4972 δὲ
427 4915 489 4971 τὸ
545 4919 756 4991 Πνεῦμα
817 4922 908 4972 τοῦ
961 4915 1104 4989 Υἱοῦ,
1163 4925 1241 4981 τις
1300 4916 1360 4974 ἂν
1422 4916 1728 4983 ἐπινοηθείη
1782 4914 1968 4995 σχέσις

325 5002 489 5075 ἄλλη,
535 5001 650 5059 καθ’
677 5002 744 5071 ἢν
787 5004 873 5061 καὶ
907 5005 963 5060 τὸ
994 5010 1204 5080 Πνεῦμα
1250 5011 1347 5073 τῆς
1406 5003 1585 5079 ἑτέρου
1643 5007 1970 5081 παοαγωγῇς

327 5097 499 5170 ἑαυτῷ
552 5096 614 5150 τὸ
669 5097 954 5173 προνόμιον
1010 5095 1352 5155 συνδιασώσει
1410 5099 1498 5154 καὶ
1552 5102 1652 5165 τῆς
1710 5098 1970 5176 ὁμοφυοῦς

326 5186 624 5247 οοῖισιώσεως
656 5187 714 5241 οὗ
755 5184 993 5264 φαυλίσει
1022 5188 1083 5242 τὸ
1116 5185 1319 5257 ἀξίωμα
1355 5207 1368 5249 :

942 5282 1361 5339 ΑΝΤΙΡΡΗΣΙΣ.

410 5361 500 5423 Β’.
559 5360 679 5420 Ἐὰν
738 5362 1033 5443 φαυλισμὸν
1074 5370 1167 5421 τοῦ
1218 5364 1517 5443 ἀξιώματος
1540 5369 1665 5433 ’τῆς
1711 5365 1973 5444 ὁμοφυοῦς

327 5452 626 5516 οὕσιώσεως
649 5453 761 5531 ὕδγῇ
790 5454 851 5509 τὸ
900 5451 978 5529 μὴ
1032 5453 1349 5532 προάγεσθαι
1389 5455 1478 5513 καὶ
1547 5453 1607 5509 ἐκ
1660 5461 1755 5512 τοῦ
1812 5453 1975 5508 Πνεύ-

2048 4376 2417 4457 sumptiones
2446 4395 2479 4437 a
2513 4388 2570 4437 te
2594 4377 2886 4450 conﬁctas,
2920 4385 3095 4456 atque
3155 4373 3523 4455 imperfectio
3563 4375 3687 4451 illa,

2048 4483 2221 4546 quam
2253 4464 2382 4525 sine
2411 4463 2528 4525 illis
2559 4465 3024 4540 incurreret,aut
3053 4462 3345 4543 quomodo
3377 4461 3695 4543 duplicitas

2047 4551 2389 4635 praevalebit
2418 4562 2624 4614 contra
2653 4561 2918 4614 naturam
2953 4551 3288 4633 simplicem
3324 4551 3698 4631 etcomposi-

2049 4640 2229 4704 tionis
2257 4649 2559 4721 expertem
2593 4640 2680 4721 (α)
2706 4639 2737 4700 ?

2684 4728 3004 4795 TEXTUS.

2131 4819 2195 4883 Si
2216 4821 2479 4882 nascitur
2506 4817 2747 4901 quidem
2781 4821 2967 4883 Filius
2992 4838 3025 4882 a
3048 4822 3242 4897 Patre,
3290 4820 3559 4902 procedit
3588 4838 3695 4883 au-

2052 4918 2169 4973 tem
2203 4908 2459 4989 Spiritus
2486 4928 2520 4969 a
2549 4907 2722 4990 Filio,
2760 4928 3027 4989 quamam
3061 4909 3176 4971 alia
3223 4910 3428 4971 relatio
3461 4909 3702 4988 excogi-

2052 4997 2167 5059 tari
2197 5006 2509 5078 queat,per
2532 5016 2707 5078 quam
2729 5008 2786 5058 et
2808 4999 3065 5079 Spiritus
3091 4998 3206 5060 sibi
3229 5009 3542 5061 conservet
3559 5014 3704 5079 pra-

2052 5088 2376 5166 rogativam
2403 5086 2769 5166 producendi
2789 5086 2964 5148 aliam
2997 5105 3454 5166 persouam,nec
3469 5106 3503 5149 a
3519 5086 3709 5166 digni-

2058 5183 2178 5239 tate
2209 5173 2558 5255 aipualilatis
2590 5183 2648 5237 et
2676 5174 3301 5239 consubstantialitatis
3341 5176 3709 5258 degeneret?

2664 5270 2770 5331 ltE
2777 5269 2878 5332 FU
2884 5269 2971 5331 TA
2986 5268 3141 5333 T10.

2136 5357 2289 5423 VIII.
2318 5357 2542 5431 Quodsi
2564 5358 2902 5423 exsistimas
2922 5360 3443 5438 degeneralionem
3466 5379 3500 5422 a
3520 5360 3713 5441 digni-

2058 5455 2173 5510 tate
2211 5446 2558 5539 aequalitatis
2576 5457 2634 5510 et
2653 5448 3429 5523 consubstantialitatis,nou
3460 5448 3717 5533 produci

416 5585 501 5669 (α)
526 5582 676 5649 Vide
703 5582 1256 5650 animadversiones
1287 5589 1348 5650 in
1373 5584 1574 5651 Photii
1608 5583 1829 5647 librum
1867 5585 1945 5651 de
1973 5581 2137 5666 Spir.
2174 5579 2236 5647 S.
2271 5579 2644 5663 Mystagogia,
2679 5590 2789 5646 art.
2823 5580 2920 5668 1V,
2953 5584 3078 5667 $4.

645 5720 907 5787 Ρινιιθι.
952 5716 1069 5786 Gtt.
1114 5722 1318 5791 CXLI.

3090 5772 3093 5775 .
3147 5719 3223 5784 24
