4210 6292
559 419 666 482 751
1721 421 1750 480 .Ι
1758 418 1907 480 ΟΑΝ
1915 419 1964 481 Ν
1979 463 1992 480 .
2041 415 2180 479 VEC

2304 417 2416 480 ΟΡ.
2461 419 2975 484 ΡΑΤΒΙΑΒΟΗΑΞ
3806 419 3925 487 752

560 550 720 626 dem,
746 550 902 632 quod
933 557 1152 613 tantam
1183 548 1574 626 arrogantiam
1604 547 2043 629 amentiamque
2061 566 2172 610 con

2281 553 2392 607 θεῖν
2436 549 2758 624 ἐκϐιάζονται
2794 552 2927 634 (1);
2979 558 3142 635 ὀργῆν
3201 560 3319 632 μὲν,
3353 560 3439 622 οἷς
3500 560 3761 626 τοσαυτὴν
3820 557 3923 614 ἀπό

563 640 874 720 ceperint;
904 638 1105 701 ﬂetum
1155 654 1315 714 vero,
1351 636 1534 718 quod,
1591 635 1652 698 in
1695 635 2020 717 perniciem
2051 636 2183 699 irre-

2290 661 2432 696 νοιαν
2492 639 2826 716 ἆνελαϐοντο,
2934 647 3120 721 θρῆνον
3179 644 3254 725 δὲ,
3345 648 3431 710 οἷς
3508 650 3638 725 πρὸς
3712 646 3922 724 ὄλεθρον

563 727 892 806 parabilem
926 727 1254 815 praecipites
1285 725 1758 815 agantur.Pietas
1808 725 1994 815 enim,
2029 725 2183 787 etian

2289 725 2583 797 ἀϐοήθητον
2624 733 3001 810 καταφέρονται
3037 752 3053 770 ·
3099 739 3132 801 ἡ
3193 735 3291 814 γὰρ
3349 731 3605 809 εὖσέϐεια,
3664 737 3751 792 καὶ
3781 737 3922 815 r3th-

562 815 700 879 dum
744 816 1042 891 irascitur,
1069 814 1325 896 proximi
1357 817 1445 878 sui
1477 814 2056 877 commiserationem
2089 834 2183 877 nor

2288 816 2507 893 ζομένη,
2553 820 2642 876 τὸν
2673 828 2763 876 τοῦ
2793 824 3053 901 ὁμοφυοῦς
3085 824 3268 880 οἶκτον
3297 826 3392 881 οὒκ
3433 825 3757 883 ἀποτίθεται.

558 903 762 985 abjicit
794 909 931 984 (non
962 903 1252 988 deponit).

1161 992 1390 1058 REFU
1396 993 1489 1056 TA
1505 991 1654 1056 T10.
2901 1007 3322 1060 ANTIPPHEIE.

630 1089 733 1151 XI.
766 1088 1103 1170 Siquidem
1163 1108 1234 1151 ex
1285 1087 1663 1150 confessione
1720 1085 2183 1149 adversariorun

2371 1075 2478 1147 Μ’.
2528 1085 2585 1142 Εἰ
2613 1087 2711 1160 μὲν
2742 1086 2793 1151 ἐξ
2823 1088 3108 1166 ὁμολογίας
3138 1095 3245 1144 τῶν
3298 1089 3684 1170 ἀντιλεγόντων
3718 1092 3920 1172 ἐσιεῖταὶ

550 1176 723 1238 istam
755 1178 1224 1259 propositionem
1257 1177 1434 1239 talem
1464 1192 1798 1257 supponere
1847 1174 2183 1256 permissun

2286 1196 2366 1231 σοι
2397 1173 2495 1240 τὴν
2550 1172 2803 1249 πρότασιν
2861 1175 3188 1234 ὗποτίθεσθαι
3246 1179 3466 1253 ταύτην,
3539 1181 3660 1258 τὴν,
3707 1181 3764 1236 Εἰ
3834 1179 3921 1236 δύο

553 1265 726 1340 est,si
750 1265 870 1329 duo
904 1268 1210 1346 principia
1243 1267 1312 1328 in
1341 1263 1739 1327 monarchica
1771 1263 2067 1326 Trinitate
2086 1264 2183 1325 ad-

2283 1260 2432 1318 αῗτια
2487 1263 2585 1328 τῆς
2643 1269 2980 1343 μοναρχικῆς
3057 1263 3274 1342 Τριάδος
3360 1265 3744 1348 ἐπαναϐέϐηκε,
3817 1266 3922 1323 δια-

550 1355 901 1430 mittuntur,
937 1353 1143 1417 licebit
1173 1353 1280 1416 tibi
1307 1363 1365 1415 et
1392 1353 1540 1415 alias
1570 1351 1950 1414 difﬁcultates
1968 1370 2183 1432 propo-

2275 1363 2460 1428 πορεῖν
2491 1351 2577 1406 καὶ
2619 1351 2811 1430 χείρων
2854 1353 2960 1408 τῶν
3021 1350 3434 1432 διαπορηθέντων
3463 1354 3664 1421 ἐξέσται
3712 1359 3791 1412 σοὶ
3839 1360 3922 1413 καὶ

550 1440 678 1502 sitis
695 1441 870 1504 etiam
892 1444 1130 1524 pejores
1143 1443 1366 1523 agitare
1403 1455 1462 1504 et
1486 1441 1580 1503 his
1600 1440 1796 1502 dubiis
1816 1440 1928 1502 alia
1959 1459 2183 1522 quoque

2275 1451 2399 1502 ταῖς
2456 1438 2696 1518 ἀπορίαις
2741 1441 2950 1506 ταύταις
3009 1441 3158 1519 ἕτερα
3195 1443 3697 1523 ἐπισυλλογίζεσθαι,
3759 1447 3923 1526 χείρω

549 1529 874 1609 adjungere
897 1531 1331 1611 ratiocinando,
1360 1549 1492 1611 quae
1523 1532 1580 1593 in
1610 1529 1983 1610 iuiquitiores
2003 1529 2183 1590 adhuc

2275 1532 2381 1583 τῶν
2458 1525 2559 1595 ἤδη
2620 1527 2880 1606 ῥηθέντων
2951 1531 3282 1608 συναγόμενα
3341 1532 3757 1612 συμπεράσματα
3793 1551 3804 1563 ⁸
3880 1536 3920 1588 εἷ

551 1618 966 1682 conclusiones
1013 1620 1337 1700 allatasque
1387 1619 1744 1682 excedentes
1774 1617 2099 1680 deducunt.
2135 1619 2183 1678 Si

2278 1613 2332 1670 δὲ
2404 1616 2504 1684 τὴν
2573 1619 2826 1696 πρότασιν
2874 1619 3071 1685 ταύτην
3132 1618 3339 1678 οἴκοθεν
3410 1621 3698 1698 λαμϐάνων
3768 1623 3920 1685 αὒτὸς

548 1713 747 1768 autem
800 1709 953 1772 hanc
1010 1707 1478 1790 propositionem
1531 1715 1626 1769 tuo
1686 1715 1877 1768 marte
1912 1713 1970 1767 et
2000 1723 2072 1768 ex
2104 1715 2183 1767 tua

2279 1704 2532 1768 τοιούτοις
2575 1706 2792 1772 ὑποτίθη
2821 1704 3225 1785 συλλογισμοῖς,
3271 1711 3424 1768 πάνθ’
3477 1711 3574 1767 ὅσα
3632 1710 3921 1790 βλάσφημα

549 1802 750 1857 mente
780 1796 1103 1859 desumens
1134 1797 1267 1877 ipse
1296 1795 1511 1858 talibus
1531 1795 1893 1884 syllogismis,
1912 1794 2183 1884 supponis

2278 1793 2413 1849 κατὰ
2469 1800 2574 1850 τῶν
2641 1793 3024 1872 ἀντιλεγόντων
3105 1796 3421 1876 συμπλάττῃ
3507 1801 3577 1865 ὡς
3649 1799 3708 1855 ἐκ
3764 1797 3920 1866 τῆσδε

549 1885 748 1946 omnia
763 1903 894 1964 quae
915 1893 1123 1948 contra
1145 1885 1512 1948 adversarios
1532 1883 1822 1960 contingis
1845 1883 2183 1964 blasphem

2276 1889 2372 1954 τῆς
2430 1883 2733 1960 προτάσεως
2808 1883 3139 1963 ἀναφυόμενα
3212 1887 3296 1942 ἐπὶ
3364 1889 3460 1956 τήν
3519 1888 3618 1955 σὴν
3687 1887 3921 1966 περιτρέ-

547 1979 820 2054 tanquam
846 1992 922 2036 ex
954 1974 1054 2036 illo
1085 1973 1376 2036 axiomate
1404 1972 1745 2035 enascentia
1771 1971 2032 2052 indeque
2062 1971 2191 2032 col-

547 2059 809 2139 ligenda,
843 2071 1048 2126 contra
1074 2071 1241 2125 tuum
1265 2070 1438 2144 caput
1465 2069 1903 2136 convertentur,
1942 2069 2188 2140 etquam

548 2146 695 2211 dicit
723 2149 1089 2232 impietatem
1121 2161 1327 2216 contra
1357 2151 1542 2232 ipsos,
1582 2150 1751 2231 quasi
1802 2149 2186 2230 principium,

549 2236 706 2317 quod
751 2247 842 2301 est
887 2239 1110 2320 absque
1139 2239 1434 2321 principio
1463 2248 1521 2301 et
1552 2256 1733 2320 super
1762 2256 1940 2299 omne
1972 2237 2199 2319 princi-

552 2327 738 2408 pium,
771 2345 805 2388 a
853 2327 1094 2410 propria
1120 2327 1264 2392 sede
1294 2326 1676 2390 exturbarent
1708 2335 1767 2388 et
1805 2326 1866 2388 in
1898 2325 2196 2388 binarium

547 2414 901 2494 dejicerent,
935 2417 1094 2479 unde
1125 2426 1182 2480 et
1205 2416 1484 2499 principii
1530 2414 1860 2478 sectionem
1910 2433 2096 2496 usque
2122 2414 2195 2476 ad

547 2502 856 2564 Trinitatis
908 2505 1237 2567 sectionem
1283 2523 1696 2586 processuram
1752 2504 2010 2566 afﬁrmas
2039 2522 2106 2566 ea
2136 2511 2195 2566 te

549 2589 785 2654 crimini
815 2591 1514 2656 hostiumChristianismi
1538 2592 1780 2673 subjicit
1809 2592 2192 2654 etaffectnum

548 2686 613 2740 ut
635 2679 955 2758 plurimum
989 2682 1449 2759 insociabilium,
1482 2681 1588 2743 ira;
1610 2681 1885 2745 videlicet
1906 2690 1962 2743 et
1991 2682 2189 2758 lletus,

547 2767 611 2830 in
641 2787 822 2832 unum
855 2788 1243 2850 congressum
1276 2771 1458 2833 multo
1492 2769 1916 2850 congruentius
1944 2771 2103 2832 circa
2135 2782 2194 2833 te

551 2855 682 2919 ﬁeri
711 2859 974 2920 ostendit
1005 2877 1018 2922 :
1050 2859 1152 2922 ira;
1185 2859 1450 2942 quidem,
1486 2861 1640 2940 quod
1693 2878 1762 2922 eo
1821 2859 2045 2934 furore,
2089 2858 2192 2937 qui

2274 1991 2459 2027 πονται
2516 1971 2774 2052 κεφαλὴν,
2835 1975 2921 2028 καὶ
2990 1973 3024 2040 ἢ
3081 1972 3254 2053 λέγεις
3314 1974 3612 2032 δυσσέϐειαν
3660 1977 3778 2033 κατ’
3834 1978 3923 2032 αὖ·

2275 2066 2404 2134 τῶν,
2457 2063 2530 2125 ὡς
2586 2062 2685 2139 τὴρ
2754 2060 2986 2141 ἄναρχον
3046 2064 3132 2118 καὶ
3214 2065 3504 2145 ὑπεράχιον
3577 2065 3752 2144 ἄρχῆν
3821 2069 3919 2131 τῆς

2275 2149 2470 2213 οἰκείας
2527 2147 2675 2229 ἕδρας
2732 2150 2877 2229 τάχα
2963 2153 3385 2230 πεαιτρεπόντων
3486 2155 3573 2210 καὶ
3642 2155 3714 2216 εἷς
3762 2150 3918 2210 δυάδα

2282 2235 2686 2314 διατεμνόντων,
2721 2238 2908 2296 όπόθεν
2936 2241 3024 2296 καὶ
3083 2242 3156 2305 εἷς
3209 2240 3400 2320 Τριαδα
3458 2244 3554 2310 τῆν
3597 2248 3696 2310 τῆς
3742 2241 3917 2321 ἀρχῆς

2281 2327 2587 2402 κατατομῆν
2657 2325 3004 2384 διελεύσεσθαι
3065 2328 3352 2408 ἀποφαίνῃ⁶
3406 2335 3484 2406 τῷ
3523 2338 3629 2388 τῶν
3664 2338 3918 2410 Χρνστια-

2281 2417 2652 2494 νοκατηγόρων
2706 2439 2764 2472 σε
2818 2418 3112 2496 καθυπάγει
3159 2418 3478 2501 ἐγκλήματι,
3537 2422 3623 2477 καὶ
3698 2421 3796 2487 τῆν
3841 2422 3914 2484 εἰς

2277 2504 2331 2560 ἕν
2376 2503 2668 2563 συνέλευσιν
2711 2511 2816 2563 τῶν
2865 2503 3227 2562 ἆσυνδυέστων
3296 2511 3497 2583 παθῶν,
3560 2510 3721 2588 ὀργῆς
3779 2511 3915 2588 φημῖ

2276 2595 2363 2665 καὶ
2423 2601 2516 2650 τού
2583 2595 2796 2673 θρήνου,
2853 2592 3238 2674 ἁρμοδιώτερον
3327 2595 3412 2653 ἐπὶ
3479 2604 3571 2654 σοῦ
3631 2598 3914 2675 γινομένην

2276 2679 2492 2738 δειγνύει
2528 2698 2542 2712 ⁸
2609 2682 2783 2762 ἂρχῆς
2842 2683 2962 2759 μὲν,
3025 2684 3114 2747 οἶς
3157 2691 3402 2742 τοσοῦτον
3457 2685 3724 2766 θηριωδῶς
3777 2687 3912 2743 κατὰ

2274 2777 2378 2828 τῶν
2411 2769 2648 2851 ἀδελφῶν
2707 2771 2982 2847 ἐξεμάνης,
3043 2776 3229 2849 θρῆνον
3268 2773 3346 2845 δὲ,
3404 2775 3493 2839 οἷς
3553 2782 3779 2834 τοσαῦτα
3831 2779 3913 2834 εὓ-

2276 2856 2444 2916 σεϐὦν
2472 2862 2560 2917 καὶ
2589 2858 2870 2939 ὀρθοδόξων
2897 2862 3204 2936 κατψεεύσω
3237 2859 3459 2940 ἀνδρῶν.

541 2945 803 3008 ferarum
833 2947 1105 3029 proprius
1135 2957 1244 3027 est,
1277 2956 1482 3012 contra
1509 2948 1720 3010 fratres
1750 2947 2016 3030 insanis;
2051 2947 2224 3010 ﬂetus
2252 2965 2412 3026 vero,
2442 2947 2600 3029 quod
2629 2947 2766 3010 talia
2790 2966 2858 3010 ac
2886 2955 3047 3010 tanta
3090 2956 3290 3012 contra
3335 2949 3464 3033 pios
3484 2957 3541 3012 et
3559 2951 3914 3016 orthodoxos

543 3033 700 3097 viros
719 3036 1015 3101 mentiris.

1231 3125 1550 3190 TEXTUS.

623 3219 721 3280 14.
740 3221 922 3282 Porro
948 3220 1126 3282 etiam
1158 3238 1265 3302 per
1285 3238 1355 3282 ea
1384 3238 1514 3302 qua
1545 3239 1677 3282 mox
1713 3219 1989 3281 dicentur
2015 3218 2188 3281 facile

548 3315 640 3369 est
676 3307 996 3389 impietatis
1028 3309 1496 3387 magnitudinem
1541 3307 1900 3389 conSpicari.
1934 3306 1996 3370 Si
2025 3308 2185 3370 enim

545 3405 677 3475 post
713 3414 1055 3477 supremum
1102 3407 1160 3460 et
1190 3398 1600 3480 independcns
1632 3405 1938 3479 paternum
1958 3397 2184 3478 princi-

539 3487 1092 3567 pium,causamque
1120 3486 1336 3550 iterum
1361 3486 1887 3550 consubstantialis
1918 3503 2187 3566 personae

542 3576 650 3655 (a),
678 3577 1034 3659 principium
1053 3587 1111 3640 et
1127 3598 1305 3642 causa
1328 3579 1707 3642 constituitur
1725 3576 2185 3656 Filius,quomo-

543 3664 717 3727 modo
749 3665 881 3746 quis
910 3667 1148 3745 effugiet
1174 3687 1208 3730 a
1229 3667 1461 3730 duobus
1490 3665 1829 3730 asserendis
1856 3664 1917 3726 in
1933 3663 2188 3728 Trinita-

537 3761 598 3815 te
631 3753 1219 3836 principiis,quorum
1241 3757 1490 3818 alterum
1515 3754 1812 3836 principio
1841 3755 2185 3816 careatetin

535 3842 647 3904 hac
678 3844 1230 3924 principiicarentia
1247 3846 1526 3908 fundetur
1546 3854 1604 3907 et
1626 3845 2182 3921 ﬁrmetur;alterum

538 3949 674 3992 vero
693 3932 1111 4014 principiatum
1133 3935 1308 3996 simul
1334 3943 1394 3997 et
1421 3935 1493 3999 ad
1528 3932 1886 4015 principium
1918 3940 2186 3996 recurrat

539 4028 599 4081 et
649 4039 768 4082 una
810 4040 946 4084 cum
983 4023 1338 4085 relatiouum
1398 4023 1733 4086 dill‘erentia
1779 4020 2186 4101 perducatur?

546 4112 646 4174 15.
681 4110 905 4183 Quodsi
955 4112 1131 4175 Pater
1184 4121 1274 4175 est
1331 4132 1505 4176 causa
1535 4131 1920 4194 personarum
1953 4110 2026 4174 ab
2054 4111 2186 4191 ipso

540 4199 960 4279 procedentem
981 4221 1098 4264 non
1129 4203 1359 4265 ratione
1389 4211 1639 4283 naturae,
1672 4201 1776 4262 sed
1803 4199 2030 4262 ratione
2055 4217 2186 4280 per-

539 4307 722 4365 sonae,
756 4292 986 4352 ratione
1013 4299 1214 4354 autem
1239 4301 1495 4372 paternae
1529 4309 1795 4374 personae
1824 4288 2112 4352 centineri
2128 4298 2184 4350 et

536 4377 767 4439 includi
791 4379 968 4440 etiam
996 4379 1136 4442 Filii
1173 4399 1494 4462 personam
1522 4398 1697 4442 nemo
1728 4377 2182 4452 hactenus,licet

2905 3145 3269 3199 KEIMENON.

2350 3223 2438 3284 ιδ’.
2471 3230 2705 3282 Σκοπεϊν
2735 3224 2788 3281 δὲ
2817 3228 2879 3282 τὸ
2908 3231 3004 3293 τῆς
3059 3223 3358 3290 δυσσεϐείας
3402 3226 3622 3304 μέγεθος
3680 3228 3794 3285 οὖδὲ
3826 3228 3912 3286 διὰ

2268 3337 2370 3388 τςρν
2424 3312 2799 3390 ῥηθησομένων
2854 3314 2961 3370 ἐστι
3017 3312 3288 3394 δυσχερές.
3337 3316 3394 3371 Εἰ
3437 3315 3535 3394 γὰρ
3605 3318 3739 3390 μετᾶ
3813 3319 3912 3384 τῆν

2267 3401 2496 3480 ἄναρχον
2568 3402 2656 3457 καὶ
2702 3403 2962 3481 πατρικὴν
3019 3403 3192 3482 ἀρχὴν
3251 3404 3337 3459 καὶ
3395 3405 3561 3460 αἰτίαν
3632 3407 3913 3479 ὁμοωσίου

2267 3488 2426 3546 πάλιν
2469 3489 2615 3569 ἀρχὴ
2644 3491 2948 3546 καθίσταται
2987 3492 3075 3547 καὶ
3117 3489 3290 3547 αἴτιον
3319 3493 3347 3546 ὁ
3413 3493 3551 3560 Υἱὸς,
3599 3500 3711 3556 πῶς
3743 3493 3803 3549 ἄν
3832 3517 3912 3558 τις

2267 3577 2505 3657 διαφύγοι
2549 3579 2625 3652 μὴ
2667 3576 2754 3634 δύο
2809 3576 2980 3656 λέγειν
3026 3577 3078 3636 ἐν
3121 3578 3188 3646 τῆ
3244 3578 3419 3649 Τριάδι
3475 3579 3910 3660 παραλλατούσας

2266 3666 2462 3746 ἀρχὰς,
2493 3667 2591 3734 τὴν
2621 3666 2718 3742 μὲν
2757 3668 2816 3722 τὸ
2877 3665 3110 3747 ἄναρχον
3167 3666 3395 3745 ἔχουσαν
3451 3670 3542 3724 καὶ
3586 3669 3909 3748 ἐστηριγμέ-

2267 3777 2363 3820 νην
2419 3754 2472 3811 ἓν
2532 3756 2693 3828 αὖτῳ,
2755 3755 2855 3822 τὴν
2907 3752 2960 3811 δὲ
3015 3756 3323 3835 ἀρχομένην
3379 3777 3436 3812 τε
3497 3755 3607 3832 ἅμα
3651 3760 3735 3814 καὶ
3777 3762 3910 3837 πρὸς

2267 3843 2443 3922 ἀρχὴν
2484 3842 2874 3923 ἀνατρέχουσὰν
2933 3846 3020 3924 καὶ
3099 3846 3638 3924 συμμεταφερομένην
3680 3854 3748 3924 τῇ
3805 3855 3913 3904 τῶν

2265 3919 2507 4011 σχέσεων
2548 3919 2764 4011 διαφορᾷ
2795 3954 2812 4006 ;
2877 3922 2964 3991 ιε’.
3028 3935 3082 3991 Εἰ
3111 3919 3173 3988 δ’ν
3208 3919 3380 3997 αἴτιος
3411 3919 3482 3990 ’δή
3511 3935 3692 4014 Πατὴρ
3724 3919 3829 3993 τῶν
3858 3936 3911 4002 ἐξ

2266 4021 2442 4095 αὐτοῦ,
2475 4022 2535 4078 οὗ
2561 4027 2638 4095 τῷ
2683 4018 2828 4098 λόγῳ
2854 4021 2952 4090 τῆς
2997 4021 3223 4102 φύσεως,
3268 4027 3344 4095 τῷ
3400 4020 3455 4078 δὲ
3482 4021 3627 4101 λόγῳ
3655 4029 3750 4090 τῆς
3781 4026 3904 4081 ὑπό-

2266 4109 2522 4184 στάσεως,
2557 4111 2584 4165 ὃ
2614 4107 2668 4166 δὲ
2738 4108 2894 4186 λόγος
2951 4112 3047 4178 τῆς
3103 4117 3368 4190 πατρικῆς
3425 4113 3764 4176 ὑποστάσεως
3809 4115 3904 4169 οὕ-

2267 4195 2370 4254 δενὶ
2408 4197 2568 4278 μέχρι
2639 4208 2724 4257 νῦν
2780 4201 3088 4278 περιορίζειν
3156 4200 3244 4255 καὶ
3289 4203 3389 4267 τὴν
3445 4208 3538 4256 τοῦ
3605 4203 3725 4256 Υἱοῠ
3767 4200 3906 4257 ὕπο-

2264 4307 2444 4342 στασιν
2516 4283 2882 4353 δεὼσσέϐηται
2957 4284 3123 4366 (οὐδὲν
3167 4288 3265 4366 γὰρ
3295 4285 3412 4343 οὐδὲ
3465 4286 3737 4362 Σαϐελλίῳ
3806 4291 3907 4357 τὴν

2266 4375 2609 4454 Υἱοπατορίαν
2658 4375 3088 4453 τερατευσαμὲνῳ
3154 4374 3599 4458 δεδυσφήμηται),
3651 4378 3905 4454 οὕμενοῦν

531 4465 831 4529 sublestus
889 4476 946 4530 et
1002 4453 1246 4550 impius,
1284 4469 1601 4532 afﬁrmavit
1625 4467 1724 4549 (ne
1754 4466 1882 4547 ipse
1929 4465 2175 4546 quidem

2265 4464 2356 4520 οὐκ
2397 4461 2459 4518 ἄν
2483 4463 2574 4530 εἴη
2624 4462 2790 4520 οὕδενὶ
2840 4465 3019 4542 τρόπῳ
3064 4462 3268 4528 οὐδενὸς
3325 4471 3429 4522 τῶν
3487 4467 3542 4522 ἑν
3610 4473 3679 4542 τῇ
3723 4466 3902 4546 Τριάδι

533 4554 960 4638 Sabellius,qui
989 4568 1423 4620 monstruosum
1447 4558 1597 4622 Filio
1632 4556 2000 4639 paternitatis
2019 4573 2176 4616 com-

532 4654 795 4707 mentum
852 4646 1264 4728 excogitavit);
1301 4647 1640 4711 nullatenus
1697 4645 1960 4728 profecto
1991 4643 2175 4706 Filius

531 4735 746 4811 poterit
776 4753 951 4797 causa
981 4754 1112 4798 esse
1144 4737 1319 4800 ullius
1349 4736 1410 4797 in
1435 4735 1720 4798 Trinitate
1749 4751 2038 4816 personas.
2077 4733 2170 4796 16.

528 4820 731 4904 Neque
761 4841 899 4885 vero
945 4833 1002 4887 et
1046 4825 1159 4888 hoc
1218 4825 1718 4906 praetereundum,
1779 4823 1936 4903 quod
1985 4822 2172 4902 ipsam

529 4912 956 4992 quoquel’atris
975 4933 1286 4994 personam
1310 4915 1370 4976 in
1393 4915 1540 4976 duas
1565 4913 1748 4992 impia
1780 4912 1879 4973 illa
1910 4910 2179 4972 doctrina

529 4999 758 5077 dividit,
792 5003 881 5065 vel
913 5003 1215 5066 certeFilii
1237 5022 1549 5084 personam
1575 5003 1635 5063 in
1670 5013 1897 5082 partem
1914 5006 2179 5080 paternae

529 5088 910 5170 hypostaseos
939 5093 1158 5156 assumi
1187 5093 1376 5156 sancit
1429 5113 1496 5156 ac
1543 5091 1768 5166 statuit,
1803 5089 1866 5153 Si
1897 5088 2080 5166 enim,
2116 5096 2181 5150 ut

530 5177 705 5240 modo
737 5181 959 5244 dictum
994 5191 1105 5257 est,
1138 5203 1256 5245 non
1278 5185 1508 5246 ratione
1539 5189 1782 5254 naturae,
1809 5178 1913 5240 sed
1945 5178 2172 5239 ratione

527 5265 908 5348 hypostaseos
940 5269 1109 5334 Pater
1147 5282 1237 5336 est
1267 5291 1444 5336 causa
1474 5267 1894 5353 prodeuntium
1938 5265 2011 5329 ab
2042 5265 2170 5350 ipso

529 5371 912 5434 personarum
941 5382 957 5437 ;
986 5369 1076 5426 est
1125 5381 1262 5425 vero
1317 5369 1376 5425 et
1428 5360 1685 5444 Spiritus
1733 5375 1910 5420 causa
1957 5355 2166 5432 Filius,

524 5446 1027 5522 quemadmodum
1060 5451 1348 5531 sacrilega
1397 5450 1509 5514 ista
1563 5445 1856 5512 sententia
1904 5444 2169 5523 clamat;

605 5614 890 5698 (a)_Qatif.
924 5617 1064 5697 legit
1094 5622 1396 5696 ὁμοούσιον,
1430 5619 1569 5680 hinc
1599 5616 1805 5679 vertit:
1850 5648 1870 5680 ι
1903 5613 2164 5698 Consub-

527 5692 860 5756 stantialem
890 5692 1149 5759 causam}
1189 5729 1210 5762 ι

2238 4550 2433 4615 ἀἴτιος
2463 4554 2491 4608 ὁ
2530 4554 2667 4618 Υἱὸς.
2701 4542 2824 4626 ις’.
2856 4551 2984 4611 υύδὲ
3021 4555 3167 4611 τοῦτο
3223 4553 3277 4610 δὲ
3334 4554 3445 4634 χρή
3514 4542 3903 4636 παραδραμεῖν,

2258 4639 2338 4696 ὅτι
2368 4642 2454 4698 καὶ
2502 4641 2662 4710 αὒτιὶν
2705 4641 2803 4710 τὰν
2861 4642 3147 4700 ὑπόστασιν
3187 4650 3281 4699 τοῦ
3336 4645 3541 4721 Πατρὸς
3596 4647 3668 4709 εἷς
3711 4642 3799 4702 δύο
3841 4648 3905 4702 τὸ

2257 4726 2561 4806 δυσσέϐημα
2588 4729 2779 4810 διαιρεῖ
2811 4751 2828 4768 ⁸
2858 4731 2894 4800 ἢ
2933 4733 3144 4798 πάντως
3202 4753 3262 4810 γε
3318 4733 3379 4790 τὸ
3434 4739 3524 4790 τοῦ
3579 4735 3700 4790 Υἱοῦ
3730 4735 3903 4812 πρόσ-

2259 4842 2402 4877 ωπον
2475 4821 2548 4883 εἷς
2606 4819 2764 4901 μέρος
2831 4819 3133 4900 ἄνειλῆφθαι
3189 4827 3288 4890 τῆς
3345 4827 3606 4901 πατρικῆς
3662 4824 3905 4880 ὑποστά-

2259 4929 2394 4972 σεως
2423 4912 2720 4984 νομοθετεῖ.
2757 4913 2812 4969 Εἰ
2844 4911 2967 4989 γὰρ,
3010 4912 3083 4975 ὼς
3115 4911 3340 4990 εἰρηται,
3394 4911 3453 4966 οὗ
3506 4917 3582 4985 τῷ
3630 4909 3774 4989 λόγῳ
3806 4911 3903 4978 τῆς

2260 4994 2485 5076 φύσεως,
2517 5003 2594 5071 τῷ
2643 4997 2697 5054 δὲ
2742 4998 2888 5078 λόγῳ
2943 5004 3041 5066 τῆς
3090 4999 3426 5063 ὑποστάσεως
3485 4996 3659 5063 αἴτιός
3703 5000 3843 5056 ἐστιν
3873 5002 3904 5056 ὁ

2262 5086 2445 5167 Πατὴρ
2502 5093 2607 5143 τῶν
2664 5087 2717 5154 ἐξ
2761 5090 2937 5163 αὑτοῦ,
2984 5087 3093 5145 ἐστὶ
3149 5085 3203 5144 δὲ
3260 5089 3349 5144 καὶ
3430 5095 3522 5144 τοῦ
3597 5090 3902 5164 Πνεύματος

2255 5173 2428 5241 αἴτιος
2460 5179 2488 5233 ὁ
2532 5178 2671 5252 Υἱὸς,
2705 5177 2777 5240 ὥς
2807 5179 2841 5247 ἡ
2897 5179 3160 5257 θεομαχία
3227 5178 3347 5257 βοᾷ,
3409 5177 3444 5244 ἢ
3504 5177 3902 5256 συμμεριζόμε-

2253 5285 2340 5321 νον
2382 5264 2648 5345 ἀποφῆναι
2704 5267 2804 5342 τῂν
2857 5266 3116 5346 πατρικὴν
3168 5266 3451 5323 ὑπόστασιν
3508 5268 3601 5323 τὸν
3661 5268 3805 5346 res»,
3849 5267 3907 5332 ἐξ

2252 5352 2318 5421 ἧς
2361 5355 2449 5410 καὶ
2476 5355 2536 5410 τὸ
2559 5353 2732 5411 αἴτιον
2774 5355 3013 5435 παρέσχε
3044 5351 3252 5428 λαϐεῖν,
3311 5353 3346 5422 ἣ
3377 5355 3468 5410 τὸν
3499 5355 3619 5410 Υἱὸν
3651 5353 3906 5422 ἀναπλη-

2252 5449 2440 5522 ροῦντα
2481 5445 2542 5500 τὸ
2584 5443 2867 5523 πρόσωπον
2897 5446 2988 5501 τοῦ
3033 5442 3262 5522 Πατρός,
3308 5442 3481 5500 ἐκεῖνο
3525 5440 3578 5498 δὲ
3643 5441 3726 5522 (2)
3770 5466 3900 5499 συν-

2331 5610 2423 5773 ξι)
2455 5614 2637 5675 Marc.
2671 5612 2831 5674 Μοιι.
2865 5609 2934 5678 Ο.
2969 5629 2982 5674 2
3018 5614 3077 5670 ού
3104 5613 3367 5692 βιάζονται.

2362 5690 2426 5772 2)
2461 5690 2637 5766 Laur.
2668 5699 2735 5756 ut
2762 5691 2923 5763 Mon.
2962 5693 3137 5773 ἐκεῖνο
3177 5711 3255 5773 τε.

2362 5690 2426 5783 2)
2461 5690 2637 5778 Laur.
2668 5699 2735 5756 ut
2762 5691 2923 5763 Mon.
2962 5690 3137 5780 ἐκεῖνο
3177 5711 3255 5778 τε,
