4240 6300
371 256 489 321 757
1254 258 1690 323 REFUTATIO
1733 254 2105 318 PHOTIANI
2152 250 2359 316 LIBRI
2402 255 2502 316 DE
2555 253 2866 317 SPIRITU
2912 254 2981 319 S.
3646 246 3765 314 758

374 397 715 465 Δαμασκηνῷ
746 395 905 472 Πατρὶ
963 395 1179 458 καὶτῆς
1237 391 1609 464 οἰκουμενικῆς
1679 386 2003 461 πειθομένοισι

2106 391 2164 444 et
2177 383 3209 465 exclusive,Damascenum,Patrem
3225 382 3759 463 praeclarumﬁllud

375 478 614 558 φωστῆρι
645 482 735 536 τὸν
792 481 997 560 Πατέρα
1047 477 1310 559 πριόολέα
1362 477 1453 535 διὰ
1494 475 1651 555 λόγου
1704 479 1797 533 τοῦ
1825 475 2003 557 ἐκφαν-

2107 472 2270 534 orbis
2302 474 2503 536 lumen
2534 474 2899 556 secutos,qui
2931 492 3038 554 per
3065 473 3328 537 Verbum
3362 477 3598 537 Patrem
3625 491 3763 553 pro-

369 577 586 642 τορικοῦ
634 567 838 647 λέγοντι
899 572 1203 644 Πνεύματος
1251 568 1378 648 (1)·
1439 569 1467 622 ὃ
1515 567 1615 643 γὰρ
1669 566 1759 622 τὸν
1819 564 2003 643 Πατέρε

2106 561 2413 623 ductorem
2457 562 2712 643 Spiritus
2758 563 3032 643 producit
3062 562 3418 626 revelantis.
3451 562 3559 635 Qui
3593 562 3755 624 enim

370 653 455 710 διὰ
487 663 578 713 τοῦ
609 660 777 735 Λόγου
830 657 1091 733 προϐυλέα
1133 658 1303 736 λέγων
1345 663 1438 712 τοῦ
1492 655 1794 731 Πνεύματος
1850 655 2003 711 κοινὸ·

2107 652 2339 711 Patrem
2371 649 2519 712 dicit
2552 652 2972 731 productorem
3003 651 3262 732 Spiritus
3291 670 3401 733 per
3415 649 3758 727 Verbum,is

377 746 580 824 Πατρὸς
622 748 711 802 καὶ
742 751 862 822 Υἶοῦ
890 750 952 805 τὸ
994 755 1205 823 Πνεῦμα
1234 747 1572 824 παρίστησιν.

2105 756 2483 801 communem
2505 740 2792 821 Spiritum
2827 740 3023 803 Patris
3052 749 3114 803 et
3135 740 3267 803 Filii
3300 741 3593 803 declarat.

1002 843 1373 897 KEIMENON.
2758 827 3079 892 TEXTUS.

458 912 562 988 ιη’.
610 922 989 1000 Παραπλήσιον
1048 924 1102 981 δὲ
1160 936 1275 990 τοῖς
1333 922 1627 1001 εἰρημένοις
1681 923 1769 977 καὶ
1808 928 1963 977 τοῦτο
2000 936 2011 948 ·

378 1011 436 1065 Εἰ
465 1012 526 1066 τὸ
571 1009 703 1069 ἴδιον
737 1020 829 1069 τοῦ
872 1016 1073 1081 Πατρὸς
1126 1016 1197 1078 εἰς
1254 1013 1352 1081 τὴν
1395 1009 1631 1078 ἰδιότητα
1685 1007 2012 1084 μεταϐάλλε-

369 1118 459 1153 ται
490 1106 580 1156 τοῦ
612 1103 757 1180 Υἰοῦ,
787 1103 875 1158 καὶ
904 1104 966 1158 τὸ
1022 1100 1157 1159 ἴδιον
1208 1099 1452 1169 δηλονοτι
1509 1109 1603 1158 τοῦ
1660 1100 1778 1155 Υἱοῦ
1821 1096 1912 1180 εἴη
1956 1094 2019 1151 ἂν

379 1187 454 1249 εἰς
484 1188 582 1254 τὴν
634 1175 871 1256 ἰδιότητα
915 1188 1376 1266 μεταϐαλλόμενον
1429 1196 1520 1246 τοῦ
1562 1188 1787 1267 Πατρός,
1836 1175 2018 1249 υΑπαξ

374 1275 477 1353 γὰρ
526 1274 644 1333 ὁδὸν
714 1278 1079 1353 ἀνατεμούσης
1149 1281 1245 1346 τῆς
1281 1276 1556 1341 δυσσεϐοῦς
1626 1273 2017 1355 γλωσσαλγίας,

370 1361 443 1418 δι’
489 1366 557 1431 ἦν
600 1366 666 1423 τὰ
714 1372 813 1434 τῆς
863 1368 1202 1431 ὑποστάσεως
1260 1366 1721 1447 χαρακτηριστικὰ
1761 1361 2019 1436 ἰδιώματα

371 1454 718 1527 μεταπίπτειν
772 1457 860 1512 καὶ
944 1456 1427 1536 ἀντιπεριίστασθαι
1511 1453 1754 1532 βούλεται
1821 1452 1908 1507 καὶ
1990 1450 2018 1504 ὁ

367 1543 546 1620 πατὴρ
574 1547 780 1624 α’δτοῖς,
853 1543 898 1601 ὣ
967 1546 1122 1621 βάθος
1193 1543 1479 1610 ὰσεϐείαςξ
1546 1541 1634 1624 (2)
1676 1539 2017 1599 ὑπελεύσεται

367 1630 468 1696 τὴν
505 1630 772 1712 γέννησιν,
828 1632 914 1689 ὅτε
944 1633 1277 1712 γεγέννηται,
1310 1636 1339 1690 ὁ
1398 1633 1516 1696 Υἱός
1545 1649 1559 1663 ⁸
1613 1629 1715 1688 ἔδει
1773 1631 1871 1707 γὰρ
1901 1628 2018 1687 τοὺς

2188 914 2279 978 18.
2312 914 2506 977 Affine
2535 923 2732 976 autem
2748 918 2871 995 jam
2899 917 3074 980 dictis
3097 924 3156 979 et
3182 916 3326 978 hoc:
3350 914 3413 979 Si
3436 914 3595 997 quod
3620 934 3755 996 pro-

2101 1002 2296 1082 prium
2330 1013 2415 1065 est
2445 1007 2636 1067 Patris
2661 1008 3019 1069 transfertur
3041 1004 3103 1067 in
3137 1006 3561 1086 pr0prietatem
3591 1004 3752 1085 Filii,

2101 1092 2430 1173 profectum
2460 1103 2518 1154 et
2549 1095 2708 1175 quod
2741 1095 3186 1176 propriumFilii
3206 1095 3465 1159 inPatris
3484 1094 3753 1176 proprie-

2099 1190 2274 1243 tatem
2309 1182 2423 1243 erit
2454 1182 2960 1249 transferendum.
2994 1181 3112 1245 ULi
3142 1185 3298 1246 enim
3324 1184 3512 1261 impia
3538 1201 3751 1263 garru-

2102 1270 2235 1332 litas
2265 1270 2453 1333 semel
2476 1271 2710 1351 aperuit
2731 1272 3032 1352 viam.qua
3054 1272 3561 1333 characteristicae
3576 1271 3753 1353 hypo-

2103 1366 2336 1420 staseon
2367 1360 2760 1440 proprietates
2805 1369 3008 1423 mutue
3054 1361 3305 1422 transitu
3336 1360 3482 1422 alias
3510 1360 3572 1421 in
3606 1362 3753 1423 alias

2104 1447 2364 1527 migrare
2394 1455 2453 1509 et
2484 1449 2697 1509 mutari
2718 1448 2866 1523 vult,
2903 1447 3076 1510 Pater
3103 1466 3339 1530 quoque
3370 1465 3476 1529 per
3502 1447 3665 1528 ipsos
3686 1448 3752 1528 (ο

2100 1534 2421 1616 impietatis
2470 1536 2987 1619 profunditatem!)
3020 1536 3244 1598 subibit
3271 1536 3749 1616 generationem,

2100 1626 2241 1705 quia
2270 1635 2585 1705 generatus
2615 1635 2704 1688 est
2731 1625 2942 1704 Filius;
2966 1626 3279 1707 oportebat
3308 1624 3468 1687 enim
3482 1625 3754 1688 audacis-

367 1717 541 1774 πάντα
582 1719 877 1795 τολμητὰς,
912 1723 984 1785 ὡς
1045 1720 1204 1797 ἔοικε,
1265 1719 1399 1797 μηδὲ
1456 1722 1553 1788 τὴν
1608 1720 1857 1786 τοιαύτην
1885 1721 2003 1773 θεο-

2092 1716 2276 1774 simos
2312 1714 2457 1775 istos
2498 1733 2609 1776 nec
2654 1714 2729 1775 ab
2773 1716 2885 1777 hoc
2927 1714 3169 1796 quidem
3220 1714 3407 1794 impio
3438 1731 3587 1776 ausu
3635 1714 3747 1777 sibi

368 1809 577 1887 μαχίαν
633 1808 936 1885 ἀτόλμητον
993 1811 1191 1872 λιπεῖν.
1241 1814 1287 1867 ιθ
1315 1859 1330 1872 .
1364 1809 1599 1869 Καθόλου
1655 1806 1709 1865 δὲ
1754 1809 1837 1864 ἐπι
1884 1807 2003 1863 πάν.

2094 1810 2447 1882 temperare.
2483 1804 2579 1864 19.
2625 1801 2954 1866 Universim
3006 1821 3145 1865 vero
3178 1807 3237 1865 in
3257 1800 3539 1863 omnibus
3559 1820 3669 1882 per
3684 1821 3749 1865 se

368 1917 477 1951 των
532 1900 635 1953 τῶν
690 1902 877 1978 κυρίως
922 1898 1085 1980 ἰδίων,
1151 1897 1314 1955 ἐπειδ’
1366 1898 1428 1955 ἀν
1479 1921 1529 1955 τι
1585 1899 1783 1955 τούτων
1838 1897 2003 1953 κατέ-

2094 1892 2371 1973 pr0priis,
2401 1891 2637 1973 quando
2670 1892 2893 1972 aliquid
2924 1892 3138 1980 horum
3164 1891 3240 1953 de
3270 1891 3469 1980 aliqua
3501 1890 3750 1980 realiter

369 2006 513 2047 τινος
591 1995 971 2065 πραγματικῶς
1041 1989 1380 2052 ὑποστάσεως
1437 1988 1542 2044 ἀπὸ
1619 1987 1711 2045 τοῦ
1792 1985 2003 2064 πρώτως

2104 1980 2398 2058 hypostasi
2411 1981 2482 2041 ah
2497 1980 2752 2061 eo,quod
2767 1980 2912 2041 illud
2933 1979 3046 2040 sibi
3062 1978 3343 2060 primario
3357 1988 3420 2039 ut
3435 1979 3744 2060 proprium

364 2070 783 2151 ἐξιδιωσαμάνου
854 2076 1399 2153 μεταλαμϐανόμενον
1470 2075 1743 2149 ἀληθεύοι,
1817 2077 1859 2130 εἰ
1935 2096 2002 2129 κα

2102 2067 2415 2130 vindicavit
2455 2077 2768 2149 acceptum
2815 2068 3173 2144 veriﬁcatur,
3207 2068 3441 2129 tametsi
3482 2068 3744 2145 dignita-

365 2162 445 2235 μὴ
508 2165 569 2219 τὸ
626 2164 829 2239 ἀξίωμα
897 2166 992 2234 τῆς
1035 2167 1385 2246 ἀναστροφῆς
1442 2165 1585 2238 αὒτῷ
1639 2163 2003 2241 συνεπαίγοιτο1

2102 2164 2220 2217 tem
2269 2158 2593 2236 reciproca}
2637 2158 3047 2219 conversionis
3091 2176 3296 2220 secum
3353 2176 3474 2219 non
3523 2159 3739 2234 trahat,

363 2249 543 2307 ἐκεῖνο
584 2250 649 2320 δὴ
691 2257 753 2310 τὸ
782 2254 1022 2335 παρέχον
1052 2255 1212 2333 ἑτέρῳ
1383 2254 1632 2333 μετέχειν
1662 2261 1753 2310 τοῦ
1783 2252 2003 2327 ἰδιώμα-

2094 2253 2351 2335 attamen
2382 2245 2550 2323 illud,
2577 2246 2737 2335 quod
2768 2246 2945 2335 alteri
2986 2245 3232 2326 praebet,
3268 2252 3331 2335 ut
3364 2247 3744 2327 proprietatis

364 2361 454 2401 τος
524 2343 596 2405 εἷς
640 2340 798 2420 λόγον
869 2346 1074 2419 ὁρῶμεν
1131 2343 1453 2421 ἀναγόμενον
1508 2344 1732 2423 φύσεως.
1808 2344 1866 2399 Εἰ
1919 2342 2003 2398 οῦν

2096 2332 2172 2394 sit
2203 2334 2518 2416 particeps,
2552 2323 2824 2395 videmus
2853 2334 2914 2394 in
2939 2323 3163 2395 natura;
3184 2323 3492 2395 ration—um.
3508 2335 3737 2397 reduci.

364 2427 497 2505 ὅπερ
539 2429 604 2496 ἧν
660 2429 797 2487 ἴδιον
860 2429 953 2488 ἀπ’
1013 2432 1189 2513 ἀιχῆς
1246 2420 1575 2511 ἐγνωσμένον
1626 2441 1718 2491 τοῦ
1772 2433 2001 2511 Πατρὸς,

2089 2420 2147 2484 Si
2171 2440 2307 2513 ergo
2339 2424 2495 2513 quod
2516 2425 2592 2513 ab
2614 2423 2784 2513 initio
2817 2423 3126 2513 proprium
3162 2422 3353 2485 Patris
3379 2426 3743 2513 agnosceba-

362 2523 519 2574 τοῦτο
550 2516 753 2575 δίδωσιν
784 2521 817 2588 ἡ
860 2521 1032 2595 τόλμα
1083 2511 1349 2599 παρεῖναι
1403 2523 1491 2578 καὶ
1555 2525 1632 2594 τῷ
1675 2523 1802 2595 Υἰῷ,
1851 2544 2003 2577 συνο-

2089 2512 2327 2586 tur,hoc
2355 2511 2600 2574 audacia
2638 2512 2891 2574 istorum
2931 2511 3083 2574 Filio
3117 2530 3355 2593 quoque
3395 2512 3738 2575 habendum

363 2606 508 2682 ράτω
548 2608 636 2663 καὶ
664 2607 880 2689 ἄκουσα,
925 2611 1055 2688 πρὸς
1113 2610 1233 2666 οἷον
1289 2611 1451 2676 αὐτῆς
1513 2608 1665 2675 τέλος
1711 2609 2003 2688 καταστρέ-

2091 2599 2293 2682 tradit,
2327 2600 2566 2663 videant
2586 2601 2676 2664 vel
2702 2600 2894 2677 inviti,
2926 2620 3046 2682 quo
3069 2601 3311 2663 demum
3342 2600 3609 2682 ipsorum
3629 2602 3743 2664 im-

362 2716 449 2774 φει
479 2697 539 2751 τὸ
571 2697 868 2776 θεοπυγές,

2091 2690 2279 2769 pietas
2313 2691 2567 2752 desinat.

967 2797 1385 2851 ANTIPPHEIX.
2694 2777 2914 2841 REFU
2920 2779 3005 2840 TA
3020 2776 3174 2840 T10.

450 2865 555 2936 ιδ’.
587 2874 735 2934 Ἐπεὶ
755 2878 817 2934 τὸ
848 2877 1135 2956 ἀγέννητον
1157 2881 1245 2935 καὶ
1267 2878 1518 2946 ἀναίτιον,
1547 2879 1677 2956 πρὸς
1710 2875 1775 2945 δὴ
1803 2878 2003 2940 τούτοις

2172 2871 2324 2934 XIV.
2358 2873 2505 2937 Cum
2552 2871 2986 2934 innascibilitas
3030 2879 3089 2933 et
3122 2872 3388 2935 carentia
3426 2872 3734 2956 principii,

370 2964 546 3020 καὶτὸ
593 2971 779 3041 γεννᾷν
831 2964 964 3023 ἴδιον
1015 2974 1106 3024 τοῦ
1155 2969 1357 3047 Πατρὸς
1412 2981 1529 3033 “cqu
1579 2969 1740 3047 ἡμῶν
1777 2966 2003 3045 Πατράσι

2090 2960 2284 3022 adhuc
2310 2971 2503 3023 autem
2528 2970 2588 3023 et
2615 2959 3198 3041 generatio(activa)a
3227 2959 3498 3023 Patribus
3519 2961 3738 3025 nostris

368 3051 771 3133 τεθεολόγηται,
830 3052 975 3111 οὐδὲν
1023 3054 1077 3111 δὲ
1119 3046 1316 3113 τούτων
1370 3057 1510 3117 παοά
1564 3069 1684 3120 τοῖς
1729 3046 2003 3130 Ῥωμαίοις

2090 3058 2154 3109 ιιι
2182 3048 2371 3110 Patris
2401 3049 2731 3130 proprietas
2754 3050 3132 3130 praedicetur,
3166 3048 3313 3110 nihil
3343 3067 3482 3110 vero
3515 3049 3732 3112 horum

365 3116 854 3216 hovevétiritzt'ttp
899 3146 1025 3217 Υἱῷ,
1077 3142 1209 3202 ἴδιον
1267 3142 1322 3201 δὲ
1376 3116 1467 3201 τοῦ
1499 3146 1616 3201 Υἰοῦ
1763 3116 2003 3222 γέννησις

2089 3135 2243 3216 apud
2268 3116 2570 3199 Romanos
2586 3116 2925 3198 vindicetur
2943 3116 3131 3213 Filio,
3148 3136 3453 3216 proprium
3474 3154 3611 3199 vero
3631 3136 3734 3199 Fi-

361 3232 450 3287 γαὶ
516 3230 694 3297 υἰότης
750 3230 1147 3310 τεθεολόγηται,
1208 3235 1296 3290 καὶ
1338 3231 1483 3291 οῦδὲν
1539 3233 1741 3290 τούτων
1796 3234 1866 3296 εἰς
1917 3233 2003 3288 τὸν

2089 3224 2152 3284 lii
2182 3226 2486 3303 generatio
2532 3224 2783 3307 passiva)
2808 3224 3092 3287 etﬁliatio
3129 3224 3343 3287 eodem
3375 3232 3545 3305 pacto
3575 3244 3732 3305 prte-

2089 3313 2344 3388 dicetur,
2384 3313 2533 3374 nihil
2564 3332 2703 3375 vero
2735 3331 2942 3375 eorum
2972 3313 3130 3394 apud
3162 3313 3408 3375 eosdem
3439 3314 3734 3377 referatur

363 3318 570 3396 Πατέρα
642 3321 782 3398 παρά
833 3333 952 3383 τοτς
1006 3320 1187 3386 αὖτοϊς
1256 3321 1590 3401 ἀναφέρεται,
1650 3322 1738 3379 καὶ
1808 3321 1842 3389 ἠ
1900 3326 2004 3376 τῶν

360 3405 642 3477 ἰδιοτήτων
685 3410 757 3470 εἰς
802 3407 1038 3479 ἀλλήλας
1080 3408 1351 3485 μεταϐολὴ
1404 3409 1600 3485 ψευδὴς
1656 3410 1865 3473 πάντως
1898 3409 2006 3465 ἐστὶ

360 3497 447 3553 καὶ
476 3497 537 3551 τὸ
580 3498 652 3561 εἰς
709 3495 867 3573 λόγόν
922 3497 1247 3575 ἀναγόμενον
1298 3499 1499 3578 φύσεως
1552 3497 1743 3574 ἰδίωμα
1786 3498 1840 3554 ἐν
1885 3511 2004 3561 ταῖς

359 3585 466 3642 ἀπὸ
522 3594 614 3643 τοῦ
684 3586 906 3665 πρώτως
963 3585 1361 3663 ἐξιδιωσαμένω
1422 3586 1503 3667 ἐφ’
1548 3588 1701 3667 ἑτέρα
1760 3586 1999 3664 μεταλή-

358 3679 482 3748 ψεσι
544 3675 616 3743 (4)
676 3683 768 3733 τοῦ
811 3674 936 3731 ἰδίου
981 3673 1250 3755 ἄχρηστόν
1307 3699 1389 3733 σοι
1433 3676 1856 3753 ἀπολιμπάνεται
1915 3670 2002 3733 καὶ

358 3761 634 3827 ἀσυντελὲς
647 3809 660 3822 .

999 3953 1365 4005 KEIMENON.

438 4031 752 4092 Ἀκόλουθον
781 4033 826 4091 δ’
857 4035 957 4114 ἄρα
990 4034 1099 4115 (5),
1153 4036 1225 4099 ὡς
1258 4033 1447 4109 ἔοικεν,
1480 4034 1545 4103 ἧν
1590 4048 1705 4100 τοῖς
1749 4035 1996 4115 ἐρασταῖς

355 4132 448 4182 τοῦ
486 4123 732 4200 ψεύδους,
792 4128 926 4184 κατά
981 4132 1087 4183 τῶν
1141 4124 1439 4203 ἰδιωμάτων
1496 4125 1697 4207 ἐφάπαξ
1748 4128 1994 4203 ἐκμεμη-

352 4214 491 4286 νόσι,
522 4220 615 4271 τοῦ
670 4215 870 4294 Πατρός
927 4217 1016 4272 καὶ
1071 4215 1233 4282 αὐτὴν
1290 4236 1349 4292 γε
1409 4214 1678 4278 παντελῶς
1734 4216 1830 4283 τὴν
1858 4217 1995 4273 ὑπό-

2087 3399 2148 3461 in
2182 3404 2417 3463 Patrem
2445 3419 2457 3464 :
2484 3403 2610 3482 jam
2646 3401 2957 3464 translatio
2989 3410 3048 3464 et
3073 3402 3358 3465 transitus
3387 3403 3638 3466 aliarum
3670 3403 3730 3466 in

2086 3490 2236 3552 alias
2263 3492 2690 3571 proprietatum
2716 3509 2960 3572 prorsus
2989 3491 3139 3553 falsa
3171 3500 3353 3567 est,et
3380 3490 3594 3554 inutile
3643 3501 3730 3555 at-

2087 3598 2203 3659 que
2236 3580 2383 3641 nihil
2418 3582 2736 3662 proficiens
2758 3580 3118 3661 relinquitur
3156 3580 3260 3641 tibi
3291 3580 3731 3661 illud.quodais

2084 3669 2144 3729 in
2193 3683 2421 3730 natura;
2467 3670 2766 3731 rationem
2805 3669 3015 3731 reduci
3050 3668 3469 3750 proprietatem
3500 3670 3563 3731 in
3592 3671 3728 3745 hoc,

2085 3760 2239 3837 quod
2259 3760 2332 3820 ab
2355 3777 2425 3820 eo
2454 3758 2556 3840 qui
2584 3758 2697 3819 sibi
2732 3758 3016 3840 primario
3038 3768 3104 3820 ut
3135 3756 3439 3839 proprium
3470 3758 3732 3822 vindica-

2082 3846 2181 3928 vit,
2205 3845 2268 3907 in
2299 3847 2415 3908 alia
2449 3845 2756 3927 proprium
2791 3847 3215 3910 transferatur.

2746 3937 3062 4003 TEXTUS.

2157 4030 2545 4113 Consequens
2572 4031 2736 4094 enim
2761 4031 2937 4107 foret,
2961 4034 3034 4093 ab
3065 4032 3195 4093 istis
3228 4034 3526 4098 mendacii
3553 4052 3726 4099 ama-

2079 4117 2308 4179 toribus
2339 4129 2545 4181 contra
2602 4120 2790 4183 Patris
2825 4120 3227 4200 proprietates
3276 4122 3463 4184 semel
3509 4122 3730 4186 debac-

2080 4207 2290 4288 chatis,
2316 4207 2501 4289 ipsam
2543 4228 2782 4291 quoque
2831 4209 3191 4289 hypostasim
3254 4211 3500 4273 omnino
3526 4210 3590 4274 in
3620 4232 3725 4275 na-

352 4325 535 4367 στασιν
578 4304 649 4368 εἰς
677 4306 828 4384 φύσιν
858 4302 1111 4361 ἀναλῦσαι
1142 4305 1228 4360 καὶ
1256 4304 1317 4360 τὸ
1347 4303 1521 4360 αἴτιον
1562 4303 1701 4369 ὅλως
1731 4305 1998 4384 περιελεῖν

2089 4305 2273 4384 turam
2302 4298 2543 4372 resolvi,
2587 4298 2667 4359 ita
2704 4307 2765 4360 ut
2794 4315 2989 4359 causa:
3036 4298 3185 4359 ratio
3245 4298 3481 4379 penitus
3508 4318 3542 4361 a
3565 4300 3724 4363 divi-

351 4399 458 4448 τῶν
497 4382 790 4472 θεορχικῶν
845 4393 1209 4455 ὒποστάσεων,
1268 4382 1343 4451 κ’.
1403 4394 1524 4468 Ναὶ,

352 4481 543 4561 Σωτὴρ
615 4481 716 4561 ἔφη
782 4483 904 4547 τοὺς
978 4483 1218 4557 μαθητὰς
1313 4490 1696 4562 μυσταγωγῶν,
1759 4484 1839 4540 ὃτι
1925 4486 1996 4542 Τὸ

352 4577 567 4644 Πνεῦμα
615 4572 675 4626 ἐκ
744 4574 837 4629 τοῦ
891 4572 1018 4647 ἐμοῦ
1074 4571 1305 4647 λήψεται
1363 4573 1451 4627 καὶ
1493 4571 1780 4651 ἀναγγελεῖ
1833 4575 1992 4649 ἡμῖν.

355 4660 452 4717 Καὶ
493 4660 604 4715 τίνα
649 4658 712 4715 ἅν
742 4659 940 4733 λάθοις,
973 4663 1044 4722 ὡς
1103 4660 1190 4716 ἐπὶ
1242 4660 1341 4726 τὴν
1382 4667 1475 4717 τοῦ
1530 4661 1779 4738 Σωτῆρος
1832 4662 1993 4719 κατέ-

350 4770 510 4826 φυγες
542 4751 745 4828 φωνὴν,
779 4753 882 4829 οὐχ
911 4750 1003 4805 ἵνα
1058 4751 1353 4828 συνήγορον
1407 4750 1659 4826 εὖρήσης,
1706 4749 1825 4807 ἀλλ’
1871 4749 1993 4807 ἴνα-

346 4838 434 4892 καὶ
467 4836 621 4893 αὒτὸν
668 4840 758 4894 τὸν
806 4838 1103 4911 Δεσπότης),
1163 4838 1379 4895 ἀένναον
1440 4844 1537 4906 τῆς
1595 4837 1840 4907 ἀληθείας
1884 4862 1997 4906 πη-

347 4925 449 5001 γὴν
517 4926 620 4998 (εἰ),
677 4929 749 4989 εἰς
797 4924 1077 5006 διαφωνίαν
1126 4924 1433 5005 ἐξυϐρίσηςς
1482 4925 1631 4984 Οἶτω
1682 4930 1782 5007 γὰρ
1824 4931 1857 4996 ἡ
1931 4928 1998 4995 σὴ

347 5012 566 5091 γλῶσσα
630 5015 799 5071 πάντα
857 5014 1057 5089 τολμᾷν
1106 5015 1247 5071 ἐστιν
1290 5014 1520 5093 ἀσελγὴς
1566 5021 1652 5073 καὶ
1701 5023 1806 5073 τῶν
1859 5016 1995 5087 ἀλήο

346 5124 495 5158 πτων
525 5100 687 5169 λαϐὰς
731 5103 1090 5179 συμπλέκειν
1159 5106 1245 5160 καὶ
1301 5104 1558 5167 ἐπινοεῖν,
1599 5108 1655 5164 Εἰ
1683 5108 1781 5185 γὰρ
1842 5107 1993 5171 αυτὸς

438 5268 521 5351 (t)
556 5269 847 5355 Eumdem
902 5279 1128 5355 textum
1161 5272 1686 5355 producit_Beccus
1711 5274 1990 5355 Epigr._l.

354 5347 679 5434 (ϐροτω).
715 5363 759 5414 t.
794 5350 850 5434 li
903 5373 961 5434 p.
996 5347 1233 5434 535)'et
1287 5352 1484 5434 multis
1538 5354 1671 5417 aliis
1702 5347 1781 5417 in'
1822 5347 1989 5418 locis.

352 5512 365 5529 I
410 5429 519 5565 Ἶρι
551 5429 960 5569 Ιξτοϐνθτὺίεἲὸ
991 5429 1143 5508 βάθοέ
1202 5431 1440 5497 ἂσεϐείας
1484 5434 1654 5496 Laur.
1695 5435 1911 5497 habet:
1949 5436 1992 5491 ὢ

361 5520 417 5563 11
450 5533 536 5569 ou:
565 5534 658 5567 ασε
702 5562 715 5569 -

432 5590 508 5669 ι3)
542 5589 715 5655 Laur,
753 5592 924 5651 ἐκεῖνο
956 5593 1008 5650 δὲ
1040 5598 1098 5651 τὸ
1143 5617 1395 5675 παρεχειν
1444 5595 1624 5673 ἑτέρῳ.

1582 4396 1758 4473 φασὶν,
1801 4375 1925 4451 alia
1968 4397 1995 4451 δ
2018 4375 2063 4425 D
2082 4383 2177 4473 nis
2197 4384 2611 4465 bypostasibus
2639 4387 2963 4447 auferatur.

2156 4472 2256 4536 ΞΟ.
2292 4473 2378 4536 Ita
2406 4493 2572 4551 sane,
2599 4475 2893 4556 inquiunt.
2933 4478 3010 4537 At
3036 4477 3303 4540 Salvator
3340 4478 3510 4553 dixit,
3535 4478 3721 4542 disci-

2081 4562 2250 4642 pulos
2280 4564 2562 4626 erudiens
2592 4575 2650 4627 et
2678 4567 2999 4640 instruens,
3023 4566 3178 4644 quod
3208 4564 3482 4646 Spiritus
3505 4568 3579 4631 de
3596 4587 3724 4632 meo

2080 4655 2333 4733 accipiet
2361 4662 2414 4718 et
2435 4656 2836 4719 aununtiabit
2867 4656 3033 4719 vobis
3064 4658 3138 4720 Et
3158 4658 3291 4738 quis
3311 4676 3432 4720 non
3453 4658 3633 4736 videt,
3665 4669 3722 4726 te

2080 4743 2152 4803 ad
2185 4743 2337 4805 hanc
2366 4745 2685 4808 Salvatoris
2713 4745 3051 4826 confugisse
3074 4764 3303 4827 vocem,
3346 4767 3464 4810 non
3519 4758 3583 4811 ut
3611 4769 3720 4831 pa-

2084 4832 2401 4894 trocinium
2418 4833 2682 4896 invenias
2699 4835 2803 4896 sed
2826 4846 2888 4897 ut
2907 4835 3101 4911 ipsum
3120 4853 3355 4917 quoque
3377 4838 3716 4922 Dominum,

2081 4938 2407 5000 perennem
2438 4924 2702 4987 veritatis
2718 4923 3356 4999 fontem,dissonantize
3384 4926 3723 4992 insimules?

2081 5009 2178 5072 Sic
2209 5011 2367 5071 enim
2399 5011 2601 5093 lingua
2650 5022 2748 5076 tua
2792 5013 2866 5075 ad
2912 5013 3209 5095 quidlibet
3238 5014 3576 5078 audendum
3628 5028 3721 5083 est

2080 5116 2289 5178 prona,
2328 5111 2385 5161 et
2412 5103 2485 5163 ad
2517 5120 2713 5179 ansas,
2747 5102 2849 5164 ubi
2880 5102 3056 5165 nullae
3104 5111 3261 5179 sunt,
3296 5104 3719 5184 conﬁngendas

2158 5268 2239 5349 (4)
2276 5272 2415 5333 Coc.
2454 5270 2777 5349 μεταλήψει.

2162 5349 2243 5430 (5)
2277 5349 2438 5433 Alias
2465 5351 2619 5415 ἀκόλ.
2653 5350 2698 5408 δ’
2731 5352 2853 5433 ἄρα.

2156 5434 2244 5510 (ὓ)
2282 5431 2637 5513 λῙιᾷυΓητὴν
2692 5431 2932 5506 ἀὲνναον,
2992 5438 3089 5500 τῆς
3144 5433 3298 5500 ἀληθ,
3346 5436 3530 5513 πηγὴν
3578 5454 3591 5469 .
3642 5441 3720 5503 εἰς

2075 5508 2351 5589 διαφωνίαν
2384 5511 2697 5591 ἐγκαλέσῃς.
