4240 6300
379 414 498 478 769
1203 407 1632 476 BEFUTATIO
1674 411 2039 473 ΡΗΟΤΙΑΝΙ

2121 409 2297 473 ,ΙΒΒΙ
2347 408 2438 472 DE
2482 405 2785 472 SPIRITU
2835 412 2894 472 S.
3663 415 3781 479 770

385 571 499 625 ρους
555 551 690 624 ἡμῖν
723 552 819 617 τὴν
867 550 1119 620 ἀλήθειαν
1177 547 1512 623 ἀνεκάλυψας
1688 565 1702 582 ⁸
1744 546 1948 608 ἐκεῖνος
1992 541 2039 598 δὲ

2132 547 2299 619 parte
2329 539 2499 604 nobis
2523 541 2798 602 revelasti
2825 560 2840 616 ;
2863 543 2963 606 ille
2985 553 3180 606 autem
3206 546 3265 607 in
3286 566 3520 612 omnem
3546 569 3652 612 nos
3675 551 3778 614 de-

390 603 433 604 ,,
480 603 497 614 ,
871 603 1112 620 νηηω.
1181 603 1432 623 μηπηη,
1476 603 1511 610 ν,
1565 603 1645 625 μ,
1936 603 1946 608 -

381 603 642 716 δδηγήσει
685 640 864 714 ἡμᾶας
909 641 982 702 εἷς
1038 646 1212 696 πᾶσαν
1237 637 1338 704 τὴν
1366 636 1619 706 ἀλήθειαν
1655 657 1670 672 ο
1703 636 1791 692 καὶ
1821 641 1913 690 σοῦ
1942 633 2038 708 μὲν

2121 603 2297 690 ducet
2321 629 2626 690 veritatem
2655 632 2683 690 ?
2715 635 2797 691 Ac
2830 641 2885 692 te
2939 633 3180 712 quidem
3215 637 3492 715 mysteria
3523 637 3776 700 docente

381 733 856 804 μυσταγωγοῦντος
939 728 1015 783 ἔτι
1094 725 1314 802 δεόμεθα
1380 727 1466 782 καὶ
1535 727 1718 805 σοφίας
1773 721 2039 799 δυνάμεως

2121 716 2315 778 adhuc
2340 737 2579 796 egemus
2622 727 2678 779 et
2702 719 3018 798 sapientia,
3053 731 3110 783 et
3140 723 3456 794 virtute,et
3487 727 3731 789 veritate
3758 746 3772 802 ;

388 815 477 870 καὶ
520 803 769 881 ἀληθείας
803 837 818 854 ο
872 817 1074 882 ἐκεῖνος
1116 815 1170 872 δὲ
1213 815 1592 895 παραγεγονὼς
1649 814 1860 871 πάντων
1906 814 2039 887 ἡμῖν

2121 803 2223 866 ille
2253 823 2390 867 vero
2416 805 2737 868 adveniens
2767 809 2966 870 omnia
2999 809 3169 870 nobis
3203 812 3558 890 perfruenda
3590 814 3772 877 uber-

390 905 488 970 τὴν
538 903 827 962 ἀπόλαυσιν
871 904 1091 987 ἄφθονον
1134 892 1428 984 παράσχοι,
1465 905 1521 958 Εἰ
1569 903 1740 959 τοίνυν
1769 903 2038 979 σὺταῦτα,

2124 892 2274 954 rime
2298 893 2625 987 praebebit?
2657 893 2719 987 Si
2761 915 2869 972 ego
2915 905 2996 972 tu,
3052 898 3454 962 substantialis
3483 903 3776 983 sapientia

392 994 426 1058 ἡ
498 991 851 1058 ἐνυπόστατος
919 982 1076 1075 σοφία
1134 982 1222 1050 καί
1305 982 1550 1072 ἀλήθεια,
1611 990 1893 1063 διδάσκεις,
1951 989 2039 1046 οὒκ

2126 990 2183 1041 et
2213 982 2450 1053 veritas,
2514 983 2636 1044 lucc
2689 984 2892 1059 doces,
2952 1005 3067 1046 non
3101 988 3301 1068 utique
3330 982 3635 1070 ambigere
3666 1012 3774 1055 nos

394 1079 745 1152 ἐπιδιστᾶζειν
804 1085 946 1157 ἡμᾶς
1005 1087 1240 1161 προσῆκε
1297 1082 1384 1138 καὶ
1425 1080 1520 1148 τῆς
1584 1081 1715 1158 πρὸς
1754 1081 1817 1135 τὸ
1859 1085 2039 1153 μεῖζον

2128 1070 2324 1143 decet,
2381 1071 2649 1150 majoren
2731 1092 2967 1153 quoque
3016 1075 3302 1137 honorem
3357 1097 3424 1140 ac
3466 1080 3774 1158 gloriama

393 1165 817 1236 ἐξαλλαττούσης
849 1156 1058 1244 τιμῆς
1083 1193 1140 1226 τε
1198 1171 1283 1226 καὶ
1349 1167 1504 1236 δόξης
1562 1156 1636 1224 τὸ.
1665 1174 1877 1242 Πνεῦμα
1919 1167 2039 1244 παρ’

2128 1157 2300 1218 nobis
2332 1156 2573 1239 Spiritui
2607 1178 2737 1222 esse
2771 1161 3170 1224 tribuendam.

389 1257 543 1330 ἡμῶν
575 1254 861 1322 ἀξιοῦσθαι.
2656 1337 2668 1347 ι

505 1336 583 1358 -ί
651 1343 707 1358 ι..
810 1346 854 1358 Α.
959 1349 985 1358 .-
1095 1349 1106 1358 ι
1183 1348 1194 1358 ι
1223 1353 1233 1358 -
1293 1346 1344 1358 ιι
1518 1347 1530 1358 ι
1649 1352 1673 1358 ...
1735 1351 1776 1358 -.-
1853 1345 1862 1358 ι
2204 1336 2277 1358 (-‘I'
2333 1333 2611 1358 n,4_uf_,,-
2654 1356 2665 1358 _
2721 1341 2753 1358 Ἀ
2819 1357 2826 1358 κ
2866 1357 2873 1358 κ
2933 1339 2944 1358 I
2975 1339 3010 1358 1⁸
3083 1341 3094 1352 ⁸
3158 1343 3170 1358 I
3325 1343 3337 1358 ι
3415 1343 3449 1358 n
3498 1345 3510 1356 ο
3554 1345 3586 1358 ο-
3674 1346 3712 1358 ιο

467 1336 603 1419 κζ’.
651 1343 871 1414 Ἐπειδὴ
927 1349 1016 1404 οὗν
1055 1349 1122 1404 τὰ
1179 1346 1360 1422 ὑψηλὰ
1420 1347 1535 1425 περὶ
1585 1352 1677 1402 τοῦ
1735 1345 2034 1418 Πνεύματος

2332 1333 2620 1407 Quoniam
2653 1337 2830 1416 igitur
2857 1339 3134 1402 Sublimia
3158 1343 3283 1404 haec
3306 1343 3379 1403 de
3413 1343 3634 1423 Spiritu
3655 1346 3774 1407 dis-

382 1436 679 1513 είσηγεῖται
714 1437 810 1511 μὲν
853 1451 972 1499 τοῖς
1030 1439 1299 1512 μαθηταῖς
1341 1438 1369 1492 0
1413 1423 1625 1514 Σωτὴρ,
1668 1431 2033 1503 ἀποσκευαζό-

2121 1423 2335 1504 cipulis
2361 1425 2602 1504 exponit
2634 1427 2924 1503 Salvator,
2967 1431 3309 1492 maestitiam
3354 1432 3425 1492 ali
3458 1433 3575 1494 illis
3603 1454 3774 1497 amo-

386 1544 545 1598 μενος
599 1546 657 1581 τε
701 1526 872 1582 αὐτῶν
926 1527 988 1582 τὸ
1035 1527 1282 1601 ἀθυμοῦν,
1331 1523 1441 1600 ἅμα
1498 1521 1551 1579 δὲ
1595 1525 1681 1578 καὶ
1726 1524 1788 1578 τὸ
1831 1527 2039 1596 Πνεῦμα

2125 1531 2287 1586 vens,
2323 1514 2623 1595 simulque
2669 1535 2866 1577 veram
2899 1519 2974 1579 de
3027 1519 3252 1599 Spiritu
3283 1521 3614 1585 doctrinam
3647 1532 3772 1588 tra-

385 1611 442 1668 ἐν
490 1611 706 1685 ἀληθείᾳ
771 1611 1058 1693 θεολογῶν,
1143 1613 1426 1690 λογισμο·’ς
1515 1609 1558 1667 δ’
1603 1611 1922 1689 ἀνθρώπινον
1976 1613 2039 1677 ἦν

2125 1602 2314 1673 dens;
2351 1603 2674 1665 humanum
2726 1614 2921 1668 autem
2970 1617 3096 1668 erat
3142 1608 3600 1688 cogitationibus
3653 1631 3771 1675 non

390 1701 487 1757 οὐκ
527 1701 768 1780 εὕαγέσιν
825 1702 1264 1778 ἀντικυμαίνεσθαι
1332 1704 1423 1758 τὸν
1503 1708 1616 1757 νοῦν
1683 1703 1798 1776 μῶν
1862 1702 2039 1772 μαθη-

2126 1691 2297 1770 plane
2353 1692 2516 1770 puris
2571 1693 2999 1774 discipulorum
3049 1695 3254 1774 agitari
3301 1708 3531 1761 mentes
3579 1701 3773 1780 (facile

391 1796 497 1846 τῶν
534 1807 547 1820 '
595 1779 762 1847 δεινὸν
793 1791 892 1870 γὰρ
947 1793 982 1859 ἡ
1038 1791 1192 1871 ψυχὴ
1221 1789 1362 1867 λύπη
1405 1790 1638 1868 κάτοχος
1665 1788 1924 1868 γενομένη
1954 1789 2039 1843 καὶ

2126 1779 2284 1839 enim
2305 1779 2502 1840 anima
2546 1799 2797 1843 maerore
2830 1795 3108 1862 correpta
3136 1786 3250 1846 vim
3276 1787 3589 1867 judicandi
3623 1791 3772 1852 cali-

392 1879 452 1934 τὸ
493 1879 762 1957 κριτήριον
809 1867 998 1959 axis:
1042 1867 1513 1935 συναναθολώσασσ
1543 1867 1685 1944 ίτῆς
1738 1874 2035 1952 μεταϐολῆς

2121 1867 2256 1946 gine
2317 1869 2672 1959 perturbans
2723 1873 2877 1952 quod
2936 1874 3194 1936 salutare
3266 1886 3356 1939 est
3413 1877 3472 1938 in
3529 1879 3768 1940 noxium

390 1968 453 2022 τὸ
510 1968 771 2044 σωτήριον
829 1967 1218 2042 ἀντιμεθέλκειν
1301 1969 1374 2029 εἷς
1453 1967 1514 2022 τὸ
1582 1962 1836 2044 βλαϐερόν
1871 1980 1884 1994 ⁸
1956 1963 2039 2020 διὰ

389 2063 544 2113 τοῦτο
601 2057 675 2119 ὡς
761 2053 823 2111 ἂν
880 2057 957 2131 μὴ
1011 2058 1072 2112 τὸ
1137 2058 1348 2130 Πνεῦμα
1403 2061 1589 2130 μεῖζον
1651 2050 2038 2133 παραδέξωνται

387 2150 482 2199 τεῦ
553 2143 696 2224 ι’ἱοῦ,
754 2141 844 2200 ἅτε
901 2143 966 2212 δὴ
1022 2143 1088 2202 τὰ
1141 2145 1302 2219 μείζω
1352 2143 1746 2222 παρεχόμενον,
1779 2143 1866 2198 καὶ
1894 2140 2039 2220 λογι-

389 2233 525 2307 σμὸς
569 2234 750 2297 αῦτοῖς
811 2232 1018 2290 ἐπέλθοι
1083 2233 1181 2300 τὴν
1257 2235 1519 2313 ὁμοφυῖαν
1578 2229 1795 2310 ὑϐρίζων
1836 2233 1923 2287 καὶ
1979 2233 2040 2287 τὸ

390 2321 628 2396 ἱσὸτιμον
684 2323 855 2378 αὑτῶν
898 2324 971 2386 εἷς
1030 2320 1318 2389 ἀνισότητα
1388 2319 1650 2399 διασπῶν,
1695 2321 1769 2384 ὡς
1832 2319 2041 2398 ἄριστος

389 2411 612 2466 καὶτῶν
666 2410 927 2486 σωμάτων
976 2412 1062 2466 καὶ
1120 2411 1225 2466 τῶν
1279 2415 1470 2490 ψυχῶν
1524 2410 1699 2487 ἰατρὸς
1757 2410 1817 2465 τὸ
1859 2411 2040 2478 σωτή-

394 2520 506 2578 ριον
535 2489 1020 2579 προκαταϐἀλλεται
1052 2499 1349 2579 φάρμακον,

475 2576 579 2657 κζ’,
611 2588 666 2643 Ei
695 2584 748 2642 δέ
778 2608 839 2666 γε
868 2588 987 2650 τοὺς
1020 2576 1260 2662 μαθητὰς
1289 2587 1364 2662 μὴ
1395 2601 1668 2667 συνεῖχον,
1703 2585 1832 2663 μηδ’
1850 2585 2042 2643 ἆνεσό-

393 2672 540 2746 ϐουν,
601 2673 736 2751 μηδὲ
806 2676 1185 2752 συνετάραττον
1242 2683 1471 2732 τοιοῦτοι
1514 2674 1756 2754 λογισμοὶ
1804 2675 2044 2756 (κρείττω

392 2763 494 2840 γὰρ
534 2764 633 2829 τῆς
679 2765 926 2830 τοιαότης
979 2764 1290 2843 συγχύσεως
1333 2765 1422 2819 καὶ
1478 2768 1722 2843 ταραχῆς
1765 2767 1855 2821 τὸν
1909 2766 2046 2842 ἱερὸν

394 2852 600 2910 ἐκεῖνον
683 2853 849 2932 χορὸν
907 2850 1277 2930 εὐλαϐέστερον
1341 2851 1473 2918 ἴσως
1535 2851 1870 2933 ὁμολογεῖν),
1928 2851 2048 2908 ἀλλ’

397 2943 485 2996 οὖν
535 2943 563 2996 0
620 2944 720 3009 τῆς
768 2942 957 3004 κακίας
1016 2941 1229 3019 εὑρεςὴς
1259 2942 1346 2996 καὶ
1375 2942 1631 3019 τεχνίτης
1657 2943 1719 2997 τὸ
1747 2941 1954 3018 βέλτιον
1981 2947 2049 3017 τῇ

399 3029 493 3085 τοῦ
547 3029 790 3109 χείρονος
855 3031 1114 3109 φαντασίᾳ
1169 3026 1477 3108 περιϐαλεῖν
1531 3028 1760 3095 πολλοὺς
1817 3029 1877 3087 ἂν
1918 3029 2047 3110 ἔσχε

2122 1965 2314 2045 potest
2340 1957 2767 2038 detorquere);
2825 1970 3160 2043 propterea,
3197 1983 3272 2025 ne
3303 1965 3588 2045 Spiritum
3618 1967 3768 2029 Filio

2123 2044 2406 2122 majorem
2428 2049 2860 2110 arbitrarentur
2890 2058 3092 2130 utpote
3123 2044 3767 2137 majora’praabentem,

2122 2150 2270 2194 neve
2292 2135 2407 2194 illis
2431 2135 2548 2196 ulla
2577 2137 2848 2215 cogitatio
2881 2138 3012 2198 ObOI
3032 2138 3220 2202 iretur
3247 2135 3770 2206 consubstantialié

2122 2227 2303 2282 tatem
2330 2222 2548 2285 laedens
2573 2224 3083 2306 mqualitatemque
3105 2227 3366 2308 ipsorum
3388 2230 3445 2291 in
3465 2233 3770 2311 inaequali-

2126 2315 2302 2400 tatem
2360 2310 2720 2383 distrahens,
2775 2321 2834 2373 ut
2892 2314 3150 2392 optimus
3211 2328 3268 2380 et
3343 2310 3657 2400 corporum
3715 2329 3774 2382 et

2124 2396 2453 2460 animarum
2517 2400 2808 2470 medicus,
2871 2403 3126 2466 salutare
3185 2396 3473 2486 praeparat
3507 2409 3771 2471 medica-

2129 2493 2419 2548 mentum.

2209 2573 2307 2662 ἐῖ.
2331 2573 2495 2646 Quod
2520 2576 2569 2637 si
2588 2578 2906 2657 apostolos,
2932 2580 3226 2659 ejusmodi
3252 2583 3644 2662 cogitationes
3664 2605 3772 2649 nec

2130 2661 2435 2754 tenebant,
2473 2682 2582 2734 nec
2630 2665 2951 2744 agitabant,
3005 2688 3114 2730 nec
3147 2661 3466 2732 turbabant
3498 2673 3773 2754 (fortasse

2131 2751 2290 2812 enim
2311 2755 2570 2816 sanctius
2596 2766 2684 2817 est
2720 2757 2913 2832 fateri,
2943 2777 3172 2822 sacrum
3204 2760 3369 2822 illum
3404 2751 3616 2825 coetum
3652 2784 3771 2827 non

2129 2839 2312 2902 fuisse
2347 2843 2687 2921 hujusmodi
2727 2848 3062 2908 confusioni
3091 2867 3157 2910 ac
3190 2850 3625 2912 conturbationi
3657 2853 3768 2914 ob-

2130 2929 2423 3008 noxium),
2484 2941 2742 2995 attamen
2821 2936 3057 2996 malitiae
3124 2937 3400 2999 inventor
3450 2948 3508 3000 et
3561 2941 3769 3003 artifex

2129 3015 2349 3080 bonum
2388 3021 2525 3082 mali
2558 3025 2758 3100 specie
2803 3024 3324 3087 circumvestiendi
3379 3029 3772 3106 peritissimus

397 3122 497 3183 τῆς
550 3105 748 3182 ὀἰκείας
817 3105 1138 3187 ποιήσασθαι
1189 3105 1402 3196 θήραμα
1459 3123 1717 3197 μηχανῆς
1769 3119 1855 3173 καὶ
1896 3105 2039 3184 δόξαν

2131 3105 2350 3198 multos
2379 3109 2663 3186 potuisset
2691 3129 2812 3173 suae
2841 3111 3063 3173 fraudis
3096 3115 3352 3193 praedam
3378 3105 3774 3198 efﬁcere,opi-

399 3206 748 3284 «ipseizouoav
819 3220 1171 3284 κατασπεῖραι
1227 3194 1352 3268 ταῖς
1419 3211 1516 3271 τῆν
1578 3206 1864 3285 ἀνθρώπων
1935 3211 2039 3281 ψυ-

2128 3194 2488 3276 nionemque
2543 3199 2878 3261 ltwreticam
2911 3201 3220 3264 animabus
3275 3204 3583 3266 hominum
3615 3194 3770 3268 inse-

398 3307 532 3373 χαῖς
566 3319 582 3332 ·
619 3294 685 3362 ἢν
742 3299 874 3370 αὐτῇ
923 3293 1196 3371 καταϐολῇ
1252 3297 1340 3351 καὶ
1382 3297 1522 3370 αὑτῷ
1571 3296 1791 3374 τεχνίτῃ
1821 3293 1904 3375 (2)
1938 3318 2039 3351 κα-

2126 3300 2302 3357 rere;
2362 3305 2537 3363 quam
2614 3307 2730 3350 una
2781 3308 2913 3350 cum
2988 3293 3110 3368 ipsa
3168 3291 3378 3353 fraude
3427 3294 3768 3375 fraudisque

392 3372 700 3462 ταισχύνων
755 3404 814 3438 τε
866 3384 956 3439 καὶ
1029 3381 1380 3454 διασκεδάζων
1433 3386 1462 3439 0
1519 3372 1708 3463 Σωτηρ
1755 3372 1912 3449 ὀξέως
1955 3386 2039 3440 καὶ

2125 3372 2352 3434 artifice
2383 3375 2752 3438 confundens
2807 3396 2874 3440 ac
2932 3378 3229 3460 dissipans
3273 3383 3542 3444 Salvator
3595 3372 3768 3446 acute

393 3461 696 3550 θεοπρεπῶς
767 3471 997 3551 ἐπιφέρει
1092 3471 1286 3550 λέγων,
1367 3474 1440 3538 ὡς
1511 3477 1584 3532 Οῦ
1663 3461 1883 3543 λαλήσει
1950 3471 2039 3553 ἀφ’

2125 3461 2443 3553 admodum
2480 3471 2537 3524 et
2564 3464 2761 3527 divine
2790 3467 3031 3546 adjecit,
3066 3471 3224 3548 quod
3252 3469 3390 3532 Non
3421 3474 3701 3551 loquetur
3729 3492 3768 3536 a

393 3562 604 3632 ἑαυτοῦ,
679 3557 798 3617 ἀλλ’
863 3559 962 3616 ὅσα
1015 3559 1077 3616 ἂν
1145 3562 1366 3638 ἀκούσῃ,
1423 3560 1646 3631 λαλήσει
1681 3577 1696 3592 ⁸
1773 3564 1860 3618 καὶ
1941 3552 2038 3642 γὰρ

2121 3552 2456 3642 semetipso,
2488 3553 2585 3614 sed
2614 3571 2974 3634 quiscunque
3003 3558 3593 3639 audierit,loquetur.
3621 3561 3768 3624 Nam

390 3651 478 3704 καὶ
534 3651 651 3727 περὶ
693 3649 851 3706 αὐτοῦ
891 3651 960 3715 ἦν
1014 3651 1368 3728 προειρηκὼς,
1427 3649 1506 3706 ὅτι
1561 3650 1735 3707 Πάντα
1773 3649 1808 3705 ἃ
1835 3639 2036 3718 ἤκουσα

2121 3645 2177 3698 et
2225 3639 2298 3699 de
2357 3639 2551 3720 seipso
2610 3651 2782 3705 antea
2813 3645 3085 3708 dixerat:
3140 3646 3367 3709 Omnia
3396 3667 3768 3730 quaecunque

389 3736 534 3815 παρὰ
615 3745 708 3794 τοῦ
789 3738 995 3814 Πατρὸς
1079 3760 1179 3812 μου
1276 3737 1526 3817 ἰγνήρισα
1607 3741 1735 3813 ὑμῖν
1763 3755 1776 3772 ⁸
1864 3740 1980 3796 οἷον
2016 3757 2030 3770 ⁹

2121 3729 2335 3817 audivi
2359 3747 2397 3792 a
2429 3733 2614 3794 Patre
2631 3752 2778 3809 meo,
2802 3743 2949 3796 nota
2965 3736 3087 3814 feci
3109 3739 3388 3801 vobis.Ac
3418 3740 3468 3801 si
3491 3729 3717 3803 diceret
3749 3760 3763 3805 :

395 3814 628 3906 Ἀμφοῖν
677 3827 811 3902 ἡμῖν
856 3827 916 3882 ἐκ
969 3833 1064 3883 τοῦ
1117 3814 1327 3905 Πατρὸς
1365 3814 1474 3882 ἐστι
1526 3829 1587 3884 τὸ
1643 3825 1902 3884 διδάσκειν
1951 3830 2039 3884 καὶ

2121 3814 2381 3897 Uterque
2412 3834 2680 3883 nostrum
2735 3842 2802 3885 ex
2839 3823 3008 3886 Patre
3031 3826 3440 3890 habetdocere
3459 3837 3512 3890 et
3539 3831 3764 3891 illumi-

393 3916 638 3993 φωτίζειν
708 3915 800 3976 τὰς
848 3912 1077 3978 διανοίας
1148 3917 1317 3990 ὑμῶν.
1383 3919 1476 3972 Διὸ
1533 3918 1620 3972 καὶ
1662 3914 1792 3973 διότι
1840 3919 2044 3996 προϊὼν

394 4000 558 4082 ἔφησε
627 4005 744 4079 περὶ
783 4005 876 4059 τοῦ
931 4005 1156 4083 Πατρὸς,
1230 4003 1310 4060 ὅτι
1368 4003 1510 4083 Ἐγὼ
1564 4026 1621 4060 σε
1681 4002 1897 4070 ἐδόξασα
1953 4007 2043 4068 ἐπὶ

394 4095 492 4156 τῆς
534 4096 635 4169 γῆς
669 4107 683 4121 ⁶
718 4090 854 4150 ἀλλὰ
895 4093 983 4148 καὶ
1026 4094 1054 4148 0
1099 4093 1280 4172 Πατὴρ
1326 4091 1524 4164 δοξάζει
1574 4095 1664 4148 τὸν
1718 4096 1836 4149 ι’ἱὸν
1867 4111 1882 4127 ⁶
1947 4098 2045 4154 Καὶ

395 4177 616 4245 ἐδόξασα
670 4180 790 4260 γὰρ,
870 4179 998 4261 ἔφη,
1081 4183 1172 4238 γαὶ
1253 4179 1455 4246 δοξάσω
1488 4203 1503 4219 ⁶
1567 4183 1674 4238 νυνὶ
1732 4181 1785 4237 δὲ
1840 4185 1928 4240 καὶ
1982 4186 2044 4240 τὸ

392 4273 603 4344 Πνεῦμα
632 4267 828 4339 δοξάζει
884 4270 912 4324 0
973 4271 1093 4333 Υἱὸς
1151 4268 1235 4326 διὰ
1290 4277 1394 4326 τῶν
1438 4270 1838 4350 προειρημένων
1893 4273 2037 4347 ὕψη-

388 4355 497 4412 λῶν
539 4379 596 4413 τε
649 4358 736 4414 καὶ
791 4360 1095 4436 θεοπρεπῶν
1139 4366 1309 4439 φονῶν
1345 4378 1359 4393 ·
1405 4357 1490 4414 διὰ
1516 4365 1672 4415 τοῦτο
1702 4356 1820 4434 μετ’
1863 4358 2040 4438 ὀλίγον

388 4444 648 4524 ἐπιφέρει,
723 4444 804 4502 ὅτι
879 4443 1120 4512 Ἐκεῖνος
1181 4446 1277 4523 ἐμὲ
1332 4445 1558 4520 δοξάσει,
1633 4454 1914 4527 πανταχοῦ
1982 4450 2042 4504 τὸ

391 4535 675 4608 ὁμοούσιον
731 4537 820 4591 καὶ
867 4536 1096 4615 ὁμοφυὲς
1139 4539 1230 4593 καὶ
1271 4538 1332 4594 τὸ
1385 4536 1483 4604 τῆς
1526 4537 1805 4612 ὁμοτιμίας
1836 4537 2037 4612 ἀξίωμα

392 4625 660 4706 ἀκήρατον
705 4635 974 4706 συντηρῶν
1009 4646 1024 4660 ⁸
1085 4630 1158 4694 ὡς
1202 4628 1262 4686 ἂν
1308 4651 1389 4693 τις
1445 4628 1590 4686 εἴποι
1639 4645 1653 4658 °
1712 4628 1898 4687 Κοινόν
1929 4629 2039 4685 ἐστι

394 4718 492 4783 τῆς
574 4717 884 4796 ὑπερουσίου
967 4720 1055 4774 καὶ
1127 4715 1636 4798 ὑπερδεδοξασμένης
1694 4716 1909 4796 Τριάδος
1977 4719 2039 4773 τὸ

395 4803 522 4884 παρ’
591 4804 838 4876 ἀλλήλων
908 4805 1117 4885 ἀρρήτῳ
1210 4807 1354 4886 λόγῳ
1417 4805 1736 4877 δοξάζεσθαι.
1828 4805 2036 4877 Δοξάζει

395 4894 487 4948 τὸν
530 4893 736 4965 Πατέρα
789 4898 818 4951 0
867 4897 1010 4965 Υἱὸς,
1071 4895 1207 4952 ἀλλὰ
1251 4898 1340 4953 καὶ
1381 4900 1409 4954 0
1453 4897 1634 4976 Πατὴρ
1677 4899 1766 4954 τὸν
1798 4897 1916 4951 Υίὸν
1945 4895 2037 4951 δο-

393 4979 529 5051 ξάζει
587 4983 675 5039 καὶ
715 4985 776 5040 τὸ
847 4991 1060 5060 Πνεῦμα
1095 5005 1110 5021 ο
1165 4987 1253 5042 καὶ
1301 4986 1400 5064 γὰρ
1464 4988 1666 5042 εκεῖθεν
1736 4983 1877 5057 αῦτῷ
1931 4990 2036 5040 τῶν

391 5070 740 5148 χαρισμάτων
772 5075 800 5129 0
843 5073 1100 5137 πλοῦντος
1131 5075 1358 5152 πηγάζει
1393 5093 1408 5109 ο
1443 5072 1580 5130 ἀλλὰ
1621 5075 1709 5130 καὶ
1737 5075 1796 5129 τὸ
1825 5079 2036 5147 Πνεῦμα

389 5160 479 5215 τὸν
539 5160 767 5241 Πατέρα,
841 5162 920 5218 ὅτι
979 5161 1181 5241 ἐρευνᾷ,
1241 5161 1443 5239 μᾶλλον
1500 5161 1553 5219 δὲ
1613 5161 1726 5219 οἶδε
1779 5162 1847 5218 τὰ
1899 5160 2034 5238 βάθη

391 5254 482 5303 τοῦ
532 5250 664 5304 Θεοῦ
715 5252 805 5307 καὶ
861 5249 1223 5307 ἀποκαλύπτει
1267 5251 1418 5326 αὐτὰ,
1475 5251 1697 5308 καθόσον
1741 5249 1880 5306 ἐστιν
1934 5250 2033 5306 ὰν-

393 5338 625 5414 θρωπίνῃ
683 5340 830 5418 φύσει
887 5339 1116 5410 ληπτὸν,
1170 5352 1288 5405 τοῖς
1341 5361 1764 5416 παρασκευακοσι
1820 5339 2033 5401 ἑαυτοὺς

394 5424 719 5494 ἒπιτηδείους
789 5427 1026 5495 δέξασθαι
1095 5429 1194 5496 τὴν
1250 5428 1310 5486 ἐκ
1349 5430 1448 5496 τῆς
1472 5428 1788 5509 θεογνωσίας
1845 5429 2029 5507 αὐγὴν.

473 5594 567 5678 (1)
593 5594 733 5659 Loc.
766 5595 868 5658 cit.
905 5615 960 5678 p.
995 5595 1112 5660 308
1143 5603 1268 5661 not.
1331 5595 1408 5658 t9
1438 5594 1609 5660 Laur.
1648 5603 1707 5658 et
1738 5594 1866 5659 Col.
1900 5596 2040 5652 ἀπε-

403 5674 641 5752 κάλυψας
653 5723 664 5738 ,
906 5674 921 5678 ⁷
1283 5689 1287 5694 “

2127 3925 2269 3968 nare
2303 3917 2532 3970 mentes
2587 3919 2827 3974 vestras.
2887 3912 3026 3975 Ideo
3088 3923 3144 3976 et
3194 3917 3329 3996 quia
3359 3917 3418 3978 in
3451 3937 3767 3998 progressu

2129 3997 2423 4057 sermonis
2453 3998 2598 4060 dixit
2627 4000 2701 4062 de
2733 4005 2901 4063 Patre
2945 4021 3092 4065 suo:
3145 4003 3280 4085 Ego
3331 4013 3386 4068 te
3433 3997 3768 4085 clariﬁcavi

2125 4101 2306 4164 super
2328 4093 2550 4150 terram
2575 4106 2594 4162 ;
2619 4089 2738 4150 imo
2751 4099 2807 4150 et
2831 4090 3002 4152 Pater
3024 4091 3232 4154 Filium
3256 4095 3541 4156 clariﬁcat
3563 4116 3576 4158 :
3605 4114 3763 4170 nam,

2124 4171 2207 4233 Et
2237 4172 2599 4257 clapz'ﬂcavi,
2629 4177 2840 4259 inquit,
2873 4187 2928 4242 et
2948 4185 3168 4242 iterum
3198 4181 3538 4262 clariﬁcabo
3563 4203 3586 4261 ;
3608 4203 3766 4246 nunc

2124 4278 2260 4322 vero
2284 4273 2341 4323 et
2361 4263 2645 4343 Spiritum
2672 4267 2950 4329 clariﬁcat
2981 4268 3166 4329 Filius
3189 4289 3294 4350 per
3315 4271 3628 4350 praedictas
3659 4291 3764 4333 su-

2122 4347 2337 4438 blimes
2367 4351 2713 4433 divinasque
2744 4373 2914 4416 voces
2941 4375 2954 4415 ε
2982 4357 3115 4418 ideo
3146 4347 3333 4438 paulo
3350 4369 3480 4438 post
3509 4359 3710 4420 subdit
3743 4380 3756 4420 :

2065 4436 2237 4502 Dllte
2269 4456 2362 4500 me
2387 4439 2766 4522 clariﬁcabit.
2797 4443 3018 4525 ubique
3049 4436 3619 4508 consubstantialem
3653 4466 3764 4508 na-

2123 4534 2386 4606 turaeque
2415 4529 2776 4593 identitatem
2809 4551 2876 4594 ac
2913 4534 3213 4612 dignitatis
3242 4535 3630 4612 aequalitatem
3665 4535 3764 4598 in—

2121 4615 2364 4678 violatas
2410 4635 2676 4682 servans.
2717 4623 2805 4682 Ac
2836 4621 2886 4682 si
2929 4623 3060 4702 quis
3090 4622 3246 4684 dicat
3278 4641 3292 4684 :
3327 4622 3652 4684 Commune
3675 4630 3766 4686 est

2122 4704 2673 4784 supersubstantiali
2752 4728 2821 4771 ac
2893 4711 3415 4791 supergloriﬁcatae
3466 4710 3759 4790 Trinitati,

2121 4793 2366 4854 alteram
2397 4794 2470 4856 ab
2496 4796 2678 4858 altera
2712 4817 2964 4879 persona
2983 4800 3266 4861 ineffabili
3285 4801 3512 4862 ratione
3531 4799 3758 4878 gloriﬁ-

2120 4883 2264 4945 cari.
2295 4883 2600 4947 Gloriticat
2647 4889 2880 4950 Patrem
2913 4887 3236 4970 Filius,sed
3263 4901 3321 4951 et
3345 4891 3517 4951 Pater
3543 4887 3758 4950 Filium

2119 4972 2406 5051 glorificat
2424 4983 2597 5054 atque
2614 4974 2906 5056 Spiritus;
2938 4997 3193 5059 namqne
3215 4979 3353 5040 inde
3385 4978 3441 5040 ei
3467 4980 3758 5040 donorum

2121 5061 2336 5124 divitias
2362 5064 2650 5140 aﬂluunt;
2683 5066 2786 5126 sed
2818 5074 2878 5128 et
2904 5065 3160 5146 Spiritus
3191 5070 3448 5142 Patrem,
3483 5066 3762 5148 quoniam

2117 5159 2443 5226 scrutatur,
2481 5156 2596 5214 imo
2630 5155 2821 5232 potius
2851 5157 3018 5217 novit
3063 5155 3371 5235 profunda
3402 5155 3542 5232 Dei,
3574 5171 3764 5234 eaque

2117 5241 2361 5315 revelat,
2396 5249 2685 5321 quatenus
2714 5251 2936 5322 queunt
2964 5244 3036 5304 ab
3069 5245 3328 5306 humana
3376 5252 3592 5306 natura
3620 5262 3762 5324 per-

2117 5330 2256 5410 cipi,
2287 5329 2359 5391 iis
2391 5331 2488 5410 qui
2520 5349 2585 5392 se
2617 5331 2780 5412 ipsos
2807 5331 2881 5394 ad
2917 5332 3110 5394 lucem
3157 5331 3374 5394 divinae
3398 5332 3760 5411 cognitionis

2115 5418 2553 5501 suscipiendam
2583 5421 2832 5483 idoneos
2874 5421 3204 5502 dignosque
3253 5427 3755 5503 comparaverint.

2205 5592 2282 5671 (ἓ)
2317 5588 2498 5652 Laur.
2535 5590 2943 5669 1'3161t1y(1w;.
