4210 6292
546 368 651 447 ‘l'it

1668 376 1877 448 JOAN.
1926 382 2144 447 VECCI
2186 383 2296 445 ΟΡ.
2347 373 2856 448 PATRIARCHA!

3822 382 3939 447 7'72

545 514 920 579 Gloriﬁcabit
949 527 1185 596 vero,ut
1216 517 1390 578 modo
1420 517 1641 578 dictum
1673 515 2048 598 est,etFilius
2065 513 2188 595 Spi-

2282 511 2494 586 Δοξαζει
2525 513 2602 587 δὲ,
2648 514 2836 596 ὥσπερ
2892 516 3127 595 εἴρηται,
3190 524 3278 573 νῦν
3307 517 3335 574 ὅ
3377 540 3435 575 τε
3477 521 3593 582 Υἱὸς
3624 520 3686 575 τὸ
3730 524 3940 593 Πνεῦμα

543 604 726 665 ritum
752 615 807 666 et
831 606 1084 685 Spiritus
1106 606 1339 678 Filium,
1377 614 1585 685 estque
1606 606 1774 685 ipsis,
1809 604 2200 680 quemadmo-

547 693 687 755 dum
716 713 1031 756 commune
1052 713 1323 772 regnum,
1351 704 1409 755 et
1432 694 1706 766 virtus,et
1729 695 2016 772 potentia,
2042 694 2123 756 ita
2143 699 2204 755 et

545 780 757 859 gloria,
791 802 908 844 non
970 800 1037 844 ea
1095 784 1311 854 solum,
1347 801 1478 862 quae
1526 799 1556 843 a
1592 781 1762 843 nobis
1792 782 2056 863 oﬂ‘ertur,
2092 782 2195 842 sed

544 871 721 931 etiam
755 891 932 950 quam
967 872 1079 951 ipsi
1110 891 1144 932 a
1172 890 1236 932 se
1268 871 1411 950 ipsis
1443 871 1763 951 recipiunt.

622 959 722 1023 28.
762 959 871 1020 Ille
893 976 987 1021 me
1028 960 1420 1038 clariﬁcabil,
1454 961 1569 1021 hoc
1600 969 1729 1020 est:
1764 978 1874 1021 nec
1904 962 2039 1040 quia
2063 960 2192 1037 glo-

539 1048 687 1108 riam
751 1048 932 1110 tribui
995 1052 1324 1120 Paracleto,
1389 1048 1523 1110 ideo
1580 1040 1865 1126 majorem
1900 1067 1995 1109 me
2024 1048 2193 1109 illum

542 1136 857 1211 declaravi,
895 1155 1089 1217 neque
1129 1156 1333 1198 rursus
1353 1138 1492 1217 quia
1515 1137 1630 1197 dixi
1666 1156 1677 1195 :
1712 1136 1819 1198 Ille
1843 1155 1936 1200 me
1956 1138 2194 1215 clariﬁ-

540 1223 825 1299 rubit,me
846 1227 1035 1306 ipsum
1062 1228 1111 1288 ei
1138 1228 1362 1287 honore
1386 1225 1667 1285 autefero.
1700 1227 1793 1287 Me
1812 1225 2192 1304 clariﬁcabit,

539 1316 652 1374 hoc
682 1324 824 1377 est:
886 1323 1169 1393 quantum
1232 1315 1391 1375 illius
1448 1314 1825 1374 altitudinem
1883 1314 2188 1392 intelligis,

540 1420 731 1463 meam
758 1422 859 1482 per
884 1403 1048 1464 illum
1071 1403 1556 1480 glorificationem
1585 1413 1752 1481 potes
1775 1404 2187 1482 contemplari.

538 1490 682 1552 Nam
715 1493 866 1554 sicut
897 1512 1003 1570 ego
1033 1511 1164 1571 quae
1223 1492 1417 1553 audivi
1477 1511 1511 1553 a
1542 1494 1712 1554 Patre
1744 1509 1848 1552 vos
1879 1491 2078 1563 docui,
2115 1493 2192 1553 ita

541 1588 599 1640 et
629 1581 729 1641 ille
760 1580 1012 1662 accipiet
1033 1582 1107 1642 de
1139 1599 1271 1641 meo
1296 1588 1354 1642 et
1384 1580 1701 1641 illustrabit
1728 1579 2194 1661 vos.iEqnaliter

541 1669 822 1746 perennis
856 1679 1187 1731 nostrorum
1224 1668 1516 1730 donorum
1550 1677 1783 1729 emanat
1806 1670 1935 1729 fons
1963 1689 1978 1742 ;
2002 1687 2194 1749 aequa-

537 1757 675 1819 liter
702 1759 1061 1837 sempiterna
1095 1776 1126 1818 e
1159 1756 1329 1818 Patre
1362 1755 1685 1835 processio,
1720 1756 2028 1838 aequaliter
2052 1776 2194 1819 con-

537 1847 1007 1908 substantialitas
1023 1854 1079 1907 et
1105 1855 1329 1907 natura:
1351 1845 1629 1906 identitas
1655 1866 1671 1920 ;
1725 1846 1923 1907 omnia
1953 1847 2193 1907 honoris

537 1942 595 1995 et
623 1936 838 2014 gradus
864 1935 1257 2012 aequalitatem
1294 1934 1594 2002 indicant;
1633 1934 2030 2016 undequaque
2063 1953 2190 1996 ma-

528 2025 678 2103 joris
709 2033 769 2085 et
801 2023 1047 2085 minoris
1077 2023 1226 2084 ratio
1259 2022 1626 2085 eliminatur.

613 2112 711 2175 29.
749 2113 998 2185 Deinde,
1056 2131 1189 2174 cum
1245 2111 1497 2173 dixisset
1526 2111 1687 2193 quod
1722 2113 1997 2193 accipiet,
2030 2113 2189 2175 clare

535 2200 710 2263 etiam
738 2202 1019 2281 praedicat
1034 2220 1272 2263 causam
1296 2219 1402 2262 cur
1422 2201 1710 2282 accipiet:
1738 2220 1931 2281 neque
1949 2202 2108 2263 enim
2131 2212 2193 2264 ut

533 2292 836 2369 procedat,
865 2291 967 2361 ait.
1003 2309 1195 2370 neque
1227 2297 1293 2350 ut
1324 2289 1612 2350 subsistat
1649 2291 1935 2369 (attende,
1965 2308 2188 2368 quaeso,

535 2377 865 2441 Dominicis
888 2377 1178 2457 vocibus),
1214 2378 1317 2439 sed
1353 2396 1461 2438 cur
1490 2378 1889 2458 accipiet,cur
1911 2378 1936 2441 ?
1956 2379 2029 2442 ω
2059 2398 2191 2460 quae

531 2474 776 2527 ventura
808 2475 946 2527 sunt
972 2466 1285 2527 annuntiet
1325 2466 1517 2528 vobis.
1572 2464 1633 2528 Id
1667 2466 1826 2527 enim
1858 2486 1992 2528 cum
2025 2467 2188 2546 prius

533 2556 915 2627 asseruisset,
976 2553 1245 2632 obsignat
1303 2572 1510 2614 rursus
1565 2554 1888 2634 inquiens:
1926 2555 2014 2615 De
2057 2573 2189 2617 meo

531 2645 783 2723 accipiet
814 2651 870 2705 et
901 2643 1301 2704 annuntiabit
1334 2641 1528 2704 vobis.
1556 2642 1789 2704 Clarius
1819 2662 1958 2704 vero
1989 2643 2182 2724 expli-

533 2750 675 2792 cans
704 2731 843 2812 quid
875 2730 990 2791 sibi
1041 2730 1179 2792 velit
1209 2730 1301 2791 his
1332 2730 1530 2791 verbis
1566 2747 1579 2792 :
1616 2733 1703 2793 De
1749 2750 1878 2794 meo
1909 2734 2182 2812 accipiet.

532 2820 843 2882 confestim
875 2820 1039 2881 addit
1068 2839 1081 2880 :
1122 2818 1349 2882 Omnia
1372 2837 1746 2901 quwmnque
1762 2821 1941 2884 habet
1967 2822 2181 2895 Pater,

530 2927 664 2971 mea
693 2916 858 2970 sunt.
897 2906 1095 2980 Quare
1117 2906 1373 2987 Spiritus
1401 2926 1534 2968 mea
1557 2909 1858 2988 accipiens
1880 2918 1939 2971 et
1957 2910 2030 2970 de
2057 2928 2185 2970 meo

529 2996 704 3061 Patre
724 2996 959 3076 accipit.
989 2995 1109 3057 Nec
1143 3016 1281 3058 vero
1306 3015 1375 3058 eo
1407 3016 1597 3076 usque
1622 3006 1845 3058 tantum
1878 2999 2187 3060 sententiae

534 3087 801 3166 ejusdem
857 3086 1311 3166 explicationem
1375 3086 1622 3166 profert.
1676 3087 1780 3148 Sed
1828 3086 2022 3148 adhuc
2078 3106 2185 3148 ex-

2282 604 2371 659 καὶ
2424 605 2485 660 τὸ
2542 610 2755 677 Πνεῦμα
2811 608 2904 662 τὸν
2969 608 3110 674 Υἱὸν,
3184 608 3272 663 καὶ
3333 605 3473 664 ἔστιν
3537 613 3708 667 αὖτῶν
3762 606 3940 684 ὥσπερ

2282 693 2460 749 κοινὸν
2489 694 2523 760 ἡ
2555 693 2797 765 βασιλεία
2826 694 2913 750 καὶ
2969 695 3004 761 in
3057 693 3276 771 δὺναμις
3331 697 3420 752 καὶ
3461 698 3523 752 τὸ
3553 696 3766 775 κράτος,
3801 694 3936 751 οὕτω

2282 783 2370 836 καὶ
2426 783 2463 850 ἡ
2518 779 2659 854 δόξα,
2691 784 2779 838 καὶ
2825 785 2885 839 οὗ
2914 784 3077 859 μόνον
3122 785 3156 851 ἡ
3189 783 3314 864 παρ’
3355 787 3510 859 ἡμῶν
3541 784 3930 865 ἀναφερομένη,

2282 868 2416 925 ἀλλὰ
2444 873 2532 952 καὶ
2559 871 2633 939 ἣν
2668 872 2812 931 αὒτοὶ
2842 869 3091 952 δέχονται
3124 870 3248 952 παρ’
3294 874 3501 933 ἑαυτοῦ.

2359 948 2474 1026 κη’,
2540 958 2786 1024 Ἐκεῖνος
2827 960 2926 1036 ἐμὲ
2980 958 3183 1025 δοξάσει
3218 981 3233 996 ⁵
3281 962 3582 1036 τουτέστιν,
3627 961 3746 1019 οὕτε
3803 959 3931 1017 διότι

2279 1044 2429 1111 δόξαν
2472 1047 2655 1124 ἀνῆψα
2710 1056 2785 1123 τῷ
2841 1049 3198 1128 Παρακλήτῳ,
3251 1048 3334 1107 διὰ
3374 1057 3532 1108 τοῦτο
3586 1051 3798 1126 μείζονα
3833 1051 3931 1106 αὒ-

2278 1136 2390 1208 τὸν,
2441 1138 2801 1218 ἀπεφηνάμην
2858 1138 3009 1213 ἐμοῦ,
3073 1139 3195 1196 οὔτε
3267 1138 3427 1197 πάλιν
3486 1137 3617 1196 διότι
3687 1138 3930 1203 Ἐκεῖνος

2278 1223 2433 1302 ἔφην,
2504 1225 2720 1290 Δοξάσει
2778 1227 2895 1299 ἐμέ,
2986 1228 3215 1302 ἐμαυτὸν
3277 1230 3476 1286 ἐκείνου
3525 1229 3810 1307 προτίθημι
3864 1234 3932 1304 τῇ

2278 1320 2434 1390 τιμῇ.
2497 1313 2713 1380 Δοξάσει
2769 1316 2888 1390 εμὲ,
2934 1315 3205 1382 τουτέστιν
3249 1315 3372 1372 ὅσον
3429 1317 3627 1375 ἐκείνου
3682 1318 3745 1372 τὸ
3798 1316 3928 1392 ὕψος

2272 1419 2583 1485 κατανοεῖς,
2625 1405 2724 1473 τὴν
2769 1405 2907 1481 ἐμὴν
2936 1403 3003 1461 δι’
3035 1407 3196 1464 αῦτοῦ
3229 1405 3379 1473 δόξαν
3424 1406 3598 1464 ἔνεστί
3651 1418 3736 1467 σοι
3793 1407 3926 1463 ἂνα-

2273 1494 2491 1570 θεωρεϊν
2530 1508 2544 1522 ⁸
2596 1495 2685 1550 καὶ
2897 1494 3075 1573 ὥσπερ
3151 1495 3260 1573 ἐγὼ
3303 1494 3336 1551 ὀὶ
3392 1494 3596 1563 ἤκουσα
3652 1497 3803 1574 παρὰ
3837 1502 3929 1554 τοῦ

2275 1582 2502 1659 Πατρὸς,
2561 1579 2762 1647 ἐδίδαξα
2805 1584 2969 1657 ὑμᾶς,
2999 1582 3137 1639 οὕτω
3180 1584 3428 1648 κάκεῖνος
3475 1583 3707 1661 λήψεται
3737 1584 3798 1640 ἐκ
3837 1607 3933 1643 του

2274 1666 2405 1742 ἐμοῦ
2445 1670 2533 1725 καὶ
2588 1673 2980 1748 φωταγωγήσει
3050 1672 3209 1748 ὑμᾶς.
3268 1671 3493 1741 Ἐπίσης
3535 1676 3570 1741 ἡ
3598 1680 3706 1729 τῶν
3760 1695 3926 1752 χαρι-

2278 1758 2496 1830 σμάτων
2566 1758 2786 1823 ἆένναος
2869 1761 3024 1834 ἡμῶν
3106 1761 3251 1839 βρύει
3307 1764 3481 1840 πηγὴ,
3527 1762 3716 1829 ἐπίσης
3783 1765 3818 1828 ἡ
3876 1761 3927 1826 ἐξ

2276 1842 2445 1901 ἀϊδίου
2498 1845 2721 1926 πρόοδος
2779 1846 2839 1904 ἐκ
2895 1855 2985 1905 τοῦ
3040 1850 3268 1928 Πατρὸς,
3313 1850 3500 1919 ἐπίσης
3547 1852 3608 1908 τὸ
3647 1850 3926 1925 ὁμοούσιον

2275 1935 2361 1988 καὶ
2447 1934 2674 2014 ὁμοφυές
2709 1952 2726 1970 ⁸
2798 1935 2971 1993 πάντα
3051 1939 3152 2004 τὴν
3228 1939 3488 2014 ἰσοτιμίαν
3558 1951 3924 2017 μυσταγωγεῖ.

2275 2022 2609 2102 πανταχόθεν
2651 2024 2712 2080 τὸ
2742 2032 2928 2099 μεῖζον
2968 2027 3057 2081 καὶ
3083 2027 3146 2081 τὸ
3175 2023 3393 2082 ἔλαττον
3424 2020 3795 2090 ἀπελαύνεται.

2355 2114 2416 2167 κθ
2431 2102 2461 2172 ’.
2519 2112 2659 2169 Εἶτα
2716 2114 2901 2187 εἰπὼν,
2959 2112 3041 2170 ὅτι
3098 2113 3352 2191 λήψεται,
3418 2122 3671 2195 Ααμπρῶς
3714 2116 3925 2185 ἀνακη-

2277 2200 2471 2278 ρύττει,
2530 2203 2619 2258 καὶ
2678 2199 2760 2282 ἐφ’
2792 2206 2837 2277 ᾧ
2866 2201 3095 2279 λήψεται
3133 2217 3146 2232 ⁶
3197 2202 3326 2261 Οὓδέ
3366 2207 3465 2284 γὰρ
3494 2205 3584 2261 ἵνα
3614 2205 3925 2283 ἐκπορευϐᾗ,

2274 2291 2454 2370 φησὶν,
2483 2290 2591 2346 οὐδ’
2622 2288 2715 2346 ἵνα
2771 2293 2976 2368 ὑποστῇ
3026 2300 3040 2359 t
3082 2292 3318 2372 πρόσεχε
3366 2308 3489 2359 ταῖς
3542 2303 3922 2374 Δεσποτικατς,

2273 2376 2535 2459 ἄνθρωπε,
2596 2379 2831 2459 φωναῖς)
2862 2397 2877 2411 ⁸
2941 2378 3079 2438 ἀλλὰ
3119 2379 3204 2437 διὰ
3257 2383 3307 2437 τί
3361 2380 3636 2459 λήψεται;
3681 2379 3766 2438 διὰ
3819 2384 3920 2457 τίς

2276 2455 2450 2521 ’Ὥστε
2533 2455 2620 2523 τὰν
2682 2455 2950 2547 ἐρχόμενα
3033 2467 3347 2547 ἀναγγεῖλαι
3430 2455 3557 2546 tiva
3590 2455 3630 2501 "
3663 2471 3752 2526 καὶ
3821 2455 3923 2548 γὰρ

2271 2563 2423 2613 τοῦτο
2509 2555 3068 2636 προαναφθεγξάμενος
3155 2557 3513 2639 ἐπισφραγίζει
3587 2556 3745 2615 πάλιν
3821 2557 3918 2614 λέ-

2269 2666 2378 2721 γων
2411 2660 2425 2675 ⁸
2462 2643 2559 2701 Ἐκ
2614 2652 2708 2700 τοῦ
2767 2648 2898 2721 ἐμοῦ
2955 2643 3187 2721 λήψεται
3250 2649 3337 2703 καὶ
3392 2646 3682 2725 ἂναγγελετ
3747 2648 3874 2723 ὑμῖν
3902 2668 3915 2681 ·

2270 2732 2597 2812 Σαφὲστερον
2655 2731 2699 2789 δ’
2746 2732 3150 2815 ἀνακαλύπτων,
3211 2737 3260 2791 τί
3308 2735 3437 2792 ποτέ
3506 2736 3648 2792 ἐστιν
3690 2737 3719 2792 ὃ
3747 2734 3915 2814 λέγει,

2270 2819 2366 2878 Ἐκ
2428 2820 2511 2901 (1)
2572 2828 2664 2879 τοῦ
2773 2822 2904 2899 ἐμοῦ
2993 2822 3250 2899 λήψεται,
3329 2825 3601 2901 συντόμως
3673 2825 3861 2904 ἐπάγει
3897 2845 3914 2861 ο

2268 2911 2445 2966 Πάντα
2500 2910 2599 2967 ὅσα
2656 2910 2774 2991 ἔχει
2847 2914 2875 2968 ὁ
2958 2913 3163 2993 Πατὴρ,
3238 2913 3341 2988 ἐμὰ
3405 2916 3572 2987 ἐστιν,
3646 2913 3782 2971 ὥστε
3851 2916 3915 2970 τὰ

2268 3000 2372 3072 ἐμὲ
2414 2997 2697 3073 λαμϐάνων
2754 3001 2844 3056 καὶ
2910 2999 2971 3057 ἔκ
3029 3008 3119 3058 τοῦ
3175 3001 3305 3067 ἐμοῦ
3364 3003 3567 3081 Πατρὸς
3634 2999 3914 3077 λαμϐάνει,

2272 3088 2369 3143 Καὶ
2424 3085 2537 3146 οῦδὲ
2597 3088 2765 3167 μέχρι
2809 3089 2996 3148 τούτου
3035 3088 3121 3168 (2)
3161 3090 3259 3157 τὴν
3290 3091 3453 3158 αὐτὴν
3496 3088 3727 3147 διάνοιαν
3780 3090 3916 3147 ἀνα-

532 3176 722 3237 actius
752 3176 912 3236 illam
945 3175 1215 3236 revolans
1238 3183 1294 3236 et
1317 3175 1678 3236 confirmans
1706 3175 1787 3236 ait
1819 3178 2184 3256 :Pr0plerea

2273 3176 2509 3231 πτύσσων
2564 3178 2812 3256 προάγει,
2872 3177 2990 3234 ἀλλ’
3048 3176 3123 3234 ἔτι
3182 3178 3504 3259 τελειότερον
3562 3179 3725 3247 αὐτὴν
3779 3180 3917 3235 ἀνα-

530 3268 673 3328 di'xz'
691 3268 838 3346 quia
861 3265 935 3326 de
963 3282 1091 3326 meo
1121 3265 1395 3343 accipiet,
1434 3264 1718 3344 quoniam
1751 3264 1810 3324 in
1845 3267 2017 3327 Patre
2045 3268 2183 3346 qui-

530 3356 666 3415 dem
699 3361 834 3414 sunt
890 3371 1045 3427 mea,
1104 3352 1360 3431 Spiritus
1416 3360 1613 3413 autem
1673 3371 1742 3414 ex
1794 3357 1969 3416 Patre
2025 3355 2181 3415 acci-

532 3444 616 3521 pit
646 3464 662 3515 ;
689 3460 820 3521 quae
842 3442 1000 3501 enim
1026 3450 1163 3501 sunt
1185 3440 1369 3501 Patris
1388 3461 1518 3501 mea
1557 3452 1730 3518 sunt;
1756 3457 1820 3502 ut
1854 3446 1932 3504 ita
1963 3461 2183 3522 prope-

538 3531 776 3591 modum
801 3531 1060 3591 clamare
1084 3528 1352 3589 videatur
1379 3528 1658 3601 :Quaudo
1689 3530 1822 3590 dico
1849 3533 1934 3591 De
1952 3533 2182 3610 meo,ad

2266 3262 2548 3322 καλύπτων
2576 3268 2665 3322 καὶ
2689 3264 3059 3343 βεϐαιούμενος
3105 3265 3245 3347 λέγει
3280 3284 3292 3298 ⁸
3359 3277 3456 3325 Δια
3520 3274 3676 3325 τοῦτο
3731 3268 3913 3344 εἶπον,

2267 3351 2347 3408 ὅτι
2397 3356 2459 3409 ἐκ
2515 3363 2607 3412 τοῦ
2653 3352 2913 3430 λαμϐάνει
2948 3375 2963 3390 ⁸
3024 3354 3154 3413 διότι
3219 3356 3271 3413 ἐν
3315 3364 3392 3431 τῷ
3447 3359 3610 3436 Πατρὶ
3665 3358 3762 3433 μὲν
3803 3356 3916 3414 ἔστι

2266 3442 2332 3498 τὰ
2373 3440 2475 3516 ἐμά
2508 3461 2522 3477 ’
2569 3445 2630 3500 τὸ
2672 3441 2725 3500 δε
2759 3444 2970 3521 Πνεῦμα
3000 3444 3060 3502 ἐκ
3103 3453 3196 3503 τοῦ
3239 3447 3443 3524 Πατρὸς
3474 3443 3729 3522 λαμϐάνει
3766 3463 3779 3476 ⁸
3827 3449 3917 3503 καὶ

2266 3531 2365 3609 γὰρ
2420 3531 2494 3620 τὸι-
2562 3540 2653 3589 τοῦ
2719 3537 2921 3613 Πατρὸς
2981 3535 3086 3611 ἐμά
3129 3535 3270 3591 ἐστιν
3303 3551 3317 3566 ⁸
3374 3536 3510 3594 ὥστε
3569 3540 3729 3613 μόνον
3789 3543 3915 3620 οὐχὶ

534 3637 731 3680 meum
765 3621 1030 3696 Patrem,
1065 3636 1182 3677 non
1207 3635 1350 3677 vero
1383 3617 1453 3677 ad
1489 3618 1668 3677 alium
1701 3627 1924 3679 vestras
1955 3619 2182 3697 cogita-

539 3708 735 3769 tiones
766 3714 997 3767 vertere
1029 3716 1087 3766 et
1116 3714 1461 3766 convertere
1492 3706 1746 3767 debetis.
1766 3708 2002 3769 Nullum
2024 3709 2183 3769 enim

2267 3620 2366 3693 βοᾷ
2399 3623 2414 3649 ‘
2471 3618 2639 3677 ’Ὅταν
2694 3620 2837 3700 λέγω
2878 3629 2970 3680 τοῦ
3026 3622 3177 3699 ἐμοῦ,
3238 3625 3368 3703 πρὸς
3415 3627 3507 3682 τὸν
3536 3626 3664 3703 ἐμὸν
3705 3618 3916 3708 Πατέρα

2272 3709 2377 3786 Aph
2448 3710 2569 3773 τοὺς
2627 3708 2913 3788 λογισμοὺς
2978 3712 3125 3786 ὑμῶν
3182 3711 3456 3793 ἀναφέρειν
3499 3718 3585 3772 καὶ
3643 3716 3720 3792 μὴ
3780 3719 3913 3795 πρὸς

534 3803 878 3876 ρι’ωῑθχῑυιη
912 3794 1127 3874 reliqui
1152 3794 1336 3867 vobis,
1364 3813 1540 3874 quem
1566 3814 1681 3855 non
1701 3796 2075 3873 resciderim,
2110 3815 2187 3860 ne

2273 3796 2442 3870 ἕτερον
2494 3798 2912 3879 ἐπιστρέφεσθαι.
3006 3799 3135 3858 ὧδέ
3189 3801 3289 3880 γὰρ
3355 3801 3597 3879 οὐδεμίαν
3652 3794 3913 3885 πρόφασιν

532 3884 604 3944 ad
638 3882 797 3973 aliud
852 3883 1158 3973 quidpiam
1216 3882 1737 3963 imaginationibus
1781 3884 2182 3964 abripiamini,

2273 3887 2397 3961 ὑμῖν
2451 3886 2842 3964 ὑπελειπόμην,
2887 3889 2953 3957 ἣν
3005 3891 3063 3947 οὗ
3115 3889 3408 3970 περιεῖλον,
3468 3894 3599 3972 πρὸς
3649 3882 3823 3973 ἕτερον
3863 3917 3914 3951 τι

530 3971 862 4051 praesertim
896 3990 1029 4032 cum
1056 3972 1180 4051 jam
1241 3980 1377 4033 ante
1408 3973 1770 4034 asseruerim
1802 3973 1992 4048 vobis,
2027 3973 2184 4055 quod

2273 3989 2390 4039 ταῖς
2469 3977 2777 4056 φαντασίαις
2871 3979 3239 4059 ὑποσύρεσθαι,
3311 3971 3541 4055 μάλιστα
3623 3971 3755 4039 διότι
3824 3984 3914 4040 καὶ

530 4063 730 4122 omnia
750 4077 1121 4140 quaecunque
1146 4061 1324 4123 habet
1354 4061 1551 4135 Pater,
1589 4079 1719 4123 mea
1749 4070 1913 4124 sunt.

2273 4062 2651 4145 προδιελέχθην
2706 4067 2856 4141 ὑμῖν,
2917 4065 2997 4123 ὅτι
3081 4067 3250 4125 πάντα
3305 4067 3402 4125 ὅσα
3453 4067 3570 4150 ἔχει
3612 4072 3642 4127 ὁ
3700 4071 3909 4150 Πατὴρ,

2268 4151 2371 4227 ἐμά
2403 4153 2564 4216 ἐστιν,

611 4239 709 4329 30.
744 4238 896 4329 Quid
931 4240 1326 4329 sacrosanctis
1375 4238 1503 4329 istis
1551 4238 1747 4329 verbis
1790 4238 2186 4304 luculentius?

2347 4230 2424 4304 λ’,
2458 4243 2518 4299 Τί
2571 4248 2678 4299 τῶν
2721 4243 3003 4324 ἇχράντων
3045 4248 3243 4302 τούτων
3271 4245 3464 4325 λογίων
3494 4245 3860 4328 λαμπρότερον
3890 4269 3908 4329 ς

534 4328 687 4401 Quid
730 4327 946 4389 clarius
986 4328 1057 4388 ad
1091 4328 1550 4402 ostendendum,
1586 4327 1762 4389 verba
1785 4329 1907 4402 illa,
1945 4332 2029 4391 De
2054 4347 2186 4392 meo

2273 4332 2328 4388 Τί
2358 4329 2413 4386 δὲ
2442 4336 2779 4410 παραστῆσαι
2837 4333 3150 4414 σαφέστερον
3184 4354 3200 4414 ς
3266 4334 3347 4391 ὅτι
3403 4337 3486 4415 τὸ,
3539 4333 3635 4393 Ἐκ
3660 4345 3755 4394 τοῦ
3772 4327 3914 4413 ἐμοῦ

532 4416 887 4496 accipiet,ad
916 4416 1102 4476 Patris
1124 4434 1438 4496 personam
1470 4434 1578 4477 nos
1600 4418 2000 4479 transmittere
2022 4427 2081 4480 et
2110 4418 2182 4480 ad

2273 4418 2521 4495 λήψεται,
2596 4421 2728 4499 πρὸς
2783 4422 2845 4477 τὸ
2914 4425 3175 4502 Πατρικὸν
3230 4423 3574 4502 παραπέμπει
3628 4426 3912 4502 πρόσωπον

531 4521 659 4567 eam
691 4521 823 4564 esse
854 4506 1210 4586 revocanda,
1242 4513 1420 4584 atque
1461 4502 1744 4582 Spiritum
1775 4524 1809 4567 a
1846 4505 2015 4567 Patre
2049 4517 2184 4570 tan-

2273 4511 2354 4565 ιιαὶ
2410 4510 2483 4571 ὡς
2552 4496 2651 4576 τὴν
2705 4512 2810 4566 τῶν
2867 4496 3217 4591 χαρισμάτων
3271 4496 3531 4591 ἐνέργείαν
3601 4496 3681 4578 ὡς
3746 4515 3913 4572 αἰτίου

532 4612 706 4672 quam
739 4612 772 4653 a
799 4611 978 4655 causa
1009 4594 1301 4654 donorum
1349 4593 1755 4672 operationem
1788 4594 2184 4674 accipientem

2273 4597 2410 4674 παρὰ
2465 4596 2559 4654 τοῦ
2609 4600 2811 4678 Πατρὸς
2865 4599 3211 4679 ιερολογετται
3239 4603 3301 4657 τὸ
3329 4607 3541 4677 Πνεῦμα
3598 4599 3912 4683 λαμϐάνειν,

531 4680 892 4770 praedicari?
916 4681 1242 4770 Donorum,
1271 4681 2033 4763 inquam,illorum,quibus
2052 4684 2182 4746 dis-

2273 4692 2371 4743 τῶν
2424 4687 2778 4766 χαρισμάτων
2852 4687 3085 4755 ἐκείνων,
3150 4689 3240 4752 οἷς
3270 4688 3535 4770 ἐνισχύσει
3578 4692 3698 4755 τοὺς
3727 4680 3908 4768 μαθηέ

530 4769 760 4850 cipulos
818 4768 1251 4850 corroborabit,
1310 4777 1376 4830 ut
1415 4773 1748 4832 futurorum
1779 4773 2178 4852 cognitionem

2273 4774 2359 4837 τὰς
2401 4780 2505 4830 τῶν
2550 4775 2859 4854 ἐρχομένων
2916 4777 3014 4851 μὲν
3064 4777 3161 4844 τὴν
3203 4768 3487 4857 ἐπίγνωσιν
3529 4781 3621 4835 σὺν
3671 4781 3913 4838 εὺσταθεῐ

530 4859 821 4922 constanti
856 4860 1145 4939 ﬁrmaque
1174 4861 1369 4919 ferant
1395 4859 1620 4932 animo,
1654 4879 1973 4941 rerumque
2002 4880 2177 4924 arca-

2273 4866 2350 4919 ιιαὶ
2409 4863 2775 4943 ἀπεριτρέπτῳ
2830 4867 3125 4945 φρονήματι
3196 4866 3392 4947 φέρειν,
3466 4871 3802 4927 καθίστασθαι
3854 4868 3910 4927 δὲ

527 4966 737 5009 narum
770 4956 949 5027 atque
980 4947 1425 5010 reconditarum
1461 4950 1609 5010 citra
1637 4949 1819 5010 ullam
1854 4951 2175 5013 difﬁculta-

2273 4953 2349 5007 καὶ
2404 4959 2510 5007 τῶν
2566 4953 2799 5010 ἀθεάτων
2883 4953 3149 5030 μηδεμιᾶς
3230 4955 3727 5035 παρακολουθούσης
3779 4956 3910 5017 δυσ-

526 5044 646 5097 tem
704 5035 1139 5097 constituantur
1193 5043 1556 5115 spectatores
1585 5036 1675 5117 {ac
1746 5039 2172 5121 speculatores,

2273 5040 2471 5126 ίερείας
2527 5044 2713 5105 θεατὰς
2783 5042 2871 5098 καὶ
2925 5041 2990 5108 δὴ
3047 5045 3135 5100 καὶ
3186 5046 3293 5101 τῶν
3346 5046 3476 5125 ὑπὲρ
3532 5043 3691 5123 λόγον
3743 5044 3912 5126 ἔργων

524 5122 645 5185 imo
675 5134 734 5186 et
759 5124 1298 5203 supernaturalium
1322 5124 1724 5205 prodigiorum
1760 5135 2090 5207 patratores
2120 5137 2180 5191 et

2273 5125 2608 5206 Ξημιουργούς
2619 5177 2631 5191 ,

527 5213 798 5290 opiﬁces.

1103 5304 1589 5373 REFUTATIO.

607 5388 1035 5454 XVIII.Iterum
1052 5393 1126 5455 de
1150 5393 1394 5456 vocibus
1415 5396 1534 5458 illis
1547 5396 1882 5459 disserens:
1910 5400 1996 5461 De
2015 5417 2172 5476 meo,

2873 5320 3296 5377 ΑΝΤΙΡΡΗΣΙΣ.

2337 5394 2450 5464 1Η’.
2487 5406 2586 5462 Καὶ
2626 5402 2785 5463 πάλιν
2814 5410 2932 5486 περὶ
2960 5413 3051 5464 τοῦ
3099 5406 3160 5465 ἐκ
3215 5419 3309 5468 τοῦ
3361 5409 3492 5485 ἐμου
3532 5411 3623 5466 καὶ
3672 5408 3724 5477 ἐξ
3778 5410 3909 5487 ἐμοῦ

527 5484 585 5536 et
608 5476 702 5540 De
729 5496 826 5541 me
849 5483 1124 5564 accipiet,
1149 5484 1477 5547 secundum
1511 5485 1569 5547 id
1602 5487 1760 5569 quod
1781 5485 1886 5550 tibi
1915 5487 2171 5573 videtur,

2273 5493 2485 5567 uidissent
2543 5493 2663 5559 τοὺς
2704 5491 2895 5572 λόγους
2964 5497 3101 5554 κατὰ
3156 5499 3219 5555 τὸ
3250 5496 3435 5558 δοκοῦν
3464 5519 3546 5555 σοι
3590 5499 3906 5577 ποιούμενος

606 5645 698 5727 (1)
726 5644 825 5710 Sic
860 5647 984 5712 Col.
1024 5657 1084 5711 et
1110 5650 1287 5713 Laur.

2331 5661 2419 5743 (Ξ)
2453 5662 2628 5744 Μέχρι
2670 5662 2870 5721 τούτων
2900 5662 3078 5728 habet
3111 5669 3286 5730 Laur.
