4240 6300
517 329 634 391 775

1615 336 1826 398 JOAN.
1875 334 2095 398 νεοίη
2137 329 2248 395 CP.
2297 332 2809 395 PATRIARCH/E

3773 332 3892 396 776

521 483 629 545 per
658 469 1134 544 generationem,
1170 468 1325 530 alter
1367 486 1506 529 vero
1536 486 1644 548 per
1696 467 2135 542 processionem

2223 465 2598 546 .έκπορευτῶς,
2660 465 2782 524 ἀλλ’
2853 466 2938 522 οὖν
2997 465 3182 532 ἐπίσης
3239 468 3407 523 αὐτῶν
3470 466 3712 544 ἑκάτερον
3755 465 3892 545 ἀφο-

519 555 825 634 aaqualiter
859 566 1052 618 tamen
1088 557 1295 617 horum
1325 566 1645 636 utrumque
1664 556 1969 634 distinguit
2009 576 2042 618 a
2071 575 2168 637 pa-

520 651 688 704 terna
746 644 1085 725 hypostasi;
1147 645 1533 720 distinguitur
1573 652 1765 706 autem
1825 645 2078 726 Spiritus
2111 654 2167 706 et

519 731 632 792 alia
664 732 1020 805 differentia,
1057 752 1230 812 quam
1285 733 1340 793 ei
1401 732 1714 808 cuplicitas
1771 733 2166 814 processionis

519 828 698 880 creat.
733 822 859 882 Jam
893 840 1028 882 vero
1053 822 1103 882 si
1131 821 1396 902 pluribus
1415 821 1768 884 ditl‘erentiis
1789 822 2168 902 distinguitur

518 928 549 968 a
580 912 751 971 Patre
783 908 1035 989 Spiritus
1063 929 1238 990 quam
1274 909 1482 984 Filius,
1521 911 1764 992 propius
1813 913 2056 973 accedet
2085 913 2155 973 ad

519 1006 823 1077 paternam
869 998 1253 1059 substantiam
1313 999 1519 1072 Filius,
1574 1000 1943 1080 geminisque
2000 1001 2156 1061 exsi-

515 1086 803 1149 stentibus
824 1086 1441 1167 proprietatibus,quze
1460 1088 1746 1167 Spiritum
1769 1088 2154 1166 disdnguant,

515 1195 620 1254 per
650 1175 893 1236 alteram
944 1177 1150 1236 horum
1185 1176 1492 1236 evincetur
1522 1175 1805 1256 Spiiitum
1845 1195 1976 1240 esse
2007 1176 2155 1238 Filio

512 1263 858 1326 inferiorem
891 1264 948 1324 in
975 1263 1308 1344 azqualitate
1338 1265 1865 1327 consubstantialis
1890 1285 2022 1326 cum
2057 1270 2160 1329 Pa-

2248 554 2371 631 ρίζει
2419 553 2496 633 (Ι)
2542 556 2641 620 τῆς
2693 553 2958 633 πατρικῆς
3014 555 3405 620 ὑποστάσεως·
3468 551 3892 610 ἅποδιαστέλλε-

2246 663 2332 697 ται
2386 639 2440 698 δέ
2494 645 2555 698 τὸ
2611 648 2822 718 Πνεῦμα
2865 645 2953 699 καὶ
2997 640 3209 722 δευτέρᾳ
3256 640 3499 723 διαφορᾷ,
3543 641 3611 710 ἢν
3654 643 3792 717 αξιτῷ
3834 643 3895 699 τό

2247 727 2460 786 διπλοῦν
2511 736 2610 798 τῆς
2678 731 3034 810 ἐκπορεύσεως
3092 729 3335 810 προξενεῖ
3368 749 3384 762 ⁸
3461 734 3506 788 εί
3576 730 3631 787 δὲ
3687 730 3890 787 πλείοσι

2245 817 2521 898 διαφοραῖς
2582 818 2940 876 διαστέλλεται
2993 828 3085 877 τοῦ
3138 823 3342 900 Πατρὸς
3400 822 3460 877 τὸ
3504 824 3712 895 Πνεῦμα
3758 818 3893 899 ἤπερ

2244 908 2272 962 ὁ
2331 907 2473 980 Υἱός,
2509 909 2768 986 ἐγγυτέρω
2797 907 2859 964 ἂν
2902 909 2994 975 εἴη
3037 915 3135 976 τῆς
3184 909 3450 987 πατρικῆς
3481 910 3654 972 οὐσίας
3685 911 3712 964 ὁ
3745 911 3890 982 Υἱὸς,

2241 995 2328 1051 καὶ
2371 993 2569 1052 διπλῶν
2653 998 2816 1054 ὅντων
2898 995 3195 1073 ἰδιωμάτων
3265 1001 3371 1052 τῶν
3427 997 3776 1077 ἀφοριζόντων
3826 997 3886 1054 τό

2243 1083 2454 1159 Πνεῦμα
2509 1084 2708 1163 θατέρῳ
2761 1086 2961 1142 τούτων
3028 1083 3409 1152 ὑποϐεϐηκέναι
3471 1095 3564 1145 τοῦ
3613 1088 3730 1142 Υἱοῦ
3785 1089 3884 1152 τῆς

2241 1173 2502 1252 ὁμοφυοῦς
2559 1175 2688 1252 πρὸς
2742 1176 2830 1230 τὸν
2890 1175 3096 1254 Πατέρα
3155 1176 3457 1252 συγγενείας
3510 1177 3572 1232 τὸ
3648 1174 3886 1250 ἰσότιμον

2241 1257 2709 1338 δυσφημηθήσεται
2786 1269 3023 1342 Πνεῦμα,
3093 1264 3180 1318 καὶ
3244 1262 3407 1326 οὕτως
3475 1265 3509 1330 ἡ
3569 1260 3884 1319 Μακεδονίου

516 1363 604 1414 tre
651 1352 979 1427 afﬁnitatis,
1041 1355 1250 1433 sicque
1286 1353 1609 1417 Macedonii
1643 1373 1847 1416 rursus
1875 1354 2140 1416 adversm

2240 1347 2338 1406 πά)
2353 1372 2396 1404 ιν
2453 1352 2588 1406 κατὰ
2644 1357 2736 1408 τοῦ
2821 1353 3124 1427 Πνεύματος
3200 1350 3508 1409 ἀναδύσεται
3565 1349 3639 1424 (2)
3694 1350 3883 1426 λύσσα,

513 1441 795 1522 Spiritum
829 1449 1094 1520 emerget
1132 1441 1387 1521 insania,
1433 1442 1559 1522 ipsa
1589 1461 1823 1524 quoque
1852 1443 2009 1505 illius
2041 1445 2154 1504 im-

515 1535 728 1610 pietate
758 1530 1040 1590 deterior.

591 1619 686 1679 33.
723 1617 995 1690 Quinimo
1027 1618 1076 1678 si
1126 1618 1312 1680 solius
1365 1618 1620 1697 Spiritus
1669 1628 1779 1700 est,
1831 1620 1889 1681 in
1923 1621 2155 1683 diversa

509 1707 718 1768 referri
752 1706 1063 1786 principia,
1089 1706 1386 1785 quomodo
1422 1725 1536 1767 non
1566 1709 1902 1770 necessario
1933 1727 2151 1772 conse-

509 1805 742 1876 quetur,
778 1804 834 1857 et
860 1795 1043 1856 solius
1069 1813 1197 1855 esse
1230 1794 1504 1875 Spiritus,
1528 1794 1587 1856 in
1639 1797 1947 1879 multiplex
1981 1803 2148 1878 prin-
2176 1827 2212 1874 Β

506 1884 724 1964 cipium
756 1882 1018 1944 referri?

587 1975 684 2035 34.
711 1971 958 2052 Insuper
975 1971 1022 2032 si
1046 1972 1104 2032 in
1131 1971 1343 2051 quibus
1389 1970 1542 2032 Patri
1568 1990 1635 2032 ac
1659 1972 1810 2034 Filio
1840 1976 2151 2036 temeraria

504 2064 759 2124 novitate
789 2061 1168 2123 audacissimi
1235 2061 1332 2121 isti
1365 2063 1846 2124 communionem
1905 2064 2149 2126 efﬁnxe-

502 2159 658 2226 runt,
697 2149 766 2212 iis
823 2149 1104 2230 Spiritum
1153 2149 1512 2226 secludunt;
1572 2153 1746 2212 Pater
1773 2159 1966 2214 autem
2000 2152 2147 2217 Filio

503 2240 826 2302 secundum
889 2237 1298 2310 substantiam,
1359 2257 1476 2298 uon
1522 2241 1850 2301 secundum
1891 2242 2146 2322 aliquam

504 2327 995 2409 proprietatemiu
1014 2326 1491 2388 communionem
1520 2327 1919 2407 conjungitur:
1949 2349 2092 2410 ergo
2113 2349 2147 2392 a

503 2426 746 2498 paterna
801 2415 1128 2476 secundum
1172 2414 1562 2476 substantiam
1608 2416 1958 2495 cognatione
2007 2438 2145 2482 con-

500 2504 945 2566 substantialem
973 2503 1256 2581 Spiritum
1290 2504 1633 2567 excludunt.

581 2593 677 2657 35.
714 2591 966 2673 Spiritus
1013 2610 1046 2652 a
1103 2591 1250 2653 Filio
1282 2593 1552 2673 procedit
1579 2594 1866 2658 eademne
1897 2617 2142 2677 proces-

497 2682 680 2744 siome
711 2700 782 2744 an
810 2690 1067 2762 paternae
1095 2681 1435 2743 contraria?
1457 2685 1520 2744 Si
1541 2683 1698 2744 enim
1723 2686 1953 2763 eadem,
1987 2708 2139 2770 quo-

418 2820 422 2824 .
498 2779 672 2859 modo
705 2790 824 2832 non
853 2789 1201 2859 iommunes
1230 2771 1524 2834 rdduntur
1555 2774 1966 2857 proprietates,
2004 2781 2137 2859 qui-

495 2858 605 2921 bus
661 2869 719 2921 et
773 2860 915 2921 solis
970 2858 1228 2919 Trinitas
1273 2859 1530 2923 Trinitas
1610 2880 1744 2924 esse
1793 2875 1850 2926 et
1907 2858 2140 2929 adorari

492 2949 862 3027 dignoscitur
877 2948 968 3027 (a)
989 2946 1020 3006 ἱ)
1033 2949 1091 3008 Si
1106 2957 1303 3009 autem
1329 2950 1709 3028 processione
1725 2960 1985 3032 paternae
2000 2973 2139 3018 con-

494 3038 696 3117 traria,
731 3037 1028 3117 quomodo
1073 3055 1189 3096 non
1222 3038 1489 3099 Manetes
1521 3038 1691 3100 nobis
1721 3048 1778 3103 et
1808 3043 2138 3108 Marcianes

2239 1442 2336 1503 τῆς
2380 1437 2576 1495 ἐκείνου
2624 1437 2918 1505 δυσσεϐείας
3000 1438 3065 1495 δι’
3111 1440 3298 1508 έαυτῆς
3370 1439 3766 1516 ἀνακαλουμένη
3823 1441 3884 1496 τὸ

2241 1522 2480 1596 ἥττημα.

2318 1604 2423 1690 λγ’.
2477 1611 2642 1670 Ἀλλὰ
2695 1616 2783 1670 καὶ
2866 1617 2909 1670 εἰ
2978 1618 3142 1690 μόνου
3185 1617 3489 1693 Πνεύματος
3534 1618 3642 1675 ἐστι
3695 1619 3756 1673 τὸ
3813 1619 3884 1679 εἰς

2238 1699 2409 1780 ἀρχὰς
2452 1702 2791 1782 ἀναφέρεσθαι
2847 1701 3140 1785 διαφόρως,
3215 1711 3329 1770 πῶς
3388 1707 3510 1784 εῦχὶ
3578 1707 3666 1762 καὶ
3724 1707 3886 1780 μόνου

2237 1790 2537 1866 Πνεύματος
2594 1789 2874 1850 ἀκόλουθον
2917 1791 3090 1872 λέγειν
3148 1793 3208 1849 τό
3265 1795 3336 1857 εἷς
3392 1793 3696 1875 πολύαρχον
3752 1793 3883 1848 ἀνα-

2234 1877 2673 1959 φέρεσβαεάρχὴν
2710 1897 2726 1954 ;
3071 1931 3073 1933 ι

2313 1956 2414 2030 λδ’,
2454 1956 2603 2025 "Est-
2633 1967 2687 2024 δὲ
2744 1970 2786 2025 εἰ
2830 1970 2882 2025 ἐν
2933 1971 3021 2034 οἷς
3065 1972 3224 2050 Πατρὶ
3255 1972 3340 2026 καὶ
3371 1972 3475 2046 Υἱῷ
3501 1971 3773 2028 κοινωνίαν
3830 1972 3876 2027 οἱ

2233 2055 2403 2113 πάντα
2457 2059 2670 2135 θρασεῖς
2754 2057 3190 2137 ἐκαινούργησαν,
3279 2062 3340 2116 τὸ
3396 2066 3606 2137 Πνεῦμα
3674 2061 3876 2123 τούτοις

2233 2143 2623 2224 ἀποτειχίζουσι
2671 2161 2684 2175 ⁹
2732 2149 2916 2226 Πατὴρ
2969 2147 3023 2203 δὲ
3080 2148 3198 2204 κατ’
3256 2149 3430 2207 οὑσίαν
3485 2152 3611 2227 Υἱῷ,
3657 2147 3775 2204 ἀλλ’
3819 2150 3877 2204 ού

2230 2234 2365 2291 κατὰ
2420 2255 2469 2288 τι
2527 2237 2630 2289 τῶν
2705 2233 3002 2310 ἰδιωμάτων
3060 2239 3132 2300 εἷς
3189 2239 3469 2294 κοινωνίαν
3511 2238 3870 2294 συνάπτεται·

2228 2325 2326 2386 τῆς
2370 2322 2490 2378 κατ’
2545 2326 2721 2380 οὐσίαν
2777 2323 2875 2404 ἄρα
2931 2329 3194 2404 πατρικῆς
3226 2324 3527 2403 συγγενείας
3571 2326 3630 2381 τό
3672 2325 3871 2400 ὁμοσύ-

2229 2430 2340 2465 σιον
2374 2413 2584 2486 Πνεῦμα
2627 2414 3003 2492 ὑπερορίζουσι.

2305 2495 2364 2553 λε
2377 2488 2404 2557 ’.
2471 2502 2541 2556 Τὸ
2607 2488 2822 2576 Πνεῦμα
2896 2510 2989 2559 τοῦ
3045 2505 3165 2560 Υἷοῦ
3221 2502 3602 2582 ἐκπορεύεται·
3651 2503 3871 2582 πότερον

2226 2585 2322 2650 τὴν
2375 2587 2538 2657 αὑτήν
2617 2589 2926 2667 ὲκπόρευσιν
2985 2590 3020 2658 ἢ
3092 2596 3190 2658 τῆς
3243 2593 3488 2671 πατρῴας
3559 2592 3869 2667 ἀντίθετον;

2227 2674 2284 2728 Εἰ
2337 2675 2433 2749 μὲν
2485 2677 2583 2754 γὰρ
2625 2677 2722 2746 τὴν
2765 2679 2950 2755 αὐτὴν,
2996 2682 3109 2745 πῶς
3166 2681 3225 2736 οὺ
3266 2688 3532 2737 κινοῦνται
3590 2683 3640 2736 αἱ
3661 2679 3866 2746 ἰδιότη-

2224 2783 2330 2838 τες,
2378 2763 2472 2827 αῖς
2507 2766 2596 2821 καὶ
2624 2765 2808 2839 μόναις
2865 2769 2899 2836 ἡ
2944 2769 3097 2847 Τριὰς
3142 2769 3298 2848 Τριᾶς
3341 2768 3483 2826 εἶναι
3513 2769 3599 2825 καὶ
3627 2789 3865 2843 προσκυ-

2225 2854 2424 2908 νεῖσθαι
2479 2855 2974 2935 χαρακτηρίζεται,
3032 2858 3075 2912 εἰ
3142 2855 3188 2912 δ’
3249 2857 3451 2925 ἐκείνης
3505 2855 3660 2935 [CD].
3721 2859 3765 2913 εἰ
3808 2855 3863 2914 δὲ

2220 2940 2456 3019 ἐκείνης]
2501 2943 2785 3022 ἀντίθετον,
2820 2944 2928 3009 πῶς
2975 2946 3032 3000 οὺ
3080 2946 3340 3008 Μάνεντες
3393 2947 3528 3021 ἡμῖν
3585 2947 3672 3002 καὶ
3713 2952 3864 3026 Μαρ·

2221 3028 2405 3091 κίωνες
2459 3027 2617 3085 πάλιν
2671 3038 2747 3105 τῷ
2789 3030 3091 3111 βλασφήμω
3166 3033 3302 3090 οὕτω
3357 3034 3864 3112 συναναχορεύσουσι

489 3115 696 3187 rursus
727 3115 845 3187 uno
896 3144 1032 3186 cum
1085 3126 1196 3186 isto
1251 3125 1430 3190 verbo
1461 3128 1750 3208 sacrilego
1780 3129 1840 3192 in
1874 3134 2136 3195 medium

2223 3115 2418 3192 ῥήματι
2465 3115 2576 3197 (3),
2635 3119 2731 3186 τὴν
2786 3122 3056 3199 θεομάχον
3124 3120 3282 3178 πάλιν
3339 3122 3471 3178 κατὰ
3526 3128 3618 3178 τοῦ
3661 3124 3865 3200 Πατρὸς

489 3216 802 3295 prodeunt,
835 3214 1075 3294 impiam
1109 3214 1324 3276 iterum
1358 3214 1646 3277 adversus
1687 3206 1922 3281 Patrem
1957 3230 2014 3282 et
2034 3221 2133 3283 Fi-

2223 3207 2306 3261 καὶ
2335 3212 2429 3262 τοῦ
2464 3207 2584 3262 Υἱοῦ
2622 3206 2991 3288 γλωσσαλγίαν
3034 3208 3383 3273 πλατύνοντες
3419 3227 3432 3239 ·

486 3302 628 3364 lium
662 3303 976 3364 dilatantes
1007 3303 1412 3380 garrulitatem
1438 3304 1466 3364 ἱ)

565 3392 665 3454 36.
707 3394 1003 3453 Praeterea
1045 3391 1094 3451 si
1151 3411 1328 3452 omne
1358 3391 1513 3470 quod
1548 3413 1663 3456 non
1698 3404 1786 3457 est
1814 3415 2130 3463 commune

483 3479 876 3559 omnipotenti
908 3487 965 3539 et
987 3479 1474 3541 consubstantiali
1498 3488 1673 3560 atque
1695 3489 2133 3564 supernaturali

482 3566 779 3642 Trinitati,
813 3568 992 3628 unius
1013 3577 1102 3629 est
1121 3568 1490 3630 solummodo
1514 3571 1691 3631 trium
1714 3591 2126 3652 personarum,

481 3655 793 3736 productio
851 3664 1046 3717 autem
1134 3654 1393 3735 Spiritus
1472 3677 1589 3718 non
1645 3669 1734 3720 est
1792 3665 2123 3725 communis

481 3745 657 3805 trium
690 3763 869 3824 :ergo
909 3753 998 3807 est
1047 3745 1457 3806 tantummodo
1488 3747 1664 3807 unius
1695 3767 1726 3809 e
1758 3749 1946 3811 tribus
1979 3751 2118 3816 illis.

377 3832 390 3841 ’
483 3831 685 3894 Utrum
713 3833 889 3911 igitur
919 3852 987 3895 ex
1023 3831 1194 3895 Patre
1227 3833 1432 3894 dicent
1453 3836 1779 3914 procedere
1808 3839 2118 3919 Spiritum,

479 3930 539 3983 et
567 3921 864 4001 quomodo
899 3941 1014 3982 non
1049 3920 1362 4000 ejurabunt
1412 3941 1604 3984 caram
1644 3925 1786 4005 ipsis
1813 3946 1880 3989 ac
1913 3948 2121 3990 novam

475 4009 855 4072 doctrinam?
883 4009 944 4072 Si
993 4021 1191 4072 autem
1232 4028 1301 4071 ex
1324 4010 1496 4086 Filio,
1531 4031 1636 4074 cur
1665 4033 1784 4076 non
1823 4017 2018 4078 statim
2049 4019 2122 4080 ab

470 4097 641 4159 initio
701 4107 842 4188 sunt
865 4099 994 4160 ausi
1029 4107 1238 4188 totum
1275 4117 1449 4159 suum
1486 4119 1786 4164 venenum
1818 4124 2120 4188 evomere,

471 4187 577 4247 sed
629 4187 908 4268 paulatim
971 4207 1039 4248 ac
1095 4187 1495 4268 particulatim
1554 4189 1701 4251 iilud
1760 4187 2124 4256 effundunt?

472 4272 794 4356 Oportebat
825 4277 1066 4352 enim,si
1097 4277 1338 4357 quidem
1360 4278 1541 4358 impio
1567 4297 1674 4340 suo
1698 4280 1954 4361 dogmati
1981 4303 2120 4346 con-

474 4364 760 4440 ﬁdebant,
789 4365 862 4426 ab
892 4367 1060 4427 initio
1113 4368 1274 4446 ipsos
1308 4366 1593 4445 profiteri,
1636 4387 1669 4429 a
1697 4387 1761 4430 se
1793 4389 1909 4432 non
1943 4374 2120 4435 modo

2293 3374 2428 3457 λς’.
2463 3383 2613 3442 Ἐπεὶ
2666 3383 2721 3440 δὲ
2775 3399 2892 3450 τοῖς
2949 3387 3264 3466 εἰρημένοις,
3323 3390 3367 3445 εἰ
3423 3394 3526 3444 πᾶν
3570 3389 3598 3444 ὃ
3628 3388 3704 3463 μὴ
3749 3388 3859 3447 ἐστι

2213 3475 2389 3529 κοινὸν
2431 3479 2530 3540 τῆς
2559 3478 3043 3554 παντοκρατορικῆς
3085 3478 3172 3533 καὶ
3221 3477 3496 3553 ὀμοουσίου
3550 3479 3637 3534 καὶ
3692 3479 3857 3555 ὑπερ-

2212 3568 2369 3640 φυοῦς
2428 3561 2666 3641 Τριάδος,
2753 3564 2865 3629 ἑνός
2947 3563 3056 3621 ἐστι
3129 3565 3290 3642 μόνου
3349 3573 3456 3622 τῶν
3508 3574 3665 3647 τριῶν
3702 3587 3714 3600 ·
3761 3567 3855 3624 οὒκ

2213 3649 2320 3706 ἔστι
2375 3649 2429 3706 δὲ
2471 3654 2504 3720 ἡ
2562 3660 2654 3710 τοῦ
2695 3655 2996 3729 Πνεύματος
3038 3654 3275 3734 προϐολὴ
3317 3657 3469 3722 κοινὴ
3514 3662 3619 3712 τῶν
3666 3661 3851 3735 τριῶν,

2207 3739 2320 3802 ἐνος
2378 3737 2476 3818 ἄρα
2533 3743 2619 3798 καὶ
2661 3743 2824 3818 μόνου
2868 3743 2953 3799 ἐπὶ
2993 3749 3097 3799 τῶν
3145 3748 3322 3821 τριῶν.
3388 3745 3639 3824 Πότερον,
3671 3745 3755 3801 οὖν
3787 3747 3849 3800 ἒκ

2205 3835 2295 3884 τοῦ
2352 3830 2555 3904 Πατρὸς
2613 3833 2866 3911 φήσουσιν
2948 3831 3312 3911 ἐκπορεύεσθαι
3369 3835 3429 3889 τὸ
3486 3833 3716 3910 Πνεῦμα,
3760 3836 3848 3889 καὶ

2206 3917 2320 3978 πῶς
2376 3919 2469 3972 οὑκ
2518 3918 2858 3995 ἐξομόσονται
2927 3921 3025 3988 τὴν
3081 3921 3238 4002 φίλην
3283 3923 3464 3985 αὑτοῖς
3527 3922 3661 4001 [καὶ]
3719 3944 3843 3979 και-

2207 4008 2303 4072 νὴν
2364 4005 2447 4086 (4)
2507 4010 2877 4088 μυσταγωγίαν
2909 4025 2924 4082 ;
2981 4012 3036 4068 lii.
3066 4009 3121 4066 δὲ
3153 4011 3212 4066 ἐκ
3239 4017 3329 4068 τοῦ
3374 4014 3514 4084 fio-3,
3551 4013 3598 4067 τί
3628 4013 3705 4088 μὴ
3734 4010 3852 4068 κατ’

2206 4093 2378 4172 ἀρχὰς
2466 4097 2609 4161 εὐθὺς
2694 4096 2980 4175 ἐθάρῤησαν
3043 4096 3167 4154 ὅλον
3225 4099 3393 4155 αὐτῶν
3453 4098 3693 4174 ἐξεμέσαι
3766 4101 3857 4155 τὸν

2205 4183 2304 4256 ἱὸν,
2339 4181 2476 4245 ἀλλὰ
2517 4186 2652 4242 κατὰ
2708 4186 2865 4265 μέρος
2910 4184 3281 4258 ἆναϐλύζουσιν
3315 4204 3332 4262 ;
3375 4187 3580 4267 Ἐχρῆν
3613 4189 3733 4266 γὰρ,
3769 4186 3858 4242 εἴ·

2208 4292 2305 4348 περ
2378 4271 2514 4338 ἦσαν
2596 4274 2905 4338 πεποιθότες
2981 4278 3150 4332 αὐτῶν
3219 4283 3295 4350 τῷ
3363 4274 3739 4351 δυσσεϐήματι,
3803 4275 3856 4340 ἐξ

2206 4359 2384 4438 ἀρχῆς
2457 4360 2831 4444 ἂνομολογεϊν,
2889 4366 2960 4428 ὡς
3007 4366 3063 4420 οὑ
3117 4365 3278 4440 μόνον
3310 4367 3397 4421 τὸν
3429 4366 3546 4421 rtem
3590 4361 3852 4444 προϐολέα

471 4453 684 4515 Filium
744 4435 1161 4535 productorem
1216 4435 1473 4535 Spiritus
1528 4435 1862 4536 praadicari,
1923 4463 2025 4523 sed
2061 4471 2121 4524 et

2223 4455 2294 4503 ποῦ
2351 4450 2654 4524 Πνεύματος
2717 4449 3110 4530 δογματίζουσιν
3166 4452 3303 4514 ἀλλὰ
3355 4455 3443 4510 καὶ
3495 4456 3585 4509 τὸν
3643 4453 3849 4531 Πατέρα

470 4545 704 4606 Patrem
735 4543 808 4604 ab
843 4563 912 4606 ea
956 4543 1348 4624 productione
1406 4535 1679 4623 excludi;
1725 4557 1908 4629 atque
1964 4552 2119 4613 adeo

2223 4541 2300 4603 τῆς
2356 4535 2623 4616 προϐολῆς
2679 4539 3053 4599 ἀπελαύνουσιν
3088 4559 3102 4575 ⁹

469 4631 956 4696 debebantetiam
974 4633 1420 4712 generationem
1440 4652 1557 4694 una
1573 4653 1706 4696 cuni
1729 4637 2122 4716 productione

471 4729 905 4797 transvertere,
943 4731 1276 4784 monstrosa
1301 4722 1624 4785 asserendo
1671 4725 1963 4802 futililate,
2000 4747 2120 4790 non

469 4808 684 4872 Filium
717 4829 785 4873 ex
821 4814 1018 4886 Patre,
1053 4810 1155 4872 sed
1180 4813 1414 4900 Patrem
1447 4829 1516 4871 ex
1548 4811 1695 4874 Filio
1725 4817 2024 4900 generari,
2058 4832 2124 4886 ut

469 4917 589 4961 non
644 4900 834 4964 solum
897 4917 1108 4961 omnes
1152 4918 1182 4959 a
1215 4899 1430 4961 saeculo
1458 4901 1674 4980 impios
1704 4902 2114 4983 obscurarent,

465 4988 572 5052 sed
604 4999 663 5052 et
691 4988 917 5052 insanis
944 4989 1090 5070 ipsis
1109 4987 1441 5050 insaniores
1499 4989 2116 5070 deprehenderentur-

549 5168 647 5230 37.
679 5167 825 5230 Item
858 5168 910 5231 si
942 5187 1011 5230 ex
1042 5167 1211 5230 Patre
1243 5166 1427 5230 Filius
1447 5168 1684 5246 genitus
1714 5179 1826 5251 est,
1861 5173 2112 5253 Spiritus

3160 4547 3248 4607 οἷς
3323 4542 3604 4601 ἀκόλουθον
3678 4541 3847 4613 δήπου

2209 4627 2290 4682 ιαὶ
2349 4627 2444 4693 τὴν
2495 4628 2739 4705 γέννησιν
2836 4637 2903 4707 τῇ
2965 4628 3202 4711 προϐολῇ
3257 4633 3690 4708 συμμετατιθέναι
3758 4636 3846 4690 καὶ

2203 4716 2640 4794 συμμεταφέρειν,
2701 4721 2788 4775 καὶ
2854 4718 2989 4796 μηδὲ
3031 4724 3121 4779 τὸν
3184 4723 3303 4778 Υἱὸν
3357 4721 3416 4778 ἐκ
3471 4730 3562 4779 τοῦ
3616 4724 3845 4802 Πατρὸς,

2204 4820 2266 4878 ξκ
2315 4803 2370 4860 δὲ
2412 4806 2503 4861 τοῦ
2547 4809 2666 4864 Υἱοῦ
2705 4809 3076 4889 τερατολογεῖν
3133 4812 3224 4866 τὸν
3276 4811 3482 4891 Πατέρα
3527 4813 3624 4879 τὴν
3660 4811 3852 4891 γέννη-

2205 4927 2287 4960 σιν
2341 4903 2513 4984 ἒχειν,
2572 4903 2662 4961 ἵνα
2716 4904 2792 4980 μὴ
2845 4906 3008 4980 μόνον
3062 4905 3178 4970 τοὺς
3223 4901 3551 4974 ἠσεϐηκότας
3582 4903 3634 4970 ἐξ
3663 4905 3850 4972 αἰῶνος

2203 4995 2495 5074 κρύψωσιν,
2555 4992 2690 5049 ἀλλὰ
2731 4994 2818 5049 καὶ
2845 4999 2950 5050 τῶν
3003 4994 3321 5071 μεμηνότων
3361 4992 3601 5073 ἐλέγχων
3614 5014 3689 5050 ται
3747 5017 3850 5070 μα-

2203 5083 2497 5162 νικώτεροι,
3689 5150 3710 5163 _

2275 5172 2378 5243 λζ.
2418 5163 2546 5228 "Et:
2589 5171 2645 5228 δὲ
2686 5174 2731 5228 εἰ
2759 5172 2820 5229 ἐκ
2850 5179 2944 5230 τοῦ
2998 5175 3201 5253 Πατρδς
3252 5177 3279 5231 ὁ
3337 5175 3454 5238 Υἱὸς
3499 5172 3840 5251 γεγέννηται,

467 5272 612 5317 vero
635 5273 705 5318 ex
737 5260 911 5320 Patre
929 5257 1200 5340 Filioque
1226 5257 1636 5338 procedit,cur
1647 5260 1896 5340 Spiritui
1925 5281 2108 5344 nega-

2225 5270 2252 5324 ὸ
2312 5260 2366 5318 δὲ
2423 5267 2635 5337 Πνεῦμα
2686 5262 2750 5317 ὲκ
2800 5268 2891 5318 τοῦ
2932 5264 3137 5342 Πατρὸς
3166 5263 3254 5318 καὶ
3281 5269 3373 5320 τοῦ
3417 5265 3536 5319 Υἱοῦ
3565 5260 3844 5341 ὲκπιιρεύευ

548 5427 628 5499 (al
653 5425 825 5489 Catif.
863 5443 876 5489 :
916 5448 938 5484 α
975 5426 1200 5499 Quibus
1256 5432 1314 5486 et
1343 5424 1485 5488 solis
1516 5424 1820 5488 Trinitatis
1851 5439 2108 5502 essentia

467 5511 525 5564 et
553 5503 825 5566 adoratio
857 5505 1220 5584 designatur.
1259 5531 1285 5562 ιι

659 5586 837 5667 Laur.
871 5587 1164 5667 ἀφορίζεται
1194 5587 1289 5667 τῇς
1337 5611 1396 5649 π.

549 5662 628 5742 (2)
660 5665 836 5732 Laur.
866 5662 932 5729 ut
958 5663 1083 5729 Col.
1116 5664 1375 5733 ἀναδύσει,

2189 5521 2338 5600 rites

3057 5432 3226 5505 τούτῳ
3330 5430 3838 5511 συναναχορεύσουσι

2272 5430 2352 5513 (3)
2384 5434 2559 5493 Laur.
2617 5448 2631 5493 :

2335 5538 2409 5575 τι.

2749 5430 2943 5510 βλασφ.

2277 5595 2362 5679 (4)
2394 5592 2570 5657 Laur.
2605 5607 2740 5655 cum
2771 5591 2998 5654 Colum.
3033 5600 3124 5654 est
3153 5591 3216 5655 in
3243 5597 3422 5656 textu.
