4240 6300
472 219 591 283 ’187

1557 225 1773 288 JOAN.
1816 225 2041 289 VECCI
2081 223 2194 286 ΟΡ.
2240 222 2757 290 PATRIARCHIE

3721 219 3848 285 788

451 349 574 413 sius
595 349 676 440 ita
697 350 860 414 dicit:
876 351 1447 418 ProindeDominus
1461 373 1542 419 ex
1560 361 1758 436 seipso
1787 357 2098 420 ostendens

2190 357 2218 412 6
2283 356 2462 434 Κύριος
2526 355 2580 423 EE
2650 359 2836 418 ἑαυτοῦ
2881 357 3083 425 δεικνὺς
3153 358 3415 440 ὑπάρχειν
3486 356 3549 412 τὸ
3605 359 3849 427 Πνεῦμα,

453 439 1246 521 esseSpirilum,iusuf/ians
1267 444 1586 524 discipulis
1610 445 1808 508 aiebat
1832 446 2116 525 :Accipite

460 529 760 610 Spiritum
773 531 1262 594 sanctumNides
1292 534 1970 612 quomodosanctusiste
1990 535 2115 596 dic-

460 625 582 679 tum
609 619 801 698 magni
829 621 1134 681 Athanasii
1166 621 1785 700 interpreteturﬂuod
1809 622 1966 684 enim
1987 623 2116 684 uni-

456 709 615 768 versi
643 708 806 769 orbis
837 708 1400 771 lurnenAthanasius
1426 711 1723 772 denotavit
1756 711 1872 773 illis
1890 712 2107 785 verbis,

456 795 778 859 Dominum
803 797 1086 876 majorem
1123 797 1508 876 semetipsum
1535 798 1760 879 Spiritu
1783 802 2109 863 ostenden-

462 895 577 948 tem
615 904 748 946 eum
803 887 1064 966 dedisse,
1103 889 1212 949 hoc
1242 887 1463 948 clarius
1509 889 1606 950 hic
1636 891 1906 969 exposuit
1935 891 2114 952 veluti

456 973 888 1034 commentario
919 993 988 1036 ea
1019 975 1199 1037 verba
1224 977 1526 1038 illustrans
1556 978 1695 1039 dum
1721 979 2113 1042 dicit:P"0in-

450 1062 524 1124 de
554 1061 852 1125 Dominus
901 1083 981 1126 ac
1023 1067 1216 1145 scipso
1263 1067 1576 1128 ostendens
1607 1085 1734 1130 esse
1783 1069 2110 1146 Spiritum,

447 1151 777 1231 insufﬂuns
807 1152 1129 1232 discipulis
1159 1155 1362 1216 uieb-zt
1392 1174 1412 1216 :
1455 1181 1476 1209 ε
1507 1157 1782 1234 Accipite
1804 1155 2113 1235 Spiritum

453 1250 802 1303 sime/um.»
832 1239 954 1301 Nisi
987 1242 1121 1310 i-ta.
1178 1261 1211 1301 ο
1254 1242 1722 1322 sapientissime,
1755 1244 2110 1323 ignorasses,

459 1346 576 1388 non
613 1337 701 1388 tot
730 1329 982 1389 dixisses
1010 1331 1266 1390 abst:rda
1289 1332 1652 1412 consequi,si
1674 1333 1804 1412 quis
1829 1335 2110 1410 majorem

454 1413 676 1495 Spiritu
708 1416 866 1477 dicat
900 1417 1426 1479 Filium.Verume:
1459 1420 1679 1480 imveru
1707 1439 1881 1482 causa
1914 1421 2108 1499 Spiri-

453 1513 547 1565 tus
581 1504 762 1566 Filius
795 1508 1067 1580 seorsim,
1112 1517 1171 1568 nt
1209 1516 1266 1566 tu
1300 1508 1506 1568 statuis
1539 1520 1686 1588 tcap.
1722 1510 1850 1588 44),
1887 1512 2109 1572 utrius-

2195 448 2440 524 ἐμφυσῶν
2509 459 2629 526 τοῖς
2711 451 3011 522 μαθηταῖς
3073 447 3224 526 ἔλεγε
3254 464 3271 480 ⁸
3346 443 3547 504 Λάϐετε
3630 448 3845 516 Πνεῦμα

2193 532 2346 620 ᾅγιον
2377 534 2424 596 t1
2539 525 2690 614 Ὀρᾶς
2721 534 2866 600 ὅπως
2897 539 2926 594 6
2963 536 3111 615 ἅγιος
3173 525 3324 598 οὗτος
3381 535 3441 591 τὸ
3490 533 3584 589 τοῦ
3612 527 3845 620 μεγάλου

2195 619 2506 681 Ἀθανασίου
2561 621 2892 703 διερμηνεῦει
2953 624 3112 703 ῥητόν
3146 641 3162 656 ⁸
3223 625 3353 690 ὅπερ
3383 624 3484 700 γὰρ
3542 623 3570 678 6
3613 625 3712 687 τῆς
3755 619 3842 674 οἷ-

2191 710 2453 785 κουμένης
2523 714 2738 791 φωπὴρ
2805 713 3115 778 Ἀθανιίσιος
3173 710 3363 784 ἐδήλου
3447 709 3645 789 λέγων,
3706 706 3784 763 ὅτι
3817 709 3845 763 6

2195 804 2380 877 Κύριος
2425 801 2636 875 μείζονα
2681 799 2880 866 δεικνὺς
2927 803 3112 860 ἑαυτὸν
3171 807 3264 858 ταῦ
3324 797 3628 876 Πνεῦματος
3683 792 3846 851 ὶδίδου

2195 888 2344 965 αότὸ,
2409 899 2563 949 τοῦτο
2615 892 2976 973 καθαρώτερον
3027 892 3342 966 διεσαφησεν
3398 893 3547 952 οὗτος
3603 886 3842 967 {coepit-Tt-

2196 985 2445 1044 νευτικῶς
2475 982 2566 1037 τὸν
2596 977 2754 1060 λόγον
2797 982 3118 1061 προαγαγὼν
3143 984 3201 1038 iv
3244 986 3323 1055 τῷ
3351 980 3546 1039 εἰπεῖν.
3594 977 3692 1034 Καὶ
3722 983 3844 1052 γῦῦν

2195 1070 2224 1123 ὸ
2293 1069 2478 1146 Κύριος
2535 1069 2588 1134 ἐξ
2647 1071 2831 1127 ἑαυτοῦ
2885 1069 3084 1134 δεικνὺς
3139 1071 3202 1128 τὸ
3268 1074 3488 1141 Πνεῦμα
3555 1065 3837 1142 ὑπάρχειν,

2195 1155 2439 1237 ὶμφυσών
2509 1171 2626 1222 τοῖς
2711 1159 2984 1233 μαθηταῖς
3055 1157 3203 1237 ’έλεγε
3237 1172 3252 1188 ⁶
3350 1153 3549 1213 Λάϐετε
3634 1157 3844 1227 Πνεῦμα

2194 1244 2370 1321 ἅγιον.
2406 1247 2463 1303 Εἰ
2523 1246 2602 1322 μή
2657 1257 2821 1305 ταῦτα
2878 1248 3115 1326 ἠγνόεις,
3169 1247 3471 1327 σοφώτατε,
3534 1241 3630 1300 οῦκ
3661 1239 3723 1297 ἂν
3746 1261 3842 1297 το-

2196 1340 2357 1390 σαῦτα
2391 1335 2617 1412 εἰρήκεις
2686 1334 2898 1391 ἔπεσθαι
2955 1335 3146 1404 ἄτοπα,
3211 1334 3302 1391 ἐὰν
3364 1355 3445 1397 τις
3501 1332 3713 1408 μείζονα
3749 1330 3839 1386 τοῦ

2195 1422 2494 1496 Πκιεῦματος
2538 1421 2650 1502 ἐρεῖ
2699 1425 2791 1479 τὸν
2857 1424 2998 1486 Υίόν,
3058 1421 3224 1481 Ἀλλὰ
3291 1420 3456 1480 πάλιν
3513 1419 3687 1482 αἴτιος
3745 1416 3840 1492 μὲν

2189 1512 2282 1566 τοῦ
2325 1512 2626 1586 Πνεῦματος
2669 1513 2698 1568 6
2738 1512 2856 1575 Υἱὸς
2902 1511 3003 1584 ἰδίᾳ
3031 1515 3161 1569 κατὸ
3214 1511 3301 1592 σὲ,
3362 1509 3536 1574 αἴτιος
3564 1505 3610 1563 δ’
3639 1507 3838 1586 ἀμφοῖν

456 1612 573 1674 que
621 1613 759 1655 vero
811 1596 1058 1658 seorsim
1115 1595 1313 1674 Pater,
1347 1605 1403 1657 et
1434 1597 1648 1660 exinde
1674 1598 2024 1676 imperfecta
2052 1611 2098 1663 el

2191 1597 2290 1670 ἰδίᾳ
2332 1601 2360 1656 6
2413 1601 2614 1678 Πατὴρ,
2672 1601 2760 1656 καὶ
2805 1602 2866 1656 τὸ
2911 1599 3096 1666 ἀτελὲς
3153 1603 3392 1658 ἱντεῦθεν
3448 1598 3536 1655 καὶ
3593 1596 3837 1669 ἡμίθετον

451 1683 762 1768 dimidiata
793 1695 968 1763 atque
1001 1703 1071 1745 ex
1104 1684 1450 1764 imperfecto
1473 1696 1529 1746 et
1561 1687 1826 1765 perfecto
1855 1707 2102 1768 compo-

447 1767 766 1832 si'a'causa
790 1773 976 1834 libere
1001 1773 1057 1833 in
1077 1793 1315 1834 scenam
1341 1775 1534 1855 prodit
1567 1785 1708 1836 utet
1749 1767 2106 1855 mythologia

447 1877 554 1940 per
577 1860 779 1938 jocum
807 1861 1316 1940 hippocenta-tros
1350 1864 1720 1941 conﬁngens,
1749 1864 1901 1925 sicut
1923 1875 2102 1927 caete-

447 1967 534 2016 ra,
572 1967 703 2030 qum
734 1949 934 2029 impiae
963 1951 1271 2012 sententiae
1295 1952 1519 2014 fructus
1550 1955 1952 2032 uuncupas,ad
1973 1973 2104 2034 quae

447 2039 623 2098 etiatn
654 2040 886 2098 accedit
935 2040 1312 2101 eeminarum
1350 2059 1661 2102 causarum
1695 2043 1864 2104 exlex
1895 2061 2098 2104 asser-

451 2125 1152 2205 tio(cap.q5t.Suﬂiciens
1181 2146 1326 2189 vero
1363 2131 1422 2190 in
1460 2129 1551 2190 his
1581 2149 1931 2192 aranearum
1965 2132 2100 2192 telis

449 2215 576 2275 hinc
607 2226 694 2275 est
723 2216 1029 2295 exceptio:
1055 2217 1400 2296 quodFilius
1428 2236 1544 2278 non
1571 2219 1818 2279 seorsim
1849 2238 1917 2279 ac
1943 2237 2099 2298 prae-

453 2310 546 2364 ter
577 2306 806 2365 Patrem
843 2323 1018 2365 causa
1049 2306 1135 2365 vel
1171 2314 1259 2365 est
1288 2306 1376 2366 vel
1409 2305 1649 2370 dicitur.
1681 2304 1884 2387 Neque
1935 2306 2094 2369 euim

450 2393 717 2454 Romana
749 2393 978 2472 ignorat
1005 2393 1488 2455 Ecclesi:t.solum
1523 2393 1754 2456 Patrem
1790 2395 2095 2474 principa-

455 2481 572 2542 lem
601 2499 837 2542 causam
871 2500 1027 2554 esse,
1061 2481 1192 2543 Filii
1226 2482 1466 2562 quidem
1518 2501 1586 2542 ac
1626 2483 1881 2562 Spiritus
1913 2484 2098 2546 sancti

451 2569 824 2640 naturaliter,
847 2571 1141 2633 universae
1165 2589 1300 2631 vero
1331 2571 1653 2632 creationis
1687 2572 2016 2634 efﬁcienter
2029 2591 2098 2635 ac

452 2675 562 2738 per
590 2658 1019 2720 conditionem.
1050 2666 1316 2720 Attamen
1350 2661 1487 2740 quia
1520 2659 1648 2721 Filii
1685 2661 1927 2740 quidem
1955 2682 2094 2724 cau-

444 2763 508 2806 sa
531 2753 620 2806 est
651 2746 940 2825 proxima,
965 2747 1223 2827 Spiritus
1250 2765 1392 2808 vero
1424 2749 1608 2810 sancti
1641 2767 1827 2812 causa
1867 2769 1974 2829 per
2000 2751 2098 2813 Fi-

448 2833 618 2906 lium,
655 2853 770 2896 non
805 2842 919 2895 tam
971 2855 1148 2916 quam
1192 2855 1259 2896 ex
1291 2837 1518 2898 duabus
1550 2837 1748 2898 causis
1778 2848 1835 2899 et
1866 2839 2097 2919 princi-

447 2922 690 3002 piis,sed
712 2932 987 3004 tanquam
1009 2943 1076 2986 ex
1101 2943 1215 2984 uno
1234 2924 1356 2986 Deo
1381 2927 1907 3006 prodireSpiritum
1931 2929 2098 2990 tlteo-
2115 2947 2155 2997 c

444 3011 614 3094 logos
632 3020 868 3074 nostros
895 3015 1099 3076 Patres
1119 3022 1496 3170 sacul'tll‘gttt‘e
1529 3014 1860 3097 meritoque
1895 3017 2088 3080 docet.

1131 3106 1280 3169 TEX
1387 3109 1451 3170 S.

1131 3106 1451 3170 TEXTUS.

519 3198 617 3262 46.
660 3195 748 3261 Ob
781 3199 886 3261 has
917 3197 1097 3276 igitur
1125 3201 1388 3281 aliasque
1421 3200 1513 3262 his
1561 3200 1794 3263 similes
1831 3202 2094 3264 rationes

441 3289 680 3350 tandem
705 3287 1024 3368 aliquando
1056 3307 1234 3349 sensu
1259 3307 1362 3350 vos
1385 3297 1590 3351 vestrae
1623 3290 1944 3369 impietatis
1972 3292 2092 3353 alti-

437 3375 678 3437 ciamini
729 3386 959 3456 oportet
989 3387 1045 3437 et
1072 3378 1144 3438 ad
1189 3377 1497 3439 catholicae
1537 3390 1716 3459 atque
1746 3379 2094 3459 apostolicae

436 3462 720 3526 Ecclesia:
748 3467 1103 3526 sententiam
1138 3465 1348 3527 relicta
1385 3465 1781 3542 plurimorum
1817 3485 2088 3529 errorum

440 3563 628 3614 matre
685 3552 1114 3632 stiperstitione
1145 3554 1535 3634 conveniatis;
1573 3573 1640 3616 ac
1673 3573 1820 3636 pura
1857 3555 2090 3635 pietatis

437 3639 712 3702 doctrina
741 3640 957 3702 initiati
1004 3641 1328 3703 addiscatis
1379 3643 1628 3704 credere
1657 3662 1726 3704 ex
1755 3652 1875 3705 toto
1908 3646 2088 3707 corde

435 3747 504 3791 ac
533 3729 665 3791 sine
718 3729 838 3790 ulla
887 3730 1104 3791 mentis
1163 3729 1557 3812 haesitatione,
1605 3731 1762 3812 quod
1815 3732 2093 3811 quaalbet

436 3817 678 3898 quidem
714 3837 968 3898 persona
1013 3817 1534 3880 eonsubstantialis
1581 3837 1650 3881 ac
1705 3819 2091 3883 divinissimae

440 3905 748 3969 Trinitatis
776 3905 1058 3968 inelfabili
1090 3906 1318 3968 ratione
1346 3906 1404 3967 in
1440 3908 1919 3970 communionem
1951 3927 2086 3970 arc-

438 3994 727 4056 tissimam
758 4014 892 4057 cum
911 4005 1118 4056 natura
1139 3996 1820 4076 jungantur,secundum
1844 4015 1976 4059 tero
1993 3997 2092 4079 by-

433 4095 748 4165 postaseos
806 4084 1097 4145 rationem
1157 4083 1782 4146 incommunicabilem
1836 4085 1993 4146 inter
2023 4105 2088 4147 se

2190 1695 2277 1743 και
2323 1688 2377 1744 ἐν
2435 1687 2651 1752 ἀτελοῦς
2701 1690 2789 1745 καὶ
2839 1687 3041 1749 τελείου
3110 1687 3505 1764 συντεθειμένον
3546 1683 3839 1762 παῤῥησιαο

2187 1782 2328 1847 ζεται
2374 1777 2569 1848 αἶ’τιον,
2630 1780 2717 1834 καὶ
2770 1778 2806 1846 ἡ
2883 1779 3136 1851 παίζουσα
3213 1779 3334 1841 τοὺς
3393 1773 3834 1852 ίπποκενταύρους

2187 1863 2494 1946 μυθολογία³
2527 1866 2613 1922 καὶ
2671 1867 2735 1922 τα
2791 1863 2927 1923 ἄλλα
2985 1867 3118 1946 ἅπερ
3175 1868 3332 1929 αὐτὸς
3385 1861 3603 1925 ἀσεϐοῦς
3640 1867 3834 1939 σπορᾶς

2186 1955 2461 2030 ὀνομάζεις
2532 1954 2764 2032 γεώργια
2797 1969 2813 1984 ⁸
2867 1958 2953 2018 οἷς
3010 1957 3097 2013 καὶ
3154 1957 3214 2012 τὸ
3269 1955 3526 2028 ἔκθεσμον
3595 1949 3830 2007 δυαδικὸν

2181 2043 2288 2100 τῶν
2373 2042 2550 2100 αἰτίων
2609 2041 3136 2118 συνδιαλαμϐεἱνεται.
3239 2042 3564 2123 Ἀποχρῶσα
3638 2038 3685 2094 δ’
3779 2037 3829 2094 ἐν

2181 2129 2457 2211 ἀραχνίοις
2512 2132 2719 2196 τούτοις
2790 2132 2930 2188 ἐστὶν
3000 2131 3302 2212 ἂντιρρησις
3358 2133 3419 2188 τὸ
3451 2130 3529 2205 μὴ
3573 2129 3662 2185 τὸν
3715 2129 3832 2184 Υἱὸν

2182 2217 2355 2275 αἴτιον
2391 2220 2533 2298 παρὰ
2573 2221 2664 2276 τὸν
2748 2219 2954 2298 Πατέρα
3008 2217 3106 2292 ἰδίᾳ
3160 2220 3197 2288 ii
3254 2221 3397 2276 εἶναι
3449 2217 3486 2286 ii
3540 2215 3780 2294 λέγεσθαι
3813 2230 3827 2245 '

2179 2304 2293 2365 οῦδέ
2324 2308 2423 2386 γὰρ
2453 2307 2489 2376 ii
2517 2312 2616 2375 τῆς
2663 2299 2875 2383 Ῥώμης
2927 2307 3113 2380 ἀγνοεῖ
3172 2306 3490 2386 Ἐκκλησία¹
3549 2305 3710 2380 μόνον
3739 2305 3829 2360 τὸν

2182 2396 2389 2474 Πατέρα
2431 2396 2656 2476 ἀρχικόν
2690 2395 2860 2452 αἴτιον
2905 2395 3070 2475 εἶναι³
3131 2399 3250 2453 Υίοῦ
3305 2395 3403 2470 μὲν
3447 2395 3538 2452 καὶ
3593 2393 3829 2468 Πνεῦμα-

2178 2505 2267 2550 τος
2306 2486 2560 2565 φυσικῶς,
2608 2485 2784 2552 πάσης
2813 2483 2868 2540 δὲ
2919 2485 3140 2548 κτίσεως
3198 2486 3499 2552 ποιητικῶς
3533 2499 3548 2512 ⁶
3581 2480 3722 2549 πλὴν
3747 2480 3826 2537 ὅτι

2179 2580 2272 2630 τοῦ
2315 2574 2414 2649 μὲν
2454 2576 2572 2630 Υἱοῦ
2601 2573 2740 2629 ἐστιν
2784 2571 2958 2630 αἴτιον
2995 2579 3307 2654 προσεχῶς,
3352 2579 3445 2629 τοῦ
3494 2570 3548 2627 δὲ
3580 2571 3823 2646 Πνεῦμα-

2180 2683 2270 2727 τος
2300 2659 2384 2718 δια
2413 2669 2504 2719 τοῦ
2565 2662 2706 2724 Υἱοῦ.
2742 2662 2847 2740 οὔχ
2877 2663 2948 2725 ὡς
3008 2661 3068 2718 ἐκ
3127 2661 3212 2718 δύο
3240 2663 3418 2717 αἱτίων
3471 2664 3558 2716 καὶ
3613 2659 3822 2739 ἀρχῶν,

2179 2748 2297 2806 ἀλλ’
2329 2752 2402 2814 ὡς
2431 2749 2482 2817 ἐξ
2512 2751 2629 2815 ἑνὸς
2689 2757 2820 2809 Θεοῦ
2847 2750 3088 2828 προϊέναι
3141 2749 3282 2828 λέγει
3325 2751 3386 2806 τὸ
3441 2754 3675 2823 Πνεῦμα,
3708 2761 3823 2806 τοῖς

2179 2838 2448 2918 θεολόγοις
2489 2843 2646 2914 ἡμῶν
2677 2837 2942 2918 Πατράσιν
2971 2837 3210 2915 ἑπομένη
3235 2836 3382 2915 μάλα
3417 2836 3649 2902 δικαίως.

2831 3113 3199 3168 KEIMENON.

2257 3185 2403 3269 pg...
2439 3195 2542 3252 Διᾶ
2583 3203 2746 3254 ταῦτα
2805 3196 2974 3252 τοίνυν
3031 3197 3116 3252 καὶ
3169 3195 3236 3252 τὰ
3291 3194 3527 3266 τοιαῦτα,
3574 3194 3672 3250 κᾶν
3715 3194 3813 3268 ὀψε

2176 3289 2302 3360 γοῦν
2332 3282 2614 3341 ἀναλανεῖν
2649 3286 2785 3359 ὑμᾶς
2844 3286 3102 3364 προσήκει
3145 3285 3473 3350 συναίσθησιν
3526 3289 3630 3340 τῶν
3681 3283 3816 3349 iisc-

2175 3369 2446 3452 ϐημένων,
2517 3375 2605 3429 καὶ
2657 3378 2754 3440 τῆς
2811 3371 3096 3440 καθολικης
3145 3372 3232 3430 καὶ
3283 3369 3641 3447 ἆποστολικῇς
3700 3369 3822 3429 Ἐκ-

2173 3459 2396 3528 κλτ,σίας
2439 3461 2553 3518 ἀντὶ
2607 3463 2706 3528 τῆς
2764 3460 3128 3527 πολυπλανοῦς
3178 3458 3580 3535 δεισιδαιμονίας
3635 3458 3816 3516 συνελ-

2173 3553 2285 3605 θεῖν
2349 3552 2426 3624 τῷ
2467 3553 2790 3631 φρονήματι,
2847 3552 2935 3607 καὶ
2979 3553 3247 3627 μυηθῆναι
3302 3550 3402 3624 μὲν
3439 3550 3677 3627 καθαρῶς
3722 3549 3818 3614 τὴν

2173 3634 2462 3718 εὐσέϐειαν,
2523 3639 2814 3715 ἆναμαθεῐν
2863 3637 2917 3695 δὲ
2987 3642 3249 3696 πιστεύειν
3305 3637 3356 3703 ἐξ
3411 3635 3535 3692 ὅλου
3598 3643 3689 3693 τοῦ
3729 3637 3818 3693 νοῦ

2172 3728 2259 3782 καὶ
2301 3724 2526 3792 διανοίας
2570 3729 2648 3803 μὴ
2699 3726 3064 3800 δισταζοῦσης,
3125 3729 3199 3791 ὡς
3242 3726 3462 3783 ἕκαστον
3512 3725 3608 3790 μὲν
3650 3725 3815 3805 πρόσ-

2173 3838 2317 3873 ωπον
2405 3817 2489 3897 (2)
2551 3823 2650 3886 τῆς
2706 3820 2985 3894 ὃμοουσίου
3067 3827 3156 3876 καί
3241 3820 3531 3896 θεαρχικῆς
3601 3815 3813 3895 Τριάδος

2171 3905 2420 3985 ἀφράστῳ
2488 3905 2635 3985 λόγῳ
2699 3909 2770 3973 είς
2825 3909 3097 3965 κοινωνίαν
3167 3907 3266 3982 μὲν
3334 3903 3643 3962 ἀδιάστατον
3700 3927 3814 3962 συν-

2172 3995 2424 4052 άπτονται
2481 4001 2550 4072 τῇ
2618 3996 2793 4076 φύσει,
2852 3997 2988 4052 κατὰ
3045 3994 3098 4050 δὲ
3166 3997 3256 4051 τὸν
3310 4000 3409 4062 τῆς
3477 3994 3812 4055 ὑποστάσεως

2170 4084 2330 4163 λόγον
2392 4083 2757 4161 ἂμεταόλτ,τον
2834 4085 3175 4166 φυλάττουσιν
3249 4082 3507 4154 ἀλλήλαις
3563 4085 3652 4139 τὸν
3704 4083 3806 4138 τῶν

428 4184 714 4238 tueantur
772 4172 1202 4252 proprietatum
1256 4173 1685 4236 characterem.
1741 4173 1872 4235 Non
1924 4174 2083 4235 enim

2181 4172 2466 4248 ζδιωμάτων
2519 4178 2837 4255 χαρακτῆρα
2869 4192 2886 4210 ⁸
2950 4176 3008 4231 οῦ
3092 4175 3192 4252 γὰρ
3251 4173 3434 4253 χώραν
3490 4169 3695 4228 δίδωσιν
3755 4173 3811 4228 ἓν

430 4264 660 4325 nullum
698 4261 760 4322 in
815 4261 964 4342 ipsis
999 4261 1224 4322 aditum
1277 4261 1609 4322 confusioni
1657 4262 2089 4340 permittttdis-

430 4351 663 4427 tinctio;
726 4370 940 4432 apage;
992 4351 1097 4411 sed
1131 4351 1284 4412 sicut
1316 4351 1536 4412 nullam
1576 4349 1954 4429 partiionem
1983 4369 2087 4413 seu

422 4439 786 4502 divisionem
818 4439 1055 4501 illorum
1089 4439 1418 4501 secundum
1449 4450 1713 4500 naturam
1747 4439 2088 4500 communio

426 4528 713 4609 admittit,
758 4528 839 4591 ita
897 4546 1006 4591 nec
1069 4528 1489 4608 proprietates,
1545 4526 1759 4608 quibus
1810 4527 2089 4608 quaelibet

427 4615 606 4678 trium
640 4635 1026 4698 personarum
1060 4617 1471 4697 distinguitur,
1511 4616 1570 4677 in
1626 4616 1805 4678 ullam
1844 4635 2087 4696 prorsus

427 4704 841 4768 confusionem
879 4704 1342 4787 permiscentur.

1020 4798 1351 4862 REFUTA
1370 4797 1526 4862 T10.

515 4890 640 4954 XX.
673 4889 744 4953 Et
774 4909 1045 4972 quasnam
1078 4899 1164 4953 est
1196 4891 1295 4952 illa
1325 4889 1617 4962 confusio,
1653 4906 1782 4970 quae
1838 4889 1898 4949 in
1942 4906 2084 4970 per-

427 4997 711 5044 sonarum
733 4980 931 5043 distint
954 4979 1174 5042 tionem
1207 4979 1493 5058 insurgat,
1527 4988 1587 5041 et
1615 4985 2085 5059 quamamtrans-

431 5069 683 5132 mutatio
713 5068 1074 5132 characteris
1107 5067 1695 5150 proprietatum,quae
1726 5084 1794 5127 ex
1814 5083 1882 5126 eo
1914 5065 2084 5146 sequi

429 5158 706 5237 fingatur,
767 5159 924 5240 quod
977 5157 1234 5238 Spiritus
1289 5174 1396 5237 per
1448 5155 1663 5218 Filium
1693 5154 1782 5216 vel
1818 5172 1888 5215 ex
1935 5153 2081 5216 Filio

422 5246 656 5310 dicatur
704 5245 1067 5329 procedere?
1097 5244 1608 5319 Quemadmodum
1643 5243 1800 5306 enim
1829 5241 2084 5323 Spiritus

499 5379 579 5460 (ft)
615 5377 943 5442 Hzecverba
970 5378 1266 5442 Anastasii
1292 5397 1360 5440 ex
1393 5378 1496 5460 lib.
1532 5375 2072 5460 De‘rectldogmat.

412 5455 919 5541 adducituquoque
941 5461 1254 5523 Constant.
1294 5459 1556 5522 Meliten.
1610 5456 1713 5522 Or.
1748 5455 1821 5530 Il,
1878 5475 1937 5516 ιι.
1973 5460 2073 5518 28.

411 5541 510 5617 (ο.
535 5537 608 5603 o.
640 5537 780 5619 trp.
822 5537 984 5615 8.34.)

2172 4265 2354 4328 αὐτοῖς
2379 4265 2440 4319 τὸ
2472 4264 2863 4344 συγκεχυμένον
2893 4262 3140 4320 ἐπελθεῖν
3166 4264 3200 4330 ἡ
3252 4261 3506 4338 διάκρισις
3541 4278 3550 4290 ·
3588 4260 3758 4339 ἄπαγε
3791 4275 3804 4289 ’

2171 4350 2289 4408 ἀλλ’
2319 4351 2496 4430 ὥσπερ
2518 4351 2698 4410 οῦδένα
2754 4354 3011 4428 μερισμὸν
3065 4351 3102 4418 ii
3158 4349 3404 4429 διαίρεσιν
3433 4351 3467 4418 ἡ
3524 4350 3658 4406 κατὰ
3713 4350 3809 4428 φύ-

2171 4461 2253 4496 σιν
2323 4443 2568 4498 κοινωνία
2636 4440 3013 4522 παραδέχεται,
3077 4440 3242 4503 οῦτως
3316 4438 3443 4506 οὗηὲ
3494 4440 3560 4494 τὰ
3615 4437 3667 4504 ἐξ
3735 4441 3808 4493 ὧν

2172 4528 2370 4596 ἑκάστη
2426 4535 2532 4585 τῶν
2602 4533 2764 4586 ταιῶν
2806 4529 3271 4609 χαρακτηρίζεται,
3315 4529 3564 4602 οῦμενοῦν
3611 4527 3682 4591 εἷς
3725 4528 3808 4584 οῦ·

2171 4613 2353 4693 δεμίαν
2386 4617 2642 4696 σύγχυσιν
2663 4616 2890 4695 οὐδαμοῦ
2921 4616 3004 4697 (4)
3045 4617 3380 4698 ἀναφῦρεται.

2783 4800 3201 4857 ΑΝΤΙΡΡΗΣῙΣ.

2249 4875 2336 4948 K'.
2382 4887 2480 4944 Καὶ
2510 4885 2633 4942 ποία
2658 4886 2735 4950 τίς
2790 4886 2933 4941 ἔστιν
2963 4886 2997 4949 ἡ
3054 4882 3394 4964 επερχομένη
3457 4884 3711 4963 σύγχυσις
3740 4887 3806 4958 τῇ

2167 4973 2417 5053 διακρίσει
2447 4975 2552 5031 τῶν
2611 4975 2954 5034 ὑποστάσεων
3008 4974 3098 5029 καὶ
3150 4975 3185 5041 ἡ
3245 4969 3513 5049 μεταϐολή
3569 4980 3660 5030 τοῦ
3701 4973 3806 5029 τῶν

2164 5061 2467 5138 ἰδιωμάτων
2511 5068 2853 5142 χαρακτῆρος
2896 5061 3001 5118 ἀπὸ
3053 5068 3144 5119 τοῦ
3186 5062 3247 5118 τὸ
3302 5067 3513 5138 Πνεῦμα
3554 5059 3636 5117 δια
3689 5064 3804 5117 Υἱοῦ

2164 5151 2200 5220 ii
2245 5149 2298 5216 ἐξ
2366 5154 2489 5208 Υἱοῦ
2555 5150 2970 5231 ὶκπορευόμενον
3024 5147 3249 5228 λέγετν;
3307 5151 3380 5214 ὡς
3451 5151 3550 5228 γαρ
3606 5149 3666 5206 ἐκ
3713 5156 3805 5206 τοῦ

2165 5241 2452 5320 ἆγεννήτου
2493 5242 2695 5320 Πατρὸς
2738 5239 3134 5320 προερχόμενον
3190 5239 3489 5319 ἆσύγχυτον
3545 5239 3642 5306 τὴν
3674 5239 3800 5317 πρὸς

2265 5371 2327 5453 2)
2364 5373 2542 5436 Laur.
2576 5372 2751 5453 habet
2778 5390 2792 5436 ε
2826 5375 3061 5453 ἕκαστων
3103 5371 3158 5429 ’ἐν
3187 5374 3489 5450 πρόσωπον.

2265 5372 2327 5453 2)
2364 5373 2542 5436 Laur.
2576 5372 2751 5435 habet
2778 5390 2792 5436 Ζ
2826 5375 3061 5432 ἕκαστων

2241 5372 2326 5532 i3)
2358 5454 2537 5517 Laur.
2573 5461 2635 5514 ut
2663 5452 2790 5518 Col.
2823 5451 3088 5527 οὐδαμῶς,
