4240 6300
464 251 576 328 τοι
1575 257 1788 326 JOAN.
1821 243 2044 324 vaec:
2071 259 2113 321 ο

2215 255 2729 325 ΡΑῚἪΙΑΒΟΗΕ
3723 262 3848 326 792

461 411 580 476 qua
607 394 784 457 Pater
811 387 1098 470 Spiritum
1143 388 1474 470 producere
1521 400 1582 452 et
1642 390 1830 452 sacris
1873 390 2109 454 dicatur

2198 390 2371 451 λεσθαι
2418 395 2807 475 τερατεύσοιτο.
2853 396 2912 454 Εἰ
2964 393 3019 454 δὲ
3075 399 3204 456 καθὸ
3253 397 3439 478 Πατὴρ
3467 400 3498 456 ὁ
3551 398 3735 474 Πατὴρ
3777 399 3854 452 ιε·

463 480 734 564 Eloquiis
792 488 852 541 et
886 499 920 541 a
949 479 1259 540 catholicis
1289 478 1766 541 constantissime
1819 480 2115 550 credatur,

2207 483 2512 564 ρολογετται
2549 485 2864 564 προϐάλλειν
2892 489 2952 544 το
3005 494 3217 565 Πνεῦμα
3272 493 3360 548 καὶ
3413 503 3532 552 τοῖς
3589 485 3850 548 εῦιτεϐεἶσινι⁹

472 571 740 653 profecto
784 587 897 630 nec
944 567 1152 647 Filius,
1185 577 1475 648 quatenus
1528 567 1712 630 Filius
1743 568 2115 648 praedicatur,

2205 572 2300 630 οὒκ
2343 573 2725 646 ὲπιδιστάζεται
2765 595 2778 608 '
2824 575 2944 634 οῧτε
3000 579 3029 634 ὁ
3089 579 3234 648 Υἱὸς,
3292 580 3419 636 καθὸ
3459 575 3789 654 θεολογετται
3819 576 3850 630 ὁ

467 678 576 741 per
606 657 866 738 Spiritus
895 655 1347 734 productionem
1401 655 1701 718 ﬁ‘iatiunis
1730 657 1973 737 gradum
2005 657 2115 719 sibi

2214 663 2358 736 Υἱὸς,
2389 661 2475 720 διὰ
2526 667 2624 730 τῆς
2668 665 2760 721 τοῦ
2821 665 3121 739 Πνεῦματος
3180 665 3447 744 προϐολῆς
3496 667 3560 722 τὸ
3613 668 3710 730 τῆς
3739 661 3850 719 uid-

466 747 805 812 immutabit
836 765 946 807 nec
976 745 1132 808 Patri
1187 746 1523 823 ademptam
1556 747 1628 808 ad
1655 766 1720 809 se
1755 747 1946 808 trahet
1975 749 2114 828 Spi-

2200 773 2360 817 τητος
2433 753 2812 827 καινοτομήσει
2870 752 3098 828 ἀξίωμα,
3170 753 3285 810 οὐδὲ
3341 762 3417 830 τῷ
3488 755 3650 832 Πατρὶ
3702 772 3848 826 περι-

467 839 620 900 ritus
668 835 1091 905 causationem,
1126 836 1627 916 quemadmodum
1662 855 1772 898 nec
1814 838 2112 898 causatio—

2198 839 2367 915 κόψας
2409 842 2481 904 εἰς
2505 841 2691 896 ἑαυτὸν
2722 843 3044 914 μεταστήσει
3117 843 3217 910 τὴν
3247 843 3425 900 αἵτίαν
3465 849 3558 900 τοῦ
3613 837 3844 920 προϐλή-

466 942 603 987 nem
639 924 1029 1004 pacatissima:
1060 923 1509 1004 purissimaeque
1540 943 1660 986 sua:
1689 925 2110 1003 generationis.

2198 950 2388 1007 ματος,
2429 927 2605 1008 ὥσπερ
2663 927 2776 986 οῦδὲ
2827 935 2923 996 τῆς
2977 931 3094 1010 περί
3170 933 3323 989 αὒτξιν
3379 931 3728 989 ἀστασιάστου
3785 950 3843 984 τε

468 1012 675 1095 Neque
724 1014 882 1075 cnim
917 1030 1160 1093 prorsus
1192 1013 1315 1074 haec
1345 1021 1476 1073 sunt
1509 1022 1754 1087 naturae,
1785 1015 2111 1076 secundum

2198 1019 2284 1073 καὶ
2339 1016 2610 1095 ὰῤῥεύστου
2662 1019 2982 1095 γεννήσεως.
3055 1019 3126 1076 Οὔ
3186 1021 3284 1099 γὰρ
3340 1020 3506 1091 εστιν,
3584 1021 3678 1077 οὒκ
3732 1016 3842 1073 ἔστι

470 1121 645 1183 quam
678 1103 1018 1163 communio
1055 1101 1430 1181 praadicatur,
1458 1101 1559 1161 sed
1593 1103 1968 1180 hypostaseos
1990 1120 2115 1183 pro-

2198 1112 2361 1162 ταῦτα
2403 1107 2630 1186 φύσεως,
2675 1107 2792 1163 καθ’
2859 1106 2921 1174 ἧν
2976 1110 3010 1176 ἡ
3067 1111 3312 1165 κοινωνία
3371 1109 3657 1180 δοξάζεται,
3723 1105 3841 1162 ἀλλ’

469 1189 776 1278 prielates,
805 1207 911 1270 per
935 1207 1084 1269 quas
1113 1190 1371 1251 divinam
1403 1190 1464 1250 in
1479 1190 1765 1252 Trinitate
1793 1191 2115 1253 distinctio-

2199 1194 2541 1259 ὑποστάσεως
2571 1193 2852 1276 ἱδιιιῦματσι⁹
2883 1194 2952 1252 δι’
3006 1199 3079 1254 ὧν
3136 1199 3234 1266 τὴν
3277 1200 3332 1254 ἐν
3387 1204 3455 1275 τῇ
3512 1195 3687 1278 Τριᾶδι
3716 1199 3836 1252 θεο-

468 1296 606 1341 nem
629 1277 1014 1341 conﬁtemur.

1051 1369 1367 1434 REFUTA
1389 1370 1542 1435 ΤΙΟ.

548 1463 732 1529 XXII.
776 1463 863 1527 Tu
897 1463 1138 1545 quidem
1173 1465 1389 1544 saepius
1421 1475 1479 1526 et
1510 1465 1568 1527 in
1603 1465 1804 1527 multis
1832 1465 2120 1528 orationis

469 1554 740 1637 partibus
768 1553 1010 1628 asseris,
1045 1571 1163 1614 non
1217 1552 1444 1614 ratione
1489 1563 1734 1629 naturae,
1772 1556 1872 1616 scd
1893 1555 2120 1617 ratione

473 1661 745 1724 persona
779 1641 1006 1704 Patrem
1033 1659 1269 1702 causam
1299 1660 1430 1704 esse
1461 1661 1666 1704 eorum
1707 1662 1839 1724 quae
1861 1664 1929 1704 ex
1962 1645 2113 1725 ipso,

2199 1279 2461 1361 λογοῦμεν
2503 1280 2780 1363 διάκρισιν.

2819 1380 3240 1437 ΑΝἸΊΡΡΗΣῙΣ.

2283 1450 2412 1519 ΚΒ’.
2466 1460 2539 1516 Σὺ
2595 1460 2694 1535 μὲν
2737 1459 2992 1524 πολλάκις
3044 1464 3133 1519 καὶ
3183 1463 3238 1520 ὲν
3280 1460 3511 1525 πολλαῖς
3562 1467 3654 1518 τοῦ
3681 1458 3839 1538 λόγου

2201 1562 2518 1628 περικοπαῒς
2550 1547 2704 1629 ἔφης,
2765 1549 2842 1624 μὴ
2911 1559 2989 1624 τῷ
3029 1548 3176 1628 λόγῳ
3227 1556 3327 1619 τῆς
3385 1552 3606 1630 φύσεως,
3669 1555 3746 1624 τῷ
3784 1547 3839 1604 δέ

2201 1636 2345 1716 λόγῳ
2387 1643 2483 1701 τῆς
2531 1639 2866 1703 ὑποστάσεως
2927 1642 3018 1696 τὸν
3061 1640 3264 1719 Πατέρα
3322 1639 3496 1697 αἴτιον
3538 1639 3680 1695 εἶναι
3734 1642 3840 1694 τῶν

472 1741 531 1795 et
558 1731 837 1793 caecitatis
883 1730 1081 1810 arguis
1136 1728 1342 1791 Ita'um
1392 1739 1593 1811 utpote
1625 1751 1740 1792 non
1785 1732 1948 1794 illico
2008 1735 2115 1794 hoc

2201 1725 2252 1792 ἐξ
2335 1729 2512 1801 αὐτοῦ,
2574 1729 2661 1783 καὶ
2729 1728 3021 1805 πηρώσεως
3097 1730 3273 1808 γράφῃ
3325 1729 3414 1784 τὸν
3483 1725 3707 1818 Ἰταλὸν,
3765 1727 3839 1818 ὡς

472 1820 1137 1900 perspicientem,eique
1161 1818 1522 1898 impietatem
1549 1827 1608 1881 et
1636 1821 2114 1900 superstitionem

2199 1815 2342 1896 τάχα
2397 1822 2550 1881 τοῦτο
2607 1816 2684 1890 μὴ
2727 1823 3043 1897 συνορῶντα,
3115 1820 3202 1874 καὶ
3258 1815 3499 1873 ἀσέϐειαν
3557 1815 3712 1871 αὖτοῦ
3751 1815 3842 1871 καὶ

469 1899 678 1972 fraude
710 1908 1171 1970 circumventam
1205 1907 1416 1986 objicis
1439 1908 1670 1990 aliaque
1692 1899 1748 1969 id
1773 1927 2115 1990 genus,quaa

2199 1901 2617 1979 πεπλανημένην
2672 1901 3075 1980 δεισιδαιμονίαν
3144 1917 3487 1982 κατηγορεῖς,
3547 1904 3634 1959 καὶ
3704 1899 3839 1957 ἄλλα

470 1995 796 2076 proferenti
824 2005 1104 2057 aeternam
1137 1995 1574 2060 damnationem
1628 1999 1963 2077 acquirunt.
1997 1989 2115 2077 Ego

2199 1992 2338 2073 τινα,
2371 1991 2503 2071 ἅπερ
2546 1994 2670 2050 εἰσὶν
2739 1995 2948 2053 αἰωνίου
3003 2015 3080 2066 τῳ
3133 1991 3339 2071 λεγοντι
3396 1993 3642 2071 κρίματος
3699 1989 3838 2067 πρό-

469 2102 608 2145 vero
639 2084 894 2145 maxime
925 2101 1032 2165 pro
1066 2092 1122 2144 te
1155 2085 1355 2161 timeo,
1391 2102 1465 2146 ne
1513 2084 1652 2146 dum
1687 2085 1910 2166 impetu
1936 2105 2113 2167 quam

2200 2079 2339 2146 ξενα.
2374 2079 2518 2160 ἐγὼ
2544 2079 2599 2138 δὲ
2645 2081 2876 2157 μάλιστα
2933 2079 3072 2139 δέδια
3136 2084 3254 2162 περὶ
3308 2084 3412 2154 σοὶ,
3472 2082 3679 2154 μήποτε
3747 2085 3838 2134 τὸν

467 2173 891 2235 veltentissimo
917 2190 1022 2252 pro
1053 2171 1274 2252 pietate
1304 2182 1664 2252 pugnaturus
1692 2175 1955 2255 prodis,a
1977 2193 2115 2237 rec-

468 2268 528 2322 ι)
577 2261 813 2324 tramite
868 2260 1092 2321 inscius
1138 2261 1382 2323 omnino
1415 2261 1908 2324 deﬂectaszmulta
1954 2264 2112 2325 enim

469 2349 614 2411 mihi
651 2350 929 2412 videntur
959 2349 1252 2410 inventam
1280 2368 1315 2410 a
1363 2361 1418 2410 te
1452 2350 1914 2431 propositionem
1949 2354 2114 2434 sequi

469 2439 746 2500 absurda.
799 2441 886 2500 Ac
945 2438 1136 2518 primo
1184 2438 1426 2518 quidem
1485 2439 1682 2520 quiaa
1715 2449 1771 2500 te
1824 2439 1951 2518 ipso
1982 2459 2112 2502 eam

471 2526 804 2587 continxisti
831 2533 892 2587 ut
920 2526 1215 2606 quoddam
1242 2526 1532 2606 dogmatis
1563 2527 1918 2609 principium
1939 2546 1953 2591 :
1973 2529 2113 2609 quid

472 2614 630 2677 enim
662 2616 999 2695 ejus.quam
1026 2615 1181 2694 quod
1201 2615 1352 2676 dicis
1375 2625 1430 2677 et
1449 2635 1552 2696 pro
1583 2617 1861 2686 dogmate
1882 2619 2111 2690 statuis,

470 2703 628 2785 quod
692 2719 866 2766 nemo
920 2721 1176 2783 unquam
1233 2707 1433 2765 statuit
1467 2705 1854 2766 sanctorum?
1889 2707 2115 2769 Deinde

467 2808 608 2854 vero
638 2792 779 2871 quia
809 2791 825 2852 i
855 2793 908 2851 la
935 2793 1110 2853 etiam
1149 2791 1384 2853 Patrum
1437 2793 1719 2854 dnctrinis
1748 2795 2110 2858 adversatur.

409 2877 413 2881 ’
470 2881 619 2943 Nam
651 2881 832 2941 dicito
869 2881 1008 2941 mihi
1046 2903 1059 2939 :
1093 2881 1167 2941 sit
1219 2882 1349 2961 quis
1406 2882 1562 2944 dicat
1618 2884 1848 2945 ratione
1889 2894 2112 2946 natura}

2197 2169 2328 2248 ὑπὲρ
2396 2175 2495 2237 τῆς
2553 2170 2822 2236 εὖσεεείας
2885 2169 3068 2248 ἇγῶνα
3134 2170 3486 2250 ἆκατασχέτῳ
3539 2169 3675 2247 ῥύμῃ
3717 2189 3838 2224 ποια

2197 2259 2414 2332 ούμενος
2470 2257 2632 2335 λάθῃς
2689 2259 2844 2322 αὗτὸς
2911 2267 3004 2316 τοὺ
3059 2259 3226 2325 εὐθέος
3278 2259 3612 2338 παρασυρείς.
3689 2254 3834 2312 Πολ-

2197 2346 2283 2405 λαὶ
2312 2349 2412 2429 γάρ
2469 2372 2560 2424 μοι
2618 2347 2829 2406 δοκοῦσι
2992 2348 3323 2430 ἔφευρημέντ,
3350 2370 3433 2405 σοι
3488 2350 3654 2423 ταύτῃ
3709 2369 3835 2425 προ-

2199 2442 2346 2493 τάσει
2410 2438 2477 2493 τα
2533 2434 2702 2494 ἄτοπα
2759 2437 2972 2495 ἕπεσθαι
3008 2458 3024 2474 ⁶
3081 2447 3294 2518 πρώτον
3350 2437 3448 2513 μὲν
3491 2437 3571 2493 ὅτι
3628 2433 3836 2494 οἴκοθεν

2200 2526 2395 2593 ταύτην
2443 2524 2660 2582 ἒπλάσω
2728 2526 2800 2592 ὥς
2858 2549 2975 2583 τινα
3033 2527 3209 2606 ἀρχὴν
3279 2525 3541 2604 δόγματος
3577 2542 3588 2555 ⁸
3647 2525 3732 2581 καὶ
3790 2527 3841 2580 τί

2197 2615 2296 2692 γὰρ
2325 2615 2507 2672 κάκιον
2537 2621 2627 2671 τοῦ
2695 2613 2868 2693 λέγειν
2927 2617 3013 2671 καὶ
3056 2613 3381 2694 δογματίζειν
3431 2635 3511 2686 σε,
3573 2612 3703 2691 ὅπερ
3732 2613 3838 2668 τῶν

2197 2703 2359 2780 ἁγίων
2409 2700 2571 2768 οὗδεὶς
2628 2724 2758 2759 ποτε
2813 2700 3233 2781 δεδογμῶικεν;
3281 2702 3463 2758 ἔπειτα
3504 2700 3582 2780 δὲ,
3627 2701 3706 2756 ὅτι
3749 2702 3838 2756 καὶ

2196 2805 2317 2856 τα⁴ς
2361 2797 2466 2847 τῶν
2499 2790 2742 2870 Πατέρων
2803 2791 2933 2858 αὕτη
2989 2790 3270 2848 ἀντιϐαίνει
3326 2789 3618 2868 θεολογίαις
3662 2807 3675 2819 ’
3725 2789 3837 2845 εἰπὲ

2195 2880 2293 2958 γὰρ
2335 2903 2450 2955 μοι,
2495 2881 2538 2935 εἰ
2565 2885 2642 2952 τῷ
2683 2879 2826 2958 λόγῳ
2873 2881 2972 2946 τῆς
3030 2880 3231 2959 φύσεως
3274 2877 3386 2956 έρεϊ
3427 2899 3505 2940 τις
3561 2879 3652 2933 τὸν
3719 2881 3835 2932 Πα-

470 2967 705 3030 Patrem
767 2970 1096 3049 producere
1152 2970 1456 3050 Spiritum.
1496 2991 1632 3032 num
1670 2973 1765 3033 hic
1800 2985 2112 3054 propterea

2198 2969 2316 3047 τέρα
2361 2971 2421 3024 τὸ
2495 2975 2702 3043 Πνεῦμα
2758 2966 3164 3047 προϐάλλεσθαι,
3214 2968 3311 3045 ἆρά
3367 2988 3427 3044 γε
3484 2964 3568 3022 δια
3621 2968 3682 3022 τί)
3738 2970 3836 3030 τῆς

471 3057 910 3138 quia'ejusdem
958 3069 1184 3120 natura:
1215 3068 1304 3119 est
1331 3057 1613 3135 Trinitas,
1658 3081 1775 3122 nou
1829 3064 2016 3124 solum
2051 3064 2109 3125 in

468 3145 1196 3228 productorcmSpiritusl“
1201 3147 1363 3209 ilium
1379 3149 1930 3229 transferre,verom
1942 3154 2115 3213 etiam

467 3234 662 3315 ipsum
697 3233 979 3315 Spiritum
1025 3238 1084 3297 in
1133 3235 1262 3298 Filii
1311 3242 1759 3315 generationem
1791 3249 1848 3300 et
1880 3240 1939 3300 in
1975 3260 2116 3321 pro-

469 3339 541 3402 pr
564 3340 657 3381 am
687 3323 1137 3402 productionem
1161 3324 1425 3384 dividere
1446 3344 1513 3386 ac
1542 3326 1819 3387 scindere
1840 3329 2118 3390 censebi-

471 3411 594 3470 tur'.’
618 3411 832 3470 Verum
867 3409 1068 3473 Patres
1098 3415 1278 3473 nostri
1313 3431 1381 3474 ex
1418 3415 1674 3475 essentia
1715 3416 1902 3477 Patris
1931 3435 2118 3494 gene-

469 3497 588 3559 rari
610 3495 824 3559 Filium
849 3499 1149 3561 tradentes
1175 3501 1334 3561 nullo
1358 3502 1600 3562 omnino
1627 3503 1838 3564 timore
1859 3521 2121 3564 commo-

467 3584 774 3650 vehantur,
805 3603 880 3647 ne.
903 3589 1056 3666 quis.
1095 3598 1371 3666 proptera
1415 3591 1570 3670 quod
1621 3601 1823 3652 sancta
1861 3589 2120 3653 Trinitas

469 3673 737 3753 ejusdem
758 3682 845 3735 est
862 3676 1531 3751 naturae,arbitraretur,
1547 3679 1722 3740 etiam
1747 3678 1876 3740 Fdit
1910 3699 2118 3740 essen-

467 3762 608 3823 tiam
639 3773 1026 3841 generantem
1062 3781 1193 3824 esse
1248 3766 1319 3826 ad
1383 3768 1565 3828 instar
1593 3770 1869 3830 essentia:
1901 3768 2112 3830 Patris.

470 3847 779 3922 Quomodo
836 3851 1018 3920 igitur
1065 3871 1181 3912 non
1213 3871 1278 3916 es
1308 3855 1552 3936 veritus,
1609 3875 1745 3918 cum
1798 3860 1998 3920 Patres
2048 3875 2118 3918 ex

470 3938 726 4002 essentia
754 3941 944 4002 Patris
968 3941 1295 4021 praedicent
1328 3945 1538 4007 Filium
1572 3956 1630 4008 et
1666 3948 1852 4008 Patris
1916 3964 2120 4008 essen-

2159 3053 2362 3125 ίαὺτῆς
2433 3058 2636 3137 φύσεως
2695 3057 2836 3114 εἶναι
2893 3078 2993 3123 την
3051 3053 3241 3136 Τριάδα
3298 3057 3601 3133 κριθήσεται
3686 3056 3836 3115 οὗτος

2203 3148 2279 3222 μὴ
2311 3147 2469 3220 μόνον
2527 3147 2598 3208 εἰς
2641 3142 2902 3223 προϐολέα
2943 3145 3036 3202 τοῦ
3077 3145 3379 3218 Πνεύματος
3421 3146 3512 3199 τὸν
3569 3144 3686 3198 Υἱὸν
3733 3163 3834 3216 με·

2201 3232 2504 3307 ταϐαλλειν,
2536 3232 2670 3290 ἀλλὰ
2699 3235 2786 3290 καὶ
2816 3235 2940 3290 αὑτὸ
2998 3235 3059 3289 τὸ
3090 3240 3295 3307 Πνεῦμα
3327 3235 3398 3296 εἰς
3455 3233 3554 3299 τὴν
3598 3237 3687 3286 τοῦ
3717 3234 3839 3287 Υἱοῦ

2203 3321 2445 3400 γέννησιν
2504 3323 2590 3378 καὶ
2645 3322 2744 3389 τὴν
2797 3319 2924 3378 ἰδίαν
2983 3319 3248 3399 προϐολὴν
3331 3319 3693 3398 καταμερίζειν
3750 3321 3841 3375 καὶ

2201 3410 2408 3486 τέμνειν
2439 3429 2456 3484 ;
2491 3408 2608 3465 ἀλλ’
2654 3411 2700 3466 οἱ
2758 3410 2983 3488 Πατέρες
3039 3411 3192 3484 ἡμῶν
3247 3412 3307 3464 ὲκ
3362 3413 3460 3476 τῆς
3520 3409 3694 3469 οὖσίας
3749 3417 3839 3466 τοῦ

2203 3500 2404 3577 Πατρὸς
2478 3501 2750 3576 γεννᾶσθαι
2804 3497 3215 3574 θεολογγζσαντες
3270 3498 3360 3553 τᾶν
3406 3500 3548 3568 Υἱὸν,
3592 3493 3836 3569 οὐδεμίαν

2202 3587 2364 3666 ἔσχον
2395 3585 2606 3661 δεὶλίαν,
2641 3590 2849 3662 μήποτε
2891 3585 2975 3642 διὰ
3015 3589 3075 3643 τὸ
3132 3591 3229 3653 τῆς
3278 3587 3439 3653 αὐτῆς
3495 3586 3696 3665 φύσεως
3741 3586 3840 3650 τὴν

2201 3677 2353 3754 ἁγίαν
2411 3676 2551 3732 εἶναι
2609 3674 2797 3755 Τρίάδα
2881 3675 3118 3742 οἱήσαιτό
3172 3697 3254 3740 τις
3311 3678 3396 3730 καὶ
3446 3675 3544 3741 τὴν
3587 3673 3677 3730 τοῦ
3720 3675 3841 3730 rio-3

2201 3765 2374 3820 οὐσίαν
2417 3766 2732 3842 γεννητικὴν
2788 3764 2930 3820 εἶναι
2971 3765 3104 3820 κατὰ
3147 3763 3244 3830 τὴν
3287 3769 3377 3818 τοῦ
3425 3763 3627 3841 Πατρός
3663 3784 3677 3798 ·
3724 3768 3840 3824 πῶς

2201 3859 2324 3929 γοῦν
2353 3852 2411 3908 οὗ
2467 3849 2635 3916 δέδιας
2693 3851 2752 3908 ἐκ
2806 3857 2904 3919 τῆς
2957 3854 3132 3915 οὖσίας
3188 3859 3280 3908 τοῦ
3337 3853 3539 3929 Πατρὸς
3573 3853 3661 3907 τὸν
3720 3853 3841 3906 Υἱὸν

2200 3948 2304 3998 τῶι
2381 3941 2624 4020 Πατέρων
2681 3939 3066 4018 θεολογοῦντων
3105 3943 3194 3997 καὶ
3235 3944 3333 4001 τὴν
3365 3941 3540 3998 οὖσίαν
3584 3949 3672 3998 τοῦ
3722 3945 3838 3995 Παο

469 4026 610 4089 tiam
641 4027 841 4090 dicant
871 4047 1004 4093 esse
1030 4041 1445 4110 gener-autem,
1480 4035 1609 4113 ipse
1661 4038 1850 4098 Patris
1880 4054 2115 4096 causam

2199 4032 2320 4110 τρὸς
2349 4031 2668 4108 γεννητικὴν
2698 4030 2838 4086 εἶναι
2882 4029 3167 4108 λεγόντων,
3201 4029 3368 4093 οὕτως
3396 4030 3457 4085 τὸ
3517 4038 3608 4087 τοῦ
3637 4029 3839 4106 Πατρὸς

467 4115 529 4178 in
561 4115 851 4179 rationem
883 4128 1106 4180 naturae
1134 4128 1193 4182 et
1221 4120 1508 4184 rationem
1535 4123 1862 4204 hypostasis
1886 4123 2115 4186 divide-

2202 4121 2374 4179 αἴτιον
2419 4123 2492 4185 εἷς
2534 4120 2693 4199 λόγον
2735 4122 2936 4196 φύσεως
2980 4121 3071 4178 καί
3117 4119 3275 4200 λόγον
3303 4121 3638 4184 ὑποστάσεως
3695 4117 3840 4175 διαι-

464 4221 534 4267 re
563 4216 740 4285 atque
765 4224 983 4286 negare
999 4208 1502 4290 quidem,Patrem
1521 4231 1651 4272 esse
1681 4230 1918 4274 causam
1943 4213 2115 4274 ratio-

2204 4225 2337 4290 ρεῖν,
2385 4212 2473 4266 καὶ
2501 4210 2849 4289 ἀπαρνεῖσθαι
2911 4209 3005 4285 μέν
3062 4209 3235 4266 αἴτιον
3293 4210 3433 4266 εἶναι
3487 4211 3577 4264 τὸν
3634 4209 3840 4286 Πατέρα

467 4312 545 4356 ne
569 4276 1095 4371 na'turaa;a'ssere're
1120 4276 1262 4360 vero
1283 4316 1351 4360 ac
1373 4299 1589 4362 docere
1610 4301 1734 4362 sola
1755 4301 1982 4362 ratione
2010 4302 2115 4381 hy-

2202 4276 2279 4370 τῷ
2319 4276 2466 4376 λόγῳ
2493 4303 2591 4366 τῆς
2615 4276 2868 4378 ὀρῦσεως,
2911 4276 3256 4378 ’δογματίζειν
3312 4295 3366 4353 δὲ
3419 4299 3564 4370 μόνῳ
3592 4297 3668 4369 τῷ
3696 4276 3842 4373 λόγῳ

469 4383 720 4464 postasis
749 4403 987 4447 causam
1019 4404 1175 4462 esse,
1221 4389 1388 4468 quasi
1435 4407 1572 4450 vero
1605 4391 1879 4452 essentia:
1910 4408 2115 4471 expers

2202 4388 2302 4456 τῆς
2344 4387 2685 4450 ὑποστείσεως
2741 4388 2917 4446 αἴτιον
2951 4389 3119 4466 εἶναι,
3168 4387 3347 4466 ὥσπερ
3401 4385 3463 4441 ἂν
3497 4386 3558 4454 ἢν
3601 4386 3840 4442 ἀνούσιον

470 4472 662 4559 Patris
692 4474 1026 4554 hypostasis
1057 4475 1364 4538 emitteret
1409 4495 1480 4540 ea
1526 4496 1657 4559 quae
1686 4489 1824 4540 sunt
1851 4497 1922 4540 ex
1956 4476 2115 4559 ipsa!

2202 4478 2301 4544 τὴν
2371 4485 2464 4535 τοῦ
2520 4478 2722 4556 Πᾶτρὸς
2763 4477 3048 4534 ὑπόστασιν
3097 4477 3340 4556 προϊέναι
3397 4477 3462 4532 τὰ
3519 4475 3570 4540 ἐξ
3626 4474 3788 4542 αὐτῆς
3824 4490 3836 4503 ⁸

468 4557 674 4642 Neque
703 4573 912 4624 natura
965 4562 1176 4644 Patris,
1211 4581 1249 4626 ο
1298 4566 1499 4642 homo,
1546 4557 1783 4649 absque
1826 4557 2115 4648 hypostasi

2204 4564 2434 4644 ἄνθρωπε
2470 4565 2577 4623 ονζθ⁹
2619 4567 2655 4633 ἡ
2700 4566 2848 4646 φύσις
2903 4573 2996 4622 τοῦ
3049 4567 3246 4645 Πατρὸς
3291 4564 3645 4628 ἀνυπόστατός
3676 4562 3839 4642 ἐστιν,

471 4659 582 4722 est,
615 4652 850 4732 quando
899 4653 1030 4734 quis
1091 4654 1376 4734 praedicet
1423 4673 1492 4717 ex
1534 4656 1791 4719 essentia
1822 4668 1878 4718 et
1910 4666 2119 4716 natura

468 4738 657 4802 Patris
715 4737 925 4802 Filium
983 4751 1160 4822 atque
1215 4741 1526 4822 Spiritum;
1561 4763 1756 4823 neque
1789 4744 2118 4824 hypostasis

466 4828 691 4910 absque
720 4829 999 4904 essentia,
1035 4832 1274 4910 quando
1307 4833 1442 4912 quis
1488 4851 1556 4894 ex
1601 4834 1901 4914 ltypostasi
1933 4831 2118 4893 Patris

467 4916 746 4998 progredi
777 4918 937 4980 dicat
963 4936 1096 4998 quae
1122 4929 1263 4983 sunt
1293 4940 1361 4982 ex
1393 4920 1542 5001 ipsa.
1578 4921 1666 4984 Tu
1693 4930 1892 4982 autem
1927 4921 2114 5001 proti-

467 5025 603 5080 nus,
635 5007 686 5068 si
715 5006 884 5068 audis
917 5006 1130 5070 Filium
1160 5027 1231 5071 ex
1263 5009 1434 5072 Patre
1467 5010 1650 5072 Deum
1683 5029 1752 5072 ex
1806 5012 1926 5073 Deo
1958 5026 2113 5082 esse,

469 5113 588 5157 non
619 5113 692 5157 ex
722 5096 980 5158 essentia
1008 5115 1078 5158 ac
1107 5097 1330 5160 deitate
1391 5097 1581 5160 Patris
1631 5098 1764 5161 Filii
1798 5097 2116 5160 essentiam

469 5184 874 5266 deitatemque
903 5185 1178 5267 dices,ue
1205 5197 1518 5268 propterea
1540 5189 1692 5269 quod
1727 5186 1993 5268 ejusdem
2020 5201 2118 5248 na-

469 5280 616 5335 tura:
645 5282 738 5336 est
755 5283 960 5337 sancta
986 5275 1245 5338 Trinitas
1272 5276 1556 5356 praedicta
1590 5296 1623 5338 a
1655 5287 1710 5338 te
1739 5292 2116 5354 consequan-

469 5372 570 5424 tur
601 5362 1116 5427 absurdaEtenim
1136 5383 1270 5426 cum
1292 5366 1478 5428 Filius
1501 5368 1600 5448 qui
1626 5365 2011 5447 principiatus
2028 5369 2120 5424 est

470 5467 539 5512 ex
572 5450 867 5532 principio
902 5453 1076 5515 Patre
1101 5454 1261 5517 Deus
1292 5472 1362 5517 ex
1391 5454 1514 5518 Deo
1547 5455 1702 5530 sit,si
1729 5453 1959 5516 ratione
1983 5469 2116 5533 per-

471 5556 632 5601 sonae
661 5537 1023 5620 principium
1070 5558 1173 5604 seu
1224 5559 1398 5604 causa
1453 5551 1541 5604 est
1598 5546 1789 5618 Pater,
1823 5540 1991 5623 quasi
2041 5537 2114 5600 ab

2204 4651 2329 4709 ὅταν
2359 4674 2440 4715 τις
2464 4653 2524 4709 ἐκ
2552 4658 2650 4720 τῆς
2709 4654 2885 4720 οὗοίας
2936 4657 3024 4711 καὶ
3080 4656 3282 4735 φύσεως
3340 4661 3432 4711 τοῦ
3486 4655 3684 4731 Πατρὸς
3753 4674 3842 4708 τον

2201 4743 2320 4797 Υἱὸν
2350 4743 2439 4797 καὶ
2479 4743 2541 4799 τὸ
2575 4748 2784 4817 Πνεῦμα
2825 4742 3070 4821 θεολογῆ,
3132 4741 3237 4800 οὗθ’
3269 4746 3301 4810 ἡ
3358 4744 3641 4808 ὑπόστασις
3696 4743 3841 4798 ἀνού-

2199 4851 2341 4905 σιος,
2374 4829 2497 4886 ὅταν
2525 4851 2605 4894 τις
2659 4832 2719 4886 ὲκ
2761 4836 2858 4898 τῆς
2916 4833 3256 4893 ὑποστάσεως
3287 4839 3376 4888 τοῦ
3406 4833 3606 4906 Πατρὸς
3649 4831 3842 4909 προέρ-

2199 4921 2385 4997 χεσθαι
2429 4916 2561 4996 λέγῃ
2589 4921 2655 4974 τα
2694 4918 2748 4984 EE
2790 4923 2950 4987 αὒτῆς
2986 4939 2999 4951 ·
3060 4922 3122 4976 σὺ
3178 4919 3232 4976 δὲ
3290 4921 3433 5001 τάχα
3491 4921 3694 4975 καὶτὸν
3729 4921 3845 4974 Υἱὸν

2198 5007 2259 5062 ἐκ
2315 5011 2518 5086 Πατρος
2566 5009 2695 5063 Θεὸν
2751 5011 2813 5064 εκ
2857 5015 2988 5065 Θεοῦ
3043 5011 3185 5065 εἶναι
3227 5010 3432 5066 ἀκούων
3474 5009 3568 5066 οὒκ
3621 5009 3679 5064 ἐκ
3747 5009 3845 5073 τῆς

2199 5095 2373 5158 οὖσίας
2405 5098 2490 5152 καὶ
2537 5097 2787 5163 θεότητος
2838 5104 2932 5154 τοῦ
2962 5099 3165 5176 Πατρὸς
3223 5099 3321 5166 τὴν
3377 5107 3468 5157 τοῦ
3511 5101 3628 5155 ι’ἱοῦ
3671 5098 3844 5154 οὖσίαν

2200 5183 2339 5262 ἐρεῖς
2381 5185 2469 5240 καὶ
2508 5183 2757 5264 θεότητα,
2817 5185 2908 5242 ῗινα
2954 5187 3031 5262 μὴ
3061 5185 3144 5242 διὰ
3185 5189 3244 5243 τὸ
3303 5193 3402 5254 τῆς
3447 5189 3606 5255 αὐτῆς
3638 5186 3842 5266 φύσεως

2197 5273 2296 5341 τὴν
2349 5273 2503 5350 ἅγίαν
2558 5274 2700 5330 εἶναι
2753 5272 2968 5353 Τριαδα,
3028 5277 3094 5331 τὰ
3165 5275 3518 5354 προῤῥηθέντα
3576 5297 3656 5332 σοι
3709 5276 3842 5331 ἁκο-

2198 5360 2501 5431 λουθήσειεν
2529 5361 2700 5420 ἄτοπα
2733 5377 2747 5391 '
2797 5362 2982 5431 ἐπειδὴ
3039 5365 3138 5443 γὰρ
3195 5367 3222 5421 ὂ
3285 5368 3402 5429 Υἱὸς
3462 5366 3693 5427 αἰτιατὸς
3770 5363 3844 5420 ὢν

2199 5450 2250 5517 ἐξ
2279 5450 2446 5510 αἰτίου
2475 5453 2676 5521 Πιτρὸς
2709 5454 2835 5514 Θεός
2883 5453 3024 5508 ἐστιν
3082 5453 3142 5509 ἐκ
3174 5461 3325 5526 Θεοῦ,
3360 5456 3404 5511 εἰ
3432 5461 3510 5528 τῷ
3564 5452 3711 5531 λόγῳ
3745 5457 3842 5518 τῆς

2196 5538 2534 5601 ’δποστὶσεως
2591 5537 2764 5601 αἴτιός
2848 5540 2986 5594 ἐστιν
3061 5543 3086 5595 ὁ
3176 5545 3376 5620 Πατὴρ,
3448 5543 3626 5608 ὥσπερ
3689 5539 3749 5595 ἂν
3808 5542 3848 5594 εἳ
