4240 6300
579 368 699 447 815

577 588 695 652 nis:
728 602 788 656 et
816 594 1077 655 rationes
1110 596 1479 675 perquirant,
1510 596 1726 677 quibus
1754 613 1878 669 eos,
1913 616 2060 677 quos
2092 606 2224 656 tan-

580 698 757 760 quam
819 684 1023 744 Patres
1065 684 1393 760 celebrant,
1437 686 1798 748 contumelia
1837 686 2118 749 afﬁciant.
2151 689 2227 747 At

578 769 834 850 simplex
859 771 955 832 hic
986 792 1220 853 quoque
1252 783 1344 836 est
1388 775 1647 837 veritatis
1677 794 1897 849 seimo,
1932 775 2094 855 ipsos
2134 774 2226 836 his

574 857 702 920 fere
733 859 931 920 verbis
970 862 1346 926 confundens
1379 886 1393 925 :
1426 862 1663 937 Videte,
1698 884 1774 946 qu
1804 865 2224 945 ruitis,quous-

576 965 694 1028 que
723 956 975 1010 vestram
1008 950 1338 1031 perniciem
1360 953 1421 1016 in
1443 953 1728 1018 interiora
1784 953 1999 1016 animae
2032 971 2216 1035 pene-

576 1035 747 1098 tralia
773 1039 1142 1116 protruditis.

655 1125 754 1187 67.
788 1125 1039 1198 Quinam
1079 1137 1238 1212 sunt,
1284 1131 1386 1212 qui
1416 1150 1619 1195 sacros
1650 1132 1785 1195 illos
1814 1132 1972 1193 viros
2012 1148 2219 1193 revera

572 1211 808 1277 Patrum
834 1216 965 1278 loco
997 1211 1239 1289 habent,
1272 1211 1421 1300 quos
1450 1222 1602 1283 male
1632 1220 2219 1283 faustusdet‘ectionis

574 1321 747 1366 amor
772 1322 877 1366 vos
911 1306 1092 1367 veluti
1137 1308 1461 1385 impietatis
1520 1321 1791 1390 pectores
1837 1310 1897 1373 in
1954 1309 2217 1370 medium

578 1391 854 1472 proferre
910 1396 1102 1473 coegit
1126 1394 1152 1458 ἵ
1176 1395 1428 1469 Quinam
1461 1398 1798 1477 religiosius
1828 1397 1947 1459 illis
1978 1400 2218 1461 Patrum

569 1480 712 1562 jura
737 1482 1023 1544 servant?
1045 1490 1136 1548 An
1162 1488 1265 1566 qui
1316 1498 1531 1567 negant
1560 1488 1694 1548 illos
1724 1488 2019 1550 ullatenus
2048 1506 2218 1549 com-

585 1571 750 1657 muni
784 1571 1018 1634 Domini
1043 1576 1478 1653 conlradicere,
1511 1596 1583 1639 an
1617 1576 1717 1657 qui
1747 1578 1854 1638 hos
1880 1576 2123 1655 adigunt
2145 1575 2219 1636 ad

1664 375 1936 439 .IOANN.
1961 371 2186 439 VECCI
2212 369 2330 434 GP.
2358 374 2880 440 PATRIARCHE

576 508 742 579 tam;
773 501 876 564 sed
906 503 1128 586 aliquid
1162 505 1358 569 studio
1412 525 1519 569 suo
1576 506 1788 570 deesse
1835 505 2550 585 arbitrantur,A&cé3mv
2590 506 2812 577 διαϐολὴ
2863 529 2877 545 ο

3835 376 3952 440 816

2933 508 3053 568 ἀλλ’
3102 509 3290 577 ἀτελὲς
3360 514 3533 569 αὐτῶν
3585 514 3841 590 ἡγοῦνται
3896 512 3957 566 τὸ

2310 596 2643 678 σπούδασμα,
2706 600 2750 654 εἰ
2805 599 2883 671 μὴ
2940 603 3027 657 καὶ
3077 601 3166 663 οὖς
3222 600 3455 680 Πατέρας
3508 602 3724 677 ὑμνοὺσι
3781 600 3953 670 ζητή-

2308 707 2457 746 σουσι
2488 685 2555 743 δι’
2612 689 2688 742 ῶν
2744 684 3109 766 ἐξυϐρίζουσιν,
3182 686 3412 752 ’Δπλοῦς
3455 686 3512 744 δὲ
3567 689 3666 757 τῆς
3710 688 3955 752 ἀληθείας

2308 775 2337 830 ὁ
2366 777 2739 855 καταισχύνων
2797 777 2985 840 αὐτοὺς
3054 777 3316 833 κάνταῦθα
3379 776 3566 856 λόγος,
3599 778 3812 851 Σύνετε,
3857 776 3952 833 λέ-

2306 883 2413 943 γει,
2474 864 2595 921 ὅποι
2639 864 2877 945 φέρεσθε,
2923 865 3087 945 μέχρι
3137 866 3277 931 τίνος
3320 867 3469 940 ὑμῶν
3494 867 3587 924 τόν
3615 865 3828 945 ὄλεθρον
3880 866 3953 928 είς

2306 954 2438 1011 αὐτὰ
2468 953 2533 1009 τὰ
2574 957 2672 1021 τῆς
2704 958 2887 1035 ψυχῆς
2918 951 3233 1030 ἐμϐαθύνετε
3262 956 3462 1034 καίρια.

2380 1127 2479 1202 EC’.
2539 1134 2686 1193 Τίνες
2729 1131 2966 1207 Πατέρας
3040 1131 3161 1197 τοὺς
3216 1133 3386 1211 ἱεροὺς
3442 1129 3631 1212 ἄνδρας
3678 1135 3753 1196 ὡς
3814 1130 3952 1199 ἀλη-

2298 1216 2402 1284 θῶς
2459 1218 2776 1294 νομίζουσιν,
2833 1219 2982 1283 οἴους
3011 1219 3103 1300 (1)
3143 1221 3438 1298 ἠνάγκασεν
3486 1221 3629 1295 ἡμᾶς
3659 1222 3687 1277 ὃ
3730 1219 3952 1296 δύσερως

2298 1310 2400 1373 τῆς
2481 1307 2804 1372 ἀποστασίας
2901 1305 3031 1386 ἔρως
3149 1307 3539 1386 ὓπερασπιστὰς
3639 1307 3953 1385 προκομίζει,

2300 1396 2396 1452 τοῦ
2449 1392 2896 1476 δυσσεϐήματοςς
2947 1396 3094 1461 Τίνες
3152 1399 3337 1459 αὖτοτς
3400 1394 3605 1471 μᾶλλον
3659 1396 3722 1452 τὸ
3770 1416 3951 1474 πατρι-

2300 1484 2395 1544 κὸν
2453 1480 2759 1555 διασώζουσι
2828 1483 3072 1564 domum;
3130 1486 3192 1544 Οἱ
3248 1484 3414 1561 μηδὲν
3456 1484 3644 1548 αὖτοὺς
3673 1482 3947 1564 amem-:1-

2302 1574 2485 1649 γεσθαι
2540 1579 2619 1646 τῷ
2655 1579 2819 1648 κοινῷ
2887 1573 3131 1652 Δεσπότῃ
3200 1571 3446 1648 mea)»;
3500 1570 3945 1653 παραδεχόμενοι,

578 1656 985 1747 testiinonium
1023 1661 1148 1723 voci
1184 1661 1514 1727 Dominicaa
1546 1656 1879 1747 oppositum
1924 1665 2213 1727 exhiben-

2303 1659 2339 1727 ἢ
2396 1663 2442 1717 οἱ
2497 1661 2710 1725 τούτους
2768 1662 3068 1737 βιαζόμενοι
3129 1663 3263 1740 πρὸς
3316 1661 3598 1718 ἀντίπαλον
3627 1665 3948 1728 καταστῆναι

577 1744 720 1836 dum
761 1755 820 1811 et
846 1749 919 1809 ad
950 1749 1289 1813 mirabilem
1322 1754 1481 1814 illam
1510 1744 1887 1836 theologiam,
1921 1753 2219 1834 quainsti-

2305 1754 2403 1816 τῆς
2458 1755 2788 1817 Δεσποτικῆς
2840 1753 3020 1830 φωνῆς
3069 1752 3351 1829 μαρτυρίαν
3398 1750 3481 1830 (2)
3540 1752 3629 1808 καὶ
3670 1755 3768 1818 τὴν
3820 1752 3948 1809 θα)-

579 1834 687 1897 tuti
717 1837 1020 1900 credimus
1050 1837 1336 1920 Spiritum
1380 1861 1415 1903 a
1448 1843 1539 1903 Pa!
1554 1861 1617 1903 re
1671 1834 2019 1924 procedere,
2051 1860 2221 1903 com-

2304 1838 2513 1913 μαστὴν
2556 1839 2764 1905 εκείνην
2818 1839 3211 1916 μυσταγωγίαν,
3265 1837 3340 1895 δι’
3392 1840 3460 1906 ἧς
3502 1837 3849 1917 θεολογοῦμεν
3890 1840 3950 1894 τὸ

580 1925 796 1986 mentis
822 1928 1075 2007 propriis
1096 1931 1512 1993 evertendam?
1534 1930 1759 1994 Etenim
1786 1933 2081 2013 quomodo
2104 1950 2222 1993 non

2305 1932 2516 2001 Πνεῦμα
2545 1934 2637 1983 τοῦ
2697 1928 2896 2006 Πατρὸς
2957 1928 3352 2008 ἒκπορεύεσθαι,
3403 1925 3728 2007 διαστρέφειν
3795 1925 3948 1990 ἰδίαις

578 2024 671 2078 est
702 2016 1100 2093 manifestum,
1122 2018 1403 2082 haeresim
1433 2021 1617 2084 verbo
1648 2021 1888 2103 quidem
1924 2039 2222 2082 memora-

2306 2015 2734 2096 εὖρεσιλογίαις;
2799 2018 2896 2074 Καὶ
2952 2017 3053 2095 γᾶρ
3128 2020 3242 2081 πῶς
3315 2020 3411 2076 οὒκ
3460 2017 3570 2073 ἔστι
3626 2013 3945 2088 κατάδηλον,

578 2105 654 2166 tis
680 2103 822 2167 viris
867 2126 1088 2170 nomen
1142 2111 1378 2172 Patrum
1437 2102 1701 2173 tribuere
1759 2110 1921 2172 omni
1981 2128 2222 2191 prorsus

2304 2107 2377 2169 ῶς
2434 2107 2469 2174 ἡ
2530 2102 2735 2183 αἵρεσις
2791 2105 2989 2182 ῥήματι
3059 2104 3156 2182 μὲν
3214 2106 3337 2171 τοὺς
3401 2105 3708 2185 εἰρημένους
3765 2102 3949 2183 ἄνδρας

577 2192 808 2257 honore
857 2196 1078 2259 nudum
1128 2200 1249 2274 (1),
1313 2200 1482 2261 factis
1522 2209 1761 2272 autem,
1821 2198 2039 2280 quibus
2080 2218 2220 2280 pro-

2307 2194 2544 2273 Πατέρας
2585 2193 2747 2250 καλεῖ
2802 2193 2912 2273 (3),
2959 2201 3144 2273 γυμνῴ
3173 2196 3272 2273 γὰρ
3328 2197 3414 2252 καὶ
3443 2200 3606 2262 τιμῆς
3650 2194 3863 2261 ἀπάσης
3893 2198 3952 2252 οὗ

578 2282 772 2363 prium
834 2284 1109 2364 placitum
1166 2295 1436 2350 astruere
1479 2289 1909 2350 machinantur.
1942 2287 2001 2349 in
2033 2298 2222 2368 partes

2307 2285 2489 2363 φθονεῖ
2542 2280 2872 2358 μεταδιδόναι
2955 2286 3033 2357 τῷ
3114 2284 3338 2359 ὀνόματι
3410 2282 3518 2362 (4),
3550 2283 3687 2361 ἔργῳ
3741 2281 3796 2339 δὲ
3866 2284 3953 2339 καὶ

579 2370 903 2452 impiorum
970 2382 1031 2436 et
1095 2376 1571 2455 perniciosorum
1646 2377 1810 2456 ipsos
1873 2377 2222 2461 impellere1

2314 2377 2384 2448 τῇ
2426 2372 2886 2447 κατασκευαζούσῃ
2952 2377 3178 2451 μηχανῇ
3241 2373 3302 2428 τὸ
3355 2373 3554 2429 οἰκεῖον
3595 2370 3838 2448 βούλημα
3880 2372 3953 2434 είς

583 2462 703 2525 nisi
753 2463 906 2527 forte
971 2465 1084 2526 viri
1142 2466 1217 2527 ad
1266 2467 1467 2529 omnia
1524 2468 1781 2530 audaces
1835 2468 2049 2529 talibus
2116 2460 2222 2530 Pa?

2313 2461 2411 2528 τὴν
2466 2466 2571 2517 τῶν
2640 2460 2927 2540 θεομαχῶν
2995 2461 3083 2517 καὶ
3136 2464 3463 2539 φθοροποιῶν
3521 2474 3714 2540 μοῖραν
3770 2461 3953 2523 αὐτοὺς

583 2560 707 2638 tres
754 2570 894 2615 suos
934 2554 1340 2636 praerogativis
1389 2555 1679 2621 obiectari
1729 2567 1789 2622 et
1819 2556 2061 2638 gloriari
2092 2575 2222 2620 cre-

2311 2548 2717 2615 ἆπελαύνουσιν,
2781 2552 2825 2606 εἷ
2869 2551 3035 2626 μήπω
3077 2545 3176 2629 ἄρα
3217 2552 3265 2606 οἱ
3310 2550 3480 2607 πάντα
3521 2549 3783 2626 τολμηταὶ
3836 2572 3951 2607 τοι-

582 2637 779 2702 dunt?
1462 2666 1467 2669 ·
1830 2637 1840 2638 ί
2312 2640 2484 2704 ούτοις
2567 2640 2739 2698 αὐτῶν
2809 2640 2932 2704 τοὺς
3028 2640 3339 2716 προνομίοις
3416 2640 3711 2716 νομίζουσιν
3784 2639 3953 2716 ἐπαγ-

2308 2727 2579 2801 λατζεσθαι
2614 2743 2632 2801 ;

663 2817 765 2883 68.
789 2818 1107 2883 Afﬁrmant
1126 2821 1473 2886 Ambrosius
1487 2823 1577 2886 vel
1607 2825 1969 2904 Augustinus
1991 2825 2081 2887 vel
2099 2825 2222 2906 qui-

2329 2904 2335 2906 ,
2388 2810 2495 2886 ξη’.
2541 2815 2826 2906 ,Ἀνετπενη
2876 2816 2954 2897 (5)
3027 2815 3343 2898 Ἀμϐρὸσιος
3411 2818 3447 2887 ἢ
3505 2819 3857 2896 Αὖγουστϊνος
3915 2817 3951 2884 ἢ

583 2927 822 2990 cunque
837 2909 988 2971 alius
1031 2912 1350 2976 Dominica:
1363 2916 1486 2976 voci
1512 2915 1980 2988 contraria.Quis
1997 2904 2222 2977 hocait?

2308 2904 2452 2972 ὅστις
2522 2905 2697 2984 ἕτερος
2765 2905 2862 2974 τῆς
2945 2907 3277 2975 Δεσποτικῆς
3353 2911 3534 2987 φωνῆς
3575 2907 3804 2968 ἐναντία,
3864 2908 3951 2967 Τίς

584 2995 646 3061 Si
665 3000 1006 3080 ego,utique
1029 3001 1144 3062 tuis
1163 3021 1293 3063 sum
1322 3004 1592 3066 Patribus
1614 3004 1987 3084 injurius;sin
2005 3024 2142 3066 vero
2167 3013 2222 3066 tu

2307 2997 2461 3055 τοῦτό
2516 3018 2675 3076 φησιν
2711 3014 2727 3068 ;
2759 2997 2818 3053 Εἴ
2870 2995 2967 3071 μὲν
3009 2994 3139 3073 ὲχῶ,
3199 2999 3304 3052 τῶν
3360 3002 3467 3053 σῶν
3510 2995 3754 3075 Πατὲρων
3806 2992 3953 3073 ὑϐρι-

585 3088 826 3169 quidcm
858 3090 1212 3170 asseris,ego
1240 3106 1434 3154 autem
1470 3081 1833 3174 veto,utique
1854 3102 1913 3154 tu
1944 3094 2078 3155 illos
2094 3094 2222 3154 alli-

2311 3088 2441 3155 στής
2486 3086 2594 3159 εἶμι
2628 3102 2641 3116 ·
2692 3085 2736 3140 εἰ
2777 3081 2831 3139 δὲ
2889 3085 2950 3140 σὺ
3005 3084 3104 3161 μὲν
3159 3083 3360 3165 λέγεις,
3390 3085 3499 3163 ἐγὼ
3539 3083 3596 3141 δὲ
3636 3083 3845 3156 κωλύω,
3891 3085 3954 3140 σὺ

2353 3176 2369 3193 \
2466 3171 2527 3193 Cp
2565 3173 2604 3193 Ιυ
2757 3172 2771 3191 θ
2829 3173 2842 3193 \
2909 3170 2951 3193 ΒΝ
3037 3174 3055 3193 κ
3143 3180 3170 3190 ~
3276 3179 3317 3193 1-1
3403 3174 3411 3187 ³
3568 3170 3629 3193 (ρ
3752 3175 3765 3193 \

584 3179 673 3239 cis
702 3176 940 3257 injuria,
974 3188 1155 3258 etego
1180 3189 1237 3242 te
1256 3180 1528 3243 Patribus
1549 3170 1830 3261 injurium
1863 3184 2219 3243 condemno.

2309 3176 2408 3250 μὲν
2461 3171 2708 3250 ὑϐρίζεις,
2754 3172 2862 3250 ἐγὼ
2903 3170 2959 3228 δὲ
3002 3174 3061 3231 σὲ
3104 3180 3209 3229 τῶν
3276 3174 3521 3253 Πατὲρων
3564 3170 3807 3251 ὑϐριστὴν
3850 3195 3953 3230 κα-

585 3265 911 3346 At,iuquis,
949 3266 1036 3327 illi
1063 3270 1186 3332 hzec
1206 3259 1682 3352 scripseruntpet
1705 3270 1763 3331 in
1788 3270 2026 3332 illorum
2061 3271 2222 3332 libris

2307 3264 2695 3343 ταψηφῗζομαι.
2799 3259 2989 3338 Ἀλλὰ,
3073 3264 3224 3343 φησὶ,
3310 3263 3603 3343 γεγρᾶφασι
3655 3271 3818 3321 ταῦτα
3866 3272 3954 3325 καὶ

588 3355 1234 3435 continetur,Spiritum
1266 3378 1299 3419 a
1328 3349 2061 3439 Filioprocedere.Verum
2084 3360 2222 3440 quid

2307 3366 2426 3415 τοῖς
2498 3351 2711 3408 ἐκείνων
2765 3349 2945 3431 λόγοις
3015 3350 3417 3432 ἐμπεριέχεται,
3477 3354 3539 3409 τὸ
3606 3357 3821 3428 Πνεῦμα
3861 3359 3953 3409 τοῦ

588 3443 732 3506 hoc?
749 3443 810 3507 Si
840 3446 997 3506 enim
1027 3448 1239 3509 melius
1268 3450 1467 3510 edocti
1496 3454 1846 3510 sententiam
1881 3469 1995 3510 non
2028 3458 2222 3510 muta-

2312 3445 2434 3499 Υἱοῦ
2489 3440 2891 3519 ἐκπορεύεσθαι.
2964 3441 3062 3499 Καὶ
3146 3443 3196 3498 τί
3264 3452 3466 3516 τοῦτος
3539 3443 3598 3499 Ei
3667 3442 3763 3516 μὲν
3814 3440 3955 3499 διδα-

590 3534 811 3607 ι·ιιηι,εἰ
833 3533 1009 3613 justis
1038 3536 1210 3597 evicti
1256 3536 1620 3615 argumentis
1646 3537 1721 3598 ab
1750 3555 1952 3599 errore
1983 3556 2097 3598 non
2121 3556 2222 3598 re-

2305 3530 2522 3611 χθέντες
2595 3534 2655 3588 οὔ
2714 3531 3014 3605 μετέθεντο,
3080 3530 3125 3585 εἰ
3164 3543 3282 3596 τοῖς
3324 3528 3543 3596 δικαίοις
3586 3529 3842 3611 Hirtam
3896 3534 3955 3590 οὗ

586 3633 918 3695 cesserunt,
954 3631 1115 3684 tuum
1143 3644 1290 3705 opus
1307 3626 1458 3686 dicis
1485 3635 1767 3706 tuumque
1805 3626 2221 3687 inemendabi-

2308 3616 2679 3695 μετεϐάλοντο,
2726 3619 2789 3674 τὸ
2835 3620 2926 3675 σὸν
2968 3618 3119 3697 ἔργον
3161 3618 3336 3698 λέγεις
3379 3621 3469 3676 καὶ
3508 3620 3607 3687 τὴν
3650 3625 3750 3688 σὴν
3793 3620 3952 3680 ἀνου-

585 3711 704 3774 lem
732 3712 995 3773 animum
1015 3712 1154 3779 (alia
1183 3704 1390 3775 Sursus
1422 3717 1544 3776 haec
1576 3704 1974 3776 est—adversus
2029 3718 2222 3776 Patres

2305 3711 2523 3775 θέτητον
2593 3709 2812 3786 γνώμην
2883 3704 3049 3786 (ἄλλη
3121 3708 3281 3765 πάλιν
3323 3708 3457 3777 α’ἇτη
3512 3711 3649 3768 κατὰ
3688 3717 3794 3767 τῶν
3846 3715 3952 3768 σῶν

588 3807 721 3861 tuos
741 3799 1059 3879 calumnia)
1081 3801 1316 3862 illorum
1342 3803 1625 3864 doctrinae
1665 3811 1961 3864 accestum
2010 3806 2222 3867 refers.

2310 3796 2559 3877 Πατέρων
2614 3795 2955 3879 συκοφαντία)
3060 3799 3135 3862 εἷς
3217 3800 3318 3867 τὴν
3398 3798 3610 3855 ἐκείνων
3680 3799 3955 3879 ἀναφέρεις

587 3887 650 3953 Si
676 3907 835 3956 vero.
870 3907 1002 3970 quas
1026 3899 1115 3950 est
1137 3908 1333 3951 rerum
1359 3893 1747 3952 humanarum
1772 3892 2057 3965 conditio,
2093 3893 2222 3955 licet

2309 3884 2667 3947 διδασκαλίαν.
2723 3887 2781 3943 Ei
2810 3884 2888 3957 δὲ,
2942 3887 3039 3944 οἷα
3065 3888 3130 3943 τὰ
3172 3886 3495 3967 ἀνθρώπινα,
3525 3888 3695 3946 καίτοι
3723 3891 3791 3945 τὰ
3820 3887 3960 3946 ἀλλὰ

589 3979 950 4057 ceteroquin
995 3978 1234 4059 optimis
1282 3980 1613 4061 quibusque
1655 3981 1967 4042 virtutibus
2012 3982 2222 4054 ornati,

2307 3989 2426 4039 τοῖς
2493 3974 2722 4055 ἀρίστοις
2804 3974 3203 4052 ἒνευθυμούντες
3272 3975 3309 4044 ἢ
3396 3976 3582 4055 ἀγνοίᾳ
3650 3979 3751 4034 τινὶ
3806 3998 3958 4056 περι-ι

586 4068 677 4129 vel
724 4086 793 4129 ex
850 4067 1184 4147 ignorantia
1226 4070 1478 4150 quadam
1530 4070 1678 4151 lapsi
1730 4071 1824 4132 vel
1875 4070 2222 4150 negligentia

2310 4065 2498 4122 ἐπεσ>ν
2564 4064 2599 4129 ἢ
2668 4064 2999 4143 παρορᾶματι
3079 4065 3485 4146 ὑπηνέχθησαν,
3558 4067 3653 4124 οὐκ
3705 4066 3956 4126 ἀντεῖπον

587 4156 818 4238 abrepti
865 4166 1025 4237 sunt,
1061 4177 1175 4219 non
1208 4167 1409 4221 tamen
1440 4150 1724 4221 admoniti
1757 4160 2101 4222 restiterunt
2130 4170 2222 4224 aut

2311 4152 2365 4209 δὲ
2435 4150 2821 4228 διδασκόμενοι.
2903 4151 3021 4211 οὐδὲ
3077 4156 3208 4234 πρὸς
3264 4155 3325 4210 τὸ
3382 4157 3651 4212 νουθετοῦν
3710 4156 3957 4223 ἀπηυθα-

587 4246 660 4309 ad
691 4246 1093 4310 correctiones
1120 4247 1382 4310 animum
1420 4250 1803 4328 pertinaciter
1830 4248 2222 4324 obdurabant,

2311 4240 2607 4315 δειάσαντο,
2664 4241 2714 4298 τί
2768 4248 2923 4298 τοῦτο
2977 4244 3108 4321 πρὸς
3147 4243 3250 4317 σές
3299 4249 3421 4307 Πῶς
3465 4240 3520 4299 δὲ
3550 4244 3787 4323 εὖρήσεις
3815 4244 3958 4302 ἐκεί-

586 4336 893 4434 ςιιῑᾴιὴοο.
919 4335 992 4397 ad
1051 4344 1151 4434 te?
1182 4336 1489 4434 Quomodo
1519 4357 1658 4400 vero
1690 4338 1750 4398 in
1782 4338 1894 4434 iis,
1929 4339 2030 4419 qui
2063 4338 2222 4434 nihil

2312 4352 2430 4396 νους
2487 4330 2794 4409 καταφυγὴν
2840 4334 2914 4386 ῶν
2982 4329 3128 4389 οὐδὲν
3184 4330 3369 4407 ὅμοιον
3412 4334 3544 4412 πρὸς
3601 4335 3666 4391 τὰ
3709 4335 3799 4415 σὰ,
3857 4335 3956 4403 τὴν

2319 4419 2343 4434 ν
2598 4417 2639 4434 ι..
2808 4419 2822 4434 .
3208 4423 3262 4434 _.
3363 4423 3374 4434 .
3478 4424 3499 4434 -
3603 4423 3615 4434 .
3705 4423 3720 4434 .
3821 4423 3835 4434 .

585 4417 783 4487 simile
813 4423 927 4485 tuis
959 4425 1221 4487 moribus
1276 4428 1631 4500 habuerunt,
1667 4417 1998 4506 perfugium
2058 4427 2222 4489 inve-

2312 4419 2536 4500 ἄφυκτον
2593 4417 2743 4486 δίκην
2799 4419 3146 4502 ἀποφυγεῖνς
3208 4423 3266 4480 Εἰ
3319 4423 3420 4501 γὰρ
3461 4424 3536 4476 ῶν
3569 4423 3630 4479 σὺ
3660 4423 3758 4499 μὲν
3813 4423 3958 4482 ἀπο-

586 4514 715 4576 nies
739 4531 934 4594 paenae
962 4513 1317 4577 inevitabilis
1338 4516 1672 4579 evitandae?
1694 4515 1765 4579 Si
1803 4517 1962 4578 enim
1997 4534 2222 4593 eorum,

2310 4508 2487 4572 λαύεις
2546 4507 2763 4573 ἐκείνοις
2836 4509 2952 4569 οὗδέ
3032 4510 3220 4590 γέγονε
3276 4525 3596 4592 μετασχεῖν,
3655 4510 3869 4570 πολλῶν
3910 4512 3962 4570 δ’

587 4603 802 4686 quibus
831 4611 890 4664 tu
919 4603 1213 4679 abundas,
1249 4606 1334 4667 illi
1366 4625 1440 4668 ne
1474 4607 1682 4667 leviter
1709 4604 1950 4685 quidem
1987 4606 2222 4685 partici-

2312 4596 2488 4655 ὂὶλλων
2543 4598 2848 4676 προσόντων
2917 4598 3102 4664 αὗτοῖς
3185 4601 3449 4676 θαύματος
3507 4599 3685 4682 ἀξίων,
3759 4600 3827 4658 δι’
3881 4605 3959 4659 ῶν

587 4685 691 4775 pes
719 4691 853 4753 facti
884 4699 1043 4770 sunt,
1072 4694 1175 4753 sed
1193 4695 1385 4774 potius
1417 4695 1686 4775 plurimis
1707 4693 1838 4755 aliis
1866 4694 2222 4756 admiranda?

2313 4686 2473 4760 ἄρετή
2528 4685 2814 4761 διαλάμπει
2857 4689 2945 4744 καὶ
2987 4685 3244 4761 εὐσέϐεια,
3302 4691 3363 4746 τὸ
3405 4691 3498 4746 σὸν
3541 4688 3592 4757 ἐξ
3664 4691 3877 4770 ἀγνοίας
3920 4693 3960 4762 ἢ

584 4779 814 4842 virtutis
847 4779 1197 4861 pietatisque
1253 4782 1682 4863 speciminibus
1731 4783 1925 4842 ornati
1984 4783 2222 4863 impium

2314 4779 2451 4834 κατὰ
2505 4776 2793 4863 παρόρασιν
2863 4775 3053 4857 ἒῤῥήθη
3126 4775 3456 4855 δυσσέϐημα,
3527 4781 3578 4836 τί
3631 4782 3692 4836 τὸ
3748 4781 3961 4839 ἐκείνων

585 4878 748 4932 tuum
780 4869 993 4949 dogma
1021 4888 1087 4930 ex
1122 4862 1450 4949 ignorantia
1477 4886 1580 4934 aut
1608 4872 1962 4949 negligentia
1977 4862 2222 4953 pronun-

2314 4865 2635 4944 ἀνθρώπινον
2724 4862 2940 4942 ἥττημα
3022 4867 3184 4941 νόμον
3270 4868 3368 4942 μὲν
3465 4868 3601 4926 ὥστε
3689 4867 3963 4931 δυσσεϐεῖν

584 4960 824 5039 tiaruot,
858 4957 959 5039 qui
1008 4966 1068 5019 tu
1102 4959 1424 5024 humanum
1485 4962 1718 5023 illorum
1765 4959 2063 5022 defectum
2099 4970 2222 5022 tan-

2316 4956 2486 5031 ἑαυτῷ
2542 4954 2915 5037 συνεισφέρεις,
2963 4955 3024 5013 ἐκ
3065 4955 3119 5013 δὲ
3150 4964 3240 5014 τοῦ
3296 4964 3389 5015 σοῦ
3446 4959 3608 5034 νόμου
3662 4960 3781 5026 τοὺς
3844 4984 3963 5036 μη-

587 5068 763 5135 quam
805 5048 999 5127 legem
1030 5046 1212 5132 impie
1244 5052 1533 5115 credendi
1564 5050 1669 5113 tibi
1699 5050 2012 5112 constituis
2042 5068 2222 5131 exque

2314 5043 2399 5103 δὲν
2455 5051 2658 5102 τοιοῦτο
2714 5048 3020 5121 νομοθετεῖν
3070 5046 3403 5127 φωραθέντας
3438 5046 3777 5127 παρανόμους
3817 5049 3965 5108 ἀπο-

2397 5216 2480 5291 (t)
2511 5210 2712 5284 Laur.,
2745 5212 2857 5282 οὕς.
2892 5221 2955 5275 ut
2983 5214 3211 5279 Monac.

673 5212 760 5297 (a)
792 5214 1223 5297 ltaiCatil‘orus.
1254 5215 1429 5283 Juxta
1460 5220 1723 5284 diversas
1755 5202 2042 5284 lectiones
2065 5217 2239 5281 reddi

2399 5291 2471 5375 (2i
2506 5294 2677 5355 Laur.
2711 5296 3011 5375 μαρτύριον.

590 5296 895 5383 potestVi-l
927 5313 941 5358 :
980 5297 1251 5383 haeresim
1277 5302 1457 5364 verbo
1502 5304 1741 5383 quidem
1779 5304 1921 5365 istos
1949 5300 2105 5383 viros
2128 5318 2236 5360 vo-

591 5374 967 5462 carel’atres
997 5381 1180 5449 (nudo
1212 5384 1372 5445 enim
1401 5374 1642 5444 nomine
1665 5383 1822 5443 nulla
1846 5381 2240 5462 prohibentur
2401 5374 2481 5462 if!)
2516 5377 2686 5462 your.
2722 5374 2902 5437 habet
2921 5375 3141 5462 καλεῖν.

593 5454 816 5544 invidia
833 5475 1073 5544 omnem
1094 5462 1180 5522 eis
1196 5465 1480 5525 exhibere
1502 5464 1814 5544 honorem)
1829 5453 2045 5544 ,rciiisa
2069 5479 2222 5532 veros

2356 5454 2485 5544 Δ(4)
2516 5453 2719 5529 Laur.,
2797 5457 3029 5544 πατέρας
3104 5458 3292 5516 καλεῖν
3370 5461 3458 5517 καὶ
3534 5457 3695 5536 τιμῆς
3752 5458 3971 5528 ἀπάσης

570 5545 710 5625 etc.
744 5537 907 5625 Vel:
944 5539 1122 5625 verbo
1155 5544 1395 5623 quidem
1450 5546 1608 5606 nudo
1658 5537 1872 5606 vocare
1905 5540 2124 5625 APatres
2163 5553 2222 5625 ει

2320 5542 2381 5603 οὗ
2410 5547 2620 5625 ιρθονεϊν
2664 5543 2997 5625 μεταδιδόναι
3027 5554 3120 5605 τοῦ
3148 5547 3424 5625 ὀνόματος.

591 5616 820 5700 absque
849 5616 1074 5680 invidia
1106 5614 1316 5688 omnes
1360 5625 1604 5687 honoris
1633 5642 1738 5688 eos
1769 5621 2088 5707 participes
2116 5620 2222 5685 eiii.

591 5713 731 5761 cere
760 5697 890 5761 solo
920 5700 1190 5761 nomine.

2402 5614 2491 5706 (5)
2526 5614 2732 5701 Laur.,
2763 5614 2872 5684 υΑν
2902 5626 3080 5692 εἶπεν.

591 5713 731 5765 cere
760 5710 890 5763 8010
920 5710 1190 5767 nomine.
