4178 6288
338 302 452 367 817

1178 288 1620 371 ΒΕΕΠΤΑΤἸό
1661 289 2035 370 PHOTIANI
2074 292 2284 364 LIBRI
2321 303 2421 366 ne
2463 301 2771 366 SPIRITU
2813 304 2878 367 s.

3602 290 3721 368 818

336 439 559 508 φαίνεις,
618 441 707 496 καὶ
756 438 997 504 ἀσεϐείας
1059 441 1300 521 ἐσχάτης
1356 440 1410 496 ἒν
1465 441 1781 517 προσωπείῳ
1835 457 1996 513 στορ-

2056 478 2061 488 .
2162 433 2271 496 hac
2296 442 2392 496 tua
2413 436 2545 515 lege
2575 436 2734 511 illos,
2767 435 2866 517 qui
2896 433 2980 498 nil
3012 433 3588 516 ejusmodisanxisse
3618 435 3721 499 de-

340 531 441 602 γῆς
486 529 571 583 καὶ
602 529 803 595 εὖνοίας
846 527 999 596 δίκην
1042 529 1288 593 ἀπαιτεῖς
1323 550 1339 609 ς
1385 532 1443 588 οὕ
1471 532 1570 609 γὰρ
1599 528 1738 586 καλά
1765 550 1846 586 σοι
1876 533 1982 584 τῶν

341 615 725 691 ἀγωνισμάτων
767 619 833 673 τὰ
875 619 1120 698 ἐπίχειρα
1148 618 1204 697 (1'
1301 617 1449 676 Ἀλλ’
1479 618 1574 698 ὅρα
1616 623 1716 686 τῆς
1745 614 1986 680 ἀσεϐείας

338 703 439 771 τὴν
481 703 774 782 ὑπερϐολὴν
804 710 892 764 καὶ
944 708 1044 776 τῆς
1090 706 1428 787 κακοσχόλου
1467 708 1688 786 γνώμης
1730 708 1792 764 τὸ
1822 704 1984 762 ἀσύν-

553 796 585 813 .ς
722 820 725 823 Α
925 797 936 815 ι
1074 795 1099 815 ,ι
1332 799 1346 817 κ
1923 795 1935 817 r

340 815 480 856 ετον,
530 803 617 859 hic
688 817 1002 873 σδνηγοριαν
1068 818 1250 875 αγουσι
1296 819 1387 854 τον
1433 797 1732 876 Δεσπότην,
1792 817 1983 877 πειρω-

340 904 520 959 ρανται
578 884 1018 963 ουκοφαντοῦντες
1051 902 1065 916 ⁸
1154 884 1410 942 ἐκάλεσαν
1486 886 1807 963 συνηγόρους
1861 886 1983 948 τοὺς

340 972 601 1045 μαθητὰς,
657 972 898 1030 ἑάλωσαν
966 974 1235 1040 κάκείνους
1289 976 1379 1032 τὸν
1431 976 1587 1031 eam
1641 973 1833 1053 τρόπον
1879 995 1983 1030 πε-

340 1056 676 1136 ριϐάλλοντες
761 1063 1127 1143 συκοφαντίαις
1159 1079 1175 1094 ⁸
1273 1062 1565 1143 κατέφυγον
1651 1061 1810 1119 πάλιν
1909 1064 1983 1125 εἱς

340 1147 602 1229 Πατέρας,
655 1152 743 1209 καὶ
796 1151 909 1209 ἀντὶ
950 1158 1112 1229 τιμῆς
1156 1152 1396 1231 μεγάλην
1438 1153 1608 1209 αὒτῶν
1663 1152 1983 1230 καταχέουσι

338 1236 701 1317 βλασφημίαν.

419 1497 515 1572 ξθ’.
573 1511 671 1567 Καὶ
743 1510 976 1589 Πατέρας
1074 1510 1173 1586 μὲν
1256 1508 1477 1569 καλοῦσι
1539 1507 1777 1589 (καλοῦσι
1833 1508 1977 1587 γὰρ),

2071 523 2353 598 prehensi
2384 535 2541 595 sunt,
2577 525 2815 605 iniquos
2863 526 3127 607 legisque
3167 524 3478 587 violatores
3507 525 3717 587 decla-

2068 628 2166 670 ras
2194 615 2935 695 extremaequeimpietatis
2964 616 3076 676 sub
3101 615 3323 676 amoris
3352 614 3716 676 benevolen-

2070 699 2290 780 tiaeque
2318 702 2474 764 larva
2513 721 2649 765 reos
2672 703 2958 783 judicas‘?
2984 702 3111 765 Non
3138 702 3527 765 bonatuorum
3561 709 3699 766 sunt

2068 790 2399 851 studiorum
2430 801 2834 870 cantuumque
2864 790 3247 871 praemia.Sed
3279 792 3413 853 vide
3440 792 3713 873 impieta-

2068 876 2143 937 t-is
2172 895 2481 940 excessum
2516 880 2890 961 improbique
2939 880 3345 962 insipientiam
3401 880 3609 945 animi.
3647 881 3714 945 In

2065 983 2237 1029 suum
2267 969 2659 1047 patrocinium
2690 978 2897 1031 vocant
2953 970 3269 1032 Dominum
3299 991 3313 1033 :
3349 968 3715 1051 deprehensi

2062 1053 2298 1117 fuerunt
2346 1059 2667 1119 mendaces
2716 1068 2774 1119 et
2821 1058 3320 1131 calumniatores;
3354 1058 3715 1123 advocarunt

2065 1154 2343 1223 patronos
2372 1147 2670 1225 apostolos
2717 1168 2731 1205 :
2784 1148 3039 1209 convicti
3094 1160 3235 1208 sunt
3276 1147 3424 1210 istos
3469 1165 3708 1231 quoque

2064 1235 2272 1294 eodem
2317 1235 2492 1295 modo
2532 1235 2845 1296 calumniis
2886 1234 3254 1309 allicientes;
3315 1236 3712 1317 confugerunt

2064 1338 2270 1385 rursus
2309 1324 2380 1385 ad
2423 1326 2662 1386 Patres:
2701 1334 2756 1384 et
2789 1324 2918 1386 loco
2950 1324 3193 1387 honoris
3223 1324 3528 1405 ingentem
3560 1326 3710 1408 ipsis

2065 1408 2496 1490 blasphemiam
2529 1412 2867 1476 offundunt.

2142 1501 2243 1563 69.
2279 1501 2349 1561 Et
2375 1501 2573 1563 Patres
2601 1501 2841 1582 quidem
2871 1508 3103 1575 vocant,
3154 1500 3238 1563 ita
3281 1507 3398 1579 est,
3433 1502 3539 1565 sed
3577 1520 3700 1565 non

338 1594 458 1652 ἀλλ’
515 1598 617 1678 οὐχ
667 1596 759 1656 ἵνα
816 1601 875 1655 τὸ
933 1604 1039 1655 τῶν
1112 1598 1357 1678 Πατέρων
1407 1598 1728 1673 ἀπονείμωσι
1798 1597 1978 1677 γέρας,

2062 1595 2127 1649 ut
2159 1591 2387 1651 Patrum
2420 1590 2539 1651 illis
2570 1591 2856 1652 honorem
2890 1590 3169 1664 tribuant,
3207 1609 3411 1653 verum
3437 1600 3501 1654 ut
3541 1595 3710 1655 inve-

333 1682 455 1742 ἀλλ’
528 1666 617 1741 ἵν’,
673 1689 932 1766 εὖρήσωσι
1000 1685 1068 1744 δι’
1121 1689 1193 1745 ὧν
1238 1666 1300 1744 ἀν
1341 1688 1578 1765 γένοιντο
1632 1685 1975 1765 πατραλοϊαι.

2065 1677 2250 1778 niant,
2283 1698 2397 1778 qua
2422 1680 2651 1760 possint
2692 1680 2923 1742 ratione
2948 1679 3081 1743 fieri
3140 1680 3470 1761 parricide.
3507 1683 3716 1763 Neque

340 1779 437 1833 Καὶ
480 1774 593 1833 ουδὲ
651 1765 749 1844 τὴν
795 1784 888 1835 τοῦ
914 1778 1187 1834 θεσπεσίου
1230 1776 1435 1834 Παύλου
1463 1777 1728 1856 φρίττουσι
1771 1777 1975 1856 φωνὴν,

2062 1765 2179 1856 divi
2227 1766 2393 1828 Pauli
2452 1770 2913 1847 perhorrescunt
2941 1786 3169 1842 vocem,
3204 1788 3378 1849 quam
3433 1780 3627 1832 tamen
3655 1776 3714 1832 et

335 1866 401 1932 ἣν
458 1866 602 1923 αὐτοὶ
656 1866 793 1922 κατᾶ
866 1868 969 1922 τῶν
1047 1866 1293 1945 Πατέρων
1349 1867 1518 1923 αὒτὼν
1590 1865 1724 1940 μετὰ
1774 1862 1979 1931 πολλῆς

2063 1854 2175 1935 ipsi
2206 1866 2410 1918 contra
2440 1858 2648 1920 Patres
2704 1875 2845 1919 suos
2894 1876 3010 1918 non
3041 1856 3174 1918 sine
3204 1858 3428 1934 ingenti
3475 1860 3700 1922 malitia

336 1952 707 2032 ἀπορῥίπτουσι
751 1959 848 2021 τῆς
922 1955 1259 2034 κακουργίας.
1321 1955 1418 2012 Καὶ
1461 1954 1561 2032 γὰρ
1602 1952 1750 2017 οὗτος
1795 1955 1824 2008 ὁ
1879 1952 1976 2020 τὴν

2061 1955 2458 2028 cortorquent.
2497 1946 2605 2010 Hic
2627 1949 2788 2010 enim
2837 1948 2941 2029 qui
2979 1957 3327 2029 potestatem
3357 1950 3590 2030 accepit
3616 1951 3692 2014 li-

336 2040 565 2107 ἐξουσίαν
619 2040 797 2099 λαϐὼν
849 2040 1064 2119 δεσμεῖν
1108 2046 1196 2100 καὶ
1250 2042 1417 2118 λύειν,
1477 2044 1564 2099 καὶ
1610 2042 1673 2098 τὸ
1728 2047 1821 2098 τοῦ
1890 2039 1975 2097 δε·

2060 2039 2239 2117 gandi
2278 2058 2347 2103 ac
2377 2041 2663 2123 solvendi,
2698 2052 2757 2104 et
2798 2060 2942 2103 sane
2972 2042 3208 2104 vinculo
3264 2044 3572 2105 tremendo
3618 2043 3710 2105 si-

335 2138 467 2206 σμοῦ
518 2130 737 2212 φοϐερὸν
782 2131 892 2208 ἅμα
962 2133 1051 2188 καὶ
1106 2133 1353 2209 κραταιὸν
1414 2130 1599 2211 (μέχρι
1658 2130 1757 2208 γὰρ
1814 2134 1974 2199 αὒτῆς

2057 2128 2175 2188 mul
2207 2140 2267 2189 et
2296 2130 2486 2191 valialo
2522 2131 2844 2211 (pertinget
2875 2131 3038 2192 enim
3067 2130 3141 2192 ad
3199 2130 3391 2212 ipsum
3442 2150 3694 2213 regnum

335 2220 644 2301 ἀναφέρεται
698 2221 792 2290 τῆς
853 2220 1128 2284 Βασιλείας
1196 2227 1301 2277 τῶν
1371 2219 1655 2300 οὐρανῶν),
1701 2218 1853 2275 οὗτος
1909 2217 1973 2287 δὴ

2056 2216 2518 2297 caelorum),hic,
2554 2220 2820 2300 inquam,
2853 2219 3074 2298 ingenti
3106 2220 3384 2301 claraque
3412 2222 3709 2285 exclamat

336 2309 544 2386 μεγάλῃ
592 2311 681 2366 καὶ
736 2308 1018 2391 διαφρυσίῳ
1062 2310 1285 2389 κέκραγε
1313 2315 1380 2386 τῇ
1410 2314 1560 2389 φωνῇ
1590 2325 1604 2340 ⁸
1654 2305 1765 2366 Κᾶν
1808 2310 1973 2383 ἡμεῖς

2056 2322 2229 2366 voce:
2255 2305 2423 2368 Licet
2473 2325 2577 2368 nos
2639 2316 2745 2371 aut
2773 2310 3022 2387 angelus
3050 2311 3127 2372 de
3157 2311 3302 2372 calo
3330 2310 3714 2391 evangelise:

333 2399 367 2467 ἢ
424 2394 648 2477 ἅγγελος
741 2398 792 2465 ἐξ
860 2404 1076 2480 οὐρανοῦ
1154 2398 1552 2478 εὐαγγελίζηται
1634 2398 1763 2472 ὑμῖν
1844 2396 1971 2477 παρ’

331 2488 359 2543 ὃ
442 2487 881 2568 εὖαγγελιζόμεθα
983 2490 1134 2568 ὑμῖν,
1244 2488 1474 2545 ἀνάθεμα
1573 2486 1734 2547 ἔστω.
1821 2493 1965 2543 Παῦ-

332 2576 423 2640 λος
479 2579 514 2645 ἡ
572 2577 825 2654 ἀσίγητος
868 2582 965 2644 τῆς
1017 2575 1335 2644 Ἐκκλησίας
1365 2574 1619 2653 σάλπιγξ,
1667 2578 1694 2632 ὁ
1724 2581 1970 2640 τοσοῦτος

331 2668 418 2723 καὶ
498 2666 809 2734 τηλικοῦτος
880 2668 1000 2731 τοὺς
1059 2668 1199 2743 παρὰ
1271 2668 1334 2723 τὸ
1404 2664 1725 2744 Εὖαγγέλιον
1795 2663 1973 2741 ἕτερον

331 2782 381 2814 τι
477 2755 786 2831 τολμῶντας
869 2756 1114 2836 φρόνημα
1206 2752 1392 2812 λαϐεῖν
1472 2756 1559 2810 καὶ
1633 2755 1971 2833 παρεισάγειν

331 2854 407 2920 τῷ
462 2846 746 2921 ἀναθέματι
830 2846 1171 2925 παραπέμπει
1210 2864 1224 2879 ⁸
1295 2846 1383 2901 καὶ
1462 2844 1521 2900 οὗ
1589 2844 1709 2908 τοὺς
1778 2841 1969 2905 ἄλλους

334 2937 516 3015 μόνον,
575 2935 769 3000 οἵτινες
816 2945 969 2994 τοῦτο
1018 2934 1365 3009 τολμήσειαν,
1424 2933 1578 3011 ἀραῖς
1636 2928 1970 3010 ἀνυπερὸλὴ-

335 3038 447 3084 τοῖς
489 3025 700 3102 ὑπάγει,
761 3023 896 3080 ἀλλὰ
922 3025 1009 3080 καὶ
1052 3025 1258 3098 ἑαυτὸν,
1293 3022 1482 3103 ἔνοχος
1513 3024 1555 3078 εἱ
1589 3022 1792 3101 ὀφθείη,
1839 3022 1969 3100 πρὸς

2053 2394 2220 2456 vobis
2265 2402 2680 2476 praterquam
2718 2398 2878 2477 quod
2924 2398 3473 2478 evangelz'savimus
3511 2399 3708 2474 vobis,

2052 2482 2378 2546 anathema
2425 2487 2529 2549 sil.
2564 2485 2778 2548 Paulus
2807 2504 3022 2547 sonora
3051 2495 3111 2548 et
3160 2505 3461 2568 nunquam
3504 2496 3710 2553 tacens

2055 2569 2303 2633 Eclesim
2351 2573 2512 2647 tuba,
2560 2574 2650 2636 vir
2680 2584 2872 2636 tantus
2902 2593 2971 2637 ac
3004 2575 3135 2637 talis
3184 2594 3287 2637 eos
3329 2576 3429 2657 qui
3483 2586 3697 2657 praeter

2056 2658 2433 2739 Evangelium
2489 2662 2648 2724 aliud
2694 2664 3011 2745 quidquam
3068 2665 3288 2727 audent
3336 2676 3439 2727 aut
3480 2666 3705 2730 santire

2054 2758 2152 2810 aut
2185 2750 2407 2813 docere
2454 2753 2816 2814 anathemati
2873 2752 3091 2827 tradit;
3125 2771 3321 2835 neque
3362 2754 3515 2816 alios
3545 2755 3706 2818 dun-

2056 2841 2337 2919 taxat,qui
2372 2840 2485 2901 hoc
2514 2840 2735 2901 fuerint
2762 2841 3067 2915 ausi,diris
3089 2841 3401 2903 immensis
3437 2842 3702 2923 subjicit,

2052 2926 2155 2987 sed
2187 2935 2246 2988 et
2265 2927 2377 2988 sibi
2411 2929 2546 3009 ipsi,
2581 2929 2633 2991 si
2661 2947 2800 2991 reus
2826 2931 3068 2992 exsistat
3098 2980 3112 3005 ,
3167 2930 3442 2992 eamdem
3495 2931 3707 2995 indicit

2057 3033 2315 3094 poenam.
2346 3015 2469 3078 Nec
2497 3036 2568 3079 eo
2598 3037 2787 3099 usque
2821 3027 3107 3080 terrorem
3168 3020 3344 3098 hujus
3390 3022 3701 3085 sententia

610 3080 621 3102 ,
686 3080 700 3098 ,
1238 3080 1258 3098 ,
1388 3080 1479 3103 η,
1633 3080 1643 3101 ι
1757 3080 1792 3094 ,,
1880 3080 1891 3100 ,
1958 3080 1964 3082 .

334 3120 432 3181 τῆν
483 3113 611 3181 ἴσην
655 3116 878 3170 συνωθεῖ
921 3111 1094 3179 δίκην.
1156 3114 1253 3171 Καὶ
1298 3110 1413 3169 οὒδέ
1473 3110 1632 3190 μέχρι
1675 3110 1857 3166 τούτου
1910 3089 1997 3165 τὸ⁴

2056 3080 2212 3164 sistit
2261 3123 2330 3166 ac
2379 3105 2627 3181 limitat;
2687 3080 2792 3168 sed
2853 3116 2911 3168 et
2944 3108 3146 3178 caelos
3177 3080 3339 3187 ipsos
3377 3118 3702 3186 scrutatur,

332 3201 551 3283 φοϐερὸν
618 3208 718 3269 τῆς
804 3201 1115 3282 ἀποφάσεως
1170 3201 1501 3279 περιγράφει,
1564 3198 1702 3256 ἀλλά
1753 3198 1971 3254 καὶτὸν

2056 3192 2256 3283 ibique
2285 3194 2334 3253 si
2368 3194 2458 3256 vel
2495 3196 2773 3272 angelum
2823 3195 3090 3258 inveniat
3145 3195 3487 3258 hominibus
3515 3216 3550 3259 a
3582 3202 3705 3263 Deo

331 3292 543 3368 οόρΐινον
618 3293 770 3347 αὒτὸν
826 3291 1004 3369 ἐρευνᾷ
1036 3310 1048 3324 ·
1117 3290 1215 3345 κᾶν
1272 3289 1497 3368 ἄγγελον
1551 3287 1673 3367 εὕρῃ
1715 3300 1831 3348 τοῖς
1887 3288 1974 3343 επὶ

331 3381 431 3459 γῆς
488 3380 687 3437 ἐκεῖθεν
758 3382 1043 3437 ἓπιστάντα
1111 3380 1199 3436 καὶ
1253 3377 1427 3456 ἔτερόν
1471 3401 1521 3434 τι
1565 3377 1709 3456 παρά
1766 3377 1826 3432 τὸ
1880 3376 1971 3431 εὕ-

331 3468 610 3547 αγγελικὸν
702 3468 1167 3547 εὒαγγελιζόμενον
1251 3470 1520 3547 κήρυγμα,
1592 3479 1709 3529 τοῖς
1770 3465 1973 3540 ὁμοίοις

329 3557 548 3633 δεσμοῖς
591 3557 876 3615 ὑποϐάλλει
918 3560 1006 3615 καὶ
1063 3565 1139 3631 τῷ
1183 3556 1411 3631 διαϐόλῳ
1456 3554 1822 3634 παραπέμπει,
1879 3551 1976 3611 Καί

2057 3281 2398 3361 praefectura
2423 3293 2482 3345 et
2531 3284 2692 3349 aliud
2719 3284 3027 3366 quidpiam
3060 3293 3276 3365 praeter
3304 3286 3700 3365 evangelicam

2058 3371 2538 3450 praedicationem
2597 3373 3123 3453 evangelizantem,
3167 3374 3408 3453 paribus
3463 3375 3710 3454 subjicit

2058 3460 2311 3521 vinculis
2366 3471 2425 3523 et
2468 3462 2541 3523 ad
2580 3463 2882 3525 diabolum
2935 3462 3235 3526 amandat.
3292 3463 3371 3525 Et
3412 3471 3474 3526 tu
3500 3467 3709 3529 Patres

2058 3549 2324 3627 allegans
2352 3551 2412 3612 in
2444 3552 3315 3615 contumeliamDominicorum
3337 3551 3702 3633 dogmatum,

2062 3639 2119 3699 in
2171 3640 2591 3702 contumeliam
2652 3642 3129 3720 praedicationis,
3189 3641 3362 3722 cujus
3402 3660 3706 3723 prmcones

328 3648 388 3703 σὺ
432 3647 667 3725 Πατέρας
725 3647 1025 3721 ἀνακαλῶν,
1085 3646 1168 3727 ἐφ’
1230 3643 1370 3724 ῧϐρει
1429 3645 1522 3719 μὲν
1580 3648 1684 3699 τῶν
1766 3651 1976 3698 Δεσπο-

1268 3732 1318 3790 δὲ
1373 3742 1466 3790 τοῦ
1519 3735 1883 3811 κηρύγματος,
1917 3731 1977 3787 οὗ
2060 3727 2407 3789 exstiterunt
2436 3730 2775 3811 apostoli,in
2797 3731 3215 3793 contumeliam
3246 3732 3511 3795 omnium
3534 3751 3703 3796 (ecu-

329 3737 489 3794 τικῶν
562 3735 866 3815 δογμάτων,
926 3735 988 3815 ἐφ
1066 3734 1207 3815 ὕϐρει
1262 3732 1318 3790 δὲ
1373 3742 1466 3790 τοῦ
1519 3735 1883 3811 κηρύγματος,
1917 3731 1977 3787 οὗ

327 3828 574 3904 γεγόνασι
644 3827 869 3906 κήρυκες
926 3827 974 3882 οἱ
1042 3826 1272 3901 μαθηταὶ
1330 3822 1440 3904 (2),
1495 3824 1581 3903 ἀρ’
1620 3820 1764 3900 ὕϐρει
1790 3825 1975 3882 πασῶν

2061 3818 2424 3878 menicarum
2456 3819 2842 3898 synodorum,
2893 3822 2953 3882 in
2985 3821 3402 3884 contumeliam
3436 3821 3700 3903 pietatis,

329 3920 432 3970 τῶν
504 3917 879 3990 οἱκουμενικῶν
964 3913 1213 3993 συνόδων,
1272 3911 1354 3993 ἐφ’
1394 3910 1536 3991 ὕὸρει
1594 3908 1650 3967 δὲ
1707 3910 1803 3978 τῆς
1874 3909 1975 3968 ἀνᾶ

2057 3923 2186 3984 qua)
2217 3914 2337 3967 toto
2362 3909 2712 3987 praedicatur
2739 3910 2907 3990 orbe,
2932 3929 3049 3971 non
3083 3911 3291 3972 horres
3323 3930 3434 3973 nec
3464 3920 3704 3975 contre-

327 4009 499 4059 πᾶσαν
565 4004 664 4070 τὴν
743 4003 1053 4079 οἰκουμένην
1110 4002 1507 4081 κηρυττομένης
1562 3996 1845 4072 εὖσεϐειας,
1907 3998 1968 4055 οὒ

2056 3993 2259 4055 miscis
2298 4014 2408 4056 nec
2446 3998 2786 4077 expavescis
2820 3998 3042 4060 minas?
3081 3998 3195 4062 Sed
3241 4008 3302 4062 et
3329 3999 3460 4063 iuns
3491 4002 3695 4064 Patres

327 4092 551 4173 φρίττεις
611 4090 725 4149 οὗδὲ
781 4092 987 4171 τρέμεις
1046 4092 1161 4150 οὔδε
1216 4093 1607 4160 καταπτήσσεις
1651 4090 1751 4155 τὴν
1807 4088 1965 4145 ἀπει-

2056 4082 2158 4143 nisi
2190 4084 2605 4163 ejnscrimiuis
2637 4086 2953 4167 participes
2991 4088 3697 4168 efficias,intolerabilem

328 4170 427 4251 λτξν
461 4202 477 4254 ς
523 4180 659 4238 ἀλλά
698 4183 785 4239 καὶ
816 4170 961 4246 τοὺς
995 4183 1113 4247 σοὺς
1148 4180 1378 4249 Πατέρας
1410 4182 1452 4237 εί
1484 4180 1560 4252 μὴ
1600 4179 1798 4244 ταύτης
1841 4199 1961 4233 κοι-

2056 4170 2153 4237 tibi
2175 4173 2350 4235 vitam
2379 4173 3009 4238 arbitraris.EtPaulus
3030 4195 3106 4239 ne
3128 4177 3188 4238 in
3206 4196 3549 4257 corpoream
3577 4178 3706 4260 qui-

327 4272 521 4335 νωνοὺς
577 4273 843 4342 ποιήσεις,
915 4268 1138 4327 ἀϐίωτόν
1221 4292 1303 4326 σοι
1362 4271 1453 4326 τὸν
1493 4269 1604 4344 βίον
1660 4270 1769 4345 ἧγῇ
1799 4284 1812 4298 ⁶
1874 4266 1997 4346 καὶ1

2056 4263 2184 4323 dem
2219 4272 2452 4325 veretur
2482 4272 2751 4325 naturam
2780 4283 2889 4328 nec
2920 4265 3155 4346 penitus
3183 4276 3375 4338 curat,
3408 4267 3566 4346 quod
3587 4287 3701 4330 an-

328 4364 356 4416 e
415 4361 511 4434 μὲν
567 4358 685 4416 οὒδὲ
733 4361 828 4429 τὴν
908 4360 1190 4434 ἀσώματον
1270 4357 1569 4417 εὐλαϐεῖται
1626 4358 1779 4436 φύσιν
1850 4352 1997 4411 0'58}.l

2056 4352 2162 4430 geli
2207 4362 2271 4415 ut
2312 4362 2544 4414 mentes
2576 4372 2737 4432 puras
2769 4372 2915 4433 pure
2951 4364 3128 4434 atque
3161 4353 3509 4415 immediate
3540 4373 3705 4418 com-

327 4449 406 4506 ὅτι
436 4451 508 4514 ὡς
553 4449 667 4514 νόες
723 4452 937 4528 καθαροὶ
985 4450 1225 4528 καθαρῶς
1287 4450 1373 4504 γαὶ
1416 4446 1628 4522 ἀμέσως
1685 4452 1762 4520 τῷ
1803 4449 1966 4518 κοινῷ

327 4539 705 4618 παριστάμενοι
796 4547 1062 4615 Δεσποτῃ,
1143 4537 1289 4594 οὒδὲν
1345 4538 1542 4593 τούτων
1613 4534 1965 4603 δυσωπήσεως

326 4628 570 4708 ἀφορμὴν
628 4641 885 4705 ποιε”ται,
923 4627 1058 4683 ἀλλά
1088 4641 1202 4692 το”ς
1244 4627 1496 4704 ἒπιγείοις
1536 4623 1589 4680 ἐν
1616 4623 1720 4698 ἴσῴ
1747 4624 1877 4702 πρὸς
1906 4623 1967 4678 τὸ

323 4716 555 4787 ἀναθεμα
597 4722 865 4787 κατασπᾷ.
926 4718 998 4771 Συ
1042 4714 1096 4771 δὲ
1155 4711 1467 4793 ’Λμϐρόσιον
1522 4714 1610 4774 καὶ
1668 4714 1966 4789 Αὖγουστϊ-

324 4827 411 4862 νον
452 4805 540 4862 καὶ
590 4805 710 4867 τοὺς
764 4803 953 4867 ἄλλους
1003 4802 1120 4883 (φεῦ
1149 4808 1313 4877 τιμῆς
1370 4801 1601 4879 ὀλεθρίας
1632 4800 1675 4880 ί)
1723 4799 1960 4878 Πιτέρας

325 4892 502 4949 καλῶν
556 4893 691 4948 κατά
745 4897 843 4959 τῆς
910 4892 1238 4960 Δεσποτικῆς
1280 4890 1604 4961 ἀνοοπλίζων
1672 4908 1961 4964 μυσταγω-

324 4982 444 5059 γίας
475 4980 811 5057 ἀνεκτότερον
866 4979 970 5037 οἲέι
1011 4983 1073 5036 τὸ
1123 4978 1423 5058 κατάκριμα
1460 4978 1495 5047 ἢ
1554 4978 1690 5034 γατά
1746 4977 1965 5032 σεαυτοῦ

320 5072 356 5135 ἢ
408 5068 531 5125 κατ’
589 5068 797 5125 ἐκείνων
840 5069 1205 5149 ἐπισπᾶσθαι,
1267 5072 1340 5128 Οὒ
1380 5069 1479 5147 γὰρ
1532 5065 1701 5136 καλήν
1764 5085 1824 5143 γε
1865 5064 1964 5130 τὴν

323 5154 554 5231 ἀμοιϐὴν
595 5174 712 5223 τοῖς
764 5170 883 5221 σοῖς
941 5158 1225 5232 ἀπονέμεις
1276 5164 1508 5237 Πατρασι
1544 5172 1558 5187 ⁸
1623 5160 1683 5214 οὔ
1710 5152 1848 5211 καλά
1896 5154 1965 5209 τὰ

324 5259 544 5325 τροφεῖα
613 5260 735 5303 τοτσ
827 5248 1240 5325 γεννησαμένοις
1333 5244 1688 5326 ἀντεισφέρεις
1738 5259 1752 5274 ⁸
1826 5239 1963 5299 ἀλλὰ

322 5335 419 5412 γὰρ
450 5336 521 5400 εἷς
580 5334 675 5410 μὲν
718 5336 838 5402 τοὺς
874 5338 1157 5413 μακαρίους
1228 5334 1412 5413 ἄνδρας
1474 5336 1722 5408 ἐκείνους,
1786 5331 1963 5411 ὥσπερ

324 5421 467 5481 οὐδὲν
497 5422 678 5487 αὖτοϊς
736 5430 841 5480 τῶν
893 5430 1000 5481 σῶν
1043 5431 1211 5500 μετῆν
1261 5425 1605 5507 σοφισμάτων
1647 5428 1744 5492 τῆς
1801 5422 1960 5479 ἀπει-

399 5593 481 5666 (il
522 5589 842 5652 Leucada!
869 5592 1063 5669 γε’τῶν
1094 5583 1184 5671 ἀγ.
1233 5593 1498 5672 ἐπίχειρα.

2048 4439 2212 4501 muni
2242 4441 2524 4502 assistunt
2549 4441 2823 4518 Domino;
2851 4443 2998 4504 nihil
3022 4441 3266 4504 omnino
3293 4444 3501 4504 horum
3523 4462 3697 4507 vere-

2049 4528 2277 4605 tur,sed
2304 4547 2471 4609 aeque
2499 4548 2569 4591 ac
2596 4539 2866 4593 terrenos
2896 4529 3169 4593 homines
3192 4531 3436 4609 angelos
3464 4550 3702 4615 quoque

2047 4618 2121 4680 ad
2185 4618 2500 4679 anathema
2557 4620 2865 4699 pertrahit.
2901 4619 2989 4683 Tu
3019 4637 3161 4681 vero
3206 4620 3585 4682 Ambrosium
3642 4630 3703 4685 et

2052 4707 2447 4787 Augustinum
2479 4717 2536 4770 et
2565 4717 2811 4771 caeteros
2841 4710 2984 4790 (heu
3044 4709 3447 4789 perniciosum
3500 4709 3696 4772 hono-

2050 4814 2175 4857 rem
2204 4796 2239 4859 ί»
2275 4800 2476 4860 Patres
2523 4816 2874 4878 nuncupans
2906 4805 2964 4860 et
2992 4798 3278 4860 adversus
3323 4797 3694 4862 Dominicam

2045 4882 2375 4945 doctrinam
2410 4885 2650 4949 eosdem
2685 4886 2746 4946 in
2778 4885 2966 4949 aciem
3020 4886 3348 4952 instruens.
3406 4886 3692 4950 leviorem

2048 4981 2216 5045 putas
2246 4972 2306 5033 in
2339 4983 2395 5034 te
2426 4974 2513 5035 vel
2546 4974 2606 5035 in
2657 4974 2792 5036 illos
2846 4975 3287 5038 damnationem
3333 4981 3696 5041 accersere?

2046 5058 2173 5121 Non
2192 5059 2350 5122 enim
2372 5062 2583 5122 bonam
2613 5062 2728 5124 tuis
2750 5062 3028 5125 Patribus
3047 5064 3382 5126 mercedem
3402 5082 3515 5126 nec
3540 5063 3696 5127 bona

2046 5149 2413 5212 educationis
2443 5154 2681 5231 praemia
2706 5152 3076 5228 genitoribus
3101 5153 3405 5234 rependis.
3434 5149 3693 5216 Verum-

2047 5238 2355 5300 enimvero
2387 5239 2446 5301 in
2492 5240 2630 5302 illos
2660 5240 2904 5321 quidem
2952 5241 3155 5304 beatos
3183 5242 3365 5316 viros,
3401 5242 3697 5324 quemad-

2049 5328 2287 5389 modum
2311 5328 2421 5408 ipsi
2447 5328 2594 5391 nihil
2617 5330 2691 5391 de
2717 5330 2832 5391 tuis
2862 5330 3092 5393 cavillis
3128 5341 3343 5413 tuaque
3368 5331 3703 5413 pervicacia

2044 5417 2432 5499 acimpietate
2460 5418 2911 5501 participabant,
2937 5420 3019 5482 ita
3036 5436 3146 5484 nec
3176 5429 3337 5483 tuum
3382 5421 3701 5483 anathema

2128 5585 2217 5666 (ἓ)
2247 5586 2423 5649 Laur.
2467 5586 2524 5644 οἵ
2553 5589 2830 5667 γεγόνασιν
2862 5592 2906 5647 oi
2951 5592 3205 5667 μαθηταί.
