4178 6288
463 237 582 306 819

1565 242 1775 307 JOAN.
1822 241 2046 306 VECGI
2084 240 2203 304 GP;
2244 239 2757 308 ΡΑΤΒῙΑΒΟΗΑΕ

3723 237 3844 304 820

459 375 804 457 pertingere
835 375 1136 442 ullatenus
1190 377 1431 460 valebit,
1463 383 1525 440 tu
1575 353 1770 439 tamen
1831 395 1902 440 eo
1951 373 2106 451 quod

2202 374 2329 440 ictae
2376 377 2464 434 καὶ
2517 374 2782 448 ἀσεϐείας,
2841 373 3009 441 οὕτως
3052 372 3168 436 οὖδέ
3227 374 3288 433 τδ
3316 376 3410 433 σὸν
3436 374 3671 447 ἀνάθεμα
3727 371 3843 452 χώ-

463 465 605 528 inde
638 466 1004 558 putasjstam
1061 467 1426 547 impietatem
1481 467 1824 529 confirmari
1857 475 1918 528 et
1946 484 2114 527 com-

468 553 733 637 probari,
764 553 1083 618 lu'culentis
1113 556 1280 618 factis
1326 556 1488 617 omni
1521 575 1664 618 voce
1721 555 1939 618 clarius
1990 556 2116 617 cla-

465 643 766 708 mantibus
791 646 1108 708 anathema
1138 646 1202 706 in
1235 645 1366 707 illos
1398 644 1647 726 profers.

540 821 641 885 70.
673 820 879 903 Neque
908 823 1022 884 hoc
1051 821 1210 896 dico,
1243 840 1452 886 revera
1483 841 1854 904 quaecunque
1885 831 1944 885 tu
1960 841 2130 886 asse-

459 910 566 992 ris,
590 909 664 973 ab
699 910 774 972 iis
809 910 892 972 ita
918 911 1252 974 luculenter
1294 912 1491 988 tradi;
1523 931 1728 974 verum
1756 912 1892 974 licet
1921 915 2115 975 conti-

459 999 664 1080 gisset,
690 998 826 1062 illos
851 1001 967 1062 tale
995 999 1301 1082 quidpiam
1334 999 1558 1063 dixisse
1606 1002 1904 1082 (homines
1953 1000 2112 1063 enim

459 1097 629 1152 erant
658 1107 770 1152 nec
802 1099 992 1169 potest
1034 1109 1100 1152 se
1136 1093 1465 1151 immunem
1520 1089 1592 1151 ab
1636 1090 1798 1151 omni
1853 1091 2113 1152 humano

459 1176 628 1257 lapsu
649 1187 936 1256 perpetuo
959 1195 1320 1240 conservare
1343 1181 1443 1258 qui
1469 1197 1535 1240 ex
1559 1177 1682 1239 luto
1706 1179 1978 1258 fluxaque
2006 1196 2114 1239 na-

461 1272 591 1328 tura
615 1273 870 1340 constat,
892 1266 1012 1327 imo
1036 1285 1459 1346 nonnunquam
1494 1268 1668 1329 etiam
1705 1267 1845 1327 viris
1875 1267 2116 1346 optimis

463 1351 867 1416 adnascuntur
899 1353 1094 1434 aliqua
1127 1354 1374 1434 vestigia
1434 1355 1855 1435 macularum),
1887 1363 1943 1416 et
1978 1356 2116 1416 licet

454 1441 609 1505 forte
637 1441 709 1502 ad
734 1441 971 1522 aliquod
1002 1443 1349 1505 indecorum
1377 1461 1449 1505 ac
1470 1454 1645 1524 turpe
1671 1443 2110 1524 fuissentlapsi,

463 1550 573 1611 ego
605 1551 748 1594 sane
769 1533 985 1612 probos
1006 1530 1216 1594 Noemi
1239 1533 1390 1594 ﬁlios
1423 1533 1693 1596 imitarer
1724 1541 1783 1594 et
1813 1551 1918 1613 pro
1939 1532 2113 1593 vesti-

459 1621 680 1684 mentis
707 1620 946 1683 silentio
977 1624 1172 1700 potius
1196 1631 1378 1702 atque
1409 1621 1772 1701 gratitudine
1805 1631 2110 1698 paternam

2199 485 2293 543 ραν
2351 465 2556 544 εὖρήσει
2607 463 2886 522 διαϐαίνειν
2920 481 2935 496 ⁸
2985 466 3047 522 σὺ
3102 462 3157 520 δὲ
3226 461 3294 520 δι’
3336 465 3411 520 ὧν
3455 464 3600 535 ὅμως
3640 461 3842 518 ἐκεῖθεν

2199 554 2426 629 νομίζεις
2484 555 2544 610 τὸ
2607 552 2853 618 δυσσεϐὲς
2924 557 3349 633 συγκροτετσθιι.
3412 550 3682 630 λαριπὲοἹ
3751 547 3843 628 ’ἐρ’

2199 667 2313 724 γοις
2368 645 2457 701 καὶ
2491 649 2671 726 φωνῆς
2715 645 2927 711 ἀπάσης
2983 643 3340 723 γεγωνότερον
3397 639 3680 721 κεκραγόσι
3722 636 3844 695 κατ’

2199 735 2371 791 αὐτῶν
2394 734 2455 790 τὸ
2491 733 2722 810 ἀνάθεμα
2751 733 3110 809 προκομίζεις.

2279 813 2352 884 ο’.
2425 824 2523 881 Καὶ
2575 827 2634 883 οὐ
2729 823 2883 880 τοῦτό
2939 844 3103 902 φημι,
3159 820 3241 878 ὅτι
3312 821 3524 882 πάντως
3581 815 3714 892 ἅπερ
3781 817 3844 872 σὺ

2197 924 2544 990 κατηγορεῖς,
2621 911 2836 976 ἐκείνοις
2917 911 3056 968 οὕτω
3136 916 3437 990 περιφανῶς
3527 905 3845 986 δογματίζε-

2195 1025 2305 1072 ται,
2361 1001 2480 1058 ἀλλ’
2539 1003 2583 1058 εἷ
2639 1002 2727 1059 καὶ
2767 1007 3003 1059 τοιεῠπτον
3051 1021 3101 1058 τι
3150 1001 3430 1057 συνέπεσεν
3459 997 3643 1061 αὖτοὺς
3677 997 3848 1052 εἶπεϊν

2194 1087 2480 1170 (ἅνθρωποι
2562 1090 2661 1168 γάρ
2730 1089 2865 1157 ἦσαν
2933 1091 3023 1147 καὶ
3077 1089 3397 1167 ἀνθρωπῖνου
3451 1085 3850 1165 παρολισθνεμαο

2195 1202 2285 1243 τος
2335 1181 2432 1236 οὒκ
2485 1178 2595 1236 ’ἐστι
2667 1178 2952 1244 διαπαντὸς
3027 1179 3271 1256 ὑπεράνω
3342 1176 3589 1257 φέρεσθαι
3645 1177 3737 1230 τὸν
3788 1173 3854 1230 ἐκ

2195 1267 2370 1336 πηλοῦ
2425 1271 2512 1325 καὶ
2555 1269 2774 1346 ῥεούσης
2856 1267 2988 1334 ὕλης
3063 1268 3450 1346 συγκείμενον·
3499 1263 3603 1320 ἔσθ’
3659 1261 3747 1320 ὅτε
3793 1261 3852 1319 δὲ

2193 1359 2281 1416 καὶ
2333 1371 2453 1423 τοῖς
2511 1361 2743 1435 ἀρίστοις
2801 1357 3076 1437 ἐπιφύεταί
3161 1379 3280 1414 τινα
3348 1353 3570 1423 κηλῖδος
3629 1353 3798 1434 ἴχνη)
3831 1369 3847 1385 ο

2193 1445 2312 1504 ἀλλ’
2367 1450 2456 1504 οὖν
2509 1447 2563 1504 εἴ
2617 1470 2668 1504 τι
2741 1446 3168 1527 παρηνέχθησαν
3231 1444 3698 1525 ἐνασχημονῆσαι,
3730 1442 3853 1507 τοὺς

2193 1537 2526 1614 εὐγνώμονας
2598 1535 2660 1593 ἂν
2717 1542 2826 1594 τῶν
2897 1539 2990 1593 τοῦ
3047 1541 3164 1595 Νῶε
3224 1533 3425 1592 παίδων
3494 1533 3855 1609 ἐμιμησάμην

2191 1626 2280 1681 καὶ
2323 1625 2437 1682 ἀντὶ
2498 1622 2846 1704 περιϐολαίων
2900 1631 2968 1702 τῇ
3027 1630 3208 1700 σιωπῇ
3271 1621 3474 1697 μᾶλλον
3528 1623 3616 1677 καὶ
3658 1620 3858 1699 εὖγνωο

457 1710 888 1789 turpitudinem
921 1710 1289 1788 obtegerem.
1328 1729 1443 1771 non
1476 1720 1696 1784 autem,
1725 1709 1809 1771 uti
1842 1719 1908 1772 tu
1940 1710 2107 1784 facis,

2202 1713 2396 1789 μοσύνῇ
2475 1713 2577 1781 τὴν
2675 1713 2939 1793 πατρικὴν
3037 1711 3343 1788 ἑπεκαλυψα
3440 1709 3852 1791 ἀσχημοσύνην,

453 1797 660 1860 Chami
730 1815 1015 1878 sequerer
1069 1799 1449 1879 exemplum;
1485 1797 1604 1859 imo
1650 1817 1786 1860 vero
1833 1811 1895 1860 tu
1928 1799 2112 1860 multo

458 1886 730 1949 acerbius
763 1887 870 1948 illo
895 1897 1069 1967 atque
1096 1887 1507 1967 impudentius
1549 1897 1974 1969 tuorum,quos
2005 1907 2113 1949 vo-

460 1994 584 2056 cas,
611 1977 845 2038 Patrum
879 1977 1309 2056 turpitudinem
1336 1977 1600 2056 evulgas.
1635 1976 1742 2040 Ille
1784 1979 1972 2050 enim,
1996 1995 2116 2039 non

459 2065 599 2148 quia
621 2065 920 2138 revelavit,
949 2065 1053 2126 sed
1077 2066 1214 2147 quia
1239 2085 1355 2127 non
1381 2065 1615 2140 velavit,
1634 2067 2114 2129 maledictiouem

465 2153 768 2234 sustinuit;
802 2163 861 2214 tn
892 2171 1036 2216 vero
1070 2163 1130 2216 et
1158 2155 1386 2217 revelas
1406 2163 1465 2216 et
1493 2157 1553 2215 in
1585 2156 1694 2216 hac
1715 2157 1966 2218 audacia
1983 2156 2116 2232 glo-

465 2243 669 2317 riaris;
691 2253 750 2306 et
769 2242 870 2305 ille
889 2243 1131 2323 quidem
1184 2242 1466 2304 fratribus
1491 2261 1776 2304 arcanum
1801 2244 1970 2306 effert
1995 2261 2011 2316 ;
2055 2253 2116 2306 tu

464 2351 603 2396 vero
635 2351 752 2394 non
786 2332 1060 2393 fratribus
1103 2349 1213 2393 nec
1239 2331 1340 2392 uni
1369 2341 1469 2392 aut
1497 2332 1803 2412 alteri,sed
1829 2342 2114 2414 quantum

468 2431 655 2485 estex
688 2429 789 2482 tuo
811 2429 1025 2482 conatu
1063 2428 1122 2481 et
1169 2419 1538 2502 impudentia
1567 2423 1904 2484 universum
1948 2423 2117 2503 quasi

467 2518 762 2572 terrarum
788 2508 994 2569 orbem
1021 2509 1312 2570 theatrum
1338 2509 1706 2570 constituens
1730 2509 1954 2590 ingenti
1977 2529 2116 2591 pro-

470 2599 699 2677 mulgas
725 2597 1146 2665 clamore,tuos
1167 2599 1366 2660 Patres
1391 2597 1671 2660 sordibus
1697 2599 1881 2661 fcedos
1901 2607 2122 2679 esse,et

469 2687 530 2750 in
557 2687 825 2768 ipsorum
853 2685 1225 2766 turpitudine
1257 2686 1574 2749 luxuriaris
1596 2689 2033 2766 (debaccharis)
2065 2697 2124 2748 et

469 2775 796 2858 ignominia
845 2775 1086 2837 illorum
1133 2775 1356 2853 gaudes
1409 2783 1471 2839 et
1526 2778 1720 2838 socios
1742 2779 1981 2857 quaeris,
2017 2795 2123 2858 per

473 2884 623 2948 quos
650 2865 884 2928 illorum
912 2865 1174 2927 dedecus
1189 2883 1258 2928 ac
1282 2866 1718 2928 deformitatem
1748 2867 1808 2930 in
1829 2867 2120 2949 publicam

478 2956 691 3018 efferas
722 2958 914 3016 lucem
947 2965 1006 3018 et
1036 2955 1382 3017 Solemniter
1410 2955 1701 3017 celebres.

545 3046 615 3109 7t
637 3093 652 3110 .
684 3043 845 3106 Dixit
872 3045 1234 3122 Augustinus
1259 3056 1316 3108 et
1346 3044 1746 3125 Hieronymus
1776 3044 2059 3125 Spiritum
2090 3039 2182 3109 aC

466 3137 620 3201 Filio
671 3138 1023 3217 procedere.
1059 3138 1134 3200 Et
1165 3137 1326 3198 unde
1360 3145 1554 3218 potest
1608 3137 1700 3198 bal
1730 3137 1815 3198 eri
1865 3147 1966 3198 aut
1994 3139 2122 3200 dari

467 3227 642 3299 fides,
676 3237 811 3307 post
857 3234 941 3288 tot
996 3245 1184 3288 annos
1241 3228 1496 3308 elapsos,
1549 3245 1671 3286 non
1704 3245 1835 3288 esse
1882 3227 2118 3288 illorum

466 3316 688 3396 scripta
720 3333 828 3395 per
857 3315 1139 3388 malitiam
1172 3314 1515 3397 depravata?
1547 3313 1750 3394 Neque
1779 3314 1936 3375 enim
1963 3315 2116 3377 arici-

469 3405 611 3468 trari
632 3404 840 3478 debes,
874 3413 930 3466 te
959 3405 1150 3466 solum
1182 3422 1314 3469 esse
1342 3407 1413 3466 ad
1441 3405 1800 3483 impietatem
1825 3404 2111 3466 fervidum

469 3502 529 3556 et
555 3503 614 3556 te
643 3493 834 3554 solum
891 3493 1115 3557 audere
1175 3511 1292 3554 non
1350 3493 1649 3565 audenda;
1681 3493 1785 3553 sed
1821 3495 2015 3572 potius
2045 3513 2117 3555 ex

467 3581 579 3645 hac
602 3581 729 3662 ipsa
758 3581 838 3643 tui
868 3581 1052 3642 animi
1083 3582 1394 3644 afl'ectione
1425 3589 1685 3662 reputat,
1723 3592 1857 3642 tunc
1880 3601 2117 3662 quoque

467 3671 642 3734 facile
663 3669 848 3733 fuisse
878 3671 1285 3732 versutissimo
1305 3669 1541 3750 generis
1572 3669 1817 3732 humani
1847 3671 2005 3734 hosti
2037 3681 2118 3732 ta-

470 3760 628 3823 libus
655 3758 813 3821 vasis
834 3758 1164 3822 abundare.

552 3849 648 3912 7‘2.
685 3847 993 3922 Dixerunt,
1023 3866 1173 3927 quos
1203 3855 1264 3910 tu
1295 3845 1550 3921 addtcis,
1585 3847 1716 3909 ista.
1750 3845 1917 3919 Quod
1961 3847 2012 3909 si
2043 3847 2118 3910 ob

471 3937 730 4020 aliquam
781 3937 1201 4000 necessitatem
1252 3938 1340 3998 vel
1415 3956 1636 4018 pagano
1675 3956 1770 3998 um
1829 3937 2118 4000 insaniam

473 4035 884 4108 oppugnantes
898 4025 988 4088 vel
1003 4027 1176 4087 aliam
1193 4025 1532 4089 haereticam
1567 4025 1909 4107 opinionem
1937 4027 2122 4088 refel-

475 4116 785 4187 lentes,vel
815 4115 1149 4177 auditorum
1182 4116 1557 4196 indulgentes
1589 4115 1913 4178 infirmitati
1936 4117 2022 4181 vel
2042 4115 2117 4178 ob

2195 1804 2318 1883 οὐχὶ
2347 1800 2392 1858 δ’
2447 1803 2630 1882 ὥσπερ
2688 1804 2750 1860 σὺ
2808 1803 2941 1861 κστά
2981 1805 3074 1860 τὸν
3104 1803 3228 1877 Χάμ
3269 1798 3626 1880 διεπραξάμην
3661 1815 3674 1828 ·
3723 1797 3859 1873 μᾶλ-

2197 1895 2288 1948 λον
2343 1887 2397 1946 δὲ
2454 1891 2516 1947 σὺ
2589 1889 2728 1948 πολὺ
2784 1893 3096 1970 πικρότερον
3152 1890 3351 1947 ἐκείνου
3403 1890 3492 1946 καὶ
3560 1885 3858 1944 ἀναιδέστε-

2197 2001 2285 2058 ρον
2341 1979 2464 2044 toi);
2507 1978 2745 2058 Πατέρας
2803 1978 2891 2046 οὕς
2956 1978 3042 2059 (1)
3099 1977 3277 2057 λέγεις
3332 1980 3406 2041 εἷς
3463 1977 3856 2058 ἀσχημοσύνην

2198 2067 2526 2136 στηλιτεύεις
2560 2086 2575 2100 ·
2622 2073 2651 2127 ὁ
2694 2069 2794 2146 μὲν
2825 2071 2926 2148 γάρ
2958 2071 3062 2150 οὔχ
3106 2069 3188 2126 ὅτι
3231 2067 3588 2141 ἀπεκάλυψεν,
3616 2065 3736 2122 ἀλλ’
3767 2065 3858 2123 ὅτι

2198 2159 2277 2234 μὴ
2330 2157 2658 2240 ἐπεκάλυψιι,
2715 2160 2817 2238 τῂν
2877 2158 3008 2239 ἀράν
3069 2158 3259 2238 ὑπέχει
3293 2172 3308 2187 ⁶
3355 2157 3419 2212 σύ
3447 2153 3502 2212 δὲ
3532 2157 3619 2212 καὶ
3656 2155 3858 2212 ἀποκαο

2197 2247 2440 2326 λύπτεις,
2472 2249 2559 2306 καὶ
2590 2249 2825 2326 σεμνύνῃ
2858 2270 2927 2326 τῃ
2958 2246 3137 2325 τόλμῃ
3177 2266 3190 2281 ⁸
3235 2247 3324 2304 καὶ
3362 2247 3390 2302 ὁ
3421 2246 3519 2320 μὲν
3544 2259 3660 2308 τοῖς
3693 2243 3853 2301 ἀδελ-

2199 2349 2322 2416 φοῖς
2375 2338 2437 2393 τὸ
2488 2335 2787 2416 ἀπόῤῥητον
2862 2337 3096 2418 ἔκφερει,
3155 2336 3219 2393 σύ
3299 2334 3356 2392 δὲ
3424 2341 3520 2392 οὒκ
3575 2332 3850 2412 ἀδελφοῖς,

2199 2424 2314 2482 οῦδὲ
2383 2426 2514 2505 πρός
2545 2424 2636 2482 ἕνα
2689 2426 2726 2495 ἢ
2781 2424 2896 2502 δύο,
2944 2417 3068 2482 ἀλλ’
3097 2423 3197 2483 ὅσα
3238 2446 3299 2503 γε
3327 2429 3396 2500 τῇ
3426 2429 3496 2498 σῇ
3538 2421 3740 2499 σπουδῇ
3768 2417 3858 2480 καὶ

2200 2513 2542 2594 ἀναισχυντίᾳ
2596 2517 2694 2582 την
2769 2514 3086 2590 οἰκουμένην
3165 2514 3380 2592 θέατρον
3435 2513 3659 2583 καθίζων
3717 2511 3860 2589 μέγα.

2203 2603 2299 2676 μὲν
2357 2601 2651 2674 σαλπίζεις,
2708 2605 2784 2668 ὡς
2840 2606 2887 2660 οἱ
2939 2603 3020 2659 σοὶ
3085 2603 3314 2680 Πατέρες
3369 2601 3798 2680 ἐνασχημονοῦσι
3838 2618 3855 2636 ⁶

2201 2689 2586 2770 ἑνασελγαίνεις
2677 2689 2724 2748 δ’
2798 2697 2972 2752 αὐτῶν
3057 2706 3178 2757 ταῖς
3243 2691 3684 2771 ἀσχημοσύναις.
3772 2693 3863 2748 καὶ

2201 2786 2393 2861 τρυφᾷς
2475 2782 2574 2849 τὴν
2644 2780 2763 2840 κατ’
2832 2781 3045 2839 ἕκείνων
3100 2782 3312 2855 ἀτιμίαν
3345 2795 3358 2809 ⁸
3421 2780 3508 2835 καὶ
3565 2799 3862 2858 συγχορευ-

2204 2871 2299 2934 τάς
2343 2876 2524 2941 ζητεῖς
2582 2867 2647 2927 δι’
2703 2873 2780 2926 ὧν
2817 2874 2914 2940 τὴν
2945 2872 3158 2928 ἐκείνων
3230 2868 3373 2935 ὕϐριν
3436 2884 3451 2898 ⁸
3497 2868 3585 2924 καὶ
3614 2871 3862 2948 ἀσχημε-

2207 2960 2372 3039 σύνην
2426 2960 2499 3023 εἷς
2556 2961 2617 3015 τὸ
2673 2958 3048 3039 λαμπρότατον
3091 2959 3490 3039 πανηγυρίζεις.

2286 3037 2391 3110 οα’.
2493 3049 2648 3105 Εἶπεν
2740 3051 3097 3128 Αὖγουστῖνος
3183 3049 3272 3104 καὶ
3389 3038 3696 3124 Ἱερώνυμος
3799 3047 3862 3104 τὸ

2205 3138 2416 3211 Πνεῦμα
2474 3135 2534 3193 ἐκ
2575 3139 2667 3192 τοῦ
2725 3141 2844 3195 ι’ἱοῦ
2901 3139 3295 3217 ἒκπορεύεσθαι.
3371 3138 3469 3193 Καὶ
3534 3136 3692 3191 πόθεν
3749 3133 3860 3192 ἔστι

2202 3223 2386 3281 λαϐεῖν
2429 3225 2465 3294 ἢ
2517 3223 2691 3282 δοῦναι
2747 3227 2947 3306 πίστιν,
3009 3227 3259 3284 τοσούτου
3306 3224 3582 3302 ῥεύσαντος
3636 3224 3854 3303 χρόνου,

2201 3312 2282 3370 ὅτι
2325 3316 2404 3390 μὴ
2457 3314 2624 3372 αὗτῶν
2691 3320 3112 3396 κεκακούργηται
3195 3315 3263 3370 τά
3317 3312 3710 3390 συντὶγοεατας
3771 3315 3860 3380 Μὴ

2199 3403 2298 3480 γὰρ
2357 3401 2584 3476 νομίσεις
2643 3401 2726 3482 (9)
2801 3406 2966 3478 μόνον
3021 3405 3215 3460 σαυτὸν
3273 3402 3416 3458 εἶναι
3485 3401 3674 3477 θερμόν
3730 3403 3862 3475 πρὸς

2197 3488 2446 3548 ἀσέϐειαν
2487 3492 2576 3547 καὶ
2639 3490 2912 3569 τολμηρὸν
2972 3494 3038 3554 τά
3105 3491 3407 3567 ἀτόλμητα,
3454 3485 3574 3545 ἀλλ’
3630 3491 3690 3548 ἐκ
3758 3495 3862 3556 τῆς

2199 3586 2298 3646 σῆς
2366 3578 2674 3658 ἀναλογίζου
2731 3580 2938 3657 μᾶλλον
3004 3584 3252 3660 γνώμης,
3317 3581 3399 3637 ὅτι
3444 3581 3532 3636 καὶ
3571 3582 3863 3646 τηνικαῦτα

2201 3666 2348 3726 οὒδὲν
2402 3669 2463 3724 τὸ
2507 3668 2710 3726 κωλύον
2766 3673 2834 3737 ἦν
2888 3684 3137 3728 tinos-nov
3180 3672 3382 3726 σκευῶν
3439 3670 3726 3748 εὐπορῆσαι
3768 3670 3861 3725 τὸν

2200 3755 2588 3840 πολυμήχανον
2631 3762 2724 3816 τοῦ
2753 3759 2937 3838 γένους
2966 3760 3182 3840 ἐχθρόν,

2281 3836 2388 3904 οϐ’.
2423 3836 2614 3918 Εἶπον,
2677 3836 2775 3913 οὓς
2831 3850 2894 3904 σύ
2936 3836 3137 3928 λέγεις,
3187 3854 3376 3910 ταῦτα.
3431 3847 3492 3906 Εἰ
3535 3844 3590 3902 δὲ
3633 3843 3717 3902 διὰ
3745 3868 3864 3904 τινα

2201 3939 2504 4013 περίστασιν
2568 3935 2604 4005 ἢ
2659 3940 2790 4013 πρὸς
2846 3935 3213 4004 Ἐλληνιστῶν
3269 3936 3668 4018 ἀναφερόμενοι
3733 3934 3860 3993 λύσ-

2203 4045 2298 4080 σαν
2331 4024 2366 4092 ἢ
2424 4025 2554 4104 πρὸς
2615 4022 2786 4092 ἀλλην
2843 4027 3110 4106 αἱρετικῆν
3173 4025 3564 4104 διαμαχόμενοι
3620 4023 3771 4091 δόξαν
3823 4024 3863 4093 ἢ

2201 4118 2275 4189 τῇ
2369 4113 2474 4169 τῶν
2560 4113 2833 4192 ἀκροατῶν
2918 4111 3422 4193 συγκαταϐαίνοντες
3500 4114 3763 4185 ἀσθενείᾳ,
3823 4112 3861 4180 ἢ

470 4205 691 4288 aliquid
723 4205 882 4267 aliud
917 4205 1010 4267 his
1040 4206 1259 4287 simile,
1295 4207 1501 4287 qualia
1530 4206 1726 4267 solent
1757 4205 1816 4267 in
1861 4206 1979 4266 vita
2008 4207 2118 4285 hu;

2206 4202 2346 4258 πόσα
2402 4211 2615 4261 τοιαῦτα
2681 4205 3012 4271 καθεκάστην
3069 4206 3097 4260 ὁ
3167 4203 3490 4282 ἀνθρώπινος
3549 4199 3861 4259 ἱπιδείκνυσι

475 4314 650 4359 mana
702 4294 969 4376 quotidie
1026 4295 1296 4369 evenire,
1326 4295 1403 4370 si,
1439 4295 1704 4376 inquam,
1739 4293 1815 4356 ob
1871 4295 2118 4376 aliquam

2214 4293 2327 4369 βίος
2366 4309 2379 4323 ·
2410 4293 2454 4348 εἰ
2481 4293 2571 4348 οὖν
2603 4291 2820 4355 ἐκείνοις
2849 4290 2933 4350 διά
2960 4315 3010 4349 τι
3041 4293 3237 4350 τούτων
3266 4292 3302 4360 ἢ
3331 4293 3420 4348 καὶ
3449 4289 3532 4350 διὰ
3561 4290 3726 4348 πλείω
3753 4312 3864 4348 τοι·

476 4385 777 4466 ejusmodi
819 4403 1058 4447 causam
1093 4385 1221 4448 sive
1272 4385 1456 4446 etiam
1515 4384 1591 4446 ob
1647 4389 1855 4463 phines
1885 4385 1956 4446 iis
1988 4385 2118 4446 fortt

2218 4381 2385 4448 αὐτην
2415 4379 2634 4444 ἐκείνοις
2665 4381 2878 4460 ἀφεῖναι
2922 4381 3173 4439 συνέπεσε
3212 4381 3416 4462 φωνὴν,
3447 4382 3560 4442 πῶς
3589 4383 3652 4440 συ
3681 4381 3742 4436 τὸ
3785 4379 3864 4454 μὴ

473 4465 612 4538 talus
637 4493 745 4536 vox
778 4475 1024 4550 excidit,
1058 4475 1360 4557 quomodo
1395 4484 1455 4535 tu
1487 4473 1644 4556 quod
1687 4473 1773 4535 illi
1806 4493 1921 4534 non
1955 4491 2118 4535 sensi

2219 4471 2355 4526 κατά
2409 4467 2738 4548 δογματικὴν
2793 4470 3010 4536 ὶκείιοις
3059 4468 3260 4526 ἔννοιαν
3317 4469 3616 4548 εἰρημένον,
3688 4465 3864 4546 δόγμα

479 4562 815 4640 dogmatico
873 4556 1359 4643 pronuntiarunt,
1407 4580 1512 4643 pro
1559 4561 1832 4640 dogmate
1889 4579 1958 4622 ac
2008 4561 2118 4641 leg:

2220 4559 2309 4614 καὶ
2365 4558 2526 4634 νόμον
2567 4563 2734 4614 ποιῶν
2789 4563 2966 4633 σαυτῴ
3007 4558 3103 4634 μὲν
3132 4559 3426 4629 ἀνοήθητον
3590 4557 3689 4625 τὴν
3717 4556 3866 4612 ἀπώ·

481 4669 748 4725 sumens,
785 4649 889 4712 tibi
914 4651 1158 4732 quidem
1191 4651 1302 4734 ipsi
1334 4649 1786 4731 irreparabilem
1805 4668 1972 4712 creas
2007 4667 2118 4728 pert

2224 4646 2368 4703 λειαν
2438 4645 2688 4726 ὶπάγεις,
2734 4646 2962 4712 ἐκείνους
3021 4646 3077 4704 δὲ
3119 4653 3496 4727 ωγκατασπᾷν
3538 4652 3607 4722 τῇ
3657 4651 3727 4723 σῇ
3780 4668 3866 4724 ιριο

484 4739 731 4815 niciem,
754 4738 890 4804 illos
916 4757 1059 4805 vero
1083 4741 1146 4804 in
1179 4751 1339 4804 tuam
1367 4739 1648 4822 abripere
1668 4738 1970 4802 vesaniam
2001 4757 2118 4802 cont

2217 4735 2479 4800 λονεικετς
2509 4735 2733 4809 ἀπονοίᾳ
2761 4735 2846 4816 (4)
2881 4756 2898 4815 ;

483 4829 683 4894 tendis
698 4827 730 4889 ?

1092 4923 1402 4988 REFUTA
1419 4923 1574 4989 T10.

2831 4925 3253 4979 ΑΝΤΙΡΡΗΣΙΣ.

563 5014 802 5080 XXVII.
831 5013 977 5077 Cum
997 5014 1674 5094 Ambrosio,Augustino
1703 5012 2118 5095 etHieronymt

2302 5003 2450 5095 KZ'.
2476 5011 2626 5073 Ἐπεὶ
2679 5010 2980 5094 Ἀμϐροσίω
3036 5014 3480 5094 συγγιγνώσκεις,
3538 5013 3874 5092 Λῦγυοστίνῳ

483 5104 716 5168 veniam
749 5105 1068 5181 concedas,
1120 5101 1264 5169 licet
1311 5105 1388 5168 iis
1420 5106 1536 5168 tale
1584 5103 1907 5187 quidquam
1939 5104 2114 5184 eloqu

2220 5124 2279 5160 τε
2307 5105 2396 5161 καὶ
2441 5094 2758 5181 Ἱερωνύμῳ,
2814 5104 2858 5158 εί
2913 5105 3001 5159 καὶ
3039 5103 3274 5160 τοιοῦτόν
3302 5124 3353 5158 τι
3407 5099 3687 5158 συνέπεσεν
3740 5100 3876 5158 ἑκεί-

483 5193 798 5266 acciderit,
829 5195 999 5274 quasi
1033 5214 1141 5277 pro
1172 5195 1292 5258 illis
1336 5192 1755 5259 defensionem
1797 5192 2114 5254 instituens

2221 5214 2331 5257 νοις
2387 5194 2580 5262 εἶπετν,
2652 5189 3216 5270 ὑπεραπολογούμενος
3272 5189 3451 5268 ὥσπερ
3510 5188 3720 5246 ἐκείνων
3779 5189 3875 5245 ἅτε

490 5280 648 5360 quod
677 5281 955 5346 homines
983 5276 1053 5346 ex
1081 5284 1206 5348 luto
1239 5295 1300 5349 et
1327 5287 1483 5349 fluxa
1504 5282 1753 5346 materia
1779 5280 2118 5361 composito:

2224 5282 2304 5358 μὴ
2357 5281 2474 5340 ἐνὸν
2549 5280 2681 5360 ὑπὲρ
2733 5281 3058 5360 ἀνθρωπίνου
3141 5277 3605 5359 παρολισθήματος
3655 5276 3879 5334 διαπανο

573 5440 667 5599 £1;
693 5415 869 5506 Laur.
902 5445 978 5510 ὡς
1009 5449 1072 5506 ιιι
1098 5441 1291 5509 Vatic.

599 5519 640 5584 Ξ
696 5521 784 5588 Μὴ
828 5522 927 5602 γάρ
955 5525 1180 5598 νομίσης
1210 5525 1384 5588 Laur.

2299 5441 2392 5603 (δὲ
2429 5441 2593 5507 Fort.
2629 5439 2952 5512 ἀϐοήθητον.

2301 5522 2364 5599 (4
2418 5523 2593 5588 Laur.
2626 5522 2835 5599 ἀπωλίᾳ
2883 5539 2952 5603 pr

599 5519 667 5599 2)
696 5521 784 5588 Μὴ
828 5522 927 5602 γὰρ
955 5525 1180 5598 voti-lene
1210 5525 1384 5588 Laur.

2301 5519 2392 5603 (4)
2418 5523 2593 5588 Laur.
2626 5522 2835 5599 ἀπωλίᾳ
2883 5537 2991 5604 pro
3019 5519 3262 5595 ἀπονοίᾳ.
