4178 6288
370 361 487 433 833

1175 372 1617 439 REFUTATIO
1658 370 2036 438 PHOTIANI
2079 371 2287 437 LIBRI
2330 376 2429 438 DE
2473 373 2777 438 SPIRITU
2824 379 2883 440 S.

3631 372 3746 439 834

372 494 721 594 ἀφαιρέσεως.
798 509 895 566 Καὶ
953 516 1068 576 πῶς
1126 508 1362 582 ἒντελῆς
1449 519 1577 575 Τοῖς
1661 509 2077 587 επαγομὲνοιςΑ

2142 524 2345 568 emere
2374 525 2527 588 opus
2552 508 2733 572 sit.Et
2765 509 3064 589 quomodo
3122 510 3451 589 perfectam
3470 511 3501 571 ?
3521 510 3599 573 lis
3620 529 3750 594 qua

374 592 634 673 πρόσεχε.
686 619 713 650 α
761 598 887 662 Περί
928 619 986 655 τε
1036 600 1159 675 γὰρ,
1196 624 1219 653 ιι
1282 600 1435 678 φησὶ,
1500 626 1526 658 α
1558 606 1650 656 τοῦ
1712 600 1914 678 Πατρὸς
1943 598 2031 652 καὶ

375 690 468 741 τοῦ
532 686 650 741 Υἱοῦ
690 688 779 743 καὶ
849 690 943 743 τοῦ
1002 688 1152 765 ἁγίου
1238 690 1543 764 Πνεύματος
1622 686 1915 747 ἓκδιδάσκει
1969 686 2031 742 τὸ

376 769 604 834 τέλειον.
643 795 664 827 ι
704 779 839 832 Εἶτα
867 780 982 842 πῶς
1026 775 1323 837 ἐκδιδάσκει
1366 779 1431 834 τὸ
1488 776 1690 835 τέλειον
1726 797 1742 857 ;
1802 779 1903 836 Τὸν
1932 783 2030 851 μὲν

377 863 502 918 Υἱον
531 863 590 919 ἐκ
632 870 725 921 τοῦ
779 868 979 944 Πατρὸς
1010 866 1210 940 ἀναϐοᾷ
1262 871 1538 947 γεννῆναι,
1583 869 1646 924 τό
1702 865 1757 923 δὲ
1819 865 2030 936 Πνεῦμα

380 948 442 1005 ἐκ
469 956 560 1007 τοῦ
605 954 809 1028 Πκτρὸς
861 955 1257 1034 ἐκπορεύεσθαι,
1293 957 1381 1012 καὶ
1424 957 1548 1030 μετ’
1607 954 1763 1033 ὀλίγα
1791 975 1804 990 ο
1875 979 1897 1009 ι
1931 961 2032 1012 Καὶ

380 1034 465 1097 διὰ
495 1040 594 1114 μὲν
623 1041 742 1105 τοὺς
785 1051 862 1118 τῷ
922 1042 1184 1119 Πνεύματι
1240 1050 1318 1118 τῷ
1354 1046 1489 1124 ἁγίῳ
1535 1045 1876 1125 μαχομένους
1933 1041 2032 1108 τὴν

381 1128 599 1206 χρόνοις
668 1129 883 1208 ὕστερον
942 1135 1083 1213 παρὰ
1138 1141 1244 1191 τῶν
1299 1134 1384 1190 ἐπὶ
1466 1139 1567 1200 τῆς
1653 1131 2033 1210 βασιλευούσης

384 1213 595 1282 πόλεως
679 1219 869 1277 ἑκατὸν
943 1223 1278 1293 πεντήκοιτα
1361 1219 1714 1278 συνελθόντων
1784 1219 2029 1297 Πατέρων

382 1304 502 1389 ’ξτερῖ
555 1305 653 1374 τῆς
714 1317 807 1364 τοῦ
875 1311 1184 1386 Πνεύματος
1244 1311 1419 1373 οὗσίας
1488 1309 1876 1389 παραδοθεῖσαν
1943 1305 2026 1362 δι-

384 1387 670 1450 δασκαλίαν
724 1411 899 1476 κυροῖ.
938 1425 963 1457 ι
1030 1399 1129 1457 Καὶ
1197 1399 1312 1463 πῶς
1358 1387 1627 1476 ἐκύρωσαν
1724 1400 1862 1454 οὗτοι
1931 1396 2029 1463 τὴν

383 1482 479 1538 τοῦ
507 1484 812 1558 Ηνεύματος
857 1486 1057 1563 ουσίαν,
1110 1486 1147 1555 ἣ
1199 1485 1359 1556 δῆλον
1417 1488 1654 1550 εἰπόντες
1714 1489 1773 1544 τὸ
1821 1493 2030 1559 Πνεῦμα

384 1568 445 1627 ὲκ
487 1582 582 1630 τοὺ
620 1574 822 1651 Πατρὸς
865 1575 1236 1655 ἐκπορεύεσθαι
1275 1595 1292 1651 ;
1339 1566 1517 1634 ιὨστέ
1569 1579 1598 1633 ὁ
1647 1574 1779 1633 ἄλλο
1810 1599 1861 1632 τι
1889 1575 2032 1648 παρὰ

385 1665 542 1717 τοῦτο
592 1659 851 1721 διδάσκων
907 1666 967 1721 τὸ
1035 1665 1187 1744 κῦρος
1231 1665 1512 1745 ἀνατρέπει
1563 1667 1651 1722 καὶ
1710 1678 1907 1745 συγχεῖ
1945 1664 2032 1720 καὶ

2114 605 2447 676 sequuntur
2492 597 2757 659 animum
2789 597 3050 661 adverte.
3088 624 3109 654 ι
3148 600 3232 663 De
3268 604 3437 661 l’atre
3485 601 3672 683 enim,
3721 624 3743 662 ι

2114 684 2327 764 inquit,
2387 707 2409 743 α
2458 695 2511 748 et
2562 687 2710 749 Filio
2756 695 2815 749 et
2888 686 3107 768 Spiritu
3163 698 3366 750 sancto
3424 691 3749 770 perfectum

2115 772 2346 835 edocet.
2386 799 2406 828 ι
2446 776 2837 856 thuomodo
2868 777 3042 838 docet
3066 777 3437 857 perfectum?
3461 777 3752 841 Videlicet

2110 860 2325 923 Filium
2355 882 2424 924 ex
2461 867 2627 925 Patre
2649 866 2927 942 generari
2946 865 3186 938 clamat,
3212 866 3496 946 Spiritum
3524 886 3662 928 vero
3683 885 3753 930 ex

2116 953 2290 1013 Patre
2322 954 2669 1032 procedere.
2703 953 2772 1014 Et
2799 964 2929 1033 post
2959 973 3143 1033 pauca
3176 974 3190 1015 :
3233 959 3518 1034 «Propter
3535 974 3637 1018 eos
3652 955 3755 1036 qui

2116 1050 2321 1101 contra
2350 1041 2635 1120 Spiritum
2678 1051 2944 1103 sanctum
3001 1043 3342 1123 pugnabant
3396 1044 3753 1107 sententiam

2116 1126 2258 1187 olim
2284 1139 2568 1190 acentum
2594 1130 3049 1211 quinquinginta
3079 1133 3473 1212 Patribusqui
3500 1132 3561 1194 in
3591 1135 3756 1212 regia

2118 1215 2268 1277 urbe
2319 1229 2744 1290 convenerunt,
2800 1222 2874 1282 de
2933 1220 3187 1299 Spiritus
3249 1221 3438 1283 sancti
3499 1222 3759 1284 e~sentia

2114 1305 2384 1367 traditam
2438 1309 2771 1388 confirmat.
2826 1332 2850 1365 ο
2911 1307 2983 1369 Et
3014 1308 3314 1389 quomodo
3366 1309 3457 1370 isti
3504 1308 3758 1390 Spiritus

2113 1394 2298 1455 sancti
2331 1398 2647 1457 essentiam
2675 1396 3434 1458 constituerunt‘mimirum
3467 1400 3568 1460 ubi
3589 1399 3759 1462 dixe-

2111 1492 2251 1543 runt
2278 1485 2562 1564 Spiritum
2598 1506 2629 1547 a
2657 1486 2825 1547 Patre
2857 1487 3202 1567 procedere.
3237 1484 3636 1558 Quamobrem
3659 1488 3760 1568 qui

2114 1571 2272 1633 aliud
2308 1573 2607 1654 quidpiam
2645 1586 2859 1655 praeter
2889 1578 3001 1637 hoc
3033 1577 3231 1650 docet,
3264 1575 3508 1654 abrogat
3537 1584 3595 1637 et
3622 1595 3764 1638 con-

2117 1657 2309 1721 fundit
2363 1672 2418 1723 et
2477 1664 2781 1743 pervertit,
2842 1673 3126 1743 quantum
3180 1664 3421 1745 quidem
3470 1664 3540 1726 ad
3594 1683 3759 1727 suam

386 1749 558 1828 φόρει,
602 1751 661 1808 τό
705 1773 767 1830 γε
808 1753 940 1822 ἧκον
992 1755 1062 1818 εἰς
1095 1753 1296 1825 τόλμαν
1353 1755 1449 1823 τὴν
1494 1756 1671 1835 αὒτοῦ,
1720 1756 1883 1821 αὐτὴν
1944 1763 2035 1809 τοῦ

2140 1749 2420 1812 ιυίιίιοίτιιη
2454 1753 2685 1828 attinet,
2738 1755 3053 1834 ipsammet
3103 1752 3356 1834 Spiritus
3410 1754 3756 1816 es~entiam.

386 1841 692 1917 Hvedpatu;
721 1845 822 1913 τὴν
889 1846 1089 1908 οὐσίαν.
1146 1847 1309 1921 Εἶτα,
1341 1864 1363 1895 ι
1416 1845 1500 1904 διὰ
1541 1850 1663 1913 τοὺς
1721 1870 1797 1922 τῳ
1865 1831 2086 1903 Πνεῦ-Ε

2140 1840 2346 1900 )einde
2378 1845 2645 1920 expende
2675 1831 2853 1905 verba
2883 1831 3290 1923 illa,opropter
3316 1861 3418 1903 eos
3438 1841 3539 1923 qui
3560 1853 3764 1904 contra

394 1935 631 2008 ματιτῴ
680 1934 814 2012 ἁγίῳ
872 1934 1237 2015 μαχομένους,
1292 1959 1319 1991 ι
1385 1939 1482 1995 Καὶ
1535 1938 1670 2001 τίνες
1713 1936 2033 2016 ἐμάχοντο;

2140 1928 2403 2016 Spiritum
2437 1942 2703 1992 sanctum
2736 1931 3071 2012 pugnabant
3105 1930 3465 2011 .thninam
3491 1928 3766 1992 inierant?

392 2017 562 2076 Πάλαι
613 2021 710 2095 μέν
740 2025 788 2080 οἱ
836 2014 1155 2081 Μακεδόνιον
1208 2024 1321 2081 ἀντὶ
1365 2032 1471 2081 τιῦν
1522 2014 2039 2106 ἀχράντωνγλόγίων

2140 2014 2275 2078 )lim
2324 2019 2564 2099 quidem
2624 2020 2724 2100 qui
2781 2021 3192 2082 Macedonium
3244 2021 3373 2081 loco
3421 2028 3759 2081 sanctarum

394 2106 709 2168 διδάσκαλον
780 2113 953 2191 σφίσιν
995 2115 1179 2176 αὐτοῖς
1237 2112 1541 2179 ἂνειπόντες
1580 2136 1592 2148 ·
1668 2139 1756 2172 νυν
1830 2114 1883 2171 δὲ
1956 2115 2040 2170 οἱ-

2140 2106 2565 2186 Scripturarum
2595 2109 2707 2169 sibi
2739 2108 2882 2189 ipsis
2914 2109 3254 2187 magistrum
3291 2108 3768 2189 constituerunt;

392 2197 505 2254 ἀντὶ
536 2200 625 2256 τοῦ
654 2208 878 2280 Χριστοῦ
926 2203 1013 2259 καὶ
1066 2204 1165 2270 τῆς
1223 2205 1381 2261 αἶ)τοῦ
1438 2206 1808 2283 μυσταγωγίας
1842 2222 1857 2236 ⁸
1919 2201 2039 2259 ἀλλ’

2140 2213 2289 2257 nunc
2320 2213 2480 2276 vero,
2507 2198 2606 2276 qni
2632 2198 2760 2258 loco
2786 2199 2999 2259 tibristi
3049 2215 3350 2277 sacrmque
3402 2197 3561 2259 illius
3593 2197 3769 2258 insli-

393 2287 491 2344 οὐκ
520 2287 636 2369 ἔχω
669 2292 782 2346 τίνα
811 2291 1022 2348 καλέσω
1054 2307 1069 2322 ⁸
1132 2290 1298 2356 όῦτως
1370 2293 1508 2349 ἐστὶν
1556 2297 1725 2353 αὐτῶν
1783 2292 2045 2373 ἀκέφαλον

2140 2284 2463 2373 Lutionisf—
2493 2295 2552 2349 at
2576 2305 2693 2349 non
2718 2286 2910 2349 habeo
2940 2305 3117 2368 quem
3153 2286 3478 2366 nominem;
3512 2285 3663 2348 adeo
3687 2292 3777 2347 est

397 2376 456 2431 τὸ
486 2374 788 2455 δυσσέϐημα
823 2399 838 2415 ο
897 2378 1038 2449 πλὴν
1081 2381 1193 2437 ἆννὶ
1251 2388 1344 2438 τοῦ
1393 2382 1640 2461 Σωτῆρος
1701 2384 1747 2439 οἱ
1788 2387 1858 2459 τῇ
1896 2372 2045 2437 νὰπω·

2140 2373 2321 2453 :apite
2350 2372 2564 2436 destila
2596 2376 2858 2456 ipsorum
2908 2376 3183 2454 impietas
3212 2408 3289 2418 —
3318 2375 3442 2455 qui,
3505 2375 3771 2455 inquam,

395 2464 513 2538 λείᾳ
570 2467 1117 2548 πρόσδεδραμηκότες,
1174 2468 1344 2527 Ἀλλὰ
1387 2480 1551 2529 ταῦτα
1606 2470 1766 2546 μὲνῆ
1826 2492 1883 2527 τε
1916 2472 2044 2526 σύν-

2140 2466 2258 2524 loco
2287 2462 2502 2524 Christi
2521 2466 2594 2526 ad
2622 2464 3016 2545 perditionem
3042 2463 3407 2542 confugiunt.
3433 2465 3628 2545 Atque
3649 2464 3775 2527 haec

399 2552 515 2618 οδος
593 2555 957 2635 πολυγλώσσῳ
1024 2559 1111 2614 καὶ
1187 2560 1657 2632 πνευματοκινήτῳ
1754 2557 2034 2638 φθέγγεται

2140 2551 2362 2633 ididem
2420 2564 2621 2616 sancta
2678 2553 2935 2635 synodus
2985 2553 3339 2631 multilingui
3373 2563 3428 2613 et
3472 2571 3506 2613 a
3551 2554 3775 2633 Spsritu

397 2650 569 2724 φωνῇ,
603 2647 689 2702 καὶ
736 2647 881 2703 Λέων
950 2649 979 2702 ὁ
1034 2646 1305 2727 πάνσοφος
1362 2646 1654 2722 συναναϐοᾷ
1694 2650 1782 2704 καὶ
1837 2651 2036 2728 ψήφοις

2140 2649 2324 2702 sancto
2338 2651 2465 2703 acta
2487 2661 2627 2707 voce
2646 2642 3281 2724 proloquitur,Leoque
3306 2641 3780 2722 sapientissimus

401 2733 631 2800 ἁπάσαις
694 2734 1125 2815 ἑπασιραλίζεται,
1186 2738 1259 2792 Σὺ
1316 2733 1370 2792 δὲ
1412 2739 1503 2793 τὸν
1560 2746 1675 2795 νοῦν
1754 2737 2039 2804 ἐπίστησον

2140 2749 2244 2791 ina
2273 2749 2405 2789 cum
2458 2730 2576 2792 illis
2609 2735 2887 2812 praedicat
2929 2731 3292 2811 calculisque
3321 2729 3597 2792 omnibus
3627 2750 3777 2791 con-

398 2840 518 2891 τοῖς
549 2822 735 2905 ἑφεξῆς
769 2844 784 2860 ο
819 2828 950 2904 πρὸς
980 2847 1077 2905 γαρ
1107 2830 1185 2899 τῷ
1212 2824 1352 2882 τέλει
1406 2831 1504 2894 τῆς
1560 2825 1693 2895 ὅλης
1734 2834 1827 2885 τοῦ
1880 2826 2040 2905 λόγου

2140 2821 2343 2881 firmat.
2372 2818 2459 2879 Tu
2486 2839 2624 2882 vero
2658 2832 2918 2883 mentem
2943 2821 3015 2882 iis
3035 2838 3167 2901 qua;
3183 2832 3514 2899 sequuntur
3533 2819 3781 2896 adhibe;

403 2920 698 2994 περικοπῆς
759 2913 860 2971 ὦδέ
919 2937 1047 2994 φησι
1082 2929 1096 2944 ⁸
1159 2936 1181 2967 ι
1215 2916 1422 2973 Τούτων
1466 2916 1636 2973 τοίνυν
1694 2923 1828 2992 μετὰ
1868 2918 2048 2982 πάσης

2140 2927 2336 2970 versus
2360 2908 2536 2969 finem
2562 2930 2817 2991 namque
2843 2911 3023 2972 totius
3053 2909 3349 2970 sermonis
3382 2908 3708 2990 pericopes
3734 2907 3784 2970 is

404 3006 740 3084 πανταχόθεν
791 3002 1055 3082 ἀκριϐείας
1123 3025 1182 3061 τε
1239 3006 1325 3060 καὶ
1376 3004 1659 3080 ἐμμελείας
1713 3002 1839 3086 παρ’
1893 3007 2050 3081 ἡμῶν

2140 3006 2189 3060 ta
2220 2996 2394 3059 dicit:
2437 3023 2461 3052 α
2490 2996 2593 3059 His
2619 2999 2796 3076 igitur
2834 3018 2967 3060 cum
3001 2997 3160 3058 omni
3183 3008 3358 3077 atque
3379 2997 3642 3073 undique
3673 3017 3781 3067 ex-

406 3093 866 3154 διαστυπωθὲντων
912 3093 1101 3168 ὥρισεν
1153 3095 1188 3161 ἡ
1231 3094 1353 3172 ἁγία
1410 3096 1498 3150 καὶ
1552 3084 1891 3170 οἰκοδμενικὴ
1934 3096 2051 3151 σύν-

2140 3098 2264 3151 acta
2293 3105 2433 3151 cura
2471 3098 2531 3149 et
2574 3087 2877 3166 diligentia
2918 3106 2951 3149 a
2994 3086 3166 3146 nobis
3194 3085 3500 3164 dispositis
3518 3084 3785 3146 deﬁnivit

406 3182 524 3247 οδος
559 3205 584 3241 ι
653 3182 742 3263 (ἧς
799 3181 1043 3249 δηλονότι
1086 3195 1374 3262 κορυφαῖος
1418 3181 1567 3239 Λέων
1605 3187 1633 3240 ὁ
1662 3183 1936 3261 βασιλικὸν
1964 3185 2086 3258 καὶ(

2140 3190 2336 3241 sancta
2361 3188 2416 3240 et
2437 3177 2809 3239 mcumenica
2831 3175 3115 3257 synodus-
3133 3175 3328 3254 (cujus
3343 3174 3620 3235 videlicet
3645 3192 3781 3254 prae-

408 3277 499 3330 τὸν
559 3280 684 3330 νοῦν
738 3274 827 3329 καὶ
869 3273 935 3328 τὰ
1005 3273 1218 3350 ρήματα
1288 3272 1665 3348 κεκτημένος).
1714 3275 1772 3333 Ei
1820 3276 2048 3352 ὤρισεν;

2140 3287 2228 3329 ses
2252 3280 2379 3330 erat
2396 3268 2510 3329 Leo
2533 3265 2755 3345 regium
2777 3284 2982 3327 revera
3001 3274 3061 3326 et
3081 3264 3343 3325 animum
3365 3272 3420 3324 et
3441 3281 3781 3324 sermonem

418 3385 443 3421 α
479 3352 693 3442 Ἐτέραν
762 3363 935 3419 πίστιν
993 3358 1179 3436 μηδενὶ
1250 3360 1443 3427 ἐξεῖναι
1500 3364 1794 3444 προφέρειν,
1848 3361 2049 3441 ἤγουν-

2142 3358 2400 3439 nactus).
2475 3356 2625 3428 Quid
2701 3353 3022 3444 definivit?
3077 3354 3340 3414 Alteram
3406 3354 3583 3417 ﬁdem
3643 3352 3789 3412 nulli

409 3464 732 3532 συγγραφεΐν
772 3451 808 3519 ii
853 3449 1137 3506 συντιθέναι
1193 3449 1230 3518 ἢ
1288 3463 1499 3529 φρονεῖν
1541 3451 1577 3519 ἢ
1621 3443 1892 3509 διδάσκειν
1926 3452 2046 3508 ἐτέ-

2156 3447 2340 3510 licere
2368 3449 2634 3528 proterve
2656 3445 2742 3505 vel
2776 3443 3156 3505 conscribere
3190 3453 3285 3503 aut
3312 3460 3671 3521 componere
3690 3459 3792 3516 an;

406 3565 526 3624 ρους
560 3562 575 3576 ⁶
635 3541 756 3603 τοὺς
800 3537 855 3596 δὲ
910 3537 1219 3614 τολμῶντας
1278 3539 1313 3607 ii
1371 3540 1655 3597 συντιθέναι
1712 3542 1885 3598 πῖσνιν
1925 3542 2042 3598 ἐτέ-

2140 3539 2354 3600 sentire
2387 3544 2490 3597 aut
2515 3534 2662 3596 alios
2696 3535 2916 3596 docere
2943 3582 2959 3614 ,
3028 3550 3131 3593 eos
3190 3543 3388 3592 autem
3421 3530 3523 3610 qui
3572 3531 3794 3597 audent

408 3621 524 3712 ραν,
588 3628 747 3707 ἤγουν
803 3627 1146 3706 προκομίζειν
1202 3627 1238 3696 ἢ
1308 3626 1587 3703 διδάσκειν,
1623 3631 1659 3698 ἢ
1701 3630 2042 3710 παραδιδόναι

2144 3643 2517 3706 componere
2550 3625 2723 3686 tidem
2749 3625 2997 3685 alteram
3029 3632 3127 3684 aut
3153 3622 3418 3699 proferre
3446 3628 3545 3680 aut
3572 3621 3795 3681 docere

406 3709 585 3801 ἕτερον
616 3716 874 3794 σύμϐολον
931 3730 1050 3781 τοῖς
1121 3716 1382 3773 ἐθέλουσιν
1436 3709 1788 3800 ἐπιστρέφειν
1821 3725 1890 3785 εἷς
1924 3722 2041 3779 ἐπί-

2140 3725 2231 3779 aut
2255 3716 2501 3777 tradere
2529 3714 2786 3775 alterum
2822 3713 3151 3793 symbolum
3178 3712 3349 3771 volen
3381 3709 3513 3770 ibus
3535 3709 3604 3769 ad
3633 3714 3796 3787 agni.

410 3832 606 3891 γνωσιν
675 3810 773 3875 τῆς
831 3806 1079 3873 αληθείας
1137 3805 1190 3872 ἐξ
1244 3798 1603 3883 Ἑλληνισμοῦ
1722 3810 1773 3876 ἐξ
1829 3809 2047 3869 Ἰουδαῖ-

2140 3807 2355 3867 lionem
2389 3803 2656 3865 veritatis
2686 3804 2946 3864 converti
2977 3806 3099 3864 sive
3124 3820 3195 3862 cx
3222 3800 3559 3879 paganismo
3574 3798 3695 3861 sive
3724 3818 3795 3861 ex

415 3908 555 3976 σμου
608 3901 644 3967 ἢ
686 3905 813 3977 γοῦν
868 3895 920 3962 ἐξ
977 3894 1227 3972 αἱρέσεως
1283 3895 1688 3971 οἷασόηποτοῦν,
1734 3901 1977 3973 τούτους,
2024 3925 2070 3980 εἰ

2149 3895 2454 3979 Judaismo
2497 3894 2621 3954 sive
2661 3911 2731 3954 ex
2777 3893 2987 3953 haeresi
3021 3909 3399 3970 quacunque,
3432 3890 3564 3960 hos,
3590 3888 3638 3949 si
3662 3887 3794 3969 epi-

417 3989 515 4066 μέν
584 3976 709 4045 εἶεν
757 3985 1035 4043 ἐπίσκοποι
1107 3983 1144 4052 ἢ
1200 3983 1464 4064 κληρικοὶ,
1537 3986 1839 4065 ἀλλοτρίους
1924 3976 2069 4060 εἶναί

2152 3985 2317 4064 scopi
2349 3976 2563 4045 fuerint
2588 3992 2687 4043 aut
2715 3981 2941 4055 clerici,
2970 3982 3197 4042 alienos
3221 3998 3352 4041 esse
3381 3978 3695 4059 episc0pos
3723 3976 3796 4039 ab

416 4080 539 4142 τοὺς
607 4076 927 4141 ἒπισκόπους
972 4079 1070 4142 τῆς
1126 4074 1448 4151 ἐπισκοπῆς,
1528 4077 1616 4133 καὶ
1686 4080 1807 4145 τοὺς
1869 4079 2070 4160 κληρι..

2154 4073 2507 4153 episcopatu
2536 4082 2589 4134 et
2622 4071 2874 4132 clericos
2902 4090 2935 4132 a
2967 4071 3149 4146 clero,
3177 4069 3227 4130 si
3257 4087 3393 4131 vero
3427 4067 3792 4129 monachiau

420 4170 546 4233 κοὺς
593 4175 687 4226 τοῦ
739 4165 940 4245 κλήρου
974 4183 991 4199 ⁸
1054 4165 1096 4220 εἰ
1139 4161 1194 4220 δὲ
1251 4165 1565 4240 μονάζοντες
1609 4165 1644 4234 ἢ
1702 4166 1880 4225 λαϊκοὶ
1925 4171 2062 4246 εἶεν,

2154 4162 2287 4224 laici
2319 4161 2559 4240 fuerint,
2591 4162 3094 4224 anatltematizari.
3124 4185 3151 4216 ι›

425 4257 885 4335 ἂναθεματίζεσθαι
924 4253 1135 4317 αὐτοὺς.
1170 4276 1193 4307 ι

1038 4349 1457 4407 ΛΝἸΊΡΡΗΣΙΣ.

2754 4339 3069 4404 REFUTA
3092 4338 3248 4402 ΤΙΟ.

507 4431 639 4506 ΚΘ’,
674 4439 809 4519 Εὗγέ
863 4461 972 4520 σοι,
1003 4438 1261 4519 ἄνθρωπε,
1307 4436 1387 4494 ὅτι
1432 4437 1525 4495 τὰν
1580 4438 1747 4518 μέγαν
1802 4441 2071 4500 Βασίλειον

2235 4443 2442 4509 XXIX.
2479 4446 2640 4509 Bene
2703 4442 2811 4506 tibi
2870 4444 2965 4515 sit,
3001 4461 3033 4502 o
3082 4441 3284 4519 homo,
3334 4436 3491 4520 quod
3523 4455 3799 4515 magnum

429 4532 688 4609 θαλάμοις
756 4528 937 4610 ψυχῆς
1000 4528 1266 4605 ἀκήρατον
1356 4534 1708 4606 συντηροῦντα
1789 4530 2074 4611 ὁμολογεῖς

427 4625 526 4692 τὴν
587 4617 851 4679 εὒσέϐειαν
918 4619 1006 4675 καὶ
1060 4618 1246 4697 ψυχὴν
1304 4618 1459 4674 αὐτὸν
1511 4616 1684 4696 λέγεις
1742 4622 1887 4678 θετον
1928 4623 2076 4693 ζέου-

430 4735 526 4770 σαν
597 4708 830 4791 φίλτρον.
911 4708 1011 4766 Καὶ
1081 4711 1127 4763 εἱ
1179 4707 1343 4764 ταῦτά
1386 4729 1448 4786 γε
1501 4706 1697 4780 ἂληθῆ,
1762 4708 1974 4776 παντως
2025 4711 2079 4768 δὲ

432 4801 637 4872 ἀληθῆ,
678 4796 857 4855 οὐκέτι
890 4817 975 4853 σοι
1026 4794 1225 4862 ἐξέσται
1284 4794 1491 4874 αἵρεσιν
1549 4798 1636 4854 καὶ
1693 4795 1935 4856 ἀσέϐειαν
1977 4808 2083 4857 τῶν

432 4883 717 4966 Ῥωμαίων
771 4898 1116 4966 κατηγορεῖν,
1157 4891 1250 4943 τοῦ
1304 4883 1537 4962 μεγάλου
1602 4884 1875 4944 Βασιλείου
1933 4887 2082 4969 διαρι-

429 4981 596 5063 ῥήδην
639 4978 1011 5057 θεολογοῦντος
1081 4981 1135 5035 ἓν
1205 4983 1282 5052 τῷ
1349 4985 1509 5059 τριτῷ
1563 4985 1669 5037 τῶν
1726 4982 1863 5040 κατὰ
1920 4985 2082 5042 Εὖνο-

431 5074 553 5139 μίου
610 5069 992 5148 ἆντιῤῥητικῶν
1046 5070 1109 5126 τὸ
1165 5074 1375 5145 Πνευμα
1428 5070 1572 5149 παρὰ
1625 5079 1717 5130 τοῦ
1787 5072 1910 5128 Υἰοῦ
1953 5070 2083 5153 ἕχον

430 5165 493 5222 τὸ
521 5162 667 5219 εἶναι
711 5161 800 5218 καὶ
856 5159 997 5238 παρὰ
1037 5167 1132 5218 τοῦ
1187 5161 1309 5217 Υῐοῦ
1349 5156 1617 5233 λαμεάνον
1674 5160 1761 5216 καὶ
1823 5160 2080 5241 ἀναγγέλ-

435 5252 529 5311 λον
576 5253 713 5326 ἡμῖν
770 5249 857 5306 καὶ
912 5246 1050 5314 ὃλως
1103 5247 1309 5315 ἐκείνης
1367 5249 1466 5316 τῆς
1539 5248 1705 5311 αἰτίας
1762 5248 2080 5327 ἐξημμένον,

437 5343 498 5403 Τί
525 5338 581 5398 δέ
611 5363 692 5398 σοι
728 5340 786 5397 τὸ
840 5335 1029 5419 ὄφελος
1103 5336 1357 5408 ἀλληλοις
1413 5339 1534 5403 τοὺς
1593 5336 1828 5416 Πατέρας
1886 5340 2084 5409 ἀνταν-

440 5436 677 5504 ιστῶντι,
735 5428 915 5508 ὥσπερ
970 5429 1016 5485 εἰ
1072 5427 1277 5485 ἐναντία
1324 5427 1460 5496 ἦσαν
1518 5425 1781 5497 ἀλληλοις
1838 5428 2084 5508 τεθεολο-

438 5519 667 5599 γηκότες
701 5540 718 5593 ς

701 5540 718 5593 ;
781 5519 853 5576 Τὸ
907 5517 1007 5595 γὰρ
1062 5518 1232 5601 εἰπεῖν
1289 5519 1382 5573 τὸν
1431 5514 1580 5574 δεῖνα
1615 5519 1704 5574 καὶ
1785 5515 1935 5576 δεῖνα
1988 5525 2091 5576 τὼ.

443 5595 607 5687 ἆγίων
649 5598 741 5664 και
772 5607 861 5662 τὸν
887 5613 986 5673 της
1061 5595 1272 5681 Ῥώμης
1325 5604 1507 5683 θρόνον
1564 5605 1951 5687 ἆρχιερατικῶς
2002 5629 2094 5664 κο·

2160 4535 2438 4597 Basilium
2462 4534 2678 4595 mentis
2700 4529 3398 4594 thalamisintemeratum
3423 4543 3805 4588 conservasse

2162 4625 2440 4706 pietatem
2500 4622 2702 4683 fateris
2753 4629 2812 4683 et
2856 4619 3115 4681 animam
3188 4636 3324 4679 eum
3374 4634 3548 4677 vocas
3605 4614 3804 4675 divmo

2162 4705 2366 4775 amore
2394 4721 2766 4775 aestuantem.
2809 4708 2880 4770 Et
2910 4708 2960 4769 si
3015 4709 3140 4769 hmo
3188 4705 3431 4787 quidem
3480 4722 3641 4776 vera,
3666 4712 3809 4763 sunt

2166 4812 2360 4865 autem
2394 4803 2637 4864 omnino
2667 4818 2827 4872 vera,
2861 4816 2977 4859 non
3004 4794 3380 4876 ampliustibi
3405 4793 3605 4854 licebit
3628 4791 3810 4852 haere-

2165 4910 2301 4954 seos
2334 4900 2393 4953 et
2421 4890 2543 4971 inp
2571 4889 2741 4951 etatis
2767 4905 3046 4950 accusare
3077 4886 3542 4957 Romanos,cum
3565 4897 3813 4971 magnus

2167 4981 2425 5044 Basilius
2453 4968 2678 5040 (li—serie
2709 4978 2898 5040 tradat
2949 4974 3101 5037 libro
3153 4974 3325 5036 tertio
3366 4985 3577 5035 contia
3606 4968 3811 5030 Euno-

2168 5072 2377 5145 mium,
2410 5067 2694 5149 Spiritum
2726 5087 2760 5128 a
2799 5065 2949 5129 Filio
3012 5063 3232 5127 habere
3287 5059 3716 5149 exsistentiam,
3781 5074 3810 5116 a

2166 5160 2316 5222 Filio
2337 5147 2608 5239 accipere
2640 5165 2698 5217 et
2724 5153 3076 5217 annuntiare
3110 5151 3282 5213 nobis
3312 5160 3370 5212 et
3403 5147 3648 5239 omnino
3667 5150 3817 5207 con-'

2168 5267 2382 5310 nexum
2429 5234 2562 5307 esse
2612 5264 2747 5307 cum
2794 5245 2896 5305 illa
2950 5260 3149 5303 causa.
3184 5240 3336 5313 Quid
3369 5254 3509 5299 vero
3540 5234 3644 5296 tibi
3674 5252 3815 5315 pro-

2167 5337 2320 5409 dest,
2372 5335 2421 5396 si
2473 5333 2674 5397 Patres
2737 5332 3120 5408 sibimetipsis
3188 5325 3591 5408 contraponis,
3652 5328 3818 5405 quasi

2172 5425 2470 5489 contraria
2495 5422 2609 5485 sibi
2643 5419 2995 5485 docuerint?
3030 5417 3197 5492 Quod
3230 5418 3390 5478 enim
3421 5415 3551 5477 talis
3601 5422 3659 5475 et
3690 5410 3822 5473 talis

2175 5524 2516 5577 sanctorum
2561 5521 2736 5593 atque
2783 5528 3017 5581 eorum,
3079 5507 3182 5589 qui
3233 5508 3558 5593 Romanam
3616 5501 3820 5563 sedem

2178 5611 2562 5678 exornarunt,
2596 5592 2941 5683 pontiﬁcum
3000 5615 3071 5659 ex
3116 5596 3288 5658 Patre
3339 5592 3626 5683 Spiritum
3677 5607 3821 5650 san-

444 5680 770 5775 σμησάντων
801 5693 862 5751 ἔκ
915 5701 1009 5752 τοῦ
1056 5680 1261 5768 [ἰατρὸς
1315 5680 1377 5749 τδ
1432 5680 1672 5771 Πνεῦμα-
1709 5680 1771 5750 τὸ
1830 5693 1984 5776 ἅγιον
2011 5695 2086 5754 ἐκ·

2181 5700 2339 5757 ctum
2370 5680 2698 5774 procedere
2717 5691 3228 5766 dixerunt,verum
3250 5692 3344 5752 est
3369 5691 3546 5764 atque
3573 5680 3638 5744 in
3673 5694 3822 5741 con-
