4240 6300
539 357 659 437 879

543 602 664 645 non
697 585 1105 646 exsistentiam
1140 584 1360 646 habere
1392 602 1497 661 per
1517 581 1730 642 Filium
1766 579 2021 660 Spiritus
2049 599 2190 640 san-

542 682 674 735 ctus
703 673 1103 752 intelligetur?
1121 673 1295 750 Si,uti
1332 675 1919 750 perinstrumentum
1953 668 2188 739 servile,

543 762 895 824 conceditur
923 764 1036 823 hoc
1067 761 1138 821 ab
1170 762 1279 821 ista
1312 761 1698 829 decernente,
1738 758 2088 819 taeebimus.
2132 754 2194 818 Si

541 867 681 911 vero
706 851 790 909 uti
817 849 965 910 Filio
996 849 1343 910 naturaliter
1368 851 1424 909 in
1450 847 1761 908 elfulsione
1779 848 1887 909 hac
1911 866 1977 907 ex
2000 845 2190 925 Patre,

541 946 643 999 aut
674 937 1174 1011 manifestatione,
1209 945 1268 999 et
1296 936 1799 1017 suppeditatione,
1836 944 1893 996 et
1928 934 2189 1012 datione,

543 1034 602 1087 et
631 1025 912 1088 missione
938 1028 1259 1100 mediante,
1308 1025 1595 1087 naturalis
1622 1025 1732 1085 ista
1759 1024 2038 1085 mediatio
2090 1040 2196 1103 per

542 1113 758 1177 Filium
793 1134 864 1177 ex
896 1119 1067 1177 Patre
1088 1124 1223 1177 ante
1252 1134 1349 1176 res
1382 1133 1591 1176 omnes
1622 1114 1767 1174 alias
1789 1111 2194 1173 exsistentiam

545 1204 892 1266 corroborat
927 1227 939 1268 :
978 1214 1035 1266 et
1065 1206 1164 1285 qui
1189 1224 1295 1284 per
1325 1204 1540 1265 Filium
1569 1202 1972 1264 exsistentiam
2006 1200 2195 1260 alme-

545 1302 669 1373 gat,
712 1300 835 1354 tum
892 1293 965 1355 ob
1012 1294 1353 1355 innovatum
1416 1292 1713 1364 ordinem,
1749 1299 1806 1352 et
1836 1288 2199 1351 exsistentiw

547 1382 1078 1462 improbationem,
1112 1396 1171 1446 et
1203 1384 1536 1445 universam
1595 1382 1772 1441 ﬁdem
1813 1380 2093 1459 abnegat,
2138 1387 2200 1439 ut

1630 359 1844 422 JOAN.
1888 358 2111 422 VECGI
2153 356 2267 419 GP.
2315 357 2834 424 PATRIABGHE

540 494 771 559 missio.
805 512 925 576 qua
943 494 1174 558 ratione
1191 513 1300 576 per
1319 493 1532 557 Filium
1557 500 1843 571 perpetuo
1865 493 2209 570 elTulgens,

2293 502 2422 551 ςοῦτο
2481 499 2568 553 καὶ
2639 499 2981 574 σιωπήσομεν
3018 517 3029 530 ⁸

3800 358 3921 425 880

3108 504 3151 558 εἰ
3198 500 3242 557 δ’
3296 505 3367 566 ὡς
3398 510 3491 560 τοῦ
3520 503 3642 559 Υἱοῦ
3681 503 3916 582 φυσικῶς

2277 582 2361 639 ἐπὶ
2389 592 2458 661 τῇ
2499 585 2557 642 ἐκ
2615 589 2819 665 Πατρὸς
2864 586 3130 663 ὲκλσίμψει
3194 590 3385 669 ταύτῃ,
3440 591 3476 658 ἢ
3504 590 3590 647 καὶ
3648 587 3917 666 ἒκφάνσει,

2275 675 2364 729 καὶ
2411 675 2665 753 χορηγίᾳ,
2724 678 2811 731 καὶ
2857 675 3019 749 δόσει,
3054 680 3146 734 καὶ
3187 676 3464 754 ἀποστοϐᾖ
3523 677 3919 756 μεσιτεύοντος,

2278 763 2312 829 ἡ
2385 764 2579 841 φυσικὴ
2653 762 2786 831 αὕτη
2860 766 3098 840 μεσιτεία
3154 767 3254 833 τὴν
3309 764 3376 822 δι’
3430 770 3551 826 Υἱοῦ
3618 765 3678 821 ἐκ
3718 767 3920 846 Πατρδς

2279 852 2380 928 πρὸ
2423 854 2526 907 τῶν
2584 850 2760 907 ἄλλων
2820 853 3065 910 ἀπάντων
3124 855 3428 922 συνίστησιν
3508 852 3723 932 ὕπαρξιν
3758 871 3771 883 ⁶
3833 857 3924 910 καὶ

2278 941 2306 995 ὁ
2336 939 2435 1005 τὴν
2464 937 2511 995 δι
2552 941 2670 996 Υὶοῦ
2700 941 3089 1020 ἀπαρνούμενος
3148 940 3362 1022 ὕπαρξιν
3417 941 3499 999 διά
3552 964 3611 1000 τε
3666 944 3764 1009 τὴν
3799 945 3916 1021 περί

2283 1027 2378 1094 τὴν
2433 1026 2576 1094 τάξιν
2646 1032 2983 1106 καινοτομίαν
3061 1033 3149 1088 καὶ
3239 1031 3403 1099 αὐτῆς
3479 1037 3580 1099 τῆς
3646 1028 3914 1109 ὑπαρξεως

2278 1116 2525 1183 ἀθέτησιν
2596 1120 2683 1175 καὶ
2752 1117 2883 1185 ὅλης
2952 1134 3188 1178 ποιεῖται
3258 1120 3356 1189 τῆς
3413 1121 3645 1185 πίστεως
3700 1118 3919 1198 ἄρνησιν

2277 1205 2414 1261 κατὰ
2442 1208 2533 1263 τὸν
2565 1206 2733 1285 μέγαν
2765 1209 2942 1265 εἰπεῖν
2966 1211 3054 1266 καὶ
3108 1212 3254 1267 θεῖον
3299 1207 3592 1283 Βασίλειον,
3648 1207 3731 1264 διά
3773 1229 3831 1264 τε
3858 1208 3922 1263 τὸ

2277 1295 2612 1374 ὑπηρετικῶς
2675 1298 2762 1353 καὶ
2811 1296 3184 1377 λειτουργικῶς
3240 1299 3377 1355 κατὰ
3431 1299 3530 1367 τὴν
3584 1299 3826 1356 ὑπόθεσιν
3868 1294 3920 1361 EE

2279 1382 2513 1460 ἀνάγκης
2557 1386 2717 1441 ταῦτα
2759 1386 2931 1442 πάντα
2979 1390 3332 1466 χορηγεῖσθαι
3376 1384 3441 1443 δι’
3485 1389 3624 1449 Υἱοῦ.
3657 1387 3921 1467 χορηγίαν

548 1489 684 1532 cum
712 1491 920 1551 magno
951 1481 1011 1532 et
1040 1473 1238 1533 divino
1275 1472 1490 1533 Basilio
1516 1470 1908 1551 loquar,quod
1938 1471 2198 1529 servien-

2293 1474 2441 1551 φημὶ,
2488 1470 2653 1544 δόσιν,
2714 1473 3039 1547 ἀποστολὴν,
3098 1475 3411 1555 φανέρωσιν,
3473 1474 3749 1557 ἔκφανσιν,
3833 1472 3926 1531 καὶ

547 1558 815 1638 tium,et
863 1560 1327 1622 ministrantium
1384 1560 1655 1634 modo,ut
1699 1559 1822 1638 jam
1878 1557 2199 1637 supposui-

2293 1559 2336 1614 εἳ
2381 1582 2430 1615 τι
2461 1557 2592 1617 ἄλλο
2650 1561 2893 1638 βούλεται
2952 1564 3032 1627 τίς
3092 1562 3266 1642 λέγειν
3321 1567 3580 1636 τοιοῦτον,
3639 1561 3923 1643 προδήλως

548 1667 705 1722 mus,
745 1650 1083 1711 necessario
1116 1651 1241 1712 haec
1271 1649 1469 1709 omnia
1502 1648 1959 1727 suppeditentur
1981 1665 2089 1726 per
2115 1646 2206 1707 Fi-

2293 1648 2406 1703 κατ’
2478 1648 2657 1705 οὐσίαν
2711 1652 2797 1707 καὶ
2867 1653 3019 1731 φύσιν
3077 1650 3310 1720 διίστησι
3365 1655 3456 1710 τὸν
3522 1655 3642 1710 Υἱὸν
3684 1654 3790 1709 ἀπὸ
3832 1658 3927 1708 τοῦ

550 1736 694 1828 lium
727 1740 1147 1828 suppeditatio,
1182 1738 1445 1828 inquam,
1502 1738 1684 1808 datio,
1744 1736 1970 1807 missio,
2011 1733 2205 1828 mani-

2293 1739 2516 1828 !Iztpdc.
2565 1738 2705 1805 Τέως
2757 1737 2811 1795 δὲ
2856 1740 3009 1796 ποίαν
3056 1741 3160 1820 οὑχ
3216 1739 3511 1819 ὑπερϐαίνει
3555 1741 3655 1808 τὴν
3709 1739 3929 1818 ἀλογίαν

553 1825 1206 1901 festatio,eﬂ'ulsio,etsi
1228 1827 1365 1907 quid
1399 1827 1556 1887 aliud
1590 1826 1881 1905 quispiam
1919 1822 2203 1901 attulerit,

2293 1822 2357 1879 δι’
2401 1828 2519 1881 Υἱοὺ
2547 1828 2634 1881 καὶ
2677 1824 2727 1892 EE
2788 1832 2905 1884 Υἱοῦ
2947 1829 3203 1908 ὑπάρχειν
3257 1832 3317 1885 το
3369 1830 3580 1904 Πνεῦμα
3609 1828 3924 1906 ὁμολογεῖν,

556 1915 874 1977 manifesto
905 1917 1233 1977 secundum
1260 1916 1574 1976 essentiam
1609 1923 1666 1975 et
1690 1922 1958 1973 naturam
1988 1911 2202 1972 Filium

2293 1915 2567 1972 καὶταῦτα
2614 1917 2994 1994 προσκειμένου
3051 1923 3119 1993 τῇ
3172 1925 3265 1975 τοῦ
3318 1919 3577 1997 ὑπάρχειν
3629 1916 3789 1996 λέξει,
3840 1918 3929 1973 καὶ

553 2021 588 2065 a
612 2006 785 2067 Patre
812 2004 1385 2067 dissociat.Tandem
1421 2022 1594 2084 quam
1645 2021 1763 2063 nun
1821 2009 2061 2083 snperat
2091 2000 2201 2061 ab-

2293 2008 2380 2058 τοῦ
2422 2011 2652 2081 φυσικῶς
2701 2027 2759 2062 τε
2801 2007 2888 2062 καί
2944 2005 3231 2079 οὑσιωδῶς,
3278 2009 3365 2063 καὶ
3404 2007 3503 2073 τὴν
3555 2004 3622 2062 δι’
3677 2009 3796 2063 Υἱοῦ
3839 2008 3927 2061 καὶ

554 2093 796 2154 surdam
854 2095 1246 2156 temeritatem
1307 2093 1579 2155 conﬁteri
1630 2111 1738 2172 per
1782 2090 1998 2152 Filium
2032 2099 2090 2150 et
2132 2109 2202 2150 ex

2293 2088 2339 2155 EE
2380 2094 2499 2147 Υἱοῦ
2528 2091 2741 2172 ὕπαρξιν
2769 2094 3114 2173 ἀπαρνεῖσθαι
3142 2095 3234 2152 τοῦ
3265 2096 3565 2170 Πνεύματος
3592 2115 3605 2154 :

553 2179 701 2244 Filio
732 2183 1016 2262 Spiritum
1050 2185 1359 2257 exsistere,
1394 2183 1489 2246 cui
1512 2184 1635 2261 jam
1662 2181 1899 2242 additur
1928 2179 2108 2241 dictio
2139 2176 2422 2240 exsistere
2452 2189 2510 2241 et
2556 2183 2902 2246 naturaliter
2949 2191 3008 2245 et
3062 2183 3481 2259 essentialiter,
3515 2193 3574 2245 et
3598 2201 3758 2258 eam,
3790 2202 3926 2263 quae

559 2290 669 2353 per
692 2270 905 2334 Filium
941 2281 998 2334 et
1027 2292 1099 2334 ex
1132 2273 1279 2335 Filio
1313 2281 1424 2347 est,
1461 2270 1716 2351 Spiritus
1761 2269 2164 2331 exsistentiam
2190 2267 2496 2353 inﬁciari?

637 2362 736 2425 10.
776 2387 802 2416 α
838 2360 953 2423 Sed
1000 2380 1108 2443 per
1159 2362 1399 2438 Filium,
1463 2349 1644 2434 »_ait,
1689 2386 1711 2415 α
1737 2368 1794 2419 et
1824 2378 1893 2420 ex
1926 2357 2206 2419 naturali-

2369 2349 2429 2421 ι’.
2468 2383 2495 2415 α
2532 2360 2695 2418 Ἀλλὰ
2726 2360 2792 2419 δι’
2830 2367 2970 2438 rio-3,
3012 2389 3033 2418 ι
3070 2367 3220 2443 φησί.
3262 2386 3285 2416 α
3336 2366 3423 2420 καὶ
3473 2362 3524 2428 EE
3589 2366 3709 2420 Υἱοῦ
3752 2386 3920 2442 φυσι-

553 2460 647 2514 ter
677 2451 984 2526 exsistere,
1032 2471 1149 2512 non
1207 2470 1345 2512 vero
1408 2468 1513 2530 per
1552 2449 1766 2510 Filium
1826 2458 1883 2509 et
1940 2467 2009 2509 ex
2060 2446 2206 2509 Filio

2293 2448 2393 2510 κῶς
2462 2450 2741 2530 ὑπάρχειν,
2815 2450 3063 2526 οὸμενουν
3105 2452 3168 2509 δι’
3242 2455 3362 2513 Υἱοῦ
3402 2455 3491 2510 καὶ
3547 2452 3598 2518 EE
3654 2454 3770 2509 Υἱοό
3822 2458 3922 2518 τὴν

556 2540 961 2603 exsistentiam
995 2541 1240 2611 habere,
1302 2540 1400 2620 qui
1451 2539 1510 2599 id
1562 2538 1947 2600 enuntiarunt
1978 2536 2203 2610 Patres,

2293 2533 2503 2614 ὕπαρξιν
2559 2538 2706 2618 ἔχειν
2761 2544 2806 2597 οἱ
2878 2543 3147 2619 εἰρηκότες
3221 2541 3444 2621 Πατὲρες
3505 2542 3561 2598 τὸ
3617 2546 3830 2615 Πνεῦμα
3861 2543 3923 2594 τὸ

555 2628 696 2691 fassi
727 2638 884 2692 sunt.
924 2649 953 2688 ι
1004 2627 1349 2706 Oargutum
1408 2628 1547 2689 talia
1607 2627 2001 2689 asserentium
2060 2645 2205 2686 acu-

2293 2622 2438 2703 ἔγιον
2500 2624 2721 2694 ἔφησαν,
2770 2652 2792 2682 ι
2849 2637 2957 2698 Τῆς
3013 2630 3216 2698 λεπτῆς
3286 2637 3393 2687 τῶν
3447 2630 3611 2687 ταῦτα
3654 2628 3921 2708 λ’ἱγόντων

557 2718 730 2781 men!
766 2717 952 2789 Quam
980 2718 1348 2779 admirabilis
1372 2727 1482 2783 est,
1537 2716 1621 2777 mi
1668 2717 1903 2796 Cyprie,
1954 2725 2051 2775 tua
2081 2715 2206 2775 haec

2293 2715 2526 2780 ὲννοίαςί
2580 2710 2672 2782 Ὠς
2723 2722 2998 2794 θαυμαστή
3043 2743 3159 2791 σου,
3208 2721 3427 2799 Κύπριε,
3564 2718 3801 2798 γνῶσιςί
3849 2720 3924 2781 ὡς

512 2854 516 2859 .
557 2808 880 2888 sapientia!
916 2816 978 2868 ut
1008 2807 1292 2868 sublimes
1321 2815 1458 2867 sunt
1489 2814 1545 2867 et
1593 2805 1764 2885 plane
1793 2806 2068 2865 aetherem
2096 2822 2202 2864 co-

2293 2801 2468 2876 ὑψηλὰ
2497 2826 2589 2860 σου
2643 2806 2707 2861 τά
2762 2810 3004 2882 νοήματα
3060 2811 3146 2865 καί
3206 2798 3444 2886 αἰθέριαι
3507 2798 3649 2886 Ἐγὼ
3702 2805 3758 2863 δὲ
3786 2809 3920 2886 ἀφει-

557 2897 873 2975 gitationes
897 2896 912 2956 !
938 2896 1008 2957 At
1039 2915 1145 2976 ego
1178 2898 1276 2976 qui
1311 2915 1427 2956 non
1482 2895 1561 2955 ita
1591 2896 1857 2955 curiosus
1910 2911 2065 2960 sum,
2100 2892 2203 2955 sed

2293 2889 2419 2965 λῶς,
2465 2894 2537 2957 ὡς
2591 2894 2706 2975 ἔχω
2759 2899 2847 2953 καὶ
2889 2897 3055 2962 οὕτως
3107 2895 3404 2969 ἰδιωτικῶς,
3449 2899 3511 2954 τὸ
3556 2897 3616 2953 ἐκ
3656 2906 3748 2955 τοῦ
3800 2900 3919 2953 Υἱοῧ

555 2986 728 3047 rudis
759 2985 1086 3066 hebesque,
1122 2985 1302 3046 illud:
1338 3004 1404 3045 ex
1436 2984 1587 3045 Filio
1639 2982 1981 3043 naturaliter
2012 2980 2206 3061 Spiri-

2293 2989 2521 3060 φυσικῶς
2578 2986 2835 3065 ὑπάρχειν
2906 2989 2968 3042 τὸ
3053 2986 3266 3062 Πτεῦμα
3341 2988 3414 3050 εἰς
3483 2987 3582 3054 τὴν
3670 2984 3722 3051 ἒξ
3809 2989 3930 3044 Υἳοῦ

557 3081 684 3136 tum
714 3074 991 3148 existere,
1029 3093 1134 3155 pro
1167 3074 1509 3136 exsistentia
1541 3091 1609 3134 ex
1651 3072 1799 3134 Filio
1827 3090 2066 3132 assumo
2100 3089 2114 3132 ε
2150 3082 2208 3131 et

2293 3068 2505 3149 ὕπαρξιν
2531 3072 2850 3148 ὲκλαμϐσίνω
2883 3094 2897 3109 ⁶
2947 3076 3034 3132 καί
3090 3076 3187 3143 τὴν
3245 3074 3296 3141 EE
3343 3075 3457 3131 ἀντί
3512 3075 3610 3144 τῆς
3668 3072 3753 3131 διὰ
3794 3075 3929 3131 κατά

558 3164 1042 3244 praepositionem
1068 3181 1168 3244 ex,
1194 3164 1322 3225 loco
1348 3162 1775 3243 praepositionis
1802 3178 1931 3239 per,
1960 3167 2021 3220 ut
2052 3158 2207 3220 scri-

2293 3157 2575 3235 παράδοσιν
2606 3164 2863 3243 γραφικὴν
2920 3164 3005 3220 ἐπὶ
3060 3164 3153 3222 τοῦ
3205 3166 3327 3221 Υἰοῦ
3380 3160 3665 3240 λαμϐάνων
3719 3164 3822 3244 ἀεὶ,
3867 3167 3929 3223 οὗ

559 3255 675 3333 ptis
722 3254 996 3315 mandata
1033 3253 1271 3313 traditio
1331 3252 1579 3324 intonat,
1637 3252 1711 3311 de
1761 3250 1907 3311 Filio
1968 3267 2209 3325 semper

2293 3245 2378 3304 δύο
2435 3258 2526 3308 τοῦ
2568 3252 2868 3327 Πνεύματος
2922 3252 3071 3311 αἴτια
3124 3255 3216 3310 τὸν
3264 3251 3319 3310 δὲ
3360 3253 3569 3314 Πατέρα
3614 3252 3788 3310 αἴτιον
3842 3250 3929 3309 διὰ

563 3343 869 3422 accipiens
892 3390 907 3417 ,
946 3362 1061 3402 non
1095 3343 1241 3402 duas
1274 3360 1477 3402 causas
1504 3338 1783 3419 Spiritus,
1816 3336 1922 3398 sed
1975 3336 2206 3399 Patrem

2293 3348 2382 3396 τοῦ
2419 3341 2540 3396 Υἱοῦ
2582 3342 2719 3415 μετά
2775 3340 2975 3400 πολλοῦ
3017 3352 3109 3403 τοῦ
3172 3342 3257 3400 ἐπὶ
3430 3342 3671 3421 θεολογίᾳ
3706 3339 3922 3421 θαρῤους

559 3450 794 3493 causam
831 3450 935 3511 per
968 3430 1178 3493 Filium
1216 3430 1419 3505 multa,
1452 3447 1579 3510 quae
1611 3448 1679 3489 ex
1707 3427 2000 3502 theologia
2020 3427 2209 3488 oritur

2293 3425 2637 3507 ἀνακηρύττω
2670 3446 2684 3460 ⁸
2720 3432 2807 3487 καὶ
2836 3433 2933 3499 τὴν
2991 3432 3052 3489 ἐκ
3090 3439 3198 3490 ,τοῦ
3243 3430 3393 3501 ἡλίου
3448 3431 3533 3488 διὰ
3582 3431 3680 3501 τῆς
3709 3432 3927 3495 ἀκτῖνος

557 3521 919 3582 confidentia
946 3568 960 3592 ,
1025 3520 1361 3597 depraadico
1387 3568 1402 3592 ,
1466 3526 1526 3579 et
1575 3533 1951 3596 progressum
1986 3533 2055 3576 ex
2082 3516 2208 3577 sole

2293 3515 2512 3594 πρόοδον
2544 3525 2634 3575 τοῦ
2672 3521 2847 3599 φωτὸς
2889 3524 2963 3583 εἷς
3021 3521 3118 3588 τὴν
3175 3520 3260 3577 διὰ
3302 3526 3399 3588 τῆς
3456 3520 3674 3584 ἀκτῖνος
3716 3517 3933 3600 ὕπαρξιν

560 3626 667 3689 per
695 3608 926 3669 radium
958 3608 1202 3668 luminis
1253 3626 1358 3686 pro
1406 3605 1752 3667 exsistentia
1810 3621 1920 3682 per
1975 3603 2207 3689 radium

2293 3603 2605 3683 ἐξτὶγοῖιμειι,
2668 3622 2759 3665 ἵνα
2835 3611 2970 3667 κατά
3024 3609 3230 3677 πολλὴν
3299 3611 3395 3677 τὴν
3466 3607 3643 3666 ἄδειαν
3723 3611 3810 3666 καὶ
3874 3607 3930 3674 EE

558 3688 1016 3776 interpretor,ut
1042 3704 1242 3774 postea
1277 3696 1615 3755 multacum
1641 3692 1913 3752 libertate
1944 3709 2018 3752 ex
2050 3688 2206 3752 utro-

2293 3695 2513 3774 ἀμφοῖν,
2550 3704 2642 3753 τοῦ
2683 3697 2834 3767 ἡλίου
2859 3696 3099 3766 δηλονότι
3159 3701 3248 3756 καὶ
3287 3698 3386 3766 τῆς
3444 3698 3662 3761 ἀκτῖνος
3716 3697 3777 3754 τὸ
3820 3704 3932 3778 φῶς

561 3784 834 3865 que,sole
853 3801 1067 3862 nempe
1090 3792 1148 3844 et
1170 3783 1359 3855 radio,
1388 3784 1584 3842 lumen
1621 3799 1751 3841 esse
1777 3780 2153 3859 pronuntiem
2188 3799 2203 3856 ;

2293 3785 2433 3839 εἶναι
2478 3783 2713 3863 λέγοιμι,
2747 3790 2833 3843 καὶ
2889 3787 2982 3843 ’ίνα
3010 3789 3098 3844 καὶ
3156 3790 3252 3855 τὴν
3303 3788 3493 3844 ἀκτῖνα
3535 3785 3708 3864 λέγειν
3752 3786 3937 3864 πηγὴν

563 3881 622 3935 et
651 3882 713 3933 ut
744 3873 916 3933 etiam
952 3874 1179 3933 radium
1210 3873 1432 3931 fontem
1466 3869 1705 3930 luminis
1763 3887 2032 3929 asserere
2082 3888 2209 3947 pos-

2293 3875 2464 3952 φωτὸς
2535 3873 2741 3953 ἔχοιμι.
2808 3866 2886 3933 ”Ο
2931 3874 2985 3932 δὲ
3054 3881 3193 3933 εἶναι
3251 3877 3595 3956 ἀπαγορεύεις
3653 3874 3801 3956 ἔχειν
3871 3877 3933 3932 τὸ

561 3961 875 4033 sim.Quod
909 3979 1045 4022 vero
1077 3979 1255 4040 negas
1289 3960 1509 4021 habere
1541 3959 1827 4038 Spiritum
1863 3977 1966 4036 per
1992 3956 2205 4017 Filium

2293 3968 2503 4037 Πνευμα
2555 3961 2621 4018 δι’
2664 3967 2781 4021 Υἱοῦ
2831 3967 2917 4021 καὶ
2970 3967 3112 4046 παρὰ
3177 3968 3318 4038 Υἰοῦ,
3349 3966 3457 4045 ἐγὼ
3503 3972 3656 4022 τοῦτο
3700 3966 3938 4043 στέργειν

563 4061 622 4116 et
644 4072 677 4114 a
707 4052 881 4133 Filio,
907 4052 963 4115 id
987 4071 1093 4131 ego
1127 4052 1457 4114 exosculari
1480 4053 1787 4124 conliteor,
1824 4050 2045 4110 dictum
2082 4067 2209 4111 ma-

2295 4051 2595 4130 ὁμολογῶν,
2628 4054 2725 4121 τὴν
2770 4056 2909 4135 παρὰ
2937 4063 3029 4112 τοῦ
3096 4058 3215 4115 Υἱοῦ
3270 4057 3410 4113 εἶναι
3460 4057 3522 4112 τὸ
3554 4057 3767 4129 Πνεῦμα
3809 4058 3934 4112 θεο-

564 4142 667 4222 gni
714 4142 917 4204 Basilii
947 4161 981 4203 a
1010 4142 1158 4203 Filio
1206 4142 1492 4221 Spiritum
1522 4159 1655 4202 esse
1686 4140 2022 4201 decernens
2053 4139 2209 4199 inter

2295 4140 2554 4218 λεγοῦσαν
2636 4143 2786 4221 ῥῆσιν
2843 4152 2933 4201 τοῦ
2975 4145 3207 4223 μεγάλου
3255 4144 3550 4220 Βασιλείου,
3595 4158 3718 4209 ταῖς
3778 4148 3937 4204 αὑτοῦ

564 4231 898 4310 theologica
926 4231 1087 4293 illius
1117 4231 1327 4310 placita
1374 4247 1773 4300 enumerans;
1816 4230 2209 4306 quemadmo-

2294 4229 2445 4287 θεολο
2462 4232 2585 4308 ίίαις
2638 4232 2886 4312 ἐγκρίνων
2923 4233 2938 4264 ⁶
2983 4234 3161 4313 ὥσπερ
3202 4235 3289 4291 οὖν
3359 4237 3446 4291 καὶ
3475 4235 3574 4303 τὴν
3630 4240 3723 4291 τοῦ
3752 4256 3935 4309 μακα-

563 4320 708 4381 dum
739 4330 797 4383 et
829 4321 972 4381 illud
1007 4320 1164 4382 beati
1223 4321 1413 4382 Patris
1445 4318 1629 4381 nostri
1666 4316 1915 4398 Nysseni
1945 4320 2101 4396 quod
2135 4316 2209 4377 il-

2298 4320 2407 4398 ρίου
2453 4323 2655 4401 Πατρὸς
2688 4323 2837 4398 ἡμῶν
2868 4323 2958 4379 τοῦ
2995 4325 3227 4398 Νύσσης,
3261 4325 3359 4393 τὴν
3404 4323 3463 4381 Ex
3512 4332 3605 4382 τοῦ
3640 4325 3762 4381 Υἱοῦ
3790 4323 3934 4381 εἶναι

562 4411 687 4473 lum
723 4430 793 4473 ex
824 4412 975 4474 Filio
1008 4430 1142 4473 esse
1172 4412 1456 4473 declarat.

649 4502 708 4526 ΙΙ
817 4502 1157 4526 n-_-_.-__.:-
1193 4501 1300 4526 _-2|
1393 4500 1644 4526 ---Α-ιζ-
1684 4506 1736 4526 ιιι
1762 4506 1966 4526 ..-ιη-.-
1994 4496 2181 4526 ὶισσηλι-

2300 4410 2426 4464 αὑτὸ
2457 4408 2733 4487 λέγουσαν,

2385 4487 2461 4526 -..⁸
2523 4522 2546 4526 --
2594 4502 2725 4526 nLA

649 4502 745 4564 11.
788 4501 1327 4581 ιαοηιῐῐιιιηίι,ιδίι,
1358 4500 1651 4561 αρεεθηιίίι
1680 4506 1739 4559 et
1762 4506 1972 4559 natura
1994 4496 2214 4576 hypos-

564 4598 762 4652 taseos
786 4608 963 4651 causa
994 4608 1111 4650 non
1147 4598 1400 4651 est:cum
1428 4608 1622 4669 neque
1654 4606 1910 4667 unquam
1947 4594 2216 4663 generet,

563 4697 762 4759 neque
793 4679 1077 4760 producat
1108 4678 1243 4739 Haec
1258 4679 1593 4739 communis
1609 4679 1863 4738 essentia
1883 4674 2223 4735 individuo-

564 4786 696 4830 rum
734 4767 1073 4830 est.Verum
1111 4767 1374 4828 essentia
1407 4787 1541 4828 cum
1577 4764 2058 4847 proprietatibus,
2092 4782 2222 4843 quae

564 4857 741 4940 plane
771 4857 1081 4918 actoritate
1130 4856 1326 4935 magni
1357 4856 1597 4919 Maximi
1630 4856 1816 4935 ipsam
1863 4852 2221 4933 hypostasim

563 4947 878 5020 notat;imo
904 4946 1083 5008 etiam
1108 4945 1297 5025 ipsius
1326 4947 1521 5024 magni
1542 4944 1767 5006 Basilii.
1793 4943 1903 5005 Hic
1926 4943 2221 5022 siquidem

562 5036 708 5099 item
741 5033 1339 5115 deﬁnit,hypostasim
1373 5052 1529 5107 esse,
1559 5051 1691 5114 qua;
1714 5049 2030 5095 commune
2061 5035 2224 5091 etin-

563 5124 1079 5205 circumscriptum
1098 5124 1155 5184 in
1177 5141 1243 5185 re
1260 5124 1454 5204 aliqua
1473 5142 1576 5203 per
1592 5130 1946 5204 apparentes
1960 5139 2125 5200 prop:
2143 5120 2227 5181 ie-

563 5221 714 5276 tates
730 5221 1117 5294 repraesentat
1138 5219 1197 5274 et
1220 5211 1884 5290 circumscribit.-Euge
1898 5210 2221 5271 hanctuam

565 5304 1031 5375 confessionem,
1070 5302 1303 5363 licetad
1330 5302 1511 5375 aliud,
1551 5320 1660 5361 nec
1688 5302 1874 5380 ipsam
1915 5298 2224 5360 veritatem

563 5391 904 5471 respiciens
930 5392 1109 5452 allata
1135 5391 1357 5452 dixeris
1384 5392 1397 5451 !
1425 5392 1556 5453 Non
1580 5408 1959 5452 communem
2012 5406 2222 5449 essen-

567 5480 706 5540 tiam
752 5488 812 5541 et
851 5489 1143 5553 naturam,
1174 5481 1277 5541 sed
1312 5500 1443 5542 cum
1508 5479 1970 5561 proprietatibus
2012 5496 2222 5539 essen-

563 5567 889 5647 tiam,quae
916 5569 1103 5647 palam
1147 5570 1332 5648 ipsam
1382 5570 1740 5650 hypostasim
1794 5577 2221 5641 notat,causam

566 5653 900 5742 hypostasis
910 5675 1042 5720 esse
1051 5657 1336 5725 fateris.et
1348 5678 1637 5739 generare
1649 5666 1707 5721 et
1719 5659 2051 5741 producere
2065 5658 2225 5720 simi-

2385 4487 2480 4561 li'.
2519 4522 2546 4553 α
2593 4502 2728 4580 Οὐχὶ
2787 4504 2822 4569 ἡ
2853 4504 3029 4577 κοινὴ,
3079 4524 3101 4554 ι
3164 4505 3344 4584 φησὶν,
3385 4539 3410 4566 ι
3458 4502 3605 4562 οὐσία
3649 4503 3737 4559 καὶ
3787 4502 3937 4581 φύσις

2301 4588 2637 4653 ὑποστάσεως
2695 4590 2834 4647 ἐστιν
2906 4594 3041 4649 αἰτία
3084 4591 3221 4668 μηδὲ
3267 4592 3553 4671 γεννητικὴ
3597 4612 3748 4665 ποτε,
3823 4588 3939 4647 ουδέ

2303 4675 2667 4754 προϐολητικὴ
2696 4679 2827 4747 αὕτη
2858 4703 2917 4758 γε
2967 4680 3177 4750 ἣκοινὴ
3238 4683 3383 4739 οὑσία
3425 4681 3622 4761 πέφυκε
3670 4682 3774 4736 τὼν
3805 4679 3935 4736 ἀτό-

2305 4788 2443 4841 μων.
2485 4767 2513 4833 ἧ
2561 4765 2615 4823 δὲ
2667 4768 2783 4844 μετ’
2842 4768 3138 4846 ἰδιωμάτων
3197 4771 3364 4838 οὖσία,
3422 4769 3541 4839 ἥτις
3598 4775 3779 4849 σαφῶς
3805 4770 3942 4827 κατᾶ

2304 4857 2395 4911 τὸν
2468 4855 2634 4935 μέγαν
2708 4857 2947 4935 Μάξιμον
3029 4861 3193 4929 αὐτὴν
3260 4858 3420 4928 δῆλοτ
3474 4860 3570 4928 τὴν
3631 4860 3940 4923 ὑπόστασιν.

2305 4941 2472 5002 Ἀλλὰ
2515 4948 2601 5003 καὶ
2630 4946 2748 5005 κατ’
2798 4951 2952 5008 αὐτὸν
2998 4947 3064 5017 δὴ
3120 4952 3213 5006 τὸν
3270 4950 3438 5029 μέγαν
3481 4947 3778 5023 Βασίλειον,
3837 4947 3941 5005 κά·-

2306 5047 2484 5098 κεϊνος
2551 5037 2651 5114 γὰρ
2705 5038 2927 5115 ὁρίζεται
2969 5040 3256 5097 ὑποστασιν
3299 5039 3443 5096 εἶναι
3499 5037 3598 5106 τὴν
3654 5039 3717 5094 τὸ
3769 5038 3942 5095 κοινὸν

2305 5144 2361 5178 τε
2404 5125 2492 5180 καὶ
2548 5124 2939 5204 ἀπερίγραπτον
2996 5128 3052 5184 ἐν
3105 5133 3182 5202 τῷ
3223 5150 3330 5184 τινι
3398 5127 3669 5203 πράγματι
3713 5123 3798 5186 διὰ
3838 5132 3944 5183 τῶν

2307 5211 2726 5291 ἐπιφαινομένων
2785 5214 3081 5291 ἰδιωμάτων
3141 5218 3481 5296 παριστῶσαν
3542 5217 3631 5273 καὶ
3687 5214 3947 5295 περιγρά-

2306 5323 2526 5381 φουσαν.
2564 5325 2588 5357 ι
2651 5307 2783 5382 Εὖγε
2824 5309 2922 5375 τῆς
2980 5305 3266 5385 ὁμολογίας
3324 5306 3542 5381 ταύτης,
3591 5308 3638 5361 ὦ
3694 5308 3871 5383 οὗτος,
3903 5305 3949 5360 εἰ

2307 5392 2393 5446 καὶ
2438 5394 2569 5466 πρὸς
2618 5391 2747 5449 ἄλλο
2794 5417 2845 5451 τι
2886 5398 3027 5474 παρὰ
3053 5397 3149 5465 τὴν
3208 5395 3458 5464 ἀληθειαν
3516 5395 3722 5475 ἀφορῶν
3746 5396 3812 5452 τὰ
3839 5394 3946 5472 ῥη-

2304 5480 2458 5536 Θέντα
2514 5483 2762 5560 εἰρήκεις.
2834 5485 2907 5541 Οὑ
2977 5486 3075 5554 τὴν
3140 5485 3324 5553 κοινὴν
3377 5485 3554 5544 οὐσίαν
3611 5486 3699 5540 καὶ
3766 5483 3944 5563 φύσιν,

2304 5571 2404 5637 την
2461 5569 2515 5627 δὲ
2576 5572 2694 5648 μετ’
2746 5572 3045 5649 ἰδιωμάτων
3107 5576 3305 5651 οὔσίαν,
3367 5574 3485 5643 ἥτις
3541 5579 3720 5657 σαφῶς
3784 5571 3949 5641 αὑτὴν

2315 5655 2477 5728 δηλοῖ
2505 5663 2603 5729 τὴν
2648 5662 2957 5744 ὑπόστασιν,
3016 5666 3186 5725 αἰτίαν
3247 5664 3586 5728 ὑποστάσεως
3626 5655 3773 5721 εἶναι
3815 5660 3961 5741 89.0-
