4178 6288
315 295 421 365 881
1313 305 1753 374 REFUTATIO
1795 306 2007 372 LIBRI
2052 308 2364 375 GEORGII
2407 314 2691 377 CYPRII.
3566 312 3683 381 882

313 432 502 524 λογεις
544 435 631 492 καὶ
688 438 1005 513 γεννητικὴν
1071 442 1158 498 καὶ
1214 440 1576 522 προϐλητικὴν
1617 443 1716 512 τὴν
1770 442 1955 500 τοιαύ-

2065 455 2156 500 em
2190 443 2511 503 essentiam
2546 461 2819 505 asserere
2871 462 2991 505 non
3040 443 3288 524 refugis.
3322 445 3539 509 Contra
3569 444 3699 508 hac

316 545 416 590 την
445 521 618 602 λέγειν
648 525 824 583 οὔσίαν
855 531 947 586 οὒκ
1002 521 1297 608 ἀναϐάλλῄ.
1364 533 1461 590 Καὶ
1515 535 1646 611 πρὸς
1703 541 1865 590 ταῦτα
1896 532 1956 589 οὗ

2061 527 2186 589 nihil
2216 550 2324 591 nos
2356 532 2946 612 opponimus,verum
2973 533 3032 594 in
3065 533 3157 594 his
3179 521 3237 594 et
3266 534 3702 597 concordamus

319 612 480 686 μόνον
552 612 696 671 οὐδὲν
752 618 914 691 ἡμεῖς
968 617 1330 696 ἀντιλέγομεν,
1391 620 1526 678 ἀλλὰ
1581 625 1668 678 καὶ
1729 643 1955 701 συμφω-

2061 624 2098 676 et
2154 637 2461 681 assensum
2522 622 2876 700 prabemus.
2933 622 3083 684 Illud
3144 642 3321 704 porro
3379 642 3414 684 a
3468 631 3525 684 te
3567 623 3706 685 edo-

321 709 509 777 νοῦμεν
553 706 640 761 καὶ
708 706 1065 786 συντιθέμεθα,
1129 708 1340 767 Ἐκεῖνο
1398 709 1452 767 δὲ
1508 711 1806 788 βουλόμεθᾶ
1866 733 1957 766 σου

2061 707 2160 765 :eri
2193 710 2574 787 cupimus,an
2607 712 2714 773 soli
2750 711 3059 785 Patri,non
3093 731 3232 773 vero
3263 713 3394 774 aliis
3428 712 3704 793 personis

324 793 536 870 μαθεῖν,
583 794 626 848 εἰ
685 793 832 868 μόνῳ
872 802 948 869 τῷ
994 798 1178 875 Πατρὶ,
1237 796 1484 872 οὸμενουν
1526 802 1614 855 καὶ
1667 813 1784 863 τοῖς
1840 797 1958 855 λοι-

325 891 455 942 ποϊς
498 883 603 935 τῶν
673 884 970 960 προσώπων
1013 887 1112 944 τὴν
1162 885 1278 961 μετ’
1310 885 1614 963 ἰδιωμάτων
1658 890 1831 947 οὐσίαν
1888 890 1960 951 εἷς

324 963 557 1035 δήλωσιν
604 971 940 1036 ὑποστὶσεως
984 973 1285 1052 ἀφορίζεις;
1334 977 1391 1032 Εἰ
1434 977 1530 1050 μὲν
1574 978 1672 1057 γὰρ
1714 978 1798 1033 ἐπὶ
1856 978 1961 1051 μό-

325 1080 400 1130 νῳ
426 1062 503 1131 τῷ
530 1061 693 1137 Πατρὶ
746 1063 779 1128 ἡ
844 1062 962 1136 μετ’
1021 1060 1317 1137 ἰδιωμάτων
1375 1064 1523 1121 οὗσία
1577 1067 1757 1144 σαφῶς
1824 1064 1964 1143 παρέ

324 1166 408 1202 σοι
439 1145 598 1215 δηλοῖ
625 1150 724 1217 τὴν
752 1150 1069 1230 ὑποστάσιν,
1120 1156 1169 1209 αἱ
1225 1153 1417 1209 πολλαί
1447 1176 1505 1210 σε
1560 1160 1665 1210 τῶν
1697 1162 1964 1232 πατρικῶν

325 1244 539 1316 γραφῶν
583 1237 903 1313 ψευδόμενον
976 1239 1371 1321 ἀπελέγξουσιν,
1417 1243 1553 1300 οὕτω
1606 1245 1694 1299 καὶ
1724 1244 1807 1299 ἐπὶ
1850 1248 1969 1302 ἶ*ἱοῦ

325 1327 414 1382 καὶ
456 1325 541 1383 ἐπὶ
580 1329 880 1395 Πνεόματος
936 1330 1033 1397 τὴν
1098 1329 1215 1406 μετ’
1272 1329 1568 1406 ἰδιωμάτων
1622 1334 1816 1400 ταύτην
1879 1337 1961 1391 οὒ-

327 1416 444 1474 σίαν
472 1415 740 1495 λέγουσαι,
789 1421 862 1481 ὡς
914 1418 999 1475 ἰπὶ
1056 1423 1282 1498 Πατρὸς.
1330 1420 1382 1475 εἴ
1431 1443 1511 1501 τω
1562 1423 1639 1496 μὴ
1687 1422 1960 1500 παρέργως

327 1503 504 1562 ἐκεῖνο
561 1506 975 1584 ἀναγινώσκεται
1018 1516 1109 1565 τοῦ
1154 1518 1528 1586 Δαμασκηνοῦ,
1587 1513 1671 1573 τὸ,
1725 1533 1748 1567 ιι
1787 1502 1960 1569 ιὈταν

327 1593 427 1673 γὰρ
487 1594 722 1664 ἐννοήσω
803 1598 925 1671 μίαν
971 1602 1073 1653 τῶν
1147 1600 1506 1672 ὑποστάσεων,
1562 1599 1760 1656 τέλειον
1834 1603 1962 1657 Θεὸν

324 1684 480 1739 αὒτὸν
523 1681 668 1763 οἶδα,
713 1682 913 1740 τελείαν
965 1688 1161 1748 οὖσίαν.
1201 1714 1223 1745 ι
1282 1690 1378 1746 Καὶ
1407 1688 1470 1746 αὗ
1498 1690 1558 1746 τὸ
1594 1696 1684 1747 τοῦ
1727 1691 1962 1768 μεγάλου

2043 799 2359 859 essentiam
2376 820 2508 859 cum
2534 801 2998 880 proprietatibus
3017 801 3084 862 ad
3105 802 3499 864 denotandam
3525 804 3709 883 hypo-

2044 890 2246 949 stasim
2311 892 2608 955 vindicas?
2639 894 2873 954 Etenim
2906 894 2955 953 si
2987 894 3047 954 in
3102 894 3226 955 solo
3288 897 3456 956 Patre
3487 913 3701 957 essen-

2046 976 2125 1037 tia
2160 1000 2292 1039 cum
2319 982 2780 1060 proprietatibus
2813 983 3003 1063 palam
3034 983 3188 1063 apud
3241 990 3297 1044 te
3338 984 3698 1063 hypostasim

2047 1075 2230 1140 notat,
2268 1071 2547 1149 pleraque
2582 1074 2812 1131 Patrum
2848 1072 3066 1150 scripta
3100 1081 3155 1132 te
3188 1071 3482 1133 mendacii
3531 1071 3702 1133 falsi-

2053 1155 2300 1234 tatisque
2325 1158 3133 1238 convincenl,quasimililer
3164 1174 3221 1220 et
3254 1161 3326 1221 de
3357 1161 3505 1221 Filio
3539 1169 3598 1221 et
3628 1160 3706 1223 de

2053 1241 2273 1320 Spiritu
2327 1247 2479 1307 hanc
2510 1266 2645 1307 cum
2681 1247 3142 1327 proprietatibus
3173 1250 3496 1310 essentiam
3532 1267 3699 1329 aque

2051 1340 2226 1412 atque
2256 1334 2329 1395 de
2359 1339 2528 1396 Patre
2556 1336 2814 1415 tradunt,
2851 1336 2909 1395 ni
2940 1336 3107 1415 quasi
3155 1337 3312 1397 aliud
3367 1355 3548 1413 agens
3579 1338 3701 1399 Da-

2045 1424 2448 1483 mascenicum
2483 1425 2626 1485 illud
2653 1424 2981 1485 versaveris
3014 1444 3028 1483 :
3069 1449 3091 1477 ι
3126 1425 3270 1487 Cum
3306 1425 3466 1486 enim
3491 1445 3706 1489 conce-

2046 1530 2186 1591 pero
2203 1532 2378 1572 unam
2406 1533 2472 1574 ex
2508 1513 3280 1594 liypostasibus,perfectum
3299 1514 3490 1576 Deum
3512 1515 3704 1594 ipsum

2043 1602 2657 1681 agnosco,perl‘ectam
2685 1603 3307 1665 essentiam.»Etiltud
3335 1604 3707 1682 magniBasi-

2044 1687 2382 1753 lii:«l)onec
2406 1701 2702 1762 tacenl,ne
2722 1701 2778 1752 te
2811 1692 3340 1765 lateat,secuudam
3357 1696 3706 1755 saculorum

329 1770 622 1847 Βασιλείου,
656 1775 738 1843 τὸ,
790 1793 815 1826 α
862 1765 1015 1839 ’Ἕως
1075 1774 1119 1831 δ’
1177 1776 1238 1833 ἅν
1293 1785 1553 1857 σκοπῶσι,
1602 1780 1680 1854 μὴ
1710 1778 1962 1836 λανθανέ-

2061 1776 2349 1859 Unigeniti
2374 1782 2689 1842 essentiam
2711 1782 2929 1843 facere.
2948 1805 2969 1836 ι
2995 1779 3239 1842 Necnon
3264 1785 3458 1855 magni
3480 1782 3709 1861 Grego-

327 1882 505 1920 τωσαν
560 1859 800 1943 δευτέραν
839 1864 1042 1922 αἰώνων
1099 1866 1199 1933 τὴν
1252 1873 1343 1923 τοῦ
1399 1874 1723 1945 Μονογενοῠς
1790 1869 1965 1926 οὖσίαν

2061 1870 2122 1929 rii
2160 1891 2173 1927 :
2214 1895 2241 1926 α
2276 1870 2497 1931 Horres
2529 1878 2586 1930 tu
2647 1870 3118 1949 generationem,
3172 1889 3248 1931 ne
3279 1871 3418 1949 quid
3449 1859 3710 1951 patiatur

329 1950 610 2026 τιθέμενοι.
668 1975 691 2006 ιι
744 1954 841 2011 Καὶ
908 1953 1063 2010 πάλιν
1120 1957 1179 2012 τὸ
1243 1963 1334 2013 τοῦ
1392 1956 1627 2035 μεγάλου
1686 1957 1967 2036 Γρηγορίου

330 2041 414 2110 τὸ,
457 2065 480 2095 ιι
517 2038 668 2109 Φοϐἦ
700 2042 761 2099 σὺ
802 2042 1074 2119 γέννησιν,
1105 2041 1195 2100 ἵνα
1240 2046 1315 2119 μή
1363 2069 1412 2103 τι
1468 2047 1609 2121 πάθῃ
1660 2048 1788 2112 Θεὸς
1820 2050 1848 2103 ὁ
1893 2048 1968 2122 μὴ

331 2130 583 2210 πάσχων,
619 2128 761 2208 Ἐγὼ
788 2129 842 2187 δὲ
886 2130 1142 2211 φοϐοῦμαι
1185 2135 1281 2202 τὴν
1332 2134 1517 2208 κτίσιν,
1579 2134 1670 2191 ἵνα
1734 2137 1810 2209 μὴ
1841 2138 1967 2192 Θεὸν

330 2217 580 2277 ἀπολέσω
605 2218 689 2275 διὰ
731 2225 829 2287 τῆς
872 2218 1068 2299 ὕϐρεως
1119 2225 1207 2279 καὶ
1264 2229 1361 2290 τῆς
1404 2222 1581 2281 ἀδίκοῦ
1634 2226 1964 2304 κατατομῆς,

330 2308 367 2377 ἢ
397 2311 489 2365 τὸν
535 2312 651 2367 Υίὸν
683 2309 887 2385 τέμνων
930 2311 1035 2368 ἀπὸ
1063 2322 1154 2371 τοὺ
1198 2314 1421 2392 Πατρός,
1546 2314 1649 2371 ἅπὺ
1692 2317 1785 2371 τοῦ
1849 2318 1969 2371 Υἱοῦ

328 2399 425 2466 τὴν
470 2399 645 2456 οὗσίαν
689 2399 782 2457 τοῦ
811 2401 1135 2475 Πνεύματος.
1178 2426 1199 2458 n
1239 2405 1295 2459 Εἰ
1360 2402 1414 2458 δὲ
1458 2401 1593 2483 δέχῃ
1626 2404 1722 2479 μὲν
1753 2406 1839 2459 καὶ
1870 2406 1965 2460 αὖ·

329 2489 422 2553 τὸς
466 2489 628 2556 αὑτὴν
669 2489 767 2555 τὴν
809 2496 900 2545 τοῦ
943 2492 1146 2568 Πατρὸς
1205 2495 1434 2548 νοεῖσθαι
1490 2496 1799 2566 υπόστασιν,
1846 2492 1971 2549 ὅταν

330 2578 393 2633 τὸ
436 2576 560 2634 ὅλον
619 2578 772 2636 τοῦτο
813 2579 949 2653 μετὰ
998 2587 1086 2637 τοῦ
1140 2579 1552 2661 προσδιορισμοῦ
1591 2583 1627 2651 ἠ
1681 2582 1826 2639 οὐσία
1882 2590 1974 2640 τοῦ

331 2669 454 2725 Υἱοῦ
481 2666 725 2746 λέγηται,
758 2669 845 2724 καὶ
901 2667 1063 2737 αὗτήν
1096 2669 1195 2737 τὴν
1236 2676 1329 2727 τοῦ
1382 2672 1684 2747 Πνεύματος
1741 2675 1973 2728 νοεῖσθαι

335 2757 647 2832 ὑπόστασιν,
694 2756 818 2814 ὅταν
870 2758 929 2813 τὸ
989 2756 1112 2815 ὅλον
1140 2769 1293 2818 τοῦτο
1339 2761 1470 2834 μετὰ
1524 2769 1615 2819 τοῦ
1671 2759 1972 2838 προσδιορι-

334 2852 470 2920 σμοῦ
512 2847 546 2914 ἡ
588 2852 680 2902 τσῦ
724 2847 1027 2922 Πνεύματος
1076 2849 1221 2904 οὖσία
1275 2847 1492 2927 )έγηται
1529 2870 1541 2884 ·
1590 2849 1728 2924 μόνῃ
1783 2847 1837 2904 δὲ
1905 2855 1972 2925 τῇ

334 2942 426 2992 τοῦ
499 2941 699 3015 Πατριος
773 2939 916 3008 οὒνίᾳ
968 2938 1029 2992 τὸ
1107 2940 1413 3015 γεννητικὸν
1483 2940 1570 2994 καὶ
1622 2930 1975 3017 προϐλητικὸν

336 3025 617 3104 ἀφορίζεις.
691 3024 841 3084 Ἀλλ’
907 3027 1122 3084 ἐνταῦθα
1221 3029 1482 3107 γραφικήν
1534 3050 1649 3084 τινα
1732 3027 1817 3084 ἐπὶ
1898 3031 1976 3101 τῷ

337 3118 443 3171 τῶν
498 3115 746 3173 τοιούτων
790 3114 1088 3192 ἰδιωμάτων
1147 3115 1423 3197 ἀφορισμῴ
1476 3117 1818 3193 ἀπαιτηθήσῃ
1875 3119 1974 3185 τὴν

336 3211 645 3289 μαρτυρίαν.
692 3209 763 3266 Τὸ
800 3209 899 3287 γὰρ
969 3210 1245 3285 γενητικὸν
1306 3209 1446 3285 μόνῃ
1502 3232 1568 3284 τῃ
1624 3217 1713 3265 τοῦ
1770 3210 1973 3287 Πατρὸς

335 3299 619 3356 ὑποστάσει
712 3297 1149 3377 ὁμολογουμένως
1218 3298 1533 3378 ἀφώρισται,
1635 3301 1720 3355 καὶ
1831 3305 1975 3355 πᾶσα

336 3392 514 3471 γραφὴ
586 3392 703 3469 περὶ
771 3398 876 3447 τῶν
962 3396 1036 3464 τῷ
1106 3393 1268 3468 Πατρὶ
1320 3391 1542 3446 ἐνόντων
1607 3393 1973 3448 ὑποστατικῶν

335 3478 635 3556 ἰδιωμάτων
707 3476 1134 3554 διαλαμϐάνοῦσα
1188 3478 1341 3536 τοῦτο
1414 3481 1703 3546 συνίστησι,
1767 3482 1839 3538 Τὸ
1920 3478 1975 3535 δὲ

336 3567 694 3650 προϐλητικὸν
760 3567 1000 3644 οὗδεμίαν
1070 3567 1197 3634 ἕξεις
1256 3566 1526 3634 ἆποδεϊξαὶ
1584 3570 1788 3649 γραφὴν
1833 3570 1979 3645 μόνῳ

338 3672 414 3739 τῷ
445 3664 604 3731 Πατρὶ
653 3662 1040 3738 ἀπονέμουσαν,
1090 3662 1143 3719 εἴ
1184 3684 1245 3740 γε
1299 3668 1404 3718 πᾶν
1459 3664 1520 3718 τὸ
1576 3663 1636 3718 ἐκ
1679 3665 1882 3741 Πατρὸς
1911 3660 1976 3718 δι’

343 3758 462 3811 Υἷοῦ
570 3753 843 3833 εἰρημένον
926 3751 1148 3819 ἑνότητα
1246 3751 1368 3831 οὖχὶ
1445 3749 1688 3830 διαίρεσιν
1776 3753 1977 3831 Πατρὸς

340 3845 608 3915 συνίστησι
683 3844 771 3900 καὶ
819 3843 968 3900 Tim").
1030 3838 1322 3920 Ηροϐολεὺς
1412 3839 1467 3896 δὲ
1549 3838 1632 3900 διὰ
1720 3843 1833 3898 Γὶοὖ
1889 3840 1980 3897 τοῦ

339 3938 491 4016 ἁγίου
544 3935 920 4015 τεθεολόγηται
979 3935 1279 4010 Πνεύματος
1309 3936 1337 3990 ὂ
1393 3935 1575 4012 Πατὴρ
1608 3950 1621 3964 ·
1680 3936 1772 3993 οὒκ
1835 3933 1982 4014 ἔχεις

342 4027 576 4097 πάντως,
650 4024 750 4081 κᾶν
833 4026 877 4081 εὶ
949 4023 1102 4101 μυρία
1159 4023 1338 4100 κάμῃς
1411 4029 1584 4080 πᾶσαν
1674 4024 1984 4081 θεόπευστον

340 4116 632 4196 ἀνιχνεύων
718 4113 929 4194 Γραφὴν
974 4114 1047 4178 εἰς
1116 4114 1214 4179 τὴν
1283 4117 1383 4179 τῆς
1426 4117 1687 4191 πατρικῆς
1746 4113 1982 4168 ὑποστά-

339 4225 476 4270 σεως
512 4203 749 4270 ἰδιότητα
778 4202 1152 4282 ἀφοριζόμενον
1192 4202 1361 4280 εὑρεῖν
1409 4203 1469 4257 τὸ
1512 4200 1890 4280 προϐλητικόν,
1927 4205 1985 4259 Εἰ

340 4295 441 4372 γὰρ
465 4290 610 4351 τοῦτ’
639 4293 727 4371 ἧν,
775 4296 868 4351 οὐκ
913 4288 975 4346 ἂν
1024 4289 1084 4347 ἐκ
1139 4295 1237 4357 τῆς
1302 4290 1475 4353 οὗσίας
1533 4298 1624 4347 τοῦ
1665 4293 1866 4369 Πατρὸς
1925 4294 1986 4347 τὸ

2049 1958 2231 2032 Deus,
2265 1959 2364 2038 qui
2396 1978 2512 2019 non
2544 1961 2802 2037 patitur:
2833 1959 2962 2037 ipse
2984 1959 3204 2018 horreo
3236 1968 3593 2031 creaturam,
3630 1978 3706 2022 ne

2051 2049 2237 2108 Deum
2276 2065 2379 2126 per
2402 2047 2682 2126 injuriam
2701 2046 3047 2126 etinjustam
3071 2047 3398 2109 sectionem
3432 2049 3705 2128 perdam,

2051 2144 2153 2196 aut
2184 2137 2394 2199 Filium
2428 2154 2640 2196 secans
2668 2154 2700 2195 a
2732 2133 2930 2207 Patre,
2983 2145 3084 2196 aut
3112 2153 3146 2192 a
3175 2134 3326 2197 Filio
3382 2138 3702 2198 essentiam

2055 2224 2366 2305 Spiritus.»
2394 2224 2560 2296 Quod
2588 2225 2640 2286 si
2674 2233 2730 2283 tu
2765 2242 3001 2304 quoque
3032 2225 3219 2302 ipsam
3253 2225 3388 2288 Filii
3420 2227 3701 2306 hyposta-

2052 2315 2162 2376 siin
2187 2314 2524 2390 intelligere
2548 2332 2666 2372 non
2692 2313 3078 2392 refugis,cum
3102 2314 3411 2375 hoctotum
3438 2315 3709 2395 praescri-

2055 2413 2153 2485 pto
2189 2404 2364 2465 etiam
2389 2402 2564 2475 Filio,
2599 2403 2856 2463 essentia
2879 2402 3008 2463 Filii
3028 2402 3276 2464 dicitur:
3304 2404 3575 2482 etipsum
3599 2405 3704 2466 in-

2055 2493 2326 2572 telligere
2359 2490 2614 2572 Spiritus
2642 2491 3029 2571 hypostasim,
3054 2510 3188 2552 cum
3224 2493 3334 2553 hoc
3363 2502 3547 2554 totum
3570 2512 3708 2555 cum

2057 2582 2506 2663 prascriptione
2531 2581 2810 2660 Spiritus,
2865 2580 3124 2641 essentia
3176 2581 3433 2660 Spiritus
3463 2583 3706 2665 dicitur,

2057 2672 2169 2734 soli
2200 2690 2338 2732 vero
2368 2671 2557 2735 Patris
2583 2670 2856 2731 essentia
2879 2679 2939 2731 et
2966 2688 3259 2750 generare
3289 2680 3347 2732 et
3377 2672 3708 2751 producere

2058 2761 2333 2836 ascribis;
2358 2770 2765 2821 verumtamen
2792 2778 2897 2838 pro
2917 2760 3127 2819 harum
3161 2760 3586 2839 proprietatum
3610 2761 3712 2823 de-

2059 2850 2475 2910 terminatione
2491 2850 2711 2927 scripto
2730 2848 2941 2908 tradita
2959 2848 3278 2909 auctoritas
3293 2858 3613 2925 poscetura
3629 2858 3710 2914 te.

2058 2937 2323 3019 Namque
2353 2938 2678 3017 generandi
2717 2936 2801 2998 vis
2832 2938 2940 2997 soli
2972 2937 3161 2998 Patris
3194 2938 3512 3018 bypostasi,
3547 2938 3706 3018 quod

2060 3028 2119 3088 in
2153 3028 2423 3089 confesso
2454 3026 2609 3106 apud
2641 3042 2849 3087 omnes
2881 3032 2997 3098 est,
3019 3025 3373 3108 vindicatur,
3403 3034 3462 3087 et
3487 3027 3712 3105 scripta

2059 3117 2259 3177 omnia
2279 3118 2354 3177 de
2380 3114 2760 3196 liypostaticis
2792 3114 3256 3194 proprietatibus
3298 3117 3461 3176 Patri
3520 3115 3709 3177 inha-

2056 3205 2326 3266 rentibus
2379 3203 2684 3264 tractantia
2734 3205 2846 3263 hoc
2904 3204 3279 3265 conﬁrmant.
3331 3203 3706 3265 Producendi

2056 3284 2195 3356 vero
2231 3293 2348 3354 vim
2380 3293 2488 3353 soli
2523 3291 2678 3352 Patri
2708 3288 2953 3352 attribui
2981 3290 3209 3351 nullum
3255 3310 3514 3371 unquam
3547 3291 3708 3352 scri-

2059 3391 2221 3464 ptum
2247 3383 2304 3444 id
2339 3399 2614 3444 asserens
2648 3379 3019 3460 produxeris;
3041 3379 3091 3441 si
3122 3379 3410 3460 quidquid
3438 3399 3507 3442 ex
3537 3383 3710 3444 Patre

2063 3489 2169 3553 per
2201 3471 2410 3534 Filium
2438 3469 2676 3543 dicitur,
2712 3470 3015 3544 unionem,
3053 3486 3172 3528 non
3202 3468 3555 3531 divisionem
3590 3472 3708 3533 Pa-

2068 3560 2171 3621 tris
2203 3569 2259 3621 et
2293 3559 2423 3622 Filii
2456 3558 2734 3618 insinuat.
2765 3557 3097 3620 Productor
3136 3575 3274 3618 vero
3336 3576 3442 3638 per
3493 3559 3712 3621 Filium

2064 3651 2254 3713 sancti
2278 3649 2532 3730 Spiritus
2558 3651 2735 3710 Pater
2762 3666 2797 3708 a
2825 3648 3117 3727 theologis
3136 3647 3500 3711 decernitur.
3535 3647 3711 3711 Nullo

2065 3744 2242 3802 modo
2275 3738 2749 3806 inveneris.licet
2792 3738 3141 3799 innumeros
3171 3738 3403 3800 labores
3433 3757 3717 3821 suscepe-

2062 3830 2166 3904 ris,
2222 3830 2558 3890 uuiversam
2617 3828 2898 3888 divinitus
2953 3827 3301 3908 inspiratam
3349 3827 3717 3909 Scripturam

2066 3919 2494 3999 pervestigans,
2549 3916 2878 3996 producedi
2929 3917 3043 3977 vim
3099 3928 3360 3997 paterna
3389 3918 3719 3999 hypostasis

2067 4008 2423 4088 proprietati
2452 4005 2836 4085 assignarild
2864 4006 3160 4086 siquidem
3185 4006 3234 4067 si
3249 4007 3716 4088 esset,Spiritus,

2067 4097 2168 4176 qui
2203 4115 2271 4157 ex
2303 4096 2565 4157 essentia
2598 4095 2787 4156 Patris
2844 4095 3083 4170 dicitur,
3138 4114 3206 4155 ex
3266 4097 3526 4157 essentia
3584 4095 3722 4158 Filii

2069 4206 2186 4247 non
2219 4185 2621 4248 diceretur.Et
2651 4203 2726 4246 ne
2758 4184 2905 4245 mihi
2928 4202 3139 4246 rursus
3154 4183 3404 4247 subtiles
3428 4185 3559 4246 illas
3590 4204 3723 4266 spe-

2071 4275 2405 4337 culationes
2458 4274 2744 4352 inculces,
2812 4272 2998 4333 Patris
3058 4272 3298 4353 quidem
3332 4274 3608 4335 essentia
3655 4273 3719 4336 in

354 4347 434 4372 θΠΓ
480 4347 586 4351 ”⁷’
647 4347 675 4361 Ἰ
712 4347 727 4371 ⁷
785 4347 866 4351 V'”
1195 4347 1235 4357 ”
1462 4347 1472 4353 ’
1781 4347 1798 4369 δέ
1854 4347 1866 4354 ’

344 4382 553 4458 Πνεῦμα
595 4381 907 4462 λεγόμενον,
963 4383 1024 4437 ἔκ
1064 4382 1161 4446 τῆς
1223 4381 1397 4445 οὔσίας
1453 4379 1668 4456 ἒλέγετο
1713 4383 1801 4437 καὶ
1842 4385 1976 4443 Υἱοῦ.

2071 4364 2370 4444 hypostasi
2403 4382 2534 4425 esse
2566 4347 2861 4442 tribuens,
2896 4381 3029 4422 cum
3074 4347 3160 4422 ἐχ
3219 4362 3485 4424 essentia
3527 4362 3721 4424 Patris

342 4472 431 4539 Μὴ
463 4472 563 4550 γὰρ
594 4494 685 4546 μοι
715 4472 803 4527 καὶ
860 4468 1018 4527 πάλιν
1077 4470 1142 4525 τὰ
1179 4467 1348 4525 λεπτὰ
1391 4469 1570 4525 ἐκεῖνα
1622 4468 1746 4548 λέγε
1776 4472 1985 4545 νοήμα-

339 4584 430 4635 τα,
478 4568 545 4639 τῇ
586 4561 682 4637 μὲν
727 4567 818 4616 τοῦ
868 4560 1070 4635 Πατρὸς
1122 4559 1268 4631 οὐσίᾳ
1316 4560 1376 4613 τὸ
1419 4558 1769 4615 ἐνυπόστατον
1821 4582 1984 4638 χαρι-

340 4653 589 4729 ζόμενος,
626 4650 757 4705 ἐπὰν
786 4647 846 4703 ἐκ
904 4653 1003 4715 τῆς
1035 4655 1126 4705 τοῦ
1167 4648 1370 4725 Πατρὸς
1430 4646 1604 4713 οὗσίας
1662 4649 1722 4703 τὸ
1778 4650 1989 4722 Πνεῦμα

343 4741 404 4796 τὸ
435 4739 587 4816 ἂγιον
632 4736 856 4816 λέγηται
892 4781 908 4797 .
936 4738 998 4793 τὸ
1046 4733 1100 4792 δὲ
1144 4735 1204 4792 ἐκ
1246 4741 1343 4802 τῆς
1402 4735 1576 4799 οὐσίας
1618 4738 1708 4791 τοῦ
1744 4736 1866 4792 Υἱοῦ
1909 4736 1993 4793 διὰ

346 4831 406 4885 τὸ
435 4833 531 4895 τῆς
583 4827 757 4891 οὐσίας
806 4826 996 4883 ἐνιαίον
1069 4823 1451 4899 διατεινομένος
1494 4822 1757 4903 λέγεσθαι,
1820 4823 1997 4904 ὥσπερ

344 4917 407 4975 ἂν
436 4920 480 4974 εἰ
527 4919 614 4973 καὶ
673 4914 973 4992 διῃρημένη
1042 4919 1141 4981 τῆς
1211 4921 1303 4971 τοῦ
1382 4917 1501 4972 Υἱοῦ
1551 4915 1891 4976 ὑποστάσεως
1962 4917 1994 4981 ἦ

343 5008 501 5065 αὐτοῦ
544 5009 781 5063 ὶννοεῒτο
832 5004 1001 5063 οὐσία.
1066 4994 1249 5067 τἈϊισιξ
1306 5003 1404 5082 γὰρ
1460 5002 1667 5065 οἰκείοις
1724 5001 1991 5078 διωμολο-

343 5097 530 5178 γηκὼς
560 5094 765 5175 χείλεσι
794 5093 891 5160 τὴν
936 5091 1053 5168 μετ’
1102 5091 1399 5166 ἰδιωμάτων
1457 5091 1633 5148 οὐσίαν
1688 5090 1991 5159 δηλωτικὴν

344 5190 528 5259 σαφῶς
555 5183 892 5246 ὑποστάσεως
953 5182 1121 5253 εἶναι,
1180 5184 1273 5238 οὒκ
1328 5179 1475 5261 ἔχεις
1532 5180 1874 5259 αρνήσασθαι,
1911 5181 1988 5255 μὴ

344 5278 437 5333 τὸν
515 5275 634 5330 Υἱὸν
688 5271 844 5328 αὐτόν
911 5274 1148 5327 νοεῖσθαι
1239 5272 1417 5328 οὖσίαν
1499 5268 1701 5336 δηλαδὴ
1796 5270 1986 5325 ἐνυπό-

346 5386 556 5423 στατον,
593 5361 717 5418 ὅταν
760 5383 839 5423 τις
870 5358 930 5416 ἐκ
970 5361 1067 5427 τῆς
1120 5359 1296 5423 οὖσίλς
1351 5359 1443 5416 τοῦ
1498 5363 1616 5416 Υἱοῡ
1659 5362 1720 5415 τὸ
1775 5361 1987 5434 Πνεῦμα

347 5454 490 5510 εἶναι
518 5451 653 5530 λέγῃ
685 5453 745 5506 τὸ
775 5449 946 5525 ἅγιον,
983 5451 1038 5504 Εἰ
1072 5446 1131 5503 -δ’
1176 5448 1286 5523 οὖν,
1319 5448 1454 5505 ἀλλὰ
1494 5472 1543 5505 τι
1594 5448 1848 5524 ἀνακύψέι
1878 5471 1989 5504 ποι-

347 5542 431 5598 λιν
473 5540 649 5620 ἕτερον
679 5539 898 5596 ἄτοπον.
947 5539 989 5593 εἰ
1030 5535 1113 5593 διὰ
1154 5538 1215 5593 τὸ
1271 5538 1394 5612 μίαν
1423 5538 1565 5595 εἶναι
1593 5538 1690 5605 τὴν
1743 5544 1834 5594 τοῦ
1872 5539 1993 5594 Υἱοῦ

355 5633 440 5687 καὶ
522 5633 722 5710 [ἰατρὸς
797 5628 971 5685 οὐσίαν
1027 5629 1087 5681 εκ
1142 5631 1238 5691 τῆς
1283 5626 1483 5706 ἀμφοῖν
1541 5628 1710 5690 οὗσῖας
1755 5626 1991 5706 λέγεσθαι

2071 4451 2600 4533 Spit‘itus:sanctus
2629 4451 2937 4523 asseritur;
2971 4448 3253 4530 Spiritum
3283 4466 3428 4511 vero
3482 4468 3553 4511 ex
3612 4469 3718 4512 es-

2073 4543 2263 4603 sentia
2294 4540 2428 4602 Filii
2459 4540 2533 4600 ob
2577 4558 2759 4599 unum
2814 4540 3089 4599 essentia
3137 4538 3256 4600 dici
3306 4539 3721 4616 contendens;

2071 4632 2241 4711 quasi
2265 4650 2401 4691 vero
2434 4638 2706 4710 separata
2739 4628 2873 4690 Filii
2917 4628 3216 4709 hypostasi
3263 4628 3525 4691 essentia
3559 4628 3723 4690 illius

2081 4720 2533 4799 intelligi-retur.
2562 4717 2830 4798 Namque
2860 4736 2992 4778 cum
3027 4718 3214 4778 semel
3249 4716 3508 4797 prepriis
3539 4715 3717 4778 labiis

2080 4809 2265 4869 fassus
2295 4807 2720 4882 sis,essentiam
2757 4826 2891 4868 cum
2923 4807 3385 4887 proprietatibus
3418 4806 3591 4887 plane
3615 4806 3721 4886 hy-

2082 4901 2358 4979 postasim
2390 4900 2698 4969 denotare,
2734 4917 2851 4959 non
2909 4907 3076 4979 potes
3110 4898 3285 4958 modo
3334 4897 3566 4959 inﬁcias
3607 4896 3718 4974 ire,

2082 4991 2291 5053 Filium
2319 4988 2512 5069 ipsum
2541 4997 2721 5048 totum
2750 5007 2867 5049 non
2901 4988 3177 5068 intelligi,
3207 4987 3526 5049 essentiam
3555 4985 3724 5048 scili-

2074 5090 2167 5143 cet
2199 5099 2330 5141 cum
2357 5077 2677 5159 hypostasi,
2707 5096 2840 5138 cum
2874 5078 3009 5158 quis
3040 5096 3109 5138 ex
3142 5074 3401 5138 essentia
3429 5074 3541 5139 Fili
3581 5073 3716 5156 Spi-

2072 5171 2250 5233 ritum
2283 5177 2548 5231 sanctum
2578 5184 2707 5227 esse
2737 5166 2977 5230 dixerit.
3010 5167 3115 5230 Sin
3149 5165 3583 5241 minus,saltem
3627 5163 3723 5228 hic

2072 5261 2232 5321 aliud
2265 5277 2472 5319 rursus
2510 5256 2736 5318 orietur
2765 5256 3116 5338 absurdum,
3137 5257 3189 5319 si
3223 5264 3537 5337 propterea
3562 5255 3723 5335 quod

2074 5367 2191 5411 una
2224 5357 2314 5409 est
2345 5345 2606 5409 essentia
2625 5348 2817 5409 Patris
2849 5358 2907 5408 et
2930 5348 3167 5427 Filii,ex
3195 5348 3500 5425 utriusque
3523 5363 3729 5407 essen-

2074 5443 2153 5502 tia
2185 5440 2302 5501 dici
2332 5437 2616 5516 Spiritum
2649 5437 2942 5519 quispiam
2975 5437 3323 5513 asseruerit,
3356 5435 3502 5496 ratio
3527 5441 3721 5515 coget,

2076 5551 2143 5594 ex
2199 5535 2427 5589 suamet
2486 5527 2743 5588 essentia
2796 5527 3084 5608 Spiritum
3140 5544 3378 5607 quoque
3408 5541 3562 5587 esse.
3593 5521 3725 5587 Una

2078 5618 2373 5702 siquidem
2412 5623 2501 5679 est
2528 5633 2667 5678 cum
2701 5635 2792 5695 ea,
2830 5636 2957 5699 qua
2986 5614 3171 5679 Patris
3201 5613 3411 5679 etFilii
3432 5619 3542 5675 est.
3572 5611 3723 5674 Etsi
