4240 6300
471 218 594 300 888
1567 220 1784 294 man.
1833 218 2056 294 VEGCI
2097 220 2216 284 cp.
2262 218 2784 294 PATRIARGM
3756 221 3886 290 su

479 350 730 430 arridet,
755 349 940 416 Filius
971 351 1150 415 etiam
1187 368 1257 426 ex
1286 348 1482 414 Patris
1540 349 1799 412 essentia
1854 362 2114 412 nascens.

2214 348 2276 404 τὸ
2307 353 2520 423 Πνεῦμα
2579 349 2692 428 ἐρεῖ
2749 373 2854 416 τις.
2888 351 3202 430 Ἀναγκᾴσει
3259 354 3360 433 γὰρ
3413 354 3444 418 ὁ
3496 349 3656 430 λόγος
3683 352 3774 410 καὶ
3813 351 3894 412 ἐκ

480 449 727 524 propter
749 461 930 504 unum
955 440 1230 504 essentia;
1260 459 1376 501 non
1409 439 1602 501 solum
1625 459 1695 502 ex
1725 439 2006 522 Spiritus,
2024 435 2114 499 set

2213 437 2309 505 τῆς
2361 437 2547 498 ἑαυτοῦ
2589 439 2730 496 εἶναι
2797 443 2858 498 τὸ
2915 449 3128 517 Πνεῦμα
3183 443 3381 507 οὐσίας.
3443 443 3548 498 Μία
3588 441 3688 519 γὰρ
3738 439 3883 508 αὕτη

478 547 548 594 ex
577 529 888 612 ipsiusmet
921 532 1101 594 etiam
1133 528 1393 592 essentia
1424 537 1602 593 esset.

2215 527 2349 600 μετὰ
2369 527 2466 595 τῆς
2509 531 2600 585 106
2652 531 2855 609 Πατρὸς
2898 552 2987 588 και
3042 533 3185 594 Υἱοῦ.
3248 532 3306 588 Εἰ
3353 532 3452 609 γὰρ
3495 528 3671 606 βούλει
3714 531 3802 585 καὶ
3843 531 3884 586 ὃ

476 622 596 686 Υἱὸς
622 621 683 678 ἐκ
725 627 823 689 τῆς
854 628 947 678 τοῦ
979 620 1182 692 Πατρός
1213 620 1386 684 οὑσίας
1416 619 1769 698 γεννώμενος,
1806 617 1952 676 ἔσται
1984 616 2067 676 διὰ
2097 616 2156 674 τὸ
2190 614 2286 684 τῆς
2317 616 2494 680 οὐσίας
2539 615 2740 676 ἐνιαϊον
2771 619 2830 677 οὒ
2873 621 3033 695 μόνον
3087 621 3177 677 καὶ
3209 623 3270 676 ἐκ
3297 625 3393 687 τῆς
3421 626 3513 678 τοῦ
3543 619 3873 695 Πνεύματος.

475 707 612 767 ἀλλὰ
640 713 728 768 καὶ
757 710 816 767 ἐκ
857 715 954 778 τῆς
986 711 1200 771 ἑαυτοῦ.
2786 707 2790 714 ’

552 799 650 862 12.
691 823 716 854 α
748 797 1264 872 Contenderenos,
1334 798 1417 860 ait
1448 797 1714 860 veritatis
1761 796 1969 869 hostis,
2006 813 2114 858 non

2287 784 2382 872 ιβ’.
2449 815 2473 853 ο
2547 799 2902 855 Λιατείνεσθαι
2973 799 3140 874 ἡμᾶς,
3215 798 3372 878 φησὶν
3454 798 3482 852 ὃ
3564 798 3664 862 τῆς
3729 794 3874 863 ἀλη-

471 886 703 950 ratione
722 887 1050 972 hypostasis
1080 887 1185 950 red
1219 888 1450 950 ratione
1472 896 1693 949 naturae
1725 890 1956 950 Patrem
1987 884 2114 966 Spi-

2205 885 2344 950 θείας
2373 884 2683 957 ἀντίπαλος,
2715 888 2792 961 μὴ
2821 895 2898 963 τῷ
2967 887 3110 968 λόγῳ
3165 891 3262 957 τῆς
3317 885 3678 959 ὑποστάσεως,
3708 890 3786 958 τῷ
3813 883 3874 941 δὲ

475 976 628 1039 ritus
653 995 785 1039 esse
815 996 1076 1058 causam,
1104 995 1174 1039 ex
1204 995 1396 1059 eoque
1419 977 1618 1057 colligi
1648 977 1860 1041 Filium
1891 994 2114 1058 quoque

2206 972 2352 1052 λόγῳ
2405 979 2506 1041 τῆς
2578 976 2782 1055 φύσεως
2859 976 3036 1035 αἴτιον
3118 978 3261 1035 εῖναι
3342 978 3432 1033 τὸν
3518 974 3725 1053 Πατέρα
3776 980 3874 1031 106

473 1066 814 1130 necessario
861 1067 1117 1148 Spiritus
1172 1085 1407 1129 causam
1466 1087 1620 1130 esse.
1680 1086 1813 1128 cum
1846 1065 2114 1129 eamdem

2208 1064 2533 1138 Πνεύματος,
2603 1067 2677 1128 ὡς
2731 1065 2791 1122 ἐκ
2832 1067 3016 1123 τούτου
3084 1067 3416 1145 συνάγεσθαι,
3463 1066 3550 1121 καὶ
3603 1065 3694 1122 τὸν
3745 1064 3873 1120 Υἶὸν

473 1155 774 1236 possideat
824 1174 957 1218 cum
1003 1155 1176 1218 Patre
1231 1165 1454 1218 naturae
1499 1157 1812 1218 rationem.
1863 1159 2114 1218 Praeter-

2198 1152 2494 1230 ἀναγκαίως
2555 1153 2728 1212 αἴτιον
2795 1162 2889 1212 τοῦ
2948 1157 3251 1230 Πνεύματος
3320 1154 3711 1234 ἀναφαίνεσθαι,
3769 1154 3866 1209 τὸν

473 1231 660 1326 caque
692 1263 760 1306 ex
791 1244 1006 1306 iisdem
1057 1245 1250 1326 sequi,
1303 1253 1364 1307 et
1410 1244 1698 1325 Spiritum
1751 1245 1944 1324 ipsum
1986 1263 2114 1307 esse

2199 1243 2356 1300 αὑτὸν
2423 1241 2621 1322 ἔχοντα
2671 1251 2748 1318 τῷ
2803 1246 2965 1324 Πατρὶ
3031 1247 3132 1311 τῆς
3201 1231 3446 1322 φύσεως-
3488 1231 3868 1320 λόγον,-”Ετι

471 1333 719 1396 alterius
748 1351 1153 1409 causam,cum
1183 1342 1240 1395 et
1258 1335 1386 1415 ipse
1410 1334 1678 1396 eamdem
1704 1343 1927 1395 naturae
1944 1334 2114 1396 ratio-

2199 1327 2244 1386 δ’
2298 1330 2526 1389 ἐντεῦθεν
2600 1331 2814 1389 ἕπεσθαι
2862 1335 2951 1390 καὶ
3007 1334 3132 1390 αὑτὸ
3173 1333 3236 1390 τὸ
3291 1339 3500 1406 Πνεῦμα
3556 1329 3728 1390 αἴτιόν
3775 1353 3863 1386 τι-

471 1440 610 1486 nem
640 1421 966 1502 possideat,
1001 1429 1060 1484 et
1085 1422 1168 1483 ita
1198 1441 1511 1484 numerum
1546 1423 1747 1500 augeri
1782 1441 2117 1502 causarum,

471 1510 630 1594 quod
660 1510 859 1592 aliquo
884 1510 1059 1573 modo
1092 1529 1289 1574 causa:
1320 1511 1641 1592 participes
1671 1511 1810 1587 sint,
1843 1531 2114 1593 quaecun-

469 1618 587 1682 que
617 1607 891 1664 naturam
925 1600 1302 1682 participant,
1359 1602 1728 1682 hypostases;
1763 1609 1884 1662 tum
1915 1601 2116 1684 etiam,

2200 1442 2288 1484 νος
2347 1420 2514 1499 εἶναι,
2558 1422 2648 1478 τὸν
2693 1420 2872 1480 ἀὑτὸν
2935 1428 3012 1496 τῷ
3075 1423 3240 1501 Πατρὶ
3291 1426 3390 1489 τῆς
3445 1421 3647 1501 φύσεως
3704 1418 3865 1498 λόγον

2199 1506 2490 1589 δεχόμενον
2519 1524 2534 1539 ⁶
2593 1511 2681 1566 καὶ
2739 1513 2812 1574 εἰς
2869 1509 3072 1578 πλῆθος
3115 1509 3251 1568 οὑτω
3297 1522 3604 1590 προχωρεῖν
3649 1509 3741 1572 τὰς
3772 1509 3857 1564 αἱ·

2199 1597 2334 1672 τίας,
2368 1597 2423 1655 ἐν
2479 1602 2556 1673 τῷ
2599 1605 2712 1663 πῶς
2760 1599 2858 1658 μὲν
2901 1604 3001 1666 τῆς
3071 1601 3236 1665 αἰτίας
3287 1598 3559 1678 μετέχειν,
3619 1596 3738 1656 ὅσαι
3766 1597 3865 1665 τῆς

466 1689 623 1772 quod
681 1688 1016 1752 communis
1070 1691 1333 1753 essentia
1386 1698 1447 1752 et
1478 1697 1688 1751 natura
1735 1690 2114 1771 hypostaseos

2199 1691 2431 1771 φύσεως¹
2472 1692 2789 1770 μετέχουσιν
2844 1691 3183 1766 ὑποστάσεις,
3229 1694 3345 1756 πῶς
3402 1688 3458 1746 δὲ
3505 1691 3605 1757 τὴν
3672 1689 3864 1757 κοινὴν

464 1795 642 1841 causa
689 1786 801 1841 est.
833 1799 856 1830 ι
918 1778 1060 1843 Haec
1117 1781 1178 1842 in
1231 1797 1338 1841 nos
1386 1777 1647 1841 absurda
1688 1787 1747 1841 et
1794 1798 1826 1840 a
1872 1780 2117 1841 veritate

462 1867 657 1930 aliena
702 1868 956 1948 jactans,
991 1869 1094 1950 qui
1123 1886 1259 1930 vere
1289 1867 1550 1930 veritatis
1600 1867 1786 1930 hostis
1831 1876 1943 1944 est,
1997 1888 2117 1930 non

465 1955 739 2037 agnoscit
771 1965 1055 2039 quantum
1086 1958 1216 2039 ipse
1244 1959 1416 2038 pejus
1469 1975 1576 2038 per
1606 1957 1728 2020 haec
1785 1976 1891 2019 sua
1937 1957 2116 2020 verba

465 2045 777 2121 veritatem
819 2047 1114 2124 dogmatis
1174 2054 1386 2109 tractet
1441 2057 1502 2109 et
1553 2047 1840 2108 vulneret.
1902 2048 2021 2110 Nos
2051 2048 2114 2109 in

467 2135 673 2198 multis
717 2135 940 2210 nostris
988 2136 1226 2217 scriptis
1284 2153 1424 2198 vere
1472 2145 1835 2198 asserentem
1883 2135 2112 2198 ratione

465 2223 864 2308 hypostaseos
895 2233 954 2287 et
996 2243 1114 2286 non
1162 2227 1398 2287 ratione
1448 2231 1671 2286 naturae
1725 2227 1952 2286 Patrem
1982 2243 2114 2287 esse

471 2331 707 2388 causam
741 2332 973 2394 eorum,
1005 2332 1138 2396 quae
1165 2332 1235 2375 ex
1285 2331 1354 2375 eo
1399 2321 1559 2388 sunt,
1621 2311 2108 2394 improbavimus,

466 2402 1053 2485 improbandumque
1103 2403 1263 2464 hunc
1321 2401 1500 2465 etiam
1547 2401 1976 2473 existimamus,
2011 2405 2113 2485 qui

469 2484 688 2554 similia
715 2491 887 2554 aliter
910 2484 1086 2572 atque
1127 2493 1330 2554 Patres
1379 2491 1565 2552 nostri
1595 2491 1967 2552 tradiderunt
1995 2484 2108 2555 de-

2141 1767 2386 1836 Βοὺσίαν
2455 1780 2545 1835 καὶ
2585 1779 2736 1858 φύσιν
2764 1780 3102 1845 ὑποστάσεως
3133 1780 3277 1838 εἶναι
3346 1780 3537 1839 αἰτίαν.
3587 1802 3616 1835 ι
3689 1785 3865 1838 Ταῦτα

2198 1869 2334 1943 ἡμῖν
2420 1865 2752 1947 ἐπιφημίζων
2809 1869 2875 1926 τὰ
2916 1867 3112 1944 ἄτοπα,
3173 1870 3260 1926 καὶ
3301 1872 3400 1935 τῆς
3459 1865 3704 1934 ἀληθείας
3755 1865 3863 1923 ἆλ-

2197 1954 2378 2034 λότρια
2432 1957 2461 2012 ὁ
2529 1962 2630 2032 τῇς
2699 1953 2951 2024 ἀληθείας
3008 1958 3171 2024 ὅντως
3218 1955 3511 2036 ἀλλότριος,
3584 1955 3678 2012 οὑκ
3718 1953 3863 2014 οἶδεν

2195 2045 2371 2110 ὁπόσα
2432 2043 2637 2120 μᾶλλον
2694 2047 2848 2108 αὐτὸς
2909 2044 2998 2102 διὰ
3051 2045 3214 2122 μέσου
3271 2051 3376 2102 τῶν
3429 2043 3702 2124 παρόντων
3758 2043 3861 2101 αὑ-

2198 2140 2285 2190 106
2314 2133 2488 2212 λόγων
2559 2135 2656 2202 τὴν
2705 2141 2797 2192 106
2861 2133 3124 2212 δόγματος
3195 2135 3444 2205 ἀλήθειαν
3499 2134 3855 2214 παραφθείρει,

2199 2214 2390 2298 Ἠμεϊς
2424 2223 2477 2278 ἐν
2511 2223 2744 2289 πολλαῖς
2803 2224 2898 2300 μὲν
2955 2231 3061 2282 τῶν
3111 2225 3385 2304 ἡμετέρων
3439 2229 3655 2304 γραφῶν
3710 2221 3858 2288 ἆλιι-

2192 2315 2296 2375 θῶς
2319 2314 2405 2368 τὸν
2459 2310 2686 2390 λέγοντα
2735 2320 2812 2387 τῷ
2869 2312 3016 2392 λόγῷ
3072 2319 3168 2382 τῆς
3225 2314 3587 2385 ὑποστάσεώς,
3622 2312 3709 2368 καὶ
3777 2312 3857 2386 μὴ

2192 2408 2270 2476 τῷ
2312 2400 2456 2479 λόγῳ
2514 2407 2612 2468 τῆς
2684 2403 2888 2484 φύσεως
2932 2402 3106 2459 αἴτιον
3162 2403 3302 2460 εἶναι
3375 2404 3464 2458 τὸν
3521 2400 3726 2476 Πατέρα
3755 2402 3859 2456 τῶν

2195 2489 2246 2557 ἐξ
2316 2493 2474 2550 αὑτοῦ
2555 2490 2900 2567 ἐκακίσαμεν,
3001 2493 3088 2548 καὶ
3179 2491 3457 2549 κακιστέον
3529 2489 3605 2546 ἔτι
3673 2496 3859 2546 τοῦτον

467 2581 679 2655 cernit.
709 2580 961 2644 Ratione
990 2599 1168 2662 porro
1199 2579 1528 2661 liypostasis
1566 2599 1681 2640 non
1710 2598 1844 2641 esse
1873 2584 2106 2644 Patrem

2196 2581 2460 2657 ἡγούμεθα
2552 2580 2692 2657 παρὰ
2767 2581 2865 2647 τὴν
2962 2585 3070 2636 τῶν
3166 2580 3410 2660 Πατὲρων
3504 2581 3571 2638 1‘1
3642 2585 3855 2635 τοιαῦτα

469 2685 710 2743 causam
739 2668 996 2750 Spiritus
1025 2669 1084 2731 in
1114 2671 1274 2732 nullo
1299 2688 1405 2732 nos
1439 2678 1773 2732 nostrorum
1799 2671 2113 2733 Commen-

2196 2663 2540 2747 θεολογοῦντα
2608 2667 2916 2748 παράδοσιν.
2979 2671 3069 2738 Μὴ
3110 2677 3187 2744 τῷ
3229 2669 3374 2749 λόγῳ
3456 2666 3510 2726 δὲ
3566 2674 3665 2735 τῆς
3717 2670 3854 2724 ὑπο-

466 2755 752 2835 tariorum
777 2758 907 2820 loco
937 2758 1255 2820 tradidisse
1293 2758 1514 2821 scimus
1549 2781 1562 2817 :
1615 2778 1732 2819 non
1785 2761 1938 2840 quod
1975 2778 2109 2821 eum

2196 2757 2428 2823 στάσεως
2485 2759 2628 2815 εἶναι
2687 2757 2863 2816 αἴτιον
2951 2759 3037 2816 τόν
3104 2759 3308 2837 Πατέρα
3373 2758 3465 2815 τοῦ
3528 2757 3855 2832 Πνεύματος,

468 2844 573 2928 qui
603 2845 833 2908 ratione
878 2855 1102 2909 natura;
1131 2867 1366 2911 causam
1402 2848 1557 2912 Patri
1588 2847 1852 2909 attribuit
1881 2849 2110 2930 impro-

2196 2846 2250 2902 ἐν
2321 2844 2539 2922 οὑδεμιᾷ
2620 2853 2725 2902 τῶν
2811 2853 3024 2927 γραφῶν
3113 2850 3268 2923 ἡμῶν
3356 2849 3616 2926 εἰρηκέναι
3677 2845 3859 2903 συνοί-

465 2932 702 3008 bamus.
729 2933 844 2998 Sed
878 2935 1123 3016 Cyprius
1151 2938 1405 3017 ipSemet
1437 2945 1545 3009 est,
1569 2937 1668 3018 qui
1691 2938 1916 2999 ratione
1939 2939 2112 3018 hypo-

2196 2934 2380 3009 δαμεν.
2454 2938 2526 2994 Οὑ
2582 2937 2679 3015 γὰρ
2723 2935 2804 2992 ὅτι
2859 2939 2948 2993 τὸν
3020 2939 3096 3011 μὴ
3155 2944 3232 3010 τῷ
3296 2936 3442 3015 λόγῳ
3497 2941 3599 3003 τῆς
3657 2935 3858 3014 φύσεως

468 3024 644 3088 stasis
674 3044 913 3088 causam
945 3026 1034 3100 illi
1080 3028 1502 3088 atlribuentem
1559 3026 1883 3105 redarguit,
1917 3045 2050 3088 cum
2085 3046 2119 3089 a

469 3112 644 3181 nobis
702 3116 928 3179 nullum
987 3115 1311 3178 discrimen
1362 3117 1822 3196 internoscatur,
1855 3115 1904 3176 si
1947 3119 2120 3178 Pater

463 3204 792 3280 secundum
819 3215 1067 3286 utraque
1094 3224 1273 3268 causa
1303 3216 1396 3267 est
1425 3224 1914 3286 eorum,quorum
1944 3224 2119 3266 causa

467 3301 579 3366 est.
631 3303 909 3378 tanquam
954 3297 1056 3374 qui
1105 3295 1280 3374 plane
1329 3313 1447 3356 non
1501 3294 1872 3374 ignoramus,
1918 3293 2116 3356 Patres

461 3390 701 3456 nostros
732 3381 1062 3464 theologos,
1097 3401 1254 3445 nunc
1286 3401 1354 3444 ex
1386 3383 1706 3464 hypostasi,
1738 3401 1895 3444 nunc
1927 3399 1996 3444 ex
2028 3401 2118 3445 es-

463 3471 655 3548 sentia
689 3471 878 3544 Patris
899 3471 1320 3543 decernentes,
1355 3490 1487 3552 quae
1512 3490 1581 3533 ex
1610 3471 1738 3549 ipso
1773 3481 2111 3532 causantur.

463 3555 556 3643 Ac
585 3558 682 3622 hic
708 3576 892 3621 unum
929 3560 1339 3634 tantummodo
1365 3560 1727 3631 concedens,
1763 3559 1920 3640 quod
1956 3559 2114 3622 enim

463 3665 535 3711 ex
567 3648 831 3724 essentia
858 3654 972 3721 est,
996 3667 1113 3710 non
1144 3666 1412 3729 causam,
1445 3649 1548 3710 sed
1585 3649 1942 3730 simpliciter
1966 3667 2114 3710 con-

473 3735 860 3802 substantiale
890 3744 1214 3799 conuolare
1264 3736 1649 3810 determinat,
1683 3745 1740 3798 et
1797 3736 1883 3798 sic
1916 3746 2120 3816 aperte

467 3825 747 3906 Patribus
775 3825 997 3888 nostris
1025 3825 1398 3905 adversatur,
1444 3843 1696 3907 quorum
1752 3827 1846 3887 hic
1878 3826 2120 3907 quidem

476 3935 503 3972 ι
558 3934 631 3978 ex
677 3923 923 3998 paterna
972 3915 1233 3979 essentia
1282 3915 1418 3978 Filii
1463 3915 1908 3996 generationem
1941 3941 1965 3974 υ
2023 3934 2122 3978 as-

465 4004 656 4083 truit:
692 4023 1044 4086 rursusque,
1091 4034 1122 4068 (ι
1179 4005 1480 4087 proprium
1541 4013 1802 4087 paternae
1849 4006 2123 4068 essentiae

464 4095 646 4172 fetum
678 4095 894 4175 Filium
931 4122 958 4153 ι
996 4109 1294 4176 nuncupat
1337 4115 1351 4156 :
1388 4095 1678 4176 itemque,
1731 4119 1755 4150 σ
1815 4103 2119 4176 paternam

464 4185 784 4249 essentiam
811 4185 1191 4266 principium,
1221 4193 1282 4246 et
1307 4183 1598 4258 radicem,
1632 4193 1688 4244 et
1709 4183 1927 4246 fontem
1949 4183 2112 4244 Filii»

2200 3025 2297 3092 τὴν
2373 3026 2541 3081 αἰτίαν
2615 3030 2691 3099 τῷ
2789 3027 2952 3102 Πατρὶ
3016 3024 3223 3083 διδόντα
3298 3028 3609 3101 κακίζομεν.
3691 3023 3858 3087 Αὔτὸς

2200 3113 2248 3169 δ’
2296 3116 2323 3169 ὁ
2382 3114 2610 3193 Κύπριος
2669 3115 2819 3180 οὗτός
2877 3115 3017 3171 ἐστιν
3101 3113 3205 3182 ἤδη
3277 3117 3368 3171 τὸν
3422 3122 3498 3188 τῷ
3563 3112 3709 3192 λόγῳ
3760 3116 3857 3181 τῆς

2199 3204 2535 3268 ὑποστάσεως
2617 3205 2812 3270 ταύτην
2870 3203 3011 3278 αὑτῷ
3066 3203 3398 3279 ἀπονέμοντα
3496 3203 3802 3278 αἱτιώμενος
3837 3216 3852 3230 ⁸

2201 3292 2314 3348 ἐπεὶ
2345 3290 2488 3350 οὐδὲν
2529 3293 2666 3367 ἡμῖν
2715 3290 2961 3372 διαφέρον
3014 3293 3302 3367 νομίζεται,
3335 3294 3378 3348 εἰ
3421 3294 3449 3349 ὁ
3505 3292 3684 3370 Πατὴρ
3739 3288 3857 3347 κατ’

2199 3380 2471 3460 ἀμφότερα
2501 3378 2675 3444 αἴτιός
2734 3381 2874 3436 ἐστιν
2929 3382 3003 3435 ὧν
3074 3381 3213 3437 ἐστιν
3264 3381 3462 3460 αἴτιος,
3507 3382 3580 3444 ὡς
3629 3375 3855 3456 ἀκριϐῶς

2200 3467 2356 3524 εἰδόσι
2415 3469 2534 3531 τοὺς
2606 3467 2882 3547 θεολόηους
2969 3471 3123 3544 ἡμῶν
3182 3468 3414 3546 Πατέρας
3471 3476 3578 3534 νῦν,
3644 3468 3742 3544 μὲν
3797 3465 3857 3522 ἐκ

2198 3559 2296 3624 τῆς
2339 3558 2700 3630 ὑποστάσεως,
2752 3566 2840 3615 νῦν
2895 3557 2949 3614 δὲ
3003 3559 3063 3614 ἐκ
3117 3557 3213 3626 τῆς
3286 3558 3460 3621 οὗσίας
3504 3556 3854 3636 106.1111ch

2197 3647 2266 3702 τά
2333 3645 2385 3711 ἐξ
2442 3646 2600 3703 αὑτοῦ
2657 3646 3034 3726 θεολογοῦντας
3086 3647 3314 3705 αἱτιατά.
3366 3647 3526 3710 Οὗτος
3583 3643 3637 3702 δὲ
3695 3646 3852 3702 θάτε-

2201 3757 2290 3816 ρον
2318 3735 2425 3792 τῶν
2497 3734 2586 3793 δύο
2642 3735 2837 3805 διδοὺς,
2880 3739 2940 3793 τὸ
2983 3738 3083 3816 γὰρ
3137 3739 3200 3794 kx.
3251 3737 3350 3802 τῆς
3408 3737 3605 3806 οὐσίας,
3667 3738 3726 3794 οὑ
3753 3739 3851 3800 τῆς

2203 3825 2394 3897 αἰτίας,
2443 3833 2538 3882 τοῦ
2593 3824 2647 3881 δὲ
2705 3825 2890 3890 ἁπλῶς
2948 3825 3228 3901 ὁμοουσίου
3280 3823 3576 3893 δηλωτικὸν
3628 3821 3850 3903 διορίζε-

2203 3934 2321 3994 ται,
2394 3915 2482 3970 καὶ
2551 3913 2834 3992 προδήλως
2886 3929 3002 3981 τοῖς
3059 3916 3320 3994 Πατράσιν
3377 3917 3531 3990 ἡμῶν
3577 3911 3846 3995 διαμάχε-

2202 4024 2313 4082 ται,
2369 4005 2442 4059 ὧν
2500 4005 2528 4060 ὁ
2584 4005 2708 4080 μὲν,
2767 4032 2790 4062 ι
2864 4003 2961 4062 Ἐκ
3013 4009 3111 4071 τῆς
3167 4003 3430 4082 πατρικῆς
3507 4002 3716 4082 οὖσίαςῌ
3751 4002 3849 4069 τὴν

2201 4099 2292 4149 τοῦ
2370 4095 2490 4149 Υἱοῦ
2541 4092 2786 4172 θεολογεϊ
2840 4093 3106 4169 γέννησιν,
3147 4118 3168 4148 ι
3217 4095 3303 4150 καὶ
3347 4091 3506 4150 πάλιν
3534 4107 3549 4121 ⁸
3623 4120 3645 4150 ι
3685 4079 3847 4148 ’Ἰδιον

2200 4179 2297 4247 τῆς
2352 4189 2443 4239 106
2514 4185 2718 4263 Πατρὸς
2773 4185 2948 4247 οὖσίας
3032 4181 3294 4240 ἀποκαλεῖ
3371 4184 3463 4240 τὸν
3548 4182 3667 4237 Υἱὸν
3721 4178 3846 4257 γέν-

462 4273 703 4338 deﬁnit:
734 4275 926 4339 alius:
968 4275 1200 4356 «Neque
1227 4273 1384 4336 enim
1414 4273 1644 4335 deforis
1683 4281 1772 4335 est
1800 4272 2114 4336 adinvenia

2203 4292 2351 4346 νημα
2383 4286 2397 4300 ·
2434 4296 2456 4327 ι
2522 4274 2610 4328 καὶ
2666 4271 2851 4347 πάλιν,
2915 4295 2938 4327 ι
2995 4273 3105 4340 Τὴν
3146 4279 3240 4330 106
3281 4272 3485 4350 Πατρ“·ς
3538 4271 3714 4327 οὖσίαν
3752 4269 3847 4347 ἀρ-

459 4363 598 4430 Filii
631 4365 917 4430 essentia.
960 4390 984 4425 ι
1021 4369 1244 4446 scripto
1273 4363 1672 4445 promulgat,»
1709 4379 1904 4442 neque
1929 4380 1994 4424 ex
2022 4361 2114 4434 iis,

2205 4361 2314 4440 χὴν
2356 4361 2444 4415 καὶ
2469 4360 2608 4438 ῥίζαν
2639 4363 2726 4418 καὶ
2786 4362 2968 4440 πηγὴν
3026 4361 3166 4418 εἶναι
3217 4368 3310 4418 τοῦ
3370 4363 3490 4418 ι’ἱοῦ
3520 4377 3554 4412 »
3615 4357 3846 4438 ἀποφαί-

457 4472 592 4542 quga
613 4470 732 4518 non
763 4467 900 4519 sunt
939 4455 1301 4529 introducta,
1361 4453 1467 4542 sed
1518 4471 1587 4514 ex
1637 4451 1822 4514 Patris
1862 4451 2114 4513 essentia

2205 4469 2348 4504 νεται
2380 4462 2396 4478 ⁸
2447 4451 2474 4504 ὁ
2522 4447 2601 4526 δὲ,
2669 4469 2697 4510 ι
2730 4454 2802 4509 Οὑ
2859 4452 2958 4530 γὰρ
3027 4448 3212 4516 ἐξωθέν
3279 4451 3356 4514 τίς
3434 4449 3574 4506 ἐστιν
3633 4447 3844 4526 ἐφευρε-

457 4541 633 4615 enata
661 4543 962 4620 est,ve|uti
993 4543 1241 4606 luminis
1264 4541 1574 4623 Splendor,
1608 4551 1663 4602 et
1689 4558 1860 4622 aqua;
1888 4558 2069 4620 vapor
2101 4558 2114 4602 :

458 4650 731 4711 necnon:
762 4635 986 4696 «Causa
1009 4641 1104 4696 est
1147 4631 1257 4695 Dei
1288 4639 1574 4693 naturaet
1601 4630 1735 4692 Fiiii
1768 4639 1828 4690 et
1865 4629 2120 4708 Spiritus

456 4723 667 4796 sancti.
702 4747 728 4783 ε
765 4722 905 4802 Haec
958 4721 1161 4785 omnia
1209 4721 1424 4785 Filium
1485 4738 1553 4782 ex
1613 4722 1805 4783 Patris
1861 4718 2118 4782 essentia

456 4811 690 4886 causari
723 4813 915 4896 palam
953 4812 1390 4876 demonstrant.
1427 4811 1504 4871 At
1552 4808 1650 4871 hic
1704 4807 1977 4870 Patribus
2006 4808 2117 4869 ista

455 4900 928 4980 decernentibus
969 4917 1334 4983 repugnans,
1367 4898 1470 4980 qui
1518 4898 1634 4960 illis
1665 4897 1881 4958 melior
1911 4905 2023 4976 est,
2057 4905 2116 4958 et

456 4992 646 5064 multo
675 4992 855 5068 etiam
885 4990 1147 5055 divinius
1177 4997 1366 5071 atque
1395 4987 1711 5050 sublimius
1745 5003 1850 5068 pro
1887 5003 1992 5046 sua
2015 4985 2110 5047 in-

451 5086 589 5153 nata
609 5080 896 5162 jactantia
941 5097 1011 5143 ac
1059 5077 1342 5161 superbia
1371 5076 1704 5138 decernere
1733 5092 1868 5137 sese
1897 5074 2105 5138 existi-

453 5187 625 5232 mans
649 5189 768 5234 non
796 5169 1081 5252 agnoscit.
1109 5169 1171 5231 in
1193 5165 1597 5231 commentitia
1619 5163 1892 5227 essentia;
1915 5174 1975 5226 et
2001 5164 2109 5244 by-

449 5258 704 5341 postasis
726 5259 1018 5326 divisione
1037 5257 1151 5321 sibi
1170 5257 1283 5338 ipsi
1308 5253 1925 5324 contradicere,etsua
1937 5253 2010 5314 ab
2029 5252 2116 5334 ip-

448 5363 516 5411 so
531 5347 777 5424 refutari
804 5367 871 5426 ac
888 5348 1083 5430 rejici,
1109 5365 1274 5429 aeque
1294 5364 1364 5408 ac
1386 5345 1438 5408 si
1462 5344 1657 5425 ipsum
1684 5342 1932 5423 puderet
1955 5341 2028 5404 ab
2051 5359 2112 5404 a-

441 5433 1003 5522 li0,et.nou_aseips0
1018 5436 1303 5520 refell_i,et
1325 5433 1566 5522 infamia
1583 5431 1774 5522 notari
1789 5430 2104 5522 manifesta

426 5535 737 5608 reputans,
770 5527 822 5603 si
878 5518 1044 5606 solus
1082 5518 1232 5610 ipse
1264 5521 1629 5605 sibimetipsi
1675 5521 1996 5586 adversum
2030 5518 2090 5584 in

2205 4541 2356 4594 θεῖσα
2413 4538 2448 4606 ἡ
2509 4546 2600 4596 τοῦ
2684 4541 2806 4596 Υἱοῦ
2892 4540 3058 4601 οὐσία,
3125 4562 3152 4592 ι
3214 4539 3428 4616 γράφων
3481 4537 3846 4615 ἁνακηρύττει.

2211 4653 2234 4684 ι
2280 4623 2394 4685 οὑδὲ
2426 4625 2485 4684 ἐκ
2515 4629 2594 4704 μὴ
2652 4627 2818 4686 ὅντων
2850 4627 3176 4708 ἐπεισήχθη.
3209 4624 3328 4684 αλλ’
3358 4626 3417 4682 ἐκ
3468 4625 3562 4694 τῆς
3616 4631 3705 4682 τοῦ
3732 4630 3843 4680 [Ια-

2201 4717 2321 4793 ’πρὸς
2367 4719 2544 4779 οὖσάς
2583 4717 2702 4797 ἔφυ,
2761 4721 2833 4781 ὡς
2878 4727 2970 4776 106
3027 4718 3200 4797 φωτὸς
3258 4717 3602 4794 ἀπαύγασμα,
3661 4716 3748 4770 καὶ
3775 4715 3845 4776 ὡς

2198 4801 2382 4866 ὕδατος
2441 4803 2594 4881 ἅτμίς
2631 4824 2646 4839 ⁶
2685 4825 2710 4860 ι
2783 4811 2870 4863 καὶ
2940 4803 3100 4861 πάλιν
3131 4819 3144 4834 ⁸
3199 4829 3227 4860 ι
3274 4806 3420 4863 Αἶτία
3474 4803 3610 4860 ἐστὶν
3665 4804 3699 4870 ἡ
3757 4809 3848 4860 106

2197 4899 2330 4950 Θεοῦ
2361 4893 2513 4974 φύσις
2555 4895 2644 4952 καὶ
2685 4901 2778 4952 106
2823 4895 2943 4954 Υἱοῦ
2983 4897 3070 4952 καὶ
3108 4904 3200 4955 106
3257 4893 3407 4973 ἂγίου
3454 4893 3777 4968 Πνεύματος.
3813 4913 3840 4946 ι

2195 4988 2370 5040 Ταῦτα
2417 4984 2592 5040 πάντα
2651 4985 2885 5041 αἷτιατὸν
2971 4984 3031 5042 ἐκ
3085 4984 3181 5052 τῆς
3245 4991 3337 5041 τοῦ
3413 4984 3615 5058 Πατρὸς
3670 4981 3844 5043 οὑσίας

2199 5071 2342 5129 εἶναι
2389 5071 2552 5140 δηλοῖ
2609 5075 2700 5130 τὸν
2770 5075 2911 5135 rte»,
2977 5064 3035 5131 Ὀ
3078 5071 3133 5129 δὲ
3175 5086 3293 5138 τοῖς
3331 5079 3496 5129 ταῦτα
3547 5070 3844 5150 θεολογοῦσι

2201 5163 2466 5239 Πατράσιν
2553 5160 2959 5242 διαμαχόμενος
3029 5165 3056 5219 ὁ
3127 5163 3374 5242 κρείττων
3467 5160 3703 5239 ἐκείνων,
3758 5161 3843 5215 καὶ

2193 5251 2330 5306 κατὰ
2366 5249 2501 5308 πολὺ
2558 5252 2818 5330 θειότερόν
2885 5272 2941 5308 τε
2993 5251 3080 5307 καὶ
3147 5249 3474 5328 ὑψηλότερον
3529 5245 3582 5315 ἐξ
3637 5249 3841 5325 ὑπερη-

2195 5337 2358 5417 φάνου
2415 5340 2638 5419 γνώμης
2722 5339 2996 5419 θεολογετν
3092 5341 3506 5420 φανταζόμενος,
3603 5334 3842 5392 λανθάνει

2193 5427 2340 5510 δμῶς
2389 5427 2443 5485 ἦν
2482 5437 2551 5508 τῇ
2608 5429 2940 5510 ἐφευρημὲνῃ
2997 5430 3138 5504 αὑτῷ
3191 5425 3434 5505 διαιρέσει
3489 5429 3588 5494 τῆς
3661 5425 3836 5490 οὑσίας

2181 5541 2239 5576 τε
2298 5525 2384 5579 καὶ
2440 5524 2778 5589 ὑποστάσεως
2889 5523 3042 5585 αὑτὸς
3127 5520 3297 5592 ἐαυτῷ
3351 5521 3676 5599 περιπίπτει,
3753 5519 3837 5574 καὶ
