4178 6288
569 339 684 425 ssi

1649 357 1862 424 JOAN.
1907 360 2132 424 VECGI
2173 360 2286 424 GP.
2331 364 2850 434 ΡΑΤΒΙΑΒΟΗΛΕ

3826 380 3957 447 888

566 492 768 537 rerum
800 479 1064 543 omnium
1097 481 1221 546 Deo
1251 483 1451 575 habet,
1484 503 1692 549 rursus
1713 491 2046 570 sejungitur
2073 511 2178 573 pro

2289 496 2382 564 τὴν
2434 501 2603 558 αἰτίαν
2656 508 2754 570 τῆς
2827 503 3093 574 ὑπάρξεως
3151 509 3213 566 ἐκ
3265 517 3357 568 τοῦ
3440 520 3575 575 Θεοῦ
3644 522 3747 572 τῶν
3801 513 3956 572 ὅλων

567 566 837 654 prietate,
861 570 1015 650 quod
1068 590 1186 633 non
1237 573 1318 633 uti
1372 573 1722 654 Unigenitus
1752 566 1821 639 ex
1856 566 2029 642 Patre
2063 566 2208 643 sub-

567 653 740 718 sistit.
796 666 852 718 et
884 658 1037 738 quod
1073 679 1179 750 per
1208 662 1398 750 ipsum
1433 653 1646 728 Filium
1699 678 1970 750 apparet,
2003 689 2210 732 rursus

565 759 601 805 a
629 754 925 820 creatura,
959 767 1089 840 qua:
1119 749 1192 811 ab
1213 749 1530 830 Unigenito
1561 756 1853 822 subsistit.
1890 749 2043 840 quod
2093 762 2206 823 ali-

569 852 742 914 quam
798 854 930 895 cum
990 836 1092 898 illo
1142 842 1623 906 communionem
1666 836 2205 928 habere'Spirilum

569 922 1160 1018 existimemus,quod
1211 948 1279 990 ex
1333 933 1504 994 Patre
1533 954 1636 1013 per
1665 936 1878 998 Filium
1904 922 2208 1018 appareat,

565 1017 624 1071 et
650 1029 844 1092 neque
874 1013 1402 1108 immutarimeque
1436 1022 1675 1085 dissolvi
1711 1036 1903 1105 potest
1935 1013 2207 1108 Spiritus,

561 1117 595 1160 a
625 1109 898 1163 creatura
926 1103 1262 1185 dirimatur,
1296 1135 1322 1165 ι)
1360 1112 1581 1192 optime
1610 1103 2117 1196 Comprobat,nos
2145 1103 2205 1180 in

565 1188 791 1252 duabus
820 1193 1010 1254 causis
1033 1213 1101 1256 ex
1134 1199 1308 1259 Patre
1341 1188 1590 1265 laudatis
1622 1204 1814 1266 Patris
1832 1188 2036 1268 etFilii
2071 1226 2209 1270 con-

561 1296 828 1342 servasse
854 1286 1611 1353 conununionem.Etenim
1644 1294 1691 1354 si
1720 1297 1778 1355 in
1813 1296 2017 1356 mundi
2043 1299 2210 1377 opifi-

563 1367 654 1427 cio
686 1387 1065 1432 communem
1100 1393 1334 1437 causam
1362 1380 1546 1441 Filius
1562 1383 1886 1449 habetnon
1908 1387 2060 1464 quod
2084 1367 2207 1449 una

562 1454 738 1554 simul
773 1468 1055 1537 operatur
1082 1461 1143 1522 in
1175 1464 1399 1545 aliquo,
1435 1477 1492 1528 et
1521 1471 1686 1548 quasi
1739 1454 2015 1551 suppleat
2045 1476 2203 1554 quod

559 1541 621 1604 in
647 1563 845 1606 rerum
879 1566 1053 1609 causa
1085 1551 1146 1611 in
1181 1541 1350 1615 Patre
1379 1541 1757 1620 desideratur
1791 1541 2011 1623 .lPater
2043 1541 2203 1625 enim

561 1633 782 1694 nullius
811 1634 1106 1716 indigens,
1143 1659 1320 1705 causa
1349 1654 1755 1708 creaturarum
1809 1650 2068 1729 perfecta
2095 1651 2205 1713 ab-

561 1721 868 1803 solutaque
901 1736 989 1786 est
1022 1747 1035 1788 :
1070 1730 1174 1789 sed
1218 1733 1372 1810 quod
1435 1737 1693 1797 essentia
1745 1721 2070 1820 naturaque
2120 1741 2205 1802 illi

559 1813 917 1890 conjunctus
947 1825 1055 1890 est,
1092 1819 1189 1897 qui
1226 1839 1330 1898 per
1358 1822 1550 1903 ipsum
1608 1845 1814 1888 creare
1872 1813 1992 1889 vult
2038 1847 2202 1909 quaa-

555 1915 793 1979 Ciinque
823 1913 1122 1978 creantur,
1158 1909 1341 1970 multo
1390 1913 1576 1991 magis
1614 1914 1674 1976 in
1729 1917 1979 1977 naturali
2029 1938 2206 1980 causa

561 1987 819 2068 Spiritus
866 1994 1020 2056 hanc
1072 1987 1562 2063 communionem
1625 2006 1980 2082 possidebit,
2043 2009 2093 2069 si
2146 2019 2207 2071 et

555 2076 684 2158 ipse
703 2079 958 2154 Spiritus
978 2102 1083 2164 per
1112 2086 1317 2148 Filium
1347 2076 1699 2156 naturaliter
1724 2076 2062 2158 emittitura
2086 2101 2203 2161 Pa-

555 2173 668 2265 tre.
712 2166 783 2265 Et
834 2189 941 2232 nos
972 2174 1147 2253 plane
1180 2196 1283 2256 pro
1307 2179 1430 2256 jam
1482 2180 1656 2242 dictis
1706 2195 2040 2265 susceptam
2087 2187 2201 2248 ob-

547 2254 949 2347 jurgationem
1006 2254 1276 2343 quaruli,
1310 2254 1367 2328 et
1417 2270 1660 2347 jocandi
1705 2291 1839 2332 cum
1886 2254 2203 2339 dicacitate

555 2345 804 2407 studiosi
839 2350 942 2410 viri
971 2351 1128 2414 hunc
1161 2354 1219 2413 in
1247 2345 1488 2416 modum
1522 2359 1927 2438 reprimimus.
1962 2365 2033 2423 At
2077 2365 2203 2444 ipse

555 2433 699 2514 quid
737 2436 856 2497 Deo
907 2438 965 2498 in
1005 2439 1198 2503 futuro
1235 2445 1463 2522 judicio
1496 2457 1552 2507 et
1584 2433 1738 2510 nunc
1781 2452 1884 2511 Dei
1918 2433 2203 2514 Eetlesiae

553 2524 962 2602 respondebit.
994 2529 1135 2621 du_m
1171 2531 1365 2611 ipsum
1397 2545 1664 2596 sanctum
1703 2537 1931 2600 Patrem
1978 2544 2203 2621 Nysse-

553 2629 694 2673 num
729 2631 919 2704 causa;
950 2635 1022 2678 ex
1055 2617 1228 2681 Patre
1265 2621 1398 2684 Filii
1447 2633 1507 2685 et
1553 2627 1805 2704 Spiritus
1878 2617 2202 2694 discrimen

552 2711 823 2792 apertum
856 2703 1276 2769 decernentem
1326 2703 1638 2792 comperit,
1676 2735 1806 2776 cum
1857 2717 1999 2779 dicit
2036 2745 2061 2775 α
2099 2721 2202 2782 Fi-

554 2789 701 2852 lium
735 2793 977 2872 quidem
1005 2789 1614 2882 contigiie,Spiritum
1645 2823 1782 2866 vero
1813 2826 1880 2866 ex
1917 2826 2008 2881 eo,
2045 2811 2202 2890 quod

555 2882 829 2961 contigue
861 2895 975 2965 est,
1010 2904 1077 2947 ex
1106 2889 1277 2950 Patre
1307 2892 1558 2964 causari,
1588 2912 1610 2942 ι
1648 2904 1707 2955 et
1728 2895 1880 2956 hanc
1911 2882 2202 2960 differen-

556 2970 694 3032 tiam
727 2971 1046 3052 improliat,
1100 2985 1158 3037 et
1188 2980 1354 3058 quasi
1389 2999 1420 3041 ει
1453 2982 1673 3044 nullius
1723 2985 2025 3062 dignitatis
2081 2990 2204 3053 viro

553 3063 934 3141 pronuntiata
963 3073 1144 3145 esset,
1178 3068 1358 3129 veluti
1389 3070 1653 3150 spuriam
1685 3071 1857 3134 obelo
1887 3075 2102 3158 signat,
2146 3088 2205 3140 et

552 3148 639 3211 sic
658 3152 936 3231 contigue
958 3161 1016 3216 et
1044 3154 1390 3221 immediate
1422 3148 1489 3221 ex
1525 3160 1716 3236 Patre,
1753 3164 1836 3224 uti
1872 3148 2196 3232 et'Filium.

550 3238 841 3318 Spiritum
875 3260 1006 3303 esse
1037 3246 1099 3320 (ο
1133 3245 1392 3324 linguam
1441 3250 1706 3312 audaciae
1757 3253 2017 3332 plenam,
2072 3275 2204 3336 quae

553 3327 772 3391 similia
802 3329 1054 3395 blaterat
1076 3335 1123 3414 ί)
1154 3334 1469 3401 decernit?

633 3599 739 3663 44.
770 3598 1000 3663 Invadit
1027 3603 1242 3667 iterum
1293 3625 1403 3668 nos
1435 3608 1844 3670 contentiosus
1892 3610 2029 3685 iste,
2063 3612 2206 3676 dum

2290 583 2438 666 ἔχειν
2492 589 2792 670 ἀφίσταται,
2851 593 3010 652 πάλιν
3065 604 3142 672 τῷ
3195 597 3462 676 ἰδιαζοντι,
3527 601 3580 658 ἐν
3657 610 3734 678 τῷ
3801 604 3952 678 μήτε

2291 684 2592 755 μονογενῶς
2649 679 2710 738 ἐκ
2765 690 2856 739 τοῦ
2943 687 3148 765 Πατρὸς
3217 689 3538 766 ὑποστῆναι,
3611 694 3698 749 καὶ
3752 692 3804 748 ἐν
3869 697 3953 765 τῷ

2290 760 2358 818 δι’
2415 766 2572 824 αὐτοῦ
2630 772 2723 826 τοῦ
2788 775 2908 828 Υἶοῦ
2962 776 3274 856 πεφηνέναι,
3336 777 3496 834 πάλιν
3551 778 3606 836 δὲ
3664 786 3761 848 τῆς
3819 789 3950 835 κτί-

2293 873 2430 918 σεως
2485 852 2569 911 διὰ
2637 866 2729 915 τοῦ
2774 867 3096 940 Μονογενοῦς
3177 867 3504 941 ὑποστάσης,
3581 871 3655 933 ὡς
3736 868 3799 926 ἂν
3868 870 3950 944 μῆ

2291 943 2576 1010 κοινότητά
2632 969 2748 1004 τινα
2845 952 2974 1030 πρὸς
3058 953 3252 1020 ταύτην
3349 953 3496 1037 ἔχειν
3583 962 3806 1034 νομισθῇ
3882 959 3948 1013 τδ

2292 1033 2503 1107 Πνεῦμα
2534 1031 2587 1088 ἐν
2627 1041 2704 1108 τῷ
2747 1035 2807 1093 ἐκ
2860 1047 2952 1095 τοῦ
2996 1043 3201 1119 Πατρὸς
3259 1040 3342 1098 διὰ
3385 1052 3476 1101 τοῦ
3537 1049 3656 1104 Υἱοῦ
3707 1045 3951 1126 πεφηνέ-

2290 1141 2396 1198 ναι,
2459 1121 2514 1177 ἐν
2558 1131 2633 1198 τῷ
2676 1123 2915 1204 ἀτρέπτῳ
2983 1131 3067 1185 καὶ
3123 1130 3463 1189 ἄναλλοιώτω
3512 1137 3598 1191 καὶ
3656 1135 3952 1211 ἀπροσδεεῖ

2290 1205 2601 1288 διακρίνεται
2658 1215 2720 1269 τὸ
2779 1222 2991 1292 Πνεῦμα
3049 1219 3152 1275 ἀπὸ
3223 1226 3321 1288 τῆς
3398 1223 3641 1298 κτίσεως,
3677 1249 3703 1280 ι
3805 1226 3953 1282 συνί-

2289 1317 2442 1363 στητι
2498 1300 2674 1366 καλῶς
2717 1306 2861 1379 ἡμᾶς
2909 1309 2996 1363 καὶ
3039 1309 3124 1364 ἐπ’
3185 1309 3505 1390 ἀμφοτέραις
3570 1327 3693 1376 ταῖς
3751 1315 3952 1397 αἰτίαις

2287 1383 2359 1440 δι’
2422 1390 2539 1444 Υἶοῦ
2593 1390 2653 1446 ἐκ
2705 1401 2797 1450 τοῦ
2842 1397 3043 1474 Πατρὸς
3099 1383 3402 1474 εἰρημέναις
3457 1403 3516 1457 τὸ
3594 1409 3686 1460 τοῦ
3737 1391 3952 1481 Πατρδς

2286 1475 2374 1530 καὶ
2417 1479 2535 1534 Υἱοῦ
2585 1482 2817 1557 τηρῆσαι
2867 1481 3178 1563 ἀδιαίρετον,
3243 1489 3299 1544 Εἰ
3342 1490 3440 1567 γὰρ
3493 1493 3553 1546 τὸ
3597 1491 3702 1548 ἀπὸ
3736 1493 3952 1570 Πατρός

2288 1561 2578 1640 ἀδιαίρετον
2657 1568 2741 1626 ἐπὶ
2825 1571 2922 1639 τῆς
3010 1561 3424 1655 δημιουργικῆς.
3475 1578 3591 1658 ἔχει
3685 1561 3869 1646 αἰτίας·
3923 1583 3951 1635 ὁ

2303 1654 2445 1731 Υἱὸς,
2475 1656 2576 1734 οὐχ
2607 1655 2686 1713 ὅτι
2718 1673 2960 1737 συνεργεῖ
3009 1664 3145 1718 κατά
3201 1654 3274 1742 τι,
3333 1667 3419 1721 καὶ
3475 1669 3596 1724 οἶον
3639 1668 3954 1749 ἀναπληροῖ

2230 1741 2350 1829 Βτὸ
2410 1741 2494 1798 ἐπὶ
2551 1750 2617 1820 τῇ
2662 1753 2766 1802 τῶν
2823 1748 2987 1804 ὄντων
3059 1751 3196 1824 αἰτίᾳ
3263 1741 3452 1817 γάτελὲς
3538 1766 3629 1816 τοῦ
3681 1741 3895 1834 Πατρός
3939 1777 3952 1789 ⁸

2289 1828 2527 1894 ἁνενδεὲς
2597 1832 2696 1912 γὰρ
2753 1839 2840 1892 καὶ
2910 1836 3112 1896 τέλειον
3181 1847 3286 1898 τῶν
3341 1845 3640 1920 κτίσματων
3705 1846 3888 1904 αἴτιον
3924 1851 3952 1904 ὁ

2287 1920 2469 1998 Πατήρ
2503 1937 2515 1950 ’
2579 1921 2700 1980 ἀλλ’
2782 1923 2863 1982 ὅτι
2960 1925 3077 1984 κατ’
3159 1932 3331 1987 οὐσίαν
3413 1936 3501 1988 καὶ
3585 1936 3732 2014 φύσιν
3792 1936 3954 2008 αὒτῷ

2289 2003 2512 2089 ἥνωται,
2609 2008 2954 2092 δημιουργεῖν
3009 2014 3075 2072 δι’
3134 2022 3289 2078 αὐτοῦ
3369 2021 3436 2076 τὰ
3487 2003 3954 2102 δημιουργούμενα

2286 2094 2516 2172 θέλοντ’,
2570 2098 2754 2176 πολλῳ
2813 2101 2972 2160 πλέον
3031 2105 3116 2162 ἐπὶ
3173 2112 3271 2177 τῆς
3331 2094 3568 2189 φυσικῆς-
3629 2094 3820 2176 αἰτίας-
3856 2121 3956 2170 τοῦ

2287 2185 2593 2260 Πνεύματος
2648 2191 2709 2246 τὸ
2790 2199 3024 2250 τοιοῦτον
3085 2193 3185 2260 ἔξει
3272 2195 3584 2278 ἀδιαίρετον,
3652 2200 3767 2278 εἴγε
3854 2205 3950 2259 καὶ

2288 2272 2413 2330 αὐτὸ
2445 2277 2507 2331 τὸ
2569 2285 2779 2351 Πνεῦμα
2837 2291 2930 2340 τοῦ
2992 2283 3113 2339 Υἱοῦ
3168 2292 3398 2364 φυσικῶς
3456 2287 3598 2344 ἐστιν
3658 2288 3949 2364 ἐκπεμπό-

2287 2383 2442 2435 μενον
2477 2367 2535 2421 ἒκ
2567 2370 2793 2446 Πατρὸς,
2848 2371 2947 2428 Καὶ
3018 2373 3179 2446 ἡμεῖς
3232 2373 3328 2447 μὲν
3386 2374 3523 2432 οὕτω
3578 2377 3675 2443 τῆν
3707 2377 3792 2434 ἐπὶ
3823 2394 3950 2441 τοῖς

2284 2452 2511 2528 ῥηθείσιν
2567 2455 2846 2524 ἐπίπληξιν
2888 2467 2978 2516 τοῦ
3037 2461 3474 2540 φιλοσκώμμονος
3534 2463 3716 2544 ἀνδρὸς
3794 2467 3946 2524 ἀπο-

2285 2541 2663 2618 σκευαζόμεθα,
2711 2549 2874 2612 Οὗτος
2920 2547 2974 2604 δὲ
3035 2551 3084 2606 τί
3125 2553 3222 2607 καὶ
3269 2557 3384 2627 Θεῴ
3428 2553 3480 2609 ἕν
3551 2541 3638 2629 τῷ.
3692 2555 3948 2630 μέλλοντι

2284 2627 2636 2711 δικαιωτηρίῳ
2703 2639 2791 2692 καὶ
2858 2645 2927 2714 τῇ
2997 2639 3287 2715 Ἐκκλησία
3343 2649 3473 2698 Θεοῦ
3529 2651 3614 2699 νῦν
3667 2643 3948 2724 ἀπολογή-

2286 2738 2454 2793 σεται,
2507 2725 2598 2778 τὸν
2657 2724 2813 2781 αὒτὸν
2882 2731 3027 2784 θετον
3086 2730 3290 2808 Πατέρα
3349 2734 3439 2787 τὸν
3497 2733 3706 2799 Νύσσης
3765 2737 3824 2790 τὸ
3890 2737 3949 2790 ὲκ

2287 2810 2490 2887 Πατρὸς
2522 2813 2751 2870 αἰτιατὸν
2816 2818 2933 2871 Υἱοῦ
2975 2839 3030 2872 τε
3100 2819 3186 2874 καὶ
3258 2821 3560 2894 Πνεύματος
3621 2823 3692 2886 εἰς
3749 2821 3945 2902 διαφο-

2287 2897 2379 2970 ρὰν
2452 2900 2702 2978 εὑρίσκων
2774 2903 3138 2962 ἀποτᾶττοντα
3191 2907 3478 2984 πρόδηλον.
3540 2909 3593 2964 ἐν
3651 2918 3726 2985 τῷ
3790 2935 3815 2966 α
3856 2915 3946 2968 ’τὸ-ι

2289 2985 2386 3058 μὲν
2442 2991 2560 3044 Υἱὸν
2617 2998 2920 3071 προσεχῶς,
2976 2997 3037 3050 τὸ
3094 2993 3148 3050 δὲ
3208 3001 3422 3071 Πνεῦμα
3484 2995 3566 3054 διὰ
3607 3007 3699 3056 τοῦ
3742 3024 3946 3078 προσε-

2287 3079 2408 3151 χῶς
2494 3079 2724 3135 αἰτιατὸν
2773 3105 2801 3136 ι
2874 3081 3148 3162 θεολογεῖν
3213 3084 3273 3142 ἐκ
3332 3088 3556 3166 Πατρὸς,
3607 3090 3693 3144 καὶ
3745 3091 3946 3157 ταύτην

2288 3161 2484 3220 ἀθετῶν
2529 3166 2627 3233 τὴν
2683 3165 2954 3249 διαφορὰν,
3016 3174 3103 3228 καὶ
3162 3174 3232 3238 ὡς
3316 3177 3457 3253 παρὰ
3515 3183 3605 3232 τοῦ
3641 3183 3746 3232 τῶν
3791 3177 3944 3235 οὐδε⁹

2288 3250 2376 3313 νός
2453 3251 2608 3318 ἀξίων
2663 3257 2914 3333 ῥηθεῖσαν
2986 3257 3309 3333 διοόελίζων,
3395 3250 3482 3320 καὶ
3552 3265 3687 3321 οὕτω
3740 3290 3943 3346 προσε-

2291 3339 2412 3417 χιὰ
2436 3343 2524 3397 καὶ
2554 3342 2765 3417 ἆμέσως
2811 3347 3070 3405 εἶναικαὶ
3139 3352 3200 3406 τὸ
3245 3357 3454 3427 Πνεῦμα
3506 3352 3566 3409 ἐκ
3620 3361 3712 3410 τοῦ
3739 3359 3943 3431 Πατρὸς

2291 3429 2364 3492 ὡς
2421 3429 2577 3486 αὐτὸν
2633 3435 2722 3489 τὸν
2788 3437 2906 3492 Υἱὸν
2971 3436 3238 3517 (γλώττης
3307 3442 3540 3519 θρασέως
3596 3445 3659 3502 τὰ
3721 3452 3943 3501 τοιαῦτα

2290 3518 2654 3596 φθεγγομένης
2693 3521 2734 3601 ί)
2770 3524 3194 3605 ἀποφαινόμενος
3222 3547 3237 3605 ;

2373 3605 2462 3666 ιδ’.
2540 3608 2847 3690 Ἐπιφύεται
2917 3614 3077 3671 πάλιν
3145 3619 3282 3693 ἡμῖν
3339 3621 3367 3675 ὁ
3410 3618 3669 3700 φιλαίτιος
3731 3621 3943 3700 λέγουσι

551 3687 807 3750 dicimus
852 3690 1000 3752 nihil
1053 3694 1192 3756 inde
1243 3696 1377 3757 novi
1409 3697 1697 3787 sequi,isi
1745 3698 1851 3778 qui
1883 3700 2063 3761 vitam
2098 3721 2203 3782 pro

2290 3694 2456 3770 μηδὲν
2485 3687 2877 3776 καινὸν-εῖναι,
2930 3706 2973 3759 εἰ
3002 3719 3119 3768 τοῖς
3174 3687 3274 3774 τὴν
3303 3687 3445 3778 ζωὴν
3499 3710 3571 3774 εἰς
3628 3713 3689 3766 τὸ
3731 3687 3943 3787 Πνεῖμα

553 3774 778 3857 Spiritu
815 3788 1018 3843 sancto
1048 3783 1373 3864 accipiunt,
1407 3774 1741 3848 secundum
1763 3774 1988 3850 —causa3
2015 3774 2202 3851 rat-io-

2289 3787 2348 3840 τὸ
2402 3785 2552 3864 ἂγιον
2608 3787 2996 3864 ἐκλαμϐανουσι
3052 3795 3187 3851 κατὰ
3228 3797 3318 3852 τὸν
3376 3802 3472 3865 τῆς
3531 3801 3696 3864 αἰτίας
3729 3803 3941 3868 νοηθείη

551 3885 689 3928 nem
733 3867 1086 3950 intelligant,
1122 3891 1255 3934 cum
1290 3873 1422 3936 fons
1474 3875 1606 3936 vitae
1646 3876 1831 3937 Filius
1879 3887 2199 3962 asseratur,

2289 3871 2448 3952 λόγον
2504 3878 2655 3956 πηγὴ
2712 3883 2856 3950 ζωῆς
2908 3883 2936 3938 ὀ
3017 3885 3136 3948 Υἱὸς
3195 3886 3492 3966 εἰρημένος,
3547 3889 3627 3943 ὃτι
3697 3887 3782 3944 διὰ
3818 3867 3943 3950 γτοῦ

554 3957 708 4037 quod
747 3975 854 4038 per
891 3960 1107 4022 Filium
1142 3980 1211 4024 ex
1242 3961 1420 4026 Patre
1468 3982 1648 4026 causa
1695 3965 1959 4046 Spiritus
2004 3967 2115 4044 sit;
2150 3957 2204 4031 et

2300 3965 2419 4020 Υἱοῦ
2467 3964 2526 4022 ἐκ
2601 3968 2804 4047 Πατρός
2874 3972 3016 4026 ἔστιν
3089 3957 3251 4028 αἰτία⁷
3295 3957 3391 4031 τοῦ
3458 3957 3760 4051 Πνεύματος
3799 3994 3812 4007 ⁸
3857 3980 3942 4035 καὶ

546 4045 773 4109 fontem
810 4048 942 4129 ipse
976 4050 1110 4112 vita
1139 4053 1510 4132 unigenitum
1565 4053 1670 4117 Dei
1702 4045 1964 4118 Verbum
2017 4057 2204 4119 inter-

2289 4053 2476 4130 πηγὴν
2505 4061 2648 4126 ζωῆς
2708 4045 2863 4121 αὐτὸς
2918 4061 3009 4116 τὸν
3069 4068 3333 4141 μονογενῆ
3394 4064 3483 4120 τοῦ
3531 4045 3660 4123 Θεόῦ
3716 4063 3938 4144 ἐξηγού-

550 4145 815 4218 pretans,
843 4138 999 4220 quod
1033 4140 1205 4202 nobis
1235 4142 1495 4222 peccatis
1518 4142 1848 4206 demortuis
1877 4165 2054 4208 causa
2077 4148 2204 4210 vitae

2291 4163 2448 4216 μενος
2507 4145 2702 4224 Λόγον,
2779 4147 2861 4204 ὅτι
2945 4155 3042 4217 τῆς
3099 4138 3228 4207 ἀπὸ-
3260 4157 3357 4220 τῆς
3457 4153 3718 4232 ἁμαρτίας
3788 4138 3936 4212 νενε-

549 4223 688 4297 fuit,
721 4226 906 4290 instar
937 4228 1126 4290 ﬂuxus
1155 4231 1419 4293 fluminis
1452 4233 1729 4294 omnibus
1754 4235 1812 4294 in
1846 4234 2040 4316 ipsum
2072 4255 2203 4298 cre-

2291 4232 2579 4311 χρωμένοις
2601 4223 2745 4310 ἡμῖν
2797 4236 2974 4301 αἴτιος
3032 4239 3226 4308 ὑπῆρξε
3285 4247 3453 4315 ζωῆς,
3527 4223 3784 4318 ποταμίου
3825 4245 3940 4321 ῥεύ-

550 4312 854 4397 dentibus,
880 4317 1063 4380 veluti
1093 4336 1126 4379 a
1157 4318 1318 4382 tome
1348 4338 1381 4382 a
1403 4324 1600 4403 seipso
1620 4341 1748 4384 eam
1775 4312 2204 4440 emittensmon

553 4405 815 4440 annnan‘l
874 4407 1028 4440 num!
1055 4408 1184 4440 ςηηη
1213 4409 1367 4440 AL.-.
1421 4430 1614 4440 ..η-..Α
1640 4413 1711 4440 ,1-
1741 4413 1834 4440 ---:
1886 4421 2176 4440 .--..ι..ι---ι

2292 4343 2459 4395 ματος
2505 4321 2654 4390 δίκην
2721 4339 2836 4389 τοῖς
2895 4330 2967 4392 εἱς
3041 4327 3199 4386 αὐτὸν
3261 4332 3556 4388 πιστεύουσι
3614 4339 3796 4406 πᾶσιν,
3869 4336 3938 4398 ὡς

2291 4408 2391 4440 2._‘_
2436 4414 2620 4440 _..-._:'_
2668 4414 2850 4440 s-____s,'
2913 4439 2932 4440 κν
3029 4418 3070 4440 ,r,
3242 4421 3256 4438 ς
3320 4421 3331 4440 ι
3465 4419 3619 4440 ..παι
3708 4423 3720 4440 ε
3827 4421 3886 4440 ειν-ι

551 4405 838 4495 agnoscit,
873 4407 1031 4487 quod
1054 4408 1185 4488 ipse
1211 4409 1394 4485 dicat,
1421 4430 1614 4492 neque
1637 4413 1713 4473 de
1737 4411 1951 4493 quibus
1967 4421 2197 4476 statuat.

2289 4408 2394 4466 ἀπὸ
2435 4414 2620 4488 πηγῆς
2665 4414 2852 4472 ἑαυτοῦ
2899 4418 3146 4495 πτ,γάσας
3203 4421 3390 4490 αὐτήν.
3465 4419 3619 4477 Ἀλλ’
3675 4423 3768 4478 οὒκ
3797 4421 3939 4479 οἶδεν

550 4491 671 4555 Nos
699 4494 857 4556 enim
887 4495 1028 4558 dum
1062 4499 1450 4569 asseruimus,
1475 4491 1623 4562 nihil
1656 4491 1789 4562 esse
1821 4502 1954 4563 novi
1985 4503 2208 4564 fontem

548 4582 704 4658 vitaz,
738 4585 1068 4647 secundum
1100 4587 1257 4667 quod
1290 4606 1399 4668 per
1430 4589 1641 4651 Filium
1677 4590 1934 4670 Spiritus
1959 4599 2068 4669 est,
2103 4590 2206 4655 Fi-

547 4671 706 4736 lium
733 4672 984 4754 intelligi
1014 4674 1086 4737 ab
1113 4675 1209 4751 iis,
1232 4677 1333 4757 qui
1353 4677 1534 4739 vitam
1554 4677 1904 4759 inSpiritum
1934 4688 2206 4742 sanctum

547 4761 840 4837 referunt,
901 4783 1019 4825 non
1067 4774 1387 4846 propterea
1447 4785 1692 4848 prorsus
1744 4768 2207 4848 in~probavimus

549 4851 725 4914 etia'n
761 4850 985 4914 fontem
1017 4853 1151 4915 vitae
1181 4855 1549 4935 unigenitum
1573 4855 1679 4918 Dei
1697 4855 1960 4920 Verbum
1983 4859 2206 4921 dictum

548 4939 757 5016 fuisse,
790 4941 945 5023 quod
977 4941 1053 5004 ob
1085 4952 1327 5023 peccata
1371 4944 1712 5008 immortuis
1741 4965 1918 5008 causa
1962 4946 2091 5028 ipse
2120 4955 2210 5009 est

547 5029 705 5111 vitm,
730 5047 801 5092 ex
828 5031 1028 5111 seipso
1055 5031 1333 5095 omnibus
1362 5052 1492 5096 eam
1525 5035 1826 5098 amittens.
1862 5037 2082 5097 Verum
2108 5036 2207 5098 hic

549 5117 675 5181 suis
706 5118 1088 5182 sermonibus
1115 5121 1411 5200 inserens,
1453 5147 1479 5180 α
1515 5123 1665 5185 nihil
1697 5123 1831 5185 novi
1854 5142 1984 5186 esse
2015 5143 2208 5207 neque

551 5205 626 5271 ab
647 5225 758 5270 usu
791 5208 1234 5292 Scripturarum
1264 5211 1552 5289 alienum,
1589 5215 1634 5274 si
1683 5213 1951 5294 spiritale
1981 5205 2203 5276 donum

553 5297 854 5378 aequivoce
903 5298 1160 5381 Spiritus
1218 5310 1460 5364 sanctus
1513 5310 1778 5379 vocetur,
1811 5313 1872 5366 et
1906 5302 2202 5366 actionem

551 5384 870 5466 aliquando
900 5390 1274 5472 agentis,sibi
1304 5407 1522 5455 nomen
1549 5391 1886 5454 adsciscere
1909 5391 2200 5469 videatur,

553 5473 637 5536 uti
667 5475 809 5564 solis
837 5477 1145 5560 splendor,
1191 5488 1251 5541 et
1280 5479 1484 5544 lumen
1515 5500 1930 5564 saepenumero
1962 5482 2128 5562 solis,
2169 5507 2195 5539 υ

554 5563 812 5644 proferat
858 5566 1032 5629 nobis
1089 5567 1427 5648 Scripturas
1477 5571 1938 5652 exposcentibus
1996 5589 2202 5633 eorum

552 5650 832 5733 quaipse
860 5653 1026 5735 dicit,
1059 5673 1177 5717 non
1209 5673 1341 5719 esse
1371 5650 1913 5738 alienum,gratiam
1946 5659 2204 5740 Spiritus

2292 4497 2438 4564 ὅπως
2511 4501 2604 4558 οὒκ
2657 4502 2773 4560 οἶδε
2829 4505 2878 4561 τί
2946 4504 3114 4586 λέγει,
3161 4509 3248 4564 καὶ
3320 4511 3434 4588 περὶ
3533 4512 3686 4566 τίνων
3758 4509 3936 4568 διαϐε-

2292 4585 2552 4653 ϐαιοῦται,
2641 4583 2830 4668 Ἡμεῖς
2886 4595 2985 4673 γὰρ
3025 4583 3229 4667 γμηδὲν
3286 4583 3554 4676 εἰρηκότες
3625 4613 3763 4657 εἶναι
3821 4622 3938 4656 και-

2291 4680 2377 4734 νόν
2422 4681 2607 4758 πηγὴν
2650 4688 2816 4758 ζωῆς,
2876 4685 3012 4743 κατὰ
3054 4687 3114 4741 τὸ
3156 4683 3224 4740 δι’
3284 4689 3403 4744 Υἰοῦ
3445 4691 3505 4744 τὸ
3565 4695 3798 4766 Πνεῦμα,
3849 4692 3939 4752 τὸν

2303 4768 2423 4824 Υἱὸν
2492 4769 2818 4852 ἐκληφθῆναι
2873 4787 2989 4839 τοῖς
3041 4774 3140 4841 τῆν
3191 4777 3336 4847 ζωὴν
3394 4780 3468 4841 εἰς
3521 4781 3584 4835 τὸ
3631 4785 3842 4855 Πνεῦμα
3883 4781 3940 4835 τὸ

2289 4855 2441 4936 ἅγιον
2498 4858 2942 4937 ἒκλαμϐάνουσιν,
3017 4867 3112 4923 οὒκ
3173 4865 3508 4944 ἧθετήκαμεν
3587 4870 3800 4933 πάντως
3883 4872 3941 4926 τὸ

2289 4949 2376 5003 καὶ
2405 4949 2589 5028 πηγὴν
2621 4956 2764 5022 ζωῆς
2820 4953 2910 5008 τὸν
2967 4959 3226 5032 μονογενῆ
3271 4963 3364 5012 τοῦ
3418 4964 3548 5016 θεοῦ
3593 4958 3762 5036 Δόγον
3794 4961 3941 5038 εἰρῆ-

2288 5039 2404 5093 σθαι
2463 5036 2546 5094 διὰ
2615 5041 2675 5096 τὸ
2732 5054 2847 5105 τοῖς
2901 5040 3006 5098 ἀπὸ
3054 5043 3152 5111 τῆς
3206 5044 3465 5123 ἁμαρτίας
3535 5036 3941 5127 νενεκρωμένοις

2289 5126 2467 5185 αἵτιαν
2512 5131 2669 5187 αὐτὸν
2726 5131 2991 5211 ὑπάρχεεν
3053 5137 3218 5211 ζωῆς,
3279 5133 3332 5200 ἐξ
3389 5135 3573 5194 ἑαυτοῦ
3628 5149 3744 5199 τοῖς
3818 5143 3944 5193 πᾶσι

2288 5217 2485 5284 ταύτην
2515 5220 2838 5298 πηγάζοντα.
2879 5220 3042 5284 Οὗτος
3099 5219 3154 5277 δὲ
3205 5219 3289 5278 διὰ
3348 5223 3512 5298 μέσου
3558 5232 3665 5281 τῶν
3696 5226 3945 5283 τοιούτων

2289 5307 2448 5362 αὐτοῦ
2489 5305 2693 5385 λόγων,
2744 5331 2772 5363 ε
2810 5305 2974 5384 μηδὲν
3022 5311 3203 5366 καινὸν
3236 5311 3378 5368 εἶναι
3407 5336 3435 5368 n
3498 5312 3694 5391 λέγων,
3734 5338 3760 5369 ι
3811 5312 3945 5389 μηδέ

2285 5398 2384 5465 τῆς
2414 5403 2519 5453 τῶν
2572 5403 2788 5478 Γραφῶν
2838 5399 3111 5465 συνηθείας
3170 5397 3470 5479 ἀλλότριον,
3534 5402 3623 5458 ἐὰν
3675 5404 3736 5459 τὸ
3783 5425 3945 5460 πνευ-

2287 5486 2512 5560 ματικὸν
2545 5487 2788 5565 χάρισμα
2847 5486 2998 5565 ἅγιοι
3051 5487 3350 5562 ὁμωνύμως
3412 5497 3624 5567 Πνεῦμα
3673 5489 3944 5566 καλεῖται,

2287 5575 2373 5630 καὶ
2441 5575 2540 5642 τὴν
2595 5573 2860 5654 ἐνέργειαν
2918 5573 3057 5631 ’ἐστιν
3143 5576 3230 5633 ὅτε
3301 5579 3616 5636 οἰκειοῦσθαι
3703 5579 3798 5637 τοῦ
3855 5582 3948 5648 τὴν

2287 5662 2622 5743 ἑνεργοῦντος
2696 5663 2888 5730 κλῆσιν
2955 5665 3399 5741 ἀποφαινόμενος,
3462 5670 3535 5732 ὡς
3608 5672 3694 5725 καὶ
3752 5671 3786 5736 ῆ
3859 5681 3949 5730 τοῦ
