4240 6300
435 336 555 403 889
1443 301 1882 405 assmulo
1925 306 2135 400 LIBRI
2174 335 2490 399 GEORGII
2528 334 2811 400 CYPRII.
3692 336 3819 406 890

437 473 589 545 ἡλίου
642 471 939 551 λαμπηδὼν
979 476 1069 533 καὶ
1128 472 1269 553 αὐγὴ
1311 470 1570 536 πολλάκις
1610 472 1710 541 τὴν
1754 493 1846 530 του
1873 469 2075 544 ἦλίου,ι

2176 468 2461 552 Spiritum
2492 479 2761 534 sanctum
2790 469 3014 534 vocari.
3065 468 3235 543 Quod
3289 469 3344 535 si
3391 470 3522 549 ipse
3553 486 3671 533 non
3703 489 3818 552 po-

441 563 784 644 ἒμφανισάτω
852 570 1098 636 ζητοῦσιν
1153 566 1291 639 ἡμῖν
1346 563 1440 627 τὰς
1498 562 1731 642 Γραφᾶς,
1789 563 1864 617 ὧν
1925 582 2075 641 φησιι

2169 569 2285 623 test
2315 579 2424 622 nos
2445 570 2650 622 contra
2680 560 2903 640 scripta
2933 561 3271 624 testimonia
3303 561 3674 643 proferemus
3703 559 3815 622 ad-

442 651 540 709 οὒκ
591 650 868 733 ἀλλότριον
924 653 1069 710 εἶναι
1128 653 1190 708 1‘:
1247 652 1345 720 τήν
1418 651 1577 731 χάριν
1635 656 1729 708 τοῦ
1784 651 2075 725 Πνεύματο‹

2170 649 2695 728 ostendendum,et
2712 647 2968 711 maxime
2990 650 3254 711 alienum
3276 669 3409 712 esse
3429 648 3813 731 aScripturis,

446 746 658 817 Πνεῦμα
711 740 864 820 ἅγιον
905 740 1172 821 λέγεσθαι.
1233 741 1290 798 Ei
1341 738 1396 796 δὲ
1439 740 1540 815 μὴ,
1599 738 1661 795 ἐκ
1714 745 1803 795 τοῦ
1855 740 2075 795 ὶναντίοι

2170 740 2465 801 actionem
2491 737 2605 799 sibi
2639 756 2854 799 nomen
2889 739 3121 815 agentis
3150 740 3450 801 vindicare
3481 737 3814 820 Sapientis-

445 830 540 891 τὰς
596 832 856 910 γραφικᾰς
886 833 1076 906 ,ἡμεῖς
1141 828 1425 908 μαρτυρίας
1487 825 1781 906 παρέξομεν
1823 829 1897 891 εἷς
1953 828 2075 883 ὰπό·

2173 827 2363 890 simus
2383 828 2648 908 quidem,
2684 838 2742 888 et
2762 827 2821 888 in
2845 827 3223 904 deamatibus
3245 827 3550 891 tradendis
3573 826 3813 909 praecel-

445 916 602 985 δειξιν
627 922 721 977 τοῦ
763 921 853 976 καὶ
901 921 1036 977 πάνυ
1085 925 1191 976 τῶν
1234 924 1452 997 Γραφῶν
1503 915 1777 996 ἀλλότριον
1832 916 1976 971 εἶναι
2029 916 2075 970 τί

2174 914 2558 979 lentissimus.
2590 934 2784 997 neque
2805 916 3095 996 quispiam
3129 916 3361 979 inﬁcias
3412 917 3580 979 iverit
3611 918 3810 999 impu-

443 1009 541 1075 τὴν
598 1008 861 1089 ἐνέργειαν
936 1010 1034 1077 τὴν
1098 1018 1191 1069 τοῦ
1233 1008 1565 1087 ἐνεργοῦντος
1620 1005 1811 1073 κλῆσιν
1867 1002 2075 1071 ἐξιδιοῦ-

2172 1005 2385 1067 denter
2415 1008 2571 1068 hunc
2614 1025 2729 1067 non
2782 1024 2914 1067 esse
2963 1006 3341 1068 Theodorum
3375 1005 3813 1084 Abucaram,in

441 1101 580 1160 σθαι.
656 1090 714 1156 Ὀ
783 1099 883 1176 γὰρ
942 1098 1246 1179 σοφώτατος
1327 1097 1416 1154 καὶ
1471 1094 1633 1153 πλέον
1687 1093 2075 1173 δυγματικώτα-

2170 1093 2406 1156 dictatis
2435 1113 2468 1156 a
2497 1114 2562 1156 se
2588 1094 2661 1155 de
2689 1093 2905 1157 divinis
2923 1094 3265 1156 nominibus
3287 1093 3622 1173 sententiis,
3659 1098 3816 1160 «Νο-

440 1210 554 1263 τος,
601 1190 689 1246 καὶ
733 1185 896 1253 οὒδεὶς
940 1188 1000 1245 οὗ
1070 1187 1527 1266 σδμμαρτυρήσειν
1599 1206 1689 1260 μοι
1766 1181 2075 1239 ἆπαναιδεύ-

2170 1201 2307 1245 men
2338 1182 2467 1255 Dei,
2511 1209 2529 1238 ι
2570 1183 2783 1264 inquit,
2816 1209 2837 1238 ε
2875 1202 2909 1243 a
2932 1183 3184 1263 quadam
3207 1184 3555 1263 Operatione
3586 1183 3809 1246 dictum

440 1299 611 1350 σεται,
644 1279 735 1335 τὸν
765 1274 1091 1356 Ἀὄουκαρὰν
1148 1276 1226 1352 μὴ
1282 1276 1424 1332 εἶναι
1484 1280 1647 1331 ταῦτα
1704 1270 1970 1350 Θεόδωρον
2029 1271 2075 1328 ἐν

2165 1279 2295 1348 est;
2327 1290 2446 1332 non
2477 1280 2674 1333 tamen
2706 1271 3011 1349 signiﬁcat
3031 1272 3465 1350 operationem,
3497 1271 3600 1334 sed
3635 1280 3809 1333 natu-

439 1380 558 1432 τοτς
591 1368 709 1446 περὶ
736 1366 887 1423 θείων
919 1366 1194 1442 ὀνομάτων
1239 1362 1417 1443 λόγοις
1472 1364 1653 1421 αὔτοῦ.
1706 1386 1733 1418 ε
1780 1364 1852 1421 Τὸ
1884 1362 2075 1435 Θεὸς,ι

2161 1378 2292 1421 ram
2312 1369 2682 1440 operantem.
2700 1357 2761 1422 Si
2793 1362 2949 1422 enim
2971 1378 3186 1420 nomen
3209 1359 3315 1421 Dei
3346 1361 3642 1438 signiﬁcat
3662 1380 3807 1442 ope~

439 1458 622 1537 φησὶν,
684 1478 712 1511 ε
757 1453 923 1530 ὄνομα
965 1456 1069 1511 ἀπὸ
1110 1476 1252 1519 τινος
1296 1452 1557 1533 ἐνεργείας
1615 1450 1848 1532 εἴρηται,
1884 1452 1941 1508 06
1972 1450 2075 1526 μὴν

2162 1449 2481 1525 rationem,
2516 1467 2694 1511 omne
2714 1458 2909 1511 autem
2931 1467 3174 1525 nomen,
3200 1450 3369 1529 cujus
3390 1449 3567 1511 habet
3588 1449 3811 1528 signiﬁ-

434 1544 533 1613 τῆς
591 1544 852 1624 ἐνεργείας
936 1542 1046 1601 ἐστὶ
1117 1544 1472 1619 σημαντικὸν,
1526 1540 1663 1598 ἄλλα
1714 1542 1812 1609 τῆς
1877 1540 2075 1621 φύσεως

2163 1537 2456 1600 cationem
2493 1537 2660 1601 illius
2697 1547 2788 1600 est
2843 1556 3104 1601 nomen:
3160 1538 3340 1616 igitur
3388 1556 3604 1600 nomen
3655 1538 3811 1600 Deus

437 1639 537 1701 τῆς
583 1633 923 1712 ἐνεργούσης.
988 1634 1046 1691 Ei
1100 1633 1199 1710 γὰρ
1266 1632 1328 1687 τὸ
1397 1633 1525 1695 Θεὸς
1583 1629 1749 1706 ὄνομα
1820 1628 2075 1708 ἐνεργείας

2164 1644 2384 1688 nomen
2407 1627 2770 1708 operationis
2792 1625 3104 1699 est.Quare
3124 1627 3280 1708 quod
3313 1625 3810 1689 nominaturDeus

435 1721 757 1801 δηλωτικὸν,
829 1727 935 1779 πᾶν
989 1719 1044 1777 δὲ
1102 1718 1270 1796 ὄνομα
1325 1719 1526 1784 οὗτινος
1590 1719 1701 1776 ἐστὶ
1755 1715 2075 1788 δηλωτικὸν,

2163 1715 2428 1795 operatio
2459 1714 2567 1778 Dei
2597 1724 2704 1777 est.
2735 1714 3014 1796 Operatio
3045 1716 3223 1795 igitur
3261 1715 3367 1777 Dei
3422 1725 3513 1777 est
3539 1715 3718 1791 Deus,
3750 1723 3810 1776 et

434 1810 633 1869 ἐκείνου
681 1809 820 1868 ἐστὶν
867 1808 1036 1886 ὄνομα
1050 1829 1085 1891 _'
1156 1811 1246 1867 καὶ
1286 1810 1348 1866 τὸ
1392 1811 1522 1873 Θεὸς
1565 1807 1664 1886 ἄρα
1719 1805 1885 1883 ὄνομα
1942 1805 2075 1883 ἔνερ-

2163 1802 2322 1866 Deus
2352 1813 2442 1867 est
2471 1804 2740 1886 operatio
2788 1822 2917 1867 sua.
2976 1805 3141 1867 Idem
3192 1805 3373 1885 igitur
3404 1813 3493 1866 est
3531 1804 3714 1877 Deus,
3750 1814 3810 1867 et

433 1901 580 1980 γείας
622 1899 762 1958 ἐστὶν
804 1882 994 1975 ὄνομα.
1050 1882 1241 1957 Ὠστεε
1297 1900 1359 1956 τὸ
1419 1882 1972 1974 ὠνομασμένονίΘεὸς
2029 1882 2075 1963 Si}

2160 1893 2427 1974 operatio
2454 1882 2587 1974 Dei,
2636 1892 2793 1975 quod
2828 1901 2917 1954 est
2953 1882 3342 1973 impossibile.
3392 1893 3456 1955 Si
3512 1893 3644 1974 quis
3668 1911 3806 1954 vero

433 1988 667 2070 ἴνέργεια
721 1995 814 2047 τοῦ
872 1994 1003 2046 Θεοῦ
1047 1988 1211 2050 ἔστιν.
1257 1989 1386 2051 Θεὸς
1443 1984 1542 2066 ἄρα
1596 1988 1632 2056 ἡ
1689 1985 1921 2065 ἐνέργεια
1988 1992 2075 2043 τοῦ

2160 1981 2534 2045 contentiose
2565 1982 2744 2063 dicat,
2765 1999 2943 2062 posse
2963 1982 3077 2045 hoc
3100 1983 3243 2064 poni
3272 1990 3330 2045 et
3351 1982 3624 2056 concedi,
3647 1982 3803 2045 sciao

435 2069 588 2152 Θεοῦ,
655 2079 744 2135 καὶ
797 2080 826 2135 6
879 2079 1008 2141 Θεὸς
1065 2079 1100 2146 ἡ
1158 2076 1393 2156 ἐνέργεια
1448 2079 1607 2135 αὐτοῦ
1655 2075 1818 2134 ἔστιν.
1880 2075 2075 2133 Ταυτὸν

2160 2069 2238 2134 tis
2268 2071 2454 2133 multa
2474 2070 2728 2133 absurda
2747 2070 2888 2132 inde
2902 2071 3472 2152 sequi,Primum,ad
3487 2070 3644 2134 idem
3659 2070 3798 2133 dici:

435 2164 537 2247 ἄρα
591 2169 721 2230 Θεὸς
763 2169 853 2225 καὶ
895 2167 1129 2247 ἰνέργεια
1182 2174 1335 2246 Θεοῦ,
1395 2164 1523 2245 ὅπερ
1579 2163 1848 2221 ἀδύνατον.
1911 2165 1968 2221 Ei
2024 2161 2075 2219 δε

2161 2178 2293 2240 quae
2315 2160 2474 2222 enim
2501 2170 2638 2222 sunt
2662 2159 2895 2240 eadem,
2928 2161 3000 2221 ad
3032 2162 3188 2222 idem
3237 2160 3536 2231 dicuntur,
3566 2162 3613 2222 si
3633 2178 3800 2222 eam-

432 2277 514 2318 τις
556 2256 829 2334 ἐριστικῶς
872 2254 1017 2334 λέγει
1078 2257 1152 2320 ὡς
1207 2259 1301 2315 οὒκ
1356 2253 1604 2312 ἀδύνατον
1650 2261 1804 2311 τοῦτο
1858 2253 2075 2325 τιθέναι,

2162 2248 2299 2308 dem
2327 2247 2737 2309 deﬁnitionem
2768 2247 3105 2311 admittunt.
3141 2251 3217 2311 At
3242 2248 3505 2330 operatio
3536 2247 3644 2311 Dei
3694 2248 3802 2312 Dei

434 2342 574 2402 ἴστω
615 2348 689 2409 ὡς
732 2343 907 2402 πολλὰ
967 2343 1137 2402 ἄτοπα
1210 2341 1481 2419 συμϐαίνει
1549 2344 1692 2419 αὗτῴ
1742 2340 2071 2422 ὁμολογεῖν·

433 2441 640 2513 πρῶτον
671 2435 769 2511 μὲν
824 2436 885 2491 τὸ
930 2435 1059 2513 πρὸς
1102 2435 1163 2492 τὸ
1208 2435 1331 2490 αὐτὸ
1360 2432 1599 2513 λέγεσθαι
1636 2450 1650 2464 ·
1684 2434 1749 2491 τὰ
1776 2433 1875 2510 γὰρ
1916 2431 2079 2490 ταυτὰ

434 2525 563 2603 πρὸς
591 2526 654 2581 τὸ
684 2523 810 2580 αὒτὸ
839 2522 1075 2601 λέγεται,
1127 2522 1180 2579 εἴ
1229 2544 1291 2602 γε
1332 2523 1422 2579 τὸν
1465 2524 1621 2582 αὐτὸν
1663 2521 1783 2598 ὅρον
1836 2520 2074 2601 δέχεται.

433 2610 585 2669 Ἀλλ’
643 2614 678 2681 ἡ
734 2620 826 2670 τοῦ
878 2612 1010 2669 Θεοῦ
1051 2610 1286 2691 ἐνέργεια
1336 2617 1429 2667 106
1498 2617 1630 2667 Θεοῦ
1679 2610 1891 2688 λέγεται
1935 2609 2082 2691 ένέρ-

431 2717 571 2779 γεια·
620 2705 648 2759 6
677 2700 733 2759 δὲ
766 2704 896 2767 Θεὸς
926 2701 984 2758 οὐ
1027 2699 1241 2779 λέγεται
1284 2706 1377 2757 τοῦ
1409 2706 1541 2759 εἐοῦ
1583 2700 1725 2757 εἶναι
1760 2700 1912 2765 Θεός.
1951 2688 2080 2757 ’Ἔτι

435 2792 464 2857 ἱ,
510 2789 745 2870 ἐνέργεια
798 2790 1137 2869 ὶνεργοῦντός
1192 2789 1331 2845 ἐστιν
1359 2788 1638 2870 Δ’ἐνέργεια
1674 2807 1687 2821 ·
1750 2791 1778 2844 6
1827 2786 1881 2844 δὲ
1951 2789 2081 2849 Θεὸς

432 2879 525 2936 οὒκ
581 2865 942 2957 ἐνεργοῦντός-
975 2878 1084 2934 ἐστι
1142 2878 1291 2942 Θεός.
1359 2865 1499 2934 ’Ἔτι
1534 2865 1591 2934 ἐἰ
1616 2878 1804 2933 ταυτὸν
1834 2879 1963 2941 Θεὸς
1992 2878 2080 2933 καὶ

429 2965 664 3046 ἐνέργεια
709 2973 863 3046 Θεοῦ,
908 2978 1295 3044 κατηγοροϊντο
1345 2964 1404 3022 ἂν
1470 2964 1739 3046 ἀμφότερα
1780 2965 1916 3021 κατᾶ
1974 2971 2080 3022 τῶν

426 3061 621 3116 αὐτῶν.
687 3054 835 3114 Ἀλλ’
894 3058 922 3112 6
981 3057 1110 3119 Θεὸς
1167 3067 1548 3135 κατηγορεῖται
1577 3055 1712 3112 κατὰ
1747 3057 1948 3132 Πατρὸς
1990 3057 2078 3111 καὶ

2161 2336 2427 2416 operatio
2459 2335 2696 2397 dicitur:
2728 2335 2886 2397 Deus
2906 2354 3044 2398 vero
3087 2356 3206 2398 non
3237 2337 3455 2399 dicitur
3477 2355 3615 2401 esse
3654 2337 3812 2400 Deus

2164 2426 2294 2488 Dei.
2316 2425 2610 2487 Praeterea
2630 2425 2896 2507 operatio
2911 2427 3213 2508 operantis
3229 2427 3496 2506 operatio
3514 2436 3625 2490 est:
3656 2427 3814 2490 Deus

2165 2523 2362 2576 autem
2378 2534 2495 2576 non
2513 2523 2602 2577 est
2639 2517 2801 2578 Deus
2824 2516 3143 2595 operantis.
3177 2518 3429 2597 Rursus,
3453 2515 3502 2577 si
3518 2515 3681 2578 idem
3711 2515 3808 2597 ip-

2164 2621 2294 2664 sum
2326 2613 2418 2667 est
2446 2604 2627 2685 Deus,
2661 2604 2716 2665 ei
2745 2604 3010 2685 operatio
3042 2604 3171 2679 Dei,
3204 2604 3486 2667 dicantur
3531 2605 3707 2667 ambo
3735 2605 3811 2668 de

2163 2691 2378 2754 iisdem
2394 2739 2410 2767 ,
2433 2703 2493 2755 at
2522 2695 2675 2755 Deus
2690 2692 2766 2754 de
2794 2691 2968 2754 Patre
2988 2692 3210 2756 dicitur
3225 2702 3281 2755 et
3309 2691 3456 2756 Filio
3480 2702 3537 2754 et
3564 2691 3808 2773 Spiritu,

2165 2781 2433 2861 operatio
2464 2799 2603 2843 vero
2628 2800 2748 2843 non
2779 2781 2866 2843 sic
2896 2803 2910 2840 :
2947 2784 3128 2845 Pater
3142 2782 3301 2844 enim
3330 2782 3490 2845 Deus
3512 2790 3623 2864 est,
3652 2780 3812 2843 simi-

2163 2868 2302 2931 liter
2330 2879 2390 2931 et
2422 2870 2602 2932 Filius
2652 2883 2713 2931 et
2758 2870 3060 2951 Spiritus;
3108 2870 3281 2935 Pater
3326 2880 3523 2934 autem
3574 2890 3693 2933 non
3723 2877 3813 2932 est

2162 2959 2455 3039 Operatio,
2487 2959 2578 3021 vel
2607 2958 2816 3041 Filius,
2849 2959 2943 3024 vel
2972 2958 3252 3042 Spiritus,
3313 2961 3419 3024 sed
3464 2969 3805 3041 operantes.

2160 3047 2329 3120 Quod
2360 3067 2500 3110 vero
2559 3049 2880 3111 maximum
2928 3061 3036 3122 est,
3074 3070 3193 3112 non
3225 3049 3429 3112 dicere
3458 3049 3644 3112 Deum
3676 3066 3809 3113 esse

430 3148 551 3203 Υἱοῦ
603 3147 691 3202 καὶ
746 3145 1074 3223 Πνεύματος,
1130 3146 1166 3212 ἡ
1209 3142 1263 3199 δὲ
1322 3143 1555 3224 ἐνέργεια
1596 3143 1701 3224 οὐχ
1736 3144 1959 3219 ὁμοίως.
2023 3134 2075 3203 Ὀ

2164 3146 2299 3198 ante
2328 3156 2495 3199 suam
2518 3138 2954 3220 Operationem,
2984 3139 3089 3201 sed
3115 3138 3316 3201 simul:
3340 3156 3472 3220 quae
3491 3137 3649 3199 enim
3673 3144 3811 3199 sunt

428 3235 527 3313 γὰρ
582 3233 764 3313 Πατὴρ
822 3235 1003 3312 Θεὸς,,
1084 3233 1278 3308 ὁμοίως
1352 3232 1407 3289 δὲ
1457 3233 1545 3289 καὶ
1602 3235 1630 3289 6
1690 3235 1809 3295 Υἱος
1864 3234 1952 3289 καὶ
2020 3234 2082 3289 τὸ

426 3325 663 3399 Πνεῦμα.
709 3320 898 3382 Οὐκέτι
938 3320 993 3378 δὲ
1047 3324 1076 3379 6
1133 3322 1316 3401 Πατὴρ
1367 3320 1626 3400 ὶνέργεια,
1671 3320 1707 3390 ἢ
1752 3323 1780 3378 6
1832 3322 1977 3401 Υἱὸς,
2045 3321 2081 3390 ἢ

425 3413 486 3469 τὸ
538 3418 773 3489 Πνεῦμα,
858 3409 977 3468 ἀλλ’
1063 3411 1392 3491 ἐνεργοῦντα.
1453 3413 1525 3468 Τὸ
1590 3409 1645 3467 δὲ
1715 3410 1963 3490 μέγιστον
2021 3413 2083 3467 τὸ

424 3499 597 3579 λέγειν
642 3501 721 3578 μὴ
776 3501 919 3559 εἶναι
973 3501 1065 3557 τὸν
1109 3502 1238 3557 Θεὸν
1294 3502 1395 3576 πρὸ
1454 3500 1550 3569 τῆς
1592 3499 1855 3580 ἰνεργείας
1899 3501 2078 3569 αὒτοῦ,

427 3588 547 3646 ἀλλ’
578 3588 713 3666 ἅμα.
746 3590 821 3649 Τὰ
881 3590 981 3669 γὰρ
1023 3591 1186 3646 ταυτὰ
1235 3588 1346 3665 ἅμα
1399 3587 1685 3667 ὅμολογεϊν
1740 3587 1972 3668 ἀνάγκη.
2019 3595 2079 3649 Εἰ

426 3680 515 3735 οὗν
546 3682 572 3735 6
616 3678 747 3744 Θεός
802 3676 976 3752 ἆδῖος,
1022 3680 1109 3734 καὶ
1150 3680 1185 3747 ἡ
1247 3678 1480 3758 ἐνέργεια
1528 3680 1684 3735 αὖτοῦ
1726 3675 1825 3758 ἄρα
1877 3676 2071 3751 α’ίδιος,

426 3768 562 3825 ὥστε
617 3770 705 3825 καὶ
746 3769 807 3825 τὸ
862 3773 961 3837 τῆς
1013 3767 1274 3847 ἐνεργείας
1337 3767 1674 3844 ἆποτελέσμα
1730 3766 1924 3830 ἀίδιον,
2000 3771 2070 3828 Τὸ

424 3855 479 3913 δὲ
535 3856 873 3932 ἀποτέλεσμα
928 3860 957 3915 6
985 3856 1212 3932 κόσμος.
1247 3854 1446 3923 Ἀ’ίδιος
1474 3857 1574 3937 ἄρα
1604 3859 1633 3914 6
1687 3857 1887 3932 κόσμος
1942 3859 2080 3915 κατὰ

422 3944 522 4012 τὴν
563 3945 916 4023 προτεθεῖσαν
979 3945 1248 4002 ὑπόθεσιν.
1312 3943 1481 4024 ’Ὅπερ
1549 3948 1608 4004 οὗ
1677 3946 1838 4021 μόνον
1880 3943 2075 4003 ἀδύνα-

427 4055 545 4108 τον,
589 4032 728 4090 ἀλλᾶ
783 4035 871 4091 καὶ
927 4030 1113 4097 ἀσεϐές
1171 4032 1282 4089 ἑστι
1346 4031 1543 4111 λέγειν,
1581 4056 1608 4089 ι
1662 4033 1813 4091 Οὕτω
1839 4034 1937 4102 τὴν
1982 4033 2075 4091 ἐκ·

427 4119 811 4192 ιιλησιαστικήν
854 4124 1019 4199 ἡμεῖς
1077 4119 1312 4179 παιδείαν
1373 4123 1708 4196 ἠσκήσαμεν.
1777 4121 1926 4179 Οὕτω
1981 4123 2075 4190 τὴν

422 4208 735 4289 θεολογικὴν
822 4209 1055 4288 μετιέναι
1125 4209 1243 4267 666v
1299 4213 1462 4287 ἡμεῖς
1527 4208 1932 4291 ὶπαιδεύθημεν,
1989 4217 2078 4272 καὶ

427 4298 580 4355 πάνθ’
650 4299 748 4357 ὅσα
792 4300 1142 4379 θεολογοῦμεν
1206 4299 1311 4357 ἆπό
1367 4306 1585 4381 Γραφῶν
1640 4306 1885 4372 ωνιστᾷν
1918 4318 1933 4333 ⁸
1988 4299 2077 4356 καὶ

2165 3225 2374 3287 eadem
2411 3244 2663 3289 necesse
2693 3236 2783 3289 est
2810 3226 3082 3289 conﬁteri
3122 3226 3490 3288 simulasse.
3540 3226 3604 3287 Si
3632 3225 3809 3305 igitur

2165 3314 2326 3377 Deus
2355 3324 2443 3377 est
2471 3324 2752 3390 aeternus,
2778 3326 2840 3378 et
2868 3318 3135 3397 operatio
3157 3317 3289 3396 ejus
3336 3324 3557 3378 aeterna
3590 3325 3703 3389 est,
3737 3332 3808 3376 ex

2166 3421 2282 3483 quo
2315 3403 2402 3481 ﬁt,
2433 3412 2498 3466 ut
2552 3404 2799 3467 eﬂ‘ectus
2847 3404 3215 3486 operationis
3262 3413 3520 3467 aeternus
3567 3403 3684 3480 sit;
3718 3416 3811 3466 est

2165 3500 2362 3554 autem
2387 3494 2634 3556 eﬁ‘ectus
2661 3494 3031 3572 operationis
3064 3494 3528 3574 mundus,igitur
3551 3501 3809 3556 aeternus

2164 3581 2445 3656 mundus,
2477 3591 2538 3643 ut
2569 3584 2824 3662 positum
2856 3591 2967 3647 est.
3001 3584 3185 3666 Atqui
3205 3583 3323 3645 dici
3341 3585 3455 3646 hoc
3475 3601 3593 3645 non
3614 3582 3805 3644 solum

2160 3670 2385 3752 nequit,
2418 3671 2523 3733 sed
2555 3671 2805 3752 impium
2828 3691 3063 3755 quoque
3084 3671 3336 3737 astu-Sic
3381 3691 3489 3735 nos
3516 3672 3579 3734 in
3606 3675 3802 3735 eccle-

2152 3759 2389 3821 siastica
2422 3760 2760 3825 eruditione
2786 3761 3030 3825 exerciti
3058 3780 3265 3824 sumus
3292 3783 3307 3823 :
3332 3763 3483 3824 hanc
3510 3780 3621 3825 nos
3643 3763 3809 3824 theo-

2162 3849 2412 3928 logicam
2442 3850 2591 3913 viam
2625 3851 2855 3913 calcare
2884 3851 3081 3916 edocti
3112 3870 3340 3927 sumus,
3365 3861 3422 3913 et
3443 3869 3805 3933 quaecunque

2160 3937 2237 4000 de
2278 3938 2461 4000 rebus
2516 3940 2865 4020 theologicis
2923 3941 3395 4022 pronuntiamus,
3459 3960 3529 4003 ex
3585 3941 3808 4022 scripto

2162 4027 2394 4090 traditis
2425 4027 2783 4091 testimoniis
2808 4031 3160 4092 conﬁrmare
3187 4049 3202 4104 ;
3256 4040 3315 4092 et
3343 4037 3479 4092 ante
3501 4031 3703 4091 omnia
3731 4030 3807 4092 de

2159 4114 2374 4196 quibus
2390 4115 2463 4178 ab
2488 4118 2841 4179 adversariis
2855 4119 3071 4180 nostris
3114 4118 3481 4199 infestamur,
3507 4136 3616 4198 per
3637 4118 3804 4181 Scri-

2161 4212 2463 4285 pturarum
2494 4205 2681 4267 robur
2710 4207 3055 4269 eorumdem
3089 4207 3470 4288 petulantiam
3500 4206 3801 4285 frangere.

2159 4293 2231 4354 At
2259 4292 2543 4375 veritatis,
2574 4303 2640 4355 ut
2669 4293 2799 4374 ipse
2826 4294 2929 4365 ait,
2964 4294 3177 4356 vindex
3225 4295 3546 4376 praeclarus
3576 4294 3803 4356 calum-

428 4386 513 4444 ἐπὶ
583 4395 766 4463 πᾶσιν,
810 4390 898 4452 οἷς
942 4390 1085 4468 παρὰ
1127 4394 1232 4445 τῶν
1269 4379 1688 4469 ἀντιφερομένων
1744 4389 1879 4463 ἡμῖν
1934 4386 2073 4455 ἐπη-

2162 4379 2425 4443 niatores
2484 4391 2543 4443 et
2593 4382 2655 4443 in
2716 4392 2952 4444 sanctos
3006 4383 3257 4465 injurias
3311 4382 3617 4464 appellans
3673 4402 3802 4459 nos,

426 4476 740 4558 ριαζόμεθα,
775 4475 859 4534 διὰ
888 4483 987 4544 τῆς
1038 4484 1143 4534 τῶν
1205 4483 1426 4557 Γραφῶν
1476 4477 1662 4556 ἰσχύος
1719 4475 1818 4544 τὴν
1879 4477 2075 4533 τούτων

2162 4470 2262 4550 qui
2295 4472 2405 4531 hac
2428 4470 2659 4532 ratione
2686 4490 2787 4533 res
2817 4471 3178 4552 theologicas
3201 4481 3805 4554 pertractamus,quo-

427 4563 680 4646 ἐπήρειαν
733 4566 1142 4647 ἀποτρέπεσθαι,
1231 4558 1290 4625 ι0
1357 4563 1413 4622 δὲ
1488 4565 1588 4634 τῆς
1669 4564 1940 4644 ἀληθείας,
2002 4564 2075 4629 ὥς

428 4644 581 4724 φησι,
626 4644 884 4724 γενναῖος
924 4644 1205 4716 ἐκδικητής
1258 4647 1583 4725 συκοφάντας
1643 4646 1785 4721 ἡμᾶς
1841 4647 1930 4702 καὶ
1970 4652 2076 4703 τῶν

426 4736 575 4814 ἁγίον
626 4736 909 4795 ἀποκαλῶν
964 4734 1232 4818 ὑϐριστὰς,
1297 4738 1419 4802 τοὺς
1477 4735 1614 4794 οὕτω
1642 4736 1741 4804 τὴν
1767 4734 2077 4814 θεολογικὴν

2160 4559 2337 4620 modo
2370 4577 2404 4620 a
2444 4559 2620 4620 nobis
2653 4561 3134 4643 compellabitur,
3161 4561 3264 4644 qui
3295 4581 3365 4623 ex
3397 4560 3655 4642 propriis
3684 4569 3742 4623 et
3771 4580 3805 4624 e

2159 4657 2364 4708 ventre
2397 4646 2716 4712 novissime
2747 4658 2981 4711 exortas
3031 4651 3371 4727 dogmatum
3422 4649 3712 4712 dictiones
3742 4648 3801 4711 in

2156 4735 2488 4798 Ecclesiam
2521 4736 2629 4798 Dei
2657 4737 3023 4800 introducit?

417 4824 695 4898 μετιόντας
722 4823 863 4900 ὸδὸν,
897 4849 946 4883 τι
976 4826 1037 4882 ἂν
1061 4826 1187 4904 παρ’
1217 4825 1373 4902 ἡμῶν
1400 4824 1621 4903 κληθείη
1652 4824 1807 4889 αὒτὸς
1850 4827 1878 4882 6
1909 4824 2118 4882 οἴκοθεν
2143 4826 2231 4882 καὶ
2258 4825 2365 4882 ἀπὸ
2389 4824 2592 4891 κοιλίας
2618 4825 2738 4892 νέας
2771 4827 2884 4907 ἄρτι
2914 4826 3193 4907 δογμάτων
3220 4830 3397 4910 φωνάς
3428 4835 3497 4906 τῇ
3556 4836 3646 4885 τοῦ
3678 4836 3809 4885 Θεοῦ

422 4915 798 4991 εἰσηγούμενος
827 4914 1121 4988 Ἐκκλησία
1147 4936 1165 4994 ;

496 4995 589 5063 ιε’.
646 5002 889 5082 Ἐρωτιῖω
944 5007 1089 5078 ἡμᾶς
1157 5005 1332 5079 οὗτος,
1394 5010 1502 5064 Ποῦ
1574 5008 1621 5060 οἱ
1688 5004 1927 5084 θεοφόροι
1982 5005 2073 5060 τὸν

423 5092 552 5148 Θεὸν
602 5093 691 5149 καὶ
746 5091 952 5171 Πατέρα
981 5090 1066 5150 διὰ
1093 5099 1185 5150 τοῦ
1233 5095 1355 5149 Υἱοῦ
1407 5090 1581 5150 αἴτιον
1622 5092 1737 5151 τοῦ
1768 5092 2072 5168 Πνεύματος

417 5176 669 5259 ἔφασανς
720 5180 895 5238 ῦκούει
949 5204 1055 5259 παρ
1095 5183 1271 5257 ἡμῶν,
1348 5179 1483 5238 ὅπου
1540 5184 1694 5240 αὖτὸν
1754 5204 1781 5237 ε
1815 5178 2074 5261 προϐολέα

415 5263 499 5324 διὰ
555 5266 716 5347 λόγου
798 5278 888 5328 τοῦ
956 5269 1329 5350 ἐκφαντορικοῦ
1414 5271 1722 5347 Πνεύματος
1774 5294 1795 5325 ι
1887 5270 2069 5349 εἷπον,

418 5352 684 5436 Ἐρωτῶν,
740 5364 848 5415 Ποῦ
902 5359 993 5414 τὸν
1060 5357 1405 5439 Παράκλητον
1462 5359 1619 5417 εἶπον
1675 5360 1735 5417 ἐκ
1793 5366 1885 5416 τοῦ
1955 5361 2076 5415 Υἱοῦ

422 5442 571 5525 ’ἐχειν
610 5446 711 5514 τὴν
752 5445 967 5526 ὕπαρξιν
1003 5466 1019 5527 ;
1071 5445 1269 5520 ἀκούει,
1324 5445 1456 5507 ὅπου
1491 5473 1518 5503 ι
1552 5447 1613 5505 ἐκ
1641 5451 1734 5505 τοῦ
1791 5451 1913 5507 Υἱοῦ
1968 5469 2068 5526 φυ-

418 5540 580 5600 σικῶς
633 5536 720 5593 καὶ
776 5533 1038 5600 οὐσιωδῶς
1108 5537 1368 5616 ὑπάρχειν
1431 5560 1460 5593 ι
1508 5538 1667 5595 εἶπον
1726 5558 1750 5594 ε
1818 5538 2000 5594 αὐτὸν.
2034 5553 2064 5595 ι

412 5619 683 5707 Ἐρωτῶν,
732 5631 839 5681 Ποῦ
882 5623 1040 5681 πάλιν
1094 5627 1248 5684 αὗτὸν
1318 5626 1408 5681 τὸν
1466 5626 1816 5705 Παράκλητον
1860 5624 1920 5683 ἰκ
1977 5630 2071 5682 τοῦ

3782 4931 3802 4965 Α

2242 5003 2334 5065 15.
2371 5001 2733 5068 Postulausa
2771 5003 2947 5067 nobis
2976 5007 3125 5088 ipse,
3158 5005 3287 5080 Quo
3335 5008 3394 5069 in
3426 5006 3558 5069 loco
3588 5005 3778 5069 deifer

2157 5090 2391 5155 Patrem
2426 5094 2612 5156 Deum
2648 5106 2710 5156 ut
2744 5097 2979 5158 Patrem
3018 5115 3122 5177 per
3154 5095 3368 5160 Filium
3400 5114 3638 5158 causam
3671 5113 3805 5158 esse

2156 5181 2411 5263 Spiritus
2439 5182 2763 5246 dixerunt?
2816 5184 3002 5251 audit.
3038 5185 3100 5248 in
3147 5205 3265 5268 quo
3322 5186 3489 5248 illum
3517 5209 3544 5240 α
3574 5185 3800 5265 produ-

2156 5279 2379 5332 ctorem
2415 5289 2522 5350 per
2554 5271 2812 5333 Verbum
2846 5274 3163 5336 revelantis
3192 5273 3444 5356 Spiritus
3473 5295 3494 5325 ι
3534 5292 3802 5355 pronun-

2155 5358 2393 5419 tiarunt.
2422 5357 2826 5440 Interrogans.
2861 5358 2974 5424 Ubi
3004 5361 3372 5426 Paracletum
3407 5362 3704 5433 dixerunt.
3731 5379 3799 5423 ex

2157 5446 2306 5511 Filio
2338 5448 2746 5510 exsistentiam
2782 5450 3057 5514 habere?
3109 5453 3295 5535 audit,
3326 5452 3430 5515 ubi
3471 5475 3494 5509 ι
3532 5471 3600 5515 ex
3651 5450 3800 5514 Filio

2154 5536 2503 5598 naturaliter
2538 5546 2598 5599 et
2628 5539 3029 5603 essentialiter
3057 5541 3342 5604 exsistere
3391 5559 3527 5604 eum
3571 5565 3589 5596 ι
3626 5540 3799 5604 dixe-

2156 5631 2315 5689 runt.
2350 5623 2660 5702 Quaereris,
2704 5627 2818 5690 Ubi
2848 5644 3058 5692 rursus
3087 5630 3451 5695 Paracletum
3484 5631 3679 5713 ipsum
3729 5646 3796 5690 ex
