4178 6288
304 323 430 392 aes
1313 331 1751 397 REFUTATIO
1792 328 2004 395 LIBRI
2046 321 2359 396 GEORGII
2402 331 2686 396 crean.
3560 312 3679 395 394

297 484 408 541 γως
440 464 662 522 ἀκοῦσαι
703 464 796 531 τὰς
848 464 1010 532 ἀκοὰς
1090 463 1312 547 ὑπέχειν
1362 468 1574 543 αὗτατς,
1621 468 1698 527 τὰ
1739 465 1795 524 δὲ
1832 462 1947 546 παρ1

2041 481 2288 528 sennam
2320 464 2440 526 illis
2459 482 2634 527 aures
2655 463 2956 545 praebere:
2989 483 3121 547 qute
3143 481 3283 526 vero
3315 481 3384 527 ex
3409 480 3497 539 se,
3523 472 3583 525 et
3607 477 3679 527 ex

295 552 455 610 αὐτοῦ
511 550 722 612 οἴκοθεν
776 558 940 628 αύτῷ,
999 555 1110 634 καὶ,
1167 557 1241 619 ὡς
1286 555 1514 636 ἔφημεν,
1574 557 1680 614 ἀπὸ
1750 555 1945 621 κοιλὶας

2035 555 2311 634 propriis,
2345 563 2403 615 et
2456 572 2490 615 e
2544 563 2771 628 ventre,
2826 564 2888 617 ut
2935 554 3060 634 jam
3119 553 3397 618 diximus.
3456 561 3678 616 temere

293 639 675 720 ἐξηρευγμένα,
762 644 1000 718 καθάπερ
1082 644 1200 700 τινὰ
1279 643 1511 725 στήλην,
1601 647 1689 702 καὶ
1743 643 1943 722 mss?»

2037 652 2288 715 eructat,
2322 643 2659 706 columnam
2695 651 2753 703 et
2777 644 3044 706 stabilem
3071 642 3309 724 pietatis
3337 658 3675 703 sermonem

296 728 560 794 εύσεϐεὶας
619 731 866 806 ὀνομάζει
953 731 1132 810 λόγον,
1213 734 1300 788 καὶ
1375 732 1554 811 ὥσπερ
1609 731 1691 814 ἐφ’
1748 732 1946 809 ὕψηλοῦ

2037 733 2375 813 compellat,
2412 732 2548 793 etin
2574 731 2830 793 similem
2854 733 3198 794 columnam
3217 730 3468 792 velutiin
3485 728 3675 792 subli-

297 819 398 886 τὴν
452 821 703 887 τοιαύτην
762 819 1007 899 ἐνιδρύων
1046 819 1276 894 στήλην,
1309 822 1516 886 πάντας
1560 821 1643 878 ἐπ’
1676 825 1805 882 αὐτὰ
1833 823 1947 884 τοὺς

2037 821 2116 882 mi
2149 830 2436 897 erectam,
2461 837 2670 884 omnes
2703 821 2913 882 animae
2943 821 3146 883 oculos
3189 827 3537 881 convertere
3569 835 3673 878 c0-

296 913 398 975 τῆς
469 913 653 988 ψυχῆς
739 908 1038 988 ὀφθαλμοὺς
1121 909 1452 990 ἐπιστρέφειν
1509 913 1946 990 καταναγκάζεις

2037 911 2168 988 git?
2197 911 2258 971 Si
2292 928 2407 970 non
2440 909 2645 971 istbaec
2674 920 2812 971 sunt
2839 910 3127 990 dogmatis
3160 907 3472 987 injustitia,
3498 906 3549 968 si
3579 923 3677 968 ve-

299 999 358 1054 Εἰ
400 999 480 1069 μὴ
537 997 710 1055 ἀδικία
767 996 1027 1076 δόγματος
1083 1006 1272 1072 ταῦτα,
1321 1014 1366 1055 ει
1407 1001 1485 1074 μὴ
1547 1003 1645 1067 τῆς
1704 1000 1949 1068 ἀληθείας

2037 998 2230 1059 ritatis
2261 998 2402 1058 inde
2451 1017 2567 1058 non
2624 1009 2868 1080 apparet
2923 997 3300 1078 improbatio,
3358 995 3561 1056 nescio
3607 1013 3675 1056 ex

294 1085 527 1144 ἐντεῦθεν
569 1089 603 1156 ἡ
649 1087 895 1155 ἀθέτησις
952 1089 1323 1170 ἀναφαίνεται,
1383 1093 1477 1148 οὐκ
1507 1088 1632 1146 οἶδα
1658 1089 1792 1146 τίσιν
1848 1088 1944 1145 ἅλ-

2037 1087 2390 1167 quibusnam
2424 1087 2578 1170 aliis,
2620 1096 2678 1148 et
2731 1089 2890 1149 unde
2932 1087 3151 1149 similia
3197 1085 3497 1149 horrenda
3530 1101 3670 1165 pro-

294 1175 412 1243 λοις
455 1179 544 1234 καὶ
585 1175 700 1235 ὅθεν
746 1176 962 1236 ἄλλοθεν
1004 1181 1070 1235 τα
1103 1186 1315 1237 τοιαῦτα
1345 1179 1492 1236 ἔσται
1524 1177 1688 1240 δεινά.
2032 1177 2323 1237 venerint.

377 1267 459 1341 ις’
467 1257 501 1329 ’.
551 1268 650 1334 καὶ
703 1268 755 1324 τί
795 1277 960 1327 ταῦτα
1003 1267 1168 1346 λέγω,
1226 1269 1325 1336 τὴν
1383 1269 1522 1325 κατά
1574 1275 1673 1336 τῆς
1704 1268 1948 1336 ἀληθείας

2121 1267 2211 1329 16.
2241 1268 2354 1330 Sed
2375 1269 2512 1348 quid
2539 1270 2665 1330 haec
2689 1266 2926 1329 interim
2949 1284 3149 1339 narro,
3172 1265 3359 1346 ipsius
3393 1258 3673 1348 adversus

291 1355 526 1424 σπουδὴν
585 1356 742 1413 αὒτοῦ
803 1358 1132 1436 πειρώμενος
1203 1365 1486 1437 παριστᾶν,
1542 1358 1594 1424 ἐξ
1649 1361 1724 1413 ὧν
1776 1381 1941 1432 τομο-

2035 1355 2346 1418 veritatem
2382 1346 2641 1418 studium
2685 1356 2950 1417 indicare
3005 1355 3392 1428 contendens,
3455 1365 3522 1408 ex
3570 1346 3667 1427 iis,

289 1459 488 1526 γραφεῖ
529 1445 646 1503 καθ’
691 1446 868 1521 ἡμῶν,
935 1448 1033 1504 κάν
1095 1461 1220 1511 τανς
1274 1445 1394 1504 καθ’
1442 1447 1669 1515 ἑκάστην
1715 1446 1939 1523 ὀμιλιαις

2035 1462 2167 1523 οῦδ»
2192 1453 2394 1507 contra
2418 1465 2526 1507 nos
2548 1453 2602 1506 in
2628 1445 2804 1507 tomis
2833 1463 2868 1505 a
2887 1463 2952 1504 se
2976 1441 3320 1521 compositis
3355 1437 3591 1522 digerit,
3617 1443 3673 1496 et

289 1542 396 1602 τὴν
433 1536 588 1609 ἡμῶν
639 1533 976 1600 ἐξουδένωσιν
1045 1533 1456 1615 διαῤῥητορεύει,
1521 1537 1596 1599 ὡς
1653 1537 1752 1592 τὸν
1821 1535 1939 1614 θρό-

2033 1532 2190 1593 inter
2247 1533 2460 1595 diurna
2514 1533 2807 1614 colloquia
2882 1532 2943 1594 in
3019 1531 3208 1593 nostri
3265 1537 3669 1609 contemptum

291 1643 382 1679 νον
440 1625 594 1698 ἡμῶν
648 1625 912 1703 τυραννῶν
964 1626 1048 1680 καὶ
1101 1647 1162 1682 το
1198 1625 1284 1681 ἐπὶ
1327 1631 1484 1681 πᾶσιν
1529 1628 1614 1690 οἷς
1645 1622 1762 1682 καθ’
1793 1627 1941 1699 ἡμῶν

2031 1621 2348 1702 declamat,
2409 1632 2681 1702 tanquam
2741 1623 2840 1700 qui
2903 1630 3160 1683 nostram
3220 1620 3420 1681 sedem
3470 1624 3674 1679 contra

285 1709 532 1788 βούλεται
575 1711 748 1792 λέγειν
791 1713 937 1793 ἔχων
977 1712 1272 1788 ἀϐώλυτον,
1327 1713 1458 1770 ὅπου
1513 1712 1716 1778 ἀδικίας
1777 1717 1935 1793 ὅπερ·

2022 1711 2124 1789 jus
2154 1728 2331 1771 omne
2389 1711 2682 1772 violenter
2726 1719 3000 1790 occupat,
3055 1719 3112 1771 et
3171 1709 3419 1771 liberam
3470 1704 3666 1777 habet,

289 1772 296 1788 .
650 1772 661 1792 .
822 1772 861 1793 ,ς
1257 1772 1272 1788 ι
1704 1772 1715 1778 -
1879 1772 1890 1793 ι

289 1799 458 1870 ϐσλὴν
503 1800 631 1881 ἔργα
679 1803 768 1860 καὶ
826 1803 1040 1882 πράξεις
1093 1803 1312 1884 ἔχουσιν
1369 1803 1527 1861 αὖτοῦ
1582 1805 1938 1881 παραστῆσαι,

2022 1772 2393 1879 quascunque
2424 1801 2534 1862 sibi
2569 1772 2830 1874 libuerit,
2867 1772 3071 1862 contra
3099 1817 3206 1860 nos
3235 1797 3396 1860 fandi
3435 1772 3667 1858 faculta-

283 1887 348 1955 ἃς
382 1894 478 1950 οὒκ
505 1890 631 1950 οἶδα
679 1893 732 1948 εἴ
775 1915 826 1950 τι
869 1891 1002 1948 ἄλλο
1044 1892 1081 1961 ἢ
1113 1883 1311 1970 λῃστοῦ
1339 1894 1427 1949 καὶ
1457 1892 1708 1970 τυράννου
1737 1891 1933 1969 πράξεις

2029 1896 2148 1947 tem
2185 1907 2358 1949 :cum
2384 1889 2544 1951 illius
2567 1890 2893 1970 inJustittia:
2925 1888 3400 1968 exsuperantiam
3434 1894 3492 1945 et
3521 1883 3670 1944 facta

278 1978 494 2037 καλέσει
538 2002 643 2047 τις.
710 1985 768 2040 El
820 1982 922 2061 γὰρ
977 1983 1115 2038 κατά
1171 1983 1396 2055 θεσμοὺς
1470 1983 1558 2038 καὶ
1603 1979 1795 2048 νόμους
1852 1984 1928 2037 ἐκη

2027 1984 2085 2036 et
2115 1977 2408 2050 actiones,
2442 1997 2590 2058 quas
2621 1980 2822 2040 nescio
2854 1998 2927 2040 an
2962 1976 3206 2040 alterius
3237 1992 3412 2055 quam
3447 1970 3669 2054 praedo-

282 2069 699 2137 κλησιαστικοὺς
783 2070 961 2150 λέγειν
1026 2073 1114 2128 καὶ
1197 2072 1408 2128 ἀκούειν
1490 2073 1608 2150 περὶ
1666 2068 1932 2149 δογμάτωι

2027 2064 2121 2126 nis
2172 2075 2232 2128 et
2278 2068 2530 2145 tyranni,
2587 2067 2851 2129 actiones
2899 2067 3190 2148 quiSpiam
3251 2061 3664 2150 nominaverit,

275 2155 565 2237 ἠϐούλετο,
607 2159 704 2216 οὒκ
735 2159 798 2216 ἂν
825 2148 925 2227 τὴν
983 2157 1065 2240 ἐφ’
1111 2156 1305 2216 ἅπασιν
1349 2157 1526 2216 ἄδειαν
1565 2148 1717 2240 -ἕχων
1745 2148 1925 2222 αὐτὸς

2025 2153 2262 2217 abunde
2291 2157 2718 2219 demonstrant.
2753 2159 2900 2220 Nam
2933 2157 2983 2218 si
3015 2153 3274 2217 decretis
3301 2148 3665 2240 ecclesiasti-

281 2245 320 2314 ἢ
377 2247 690 2326 κυριώτερον
751 2249 851 2316 τὴν
893 2238 1035 2304 κατά
1087 2248 1301 2304 πάντων
1371 2238 1931 2321 ἐξοδσίανήάνεζωσμέ-

2025 2243 2111 2305 cis
2159 2245 2513 2326 legibusque
2538 2246 2976 2319 obsecundans,
3005 2245 3207 2306 dicere
3230 2248 3290 2306 et
3335 2238 3665 2326 intelligere

285 2355 402 2408 νος,
446 2324 733 2415 -φυλακαϊς
808 2337 932 2400 τοὺς
988 2337 1133 2411 αὐτῷ
1201 2335 1573 2414 ἀντιλέγοντας
1646 2337 1788 2410 ἡμᾶς
1857 2337 1935 2392 καῖ

2030 2332 2104 2394 de
2137 2324 2510 2412 dogmatibus
2543 2336 2788 2397 haberet
2837 2337 2897 2398 in
2949 2335 3172 2415 animo,
3233 2347 3531 2412 nunquam
3565 2324 3667 2386 ille

289 2437 540 2504 φρουραῖς
598 2423 895 2504 παρεδίδου.
961 2436 1061 2485 Νῦν
1120 2423 1166 2480 δ’
1235 2427 1379 2500 ἡμᾶς
1437 2425 1534 2500 μὲν
1577 2423 1805 2503 φυλακαὶ
1858 2423 1939 2480 καῖ

2028 2421 2139 2483 sibi
2171 2423 2232 2483 in
2263 2424 2542 2486 omnibus
2574 2425 2902 2486 libertatvm
2929 2441 3248 2504 usurpans,
3273 2421 3364 2482 vel
3405 2415 3671 2497 utaptius

287 2515 502 2592 φρουραὶ
556 2515 760 2592 ἡμέραν
819 2513 869 2579 ἐξ
937 2513 1142 2593 ἡμέρας
1214 2513 1596 2594 ἀσφελέστεραι
1655 2511 1937 2594 διαδέχονσ

2026 2510 2242 2586 dicam,
2276 2523 2480 2574 contra
2510 2533 2718 2575 omnes
2762 2513 3168 2575 auctoritatem
3199 2509 3525 2590 accipiens,
3560 2520 3667 2594 pos

286 2623 375 2658 ται
422 2618 436 2632 ⁹
486 2603 644 2667 αὐτὸς
676 2601 722 2658 δ’
780 2605 869 2659 ἐπὶ
925 2609 1018 2659 τοῦ
1059 2601 1243 2682 θρόνου
1272 2603 1496 2670 κάθηται
1528 2609 1780 2681 γαυριῶν,
1813 2605 1936 2677 ὁμι-

2025 2600 2124 2680 qui
2156 2599 2266 2678 ipsi
2294 2602 2783 2674 contradicimus,
2817 2611 2876 2664 et
2905 2601 3190 2664 custodiis
3221 2608 3280 2660 et
3327 2591 3666 2682 carceribus

286 2689 396 2747 λῶν
453 2691 656 2770 ἀπατᾷ,
715 2690 1045 2769 δογματίζων
1096 2681 1560 2770 παραλογίζεται.
1628 2690 1792 2755 Τέλος
1847 2713 1936 2748 το-

2025 2689 2482 2769 constringeret.
2517 2703 2591 2753 .tt
2621 2712 2728 2753 nos
2780 2711 2941 2753 uunc
2987 2708 3259 2754 carceres
3301 2697 3358 2749 et
3385 2681 3667 2748 custodia

286 2794 584 2860 μογραφε⁴,
643 2783 732 2837 καὶ
774 2782 979 2844 πάντας
1022 2783 1056 2849 ἢ
1111 2794 1234 2844 ταῖς
1289 2778 1375 2836 διὰ
1419 2781 1618 2860 χειρῶν
1664 2782 1936 2856 ὑποσημα-

2026 2776 2274 2856 singulis
2305 2781 2468 2842 horis
2501 2783 2844 2844 solertiores
2901 2781 3204 2861 excipiunt
3236 2801 3251 2841 :
3286 2777 3388 2839 ille
3437 2791 3573 2834 vero
3606 2770 3664 2861 in

283 2867 424 2934 σίαις
465 2859 588 2932 τοὺς
646 2869 840 2942 τόμους
901 2871 1058 2926 αὖτοῦ
1115 2869 1352 2948 στέργειν
1409 2859 1796 2946 καταναγκάζει
1857 2869 1933 2927 καῖ

2027 2868 2238 2927 throno
2267 2869 2436 2928 sedet
2458 2871 2784 2942 exsultans,
2819 2881 2876 2932 et
2907 2859 3344 2948 cumralloquiis
3378 2864 3581 2934 utitur,
3602 2859 3662 2921 in

284 2957 540 3030 κώὸικας,
574 2957 609 3024 ἢ
652 2957 790 3016 ἀλλὰ
833 2960 923 3014 τὸν
965 2955 1033 3014 δι’
1077 2956 1350 3016 εὖλάϐειαν
1372 2959 1460 3014 καὶ
1503 2956 1618 3022 δέος
1650 2965 1742 3014 τοῦ
1787 2959 1862 3033 μὴ
1893 2979 1934 3020 τε

2026 2953 2294 3016 fuaudem
2326 2957 2539 3040 illicit;
2572 2979 2704 3021 cum
2739 2961 3015 3040 dogmata
3047 2958 3272 3040 pandit,
3324 2952 3570 3033 decipit,
3605 2955 3663 3009 et

282 3043 640 3125 διαμαρτῆσαι
693 3054 787 3103 τοῦ
831 3046 1059 3114 ἀληθοῦς
1117 3049 1216 3114 την
1273 3048 1585 3127 ὑπογραφὴν
1651 3045 1932 3104 διαναϐαλ-

2025 3041 2339 3122 decipitur.
2373 3045 2639 3109 Tandem
2673 3050 2850 3110 etiam
2887 3059 3084 3112 tomos
3115 3046 3438 3140 componit,
3463 3048 3522 3102 et
3545 3055 3663 3140 ma-

283 3133 509 3210 λόμενον
594 3148 716 3199 ταῖς
793 3134 1072 3200 δοκούσαις
1121 3134 1443 3211 παραδίδωσι
1497 3126 1809 3214 τιμωρίαις,
1883 3146 1933 3195 Tt

2027 3150 2166 3191 num
2200 3150 2436 3195 suarum
2459 3135 2902 3218 subscriptione
2925 3136 3182 3198 munitos
3221 3131 3449 3195 admitti
3483 3129 3659 3206 cogit,

283 3227 364 3300 μή
425 3223 566 3304 λέγω
607 3226 670 3281 τὸ
701 3233 886 3300 μεῖζον
923 3245 938 3305 ;
972 3226 1068 3288 τὰς
1099 3225 1205 3281 ἀπὸ
1243 3231 1349 3280 τῶν
1380 3226 1626 3306 φυλάκων
1655 3225 1933 3306 ἀσφαλείας

2025 3228 2085 3281 et
2115 3219 2352 3284 codices
2381 3242 2415 3283 a
2435 3243 2500 3285 se
2543 3227 2728 3287 factos
2756 3225 3134 3288 subscribere
3179 3223 3253 3284 ob
3291 3221 3571 3300 pietatem
3603 3223 3661 3280 et

281 3314 470 3392 ἀρκεῖν
526 3317 670 3388 αύτῷ
740 3316 844 3394 οὔχ
901 3315 1228 3391 ἡγούμενος,
1274 3317 1407 3395 πρὸς
1465 3316 1527 3372 τὸ
1560 3316 1637 3390 μὴ
1667 3337 1794 3371 τινα
1834 3320 1931 3371 τῶι

2025 3307 2322 3380 timorem,
2359 3331 2433 3375 ne
2466 3334 2498 3376 a
2528 3316 2776 3379 veritate
2805 3315 3109 3395 aberrent,
3141 3311 3200 3373 in
3231 3309 3391 3372 allud
3432 3319 3661 3385 tempus

285 3403 534 3459 ἁπάντων
581 3403 616 3470 ἢ
659 3400 727 3459 δι’
784 3403 1032 3483 ἐντυχίας
1080 3405 1516 3482 αὐτοπροσώπου,
1549 3404 1584 3472 ἢ
1629 3401 1700 3459 δι’
1746 3404 1935 3484 ἐγγρά-

2023 3396 2391 3476 diﬂ’erentes,
2447 3403 2530 3465 uti
2586 3404 2700 3465 sibi
2771 3404 3083 3486 placuerit,
3164 3399 3353 3483 pinnis
3431 3397 3657 3458 multat.

286 3513 385 3571 φου
427 3490 742 3571 ἐρωτήσεως
787 3495 979 3568 μαθεῖν
1022 3513 1072 3547 τι
1116 3491 1240 3569 παρ’
1284 3494 1439 3568 ἡμῶν
1497 3494 1614 3572 περὶ
1668 3499 1774 3549 τῶν
1815 3491 1936 3573 παρ¹

2025 3486 2216 3560 Quare
2248 3509 2365 3552 non
2397 3493 2550 3555 addo
2595 3496 2886 3556 atrociora
2913 3493 2945 3553 ‘I
3001 3493 3086 3556 Ex
3135 3486 3480 3552 custodibus
3533 3503 3664 3565 quas

283 3583 444 3638 a6to6
485 3579 848 3655 ἀθετουμένων
908 3581 1182 3658 πατρικῶν
1237 3582 1391 3638 θείων
1446 3579 1752 3660 δογμάτων,
1811 3583 1933 3658 βου-

2024 3576 2138 3638 sibi
2157 3580 2595 3658 promittuntur.
2629 3581 2978 3644 securitaies
3007 3579 3162 3643 haud
3193 3577 3308 3640 sibi
3360 3575 3505 3640 satis
3533 3592 3662 3636 esse

278 3669 381 3738 λὴν
435 3669 744 3746 βουλεύεται
801 3670 1066 3749 πονηρὰν,
1129 3672 1216 3726 καὶ
1260 3669 1383 3726 οἵαν
1441 3672 1580 3734 οὒτις
1613 3671 1737 3750 παρ’
1783 3671 1928 3728 αὒτὸι

2020 3675 2323 3745 reputans,
2357 3689 2433 3734 ne
2473 3671 2627 3734 ullus
2656 3672 2920 3733 omnium
2963 3671 3085 3732 sive
3117 3687 3223 3750 per
3253 3684 3516 3749 praesens
3545 3663 3662 3725 col-

279 3756 470 3823 άλλος.
502 3759 580 3818 Τὰ
634 3759 734 3838 γὰρ
791 3780 900 3836 παρ
941 3760 1097 3834 ἡμῶν
1156 3757 1241 3814 ἐπὶ
1281 3758 1526 3816 συστάσει
1585 3764 1691 3814 τῶν
1745 3781 1929 3838 πατρι-

2023 3755 2456 3838 l0quium,sive
2475 3761 2590 3823 scri
2603 3767 2963 3842 pturam.aut
2981 3778 3095 3820 non
3119 3759 3398 3837 scriptam
3413 3756 3665 3818 interro-

275 3853 388 3906 κῶν
420 3846 676 3927 εἰρημένα
753 3845 1036 3926 δογμάτων
1093 3845 1494 3923 αἰτιασάμενος,
1557 3849 1648 3904 καὶ
1717 3846 1925 3904 καταδί-

2022 3843 2322 3924 gationem
2371 3849 2592 3929 aliquid
2626 3869 2660 3913 a
2711 3849 2885 3912 nobis
2934 3847 3206 3910 addiscat
3245 3845 3320 3907 de
3370 3843 3665 3926 perversis

276 3958 382 4003 κηο
424 3938 524 4003 τὴν
554 3937 698 4011 αὐτῷ
727 3933 984 3994 δοκοῦσαν
1014 3936 1204 4000 αὐτοῖς
1263 3935 1750 4016 ἐπιψηφισάμενος,
1797 3939 1926 4012 ἡμᾶς

2023 3933 2092 3995 ab
2127 3938 2255 4016 ipso
2283 3939 2544 4017 paternis
2571 3939 2907 4020 divinisque
2955 3935 3352 4017 dogmatibus,
3412 3931 3664 3997 consilio

273 4045 335 4082 τε
390 4024 512 4090 τοὺς
556 4031 662 4082 τῶν
721 4025 976 4103 ῥημάτων
1029 4024 1118 4080 καὶ
1175 4023 1350 4102 λόγων
1405 4025 1632 4105 πατέρας
1688 4031 1788 4093 τῆς
1831 4033 1923 4083 τῶι

2022 4021 2208 4086 utitur
2242 4028 2412 4090 valde
2441 4028 2718 4098 scelesto,
2751 4038 2809 4090 et
2833 4027 3007 4109 quale
3035 4026 3234 4088 nullus
3260 4024 3433 4100 alios,
3468 4024 3661 4103 ipsum

276 4120 481 4171 πιστῶν
539 4113 780 4194 χορείας,
837 4115 910 4178 ὡς
958 4109 1128 4168 ἐδόκει
1173 4117 1336 4187 αὐτῷ,
1388 4113 1700 4190 ἀποτέμνει,
1733 4117 1821 4171 καὶ
1864 4117 1926 4179 ὡς

2021 4119 2069 4179 si
2114 4117 2391 4197 eXt'ipiaS,
2429 4116 2866 4196 excogitaverit.
2926 4119 3076 4179 Nam
3123 4132 3254 4194 quae
3301 4132 3336 4174 a
3384 4112 3558 4173 nobis
3588 4112 3662 4174 ad

275 4203 678 4282 άποκήρύκτους
736 4202 1110 4281 ἀνακηρύττει,
1172 4201 1205 4258 ἃ
1261 4205 1453 4258 παθεῖν
1518 4203 1674 4267 αὒτὸς
1766 4203 1925 4278 ἄξιος,

2021 4206 2428 4268 conﬁrmanda
2476 4216 2720 4286 paterna
2770 4205 3045 4282 dogmata
3094 4203 3312 4265 dictata
3359 4210 3497 4262 sunt
3541 4200 3662 4262 cri-

273 4291 423 4348 ταῦτ⁹
455 4290 539 4372 ἐφ’
580 4293 719 4366 ἡμῖν
755 4293 891 4348 κατὰ
934 4289 1140 4359 πολλὴν
1199 4293 1296 4360 τὴν
1328 4289 1506 4348 ἄδειαν
1549 4293 1818 4374 πράττων,
1848 4295 1923 4350 καῖ

2021 4294 2277 4366 minans,
2313 4304 2371 4356 et
2400 4295 2642 4357 decreto
2681 4295 2793 4356 sibi
2822 4291 3179 4374 complacita
3211 4291 3519 4369 damnans,
3555 4307 3664 4350 nos

277 4382 404 4446 τοὺς
446 4381 512 4437 τα
569 4378 695 4458 παρ’
751 4383 905 4456 ἡμῶν
959 4380 1212 4460 εἰρημένα
1273 4382 1360 4436 καὶ
1404 4381 1747 4458 γεγραμμένα
1801 4382 1927 4440 τολ-

2019 4391 2077 4446 et
2106 4384 2420 4445 verborum
2454 4393 2514 4444 et
2544 4386 2876 4444 orationum
2911 4388 3207 4462 parentes,
3254 4388 3317 4440 ut
3346 4380 3429 4440 illi
3473 4376 3659 4439 visum

274 4471 551 4546 μήσανταίς
592 4491 721 4527 ποτε
775 4470 1150 4550 ἀναγορεῦσαι,
1201 4469 1236 4538 ἢ
1267 4468 1563 4545 ἐπαινέσαι,
1610 4470 1646 4538 ἣ
1691 4469 1828 4536 ὅλως
1883 4495 1924 4530 τι

2020 4482 2131 4540 est.
2165 4491 2197 4534 e
2229 4473 2490 4534 fidelium
2524 4481 2677 4534 casto
2710 4479 3002 4551 segregat,
3035 4477 3093 4532 et
3124 4469 3202 4529 uti
3234 4467 3537 4531 abdicatos
3565 4465 3658 4526 di-

271 4558 510 4635 μετιέναι
560 4565 638 4633 τῷ
692 4560 830 4616 κατά
881 4564 981 4626 τῆς
1041 4560 1228 4615 ἑαυτοῦ
1284 4557 1524 4638 κεφαλῆς
1581 4557 1921 4638 παραδίδωσιπ

2016 4561 2241 4641 vulgat:
2277 4579 2409 4642 quae
2456 4561 2585 4643 ipse
2642 4561 2869 4641 perpeti
2915 4561 3130 4639 dignus
3183 4565 3294 4629 est,
3354 4554 3664 4618 eamulta

271 4648 583 4724 ἀναθέματι.
645 4646 966 4724 Ἀποτέμνει
1036 4647 1135 4715 τῆς
1215 4647 1542 4714 Ἐκκλησίας
1611 4650 1758 4722 ἡμᾶς
1814 4653 1921 4708 τοὺς

2018 4670 2151 4713 cum
2185 4651 2504 4712 securitate
2534 4669 2602 4711 ac
2631 4649 2908 4711 libertate
2957 4649 3017 4710 in
3046 4665 3153 4708 nos
3205 4655 3462 4727 patrans,
3521 4663 3656 4706 eos-

269 4738 416 4803 τίνας
471 4741 498 4796 ὁ
543 4738 676 4811 τίς,
732 4739 862 4801 Τοὺς
927 4738 1174 4816 γνῆσίους
1230 4739 1258 4793 ὁ
1303 4736 1450 4800 νόθος
1504 4757 1562 4794 τε
1612 4739 1700 4793 καὶ
1728 4739 1919 4818 παρέγι

2017 4758 2134 4822 que
2189 4741 2292 4820 qui
2347 4740 2505 4802 dicta
2566 4747 2768 4801 nostra
2815 4739 2906 4800 vel
2965 4736 3188 4817 scripta
3243 4735 3335 4796 vel
3388 4733 3660 4796 laudibus

269 4848 531 4905 γραπτος.
617 4824 1004 4905 Ἀποκηρύττει
1077 4831 1176 4893 τῆς
1245 4835 1340 4884 τοῦ
1418 4831 1644 4904 Χριστοῦ
1703 4828 1919 4902 ποίμνης

2018 4828 2329 4904 extollere,
2365 4829 2453 4891 vel
2489 4828 2818 4910 publicare,
2853 4829 2939 4888 vel
2971 4823 3194 4905 aliquid
3239 4823 3300 4885 in
3345 4824 3462 4886 illis
3508 4842 3657 4886 con-

271 4916 396 4980 τοὺς
451 4914 715 4991 ποιμένας
759 4918 787 4972 ὁ
838 4915 1024 4981 λύκος.
1088 4915 1373 4994 Διαγράφει
1444 4920 1542 4981 τῆς
1601 4920 1708 4970 τῶν
1751 4918 1921 4994 ἱερέωπ

2017 4918 2292 4999 temptari
2320 4919 2570 4996 audent,
2604 4918 3004 4996 anathemate,
3037 4914 3272 4996 quodin
3305 4914 3465 4976 illius
3485 4921 3661 4995 caput

275 5006 496 5086 χορείας
527 5007 555 5061 ὂ
585 5004 790 5083 ἀνίερος
821 5005 940 5068 τοὺς
970 5007 1156 5084 ἱερεῖς.

2012 5016 2304 5082 vertatur,
2366 5007 2525 5072 ferit.
2582 5006 2835 5087 Separat
2866 5023 2974 5067 nos
3014 5005 3088 5067 ab
3135 5005 3423 5077 Ecclesia,
3456 5003 3659 5082 quales

277 5091 462 5174 quis?
493 5091 796 5158 Genuinos
820 5093 1059 5174 spurius
1087 5103 1146 5154 et
1175 5091 1565 5156 adulterinus.
1598 5091 1850 5157 Abdicat
1877 5115 1911 5160 a
1938 5098 2165 5162 Christi
2217 5096 2358 5159 ovili
2392 5107 2660 5178 pastores
2723 5097 2915 5178 lupus.
2973 5094 3148 5175 Ejicit
3205 5113 3238 5157 e
3292 5094 3664 5156 sacerdotum

275 5181 461 5262 choro
507 5179 790 5262 profanus
819 5182 1182 5243 sacerdotes.

353 5260 447 5342 ιζ’.
485 5267 636 5327 Ἀλλ’
697 5271 848 5334 οὗτος
891 5271 989 5345 μὲν
1047 5273 1496 5350 παραχωροῦντος
1552 5271 1765 5336 πάντως
1797 5283 1928 5333 Θεοῦ

2103 5276 2194 5336 t7.
2229 5274 2301 5336 At
2326 5275 2451 5356 hic,
2508 5283 2763 5356 propter
2819 5273 3194 5355 iniquitatum
3227 5269 3660 5334 multitudinem

269 5357 354 5414 διὰ
409 5359 614 5428 πλῆθος
677 5359 976 5440 ἁμαρτιῶν,
1024 5359 1203 5438 ὥσπερ
1259 5361 1488 5424 κανόνας
1548 5361 1778 5434 πάντας,
1839 5367 1919 5421 καῖ

2015 5362 2100 5424 sic
2133 5361 2255 5426 Deo
2287 5364 2697 5445 permittente,
2732 5361 2962 5442 legibus
2992 5361 3287 5423 universis
3313 5370 3374 5422 et
3421 5362 3658 5422 Patrum

268 5451 501 5528 πατρικά
557 5449 883 5528 τυραννήσας
939 5445 1346 5529 προστάγματα,
1404 5451 1501 5518 τὴν
1553 5451 1625 5515 εἷς
1674 5452 1763 5506 τὸν
1817 5476 1918 5510 πα.

2018 5455 2335 5534 praeceptis
2367 5459 2669 5535 tyrannice
2692 5451 3011 5532 violatis,in
3037 5451 3250 5513 throno
3285 5447 3663 5530 patriarchali

266 5541 580 5622 τριαρχικὸν
627 5537 812 5616 θρόνον
891 5537 1144 5618 ἐνίδρυσιν
1216 5538 1376 5597 ἆθλον
1460 5546 1565 5596 τῶν
1634 5540 1723 5596 ἐπὶ
1777 5549 1916 5618 κακᾷ

2015 5540 2350 5605 sessionem
2412 5561 2656 5607 suorum
2718 5539 3049 5604 studiorum
3102 5539 3165 5603 in
3231 5536 3388 5600 male
3431 5539 3664 5616 agendo

269 5623 689 5706 σπουδασμάτων
734 5623 896 5707 ἔσχεν
951 5629 1131 5706 αὐτοῦ,
1176 5626 1314 5685 οὕτω
1371 5629 1586 5694 καὶτῆς
1617 5627 1799 5705 ὑγιοῦς
1827 5637 1919 5688 τῶι

2018 5631 2328 5715 praemium
2362 5632 2640 5706 obtinuit,
2675 5640 2797 5694 tum
2858 5629 3141 5694 adversus
3189 5645 3391 5692 sanam
3425 5629 3665 5693 Patrum
