4240 6300
517 268 636 368 sas

1618 304 1833 371 JOAN.
1880 302 2102 369 VECCI
2143 300 2279 381 CP._
2303 302 2822 379 ΡΑΤΗῙΑΗΟΗΑΕ
2850 374 2857 379 .

3790 301 3917 374 896

512 438 847 503 doctrinam
875 458 947 504 ac
972 439 1052 504 tid
1064 460 1162 505 cm
1194 438 1500 511 frendens,
1562 456 1742 501 novas
1768 435 2177 518 absurdasque

2262 436 2511 518 [πατέρων
2564 439 3069 523 καταφρυαξάμενος
3113 443 3375 518 πίστεως,
3438 443 3559 508 νέας
3614 442 3704 500 καὶ
3745 437 3924 498 ἄλλοι

514 530 854 610 dngmatum
877 531 1174 594 dictiones
1200 529 1547 610 introducit,
1576 537 1635 590 et
1659 527 1863 609 spuria
1878 526 2173 607 dogmata,

522 629 581 681 et
610 621 938 683 sententias
967 620 1241 683 Patrihus
1268 617 1487 680 nostris
1539 619 1712 697 plane
1754 617 1985 696 ignotas
2023 614 2175 677 insi-

525 715 693 780 nuat,
728 717 787 769 et
843 709 969 770 hazc
1017 708 1219 770 omnia
1268 707 1443 767 tomis
1491 706 1669 767 editis
1716 704 1996 786 divulgat,
2029 722 2177 785 quos

519 806 656 877 apte
684 796 977 878 quispiam
1026 794 1455 875 nuncupaverit
1490 795 1855 875 columnam,
1891 811 2173 854 novarum

522 885 709 965 ipsius
753 887 1045 946 haeresum
1098 902 1458 965 praeconem,
1494 892 1554 946 et
1603 883 1674 945 ad
1734 883 1868 944 illos
1899 881 2169 945 subscri-

521 974 750 1035 bentlus
780 974 1092 1036 universos
1121 974 1172 1035 vi
1227 974 1408 1053 cogit,
1464 974 1669 1055 sicque
1718 973 2037 1035 multorum
2070 990 2170 1033 co—

523 1062 833 1141 gitationes
867 1063 1147 1128 subducit
1196 1061 1656 1143 simpliciorum,
1690 1062 1846 1144 quod
1908 1062 1968 1122 in
2013 1061 2171 1122 illius

524 1170 755 1212 morum
793 1152 1237 1231 perversitatem
1263 1161 1579 1231 penetrare
1604 1156 1928 1231 nequeunt,
1955 1151 2174 1211 ﬁrmio-

521 1258 678 1321 rum,
711 1240 865 1322 quod
899 1240 1182 1303 resistere
1227 1259 1418 1320 noxae,
1471 1258 1648 1321 quam
1680 1240 1777 1301 ille
1827 1247 2020 1320 potest
2047 1238 2174 1299 vio-

522 1330 978 1404 lenterinferre,
1037 1349 1155 1391 non
1207 1330 1441 1390 valeant
1483 1348 1733 1410 quorum
1770 1348 1886 1389 non
1920 1336 2172 1404 mentes,

527 1418 630 1479 sed
667 1437 876 1479 manus
908 1418 994 1479 illi
1026 1417 1274 1497 obsequi
1320 1418 1627 1499 aptissime
1678 1417 1971 1497 quispiam
2005 1416 2173 1478 dixe-

522 1506 624 1567 rit.
651 1505 1075 1568 Verumtamen
1109 1507 1210 1586 qui
1243 1516 1408 1568 tarte
1435 1508 1548 1577 hac
1601 1505 2023 1567 inevitabiliter
2049 1505 2178 1568 ini-

524 1613 638 1676 que
666 1596 963 1674 agcntium
981 1596 1227 1656 astutias
1247 1595 1727 1676 praevertitDeus,
1768 1595 2043 1657 velocius
2064 1595 2176 1657 hoc

523 1684 1217 1765 tempore,veldeinceps
1246 1694 1555 1766 postquam
1601 1687 1708 1746 hac
1756 1684 1869 1745 vita
1894 1702 2172 1746 excesse-

523 1773 730 1848 rimus,
764 1773 1061 1844 excitatis,
1086 1775 1186 1854 qui
1219 1774 1451 1853 integre
1499 1774 1930 1853 dijudicabunt,
1968 1791 2076 1835 nos
2105 1771 2176 1833 ad

2262 1775 2569 1850 ἀποδημίαν
2648 1782 2800 1855 ἡμῶν

530 1862 998 1924 conﬁrmandam
1030 1881 1102 1924 ex
1132 1865 1305 1925 Patre
1331 1881 1439 1943 per
1464 1862 1675 1923 Filium
1701 1862 2172 1942 processionem,

2255 526 2448 592 κότους
2476 526 2761 609 δογμάτων
2790 533 3098 612 εἰσηγεῖται
3130 533 3335 614 φωνὰς,
3362 534 3453 590 καὶ
3493 530 3735 610 δόγματα
3763 531 3920 608 νόθα,

2257 616 2346 671 καὶ
2402 616 2591 697 λόγους
2635 620 2724 685 οὕς
2767 625 2862 681 οὒκ
2915 618 3111 699 ᾖδεσαν
3142 624 3191 678 οἱ
3234 623 3479 700 Πατέρας
3527 621 3679 696 ἡμῶν
3722 618 3917 677 ἐπεισ-

2257 706 2401 782 άγει,
2437 709 2525 764 καὶ
2558 731 2724 766 ταυτα
2752 710 2929 766 πάντα
2959 717 3340 790 τομογραφῶν,
3374 708 3581 780 στήλην
3609 708 3673 766 ἃν
3703 729 3783 771 τις
3812 707 3921 773 τὴν

2258 795 2512 863 τοιαύτην
2570 796 2720 855 εἴποι
2779 801 3146 879 τομογραφίαν
3207 806 3314 863 τῶς
3370 799 3737 879 αἱρεσιαρχίας
3812 795 3919 852 αὖ·-

2255 892 2348 941 τοῦ
2390 889 2620 966 κήρυκα,
2680 892 2782 968 πρὸ
2856 891 2956 959 τὴν
3027 889 3095 947 δι’
3174 892 3495 971 ὑπογραφῶν
3563 888 3922 955 ἀκολούθησιν

2253 974 2458 1039 πάντας
2518 976 2899 1058 παραϐιάζεται
2956 981 3024 1037 τὰ
3075 986 3181 1036 τῶν
3230 979 3448 1038 πολλῶν
3497 979 3637 1037 οὕτω
3663 977 3920 1035 κλέπτων

2254 1066 2593 1143 φρονήματα,
2637 1074 2744 1124 τῶν
2788 1070 2886 1145 μὲν
2929 1069 3327 1152 ἁπλουστέρων,
3388 1070 3470 1127 ὅτι
3518 1070 3597 1146 μὴ
3644 1081 3768 1132 ταῖς
3810 1068 3919 1124 αὖ·

2256 1162 2350 1212 τοῦ
2420 1153 2704 1225 ἓμϐαθύναι
2764 1156 2951 1239 ἔχουσι
3004 1157 3356 1239 δυστροπίαις,
3403 1165 3510 1216 τῶν
3566 1157 3623 1215 δὲ
3678 1177 3921 1235 στερεω-

2257 1242 2443 1320 τέρων,
2518 1244 2600 1301 ὅτι
2657 1247 2735 1321 μὴ
2795 1247 3071 1328 ἀντέχειν,
3140 1246 3222 1328 ἐφ’
3276 1249 3366 1310 οἷς
3425 1248 3526 1316 τὴν
3584 1247 3670 1302 ἰπὶ
3732 1240 3915 1321 βλάϐῃ

2255 1333 2470 1387 πάντων
2527 1334 2682 1414 ἰσχὺν
2715 1333 3095 1411 περιϐέϐληται
3143 1336 3499 1417 ὲξισχύουσιν,
3543 1339 3618 1392 (Im
3665 1331 3783 1391 οὐδὲ
3845 1332 3918 1387 τὰ

2256 1421 2597 1499 φρονήματα,
2642 1423 2740 1490 τὴν
2775 1422 2828 1480 δὲ
2863 1438 3022 1504 Αεῖρα
3067 1424 3450 1482 ἐπακολουθεῖν
3507 1422 3654 1480 εἴποι
3710 1423 3774 1478 ἄν
3826 1443 3915 1482 τις

2256 1512 2419 1583 αύτῷ,
2480 1502 2535 1567 Ὀ
2601 1509 2657 1567 δὲ
2712 1502 2967 1591 βραδέως
3011 1513 3131 1593 μὲν,
3203 1512 3522 1592 ἆδιάδραστα
3571 1511 3628 1568 δὲ
3667 1512 3763 1576 τὰς
3803 1511 3917 1566 τῶν

2256 1598 2695 1677 πονηρευομένων
2778 1603 3033 1681 πονηρίας
3103 1602 3479 1683 καταστρέφων
3559 1603 3689 1666 Θεὸς
3774 1600 3916 1655 ἀναο

2258 1688 2460 1756 στήσας
2518 1688 2553 1756 ἢ
2610 1686 2695 1745 δια
2762 1690 2944 1757 τέλους
3016 1692 3233 1771 ἄπαρτι,
3293 1692 3330 1760 ἢ
3379 1692 3512 1756 μετὰ
3568 1690 3665 1757 τὴν
3710 1685 3916 1746 ἐνθένδε

2901 1783 3020 1847 τοὺς
3105 1781 3340 1861 apsens;
3423 1778 3911 1858 διαγνωσομένους.

2259 1865 2404 1929 ὃπως
2463 1867 2561 1941 μὲν
2619 1869 2781 1943 ἡμεῖς
2850 1870 2937 1926 ἐπὶ
3008 1871 3255 1926 συστάσει
3306 1875 3402 1937 τῆς
3459 1870 3521 1926 ἰκ
3578 1871 3779 1949 [ἰατρὸς
3835 1865 3915 1923 δι’

533 1968 733 2011 verum
794 1950 1025 2012 scilicet
1081 1958 1142 2010 et
1176 1950 1483 2032 antiquum
1542 1962 1881 2013 nostrorum
1937 1954 2176 2014 Patrum

2263 1957 2385 2012 ι’ἱοῦ
2454 1955 2836 2036 έκπορεύσεως,
2910 1967 3002 2017 τοῦ
3072 1957 3299 2026 ἀληθοῦς
3343 1956 3589 2026 δηλονότι
3660 1961 3748 2014 καὶ
3814 1955 3915 2035 ἆρ-

532 2039 746 2118 dogma
773 2039 969 2101 studia
998 2039 1345 2118 collocasse,
1378 2040 1547 2101 illum
1577 2058 1715 2102 vero
1766 2059 1837 2102 ex
1882 2040 2178 2120 aequilibri

2262 2044 2420 2123 χαίου
2491 2051 2597 2102 τῶν
2694 2047 2941 2125 Πατέρων
3019 2050 3175 2123 ἡμῶν
3259 2047 3522 2126 δόγματος
3579 2044 3914 2105 ἐσπουδάσα-

526 2129 810 2190 adversus
830 2147 907 2190 no
928 2147 956 2190 s
973 2128 1197 2191 malitia
1216 2128 1290 2191 ab
1304 2128 1576 2208 improbo
1595 2129 1865 2191 daemone
1882 2131 2175 2211 inﬂatum,

2262 2155 2382 2208 μεν,
2418 2132 2563 2199 ὅπως
2608 2134 2662 2191 δὲ
2724 2137 2874 2199 οὗτος
2922 2136 2974 2202 ἐξ
3042 2136 3356 2216 ἀντιῤῥόπου
3406 2142 3506 2203 τῆς
3565 2135 3681 2193 καθ’
3752 2137 3912 2210 ἡμῶν

531 2217 880 2281 manifestos
909 2218 970 2279 in
1001 2217 1113 2279 sibi
1145 2218 1524 2279 credentium
1561 2218 1954 2297 perditionem
1988 2218 2176 2279 haere-

531 2326 674 2370 seon
704 2307 941 2369 inﬂatus
972 2316 1297 2380 eructasse,
1330 2316 1388 2368 et
1434 2326 1568 2387 qua;
1615 2307 1737 2368 illic
1769 2308 1942 2367 tomis
1974 2308 2179 2368 consi-

527 2395 726 2476 gnavit
748 2395 1000 2457 aedificia
1024 2395 1299 2458 Chalanaa
1322 2397 1530 2456 turrim
1576 2395 2027 2469 demonstrabit,
2062 2395 2178 2457 Ec-

534 2485 777 2547 clesiam
808 2502 942 2545 vero
963 2484 1260 2564 propriam
1287 2485 1346 2544 in
1369 2485 1629 2562 paternis
1651 2484 2182 2547 consuetudinibus

530 2591 608 2635 ac
628 2571 1003 2651 dogmatibus
1042 2591 1421 2641 conservans,
1459 2574 1667 2653 partim
1711 2573 2079 2635 conﬁdenter
2123 2583 2182 2636 et

531 2659 591 2722 in
622 2659 819 2722 medio
867 2668 925 2721 et
977 2660 1037 2721 in
1088 2679 1464 2722 communem
1517 2661 1780 2723 omnium
1813 2662 2177 2724 audientiam

536 2749 951 2830 pronuntiatis,
980 2749 1189 2830 partim
1232 2752 1570 2813 thesaurum
1604 2751 1661 2812 in
1722 2751 1907 2813 sacris
1943 2754 2176 2813 Patrum

509 2847 872 2900 nostrorum
903 2839 1301 2901 voluminibus
1330 2841 1630 2921 repositis,
1667 2859 1900 2916 omnes,
1936 2842 2036 2923 qui
2054 2841 2177 2903 illi-

533 2927 727 2989 batam
787 2928 963 2990 tidem
996 2929 1245 2991 subduci
1281 2930 1393 2991 sibi
1426 2933 1588 3012 passi
1650 2948 1771 2992 non
1819 2944 1981 2997 sunt,
2012 2930 2181 3011 regni

531 3018 820 3080 caelorum
851 3037 968 3080 non
994 3018 1092 3081 ﬂxi
1122 3018 1225 3080 sed
1259 3020 1488 3082 stabieis
1510 3020 1719 3099 dignos
1772 3020 2014 3102 efﬁciet,
2048 3039 2153 3101 pre

2258 2223 2446 2284 κακίας
2490 2225 2593 2280 ὑπὸ
2662 2233 2756 2282 τοῦ
2818 2233 3052 2304 πονηροῦ
3117 2225 3460 2301 ἐμπνευσθεὶς
3514 2223 3755 2305 πρόδηλα
3822 2220 3911 2279 ἐπ’

2260 2309 2493 2384 ἆκωλείᾳ
2578 2318 2686 2368 τῶν
2798 2314 2942 2389 att-.59
3026 2314 3355 2389 πειθομένων
3427 2311 3737 2389 ἒμπνεύσεις
3818 2313 3910 2367 αἱ-

2264 2398 2458 2470 ρέσεων
2544 2401 2882 2484 ἂπερεύξατο,
2976 2405 3040 2462 τᾶ
3138 2404 3238 2478 μὲν
3336 2406 3443 2459 τῶν
3527 2407 3912 2481 τομογραφιίνν

2262 2490 2448 2545 τούτου
2505 2490 2910 2567 οἰκοδομήματα
3006 2493 3202 2571 πύργον
3287 2489 3548 2557 ἀποδείξει
3637 2489 3910 2561 Χαλᾶνης,

2262 2577 2359 2644 τὴν
2416 2575 2471 2633 δὲ
2530 2582 2689 2637 αὐτοῦ
2751 2579 3076 2648 Ἐκκλησίαν
3152 2579 3236 2637 ἰπὶ
3297 2592 3411 2642 τοῖς
3470 2580 3735 2659 πατρῴοις
3789 2576 3912 2634 δια-

2264 2667 2502 2745 τηρήσας
2547 2666 2685 2725 ἕθεσί
2752 2690 2811 2725 τε
2864 2673 2953 2726 καὶ
2995 2668 3278 2747 δόγμασιν,
3340 2669 3429 2734 οἷς
3474 2669 3572 2745 μὲν
3631 2664 3912 2746 πεπαρρη-

2262 2755 2564 2831 σιασμένως
2611 2758 2697 2814 ἐπὶ
2767 2766 2858 2815 τοῦ
2929 2759 3116 2836 μέσου,
3162 2760 3249 2815 καὶ
3316 2759 3390 2820 εἰς
3453 2759 3643 2826 καινὴν
3700 2758 3913 2818 πάντως

2262 2841 2702 2924 ἀνηγορευμένοις
2772 2847 3045 2928 ὂκροάσιν,
3113 2849 3203 2911 οἷς
3246 2844 3302 2903 δὲ
3344 2848 3416 2912 ὡς
3483 2846 3745 2925 θησαυρόν
3796 2866 3915 2900 τινα

2260 2935 2626 3011 κεκρυμμένον
2723 2949 2846 2999 ταῖς
2929 2939 3103 3017 ἱεραῖς
3186 2934 3726 3010 ἆποτεταμιευμέναις
3808 2938 3914 2989 τῶν

2262 3021 2510 3098 Πατέρων
2568 3025 2723 3099 ἡμῶν
2795 3022 3018 3101 βίϐλοις,
3107 3025 3311 3089 πάντας
3366 3025 3488 3087 τοὺς
3557 3022 3750 3081 ἄσυλον
3817 3025 3916 3090 την

532 3106 724 3177 cibus,
758 3127 889 3188 qua;
918 3126 1053 3170 eum
1090 3108 1314 3189 genuit,
1367 3128 1607 3190 semper
1654 3110 1911 3189 Virginis
1941 3117 2001 3173 et
2037 3109 2178 3174 Dei-

2266 3112 2598 3189 ὑγιαίνουσαν
2660 3114 2873 3179 ἑαδτοϊς
2929 3115 3106 3170 πίστιν
3175 3111 3549 3192 διατηροῦντας
3605 3112 3704 3181 τῆς
3774 3110 3914 3168 ἆσα-

533 3214 709 3277 parae,
736 3207 796 3259 et
817 3198 1106 3273 omnium,
1141 3198 1244 3280 qui
1302 3199 1640 3261 veneranda
1689 3199 1862 3261 nobis
1909 3199 2182 3278 dogmata

531 3285 925 3368 tradiderunt,
960 3288 1296 3350 divinorum
1328 3291 1569 3351 Patrum
1602 3298 1960 3351 nostrorum.

1143 3570 1431 3636 ORATIO
1472 3570 1548 3637 ΙΙ.

618 3687 669 3742 ι.
703 3678 1042 3743 Secundum
1062 3680 1175 3742 hoc
1198 3679 1481 3742 adversus
1498 3680 1776 3762 Cyprium
1817 3692 2118 3744 certamen
2147 3702 2183 3745 a

537 3769 710 3831 nobis
740 3768 1083 3850 suscipitur.
1108 3769 1199 3831 Tu
1221 3788 1363 3831 vere
1422 3770 1526 3843 ﬁli,
1576 3779 1633 3832 et
1681 3772 2071 3836 dilectissime
2103 3773 2184 3834 mi

536 3857 874 3931 Theodore,
907 3878 1022 3939 quo
1046 3857 1303 3939 primum
1363 3857 1646 3921 adversus
1704 3880 1813 3922 nos
1863 3861 2026 3924 illius
2056 3870 2183 3923 stu-

537 3947 703 4009 dium
729 3947 1108 4028 processerit,
1130 3965 1262 4008 cum
1288 3946 1528 4022 videris,
1547 3967 1705 4011 nunc
1719 3969 1851 4011 cum
1872 3950 2090 4031 aspicis
2121 3950 2183 4013 in

537 4036 992 4116 responsionem
1049 4054 1159 4097 nos
1208 4036 1475 4097 secundo
1519 4037 1770 4118 accingi,
1821 4057 1896 4101 ne
1939 4059 2179 4102 causam

539 4126 831 4206 ignorata.
865 4124 1006 4197 Qua;
1034 4125 1193 4187 enim
1222 4124 1386 4206 prius
1411 4136 1821 4209 occurrerunt,
1874 4129 1977 4191 illa
2020 4130 2185 4210 prius

536 4212 1004 4296 oppugnavimus
1030 4234 1045 4286 ;
1080 4232 1209 4296 quas
1238 4232 1375 4275 vero
1403 4216 1670 4278 secundo
1705 4217 1767 4279 in
1796 4227 2057 4280 nostram
2089 4238 2186 4280 co-

540 4305 868 4384 gnitionem
899 4313 1210 4384 venerunt,
1235 4304 1346 4366 hac.
1370 4305 1687 4383 posteriori
1715 4308 2186 4372 contradictione

2263 3198 2450 3258 λεύτου
2539 3200 2856 3268 καταξιώσει
2939 3209 3044 3259 τῶν
3121 3202 3355 3281 οὖρα-νῶν
3410 3199 3705 3278 βασιλείας,
3778 3221 3914 3279 πρε-

2263 3285 2463 3356 σϐείαις
2507 3295 2605 3358 τῆς
2651 3293 2806 3350 αὐτὸν
2850 3291 3110 3358 τεκούσης
3151 3289 3496 3370 ὰειπαρθένου
3537 3292 3626 3346 καὶ
3656 3289 3915 3346 Θεοτόκου

2261 3379 2352 3434 καὶ
2407 3379 2620 3436 πάντων
2693 3386 2799 3437 τῶν
2897 3382 2963 3438 τὰ
3034 3380 3202 3439 σεπτὰ
3274 3376 3723 3457 παραδεδωκότων
3777 3379 3914 3452 ἡμῖν

2263 3463 2502 3546 δόγματα
2529 3469 2681 3525 θείων
2727 3469 2973 3549 Ποτέρων
3003 3471 3185 3545 ἡμῶν.

2908 3582 3124 3635 ΛΟΓΟΣ
3171 3565 3256 3636 ει

2346 3669 2421 3740 α’.
2463 3680 2713 3758 Δεύτερος
2742 3681 2879 3755 ἡμῖν
2909 3678 3059 3745 οὗτος
3089 3680 3116 3735 ὁ
3148 3677 3285 3735 κατὰ
3312 3677 3404 3733 τοῦ
3436 3678 3665 3755 Κυπρίου
3739 3677 3907 3755 ἁγών,

2267 3768 2340 3823 Σὺ
2372 3765 2449 3839 δὲ,
2484 3770 2671 3846 γνήσιε
2713 3769 2791 3825 υἱὲ
2833 3767 3050 3849 φίλτατέ
3104 3790 3194 3843 μοι
3255 3765 3521 3846 Θαόόωρε,
3586 3767 3648 3847 ἐφ
3706 3767 3795 3830 οἶς
3852 3768 3919 3822 τὰ

2266 3863 2450 3935 πρῶτα
2503 3861 2601 3926 τῆς
2670 3859 2788 3915 καθ’
2881 3858 3038 3934 ὴμῶν
3131 3852 3302 3934 πρέόη
3388 3853 3644 3935 σπουδῆς,
3703 3852 3916 3934 δεύτερα

2265 3946 2330 4000 τὰ
2387 3948 2518 4024 πρὸς
2575 3947 2876 4014 ἀπάντησιν
2958 3949 3095 4025 ὁρῶν
3177 3946 3277 4013 τὴν
3338 3944 3508 4001 αἰτίαν
3562 3944 3640 4020 μὴ
3711 3943 3913 4021 ἀγνόει.

2266 4034 2368 4099 Οἷς
2423 4036 2523 4113 γὰρ
2577 4035 2981 4117 ἐνετυχήκαμεν
3011 4035 3288 4114 πρότερον,
3320 4034 3527 4097 τούτοις
3557 4034 3646 4089 καὶ
3675 4032 3917 4089 ἀντικατ-

2268 4123 2503 4200 έστημεν
2561 4127 2845 4204 πρότερον,
2896 4124 2931 4181 ἃ
3000 4123 3055 4181 δὲ
3115 4126 3189 4188 εἷς
3246 4130 3441 4201 γνῶσιν
3494 4125 3651 4199 ἠμῷν
3692 4123 3753 4178 τὸ
3795 4119 3913 4178 δεύ-

2266 4235 2417 4290 τερον
2471 4213 2626 4287 ἧκεν,
2684 4222 2848 4272 ταῦτα
2904 4216 2993 4272 καὶ
3061 4211 3148 4270 διὰ
3199 4218 3297 4280 τῆς
3366 4213 3641 4292 ἐσύστερον
3697 4211 3915 4290 ἀνατρέ-

2267 4324 2440 4378 πομεν
2484 4302 2863 4382 ἀντιρρήσεως.
2927 4308 3117 4381 Πρῶτα
3173 4302 3228 4359 δὲ
3294 4304 3432 4378 ἡμῖν
3500 4305 3567 4359 τὰ
3608 4298 3723 4358 καθ’
3766 4302 3917 4375 ἡμῶν

542 4393 878 4474 ιὐῇὶοἱηιυε.
902 4394 972 4453 Ει
999 4391 1255 4473 primum
1279 4393 1520 4474 quidem
1573 4394 1680 4456 viri
1706 4395 1867 4460 illius
1897 4402 2178 4460 adversus

2268 4390 2480 4471 δεύτερα
2547 4403 2641 4452 τοῦ
2714 4391 2898 4473 ἀνδρὸς
2980 4392 3324 4471 ἐγνώσθησαν
3406 4392 3778 4466 νεανιεύματα,
3835 4387 3914 4444 ὅτι

539 4501 649 4544 nos
682 4481 1030 4564 posteriora,
1053 4481 1493 4544 inconsiderata
1525 4501 1690 4545 more
1714 4484 1998 4564 juvenum
2030 4486 2184 4548 faci-

539 4589 685 4633 nora
709 4571 1047 4651 innotuere,
1075 4570 1233 4650 quod
1265 4570 1528 4650 priorum
1582 4573 1848 4634 notitiam
1870 4574 2054 4636 nostri
2080 4592 2187 4655 pro

538 4661 787 4721 veritate
817 4660 1111 4738 dogmatis
1142 4667 1306 4720 extra
1366 4660 1571 4739 patriai
1626 4661 1775 4723 tines
1815 4680 2089 4726 carceres
2118 4681 2188 4724 ac

538 4749 825 4810 custodiae
854 4748 1198 4809 subtraxere
1230 4748 1623 4828 posteriorum
1645 4750 1793 4812 nihil
1836 4752 1994 4822 inter
2024 4761 2187 4813 ortus

542 4845 604 4901 et
627 4835 1030 4917 cognitionem
1056 4836 1691 4913 nostramintercessit,
1721 4840 1874 4920 quod
1908 4850 2041 4922 post
2072 4860 2183 4903 no-

540 4939 729 4989 strum
763 4927 822 4988 in
856 4926 1019 5004 regia
1045 4942 1429 5005 congressum
1461 4935 1521 4989 et
1561 4927 1992 4992 restitutionem
2025 4948 2189 4992 exer-

544 5014 754 5078 cendis
812 5013 1191 5077 commerciis
1242 5013 1463 5076 mutuis
1510 5015 1678 5077 locus
1732 5027 1912 5081 esset.
1959 5018 2186 5082 Ethtec

540 5122 718 5168 causa
743 5103 900 5182 cogit
919 5122 1028 5166 nos
1046 5106 1120 5165 ad
1147 5107 1480 5166 secundum
1507 5104 1617 5167 hoc
1639 5115 1938 5169 certamen
1963 5108 2183 5171 ineun-

540 5198 712 5256 dum.
745 5192 1106 5255 Exordimur
1135 5209 1311 5274 porro
1335 5211 1452 5254 non
1482 5195 1692 5275 mquali
1723 5215 1856 5257 cum
1884 5199 2190 5277 antagoni-

2269 4480 2369 4548 τὴν
2421 4481 2520 4555 μὲν
2573 4488 2677 4538 τῶν
2735 4481 3001 4561 προτέρων
3053 4486 3248 4561 γνῶσιν
3300 4483 3351 4537 αἱ
3393 4480 3522 4560 ὑπὲρ
3550 4486 3644 4537 τοῦ
3694 4478 3917 4545 ἀληθοῦς

2270 4566 2537 4648 δόγματος
2611 4573 2878 4650 ὺπερόριοι
2946 4574 3103 4647 ἡμῶν
3174 4569 3445 4628 εκώλυσαν
3504 4567 3753 4649 φυλακαί.
3806 4572 3920 4625 Τῶν

2271 4656 2326 4713 δὲ
2382 4657 2637 4738 δευτέρων
2696 4649 2844 4719 οὐδέν
2901 4660 2967 4727 ἦν
3040 4659 3301 4738 γενέσεως
3363 4660 3451 4715 καὶ
3519 4659 3767 4736 γνώσεως
3824 4675 3919 4731 pc.

2269 4745 2417 4821 ταξὺ,
2462 4745 2547 4804 διὰ
2588 4750 2649 4806 τὸ
2709 4746 3093 4817 συνεπιδημεϊν
3143 4747 3399 4818 ἀλλήλοις
3431 4754 3567 4823 μετὰ
3592 4748 3694 4814 τὴν
3723 4744 3777 4801 ἐν
3820 4743 3920 4820 μέ-

2269 4859 2383 4902 σοις
2453 4838 2771 4918 ἀνακτόροις
2829 4836 3146 4914 συμπλοκὴν
3186 4838 3343 4915 ἡμῶν
3403 4839 3493 4894 καὶ
3544 4834 3920 4893 ἂποκατάστα-

2271 4949 2376 4985 σιν.
2451 4926 2597 4994 Αὕτη
2655 4928 2753 5003 μὲν
2819 4930 2906 4985 οὖν
2965 4928 3104 4983 αἰτία
3159 4938 3254 4987 τοῦ
3305 4925 3578 5005 δευτέρους
3638 4927 3786 5000 ἡμᾶς
3840 4922 3924 4978 ἒπὶ

2270 5017 2361 5073 τὸν
2418 5016 2599 5094 ἆγῷνα
2657 5026 2843 5075 τοῦτον
2913 5016 3118 5078 ἱλθεῖν.
3194 5016 3500 5097 Ἐρχόμεθα
3558 5012 3614 5071 δὲ
3660 5014 3756 5070 οὒκ
3808 5009 3924 5067 ἴσον

2269 5113 2345 5181 τῷ
2416 5105 2786 5185 ἀνταγωνιστῇ
2859 5108 3057 5185 τρόπον
3112 5106 3524 5183 ἀσίοωνισόμενοι,
3582 5100 3760 5181 ὕϐρεσι
3828 5097 3923 5165 δη-

2269 5193 2447 5251 λονότι
2506 5196 2595 5251 καὶ
2650 5193 3002 5269 σκώμμασιν,
3035 5196 3118 5258 ὡς’
3157 5194 3496 5274 ἀμυντηρίοις
3553 5192 3688 5249 τισὶν
3743 5186 3924 5251 ὅπλοις

545 5292 634 5345 sta
665 5283 867 5363 modo,
897 5282 1261 5344 decertaturi
1296 5281 1534 5362 injuriis
1565 5303 1782 5364 nempe
1810 5304 1880 5348 ac
1927 5275 2178 5351 dicteriit

2273 5284 2581 5363 χρήσασθαι
2625 5281 2744 5340 κατ’
2789 5287 2972 5345 αὐτοῦ.
3018 5285 3188 5339 Αὐτοῦ
3243 5285 3343 5363 γὰρ
3401 5280 3568 5358 μόνου
3628 5279 3718 5335 καὶ
3768 5275 3927 5333 ἄλλοι)

543 5370 1013 5433 adversusillum
1037 5370 1214 5432 veluti
1251 5372 1593 5436 tutamentis
1617 5374 1688 5435 ad
1719 5375 1835 5436 vim
1869 5378 2178 5440 arcendam

2273 5375 2418 5435 τινὸς
2462 5378 2568 5428 τῶν
2628 5370 2837 5437 οὒδειὸς
2875 5378 2984 5429 τῶν
3030 5371 3145 5430 ὅσοι
3197 5374 3287 5430 καὶ
3345 5370 3519 5438 ἀληθῆ
3578 5370 3666 5426 καὶ
3706 5364 3929 5448 φιλόσο-

542 5459 761 5522 acturi.
793 5457 958 5520 Illius
979 5459 1274 5540 siquidem
1322 5460 1507 5523 solius
1546 5471 1602 5523 et
1644 5464 1912 5540 alterius,
1947 5466 2048 5546 qui
2082 5486 2178 5528 ne-

2277 5485 2372 5541 φον
2411 5459 2642 5536 οἴδασιν,
2715 5461 2773 5518 δν
2845 5463 3004 5525 αὐτὸς
3064 5463 3141 5537 μὴ
3212 5460 3361 5525 εἰδὼς
3420 5459 3640 5546 εἰδέναι.
3662 5453 3928 5546 ἐπαγγέλί

548 5566 666 5628 que
694 5564 896 5610 verum
931 5538 1126 5628 neque
1156 5547 1574 5630 philosophum
1605 5572 1738 5616 sese
1767 5538 2014 5634 gerendi
2060 5576 2178 5618 mo-

2276 5538 2428 5609 λεται
2471 5566 2564 5607 τον
2624 5553 2819 5631 τρόπον
2897 5558 3086 5609 τοῦτον
3144 5549 3564 5630 διαγωνίζεσθαι.
3626 5538 3819 5622 Ἠμεῖς
3886 5540 3929 5599 δ’

545 5638 690 5698 dum
723 5634 941 5697 calleat
959 5636 1138 5699 simili
1165 5635 1395 5698 ratione
1451 5632 1793 5720 decertare,
1833 5663 2009 5726 quam
2058 5664 2178 5709 cun

2280 5642 2396 5699 ἐπεὶ
2449 5640 2500 5696 ἓν
2547 5641 2703 5699 τοῦτο
2768 5640 2927 5716 μόνον
2986 5637 3208 5715 οἴδαμεν
3252 5641 3346 5696 τοῦ
3398 5638 3606 5719 ἀγῶνος
3663 5635 3805 5690 εἶναι
3874 5632 3930 5688 τὸ
