4178 6288
314 355 432 418 897

300 486 860 568 κιφαλαιωδέστατον,
977 489 1074 554 τὴν
1178 493 1270 543 τοῦ

304 577 570 647 ἀλήθειαν
614 573 904 656 δόγματος,
979 575 1098 632 καθ’
1157 578 1216 632 οὗ
1267 575 1422 632 τόσον
1469 574 1717 630 ἕπνευσεν
1787 576 1961 654 οὗτος,

298 668 381 729 ὡς
427 662 594 740 μηδὲν
624 665 874 742 ἡγεῖσθαι
918 664 1202 740 βιώσιμον,
1279 665 1322 719 εἰ
1383 664 1459 736 μὴ
1490 663 1605 718 νέον
1662 663 1848 718 ἑαυτὸν
1892 666 1967 718 αἱ·

300 754 604 834 ρεσιάρχην
681 758 749 826 τῇ
827 760 918 809 τοῦ
995 759 1126 808 Θεοῦ
1191 754 1576 821 καταστήσειεν
1648 749 1962 824 Ἐκκλησίᾳ,

294 845 436 920 πρὸς
479 845 569 898 νὸν
633 841 730 903 τὰς
799 838 974 918 ὕϐρεις
1052 842 1140 897 καὶ
1195 839 1564 920 βλασφημίας,
1627 840 1688 905 ἃς
1762 839 1964 904 πολλὰς

297 934 459 997 οὗτος
490 928 572 987 ὅτι
617 929 879 1006 μάλιστα,
936 931 1026 987 καὶ
1102 930 1316 1006 βαρείας
1373 930 1461 985 καὶ
1520 927 1668 1001 ἄλλῳ
1722 931 1825 985 τινὶ
1867 951 1963 985 τυ-

299 1023 410 1101 χὸν
473 1018 818 1082 ἆνυποίστο·.›ς
890 1023 1022 1098 τῶν,
1096 1019 1217 1081 οἷος
1287 1018 1446 1080 αότὸς
1503 1023 1809 1098 μικροφυῶν
1866 1019 1964 1086 τὴν

297 1112 520 1188 γνήμην
575 1111 664 1166 καὶ
740 1108 968 1188 ἄγενῶν,
1024 1113 1126 1176 τῆς
1196 1109 1352 1181 ἡμῶν
1423 1107 1682 1187 καταχέει
1743 1105 1960 1185 μετριό-

303 1221 499 1270 τητος,
601 1197 747 1258 οὖδέν
830 1198 1049 1274 ἄμεινον
1131 1203 1223 1256 τοῦ
1319 1198 1461 1264 παρᾶ
1552 1195 1719 1254 Δαυίδ
1789 1206 1969 1276 κωφοῦ

307 1291 402 1346 καὶ
459 1287 655 1345 ἀλάλου
750 1287 1146 1364 διακεισόμεθα.
1237 1279 1438 1346 Ὀπόσα
1525 1286 1579 1341 δὲ
1671 1287 1776 1342 ἀπὸ
1847 1307 1967 1343 κοι-

307 1378 433 1441 λίας
497 1379 656 1440 αὐτὸς
727 1391 1022 1458 κενοφωνεῖ
1077 1376 1320 1456 δόγματα
1374 1376 1468 1444 τῆς
1525 1383 1618 1433 τοῦ
1679 1376 1966 1432 ΘεοῦἘκ-

305 1466 538 1534 κλησίας
609 1465 886 1547 ἀλλότρια,
948 1477 1042 1526 τοῦ
1101 1468 1302 1531 παντὸς
1354 1465 1747 1539 ἀποτέμνοντες
1806 1464 1967 1543 λόγου

313 1556 375 1613 οὗ
427 1556 544 1613 καθ’
594 1557 747 1630 ἡμῶν
803 1556 1056 1635 πρότερος
1143 1557 1291 1622 οὗτος
1373 1553 1751 1632 ἀντιῤῥητικῶς
1808 1554 1965 1634 ἐρῥα-

309 1641 586 1718 ψῴδησεν,
651 1644 736 1701 ἐπὶ
783 1647 877 1702 τοῦ
932 1647 1096 1720 μέσου
1153 1645 1516 1724 προθήσομεν,
1551 1646 1638 1700 καὶ
1668 1651 1743 1718 τῷ
1771 1645 1963 1721 βουλο-

311 1732 458 1808 μένῳ
487 1731 861 1810 διαγινώσκειν
917 1735 1257 1812 παρήσομεν,
1327 1734 1370 1788 εί
1427 1734 1504 1808 μὴ
1555 1731 1640 1789 διὰ
1694 1735 1968 1813 γραφικῶν

1323 353 1757 415 REFUTATIO
1803 354 2006 414 LIBRI
2052 351 2365 415 GEORGII
2410 352 2693 413 CYPRII.

1370 492 1627 563 πατρικοῦ
1711 489 1966 552 συστῆσαι

2058 485 2149 546 ille
2180 484 2428 564 nesciat,
2460 483 2615 544 scire
2669 502 2732 544 se
2792 494 2990 547 tamen
3024 487 3360 567 proﬁtetur.
3394 483 3513 548 Nos
3543 502 3702 556 vero,

3582 353 3699 416 898

2048 574 2148 654 qui
2181 575 2291 635 hoc
2323 573 2515 634 solum
2547 581 2842 647 tenemus,
2867 592 3160 636 summam
3182 573 3531 636 certaminis
3547 591 3705 646 esse,

2050 663 2279 742 paterni
2312 662 2606 740 dogmatis
2637 663 2942 724 veritatem
2996 663 3409 744 constabilire,
3442 663 3512 724 ad
3548 661 3708 743 quod

2048 752 2510 813 convellendum
2541 752 2908 813 tantumdem
2939 752 3034 814 hic
3060 753 3376 827 insudavit,
3419 763 3482 812 ut
3511 751 3707 811 vivere

2049 858 2115 901 se
2145 859 2323 921 posse
2357 839 2602 901 minime
2633 840 2954 922 existimet,
3008 842 3124 902 nisi
3172 860 3386 903 novum
3411 859 3478 902 se
3505 842 3702 903 haere-

2053 927 2350 990 siarcham
2383 928 2443 988 in
2478 929 2742 991 Ecclesia
2771 933 3117 1006 constituat,
3172 949 3312 1010 erga
3355 930 3518 992 illius
3545 928 3712 1008 inju-

2046 1016 2166 1078 rias
2193 1035 2262 1078 ac
2321 1017 2745 1098 blasphemias,
2809 1037 2954 1098 quas
3002 1017 3352 1080 innumeras
3401 1019 3504 1080 ille
3533 1026 3709 1097 atque

2047 1104 2394 1178 immensas,
2422 1114 2482 1166 et
2508 1123 2739 1186 graves,
2766 1117 2824 1168 et
2853 1108 3052 1186 alteri,
3077 1109 3179 1188 qui
3206 1126 3373 1189 aque
3398 1118 3574 1188 atque
3605 1107 3709 1167 ille

2052 1194 2266 1275 pusillo
2322 1203 2499 1274 atque
2543 1195 2829 1273 degeneri
2883 1198 3084 1258 animo
3125 1209 3240 1272 est,
3275 1197 3524 1258 minime
3552 1197 3705 1258 forte

2050 1281 2416 1364 tolerabiles,
2449 1283 2508 1344 in
2545 1292 2802 1344 nostram
2836 1284 3311 1348 mediocritatem
3344 1286 3708 1366 ell'udit,non

2052 1373 2272 1434 melius
2307 1390 2483 1452 quam
2516 1373 2616 1452 qui
2639 1377 2795 1452 apud
2821 1371 3104 1434 Davidem
3128 1381 3222 1436 est
3243 1376 3460 1436 surdus
3483 1382 3541 1435 et
3573 1392 3707 1434 inu-

2055 1470 2169 1534 tus,
2203 1478 2474 1539 agemus.
2512 1468 2654 1534 Quae
2693 1479 2831 1522 vero
2865 1462 2995 1541 ipse
3051 1479 3122 1523 ex
3152 1475 3358 1524 ventre
3389 1480 3538 1522 nova
3567 1479 3706 1522 eru-

2049 1557 2166 1610 ctat
2197 1553 2498 1630 dogmata,
2531 1568 2564 1610 a
2608 1551 2716 1613 Dei
2747 1549 3017 1613 Ecclesia
3079 1569 3324 1632 prorsus
3373 1551 3588 1630 aliena,
3640 1567 3711 1610 ex

2050 1641 2344 1715 oratione,
2410 1659 2586 1721 quam
2645 1641 2750 1703 ille
2804 1642 3035 1722 primus
3086 1641 3260 1702 nobis
3293 1640 3709 1702 contradicens

2051 1729 2453 1804 concinnavit,
2515 1739 2919 1810 praesecantes
3003 1732 3066 1791 in
3121 1731 3385 1792 medium
3441 1730 3709 1791 adduce-

309 1819 626 1886 ἀποδείξεων
682 1823 772 1878 τὸν
822 1823 1071 1891 αἱρέσεων
1139 1825 1298 1881 αὐτοῦ
1361 1823 1770 1900 παραστήσομεν
1826 1821 1970 1898 ἔλεγ-

2058 1836 2206 1883 mus.
2273 1821 2614 1900 volentique
2662 1820 3001 1900 dijudicare
3042 1820 3476 1900 relinquemus,
3509 1836 3707 1879 annon

317 1932 446 1990 χον.
518 1909 786 1968 ’Δκουέτω
841 1919 967 1988 γοῦν
1023 1910 1174 1974 οὗτος
1221 1910 1366 1976 ὅστις
1397 1910 1459 1966 ἂν
1517 1908 1631 1980 εἴη,
1685 1908 1968 1988 καὶδιαγι-

319 1999 589 2058 νωσκὲτω.

395 2178 469 2254 β’.
532 2201 560 2232 ι
589 2179 660 2236 Τὸ
715 2184 952 2260 Ηνεῦμα,
993 2205 1017 2234 ιι
1067 2180 1221 2260 φησὶ,
1261 2201 1286 2235 Ι
1347 2183 1407 2236 τὸ
1464 2179 1616 2259 ἅγιον
1669 2181 1728 2236 ἐκ
1756 2185 1853 2245 τῆς
1886 2179 1968 2234 οὖα

315 2269 431 2331 σίας
475 2267 766 2346 λεγόμενον
817 2275 909 2325 τοῦ
951 2271 1178 2348 Πατρὸς,
1225 2268 1402 2333 καλῶς
1461 2268 1524 2324 ἂν
1573 2268 1693 2348 ἔχοι
1748 2270 1833 2324 καὶ
1879 2268 1966 2322 εὖ·

313 2357 483 2424 σεϐῶς
541 2361 628 2416 καὶ
672 2360 732 2416 ἐκ
771 2361 869 2429 τῆς
925 2361 1018 2417 τοῦ
1076 2363 1196 2417 Υἱοῦ
1251 2359 1516 2438 λέγεσθαι,
1567 2363 1672 2416 Μία
1714 2361 1836 2439 γὰρ,
1883 2357 1970 2419 καὶ

317 2451 391 2510 ὡς
448 2449 594 2505 οὖσία
653 2449 746 2504 οὒκ
803 2446 944 2504 ’ἐστιν
1025 2449 1171 2513 ὅπως
1228 2450 1359 2506 ποτὲ
1418 2447 1662 2528 διαίρετιν
1723 2447 1964 2528 δέχοιτο.

323 2538 468 2594 Διότι
525 2534 578 2592 δὲ
635 2538 728 2611 μία
787 2538 847 2592 τὸ
921 2536 980 2593 ἐκ
1035 2543 1134 2604 τῆς
1189 2538 1366 2600 οὖσίας
1421 2538 1848 2616 ὁμολογούμενον
1888 2538 1972 2594 τοῦ

318 2627 523 2702 Πατρὸς
578 2626 640 2680 τὸ
684 2630 896 2700 Πνεῦμα
951 2627 1041 2681 καὶ
1119 2625 1179 2682 ἐκ
1233 2632 1334 2694 τῆς
1393 2635 1483 2684 τοῦ
1542 2631 1663 2684 ι’ἱοῦ
1709 2627 1969 2705 ὑπάρχειν

318 2717 688 2793 ὁμολογεῖται.
750 2713 896 2781 Πλὴν
964 2715 1025 2770 οὐ
1081 2714 1166 2770 διὰ
1239 2723 1380 2773 τοῦτ’
1444 2715 1546 2782 ἤδη
1603 2717 1690 2771 καὶ
1746 2715 1804 2770 ἐκ
1873 2720 1970 2781 τῆς

313 2806 408 2862 τοὺ
453 2808 572 2860 ι’ἱοῦ
627 2805 968 2868 ὑποστάσεως
1023 2807 1086 2861 τὸ
1145 2811 1378 2885 Πνεῦμα,
1425 2805 1524 2862 κᾶν
1601 2805 1681 2861 ὅτι
1739 2803 1968 2879 μάλιστα

317 2895 378 2950 ἐκ
446 2899 544 2960 τῆς
603 2891 940 2956 ὑποστάσεως
1003 2897 1089 2950 καὶ
1145 2893 1205 2951 ἐκ
1247 2900 1344 2961 τῆς
1391 2896 1565 2958 οὐσίας
1626 2893 1970 2971 λέγηταιτοῦ

315 2984 542 3061 Πατρὸς.
583 3005 606 3037 υ
657 2984 716 3039 Τί
743 2983 869 3060 φῄς,
912 2985 939 3038 6
998 2981 1362 3061 διαγινώσκων
1393 3002 1408 3059 ;
1442 2985 1541 3062 ἆρα
1585 2985 1771 3062 σοφίας
1805 2983 1969 3040 ταῦτα

315 3071 526 3144 ἐπάξια,
569 3070 635 3139 ἣν
679 3073 707 3127 6
763 3093 927 3127 ταυτα
972 3070 1145 3150 λέγων
1200 3074 1524 3150 βρενθύεται,
1556 3075 1660 3152 οὔχ
1687 3073 1818 3152 ὑπὲρ
1847 3073 1967 3135 τοὺς

2052 1907 2220 1968 ﬁrme
2270 1927 2378 1988 per
2418 1909 2642 1988 scripto
2703 1913 2946 1971 traditas
2977 1909 3518 1970 demonstrationes
3545 1908 3708 1968 illius

2051 1996 2468 2058 refutationem
2495 1998 2893 2060 instituemus.
2921 1999 3137 2060 Audiat
3165 1998 3349 2078 igitur
3369 1997 3709 2078 quicunque

2051 2085 2154 2146 ille
2185 2091 2282 2159 sit,
2309 2095 2488 2167 atque
2520 2087 2828 2166 dijudicet.

2134 2180 2193 2238 2.
2234 2202 2259 2231 κ
2298 2178 2576 2256 Spiritus,
2613 2201 2639 2233 ι
2694 2177 2914 2257 inquit,
2974 2203 3000 2233 α
3037 2185 3301 2250 sanctus,
3327 2195 3458 2238 cum
3489 2175 3710 2238 dicitur

2054 2282 2126 2326 ex
2158 2265 2416 2326 essentia
2451 2265 2662 2339 Patris,
2699 2277 2862 2330 recte
2893 2267 3108 2348 pieque
3141 2276 3198 2331 et
3229 2284 3300 2328 ex
3343 2265 3602 2328 essentia
3619 2263 3710 2324 Fi-

2053 2353 2119 2420 lii
2145 2355 2402 2416 dicetur.
2436 2353 2567 2417 Una
2600 2356 2897 2436 siquidem
2929 2366 3038 2418 est.
3081 2365 3140 2417 et
3167 2357 3252 2416 uti
3281 2354 3538 2416 essentia
3567 2355 3706 2414 nul-

2056 2444 2171 2504 lam
2205 2444 2560 2506 divisionem
2593 2447 2884 2506 admittet.
2932 2445 3002 2507 Et
3031 2447 3188 2526 quod
3213 2463 3326 2506 una
3359 2454 3474 2524 est,
3501 2444 3603 2524 qui
3633 2461 3704 2504 ex

2055 2535 2314 2594 essentia
2351 2536 2541 2595 l'atris
2578 2534 2836 2616 Spiritus
2886 2553 3019 2597 esse
3049 2536 3376 2610 aﬁrmatur,
3413 2543 3474 2595 et
3501 2552 3572 2595 ex
3603 2551 3705 2594 es-

2055 2623 2250 2686 sentia
2307 2624 2438 2684 Filii
2497 2626 2784 2686 exsistere
2841 2625 3152 2686 asseritur.
3214 2623 3342 2685 Non
3393 2633 3709 2704 propterea

2054 2726 2251 2778 tamen
2277 2711 2538 2792 Spiritus
2559 2733 2627 2775 ex
2653 2714 2952 2795 hypostasi
2976 2714 3105 2775 Filii
3132 2713 3268 2788 erit,
3293 2713 3434 2774 licet
3462 2729 3700 2773 asseve-

2050 2811 2255 2862 ranter
2312 2821 2381 2862 ex
2431 2804 2692 2865 essentia
2738 2817 2797 2864 et
2828 2804 3125 2884 hypostasi
3163 2803 3352 2864 Patris
3382 2802 3637 2862 dicatur.
3675 2825 3703 2856 ι

2051 2888 2202 2960 Quid
2265 2891 2362 2951 hic
2414 2892 2526 2964 ais,
2581 2893 2681 2972 qui
2743 2894 2871 2954 hinc
2927 2892 3274 2972 dijudicas?
3315 2894 3531 2951 Annon
3581 2892 3706 2953 haec

2051 2980 2229 3055 digna
2256 2989 2396 3040 sunt
2423 2983 2736 3060 sapientia,
2773 3000 2944 3062 quam
2981 2984 3194 3043 horum
3225 2990 3488 3042 assertor
3505 2979 3705 3059 possi-

2051 3068 2196 3129 dere
2212 3071 2564 3149 sesejactat,
2594 3091 2710 3132 non
2735 3091 2916 3152 super
2931 3089 3142 3132 omnes
3165 3071 3382 3145 solum,
3409 3069 3513 3148 qui
3545 3089 3706 3132 nunc

318 3163 407 3218 νῦν
435 3157 668 3222 ἅπαντας
701 3160 884 3234 μόνον,
920 3159 1036 3216 ἀλλ’
1083 3159 1236 3239 εἴπερ
1283 3185 1362 3227 τις
1407 3163 1494 3217 καὶ
1525 3168 1602 3236 τῷ
1633 3161 1813 3241 χρόνῳ
1839 3162 1968 3217 ποτὲ

2058 3157 2229 3218 vitam
2261 3169 2466 3235 agunt.
2517 3161 2624 3220 sed
2682 3179 2864 3240 super
2911 3160 3174 3240 reliquos
3205 3177 3416 3221 omnes
3444 3159 3548 3239 qui
3572 3158 3707 3221 aliis

321 3251 381 3306 τὸ
446 3248 530 3305 ἐπὶ
606 3251 763 3328 σοφίᾳ
856 3248 1008 3313 κλέος
1093 3251 1517 3330 ἀπενεγκάμενος
1573 3251 1814 3330 γέγονες
1886 3252 1972 3314 Τίς

2058 3257 2233 3326 atque
2262 3248 2396 3310 aliis
2451 3248 2822 3329 temporibus
2873 3248 3181 3329 sapientiae
3222 3248 3379 3309 fama
3409 3247 3707 3310 nobilitati

323 3360 474 3412 ποτε,
507 3342 552 3395 ὦ
576 3339 749 3418 οὗτος,
778 3337 993 3396 πολλῶν
1023 3337 1190 3397 ὅντων
1219 3348 1324 3398 τῶν
1353 3339 1437 3397 διὰ
1464 3341 1625 3416 μέσου
1653 3347 1748 3397 τ-ὖ
1778 3339 1972 3420 χρόνου

2058 3342 2236 3398 sunt?
2269 3335 2413 3408 Quis
2464 3356 2750 3419 unquam,
2809 3357 2842 3399 ο
2903 3348 2988 3420 tu,
3047 3357 3182 3399 cum
3215 3337 3382 3398 multi
3412 3351 3571 3411 sunt,
3605 3338 3708 3418 qui

322 3425 740 3508 ἀναδειχθέντων
798 3429 938 3506 παρὰ
1010 3435 1141 3486 Θεοῦ
1208 3432 1346 3505 ἡμῖν
1415 3428 1706 3510 Θεολόγων,
1759 3439 1972 3488 τοιαῦτα

2060 3423 2172 3485 hoc
2198 3425 2397 3487 medio
2443 3436 2713 3508 tempore
2761 3445 2796 3488 a
2828 3431 2949 3488 Deo
2982 3427 3157 3488 nobis
3188 3426 3449 3506 theologi
3478 3426 3705 3487 consti-

323 3517 410 3572 ἐπὶ
479 3519 578 3583 τῆς
649 3518 798 3595 ἁγίας
868 3516 1086 3596 Τριάδος
1157 3518 1508 3597 τεθεολὸγηκε
1545 3539 1562 3593 ;
1599 3539 1620 3569 ι
1659 3517 1844 3579 Καλῶς
1916 3517 1972 3573 ἂν

2061 3515 2171 3575 tuti
2192 3523 2350 3580 sunt.
2387 3516 2696 3578 similiade
2713 3516 2912 3577 divina
2928 3515 3146 3578 Triade
3161 3517 3356 3577 sanxit
3375 3516 3407 3575 ‘I
3433 3542 3458 3571 α
3480 3519 3700 3596 Bene,»

326 3605 467 3686 ἔχει,
514 3627 544 3665 ι
595 3608 742 3684 quisi,
784 3629 810 3661 ι
845 3609 932 3662 καὶ
979 3605 1203 3666 εὒσεόὦς
1261 3610 1323 3664 τὸ
1377 3612 1439 3666 bc
1495 3613 1591 3676 τῆς
1651 3618 1741 3666 τοῦ
1772 3609 1972 3686 Πκτρδς

2059 3602 2165 3676 ait,
2205 3627 2227 3660 ιι
2261 3605 2476 3684 pieque
2507 3605 2606 3685 qui
2638 3624 2707 3666 ex
2764 3607 3020 3667 essentia
3052 3605 3243 3668 Patris
3269 3604 3525 3684 Spiritus
3554 3605 3710 3666 dici-

328 3695 506 3757 οὒσίας
563 3695 851 3774 λεγόμενον
893 3698 980 3752 καὶ
1045 3696 1103 3754 ἐκ
1154 3704 1253 3764 τῆς
1303 3706 1394 3754 τοῦ
1436 3701 1554 3754 Υἱοῦ
1585 3697 1850 3777 λέγεσθαι,
1896 3695 1972 3753 διὰ

2065 3707 2185 3772 tur,
2218 3712 2287 3752 ex
2319 3697 2578 3755 essentia
2630 3714 2868 3776 quoque
2911 3695 3042 3756 Filii
3073 3695 3214 3767 dici,
3242 3695 3400 3774 quod
3433 3694 3620 3754 Patris
3650 3702 3709 3755 et

325 3786 386 3840 τὸ
446 3785 570 3859 μίαν
625 3786 725 3850 τὴν
779 3795 872 3842 τοῦ
925 3789 1044 3842 Υἱοῦ
1089 3789 1177 3843 καὶ
1247 3790 1450 3867 Πατρὸς
1523 3791 1662 3844 εἶναι
1710 3789 1909 3846 οὖσίαν.
1947 3810 1972 3840 ι

2059 3780 2194 3843 Filii
2227 3803 2343 3843 una
2371 3787 2630 3846 essentia
2678 3797 2786 3846 est.
2841 3811 2868 3841 ι
2916 3789 2995 3847 At
3027 3784 3211 3862 magis
3245 3787 3403 3864 pium
3437 3793 3616 3858 esset,
3655 3792 3710 3845 te

326 3872 433 3940 Εἴη
478 3872 540 3928 ἂν
598 3871 963 3953 εὐσεϐέστερον
1005 3877 1140 3932 κατὰ
1195 3878 1276 3950 σὲ,
1324 3879 1368 3933 εἷ
1410 3879 1498 3934 καὶ
1541 3878 1599 3934 ἐκ
1654 3882 1752 3944 τῆς
1797 3878 1972 3936 ἑαυτοῐ

2058 3872 2288 3951 judice,
2316 3873 2367 3933 si
2425 3883 2481 3935 et
2511 3894 2578 3935 ex
2612 3894 2719 3936 sua
2752 3874 2938 3955 ipsius
2967 3873 3229 3935 essentia
3255 3873 3514 3954 Spiritus
3543 3872 3711 3934 dico-

361 3964 374 3985 ς
426 3961 438 3984 I
754 3971 776 3980 υ
1041 3963 1066 3980 n
1301 3965 1310 3982 ι
1575 3957 1610 3978 ’1
1741 3967 1750 3982 ι
1892 3973 1914 3982 ..

327 3984 501 4024 ουσιας
531 3964 592 4018 τὸ
647 3968 858 4038 Πνευμα
915 3967 976 4020 τὸ
1030 3987 1179 4044 αγιον
1255 3965 1492 4044 λεγοιτο.
1613 3973 1656 4022 Η
1697 3988 1796 4045 γαρ
1827 3988 1972 4023 τουτο

2065 3971 2250 4021 retur.
2281 3961 2341 4022 Id
2367 3965 2527 4024 enim
2547 3968 2596 4024 si
2634 3982 2771 4025 vere
2795 3968 3260 4030 demonstretur.
3295 3981 3434 4022 vere
3455 3961 3712 4023 auditori

326 4049 666 4131 ἀποδειχθὲν,
731 4052 941 4120 ἀληθῶς
1000 4056 1090 4110 τὸν
1151 4055 1490 4134 ἀκροώμενον
1546 4057 1713 4112 πείσει
1771 4056 1848 4129 μὴ
1915 4053 1972 4110 3iJ

2066 4051 2364 4126 suadebit,
2401 4055 2622 4114 nullam
2656 4054 2731 4114 ob
2765 4055 2939 4114 aliam
2967 4055 3282 4127 rationem,
3315 4055 3418 4112 sed
3450 4060 3709 4112 tantum-

330 4138 493 4196 ἄλλον
551 4143 668 4197 τινὰ
711 4139 894 4223 λόγον,
939 4141 1022 4199 διὰ
1049 4142 1103 4199 δὲ
1134 4148 1296 4220 μόνον
1324 4148 1385 4202 τὸ
1413 4151 1512 4212 τῆς
1541 4153 1634 4203 τοῦ
1662 4147 1865 4224 ΙΙατρὸς
1897 4142 1972 4200 καΤ

2068 4143 2245 4202 modo
2262 4143 2337 4204 ob
2357 4145 2640 4204 unitatem
2663 4146 2936 4205 essentia;
2961 4143 3147 4204 Patris
3167 4151 3224 4202 et
3248 4141 3374 4202 Filii
3394 4160 3462 4202 ex
3488 4143 3712 4202 utrius-

332 4232 454 4287 Υἱοῠ
518 4229 692 4294 οὕσίας
781 4234 982 4289 ενιαϊον
1068 4232 1128 4289 ἐκ
1202 4233 1300 4301 τῆς
1375 4235 1574 4312 ἀμφοῖν
1628 4232 1868 4310 λέγεσθαι
1927 4235 1972 4289 τὶ

2068 4249 2184 4311 que
2227 4231 2485 4294 essentia
2531 4232 2820 4312 Spiritum
2851 4233 2969 4293 dici
3005 4253 3018 4290 :
3060 4240 3162 4291 aut
3183 4230 3231 4290 si
3262 4230 3402 4290 inde
3430 4230 3709 4308 blasphe-

331 4323 546 4374 Πνεῦμα
597 4320 829 4394 οὐσίας,
903 4320 940 4389 ἢ
1029 4321 1118 4378 ἐὰν
1211 4325 1272 4379 τὸ
1368 4324 1601 4380 ἐντεῦθεν
1669 4322 1972 4402 βλάσφημοι

2068 4320 2187 4379 mia
2203 4322 2514 4383 manifesta
2538 4318 3380 4395 enascitur,demonstraberis
3405 4329 3462 4380 tu
3481 4337 3716 4398 quoque

331 4406 620 4487 πρόδηλον,
713 4408 948 4468 ἐντεῦθεν
1021 4409 1390 4493 ἀποδειχθήσῃ
1463 4415 1552 4470 καὶ
1623 4414 1684 4470 σὺ
1741 4413 1972 4492 μεγάλης

2069 4409 2344 4470 maxima:
2373 4408 2764 4490 blasphemiae
2808 4409 3100 4471 obnoxius
3147 4426 3301 4470 esse.
3355 4407 3423 4468 Et
3446 4413 3718 4468 essentia!

330 4471 521 4577 ἔνοχος
575 4471 717 4554 είναι
775 4504 874 4566 τῆς
943 4471 1306 4582 βλασφημίας,
1367 4471 1483 4560 ιΚαὶ
1552 4504 1613 4559 τὸ
1657 4471 1755 4570 τῆς
1807 4471 1972 4565 οὖσίας

2069 4497 2440 4560 indivisibile
2466 4471 2702 4560 causam
2735 4499 2984 4578 hujusce
3035 4497 3380 4576 theologica:
3407 4495 3722 4558 sententiae

332 4584 623 4666 ἀδιαίρετον
681 4587 858 4645 αἴτιον
941 4593 1039 4656 τῆς
1121 4589 1440 4670 θεολογικῆς
1519 4593 1718 4658 ταύτης
1779 4591 1972 4668 ῥήσεως

2070 4604 2440 4667 proponens,
2477 4588 2668 4668 palam
2702 4587 3182 4668 deprehenderis
3203 4585 3568 4659 subduceris,
3599 4604 3718 4646 non

333 4673 768 4751 προκαλλόμενος
825 4681 1064 4758 φανερῶς
1154 4678 1462 4760 ἐλεγχθήσῃ
1524 4679 1792 4760 κλέπτων,
1865 4681 1972 4759 οὐχ

2070 4677 2440 4755 persuadens
2493 4677 2850 4739 auditorem.
2916 4675 3060 4749 Quis
3105 4678 3262 4737 enim
3297 4675 3495 4738 fuerit.
3531 4675 3633 4755 qui
3665 4684 3721 4736 te

337 4767 532 4821 πείθων
587 4767 676 4822 τὸν
734 4767 1098 4846 ἀκροώμενον,
1165 4771 1254 4834 Τίς
1300 4771 1400 4850 γὰρ
1455 4770 1601 4828 ἔσται
1644 4773 1671 4828 6
1703 4777 1795 4828 σοῦ
1851 4783 1972 4850 χεῖ-

2070 4766 2243 4845 pejus
2269 4766 2590 4828 essentiam
2650 4765 2939 4846 diviserit,
2999 4765 3050 4826 si
3097 4765 3418 4827 essentiam
3467 4765 3722 4844 Spiritus

336 4873 424 4932 ρον
483 4854 584 4921 τὴν
642 4853 820 4912 οὗσίαν
863 4853 1100 4937 διαιρῶν,
1148 4858 1238 4915 ἐὰν
1287 4861 1384 4928 τὴο
1442 4861 1618 4918 οὖσίαν
1677 4865 1771 4916 τοῦ
1817 4859 1972 4915 Ilvati-

2071 4854 2146 4916 ab
2178 4872 2248 4916 ea
2277 4873 2411 4935 quae
2467 4864 2558 4918 est
2603 4856 2863 4918 essentia
2918 4853 3110 4917 Patris
3140 4866 3198 4916 et
3227 4854 3363 4916 Filii
3391 4852 3721 4935 separabis,

336 4963 504 5017 ματος
563 4947 664 5010 τῆς
749 4944 844 5000 τοῦ
927 4949 1134 5026 Πατρὶς
1197 4950 1286 5006 καὶ
1353 4952 1477 5006 Υἱοῦ
1531 4947 1846 5029 διαιρήσεις,
1913 4951 1972 5025 μὶ

2075 4963 2194 5006 non
2224 4944 2566 5008 concedens
2587 4945 2764 5023 forte,
2797 4953 2856 5007 et
2875 4963 2943 5007 ex
2968 4943 3066 5007 soi
3095 4942 3284 5024 ipsius
3311 4945 3564 5005 essentia
3592 4940 3727 5023 Spi-

337 5030 630 5108 συγχωρῶν
662 5029 796 5095 ἴσως
855 5034 945 5090 καὶ
986 5033 1048 5092 ὲκ
1094 5040 1194 5102 τῆς
1255 5039 1444 5098 ἑαυτοῦ
1498 5039 1641 5095 εἶναι
1697 5039 1872 5100 οὐσίας
1931 5038 1972 5094 τί

2075 5033 2257 5097 ritum
2291 5040 2468 5097 esse?
2514 5032 2708 5107 Quare
2757 5053 2924 5110 vero,
2955 5032 3143 5096 dicito
3186 5050 3414 5114 quaeso,
3464 5032 3621 5113 quod
3653 5047 3728 5094 ex

336 5122 554 5193 ῐινεὺμα
586 5133 603 5190 ;
639 5123 788 5177 Διατί
829 5118 911 5202 δὲ,
955 5123 1093 5201 εἰπὲ,
1140 5123 1201 5181 ἐκ
1259 5127 1360 5202 μὲν
1399 5132 1498 5196 τῆς
1529 5127 1707 5191 οὐσίας
1737 5128 1799 5182 τὸ
1840 5125 1967 5206 λεγό

2075 5123 2340 5186 essentia
2359 5121 2572 5200 Patris,
2608 5132 2668 5186 et
2685 5143 2753 5187 ex
2776 5126 3073 5205 hypostasi
3097 5122 3259 5184 illius
3280 5121 3499 5187 dicitur
3521 5141 3539 5199 ;
3571 5121 3729 5202 quod

341 5226 507 5296 pavos
544 5213 639 5263 τοῦ
687 5210 888 5288 Πατρὸς
919 5213 1006 5268 καὶ
1038 5215 1099 5270 εκ
1129 5214 1226 5283 τῆς
1254 5216 1596 5282 ὑποστάσεως
1637 5215 1872 5296 λέγεται,
1936 5215 1996 5272 ἐκ

338 5293 391 5352 δὲ
447 5295 547 5364 τῆς
598 5295 776 5362 οὐσίας
837 5297 1129 5378 λεγόμενον
1155 5312 1250 5362 τοῦ
1293 5309 1413 5364 Υἱοῦ
1442 5307 1502 5364 ἐκ
1527 5305 1622 5374 τῆς
1652 5293 1992 5369 ὑποστάσεωέ

341 5386 399 5442 οὗ
426 5385 710 5463 ῥηθήσεται
743 5407 760 5463 ;
811 5391 946 5469 Οὐχὶ
974 5390 1236 5452 κάνταῦθα
1266 5395 1443 5475 λόγοις
1473 5397 1655 5472 μόνοις
1688 5397 1748 5453 τὸ
1775 5401 1873 5464 τῆς
1907 5396 1995 5454 οὒ-

344 5475 461 5567 σίας
498 5475 809 5567 Δἀδιαίρετον
866 5481 1035 5560 φαίνει
1079 5483 1392 5567 ὁμολογεῖν,
1426 5487 1637 5554 ἀληθῶς
1666 5487 1862 5554 ταύτην
1894 5488 1992 5543 αὖ-

341 5566 434 5662 ξδς
477 5562 730 5662 διαιρῶν,
786 5569 876 5626 καὶ
921 5575 1018 5638 τῆς
1050 5562 1390 5653 Ἀρειανικῆς
1426 5575 1705 5657 διαρέσεως
1761 5589 1995 5657 χεῖρον;

363 5663 401 5710 0
436 5654 531 5729 μὲν
562 5657 659 5735 γὰρ
720 5665 795 5734 τῷ
856 5666 949 5716 τοῦ
1003 5666 1209 5732 [ἰατρὸς
1248 5667 1466 5756 ὑστέρῳ,
1514 5654 1600 5729 ﬁl
1630 5665 1710 5721 ὅτι
1741 5654 2008 5743 γεγονότα.

2077 5230 2212 5274 vero
2246 5231 2316 5274 ex
2347 5213 2608 5274 essentia
2634 5213 2771 5276 Filii
2801 5211 3190 5293 exhypostasi
3219 5211 3377 5273 illius
3409 5229 3526 5272 non
3551 5210 3728 5286 dice-

2077 5302 2216 5364 tur?
2246 5308 2462 5363 Annon
2496 5303 2590 5363 hic
2613 5321 2850 5382 quoque
2877 5321 2994 5363 non
3025 5303 3258 5364 ratione
3289 5300 3724 5376 tantummodo,

2077 5391 2234 5473 quod
2269 5391 2328 5452 in
2380 5391 2643 5454 essentia
2693 5401 2782 5454 est
2831 5389 3199 5455 indivisbile
3251 5389 3729 5472 deprehenderis

2076 5481 2373 5556 conﬁteri,
2412 5499 2551 5542 vere
2582 5481 2768 5562 ipsam
2802 5482 3214 5562 subdividens,
3250 5495 3309 5542 et
3338 5479 3554 5542 Ariana
3575 5479 3726 5540 dlvi-

2078 5569 2247 5634 sione
2269 5571 2532 5633 atrocius
2554 5574 2578 5630 Υ
2601 5571 2706 5633 llie
2728 5571 3022 5653 siquidem
3049 5569 3488 5652 poserioritate
3509 5568 3722 5643 Patris,

2080 5662 2322 5742 etquod
2353 5670 2674 5742 generatus
2717 5670 2875 5724 esset
2902 5679 2973 5724 ex
3003 5659 3200 5741 Patre,
3227 5678 3347 5722 non
3369 5667 3728 5722 eoatornum
