4178 6288
511 326 626 392 899

1593 332 1808 396 JOAN.
1858 328 2077 395 VEGCI
2122 332 2235 392 ΟΡ.
2284 331 2802 397 PATBIARCHIE

3767 327 3886 391 900

511 460 817 524 auertebat
844 460 1001 523 Patri
1031 461 1269 551 Filium,
1295 462 1462 543 quasi
1493 461 1814 551 essentiam
1848 461 2136 526 divideret

2223 471 2385 546 ’τηΡά
2436 473 2664 551 Πατρὸς,
2724 471 2811 526 καὶ
2867 475 2926 529 οὑ
2971 469 3234 529 συναΐδιον
3289 469 3433 526 ἕλεθε
3500 477 3574 544 τῷ
3607 469 3770 546 Πατρὶ
3799 466 3889 521 τόν

512 551 942 612 condemnatus
997 557 1104 612 est.
1174 549 1261 610 Tu
1317 567 1456 610 vero
1512 549 1627 610 alio
1679 549 1854 610 modo
1887 556 2038 612 sumi
2072 572 2136 615 es

2249 559 2366 615 Υἶόν
2415 559 2512 627 τὴν
2569 549 2668 627 τῆς
2725 559 2902 622 οὑσίας
2953 556 3301 625 κατεδικάσθη
3359 555 3631 636 διαίρεσιν,
3689 556 3762 611 Σὺ
3806 550 3888 628 δὲ,

511 641 759 701 sentiam
790 639 1092 712 sanciens,
1128 657 1262 699 cum
1296 657 1363 698 ex
1413 638 1602 700 Patris
1626 639 1883 700 essentia
1909 638 2162 722 Spiritus

511 733 730 796 dicitur
764 733 872 812 (est
906 731 1062 793 enim
1095 731 1154 791 in
1217 731 1538 810 Itypostasi)
1569 730 1684 791 alio
1718 732 1896 793 modo
1926 751 2058 794 cum
2090 753 2160 795 ex

509 821 766 883 essentia
799 819 931 882 Filii
961 827 1071 893 (est
1123 818 1283 880 enim
1317 817 1540 899 absque
1595 822 1916 900 hypostasi)
1976 822 2158 883 multo

511 911 722 990 majori
742 927 1020 970 mensura
1046 907 1204 969 illius
1223 906 1658 986 blasphemiam
1683 927 1951 990 superas.
1985 912 2059 974 Et
2083 912 2158 973 sit

509 1001 633 1062 haec
666 1009 762 1060 tua
792 997 1158 1079 blasphemia
1185 993 1572 1080 prima.Quod
1607 1015 1745 1060 vero
1771 997 2155 1081 subsequitur

508 1087 684 1170 quale
711 1096 798 1149 est
821 1087 845 1147 ’ί

585 1179 645 1239 3.
687 1200 709 1234 α
744 1175 1017 1239 Essentia
1047 1175 1308 1257 quidem.
1355 1201 1379 1231 »
1414 1176 1516 1256 ait,
1557 1199 1580 1233 ι
1617 1196 1749 1239 cum
1796 1178 1935 1259 quid
1985 1199 2154 1242 com-

506 1285 686 1328 mune
717 1274 805 1327 est
834 1265 929 1339 iis,
962 1266 1035 1326 de
1089 1265 1310 1345 quibus
1353 1265 1598 1347 dicitur,
1631 1274 1688 1327 et
1720 1287 1837 1329 non
1889 1269 2153 1330 circum-

503 1356 815 1436 scriptum,
869 1373 1168 1434 nunquam
1229 1353 1586 1434 simpliciter
1635 1355 1708 1417 ab
1753 1376 1871 1439 una
1903 1377 2156 1438 persona

502 1444 769 1525 definita,
829 1462 1128 1524 nunquam
1187 1461 1365 1506 causa
1423 1444 1752 1524 hypostasis
1797 1446 1997 1510 fuerit.
2038 1472 2060 1506 ι)
2094 1451 2154 1511 Si

504 1553 646 1596 vera
665 1537 791 1596 haec
809 1531 998 1595 oratio
1021 1540 1135 1612 est,
1185 1551 1442 1613 quonam
1486 1533 1661 1595 modo
1701 1534 1885 1597 t‘alsus
1915 1556 2032 1599 non
2065 1545 2155 1599 est

2244 643 2421 712 ἄλλως
2464 650 2564 724 μὲν
2607 645 2961 721 λαμϐάνεσθαι
3017 647 3117 714 τὴν
3176 646 3354 703 οὐσίαν
3384 650 3702 722 νομοθετῶν,
3761 644 3890 700 ὃταν

2243 734 2306 791 ἐκ
2353 736 2448 805 τῆς
2511 747 2605 797 τοῦ
2646 740 2850 817 Πατρὸς
2895 737 3070 798 οὑσίας
3128 737 3190 792 τὸ
3256 741 3467 810 Πνεῦμα
3509 737 3571 792 τὸ
3628 735 3776 813 ἅγιον
3805 731 3891 788 λέ-

2242 837 2412 900 γοίτο.
2476 825 2830 883 ἑνυπόστατον
2897 827 3016 903 γὰρ,
3076 823 3252 888 ἄλλως
3297 821 3341 879 δ’
3401 826 3631 891 ὁπηνίκα
3673 823 3734 878 ἑκ
3788 825 3887 887 τῆς

2238 920 2332 970 τοῦ
2392 917 2536 988 mo,
2590 916 2948 973 ἀνυπόστατον
3031 915 3151 993 γὰρ.
3213 913 3398 986 πολλῷ
3457 920 3534 988 τῷ
3589 913 3736 988 μέσῳ
3787 909 3889 976 τὴν

2237 1003 2437 1063 ἑκείνου
2494 1002 2836 1084 βλασφημίαν
2904 1001 3298 1082 ὑπερελαύνεις.
3362 1003 3458 1060 Καὶ
3491 1003 3681 1058 κείσθω
3721 997 3891 1076 βλασ-

2238 1092 2411 1174 φημία
2439 1093 2626 1172 πρώτη
2657 1115 2741 1150 σοι
2785 1091 2944 1161 αὕτη.
2977 1095 3052 1150 Τὸ
3077 1089 3124 1148 δ’
3153 1091 3480 1171 ἀπαγόμενον
3513 1091 3634 1148 οἷον
3668 1109 3685 1160 ;

2317 1172 2396 1260 γ’.
2434 1205 2462 1236 ι
2509 1183 2667 1240 Οὑσία
2697 1182 2820 1257 μὲν,
2857 1199 2887 1240 ι
2938 1183 3089 1261 φησὶ,
3135 1202 3161 1238 ι
3193 1181 3373 1240 κοινόν
3415 1202 3466 1238 τι
3497 1190 3627 1240 οὖσα
3653 1176 3772 1234 καθ’
3813 1177 3888 1233 ὧν

2236 1269 2483 1350 λέγεται,
2555 1272 2644 1328 καὶ
2701 1270 3117 1350 ἀπερίγραπτον,
3177 1272 3265 1326 καὶ
3326 1271 3540 1346 μήποτε
3613 1270 3886 1325 καθοτιοὺν

2234 1361 2310 1416 ἐνὶ
2362 1359 2632 1438 προσώπῳ
2677 1358 3105 1439 περιοριζομένη,
3173 1362 3268 1418 οὒκ
3318 1357 3382 1414 ἂν
3421 1379 3559 1416 ποτε
3585 1358 3722 1416 αἰτία
3762 1355 3892 1413 ὑπο·
3921 1385 3966 1404 -

2236 1449 2472 1512 στάσεως
2532 1450 2795 1528 φαίνοιτο,
2831 1471 2859 1504 ι
2937 1449 2993 1506 Εἰ
3036 1446 3244 1515 ἀληθὴς
3296 1449 3324 1503 ὁ
3388 1445 3579 1525 λόγος,
3636 1445 3756 1510 πῶς
3817 1447 3886 1511 ,οὑ

2235 1535 2432 1614 ψευδὴς
2495 1535 2632 1611 (ἀλλ’
2664 1539 2737 1600 εἷς
2800 1539 2892 1595 τὸν
2942 1534 3263 1612 ψευδόμενον
3312 1537 3375 1592 τὸ
3405 1535 3706 1614 κατάκριμα
3759 1533 3887 1614 τρὸ-

499 1630 623 1700 (sed
650 1623 711 1684 in
735 1622 1002 1701 eum,qui
1033 1621 1178 1682 falsa
1208 1629 1520 1692 memorat,
1555 1623 1973 1688 condemnatio
2002 1643 2136 1690 con-

2236 1627 2422 1706 ποιτο)
2486 1627 2798 1692 Ἀθανείσιος
2869 1631 2968 1692 τῆς
3055 1623 3376 1692 Ἐκκλησίας
3472 1626 3535 1682 τὸ
3588 1625 3882 1702 στήριγμα,

500 1718 783 1788 vertatur)
833 1710 1190 1774 Athanasius
1273 1709 1552 1772 Ecclesiae
1629 1713 1904 1796 fulcrum,
1967 1734 2136 1789 nunc,

2237 1723 2324 1772 v6v
2379 1714 2476 1792 μὲν
2515 1739 2535 1771 ι
2575 1713 2710 1772 ἴδιον
2745 1738 2773 1771 δ
2808 1713 3094 1772 ἀποκαλῶν
3129 1738 3156 1770 α
3189 1715 3427 1794 γέννημα
3458 1719 3558 1781 τῆς
3615 1719 3708 1784 τοῦ
3763 1717 3882 1768 Πα-

507 1829 534 1859 ι
570 1801 871 1883 proprium
926 1826 949 1856 υ
1006 1819 1223 1861 vocans
1278 1821 1305 1858 ι
1358 1799 1539 1860 fetum
1591 1797 1836 1883 Filium,
1903 1829 1926 1861 υ
1989 1824 2136 1867 nunc

2228 1805 2348 1883 τρὸς
2397 1805 2573 1868 οὑσίας
2628 1806 2714 1861 καὶ
2766 1807 2857 1860 τὸν
2915 1807 3055 1878 Υίὸν,
3089 1811 3176 1861 νῦν
3207 1802 3387 1871 δὲτὴν
3430 1810 3521 1860 106
3565 1803 3768 1881 Πατρὺς
3797 1800 3885 1857 οὑ-

511 1915 533 1948 ε
567 1890 885 1953 essentiam
919 1889 1108 1950 Patris
1137 1887 1495 1968 principium
1523 1898 1578 1950 et
1609 1889 1896 1965 radicem,
1933 1902 1990 1954 et
2019 1893 2136 1955 Γοηε

2229 1894 2342 1950 σίαν
2385 1894 2561 1974 ἀρχὴν
2617 1893 2711 1950 καί
2767 1894 2908 1972 ῥίζαν
2974 1894 3061 1950 καὶ
3146 1894 3332 1970 πηγὴν
3369 1917 3393 1950 ε
3457 1891 3882 1970 ἀποφαινόμενος

503 1991 617 2042 tem
650 1979 783 2043 Filii
812 2006 834 2036 ε
862 1978 1214 2042 decernens.
1252 1997 1409 2038 nunc
1435 1997 1448 2038 :
1477 2002 1499 2034 ιι
1549 1976 1751 2060 Neque
1782 1983 1939 2042 enim
1973 1983 2136 2044 defo-

2233 2005 2259 2036 σ
2301 1989 2393 2039 τοῦ
2425 1986 2602 2038 Υίοῦοε
2650 1984 2737 2039 καὶ
2781 1993 2866 2041 νῦν
2912 1981 3032 2057 μὲν,
3087 2005 3108 2037 ε
3143 1983 3215 2039 Οὑ
3266 1983 3372 2058 γὰρ
3413 1979 3598 2046 ἔξωθὲν
3629 1979 3676 2035 τί
3701 1981 3875 2059 ben,»

496 2075 580 2134 ris
610 2079 720 2143 est,
757 2095 776 2122 ι
806 2067 1036 2137 dicens,
1095 2067 1353 2128 «adscita
1372 2066 1503 2128 Filii
1530 2070 1809 2137 essentia,
1848 2090 2040 2152 neque
2071 2092 2136 2135 ex

2227 2070 2420 2150 λέγων,
2475 2093 2498 2128 ε
2534 2074 2568 2140 ἡ
2630 2074 2722 2128 τοῦ
2781 2075 2900 2128 Υἱοὺ
2983 2070 3324 2150 ἐφευρεθεῖσα
3399 2069 3569 2141 οὑσία,
3643 2066 3758 2125 οὑδὲ
3821 2068 3881 2124 ἐκ

499 2181 614 2224 non
640 2159 879 2222 entihus
902 2157 1235 2218 introducta
1255 2163 1369 2230 est,
1391 2159 1493 2218 sed
1515 2177 1584 2218 ex
1616 2168 1858 2238 paterna
1888 2162 2136 2222 essentia

2227 2161 2306 2234 μη
2379 2159 2544 2217 ὅντων
2589 2160 2912 2240 ἐπεισήχθη,
2968 2158 3086 2215 ἀλλ’
3130 2163 3194 2216 Ex
3221 2161 3319 2227 τῆς
3349 2180 3441 2216 του
3471 2159 3674 2238 Πατρὸς
3706 2158 3880 2222 οὑσίας

490 2262 626 2314 nata
651 2245 1280 2329 est,quemadmodum
1307 2265 1372 2306 ex
1398 2245 1624 2306 lumine
1641 2249 1947 2324 Splendor,
1983 2261 2040 2311 et
2073 2271 2136 2313 ex

2228 2248 2341 2329 ἔφυ,
2388 2251 2461 2312 ὡς
2512 2251 2604 2306 τοῦ
2672 2251 2845 2328 φωτὸς
2915 2250 2976 2304 τὸ
3060 2247 3408 2328 ἀπαύγασμα,
3486 2251 3574 2305 καὶ
3649 2248 3721 2311 ὡς
3786 2253 3881 2303 τοῦ

485 2358 640 2421 aqua
659 2357 878 2419 vapor;
905 2362 931 2392 π
961 2354 1118 2396 nunc
1146 2355 1158 2396 :
1190 2357 1211 2390 ι
1252 2332 1436 2395 Causa
1461 2344 1548 2395 est
1567 2334 1672 2396 Dei
1700 2346 1928 2412 natura,
1968 2365 1992 2393 υ
2030 2341 2139 2401 de-

487 2429 840 2500 terminans,
880 2447 908 2484 «
934 2433 992 2486 et
1020 2422 1154 2485 Filii
1183 2433 1240 2484 et
1269 2421 1547 2503 Spiritus,
1584 2437 1889 2502 paternam
1924 2447 2136 2489 essen-

489 2518 626 2578 tiam
664 2515 1044 2597 principium,
1082 2520 1139 2573 et
1169 2512 1457 2580 radicem,
1480 2524 1534 2571 et
1567 2513 1786 2575 fontem
1820 2513 1978 2590 Filii,
2020 2541 2045 2572 »
2083 2526 2142 2578 et

486 2625 694 2668 rursus
729 2631 754 2660 α
791 2622 1026 2666 causam
1062 2601 1195 2664 Filii
1253 2608 1312 2660 et
1369 2599 1625 2680 Spiritus
1660 2601 1762 2664 Dei
1799 2613 2068 2666 naturam
2105 2633 2130 2662 ι)

485 2693 845 2756 Athanasius
891 2689 1089 2753 tradit.
1128 2688 1198 2750 Et
1220 2689 1502 2768 Cyprius:
1535 2715 1558 2744 ο
1595 2688 1930 2772 Nunquam.
1971 2719 1998 2751 io
2032 2697 2132 2772 ait,

492 2807 519 2840 α
547 2801 726 2846 causa
759 2779 1085 2863 hypostasis
1113 2778 1372 2841 essentia
1401 2777 1505 2840 Dei
1528 2779 1727 2843 fuerit.
1765 2806 1792 2837 ι)

565 2963 626 3024 4.
667 2986 691 3017 ι
727 2963 804 3022 At
842 2957 1068 3020 Nicaani
1115 2959 1340 3031 Patres,
1377 2981 1404 3012 ιι
1441 2955 1654 3039 inquit,
1687 2984 1712 3014 α
1749 2977 1817 3022 ex
1874 2964 2137 3025 essentia

2223 2337 2408 2404 ὕδατος
2462 2341 2496 2406 ἡ
2555 2339 2732 2413 ἀτμὶς,
2771 2361 2798 2393 ι
2862 2345 2950 2394 νῦν
2992 2336 3072 2413 δὲ,
3123 2363 3148 2392 ιι
3185 2339 3332 2394 Αἱτία
3391 2337 3499 2394 ἐστὶ
3526 2339 3561 2404 ἡ
3593 2343 3684 2393 τοὺ
3747 2341 3878 2392 Θεοῦ

2223 2429 2400 2508 φύσις,
2437 2449 2464 2488 ι
2499 2428 2786 2507 θεολογῶν,
2827 2451 2854 2482 ι
2901 2429 2988 2484 καὶ
3045 2434 3138 2484 τοὺ
3183 2430 3303 2484 Υἱοῦ
3343 2428 3432 2483 καὶ
3484 2433 3576 2482 τιιῦ
3619 2425 3874 2499 Πνεὺμα-

2221 2526 2332 2596 το’ς,
2378 2517 2478 2584 τὴν
2535 2520 2629 2574 τοῦ
2713 2519 2916 2596 Πατρὸς
2991 2517 3166 2576 οὐσίαν
3222 2517 3398 2597 ἀρχὴν
3448 2517 3535 2572 καὶ
3605 2517 3748 2594 ῥίζαν
3788 2516 3877 2570 καὶ

2220 2607 2402 2683 πηγὴν
2454 2612 2547 2662 τοῦ
2619 2608 2760 2680 Υἱοῦ,
2839 2630 2866 2661 ιο
2927 2609 3014 2663 καὶ
3070 2607 3228 2663 πάλιν
3303 2629 3326 2662 ι
3389 2607 3558 2664 αἰτίαν
3616 2607 3736 2663 fici)
3787 2605 3873 2659 καὶ

2221 2696 2527 2770 Πνεύματος
2585 2696 2684 2763 τὴν
2741 2702 2835 2752 τοῦ
2878 2703 3009 2754 Θεοῦ
3053 2697 3205 2775 φύσιν
3267 2719 3294 2752 ι
3340 2693 3652 2776 ίΛθανάσιος
3681 2690 3872 2750 θεολο-

2460 2785 2475 2804 \
2563 2782 2574 2800 ι
2879 2785 2915 2816 ν,
2979 2782 3004 2804 ει
3184 2806 3204 2816 _
3414 2784 3427 2804 ι
3615 2782 3683 2817 ’,ι
3747 2782 3763 2818 ε

2219 2797 2330 2862 γεῖ.
2381 2793 2478 2841 Και
2506 2793 2753 2862 Κυπριος,
2795 2793 2935 2841 «Ουιι
2973 2806 3036 2840 αν
3078 2805 3268 2858 ποτε,ο
3303 2805 3485 2863 φησιν,
3522 2799 3547 2834 ι
3582 2803 3718 2838 αιιια
3750 2802 3871 2837 οπο·

2219 2873 2450 2938 στάσεως
2493 2874 2528 2940 ἡ
2577 2873 2723 2929 οὑσία
2765 2873 3002 2953 φαίνοιτο
3043 2895 3136 2930 του
3179 2880 3330 2935 Θεοῦ,
3371 2896 3395 2928 ε

2298 2959 2366 3024 δ’.
2417 2987 2444 3017 ε
2495 2959 2646 3018 Ἀλλ’
2701 2964 2748 3018 οἱ
2807 2962 2860 3019 ἐν
2932 2963 3142 3042 Νικαίᾳ,
3193 2986 3220 3016 ι
3255 2964 3408 3042 φησὶ,
3464 2985 3486 3016 ε
3527 2959 3778 3040 Πατέρες,
3810 2959 3873 3016 ὲκ

485 3049 678 3115 Patris
728 3049 939 3110 Filium
987 3046 1377 3144 afﬁrmantes,
1412 3066 1481 3108 ex
1536 3049 1832 3128 ltypostasi
1893 3071 2134 3134 quoque

2223 3056 2314 3120 τῆς
2374 3052 2548 3114 οὕσίας
2599 3058 2692 3108 τοὺ
2755 3053 2958 3132 Πατρὸς
3011 3053 3102 3108 τὸν
3174 3053 3293 3108 Υἷὸν
3364 3051 3624 3130 εἰπόντες,
3681 3051 3870 3106 καὶτὸ

483 3141 862 3214 addiderunt,
915 3135 1418 3200 cousubslantiale
1503 3146 1562 3198 et
1635 3149 1936 3200 causatum
1993 3141 2134 3204 inde

483 3227 876 3310 comprobare
905 3228 1195 3303 volentes,
1257 3233 1315 3286 et
1366 3224 1732 3304 accipientes
1792 3228 1971 3291 alium
2019 3231 2133 3293 alio

483 3316 776 3381 denotari.
809 3314 954 3378 Nam
1000 3314 1052 3377 si
1107 3313 1630 3377 consubstantialis
1671 3317 1845 3396 plana
1873 3321 2132 3383 demon-

480 3407 686 3469 stratio
711 3413 818 3478 est,
857 3423 991 3467 cum
1018 3422 1087 3464 ex
1111 3403 1370 3465 essentia
1392 3403 1614 3466 dicitur
1635 3405 1813 3466 veluti
1837 3425 1910 3468 ex
1931 3427 2130 3484 causa,

481 3515 620 3575 ergo
643 3514 776 3556 cum
802 3493 1121 3563 dicitur.ex
1144 3493 1467 3574 hypostasi,
1500 3492 1722 3574 absque
1749 3495 1869 3557 ulla
1889 3505 2129 3559 contra-

481 3585 741 3647 dictione
770 3583 1104 3644 vonlirmat.
1144 3605 1166 3637 η
1204 3581 1313 3642 Hic
1344 3581 1496 3641 alius
1517 3592 1604 3642 est
1626 3582 2009 3663 blasphemia:
2030 3605 2132 3647 ex-

481 3692 706 3736 cessus.
771 3670 961 3732 Novus
1020 3669 1313 3749 siquidem
1360 3671 1690 3751 theologus,
1725 3674 1812 3733 vu-l
1845 3683 1907 3734 ut
1937 3677 2131 3754 aptius

480 3762 697 3841 dicam,
723 3759 1068 3839 vaniloques
1092 3759 1234 3818 illud
1261 3759 1418 3838 quod
1449 3759 1505 3819 in
1551 3762 1869 3841 ltypostasi,
1897 3773 1954 3824 et
1986 3765 2129 3826 illud

479 3851 639 3932 quod
689 3849 818 3910 sine
871 3849 1166 3928 hypostasi
1203 3858 1290 3908 est
1329 3850 1520 3909 Patris
1552 3867 1610 3909 et
1644 3850 1776 3911 Filii
1807 3853 2130 3915 essentiam

479 3937 1101 4018 dividens,priuscum
1127 3936 1508 4009 determinat,
1546 3957 1612 3998 ex
1647 3941 1904 4000 essentia
1940 3944 2129 4006 Patris

477 4028 535 4089 in
563 4026 856 4108 hypostasi
902 4045 1034 4087 esse
1074 4025 1381 4105 Spiritum,
1423 4041 1701 4106 tanquam
1735 4031 2127 4094 consubstan-

479 4117 617 4178 tiale
639 4123 965 4189 causatum,
999 4135 1069 4177 ex
1105 4115 1362 4176 essentia
1385 4134 1526 4176 vero
1549 4119 1678 4178 sine
1703 4119 1994 4200 hypostasi
2027 4121 2128 4184 Fi-

475 4205 565 4282 lii,
601 4216 880 4286 tanquam
923 4205 1022 4286 qui
1071 4223 1186 4264 non
1225 4213 1315 4265 est
1340 4213 1613 4267 causatus
1636 4206 1708 4267 ab
1745 4227 1894 4288 ipso,
1931 4211 2033 4271 sed
2069 4221 2132 4273 ut

476 4295 727 4375 simplex
763 4293 1303 4357 cottsubstantialis.
1331 4295 1579 4355 velutisi
1605 4297 1737 4376 quis
1768 4299 1883 4358 duo
1916 4318 2128 4362 secun-

2219 3140 2279 3196 ἐκ
2332 3147 2432 3212 τῆς
2513 3141 2852 3204 ὑποστάσεως
2954 3142 3377 3219 προστεθείκασι,
3462 3142 3524 3197 τὸ
3591 3139 3868 3215 δμοούσιον

2220 3231 2306 3286 καὶ
2375 3230 2612 3286 αἱτιατὸν
2679 3229 2908 3288 ἐντεῦθεν
2969 3235 3309 3302 παραστῆσαι
3373 3227 3710 3306 βουλόμενοι,
3779 3229 3870 3284 καὶ

2215 3319 2432 3398 θάτερον
2491 3319 2706 3399 θατέρου
2779 3317 3167 3400 παρειληφότες
3258 3316 3578 3386 δηλωτικόν,
3653 3317 3713 3375 Εἰ
3768 3317 3866 3395 γὰρ

2216 3414 2310 3464 τοὺ
2365 3407 2650 3481 ὃμοουσίου
2702 3409 2874 3488 σαφής
2935 3408 3075 3465 ἐστιν
3130 3405 3340 3474 ἔνδειξις
3399 3409 3461 3464 τὸ
3518 3407 3580 3464 ἐκ
3632 3405 3726 3474 τῆς
3770 3407 3864 3463 οὑ-

2214 3494 2328 3558 σίας
2383 3496 2574 3564 εἰπετν,
2647 3498 2709 3552 τὸ
2767 3495 2868 3574 ἄρα
2934 3499 3006 3562 ὡς
3065 3495 3116 3562 ἐξ
3189 3497 3356 3560 αἰτίας
3411 3497 3473 3554 τὸ
3515 3493 3577 3552 ἐκ
3604 3499 3700 3561 τῆς
3729 3494 3865 3551 ὑπο-

2214 3585 2448 3649 στάσεως
2526 3585 2682 3663 φάναι
2774 3586 2942 3665 χωρὶς
3048 3584 3348 3664 ἀντιλογίας
3419 3586 3784 3665 παρίστησιν,
3833 3603 3860 3640 ε

2215 3672 2392 3750 ’Ἄλλη
2466 3661 2599 3742 αὕτη
2661 3661 3002 3754 ϐλασξρημίας
3058 3661 3345 3756 ὑπερϐολὴ.
3415 3661 3472 3732 Ὀ
3525 3661 3629 3754 γὰρ
3685 3673 3863 3735 καινδς

2213 3765 2490 3842 θεολόγος,
2577 3764 2611 3832 ἢ
2678 3763 3037 3844 ματαιολόγος
3108 3768 3170 3822 τὸ
3255 3764 3600 3844 κυριώτερον,
3669 3764 3741 3826 εἰς
3804 3763 3866 3817 τὸ

2213 3851 2566 3911 ἐνσπόστατον
2661 3856 2750 3911 καὶ
2820 3853 3184 3912 ἀνυπόστατον
3263 3855 3364 3922 την
3446 3860 3538 3910 τοῦ
3600 3851 3720 3908 Υἱοῦ
3777 3851 3866 3907 καὶ

2213 3945 2419 4020 Πατρὸς
2477 3942 2654 3998 οὑσίαν
2728 3939 2942 4024 διαιρῶν
2997 3944 3252 4024 πρότερον
3337 3942 3391 3999 ὲν
3434 3949 3512 4018 τῷ
3554 3944 3862 4017 νομοθετεῖν

2213 4030 2265 4096 ἐξ
2330 4030 2683 4088 ἐνυποστάτου
2741 4031 2839 4106 μὲν
2903 4032 2997 4100 τῆς
3050 4039 3140 4089 τοὺ
3188 4033 3387 4111 Πατρὸς
3432 4032 3572 4088 εἶναι
3601 4029 3778 4092 οὑσίας
3803 4029 3862 4084 τὸ

2211 4125 2446 4194 Πνεῦμα,
2493 4121 2566 4184 ὡς
2611 4121 2892 4195 ὁμοούσιον
2949 4119 3000 4185 ἐξ
3071 4114 3227 4178 αὑτοῦ
3283 4119 3519 4177 αἰτιατόν
3549 4138 3564 4154 ³
3627 4117 3679 4184 ἐξ
3733 4117 3862 4173 ἀνδ-

2212 4216 2476 4265 ποστὰτου
2520 4205 2565 4263 δί
2617 4230 2678 4286 γε
2732 4214 2830 4276 τῆς
2902 4216 2993 4266 τοῦ
3051 4208 3191 4289 Υἷοῦ,
3252 4211 3324 4273 ὡς
3382 4208 3506 4287 οὑχὶ
3563 4203 3633 4263 δι’
3706 4204 3861 4263 αὑτοῦ

2211 4299 2468 4376 αἱτιατὸν,
2514 4296 2632 4352 ἀλλ’
2665 4299 2735 4364 ὡς
2779 4298 2963 4362 ἀπλῶς
3015 4299 3316 4378 ὁμοοόσιον,
3370 4296 3548 4376 ὥσπερ
3580 4294 3642 4351 ἂν
3685 4293 3738 4350 εἴ
3779 4315 3858 4359 τις

447 4377 618 4445 ’ἁυιη
651 4392 950 4464 paternam
1010 4375 1687 4445 consubstantialitatem
1722 4386 2120 4466 conjunserit,

2223 4385 2294 4442 Ξὺο
2349 4389 2465 4443 τινα
2522 4383 2640 4443 κατ’
2719 4383 3007 4465 ἀδελφικὴν
3093 4388 3371 4461 συνάψειεν
3445 4385 3856 4462 ὁμοούσιότητα,

476 4474 850 4553 postmodum
875 4473 1051 4533 etiam
1074 4475 1147 4533 ab
1177 4471 1490 4552 ipsoPalre
1514 4475 1830 4536 essentiam
1859 4476 2129 4558 ltyposta-

2223 4473 2397 4554 εφεξῆς
2455 4476 2542 4531 καὶ
2601 4473 2697 4532 ἀπ’
2767 4475 2925 4532 αὑτοῦ
2965 4473 3049 4532 διὰ
3103 4499 3197 4534 του
3263 4477 3467 4555 Πατρὸς
3527 4477 3626 4540 τὴν
3683 4474 3858 4530 σὺσίαν

473 4583 609 4628 seos
639 4566 908 4627 dividere
938 4583 1055 4625 non
1087 4574 1329 4626 veretur
1360 4582 1373 4626 :
1417 4589 1438 4619 ει
1468 4563 1988 4647 Quandoquidem,
2023 4569 2128 4643 ait,

475 4671 544 4716 ex
574 4657 763 4718 Patris
795 4653 1057 4716 essentia
1112 4651 1330 4714 Filium
1393 4672 1529 4714 esse
1557 4654 1790 4726 dicens,
1828 4655 2132 4736 duplicem

473 4743 627 4804 hanc
658 4741 1014 4806 sententiam
1036 4741 1300 4802 dictione
1323 4741 1499 4802 simili
1525 4744 1907 4822 exprimit,ex
1933 4764 2134 4808 essen.

471 4831 556 4895 tia
590 4850 807 4913 nempe
831 4831 989 4913 quod
1018 4830 1290 4910 ejusdem
1320 4828 1668 4892 substantias
1692 4839 1802 4908 est,
1836 4854 1905 4895 ex
1931 4837 2123 4913 Patre,

471 4921 604 4983 Filli
631 4919 992 5004 hyp0stasim
1035 4917 1266 4980 causari
1301 4918 1475 4980 novit.
1518 4944 1545 4976 ››
1580 4920 1707 4997 Ego
1740 4939 1878 4984 vero
1909 4941 1979 4984 cx
2000 4924 2126 5003 jam

471 5007 648 5073 dictis
677 5029 811 5074 cum
853 5007 1222 5071 ostenderim
1280 5024 1350 5068 ex
1400 5010 1578 5072 Patre
1625 5008 1836 5072 Filium
1871 5014 2125 5095 causari,

471 5100 628 5182 quod
653 5116 726 5164 ex
745 5102 1004 5164 essentia
1025 5095 1213 5159 Patris
1239 5104 1354 5177 est,
1375 5095 1426 5158 si
1457 5116 1570 5177 per
1601 5099 1846 5161 easdem
1873 5101 2131 5183 scriptu-

470 5204 569 5250 ras
583 5189 1068 5252 demonstravero
1083 5205 1218 5249 eum
1234 5185 1798 5250 consubstantialem
1811 5191 2134 5274 essePatri,

471 5280 628 5358 quod
650 5297 720 5342 ex
739 5277 1235 5360 hypostasiPatris
1251 5284 1622 5357 est,utroque
1643 5278 1817 5339 modo
1831 5297 2132 5342 commen-

469 5365 659 5429 titiatn
683 5367 872 5449 ipsius
903 5364 1254 5429 divisionem
1286 5365 1580 5427 refellam.
1610 5369 1859 5446 Magnus
1880 5368 2039 5431 enim
2065 5369 2128 5432 iu

467 5452 652 5516 rebus
677 5456 893 5518 divinis
920 5453 1196 5531 Basilius,
1237 5452 1398 5516 «Non
1423 5456 1808 5538 fratres,»ait,
1836 5457 2130 5522 «dicimus

468 5542 707 5605 Patrem
737 5554 796 5607 et
845 5544 1087 5624 Filium,
1139 5543 1243 5605 sed
1278 5546 1509 5606 Patrem
1543 5552 1600 5607 et
1625 5543 1839 5607 Filium
1874 5549 2126 5611 conﬁte-

469 5646 820 5709 mur,unum
839 5651 978 5697 vero
997 5631 1281 5711 idemque
1311 5631 1609 5708 essentia,
1640 5637 2126 5718 quandoquidem

2209 4569 2308 4631 τῆς
2363 4564 2702 4627 ὑποστάσεως
2796 4565 3144 4646 ἀναισχυντεῖ
3215 4564 3458 4644 διαιρεῖν.
3529 4587 3559 4620 ιι
3605 4561 3778 4637 Ἐπεὶ,
3827 4585 3854 4618 ι

2214 4654 2394 4732 φησὶν,
2463 4672 2493 4712 ‹
2524 4655 2551 4708 ὁ
2582 4653 2672 4708 τόν
2706 4655 2823 4709 ria»
2856 4654 2915 4710 ἐκ
2943 4660 3040 4722 τῆς
3083 4654 3174 4710 τοῦ
3232 4657 3436 4733 Πατρὸς
3494 4653 3637 4712 εἶναι
3690 4651 3858 4731 λέγων

2216 4743 2390 4805 οὑσίας
2465 4739 2658 4809 διπλῆν
2750 4744 2946 4811 ταύτην
3031 4743 3550 4825 συναναφαινομὲνην
3621 4741 3739 4820 ἕχει
3793 4745 3864 4818 τῇ

2209 4830 2344 4897 λέξει
2400 4831 2497 4898 τὴν
2557 4829 2780 4906 ἔννοιαν,
2839 4833 2976 4890 κατὰ
3037 4833 3136 4909 μὲν
3191 4835 3254 4890 τὸ
3311 4832 3372 4890 ἐκ
3423 4833 3521 4902 τῆς
3569 4831 3746 4896 οὑσίας
3797 4829 3860 4886 τὸ

2211 4923 2523 4997 ὁμοούσιον,
2577 4921 2716 4979 κατά
2771 4918 2830 4977 δὲ’
2868 4923 2930 4978 τὸ
2989 4921 3049 4978 ἐκ
3098 4931 3191 4980 τοῦ
3248 4923 3451 5002 Πατρὸς
3501 4923 3563 4978 τὸ
3630 4924 3730 4986 τῆς
3770 4925 3860 4976 τοῦ

2213 5012 2332 5066 Υἱοῦ
2373 5009 2713 5074 ὑποστάσεως
2772 5010 3046 5080 σημαίνων
3103 5011 3362 5072 αἰτιατόν.
3401 5035 3426 5068 ο
3487 5009 3634 5088 Ἐγὼ
3684 5005 3731 5064 δ’
3799 5007 3860 5064 ἐκ

2209 5103 2315 5157 τῶν
2364 5096 2467 5167 ἤδη
2510 5098 2772 5178 ῥηθέντων
2826 5095 3292 5182 προαποδεδειχὼς
3335 5100 3571 5158 αίτιατὸν
3623 5100 3688 5156 kx
3743 5101 3860 5175 Παέ

2208 5190 2334 5254 ταὸς
2388 5189 2480 5245 τὸν
2535 5189 2655 5245 Υἱὸν
2698 5188 2838 5245 εἶναι
2882 5186 2968 5244 διὰ
3017 5192 3078 5248 τὸ
3107 5190 3168 5247 ἐκ
3206 5192 3305 5258 τῆς
3361 5189 3539 5253 οὑσίας
3589 5193 3684 5246 τοῦ
3740 5191 3860 5244 lla-

2209 5279 2333 5358 τρὸς
2389 5279 2561 5358 εἶναι,
2600 5278 2648 5334 εί
2699 5275 2784 5334 διὰ
2841 5281 2948 5334 τῶν
3001 5280 3172 5338 αὑτῶν
3215 5275 3470 5345 ἀποδείξω
3516 5281 3734 5358 γραφῶν
3771 5276 3862 5332 καὶ

2211 5359 2488 5443 ὁμοούσιον
2545 5369 2624 5442 τῷ
2693 5368 2856 5448 Πατρὶ
2913 5364 2998 5425 διὰ
3051 5369 3114 5426 τὸ
3157 5369 3218 5428 ἐκ
3272 5374 3370 5437 τῆς
3399 5367 3742 5431 ὑποστάσεως
3767 5363 3860 5422 τοῦ

2210 5458 2414 5528 Πατρὸς
2472 5455 2642 5532 εἶναι,
2715 5457 3085 5541 ἀμφοτέρωθεν
3143 5460 3242 5528 τὴν
3299 5457 3664 5541 ἐφευρημὲνην
3717 5454 3860 5531 αὑτῴ

2209 5543 2484 5624 ἀπελέγξω
2513 5543 2786 5626 διαίρεσιν.
2809 5535 2820 5539 ⁷
2850 5535 2906 5606 ’0
2925 5535 2933 5537 ὴ
2951 5547 3052 5622 μὲν
3097 5549 3198 5629 γὰρ
3243 5535 3513 5615 πολὺς-τὰ
3539 5549 3661 5604 θεῖα
3693 5545 3860 5626 Βασί-

2207 5633 2376 5710 λειος,
2425 5634 2569 5692 «Οὔκ
2608 5633 2869 5715 ἀδελφάρ
2918 5635 3069 5718 φησί,
3105 5655 3138 5698 ς
3161 5637 3388 5719 λέγομεν
3415 5635 3508 5695 τὸν
3538 5633 3749 5716 Πατέρα
3775 5655 3863 5719 και
