4240 6300
500 293 618 356 903

1540 278 1813 355 JOANN.
1855 290 2071 352 VECCI
2100 289 2212 349 ce.
2249 285 2789 350 PATRIABCHAE.

3769 280 3883 342 904

494 427 654 489 idem
686 428 980 503 essentia,
1013 437 1070 490 et
1121 446 1362 508 prorsus
1408 425 1604 487 simile
1625 425 1654 485 ?
1685 423 1986 505 quomodo
2026 439 2144 483 non

2234 419 2464 482 λακεονζ
2514 429 2628 486 πῶς
2684 419 2728 476 δ’
2793 423 2886 477 οὒκ
2935 420 3143 496 ἀπειρία
3205 420 3524 498 προσώπων,
3579 419 3622 472 εἷ
3651 416 3735 472 διὰ
3776 417 3885 471 τῶν

495 514 812 579 innumera
827 535 1216 597 personarum
1240 514 1638 585 multitudo,si
1657 522 1896 594 propter
1910 515 2156 574 easdem

494 605 756 666 rationes
769 609 1042 668 essentia
1054 604 1346 686 quispiam
1363 602 1784 664 fecunditatem
1803 599 2158 664 asseruerit?

496 694 627 757 Tibi
649 714 784 756 vero
807 696 930 756 hac
953 693 1226 755 edicendi
1249 692 1455 754 faciem
1483 689 2148 752 obvertentesdicimus:

500 783 711 846 Nonne
733 782 1008 844 essentia
1056 783 1116 843 in
1167 782 1284 842 illis
1316 781 1514 843 fateris
1546 800 1650 860 per
1676 780 1879 842 omnia
1908 777 2156 842 simile?

505 874 637 936 Non
669 870 938 949 negabis,
973 870 1120 932 scio.
1153 869 1218 932 Si
1246 870 1465 950 itaque,
1503 879 1564 930 ut
1605 879 1666 930 tu
1698 869 2032 942 contendis,
2065 878 2156 931 est

504 960 770 1042 quaedam
798 961 946 1021 ratio
973 979 1103 1041 qua
1135 959 1401 1035 suadeat,
1425 959 1707 1039 consequi
1738 958 2014 1020 essentia
2045 977 2152 1039 per

503 1052 702 1112 omnia
731 1048 927 1110 simile
951 1050 1364 1128 generationes
1398 1065 1784 1128 personarum
1819 1055 1875 1108 et
1907 1066 2148 1128 proces-

499 1141 724 1217 siones,
758 1139 846 1198 vel
870 1155 1020 1216 nega
1050 1136 1408 1216 Scripturas,
1440 1155 1571 1216 qua
1619 1137 1912 1197 aliirmant
1941 1136 2153 1200 Filium

505 1228 670 1290 nasci
703 1247 772 1289 ex
805 1227 1065 1288 essentia
1124 1227 1334 1305 Patris,
1393 1235 1449 1286 et
1481 1225 1766 1305 Spiritum
1801 1227 2151 1310 procedere,

501 1318 590 1379 vel
617 1316 878 1379 concede
901 1335 969 1376 ex
993 1314 1250 1375 essentia
1273 1313 1404 1375 Filii
1423 1315 1601 1374 alium
1618 1315 1890 1392 generari
1911 1315 2151 1393 Filium,

507 1416 566 1470 et
591 1425 662 1469 ex
692 1403 953 1466 essentia
982 1402 1241 1484 Spiritus
1263 1403 1442 1463 alium
1487 1402 1610 1481 Spit
1631 1403 1775 1464 itum
1801 1405 2148 1484 procedere.

507 1495 675 1569 Quod
701 1494 750 1554 si
769 1513 882 1554 non
910 1512 977 1555 ex
1003 1493 1260 1554 essentia
1283 1491 1476 1554 Patris
1516 1491 1645 1553 Filii
1677 1494 2149 1576 generationem,

508 1583 785 1646 similiter
805 1600 872 1644 ex
896 1581 1102 1643 eadem
1136 1581 1420 1644 Paracleti
1453 1582 1897 1661 processionem
1917 1585 1986 1644 ad
2007 1603 2151 1646 cau-

508 1683 722 1751 satum,
748 1671 1052 1750 solamque
1077 1669 1596 1732 consubstantialis
1625 1670 2017 1733 indictionem
2047 1692 2152 1735 ac-

509 1762 679 1841 cipis,
715 1759 863 1820 nihil
892 1759 966 1819 de
999 1760 1110 1820 hoc
1164 1758 1615 1820 relnctabimur.
1649 1760 1948 1841 Concede,
1984 1763 2155 1824 nobis

512 1868 697 1929 gener
719 1848 957 1910 tionem
991 1866 1059 1909 ex
1111 1847 1372 1910 essentia
1415 1847 1570 1922 Filii,
1605 1857 1664 1910 et
1691 1850 1954 1912 concede
1984 1851 2154 1912 nobis

511 1957 580 2001 ex
612 1937 868 2001 essentia
923 1935 1177 2017 Spiritus
1234 1936 1673 2017 processionem
1707 1950 1949 2020 propter
1975 1941 2152 2003 trium

510 2028 571 2089 in
601 2026 855 2090 essentia
887 2045 995 2107 per
1023 2025 1220 2087 omnia
1250 2026 1469 2100 simile,
1504 2037 1563 2089 et
1595 2031 2016 2108 generationes
2046 2032 2154 2094 has

516 2127 573 2180 et
604 2116 1018 2199 processiones
1049 2117 1124 2177 ad
1149 2115 1650 2179 consubstantiale
1690 2139 1796 2181 nos
1827 2121 2001 2181 etiam
2035 2142 2152 2183 non

508 2207 582 2268 ad
613 2215 941 2280 causatum,
971 2203 1073 2266 tibi
1105 2213 1334 2284 gratum
1367 2206 1671 2287 facientes,
1691 2209 2157 2290 accipiemus.At

505 2296 682 2376 plane
713 2313 832 2356 non
862 2292 1245 2356 concedis.Et
1268 2295 1565 2374 quomodo
1592 2296 1856 2375 ejusdem
1882 2300 2155 2362 essentia

508 2393 598 2446 est
626 2403 759 2445 cum
818 2385 993 2444 Patre
1045 2381 1228 2445 Filius
1286 2390 1344 2444 et
1399 2381 1674 2465 Spiritus,
1724 2386 1772 2446 si
1807 2387 1932 2448 hac
1963 2407 2154 2469 neque

509 2491 685 2535 causa
709 2480 908 2532 mutuo
952 2471 1232 2551 suiipsius
1280 2480 1438 2544 sunt,
1475 2490 1670 2553 neque
1699 2475 1812 2536 alia
1843 2495 1909 2536 ex
1942 2479 2156 2557 seipsis

507 2579 639 2643 qua
665 2567 1049 2640 generentur,
1084 2569 1182 2620 aut
1222 2560 1569 2642 procedant,
1605 2564 1959 2642 possident?
1988 2566 2154 2639 Quod

509 2649 668 2710 enim
695 2647 966 2727 ejusdem
1021 2657 1242 2709 natura
1301 2656 1390 2710 est
1429 2658 1486 2710 et
1517 2652 1796 2714 essentia
1825 2672 1932 2733 per
1959 2655 2158 2716 omnia

507 2737 700 2800 simile
725 2735 1067 2798 necessario
1091 2737 1302 2817 poscit,
1327 2747 1382 2799 te
1404 2749 1734 2811 asserente,
1767 2743 1870 2803 has
1899 2761 2154 2821 genera-

444 2826 446 2829 ’
505 2827 702 2887 tiones
731 2835 791 2887 et
825 2825 1262 2905 processiones.
1321 2826 1479 2888 Fieri
1538 2831 1760 2908 nequit.
1797 2839 1854 2891 ut
1889 2830 2010 2892 bac
2043 2833 2153 2894 tria

506 2916 667 2977 inter
687 2933 751 2976 se
772 2915 1040 2994 ejusdem
1089 2923 1312 2977 natura
1361 2916 1500 2992 sint,
1543 2918 1624 2984 ni.
1663 2919 1964 2997 tejtzdice,
1998 2929 2055 2982 et
2085 2941 2154 2982 ex

506 3003 637 3065 Filii
661 3013 720 3066 et
739 3003 994 3084 Spiritus
1021 3004 1278 3066 essentia
1301 3005 1484 3068 Filius
1500 3019 1907 3089 generaretur,
1927 3017 1985 3071 ct
2013 3010 2153 3091 Spi-

2240 515 2411 570 αὖτῶν
2463 510 2637 590 λόγων
2666 510 2762 578 τῆς
2807 509 2982 572 οὕσίας
3041 509 3152 587 ἐρεῖ
3193 529 3272 571 τις
3330 507 3473 564 εἶναι
3530 508 3593 563 τὸ
3637 505 3882 584 γόνιμον,

2241 602 2331 656 Σοὶ
2359 597 2413 655 δὲ
2442 601 2569 677 πρὸς
2614 607 2777 657 ταῦτα
2841 598 3048 677 λέγοντι
3119 600 3179 653 τὸ
3250 600 3534 675 πρόσωπον
3594 595 3883 672 τρέψαντες

2236 687 2462 766 λέγομεν
2496 705 2510 720 ⁸
2558 690 2693 770 Οὒχὶ
2748 690 2810 770 τὸ
2877 689 2974 755 τῆς
3031 688 3205 750 οὐσίας
3261 686 3316 742 ἂν
3360 687 3544 748 αὐτοῖς
3602 681 3884 761 ὁμολογεῖς

2236 777 2640 856 ἀπαράλλακτον
2666 769 2691 859 ς
2759 769 3171 856 Ὀμολογῄσεις,
3232 774 3378 833 οἶδα.
3443 776 3502 832 Ei
3532 772 3682 852 γοῦν,
3714 775 3789 835 ὡς
3821 771 3883 826 σὺ

2236 865 2488 945 διατείνῃ,
2549 868 2659 924 ’ἐστι
2711 889 2788 925 τις
2844 866 2999 946 λόγος
3059 869 3087 922 ὁ
3144 866 3333 922 πείθων
3393 862 3606 920 ἕπεσθαι
3654 863 3734 936 τῷ
3783 859 3884 928 τῆς

2235 957 2409 1032 οὔίίας
2467 955 2861 1035 ἀπαραλλάκτῳ
2939 956 3214 1034 γεννήσεις
3285 953 3583 1024 προσώπων
3637 953 3727 1007 καὶ
3787 949 3885 1006 ἑκ-

2233 1047 2522 1124 πορεόσεις,
2583 1045 2619 1112 ἢ
2679 1043 2898 1122 ἅρνησαι
2948 1045 3043 1108 τας
3089 1043 3149 1100 ἐκ
3201 1042 3301 1110 τῆς
3338 1048 3432 1099 τοῦ
3475 1041 3679 1120 Πατρὸς
3708 1038 3884 1101 οὑσίας

2239 1133 2494 1213 λεγούσας
2565 1135 2773 1214 Γραφᾶς
2871 1134 3200 1212 γεννώμενον
3283 1135 3374 1188 τὸν
3457 1132 3577 1187 Υἱὸν
3651 1129 3741 1185 καὶ
3823 1127 3888 1182 τὸ

2239 1224 2452 1299 Πνεῦμα
2539 1223 2975 1303 ἐκπορευόμενον,
3047 1225 3083 1290 ἢ
3135 1221 3224 1286 δὸς
3293 1223 3380 1277 καὶ
3441 1221 3500 1277 ἐκ
3553 1221 3652 1286 τῆς
3707 1216 3885 1280 οδσίας

2237 1321 2330 1371 τοῦ
2403 1317 2523 1370 Υἱοῦ
2591 1313 2921 1391 γεννώμενον
2967 1311 3128 1368 ἄλλον
3175 1314 3321 1390 Υἶὸν,
3378 1312 3466 1367 καὶ
3524 1308 3583 1364 ἐκ
3638 1317 3735 1379 τῆς
3792 1307 3887 1362 τοῦ

2238 1403 2540 1478 Πνεόματος
2599 1400 2730 1458 ἄλλο
2799 1408 3014 1476 Πνεῦμα
3080 1400 3520 1475 ἐκπορευόμενον.
3571 1399 3628 1454 Εἰ
3682 1394 3738 1452 δὲ
3795 1397 3885 1451 καὶ

2238 1493 2315 1566 μὴ
2345 1493 2442 1560 τὴν
2486 1492 2544 1549 ἐκ
2575 1497 2670 1558 τῆς
2702 1491 2877 1555 οὗσίας
2921 1493 3014 1547 τοῦ
3054 1491 3258 1568 Πατρὸς
3288 1489 3535 1568 γέννησιν
3589 1493 3682 1543 τοῦ
3737 1485 3880 1563 Υἱοῦ,

2235 1581 2485 1644 ὡσαύτως
2541 1579 2595 1636 δὲ
2651 1583 2738 1636 καὶ
2791 1581 2888 1648 τὴν
2932 1580 2993 1637 ἐκ
3038 1585 3137 1647 τῆς
3179 1579 3343 1646 αὖτῆς
3385 1579 3479 1635 τοῦ
3533 1573 3885 1654 Παραγλήτου

2183 1670 2565 1750 δέκπόρευσιν,
2611 1671 2684 1732 εἰς
2726 1669 2823 1737 τήν
2905 1676 2997 1726 τοῦ
3066 1670 3323 1747 αἰτιατοῦ,
3369 1665 3540 1741 μόνην
3594 1663 3641 1719 δ’
3697 1660 3884 1725 ἇπλῶς

2238 1768 2330 1817 του
2383 1759 2662 1836 ὁμοουσίου
2701 1756 2934 1828 δήλωσιν
2991 1753 3323 1835 ἐκλαμϐάνῃ,
3382 1752 3528 1813 οὐδὲν
3585 1753 3672 1809 ἐπὶ
3713 1751 3886 1825 τούτῳ

2221 1850 2710 1929 ζυγομαχήσομεν.
2777 1849 2876 1911 Δὸς
2954 1848 3090 1922 ἡμῖν
3144 1845 3389 1923 γέννησιν
3445 1843 3505 1899 ἐκ
3562 1848 3661 1910 τῆς
3704 1841 3882 1903 οὖσίας

2237 1945 2328 1994 τοῦ
2386 1941 2527 2010 Υἶοῦ,
2588 1938 2677 1993 καὶ
2721 1935 2805 2002 δὸς
2847 1939 2982 2012 ἡμῖν
3039 1935 3098 1992 ὲκ
3149 1939 3250 2002 τῆς
3291 1940 3385 1991 τοῦ
3425 1933 3729 2008 Πνεόματος
3783 1931 3880 1986 οὗ-

2239 2029 2353 2091 σίας
2413 2026 2717 2105 ἐκπόρευσιν
2771 2024 2855 2084 διὰ
2909 2027 2971 2080 τὸ
3049 2021 3168 2080 κατ’
3243 2024 3417 2080 οὖσίαν
3476 2019 3884 2100 ἀπαράλλακτον

2237 2123 2342 2172 τῶν
2399 2122 2582 2196 τριῶν,
2626 2117 2714 2172 καὶ
2755 2117 2851 2180 τὰς
2908 2115 3183 2193 γεννησεις
3239 2114 3429 2176 ταύτας
3482 2113 3567 2168 καὶ
3622 2109 3881 2187 ἐκπορεύ-

2241 2208 2345 2269 σείς
2403 2207 2477 2269 εἷς
2534 2207 2594 2262 τὸ
2651 2205 2956 2280 δμοοόσιον,
2997 2205 3086 2260 καὶ
3116 2205 3277 2276 ἡμεῖς
3307 2201 3403 2258 οὐκ
3442 2203 3513 2264 εἷς
3543 2201 3606 2256 τὸ
3647 2197 3884 2256 αἰτιατόν

2237 2316 2318 2350 σοι
2349 2295 2690 2374 χαριζόμενοι
2734 2293 3099 2370 ἐκληψόμεθα.
3133 2289 3284 2349 Ἀλλ’
3313 2293 3373 2348 οῦ
3398 2288 3573 2353 δίδως.
3619 2290 3720 2346 Καὶ
3762 2292 3878 2349 πῶς

2237 2386 2495 2457 ὁμοοόσια
2552 2387 2671 2448 Υἱὸς
2741 2385 2830 2441 καὶ
2904 2390 3116 2459 Πνεῦμα
3176 2384 3361 2462 Πατρὶ,
3438 2383 3481 2438 εἰ
3535 2389 3701 2438 ταῦτα
3784 2378 3880 2452 μὲν

2237 2473 2355 2530 οὕτε
2408 2471 2746 2549 ἀλληλαίτια,
2793 2470 2899 2530 οὔθ’
2942 2473 3094 2548 ἕτερα
3149 2473 3214 2528 τὰ
3267 2472 3321 2537 ὶξ
3364 2473 3535 2528 αὐτῶν
3576 2469 3880 2548 γεννώμενα

2239 2562 2424 2642 ἔχουσι
2459 2565 2546 2619 καὶ
2576 2562 2967 2643 ἐκπορευόμενα
2998 2582 3014 2643 ;
3047 2565 3119 2620 Τὸ
3161 2560 3226 2630 δὴ
3272 2561 3498 2640 ὸμοφυές
3553 2560 3642 2615 καὶ
3699 2557 3878 2636 ἀπαρ-

2237 2651 2500 2708 άλλακτον
2580 2652 2698 2708 κατ’
2781 2652 2960 2708 οὗσίαν
3059 2651 3356 2729 ἀναγκαίως
3445 2649 3664 2705 ἀπαιτεῖ
3746 2645 3880 2702 κατά

2236 2742 2294 2795 σὲ
2337 2743 2432 2804 τὰς
2487 2742 2761 2819 γεννήσεις
2804 2742 2997 2805 ταύτας
3041 2745 3128 2796 καὶ
3184 2740 3542 2808 ἐκπορεύσεις,
3585 2738 3694 2794 Οὔκ
3733 2734 3878 2792 ἔσται

2236 2828 2382 2894 ὅπως
2440 2833 2649 2910 ὁμοφυῆ
2707 2830 2961 2901 ἀλλήλοις
3004 2830 3150 2887 ’ἐσται
3197 2831 3262 2884 τὰ
3290 2830 3428 2908 τρία,
3465 2830 3507 2883 εἰ
3537 2827 3615 2901 μὴ
3643 2827 3779 2882 κατὰ
3821 2824 3878 2880 σὲ

2237 2920 2296 2976 ἐκ
2353 2922 2453 2987 τῆς
2498 2923 2618 2978 Υἱοῦ
2674 2922 2762 2978 καὶ
2845 2922 3148 2996 Πνεῦματος
3209 2920 3386 2984 οὕσίας
3445 2918 3564 2982 Υἱὸς
3624 2915 3884 2993 γεννηθήο

2239 3030 2385 3065 σεται
2443 3011 2531 3066 καὶ
2614 3016 2827 3086 Πνεῦμα
2883 3010 3346 3089 ἐκπορευθήσεται,
3406 3008 3450 3063 εἰ
3494 3005 3572 3082 μή
3615 3003 3734 3062 κατ’
3790 3004 3880 3060 αἰ-

504 3093 654 3156 ritus
684 3094 1065 3174 processerit,
1113 3093 1165 3156 si
1222 3113 1340 3156 non
1374 3099 1701 3158 secundum
1734 3117 1996 3175 causam,
2046 3100 2153 3162 sed

2235 3100 2370 3165 τίαν,
2418 3097 2556 3155 ἀλλὰ
2611 3097 2694 3155 διὰ
2750 3099 2912 3175 μόνον
2954 3101 3016 3156 τὸ
3061 3100 3192 3178 πρὸς
3234 3099 3327 3154 τὸν
3362 3096 3569 3174 Πατέρα
3600 3094 3880 3170 ὁμοούσιον

503 3181 913 3243 tantummodo
945 3190 1190 3262 propter
1219 3183 1488 3245 eamdem
1513 3185 1860 3247 eorumdem
1891 3205 2024 3247 cum
2053 3191 2154 3248 l’a-

506 3278 596 3333 tre
615 3270 934 3332 essentiam
966 3271 1062 3347 ;id
1083 3278 1194 3342 est.
1228 3271 1278 3334 si
1311 3271 1407 3333 isti
1428 3281 1567 3334 sunt
1607 3282 1836 3336 tuarum
1861 3275 2151 3338 determi-

503 3359 808 3421 nationum
839 3359 1105 3434 eﬂ‘ectus,
1142 3377 1505 3442 prorsusque
1535 3381 1652 3424 non
1681 3362 1783 3426 alii
1810 3373 1969 3425 sunt.
2002 3365 2152 3428 Tan-

505 3447 641 3509 dem
675 3448 952 3510 deorsum
979 3455 1038 3508 te
1068 3448 1438 3530 deprimens,
1472 3450 1572 3529 qui
1605 3460 1804 3514 mente
1833 3454 2029 3516 clarus
2059 3473 2146 3534 es,

505 3545 562 3600 et
581 3535 1034 3614 cogitationibus
1055 3537 1418 3619 sublimis,et
1435 3538 1507 3600 iis
1524 3540 1624 3620 qui
1648 3561 1681 3602 a
1699 3541 1870 3603 nobis
1891 3543 2150 3607 demisse

510 3635 752 3706 propter
771 3625 1080 3703 theologia
1100 3627 1488 3688 addecentem
1504 3631 1888 3693 attentionem
1903 3633 2151 3694 afferen-

507 3723 627 3787 tur,
661 3714 924 3774 animum
958 3714 1262 3794 applicans
1289 3721 1674 3796 presentisce.
1697 3739 1811 3800 quo
1839 3722 1898 3782 in
1930 3723 2148 3784 discri-
2175 3735 2182 3740 '

507 3803 669 3864 mine
699 3803 974 3865 versaris.
1012 3805 1282 3884 Namque
1314 3815 1402 3865 est
1459 3825 1595 3868 vere
1642 3810 1828 3871 Filius
1880 3812 2149 3892 ejusdem

509 3901 884 3952 naturarum
912 3894 1168 3970 Patre,et
1203 3901 1296 3954 est
1318 3912 1452 3956 vere
1476 3896 1743 3975 ejusdem
1773 3909 1996 3962 natura
2017 3921 2150 3963 cum

509 3979 678 4042 Patrc
711 3988 768 4041 et
794 3979 944 4042 Filio
975 3981 1230 4060 Spiritus
1259 3993 1519 4056 sanctus,
1549 3987 1828 4068 nullaque
1858 3989 2012 4069 cogit
2043 4011 2152 4051 ne-

505 4076 751 4130 cessrtas
781 4076 1028 4148 propter
1050 4071 1370 4131 essentiam
1395 4071 1453 4133 in
1477 4075 1752 4137 omnibus
1771 4077 2025 4139 similem
2051 4081 2152 4140 ho-

505 4174 638 4220 rum
673 4157 875 4234 trium,
909 4177 1289 4221 communem
1324 4162 1524 4224 facere
1554 4166 1729 4226 etiam
1763 4170 2017 4229 causalis
2045 4187 2150 4246 pa-

501 4254 690 4309 terna
706 4247 980 4310 essentia
1001 4248 1592 4315 fecunditatemﬂum
1609 4271 1994 4331 personarum
2021 4276 2146 4338 pro-

2236 3189 2457 3248 τούτων.
2533 3190 2590 3246 Ei
2655 3195 2873 3246 τοιαῦτα
2929 3195 3036 3246 τῶν
3106 3189 3214 3245 σῶν
3269 3185 3554 3265 διορισμῶν
3581 3185 3648 3241 τα
3673 3183 3878 3240 ἀποτε-

2234 3277 2498 3358 λέσματα,
2555 3278 2739 3337 πάιτω
2791 3276 2848 3336 δὲ
2903 3281 3144 3360 τοιαῦτα,
3187 3277 3464 3341 ἐπινεύσας
3520 3275 3667 3333 κάτω
3721 3273 3878 3346 ποτὶ,

2234 3372 2262 3425 ὁ
2332 3367 2597 3448 μετέωρος
2653 3369 2716 3425 σὺ
2756 3370 2855 3436 τὴν
2913 3369 3135 3447 γνώμην
3183 3368 3270 3424 καὶ
3323 3368 3386 3424 τὸ
3427 3385 3672 3446 φρονημα
3728 3363 3882 3438 ὕψη·

2231 3457 2348 3538 λος,
2393 3459 2483 3515 καὶ
2524 3469 2644 3522 τοῖς
2687 3461 2812 3537 παρ’
2860 3458 3014 3532 ἡμῶν
3056 3461 3319 3520 ταπεινῶς
3361 3453 3448 3511 διὰ
3499 3455 3598 3522 τὴν
3638 3449 3883 3529 θεολογίᾳ

2232 3548 2604 3625 προσήκουσαν
2660 3547 2941 3628 προσοχην
3010 3545 3310 3627 εἰρημένοις
3353 3541 3744 3623 προσεσχηκώς
3790 3541 3881 3597 αἱ-

2236 3637 2507 3711 σθένθητι,
2567 3636 2689 3693 ὅποι
2775 3636 2907 3716 φέρῃ
2979 3635 3238 3694 κινδύνου.
3295 3634 3454 3692 ’Ἔστι
3508 3634 3608 3711 γὰρ
3664 3631 3879 3697 ἀληθῶς

2234 3729 2476 3806 ὁμοφυὴς
2521 3729 2549 3782 ὁ
2605 3728 2723 3791 Υἱὸς
2779 3733 2856 3801 τῷ
2913 3729 3094 3794 Πατρὶ.
3171 3727 3257 3782 καὶ
3300 3723 3438 3780 ἔστιν
3497 3721 3706 3788 ἀληθῶς
3737 3722 3880 3792 ὁμο-

2234 3814 2356 3895 φυὲς
2401 3816 2562 3894 Πατρὶ
2617 3817 2705 3871 καὶ
2765 3817 2870 3890 Υἱῴ
2913 3818 2975 3872 τὸ
3021 3822 3229 3885 Πνεῦμα
3271 3817 3332 3871 τὸ
3374 3815 3551 3892 ἅγιον,
3608 3812 3696 3867 καὶ
3724 3806 3880 3867 οὐδε-

2237 3905 2331 3978 μία
2358 3906 2392 3972 ἡ
2439 3904 2646 3982 ἀνάγκη
2690 3901 2781 3960 διὰ
2829 3907 2890 3961 τὸ
2941 3927 3040 3962 κατ
3078 3907 3257 3962 οὐσίαν
3309 3901 3716 3983 ἀπαράλλακτον
3745 3905 3878 3955 ’τῶν

2235 3997 2390 4070 τριῶν
2433 3995 2611 4049 κοινὸν
2664 3991 2840 4050 δοῦναι
2896 3996 2983 4050 καὶ
3037 4008 3155 4058 τοῖς
3213 3995 3473 4057 αἱτιατοϊς
3532 3992 3630 4060 τῆς
3685 4011 3881 4068 πατρι-

2235 4083 2336 4150 κῆς
2393 4083 2569 4148 οῦσίας
2618 4085 2679 4140 τὸ
2737 4084 2975 4162 γόνιμον.
3011 4083 3241 4142 Ἐπεὶαῖ
3281 4087 3387 4138 τῶν
3418 4082 3718 4163 προσώπων
3745 4078 3880 4135 ἰδιό-

2231 4193 2390 4240 τητες
2447 4174 2534 4228 καὶ
2592 4172 2713 4230 κατ’
2761 4173 2939 4229 οὗσίαν
3021 4173 3228 4247 ἑκάστῳ
3265 4173 3464 4229 ἐνετναι
3519 4171 3877 4242 πιστεύονται,

2235 4262 2388 4338 εἴπερ
2445 4260 2580 4337 μηδὲ
2625 4261 2959 4338 συμϐεϐηκὸς
3001 4261 3141 4343 ἐκεῖ,
3214 4263 3300 4318 καὶ
3354 4260 3719 4340 ἐπιγινόμενον
3743 4258 3880 4324 ἔξω·

503 4336 785 4416 prietates
817 4351 873 4399 et
921 4339 1251 4400 secundum
1302 4342 1618 4403 essentiam
1674 4344 1924 4423 singulis
1953 4336 2153 4409 inesse

2234 4355 2341 4428 θεν,
2387 4353 2475 4408 καὶ
2530 4354 2590 4409 τὸ
2634 4354 2732 4420 τῆς
2804 4354 2978 4417 οὐσίας
3035 4351 3440 4433 ἀπαράλλακτον
3495 4354 3556 4410 οὗ
3597 4350 3880 4427 λυμαίνον-

505 4425 908 4499 creduntur,si
935 4427 1160 4488 nullum
1184 4428 1243 4488 in
1271 4429 1390 4489 illis
1410 4431 1916 4514 accidens,neque
1936 4434 2159 4495 deforis
2242 4425 2347 4502 ται.

504 4513 846 4587 adveniens,
881 4524 939 4576 et
965 4517 1237 4579 essentia
1261 4537 1365 4598 per
1393 4522 1591 4582 omnia
1620 4513 1964 4585 simile’don
2013 4525 2389 4602 déperdttur.

581 4605 640 4666 ’7-
669 4603 938 4668 Rursus:
969 4627 992 4661 «
1048 4604 1109 4668 Si
1141 4607 1302 4668 aliud
1337 4617 1447 4682 est,
1487 4635 1512 4664 ιο
1542 4611 1758 4693 inquit,
1797 4637 1824 4666 σ
1859 4633 2151 4692 generans

502 4694 584 4755 uti
616 4711 933 4771 generans,
996 4704 1054 4757 et
1081 4695 1238 4757 aliud
1291 4707 1636 4776 generatum
1666 4710 1729 4761 ut
1775 4713 2146 4778 generatum,

503 4781 767 4861 itemque
800 4783 1137 4861 producens
1168 4794 1229 4846 ut
1258 4787 1622 4866 producens,
1653 4798 1712 4851 et
1737 4789 2070 4871 procedens
2091 4802 2152 4855 ut

505 4871 1194 4960 procedens,eecuntlutn
1211 4895 1234 4934 ι
1247 4892 1348 4936 ero
1367 4877 1686 4940 essentiam
1700 4881 2151 4960 supersubstan-

509 4958 664 5050 tialis
693 4959 975 5042 Trinitas,
1033 4982 1150 5044 qua
1177 4973 1236 5026 et
1276 4965 1474 5029 unitas
1521 4977 1634 5050 est,
1666 4981 1722 5033 et
1757 4958 1875 5032 non
1904 4971 2063 5033 aliud
2096 4981 2156 5035 et

504 5048 692 5122 aliud,
715 5051 1010 5131 quomodo
1068 5055 1399 5117 secundum
1464 5075 1594 5119 eam
1621 5048 1800 5120 l‘uerit
1830 5058 2022 5138 Pater,
2054 5071 2156 5124 ant

505 5140 849 5220 productor,
881 5148 979 5202 aut
1011 5140 1196 5204 Filius
1217 5151 1276 5205 et
1306 5143 1582 5226 Spiritus,
1603 5158 1896 5212 antcausa
1918 5158 1976 5214 et
2006 5169 2152 5214 cau-

503 5238 786 5297 satum.et
814 5249 930 5291 non
956 5232 1152 5294 statim
1177 5235 1504 5296 secundum
1526 5247 1846 5300 essentiam
1867 5249 1919 5300 et
1935 5241 2152 5302 distin-

505 5315 735 5379 ctiones
789 5327 846 5380 et
903 5319 1280 5386 diversitates
1335 5325 1782 5390 exorientur?»
1836 5327 2003 5402 Quod
2035 5350 2154 5394 non

504 5403 631 5465 hac
663 5407 772 5468 tria
796 5407 854 5468 in
888 5429 1090 5482 unam.
1127 5431 1234 5492 ego
1265 5413 1420 5491 diro,
1459 5434 1769 5496 personam
1802 5421 2155 5483 contrahan-

505 5499 602 5553 tur
624 5504 868 5575 propter
889 5499 1174 5590 unitatem
1199 5505 1502 5568 essentia.
1530 5507 1648 5566 Aut
1677 5511 1837 5569 enim
1861 5509 2020 5571 inter
2046 5530 2154 5590 ge-

507 5591 814 5648 nerantem
847 5595 906 5648 et
931 5589 1220 5668 genitum,
1273 5600 1333 5652 et
1380 5595 1810 5674 producentem
1843 5607 1903 5661 et
1925 5589 2152 5680 produ—

2312 4611 2383 4691 ζ’.
2417 4619 2604 4701 Πάλιν,
2660 4641 2684 4678 ο
2721 4623 2778 4679 Ei
2808 4621 2982 4700 ἔτερόν
3013 4624 3142 4695 ἐστι,
3165 4647 3192 4680 ι
3241 4625 3390 4705 φησὶ,
3433 4647 3460 4679 α
3493 4625 3554 4680 τὸ
3582 4626 3781 4702 γεννῶν
3805 4621 3878 4684 ὡς

2232 4714 2453 4790 γεννῶν,
2497 4712 2584 4768 καὶ
2626 4710 2802 4790 ἕτερον
2843 4713 2905 4768 τό
2951 4715 3279 4792 γεννώμενον
3308 4713 3378 4780 ώς
3408 4714 3756 4793 γεννώμενον,
3791 4711 3882 4766 καὶ

2233 4798 2360 4856 αὗτὸ
2442 4799 2725 4878 ἐκπορεῦον
2755 4802 2827 4866 ὡς
2858 4799 3162 4883 ἑκπορεῦον,
3233 4804 3322 4860 καὶ
3362 4805 3422 4860 τὸ
3465 4801 3878 4880 ἐκπορευόμενον

2233 4889 2307 4952 ὡς
2363 4886 2799 4969 ἐκπορευόμενον,
2851 4893 2986 4948 κατὰ
3028 4890 3084 4948 δὲ
3138 4892 3238 4960 τὴν
3266 4895 3443 4952 οὐσίαν
3486 4894 3521 4960 ἡ
3575 4889 3877 4969 ὑπεροόσιος

2234 4977 2392 5056 Τριάς
2446 4979 2482 5046 ἡ
2541 4977 2652 5036 ἔστι
2706 4980 2794 5036 καὶ
2838 4980 3027 5061 μονὰς,
3057 4981 3145 5038 καὶ
3175 4983 3279 5062 οὑχ
3331 4979 3507 5060 ἕτερον
3557 4979 3646 5037 καὶ
3675 4977 3872 5058 ἕτερον·

2232 5072 2348 5132 πῶς
2391 5065 2454 5123 ἂν
2482 5065 2576 5136 εἴη
2609 5069 2744 5126 κατά
2783 5071 2981 5138 ταύτην
3023 5071 3228 5151 Πατὴρ,
3262 5071 3300 5140 ἢ
3343 5067 3655 5151 προϐολεὺς,
3687 5069 3724 5136 ἢ
3757 5069 3876 5132 Υἱὸς

2231 5158 2322 5212 καὶ
2377 5159 2612 5233 Πνεῦμα,
2667 5159 2704 5227 ἢ
2767 5158 2940 5217 αἴτιον
2997 5162 3083 5218 καὶ
3167 5163 3424 5234 αὶτιατὸν,
3481 5159 3568 5218 καὶ
3651 5159 3748 5216 οῦκ
3815 5157 3877 5215 ἂν

2235 5245 2417 5301 αὒείκα
2470 5248 2560 5303 καὶ
2642 5249 2777 5306 κατὰ
2830 5250 2926 5318 τὴν
2995 5250 3172 5307 οὐσίαν
3231 5248 3513 5328 διακρῖσεις
3568 5249 3659 5305 καὶ
3704 5246 3883 5322 ἕτερόο

2235 5355 2394 5402 τητες
2423 5335 2846 5416 ἀναφανήσονται
2879 5357 2901 5416 ;
2931 5359 2961 5400 ι
2999 5342 3097 5397 Διά
3123 5342 3186 5397 τὸ
3231 5341 3310 5416 μὴ
3337 5341 3426 5397 καὶ
3452 5340 3519 5399 τὰ
3545 5341 3663 5419 τρία
3695 5339 3767 5401 εἷς
3796 5337 3876 5412 ἒν,

2239 5422 2347 5502 ἐγώ
2388 5448 2550 5505 φημι,
2637 5425 3031 5510 συναλείφεσθαι
3100 5431 3382 5510 πρόσωπον
3451 5430 3594 5508 παρὰ
3661 5431 3724 5486 τὸ
3778 5428 3876 5505 τῆς

2239 5513 2413 5578 οὒσίας
2471 5515 2694 5576 ἐνιατον.
2753 5517 2830 5574 "H
2886 5519 2986 5598 γὰρ
3035 5519 3135 5588 τὴν
3210 5528 3303 5578 τοῦ
3384 5525 3674 5600 γενιῶντος
3744 5519 3878 5598 πρὸς

2239 5604 2301 5660 τὸ
2341 5605 2696 5683 γεννώμενον,
2777 5608 2866 5665 καὶ
2918 5610 3012 5666 τοῦ
3064 5609 3435 5692 ἔκπορεόοντος
3490 5611 3624 5694 πρὸς
3677 5610 3737 5666 τὸ
3790 5612 3882 5667 ἱκ-
