4178 6288
469 227 585 298 915
1532 260 1545 273 ί
1579 239 1792 302 JOAN.
1841 240 2061 302 VECCI
2106 238 2138 298 C

2271 242 2785 308 PATRIARCHAE
3742 241 3793 304 9
3808 243 3830 303 l
3848 239 3896 303 6

479 386 612 430 esse
655 366 854 449 illum,
891 367 1098 459 tollis?
1127 367 1348 459 Quodsi
1380 376 1438 433 et
1468 370 1528 431 in
1564 370 1685 433 illis
1738 370 1914 432 etiam
1948 371 2132 432 velle-

2220 373 2340 429 Υἷοῦ
2382 371 2627 442 δηλονότι
2659 377 2801 434 εἶναι
2844 380 2993 457 αὐτὸ,
3026 378 3222 459 ἀφαιρῇ
3255 398 3273 454 ;
3305 380 3364 436 Ei
3404 375 3460 434 δὲ
3503 378 3590 435 καὶ
3629 379 3684 432 ἓν
3716 372 3891 430 ὲκεί-

479 477 611 518 mus
657 464 718 520 te
769 457 1051 520 refellere
1109 458 1332 538 quibus
1388 460 1687 526 decernis.
1753 488 1777 522 ‹
1821 460 2138 540 l’r0prinm

2226 481 2335 525 νοις
2366 460 2706 521 ἐπιλαϐέσθαι
2749 488 2842 522 σου
2870 453 3167 542 θελῆοομεν
3192 453 3358 531 ένοῖς
3390 465 3586 544 λέγεις,
3629 494 3650 521 ι
3685 453 3895 521 εἸδιον

481 564 613 610 esse
649 546 843 610 Patris
901 546 1188 625 Spiritum
1251 556 1525 627 tanquam
1579 546 1679 628 qui
1713 566 1781 610 ex
1815 566 1885 610 eo
1936 557 2045 621 est,
2082 557 2138 610 et

2221 549 2318 623 μὲν
2373 558 2466 608 τοῦ
2523 555 2726 632 Πατρὸς
2792 555 2934 611 εἶναι
3004 557 3066 611 τὸ
3125 562 3357 630 Πνεῦμα,
3416 557 3487 617 ὡς
3546 555 3745 609 ἐκεὋεν
3782 549 3895 605 καὶ

482 634 1011 698 consubstantialis
1036 653 1052 709 ;
1077 634 1369 697 Filiivero
1408 635 1565 717 quod
1607 655 1676 698 ex
1709 656 1779 698 eo
1810 637 1972 697 nullo
2007 655 2137 697 mo-

2225 639 2529 720 ὃμοούσιον,
2580 651 2673 701 τοῦ
2742 644 2860 699 Υἱοῠ
2901 641 2976 712 δὲ,
3011 643 3089 700 ὅτι
3122 645 3322 701 ἑκεῒθεν
3356 644 3452 718 μὲν
3482 640 3745 717 οὖδαμῶς,
3785 638 3890 695 ὅτι

481 724 579 796 do,
644 724 748 812 sed
784 723 1573 812 quodiconsubslantialis,
1631 748 1657 779 ιδ
1722 728 1819 805 qui
1883 724 1954 786 ad
2011 725 2137 787 haec

2223 723 2277 782 δὲ
2326 729 2628 809 ὺμοούσιον,
2664 754 2691 785 κ
2753 731 2803 787 τί
2854 733 2942 789 καὶ
3011 734 3141 812 πρὸς
3190 735 3353 789 ταῦτα
3408 732 3547 810 ἐρετς
3580 752 3597 807 ;
3631 736 3747 794 Πῶς
3816 728 3891 784 οὗ

479 810 921 900 respondebis?
973 811 1288 884 Quomodo
1361 832 1477 874 non
1521 814 1775 876 horres?
1826 813 2135 886 Quomodo

2219 816 2445 893 φρίττεις
2481 833 2497 890 ;
2550 824 2672 882 Πῶς
2716 821 2808 876 οὑκ
2848 820 3002 897 ἑννοῇ
3054 810 3199 884 δίκας
3230 819 3426 900 ὑφέξων
3472 827 3587 894 Θεῷ
3630 819 3710 898 ἐφ’
3772 818 3886 880 οἷς

480 920 598 963 non
650 898 1018 975 consideras,
1084 917 1287 979 poenas
1341 909 1401 963 te
1453 901 1574 963 Deo
1629 903 1931 976 daturum,
1991 901 2132 962 dum

2219 907 2508 983 μερισμοὺς
2579 909 2666 964 καὶ
2721 905 3021 988 διορισμοὺς
3100 898 3311 967 οἴκοθεν
3377 910 3531 965 αὐτὸς
3588 906 3673 963 ἐπὶ
3737 918 3885 967 τοτς

480 988 804 1051 divisiones
852 996 910 1048 et
939 988 1475 1051 determinationes
1521 1008 1590 1050 ex
1644 990 1901 1070 propriis
1930 990 1988 1050 in
2022 993 2132 1052 Pa-

481 1086 638 1140 trum
670 1076 1046 1157 dogmatibus
1074 1077 1193 1139 illis
1222 1078 1494 1160 apprime
1525 1078 1851 1140 contrarias
1879 1078 2132 1141 commi—

474 1167 751 1242 uisceris,

561 1259 658 1321 Η.
685 1260 815 1335 Age
846 1275 1013 1331 aero,
1046 1255 1305 1331 auditor,
1337 1255 1413 1318 ad
1449 1255 1882 1339 expositionem
1931 1275 2131 1339 prava-

474 1366 607 1411 rum
638 1346 1204 1426 interpretationum
1230 1345 1608 1421 accedamus,
1635 1364 1783 1427 quas
1812 1346 2131 1410 admirabi-

480 1437 554 1499 lis
575 1436 686 1499 iste
702 1436 1088 1517 philosophus
1108 1435 1179 1496 ad
1198 1433 1435 1512 dictaN)
1454 1436 1644 1496 ssseni
1658 1435 2048 1497 adAblabium
2065 1456 2132 1500 ex

481 1527 733 1590 cerebro
755 1525 981 1603 profert
1010 1526 1279 1605 Namque
1298 1524 1393 1586 hic
1418 1525 1715 1605 praevertit
1735 1526 2136 1600 voritatem,et

482 1624 694 1698 putans
720 1630 831 1675 nos
888 1630 1097 1676 omnes
1145 1613 1312 1693 quasi
1363 1631 1571 1674 somno
1603 1631 1948 1694 oppressos,
2002 1632 2130 1676 rem

482 1678 602 1767 non
637 1722 809 1785 posse
839 1721 1081 1783 capere,
1114 1678 1338 1782 profert
1369 1720 1500 1783 qua;
1559 1678 1781 1782 prdfert
1810 1720 1823 1765 :
1885 1678 1948 1764 tu
1992 1722 2130 1765 vero
2153 1678 2192 1727 Β

482 1802 724 1866 attente,
789 1811 989 1853 annon
1045 1791 1199 1852 male.
1280 1790 1387 1854 ille
1446 1801 1711 1872 peragat,
1768 1790 2127 1855 considera:

486 1905 510 1940 ι
547 1886 682 1947 Non
739 1891 831 1944 est
889 1880 1285 1963 pr0positum,
1327 1903 1348 1936 ι
1396 1880 1497 1955 ait,
1536 1905 1562 1936 σ
1600 1881 1865 1960 Nysseno
1898 1883 2132 1941 Patrem

481 1971 866 2054 processione
919 1969 1177 2051 Spiritus
1234 1969 1532 2050 spoliare;
1581 1970 1861 2049 spoliaret
1892 1989 2051 2043 vero,
2083 1969 2135 2031 si

485 2081 613 2125 eam
644 2059 706 2122 in
742 2059 958 2122 Filium
995 2059 1359 2133 immutaret,
1387 2057 1859 2120 immutationem
1893 2078 2129 2138 vorans,

483 2151 534 2213 si
552 2148 885 2230 illud,quod
916 2167 1022 2229 per
1042 2147 1383 2225 contiguum
1410 2157 1500 2209 est
1519 2147 1663 2209 nihil
1682 2148 1922 2210 differre
1946 2149 2019 2210 ab
2039 2170 2133 2232 eo,

482 2242 639 2324 quod
673 2258 743 2301 ex
775 2239 1053 2318 contiguo
1081 2246 1193 2306 est.
1265 2236 1723 2313 intelligeretur.
1754 2262 1777 2294 υ
1812 2243 1933 2318 Ego
1962 2258 2135 2318 porro

484 2331 709 2393 nullam
735 2347 874 2390 reor
901 2345 1034 2388 esse
1064 2325 1383 2398 rationem,
1404 2344 1535 2406 quae
1565 2335 1735 2405 cogat
1764 2327 1986 2390 inferre
2016 2330 2133 2391 Pa-

487 2419 594 2481 tris
607 2427 664 2480 et
686 2417 820 2480 Filii
842 2417 902 2478 in
925 2414 1183 2496 Spiritus
1208 2432 1523 2495 progressu
1547 2415 1923 2488 divisionem,
1944 2416 2135 2479 donec

484 2508 634 2570 mihi
658 2506 980 2586 Scriptum
1010 2503 1394 2586 persuadent,
1419 2504 1703 2585 quidquid
1726 2524 1792 2566 ex
1829 2507 1999 2568 Patre
2032 2525 2136 2587 per

481 2594 696 2658 Filium
722 2593 961 2666 dicitur,
996 2590 1078 2653 uli
1119 2610 1186 2653 ex
1230 2610 1349 2651 uno
1371 2589 1493 2652 Deo
1535 2609 1668 2653 esse
1696 2601 1752 2653 et
1777 2591 1920 2653 dici.
1959 2616 1983 2649 ε
2018 2594 2133 2656 Sed

480 2703 549 2747 ex
574 2682 786 2754 Filio,»
821 2681 926 2756 ait,
964 2680 1255 2761 «Spiritus
1278 2680 1629 2761 procedens,
1668 2697 1736 2743 ex
1772 2680 1938 2742 Patre
1971 2701 2130 2744 nun-

484 2791 660 2854 quam
693 2770 1078 2853 processerit,
1109 2770 1214 2832 sed
1251 2770 1445 2846 potius
1467 2771 1934 2847 generaretur.si
1960 2781 2018 2832 et
2040 2770 2133 2833 Fi-

481 2861 622 2943 lius,
659 2880 728 2924 ex
785 2880 902 2942 quo
952 2858 1233 2940 Spiritus.
1292 2854 1596 2922 ex'Patre
1619 2869 1959 2938 generatur.
1999 2885 2027 2918 ο
2058 2860 2134 2925 Et

486 2949 750 3013 nondum
783 2948 1077 3029 intelligo,
1112 2946 1250 3030 quid
1282 2946 1353 3009 ad
1402 2948 1713 3009 veritatem
1749 2947 1860 3009 ista
1889 2948 2129 3011 faciant.

481 3039 631 3114 Quid
666 3039 825 3103 enim
860 3027 1263 3118 impedit'nos
1294 3047 1503 3099 contra
1533 3038 1862 3099 referentes
1889 3038 2091 3101 dicere
2116 3057 2131 3103 :
2153 3027 2195 3079 ο

485 3133 550 3191 Et
578 3128 629 3191 si
666 3146 772 3210 per
805 3127 1017 3192 Filium
1051 3126 1343 3208 procedit,
1366 3146 1482 3188 non
1518 3146 1589 3188 ex
1622 3126 1793 3189 Patre
1827 3147 2134 3208 processe-

485 3219 590 3293 rit,
622 3218 727 3281 sed
764 3218 958 3300 potius
1006 3224 1396 3295 generaretur
1416 3223 1444 3279 ?
1469 3226 1528 3276 ut
1549 3217 1635 3278 sic
1667 3226 1825 3277 tuam
1856 3216 2136 3280 adversus

483 3311 720 3370 Patrem
778 3315 1152 3369 asserentem
1213 3329 1240 3361 α
1276 3324 1382 3386 per
1433 3304 1575 3366 illud
1605 3306 1759 3385 quod
1792 3304 2134 3383 contiguum

484 3405 598 3475 est,
635 3421 662 3451 ι»
697 3395 1129 3476 impudentiam
1160 3406 1704 3475 repraisentemus;
1737 3402 1834 3454 aut
1870 3395 2058 3455 Patris
2080 3404 2140 3458 et

484 3485 623 3549 Filii
646 3484 996 3546 divisionem
1017 3483 1118 3545 illa
1145 3483 1410 3544 dictione
1441 3506 1462 3538 ο
1486 3501 1593 3563 ρει·
1622 3482 1766 3543 illud
1800 3484 1952 3563 quod
1988 3503 2136 3545 con-

487 3575 712 3654 tiguum
747 3581 898 3646 est,»
920 3571 1217 3635 concedes
1247 3581 1303 3634 et
1323 3590 1501 3633 noras
1523 3573 1700 3633 hasce
1722 3572 2167 3650 generationes.

488 3663 838 3746 prodigiose
861 3664 1157 3733 continge.
1191 3670 1292 3723 aut
1321 3665 1369 3723 si
1399 3662 1680 3723 unionem
1706 3661 2012 3742 utriusque
2041 3663 2138 3723 di—

485 3752 607 3815 ctio
636 3769 748 3833 per
777 3750 1016 3814 Filium
1039 3750 1238 3830 infert,
1266 3751 1413 3812 nihil
1435 3750 1632 3812 minus
1662 3770 1833 3830 quam
1866 3771 1935 3812 ex
1969 3757 2138 3813 utro-

486 3860 604 3924 que
637 3842 751 3902 hoc
810 3838 1100 3921 quidquid
1153 3849 1243 3901 est
1290 3841 1595 3901 afﬁrmans
1653 3857 1787 3900 esse
1817 3847 2043 3902 temere
2072 3860 2141 3903 ac

486 3928 830 4010 prodigiose
878 3946 979 3988 eas
1032 3936 1092 3989 tu
1152 3927 1434 3992 blateras.
1482 3927 1595 3989 Per
1621 3927 1833 3989 Filium
1867 3947 1937 3989 ex
1969 3930 2141 3991 Patre

487 4024 788 4078 causatum
854 4014 1140 4094 Spiritum
1201 4024 1480 4078 sanctum
1541 4015 1835 4095 decernit,
1863 4025 1922 4077 et
1979 4035 2144 4079 not-aa

489 4104 805 4185 theologia;
836 4105 1058 4166 etfusus
1107 4114 1167 4166 et
1198 4104 1646 4186 insuperabilis,
1681 4113 1743 4165 ut
1771 4106 1900 4185 ipse
1928 4106 2140 4185 Opina-

487 4204 605 4267 tnr,
642 4203 862 4262 orator,
901 4217 927 4248 α
963 4193 1025 4257 Si
1083 4194 1145 4256 in
1205 4193 1460 4276 Spiritus
1491 4201 1819 4273 causatum,
1865 4213 1888 4250 ο
1921 4195 2131 4277 inquit.

492 4310 516 4340 α
552 4282 737 4346 dictio
772 4300 878 4363 per
930 4282 1103 4358 illud,
1143 4284 1300 4365 quod
1349 4284 1698 4359 contiguum
1727 4291 1840 4356 est,
1873 4283 2132 4363 respitit.

489 4391 609 4435 non
636 4381 795 4434 esset
828 4372 1069 4452 proprie
1100 4391 1277 4435 causa
1302 4375 1522 4449 Pater;
1557 4393 1690 4436 cum
1743 4374 1904 4436 aliud
1960 4372 2139 4455 quid-

490 4461 650 4543 piam
681 4469 820 4522 aute
853 4459 1088 4524 Patrem
1115 4481 1355 4524 causam
1387 4462 1636 4538 habens,
1661 4483 1778 4526 non
1801 4464 1859 4525 in
1881 4464 2043 4525 illum
2080 4470 2143 4523 ut

483 4550 547 4612 in
575 4550 816 4632 proprie
846 4569 1082 4613 causam
1118 4551 1507 4613 referretur.»
1545 4551 1615 4613 Et
1647 4572 1751 4614 nos
1778 4553 2021 4634 quidem
2050 4551 2141 4613 vi-

486 4639 805 4718 lipendere
860 4639 1184 4716 existimat,
1247 4659 1366 4702 non
1396 4640 1564 4701 illum
1596 4641 1699 4722 qui
1732 4642 1921 4704 dixit:
1963 4667 1982 4697 ι
2027 4642 2142 4704 Per

484 4727 633 4790 illud
667 4728 824 4811 quod
848 4728 1126 4810 contigue
1156 4738 1449 4810 est,ncum
1478 4748 1592 4791 non
1606 4749 1845 4793 causam
1876 4733 2136 4805 Patrem,

485 4822 547 4881 et
574 4825 718 4879 ante
781 4814 1015 4879 Patrem
1076 4835 1313 4879 causam
1348 4815 1608 4898 Spiritus
1638 4817 1852 4881 Filium
1884 4820 2141 4882 demon-

484 4905 661 4968 strari
691 4922 763 4968 ex
791 4924 938 4968 voce
969 4905 1081 4968 ista
1128 4906 1499 4986 comprobat.
1553 4909 1823 4990 Namque
1854 4909 1927 4984 si,
1978 4909 2138 4990 quod

484 5011 596 5076 per
614 4992 829 5057 Filium
857 4992 1116 5076 Spiritus
1140 5014 1211 5056 ex
1230 4994 1403 5058 Patre
1425 5002 1514 5057 est
1534 4997 1900 5065 exsistentia.
1931 5018 2047 5058 non
2077 4998 2138 5059 in

482 5081 721 5146 Patrem
746 5082 832 5144 uti
876 5084 938 5144 in
963 5083 1204 5164 proprio
1225 5101 1463 5145 causam
1498 5084 1594 5146 illa
1622 5088 1947 5149 referretur
1978 5103 1992 5149 :
2028 5086 2140 5149 etsi

482 5179 804 5252 proriterea
856 5189 1034 5234 causa
1088 5171 1349 5251 Spiritus
1376 5171 1562 5235 Filius
1604 5183 1740 5235 ante
1767 5176 1999 5237 Patrem
2029 5194 2132 5238 re-

486 5267 817 5340 putaretur,
851 5280 1046 5342 neque
1074 5261 1473 5341 suppeditatio
1505 5271 1562 5324 et
1590 5263 1749 5325 datio
1784 5264 2040 5346 Spiritus
2067 5264 2129 5326 in

2159 4253 2206 4307 D

2214 999 2321 1049 τῶν
2377 994 2626 1075 Πατὲρων
2681 995 2906 1075 δόγμασι
2957 996 3192 1076 πλάττῃ,
3236 997 3370 1055 πο)ὺ
3411 1000 3511 1065 τὴν
3551 996 3670 1054 κατ’
3713 995 3882 1052 ἐκεί-

2218 1103 2322 1137 νων
2352 1080 2697 1152 ἐναντιότητα
2727 1084 2992 1166 ἔχονταςς

2295 1249 2386 1323 ιδ’,
2450 1269 2615 1340 Δεῦρο
2644 1259 2735 1338 δὴ,
2783 1266 2830 1318 ὠ
2873 1264 3125 1344 ἀκροατὰ,
3177 1267 3264 1322 καὶ
3310 1267 3396 1322 ἐπὶ
3436 1265 3535 1332 τὴν
3579 1260 3882 1327 ἀνάπτυξιν

2214 1345 2408 1422 ἴωμεν,
2438 1352 2512 1405 ὧν
2540 1353 2628 1407 ἒπὶ
2654 1365 2776 1416 ταῖς
2807 1355 2936 1429 πρὸς
2966 1351 3248 1410 Ἀϐλάϐιον
3289 1361 3381 1410 106
3409 1354 3620 1420 Νύσσης
3646 1351 3883 1429 ῥησεσιν

2215 1437 2245 1523 ᾇ
2288 1438 2579 1512 θαυμάσιος
2610 1443 2759 1503 οὗτος
2822 1440 3107 1523 φιλόσοφος
3150 1441 3566 1521 παρεξηγήσεων
3594 1453 3877 1500 ποιεῖται.

2219 1515 2276 1581 Ὀ
2329 1528 2427 1599 μὲν
2483 1528 2583 1606 γὰρ
2610 1515 3039 1609 παραλογίζεται.
3059 1532 3159 1599 τὴν
3189 1515 3460 1609 ἀλήθειαν,
3510 1529 3654 1609 [καὶ]
3684 1529 3881 1602 οἰόμε-

2216 1635 2303 1676 νος
2337 1610 2466 1695 [an]
2499 1616 2679 1695 ὥσπερ
2707 1619 2864 1694 βαθὺς
2896 1621 3029 1695 ὑμᾶς
3058 1620 3258 1683 πάντας
3302 1620 3458 1681 ὕπνος
3491 1631 3741 1697 κατεῖχε,
3776 1615 3878 1672 λέο

2213 1724 2295 1780 γει
2326 1705 2359 1758 ἃ
2386 1702 2531 1783 λέγει
2563 1723 2579 1738 ⁶
2615 1708 2676 1763 σὺ
2721 1706 2802 1788 δὲ,
2834 1710 2878 1764 εἰ
2909 1709 2987 1784 μὴ
3018 1716 3222 1781 κακῶς,
3254 1709 3462 1770 σκόπει.
3504 1730 3526 1762 α
3561 1709 3631 1765 06
3660 1706 3878 1768 σκοπός

2213 1791 2323 1849 ἐστι
2355 1800 2432 1866 τῷ
2477 1794 2747 1867 Νύσσης,»
2802 1800 2953 1877 φησὶ,
2995 1818 3017 1849 α
3048 1799 3140 1854 τὸν
3170 1798 3374 1876 Πατέρα
3416 1797 3513 1865 τὴν
3556 1796 3880 1874 ἑκπόρευσιν

2214 1878 2495 1959 ἀφελέσθαι
2522 1886 2615 1940 106
2647 1887 2949 1960 Πνεόματος
2987 1907 3000 1920 ’
3039 1886 3318 1966 ἀφαιροῖτο
3373 1883 3419 1942 δ’
3480 1884 3540 1941 ἂν
3604 1885 3677 1947 εἰς
3741 1884 3877 1940 Υὶὶν

2214 1971 2411 2037 ταύτην
2470 1974 2902 2050 μετατιθέμενος,
2983 1976 3259 2051 μετάθεσιν
3341 1974 3635 2048 ὀνομάζων,
3707 1973 3753 2029 εἰ
3802 1974 3876 2029 τὸ

2218 2057 2303 2115 διὰ
2357 2071 2454 2120 ταῦ
2497 2070 2780 2143 προσεχῶς
2827 2063 2991 2140 μηδὲν
3034 2063 3292 2145 διαφέρειν
3331 2072 3423 2121 τοῦ
3461 2063 3521 2119 ἐκ
3549 2069 3640 2118 106
3684 2084 3869 2141 προσ-

2219 2151 2362 2228 εχῶς
2408 2152 2660 2230 κρίνοιτο.
2697 2175 2720 2205 ι
2816 2151 2959 2231 Ἐγὼ
3015 2151 3069 2209 δὲ
3127 2152 3332 2228 μηδένα
3382 2153 3540 2227 οἶμαι
3593 2151 3869 2208 διενίσταο

2218 2240 2335 2293 σθαι
2404 2237 2564 2318 λόγον
2643 2241 2735 2297 τὸν
2793 2238 3038 2320 διαίρεσιν
3096 2243 3298 2320 Πατρὸς
3343 2242 3431 2297 καὶ
3490 2244 3609 2297 Υὶοῦ
3659 2239 3743 2296 ἐπὶ
3794 2247 3871 2316 τῇ

2215 2333 2307 2383 103
2391 2329 2691 2403 Πνεόματος
2774 2329 2984 2409 προόδῳ
3071 2332 3421 2409 συστήσαντα,
3504 2327 3613 2384 ἔστ’
3670 2327 3731 2383 ἂν
3792 2349 3867 2402 με

2215 2415 2458 2472 πεῖθωσιν
2515 2419 2567 2473 αἱ
2623 2419 2843 2498 Γραςραὶ,
2901 2424 3005 2475 πᾶν
3047 2417 3102 2474 εἴ
3145 2440 3196 2475 τι
3240 2419 3299 2473 ἐκ
3344 2419 3549 2496 Πατρὸς
3607 2414 3674 2471 δι’
3740 2419 3870 2473 Υἱοῦ

2215 2500 2455 2584 λέγεται,
2478 2507 2551 2570 ὡς
2579 2504 2632 2571 ἐξ
2667 2507 2782 2571 ἑνός
2817 2510 2948 2564 Θεοῦ
2989 2507 3132 2564 εἶναι
3188 2507 3277 2563 καὶ
3304 2505 3570 2584 λέγεσθαι.
3638 2526 3661 2561 ι
3711 2502 3867 2562 Ἀλλ’

2215 2593 2278 2648 ἑκ
2330 2600 2422 2651 τοῦ
2488 2596 2632 2670 Υἱοῠ,
2680 2616 2703 2647 ι
2761 2598 2913 2677 φησὶ,
2968 2619 2991 2652 ι
3052 2598 3114 2652 τὸ
3170 2601 3383 2669 Πνεῦμα
3449 2594 3868 2673 ἐκπορευόμενον

2216 2681 2278 2739 ἐκ
2318 2689 2410 2739 106
2494 2684 2696 2762 Πατρὸς
2768 2684 2863 2739 067.
2941 2683 3004 2740 ἂν
3080 2683 3443 2762 ἒκπορεύοιτο,
3518 2686 3748 2760 γεννῴτο
3806 2679 3868 2737 δὲ

2215 2769 2439 2843 μᾶλλον,
2500 2771 2654 2851 εἴπερ
2709 2775 2797 2829 καὶ
2855 2777 2883 2830 ὁ
2922 2775 3041 2838 Υἱὸς
3099 2773 3151 2839 ἐξ
3209 2775 3271 2830 οὗ
3310 2774 3371 2829 τὸ
3415 2779 3649 2846 Πνεῦμα,
3681 2773 3742 2827 ὲκ
3772 2778 3873 2828 106

2218 2862 2418 2938 Πιτρὸς
2476 2862 2756 2940 γεννητός.
2799 2885 2820 2917 ι
2888 2864 2986 2921 Καὶ
3043 2864 3138 2920 οὒκ
3179 2860 3299 2920 οἶδα
3354 2864 3403 2918 τί
3430 2863 3560 2942 πρὸς
3595 2862 3692 2929 τὴν
3720 2859 3873 2928 ἀληο

2217 2953 2359 3005 θειαν
2415 2957 2601 3011 ταῦτα.
2662 2952 2723 3009 Τί
2764 2952 2864 3031 γὰρ
2913 2951 3104 3009 κωλύει
3189 2952 3275 3009 καὶ
3328 2953 3472 3026 ἡμᾶς
3542 2951 3870 3027 ἀντεπενεγ-

2217 3040 2408 3102 κόντας
2464 3041 2635 3096 εἰπεῖν
2668 3060 2684 3078 ο
2761 3043 2860 3100 Καὶ
2915 3043 2959 3097 εἰ
3028 3038 3102 3096 δι’
3172 3044 3294 3097 Υἱοῦ
3350 3039 3710 3117 ἐκπορεύεται,
3770 3038 3872 3096 οὔκ

2218 3126 2279 3183 ἄν
2322 3128 2384 3184 ὲκ
2439 3134 2531 3186 τοῦ
2587 3130 2790 3208 [111.06.-
2821 3130 3184 3208 ἑκπορεύοιτο,
3217 3133 3447 3207 γεννῴτο
3490 3126 3543 3183 δὲ
3604 3126 3813 3201 μᾶλλον
3847 3148 3863 3206 ;

2218 3218 2291 3280 ὡς
2351 3216 2412 3273 ἂν
2469 3216 2606 3275 οὕτω
2647 3220 2738 3284 τὰς
2791 3220 2924 3275 κατὰ
2982 3221 3073 3276 106
3129 3220 3365 3283 εἰπόντος
3409 3217 3610 3297 Πατρός
3640 3218 3737 3284 τὴν
3780 3214 3868 3274 διὰ

2216 3312 2311 3361 106
2376 3312 2659 3386 προσεχῶς
2725 3309 2907 3386 φωνὴν
3000 3308 3342 3388 ἀναιχυντῖας
3415 3329 3507 3363 σου
3577 3307 3864 3384 παραστή-

2219 3416 2421 3476 σωμεν,
2480 3395 2516 3462 ἢ
2560 3394 2811 3475 διαίρεσιν
2867 3398 2988 3455 Υἱοῠ
3043 3396 3134 3453 καί
3193 3397 3393 3475 Πατρός
3449 3396 3585 3452 κατα
3633 3395 3732 3462 τὴν
3777 3392 3866 3450 διὰ

2218 3491 2310 3540 τοῦ
2364 3492 2647 3564 προσεχῶς
2703 3487 2881 3566 φωνὴν
2954 3483 3066 3565 δὶς,
3125 3486 3213 3541 καὶ
3271 3488 3366 3549 τας
3423 3486 3604 3547 καινὰς
3667 3484 3865 3549 ταύτας

2219 3574 2555 3652 τερατολόγει
2623 3576 2894 3651 γεννήσεις
2928 3593 2943 3607 '
3004 3574 3041 3642 ἢ
3099 3574 3251 3646 εἴπερ
3307 3572 3494 3629 ἕνωσιν
3554 3572 3862 3652 ἀμφοτέρων

2221 3662 2256 3728 ἡ
2311 3659 2377 3716 δι’
2441 3664 2562 3721 1ἱοῦ
2619 3664 2769 3743 φωνὴ
2826 3660 3063 3742 δύναται,
3136 3660 3281 3719 οὐδὲν
3337 3662 3498 3729 ἦττον
3554 3661 3590 3729 ἣ
3618 3660 3742 3717 ὅσον
3773 3662 3865 3717 καὶ

2224 3748 2275 3814 ἐξ
2329 3749 2532 3829 ἀμφοῖν
2583 3752 2754 3808 αὐτῶν
2796 3750 2913 3808 τόδε
2972 3773 3021 3807 τι
3066 3751 3294 3829 Λέγουσα
3334 3751 3502 3830 εἶναι,
3561 3751 3736 3823 μάτην
3774 3751 3867 3806 αὗ-

2220 3838 2314 3899 τάς
2380 3838 2777 3918 τερατολογεῒς.
2827 3841 2924 3895 Διὰ
2971 3847 3065 3897 τοῦ
3127 3841 3249 3897 Υἷοῦ
3288 3840 3516 3895 αἰτιατὸν
3559 3838 3620 3893 τὰ
3653 3844 3863 3912 Πνεῦμα

2224 3926 2284 3981 ἐκ
2325 3936 2417 3985 τοῦ
2473 3930 2677 4005 Πατρὶς
2721 3931 2749 3985 ὁ
2796 3918 2990 4005 ’Ἄγιος
3046 3926 3286 4005 θεολογεῖ
3320 3944 3334 3958 ·
3384 3929 3473 3984 καὶ
3515 3930 3543 3983 ὁ
3598 3930 3695 3994 τῆς
3740 3927 3862 3983 νέας

2220 4012 2492 4093 θεολογίας
2549 4016 2752 4081 πλατὺς
2829 4019 2916 4073 καὶ
2999 4017 3474 4094 ἀνανταγώνιστος,
3532 4018 3606 4081 ὡς
3659 4012 3857 4092 οἴεται,

2221 4103 2420 4183 ῥήτωρ,
2460 4128 2487 4158 α
2525 4107 2583 4163 Εἰ
2626 4109 2699 4168 εἷς
2758 4108 2818 4163 τὸ
2868 4116 2959 4166 106
3015 4107 3312 4180 Πνεέματος
3367 4107 3625 4182 αἰτιατὸν,
3663 4117 3707 4160 ι’
3748 4125 3859 4183 φη-

2222 4195 2326 4273 σὶν,
2389 4214 2419 4253 ι
2475 4196 2510 4263 ἡ
2550 4195 2642 4252 διὰ
2672 4196 2764 4252 106
2818 4202 3103 4275 προσεχῶς
3158 4200 3307 4275 φωνή
3334 4195 3510 4265 τείνει,
3553 4193 3650 4249 οὒκ
3678 4193 3738 4247 ἂν
3768 4190 3861 4257 εἴη

2225 4283 2411 4360 κορίως
2457 4283 2631 4350 αἴτιος
2687 4288 2715 4342 ὁ
2772 4286 2955 4364 Πατὴρ
2990 4305 3004 4319 ·
3059 4285 3173 4342 ἐπεὶ
3205 4284 3266 4341 τό
3312 4305 3373 4362 γε
3402 4282 3533 4339 ἄλλο
3559 4304 3611 4338 τι
3642 4281 3742 4359 πρό
3771 4287 3864 4336 τοῦ

2222 4372 2426 4448 Πατρός
2483 4372 2612 4453 ἔχον
2670 4372 2844 4431 αἴτιον
2890 4378 2986 4432 οὒκ
3014 4372 3075 4430 ἂν
3106 4376 3178 4438 εἰς
3235 4374 3463 4443 ἐκεῖνον,
3515 4373 3586 4438 ὡς
3641 4372 3713 4433 εἰς
3765 4392 3862 4426 κυ-

2222 4461 2341 4536 ρίως
2414 4459 2612 4536 αἴτιον,
2697 4462 3029 4542 ἀναφέροιτο.
3096 4485 3125 4517 ι
3222 4463 3318 4519 Καὶ
3370 4463 3514 4537 ἡμᾶς
3572 4459 3864 4524 ἐξοώενοῦν

2224 4550 2397 4607 οἴεται
2455 4553 2515 4608 06
2562 4553 2653 4608 τόν
2694 4553 2755 4608 τό
2798 4551 2883 4609 διὰ
2944 4560 3035 4610 τοῦ
3088 4558 3371 4631 προσεχῶς
3429 4552 3698 4629 εἰρηκότα,
3736 4547 3865 4606 ὅταν

2222 4640 2300 4715 μὴ
2354 4641 2544 4720 κυρίως
2590 4639 2762 4697 αἴτιον
2819 4642 2911 4698 τόν
2971 4642 3200 4710 Πατέρα,
3268 4642 3355 4698 καὶ
3396 4642 3497 4719 πρὸ
3527 4646 3618 4696 103
3659 4640 3864 4717 Πατρδς

2222 4728 2398 4786 αἴτιον
2464 4728 2557 4786 106
2632 4730 2933 4805 Πνεύματος
3003 4729 3371 4810 ἀναφαίνεσθαι
3429 4731 3519 4785 τὸν
3574 4729 3691 4784 Υἱὸν
3760 4728 3866 4784 ἀπὸ

2220 4823 2319 4885 τῆς
2362 4823 2545 4898 φωνῆς
2625 4821 2820 4887 ταύτης
2904 4819 3303 4890 κατασκευάζει.
3380 4820 3437 4876 Εἰ
3489 4819 3589 4896 γὰρ
3644 4814 3725 4873 ὅτι
3780 4815 3866 4872 δια

2218 4914 2311 4964 106
2375 4909 2557 4976 Υἶοῦἡ
2613 4913 2707 4964 106
2777 4909 3078 4983 Πνειίματος
3119 4909 3183 4964 εκ
3240 4907 3442 4984 Πατρός
3499 4907 3635 4961 ἐετιν
3691 4906 3864 4983 ὓπαρ-

2222 4996 2318 5069 Εις,
2365 4998 2463 5054 οὒκ
2518 4994 2578 5052 ἂν
2634 4998 2706 5061 εἰς
2759 4998 2849 5053 τὸν
2907 4997 3115 5075 Πατέρα
3170 4998 3243 5059 ὡς
3314 4998 3386 5059 εἷς
3442 4996 3630 5073 κυρίως
3689 4992 3865 5050 αἴτιον

2219 5085 2531 5166 ἀναφέροιτο
2560 5083 2693 5151 αὕτη
2726 5100 2740 5114 ⁸
2801 5088 2890 5142 καὶ
2920 5088 2963 5142 εἰ
3006 5084 3091 5142 διὰ
3144 5095 3297 5144 τοῦτο
3340 5084 3517 5146 αἴτιος
3560 5092 3653 5142 τοῦ
3695 5084 3864 5139 Ilvati-

2217 5196 2383 5251 ματος
2442 5176 2470 5230 δ
2537 5175 2655 5237 Υἱὸς
2698 5178 2799 5252 πρό
2866 5197 2956 5230 του
3014 5176 3214 5252 Πατρὸς
3246 5174 3493 5251 κρίνοιτο,
3529 5169 3634 5231 οὐδ’
3665 5170 3726 5227 ἂν
3757 5168 3866 5227 060’

2215 5267 2249 5332 ἡ
2299 5262 2534 5343 χορηγία
2587 5264 2675 5318 καὶ
2718 5260 2859 5327 δόσις
2908 5265 3002 5319 106
3058 5263 3362 5338 Πνεόμα·,ος
3419 5262 3491 5325 εἷς
3544 5263 3631 5316 τὸν
3662 5261 3865 5333 Πατέρα

3047 3710 3063 3742 ν

483 5349 720 5411 Patrem
740 5349 827 5410 uti
848 5352 1089 5430 proprie
1113 5368 1351 5411 causam
1373 5350 1721 5413 referretur:
1750 5371 1946 5433 neque
1967 5355 2129 5415 enim

2219 5355 2284 5416 ὣς
2345 5354 2416 5415 εἷς
2496 5352 2683 5429 κυρίως
2775 5350 2947 5407 αἴτιον
3020 5351 3333 5432 ἀναφέροιτο
3364 5369 3376 5383 ·
3453 5350 3567 5406 οὒέὲ
3624 5350 3723 5426 γάρ
3779 5360 3865 5414 xz‘;

485 5434 613 5521 haec
637 5453 876 5516 quoque
908 5454 1014 5518 per
1045 5437 1256 5521 Fidum
1288 5455 1421 5499 esse
1451 5457 1637 5501 novus
1673 5441 1787 5502 iste
1817 5442 2128 5521 theologus

2219 5449 2376 5498 ταῦτα
2431 5438 2515 5497 διὰ
2573 5447 2663 5496 τοῦ
2726 5444 2845 5497 Υἱοῦ
2917 5441 3061 5497 εἶναι
3114 5443 3141 5496 ὁ
3210 5438 3391 5500 καινός
3447 5436 3697 5516 Θεολόγος
3744 5436 3867 5516 ἔχει

478 5517 928 5589 inliciabitur.A
939 5533 1002 5587 ut
1022 5518 1223 5606 itaque
1244 5543 1439 5607 neque
1465 5528 1677 5590 horum
1696 5533 1937 5612 proprie
1958 5517 2129 5595 Pater

2219 5532 2559 5610 ἀρνήσασθαι.
2637 5517 2722 5600 ΗΒ
2811 5538 2935 5607 γοῦν
3019 5527 3154 5605 μηδὲ
3214 5530 3411 5585 τούτων
3482 5527 3673 5599 κυρίως
3731 5524 3869 5583 ἔστω
