  <div class='ocr_page' id='page_1' title='image "/cluster/home/n/w/nwhite01/storage/ocr_20150623/141/mdp.39015078384206/476.png"; bbox 0 0 4178 6288; ppageno 0'>
   <div class='ocr_carea' id='block_1_1' title="bbox 228 315 345 378">
    <p class='ocr_par' dir='ltr' id='par_1_1' title="bbox 228 315 345 378">
     <span class='ocr_line' id='line_1_1' title="bbox 228 315 345 378; baseline -0.043 0"><span class='ocrx_word' id='word_1_1' title='bbox 228 315 345 378; x_wconf 80' lang='lat'><strong>937</strong></span> 
     </span>
    </p>
   </div>
   <div class='ocr_carea' id='block_1_2' title="bbox 1408 306 2433 377">
    <p class='ocr_par' dir='ltr' id='par_1_2' title="bbox 1408 306 2433 377">
     <span class='ocr_line' id='line_1_2' title="bbox 1408 306 2433 377; baseline -0.011 0"><span class='ocrx_word' id='word_1_2' title='bbox 1408 316 1503 377; x_wconf 86' lang='lat' dir='ltr'><strong>DE</strong></span> <span class='ocrx_word' id='word_1_3' title='bbox 1551 312 1841 376; x_wconf 87' lang='lat' dir='ltr'><strong>UNIONE</strong></span> <span class='ocrx_word' id='word_1_4' title='bbox 1886 306 2410 371; x_wconf 81' lang='lat' dir='ltr'><strong>ECCLESIARUM</strong></span> <span class='ocrx_word' id='word_1_5' title='bbox 2424 355 2433 366; x_wconf 94' lang='lat'>.</span> 
     </span>
    </p>
   </div>
   <div class='ocr_carea' id='block_1_3' title="bbox 3494 299 3619 375">
    <p class='ocr_par' dir='ltr' id='par_1_3' title="bbox 3494 299 3619 375">
     <span class='ocr_line' id='line_1_3' title="bbox 3494 299 3619 375; baseline 0 -6"><span class='ocrx_word' id='word_1_6' title='bbox 3494 299 3619 375; x_wconf 68' lang='lat'><strong>9.38.</strong></span> 
     </span>
    </p>
   </div>
   <div class='ocr_carea' id='block_1_4' title="bbox 230 436 1881 524">
    <p class='ocr_par' dir='ltr' id='par_1_4' title="bbox 230 445 1869 524">
     <span class='ocr_line' id='line_1_4' title="bbox 230 445 1869 524; baseline 0 -22"><span class='ocrx_word' id='word_1_7' title='bbox 230 446 461 522; x_wconf 81' lang='grc' dir='ltr'>ὲνθέσμῳ</span> <span class='ocrx_word' id='word_1_8' title='bbox 505 448 661 524; x_wconf 77' lang='grc' dir='ltr'>γάμῳ</span> <span class='ocrx_word' id='word_1_9' title='bbox 717 446 1089 523; x_wconf 70' lang='grc' dir='ltr'>πρεσϐυτέρους</span> <span class='ocrx_word' id='word_1_10' title='bbox 1159 445 1563 523; x_wconf 75' lang='grc' dir='ltr'>διαπρέποντας,</span> <span class='ocrx_word' id='word_1_11' title='bbox 1612 447 1658 500; x_wconf 83' lang='grc' dir='ltr'><strong>οἱ</strong></span> <span class='ocrx_word' id='word_1_12' title='bbox 1730 449 1869 504; x_wconf 79' lang='grc' dir='ltr'>πολ-</span> 
     </span>
    </p>
   </div>
   <div class='ocr_carea' id='block_1_5' title="bbox 1966 436 3617 524">
    <p class='ocr_par' dir='ltr' id='par_1_5' title="bbox 1966 436 3617 521">
     <span class='ocr_line' id='line_1_5' title="bbox 1966 436 3617 521; baseline -0.002 -20"><span class='ocrx_word' id='word_1_13' title='bbox 1966 441 2130 503; x_wconf 89' lang='lat' dir='ltr'><strong>modo</strong></span> <span class='ocrx_word' id='word_1_14' title='bbox 2164 442 2427 519; x_wconf 86' lang='lat' dir='ltr'><strong>legitimo</strong></span> <span class='ocrx_word' id='word_1_15' title='bbox 2470 442 2820 520; x_wconf 71' lang='lat' dir='ltr'><strong>coniunctos</strong></span> <span class='ocrx_word' id='word_1_16' title='bbox 2846 438 3358 521; x_wconf 82' lang='lat' dir='ltr'><strong>matrimonio,qui</strong></span> <span class='ocrx_word' id='word_1_17' title='bbox 3389 436 3617 519; x_wconf 82' lang='lat' dir='ltr'><strong>puellas</strong></span> 
     </span>
    </p>
   </div>
   <div class='ocr_carea' id='block_1_6' title="bbox 230 526 1881 614">
    <p class='ocr_par' dir='ltr' id='par_1_6' title="bbox 230 532 1872 614">
     <span class='ocr_line' id='line_1_6' title="bbox 230 532 1872 614; baseline 0 -23"><span class='ocrx_word' id='word_1_18' title='bbox 230 534 327 599; x_wconf 81' lang='grc' dir='ltr'><strong>λάς</strong></span> <span class='ocrx_word' id='word_1_19' title='bbox 388 536 547 614; x_wconf 73' lang='grc' dir='ltr'>κόρας</span> <span class='ocrx_word' id='word_1_20' title='bbox 608 537 776 614; x_wconf 85' lang='grc' dir='ltr'>χωρὶς</span> <span class='ocrx_word' id='word_1_21' title='bbox 847 532 1033 614; x_wconf 75' lang='grc' dir='ltr'>ἀνδρὸς</span> <span class='ocrx_word' id='word_1_22' title='bbox 1107 548 1361 611; x_wconf 72' lang='grc' dir='ltr'>γυναῖκας</span> <span class='ocrx_word' id='word_1_23' title='bbox 1404 533 1748 609; x_wconf 78' lang='grc' dir='ltr'><strong>δεικνύοντες,</strong></span> <span class='ocrx_word' id='word_1_24' title='bbox 1785 536 1872 591; x_wconf 87' lang='grc' dir='ltr'><strong>καὶ</strong></span> 
     </span>
    </p>
   </div>
   <div class='ocr_carea' id='block_1_7' title="bbox 1966 526 3616 614">
    <p class='ocr_par' dir='ltr' id='par_1_7' title="bbox 1966 526 3616 602">
     <span class='ocr_line' id='line_1_7' title="bbox 1966 526 3616 602; baseline -0.001 -11"><span class='ocrx_word' id='word_1_25' title='bbox 1966 532 2172 592; x_wconf 89' lang='lat' dir='ltr'><strong>multas</strong></span> <span class='ocrx_word' id='word_1_26' title='bbox 2204 532 2338 593; x_wconf 85' lang='lat' dir='ltr'><strong>sine</strong></span> <span class='ocrx_word' id='word_1_27' title='bbox 2365 532 2489 592; x_wconf 85' lang='lat' dir='ltr'><strong>viro</strong></span> <span class='ocrx_word' id='word_1_28' title='bbox 2520 528 2808 591; x_wconf 84' lang='lat' dir='ltr'><strong>mulieres</strong></span> <span class='ocrx_word' id='word_1_29' title='bbox 2838 530 3192 602; x_wconf 82' lang='lat' dir='ltr'><strong>effecerunt,</strong></span> <span class='ocrx_word' id='word_1_30' title='bbox 3244 536 3303 590; x_wconf 90' lang='lat' dir='ltr'><strong>et</strong></span> <span class='ocrx_word' id='word_1_31' title='bbox 3334 526 3616 590; x_wconf 81' lang='lat' dir='ltr'><strong>mulieres</strong></span> 
     </span>
    </p>
   </div>
   <div class='ocr_carea' id='block_1_8' title="bbox 231 619 1881 704">
    <p class='ocr_par' dir='ltr' id='par_1_8' title="bbox 231 621 1871 704">
     <span class='ocr_line' id='line_1_8' title="bbox 231 621 1871 704; baseline 0.001 -26"><span class='ocrx_word' id='word_1_32' title='bbox 231 637 488 702; x_wconf 70' lang='grc' dir='ltr'>γυναῖκας</span> <span class='ocrx_word' id='word_1_33' title='bbox 548 621 744 686; x_wconf 78' lang='grc' dir='ltr'>παῖδας</span> <span class='ocrx_word' id='word_1_34' title='bbox 800 622 1169 703; x_wconf 73' lang='grc' dir='ltr'>ἐκτρεφούσας,</span> <span class='ocrx_word' id='word_1_35' title='bbox 1214 625 1288 678; x_wconf 82' lang='grc' dir='ltr'>ὧν</span> <span class='ocrx_word' id='word_1_36' title='bbox 1344 624 1438 679; x_wconf 74' lang='grc' dir='ltr'>οὒκ</span> <span class='ocrx_word' id='word_1_37' title='bbox 1492 624 1603 681; x_wconf 84' lang='grc' dir='ltr'>ἐστι</span> <span class='ocrx_word' id='word_1_38' title='bbox 1643 624 1871 704; x_wconf 86' lang='grc' dir='ltr'>πατέρας</span> 
     </span>
    </p>
   </div>
   <div class='ocr_carea' id='block_1_9' title="bbox 1966 619 3609 704">
    <p class='ocr_par' dir='ltr' id='par_1_9' title="bbox 1966 619 3609 701">
     <span class='ocr_line' id='line_1_9' title="bbox 1966 619 3609 701; baseline -0.001 -22"><span class='ocrx_word' id='word_1_39' title='bbox 1966 639 2175 701; x_wconf 81' lang='lat' dir='ltr'><strong>pueros</strong></span> <span class='ocrx_word' id='word_1_40' title='bbox 2206 620 2560 700; x_wconf 85' lang='lat' dir='ltr'><strong>educantes,</strong></span> <span class='ocrx_word' id='word_1_41' title='bbox 2599 636 2850 699; x_wconf 91' lang='lat' dir='ltr'><strong>quorum</strong></span> <span class='ocrx_word' id='word_1_42' title='bbox 2910 636 3086 679; x_wconf 89' lang='lat' dir='ltr'><strong>nemo</strong></span> <span class='ocrx_word' id='word_1_43' title='bbox 3146 624 3369 697; x_wconf 77' lang='lat' dir='ltr'><strong>patrem</strong></span> <span class='ocrx_word' id='word_1_44' title='bbox 3427 619 3609 692; x_wconf 86' lang='lat' dir='ltr'><strong>novit,</strong></span> 
     </span>
    </p>
   </div>
   <div class='ocr_carea' id='block_1_10' title="bbox 228 705 1881 792">
    <p class='ocr_par' dir='ltr' id='par_1_10' title="bbox 228 711 1871 792">
     <span class='ocr_line' id='line_1_10' title="bbox 228 711 1871 792; baseline 0.002 -24"><span class='ocrx_word' id='word_1_45' title='bbox 228 713 536 786; x_wconf 79' lang='grc' dir='ltr'>θεάσασθαι,</span> <span class='ocrx_word' id='word_1_46' title='bbox 597 716 736 770; x_wconf 74' lang='grc' dir='ltr'>οὗτοι</span> <span class='ocrx_word' id='word_1_47' title='bbox 793 714 912 777; x_wconf 80' lang='grc' dir='ltr'>τοὺς</span> <span class='ocrx_word' id='word_1_48' title='bbox 944 715 1016 778; x_wconf 82' lang='grc' dir='ltr'>ὡς</span> <span class='ocrx_word' id='word_1_49' title='bbox 1060 711 1269 779; x_wconf 70' lang='grc' dir='ltr'>ἀληθῦς</span> <span class='ocrx_word' id='word_1_50' title='bbox 1316 720 1446 770; x_wconf 74' lang='grc' dir='ltr'>Θεοῦ</span> <span class='ocrx_word' id='word_1_51' title='bbox 1473 715 1633 792; x_wconf 76' lang='grc' dir='ltr'>ἱερεῖς</span> <span class='ocrx_word' id='word_1_52' title='bbox 1665 715 1871 789; x_wconf 83' lang='grc' dir='ltr'>μυσάτ-</span> 
     </span>
    </p>
   </div>
   <div class='ocr_carea' id='block_1_11' title="bbox 1966 705 3610 792">
    <p class='ocr_par' dir='ltr' id='par_1_11' title="bbox 1966 705 3610 788">
     <span class='ocr_line' id='line_1_11' title="bbox 1966 705 3610 788; baseline 0.001 -18"><span class='ocrx_word' id='word_1_53' title='bbox 1966 728 2151 783; x_wconf 83' lang='lat' dir='ltr'><strong>veros,</strong></span> <span class='ocrx_word' id='word_1_54' title='bbox 2188 708 2590 788; x_wconf 79' lang='lat' dir='ltr'><strong>utidixeram,</strong></span> <span class='ocrx_word' id='word_1_55' title='bbox 2623 709 2964 769; x_wconf 78' lang='lat' dir='ltr'><strong>sacerdotes</strong></span> <span class='ocrx_word' id='word_1_56' title='bbox 3023 706 3129 769; x_wconf 85' lang='lat' dir='ltr'><strong>Dei</strong></span> <span class='ocrx_word' id='word_1_57' title='bbox 3176 705 3505 769; x_wconf 89' lang='lat' dir='ltr'><strong>abominari</strong></span> <span class='ocrx_word' id='word_1_58' title='bbox 3548 715 3610 771; x_wconf 85' lang='lat' dir='ltr'><strong>et</strong></span> 
     </span>
    </p>
   </div>
   <div class='ocr_carea' id='block_1_12' title="bbox 230 800 1874 881">
    <p class='ocr_par' dir='ltr' id='par_1_12' title="bbox 230 800 1874 881">
     <span class='ocr_line' id='line_1_12' title="bbox 230 800 1874 881; baseline 0.001 -24"><span class='ocrx_word' id='word_1_59' title='bbox 230 801 409 858; x_wconf 81' lang='grc' dir='ltr'>τεσθαί</span> <span class='ocrx_word' id='word_1_60' title='bbox 492 823 547 858; x_wconf 89' lang='grc' dir='ltr'><strong>τε</strong></span> <span class='ocrx_word' id='word_1_61' title='bbox 627 803 715 858; x_wconf 89' lang='grc' dir='ltr'><strong>καὶ</strong></span> <span class='ocrx_word' id='word_1_62' title='bbox 798 800 1214 881; x_wconf 64' lang='grc' dir='ltr'><strong>ἀποστρέφεσθαι</strong></span> <span class='ocrx_word' id='word_1_63' title='bbox 1289 803 1681 878; x_wconf 65' lang='grc' dir='ltr'><strong>παρεσκεύασαν</strong></span> <span class='ocrx_word' id='word_1_64' title='bbox 1776 809 1874 878; x_wconf 76' lang='grc' dir='ltr'><strong>τῇς</strong></span> 
     </span>
    </p>
   </div>
   <div class='ocr_carea' id='block_1_13' title="bbox 235 890 1875 970">
    <p class='ocr_par' dir='ltr' id='par_1_13' title="bbox 235 890 1875 970">
     <span class='ocr_line' id='line_1_13' title="bbox 235 890 1875 970; baseline -0.001 -23"><span class='ocrx_word' id='word_1_65' title='bbox 235 898 416 948; x_wconf 76' lang='grc' dir='ltr'><strong>Μανοῦ</strong></span> <span class='ocrx_word' id='word_1_66' title='bbox 470 893 728 970; x_wconf 83' lang='grc' dir='ltr'>γεωργίας</span> <span class='ocrx_word' id='word_1_67' title='bbox 783 890 835 947; x_wconf 80' lang='grc' dir='ltr'>ἐν</span> <span class='ocrx_word' id='word_1_68' title='bbox 896 891 1078 953; x_wconf 69' lang='grc' dir='ltr'>αὖτοῖς</span> <span class='ocrx_word' id='word_1_69' title='bbox 1156 892 1222 946; x_wconf 77' lang='grc' dir='ltr'>τὰ</span> <span class='ocrx_word' id='word_1_70' title='bbox 1274 890 1548 970; x_wconf 77' lang='grc' dir='ltr'>σπέρματα</span> <span class='ocrx_word' id='word_1_71' title='bbox 1585 893 1875 949; x_wconf 86' lang='grc' dir='ltr'>κατασπεί-</span> 
     </span>
    </p>
   </div>
   <div class='ocr_carea' id='block_1_14' title="bbox 234 978 1878 1060">
    <p class='ocr_par' dir='ltr' id='par_1_14' title="bbox 234 978 1878 1060">
     <span class='ocr_line' id='line_1_14' title="bbox 234 978 1878 1060; baseline -0.001 -25"><span class='ocrx_word' id='word_1_72' title='bbox 234 1001 440 1060; x_wconf 87' lang='grc' dir='ltr'>ροντες,</span> <span class='ocrx_word' id='word_1_73' title='bbox 486 982 572 1037; x_wconf 83' lang='grc' dir='ltr'><strong>καὶ</strong></span> <span class='ocrx_word' id='word_1_74' title='bbox 631 981 808 1059; x_wconf 70' lang='grc' dir='ltr'>ψυγάς</span> <span class='ocrx_word' id='word_1_75' title='bbox 880 978 994 1060; x_wconf 78' lang='grc' dir='ltr'>ἄρτι</span> <span class='ocrx_word' id='word_1_76' title='bbox 1051 980 1361 1056; x_wconf 74' lang='grc' dir='ltr'><strong>βλαστάνειν</strong></span> <span class='ocrx_word' id='word_1_77' title='bbox 1426 978 1718 1058; x_wconf 78' lang='grc' dir='ltr'>ἀρξαμενας</span> <span class='ocrx_word' id='word_1_78' title='bbox 1787 980 1878 1037; x_wconf 80' lang='grc' dir='ltr'>τὸν</span> 
     </span>
    </p>
   </div>
   <div class='ocr_carea' id='block_1_15' title="bbox 233 1066 1877 1148">
    <p class='ocr_par' dir='ltr' id='par_1_15' title="bbox 233 1066 1877 1148">
     <span class='ocr_line' id='line_1_15' title="bbox 233 1066 1877 1148; baseline 0 -23"><span class='ocrx_word' id='word_1_79' title='bbox 233 1069 431 1148; x_wconf 80' lang='grc' dir='ltr'>σπόρον</span> <span class='ocrx_word' id='word_1_80' title='bbox 501 1070 599 1137; x_wconf 74' lang='grc' dir='ltr'><strong>τῆς</strong></span> <span class='ocrx_word' id='word_1_81' title='bbox 669 1066 933 1134; x_wconf 70' lang='grc' dir='ltr'>εὖσεϐείας</span> <span class='ocrx_word' id='word_1_82' title='bbox 1012 1069 1080 1146; x_wconf 74' lang='grc' dir='ltr'><strong>τῇ</strong></span> <span class='ocrx_word' id='word_1_83' title='bbox 1155 1075 1259 1126; x_wconf 82' lang='grc' dir='ltr'><strong>τῶν</strong></span> <span class='ocrx_word' id='word_1_84' title='bbox 1325 1071 1563 1141; x_wconf 83' lang='grc' dir='ltr'>ζιζανίων</span> <span class='ocrx_word' id='word_1_85' title='bbox 1620 1069 1877 1148; x_wconf 80' lang='grc' dir='ltr'>ἐπισπορᾷ</span> 
     </span>
    </p>
   </div>
   <div class='ocr_carea' id='block_1_16' title="bbox 235 1155 1876 1236">
    <p class='ocr_par' dir='ltr' id='par_1_16' title="bbox 235 1155 1876 1236">
     <span class='ocr_line' id='line_1_16' title="bbox 235 1155 1876 1236; baseline 0.001 -24"><span class='ocrx_word' id='word_1_86' title='bbox 235 1157 635 1233; x_wconf 87' lang='grc' dir='ltr'>λυμαινόμενοι.</span> <span class='ocrx_word' id='word_1_87' title='bbox 695 1155 862 1215; x_wconf 77' lang='grc' dir='ltr'>Ἀλλὰ</span> <span class='ocrx_word' id='word_1_88' title='bbox 917 1180 977 1235; x_wconf 86' lang='grc' dir='ltr'><strong>γε</strong></span> <span class='ocrx_word' id='word_1_89' title='bbox 1048 1158 1113 1226; x_wconf 78' lang='grc' dir='ltr'>δὴ</span> <span class='ocrx_word' id='word_1_90' title='bbox 1167 1160 1288 1220; x_wconf 83' lang='grc' dir='ltr'>τοὺς</span> <span class='ocrx_word' id='word_1_91' title='bbox 1357 1159 1459 1215; x_wconf 79' lang='grc' dir='ltr'><strong>ὑπὸ</strong></span> <span class='ocrx_word' id='word_1_92' title='bbox 1516 1155 1876 1236; x_wconf 81' lang='grc' dir='ltr'>πρεσϐυτέρων</span> 
     </span>
    </p>
   </div>
   <div class='ocr_carea' id='block_1_17' title="bbox 234 1246 1874 1327">
    <p class='ocr_par' dir='ltr' id='par_1_17' title="bbox 234 1246 1874 1327">
     <span class='ocr_line' id='line_1_17' title="bbox 234 1246 1874 1327; baseline -0.002 -24"><span class='ocrx_word' id='word_1_93' title='bbox 234 1246 384 1324; x_wconf 84' lang='grc' dir='ltr'>μύρῳ</span> <span class='ocrx_word' id='word_1_94' title='bbox 440 1246 752 1325; x_wconf 78' lang='grc' dir='ltr'>χρισθέντας</span> <span class='ocrx_word' id='word_1_95' title='bbox 823 1247 1152 1326; x_wconf 80' lang='grc' dir='ltr'>ἀναμυρίζειν</span> <span class='ocrx_word' id='word_1_96' title='bbox 1224 1248 1368 1305; x_wconf 71' lang='grc' dir='ltr'><strong>αὔτοῖ</strong></span> <span class='ocrx_word' id='word_1_97' title='bbox 1430 1248 1488 1304; x_wconf 74' lang='grc' dir='ltr'><strong>οὗ</strong></span> <span class='ocrx_word' id='word_1_98' title='bbox 1542 1248 1874 1327; x_wconf 77' lang='grc' dir='ltr'>πεφρίκασιν,</span> 
     </span>
    </p>
   </div>
   <div class='ocr_carea' id='block_1_18' title="bbox 234 1334 1879 1414">
    <p class='ocr_par' dir='ltr' id='par_1_18' title="bbox 234 1334 1879 1414">
     <span class='ocr_line' id='line_1_18' title="bbox 234 1334 1879 1414; baseline 0.001 -24"><span class='ocrx_word' id='word_1_99' title='bbox 234 1334 551 1399; x_wconf 76' lang='grc' dir='ltr'>ἐπισκόπους</span> <span class='ocrx_word' id='word_1_100' title='bbox 618 1336 832 1400; x_wconf 84' lang='grc' dir='ltr'>ἑαυτοὺς</span> <span class='ocrx_word' id='word_1_101' title='bbox 890 1336 1317 1414; x_wconf 78' lang='grc' dir='ltr'>ἀναγορεύοντες,</span> <span class='ocrx_word' id='word_1_102' title='bbox 1376 1338 1463 1393; x_wconf 85' lang='grc' dir='ltr'><strong>καὶ</strong></span> <span class='ocrx_word' id='word_1_103' title='bbox 1520 1338 1580 1394; x_wconf 84' lang='grc' dir='ltr'>τὸ</span> <span class='ocrx_word' id='word_1_104' title='bbox 1608 1341 1712 1392; x_wconf 78' lang='grc' dir='ltr'>τῶν</span> <span class='ocrx_word' id='word_1_105' title='bbox 1743 1357 1879 1414; x_wconf 80' lang='grc' dir='ltr'>πρε-</span> 
     </span>
    </p>
   </div>
   <div class='ocr_carea' id='block_1_19' title="bbox 236 1421 1877 1504">
    <p class='ocr_par' dir='ltr' id='par_1_19' title="bbox 236 1421 1877 1504">
     <span class='ocr_line' id='line_1_19' title="bbox 236 1421 1877 1504; baseline 0 -25"><span class='ocrx_word' id='word_1_106' title='bbox 236 1421 499 1502; x_wconf 77' lang='grc' dir='ltr'>σϐυτέριον</span> <span class='ocrx_word' id='word_1_107' title='bbox 569 1425 772 1503; x_wconf 74' lang='grc' dir='ltr'>χρίσμα</span> <span class='ocrx_word' id='word_1_108' title='bbox 840 1423 1112 1504; x_wconf 77' lang='grc' dir='ltr'>ἄχρηστον</span> <span class='ocrx_word' id='word_1_109' title='bbox 1174 1425 1339 1504; x_wconf 52' lang='grc' dir='ltr'>εἶναι,</span> <span class='ocrx_word' id='word_1_110' title='bbox 1410 1427 1498 1481; x_wconf 84' lang='grc' dir='ltr'><strong>καὶ</strong></span> <span class='ocrx_word' id='word_1_111' title='bbox 1575 1428 1647 1488; x_wconf 77' lang='grc' dir='ltr'><strong>εἰς</strong></span> <span class='ocrx_word' id='word_1_112' title='bbox 1703 1426 1877 1500; x_wconf 79' lang='grc' dir='ltr'>μάτην</span> 
     </span>
    </p>
   </div>
   <div class='ocr_carea' id='block_1_20' title="bbox 238 1500 1876 1592">
    <p class='ocr_par' dir='ltr' id='par_1_20' title="bbox 238 1500 1876 1592">
     <span class='ocr_line' id='line_1_20' title="bbox 238 1500 1876 1592; baseline 0.002 -26"><span class='ocrx_word' id='word_1_113' title='bbox 238 1500 623 1568; x_wconf 34' lang='grc' dir='ltr'>ἐπιτελεῖσθαι-⁷</span> <span class='ocrx_word' id='word_1_114' title='bbox 688 1514 1109 1592; x_wconf 83' lang='grc' dir='ltr'>τερατευόμενοι.</span> <span class='ocrx_word' id='word_1_115' title='bbox 1199 1500 1311 1589; x_wconf 61' lang='grc' dir='ltr'><strong>Ἆρ’</strong></span> <span class='ocrx_word' id='word_1_116' title='bbox 1377 1512 1542 1587; x_wconf 78' lang='grc' dir='ltr'>ἔστιν,</span> <span class='ocrx_word' id='word_1_117' title='bbox 1605 1512 1663 1576; x_wconf 82' lang='grc' dir='ltr'>ὅς</span> <span class='ocrx_word' id='word_1_118' title='bbox 1716 1513 1876 1580; x_wconf 89' lang='grc' dir='ltr'>τηλι-</span> 
     </span>
    </p>
   </div>
   <div class='ocr_carea' id='block_1_21' title="bbox 236 1599 1879 1682">
    <p class='ocr_par' dir='ltr' id='par_1_21' title="bbox 236 1599 1879 1682">
     <span class='ocr_line' id='line_1_21' title="bbox 236 1599 1879 1682; baseline 0.002 -27"><span class='ocrx_word' id='word_1_119' title='bbox 236 1601 439 1667; x_wconf 84' lang='grc' dir='ltr'>καύτην</span> <span class='ocrx_word' id='word_1_120' title='bbox 496 1599 633 1669; x_wconf 85' lang='grc' dir='ltr'>ἀκοῇ</span> <span class='ocrx_word' id='word_1_121' title='bbox 690 1601 1011 1682; x_wconf 68' lang='grc' dir='ltr'>παρείληφεν</span> <span class='ocrx_word' id='word_1_122' title='bbox 1056 1601 1257 1681; x_wconf 69' lang='grc' dir='ltr'>ἄνοιαν,</span> <span class='ocrx_word' id='word_1_123' title='bbox 1329 1601 1395 1670; x_wconf 71' lang='grc' dir='ltr'>ἣν</span> <span class='ocrx_word' id='word_1_124' title='bbox 1454 1601 1789 1678; x_wconf 82' lang='grc' dir='ltr'>κατατολμᾷν</span> <span class='ocrx_word' id='word_1_125' title='bbox 1832 1605 1879 1659; x_wconf 80' lang='grc' dir='ltr'><strong>οἱ</strong></span> 
     </span>
    </p>
   </div>
   <div class='ocr_carea' id='block_1_22' title="bbox 1959 795 3605 877">
    <p class='ocr_par' dir='ltr' id='par_1_22' title="bbox 1959 795 3605 877">
     <span class='ocr_line' id='line_1_22' title="bbox 1959 795 3605 877; baseline 0 -18"><span class='ocrx_word' id='word_1_126' title='bbox 1959 798 2215 859; x_wconf 88' lang='lat' dir='ltr'><strong>aversari</strong></span> <span class='ocrx_word' id='word_1_127' title='bbox 2248 798 2602 877; x_wconf 86' lang='lat' dir='ltr'><strong>docuerunt,</strong></span> <span class='ocrx_word' id='word_1_128' title='bbox 2635 797 2865 859; x_wconf 82' lang='lat' dir='ltr'><strong>semina</strong></span> <span class='ocrx_word' id='word_1_129' title='bbox 2918 795 3261 860; x_wconf 60' lang='lat' dir='ltr'><strong>Manichaee</strong></span> <span class='ocrx_word' id='word_1_130' title='bbox 3309 796 3605 876; x_wconf 79' lang='lat' dir='ltr'><strong>agricola-</strong></span> 
     </span>
    </p>
   </div>
   <div class='ocr_carea' id='block_1_23' title="bbox 1961 884 3605 967">
    <p class='ocr_par' dir='ltr' id='par_1_23' title="bbox 1961 884 3605 967">
     <span class='ocr_line' id='line_1_23' title="bbox 1961 884 3605 967; baseline 0.001 -19"><span class='ocrx_word' id='word_1_131' title='bbox 1961 889 2140 949; x_wconf 90' lang='lat' dir='ltr'><strong>tionis</strong></span> <span class='ocrx_word' id='word_1_132' title='bbox 2170 887 2321 967; x_wconf 89' lang='lat' dir='ltr'><strong>apud</strong></span> <span class='ocrx_word' id='word_1_133' title='bbox 2355 884 3098 953; x_wconf 79' lang='lat' dir='ltr'><strong>iliosserentes,etanimas</strong></span> <span class='ocrx_word' id='word_1_134' title='bbox 3122 893 3240 946; x_wconf 91' lang='lat' dir='ltr'><strong>tum</strong></span> <span class='ocrx_word' id='word_1_135' title='bbox 3263 886 3605 965; x_wconf 88' lang='lat' dir='ltr'><strong>nuperrime</strong></span> 
     </span>
    </p>
   </div>
   <div class='ocr_carea' id='block_1_24' title="bbox 1961 973 3612 1056">
    <p class='ocr_par' dir='ltr' id='par_1_24' title="bbox 1961 973 3612 1056">
     <span class='ocr_line' id='line_1_24' title="bbox 1961 973 3612 1056; baseline 0.001 -19"><span class='ocrx_word' id='word_1_136' title='bbox 1961 993 2163 1037; x_wconf 88' lang='lat' dir='ltr'><strong>semen</strong></span> <span class='ocrx_word' id='word_1_137' title='bbox 2181 976 2416 1056; x_wconf 85' lang='lat' dir='ltr'><strong>pietatis</strong></span> <span class='ocrx_word' id='word_1_138' title='bbox 2446 973 3088 1055; x_wconf 87' lang='lat' dir='ltr'><strong>proferreincipientes</strong></span> <span class='ocrx_word' id='word_1_139' title='bbox 3118 974 3612 1055; x_wconf 79' lang='lat' dir='ltr'><strong>supersetninatis</strong></span> 
     </span>
    </p>
   </div>
   <div class='ocr_carea' id='block_1_25' title="bbox 1959 1063 3609 1146">
    <p class='ocr_par' dir='ltr' id='par_1_25' title="bbox 1959 1063 3609 1146">
     <span class='ocr_line' id='line_1_25' title="bbox 1959 1063 3609 1146; baseline 0.003 -19"><span class='ocrx_word' id='word_1_140' title='bbox 1959 1067 2197 1128; x_wconf 89' lang='lat' dir='ltr'><strong>zizaniis</strong></span> <span class='ocrx_word' id='word_1_141' title='bbox 2222 1067 2373 1128; x_wconf 89' lang='lat' dir='ltr'><strong>male</strong></span> <span class='ocrx_word' id='word_1_142' title='bbox 2406 1067 2725 1146; x_wconf 89' lang='lat' dir='ltr'><strong>perdentes</strong></span> <span class='ocrx_word' id='word_1_143' title='bbox 2757 1063 2872 1128; x_wconf 90' lang='lat' dir='ltr'><strong>Sed</strong></span> <span class='ocrx_word' id='word_1_144' title='bbox 2897 1065 3296 1129; x_wconf 88' lang='lat' dir='ltr'><strong>etchrismate</strong></span> <span class='ocrx_word' id='word_1_145' title='bbox 3333 1068 3609 1133; x_wconf 84' lang='lat' dir='ltr'><strong>inunctos</strong></span> 
     </span>
    </p>
   </div>
   <div class='ocr_carea' id='block_1_26' title="bbox 1964 1153 3608 1236">
    <p class='ocr_par' dir='ltr' id='par_1_26' title="bbox 1964 1153 3608 1236">
     <span class='ocr_line' id='line_1_26' title="bbox 1964 1153 3608 1236; baseline 0.002 -19"><span class='ocrx_word' id='word_1_146' title='bbox 1964 1175 2069 1236; x_wconf 87' lang='lat' dir='ltr'><strong>per</strong></span> <span class='ocrx_word' id='word_1_147' title='bbox 2109 1157 2474 1227; x_wconf 76' lang='lat' dir='ltr'><strong>sacerdotes,</strong></span> <span class='ocrx_word' id='word_1_148' title='bbox 2508 1156 2708 1217; x_wconf 90' lang='lat' dir='ltr'><strong>denuo</strong></span> <span class='ocrx_word' id='word_1_149' title='bbox 2768 1153 3093 1218; x_wconf 82' lang='lat' dir='ltr'><strong>chrismate</strong></span> <span class='ocrx_word' id='word_1_150' title='bbox 3152 1154 3443 1236; x_wconf 84' lang='lat' dir='ltr'><strong>inungere</strong></span> <span class='ocrx_word' id='word_1_151' title='bbox 3492 1178 3608 1220; x_wconf 84' lang='lat' dir='ltr'><strong>non</strong></span> 
     </span>
    </p>
   </div>
   <div class='ocr_carea' id='block_1_27' title="bbox 1962 1244 3609 1330">
    <p class='ocr_par' dir='ltr' id='par_1_27' title="bbox 1962 1244 3609 1330">
     <span class='ocr_line' id='line_1_27' title="bbox 1962 1244 3609 1330; baseline 0.003 -24"><span class='ocrx_word' id='word_1_152' title='bbox 1962 1247 2229 1319; x_wconf 86' lang='lat' dir='ltr'><strong>horrent,</strong></span> <span class='ocrx_word' id='word_1_153' title='bbox 2263 1264 2398 1306; x_wconf 91' lang='lat' dir='ltr'><strong>cum</strong></span> <span class='ocrx_word' id='word_1_154' title='bbox 2431 1264 2495 1306; x_wconf 91' lang='lat' dir='ltr'><strong>se</strong></span> <span class='ocrx_word' id='word_1_155' title='bbox 2527 1245 2841 1324; x_wconf 83' lang='lat' dir='ltr'><strong>episcopos</strong></span> <span class='ocrx_word' id='word_1_156' title='bbox 2875 1244 3193 1318; x_wconf 61' lang='lat' dir='ltr'><strong>praedicant</strong></span> <span class='ocrx_word' id='word_1_157' title='bbox 3222 1267 3238 1321; x_wconf 89' lang='lat'><strong>;</strong></span> <span class='ocrx_word' id='word_1_158' title='bbox 3274 1255 3332 1307; x_wconf 88' lang='lat' dir='ltr'><strong>et</strong></span> <span class='ocrx_word' id='word_1_159' title='bbox 3359 1249 3609 1330; x_wconf 61' lang='lat' dir='ltr'><strong>praesby-</strong></span> 
     </span>
    </p>
   </div>
   <div class='ocr_carea' id='block_1_28' title="bbox 1961 1332 3607 1413">
    <p class='ocr_par' dir='ltr' id='par_1_28' title="bbox 1961 1332 3607 1413">
     <span class='ocr_line' id='line_1_28' title="bbox 1961 1332 3607 1413; baseline 0.004 -19"><span class='ocrx_word' id='word_1_160' title='bbox 1961 1342 2220 1396; x_wconf 89' lang='lat' dir='ltr'><strong>terorum</strong></span> <span class='ocrx_word' id='word_1_161' title='bbox 2257 1332 2739 1395; x_wconf 88' lang='lat' dir='ltr'><strong>chrismainutile</strong></span> <span class='ocrx_word' id='word_1_162' title='bbox 2763 1332 3137 1413; x_wconf 83' lang='lat' dir='ltr'><strong>quiddam,et</strong></span> <span class='ocrx_word' id='word_1_163' title='bbox 3157 1333 3373 1396; x_wconf 84' lang='lat' dir='ltr'><strong>frustra</strong></span> <span class='ocrx_word' id='word_1_164' title='bbox 3390 1336 3607 1401; x_wconf 83' lang='lat' dir='ltr'><strong>factum</strong></span> 
     </span>
    </p>
   </div>
   <div class='ocr_carea' id='block_1_29' title="bbox 1961 1421 3611 1502">
    <p class='ocr_par' dir='ltr' id='par_1_29' title="bbox 1961 1421 3611 1502">
     <span class='ocr_line' id='line_1_29' title="bbox 1961 1421 3611 1502; baseline 0.002 -17"><span class='ocrx_word' id='word_1_165' title='bbox 1961 1423 2711 1486; x_wconf 68' lang='lat' dir='ltr'><strong>comminiscuntur-Estne</strong></span> <span class='ocrx_word' id='word_1_166' title='bbox 2741 1422 2896 1502; x_wconf 87' lang='lat' dir='ltr'><strong>quis,</strong></span> <span class='ocrx_word' id='word_1_167' title='bbox 2935 1421 3037 1502; x_wconf 89' lang='lat' dir='ltr'><strong>qui</strong></span> <span class='ocrx_word' id='word_1_168' title='bbox 3096 1424 3268 1483; x_wconf 91' lang='lat' dir='ltr'><strong>tatem</strong></span> <span class='ocrx_word' id='word_1_169' title='bbox 3319 1423 3611 1489; x_wconf 83' lang='lat' dir='ltr'><strong>insaniam</strong></span> 
     </span>
    </p>
   </div>
   <div class='ocr_carea' id='block_1_30' title="bbox 1960 1510 3621 1591">
    <p class='ocr_par' dir='ltr' id='par_1_30' title="bbox 1960 1510 3621 1591">
     <span class='ocr_line' id='line_1_30' title="bbox 1960 1510 3621 1591; baseline 0.003 -19"><span class='ocrx_word' id='word_1_170' title='bbox 1960 1512 2274 1591; x_wconf 73' lang='lat' dir='ltr'><strong>aliquando</strong></span> <span class='ocrx_word' id='word_1_171' title='bbox 2295 1512 2541 1573; x_wconf 86' lang='lat' dir='ltr'><strong>auribus</strong></span> <span class='ocrx_word' id='word_1_172' title='bbox 2569 1510 2967 1589; x_wconf 87' lang='lat' dir='ltr'><strong>audiit.quam</strong></span> <span class='ocrx_word' id='word_1_173' title='bbox 2993 1528 3110 1571; x_wconf 90' lang='lat' dir='ltr'><strong>non</strong></span> <span class='ocrx_word' id='word_1_174' title='bbox 3134 1511 3499 1576; x_wconf 84' lang='lat' dir='ltr'><strong>cohorruere</strong></span> <span class='ocrx_word' id='word_1_175' title='bbox 3528 1515 3621 1577; x_wconf 92' lang='lat' dir='ltr'><strong>in-</strong></span> 
     </span>
    </p>
   </div>
   <div class='ocr_carea' id='block_1_31' title="bbox 1963 1598 3616 1679">
    <p class='ocr_par' dir='ltr' id='par_1_31' title="bbox 1963 1598 3616 1679">
     <span class='ocr_line' id='line_1_31' title="bbox 1963 1598 3616 1679; baseline 0.004 -18"><span class='ocrx_word' id='word_1_176' title='bbox 1963 1602 2266 1664; x_wconf 88' lang='lat' dir='ltr'><strong>sanientes</strong></span> <span class='ocrx_word' id='word_1_177' title='bbox 2282 1602 2377 1663; x_wconf 88' lang='lat' dir='ltr'><strong>isti</strong></span> <span class='ocrx_word' id='word_1_178' title='bbox 2404 1600 2700 1662; x_wconf 81' lang='lat' dir='ltr'><strong>factitare?</strong></span> <span class='ocrx_word' id='word_1_179' title='bbox 2728 1598 2988 1661; x_wconf 88' lang='lat' dir='ltr'><strong>utsemel</strong></span> <span class='ocrx_word' id='word_1_180' title='bbox 3006 1610 3303 1679; x_wconf 86' lang='lat' dir='ltr'><strong>unguento</strong></span> <span class='ocrx_word' id='word_1_181' title='bbox 3317 1600 3616 1668; x_wconf 81' lang='lat' dir='ltr'><strong>delibatos</strong></span> 
     </span>
    </p>
   </div>
   <div class='ocr_carea' id='block_1_32' title="bbox 238 1688 1881 1777">
    <p class='ocr_par' dir='ltr' id='par_1_32' title="bbox 238 1689 1878 1771">
     <span class='ocr_line' id='line_1_32' title="bbox 238 1689 1878 1771; baseline 0.019 -29"><span class='ocrx_word' id='word_1_182' title='bbox 238 1690 568 1769; x_wconf 71' lang='grc' dir='ltr'>παρᾶφρονες</span> <span class='ocrx_word' id='word_1_183' title='bbox 627 1695 719 1750; x_wconf 70' lang='grc' dir='ltr'><strong>οὐκ</strong></span> <span class='ocrx_word' id='word_1_184' title='bbox 776 1691 1089 1771; x_wconf 69' lang='grc' dir='ltr'>ἒνείρκησαν,</span> <span class='ocrx_word' id='word_1_185' title='bbox 1159 1693 1281 1756; x_wconf 77' lang='grc' dir='ltr'>τοὺς</span> <span class='ocrx_word' id='word_1_186' title='bbox 1346 1689 1481 1755; x_wconf 79' lang='grc' dir='ltr'>ἅπαξ</span> <span class='ocrx_word' id='word_1_187' title='bbox 1553 1692 1699 1769; x_wconf 65' lang='grc' dir='ltr'>μύρῳ</span> <span class='ocrx_word' id='word_1_188' title='bbox 1751 1714 1878 1771; x_wconf 69' lang='grc' dir='ltr'><strong>χριο</strong></span> 
     </span>
    </p>
   </div>
   <div class='ocr_carea' id='block_1_33' title="bbox 1966 1688 3618 1777">
    <p class='ocr_par' dir='ltr' id='par_1_33' title="bbox 1966 1688 3618 1777">
     <span class='ocr_line' id='line_1_33' title="bbox 1966 1688 3618 1777; baseline 0.004 -26"><span class='ocrx_word' id='word_1_189' title='bbox 1966 1708 2174 1752; x_wconf 88' lang='lat' dir='ltr'><strong>rursus</strong></span> <span class='ocrx_word' id='word_1_190' title='bbox 2207 1691 2587 1768; x_wconf 80' lang='lat' dir='ltr'><strong>inungerent,</strong></span> <span class='ocrx_word' id='word_1_191' title='bbox 2619 1699 2675 1751; x_wconf 91' lang='lat' dir='ltr'><strong>et</strong></span> <span class='ocrx_word' id='word_1_192' title='bbox 2700 1699 2945 1768; x_wconf 84' lang='lat' dir='ltr'><strong>augusta</strong></span> <span class='ocrx_word' id='word_1_193' title='bbox 2972 1688 3426 1777; x_wconf 86' lang='lat' dir='ltr'><strong>illa,divinaque</strong></span> <span class='ocrx_word' id='word_1_194' title='bbox 3455 1711 3618 1777; x_wconf 79' lang='lat' dir='ltr'><strong>mys-</strong></span> 
     </span>
    </p>
   </div>
   <div class='ocr_carea' id='block_1_34' title="bbox 237 1777 1880 1860">
    <p class='ocr_par' dir='ltr' id='par_1_34' title="bbox 237 1777 1880 1860">
     <span class='ocr_line' id='line_1_34' title="bbox 237 1777 1880 1860; baseline 0.003 -28"><span class='ocrx_word' id='word_1_195' title='bbox 237 1777 453 1841; x_wconf 79' lang='grc' dir='ltr'>σθέντας</span> <span class='ocrx_word' id='word_1_196' title='bbox 516 1779 881 1859; x_wconf 75' lang='grc' dir='ltr'>ἀναχρίοντες,</span> <span class='ocrx_word' id='word_1_197' title='bbox 929 1782 1016 1837; x_wconf 85' lang='grc' dir='ltr'><strong>καὶ</strong></span> <span class='ocrx_word' id='word_1_198' title='bbox 1071 1781 1138 1836; x_wconf 85' lang='grc' dir='ltr'><strong>τά</strong></span> <span class='ocrx_word' id='word_1_199' title='bbox 1192 1787 1297 1837; x_wconf 85' lang='grc' dir='ltr'>τῶν</span> <span class='ocrx_word' id='word_1_200' title='bbox 1345 1781 1671 1859; x_wconf 78' lang='grc' dir='ltr'>Χριστιανῶν</span> <span class='ocrx_word' id='word_1_201' title='bbox 1725 1783 1880 1860; x_wconf 69' lang='lat' dir='ltr'><strong>{mep-</strong></span> 
     </span>
    </p>
   </div>
   <div class='ocr_carea' id='block_1_35' title="bbox 238 1868 1877 1948">
    <p class='ocr_par' dir='ltr' id='par_1_35' title="bbox 238 1868 1877 1948">
     <span class='ocr_line' id='line_1_35' title="bbox 238 1868 1877 1948; baseline 0.002 -26"><span class='ocrx_word' id='word_1_202' title='bbox 238 1872 344 1947; x_wconf 61' lang='grc' dir='ltr'>τί,υῆ</span> <span class='ocrx_word' id='word_1_203' title='bbox 394 1869 481 1924; x_wconf 86' lang='grc' dir='ltr'><strong>καὶ</strong></span> <span class='ocrx_word' id='word_1_204' title='bbox 537 1871 656 1926; x_wconf 75' lang='grc' dir='ltr'>θεῖα</span> <span class='ocrx_word' id='word_1_205' title='bbox 713 1870 974 1947; x_wconf 75' lang='grc' dir='ltr'>μυστήρια</span> <span class='ocrx_word' id='word_1_206' title='bbox 1032 1871 1104 1932; x_wconf 78' lang='grc' dir='ltr'>εἷς</span> <span class='ocrx_word' id='word_1_207' title='bbox 1153 1868 1315 1947; x_wconf 76' lang='grc' dir='ltr'>λῆρον</span> <span class='ocrx_word' id='word_1_208' title='bbox 1346 1870 1534 1948; x_wconf 84' lang='grc' dir='ltr'>μιαρὸν</span> <span class='ocrx_word' id='word_1_209' title='bbox 1563 1872 1650 1926; x_wconf 86' lang='grc' dir='ltr'><strong>καὶ</strong></span> <span class='ocrx_word' id='word_1_210' title='bbox 1678 1868 1877 1927; x_wconf 86' lang='grc' dir='ltr'>πλατὺν</span> 
     </span>
    </p>
   </div>
   <div class='ocr_carea' id='block_1_36' title="bbox 238 1955 1877 2039">
    <p class='ocr_par' dir='ltr' id='par_1_36' title="bbox 238 1955 1877 2039">
     <span class='ocr_line' id='line_1_36' title="bbox 238 1955 1877 2039; baseline 0.002 -28"><span class='ocrx_word' id='word_1_211' title='bbox 238 1955 622 2034; x_wconf 82' lang='grc' dir='ltr'>ἀξορχούμενοι</span> <span class='ocrx_word' id='word_1_212' title='bbox 665 1956 870 2036; x_wconf 83' lang='grc' dir='ltr'>γέλωτα</span> <span class='ocrx_word' id='word_1_213' title='bbox 904 1980 920 2033; x_wconf 85' lang='grc'>;</span> <span class='ocrx_word' id='word_1_214' title='bbox 970 1961 1066 2016; x_wconf 83' lang='grc' dir='ltr'><strong>Καὶ</strong></span> <span class='ocrx_word' id='word_1_215' title='bbox 1096 1961 1157 2014; x_wconf 80' lang='grc' dir='ltr'>τὸ</span> <span class='ocrx_word' id='word_1_216' title='bbox 1201 1980 1261 2037; x_wconf 80' lang='grc' dir='ltr'><strong>γε</strong></span> <span class='ocrx_word' id='word_1_217' title='bbox 1304 1960 1464 2039; x_wconf 75' lang='grc' dir='ltr'>σοφὸν</span> <span class='ocrx_word' id='word_1_218' title='bbox 1501 1963 1607 2014; x_wconf 83' lang='grc' dir='ltr'>τῶν</span> <span class='ocrx_word' id='word_1_219' title='bbox 1636 1961 1707 2024; x_wconf 79' lang='grc' dir='ltr'>ὡς</span> <span class='ocrx_word' id='word_1_220' title='bbox 1736 1958 1877 2026; x_wconf 86' lang='grc' dir='ltr'>ἀλη-</span> 
     </span>
    </p>
   </div>
   <div class='ocr_carea' id='block_1_37' title="bbox 237 2043 1877 2126">
    <p class='ocr_par' dir='ltr' id='par_1_37' title="bbox 237 2043 1877 2126">
     <span class='ocr_line' id='line_1_37' title="bbox 237 2043 1877 2126; baseline 0.002 -28"><span class='ocrx_word' id='word_1_221' title='bbox 237 2045 343 2106; x_wconf 77' lang='grc' dir='ltr'><strong>θῶς</strong></span> <span class='ocrx_word' id='word_1_222' title='bbox 413 2043 666 2119; x_wconf 76' lang='grc' dir='ltr'><strong>ἀμυήτων</strong></span> <span class='ocrx_word' id='word_1_223' title='bbox 701 2062 714 2075; x_wconf 87' lang='grc'><em>’</em></span> <span class='ocrx_word' id='word_1_224' title='bbox 779 2048 852 2104; x_wconf 73' lang='grc' dir='ltr'>Οὔ</span> <span class='ocrx_word' id='word_1_225' title='bbox 906 2047 1005 2124; x_wconf 78' lang='grc' dir='ltr'>γὰρ</span> <span class='ocrx_word' id='word_1_226' title='bbox 1061 2043 1251 2121; x_wconf 74' lang='grc' dir='ltr'>ἔξεστι,</span> <span class='ocrx_word' id='word_1_227' title='bbox 1308 2045 1492 2126; x_wconf 76' lang='grc' dir='ltr'>φασὶν,</span> <span class='ocrx_word' id='word_1_228' title='bbox 1537 2047 1726 2125; x_wconf 76' lang='grc' dir='ltr'>ἱερεῦσι</span> <span class='ocrx_word' id='word_1_229' title='bbox 1757 2046 1877 2111; x_wconf 80' lang='grc' dir='ltr'>τοὺς</span> 
     </span>
    </p>
   </div>
   <div class='ocr_carea' id='block_1_38' title="bbox 240 2131 1876 2214">
    <p class='ocr_par' dir='ltr' id='par_1_38' title="bbox 240 2131 1876 2214">
     <span class='ocr_line' id='line_1_38' title="bbox 240 2131 1876 2214; baseline 0.002 -28"><span class='ocrx_word' id='word_1_230' title='bbox 240 2131 587 2208; x_wconf 79' lang='grc' dir='ltr'>τελουμένους</span> <span class='ocrx_word' id='word_1_231' title='bbox 644 2135 791 2214; x_wconf 77' lang='grc' dir='ltr'>μύρῳ</span> <span class='ocrx_word' id='word_1_232' title='bbox 856 2135 1090 2213; x_wconf 80' lang='grc' dir='ltr'>ἀγιάζειν</span> <span class='ocrx_word' id='word_1_233' title='bbox 1123 2154 1136 2168; x_wconf 87' lang='grc'>⁶</span> <span class='ocrx_word' id='word_1_234' title='bbox 1186 2134 1484 2214; x_wconf 71' lang='grc' dir='ltr'>ἀρχιερεῦσι</span> <span class='ocrx_word' id='word_1_235' title='bbox 1552 2136 1652 2213; x_wconf 78' lang='grc' dir='ltr'><strong>γὰρ</strong></span> <span class='ocrx_word' id='word_1_236' title='bbox 1696 2135 1876 2210; x_wconf 88' lang='grc' dir='ltr'>μόνοις</span> 
     </span>
    </p>
   </div>
   <div class='ocr_carea' id='block_1_39' title="bbox 239 2220 1876 2303">
    <p class='ocr_par' dir='ltr' id='par_1_39' title="bbox 239 2220 1876 2303">
     <span class='ocr_line' id='line_1_39' title="bbox 239 2220 1876 2303; baseline 0.001 -26"><span class='ocrx_word' id='word_1_237' title='bbox 239 2220 513 2296; x_wconf 79' lang='grc' dir='ltr'>ἐνομίσθη.</span> <span class='ocrx_word' id='word_1_238' title='bbox 562 2223 726 2279; x_wconf 81' lang='grc' dir='ltr'>Πόθεν</span> <span class='ocrx_word' id='word_1_239' title='bbox 756 2226 784 2280; x_wconf 86' lang='grc' dir='ltr'><strong>ὁ</strong></span> <span class='ocrx_word' id='word_1_240' title='bbox 826 2224 986 2298; x_wconf 84' lang='grc' dir='ltr'>νόμος</span> <span class='ocrx_word' id='word_1_241' title='bbox 1022 2246 1039 2296; x_wconf 85' lang='lat'><strong>;</strong></span> <span class='ocrx_word' id='word_1_242' title='bbox 1093 2225 1170 2287; x_wconf 81' lang='grc' dir='ltr'><strong>τίς</strong></span> <span class='ocrx_word' id='word_1_243' title='bbox 1198 2222 1242 2280; x_wconf 83' lang='grc' dir='ltr'>δ’</span> <span class='ocrx_word' id='word_1_244' title='bbox 1277 2227 1305 2280; x_wconf 87' lang='lat'><strong>6</strong></span> <span class='ocrx_word' id='word_1_245' title='bbox 1348 2222 1634 2299; x_wconf 81' lang='grc' dir='ltr'>νομοθέτης</span> <span class='ocrx_word' id='word_1_246' title='bbox 1670 2243 1686 2303; x_wconf 84' lang='grc'><strong>;</strong></span> <span class='ocrx_word' id='word_1_247' title='bbox 1720 2237 1876 2287; x_wconf 75' lang='grc' dir='ltr'>ποῖος</span> 
     </span>
    </p>
   </div>
   <div class='ocr_carea' id='block_1_40' title="bbox 236 2310 1874 2393">
    <p class='ocr_par' dir='ltr' id='par_1_40' title="bbox 236 2310 1874 2393">
     <span class='ocr_line' id='line_1_40' title="bbox 236 2310 1874 2393; baseline 0.001 -26"><span class='ocrx_word' id='word_1_248' title='bbox 236 2317 347 2367; x_wconf 80' lang='grc' dir='ltr'><strong>τῶν</strong></span> <span class='ocrx_word' id='word_1_249' title='bbox 386 2311 718 2383; x_wconf 82' lang='grc' dir='ltr'>ἀποστόλων,</span> <span class='ocrx_word' id='word_1_250' title='bbox 763 2319 869 2369; x_wconf 84' lang='grc' dir='ltr'><strong>τῶν</strong></span> <span class='ocrx_word' id='word_1_251' title='bbox 913 2312 1157 2383; x_wconf 84' lang='grc' dir='ltr'>Πατέρων</span> <span class='ocrx_word' id='word_1_252' title='bbox 1200 2310 1277 2393; x_wconf 77' lang='grc' dir='ltr'>δὲ,</span> <span class='ocrx_word' id='word_1_253' title='bbox 1324 2312 1460 2374; x_wconf 87' lang='grc' dir='ltr'><strong>ἀλλά</strong></span> <span class='ocrx_word' id='word_1_254' title='bbox 1489 2320 1594 2370; x_wconf 83' lang='grc' dir='ltr'><strong>τῶν</strong></span> <span class='ocrx_word' id='word_1_255' title='bbox 1625 2311 1874 2386; x_wconf 81' lang='grc' dir='ltr'>συνόδων,</span> 
     </span>
    </p>
   </div>
   <div class='ocr_carea' id='block_1_41' title="bbox 239 2400 1884 2482">
    <p class='ocr_par' dir='ltr' id='par_1_41' title="bbox 239 2400 1884 2482">
     <span class='ocr_line' id='line_1_41' title="bbox 239 2400 1884 2482; baseline 0.002 -26"><span class='ocrx_word' id='word_1_256' title='bbox 239 2401 277 2467; x_wconf 75' lang='grc' dir='ltr'>ἢ</span> <span class='ocrx_word' id='word_1_257' title='bbox 323 2407 423 2456; x_wconf 80' lang='grc' dir='ltr'>ποῦ</span> <span class='ocrx_word' id='word_1_258' title='bbox 470 2402 559 2457; x_wconf 85' lang='grc' dir='ltr'>καὶ</span> <span class='ocrx_word' id='word_1_259' title='bbox 613 2401 742 2458; x_wconf 87' lang='grc' dir='ltr'>πότε</span> <span class='ocrx_word' id='word_1_260' title='bbox 814 2408 1079 2479; x_wconf 81' lang='grc' dir='ltr'>συστᾶσα,</span> <span class='ocrx_word' id='word_1_261' title='bbox 1121 2402 1275 2458; x_wconf 87' lang='grc' dir='ltr'>τίνων</span> <span class='ocrx_word' id='word_1_262' title='bbox 1320 2400 1373 2458; x_wconf 79' lang='grc' dir='ltr'><strong>δέ</strong></span> <span class='ocrx_word' id='word_1_263' title='bbox 1428 2404 1735 2482; x_wconf 73' lang='grc' dir='ltr'>κρατήσασα</span> <span class='ocrx_word' id='word_1_264' title='bbox 1778 2404 1884 2477; x_wconf 80' lang='grc' dir='ltr'><strong>ψή-</strong></span> 
     </span>
    </p>
   </div>
   <div class='ocr_carea' id='block_1_42' title="bbox 238 2488 1881 2570">
    <p class='ocr_par' dir='ltr' id='par_1_42' title="bbox 238 2488 1881 2570">
     <span class='ocr_line' id='line_1_42' title="bbox 238 2488 1881 2570; baseline 0.001 -25"><span class='ocrx_word' id='word_1_265' title='bbox 238 2511 360 2570; x_wconf 74' lang='grc' dir='ltr'>φοις</span> <span class='ocrx_word' id='word_1_266' title='bbox 399 2509 415 2569; x_wconf 82' lang='grc'>;</span> <span class='ocrx_word' id='word_1_267' title='bbox 492 2488 641 2547; x_wconf 83' lang='grc' dir='ltr'>Ἀλλ’</span> <span class='ocrx_word' id='word_1_268' title='bbox 685 2493 779 2548; x_wconf 79' lang='grc' dir='ltr'><strong>οὐκ</strong></span> <span class='ocrx_word' id='word_1_269' title='bbox 834 2490 1031 2557; x_wconf 73' lang='grc' dir='ltr'>ἔξεστιν</span> <span class='ocrx_word' id='word_1_270' title='bbox 1084 2494 1246 2570; x_wconf 76' lang='grc' dir='ltr'>ἱερεῖς</span> <span class='ocrx_word' id='word_1_271' title='bbox 1291 2492 1437 2569; x_wconf 80' lang='grc' dir='ltr'>μύρῳ</span> <span class='ocrx_word' id='word_1_272' title='bbox 1476 2492 1595 2556; x_wconf 80' lang='grc' dir='ltr'>τοὺς</span> <span class='ocrx_word' id='word_1_273' title='bbox 1624 2492 1881 2569; x_wconf 85' lang='grc' dir='ltr'>βαπτιζο-</span> 
     </span>
    </p>
   </div>
   <div class='ocr_carea' id='block_1_43' title="bbox 238 2578 1878 2659">
    <p class='ocr_par' dir='ltr' id='par_1_43' title="bbox 238 2578 1878 2659">
     <span class='ocr_line' id='line_1_43' title="bbox 238 2578 1878 2659; baseline 0.002 -24"><span class='ocrx_word' id='word_1_274' title='bbox 238 2578 433 2653; x_wconf 80' lang='grc' dir='ltr'>μένους</span> <span class='ocrx_word' id='word_1_275' title='bbox 492 2580 810 2659; x_wconf 74' lang='grc' dir='ltr'>σιρραγίζειν.</span> <span class='ocrx_word' id='word_1_276' title='bbox 901 2580 1097 2640; x_wconf 71' lang='grc' dir='ltr'>Οὖκοῦν</span> <span class='ocrx_word' id='word_1_277' title='bbox 1192 2579 1307 2639; x_wconf 75' lang='grc' dir='ltr'><strong>οὒδέ</strong></span> <span class='ocrx_word' id='word_1_278' title='bbox 1394 2581 1661 2658; x_wconf 77' lang='grc' dir='ltr'>βαπτίζειν</span> <span class='ocrx_word' id='word_1_279' title='bbox 1718 2581 1878 2655; x_wconf 80' lang='grc' dir='ltr'>ὅλως,</span> 
     </span>
    </p>
   </div>
   <div class='ocr_carea' id='block_1_44' title="bbox 237 2667 1878 2750">
    <p class='ocr_par' dir='ltr' id='par_1_44' title="bbox 237 2667 1878 2750">
     <span class='ocr_line' id='line_1_44' title="bbox 237 2667 1878 2750; baseline 0.001 -25"><span class='ocrx_word' id='word_1_280' title='bbox 237 2667 355 2728; x_wconf 67' lang='grc' dir='ltr'><strong>οὐδὲ</strong></span> <span class='ocrx_word' id='word_1_281' title='bbox 411 2671 640 2747; x_wconf 74' lang='grc' dir='ltr'>ἱερᾶσθαι</span> <span class='ocrx_word' id='word_1_282' title='bbox 698 2668 852 2750; x_wconf 30' lang='grc' dir='ltr'>ἄρα..</span> <span class='ocrx_word' id='word_1_283' title='bbox 879 2668 969 2727; x_wconf 76' lang='grc' dir='ltr'><strong>ἵνα</strong></span> <span class='ocrx_word' id='word_1_284' title='bbox 1028 2692 1109 2728; x_wconf 83' lang='grc' dir='ltr'><strong>σοι</strong></span> <span class='ocrx_word' id='word_1_285' title='bbox 1159 2668 1294 2746; x_wconf 77' lang='grc' dir='ltr'>μηδὲ</span> <span class='ocrx_word' id='word_1_286' title='bbox 1324 2670 1587 2745; x_wconf 71' lang='grc' dir='ltr'>ἡμίτομος</span> <span class='ocrx_word' id='word_1_287' title='bbox 1619 2673 1647 2726; x_wconf 97' lang='lat'><strong>6</strong></span> <span class='ocrx_word' id='word_1_288' title='bbox 1690 2672 1878 2748; x_wconf 78' lang='grc' dir='ltr'>ἱερεὺς,</span> 
     </span>
    </p>
   </div>
   <div class='ocr_carea' id='block_1_45' title="bbox 238 2756 1876 2838">
    <p class='ocr_par' dir='ltr' id='par_1_45' title="bbox 238 2756 1876 2838">
     <span class='ocr_line' id='line_1_45' title="bbox 238 2756 1876 2838; baseline 0.001 -24"><span class='ocrx_word' id='word_1_289' title='bbox 238 2756 362 2814; x_wconf 76' lang='grc' dir='ltr'>ἀλλ’</span> <span class='ocrx_word' id='word_1_290' title='bbox 392 2756 682 2837; x_wconf 84' lang='grc' dir='ltr'>ὁλόκληρος</span> <span class='ocrx_word' id='word_1_291' title='bbox 726 2760 800 2823; x_wconf 83' lang='grc' dir='ltr'><strong>εἰς</strong></span> <span class='ocrx_word' id='word_1_292' title='bbox 836 2758 1035 2837; x_wconf 76' lang='grc' dir='ltr'>ἀνίερον</span> <span class='ocrx_word' id='word_1_293' title='bbox 1074 2757 1165 2825; x_wconf 74' lang='grc' dir='ltr'><strong>εἴη</strong></span> <span class='ocrx_word' id='word_1_294' title='bbox 1194 2758 1392 2838; x_wconf 81' lang='grc' dir='ltr'>κλῆρον</span> <span class='ocrx_word' id='word_1_295' title='bbox 1422 2758 1876 2833; x_wconf 80' lang='grc' dir='ltr'>ἐπεληλασμένος.</span> 
     </span>
    </p>
   </div>
   <div class='ocr_carea' id='block_1_46' title="bbox 242 2838 1876 2927">
    <p class='ocr_par' dir='ltr' id='par_1_46' title="bbox 242 2838 1876 2927">
     <span class='ocr_line' id='line_1_46' title="bbox 242 2838 1876 2927; baseline 0 -22"><span class='ocrx_word' id='word_1_296' title='bbox 242 2838 529 2926; x_wconf 74' lang='grc' dir='ltr'>Ἰερουργεϊ</span> <span class='ocrx_word' id='word_1_297' title='bbox 586 2849 648 2905; x_wconf 79' lang='grc' dir='ltr'>τὸ</span> <span class='ocrx_word' id='word_1_298' title='bbox 716 2851 1039 2906; x_wconf 84' lang='grc' dir='ltr'>Δεσποτικὸν</span> <span class='ocrx_word' id='word_1_299' title='bbox 1091 2854 1247 2923; x_wconf 82' lang='grc' dir='ltr'>σῶμα</span> <span class='ocrx_word' id='word_1_300' title='bbox 1315 2851 1404 2905; x_wconf 84' lang='grc' dir='ltr'><strong>καὶ</strong></span> <span class='ocrx_word' id='word_1_301' title='bbox 1447 2849 1588 2924; x_wconf 77' lang='grc' dir='ltr'>αἷμα</span> <span class='ocrx_word' id='word_1_302' title='bbox 1632 2856 1876 2927; x_wconf 80' lang='grc' dir='ltr'>Χριστοῦ,</span> 
     </span>
    </p>
   </div>
   <div class='ocr_carea' id='block_1_47' title="bbox 238 2935 1879 3017">
    <p class='ocr_par' dir='ltr' id='par_1_47' title="bbox 238 2935 1879 3017">
     <span class='ocr_line' id='line_1_47' title="bbox 238 2935 1879 3017; baseline 0.001 -25"><span class='ocrx_word' id='word_1_303' title='bbox 238 2937 329 2992; x_wconf 84' lang='grc' dir='ltr'><strong>καὶ</strong></span> <span class='ocrx_word' id='word_1_304' title='bbox 384 2938 505 2999; x_wconf 86' lang='grc' dir='ltr'>τοὺς</span> <span class='ocrx_word' id='word_1_305' title='bbox 561 2935 726 2995; x_wconf 83' lang='grc' dir='ltr'>πάλαι</span> <span class='ocrx_word' id='word_1_306' title='bbox 800 2937 1310 3017; x_wconf 86' lang='grc' dir='ltr'>μυσταγωγηθέντας</span> <span class='ocrx_word' id='word_1_307' title='bbox 1368 2935 1434 2993; x_wconf 78' lang='grc' dir='ltr'>δι’</span> <span class='ocrx_word' id='word_1_308' title='bbox 1501 2939 1670 2994; x_wconf 71' lang='grc' dir='ltr'>αὐτῶν</span> <span class='ocrx_word' id='word_1_309' title='bbox 1710 2940 1879 2994; x_wconf 86' lang='grc' dir='ltr'>καθα-</span> 
     </span>
    </p>
   </div>
   <div class='ocr_carea' id='block_1_48' title="bbox 239 3024 1881 3106">
    <p class='ocr_par' dir='ltr' id='par_1_48' title="bbox 239 3024 1881 3106">
     <span class='ocr_line' id='line_1_48' title="bbox 239 3024 1881 3106; baseline 0.001 -26"><span class='ocrx_word' id='word_1_310' title='bbox 239 3024 414 3102; x_wconf 82' lang='grc' dir='ltr'>γιάζει</span> <span class='ocrx_word' id='word_1_311' title='bbox 444 3044 461 3061; x_wconf 80' lang='grc'><strong><em>⁸</em></strong></span> <span class='ocrx_word' id='word_1_312' title='bbox 506 3030 622 3090; x_wconf 81' lang='grc' dir='ltr'><strong>πῶς</strong></span> <span class='ocrx_word' id='word_1_313' title='bbox 674 3028 778 3106; x_wconf 70' lang='grc' dir='ltr'>οὐχ</span> <span class='ocrx_word' id='word_1_314' title='bbox 833 3027 1041 3105; x_wconf 82' lang='grc' dir='ltr'>ἀγιάσει</span> <span class='ocrx_word' id='word_1_315' title='bbox 1082 3027 1232 3105; x_wconf 81' lang='grc' dir='ltr'>μύρῳ</span> <span class='ocrx_word' id='word_1_316' title='bbox 1286 3027 1453 3106; x_wconf 82' lang='grc' dir='ltr'>χρίων</span> <span class='ocrx_word' id='word_1_317' title='bbox 1509 3027 1628 3089; x_wconf 80' lang='grc' dir='ltr'>τοὺς</span> <span class='ocrx_word' id='word_1_318' title='bbox 1660 3033 1745 3082; x_wconf 79' lang='grc' dir='ltr'>νῦν</span> <span class='ocrx_word' id='word_1_319' title='bbox 1787 3047 1881 3081; x_wconf 81' lang='grc' dir='ltr'>τε·</span> 
     </span>
    </p>
   </div>
   <div class='ocr_carea' id='block_1_49' title="bbox 238 3114 1884 3198">
    <p class='ocr_par' dir='ltr' id='par_1_49' title="bbox 238 3114 1884 3198">
     <span class='ocr_line' id='line_1_49' title="bbox 238 3114 1884 3198; baseline 0.001 -27"><span class='ocrx_word' id='word_1_320' title='bbox 238 3114 577 3192; x_wconf 85' lang='grc' dir='ltr'>λουμένους;</span> <span class='ocrx_word' id='word_1_321' title='bbox 640 3118 881 3189; x_wconf 84' lang='grc' dir='ltr'>Βαπτίζει</span> <span class='ocrx_word' id='word_1_322' title='bbox 927 3120 955 3174; x_wconf 89' lang='lat'><strong>6</strong></span> <span class='ocrx_word' id='word_1_323' title='bbox 1008 3119 1198 3198; x_wconf 77' lang='grc' dir='ltr'>ἱερεὺς,</span> <span class='ocrx_word' id='word_1_324' title='bbox 1258 3118 1541 3196; x_wconf 76' lang='grc' dir='ltr'>καθάρσιον</span> <span class='ocrx_word' id='word_1_325' title='bbox 1582 3115 1747 3196; x_wconf 79' lang='grc' dir='ltr'>δῶρον</span> <span class='ocrx_word' id='word_1_326' title='bbox 1807 3121 1884 3189; x_wconf 83' lang='grc' dir='ltr'><strong>τῷ</strong></span> 
     </span>
    </p>
   </div>
   <div class='ocr_carea' id='block_1_50' title="bbox 238 3204 1883 3286">
    <p class='ocr_par' dir='ltr' id='par_1_50' title="bbox 238 3204 1883 3286">
     <span class='ocr_line' id='line_1_50' title="bbox 238 3204 1883 3286; baseline 0.001 -26"><span class='ocrx_word' id='word_1_327' title='bbox 238 3204 613 3281; x_wconf 86' lang='grc' dir='ltr'>βαπτιζομένῳ</span> <span class='ocrx_word' id='word_1_328' title='bbox 707 3204 1114 3286; x_wconf 80' lang='grc' dir='ltr'>τελεσιουργῶν,</span> <span class='ocrx_word' id='word_1_329' title='bbox 1199 3212 1314 3270; x_wconf 78' lang='grc' dir='ltr'>πῶς</span> <span class='ocrx_word' id='word_1_330' title='bbox 1391 3207 1434 3262; x_wconf 84' lang='grc' dir='ltr'>εἰ</span> <span class='ocrx_word' id='word_1_331' title='bbox 1523 3204 1883 3284; x_wconf 74' lang='grc' dir='ltr'>τελεσιουργὸς</span> 
     </span>
    </p>
   </div>
   <div class='ocr_carea' id='block_1_51' title="bbox 242 3294 1884 3375">
    <p class='ocr_par' dir='ltr' id='par_1_51' title="bbox 242 3294 1884 3375">
     <span class='ocr_line' id='line_1_51' title="bbox 242 3294 1884 3375; baseline -0.001 -25"><span class='ocrx_word' id='word_1_332' title='bbox 242 3295 401 3357; x_wconf 72' lang='grc' dir='ltr'>αὐτὸς</span> <span class='ocrx_word' id='word_1_333' title='bbox 458 3294 688 3374; x_wconf 74' lang='grc' dir='ltr'>ὑπάρχει</span> <span class='ocrx_word' id='word_1_334' title='bbox 771 3295 1092 3374; x_wconf 75' lang='grc' dir='ltr'>καθάρσεως,</span> <span class='ocrx_word' id='word_1_335' title='bbox 1198 3295 1508 3375; x_wconf 66' lang='grc' dir='ltr'>ἀφαιρήσεις</span> <span class='ocrx_word' id='word_1_336' title='bbox 1574 3299 1729 3354; x_wconf 74' lang='grc' dir='ltr'>αὐτοῦ</span> <span class='ocrx_word' id='word_1_337' title='bbox 1784 3294 1884 3361; x_wconf 78' lang='grc' dir='ltr'><strong>τὴν</strong></span> 
     </span>
    </p>
   </div>
   <div class='ocr_carea' id='block_1_52' title="bbox 240 3380 1881 3463">
    <p class='ocr_par' dir='ltr' id='par_1_52' title="bbox 240 3380 1881 3463">
     <span class='ocr_line' id='line_1_52' title="bbox 240 3380 1881 3463; baseline 0 -25"><span class='ocrx_word' id='word_1_338' title='bbox 240 3381 486 3463; x_wconf 69' lang='grc' dir='ltr'>φυλακὴν</span> <span class='ocrx_word' id='word_1_339' title='bbox 526 3385 614 3441; x_wconf 81' lang='grc' dir='ltr'>καὶ</span> <span class='ocrx_word' id='word_1_340' title='bbox 656 3406 822 3462; x_wconf 66' lang='grc' dir='ltr'>σφραγ</span> <span class='ocrx_word' id='word_1_341' title='bbox 834 3383 923 3441; x_wconf 77' lang='grc' dir='ltr'><strong>ἷδα</strong></span> <span class='ocrx_word' id='word_1_342' title='bbox 955 3403 971 3459; x_wconf 87' lang='grc'>;</span> <span class='ocrx_word' id='word_1_343' title='bbox 1001 3383 1152 3441; x_wconf 80' lang='grc' dir='ltr'>Ἀλλ’</span> <span class='ocrx_word' id='word_1_344' title='bbox 1178 3383 1421 3463; x_wconf 71' lang='grc' dir='ltr'>ἀφαιρεῖς</span> <span class='ocrx_word' id='word_1_345' title='bbox 1465 3384 1564 3450; x_wconf 74' lang='grc' dir='ltr'><strong>τὴν</strong></span> <span class='ocrx_word' id='word_1_346' title='bbox 1595 3380 1881 3463; x_wconf 77' lang='grc' dir='ltr'>σφαργϊδα,</span> 
     </span>
    </p>
   </div>
   <div class='ocr_carea' id='block_1_53' title="bbox 245 3469 1887 3552">
    <p class='ocr_par' dir='ltr' id='par_1_53' title="bbox 245 3469 1887 3552">
     <span class='ocr_line' id='line_1_53' title="bbox 245 3469 1887 3552; baseline 0.001 -26"><span class='ocrx_word' id='word_1_347' title='bbox 245 3469 377 3548; x_wconf 73' lang='grc' dir='ltr'>μηδ’</span> <span class='ocrx_word' id='word_1_348' title='bbox 434 3473 718 3552; x_wconf 78' lang='grc' dir='ltr'>ὑπηρετεῖν</span> <span class='ocrx_word' id='word_1_349' title='bbox 776 3472 1074 3550; x_wconf 68' lang='grc' dir='ltr'>ἐπιτρέψειε</span> <span class='ocrx_word' id='word_1_350' title='bbox 1131 3480 1208 3548; x_wconf 80' lang='grc' dir='ltr'>τῷ</span> <span class='ocrx_word' id='word_1_351' title='bbox 1250 3471 1420 3552; x_wconf 83' lang='grc' dir='ltr'>δώρῳ,</span> <span class='ocrx_word' id='word_1_352' title='bbox 1475 3471 1600 3549; x_wconf 85' lang='grc' dir='ltr'>μηδ’</span> <span class='ocrx_word' id='word_1_353' title='bbox 1649 3473 1703 3528; x_wconf 81' lang='grc' dir='ltr'>ὲν</span> <span class='ocrx_word' id='word_1_354' title='bbox 1746 3474 1887 3546; x_wconf 67' lang='grc' dir='ltr'>αὐτῷ</span> 
     </span>
    </p>
   </div>
   <div class='ocr_carea' id='block_1_54' title="bbox 242 3561 1885 3642">
    <p class='ocr_par' dir='ltr' id='par_1_54' title="bbox 242 3561 1885 3642">
     <span class='ocr_line' id='line_1_54' title="bbox 242 3561 1885 3642; baseline 0.001 -24"><span class='ocrx_word' id='word_1_355' title='bbox 242 3583 392 3626; x_wconf 85' lang='grc' dir='ltr'>τινας</span> <span class='ocrx_word' id='word_1_356' title='bbox 445 3561 855 3642; x_wconf 76' lang='grc' dir='ltr'>τελεσιουργεϊν,</span> <span class='ocrx_word' id='word_1_357' title='bbox 888 3561 978 3618; x_wconf 75' lang='grc' dir='ltr'><strong>ἵνα</strong></span> <span class='ocrx_word' id='word_1_358' title='bbox 1021 3584 1079 3618; x_wconf 85' lang='grc' dir='ltr'><strong>σε</strong></span> <span class='ocrx_word' id='word_1_359' title='bbox 1109 3576 1333 3640; x_wconf 76' lang='grc' dir='ltr'>γυμνοῖς</span> <span class='ocrx_word' id='word_1_360' title='bbox 1365 3566 1393 3619; x_wconf 87' lang='lat'><strong>6</strong></span> <span class='ocrx_word' id='word_1_361' title='bbox 1442 3565 1530 3625; x_wconf 80' lang='grc' dir='ltr'>σὸς</span> <span class='ocrx_word' id='word_1_362' title='bbox 1574 3563 1739 3642; x_wconf 73' lang='grc' dir='ltr'>ἱερεὺς</span> <span class='ocrx_word' id='word_1_363' title='bbox 1795 3565 1885 3619; x_wconf 77' lang='grc' dir='ltr'><strong>ἒν-</strong></span> 
     </span>
    </p>
   </div>
   <div class='ocr_carea' id='block_1_55' title="bbox 240 3647 1887 3731">
    <p class='ocr_par' dir='ltr' id='par_1_55' title="bbox 240 3647 1887 3731">
     <span class='ocr_line' id='line_1_55' title="bbox 240 3647 1887 3731; baseline 0.001 -26"><span class='ocrx_word' id='word_1_364' title='bbox 240 3647 546 3729; x_wconf 86' lang='grc' dir='ltr'>διαπρέπων</span> <span class='ocrx_word' id='word_1_365' title='bbox 601 3651 849 3730; x_wconf 87' lang='grc' dir='ltr'>ὀνόμασι,</span> <span class='ocrx_word' id='word_1_366' title='bbox 903 3655 1000 3718; x_wconf 76' lang='grc' dir='ltr'>τῆς</span> <span class='ocrx_word' id='word_1_367' title='bbox 1075 3653 1237 3717; x_wconf 66' lang='grc' dir='ltr'>αυτῆς</span> <span class='ocrx_word' id='word_1_368' title='bbox 1309 3650 1452 3724; x_wconf 74' lang='grc' dir='ltr'><strong>αὗτῷ</strong></span> <span class='ocrx_word' id='word_1_369' title='bbox 1536 3652 1887 3731; x_wconf 70' lang='grc' dir='ltr'>χοροστασίαις</span> 
     </span>
    </p>
   </div>
   <div class='ocr_carea' id='block_1_56' title="bbox 239 3737 1887 3820">
    <p class='ocr_par' dir='ltr' id='par_1_56' title="bbox 239 3737 1887 3820">
     <span class='ocr_line' id='line_1_56' title="bbox 239 3737 1887 3820; baseline 0 -24"><span class='ocrx_word' id='word_1_370' title='bbox 239 3752 535 3819; x_wconf 79' lang='grc' dir='ltr'>καρυφαῖον</span> <span class='ocrx_word' id='word_1_371' title='bbox 618 3737 757 3817; x_wconf 78' lang='grc' dir='ltr'>δείξῃ</span> <span class='ocrx_word' id='word_1_372' title='bbox 825 3741 914 3795; x_wconf 77' lang='grc' dir='ltr'>καὶ</span> <span class='ocrx_word' id='word_1_373' title='bbox 1000 3740 1315 3799; x_wconf 72' lang='grc' dir='ltr'>ἒπίσκοπον.</span> <span class='ocrx_word' id='word_1_374' title='bbox 1390 3737 1556 3798; x_wconf 84' lang='grc' dir='ltr'>Ἀλλά</span> <span class='ocrx_word' id='word_1_375' title='bbox 1613 3741 1711 3819; x_wconf 86' lang='grc' dir='ltr'><strong>γάρ</strong></span> <span class='ocrx_word' id='word_1_376' title='bbox 1764 3741 1887 3820; x_wconf 72' lang='grc' dir='ltr'>οὕχὶ</span> 
     </span>
    </p>
   </div>
   <div class='ocr_carea' id='block_1_57' title="bbox 242 3827 1886 3910">
    <p class='ocr_par' dir='ltr' id='par_1_57' title="bbox 242 3827 1886 3910">
     <span class='ocr_line' id='line_1_57' title="bbox 242 3827 1886 3910; baseline 0.001 -26"><span class='ocrx_word' id='word_1_377' title='bbox 242 3828 408 3906; x_wconf 86' lang='grc' dir='ltr'>μόνον</span> <span class='ocrx_word' id='word_1_378' title='bbox 449 3830 520 3892; x_wconf 80' lang='grc' dir='ltr'>εἷς</span> <span class='ocrx_word' id='word_1_379' title='bbox 580 3836 744 3885; x_wconf 82' lang='grc' dir='ltr'>ταῦτα</span> <span class='ocrx_word' id='word_1_380' title='bbox 786 3841 1117 3907; x_wconf 78' lang='grc' dir='ltr'>παρανομεῖν</span> <span class='ocrx_word' id='word_1_381' title='bbox 1159 3827 1544 3910; x_wconf 77' lang='grc' dir='ltr'>ἑξηνέχθησαν,</span> <span class='ocrx_word' id='word_1_382' title='bbox 1605 3828 1742 3886; x_wconf 87' lang='grc' dir='ltr'><strong>ἀλλά</strong></span> <span class='ocrx_word' id='word_1_383' title='bbox 1798 3831 1886 3886; x_wconf 82' lang='grc' dir='ltr'><strong>καὶ</strong></span> 
     </span>
    </p>
   </div>
   <div class='ocr_carea' id='block_1_58' title="bbox 242 3916 1879 3998">
    <p class='ocr_par' dir='ltr' id='par_1_58' title="bbox 242 3916 1879 3998">
     <span class='ocr_line' id='line_1_58' title="bbox 242 3916 1879 3998; baseline 0.002 -25"><span class='ocrx_word' id='word_1_384' title='bbox 242 3917 301 3974; x_wconf 78' lang='grc' dir='ltr'><strong>εἴ</strong></span> <span class='ocrx_word' id='word_1_385' title='bbox 373 3939 449 3983; x_wconf 87' lang='grc' dir='ltr'><strong>τις</strong></span> <span class='ocrx_word' id='word_1_386' title='bbox 505 3923 686 3974; x_wconf 81' lang='grc' dir='ltr'>κακῶν</span> <span class='ocrx_word' id='word_1_387' title='bbox 744 3917 855 3973; x_wconf 85' lang='grc' dir='ltr'>ἐστι</span> <span class='ocrx_word' id='word_1_388' title='bbox 912 3918 1154 3998; x_wconf 86' lang='grc' dir='ltr'>κορωνὶς,</span> <span class='ocrx_word' id='word_1_389' title='bbox 1216 3920 1289 3983; x_wconf 80' lang='grc' dir='ltr'>εἷς</span> <span class='ocrx_word' id='word_1_390' title='bbox 1333 3920 1530 3986; x_wconf 84' lang='grc' dir='ltr'>ταύτην</span> <span class='ocrx_word' id='word_1_391' title='bbox 1572 3916 1879 3998; x_wconf 83' lang='grc' dir='ltr'>ἀνέδραμον.</span> 
     </span>
    </p>
   </div>
   <div class='ocr_carea' id='block_1_59' title="bbox 241 4006 1886 4087">
    <p class='ocr_par' dir='ltr' id='par_1_59' title="bbox 241 4006 1886 4087">
     <span class='ocr_line' id='line_1_59' title="bbox 241 4006 1886 4087; baseline -0.001 -23"><span class='ocrx_word' id='word_1_392' title='bbox 241 4008 385 4086; x_wconf 79' lang='grc' dir='ltr'>Πρὸς</span> <span class='ocrx_word' id='word_1_393' title='bbox 446 4007 546 4085; x_wconf 79' lang='grc' dir='ltr'><strong>γὰρ</strong></span> <span class='ocrx_word' id='word_1_394' title='bbox 587 4029 669 4063; x_wconf 89' lang='grc' dir='ltr'><strong>τοι</strong></span> <span class='ocrx_word' id='word_1_395' title='bbox 703 4020 819 4070; x_wconf 85' lang='grc' dir='ltr'>τοϊς</span> <span class='ocrx_word' id='word_1_396' title='bbox 853 4006 1150 4084; x_wconf 78' lang='grc' dir='ltr'>εἰρημένοις</span> <span class='ocrx_word' id='word_1_397' title='bbox 1192 4008 1502 4083; x_wconf 80' lang='grc' dir='ltr'>ἀτοπήμασι</span> <span class='ocrx_word' id='word_1_398' title='bbox 1547 4011 1635 4065; x_wconf 86' lang='grc' dir='ltr'><strong>καὶ</strong></span> <span class='ocrx_word' id='word_1_399' title='bbox 1660 4011 1721 4065; x_wconf 86' lang='grc' dir='ltr'>τὸ</span> <span class='ocrx_word' id='word_1_400' title='bbox 1749 4011 1886 4087; x_wconf 80' lang='grc' dir='ltr'>ἱερὸν</span> 
     </span>
    </p>
   </div>
   <div class='ocr_carea' id='block_1_60' title="bbox 240 4094 1884 4175">
    <p class='ocr_par' dir='ltr' id='par_1_60' title="bbox 240 4094 1884 4175">
     <span class='ocr_line' id='line_1_60' title="bbox 240 4094 1884 4175; baseline 0 -21"><span class='ocrx_word' id='word_1_401' title='bbox 240 4097 333 4154; x_wconf 86' lang='grc' dir='ltr'><strong>καὶ</strong></span> <span class='ocrx_word' id='word_1_402' title='bbox 389 4096 539 4174; x_wconf 78' lang='grc' dir='ltr'>ἅγιον</span> <span class='ocrx_word' id='word_1_403' title='bbox 597 4094 892 4175; x_wconf 76' lang='grc' dir='ltr'>Σύμϐολον,</span> <span class='ocrx_word' id='word_1_404' title='bbox 940 4099 969 4154; x_wconf 92' lang='lat'><strong>6</strong></span> <span class='ocrx_word' id='word_1_405' title='bbox 1010 4103 1140 4155; x_wconf 85' lang='grc' dir='ltr'>πᾶσι</span> <span class='ocrx_word' id='word_1_406' title='bbox 1176 4111 1295 4161; x_wconf 73' lang='grc' dir='ltr'>τοῖς</span> <span class='ocrx_word' id='word_1_407' title='bbox 1337 4097 1631 4162; x_wconf 75' lang='grc' dir='ltr'>συνοδικοϊς</span> <span class='ocrx_word' id='word_1_408' title='bbox 1674 4099 1762 4155; x_wconf 89' lang='grc' dir='ltr'><strong>καὶ</strong></span> <span class='ocrx_word' id='word_1_409' title='bbox 1804 4101 1884 4155; x_wconf 83' lang='grc' dir='ltr'><strong>οἱ-</strong></span> 
     </span>
    </p>
   </div>
   <div class='ocr_carea' id='block_1_61' title="bbox 241 4184 1886 4266">
    <p class='ocr_par' dir='ltr' id='par_1_61' title="bbox 241 4184 1886 4266">
     <span class='ocr_line' id='line_1_61' title="bbox 241 4184 1886 4266; baseline -0.001 -23"><span class='ocrx_word' id='word_1_410' title='bbox 241 4197 581 4261; x_wconf 80' lang='grc' dir='ltr'>κουμενικοτς</span> <span class='ocrx_word' id='word_1_411' title='bbox 627 4184 958 4266; x_wconf 72' lang='grc' dir='ltr'>ψηφίσμασιν</span> <span class='ocrx_word' id='word_1_412' title='bbox 1015 4185 1230 4266; x_wconf 82' lang='grc' dir='ltr'>ἄμαχον</span> <span class='ocrx_word' id='word_1_413' title='bbox 1276 4185 1392 4266; x_wconf 76' lang='grc' dir='ltr'>ἔχει</span> <span class='ocrx_word' id='word_1_414' title='bbox 1424 4187 1521 4254; x_wconf 76' lang='grc' dir='ltr'>τὴν</span> <span class='ocrx_word' id='word_1_415' title='bbox 1551 4187 1727 4266; x_wconf 76' lang='grc' dir='ltr'>ἱσχὺν,</span> <span class='ocrx_word' id='word_1_416' title='bbox 1793 4187 1886 4242; x_wconf 93' lang='grc' dir='ltr'>νό-</span> 
     </span>
    </p>
   </div>
   <div class='ocr_carea' id='block_1_62' title="bbox 240 4273 1884 4355">
    <p class='ocr_par' dir='ltr' id='par_1_62' title="bbox 240 4273 1884 4355">
     <span class='ocr_line' id='line_1_62' title="bbox 240 4273 1884 4355; baseline -0.001 -22"><span class='ocrx_word' id='word_1_417' title='bbox 240 4278 352 4339; x_wconf 82' lang='grc' dir='ltr'>θοις</span> <span class='ocrx_word' id='word_1_418' title='bbox 409 4273 718 4355; x_wconf 75' lang='grc' dir='ltr'>λογισμοῖς,</span> <span class='ocrx_word' id='word_1_419' title='bbox 770 4276 856 4331; x_wconf 83' lang='grc' dir='ltr'>καί</span> <span class='ocrx_word' id='word_1_420' title='bbox 908 4277 1333 4354; x_wconf 78' lang='grc' dir='ltr'>παρεγγράπτοις</span> <span class='ocrx_word' id='word_1_421' title='bbox 1364 4276 1566 4354; x_wconf 77' lang='grc' dir='ltr'>λόγοις,</span> <span class='ocrx_word' id='word_1_422' title='bbox 1627 4278 1713 4332; x_wconf 82' lang='grc' dir='ltr'><strong>καὶ</strong></span> <span class='ocrx_word' id='word_1_423' title='bbox 1768 4276 1884 4354; x_wconf 72' lang='grc' dir='ltr'><strong>θρα⁶</strong></span> 
     </span>
    </p>
   </div>
   <div class='ocr_carea' id='block_1_63' title="bbox 1964 1775 3620 1865">
    <p class='ocr_par' dir='ltr' id='par_1_63' title="bbox 1964 1775 3620 1865">
     <span class='ocr_line' id='line_1_63' title="bbox 1964 1775 3620 1865; baseline 0.003 -23"><span class='ocrx_word' id='word_1_424' title='bbox 1964 1780 2110 1842; x_wconf 89' lang='lat' dir='ltr'><strong>teria</strong></span> <span class='ocrx_word' id='word_1_425' title='bbox 2132 1779 2189 1840; x_wconf 89' lang='lat' dir='ltr'><strong>in</strong></span> <span class='ocrx_word' id='word_1_426' title='bbox 2218 1779 2370 1842; x_wconf 90' lang='lat' dir='ltr'><strong>bene</strong></span> <span class='ocrx_word' id='word_1_427' title='bbox 2392 1781 2597 1858; x_wconf 78' lang='lat' dir='ltr'><strong>longas</strong></span> <span class='ocrx_word' id='word_1_428' title='bbox 2628 1796 2812 1858; x_wconf 87' lang='lat' dir='ltr'><strong>nugas</strong></span> <span class='ocrx_word' id='word_1_429' title='bbox 2844 1786 2906 1840; x_wconf 84' lang='lat' dir='ltr'><strong>et</strong></span> <span class='ocrx_word' id='word_1_430' title='bbox 2936 1775 3119 1838; x_wconf 88' lang='lat' dir='ltr'><strong>risum</strong></span> <span class='ocrx_word' id='word_1_431' title='bbox 3171 1775 3620 1865; x_wconf 79' lang='lat' dir='ltr'><strong>lubentiamque</strong></span> 
     </span>
    </p>
   </div>
   <div class='ocr_carea' id='block_1_64' title="bbox 1961 1865 3611 1945">
    <p class='ocr_par' dir='ltr' id='par_1_64' title="bbox 1961 1865 3611 1945">
     <span class='ocr_line' id='line_1_64' title="bbox 1961 1865 3611 1945; baseline 0.005 -18"><span class='ocrx_word' id='word_1_432' title='bbox 1961 1886 2249 1929; x_wconf 89' lang='lat' dir='ltr'><strong>conversa</strong></span> <span class='ocrx_word' id='word_1_433' title='bbox 2278 1866 2854 1945; x_wconf 73' lang='lat' dir='ltr'><strong>prostituereutSed</strong></span> <span class='ocrx_word' id='word_1_434' title='bbox 2870 1865 3003 1926; x_wconf 84' lang='lat' dir='ltr'><strong>vide</strong></span> <span class='ocrx_word' id='word_1_435' title='bbox 3028 1875 3084 1926; x_wconf 92' lang='lat' dir='ltr'><strong>ct</strong></span> <span class='ocrx_word' id='word_1_436' title='bbox 3114 1868 3611 1936; x_wconf 86' lang='lat' dir='ltr'><strong>sanctificatorum</strong></span> 
     </span>
    </p>
   </div>
   <div class='ocr_carea' id='block_1_65' title="bbox 1961 1955 3615 2042">
    <p class='ocr_par' dir='ltr' id='par_1_65' title="bbox 1961 1955 3615 2042">
     <span class='ocr_line' id='line_1_65' title="bbox 1961 1955 3615 2042; baseline 0.003 -24"><span class='ocrx_word' id='word_1_437' title='bbox 1961 1957 2254 2020; x_wconf 84' lang='lat' dir='ltr'><strong>fallacias:</strong></span> <span class='ocrx_word' id='word_1_438' title='bbox 2289 1959 2421 2020; x_wconf 80' lang='lat' dir='ltr'><strong>Non</strong></span> <span class='ocrx_word' id='word_1_439' title='bbox 2480 1957 2619 2018; x_wconf 89' lang='lat' dir='ltr'><strong>licet</strong></span> <span class='ocrx_word' id='word_1_440' title='bbox 2675 1955 2977 2036; x_wconf 83' lang='lat' dir='ltr'><strong>inquiunt,</strong></span> <span class='ocrx_word' id='word_1_441' title='bbox 3037 1957 3478 2031; x_wconf 82' lang='lat' dir='ltr'><strong>sacerdotibus,</strong></span> <span class='ocrx_word' id='word_1_442' title='bbox 3512 1961 3615 2042; x_wconf 87' lang='lat' dir='ltr'><strong>qui</strong></span> 
     </span>
    </p>
   </div>
   <div class='ocr_carea' id='block_1_66' title="bbox 1960 2044 3615 2126">
    <p class='ocr_par' dir='ltr' id='par_1_66' title="bbox 1960 2044 3615 2126">
     <span class='ocr_line' id='line_1_66' title="bbox 1960 2044 3615 2126; baseline 0.004 -20"><span class='ocrx_word' id='word_1_443' title='bbox 1960 2046 2031 2107; x_wconf 82' lang='lat' dir='ltr'><strong>ad</strong></span> <span class='ocrx_word' id='word_1_444' title='bbox 2069 2046 2454 2125; x_wconf 89' lang='lat' dir='ltr'><strong>perfctionem</strong></span> <span class='ocrx_word' id='word_1_445' title='bbox 2487 2045 2996 2118; x_wconf 89' lang='lat' dir='ltr'><strong>deducuntur,eos</strong></span> <span class='ocrx_word' id='word_1_446' title='bbox 3017 2044 3147 2106; x_wconf 90' lang='lat' dir='ltr'><strong>oleo</strong></span> <span class='ocrx_word' id='word_1_447' title='bbox 3170 2046 3615 2126; x_wconf 84' lang='lat' dir='ltr'><strong>inungere.Hoc</strong></span> 
     </span>
    </p>
   </div>
   <div class='ocr_carea' id='block_1_67' title="bbox 1960 2134 3615 2216">
    <p class='ocr_par' dir='ltr' id='par_1_67' title="bbox 1960 2134 3615 2216">
     <span class='ocr_line' id='line_1_67' title="bbox 1960 2134 3615 2216; baseline 0.004 -21"><span class='ocrx_word' id='word_1_448' title='bbox 1960 2135 2119 2196; x_wconf 92' lang='lat' dir='ltr'><strong>enim</strong></span> <span class='ocrx_word' id='word_1_449' title='bbox 2149 2134 2292 2195; x_wconf 87' lang='lat' dir='ltr'><strong>solis</strong></span> <span class='ocrx_word' id='word_1_450' title='bbox 2343 2135 2471 2214; x_wconf 83' lang='lat' dir='ltr'><strong>lege</strong></span> <span class='ocrx_word' id='word_1_451' title='bbox 2513 2152 2862 2196; x_wconf 91' lang='lat' dir='ltr'><strong>concessum</strong></span> <span class='ocrx_word' id='word_1_452' title='bbox 2903 2142 2992 2195; x_wconf 91' lang='lat' dir='ltr'><strong>est</strong></span> <span class='ocrx_word' id='word_1_453' title='bbox 3049 2136 3364 2216; x_wconf 84' lang='lat' dir='ltr'><strong>episc0pis.</strong></span> <span class='ocrx_word' id='word_1_454' title='bbox 3396 2138 3615 2202; x_wconf 88' lang='lat' dir='ltr'><strong>Verum</strong></span> 
     </span>
    </p>
   </div>
   <div class='ocr_carea' id='block_1_68' title="bbox 1961 2222 3613 2304">
    <p class='ocr_par' dir='ltr' id='par_1_68' title="bbox 1961 2222 3613 2304">
     <span class='ocr_line' id='line_1_68' title="bbox 1961 2222 3613 2304; baseline 0.004 -20"><span class='ocrx_word' id='word_1_455' title='bbox 1961 2224 2118 2285; x_wconf 91' lang='lat' dir='ltr'><strong>unde</strong></span> <span class='ocrx_word' id='word_1_456' title='bbox 2146 2224 2247 2284; x_wconf 90' lang='lat' dir='ltr'><strong>illa</strong></span> <span class='ocrx_word' id='word_1_457' title='bbox 2285 2224 2422 2285; x_wconf 81' lang='lat' dir='ltr'><strong>lex?</strong></span> <span class='ocrx_word' id='word_1_458' title='bbox 2451 2223 2584 2304; x_wconf 86' lang='lat' dir='ltr'><strong>quis</strong></span> <span class='ocrx_word' id='word_1_459' title='bbox 2617 2222 2958 2302; x_wconf 84' lang='lat' dir='ltr'><strong>legislator?</strong></span> <span class='ocrx_word' id='word_1_460' title='bbox 3007 2224 3140 2304; x_wconf 92' lang='lat' dir='ltr'><strong>quis</strong></span> <span class='ocrx_word' id='word_1_461' title='bbox 3186 2226 3613 2304; x_wconf 86' lang='lat' dir='ltr'><strong>apostolorum,</strong></span> 
     </span>
    </p>
   </div>
   <div class='ocr_carea' id='block_1_69' title="bbox 1963 2312 3619 2395">
    <p class='ocr_par' dir='ltr' id='par_1_69' title="bbox 1963 2312 3619 2395">
     <span class='ocr_line' id='line_1_69' title="bbox 1963 2312 3619 2395; baseline 0.004 -22"><span class='ocrx_word' id='word_1_462' title='bbox 1963 2313 2095 2394; x_wconf 89' lang='lat' dir='ltr'><strong>quis</strong></span> <span class='ocrx_word' id='word_1_463' title='bbox 2126 2332 2193 2375; x_wconf 78' lang='lat' dir='ltr'><strong>ex</strong></span> <span class='ocrx_word' id='word_1_464' title='bbox 2215 2312 2613 2395; x_wconf 77' lang='lat' dir='ltr'><strong>Patribus,vel</strong></span> <span class='ocrx_word' id='word_1_465' title='bbox 2637 2331 2670 2373; x_wconf 90' lang='lat' dir='ltr'><strong>e</strong></span> <span class='ocrx_word' id='word_1_466' title='bbox 2693 2313 2936 2393; x_wconf 82' lang='lat' dir='ltr'><strong>synodis</strong></span> <span class='ocrx_word' id='word_1_467' title='bbox 2966 2313 3192 2393; x_wconf 84' lang='lat' dir='ltr'><strong>aliqua?</strong></span> <span class='ocrx_word' id='word_1_468' title='bbox 3220 2312 3329 2377; x_wconf 90' lang='lat' dir='ltr'><strong>Ubi</strong></span> <span class='ocrx_word' id='word_1_469' title='bbox 3353 2316 3619 2395; x_wconf 79' lang='lat' dir='ltr'><strong>gentium</strong></span> 
     </span>
    </p>
   </div>
   <div class='ocr_carea' id='block_1_70' title="bbox 1965 2403 3623 2482">
    <p class='ocr_par' dir='ltr' id='par_1_70' title="bbox 1965 2403 3623 2482">
     <span class='ocr_line' id='line_1_70' title="bbox 1965 2403 3623 2482; baseline 0.002 -18"><span class='ocrx_word' id='word_1_470' title='bbox 1965 2403 2181 2481; x_wconf 86' lang='lat' dir='ltr'><strong>illa,vel</strong></span> <span class='ocrx_word' id='word_1_471' title='bbox 2216 2403 2458 2482; x_wconf 83' lang='lat' dir='ltr'><strong>quando</strong></span> <span class='ocrx_word' id='word_1_472' title='bbox 2492 2411 2718 2477; x_wconf 83' lang='lat' dir='ltr'><strong>coacta,</strong></span> <span class='ocrx_word' id='word_1_473' title='bbox 2753 2421 3086 2480; x_wconf 84' lang='lat' dir='ltr'><strong>quorumve</strong></span> <span class='ocrx_word' id='word_1_474' title='bbox 3108 2404 3256 2464; x_wconf 85' lang='lat' dir='ltr'><strong>votis</strong></span> <span class='ocrx_word' id='word_1_475' title='bbox 3306 2405 3534 2468; x_wconf 89' lang='lat' dir='ltr'><strong>sancita</strong></span> <span class='ocrx_word' id='word_1_476' title='bbox 3563 2414 3623 2468; x_wconf 84' lang='lat' dir='ltr'><strong>et</strong></span> 
     </span>
    </p>
   </div>
   <div class='ocr_carea' id='block_1_71' title="bbox 1965 2490 3624 2575">
    <p class='ocr_par' dir='ltr' id='par_1_71' title="bbox 1965 2490 3624 2575">
     <span class='ocr_line' id='line_1_71' title="bbox 1965 2490 3624 2575; baseline 0.003 -24"><span class='ocrx_word' id='word_1_477' title='bbox 1965 2491 2261 2570; x_wconf 79' lang='lat' dir='ltr'><strong>suffragiis</strong></span> <span class='ocrx_word' id='word_1_478' title='bbox 2280 2499 2308 2554; x_wconf 85' lang='lat'><strong>?</strong></span> <span class='ocrx_word' id='word_1_479' title='bbox 2337 2490 2465 2553; x_wconf 85' lang='lat' dir='ltr'><strong>Non</strong></span> <span class='ocrx_word' id='word_1_480' title='bbox 2494 2490 2633 2553; x_wconf 84' lang='lat' dir='ltr'><strong>licet</strong></span> <span class='ocrx_word' id='word_1_481' title='bbox 2657 2491 2954 2553; x_wconf 86' lang='lat' dir='ltr'><strong>sacerdoti</strong></span> <span class='ocrx_word' id='word_1_482' title='bbox 2987 2510 3096 2553; x_wconf 86' lang='lat' dir='ltr'><strong>eos</strong></span> <span class='ocrx_word' id='word_1_483' title='bbox 3119 2491 3220 2572; x_wconf 88' lang='lat' dir='ltr'><strong>qui</strong></span> <span class='ocrx_word' id='word_1_484' title='bbox 3251 2492 3624 2575; x_wconf 87' lang='lat' dir='ltr'><strong>baptizantur</strong></span> 
     </span>
    </p>
   </div>
   <div class='ocr_carea' id='block_1_72' title="bbox 1966 2579 3616 2661">
    <p class='ocr_par' dir='ltr' id='par_1_72' title="bbox 1966 2579 3616 2661">
     <span class='ocr_line' id='line_1_72' title="bbox 1966 2579 3616 2661; baseline 0.004 -20"><span class='ocrx_word' id='word_1_485' title='bbox 1966 2581 2096 2641; x_wconf 91' lang='lat' dir='ltr'><strong>oleo</strong></span> <span class='ocrx_word' id='word_1_486' title='bbox 2128 2579 2548 2660; x_wconf 79' lang='lat' dir='ltr'><strong>signare.Ergo</strong></span> <span class='ocrx_word' id='word_1_487' title='bbox 2582 2599 2693 2642; x_wconf 89' lang='lat' dir='ltr'><strong>nec</strong></span> <span class='ocrx_word' id='word_1_488' title='bbox 2727 2580 3047 2661; x_wconf 82' lang='lat' dir='ltr'><strong>baptizare,</strong></span> <span class='ocrx_word' id='word_1_489' title='bbox 3084 2599 3195 2643; x_wconf 90' lang='lat' dir='ltr'><strong>nec</strong></span> <span class='ocrx_word' id='word_1_490' title='bbox 3224 2582 3565 2645; x_wconf 79' lang='lat' dir='ltr'><strong>sacriﬁcare</strong></span> <span class='ocrx_word' id='word_1_491' title='bbox 3600 2602 3616 2648; x_wconf 87' lang='lat'>:</span> 
     </span>
    </p>
   </div>
   <div class='ocr_carea' id='block_1_73' title="bbox 1965 2667 3622 2750">
    <p class='ocr_par' dir='ltr' id='par_1_73' title="bbox 1965 2667 3622 2750">
     <span class='ocr_line' id='line_1_73' title="bbox 1965 2667 3622 2750; baseline 0.004 -21"><span class='ocrx_word' id='word_1_492' title='bbox 1965 2667 2168 2750; x_wconf 82' lang='lat' dir='ltr'><strong>sicque</strong></span> <span class='ocrx_word' id='word_1_493' title='bbox 2200 2670 2273 2729; x_wconf 85' lang='lat' dir='ltr'><strong>de</strong></span> <span class='ocrx_word' id='word_1_494' title='bbox 2297 2669 2496 2731; x_wconf 90' lang='lat' dir='ltr'><strong>media</strong></span> <span class='ocrx_word' id='word_1_495' title='bbox 2525 2667 2617 2731; x_wconf 91' lang='lat' dir='ltr'><strong>sui</strong></span> <span class='ocrx_word' id='word_1_496' title='bbox 2642 2678 2807 2750; x_wconf 90' lang='lat' dir='ltr'><strong>parte</strong></span> <span class='ocrx_word' id='word_1_497' title='bbox 2838 2670 3146 2744; x_wconf 85' lang='lat' dir='ltr'><strong>sacerdos,</strong></span> <span class='ocrx_word' id='word_1_498' title='bbox 3190 2673 3471 2733; x_wconf 83' lang='lat' dir='ltr'><strong>sacerdos</strong></span> <span class='ocrx_word' id='word_1_499' title='bbox 3502 2691 3622 2737; x_wconf 86' lang='lat' dir='ltr'><strong>non</strong></span> 
     </span>
    </p>
   </div>
   <div class='ocr_carea' id='block_1_74' title="bbox 1968 2758 3621 2842">
    <p class='ocr_par' dir='ltr' id='par_1_74' title="bbox 1968 2758 3621 2842">
     <span class='ocr_line' id='line_1_74' title="bbox 1968 2758 3621 2842; baseline 0.007 -29"><span class='ocrx_word' id='word_1_500' title='bbox 1968 2759 2271 2836; x_wconf 73' lang='lat' dir='ltr'><strong>perfectus</strong></span> <span class='ocrx_word' id='word_1_501' title='bbox 2304 2758 2364 2819; x_wconf 91' lang='lat' dir='ltr'><strong>in</strong></span> <span class='ocrx_word' id='word_1_502' title='bbox 2398 2766 2621 2820; x_wconf 90' lang='lat' dir='ltr'><strong>sortem</strong></span> <span class='ocrx_word' id='word_1_503' title='bbox 2651 2759 2823 2821; x_wconf 89' lang='lat' dir='ltr'><strong>abeat</strong></span> <span class='ocrx_word' id='word_1_504' title='bbox 2851 2758 3097 2823; x_wconf 67' lang='lat' dir='ltr'><strong>abaclus</strong></span> <span class='ocrx_word' id='word_1_505' title='bbox 3130 2760 3462 2842; x_wconf 83' lang='lat' dir='ltr'><strong>profanam.</strong></span> <span class='ocrx_word' id='word_1_506' title='bbox 3508 2763 3621 2836; x_wconf 86' lang='lat' dir='ltr'><strong>Qui</strong></span> 
     </span>
    </p>
   </div>
   <div class='ocr_carea' id='block_1_75' title="bbox 1965 2846 3616 2931">
    <p class='ocr_par' dir='ltr' id='par_1_75' title="bbox 1965 2846 3616 2931">
     <span class='ocr_line' id='line_1_75' title="bbox 1965 2846 3616 2931; baseline 0.003 -22"><span class='ocrx_word' id='word_1_507' title='bbox 1965 2865 2181 2927; x_wconf 90' lang='lat' dir='ltr'><strong>corpus</strong></span> <span class='ocrx_word' id='word_1_508' title='bbox 2196 2846 2572 2910; x_wconf 91' lang='lat' dir='ltr'><strong>Dominicum</strong></span> <span class='ocrx_word' id='word_1_509' title='bbox 2592 2857 2991 2925; x_wconf 88' lang='lat' dir='ltr'><strong>consecrat,et</strong></span> <span class='ocrx_word' id='word_1_510' title='bbox 3008 2849 3226 2912; x_wconf 90' lang='lat' dir='ltr'><strong>Christi</strong></span> <span class='ocrx_word' id='word_1_511' title='bbox 3241 2850 3616 2931; x_wconf 85' lang='lat' dir='ltr'><strong>sanguinem,</strong></span> 
     </span>
    </p>
   </div>
   <div class='ocr_carea' id='block_1_76' title="bbox 1967 2936 3619 3018">
    <p class='ocr_par' dir='ltr' id='par_1_76' title="bbox 1967 2936 3619 3018">
     <span class='ocr_line' id='line_1_76' title="bbox 1967 2936 3619 3018; baseline 0.002 -20"><span class='ocrx_word' id='word_1_512' title='bbox 1967 2944 2025 2998; x_wconf 91' lang='lat' dir='ltr'><strong>et</strong></span> <span class='ocrx_word' id='word_1_513' title='bbox 2052 2954 2158 3016; x_wconf 90' lang='lat' dir='ltr'><strong>per</strong></span> <span class='ocrx_word' id='word_1_514' title='bbox 2186 2936 2287 2997; x_wconf 92' lang='lat' dir='ltr'><strong>illa</strong></span> <span class='ocrx_word' id='word_1_515' title='bbox 2320 2954 2422 2997; x_wconf 92' lang='lat' dir='ltr'><strong>eos</strong></span> <span class='ocrx_word' id='word_1_516' title='bbox 2457 2937 2807 3012; x_wconf 77' lang='lat' dir='ltr'><strong>sanctificat,</strong></span> <span class='ocrx_word' id='word_1_517' title='bbox 2859 2938 2961 3018; x_wconf 90' lang='lat' dir='ltr'><strong>qui</strong></span> <span class='ocrx_word' id='word_1_518' title='bbox 3018 2941 3204 3000; x_wconf 79' lang='lat' dir='ltr'><strong>sacris</strong></span> <span class='ocrx_word' id='word_1_519' title='bbox 3259 2950 3427 3001; x_wconf 89' lang='lat' dir='ltr'><strong>erant</strong></span> <span class='ocrx_word' id='word_1_520' title='bbox 3475 2940 3619 3002; x_wconf 84' lang='lat' dir='ltr'><strong>olim</strong></span> 
     </span>
    </p>
   </div>
   <div class='ocr_carea' id='block_1_77' title="bbox 1965 3024 3617 3100">
    <p class='ocr_par' dir='ltr' id='par_1_77' title="bbox 1965 3024 3617 3100">
     <span class='ocr_line' id='line_1_77' title="bbox 1965 3024 3617 3100; baseline 0.004 -16"><span class='ocrx_word' id='word_1_521' title='bbox 1965 3024 2201 3100; x_wconf 87' lang='lat' dir='ltr'><strong>initiati,</strong></span> <span class='ocrx_word' id='word_1_522' title='bbox 2238 3025 2399 3085; x_wconf 91' lang='lat' dir='ltr'><strong>unde</strong></span> <span class='ocrx_word' id='word_1_523' title='bbox 2447 3025 2582 3099; x_wconf 83' lang='lat' dir='ltr'><strong>crit,</strong></span> <span class='ocrx_word' id='word_1_524' title='bbox 2619 3032 2682 3087; x_wconf 91' lang='lat' dir='ltr'><strong>ut</strong></span> <span class='ocrx_word' id='word_1_525' title='bbox 2714 3044 2834 3087; x_wconf 91' lang='lat' dir='ltr'><strong>non</strong></span> <span class='ocrx_word' id='word_1_526' title='bbox 2883 3026 3042 3087; x_wconf 90' lang='lat' dir='ltr'><strong>idem</strong></span> <span class='ocrx_word' id='word_1_527' title='bbox 3100 3026 3437 3091; x_wconf 85' lang='lat' dir='ltr'><strong>sauctilicet</strong></span> <span class='ocrx_word' id='word_1_528' title='bbox 3483 3029 3617 3091; x_wconf 90' lang='lat' dir='ltr'><strong>oleo</strong></span> 
     </span>
    </p>
   </div>
   <div class='ocr_carea' id='block_1_78' title="bbox 1965 3113 3620 3198">
    <p class='ocr_par' dir='ltr' id='par_1_78' title="bbox 1965 3113 3620 3198">
     <span class='ocr_line' id='line_1_78' title="bbox 1965 3113 3620 3198; baseline 0.002 -23"><span class='ocrx_word' id='word_1_529' title='bbox 1965 3132 2215 3193; x_wconf 78' lang='lat' dir='ltr'><strong>uugens,</strong></span> <span class='ocrx_word' id='word_1_530' title='bbox 2250 3113 2350 3193; x_wconf 90' lang='lat' dir='ltr'><strong>qui</strong></span> <span class='ocrx_word' id='word_1_531' title='bbox 2383 3113 2454 3175; x_wconf 88' lang='lat' dir='ltr'><strong>ad</strong></span> <span class='ocrx_word' id='word_1_532' title='bbox 2488 3114 2910 3193; x_wconf 80' lang='lat' dir='ltr'><strong>perfectionem</strong></span> <span class='ocrx_word' id='word_1_533' title='bbox 2941 3114 3224 3177; x_wconf 89' lang='lat' dir='ltr'><strong>tendunt?</strong></span> <span class='ocrx_word' id='word_1_534' title='bbox 3250 3116 3505 3198; x_wconf 78' lang='lat' dir='ltr'><strong>Baptizat</strong></span> <span class='ocrx_word' id='word_1_535' title='bbox 3528 3136 3620 3180; x_wconf 89' lang='lat' dir='ltr'><strong>sa-</strong></span> 
     </span>
    </p>
   </div>
   <div class='ocr_carea' id='block_1_79' title="bbox 1966 3203 3612 3285">
    <p class='ocr_par' dir='ltr' id='par_1_79' title="bbox 1966 3203 3612 3285">
     <span class='ocr_line' id='line_1_79' title="bbox 1966 3203 3612 3285; baseline 0.002 -21"><span class='ocrx_word' id='word_1_536' title='bbox 1966 3206 2201 3283; x_wconf 88' lang='lat' dir='ltr'><strong>cerdos,</strong></span> <span class='ocrx_word' id='word_1_537' title='bbox 2235 3203 2456 3263; x_wconf 89' lang='lat' dir='ltr'><strong>donum</strong></span> <span class='ocrx_word' id='word_1_538' title='bbox 2493 3203 2888 3281; x_wconf 74' lang='lat' dir='ltr'><strong>expiatorium</strong></span> <span class='ocrx_word' id='word_1_539' title='bbox 2920 3203 2980 3264; x_wconf 87' lang='lat' dir='ltr'><strong>in</strong></span> <span class='ocrx_word' id='word_1_540' title='bbox 3005 3204 3303 3285; x_wconf 82' lang='lat' dir='ltr'><strong>baptizata</strong></span> <span class='ocrx_word' id='word_1_541' title='bbox 3338 3206 3569 3285; x_wconf 83' lang='lat' dir='ltr'><strong>perﬁcit</strong></span> <span class='ocrx_word' id='word_1_542' title='bbox 3597 3226 3612 3267; x_wconf 89' lang='lat'>:</span> 
     </span>
    </p>
   </div>
   <div class='ocr_carea' id='block_1_80' title="bbox 1967 3290 3621 3373">
    <p class='ocr_par' dir='ltr' id='par_1_80' title="bbox 1967 3290 3621 3373">
     <span class='ocr_line' id='line_1_80' title="bbox 1967 3290 3621 3373; baseline 0.004 -22"><span class='ocrx_word' id='word_1_543' title='bbox 1967 3311 2082 3373; x_wconf 89' lang='lat' dir='ltr'><strong>qua</strong></span> <span class='ocrx_word' id='word_1_544' title='bbox 2112 3291 2341 3352; x_wconf 86' lang='lat' dir='ltr'><strong>ratione</strong></span> <span class='ocrx_word' id='word_1_545' title='bbox 2368 3290 2627 3370; x_wconf 85' lang='lat' dir='ltr'><strong>privabis</strong></span> <span class='ocrx_word' id='word_1_546' title='bbox 2658 3292 2826 3353; x_wconf 92' lang='lat' dir='ltr'><strong>illum</strong></span> <span class='ocrx_word' id='word_1_547' title='bbox 2859 3293 3125 3356; x_wconf 89' lang='lat' dir='ltr'><strong>custodia</strong></span> <span class='ocrx_word' id='word_1_548' title='bbox 3156 3303 3214 3355; x_wconf 90' lang='lat' dir='ltr'><strong>et</strong></span> <span class='ocrx_word' id='word_1_549' title='bbox 3242 3293 3436 3373; x_wconf 82' lang='lat' dir='ltr'><strong>sigillo</strong></span> <span class='ocrx_word' id='word_1_550' title='bbox 3458 3294 3621 3357; x_wconf 79' lang='lat' dir='ltr'><strong>illius</strong></span> 
     </span>
    </p>
   </div>
   <div class='ocr_carea' id='block_1_81' title="bbox 1970 3379 3617 3461">
    <p class='ocr_par' dir='ltr' id='par_1_81' title="bbox 1970 3379 3617 3461">
     <span class='ocr_line' id='line_1_81' title="bbox 1970 3379 3617 3461; baseline 0.002 -20"><span class='ocrx_word' id='word_1_551' title='bbox 1970 3380 2492 3461; x_wconf 54' lang='lat' dir='ltr'><strong>purificationiscu</strong></span> <span class='ocrx_word' id='word_1_552' title='bbox 2494 3380 2593 3459; x_wconf 88' lang='lat' dir='ltr'><strong>jus</strong></span> <span class='ocrx_word' id='word_1_553' title='bbox 2626 3379 2755 3459; x_wconf 89' lang='lat' dir='ltr'><strong>ipse</strong></span> <span class='ocrx_word' id='word_1_554' title='bbox 2777 3389 2867 3443; x_wconf 92' lang='lat' dir='ltr'><strong>est</strong></span> <span class='ocrx_word' id='word_1_555' title='bbox 2896 3381 3373 3445; x_wconf 87' lang='lat' dir='ltr'><strong>consummator?</strong></span> <span class='ocrx_word' id='word_1_556' title='bbox 3395 3384 3617 3445; x_wconf 85' lang='lat' dir='ltr'><strong>Verum</strong></span> 
     </span>
    </p>
   </div>
   <div class='ocr_carea' id='block_1_82' title="bbox 1968 3469 3620 3554">
    <p class='ocr_par' dir='ltr' id='par_1_82' title="bbox 1968 3469 3620 3554">
     <span class='ocr_line' id='line_1_82' title="bbox 1968 3469 3620 3554; baseline 0.003 -24"><span class='ocrx_word' id='word_1_557' title='bbox 1968 3470 2167 3531; x_wconf 90' lang='lat' dir='ltr'><strong>aufers</strong></span> <span class='ocrx_word' id='word_1_558' title='bbox 2185 3469 2584 3547; x_wconf 79' lang='lat' dir='ltr'><strong>sigillum,uec</strong></span> <span class='ocrx_word' id='word_1_559' title='bbox 2600 3469 2755 3531; x_wconf 92' lang='lat' dir='ltr'><strong>dono</strong></span> <span class='ocrx_word' id='word_1_560' title='bbox 2770 3479 2974 3551; x_wconf 87' lang='lat' dir='ltr'><strong>patere</strong></span> <span class='ocrx_word' id='word_1_561' title='bbox 2997 3471 3365 3545; x_wconf 85' lang='lat' dir='ltr'><strong>servire,uec</strong></span> <span class='ocrx_word' id='word_1_562' title='bbox 3387 3472 3620 3554; x_wconf 84' lang='lat' dir='ltr'><strong>aliquos</strong></span> 
     </span>
    </p>
   </div>
   <div class='ocr_carea' id='block_1_83' title="bbox 1972 3559 3620 3639">
    <p class='ocr_par' dir='ltr' id='par_1_83' title="bbox 1972 3559 3620 3639">
     <span class='ocr_line' id='line_1_83' title="bbox 1972 3559 3620 3639; baseline 0.004 -20"><span class='ocrx_word' id='word_1_563' title='bbox 1972 3578 2077 3639; x_wconf 89' lang='lat' dir='ltr'><strong>per</strong></span> <span class='ocrx_word' id='word_1_564' title='bbox 2105 3559 2249 3621; x_wconf 82' lang='lat' dir='ltr'><strong>illud</strong></span> <span class='ocrx_word' id='word_1_565' title='bbox 2282 3571 2721 3634; x_wconf 76' lang='lat' dir='ltr'><strong>Consummare;</strong></span> <span class='ocrx_word' id='word_1_566' title='bbox 2757 3569 2819 3621; x_wconf 88' lang='lat' dir='ltr'><strong>ut</strong></span> <span class='ocrx_word' id='word_1_567' title='bbox 2876 3562 3038 3622; x_wconf 91' lang='lat' dir='ltr'><strong>nulio</strong></span> <span class='ocrx_word' id='word_1_568' title='bbox 3097 3570 3323 3624; x_wconf 91' lang='lat' dir='ltr'><strong>tantum</strong></span> <span class='ocrx_word' id='word_1_569' title='bbox 3379 3565 3620 3625; x_wconf 89' lang='lat' dir='ltr'><strong>nomine</strong></span> 
     </span>
    </p>
   </div>
   <div class='ocr_carea' id='block_1_84' title="bbox 1970 3647 3613 3733">
    <p class='ocr_par' dir='ltr' id='par_1_84' title="bbox 1970 3647 3613 3733">
     <span class='ocr_line' id='line_1_84' title="bbox 1970 3647 3613 3733; baseline 0.004 -26"><span class='ocrx_word' id='word_1_570' title='bbox 1970 3657 2103 3709; x_wconf 89' lang='lat' dir='ltr'><strong>tuus</strong></span> <span class='ocrx_word' id='word_1_571' title='bbox 2133 3647 2449 3727; x_wconf 82' lang='lat' dir='ltr'><strong>insignitus</strong></span> <span class='ocrx_word' id='word_1_572' title='bbox 2470 3649 2773 3724; x_wconf 82' lang='lat' dir='ltr'><strong>sacerdos,</strong></span> <span class='ocrx_word' id='word_1_573' title='bbox 2809 3656 2866 3711; x_wconf 91' lang='lat' dir='ltr'><strong>te</strong></span> <span class='ocrx_word' id='word_1_574' title='bbox 2888 3648 3132 3730; x_wconf 89' lang='lat' dir='ltr'><strong>quidem</strong></span> <span class='ocrx_word' id='word_1_575' title='bbox 3161 3669 3297 3713; x_wconf 88' lang='lat' dir='ltr'><strong>cum</strong></span> <span class='ocrx_word' id='word_1_576' title='bbox 3359 3652 3485 3733; x_wconf 89' lang='lat' dir='ltr'><strong>ipso</strong></span> <span class='ocrx_word' id='word_1_577' title='bbox 3515 3670 3613 3714; x_wconf 81' lang='lat' dir='ltr'><strong>so-</strong></span> 
     </span>
    </p>
   </div>
   <div class='ocr_carea' id='block_1_85' title="bbox 1969 3737 3621 3820">
    <p class='ocr_par' dir='ltr' id='par_1_85' title="bbox 1969 3737 3621 3820">
     <span class='ocr_line' id='line_1_85' title="bbox 1969 3737 3621 3820; baseline 0.002 -21"><span class='ocrx_word' id='word_1_578' title='bbox 1969 3737 2195 3799; x_wconf 74' lang='lat' dir='ltr'><strong>cietatis</strong></span> <span class='ocrx_word' id='word_1_579' title='bbox 2251 3746 2309 3799; x_wconf 88' lang='lat' dir='ltr'><strong>et</strong></span> <span class='ocrx_word' id='word_1_580' title='bbox 2360 3737 2741 3799; x_wconf 71' lang='lat' dir='ltr'><strong>chorostasiae</strong></span> <span class='ocrx_word' id='word_1_581' title='bbox 2794 3740 3174 3820; x_wconf 60' lang='lat' dir='ltr'><strong>coryphmum</strong></span> <span class='ocrx_word' id='word_1_582' title='bbox 3224 3740 3514 3812; x_wconf 88' lang='lat' dir='ltr'><strong>declaret,</strong></span> <span class='ocrx_word' id='word_1_583' title='bbox 3562 3749 3621 3803; x_wconf 92' lang='lat' dir='ltr'><strong>et</strong></span> 
     </span>
    </p>
   </div>
   <div class='ocr_carea' id='block_1_86' title="bbox 1969 3827 3622 3908">
    <p class='ocr_par' dir='ltr' id='par_1_86' title="bbox 1969 3827 3622 3908">
     <span class='ocr_line' id='line_1_86' title="bbox 1969 3827 3622 3908; baseline 0.003 -20"><span class='ocrx_word' id='word_1_584' title='bbox 1969 3827 2338 3908; x_wconf 86' lang='lat' dir='ltr'><strong>episcopum.</strong></span> <span class='ocrx_word' id='word_1_585' title='bbox 2374 3828 2690 3889; x_wconf 87' lang='lat' dir='ltr'><strong>Enimvero</strong></span> <span class='ocrx_word' id='word_1_586' title='bbox 2718 3846 2835 3889; x_wconf 89' lang='lat' dir='ltr'><strong>non</strong></span> <span class='ocrx_word' id='word_1_587' title='bbox 2860 3828 2920 3889; x_wconf 92' lang='lat' dir='ltr'><strong>in</strong></span> <span class='ocrx_word' id='word_1_588' title='bbox 2953 3828 3084 3890; x_wconf 88' lang='lat' dir='ltr'><strong>istis</strong></span> <span class='ocrx_word' id='word_1_589' title='bbox 3136 3838 3359 3891; x_wconf 89' lang='lat' dir='ltr'><strong>tantum</strong></span> <span class='ocrx_word' id='word_1_590' title='bbox 3416 3838 3622 3893; x_wconf 87' lang='lat' dir='ltr'><strong>contra</strong></span> 
     </span>
    </p>
   </div>
   <div class='ocr_carea' id='block_1_87' title="bbox 1968 3915 3623 4001">
    <p class='ocr_par' dir='ltr' id='par_1_87' title="bbox 1968 3915 3623 4001">
     <span class='ocr_line' id='line_1_87' title="bbox 1968 3915 3623 4001; baseline 0.002 -24"><span class='ocrx_word' id='word_1_591' title='bbox 1968 3917 2129 3995; x_wconf 83' lang='lat' dir='ltr'><strong>leges</strong></span> <span class='ocrx_word' id='word_1_592' title='bbox 2163 3934 2410 3996; x_wconf 91' lang='lat' dir='ltr'><strong>peccare</strong></span> <span class='ocrx_word' id='word_1_593' title='bbox 2430 3926 2567 3978; x_wconf 80' lang='lat' dir='ltr'><strong>sunt</strong></span> <span class='ocrx_word' id='word_1_594' title='bbox 2597 3915 2958 3998; x_wconf 88' lang='lat' dir='ltr'><strong>inducti,sed</strong></span> <span class='ocrx_word' id='word_1_595' title='bbox 2986 3918 3044 3979; x_wconf 93' lang='lat' dir='ltr'><strong>in</strong></span> <span class='ocrx_word' id='word_1_596' title='bbox 3078 3917 3266 4000; x_wconf 89' lang='lat' dir='ltr'><strong>ipsam</strong></span> <span class='ocrx_word' id='word_1_597' title='bbox 3300 3919 3623 4001; x_wconf 87' lang='lat' dir='ltr'><strong>impietatis</strong></span> 
     </span>
    </p>
   </div>
   <div class='ocr_carea' id='block_1_88' title="bbox 1969 4005 3624 4085">
    <p class='ocr_par' dir='ltr' id='par_1_88' title="bbox 1969 4005 3624 4085">
     <span class='ocr_line' id='line_1_88' title="bbox 1969 4005 3624 4085; baseline 0.003 -18"><span class='ocrx_word' id='word_1_598' title='bbox 1969 4005 2339 4079; x_wconf 84' lang='lat' dir='ltr'><strong>coronidem,</strong></span> <span class='ocrx_word' id='word_1_599' title='bbox 2373 4007 2425 4066; x_wconf 91' lang='lat' dir='ltr'><strong>si</strong></span> <span class='ocrx_word' id='word_1_600' title='bbox 2456 4024 2587 4085; x_wconf 72' lang='lat' dir='ltr'><strong>quae</strong></span> <span class='ocrx_word' id='word_1_601' title='bbox 2616 4006 2737 4067; x_wconf 90' lang='lat' dir='ltr'><strong>ulla</strong></span> <span class='ocrx_word' id='word_1_602' title='bbox 2798 4015 2909 4084; x_wconf 90' lang='lat' dir='ltr'><strong>est,</strong></span> <span class='ocrx_word' id='word_1_603' title='bbox 2974 4007 3364 4070; x_wconf 90' lang='lat' dir='ltr'><strong>devenerunt.</strong></span> <span class='ocrx_word' id='word_1_604' title='bbox 3401 4008 3624 4072; x_wconf 68' lang='lat' dir='ltr'><strong>Praeter</strong></span> 
     </span>
    </p>
   </div>
   <div class='ocr_carea' id='block_1_89' title="bbox 1970 4094 3590 4178">
    <p class='ocr_par' dir='ltr' id='par_1_89' title="bbox 1970 4094 3590 4178">
     <span class='ocr_line' id='line_1_89' title="bbox 1970 4094 3590 4178; baseline 0.002 -23"><span class='ocrx_word' id='word_1_605' title='bbox 1970 4094 2130 4156; x_wconf 90' lang='lat' dir='ltr'><strong>enim</strong></span> <span class='ocrx_word' id='word_1_606' title='bbox 2165 4100 2519 4156; x_wconf 78' lang='lat' dir='ltr'><strong>memoratas</strong></span> <span class='ocrx_word' id='word_1_607' title='bbox 2548 4094 3426 4178; x_wconf 86' lang='lat' dir='ltr'><strong>ahsurditates,sacrosanctum</strong></span> <span class='ocrx_word' id='word_1_608' title='bbox 3454 4098 3590 4177; x_wconf 71' lang='lat' dir='ltr'><strong>Sym</strong></span> 
     </span>
    </p>
   </div>
   <div class='ocr_carea' id='block_1_90' title="bbox 1970 4182 3586 4263">
    <p class='ocr_par' dir='ltr' id='par_1_90' title="bbox 1970 4182 3586 4263">
     <span class='ocr_line' id='line_1_90' title="bbox 1970 4182 3586 4263; baseline 0.002 -19"><span class='ocrx_word' id='word_1_609' title='bbox 1970 4182 2358 4263; x_wconf 90' lang='lat' dir='ltr'><strong>bolum,quod</strong></span> <span class='ocrx_word' id='word_1_610' title='bbox 2391 4183 2464 4245; x_wconf 91' lang='lat' dir='ltr'><strong>ab</strong></span> <span class='ocrx_word' id='word_1_611' title='bbox 2488 4184 2764 4246; x_wconf 88' lang='lat' dir='ltr'><strong>omnibus</strong></span> <span class='ocrx_word' id='word_1_612' title='bbox 2794 4189 3299 4248; x_wconf 73' lang='lat' dir='ltr'><strong>mcumenicorum</strong></span> <span class='ocrx_word' id='word_1_613' title='bbox 3332 4186 3586 4248; x_wconf 89' lang='lat' dir='ltr'><strong>concilio</strong></span> 
     </span>
    </p>
   </div>
   <div class='ocr_carea' id='block_1_91' title="bbox 1970 4271 3614 4349">
    <p class='ocr_par' dir='ltr' id='par_1_91' title="bbox 1970 4271 3614 4349">
     <span class='ocr_line' id='line_1_91' title="bbox 1970 4271 3614 4349; baseline 0.003 -19"><span class='ocrx_word' id='word_1_614' title='bbox 1970 4288 2099 4332; x_wconf 91' lang='lat' dir='ltr'><strong>rum</strong></span> <span class='ocrx_word' id='word_1_615' title='bbox 2128 4271 2370 4333; x_wconf 85' lang='lat' dir='ltr'><strong>calculis</strong></span> <span class='ocrx_word' id='word_1_616' title='bbox 2404 4274 2882 4349; x_wconf 88' lang='lat' dir='ltr'><strong>conﬁrmatur,et</strong></span> <span class='ocrx_word' id='word_1_617' title='bbox 2907 4274 3020 4334; x_wconf 88' lang='lat' dir='ltr'><strong>vim</strong></span> <span class='ocrx_word' id='word_1_618' title='bbox 3052 4274 3279 4337; x_wconf 89' lang='lat' dir='ltr'><strong>obtinet</strong></span> <span class='ocrx_word' id='word_1_619' title='bbox 3312 4272 3614 4348; x_wconf 86' lang='lat' dir='ltr'><strong>invictam,</strong></span> 
     </span>
    </p>
   </div>
   <div class='ocr_carea' id='block_1_92' title="bbox 243 4359 1881 4444">
    <p class='ocr_par' dir='ltr' id='par_1_92' title="bbox 243 4359 1881 4444">
     <span class='ocr_line' id='line_1_92' title="bbox 243 4359 1881 4444; baseline -0.001 -24"><span class='ocrx_word' id='word_1_620' title='bbox 243 4384 369 4426; x_wconf 78' lang='grc' dir='ltr'>σους</span> <span class='ocrx_word' id='word_1_621' title='bbox 399 4360 665 4443; x_wconf 72' lang='grc' dir='ltr'>ὑπερϐολῄ</span> <span class='ocrx_word' id='word_1_622' title='bbox 722 4359 1050 4430; x_wconf 77' lang='grc' dir='ltr'>κιϐδηλεύειν</span> <span class='ocrx_word' id='word_1_623' title='bbox 1104 4364 1480 4444; x_wconf 78' lang='grc' dir='ltr'>ἐπεχείρησαν,</span> <span class='ocrx_word' id='word_1_624' title='bbox 1539 4363 1585 4419; x_wconf 79' lang='grc' dir='ltr'>ὣ</span> <span class='ocrx_word' id='word_1_625' title='bbox 1639 4368 1745 4419; x_wconf 84' lang='grc' dir='ltr'>τῶν</span> <span class='ocrx_word' id='word_1_626' title='bbox 1800 4366 1881 4419; x_wconf 65' lang='lat' dir='ltr'><strong>toi</strong></span> 
     </span>
    </p>
   </div>
   <div class='ocr_carea' id='block_1_93' title="bbox 1966 4359 3622 4444">
    <p class='ocr_par' dir='ltr' id='par_1_93' title="bbox 1972 4361 3622 4444">
     <span class='ocr_line' id='line_1_93' title="bbox 1972 4361 3622 4444; baseline 0.001 -22"><span class='ocrx_word' id='word_1_627' title='bbox 1972 4361 2283 4423; x_wconf 80' lang='lat' dir='ltr'><strong>sententiis</strong></span> <span class='ocrx_word' id='word_1_628' title='bbox 2337 4361 2559 4441; x_wconf 82' lang='lat' dir='ltr'><strong>Spiriis,</strong></span> <span class='ocrx_word' id='word_1_629' title='bbox 2612 4363 2810 4423; x_wconf 85' lang='lat' dir='ltr'><strong>verbis</strong></span> <span class='ocrx_word' id='word_1_630' title='bbox 2866 4362 3161 4435; x_wconf 79' lang='lat' dir='ltr'><strong>ascititiis,</strong></span> <span class='ocrx_word' id='word_1_631' title='bbox 3214 4381 3345 4444; x_wconf 74' lang='lat' dir='ltr'><strong>quae</strong></span> <span class='ocrx_word' id='word_1_632' title='bbox 3388 4380 3622 4424; x_wconf 89' lang='lat' dir='ltr'><strong>summa</strong></span> 
     </span>
    </p>
   </div>
   <div class='ocr_carea' id='block_1_94' title="bbox 242 4451 1889 4531">
    <p class='ocr_par' dir='ltr' id='par_1_94' title="bbox 242 4451 1889 4531">
     <span class='ocr_line' id='line_1_94' title="bbox 242 4451 1889 4531; baseline 0 -22"><span class='ocrx_word' id='word_1_633' title='bbox 242 4454 481 4531; x_wconf 74' lang='grc' dir='ltr'>πονηρυῦ</span> <span class='ocrx_word' id='word_1_634' title='bbox 526 4452 985 4531; x_wconf 62' lang='grc' dir='ltr'>μηχανημάτωνέ</span> <span class='ocrx_word' id='word_1_635' title='bbox 1017 4454 1080 4509; x_wconf 86' lang='grc' dir='ltr'>τὸ</span> <span class='ocrx_word' id='word_1_636' title='bbox 1115 4459 1326 4529; x_wconf 80' lang='grc' dir='ltr'>Πνεῦμα</span> <span class='ocrx_word' id='word_1_637' title='bbox 1374 4455 1434 4511; x_wconf 83' lang='grc' dir='ltr'>τὸ</span> <span class='ocrx_word' id='word_1_638' title='bbox 1473 4452 1625 4531; x_wconf 75' lang='grc' dir='ltr'>ἅγιον</span> <span class='ocrx_word' id='word_1_639' title='bbox 1683 4454 1776 4509; x_wconf 75' lang='grc' dir='ltr'><strong>οὔκ</strong></span> <span class='ocrx_word' id='word_1_640' title='bbox 1830 4451 1889 4509; x_wconf 84' lang='grc' dir='ltr'>ἐκ</span> 
     </span>
    </p>
   </div>
   <div class='ocr_carea' id='block_1_95' title="bbox 240 4540 1889 4621">
    <p class='ocr_par' dir='ltr' id='par_1_95' title="bbox 240 4540 1889 4621">
     <span class='ocr_line' id='line_1_95' title="bbox 240 4540 1889 4621; baseline -0.001 -23"><span class='ocrx_word' id='word_1_641' title='bbox 240 4549 338 4599; x_wconf 80' lang='grc' dir='ltr'>τοῦ</span> <span class='ocrx_word' id='word_1_642' title='bbox 393 4544 595 4621; x_wconf 68' lang='grc' dir='ltr'>Πατρὸς</span> <span class='ocrx_word' id='word_1_643' title='bbox 653 4540 841 4620; x_wconf 88' lang='grc' dir='ltr'>μόνου,</span> <span class='ocrx_word' id='word_1_644' title='bbox 886 4540 1023 4598; x_wconf 86' lang='grc' dir='ltr'><strong>ἀλλά</strong></span> <span class='ocrx_word' id='word_1_645' title='bbox 1082 4543 1170 4598; x_wconf 87' lang='grc' dir='ltr'><strong>καὶ</strong></span> <span class='ocrx_word' id='word_1_646' title='bbox 1222 4545 1284 4599; x_wconf 71' lang='grc' dir='ltr'>ὲκ</span> <span class='ocrx_word' id='word_1_647' title='bbox 1324 4548 1420 4599; x_wconf 76' lang='grc' dir='ltr'>τοῦ</span> <span class='ocrx_word' id='word_1_648' title='bbox 1466 4544 1587 4598; x_wconf 82' lang='grc' dir='ltr'><strong>Υἱοῦ</strong></span> <span class='ocrx_word' id='word_1_649' title='bbox 1614 4541 1889 4621; x_wconf 77' lang='grc' dir='ltr'>ἐκπορεύε-</span> 
     </span>
    </p>
   </div>
   <div class='ocr_carea' id='block_1_96' title="bbox 243 4627 1886 4710">
    <p class='ocr_par' dir='ltr' id='par_1_96' title="bbox 243 4627 1886 4710">
     <span class='ocr_line' id='line_1_96' title="bbox 243 4627 1886 4710; baseline -0.001 -22"><span class='ocrx_word' id='word_1_650' title='bbox 243 4633 364 4688; x_wconf 84' lang='grc' dir='ltr'>σθαι</span> <span class='ocrx_word' id='word_1_651' title='bbox 420 4627 923 4707; x_wconf 75' lang='grc' dir='ltr'>καινολογήσαντες.</span> <span class='ocrx_word' id='word_1_652' title='bbox 983 4630 1068 4695; x_wconf 84' lang='grc' dir='ltr'>Τίς</span> <span class='ocrx_word' id='word_1_653' title='bbox 1126 4652 1257 4687; x_wconf 86' lang='grc' dir='ltr'>ποτε</span> <span class='ocrx_word' id='word_1_654' title='bbox 1288 4630 1534 4698; x_wconf 81' lang='grc' dir='ltr'>τοιαύτην</span> <span class='ocrx_word' id='word_1_655' title='bbox 1577 4631 1718 4710; x_wconf 73' lang='grc' dir='ltr'>παρὰ</span> <span class='ocrx_word' id='word_1_656' title='bbox 1782 4636 1886 4687; x_wconf 84' lang='grc' dir='ltr'><strong>τῶν</strong></span> 
     </span>
    </p>
   </div>
   <div class='ocr_carea' id='block_1_97' title="bbox 243 4716 1886 4800">
    <p class='ocr_par' dir='ltr' id='par_1_97' title="bbox 243 4716 1886 4800">
     <span class='ocr_line' id='line_1_97' title="bbox 243 4716 1886 4800; baseline 0.001 -23"><span class='ocrx_word' id='word_1_657' title='bbox 243 4719 466 4777; x_wconf 84' lang='grc' dir='ltr'>πώποτε</span> <span class='ocrx_word' id='word_1_658' title='bbox 508 4716 881 4786; x_wconf 76' lang='grc' dir='ltr'>ἀσεϐησάντων</span> <span class='ocrx_word' id='word_1_659' title='bbox 939 4719 1119 4800; x_wconf 78' lang='grc' dir='ltr'>φωνὴν</span> <span class='ocrx_word' id='word_1_660' title='bbox 1154 4718 1349 4787; x_wconf 75' lang='grc' dir='ltr'>ἤκουσε</span> <span class='ocrx_word' id='word_1_661' title='bbox 1391 4720 1686 4799; x_wconf 69' lang='grc' dir='ltr'>ῥαγεϊσανς</span> <span class='ocrx_word' id='word_1_662' title='bbox 1723 4726 1886 4785; x_wconf 76' lang='grc' dir='ltr'>Ποῖος</span> 
     </span>
    </p>
   </div>
   <div class='ocr_carea' id='block_1_98' title="bbox 244 4806 1891 4887">
    <p class='ocr_par' dir='ltr' id='par_1_98' title="bbox 244 4806 1891 4887">
     <span class='ocr_line' id='line_1_98' title="bbox 244 4806 1891 4887; baseline -0.001 -21"><span class='ocrx_word' id='word_1_663' title='bbox 244 4807 461 4872; x_wconf 82' lang='grc' dir='ltr'>σκολιὸς</span> <span class='ocrx_word' id='word_1_664' title='bbox 512 4806 628 4885; x_wconf 66' lang='grc' dir='ltr'>ὄφις</span> <span class='ocrx_word' id='word_1_665' title='bbox 708 4810 781 4874; x_wconf 81' lang='grc' dir='ltr'><strong>εἰς</strong></span> <span class='ocrx_word' id='word_1_666' title='bbox 833 4809 927 4872; x_wconf 72' lang='grc' dir='ltr'>τὰς</span> <span class='ocrx_word' id='word_1_667' title='bbox 995 4808 1205 4866; x_wconf 80' lang='grc' dir='ltr'>ἐκείνων</span> <span class='ocrx_word' id='word_1_668' title='bbox 1262 4806 1471 4887; x_wconf 76' lang='grc' dir='ltr'>καρδίας</span> <span class='ocrx_word' id='word_1_669' title='bbox 1527 4815 1678 4867; x_wconf 80' lang='grc' dir='ltr'>τοῦτο</span> <span class='ocrx_word' id='word_1_670' title='bbox 1738 4809 1891 4887; x_wconf 78' lang='grc' dir='ltr'>ἠρεύ-</span> 
     </span>
    </p>
   </div>
   <div class='ocr_carea' id='block_1_99' title="bbox 244 4896 1884 4979">
    <p class='ocr_par' dir='ltr' id='par_1_99' title="bbox 244 4896 1884 4979">
     <span class='ocr_line' id='line_1_99' title="bbox 244 4896 1884 4979; baseline -0.002 -23"><span class='ocrx_word' id='word_1_671' title='bbox 244 4898 369 4965; x_wconf 84' lang='grc' dir='ltr'>ξατο</span> <span class='ocrx_word' id='word_1_672' title='bbox 402 4917 418 4979; x_wconf 83' lang='grc'><strong>;</strong></span> <span class='ocrx_word' id='word_1_673' title='bbox 464 4899 553 4962; x_wconf 82' lang='grc' dir='ltr'>Τίς</span> <span class='ocrx_word' id='word_1_674' title='bbox 582 4896 720 4962; x_wconf 84' lang='grc' dir='ltr'>ὃλως</span> <span class='ocrx_word' id='word_1_675' title='bbox 750 4898 1039 4979; x_wconf 68' lang='grc' dir='ltr'>ἀνάσχοιτο</span> <span class='ocrx_word' id='word_1_676' title='bbox 1082 4904 1187 4955; x_wconf 75' lang='grc' dir='ltr'>τῶν</span> <span class='ocrx_word' id='word_1_677' title='bbox 1218 4898 1271 4954; x_wconf 80' lang='grc' dir='ltr'>ἐν</span> <span class='ocrx_word' id='word_1_678' title='bbox 1301 4906 1640 4978; x_wconf 82' lang='grc' dir='ltr'>Χριστιανοϊς</span> <span class='ocrx_word' id='word_1_679' title='bbox 1669 4896 1884 4954; x_wconf 87' lang='grc' dir='ltr'>τελούν-</span> 
     </span>
    </p>
   </div>
   <div class='ocr_carea' id='block_1_100' title="bbox 243 4984 1889 5068">
    <p class='ocr_par' dir='ltr' id='par_1_100' title="bbox 243 4984 1889 5068">
     <span class='ocr_line' id='line_1_100' title="bbox 243 4984 1889 5068; baseline -0.001 -23"><span class='ocrx_word' id='word_1_680' title='bbox 243 5009 352 5045; x_wconf 85' lang='grc' dir='ltr'><strong>των</strong></span> <span class='ocrx_word' id='word_1_681' title='bbox 402 4987 488 5044; x_wconf 76' lang='grc' dir='ltr'><strong>ἑπὶ</strong></span> <span class='ocrx_word' id='word_1_682' title='bbox 529 4991 629 5054; x_wconf 77' lang='grc' dir='ltr'>τῆς</span> <span class='ocrx_word' id='word_1_683' title='bbox 680 4987 831 5064; x_wconf 84' lang='grc' dir='ltr'>ἁγίας</span> <span class='ocrx_word' id='word_1_684' title='bbox 887 4985 1130 5068; x_wconf 82' lang='grc' dir='ltr'>Τριάδος,</span> <span class='ocrx_word' id='word_1_685' title='bbox 1159 4984 1247 5043; x_wconf 87' lang='grc' dir='ltr'>δύο</span> <span class='ocrx_word' id='word_1_686' title='bbox 1289 4988 1517 5060; x_wconf 77' lang='grc' dir='ltr'>εἰσάγειν</span> <span class='ocrx_word' id='word_1_687' title='bbox 1560 4986 1710 5044; x_wconf 74' lang='grc' dir='ltr'>αἴτια</span> <span class='ocrx_word' id='word_1_688' title='bbox 1768 4989 1889 5043; x_wconf 80' lang='grc' dir='ltr'><strong>Υἱοῦ</strong></span> 
     </span>
    </p>
   </div>
   <div class='ocr_carea' id='block_1_101' title="bbox 244 5075 1884 5156">
    <p class='ocr_par' dir='ltr' id='par_1_101' title="bbox 244 5075 1884 5156">
     <span class='ocr_line' id='line_1_101' title="bbox 244 5075 1884 5156; baseline 0 -24"><span class='ocrx_word' id='word_1_689' title='bbox 244 5077 345 5155; x_wconf 80' lang='grc' dir='ltr'>μὲν</span> <span class='ocrx_word' id='word_1_690' title='bbox 387 5076 475 5133; x_wconf 85' lang='grc' dir='ltr'><strong>καὶ</strong></span> <span class='ocrx_word' id='word_1_691' title='bbox 523 5077 821 5151; x_wconf 82' lang='grc' dir='ltr'>Πνεύματος</span> <span class='ocrx_word' id='word_1_692' title='bbox 878 5077 971 5132; x_wconf 80' lang='grc' dir='ltr'>τὸν</span> <span class='ocrx_word' id='word_1_693' title='bbox 1038 5076 1267 5156; x_wconf 79' lang='grc' dir='ltr'>Πατέρα,</span> <span class='ocrx_word' id='word_1_694' title='bbox 1325 5083 1416 5134; x_wconf 79' lang='grc' dir='ltr'>τοῦ</span> <span class='ocrx_word' id='word_1_695' title='bbox 1469 5075 1524 5132; x_wconf 74' lang='grc' dir='ltr'><strong>δὲ</strong></span> <span class='ocrx_word' id='word_1_696' title='bbox 1583 5077 1884 5150; x_wconf 87' lang='grc' dir='ltr'>Πνεύματος</span> 
     </span>
    </p>
   </div>
   <div class='ocr_carea' id='block_1_102' title="bbox 241 5162 1886 5247">
    <p class='ocr_par' dir='ltr' id='par_1_102' title="bbox 241 5162 1886 5247">
     <span class='ocr_line' id='line_1_102' title="bbox 241 5162 1886 5247; baseline -0.002 -24"><span class='ocrx_word' id='word_1_697' title='bbox 241 5164 407 5225; x_wconf 76' lang='grc' dir='ltr'>πάλιν</span> <span class='ocrx_word' id='word_1_698' title='bbox 434 5165 526 5221; x_wconf 81' lang='grc' dir='ltr'>τὸν</span> <span class='ocrx_word' id='word_1_699' title='bbox 580 5166 723 5245; x_wconf 78' lang='grc' dir='ltr'>Υἱὸν,</span> <span class='ocrx_word' id='word_1_700' title='bbox 779 5166 867 5222; x_wconf 87' lang='grc' dir='ltr'><strong>καὶ</strong></span> <span class='ocrx_word' id='word_1_701' title='bbox 924 5167 995 5231; x_wconf 85' lang='grc' dir='ltr'>εἷς</span> <span class='ocrx_word' id='word_1_702' title='bbox 1024 5162 1221 5223; x_wconf 75' lang='grc' dir='ltr'>διθείαν</span> <span class='ocrx_word' id='word_1_703' title='bbox 1249 5167 1347 5234; x_wconf 74' lang='grc' dir='ltr'>τὴν</span> <span class='ocrx_word' id='word_1_704' title='bbox 1395 5166 1690 5247; x_wconf 83' lang='grc' dir='ltr'>μοναρχίαν</span> <span class='ocrx_word' id='word_1_705' title='bbox 1718 5164 1886 5244; x_wconf 80' lang='grc' dir='ltr'>λύειν,</span> 
     </span>
    </p>
   </div>
   <div class='ocr_carea' id='block_1_103' title="bbox 240 5251 1887 5333">
    <p class='ocr_par' dir='ltr' id='par_1_103' title="bbox 240 5251 1887 5333">
     <span class='ocr_line' id='line_1_103' title="bbox 240 5251 1887 5333; baseline -0.001 -22"><span class='ocrx_word' id='word_1_706' title='bbox 240 5256 330 5311; x_wconf 87' lang='grc' dir='ltr'><strong>καὶ</strong></span> <span class='ocrx_word' id='word_1_707' title='bbox 386 5251 553 5329; x_wconf 78' lang='grc' dir='ltr'>μηδὲν</span> <span class='ocrx_word' id='word_1_708' title='bbox 608 5253 768 5321; x_wconf 80' lang='grc' dir='ltr'>ἧττον</span> <span class='ocrx_word' id='word_1_709' title='bbox 820 5253 917 5321; x_wconf 75' lang='grc' dir='ltr'><strong>τῆς</strong></span> <span class='ocrx_word' id='word_1_710' title='bbox 950 5251 1274 5322; x_wconf 76' lang='grc' dir='ltr'>Ἑλληνικῆς</span> <span class='ocrx_word' id='word_1_711' title='bbox 1307 5253 1622 5333; x_wconf 84' lang='grc' dir='ltr'>μυθολογίας</span> <span class='ocrx_word' id='word_1_712' title='bbox 1651 5255 1752 5323; x_wconf 76' lang='grc' dir='ltr'><strong>τὴν</strong></span> <span class='ocrx_word' id='word_1_713' title='bbox 1782 5260 1887 5310; x_wconf 81' lang='grc' dir='ltr'>τῶν</span> 
     </span>
    </p>
   </div>
   <div class='ocr_carea' id='block_1_104' title="bbox 242 5342 1885 5423">
    <p class='ocr_par' dir='ltr' id='par_1_104' title="bbox 242 5342 1885 5423">
     <span class='ocr_line' id='line_1_104' title="bbox 242 5342 1885 5423; baseline -0.001 -22"><span class='ocrx_word' id='word_1_714' title='bbox 242 5349 573 5423; x_wconf 83' lang='grc' dir='ltr'>Χριστιανῶν</span> <span class='ocrx_word' id='word_1_715' title='bbox 658 5343 978 5422; x_wconf 78' lang='grc' dir='ltr'>σπαράττειν</span> <span class='ocrx_word' id='word_1_716' title='bbox 1062 5342 1356 5422; x_wconf 81' lang='grc' dir='ltr'>θεολογίαν,</span> <span class='ocrx_word' id='word_1_717' title='bbox 1438 5343 1672 5412; x_wconf 75' lang='grc' dir='ltr'>καὶτῆς</span> <span class='ocrx_word' id='word_1_718' title='bbox 1727 5345 1885 5422; x_wconf 82' lang='grc' dir='ltr'>ὑπερ-</span> 
     </span>
    </p>
   </div>
   <div class='ocr_carea' id='block_1_105' title="bbox 240 5430 1888 5513">
    <p class='ocr_par' dir='ltr' id='par_1_105' title="bbox 240 5430 1888 5513">
     <span class='ocr_line' id='line_1_105' title="bbox 240 5430 1888 5513; baseline -0.001 -22"><span class='ocrx_word' id='word_1_719' title='bbox 240 5433 419 5491; x_wconf 86' lang='grc' dir='ltr'>ουσίου</span> <span class='ocrx_word' id='word_1_720' title='bbox 501 5435 589 5491; x_wconf 84' lang='grc' dir='ltr'><strong>καὶ</strong></span> <span class='ocrx_word' id='word_1_721' title='bbox 699 5434 1034 5512; x_wconf 61' lang='grc' dir='ltr'>μοναρχικῆς</span> <span class='ocrx_word' id='word_1_722' title='bbox 1125 5431 1339 5511; x_wconf 73' lang='grc' dir='ltr'>Τριᾶδος</span> <span class='ocrx_word' id='word_1_723' title='bbox 1452 5430 1728 5513; x_wconf 73' lang='grc' dir='ltr'>ἐξυϐρίζειν</span> <span class='ocrx_word' id='word_1_724' title='bbox 1826 5433 1888 5489; x_wconf 85' lang='grc' dir='ltr'>τὸ</span> 
     </span>
    </p>
   </div>
   <div class='ocr_carea' id='block_1_106' title="bbox 237 5520 565 5603">
    <p class='ocr_par' dir='ltr' id='par_1_106' title="bbox 237 5520 565 5603">
     <span class='ocr_line' id='line_1_106' title="bbox 237 5520 565 5603; baseline -0.003 -23"><span class='ocrx_word' id='word_1_725' title='bbox 237 5520 448 5599; x_wconf 76' lang='grc' dir='ltr'>ἀξίωμα</span> <span class='ocrx_word' id='word_1_726' title='bbox 482 5541 499 5603; x_wconf 73' lang='grc' dir='ltr'><strong>ς</strong></span> <span class='ocrx_word' id='word_1_727' title='bbox 537 5545 565 5579; x_wconf 70' lang='grc' dir='ltr'><strong>ι</strong></span> 
     </span>
    </p>
   </div>
   <div class='ocr_carea' id='block_1_107' title="bbox 602 5744 1282 5810">
    <p class='ocr_par' dir='ltr' id='par_1_107' title="bbox 602 5744 1282 5810">
     <span class='ocr_line' id='line_1_107' title="bbox 602 5744 1282 5810; baseline 0.004 -3"><span class='ocrx_word' id='word_1_728' title='bbox 602 5745 863 5808; x_wconf 52' lang='lat' dir='ltr'><strong>Parnm“</strong></span> <span class='ocrx_word' id='word_1_729' title='bbox 920 5744 1032 5809; x_wconf 74' lang='lat' dir='ltr'><strong>Gn.</strong></span> <span class='ocrx_word' id='word_1_730' title='bbox 1079 5745 1282 5810; x_wconf 72' lang='lat' dir='ltr'><strong>CXLI.</strong></span> 
     </span>
    </p>
   </div>
   <div class='ocr_carea' id='block_1_108' title="bbox 1972 4448 3618 4529">
    <p class='ocr_par' dir='ltr' id='par_1_108' title="bbox 1972 4448 3618 4529">
     <span class='ocr_line' id='line_1_108' title="bbox 1972 4448 3618 4529; baseline 0.004 -20"><span class='ocrx_word' id='word_1_731' title='bbox 1972 4449 2080 4509; x_wconf 88' lang='lat' dir='ltr'><strong>fuit</strong></span> <span class='ocrx_word' id='word_1_732' title='bbox 2138 4450 2400 4529; x_wconf 88' lang='lat' dir='ltr'><strong>ipsorum</strong></span> <span class='ocrx_word' id='word_1_733' title='bbox 2461 4450 2727 4518; x_wconf 80' lang='lat' dir='ltr'><strong>audacia,</strong></span> <span class='ocrx_word' id='word_1_734' title='bbox 2763 4452 2959 4514; x_wconf 89' lang='lat' dir='ltr'><strong>conati</strong></span> <span class='ocrx_word' id='word_1_735' title='bbox 3008 4460 3149 4514; x_wconf 82' lang='grc' dir='ltr'>ευηῑ</span> <span class='ocrx_word' id='word_1_736' title='bbox 3176 4452 3537 4515; x_wconf 88' lang='lat' dir='ltr'><strong>adulterare.</strong></span> <span class='ocrx_word' id='word_1_737' title='bbox 3571 4448 3618 4514; x_wconf 93' lang='lat'>0</span> 
     </span>
    </p>
   </div>
   <div class='ocr_carea' id='block_1_109' title="bbox 1972 4539 3619 4622">
    <p class='ocr_par' dir='ltr' id='par_1_109' title="bbox 1972 4539 3619 4622">
     <span class='ocr_line' id='line_1_109' title="bbox 1972 4539 3619 4622; baseline 0.001 -23"><span class='ocrx_word' id='word_1_738' title='bbox 1972 4539 2442 4600; x_wconf 87' lang='lat' dir='ltr'><strong>machinationes</strong></span> <span class='ocrx_word' id='word_1_739' title='bbox 2463 4539 2810 4602; x_wconf 85' lang='lat' dir='ltr'><strong>diabolicas!</strong></span> <span class='ocrx_word' id='word_1_740' title='bbox 2849 4540 3135 4622; x_wconf 91' lang='lat' dir='ltr'><strong>Spiritum</strong></span> <span class='ocrx_word' id='word_1_741' title='bbox 3168 4550 3434 4603; x_wconf 88' lang='lat' dir='ltr'><strong>sanctum</strong></span> <span class='ocrx_word' id='word_1_742' title='bbox 3469 4558 3619 4602; x_wconf 85' lang='lat' dir='ltr'><strong>novo</strong></span> 
     </span>
    </p>
   </div>
   <div class='ocr_carea' id='block_1_110' title="bbox 1971 4627 3617 4706">
    <p class='ocr_par' dir='ltr' id='par_1_110' title="bbox 1971 4627 3617 4706">
     <span class='ocr_line' id='line_1_110' title="bbox 1971 4627 3617 4706; baseline 0.002 -19"><span class='ocrx_word' id='word_1_743' title='bbox 1971 4627 2222 4706; x_wconf 86' lang='lat' dir='ltr'><strong>quodam</strong></span> <span class='ocrx_word' id='word_1_744' title='bbox 2256 4627 2430 4688; x_wconf 90' lang='lat' dir='ltr'><strong>modo</strong></span> <span class='ocrx_word' id='word_1_745' title='bbox 2462 4647 2578 4689; x_wconf 89' lang='lat' dir='ltr'><strong>non</strong></span> <span class='ocrx_word' id='word_1_746' title='bbox 2632 4648 2703 4691; x_wconf 84' lang='lat' dir='ltr'><strong>ex</strong></span> <span class='ocrx_word' id='word_1_747' title='bbox 2755 4631 2881 4692; x_wconf 91' lang='lat' dir='ltr'><strong>solo</strong></span> <span class='ocrx_word' id='word_1_748' title='bbox 2942 4633 3141 4704; x_wconf 85' lang='lat' dir='ltr'><strong>Patre,</strong></span> <span class='ocrx_word' id='word_1_749' title='bbox 3172 4630 3278 4692; x_wconf 91' lang='lat' dir='ltr'><strong>sed</strong></span> <span class='ocrx_word' id='word_1_750' title='bbox 3338 4629 3514 4692; x_wconf 89' lang='lat' dir='ltr'><strong>etiam</strong></span> <span class='ocrx_word' id='word_1_751' title='bbox 3546 4647 3617 4691; x_wconf 81' lang='lat' dir='ltr'><strong>ex</strong></span> 
     </span>
    </p>
   </div>
   <div class='ocr_carea' id='block_1_111' title="bbox 1970 4714 3619 4800">
    <p class='ocr_par' dir='ltr' id='par_1_111' title="bbox 1970 4714 3619 4800">
     <span class='ocr_line' id='line_1_111' title="bbox 1970 4714 3619 4800; baseline 0.001 -23"><span class='ocrx_word' id='word_1_752' title='bbox 1970 4714 2119 4778; x_wconf 89' lang='lat' dir='ltr'><strong>Filio</strong></span> <span class='ocrx_word' id='word_1_753' title='bbox 2151 4714 2475 4795; x_wconf 90' lang='lat' dir='ltr'><strong>procedere</strong></span> <span class='ocrx_word' id='word_1_754' title='bbox 2508 4718 2828 4779; x_wconf 89' lang='lat' dir='ltr'><strong>commenti</strong></span> <span class='ocrx_word' id='word_1_755' title='bbox 2858 4719 3013 4781; x_wconf 89' lang='lat' dir='ltr'><strong>sunt!</strong></span> <span class='ocrx_word' id='word_1_756' title='bbox 3054 4719 3198 4793; x_wconf 88' lang='lat' dir='ltr'><strong>Quis</strong></span> <span class='ocrx_word' id='word_1_757' title='bbox 3234 4736 3492 4800; x_wconf 89' lang='lat' dir='ltr'><strong>unquam</strong></span> <span class='ocrx_word' id='word_1_758' title='bbox 3528 4725 3619 4779; x_wconf 83' lang='lat' dir='ltr'><strong>ta-</strong></span> 
     </span>
    </p>
   </div>
   <div class='ocr_carea' id='block_1_112' title="bbox 1970 4802 3618 4889">
    <p class='ocr_par' dir='ltr' id='par_1_112' title="bbox 1970 4802 3618 4889">
     <span class='ocr_line' id='line_1_112' title="bbox 1970 4802 3618 4889; baseline 0.002 -25"><span class='ocrx_word' id='word_1_759' title='bbox 1970 4803 2082 4865; x_wconf 90' lang='lat' dir='ltr'><strong>lem</strong></span> <span class='ocrx_word' id='word_1_760' title='bbox 2115 4803 2189 4864; x_wconf 89' lang='lat' dir='ltr'><strong>ab</strong></span> <span class='ocrx_word' id='word_1_761' title='bbox 2218 4802 2416 4883; x_wconf 89' lang='lat' dir='ltr'><strong>impiis</strong></span> <span class='ocrx_word' id='word_1_762' title='bbox 2436 4805 2591 4885; x_wconf 87' lang='lat' dir='ltr'><strong>apud</strong></span> <span class='ocrx_word' id='word_1_763' title='bbox 2613 4809 2890 4868; x_wconf 64' lang='lat' dir='ltr'><strong>saeculum</strong></span> <span class='ocrx_word' id='word_1_764' title='bbox 2913 4808 3077 4889; x_wconf 88' lang='lat' dir='ltr'><strong>prius</strong></span> <span class='ocrx_word' id='word_1_765' title='bbox 3102 4825 3306 4870; x_wconf 85' lang='lat' dir='ltr'><strong>vocem</strong></span> <span class='ocrx_word' id='word_1_766' title='bbox 3333 4806 3618 4889; x_wconf 88' lang='lat' dir='ltr'><strong>prolatam</strong></span> 
     </span>
    </p>
   </div>
   <div class='ocr_carea' id='block_1_113' title="bbox 1969 4891 3623 4978">
    <p class='ocr_par' dir='ltr' id='par_1_113' title="bbox 1969 4891 3623 4978">
     <span class='ocr_line' id='line_1_113' title="bbox 1969 4891 3623 4978; baseline 0.001 -23"><span class='ocrx_word' id='word_1_767' title='bbox 1969 4891 2197 4955; x_wconf 81' lang='lat' dir='ltr'><strong>audiit?</strong></span> <span class='ocrx_word' id='word_1_768' title='bbox 2230 4891 2373 4964; x_wconf 85' lang='lat' dir='ltr'><strong>Quis</strong></span> <span class='ocrx_word' id='word_1_769' title='bbox 2403 4893 2686 4957; x_wconf 91' lang='lat' dir='ltr'><strong>distortus</strong></span> <span class='ocrx_word' id='word_1_770' title='bbox 2737 4897 2946 4974; x_wconf 83' lang='lat' dir='ltr'><strong>anguis</strong></span> <span class='ocrx_word' id='word_1_771' title='bbox 3003 4898 3062 4959; x_wconf 92' lang='lat' dir='ltr'><strong>in</strong></span> <span class='ocrx_word' id='word_1_772' title='bbox 3123 4897 3387 4978; x_wconf 91' lang='lat' dir='ltr'><strong>ipsorum</strong></span> <span class='ocrx_word' id='word_1_773' title='bbox 3440 4896 3623 4957; x_wconf 82' lang='lat' dir='ltr'><strong>corda</strong></span> 
     </span>
    </p>
   </div>
   <div class='ocr_carea' id='block_1_114' title="bbox 1970 4981 3622 5054">
    <p class='ocr_par' dir='ltr' id='par_1_114' title="bbox 1970 4981 3622 5054">
     <span class='ocr_line' id='line_1_114' title="bbox 1970 4981 3622 5054; baseline 0.001 -11"><span class='ocrx_word' id='word_1_774' title='bbox 1970 4982 2083 5044; x_wconf 87' lang='lat' dir='ltr'><strong>hoc</strong></span> <span class='ocrx_word' id='word_1_775' title='bbox 2113 4981 2572 5054; x_wconf 81' lang='lat' dir='ltr'><strong>eructavit?Quis</strong></span> <span class='ocrx_word' id='word_1_776' title='bbox 2601 4984 2785 5045; x_wconf 89' lang='lat' dir='ltr'><strong>cultui</strong></span> <span class='ocrx_word' id='word_1_777' title='bbox 2808 4985 3070 5047; x_wconf 86' lang='lat' dir='ltr'><strong>initiatus</strong></span> <span class='ocrx_word' id='word_1_778' title='bbox 3091 4985 3426 5050; x_wconf 86' lang='lat' dir='ltr'><strong>Christiano</strong></span> <span class='ocrx_word' id='word_1_779' title='bbox 3461 4985 3622 5046; x_wconf 89' lang='lat' dir='ltr'><strong>ferre</strong></span> 
     </span>
    </p>
   </div>
   <div class='ocr_carea' id='block_1_115' title="bbox 1969 5071 3626 5154">
    <p class='ocr_par' dir='ltr' id='par_1_115' title="bbox 1969 5071 3626 5154">
     <span class='ocr_line' id='line_1_115' title="bbox 1969 5071 3626 5154; baseline 0.001 -23"><span class='ocrx_word' id='word_1_780' title='bbox 1969 5078 2166 5152; x_wconf 88' lang='lat' dir='ltr'><strong>queat,</strong></span> <span class='ocrx_word' id='word_1_781' title='bbox 2198 5071 2495 5150; x_wconf 86' lang='lat' dir='ltr'><strong>duplicem</strong></span> <span class='ocrx_word' id='word_1_782' title='bbox 2530 5071 2589 5132; x_wconf 89' lang='lat' dir='ltr'><strong>in</strong></span> <span class='ocrx_word' id='word_1_783' title='bbox 2622 5071 2839 5136; x_wconf 88' lang='lat' dir='ltr'><strong>Triade</strong></span> <span class='ocrx_word' id='word_1_784' title='bbox 2860 5094 3096 5137; x_wconf 89' lang='lat' dir='ltr'><strong>causam</strong></span> <span class='ocrx_word' id='word_1_785' title='bbox 3120 5077 3247 5138; x_wconf 88' lang='lat' dir='ltr'><strong>dari</strong></span> <span class='ocrx_word' id='word_1_786' title='bbox 3285 5094 3299 5135; x_wconf 90' lang='lat'><strong>:</strong></span> <span class='ocrx_word' id='word_1_787' title='bbox 3335 5072 3471 5136; x_wconf 87' lang='lat' dir='ltr'><strong>Filii</strong></span> <span class='ocrx_word' id='word_1_788' title='bbox 3492 5072 3626 5154; x_wconf 85' lang='lat' dir='ltr'><strong>qui-</strong></span> 
     </span>
    </p>
   </div>
   <div class='ocr_carea' id='block_1_116' title="bbox 1968 5158 3621 5245">
    <p class='ocr_par' dir='ltr' id='par_1_116' title="bbox 1968 5158 3621 5245">
     <span class='ocr_line' id='line_1_116' title="bbox 1968 5158 3621 5245; baseline 0.001 -24"><span class='ocrx_word' id='word_1_789' title='bbox 1968 5165 2129 5235; x_wconf 91' lang='lat' dir='ltr'><strong>dem,</strong></span> <span class='ocrx_word' id='word_1_790' title='bbox 2166 5168 2225 5221; x_wconf 89' lang='lat' dir='ltr'><strong>et</strong></span> <span class='ocrx_word' id='word_1_791' title='bbox 2255 5158 2510 5239; x_wconf 90' lang='lat' dir='ltr'><strong>Spiritus</strong></span> <span class='ocrx_word' id='word_1_792' title='bbox 2541 5160 2796 5245; x_wconf 85' lang='lat' dir='ltr'><strong>Patrem,</strong></span> <span class='ocrx_word' id='word_1_793' title='bbox 2829 5164 3086 5245; x_wconf 90' lang='lat' dir='ltr'><strong>Spiritus</strong></span> <span class='ocrx_word' id='word_1_794' title='bbox 3114 5183 3350 5226; x_wconf 89' lang='lat' dir='ltr'><strong>rursum</strong></span> <span class='ocrx_word' id='word_1_795' title='bbox 3380 5162 3621 5244; x_wconf 81' lang='lat' dir='ltr'><strong>Filium,</strong></span> 
     </span>
    </p>
   </div>
   <div class='ocr_carea' id='block_1_117' title="bbox 1970 5248 3627 5333">
    <p class='ocr_par' dir='ltr' id='par_1_117' title="bbox 1970 5248 3627 5333">
     <span class='ocr_line' id='line_1_117' title="bbox 1970 5248 3627 5333; baseline 0.004 -25"><span class='ocrx_word' id='word_1_796' title='bbox 1970 5258 2030 5310; x_wconf 79' lang='lat' dir='ltr'><strong>et</strong></span> <span class='ocrx_word' id='word_1_797' title='bbox 2062 5248 2463 5310; x_wconf 87' lang='lat' dir='ltr'><strong>monarchiam</strong></span> <span class='ocrx_word' id='word_1_798' title='bbox 2496 5250 2556 5311; x_wconf 95' lang='lat' dir='ltr'><strong>in</strong></span> <span class='ocrx_word' id='word_1_799' title='bbox 2582 5252 2876 5333; x_wconf 90' lang='lat' dir='ltr'><strong>duplicem</strong></span> <span class='ocrx_word' id='word_1_800' title='bbox 2940 5254 3219 5316; x_wconf 87' lang='lat' dir='ltr'><strong>deitatem</strong></span> <span class='ocrx_word' id='word_1_801' title='bbox 3273 5257 3522 5330; x_wconf 83' lang='lat' dir='ltr'><strong>solvere,</strong></span> <span class='ocrx_word' id='word_1_802' title='bbox 3564 5259 3627 5314; x_wconf 87' lang='lat' dir='ltr'><strong>et</strong></span> 
     </span>
    </p>
   </div>
   <div class='ocr_carea' id='block_1_118' title="bbox 1972 5338 3622 5424">
    <p class='ocr_par' dir='ltr' id='par_1_118' title="bbox 1972 5338 3622 5424">
     <span class='ocr_line' id='line_1_118' title="bbox 1972 5338 3622 5424; baseline 0.001 -24"><span class='ocrx_word' id='word_1_803' title='bbox 1972 5358 2091 5400; x_wconf 91' lang='lat' dir='ltr'><strong>non</strong></span> <span class='ocrx_word' id='word_1_804' title='bbox 2127 5338 2323 5399; x_wconf 87' lang='lat' dir='ltr'><strong>minus</strong></span> <span class='ocrx_word' id='word_1_805' title='bbox 2352 5358 2527 5419; x_wconf 81' lang='lat' dir='ltr'><strong>quam</strong></span> <span class='ocrx_word' id='word_1_806' title='bbox 2559 5341 2909 5420; x_wconf 79' lang='lat' dir='ltr'><strong>gentilitiam</strong></span> <span class='ocrx_word' id='word_1_807' title='bbox 2936 5342 3357 5424; x_wconf 75' lang='lat' dir='ltr'><strong>mythologiam</strong></span> <span class='ocrx_word' id='word_1_808' title='bbox 3416 5339 3622 5405; x_wconf 89' lang='lat' dir='ltr'><strong>Chris-</strong></span> 
     </span>
    </p>
   </div>
   <div class='ocr_carea' id='block_1_119' title="bbox 1972 5428 3625 5513">
    <p class='ocr_par' dir='ltr' id='par_1_119' title="bbox 1972 5428 3625 5513">
     <span class='ocr_line' id='line_1_119' title="bbox 1972 5428 3625 5513; baseline 0.001 -24"><span class='ocrx_word' id='word_1_809' title='bbox 1972 5428 2265 5489; x_wconf 90' lang='lat' dir='ltr'><strong>tianorum</strong></span> <span class='ocrx_word' id='word_1_810' title='bbox 2304 5428 2621 5507; x_wconf 84' lang='lat' dir='ltr'><strong>thotogiam</strong></span> <span class='ocrx_word' id='word_1_811' title='bbox 2648 5430 3019 5513; x_wconf 83' lang='lat' dir='ltr'><strong>discerpere,</strong></span> <span class='ocrx_word' id='word_1_812' title='bbox 3048 5440 3228 5513; x_wconf 77' lang='lat' dir='ltr'><strong>atque</strong></span> <span class='ocrx_word' id='word_1_813' title='bbox 3260 5433 3341 5494; x_wconf 90' lang='lat' dir='ltr'><strong>ita</strong></span> <span class='ocrx_word' id='word_1_814' title='bbox 3359 5429 3625 5492; x_wconf 88' lang='lat' dir='ltr'><strong>Trinita-</strong></span> 
     </span>
    </p>
   </div>
   <div class='ocr_carea' id='block_1_120' title="bbox 1973 5516 3624 5602">
    <p class='ocr_par' dir='ltr' id='par_1_120' title="bbox 1973 5516 3624 5602">
     <span class='ocr_line' id='line_1_120' title="bbox 1973 5516 3624 5602; baseline 0.002 -23"><span class='ocrx_word' id='word_1_815' title='bbox 1973 5517 2049 5579; x_wconf 90' lang='lat' dir='ltr'><strong>tis</strong></span> <span class='ocrx_word' id='word_1_816' title='bbox 2077 5516 2671 5597; x_wconf 84' lang='lat' dir='ltr'><strong>suparsubstautialis</strong></span> <span class='ocrx_word' id='word_1_817' title='bbox 2720 5528 2781 5582; x_wconf 91' lang='lat' dir='ltr'><strong>et</strong></span> <span class='ocrx_word' id='word_1_818' title='bbox 2828 5521 3189 5585; x_wconf 64' lang='lat' dir='ltr'><strong>monarchim</strong></span> <span class='ocrx_word' id='word_1_819' title='bbox 3247 5520 3624 5602; x_wconf 70' lang='lat' dir='ltr'><strong>dignitatem,</strong></span> 
     </span>
    </p>
   </div>
   <div class='ocr_carea' id='block_1_121' title="bbox 1969 5604 2905 5695">
    <p class='ocr_par' dir='ltr' id='par_1_121' title="bbox 1969 5604 2905 5695">
     <span class='ocr_line' id='line_1_121' title="bbox 1969 5604 2905 5695; baseline -0.002 -27"><span class='ocrx_word' id='word_1_820' title='bbox 1969 5604 2394 5668; x_wconf 86' lang='lat' dir='ltr'><strong>contumeliam</strong></span> <span class='ocrx_word' id='word_1_821' title='bbox 2426 5605 2844 5695; x_wconf 82' lang='lat' dir='ltr'><strong>imminuere?</strong></span> <span class='ocrx_word' id='word_1_822' title='bbox 2877 5634 2905 5666; x_wconf 76' lang='grc' dir='ltr'><strong><em>ιο</em></strong></span> 
     </span>
    </p>
   </div>
   <div class='ocr_carea' id='block_1_122' title="bbox 3070 5743 3150 5809">
    <p class='ocr_par' dir='ltr' id='par_1_122' title="bbox 3070 5743 3150 5809">
     <span class='ocr_line' id='line_1_122' title="bbox 3070 5743 3150 5809; baseline 0 0"><span class='ocrx_word' id='word_1_823' title='bbox 3070 5743 3150 5809; x_wconf 78' lang='lat'><strong>30</strong></span> 
     </span>
    </p>
   </div>
  </div>
