4178 6288
564 292 683 363 939
1647 298 1858 366 JOAN.
1907 300 2128 365 VECCI
2170 298 2194 362 ί

2277 345 2284 359 .
2332 290 2856 362 ΡΑΤΒΙΑΒΟΗιΕ
3836 299 3946 363 940

644 430 748 495 He
776 431 1092 515 encyclicze
1116 451 1352 516 quoque
1383 433 1649 515 epistolae
1668 432 1965 515 pericopae
1990 441 2194 509 sunt,e

2277 486 2279 491 .
2386 440 2557 491 Ταῦτα
2611 434 2699 489 καὶ
2751 436 2815 489 τά
2868 435 2965 502 τῆς
3021 432 3296 512 ἐγκυκλίου
3353 436 3593 514 τεμάχια
3620 433 3903 500 ἐπιστολῆς
3926 449 3939 462 ⁵

564 521 875 586 ambarum
904 522 1293 605 epistolarum
1328 524 1652 606 particulas
1682 527 1870 586 oratio
1901 523 2194 602 digerens.

2294 521 2381 575 καὶ
2425 522 2452 576 ὁ
2506 522 2571 579 τά
2627 529 2733 579 τῶν
2780 523 3087 603 ἀμφοτέρων
3158 521 3451 579 ἐπιστολῶν
3502 523 3639 603 μέρη
3669 524 3943 602 ὑφηγησά-

564 620 687 677 tum
720 612 906 684 illius.
931 631 1062 695 quae
1083 612 1154 676 ad
1180 613 1492 678 Nicolaum
1524 614 1889 695 pontificem,
1927 622 2047 676 tum
2081 631 2194 695 qua

2298 628 2458 683 μενος
2515 608 2701 690 λόγος,
2738 609 2835 668 ὅσα
2878 633 2937 667 τε
2969 617 3068 680 τῆς
3098 612 3231 691 πρός
3261 613 3353 667 τὸν
3396 614 3620 668 πάππαν
3664 613 3941 683 Νικόλαον,

562 701 627 764 in
663 702 962 783 encyclica
980 701 1380 780 continentur,
1414 721 1487 764 ex
1515 703 1861 765 earumdem
1888 702 2194 765 verborum

2291 698 2381 753 καὶ
2423 697 2520 754 ὅσα
2569 705 2667 767 τῆς
2728 699 3003 779 ἐγκυκλίου
3057 702 3158 757 ὑπὸ
3224 700 3323 768 τῆς
3375 701 3511 756 κατά
3568 699 3709 766 λέξιν
3779 703 3938 757 αὖτῶν

563 791 920 853 recensione
952 790 1144 872 palam
1175 789 1616 866 ostendit,nihil
1644 790 1807 854 aliud
1832 791 1996 871 justo
2015 810 2194 873 aequo-

2295 785 2620 865 ἀφηγήσεως
2693 790 3008 867 παρίστησιν
3061 789 3320 869 ἐναργῶς,
3367 789 3512 852 ὅπως
3557 789 3667 845 ἐστὶ
3722 787 3940 865 μηδενὸς

563 898 679 962 que
689 879 943 942 auditori
960 897 1109 959 opus
1125 898 1459 962 esse,quam
1474 880 1660 944 solam
1680 899 1880 944 rerum
1903 872 2194 961 gestarun

2294 872 2457 931 ἄλλου
2514 873 2720 947 δεήσειν
2773 886 2851 952 τῷ
2899 879 3192 957 εὐγνώμονι
3246 878 3481 956 ἀκροατῇ
3531 879 3567 946 ἢ
3625 878 3797 953 μόνης
3852 877 3941 945 της

561 968 871 1032 historiam
904 968 979 1032 ad
1009 969 1486 1051 dignoscendum
1542 970 1724 1050 gratis
1753 980 1808 1033 et
1839 970 2062 1051 absque
2091 970 2194 1032 ulla

2290 966 2518 1043 ἱστορίας
2562 968 2635 1032 εἰς
2691 969 2751 1023 τὸ
2807 966 3086 1046 διαγνῶναι
3158 970 3231 1032 ὡς
3288 969 3462 1043 μάτην
3495 970 3582 1024 καὶ
3638 965 3725 1025 ἐπ’
3783 965 3940 1026 οὖδενὶ

562 1076 760 1136 causa,
793 1077 925 1141 quaa
951 1059 1167 1122 rationi
1196 1067 1600 1122 consentanea
1628 1058 2036 1130 sit,Ecclesias
2056 1058 2194 1121 inte:

2289 1051 2491 1131 εὐλόγῳ
2549 1057 2601 1111 αἱ
2659 1054 2970 1124 Ἐγκλησιαι
3051 1056 3311 1127 ἀλλήλαις
3342 1065 3590 1115 τοσοῦτον
3632 1058 3829 1138 χρόνον
3860 1059 3939 1111 ἐκ·

563 1165 697 1212 sese
726 1166 834 1229 per
887 1156 974 1210 tot
1027 1166 1218 1212 annos
1275 1148 1587 1211 siinutates
1634 1156 1808 1230 atque
1867 1147 2194 1210 inimicitia:

2291 1142 2698 1230 πεπολέμωντο.
2758 1144 2907 1202 Ἐπεὶ
2963 1147 3063 1226 γάρ
3103 1147 3202 1226 πρὸ
3231 1153 3323 1203 τοῦ
3381 1147 3679 1226 σχίσματος
3735 1149 3937 1207 Φώτιος

560 1222 922 1302 exercuisse.
959 1238 1105 1301 Cum
1133 1237 1293 1300 enim
1325 1245 1460 1299 ante
1489 1222 1751 1300 schisma
1780 1239 2062 1299 Romana}
2091 1236 2194 1299 Ec-

2290 1230 2355 1286 τὰ
2413 1230 2509 1299 τῆς
2557 1222 2869 1307 Ῥωμαϊκῆς
2920 1222 3242 1303 Ἐκκλησίας
3302 1235 3394 1303 ἔθη
3552 1238 3684 1314 πρὸς
3718 1233 3939 1301 ἀπειλὴν

562 1328 766 1393 clesiaa
794 1326 1280 1402 consuetudines,
1313 1326 1492 1389 vcluti
1523 1326 1783 1389 schisma
1808 1326 2109 1400 minitans,
2146 1327 2194 1388 ir

2289 1319 2531 1376 ὑπέτεινε
2575 1322 2874 1401 σχίσματος
2920 1322 2974 1378 ἐν
3036 1337 3157 1387 τατς
3219 1326 3348 1403 πρὸς
3407 1323 3665 1380 Νικόλαον
3720 1325 3937 1379 πάππαν

560 1414 828 1498 epistolis
853 1415 927 1477 ad
958 1413 1266 1478 Nicolaum
1298 1415 1639 1496 pontiﬁcem
1674 1423 2036 1496 proponeret
2057 1416 2194 1479 Phol

2289 1405 2623 1489 ἐπιστολαῖς,
2690 1409 2766 1467 ἔτι
2820 1412 2926 1468 τῶν
2981 1418 3079 1480 τῆς
3139 1410 3409 1492 ἀναδοχῆς
3456 1410 3680 1469 ἐλπίδων
3725 1413 3935 1467 ἀπαιω-

563 1496 704 1577 tius,
740 1522 874 1567 cum
905 1502 1171 1566 nondum
1221 1522 1356 1586 spes
1394 1504 1783 1567 restitutionis
1812 1505 2194 1586 decollasset;

2290 1496 2563 1571 ρούμενος,
2625 1500 2759 1573 μετά
2806 1498 2859 1555 δὲ
2927 1502 2988 1555 τὸ
3049 1501 3347 1580 ἀποτυχεῖν
3402 1501 3509 1557 τῶν
3562 1502 3682 1557 κατ’
3738 1499 3932 1580 ἔφεσιν,

561 1603 871 1675 postquam
887 1611 1024 1656 vero
1048 1584 1689 1668 decollavit,desiderio
1705 1584 2194 1676 frustratus,quod

2289 1587 2388 1676 την
2447 1584 2670 1654 ἀπειλὴν
2730 1588 2804 1651 εἰς
2862 1587 3011 1667 ἔργον
3069 1591 3369 1668 προήγαγε,
3403 1591 3491 1646 καὶ
3520 1591 3617 1656 τὴν
3661 1588 3937 1668 ἐγκύκλιον

562 1669 900 1772 minabatur
921 1700 1104 1772 opere
1136 1682 1480 1772 perﬁciens,
1504 1684 1864 1764 encyclicam
1895 1669 2194 1766 epistolam

2291 1669 2575 1740 ἐπιστολὴν
2636 1674 2951 1754 ἁπανταχοῦ
2994 1681 3092 1744 τῆς
3138 1678 3448 1752 οἰκουμένης
3477 1676 3702 1736 ἀπέλυσε
3736 1693 3752 1707 ·
3803 1678 3934 1755 πρό-

560 1769 710 1834 locis
737 1771 798 1833 in
827 1758 1105 1834 omnibus
1135 1758 1251 1852 legi
1269 1772 1459 1836 voluit
1488 1792 1501 1834 :
1539 1758 1913 1836 manifestum
1934 1758 2057 1849 'est,
2090 1792 2194 1834 non

2289 1758 2449 1828 δηλόν
2478 1761 2620 1819 ἐστιν
2689 1765 2781 1821 οὐκ
2834 1765 3105 1845 ἀληθείας,
3154 1765 3271 1822 ἀλλ’
3299 1764 3425 1822 ἰδίου
3452 1766 3750 1842 θελήματος
3809 1775 3934 1821 Φω-

560 1860 847 1942 veritatis,
880 1860 985 1924 sed
1029 1849 1288 1943 propriae
1337 1861 1646 1924 voluntatis
1705 1881 1884 1925 causa
1912 1881 1947 1924 a
1992 1862 2194 1925 Photio

2286 1849 2383 1922 τίῳ
2438 1849 2793 1927 μελετηθῆναι
2851 1856 2912 1909 τὸ
2970 1856 3199 1933 σχίσμα,
3264 1856 3598 1934 Προσκείσθω
3625 1869 3741 1919 τοῖς
3788 1857 3935 1934 εἰρη-

564 1938 1250 2028 schisma—excogitatum
1299 1949 1502 2013 fuisse.
1546 1950 1863 2014 Addantur
1906 1951 2107 2032 dictis,
2143 1959 2194 2012 ul

2288 1938 2467 2014 μένοις
2523 1942 2595 2005 εἰς
2656 1941 2823 1998 πλείω
2876 1945 3203 2021 παράστασιν
3260 1952 3354 2001 τοὺ
3394 1947 3528 2001 κατά
3582 1946 3673 2002 τὸν
3730 1946 3935 2001 Φὼτιον

560 2041 747 2119 magis
776 2058 846 2102 ac
877 2026 1062 2120 magis
1079 2038 1272 2103 Photii
1305 2039 1592 2121 privatum
1606 2040 1922 2103 consilium
1948 2041 2010 2103 in
2034 2026 2194 2104 exco-

2288 2026 2611 2107 ἱδιορῤύθμου
2670 2031 2755 2088 ἐπὶ
2835 2055 2913 2106 τῳ
2983 2032 3411 2108 ἐκκλησιαστικῷ
3493 2036 3777 2114 σχίσματι,
3851 2039 3936 2091 καὶ

558 2128 804 2209 gitando
852 2128 1257 2193 ecclesiastico
1288 2129 1607 2193 schismate
1649 2139 1865 2211 pateat,
1897 2150 2028 2212 qua;
2076 2131 2205 2212 ipse

556 2226 689 2299 post
720 2236 927 2300 pacem
955 2217 1164 2280 initam
1197 2225 1256 2280 et
1285 2218 1532 2293 foedera,
1583 2218 1895 2300 encyclicze
1940 2218 2206 2301 epistolae

555 2307 899 2387 pugnantia,
939 2326 1044 2388 pro
1074 2306 1342 2369 Ecclesia
1370 2326 1404 2369 a
1433 2326 1497 2370 se.
1527 2316 1703 2370 antea
1750 2315 1836 2369 tot
1863 2307 2200 2383 calumniis,

555 2414 626 2458 ac
670 2395 1050 2459 contumeliis
1103 2396 1425 2472 dill'amata,
1478 2395 1898 2477 pronuntiavil.
1933 2397 2203 2478 Namque

553 2501 691 2547 cum
720 2483 1291 2565 obiisset‘Nicolaus,
1339 2495 1398 2546 et
1439 2483 1608 2546 illum
1647 2493 1883 2547 secutus
1912 2493 2071 2547 esset
2114 2486 2198 2548 Α·

553 2571 1159 2655 drianus,etJoannes
1176 2572 1436 2654 pontifex
1459 2573 1519 2635 in
1542 2574 1866 2655 apostolica
1887 2572 2043 2637 Sede
2065 2593 2202 2656 pro-

553 2662 919 2744 motus,odia
950 2663 1010 2724 in
1042 2661 1314 2726 Pbotium
1350 2680 1463 2724 non
1495 2662 1959 2744 excepisset,sed
1981 2682 2116 2726 eum
2141 2664 2203 2726 in

552 2749 1012 2833 patriarchicum
1033 2752 1311 2814 thronum
1338 2752 1872 2833 restitutum,aequo
1885 2754 2085 2816 animo
2102 2755 2205 2818 ad-

2286 2115 2419 2196 ἅπερ
2475 2119 2628 2183 οὗτος
2688 2122 2824 2195 μετά
2876 2122 2973 2189 τὴν
3053 2125 3264 2202 εἰρήνην
3321 2126 3408 2180 καὶ
3460 2125 3555 2186 τάς
3598 2123 3934 2202 καταλλαγὰς

2287 2206 2571 2285 ἀντίῤῥοπα
2639 2215 2737 2277 τῆς
2780 2209 3057 2289 ἐγκυκλίου
3102 2212 3387 2280 ἐπιστολῆς
3444 2214 3573 2290 ίρπὲρ
3604 2218 3702 2281 τῆς
3730 2213 3934 2293 δυσφη-

2286 2296 2556 2371 μουμένης
2600 2303 2725 2377 παρ’
2782 2302 2942 2357 αὐτοῦ
3001 2299 3321 2368 Ἐκκλησίας
3378 2304 3600 2381 εἰρήκει.
3648 2301 3799 2360 Ἐπεὶ
3837 2306 3935 2382 γὰρ

2284 2384 2520 2461 παρῆλθε
2566 2388 2663 2462 μὲν
2721 2395 2825 2444 τῶν
2875 2387 2977 2444 ὠδε
3035 2390 3321 2471 Νικόλαος,
3368 2390 3568 2459 ἀπῆλθε
3600 2390 3646 2447 δ’
3675 2391 3764 2448 ἐπ’
3797 2395 3936 2464 αὖτῷ

2286 2472 2581 2551 Ἀδριανὸς,
2647 2479 2735 2533 καὶ
2819 2479 3040 2545 πάππας
3117 2481 3364 2549 Ἰωάννης
3421 2484 3510 2537 τὸν
3582 2480 3934 2538 ἀποστολικον

2286 2559 2650 2640 διαδεξάμενος
2703 2567 2907 2644 θρόνον,
2982 2570 3041 2625 ού
3082 2565 3435 2635 συνδιεδέξατο
3502 2571 3590 2626 καὶ
3631 2572 3730 2637 τὴν
3798 2573 3933 2627 κατά

2285 2653 2493 2708 Φωτίου
2554 2651 2881 2731 δυσμένειαν,
2956 2654 3074 2713 ἀλλ’
3119 2657 3205 2714 ἐπὶ
3247 2664 3315 2735 τῇ
3358 2660 3430 2723 εἷς
3474 2661 3563 2716 τὸν
3606 2682 3931 2739 πατριαρχι-

2286 2741 2377 2796 κὸν
2413 2744 2594 2820 θρόνον
2649 2744 2889 2820 ἐπανόδῳ
2960 2749 3116 2806 αὐτοῦ
3184 2746 3363 2814 δεξιῶς
3403 2749 3570 2828 ,αὑτὸν
3620 2750 3928 2821 ἀπεδέξατο,

552 2828 838 2918 misisset,
863 2840 1112 2905 Photius
1139 2841 1200 2903 in
1232 2840 1384 2904 urbe
1410 2828 1726 2923 Byzantina
1755 2828 2042 2923 synodum
2076 2851 2194 2906 tre-

2284 2828 2503 2887 σάνοδόν
2566 2854 2623 2888 τε
2679 2834 2886 2899 Φώτιος
2973 2836 3027 2891 ἐν
3102 2836 3650 2895 Κωνσταντινουπόλει
3708 2839 3931 2917 ἀθροίζει

551 2937 861 2993 centorum
883 2930 1201 3013 praesulum
1224 2922 1552 3013 etamplius
1571 2922 1820 2994 numero
1839 2932 2194 2996 celebratam

2283 2922 2386 2978 ὑπὸ
2443 2922 2706 2981 πλειόνων
2762 2926 2798 2995 ἢ
2867 2930 3180 3006 τριακοσίων
3236 2929 3533 3009 ἀρχιερέων
3605 2953 3931 3011 συγκρατου-

549 3018 728 3100 cogit,
763 3027 823 3083 et
850 3009 1108 3083 canones
1139 3009 1459 3098 evulgat,et
1479 3020 1766 3102 quidquid
1793 3021 2025 3085 dissidii
2051 3034 2194 3087 tem-

2283 3009 2471 3102 μένην,
2519 3015 2606 3070 καὶ
2649 3014 2872 3079 κανόνας
2914 3018 3172 3097 ἐκτίθησι,
3233 3022 3320 3074 καὶ
3361 3025 3466 3075 πᾶν
3496 3017 3548 3075 εἷ’
3574 3042 3625 3076 τι
3667 3009 3807 3078 κατά
3834 3026 3935 3090 τῆς

548 3090 694 3191 pore
714 3090 1006 3172 adversus
1033 3090 1725 3174 Romanam'Ecclesiam
1770 3110 2051 3191 agitatum
2083 3122 2194 3188 est,

2285 3092 2594 3191 ΪΡωμαϊκῆς
2656 3102 2977 3172 Ἐκκλησίας
3047 3109 3101 3163 ἐν
3302 3111 3400 3175 τῆς
3442 3105 3691 3188 διαφορᾶς
3747 3111 3934 3190 χρόνῳ

549 3188 607 3260 et
663 3199 1127 3280 pronuntiatum,
1179 3200 1538 3263 anathemati
1588 3188 1833 3281 subigit,
1863 3209 1922 3265 et
1982 3201 2194 3265 mediis

2281 3188 2526 3281 ἐπράχθη
2569 3193 2658 3249 καὶ
2716 3191 2978 3270 ἐλαλήθη,
3051 3195 3336 3272 ἀναθέματι
3407 3188 3806 3276 παραδίδωσιν,
3842 3202 3933 3258 καὶ

545 3275 733 3370 ipsius
766 3288 971 3370 synodi
1006 3275 1353 3370 pro’unione
1377 3275 1753 3370 congregatae
1776 3275 2066 3353 actishzec
2089 3310 2194 3373 pro

2279 3275 2364 3335 διά
2419 3280 2583 3356 μέσου
2637 3287 2767 3357 τῶν,
2811 3285 2886 3341 ὧν
2941 3287 2976 3352 ἠ
3031 3285 3249 3353 τοιαύτη
3290 3290 3389 3353 τῆς
3444 3275 3683 3353 ἐνώσεως
3713 3287 3929 3355 σύνοδος

2278 3371 2480 3439 ἐξέθετο
2534 3380 2861 3452 πρακτικῶν,
2922 3375 3097 3433 τοιάδε
3152 3379 3282 3457 ὺπέρ
3325 3383 3484 3438 αὐτοῦ
3535 3371 3804 3459 Ἰωάννου,
3836 3383 3931 3441 τοῦ

2276 3463 2668 3541 προϊσταμένου
2725 3469 2821 3531 τῆς
2909 3466 3033 3546 παρ’
3117 3471 3273 3527 αὗτοῦ
3352 3466 3796 3549 δυσφημουμένης
3870 3475 3932 3529 τὸ

2276 3555 2394 3632 πρὶν
2444 3551 2761 3621 Ἐκκλησίας
2827 3558 2883 3611 ἐν
2942 3557 3065 3620 ταῖς
3125 3561 3281 3617 αὗτοῦ
3335 3558 3679 3638 ἀνακηρύττει
3733 3559 3930 3619 διαλα-

2276 3641 2446 3704 λιατς.
2512 3641 2601 3699 Ἐν
2645 3645 2746 3722 γάρ
2788 3644 2979 3708 αύτατς
3035 3659 3158 3710 ταῖς
3207 3649 3339 3726 πρὸς
3395 3648 3495 3715 τὴν
3536 3648 3752 3706 σύνοδον
3791 3653 3938 3728 πρώ-

2279 3753 2394 3794 ταις
2456 3730 2677 3794 εἰσόδοις
2732 3734 2838 3791 τῶν
2895 3732 3258 3813 καρδηναλίων
3301 3738 3388 3793 καὶ
3429 3746 3815 3815 τοποτηρητῶν
3842 3748 3935 3798 τοῦ

2279 3819 2575 3898 ἀγιωτάτου
2632 3822 2825 3879 πάππα
2870 3821 3113 3880 Ἰωάννου
3169 3826 3459 3904 εὒρίσκεται
3514 3828 3722 3891 Φώτιος
3793 3832 3932 3904 μετά

2276 3912 2338 3966 τὸ
2394 3909 2579 3974 αὖτοὺς
2635 3910 3071 3990 ἐναγκαλίσασθαι
3129 3917 3214 3973 καὶ
3259 3916 3616 3999 ἀσπάσασθαι,
3676 3921 3765 3976 καὶ
3806 3921 3931 3977 τάδε

2275 3999 2361 4055 ἐπὶ
2410 3998 2603 4065 λέξεως
2646 3998 2818 4081 λέγων
2853 4022 2868 4037 ⁸
2923 4024 2946 4058 ιι
3009 4002 3350 4071 Ἀποδέξαιτο
3395 3998 3607 4086 Κύριος
3642 4012 3732 4066 τὸν
3763 4012 3933 4069 κόπον

2273 4089 2445 4163 ὑμῶν.
2486 4088 2791 4168 Εὒλογήσαι
2819 4095 2905 4149 καὶ
2936 4093 3150 4172 ἁγιάσαι
3183 4096 3278 4158 τάς
3330 4098 3510 4176 ψυχὰς
3552 4099 3642 4154 καὶ
3683 4101 3751 4156 τά
3812 4103 3927 4158 σώ-

2275 4198 2418 4253 ματα
2471 4178 2646 4255 ὑμῶν.
2708 4178 3050 4248 Ἀποδέξαιτο
3106 4181 3160 4238 δὲ
3219 4184 3308 4240 καὶ
3366 4187 3464 4253 τὴν
3527 4187 3771 4266 φροντίδα
3840 4194 3932 4249 καὶ

2273 4266 2531 4345 μέριμναν
2585 4276 2677 4324 τοῦ
2728 4269 3024 4349 ἀγιωτάτου
3083 4270 3310 4353 ἀδελφοῦ
3368 4276 3456 4331 καὶ
3521 4276 3930 4360 συλλειτουργοῠ

2273 4358 2362 4412 καὶ
2427 4367 2787 4433 πνευματικοῦ
2851 4364 3056 4440 Πατρὸς
3123 4365 3301 4439 ἡμῶν,
3374 4367 3466 4421 τοῦ
3522 4358 3929 4445 μακαριωτάτου

546 3374 801 3454 Joanne,
822 3377 923 3459 qui
952 3376 1233 3441 Ecclesiae
1261 3378 1334 3441 ab
1360 3378 1571 3441 eodem
1604 3378 1769 3460 prius
1799 3379 2054 3460 pessime
2085 3384 2191 3442 ha-

547 3466 1039 3548 hitaaprseeratjn
1060 3468 1186 3530 suis
1209 3468 1460 3549 eloquiis
1481 3466 2009 3550 depraedicathso
2031 3469 2191 3531 enim

548 3553 740 3636 primo
769 3556 829 3617 in
859 3555 1147 3637 synodum
1179 3557 1450 3636 ingressu
1486 3555 1901 3631 cardinalium,
1933 3555 2192 3619 sanctis-

546 3642 684 3706 simi
713 3644 958 3707 Joannis
1002 3643 1195 3707 locum
1232 3644 1585 3719 tenentium,
1626 3643 1869 3706 Photius
1898 3654 2032 3726 post
2060 3663 2191 3706 am-

549 3732 755 3814 plexus
787 3742 846 3797 et
873 3733 1076 3796 oscuia
1105 3734 1236 3798 hac
1262 3733 1551 3796 verbatim
1577 3734 1869 3797 enuntiat
1886 3733 2195 3815 «Recipiat

546 3821 836 3885 Dominus
855 3822 1121 3887 laborem
1146 3823 1756 3886 vestrum.Benedicat
1781 3833 1840 3885 et
1863 3824 2198 3886 sanctiﬁcet

548 3912 776 3975 animas
795 3920 854 3974 et
882 3930 1135 3994 corpora
1164 3918 1380 3975 vestra.
1414 3911 1713 3993 Suscipiat
1733 3912 1876 3975 item
1909 3931 2112 3975 curam
2137 3923 2196 3975 et

548 4000 1016 4064 sollicitudinem
1038 4001 1398 4064 sanctissimi
1424 4001 1625 4065 fratris
1673 4012 1731 4064 et
1766 4001 2189 4085 comministri,

549 4097 608 4154 et
634 4089 960 4171 spiritualis
989 4092 1179 4155 Patris
1208 4091 1397 4154 nostri
1421 4090 1786 4154 sanctissimi
1821 4110 1984 4173 papae
2008 4094 2189 4156 Joan-

549 4177 704 4242 nis.)
743 4181 811 4241 Et
843 4188 1155 4262 postquam
1208 4180 1544 4244 cardinales
1588 4180 1782 4243 locum
1818 4189 2090 4243 tenentes
2120 4199 2189 4243 ex

548 4286 713 4350 papa
736 4286 989 4350 persona
1029 4270 1428 4334 reverentiam
1474 4269 1888 4344 absolvisseut,
1948 4267 2190 4332 Photius

548 4357 806 4422 effatur:
847 4383 870 4414 ιι
907 4356 1281 4421 Venerantur
1309 4378 1419 4422 nos
1447 4359 1591 4422 item
1642 4357 2081 4421 sanctissimum
2132 4366 2192 4420 et

550 4446 985 4510 aecumenicum
1012 4465 1220 4530 papam
1240 4447 1531 4512 Joannem
1561 4448 1865 4511 desiderio
1883 4465 1952 4511 ex
1982 4447 2193 4536 intimo

2277 4446 2468 4502 πάππα
2527 4445 2796 4511 Ἰωάννου.
2832 4477 2855 4507 ι
2935 4455 3035 4510 Καὶ
3077 4455 3212 4528 μετὰ
3268 4457 3330 4510 τὸ
3387 4456 3507 4519 τοὺς
3549 4456 3928 4536 καρδηναλίους

548 4545 833 4617 pectore;
866 4544 924 4599 et
954 4555 1268 4618 precamur
1288 4537 1499 4610 Deum,
1534 4546 1598 4601 ut
1652 4537 1974 4617 elargiatur
2021 4535 2195 4599 nobis

545 4623 708 4687 illius
735 4625 1016 4688 sanctitas
1045 4625 1517 4704 benedictiones,
1553 4635 1610 4690 et
1640 4632 1958 4709 pretiosam
1989 4625 2193 4688 chari-

550 4724 767 4798 tatem;
804 4724 864 4778 et
908 4716 1009 4779 fiat
1051 4716 1141 4780 illi
1166 4717 1416 4781 sincerae
1465 4736 1606 4798 erga
1634 4734 1743 4781 nos
1773 4714 2098 4797 charitatis,
2133 4723 2193 4780 et

547 4822 702 4868 vera;
750 4805 1187 4869 benevolentiae
1215 4826 1250 4869 a
1279 4807 1581 4870 communi
1638 4805 1890 4870 Domino
1929 4804 2189 4882 Christo,

546 4912 685 4959 vero
717 4893 840 4958 Deo
871 4903 1098 4972 nostro,
1130 4896 1507 4961 retributio.»
1543 4899 1617 4959 Et
1644 4915 1778 4959 cum
1816 4894 2194 4977 protrahere-

547 4991 644 5046 tur
685 4983 1070 5066 colloquium,
1124 4986 1360 5048 subdit:
1394 5011 1420 5042 α
1455 4985 1967 5060 Quemadmodum
2029 4981 2189 5045 enim

547 5074 776 5155 primus
805 5091 1172 5158 magnusque
1202 5076 1462 5157 pontifex
1493 5074 1783 5145 Christus,
1827 5090 2003 5135 verus
2035 5072 2192 5134 Deus

489 5226 501 5239 .
546 5172 896 5246 Πυθία-,που
918 5163 1135 5246 quibus
1156 5183 1290 5228 eum
1315 5165 1590 5228 caelestes
1621 5163 1865 5226 ordines
1891 5161 2186 5238 colebant,

547 5259 607 5316 et
651 5270 917 5315 amorem
978 5273 1188 5336 purum
1220 5263 1398 5337 atque
1427 5255 1841 5317 intaminatum
1894 5250 2189 5324 servabat,

548 5339 661 5403 sibi
692 5341 834 5403 satis
862 5343 1095 5426 habuit,
1125 5344 1232 5406 sed
1264 5344 1653 5426 semetipsum
1684 5359 1997 5422 evavuans,
2031 5348 2090 5402 et
2117 5341 2193 5403 ad

545 5427 796 5493 formam
827 5451 1014 5514 usque
1034 5433 1187 5496 servi
1217 5433 1661 5499 evacuationem
1693 5431 1961 5514 subiens,
1983 5428 2059 5492 ad
2087 5447 2191 5493 se-

548 5527 672 5581 met
699 5529 968 5583 nostrum
997 5521 1286 5586 aberrans
1313 5532 1373 5587 et
1401 5523 1800 5588 abalienatum
1854 5539 2042 5602 genus
2097 5527 2192 5583 at-

550 5610 722 5669 traxit
759 5629 771 5668 :
815 5609 938 5686 pari
995 5608 1169 5671 modo
1227 5620 1283 5672 et
1332 5614 1637 5675 aemulator
1680 5611 1839 5674 illius
1870 5607 2192 5693 spiritualis

2275 4536 2362 4591 καὶ
2401 4540 2772 4615 τοποτηρητάς
2824 4542 2922 4611 τὴν
2979 4546 3122 4622 παρά
3184 4551 3278 4601 τοῦ
3320 4544 3514 4602 πάππα
3570 4551 3929 4623 προσκύνησιν

2275 4626 2406 4705 πρὸς
2461 4632 2668 4683 Φωτιον
2708 4632 3050 4718 ποιήσασθαι,
3108 4636 3315 4698 Φώτιος
3344 4634 3510 4701 οὕτως
3542 4635 3645 4718 ἔφη
3682 4657 3697 4675 ⁸
3734 4663 3764 4696 α
3797 4640 3923 4701 Ἀν-

2275 4720 2709 4798 τιπροσκυνεϊται
2753 4711 2878 4792 παρ’
2920 4715 3072 4790 ἡμῶν
3130 4718 3157 4771 6
3211 4715 3505 4794 ἀγιώτατος
3551 4711 3638 4773 καὶ
3670 4721 3921 4798 οἰκουμέ-

2277 4798 2419 4862 νικὸς
2475 4797 2697 4863 πάππας
2756 4800 3010 4871 Ἰωάννης
3068 4803 3327 4884 ἔγκαρδίῳ
3380 4807 3552 4881 πόθῳ.
3600 4811 3700 4866 Καὶ
3741 4797 3922 4869 αἰτούσ-

2275 4889 2412 4977 μεθα
2469 4889 2597 4946 Θεὸν
2649 4895 2969 4971 χαρισθῆναι
3010 4895 3149 4971 ἡμῖν
3190 4896 3284 4961 τάς
3312 4896 3465 4974 ἁγίας
3508 4898 3675 4977 εὐχὰς
3708 4903 3796 4958 καὶ
3825 4904 3922 4971 τήν

2274 4976 2451 5052 τιμίαν
2523 4977 2738 5056 ἀγάπην
2794 4983 2974 5043 αὐτου.
3031 4986 3127 5042 Καὶ
3177 4984 3384 5063 γένοιτο
3428 4985 3570 5061 αὐτῷ
3600 4976 3722 5057 γτῆς
3792 4995 3922 5073 πρὸς

2274 5067 2418 5154 ἡμᾶς
2490 5070 2711 5145 γνησίας
2785 5071 3022 5151 ἀγάπης,
3107 5076 3197 5131 καὶ
3264 5074 3572 5154 εἰλικρινοῦς
3640 5067 3923 5146 διαθέσεως

2274 5148 2417 5225 παρά
2446 5159 2540 5207 τοῦ
2587 5161 2764 5211 κοινοῦ
2813 5148 3080 5211 Δεσπὸτου
3130 5156 3357 5233 Χριστοῦ
3381 5148 3472 5216 τοῦ
3500 5158 3753 5226 ἀληθινοῦ
3795 5164 3927 5220 Θεοῦ

2272 5236 2421 5326 ὗμῷν
2473 5238 2809 5326 ἀντάμειψις.
2849 5266 2879 5299 ι
2941 5245 3049 5313 Τῆς
3093 5243 3148 5301 δὲ
3191 5243 3401 5319 ὁμιλίας
3451 5250 3746 5326 προϊούσης
3788 5253 3926 5311 οὕτω

2274 5324 2434 5424 πάλιν
2478 5327 2580 5409 ἔφη
2674 5356 2697 5389 σ
2736 5324 2955 5414 ’Ὠσπερ
2984 5337 3083 5412 γὰρ
3112 5337 3140 5390 6
3169 5342 3378 5415 πρῶτος
3408 5324 3503 5393 καὶὴ
3526 5336 3697 5417 μέγας
3727 5341 3922 5424 ἀρχιε-

2276 5418 2392 5495 ρεὺς
2449 5423 2671 5498 Χριστὸς
2714 5426 2742 5481 6
2798 5424 3047 5493 ἀληθινὸς
3105 5427 3238 5489 Θεὸς
3275 5429 3454 5507 ἡμῶν,
3512 5431 3617 5512 οὐχ
3647 5432 3738 5498 οἷς
3764 5418 3923 5494 ἇιῖτάν

2274 5516 2340 5572 τὰ
2394 5515 2608 5593 οὐράνια
2680 5516 2955 5597 ἐθεράπευε
3039 5517 3310 5597 τάγματα,
3386 5519 3474 5574 καὶ
3528 5521 3627 5589 τὴν

2275 5606 2504 5684 καθαρὰν
2557 5608 2643 5663 καὶ
2688 5606 3081 5667 ἀνεπιθόλωτον
3137 5607 3466 5691 διεφύλαττε,
3530 5611 3738 5676 τούτοις
3766 5615 3933 5694 ἠρκέ-
