4214 6296
275 332 378 417 941

1449 339 1540 408 DE
1591 347 1877 409 UNIONE
1925 341 2379 410 ECCLESIARU
2394 339 2468 409 Μ.

3534 334 3650 423 942

280 478 401 549 σθη,
461 474 581 530 ἀλλ’
637 478 818 534 ἑαυτὸν
863 476 1098 540 κενώσας
1158 482 1244 534 καὶ
1303 481 1465 559 μέχρι
1496 479 1678 537 δούλου
1710 486 1916 560 μορφῆς

2009 478 2176 541 Pater
2209 489 2430 554 noster,
2466 497 2584 540 non
2619 480 2711 554 iis,
2747 478 2806 538 in
2838 476 3053 559 quibus
3075 495 3182 539 sua
3205 476 3482 540 Ecclesia
3515 494 3658 557 pace

276 564 377 630 τὴν
431 561 654 621 κένωσιν
696 567 950 646 ὑποστὰς,
1007 568 1142 647 πρὸς
1202 568 1386 626 ἑαυτὸν
1445 567 1658 625 εἵλκυσε
1713 571 1776 625 τὸ
1827 589 1930 624 πε-

277 650 620 728 πλανημένον
671 657 852 737 ἡμῶν,
929 657 1014 712 καὶ
1086 655 1511 736 ἡλλοτριωμένον
1580 665 1685 716 τῶν
1727 657 1930 737 ἀνθρώ-

279 763 394 797 πων
451 743 601 820 γένος
639 761 652 775 ⁸
715 745 854 802 οὕτω
895 747 982 801 καὶ
1038 747 1065 802 6
1106 748 1348 823 μιμητὴς
1391 747 1611 828 ἐκείνου,
1644 751 1671 804 6
1701 769 1933 822 πνευμα-

279 831 436 897 τικὴς
497 831 644 906 ἡμῶν
692 836 894 914 πατὴρ,
940 839 1041 914 οὐχ
1074 837 1220 904 οἶςὴ
1252 835 1370 892 καθ’
1400 838 1585 895 ἑαυτὸν
1643 835 1934 913 Ἐκκλησία

281 919 342 974 τὸ
388 920 656 998 είρηναῖον
715 924 874 1003 εἶχεν
916 923 1226 999 ἡσμένισεν,
1288 924 1423 981 ἀλλὰ
1479 924 1563 982 διὰ
1615 932 1720 982 τῶν
1765 927 1935 982 αὒτῶν

279 1006 473 1082 τιμίων
529 1013 916 1090 τοποτηρητῶν
990 1010 1236 1080 διανέστη
1291 1015 1378 1070 καὶ
1433 1016 1577 1089 ἡμᾶς
1635 1013 1935 1088 ἐπισκέψα-

281 1098 424 1155 σθαι.
465 1119 487 1153 ι
541 1101 638 1156 Καὶ
681 1101 816 1173 μετὰ
845 1123 964 1157 τινα
1006 1106 1104 1168 τῆς
1147 1103 1381 1178 ὁμιλίας,
1413 1104 1486 1168 ὡς
1519 1106 1546 1159 6
1589 1100 1934 1182 καρδηνὰλιος

283 1183 478 1263 Πέτρος
524 1185 576 1243 ὲν
623 1188 770 1263 μέσῳ
826 1188 918 1245 τοῦ
979 1190 1117 1269 ἱεροῦ
1179 1191 1376 1248 ἐκείνου
1435 1190 1692 1269 ουλλόγου
1745 1190 1935 1269 ἐνεφά-

281 1294 393 1328 νισε
464 1275 529 1329 τὰ
584 1278 730 1355 ωαρὰ
799 1285 888 1334 τοῦ
958 1279 1254 1356 ἀγιωτάτου
1314 1281 1508 1336 πάππα
1568 1277 1811 1337 Ἰωάννου
1853 1285 1930 1351 τῷ

281 1365 476 1436 Φωτίῳ
519 1361 797 1445 σταλέντα,
843 1367 940 1434 τὴν
983 1366 1360 1446 ἀρχιερατικὴν
1412 1391 1549 1448 φημι
1606 1365 1822 1439 στολὴν,
1869 1369 1929 1422 τὸ

283 1447 585 1530 ὧμόςρορον,
644 1455 705 1508 τὸ
757 1456 1062 1535 στιχάριον,
1117 1459 1176 1513 τὸ
1233 1447 1515 1537 φελώνιον,
1571 1460 1659 1514 καὶ
1714 1457 1780 1512 τὰ
1810 1477 1932 1511 σαν·

285 1535 464 1614 δάλια,
519 1542 728 1605 Φώτιος
787 1544 911 1600 εἶπε
947 1561 961 1575 ⁶
1018 1565 1040 1598 ο
1089 1535 1310 1618 Χριστὸς
1354 1549 1382 1602 6
1416 1535 1543 1609 Θεὸς
1587 1547 1742 1622 ἡμῶν
1771 1543 1928 1624 νεφέ-

283 1623 403 1692 λαις
460 1629 551 1684 τὸν
637 1633 852 1709 οὐρανὸν
940 1631 1298 1712 περιϐάλλων,
1355 1637 1444 1691 καὶ
1510 1639 1610 1701 την
1667 1623 1928 1712 ἡμετέραν

283 1714 435 1793 φύσιν
504 1718 872 1799 ἆναχωνεῦσαι
951 1725 1038 1779 καὶ
1091 1727 1311 1802 καθᾶραι
1367 1722 1768 1798 στολισάμενος,
1830 1725 1929 1780 αὒ-

2015 576 2074 630 et
2102 568 2524 649 tranquillitate
2552 565 2880 647 fruebatur,
2915 574 3229 629 contentus
3271 565 3515 643 fuit,sed
3551 584 3656 646 per

2014 675 2152 719 suos
2204 658 2585 718 honorandos
2644 656 3114 718 locumtenentes
3165 655 3492 730 excitatus,
3547 673 3655 716 nos

2015 764 2249 826 quoque
2278 746 2594 808 visitavit.»
2610 751 2682 808 Et
2713 755 2843 826 post
2873 763 3056 824 pauca
3079 743 3241 807 illius
3274 761 3652 824 congressus.

2016 853 2148 896 cum
2181 834 2498 896 cardinalis
2530 833 2735 894 Petrus
2766 833 2823 893 in
2858 833 3138 894 sacrailla
3167 833 3652 912 congregatione,

2017 942 2147 1003 quae
2177 943 2208 983 a
2240 923 2612 985 sanctissimo
2644 924 2867 983 Joanne
2901 941 3147 984 munera
3197 924 3406 985 Photio
3453 923 3655 984 mitte-

2017 1012 2251 1086 bantur,
2275 1010 2663 1073 archieratica
2695 1029 2908 1091 nempe
2929 1011 3298 1082 indumenta,
3330 1012 3657 1092 homopho-

2019 1102 2591 1177 rium,sticharium,
2626 1101 2950 1182 paenulam,
2978 1109 3035 1162 et
3061 1101 3324 1164 sandalia
3353 1106 3658 1182 exposuis-

2021 1199 2132 1263 set,
2172 1191 2414 1254 Photius
2472 1191 2666 1252 dixit:
2710 1214 2734 1247 ε
2769 1190 3004 1252 Christe
3065 1191 3225 1252 Deus
3280 1199 3504 1267 noster,
3555 1189 3658 1270 qui

2011 1280 2221 1340 caelum
2256 1279 2514 1340 nubibus
2544 1279 2977 1350 circumvolvis,
3012 1287 3069 1338 et
3089 1286 3359 1340 naturam
3394 1288 3658 1339 nostram

2010 1368 2082 1428 ad
2114 1367 2589 1441 reconﬂandum,
2637 1366 3206 1447 expurgandumque
3251 1365 3656 1448 assumpsisti,

2010 1466 2072 1518 tu
2103 1457 2267 1518 fratri
2297 1466 2354 1518 et
2384 1457 2816 1527 comministro,
2869 1464 2920 1516 et
2955 1455 3253 1536 spirituali
3305 1457 3459 1518 Patri
3516 1473 3658 1517 nos-

2010 1554 2307 1608 trotutam
2347 1545 2675 1609 custodiam
2711 1554 2766 1606 et
2795 1563 3064 1606 securam
3109 1545 3362 1606 salutem
3414 1543 3654 1620 exhibe,

2011 1645 2069 1696 et
2098 1636 2157 1696 in
2189 1635 2383 1696 futuro
2407 1635 2620 1696 saeculo
2654 1634 2898 1715 nuptiali
2925 1641 3086 1695 veste
3129 1632 3424 1708 indutum,
3460 1633 3657 1696 beati-

2011 1723 2174 1784 illius
2205 1722 2439 1784 thalami
2472 1722 2713 1801 dignum
2747 1721 3016 1784 ostende.
3053 1746 3077 1776 π
3109 1722 3183 1783 Et
3208 1722 3487 1802 pleraque
3515 1722 3654 1796 alia,

282 1805 374 1868 τὸς
416 1807 505 1862 τὸν
567 1806 812 1888 ἀδελφὸν,
859 1813 946 1866 καὶ
993 1809 1415 1892 συλλειτουργὸν,
1461 1813 1548 1868 καὶ
1577 1812 1927 1886 πνευματικὸν

2014 1831 2149 1873 cum
2198 1810 2603 1872 celebraretur
2649 1810 2746 1870 illa
2781 1810 3062 1890 synodus,
3122 1809 3513 1872 interlocutus
3544 1818 3655 1872 est.

283 1893 508 1972 πατέρα,
550 1898 638 1952 καὶ
682 1896 734 1952 ἐν
784 1905 860 1972 τῷ
915 1900 1132 1978 παρόντι
1189 1901 1286 1976 βίῳ
1328 1901 1553 1979 φρουρὰν
1614 1899 1800 1957 ἄσυλον
1844 1900 1932 1955 καὶ

286 1983 546 2060 σωτηρίαν
603 1985 812 2066 ἀσφαλῆ
869 1987 1127 2062 στολίσαι,
1206 1990 1304 2044 κάν
1345 1997 1420 2064 τῷ
1477 1988 1725 2064 μέλλοντι
1782 1990 1928 2044 αἰῶνι

282 2070 375 2126 τὸν
417 2075 674 2152 νυμφικὸν
753 2075 1053 2153 περιϐαλὼν
1106 2084 1336 2158 χιτῶνα,
1402 2077 1542 2143 ἄξιον
1609 2084 1702 2135 τοῦ
1760 2098 1933 2152 μακα-

283 2159 391 2235 ρίου
435 2159 630 2221 ἐκείνου
685 2171 962 2244 νυμφῶνος
1033 2167 1315 2232 ἀναδείξαι.
1352 2191 1379 2222 ιο
1445 2164 1606 2223 Πόλλ’
1668 2165 1799 2225 ἅττα
1840 2167 1929 2221 καὶ

283 2246 434 2327 ἔτερα
487 2247 571 2307 διὰ
621 2251 789 2327 μέσου
858 2261 962 2310 τῶν
1021 2261 1117 2322 τῆς
1177 2257 1386 2334 εἰρήνης
1430 2253 1644 2312 συνόδου
1698 2276 1926 2333 πρακτι-

283 2343 393 2393 κῶν
447 2339 671 2404 Φώτιως
744 2340 986 2424 εἴρηκεν,
1045 2345 1096 2410 ἐξ
1182 2346 1255 2401 ὧν
1326 2345 1572 2402 ἁπάντων
1629 2345 1929 2400 συνίσταται

282 2423 413 2506 ὅπερ
457 2429 484 2483 6
527 2427 684 2507 λόγος
738 2423 1012 2498 ἀποδεῖξαι
1083 2433 1356 2512 προέθετο,
1417 2433 1545 2512 ὅπερ
1599 2431 1707 2489 ἐστὶ
1750 2433 1808 2488 τὸ
1863 2433 1929 2488 τὰ

279 2516 426 2602 ’ξιαρὰ
466 2518 673 2575 Φωτίου
727 2517 1024 2586 λαληθεντα
1077 2544 1133 2578 τε
1163 2524 1251 2578 καὶ
1275 2523 1580 2602 πραχθέντα
1634 2522 1770 2578 κατᾶ
1826 2525 1926 2587 τῆς

286 2595 599 2679 Ῥωμαῖκῆς
657 2604 981 2675 Ἐκκλησίας
1038 2611 1224 2673 κακίας
1293 2595 1432 2666 sivit
1479 2612 1782 2688 γεννήματα
1841 2611 1928 2665 καὶ

280 2695 614 2774 κακοχάρτου
671 2695 884 2754 ἐκτόκια
913 2697 1101 2776 ἔριδος,
1154 2699 1262 2757 Κᾶν
1305 2707 1429 2778 γοῦν
1459 2701 1536 2774 μὴ
1595 2701 1682 2756 καὶ
1736 2698 1923 2755 πλείο-

280 2801 368 2843 νος
425 2780 526 2838 ἔδει
557 2790 698 2849 τινὸς
749 2788 822 2851 εἷς
865 2788 1190 2866 παράστασιν
1221 2790 1428 2864 τούτου,
1461 2787 1582 2844 ἀλλ’
1627 2785 1700 2844 ἵν’
1732 2789 1792 2844 ἐκ
1820 2808 1922 2843 πε-

282 2869 512 2947 ριουσίας
557 2871 668 2938 ἕξει
722 2876 784 2930 τὸ
825 2877 1016 2952 κράτος
1069 2880 1096 2933 ὁ
1140 2885 1293 2934 τοῦτο
1351 2876 1688 2957 παραστῆσαι
1731 2875 1926 2954 προθέ-

2013 1899 2240 1973 Quibus
2271 1899 2546 1960 omnibus
2570 1899 2974 1972 continuatur,
3003 1898 3156 1978 quod
3192 1898 3378 1959 oratio
3409 1899 3658 1961 demou-

2010 1998 2198 2050 strare
2223 1996 2630 2069 proposuerat,
2667 1988 2824 2049 dicta
2858 2006 3075 2068 nempe
3107 1990 3305 2048 omnia
3358 1987 3652 2070 factaque,

2010 2097 2142 2158 qua:
2172 2078 2452 2138 adversus
2477 2078 2802 2139 Romanam
2835 2075 3162 2138 Ecclesiam
3186 2074 3428 2138 Photius
3449 2077 3658 2139 effudit

2011 2185 2078 2228 ac
2112 2166 2351 2227 molitus
2384 2164 2898 2245 est,improbitatis
2928 2164 3168 2244 fetus,et
3192 2163 3361 2226 malis
3385 2166 3653 2242 gauden-

2010 2255 2086 2316 tis
2119 2255 2360 2315 abortus
2392 2254 2595 2315 fuisse.
2645 2253 2811 2315 Licet
2842 2254 3038 2333 itaque
3068 2253 3150 2314 nil
3183 2252 3334 2314 ultra
3365 2253 3650 2332 exigatur,

2009 2343 2080 2405 ad
2107 2343 2167 2405 id
2201 2341 2594 2423 probandum,
2627 2351 2691 2402 ut
2722 2353 2919 2402 tamen
2946 2341 3480 2404 abundantioribus
3511 2361 3652 2424 pro-

2011 2431 2591 2510 bationibuspleuius
2609 2431 3180 2511 conlirmetur,quod
3200 2431 3386 2492 oratio
3412 2431 3657 2494 demou-

2009 2521 2315 2583 strandum
2350 2522 2408 2581 in
2430 2539 2494 2582 se
2525 2529 2888 2600 susceperat,
2927 2528 3046 2582 tres
3073 2538 3142 2581 ex
3176 2521 3481 2583 Photianis
3504 2522 3657 2603 epis-

2009 2611 2156 2672 tolas
2180 2610 2253 2670 ad
2287 2609 2577 2691 quosdam
2631 2629 2700 2669 eo
2733 2609 3018 2690 temporis
3051 2609 3512 2672 occidentalium
3555 2629 3653 2673 se-

2007 2698 2170 2760 dium
2207 2699 2444 2760 Latinos
2474 2698 2786 2779 episcopos
2812 2698 3001 2772 datas,
3050 2705 3360 2778 postquam
3393 2697 3517 2778 ipse
3548 2717 3656 2780 pa-

2007 2787 2305 2848 triarchali
2368 2788 2583 2848 throno
2642 2786 2952 2848 restitutus
3004 2795 3115 2859 est,
3155 2794 3219 2847 ut
3265 2786 3497 2866 jacent,
3533 2787 3658 2849 suis

2009 2875 2206 2938 verbis
2228 2875 2325 2935 hic
2351 2875 2630 2953 digerere
2663 2875 2996 2938 statuimus.

280 2980 441 3033 μενος
470 2959 654 3040 λόγος,
710 2965 796 3020 καὶ
854 2979 1000 3030 τρεῖς
1055 2973 1161 3025 τῶν
1217 2974 1308 3024 τοῦ
1365 2968 1570 3023 Φωτίου
1624 2963 1918 3020 ἐπιστολῶν
1961 2967 2091 3044 πρὸς
2150 2988 2295 3029 τινας
2339 2971 2442 3021 τῶν
2506 2962 2626 3022 κατ⁹
2683 2965 2859 3021 ἐκεῖνο
2915 2974 3096 3044 καιροῦ
3150 2961 3398 3042 καθέδρας
3432 2965 3654 3024 ἐπισκο-

276 3053 444 3117 mni:
498 3048 805 3128 ἠξιωμένων
865 3045 1140 3132 Ῥωμαίων
1196 3055 1538 3120 ἀπολυθείσας
1610 3055 1744 3128 μετὰ
1797 3054 1896 3120 τὴν
1953 3057 2109 3112 αὐτοῦ
2182 3057 2310 3132 πρὸς
2369 3054 2457 3109 τόν
2518 3054 2904 3132 πατριαρχικὸν
2965 3052 3146 3129 θρόνον
3201 3050 3457 3109 ἒπένοδον
3489 3056 3654 3111 αὖτο-

278 3134 416 3202 λεξεὶ
455 3145 890 3220 καταπρωθῆναι
921 3145 1138 3205 ἐνταῦθα
1182 3144 1498 3226 διέγνωμεν.

361 3306 432 3369 Ει
459 3317 592 3387 post
648 3313 928 3392 epistolas
955 3314 1030 3377 ad
1058 3313 1348 3378 Marinum
1382 3311 1806 3390 Castellanum,
1867 3311 2265 3377 Gaudericum
2298 3313 2694 3386 Veliternum,
2756 3318 2812 3372 et
2844 3311 3221 3372 Zacchariam
3277 3311 3650 3392 Anagninum

279 3398 614 3481 episcopos,
649 3419 797 3482 quos
826 3403 938 3466 sibi
967 3406 1307 3482 consiliare,
1369 3411 1429 3467 et
1456 3403 1519 3466 in
1551 3403 1872 3467 amicitiam
1925 3403 2184 3477 trahere,
2223 3413 2281 3464 et
2335 3403 2446 3463 sibi
2478 3403 2703 3462 amicos
2733 3417 3083 3462 conservare
3113 3400 3424 3475 incumbit,
3457 3401 3654 3464 subdit

281 3489 517 3552 Veccus
548 3511 562 3552 :

364 3667 586 3717 Τοιαῦτα
643 3661 812 3740 λέγων
893 3668 981 3722 καὶ
1063 3668 1276 3748 γράφων
1354 3667 1642 3745 εὑρίσκεται
1712 3666 1919 3726 Φώτιος

2085 3662 2316 3726 Similia
2348 3672 2465 3723 tum
2495 3661 2570 3723 de
2601 3661 2732 3737 ipso
2755 3643 3114 3740 Joanne,qui
3145 3679 3213 3721 eo
3248 3667 3513 3740 tempore
3535 3660 3652 3724 Ec-

277 3749 415 3824 μετὰ
482 3750 576 3815 τὰς
633 3751 858 3818 σπονδὰς
929 3757 1015 3812 καὶ
1072 3755 1408 3835 καταλλαγὰς
1463 3754 1590 3834 ὑπὲρ
1660 3776 1717 3810 τε
1765 3754 1923 3811 αὐτοῦ

212 3874 226 3882 -
277 3836 527 3896 Ἰωάννου
582 3850 676 3899 τοῦ
732 3844 804 3905 εἰς
883 3843 1119 3925 κεφαλὴν
1204 3844 1573 3926 εὑρισκομένου
1630 3844 1750 3899 τότε
1823 3843 1918 3910 ἰἧς

276 3928 397 3998 πρὶν
451 3925 890 4010 δυσφημουμένης
924 3933 1050 4014 παρ’
1105 3935 1260 3991 αὒτοῦ
1307 3927 1614 4010 Ῥωμαϊκῆς
1688 3930 1919 4000 Ἐκκλη-

276 4015 417 4095 σίας,
479 4018 640 4099 μέχρι
699 4025 786 4077 καὶ
848 4021 1089 4088 ἀσεϐείας
1145 4028 1334 4103 αὐτῆς,
1391 4024 1520 4102 ὑπὲρ
1575 4043 1633 4078 τε
1688 4021 1793 4076 τῶν
1848 4023 1920 4083 εἰς

277 4102 419 4179 μέλη
476 4105 833 4185 λογιζομένων
892 4114 1048 4181 αὐτῆς
1104 4102 1409 4170 ἐπισκόπων
1471 4103 1742 4186 Ῥωμαίων
1781 4125 1794 4139 ⁸
1870 4108 1921 4172 ἐξ

276 4192 354 4250 ὧν
410 4193 656 4252 ἁπάντων
717 4201 746 4255 6
802 4199 960 4278 λόγος
1012 4205 1074 4258 τὸ
1144 4201 1349 4265 ἐντελὲς
1384 4207 1485 4257 τοῦ
1526 4199 1715 4256 οἰκείου
1758 4199 1922 4275 ἐπαγ-

275 4279 542 4371 Υέλματος
600 4286 949 4364 ἀποδέδωκεν,
997 4290 1127 4371 ὅπερ
1179 4294 1244 4357 ἦν
1286 4293 1348 4346 τὸ
1388 4292 1752 4366 παραστῆσαι,
1802 4308 1918 4361 μη·

277 4366 425 4430 δενὸς
481 4370 643 4431 ἄλλοι)
693 4373 900 4445 δεήσειν
950 4387 1027 4454 τῷ
1082 4366 1374 4457 εὒγνώμονι
1439 4380 1696 4454 ἀκροατῇ,
1742 4375 1776 4444 ἢ
1821 4377 1921 4450 μό-

277 4480 376 4548 νης
449 4463 679 4541 ἱστορίας
737 4468 811 4530 εἷς
866 4470 926 4524 τὸ
981 4467 1284 4548 διαγνῶναι,
1340 4469 1413 4531 ὡς
1486 4466 1659 4541 μάτην
1704 4464 1792 4520 καὶ
1835 4462 1922 4519 ἐπ’

277 4546 444 4605 οὐδενὶ
485 4603 488 4609 λ
528 4551 732 4633 εὐλόγῳ
815 4559 867 4612 αἱ
938 4546 1278 4625 Ἐκκλησία(
1334 4553 1593 4624 ἀλλήλαις
1673 4561 1920 4612 τοσοῦτον

276 4639 476 4716 χρόνον
503 4638 967 4718 ἰκπεπολέμωντο.

2003 3753 2200 3816 οΙθεὶω
2229 3756 2535 3831 Romanae,
2567 3751 2639 3812 ab
2664 3750 2872 3812 eodem
2902 3750 3136 3812 miseris
3167 3750 3360 3813 modis
3378 3750 3653 3814 diffama-

2003 3851 2097 3915 ιω,
2130 3842 2526 3922 etimpietatis
2553 3840 2728 3901 etiam
2763 3839 3013 3900 crimine
3045 3847 3256 3899 notatae
3291 3847 3471 3918 caput
3501 3849 3651 3918 erat,

2005 3940 2126 3994 tum
2159 3932 2232 3992 de
2267 3933 2560 4012 episcopis
2591 3928 2834 4007 Latinis,
2888 3928 2986 4008 qui
3038 3927 3307 3990 membra
3365 3929 3522 3989 illius
3554 3947 3652 3992 re-

2007 4021 2385 4101 putabantur,
2417 4020 2623 4081 dicens
2655 4027 2711 4079 et
2735 4016 3009 4078 scribens
3042 4025 3173 4096 post
3204 4017 3424 4078 foedera
3454 4025 3513 4079 et
3553 4019 3650 4080 in-

2005 4109 2208 4170 ducias
2239 4108 2482 4171 Photius
2507 4107 2890 4186 comperitur.
2927 4103 3155 4175 Quibus
3181 4103 3462 4166 omnibus
3513 4125 3646 4166 ora-

2004 4199 2106 4274 tio,
2141 4197 2296 4278 quod
2328 4195 2702 4276 promiserat,
2738 4194 2967 4269 integre
2999 4191 3386 4272 absoluteque
3421 4195 3651 4272 persol-

2001 4286 2115 4362 vit;
2150 4294 2281 4348 erat
2310 4292 2504 4346 autem
2542 4281 2886 4362 id,probare
2917 4280 3190 4353 aaditori,
3228 4280 3406 4340 modo
3447 4298 3652 4361 aequus

2004 4384 2181 4447 esset,
2212 4374 2372 4434 nullo
2404 4372 2518 4434 alio
2541 4390 2690 4452 opus
2719 4387 2873 4447 esse,
2907 4387 3084 4448 quam
3117 4368 3243 4428 sola
3294 4367 3542 4429 historia
3570 4369 3642 4429 ad

2002 4462 2490 4535 discernendum,
2523 4459 2703 4538 gratis
2736 4465 2792 4519 et
2822 4457 3050 4536 absque
3096 4455 3217 4518 ulla
3272 4473 3473 4528 causa,
3519 4473 3650 4537 qua)

2000 4551 2214 4613 rationi
2272 4557 2667 4611 consentanea
2722 4547 2916 4618 fuerit,
2953 4543 3255 4606 Ecclesias
3307 4544 3465 4606 inter
3517 4562 3652 4606 sese

2002 4658 2111 4720 per
2139 4649 2223 4701 tot
2246 4657 2434 4701 annos
2484 4636 2815 4698 simultates
2865 4642 3042 4714 atque
3089 4631 3435 4694 inimicitias
3470 4649 3646 4694 exer-

2002 4726 2218 4790 cuisse.
