  <div class='ocr_page' id='page_1' title='image "/cluster/home/n/w/nwhite01/storage/ocr_20150623/141/mdp.39015078384206/479.png"; bbox 0 0 4214 6296; ppageno 0'>
   <div class='ocr_carea' id='block_1_1' title="bbox 580 371 700 438">
    <p class='ocr_par' dir='ltr' id='par_1_1' title="bbox 580 371 700 438">
     <span class='ocr_line' id='line_1_1' title="bbox 580 371 700 438; baseline 0.008 -3"><span class='ocrx_word' id='word_1_1' title='bbox 580 371 700 438; x_wconf 65' lang='grc'>948</span> 
     </span>
    </p>
   </div>
   <div class='ocr_carea' id='block_1_2' title="bbox 1405 501 1648 512">
    <p class='ocr_par' dir='ltr' id='par_1_2' title="bbox 1405 501 1648 512">
     <span class='ocr_line' id='line_1_2' title="bbox 1405 501 1648 512; baseline -0.012 -1"><span class='ocrx_word' id='word_1_2' title='bbox 1405 501 1648 512; x_wconf 57' lang='lat' dir='ltr'>m—</span> 
     </span>
    </p>
   </div>
   <div class='ocr_carea' id='block_1_3' title="bbox 1677 343 2873 420">
    <p class='ocr_par' dir='ltr' id='par_1_3' title="bbox 1677 343 2873 420">
     <span class='ocr_line' id='line_1_3' title="bbox 1677 343 2873 420; baseline -0.013 0"><span class='ocrx_word' id='word_1_3' title='bbox 1677 357 1892 420; x_wconf 80' lang='lat' dir='ltr'>JOAN.</span> <span class='ocrx_word' id='word_1_4' title='bbox 1938 349 2157 417; x_wconf 83' lang='lat' dir='ltr'>VEGCl</span> <span class='ocrx_word' id='word_1_5' title='bbox 2199 346 2313 412; x_wconf 84' lang='lat' dir='ltr'>GP.</span> <span class='ocrx_word' id='word_1_6' title='bbox 2360 343 2873 410; x_wconf 70' lang='grc' dir='ltr'>ΡΑΤΗΙΑΗΟΗιΕ</span> 
     </span>
    </p>
   </div>
   <div class='ocr_carea' id='block_1_4' title="bbox 3849 337 3960 402">
    <p class='ocr_par' dir='ltr' id='par_1_4' title="bbox 3849 337 3960 402">
     <span class='ocr_line' id='line_1_4' title="bbox 3849 337 3960 402; baseline 0 0"><span class='ocrx_word' id='word_1_7' title='bbox 3849 337 3960 402; x_wconf 74' lang='grc'>944</span> 
     </span>
    </p>
   </div>
   <div class='ocr_carea' id='block_1_5' title="bbox 1525 627 3013 800">
    <p class='ocr_par' dir='ltr' id='par_1_5' title="bbox 1525 627 3013 800">
     <span class='ocr_line' id='line_1_5' title="bbox 1525 627 3013 800; baseline -0.014 -10"><span class='ocrx_word' id='word_1_8' title='bbox 1525 633 2382 800; x_wconf 86' lang='lat' dir='ltr'><strong>JOANNIS</strong></span> <span class='ocrx_word' id='word_1_9' title='bbox 2464 627 3013 775; x_wconf 75' lang='lat' dir='ltr'>VECCI</span> 
     </span>
    </p>
   </div>
   <div class='ocr_carea' id='block_1_6' title="bbox 1939 891 2612 959">
    <p class='ocr_par' dir='ltr' id='par_1_6' title="bbox 1939 891 2612 959">
     <span class='ocr_line' id='line_1_6' title="bbox 1939 891 2612 959; baseline -0.003 -1"><span class='ocrx_word' id='word_1_10' title='bbox 1939 897 2050 958; x_wconf 84' lang='lat' dir='ltr'>GP.</span> <span class='ocrx_word' id='word_1_11' title='bbox 2102 891 2612 959; x_wconf 64' lang='lat' dir='ltr'>PATRIARCH/E</span> 
     </span>
    </p>
   </div>
   <div class='ocr_carea' id='block_1_7' title="bbox 1156 1085 3392 1213">
    <p class='ocr_par' dir='ltr' id='par_1_7' title="bbox 1156 1085 3392 1213">
     <span class='ocr_line' id='line_1_7' title="bbox 1156 1085 3392 1213; baseline -0.012 0"><span class='ocrx_word' id='word_1_12' title='bbox 1156 1100 1824 1213; x_wconf 77' lang='lat' dir='ltr'>EPISTOLA</span> <span class='ocrx_word' id='word_1_13' title='bbox 1915 1093 2099 1200; x_wconf 86' lang='lat' dir='ltr'>AD</span> <span class='ocrx_word' id='word_1_14' title='bbox 2190 1085 2848 1197; x_wconf 84' lang='lat' dir='ltr'><strong>JOANNEM</strong></span> <span class='ocrx_word' id='word_1_15' title='bbox 2943 1085 3392 1190; x_wconf 76' lang='lat' dir='ltr'>PAPAM</span> 
     </span>
    </p>
   </div>
   <div class='ocr_carea' id='block_1_8' title="bbox 1327 1308 3237 1420">
    <p class='ocr_par' dir='ltr' id='par_1_8' title="bbox 1327 1308 3237 1420">
     <span class='ocr_line' id='line_1_8' title="bbox 1327 1308 3237 1420; baseline -0.013 -21"><span class='ocrx_word' id='word_1_16' title='bbox 1327 1326 1499 1399; x_wconf 87' lang='lat' dir='ltr'>Cum</span> <span class='ocrx_word' id='word_1_17' title='bbox 1544 1320 2022 1420; x_wconf 90' lang='lat' dir='ltr'>professionne</span> <span class='ocrx_word' id='word_1_18' title='bbox 2060 1312 2221 1388; x_wconf 99' lang='lat' dir='ltr'>ﬁdei</span> <span class='ocrx_word' id='word_1_19' title='bbox 2257 1325 2327 1386; x_wconf 90' lang='lat' dir='ltr'>et</span> <span class='ocrx_word' id='word_1_20' title='bbox 2367 1308 2835 1404; x_wconf 79' lang='lat' dir='ltr'>recognitione</span> <span class='ocrx_word' id='word_1_21' title='bbox 2875 1308 3237 1404; x_wconf 78' lang='lat' dir='ltr'>primatus.</span> 
     </span>
    </p>
   </div>
   <div class='ocr_carea' id='block_1_9' title="bbox 1723 1493 2854 1586">
    <p class='ocr_par' dir='ltr' id='par_1_9' title="bbox 1723 1493 2854 1586">
     <span class='ocr_line' id='line_1_9' title="bbox 1723 1493 2854 1586; baseline -0.009 -20"><span class='ocrx_word' id='word_1_22' title='bbox 1723 1502 1913 1586; x_wconf 82' lang='lat' dir='ltr'>(Apud</span> <span class='ocrx_word' id='word_1_23' title='bbox 1942 1500 2149 1572; x_wconf 80' lang='lat' dir='ltr'>Mansi,</span> <span class='ocrx_word' id='word_1_24' title='bbox 2187 1496 2415 1561; x_wconf 90' lang='lat' dir='ltr'>Concil.</span> <span class='ocrx_word' id='word_1_25' title='bbox 2449 1505 2591 1557; x_wconf 90' lang='lat' dir='ltr'>tom.</span> <span class='ocrx_word' id='word_1_26' title='bbox 2629 1493 2854 1566; x_wconf 79' lang='lat' dir='ltr'>XXIV.)</span> 
     </span>
    </p>
   </div>
   <div class='ocr_carea' id='block_1_10' title="bbox 666 1764 3978 1864">
    <p class='ocr_par' dir='ltr' id='par_1_10' title="bbox 666 1764 3978 1864">
     <span class='ocr_line' id='line_1_10' title="bbox 666 1764 3978 1864; baseline -0.011 -3"><span class='ocrx_word' id='word_1_27' title='bbox 666 1795 1057 1864; x_wconf 84' lang='lat' dir='ltr'>Sanctissimo</span> <span class='ocrx_word' id='word_1_28' title='bbox 1089 1801 1153 1856; x_wconf 77' lang='lat' dir='ltr'>et</span> <span class='ocrx_word' id='word_1_29' title='bbox 1178 1786 1521 1854; x_wconf 85' lang='lat' dir='ltr'>beatissimo</span> <span class='ocrx_word' id='word_1_30' title='bbox 1553 1801 1783 1845; x_wconf 91' lang='lat' dir='ltr'>summo</span> <span class='ocrx_word' id='word_1_31' title='bbox 1809 1776 2070 1860; x_wconf 86' lang='lat' dir='ltr'>pontiﬁci</span> <span class='ocrx_word' id='word_1_32' title='bbox 2093 1794 2232 1856; x_wconf 89' lang='lat' dir='ltr'>apo-</span> <span class='ocrx_word' id='word_1_33' title='bbox 2250 1786 2291 1832; x_wconf 81' lang='grc' dir='ltr'><strong>Α</strong></span> <span class='ocrx_word' id='word_1_34' title='bbox 2393 1772 2770 1864; x_wconf 87' lang='lat' dir='ltr'>thuomodo</span> <span class='ocrx_word' id='word_1_35' title='bbox 2789 1769 3032 1851; x_wconf 87' lang='lat' dir='ltr'>quidem</span> <span class='ocrx_word' id='word_1_36' title='bbox 3057 1779 3267 1850; x_wconf 86' lang='lat' dir='ltr'>potens</span> <span class='ocrx_word' id='word_1_37' title='bbox 3290 1775 3596 1830; x_wconf 86' lang='lat' dir='ltr'>etsanctus</span> <span class='ocrx_word' id='word_1_38' title='bbox 3628 1764 3978 1825; x_wconf 75' lang='lat' dir='ltr'>moderator</span> 
     </span>
    </p>
   </div>
   <div class='ocr_carea' id='block_1_11' title="bbox 586 1854 3976 1954">
    <p class='ocr_par' dir='ltr' id='par_1_11' title="bbox 586 1854 3976 1954">
     <span class='ocr_line' id='line_1_11' title="bbox 586 1854 3976 1954; baseline -0.012 0"><span class='ocrx_word' id='word_1_39' title='bbox 586 1888 813 1954; x_wconf 70' lang='lat' dir='ltr'>stolicae</span> <span class='ocrx_word' id='word_1_40' title='bbox 842 1883 1004 1946; x_wconf 86' lang='lat' dir='ltr'>sedis</span> <span class='ocrx_word' id='word_1_41' title='bbox 1048 1881 1269 1944; x_wconf 79' lang='lat' dir='ltr'>veteris</span> <span class='ocrx_word' id='word_1_42' title='bbox 1320 1880 1548 1946; x_wconf 77' lang='lat' dir='ltr'>Romae,</span> <span class='ocrx_word' id='word_1_43' title='bbox 1582 1879 1642 1934; x_wconf 90' lang='lat' dir='ltr'>et</span> <span class='ocrx_word' id='word_1_44' title='bbox 1668 1854 1991 1932; x_wconf 75' lang='lat' dir='ltr'>universali</span> <span class='ocrx_word' id='word_1_45' title='bbox 2043 1854 2230 1954; x_wconf 72' lang='lat' dir='ltr'>papae,</span> <span class='ocrx_word' id='word_1_46' title='bbox 2316 1871 2514 1954; x_wconf 79' lang='lat' dir='ltr'>noster</span> <span class='ocrx_word' id='word_1_47' title='bbox 2542 1863 2650 1941; x_wconf 86' lang='lat'>(3),</span> <span class='ocrx_word' id='word_1_48' title='bbox 2685 1879 2820 1922; x_wconf 90' lang='lat' dir='ltr'>cum</span> <span class='ocrx_word' id='word_1_49' title='bbox 2873 1858 3156 1922; x_wconf 86' lang='lat' dir='ltr'>divinitus</span> <span class='ocrx_word' id='word_1_50' title='bbox 3185 1858 3521 1937; x_wconf 78' lang='lat' dir='ltr'>germinato</span> <span class='ocrx_word' id='word_1_51' title='bbox 3551 1873 3725 1916; x_wconf 90' lang='lat' dir='ltr'>ramo</span> <span class='ocrx_word' id='word_1_52' title='bbox 3753 1854 3848 1934; x_wconf 62' lang='lat'>(4)</span> <span class='ocrx_word' id='word_1_53' title='bbox 3885 1871 3976 1913; x_wconf 88' lang='lat' dir='ltr'>ra-</span> 
     </span>
    </p>
   </div>
   <div class='ocr_carea' id='block_1_12' title="bbox 587 1942 3973 2046">
    <p class='ocr_par' dir='ltr' id='par_1_12' title="bbox 587 1942 3973 2046">
     <span class='ocr_line' id='line_1_12' title="bbox 587 1942 3973 2046; baseline -0.012 -6"><span class='ocrx_word' id='word_1_54' title='bbox 587 1977 831 2040; x_wconf 89' lang='lat' dir='ltr'>domino</span> <span class='ocrx_word' id='word_1_55' title='bbox 859 1971 1099 2046; x_wconf 87' lang='lat' dir='ltr'>Joanni,</span> <span class='ocrx_word' id='word_1_56' title='bbox 1119 1973 1379 2032; x_wconf 89' lang='lat' dir='ltr'>Joannes</span> <span class='ocrx_word' id='word_1_57' title='bbox 1411 1961 1790 2025; x_wconf 80' lang='lat' dir='ltr'>miseratione</span> <span class='ocrx_word' id='word_1_58' title='bbox 1820 1956 2019 2018; x_wconf 89' lang='lat' dir='ltr'>divina</span> <span class='ocrx_word' id='word_1_59' title='bbox 2045 1942 2232 2034; x_wconf 79' lang='lat' dir='ltr'>patri-</span> <span class='ocrx_word' id='word_1_60' title='bbox 2317 1951 2492 2032; x_wconf 90' lang='lat' dir='ltr'>dicis,</span> <span class='ocrx_word' id='word_1_61' title='bbox 2544 1968 2736 2028; x_wconf 86' lang='lat' dir='ltr'>sacro,</span> <span class='ocrx_word' id='word_1_62' title='bbox 2785 1949 3034 2028; x_wconf 90' lang='lat' dir='ltr'>potenti,</span> <span class='ocrx_word' id='word_1_63' title='bbox 3066 1957 3124 2008; x_wconf 86' lang='lat' dir='ltr'>et</span> <span class='ocrx_word' id='word_1_64' title='bbox 3168 1957 3370 2008; x_wconf 90' lang='lat' dir='ltr'>sancto</span> <span class='ocrx_word' id='word_1_65' title='bbox 3429 1953 3630 2006; x_wconf 83' lang='lat' dir='ltr'>nostro</span> <span class='ocrx_word' id='word_1_66' title='bbox 3680 1942 3973 2003; x_wconf 90' lang='lat' dir='ltr'>modera-</span> 
     </span>
    </p>
   </div>
   <div class='ocr_carea' id='block_1_13' title="bbox 591 2028 3980 2140">
    <p class='ocr_par' dir='ltr' id='par_1_13' title="bbox 591 2028 3980 2140">
     <span class='ocr_line' id='line_1_13' title="bbox 591 2028 3980 2140; baseline -0.012 -10"><span class='ocrx_word' id='word_1_67' title='bbox 591 2066 770 2130; x_wconf 82' lang='lat' dir='ltr'>archa</span> <span class='ocrx_word' id='word_1_68' title='bbox 795 2057 1488 2140; x_wconf 85' lang='lat' dir='ltr'>Conslantinopolitanus</span> <span class='ocrx_word' id='word_1_69' title='bbox 1520 2053 1723 2140; x_wconf 69' lang='lat' dir='ltr'>Romae</span> <span class='ocrx_word' id='word_1_70' title='bbox 1754 2063 2078 2115; x_wconf 67' lang='lat' dir='ltr'>novamum</span> <span class='ocrx_word' id='word_1_71' title='bbox 2101 2060 2235 2140; x_wconf 81' lang='lat' dir='ltr'>om-</span> <span class='ocrx_word' id='word_1_72' title='bbox 2319 2028 2486 2114; x_wconf 68' lang='lat' dir='ltr'>tore,</span> <span class='ocrx_word' id='word_1_73' title='bbox 2511 2038 3024 2102; x_wconf 85' lang='lat' dir='ltr'>conﬁrmationem</span> <span class='ocrx_word' id='word_1_74' title='bbox 3053 2035 3471 2098; x_wconf 68' lang='lat' dir='ltr'>ecclesiasticae</span> <span class='ocrx_word' id='word_1_75' title='bbox 3494 2032 3740 2094; x_wconf 90' lang='lat' dir='ltr'>unionis</span> <span class='ocrx_word' id='word_1_76' title='bbox 3766 2031 3832 2091; x_wconf 91' lang='lat' dir='ltr'>in</span> <span class='ocrx_word' id='word_1_77' title='bbox 3865 2028 3980 2090; x_wconf 89' lang='lat' dir='ltr'>ﬁde</span> 
     </span>
    </p>
   </div>
   <div class='ocr_carea' id='block_1_14' title="bbox 599 2131 2239 2226">
    <p class='ocr_par' dir='ltr' id='par_1_14' title="bbox 599 2131 2239 2226">
     <span class='ocr_line' id='line_1_14' title="bbox 599 2131 2239 2226; baseline -0.016 -9"><span class='ocrx_word' id='word_1_78' title='bbox 599 2155 662 2217; x_wconf 91' lang='lat' dir='ltr'>ni</span> <span class='ocrx_word' id='word_1_79' title='bbox 690 2163 893 2216; x_wconf 87' lang='lat' dir='ltr'>nostra</span> <span class='ocrx_word' id='word_1_80' title='bbox 914 2131 1288 2213; x_wconf 75' lang='lat' dir='ltr'>sacrosancta</span> <span class='ocrx_word' id='word_1_81' title='bbox 1308 2142 1530 2226; x_wconf 80' lang='lat' dir='ltr'>synodo</span> <span class='ocrx_word' id='word_1_82' title='bbox 1549 2139 1812 2202; x_wconf 87' lang='lat' dir='ltr'>debitam</span> <span class='ocrx_word' id='word_1_83' title='bbox 1842 2131 2239 2196; x_wconf 86' lang='lat' dir='ltr'>reverentiam</span> 
     </span>
    </p>
   </div>
   <div class='ocr_carea' id='block_1_15' title="bbox 592 2223 2238 2318">
    <p class='ocr_par' dir='ltr' id='par_1_15' title="bbox 592 2223 2238 2318">
     <span class='ocr_line' id='line_1_15' title="bbox 592 2223 2238 2318; baseline -0.018 -10"><span class='ocrx_word' id='word_1_84' title='bbox 592 2254 809 2307; x_wconf 72' lang='lat' dir='ltr'>nostrae</span> <span class='ocrx_word' id='word_1_85' title='bbox 839 2239 1219 2318; x_wconf 69' lang='lat' dir='ltr'>obedientiaa,</span> <span class='ocrx_word' id='word_1_86' title='bbox 1250 2255 1318 2299; x_wconf 89' lang='lat' dir='ltr'>ac</span> <span class='ocrx_word' id='word_1_87' title='bbox 1339 2223 1788 2296; x_wconf 84' lang='lat' dir='ltr'>inclinationem</span> <span class='ocrx_word' id='word_1_88' title='bbox 1824 2235 1882 2288; x_wconf 91' lang='lat' dir='ltr'>et</span> <span class='ocrx_word' id='word_1_89' title='bbox 1903 2223 2238 2284; x_wconf 88' lang='lat' dir='ltr'>orationum</span> 
     </span>
    </p>
   </div>
   <div class='ocr_carea' id='block_1_16' title="bbox 598 2331 1083 2414">
    <p class='ocr_par' dir='ltr' id='par_1_16' title="bbox 598 2331 1083 2414">
     <span class='ocr_line' id='line_1_16' title="bbox 598 2331 1083 2414; baseline -0.019 -18"><span class='ocrx_word' id='word_1_90' title='bbox 598 2331 1083 2414; x_wconf 77' lang='lat' dir='ltr'>postulationem.</span> 
     </span>
    </p>
   </div>
   <div class='ocr_carea' id='block_1_17' title="bbox 678 2397 2217 2498">
    <p class='ocr_par' dir='ltr' id='par_1_17' title="bbox 678 2397 2217 2498">
     <span class='ocr_line' id='line_1_17' title="bbox 678 2397 2217 2498; baseline -0.017 -15"><span class='ocrx_word' id='word_1_91' title='bbox 678 2415 1120 2498; x_wconf 73' lang='lat' dir='ltr'>l’rincipiiboni</span> <span class='ocrx_word' id='word_1_92' title='bbox 1142 2413 1428 2494; x_wconf 90' lang='lat' dir='ltr'>optimum</span> <span class='ocrx_word' id='word_1_93' title='bbox 1450 2424 1582 2470; x_wconf 90' lang='lat' dir='ltr'>esse</span> <span class='ocrx_word' id='word_1_94' title='bbox 1603 2400 2090 2480; x_wconf 86' lang='lat' dir='ltr'>ﬁnem,omnibus</span> <span class='ocrx_word' id='word_1_95' title='bbox 2110 2397 2217 2458; x_wconf 89' lang='lat' dir='ltr'>abs</span> 
     </span>
    </p>
   </div>
   <div class='ocr_carea' id='block_1_18' title="bbox 605 2498 2244 2592">
    <p class='ocr_par' dir='ltr' id='par_1_18' title="bbox 605 2498 2244 2592">
     <span class='ocr_line' id='line_1_18' title="bbox 605 2498 2244 2592; baseline -0.016 -20"><span class='ocrx_word' id='word_1_96' title='bbox 605 2527 720 2592; x_wconf 87' lang='lat' dir='ltr'>que</span> <span class='ocrx_word' id='word_1_97' title='bbox 763 2506 944 2568; x_wconf 90' lang='lat' dir='ltr'>dubio</span> <span class='ocrx_word' id='word_1_98' title='bbox 973 2504 1135 2565; x_wconf 77' lang='lat' dir='ltr'>clare</span> <span class='ocrx_word' id='word_1_99' title='bbox 1167 2507 1349 2582; x_wconf 88' lang='lat' dir='ltr'>patet.</span> <span class='ocrx_word' id='word_1_100' title='bbox 1381 2498 1454 2560; x_wconf 84' lang='lat' dir='ltr'>Et</span> <span class='ocrx_word' id='word_1_101' title='bbox 1473 2513 1662 2592; x_wconf 77' lang='lat' dir='ltr'>quare</span> <span class='ocrx_word' id='word_1_102' title='bbox 1686 2512 1830 2567; x_wconf 88' lang='lat' dir='ltr'>non,</span> <span class='ocrx_word' id='word_1_103' title='bbox 1860 2508 1994 2592; x_wconf 75' lang='lat' dir='ltr'>cum</span> <span class='ocrx_word' id='word_1_104' title='bbox 2033 2504 2244 2548; x_wconf 73' lang='lat' dir='ltr'>«omne</span> 
     </span>
    </p>
   </div>
   <div class='ocr_carea' id='block_1_19' title="bbox 600 2580 2244 2675">
    <p class='ocr_par' dir='ltr' id='par_1_19' title="bbox 600 2580 2244 2675">
     <span class='ocr_line' id='line_1_19' title="bbox 600 2580 2244 2675; baseline -0.015 -15"><span class='ocrx_word' id='word_1_105' title='bbox 600 2580 823 2660; x_wconf 84' lang='lat' dir='ltr'>donum</span> <span class='ocrx_word' id='word_1_106' title='bbox 840 2580 1496 2675; x_wconf 43' lang='lat' dir='ltr'>perfectum—desursum</span> <span class='ocrx_word' id='word_1_107' title='bbox 1511 2585 1608 2659; x_wconf 89' lang='lat' dir='ltr'>sit,</span> <span class='ocrx_word' id='word_1_108' title='bbox 1630 2580 2006 2645; x_wconf 85' lang='lat' dir='ltr'>descendens</span> <span class='ocrx_word' id='word_1_109' title='bbox 2026 2597 2059 2638; x_wconf 94' lang='lat' dir='ltr'>a</span> <span class='ocrx_word' id='word_1_110' title='bbox 2076 2581 2244 2638; x_wconf 89' lang='lat' dir='ltr'>Patre</span> 
     </span>
    </p>
   </div>
   <div class='ocr_carea' id='block_1_20' title="bbox 597 2675 2242 2754">
    <p class='ocr_par' dir='ltr' id='par_1_20' title="bbox 597 2675 2242 2754">
     <span class='ocr_line' id='line_1_20' title="bbox 597 2675 2242 2754; baseline -0.016 -5"><span class='ocrx_word' id='word_1_111' title='bbox 597 2687 889 2749; x_wconf 88' lang='lat' dir='ltr'>luminum</span> <span class='ocrx_word' id='word_1_112' title='bbox 923 2681 997 2742; x_wconf 60' lang='grc' dir='ltr'>εἴ</span> <span class='ocrx_word' id='word_1_113' title='bbox 1045 2682 1170 2744; x_wconf 86' lang='lat' dir='ltr'>Hoc</span> <span class='ocrx_word' id='word_1_114' title='bbox 1229 2693 1542 2754; x_wconf 87' lang='lat' dir='ltr'>concesso,</span> <span class='ocrx_word' id='word_1_115' title='bbox 1575 2687 1949 2750; x_wconf 89' lang='lat' dir='ltr'>consequens</span> <span class='ocrx_word' id='word_1_116' title='bbox 1978 2675 2068 2730; x_wconf 88' lang='lat' dir='ltr'>est</span> <span class='ocrx_word' id='word_1_117' title='bbox 2108 2683 2242 2726; x_wconf 90' lang='lat' dir='ltr'>cre—</span> 
     </span>
    </p>
   </div>
   <div class='ocr_carea' id='block_1_21' title="bbox 599 2756 2246 2855">
    <p class='ocr_par' dir='ltr' id='par_1_21' title="bbox 599 2756 2246 2855">
     <span class='ocr_line' id='line_1_21' title="bbox 599 2756 2246 2855; baseline -0.015 -15"><span class='ocrx_word' id='word_1_118' title='bbox 599 2778 660 2840; x_wconf 90' lang='lat' dir='ltr'>di</span> <span class='ocrx_word' id='word_1_119' title='bbox 685 2793 863 2839; x_wconf 89' lang='lat' dir='ltr'>omne</span> <span class='ocrx_word' id='word_1_120' title='bbox 895 2770 1256 2855; x_wconf 88' lang='lat' dir='ltr'>principium</span> <span class='ocrx_word' id='word_1_121' title='bbox 1287 2768 1698 2847; x_wconf 87' lang='lat' dir='ltr'>cujuscunque</span> <span class='ocrx_word' id='word_1_122' title='bbox 1748 2761 1838 2823; x_wconf 88' lang='lat' dir='ltr'>rei</span> <span class='ocrx_word' id='word_1_123' title='bbox 1879 2759 2104 2840; x_wconf 90' lang='lat' dir='ltr'>optime</span> <span class='ocrx_word' id='word_1_124' title='bbox 2149 2756 2246 2817; x_wconf 87' lang='lat' dir='ltr'>in-</span> 
     </span>
    </p>
   </div>
   <div class='ocr_carea' id='block_1_22' title="bbox 489 2846 2248 2940">
    <p class='ocr_par' dir='ltr' id='par_1_22' title="bbox 489 2846 2248 2940">
     <span class='ocr_line' id='line_1_22' title="bbox 489 2846 2248 2940; baseline -0.014 -9"><span class='ocrx_word' id='word_1_125' title='bbox 489 2911 492 2916; x_wconf 93' lang='lat'><strong><em>-</em></strong></span> <span class='ocrx_word' id='word_1_126' title='bbox 598 2868 825 2930; x_wconf 68' lang='lat' dir='ltr'>choatae</span> <span class='ocrx_word' id='word_1_127' title='bbox 853 2846 1119 2924; x_wconf 52' lang='lat' dir='ltr'>a&#39;divino</span> <span class='ocrx_word' id='word_1_128' title='bbox 1149 2846 1438 2940; x_wconf 85' lang='lat' dir='ltr'>pendere,</span> <span class='ocrx_word' id='word_1_129' title='bbox 1471 2852 1746 2932; x_wconf 89' lang='lat' dir='ltr'>consilio,</span> <span class='ocrx_word' id='word_1_130' title='bbox 1783 2858 1843 2940; x_wconf 78' lang='lat' dir='ltr'>et</span> <span class='ocrx_word' id='word_1_131' title='bbox 1872 2857 2114 2940; x_wconf 82' lang='lat' dir='ltr'>propter</span> <span class='ocrx_word' id='word_1_132' title='bbox 2135 2846 2248 2907; x_wconf 91' lang='lat' dir='ltr'>hoc</span> 
     </span>
    </p>
   </div>
   <div class='ocr_carea' id='block_1_23' title="bbox 599 2935 2245 3028">
    <p class='ocr_par' dir='ltr' id='par_1_23' title="bbox 599 2935 2245 3028">
     <span class='ocr_line' id='line_1_23' title="bbox 599 2935 2245 3028; baseline -0.016 -9"><span class='ocrx_word' id='word_1_133' title='bbox 599 2952 946 3018; x_wconf 89' lang='lat' dir='ltr'>necessario</span> <span class='ocrx_word' id='word_1_134' title='bbox 976 2949 1091 3012; x_wconf 85' lang='lat' dir='ltr'>tale</span> <span class='ocrx_word' id='word_1_135' title='bbox 1124 2935 1480 3028; x_wconf 72' lang='lat' dir='ltr'>principium</span> <span class='ocrx_word' id='word_1_136' title='bbox 1513 2943 1574 3003; x_wconf 91' lang='lat' dir='ltr'>in</span> <span class='ocrx_word' id='word_1_137' title='bbox 1608 2942 1782 3028; x_wconf 88' lang='lat' dir='ltr'>ﬁnem</span> <span class='ocrx_word' id='word_1_138' title='bbox 1813 2938 2091 2998; x_wconf 90' lang='lat' dir='ltr'>desinere</span> <span class='ocrx_word' id='word_1_139' title='bbox 2122 2935 2245 3014; x_wconf 89' lang='lat' dir='ltr'>glo-</span> 
     </span>
    </p>
   </div>
   <div class='ocr_carea' id='block_1_24' title="bbox 2324 2117 3976 2210">
    <p class='ocr_par' dir='ltr' id='par_1_24' title="bbox 2324 2117 3976 2210">
     <span class='ocr_line' id='line_1_24' title="bbox 2324 2117 3976 2210; baseline -0.009 -19"><span class='ocrx_word' id='word_1_140' title='bbox 2324 2129 2581 2210; x_wconf 88' lang='lat' dir='ltr'>perfecta</span> <span class='ocrx_word' id='word_1_141' title='bbox 2622 2137 2678 2188; x_wconf 93' lang='lat' dir='ltr'>et</span> <span class='ocrx_word' id='word_1_142' title='bbox 2705 2127 2976 2207; x_wconf 81' lang='lat' dir='ltr'>diligenti</span> <span class='ocrx_word' id='word_1_143' title='bbox 3022 2126 3380 2187; x_wconf 87' lang='lat' dir='ltr'>certitudine</span> <span class='ocrx_word' id='word_1_144' title='bbox 3411 2125 3711 2210; x_wconf 82' lang='lat' dir='ltr'>fecerunt,</span> <span class='ocrx_word' id='word_1_145' title='bbox 3757 2117 3976 2198; x_wconf 88' lang='lat' dir='ltr'>poterit</span> 
     </span>
    </p>
   </div>
   <div class='ocr_carea' id='block_1_25' title="bbox 2325 2208 3980 2287">
    <p class='ocr_par' dir='ltr' id='par_1_25' title="bbox 2325 2208 3980 2287">
     <span class='ocr_line' id='line_1_25' title="bbox 2325 2208 3980 2287; baseline -0.007 -7"><span class='ocrx_word' id='word_1_146' title='bbox 2325 2208 2573 2280; x_wconf 83' lang='lat' dir='ltr'>noscere</span> <span class='ocrx_word' id='word_1_147' title='bbox 2597 2216 2848 2277; x_wconf 80' lang='lat' dir='ltr'>maxima</span> <span class='ocrx_word' id='word_1_148' title='bbox 2880 2214 3158 2276; x_wconf 86' lang='lat' dir='ltr'>sanctitas</span> <span class='ocrx_word' id='word_1_149' title='bbox 3206 2223 3399 2275; x_wconf 88' lang='lat' dir='ltr'>vestra</span> <span class='ocrx_word' id='word_1_150' title='bbox 3427 2223 3484 2274; x_wconf 88' lang='lat' dir='ltr'>et</span> <span class='ocrx_word' id='word_1_151' title='bbox 3516 2209 3587 2271; x_wconf 90' lang='lat' dir='ltr'>ab</span> <span class='ocrx_word' id='word_1_152' title='bbox 3629 2208 3814 2287; x_wconf 89' lang='lat' dir='ltr'>ipsis,</span> <span class='ocrx_word' id='word_1_153' title='bbox 3852 2223 3980 2286; x_wconf 60' lang='lat' dir='ltr'>qua</span> 
     </span>
    </p>
   </div>
   <div class='ocr_carea' id='block_1_26' title="bbox 2323 2293 3970 2386">
    <p class='ocr_par' dir='ltr' id='par_1_26' title="bbox 2323 2293 3970 2386">
     <span class='ocr_line' id='line_1_26' title="bbox 2323 2293 3970 2386; baseline -0.01 -18"><span class='ocrx_word' id='word_1_154' title='bbox 2323 2307 2393 2368; x_wconf 91' lang='lat' dir='ltr'>ad</span> <span class='ocrx_word' id='word_1_155' title='bbox 2439 2312 2622 2386; x_wconf 92' lang='lat' dir='ltr'>ipsam</span> <span class='ocrx_word' id='word_1_156' title='bbox 2680 2304 3013 2377; x_wconf 90' lang='lat' dir='ltr'>mittuntur,</span> <span class='ocrx_word' id='word_1_157' title='bbox 3060 2303 3268 2364; x_wconf 86' lang='lat' dir='ltr'>litteris</span> <span class='ocrx_word' id='word_1_158' title='bbox 3319 2300 3596 2382; x_wconf 66' lang='lat' dir='ltr'>potentiae</span> <span class='ocrx_word' id='word_1_159' title='bbox 3621 2315 3776 2386; x_wconf 70' lang='lat' dir='ltr'>suae,</span> <span class='ocrx_word' id='word_1_160' title='bbox 3811 2302 3870 2355; x_wconf 85' lang='lat' dir='ltr'>et</span> <span class='ocrx_word' id='word_1_161' title='bbox 3899 2293 3970 2352; x_wconf 87' lang='lat' dir='ltr'>ab</span> 
     </span>
    </p>
   </div>
   <div class='ocr_carea' id='block_1_27' title="bbox 2325 2385 3977 2471">
    <p class='ocr_par' dir='ltr' id='par_1_27' title="bbox 2325 2385 3977 2471">
     <span class='ocr_line' id='line_1_27' title="bbox 2325 2385 3977 2471; baseline -0.01 -14"><span class='ocrx_word' id='word_1_162' title='bbox 2325 2385 2718 2458; x_wconf 83' lang='lat' dir='ltr'>instrumento</span> <span class='ocrx_word' id='word_1_163' title='bbox 2744 2395 3216 2471; x_wconf 89' lang='lat' dir='ltr'>juramentorum</span> <span class='ocrx_word' id='word_1_164' title='bbox 3240 2392 3528 2451; x_wconf 86' lang='lat' dir='ltr'>factorum</span> <span class='ocrx_word' id='word_1_165' title='bbox 3563 2385 3888 2466; x_wconf 83' lang='lat' dir='ltr'>peripsos,</span> <span class='ocrx_word' id='word_1_166' title='bbox 3923 2391 3977 2442; x_wconf 90' lang='lat' dir='ltr'>et</span> 
     </span>
    </p>
   </div>
   <div class='ocr_carea' id='block_1_28' title="bbox 2325 2471 3978 2562">
    <p class='ocr_par' dir='ltr' id='par_1_28' title="bbox 2325 2471 3978 2562">
     <span class='ocr_line' id='line_1_28' title="bbox 2325 2471 3978 2562; baseline -0.01 -16"><span class='ocrx_word' id='word_1_167' title='bbox 2325 2485 2397 2546; x_wconf 90' lang='lat' dir='ltr'>ab</span> <span class='ocrx_word' id='word_1_168' title='bbox 2424 2484 2519 2551; x_wconf 84' lang='lat' dir='ltr'>iis.</span> <span class='ocrx_word' id='word_1_169' title='bbox 2554 2501 2684 2562; x_wconf 74' lang='lat' dir='ltr'>quin</span> <span class='ocrx_word' id='word_1_170' title='bbox 2712 2482 3048 2562; x_wconf 84' lang='lat' dir='ltr'>apostolicae</span> <span class='ocrx_word' id='word_1_171' title='bbox 3074 2481 3236 2542; x_wconf 90' lang='lat' dir='ltr'>sedis</span> <span class='ocrx_word' id='word_1_172' title='bbox 3270 2478 3458 2541; x_wconf 89' lang='lat' dir='ltr'>nuntii</span> <span class='ocrx_word' id='word_1_173' title='bbox 3487 2493 3590 2537; x_wconf 89' lang='lat' dir='ltr'>ore</span> <span class='ocrx_word' id='word_1_174' title='bbox 3618 2484 3798 2535; x_wconf 91' lang='lat' dir='ltr'>tenus</span> <span class='ocrx_word' id='word_1_175' title='bbox 3822 2471 3978 2533; x_wconf 90' lang='lat' dir='ltr'>divi-</span> 
     </span>
    </p>
   </div>
   <div class='ocr_carea' id='block_1_29' title="bbox 2323 2561 3972 2634">
    <p class='ocr_par' dir='ltr' id='par_1_29' title="bbox 2323 2561 3972 2634">
     <span class='ocr_line' id='line_1_29' title="bbox 2323 2561 3972 2634; baseline -0.007 -1"><span class='ocrx_word' id='word_1_176' title='bbox 2323 2573 2419 2634; x_wconf 91' lang='lat' dir='ltr'>nis</span> <span class='ocrx_word' id='word_1_177' title='bbox 2448 2561 2689 2633; x_wconf 85' lang='lat' dir='ltr'>auribus</span> <span class='ocrx_word' id='word_1_178' title='bbox 2737 2561 2943 2632; x_wconf 66' lang='lat' dir='ltr'>vestrae</span> <span class='ocrx_word' id='word_1_179' title='bbox 2985 2571 3380 2632; x_wconf 81' lang='lat' dir='ltr'>insonuerunt</span> <span class='ocrx_word' id='word_1_180' title='bbox 3419 2563 3775 2627; x_wconf 88' lang='lat' dir='ltr'>sanctitatis.</span> <span class='ocrx_word' id='word_1_181' title='bbox 3815 2561 3972 2632; x_wconf 85' lang='lat' dir='ltr'>Quo-</span> 
     </span>
    </p>
   </div>
   <div class='ocr_carea' id='block_1_30' title="bbox 2328 2653 3976 2740">
    <p class='ocr_par' dir='ltr' id='par_1_30' title="bbox 2328 2653 3976 2740">
     <span class='ocr_line' id='line_1_30' title="bbox 2328 2653 3976 2740; baseline -0.009 -18"><span class='ocrx_word' id='word_1_182' title='bbox 2328 2662 2503 2722; x_wconf 88' lang='lat' dir='ltr'>modo</span> <span class='ocrx_word' id='word_1_183' title='bbox 2533 2679 2768 2740; x_wconf 87' lang='lat' dir='ltr'>quoque</span> <span class='ocrx_word' id='word_1_184' title='bbox 2801 2679 2908 2720; x_wconf 92' lang='lat' dir='ltr'>nos</span> <span class='ocrx_word' id='word_1_185' title='bbox 2931 2659 3113 2720; x_wconf 88' lang='lat' dir='ltr'>robur</span> <span class='ocrx_word' id='word_1_186' title='bbox 3133 2653 3777 2739; x_wconf 70' lang='lat' dir='ltr'>prmstamus,etﬁnem</span> <span class='ocrx_word' id='word_1_187' title='bbox 3804 2669 3976 2729; x_wconf 81' lang='lat' dir='ltr'>appo-</span> 
     </span>
    </p>
   </div>
   <div class='ocr_carea' id='block_1_31' title="bbox 2330 2737 3974 2829">
    <p class='ocr_par' dir='ltr' id='par_1_31' title="bbox 2330 2737 3974 2829">
     <span class='ocr_line' id='line_1_31' title="bbox 2330 2737 3974 2829; baseline -0.009 -16"><span class='ocrx_word' id='word_1_188' title='bbox 2330 2751 2524 2813; x_wconf 89' lang='lat' dir='ltr'>nimus</span> <span class='ocrx_word' id='word_1_189' title='bbox 2551 2737 2812 2828; x_wconf 74' lang='lat' dir='ltr'>glorioso</span> <span class='ocrx_word' id='word_1_190' title='bbox 2841 2737 3498 2829; x_wconf 14' lang='lat' dir='ltr'>prineipioihujusmodi</span> <span class='ocrx_word' id='word_1_191' title='bbox 3551 2740 3757 2821; x_wconf 88' lang='lat' dir='ltr'>operis</span> <span class='ocrx_word' id='word_1_192' title='bbox 3799 2737 3974 2800; x_wconf 49' lang='lat' dir='ltr'>unios</span> 
     </span>
    </p>
   </div>
   <div class='ocr_carea' id='block_1_32' title="bbox 2331 2828 3972 2918">
    <p class='ocr_par' dir='ltr' id='par_1_32' title="bbox 2331 2828 3972 2918">
     <span class='ocr_line' id='line_1_32' title="bbox 2331 2828 3972 2918; baseline -0.009 -18"><span class='ocrx_word' id='word_1_193' title='bbox 2331 2839 2444 2913; x_wconf 90' lang='lat' dir='ltr'>nis,</span> <span class='ocrx_word' id='word_1_194' title='bbox 2480 2839 2694 2918; x_wconf 88' lang='lat' dir='ltr'>poterit</span> <span class='ocrx_word' id='word_1_195' title='bbox 2716 2828 2869 2899; x_wconf 71' lang='lat' dir='ltr'>scire</span> <span class='ocrx_word' id='word_1_196' title='bbox 2895 2849 3087 2899; x_wconf 85' lang='lat' dir='ltr'>vestra</span> <span class='ocrx_word' id='word_1_197' title='bbox 3117 2856 3149 2898; x_wconf 90' lang='lat' dir='ltr'>a</span> <span class='ocrx_word' id='word_1_198' title='bbox 3177 2841 3296 2900; x_wconf 79' lang='lat' dir='ltr'>Deo</span> <span class='ocrx_word' id='word_1_199' title='bbox 3325 2833 3628 2913; x_wconf 78' lang='lat' dir='ltr'>magniﬁca</span> <span class='ocrx_word' id='word_1_200' title='bbox 3671 2828 3972 2896; x_wconf 69' lang='lat' dir='ltr'>sant-titas,</span> 
     </span>
    </p>
   </div>
   <div class='ocr_carea' id='block_1_33' title="bbox 2333 2916 3974 3006">
    <p class='ocr_par' dir='ltr' id='par_1_33' title="bbox 2333 2916 3974 3006">
     <span class='ocr_line' id='line_1_33' title="bbox 2333 2916 3974 3006; baseline -0.007 -17"><span class='ocrx_word' id='word_1_201' title='bbox 2333 2938 2451 2989; x_wconf 84' lang='lat' dir='ltr'>eta</span> <span class='ocrx_word' id='word_1_202' title='bbox 2482 2916 2783 2988; x_wconf 76' lang='lat' dir='ltr'>volumine</span> <span class='ocrx_word' id='word_1_203' title='bbox 2817 2927 3165 3006; x_wconf 78' lang='lat' dir='ltr'>synodicali,</span> <span class='ocrx_word' id='word_1_204' title='bbox 3226 2925 3382 3006; x_wconf 90' lang='lat' dir='ltr'>quod</span> <span class='ocrx_word' id='word_1_205' title='bbox 3434 2921 3547 2983; x_wconf 91' lang='lat' dir='ltr'>sibi</span> <span class='ocrx_word' id='word_1_206' title='bbox 3598 2916 3974 2988; x_wconf 88' lang='lat' dir='ltr'>ostendetur,</span> 
     </span>
    </p>
   </div>
   <div class='ocr_carea' id='block_1_34' title="bbox 599 3007 3975 3122">
    <p class='ocr_par' dir='ltr' id='par_1_34' title="bbox 599 3007 3975 3122">
     <span class='ocr_line' id='line_1_34' title="bbox 599 3007 3975 3122; baseline -0.011 -21"><span class='ocrx_word' id='word_1_207' title='bbox 599 3045 848 3107; x_wconf 84' lang='lat' dir='ltr'>riosum.</span> <span class='ocrx_word' id='word_1_208' title='bbox 884 3037 1054 3114; x_wconf 84' lang='lat' dir='ltr'>Quod</span> <span class='ocrx_word' id='word_1_209' title='bbox 1108 3007 1268 3099; x_wconf 63' lang='lat' dir='ltr'>enim</span> <span class='ocrx_word' id='word_1_210' title='bbox 1298 3007 1335 3096; x_wconf 40' lang='lat' dir='ltr'>au</span> <span class='ocrx_word' id='word_1_211' title='bbox 1359 3036 1480 3097; x_wconf 90' lang='lat' dir='ltr'>Deo</span> <span class='ocrx_word' id='word_1_212' title='bbox 1531 3031 1685 3092; x_wconf 92' lang='lat' dir='ltr'>bene</span> <span class='ocrx_word' id='word_1_213' title='bbox 1733 3027 2076 3088; x_wconf 91' lang='lat' dir='ltr'>inchoatum</span> <span class='ocrx_word' id='word_1_214' title='bbox 2125 3007 2242 3096; x_wconf 76' lang='lat' dir='ltr'>est,</span> <span class='ocrx_word' id='word_1_215' title='bbox 2271 3069 2309 3122; x_wconf 70' lang='grc' dir='ltr'>Β</span> <span class='ocrx_word' id='word_1_216' title='bbox 2330 3016 2484 3098; x_wconf 84' lang='lat' dir='ltr'>quod</span> <span class='ocrx_word' id='word_1_217' title='bbox 2516 3017 2816 3078; x_wconf 83' lang='lat' dir='ltr'>humilitas</span> <span class='ocrx_word' id='word_1_218' title='bbox 2848 3029 3049 3079; x_wconf 90' lang='lat' dir='ltr'>nostra</span> <span class='ocrx_word' id='word_1_219' title='bbox 3077 3035 3210 3077; x_wconf 91' lang='lat' dir='ltr'>cum</span> <span class='ocrx_word' id='word_1_220' title='bbox 3246 3024 3364 3076; x_wconf 90' lang='lat' dir='ltr'>toto</span> <span class='ocrx_word' id='word_1_221' title='bbox 3392 3030 3559 3074; x_wconf 90' lang='lat' dir='ltr'>sacro</span> <span class='ocrx_word' id='word_1_222' title='bbox 3607 3007 3802 3089; x_wconf 83' lang='lat' dir='ltr'>ipsius</span> <span class='ocrx_word' id='word_1_223' title='bbox 3837 3024 3975 3066; x_wconf 91' lang='lat' dir='ltr'>con-</span> 
     </span>
     <span class='ocr_line' id='line_1_35' title="bbox 1584 3095 3938 3122; baseline 0 0"><span class='ocrx_word' id='word_1_224' title='bbox 1584 3120 1593 3122; x_wconf 96' lang='lat'>_</span> <span class='ocrx_word' id='word_1_225' title='bbox 1626 3119 1636 3122; x_wconf 81' lang='lat'>_</span> <span class='ocrx_word' id='word_1_226' title='bbox 1890 3115 1948 3122; x_wconf 85' lang='lat'>...</span> <span class='ocrx_word' id='word_1_227' title='bbox 2099 3111 2138 3122; x_wconf 55' lang='grc' dir='ltr'><strong>εκ</strong></span> <span class='ocrx_word' id='word_1_228' title='bbox 2449 3115 2459 3122; x_wconf 92' lang='grc'><strong>.</strong></span> <span class='ocrx_word' id='word_1_229' title='bbox 2540 3105 2568 3122; x_wconf 79' lang='lat' dir='ltr'><strong><em>n</em></strong></span> <span class='ocrx_word' id='word_1_230' title='bbox 2749 3105 2784 3122; x_wconf 80' lang='grc' dir='ltr'>ι.</span> <span class='ocrx_word' id='word_1_231' title='bbox 2863 3114 2873 3122; x_wconf 91' lang='grc'>.</span> <span class='ocrx_word' id='word_1_232' title='bbox 2999 3105 3010 3122; x_wconf 90' lang='lat' dir='ltr'><strong>I</strong></span> <span class='ocrx_word' id='word_1_233' title='bbox 3183 3105 3218 3122; x_wconf 73' lang='grc' dir='ltr'>ι.</span> <span class='ocrx_word' id='word_1_234' title='bbox 3348 3104 3361 3122; x_wconf 93' lang='lat' dir='ltr'><strong>I</strong></span> <span class='ocrx_word' id='word_1_235' title='bbox 3399 3121 3403 3122; x_wconf 64' lang='lat'><strong><em>,</em></strong></span> <span class='ocrx_word' id='word_1_236' title='bbox 3435 3095 3818 3122; x_wconf 37' lang='grc' dir='ltr'>νμξβιΞΑ-ἷμ---</span> <span class='ocrx_word' id='word_1_237' title='bbox 3854 3113 3938 3122; x_wconf 61' lang='grc' dir='ltr'>-..ρ</span> 
     </span>
    </p>
   </div>
   <div class='ocr_carea' id='block_1_35' title="bbox 599 3111 2244 3216">
    <p class='ocr_par' dir='ltr' id='par_1_35' title="bbox 599 3111 2244 3216">
     <span class='ocr_line' id='line_1_36' title="bbox 599 3111 2244 3216; baseline -0.015 -20"><span class='ocrx_word' id='word_1_238' title='bbox 599 3111 1050 3216; x_wconf 40' lang='lat' dir='ltr'>quomodo—non</span> <span class='ocrx_word' id='word_1_239' title='bbox 1073 3125 1297 3207; x_wconf 91' lang='lat' dir='ltr'>optime</span> <span class='ocrx_word' id='word_1_240' title='bbox 1326 3119 1740 3184; x_wconf 89' lang='lat' dir='ltr'>terminabitur</span> <span class='ocrx_word' id='word_1_241' title='bbox 1769 3111 2244 3185; x_wconf 80' lang='lat' dir='ltr'>auxilianteDeo,</span> 
     </span>
    </p>
   </div>
   <div class='ocr_carea' id='block_1_36' title="bbox 609 3202 2248 3304">
    <p class='ocr_par' dir='ltr' id='par_1_36' title="bbox 609 3202 2248 3304">
     <span class='ocr_line' id='line_1_37' title="bbox 609 3202 2248 3304; baseline -0.015 -19"><span class='ocrx_word' id='word_1_242' title='bbox 609 3202 780 3304; x_wconf 78' lang='lat' dir='ltr'>quale</span> <span class='ocrx_word' id='word_1_243' title='bbox 809 3218 951 3300; x_wconf 85' lang='lat' dir='ltr'>quid</span> <span class='ocrx_word' id='word_1_244' title='bbox 985 3202 1202 3304; x_wconf 83' lang='lat' dir='ltr'>factum</span> <span class='ocrx_word' id='word_1_245' title='bbox 1234 3219 1412 3304; x_wconf 83' lang='lat' dir='ltr'>est,et</span> <span class='ocrx_word' id='word_1_246' title='bbox 1445 3227 1624 3290; x_wconf 90' lang='lat' dir='ltr'>super</span> <span class='ocrx_word' id='word_1_247' title='bbox 1646 3205 1835 3304; x_wconf 74' lang='lat' dir='ltr'>_i_is_,de</span> <span class='ocrx_word' id='word_1_248' title='bbox 1861 3202 2077 3284; x_wconf 90' lang='lat' dir='ltr'>quibus</span> <span class='ocrx_word' id='word_1_249' title='bbox 2091 3219 2248 3262; x_wconf 91' lang='lat' dir='ltr'>nunc</span> 
     </span>
    </p>
   </div>
   <div class='ocr_carea' id='block_1_37' title="bbox 606 3295 2247 3392">
    <p class='ocr_par' dir='ltr' id='par_1_37' title="bbox 606 3295 2247 3392">
     <span class='ocr_line' id='line_1_38' title="bbox 606 3295 2247 3392; baseline -0.015 -19"><span class='ocrx_word' id='word_1_250' title='bbox 606 3295 972 3392; x_wconf 77' lang='lat' dir='ltr'>prOposilum</span> <span class='ocrx_word' id='word_1_251' title='bbox 1000 3313 1090 3367; x_wconf 91' lang='lat' dir='ltr'>est</span> <span class='ocrx_word' id='word_1_252' title='bbox 1111 3302 1283 3364; x_wconf 91' lang='lat' dir='ltr'>nobis</span> <span class='ocrx_word' id='word_1_253' title='bbox 1309 3301 1532 3370; x_wconf 88' lang='lat' dir='ltr'>dicere,</span> <span class='ocrx_word' id='word_1_254' title='bbox 1561 3317 1596 3357; x_wconf 92' lang='grc' dir='ltr'>ο</span> <span class='ocrx_word' id='word_1_255' title='bbox 1628 3295 1890 3357; x_wconf 87' lang='lat' dir='ltr'>divinum</span> <span class='ocrx_word' id='word_1_256' title='bbox 1924 3301 1984 3354; x_wconf 92' lang='lat' dir='ltr'>et</span> <span class='ocrx_word' id='word_1_257' title='bbox 2014 3307 2247 3352; x_wconf 91' lang='lat' dir='ltr'>sacrum</span> 
     </span>
    </p>
   </div>
   <div class='ocr_carea' id='block_1_38' title="bbox 602 3379 2250 3480">
    <p class='ocr_par' dir='ltr' id='par_1_38' title="bbox 602 3379 2250 3480">
     <span class='ocr_line' id='line_1_39' title="bbox 602 3379 2250 3480; baseline -0.015 -18"><span class='ocrx_word' id='word_1_258' title='bbox 602 3379 814 3480; x_wconf 73' lang='lat' dir='ltr'>caput?</span> <span class='ocrx_word' id='word_1_259' title='bbox 861 3394 1006 3457; x_wconf 87' lang='lat' dir='ltr'>Nam</span> <span class='ocrx_word' id='word_1_260' title='bbox 1035 3390 1438 3454; x_wconf 86' lang='lat' dir='ltr'>ecclesiastiea</span> <span class='ocrx_word' id='word_1_261' title='bbox 1471 3386 1696 3448; x_wconf 89' lang='lat' dir='ltr'>unione</span> <span class='ocrx_word' id='word_1_262' title='bbox 1719 3382 1980 3444; x_wconf 84' lang='lat' dir='ltr'>feliciter</span> <span class='ocrx_word' id='word_1_263' title='bbox 2010 3379 2250 3458; x_wconf 89' lang='lat' dir='ltr'>incepta</span> 
     </span>
    </p>
   </div>
   <div class='ocr_carea' id='block_1_39' title="bbox 607 3464 2246 3566">
    <p class='ocr_par' dir='ltr' id='par_1_39' title="bbox 607 3464 2246 3566">
     <span class='ocr_line' id='line_1_40' title="bbox 607 3464 2246 3566; baseline -0.016 -16"><span class='ocrx_word' id='word_1_264' title='bbox 607 3464 878 3566; x_wconf 77' lang='lat' dir='ltr'>tempore</span> <span class='ocrx_word' id='word_1_265' title='bbox 907 3481 1096 3546; x_wconf 88' lang='lat' dir='ltr'>felicis</span> <span class='ocrx_word' id='word_1_266' title='bbox 1127 3477 1428 3540; x_wconf 75' lang='lat' dir='ltr'>memoriae</span> <span class='ocrx_word' id='word_1_267' title='bbox 1459 3471 1784 3536; x_wconf 71' lang='lat' dir='ltr'>beatissimi</span> <span class='ocrx_word' id='word_1_268' title='bbox 1818 3469 1979 3530; x_wconf 91' lang='lat' dir='ltr'>illius</span> <span class='ocrx_word' id='word_1_269' title='bbox 2010 3466 2122 3527; x_wconf 90' lang='lat' dir='ltr'>viri</span> <span class='ocrx_word' id='word_1_270' title='bbox 2171 3464 2246 3546; x_wconf 86' lang='lat' dir='ltr'>(si</span> 
     </span>
    </p>
   </div>
   <div class='ocr_carea' id='block_1_40' title="bbox 605 3555 2241 3644">
    <p class='ocr_par' dir='ltr' id='par_1_40' title="bbox 605 3555 2241 3644">
     <span class='ocr_line' id='line_1_41' title="bbox 605 3555 2241 3644; baseline -0.015 -6"><span class='ocrx_word' id='word_1_271' title='bbox 605 3555 803 3639; x_wconf 76' lang='lat' dir='ltr'>tamen</span> <span class='ocrx_word' id='word_1_272' title='bbox 824 3574 1037 3643; x_wconf 85' lang='lat' dir='ltr'>virum,</span> <span class='ocrx_word' id='word_1_273' title='bbox 1070 3576 1129 3630; x_wconf 91' lang='lat' dir='ltr'>et</span> <span class='ocrx_word' id='word_1_274' title='bbox 1158 3586 1276 3628; x_wconf 93' lang='lat' dir='ltr'>non</span> <span class='ocrx_word' id='word_1_275' title='bbox 1304 3565 1606 3644; x_wconf 85' lang='lat' dir='ltr'>angelum,</span> <span class='ocrx_word' id='word_1_276' title='bbox 1637 3560 1834 3622; x_wconf 90' lang='lat' dir='ltr'>vocari</span> <span class='ocrx_word' id='word_1_277' title='bbox 1890 3563 2122 3638; x_wconf 88' lang='lat' dir='ltr'>oportet</span> <span class='ocrx_word' id='word_1_278' title='bbox 2152 3555 2241 3614; x_wconf 91' lang='lat' dir='ltr'>fe-</span> 
     </span>
    </p>
   </div>
   <div class='ocr_carea' id='block_1_41' title="bbox 610 3643 2246 3734">
    <p class='ocr_par' dir='ltr' id='par_1_41' title="bbox 610 3643 2246 3734">
     <span class='ocr_line' id='line_1_42' title="bbox 610 3643 2246 3734; baseline -0.015 -7"><span class='ocrx_word' id='word_1_279' title='bbox 610 3666 782 3727; x_wconf 90' lang='lat' dir='ltr'>licem</span> <span class='ocrx_word' id='word_1_280' title='bbox 815 3662 1004 3734; x_wconf 80' lang='lat' dir='ltr'>iltum,</span> <span class='ocrx_word' id='word_1_281' title='bbox 1039 3643 1477 3720; x_wconf 78' lang='lat' dir='ltr'>sanctissimum</span> <span class='ocrx_word' id='word_1_282' title='bbox 1509 3669 1715 3732; x_wconf 88' lang='lat' dir='ltr'>papam</span> <span class='ocrx_word' id='word_1_283' title='bbox 1764 3645 2062 3709; x_wconf 90' lang='lat' dir='ltr'>decimum</span> <span class='ocrx_word' id='word_1_284' title='bbox 2093 3643 2246 3705; x_wconf 88' lang='lat' dir='ltr'>dici-</span> 
     </span>
    </p>
   </div>
   <div class='ocr_carea' id='block_1_42' title="bbox 613 3737 2248 3830">
    <p class='ocr_par' dir='ltr' id='par_1_42' title="bbox 613 3737 2248 3830">
     <span class='ocr_line' id='line_1_43' title="bbox 613 3737 2248 3830; baseline -0.014 -12"><span class='ocrx_word' id='word_1_285' title='bbox 613 3773 744 3817; x_wconf 90' lang='lat' dir='ltr'>mus</span> <span class='ocrx_word' id='word_1_286' title='bbox 772 3747 1252 3830; x_wconf 74' lang='lat' dir='ltr'>Gregorium),ad</span> <span class='ocrx_word' id='word_1_287' title='bbox 1275 3743 1686 3824; x_wconf 84' lang='lat' dir='ltr'>gloriosiorem</span> <span class='ocrx_word' id='word_1_288' title='bbox 1711 3741 1890 3800; x_wconf 87' lang='lat' dir='ltr'>ﬁnem</span> <span class='ocrx_word' id='word_1_289' title='bbox 1929 3737 2039 3817; x_wconf 87' lang='lat' dir='ltr'>(l),</span> <span class='ocrx_word' id='word_1_290' title='bbox 2073 3753 2248 3815; x_wconf 89' lang='lat' dir='ltr'>quam</span> 
     </span>
    </p>
   </div>
   <div class='ocr_carea' id='block_1_43' title="bbox 615 3826 2253 3923">
    <p class='ocr_par' dir='ltr' id='par_1_43' title="bbox 615 3826 2253 3923">
     <span class='ocr_line' id='line_1_44' title="bbox 615 3826 2253 3923; baseline -0.014 -17"><span class='ocrx_word' id='word_1_291' title='bbox 615 3843 685 3905; x_wconf 88' lang='lat' dir='ltr'>ad</span> <span class='ocrx_word' id='word_1_292' title='bbox 710 3826 1198 3923; x_wconf 32' lang='lat' dir='ltr'>ipsamvvidelicet</span> <span class='ocrx_word' id='word_1_293' title='bbox 1223 3833 1504 3895; x_wconf 90' lang='lat' dir='ltr'>unionem</span> <span class='ocrx_word' id='word_1_294' title='bbox 1521 3847 1787 3892; x_wconf 92' lang='lat' dir='ltr'>summus</span> <span class='ocrx_word' id='word_1_295' title='bbox 1808 3826 2094 3888; x_wconf 90' lang='lat' dir='ltr'>Dominus</span> <span class='ocrx_word' id='word_1_296' title='bbox 2117 3842 2253 3885; x_wconf 85' lang='lat' dir='ltr'>con-</span> 
     </span>
    </p>
   </div>
   <div class='ocr_carea' id='block_1_44' title="bbox 618 3916 2252 4000">
    <p class='ocr_par' dir='ltr' id='par_1_44' title="bbox 618 3916 2252 4000">
     <span class='ocr_line' id='line_1_45' title="bbox 618 3916 2252 4000; baseline -0.012 -6"><span class='ocrx_word' id='word_1_297' title='bbox 618 3916 932 3995; x_wconf 78' lang='lat' dir='ltr'>suinmavit</span> <span class='ocrx_word' id='word_1_298' title='bbox 961 3928 1021 3988; x_wconf 90' lang='lat' dir='ltr'>in</span> <span class='ocrx_word' id='word_1_299' title='bbox 1052 3923 1290 3996; x_wconf 86' lang='lat' dir='ltr'>diebus,</span> <span class='ocrx_word' id='word_1_300' title='bbox 1320 3922 1380 3982; x_wconf 90' lang='lat' dir='ltr'>in</span> <span class='ocrx_word' id='word_1_301' title='bbox 1412 3919 1628 4000; x_wconf 90' lang='lat' dir='ltr'>quibus</span> <span class='ocrx_word' id='word_1_302' title='bbox 1656 3917 1726 3978; x_wconf 91' lang='lat' dir='ltr'>ad</span> <span class='ocrx_word' id='word_1_303' title='bbox 1761 3916 2037 3977; x_wconf 83' lang='lat' dir='ltr'>decorem</span> <span class='ocrx_word' id='word_1_304' title='bbox 2072 3930 2252 3992; x_wconf 89' lang='lat' dir='ltr'>apos-</span> 
     </span>
    </p>
   </div>
   <div class='ocr_carea' id='block_1_45' title="bbox 618 4001 2255 4095">
    <p class='ocr_par' dir='ltr' id='par_1_45' title="bbox 618 4001 2255 4095">
     <span class='ocr_line' id='line_1_46' title="bbox 618 4001 2255 4095; baseline -0.013 -13"><span class='ocrx_word' id='word_1_305' title='bbox 618 4020 811 4082; x_wconf 55' lang='lat' dir='ltr'>tolica</span> <span class='ocrx_word' id='word_1_306' title='bbox 839 4015 1088 4095; x_wconf 86' lang='lat' dir='ltr'>sedis,et</span> <span class='ocrx_word' id='word_1_307' title='bbox 1112 4008 1606 4073; x_wconf 89' lang='lat' dir='ltr'>illuminationem</span> <span class='ocrx_word' id='word_1_308' title='bbox 1641 4003 2013 4087; x_wconf 89' lang='lat' dir='ltr'>perspicuam</span> <span class='ocrx_word' id='word_1_309' title='bbox 2048 4001 2255 4062; x_wconf 90' lang='lat' dir='ltr'>ﬁrma-</span> 
     </span>
    </p>
   </div>
   <div class='ocr_carea' id='block_1_46' title="bbox 621 4090 2261 4173">
    <p class='ocr_par' dir='ltr' id='par_1_46' title="bbox 621 4090 2261 4173">
     <span class='ocr_line' id='line_1_47' title="bbox 621 4090 2261 4173; baseline -0.013 -1"><span class='ocrx_word' id='word_1_310' title='bbox 621 4108 802 4172; x_wconf 90' lang='lat' dir='ltr'>menti</span> <span class='ocrx_word' id='word_1_311' title='bbox 831 4090 1179 4168; x_wconf 83' lang='lat' dir='ltr'>universalis</span> <span class='ocrx_word' id='word_1_312' title='bbox 1213 4097 1512 4173; x_wconf 69' lang='lat' dir='ltr'>Ecclesiaa,</span> <span class='ocrx_word' id='word_1_313' title='bbox 1571 4115 1701 4168; x_wconf 92' lang='lat' dir='ltr'>vos,</span> <span class='ocrx_word' id='word_1_314' title='bbox 1761 4093 2002 4154; x_wconf 85' lang='lat' dir='ltr'>nomine</span> <span class='ocrx_word' id='word_1_315' title='bbox 2052 4090 2261 4170; x_wconf 68' lang='lat' dir='ltr'>gratiae</span> 
     </span>
    </p>
   </div>
   <div class='ocr_carea' id='block_1_47' title="bbox 621 4177 2261 4272">
    <p class='ocr_par' dir='ltr' id='par_1_47' title="bbox 621 4177 2261 4272">
     <span class='ocr_line' id='line_1_48' title="bbox 621 4177 2261 4272; baseline -0.015 -12"><span class='ocrx_word' id='word_1_316' title='bbox 621 4197 990 4262; x_wconf 88' lang='lat' dir='ltr'>nominatum</span> <span class='ocrx_word' id='word_1_317' title='bbox 1026 4190 1138 4272; x_wconf 64' lang='grc' dir='ltr'>(ἓ),</span> <span class='ocrx_word' id='word_1_318' title='bbox 1190 4188 1349 4250; x_wconf 91' lang='lat' dir='ltr'>Deus</span> <span class='ocrx_word' id='word_1_319' title='bbox 1398 4184 1672 4265; x_wconf 89' lang='lat' dir='ltr'>eligendo</span> <span class='ocrx_word' id='word_1_320' title='bbox 1720 4180 2044 4272; x_wconf 76' lang='lat' dir='ltr'>constituit.</span> <span class='ocrx_word' id='word_1_321' title='bbox 2095 4177 2261 4272; x_wconf 78' lang='lat' dir='ltr'>Quod</span> 
     </span>
    </p>
   </div>
   <div class='ocr_carea' id='block_1_48' title="bbox 622 4267 2266 4370">
    <p class='ocr_par' dir='ltr' id='par_1_48' title="bbox 622 4267 2266 4370">
     <span class='ocr_line' id='line_1_49' title="bbox 622 4267 2266 4370; baseline -0.014 -21"><span class='ocrx_word' id='word_1_322' title='bbox 622 4286 861 4370; x_wconf 89' lang='lat' dir='ltr'>quidem</span> <span class='ocrx_word' id='word_1_323' title='bbox 891 4267 1229 4363; x_wconf 60' lang='lat' dir='ltr'>apostolicae</span> <span class='ocrx_word' id='word_1_324' title='bbox 1252 4276 1411 4338; x_wconf 90' lang='lat' dir='ltr'>sedis</span> <span class='ocrx_word' id='word_1_325' title='bbox 1431 4274 1620 4336; x_wconf 88' lang='lat' dir='ltr'>nuntii</span> <span class='ocrx_word' id='word_1_326' title='bbox 1638 4267 2266 4347; x_wconf 83' lang='lat' dir='ltr'>reverendissimi,sci-</span> 
     </span>
    </p>
   </div>
   <div class='ocr_carea' id='block_1_49' title="bbox 2330 3095 3976 3180">
    <p class='ocr_par' dir='ltr' id='par_1_49' title="bbox 2330 3095 3976 3180">
     <span class='ocr_line' id='line_1_50' title="bbox 2330 3095 3976 3180; baseline -0.007 -14"><span class='ocrx_word' id='word_1_327' title='bbox 2330 3095 2506 3168; x_wconf 77' lang='lat' dir='ltr'>ventu</span> <span class='ocrx_word' id='word_1_328' title='bbox 2539 3105 2791 3166; x_wconf 79' lang='lat' dir='ltr'>ﬁrmavit</span> <span class='ocrx_word' id='word_1_329' title='bbox 2821 3114 2880 3166; x_wconf 90' lang='lat' dir='ltr'>et</span> <span class='ocrx_word' id='word_1_330' title='bbox 2925 3105 3225 3167; x_wconf 87' lang='lat' dir='ltr'>roboravit</span> <span class='ocrx_word' id='word_1_331' title='bbox 3275 3095 3821 3180; x_wconf 88' lang='lat' dir='ltr'>subscriptionibus</span> <span class='ocrx_word' id='word_1_332' title='bbox 3853 3113 3976 3156; x_wconf 82' lang='lat' dir='ltr'>ma-</span> 
     </span>
    </p>
   </div>
   <div class='ocr_carea' id='block_1_50' title="bbox 2331 3191 3974 3294">
    <p class='ocr_par' dir='ltr' id='par_1_50' title="bbox 2331 3191 3974 3294">
     <span class='ocr_line' id='line_1_51' title="bbox 2331 3191 3974 3294; baseline -0.005 -38"><span class='ocrx_word' id='word_1_333' title='bbox 2331 3194 2633 3294; x_wconf 78' lang='lat' dir='ltr'>nualibus,</span> <span class='ocrx_word' id='word_1_334' title='bbox 2667 3213 2796 3274; x_wconf 68' lang='lat' dir='ltr'>qua:</span> <span class='ocrx_word' id='word_1_335' title='bbox 2829 3194 2983 3276; x_wconf 90' lang='lat' dir='ltr'>apud</span> <span class='ocrx_word' id='word_1_336' title='bbox 3040 3213 3146 3256; x_wconf 93' lang='lat' dir='ltr'>nos</span> <span class='ocrx_word' id='word_1_337' title='bbox 3194 3194 3453 3274; x_wconf 86' lang='lat' dir='ltr'>vigorem</span> <span class='ocrx_word' id='word_1_338' title='bbox 3508 3191 3974 3272; x_wconf 80' lang='lat' dir='ltr'>obtinentjura-</span> 
     </span>
    </p>
   </div>
   <div class='ocr_carea' id='block_1_51' title="bbox 2331 3293 2541 3345">
    <p class='ocr_par' dir='ltr' id='par_1_51' title="bbox 2331 3293 2541 3345">
     <span class='ocr_line' id='line_1_52' title="bbox 2331 3293 2541 3345; baseline -0.014 0"><span class='ocrx_word' id='word_1_339' title='bbox 2331 3293 2541 3345; x_wconf 83' lang='lat' dir='ltr'>menti.</span> 
     </span>
    </p>
   </div>
   <div class='ocr_carea' id='block_1_52' title="bbox 2409 3371 3977 3455">
    <p class='ocr_par' dir='ltr' id='par_1_52' title="bbox 2409 3371 3977 3455">
     <span class='ocr_line' id='line_1_53' title="bbox 2409 3371 3977 3455; baseline -0.006 -19"><span class='ocrx_word' id='word_1_340' title='bbox 2409 3371 2598 3436; x_wconf 86' lang='lat' dir='ltr'>Habet</span> <span class='ocrx_word' id='word_1_341' title='bbox 2628 3377 2874 3455; x_wconf 91' lang='lat' dir='ltr'>insuper</span> <span class='ocrx_word' id='word_1_342' title='bbox 2899 3393 3147 3436; x_wconf 89' lang='lat' dir='ltr'>noscere</span> <span class='ocrx_word' id='word_1_343' title='bbox 3179 3382 3238 3436; x_wconf 85' lang='lat' dir='ltr'>et</span> <span class='ocrx_word' id='word_1_344' title='bbox 3265 3373 3337 3435; x_wconf 89' lang='lat' dir='ltr'>ab</span> <span class='ocrx_word' id='word_1_345' title='bbox 3370 3373 3605 3454; x_wconf 73' lang='lat' dir='ltr'>iis,quae</span> <span class='ocrx_word' id='word_1_346' title='bbox 3632 3373 3692 3433; x_wconf 90' lang='lat' dir='ltr'>in</span> <span class='ocrx_word' id='word_1_347' title='bbox 3717 3385 3977 3452; x_wconf 70' lang='lat' dir='ltr'>praesen-</span> 
     </span>
    </p>
   </div>
   <div class='ocr_carea' id='block_1_53' title="bbox 2329 3459 3978 3548">
    <p class='ocr_par' dir='ltr' id='par_1_53' title="bbox 2329 3459 3978 3548">
     <span class='ocr_line' id='line_1_54' title="bbox 2329 3459 3978 3548; baseline -0.005 -24"><span class='ocrx_word' id='word_1_348' title='bbox 2329 3467 2550 3548; x_wconf 89' lang='lat' dir='ltr'>scripto</span> <span class='ocrx_word' id='word_1_349' title='bbox 2572 3465 2889 3547; x_wconf 84' lang='lat' dir='ltr'>specialius</span> <span class='ocrx_word' id='word_1_350' title='bbox 2913 3483 3020 3525; x_wconf 92' lang='lat' dir='ltr'>nos</span> <span class='ocrx_word' id='word_1_351' title='bbox 3041 3465 3310 3526; x_wconf 90' lang='lat' dir='ltr'>dicemus</span> <span class='ocrx_word' id='word_1_352' title='bbox 3330 3459 3978 3542; x_wconf 71' lang='lat' dir='ltr'>omnimodepraaben-</span> 
     </span>
    </p>
   </div>
   <div class='ocr_carea' id='block_1_54' title="bbox 2331 3551 3978 3636">
    <p class='ocr_par' dir='ltr' id='par_1_54' title="bbox 2331 3551 3978 3636">
     <span class='ocr_line' id='line_1_55' title="bbox 2331 3551 3978 3636; baseline -0.005 -23"><span class='ocrx_word' id='word_1_353' title='bbox 2331 3560 2418 3616; x_wconf 90' lang='lat' dir='ltr'>tes</span> <span class='ocrx_word' id='word_1_354' title='bbox 2438 3568 2640 3617; x_wconf 65' lang='lat' dir='ltr'>vestra:</span> <span class='ocrx_word' id='word_1_355' title='bbox 2672 3555 3005 3636; x_wconf 69' lang='lat' dir='ltr'>apostolicae</span> <span class='ocrx_word' id='word_1_356' title='bbox 3022 3553 3313 3614; x_wconf 90' lang='lat' dir='ltr'>sanctitati</span> <span class='ocrx_word' id='word_1_357' title='bbox 3333 3551 3752 3613; x_wconf 89' lang='lat' dir='ltr'>certitudinem</span> <span class='ocrx_word' id='word_1_358' title='bbox 3772 3559 3978 3610; x_wconf 67' lang='lat' dir='ltr'>nostrae</span> 
     </span>
    </p>
   </div>
   <div class='ocr_carea' id='block_1_55' title="bbox 2331 3638 3976 3727">
    <p class='ocr_par' dir='ltr' id='par_1_55' title="bbox 2331 3638 3976 3727">
     <span class='ocr_line' id='line_1_56' title="bbox 2331 3638 3976 3727; baseline -0.007 -21"><span class='ocrx_word' id='word_1_359' title='bbox 2331 3645 2404 3706; x_wconf 89' lang='lat' dir='ltr'>ad</span> <span class='ocrx_word' id='word_1_360' title='bbox 2435 3647 2820 3727; x_wconf 81' lang='lat' dir='ltr'>apostolicam</span> <span class='ocrx_word' id='word_1_361' title='bbox 2856 3643 3060 3704; x_wconf 87' lang='lat' dir='ltr'>sedem</span> <span class='ocrx_word' id='word_1_362' title='bbox 3092 3638 3976 3722; x_wconf 64' lang='lat' dir='ltr'>puraa,perfectmqueobedien-</span> 
     </span>
    </p>
   </div>
   <div class='ocr_carea' id='block_1_56' title="bbox 2336 3723 3981 3812">
    <p class='ocr_par' dir='ltr' id='par_1_56' title="bbox 2336 3723 3981 3812">
     <span class='ocr_line' id='line_1_57' title="bbox 2336 3723 3981 3812; baseline -0.009 -18"><span class='ocrx_word' id='word_1_363' title='bbox 2336 3723 2768 3797; x_wconf 40' lang='lat' dir='ltr'>tite-Dicimus</span> <span class='ocrx_word' id='word_1_364' title='bbox 2822 3733 3008 3812; x_wconf 89' lang='lat' dir='ltr'>enim,</span> <span class='ocrx_word' id='word_1_365' title='bbox 3062 3731 3170 3792; x_wconf 90' lang='lat' dir='ltr'>sub</span> <span class='ocrx_word' id='word_1_366' title='bbox 3229 3730 3479 3793; x_wconf 89' lang='lat' dir='ltr'>testibus</span> <span class='ocrx_word' id='word_1_367' title='bbox 3522 3729 3642 3791; x_wconf 92' lang='lat' dir='ltr'>Deo</span> <span class='ocrx_word' id='word_1_368' title='bbox 3675 3738 3730 3790; x_wconf 91' lang='lat' dir='ltr'>et</span> <span class='ocrx_word' id='word_1_369' title='bbox 3761 3723 3981 3804; x_wconf 88' lang='lat' dir='ltr'>angclis</span> 
     </span>
    </p>
   </div>
   <div class='ocr_carea' id='block_1_57' title="bbox 2337 3812 3978 3903">
    <p class='ocr_par' dir='ltr' id='par_1_57' title="bbox 2337 3812 3978 3903">
     <span class='ocr_line' id='line_1_58' title="bbox 2337 3812 3978 3903; baseline -0.006 -21"><span class='ocrx_word' id='word_1_370' title='bbox 2337 3825 2518 3886; x_wconf 91' lang='lat' dir='ltr'>verba</span> <span class='ocrx_word' id='word_1_371' title='bbox 2551 3823 3022 3903; x_wconf 86' lang='lat' dir='ltr'>facientes,quod</span> <span class='ocrx_word' id='word_1_372' title='bbox 3043 3839 3221 3882; x_wconf 91' lang='lat' dir='ltr'>omne</span> <span class='ocrx_word' id='word_1_373' title='bbox 3236 3821 3496 3882; x_wconf 87' lang='lat' dir='ltr'>schisma</span> <span class='ocrx_word' id='word_1_374' title='bbox 3518 3819 3672 3880; x_wconf 87' lang='lat' dir='ltr'>inter</span> <span class='ocrx_word' id='word_1_375' title='bbox 3687 3812 3978 3879; x_wconf 84' lang='lat' dir='ltr'>Ecclesias</span> 
     </span>
    </p>
   </div>
   <div class='ocr_carea' id='block_1_58' title="bbox 2341 3902 3979 3987">
    <p class='ocr_par' dir='ltr' id='par_1_58' title="bbox 2341 3902 3979 3987">
     <span class='ocr_line' id='line_1_59' title="bbox 2341 3902 3979 3987; baseline -0.012 -12"><span class='ocrx_word' id='word_1_376' title='bbox 2341 3913 2470 3987; x_wconf 89' lang='lat' dir='ltr'>Dei,</span> <span class='ocrx_word' id='word_1_377' title='bbox 2498 3913 2714 3974; x_wconf 87' lang='lat' dir='ltr'>veteris</span> <span class='ocrx_word' id='word_1_378' title='bbox 2745 3902 3206 3986; x_wconf 66' lang='lat' dir='ltr'>Romaescilicet</span> <span class='ocrx_word' id='word_1_379' title='bbox 3238 3920 3295 3970; x_wconf 92' lang='lat' dir='ltr'>et</span> <span class='ocrx_word' id='word_1_380' title='bbox 3331 3928 3493 3970; x_wconf 62' lang='lat' dir='ltr'>novae</span> <span class='ocrx_word' id='word_1_381' title='bbox 3545 3915 3785 3978; x_wconf 78' lang='lat' dir='ltr'>nostrae,</span> <span class='ocrx_word' id='word_1_382' title='bbox 3835 3902 3979 3964; x_wconf 85' lang='lat' dir='ltr'>ma!e</span> 
     </span>
    </p>
   </div>
   <div class='ocr_carea' id='block_1_59' title="bbox 2343 3988 3977 4077">
    <p class='ocr_par' dir='ltr' id='par_1_59' title="bbox 2343 3988 3977 4077">
     <span class='ocr_line' id='line_1_60' title="bbox 2343 3988 3977 4077; baseline -0.009 -13"><span class='ocrx_word' id='word_1_383' title='bbox 2343 4004 2740 4064; x_wconf 89' lang='lat' dir='ltr'>introductum</span> <span class='ocrx_word' id='word_1_384' title='bbox 2776 4002 2837 4062; x_wconf 87' lang='lat' dir='ltr'>in</span> <span class='ocrx_word' id='word_1_385' title='bbox 2874 4000 3179 4062; x_wconf 72' lang='lat' dir='ltr'>laesionem</span> <span class='ocrx_word' id='word_1_386' title='bbox 3209 3998 3688 4069; x_wconf 87' lang='lat' dir='ltr'>Christianitatis,</span> <span class='ocrx_word' id='word_1_387' title='bbox 3719 3988 3977 4077; x_wconf 86' lang='lat' dir='ltr'>asperni-</span> 
     </span>
    </p>
   </div>
   <div class='ocr_carea' id='block_1_60' title="bbox 2345 4087 3977 4172">
    <p class='ocr_par' dir='ltr' id='par_1_60' title="bbox 2345 4087 3977 4172">
     <span class='ocr_line' id='line_1_61' title="bbox 2345 4087 3977 4172; baseline -0.009 -19"><span class='ocrx_word' id='word_1_388' title='bbox 2345 4111 2472 4153; x_wconf 90' lang='lat' dir='ltr'>mus</span> <span class='ocrx_word' id='word_1_389' title='bbox 2504 4100 2561 4153; x_wconf 92' lang='lat' dir='ltr'>et</span> <span class='ocrx_word' id='word_1_390' title='bbox 2589 4091 2930 4172; x_wconf 83' lang='lat' dir='ltr'>abjicimus;</span> <span class='ocrx_word' id='word_1_391' title='bbox 2961 4097 3018 4150; x_wconf 91' lang='lat' dir='ltr'>et</span> <span class='ocrx_word' id='word_1_392' title='bbox 3051 4087 3416 4169; x_wconf 63' lang='lat' dir='ltr'>praecordiali</span> <span class='ocrx_word' id='word_1_393' title='bbox 3445 4087 3750 4166; x_wconf 79' lang='lat' dir='ltr'>alfcclu,et</span> <span class='ocrx_word' id='word_1_394' title='bbox 3776 4103 3846 4144; x_wconf 80' lang='lat' dir='ltr'>ex</span> <span class='ocrx_word' id='word_1_395' title='bbox 3871 4087 3977 4143; x_wconf 87' lang='lat' dir='ltr'>tota</span> 
     </span>
    </p>
   </div>
   <div class='ocr_carea' id='block_1_61' title="bbox 2345 4173 3977 4260">
    <p class='ocr_par' dir='ltr' id='par_1_61' title="bbox 2345 4173 3977 4260">
     <span class='ocr_line' id='line_1_62' title="bbox 2345 4173 3977 4260; baseline -0.009 -17"><span class='ocrx_word' id='word_1_396' title='bbox 2345 4182 2542 4243; x_wconf 88' lang='lat' dir='ltr'>anima</span> <span class='ocrx_word' id='word_1_397' title='bbox 2595 4183 2759 4260; x_wconf 87' lang='lat' dir='ltr'>prius</span> <span class='ocrx_word' id='word_1_398' title='bbox 2806 4180 2999 4260; x_wconf 91' lang='lat' dir='ltr'>ipsum</span> <span class='ocrx_word' id='word_1_399' title='bbox 3049 4181 3438 4258; x_wconf 82' lang='lat' dir='ltr'>deponentes,</span> <span class='ocrx_word' id='word_1_400' title='bbox 3475 4194 3580 4255; x_wconf 90' lang='lat' dir='ltr'>per</span> <span class='ocrx_word' id='word_1_401' title='bbox 3611 4174 3891 4253; x_wconf 86' lang='lat' dir='ltr'>linguam,</span> <span class='ocrx_word' id='word_1_402' title='bbox 3924 4173 3977 4227; x_wconf 81' lang='lat' dir='ltr'>et</span> 
     </span>
    </p>
   </div>
   <div class='ocr_carea' id='block_1_62' title="bbox 2348 4255 3975 4350">
    <p class='ocr_par' dir='ltr' id='par_1_62' title="bbox 2348 4255 3975 4350">
     <span class='ocr_line' id='line_1_63' title="bbox 2348 4255 3975 4350; baseline -0.012 -17"><span class='ocrx_word' id='word_1_403' title='bbox 2348 4271 2524 4343; x_wconf 87' lang='lat' dir='ltr'>labia,</span> <span class='ocrx_word' id='word_1_404' title='bbox 2558 4280 2614 4331; x_wconf 88' lang='lat' dir='ltr'>et</span> <span class='ocrx_word' id='word_1_405' title='bbox 2647 4255 2996 4350; x_wconf 81' lang='lat' dir='ltr'>prolativum</span> <span class='ocrx_word' id='word_1_406' title='bbox 3026 4255 3289 4328; x_wconf 42' lang='lat' dir='ltr'>nos—trum</span> <span class='ocrx_word' id='word_1_407' title='bbox 3314 4283 3676 4336; x_wconf 85' lang='lat' dir='ltr'>sermonem,</span> <span class='ocrx_word' id='word_1_408' title='bbox 3711 4263 3884 4323; x_wconf 90' lang='lat' dir='ltr'>etiam</span> <span class='ocrx_word' id='word_1_409' title='bbox 3921 4255 3975 4315; x_wconf 90' lang='lat' dir='ltr'>in</span> 
     </span>
    </p>
   </div>
   <div class='ocr_carea' id='block_1_63' title="bbox 622 4349 3972 4446">
    <p class='ocr_par' dir='ltr' id='par_1_63' title="bbox 622 4349 3972 4446">
     <span class='ocr_line' id='line_1_64' title="bbox 622 4349 3972 4446; baseline -0.01 -6"><span class='ocrx_word' id='word_1_410' title='bbox 622 4378 761 4440; x_wconf 83' lang='lat' dir='ltr'>licet</span> <span class='ocrx_word' id='word_1_411' title='bbox 791 4375 1004 4436; x_wconf 88' lang='lat' dir='ltr'>fratres</span> <span class='ocrx_word' id='word_1_412' title='bbox 1029 4367 1221 4432; x_wconf 88' lang='lat' dir='ltr'>nostri</span> <span class='ocrx_word' id='word_1_413' title='bbox 1253 4375 1311 4430; x_wconf 88' lang='lat' dir='ltr'>et</span> <span class='ocrx_word' id='word_1_414' title='bbox 1339 4364 1676 4446; x_wconf 89' lang='lat' dir='ltr'>coepiscopi</span> <span class='ocrx_word' id='word_1_415' title='bbox 1707 4359 1969 4423; x_wconf 84' lang='lat' dir='ltr'>Jacohus</span> <span class='ocrx_word' id='word_1_416' title='bbox 1999 4357 2262 4420; x_wconf 87' lang='lat' dir='ltr'>Ferenti-</span> <span class='ocrx_word' id='word_1_417' title='bbox 2283 4389 2322 4436; x_wconf 72' lang='grc' dir='ltr'><strong>ρ</strong></span> <span class='ocrx_word' id='word_1_418' title='bbox 2349 4361 2626 4442; x_wconf 64' lang='lat' dir='ltr'>praesenti</span> <span class='ocrx_word' id='word_1_419' title='bbox 2654 4349 2878 4441; x_wconf 9' lang='lat' dir='ltr'>rscripto</span> <span class='ocrx_word' id='word_1_420' title='bbox 2910 4357 3098 4438; x_wconf 91' lang='lat' dir='ltr'>ipsum</span> <span class='ocrx_word' id='word_1_421' title='bbox 3131 4356 3513 4434; x_wconf 85' lang='lat' dir='ltr'>abnegamns,</span> <span class='ocrx_word' id='word_1_422' title='bbox 3568 4361 3626 4414; x_wconf 86' lang='lat' dir='ltr'>et</span> <span class='ocrx_word' id='word_1_423' title='bbox 3668 4349 3972 4413; x_wconf 86' lang='lat' dir='ltr'>ecclesias-</span> 
     </span>
    </p>
   </div>
   <div class='ocr_carea' id='block_1_64' title="bbox 623 4448 2264 4533">
    <p class='ocr_par' dir='ltr' id='par_1_64' title="bbox 623 4448 2264 4533">
     <span class='ocr_line' id='line_1_65' title="bbox 623 4448 2264 4533; baseline -0.014 -5"><span class='ocrx_word' id='word_1_424' title='bbox 623 4484 733 4528; x_wconf 89' lang='lat' dir='ltr'>nus</span> <span class='ocrx_word' id='word_1_425' title='bbox 772 4473 831 4526; x_wconf 92' lang='lat' dir='ltr'>et</span> <span class='ocrx_word' id='word_1_426' title='bbox 856 4459 1175 4527; x_wconf 80' lang='lat' dir='ltr'>Gaufridus</span> <span class='ocrx_word' id='word_1_427' title='bbox 1205 4455 1612 4533; x_wconf 90' lang='lat' dir='ltr'>Taurinensis,</span> <span class='ocrx_word' id='word_1_428' title='bbox 1648 4459 1707 4513; x_wconf 90' lang='lat' dir='ltr'>et</span> <span class='ocrx_word' id='word_1_429' title='bbox 1761 4450 1837 4512; x_wconf 91' lang='lat' dir='ltr'>de</span> <span class='ocrx_word' id='word_1_430' title='bbox 1874 4448 1995 4509; x_wconf 90' lang='lat' dir='ltr'>Deo</span> <span class='ocrx_word' id='word_1_431' title='bbox 2020 4456 2264 4527; x_wconf 90' lang='lat' dir='ltr'>accepto</span> 
     </span>
    </p>
   </div>
   <div class='ocr_carea' id='block_1_65' title="bbox 626 4536 2265 4632">
    <p class='ocr_par' dir='ltr' id='par_1_65' title="bbox 626 4536 2265 4632">
     <span class='ocr_line' id='line_1_66' title="bbox 626 4536 2265 4632; baseline -0.013 -14"><span class='ocrx_word' id='word_1_432' title='bbox 626 4554 836 4617; x_wconf 90' lang='lat' dir='ltr'>ordine</span> <span class='ocrx_word' id='word_1_433' title='bbox 870 4549 1321 4632; x_wconf 66' lang='lat' dir='ltr'>praedicatorum</span> <span class='ocrx_word' id='word_1_434' title='bbox 1372 4539 1804 4622; x_wconf 87' lang='lat' dir='ltr'>religiosissimi</span> <span class='ocrx_word' id='word_1_435' title='bbox 1837 4536 2022 4598; x_wconf 91' lang='lat' dir='ltr'>nostri</span> <span class='ocrx_word' id='word_1_436' title='bbox 2053 4537 2265 4597; x_wconf 84' lang='lat' dir='ltr'>fratres</span> 
     </span>
    </p>
   </div>
   <div class='ocr_carea' id='block_1_66' title="bbox 626 4624 2264 4724">
    <p class='ocr_par' dir='ltr' id='par_1_66' title="bbox 626 4624 2264 4724">
     <span class='ocr_line' id='line_1_67' title="bbox 626 4624 2264 4724; baseline -0.014 -18"><span class='ocrx_word' id='word_1_437' title='bbox 626 4624 942 4724; x_wconf 75' lang='lat' dir='ltr'>Raynonus</span> <span class='ocrx_word' id='word_1_438' title='bbox 967 4639 1127 4719; x_wconf 91' lang='lat' dir='ltr'>prior</span> <span class='ocrx_word' id='word_1_439' title='bbox 1156 4632 1571 4724; x_wconf 83' lang='lat' dir='ltr'>Viterbiensis,</span> <span class='ocrx_word' id='word_1_440' title='bbox 1607 4637 1664 4724; x_wconf 78' lang='lat' dir='ltr'>et</span> <span class='ocrx_word' id='word_1_441' title='bbox 1695 4626 1903 4724; x_wconf 67' lang='lat' dir='ltr'>salvus</span> <span class='ocrx_word' id='word_1_442' title='bbox 1935 4624 2120 4686; x_wconf 91' lang='lat' dir='ltr'>lector</span> <span class='ocrx_word' id='word_1_443' title='bbox 2144 4625 2264 4686; x_wconf 84' lang='lat' dir='ltr'>Lu-</span> 
     </span>
    </p>
   </div>
   <div class='ocr_carea' id='block_1_67' title="bbox 624 4712 2263 4795">
    <p class='ocr_par' dir='ltr' id='par_1_67' title="bbox 624 4712 2263 4795">
     <span class='ocr_line' id='line_1_68' title="bbox 624 4712 2263 4795; baseline -0.015 0"><span class='ocrx_word' id='word_1_444' title='bbox 624 4712 810 4795; x_wconf 73' lang='lat' dir='ltr'>canus</span> <span class='ocrx_word' id='word_1_445' title='bbox 861 4712 1067 4790; x_wconf 61' lang='lat' dir='ltr'>vestra;</span> <span class='ocrx_word' id='word_1_446' title='bbox 1123 4721 1450 4786; x_wconf 88' lang='lat' dir='ltr'>sanctitatis</span> <span class='ocrx_word' id='word_1_447' title='bbox 1498 4716 1863 4781; x_wconf 86' lang='lat' dir='ltr'>orationibus</span> <span class='ocrx_word' id='word_1_448' title='bbox 1907 4712 2263 4794; x_wconf 89' lang='lat' dir='ltr'>prosperati,</span> 
     </span>
    </p>
   </div>
   <div class='ocr_carea' id='block_1_68' title="bbox 627 4803 2267 4902">
    <p class='ocr_par' dir='ltr' id='par_1_68' title="bbox 627 4803 2267 4902">
     <span class='ocr_line' id='line_1_69' title="bbox 627 4803 2267 4902; baseline -0.013 -18"><span class='ocrx_word' id='word_1_449' title='bbox 627 4825 1027 4902; x_wconf 90' lang='lat' dir='ltr'>pervenerunt</span> <span class='ocrx_word' id='word_1_450' title='bbox 1055 4814 1128 4876; x_wconf 91' lang='lat' dir='ltr'>ad</span> <span class='ocrx_word' id='word_1_451' title='bbox 1161 4818 1420 4886; x_wconf 88' lang='lat' dir='ltr'>sanctos,</span> <span class='ocrx_word' id='word_1_452' title='bbox 1450 4817 1510 4871; x_wconf 90' lang='lat' dir='ltr'>et</span> <span class='ocrx_word' id='word_1_453' title='bbox 1539 4803 1982 4888; x_wconf 91' lang='lat' dir='ltr'>potentissimos</span> <span class='ocrx_word' id='word_1_454' title='bbox 2032 4814 2267 4862; x_wconf 91' lang='lat' dir='ltr'>nostros</span> 
     </span>
    </p>
   </div>
   <div class='ocr_carea' id='block_1_69' title="bbox 631 4890 2265 4978">
    <p class='ocr_par' dir='ltr' id='par_1_69' title="bbox 631 4890 2265 4978">
     <span class='ocr_line' id='line_1_70' title="bbox 631 4890 2265 4978; baseline -0.015 -6"><span class='ocrx_word' id='word_1_455' title='bbox 631 4890 1065 4978; x_wconf 77' lang='lat' dir='ltr'>moderatores,</span> <span class='ocrx_word' id='word_1_456' title='bbox 1120 4910 1179 4963; x_wconf 91' lang='lat' dir='ltr'>et</span> <span class='ocrx_word' id='word_1_457' title='bbox 1222 4899 1296 4962; x_wconf 90' lang='lat' dir='ltr'>ad</span> <span class='ocrx_word' id='word_1_458' title='bbox 1349 4907 1609 4959; x_wconf 89' lang='lat' dir='ltr'>nostram</span> <span class='ocrx_word' id='word_1_459' title='bbox 1659 4893 2165 4964; x_wconf 89' lang='lat' dir='ltr'>bumilitalem,et</span> <span class='ocrx_word' id='word_1_460' title='bbox 2195 4890 2265 4950; x_wconf 91' lang='lat' dir='ltr'>ad</span> 
     </span>
    </p>
   </div>
   <div class='ocr_carea' id='block_1_70' title="bbox 627 4986 2268 5081">
    <p class='ocr_par' dir='ltr' id='par_1_70' title="bbox 627 4986 2268 5081">
     <span class='ocr_line' id='line_1_71' title="bbox 627 4986 2268 5081; baseline -0.014 -20"><span class='ocrx_word' id='word_1_461' title='bbox 627 5014 918 5081; x_wconf 68' lang='lat' dir='ltr'>eam,qua3</span> <span class='ocrx_word' id='word_1_462' title='bbox 946 4991 1106 5072; x_wconf 86' lang='lat' dir='ltr'>apud</span> <span class='ocrx_word' id='word_1_463' title='bbox 1138 5009 1245 5052; x_wconf 88' lang='lat' dir='ltr'>nos</span> <span class='ocrx_word' id='word_1_464' title='bbox 1274 4990 1517 5050; x_wconf 87' lang='lat' dir='ltr'>inventa</span> <span class='ocrx_word' id='word_1_465' title='bbox 1541 4994 1630 5047; x_wconf 88' lang='lat' dir='ltr'>est</span> <span class='ocrx_word' id='word_1_466' title='bbox 1659 4999 1887 5045; x_wconf 78' lang='lat' dir='ltr'>sacram</span> <span class='ocrx_word' id='word_1_467' title='bbox 1921 4988 1979 5040; x_wconf 89' lang='lat' dir='ltr'>et</span> <span class='ocrx_word' id='word_1_468' title='bbox 2006 4986 2268 5040; x_wconf 89' lang='lat' dir='ltr'>sanctam</span> 
     </span>
    </p>
   </div>
   <div class='ocr_carea' id='block_1_71' title="bbox 628 5066 2265 5169">
    <p class='ocr_par' dir='ltr' id='par_1_71' title="bbox 628 5066 2265 5169">
     <span class='ocr_line' id='line_1_72' title="bbox 628 5066 2265 5169; baseline -0.016 -18"><span class='ocrx_word' id='word_1_469' title='bbox 628 5066 915 5169; x_wconf 70' lang='lat' dir='ltr'>synodum</span> <span class='ocrx_word' id='word_1_470' title='bbox 937 5066 1208 5145; x_wconf 82' lang='lat' dir='ltr'>relictam</span> <span class='ocrx_word' id='word_1_471' title='bbox 1240 5078 1312 5139; x_wconf 89' lang='lat' dir='ltr'>ab</span> <span class='ocrx_word' id='word_1_472' title='bbox 1341 5075 1731 5137; x_wconf 83' lang='lat' dir='ltr'>universitate</span> <span class='ocrx_word' id='word_1_473' title='bbox 1765 5086 1988 5148; x_wconf 68' lang='lat' dir='ltr'>magnae</span> <span class='ocrx_word' id='word_1_474' title='bbox 2035 5066 2265 5148; x_wconf 84' lang='lat' dir='ltr'>synodi,</span> 
     </span>
    </p>
   </div>
   <div class='ocr_carea' id='block_1_72' title="bbox 627 5155 2271 5258">
    <p class='ocr_par' dir='ltr' id='par_1_72' title="bbox 627 5155 2271 5258">
     <span class='ocr_line' id='line_1_73' title="bbox 627 5155 2271 5258; baseline -0.015 -19"><span class='ocrx_word' id='word_1_475' title='bbox 627 5155 759 5258; x_wconf 55' lang='lat' dir='ltr'>q&#39;uae</span> <span class='ocrx_word' id='word_1_476' title='bbox 785 5175 938 5256; x_wconf 89' lang='lat' dir='ltr'>apud</span> <span class='ocrx_word' id='word_1_477' title='bbox 973 5189 1079 5232; x_wconf 89' lang='lat' dir='ltr'>nos</span> <span class='ocrx_word' id='word_1_478' title='bbox 1110 5167 1282 5258; x_wconf 85' lang='lat' dir='ltr'>paulo</span> <span class='ocrx_word' id='word_1_479' title='bbox 1313 5176 1447 5258; x_wconf 81' lang='lat' dir='ltr'>ante</span> <span class='ocrx_word' id='word_1_480' title='bbox 1479 5165 1668 5224; x_wconf 89' lang='lat' dir='ltr'>fuerat</span> <span class='ocrx_word' id='word_1_481' title='bbox 1715 5158 2012 5258; x_wconf 67' lang='lat' dir='ltr'>celebrata</span> <span class='ocrx_word' id='word_1_482' title='bbox 2045 5173 2060 5218; x_wconf 87' lang='lat'>:</span> <span class='ocrx_word' id='word_1_483' title='bbox 2097 5155 2271 5216; x_wconf 64' lang='lat' dir='ltr'>dictas</span> 
     </span>
    </p>
   </div>
   <div class='ocr_carea' id='block_1_73' title="bbox 629 5244 2267 5327">
    <p class='ocr_par' dir='ltr' id='par_1_73' title="bbox 629 5244 2267 5327">
     <span class='ocr_line' id='line_1_74' title="bbox 629 5244 2267 5327; baseline -0.015 1"><span class='ocrx_word' id='word_1_484' title='bbox 629 5244 1046 5327; x_wconf 66' lang='lat' dir='ltr'>ecclesiasticae</span> <span class='ocrx_word' id='word_1_485' title='bbox 1075 5244 1315 5320; x_wconf 72' lang='lat' dir='ltr'>unionis</span> <span class='ocrx_word' id='word_1_486' title='bbox 1343 5252 1665 5326; x_wconf 89' lang='lat' dir='ltr'>inchoatio,</span> <span class='ocrx_word' id='word_1_487' title='bbox 1691 5257 1934 5311; x_wconf 88' lang='lat' dir='ltr'>auctore</span> <span class='ocrx_word' id='word_1_488' title='bbox 1955 5244 2099 5318; x_wconf 91' lang='lat' dir='ltr'>Deo,</span> <span class='ocrx_word' id='word_1_489' title='bbox 2124 5245 2267 5304; x_wconf 88' lang='lat' dir='ltr'>abs-</span> 
     </span>
    </p>
   </div>
   <div class='ocr_carea' id='block_1_74' title="bbox 628 5342 2039 5434">
    <p class='ocr_par' dir='ltr' id='par_1_74' title="bbox 628 5342 2039 5434">
     <span class='ocr_line' id='line_1_75' title="bbox 628 5342 2039 5434; baseline -0.017 -17"><span class='ocrx_word' id='word_1_490' title='bbox 628 5373 743 5434; x_wconf 86' lang='lat' dir='ltr'>que</span> <span class='ocrx_word' id='word_1_491' title='bbox 775 5353 1006 5415; x_wconf 88' lang='lat' dir='ltr'>defectu</span> <span class='ocrx_word' id='word_1_492' title='bbox 1032 5349 1150 5410; x_wconf 83' lang='lat' dir='ltr'>line</span> <span class='ocrx_word' id='word_1_493' title='bbox 1182 5363 1463 5426; x_wconf 89' lang='lat' dir='ltr'>prospero</span> <span class='ocrx_word' id='word_1_494' title='bbox 1495 5345 1904 5404; x_wconf 90' lang='lat' dir='ltr'>consummata</span> <span class='ocrx_word' id='word_1_495' title='bbox 1925 5342 2039 5396; x_wconf 92' lang='lat' dir='ltr'>est.</span> 
     </span>
    </p>
   </div>
   <div class='ocr_carea' id='block_1_75' title="bbox 712 5518 1204 5598">
    <p class='ocr_par' dir='ltr' id='par_1_75' title="bbox 712 5518 1204 5598">
     <span class='ocr_line' id='line_1_76' title="bbox 712 5518 1204 5598; baseline -0.016 -13"><span class='ocrx_word' id='word_1_496' title='bbox 712 5531 728 5565; x_wconf 78' lang='grc'>¹</span> <span class='ocrx_word' id='word_1_497' title='bbox 777 5518 983 5595; x_wconf 88' lang='lat' dir='ltr'>Jacob,</span> <span class='ocrx_word' id='word_1_498' title='bbox 1021 5535 1065 5598; x_wconf 82' lang='grc' dir='ltr'>ι,</span> <span class='ocrx_word' id='word_1_499' title='bbox 1108 5519 1204 5580; x_wconf 81' lang='lat' dir='ltr'>t7.</span> 
     </span>
    </p>
   </div>
   <div class='ocr_carea' id='block_1_76' title="bbox 719 5689 1394 5771">
    <p class='ocr_par' dir='ltr' id='par_1_76' title="bbox 719 5689 1394 5771">
     <span class='ocr_line' id='line_1_77' title="bbox 719 5689 1394 5771; baseline -0.007 -19"><span class='ocrx_word' id='word_1_500' title='bbox 719 5695 806 5771; x_wconf 75' lang='grc' dir='ltr'>(Ι)</span> <span class='ocrx_word' id='word_1_501' title='bbox 836 5689 1024 5771; x_wconf 43' lang='lat' dir='ltr'>[focus</span> <span class='ocrx_word' id='word_1_502' title='bbox 1058 5693 1394 5771; x_wconf 76' lang='lat' dir='ltr'>corruptus.</span> 
     </span>
    </p>
   </div>
   <div class='ocr_carea' id='block_1_77' title="bbox 714 5755 1878 5854">
    <p class='ocr_par' dir='ltr' id='par_1_77' title="bbox 714 5755 1878 5854">
     <span class='ocr_line' id='line_1_78' title="bbox 714 5755 1878 5854; baseline -0.015 -20"><span class='ocrx_word' id='word_1_503' title='bbox 834 5767 958 5832; x_wconf 83' lang='lat' dir='ltr'>Hoc</span> <span class='ocrx_word' id='word_1_504' title='bbox 989 5777 1078 5830; x_wconf 69' lang='lat' dir='ltr'>est</span> <span class='ocrx_word' id='word_1_505' title='bbox 1104 5755 1364 5829; x_wconf 68' lang='lat' dir='ltr'>Joannis</span> <span class='ocrx_word' id='word_1_506' title='bbox 1393 5766 1660 5826; x_wconf 64' lang='lat' dir='ltr'>nurnine.</span> <span class='ocrx_word' id='word_1_507' title='bbox 1687 5755 1878 5819; x_wconf 62' lang='lat' dir='ltr'>Hann.</span> 
     </span>
    </p>
   </div>
   <div class='ocr_carea' id='block_1_78' title="bbox 2348 4436 3974 4530">
    <p class='ocr_par' dir='ltr' id='par_1_78' title="bbox 2348 4436 3974 4530">
     <span class='ocr_line' id='line_1_79' title="bbox 2348 4436 3974 4530; baseline -0.01 -19"><span class='ocrx_word' id='word_1_508' title='bbox 2348 4436 2521 4513; x_wconf 65' lang='lat' dir='ltr'>iicam</span> <span class='ocrx_word' id='word_1_509' title='bbox 2556 4469 2759 4530; x_wconf 88' lang='lat' dir='ltr'>pacem</span> <span class='ocrx_word' id='word_1_510' title='bbox 2784 4436 2850 4510; x_wconf 30' lang='lat' dir='ltr'>vet</span> <span class='ocrx_word' id='word_1_511' title='bbox 2880 4436 3186 4520; x_wconf 82' lang='lat' dir='ltr'>unitatem,</span> <span class='ocrx_word' id='word_1_512' title='bbox 3215 4454 3272 4506; x_wconf 91' lang='lat' dir='ltr'>et</span> <span class='ocrx_word' id='word_1_513' title='bbox 3304 4443 3618 4524; x_wconf 87' lang='lat' dir='ltr'>primatum</span> <span class='ocrx_word' id='word_1_514' title='bbox 3649 4436 3974 4520; x_wconf 64' lang='lat' dir='ltr'>apostolica:</span> 
     </span>
    </p>
   </div>
   <div class='ocr_carea' id='block_1_79' title="bbox 2347 4535 3975 4617">
    <p class='ocr_par' dir='ltr' id='par_1_79' title="bbox 2347 4535 3975 4617">
     <span class='ocr_line' id='line_1_80' title="bbox 2347 4535 3975 4617; baseline -0.012 -14"><span class='ocrx_word' id='word_1_515' title='bbox 2347 4542 2506 4603; x_wconf 81' lang='lat' dir='ltr'>sedis</span> <span class='ocrx_word' id='word_1_516' title='bbox 2552 4541 2923 4617; x_wconf 86' lang='lat' dir='ltr'>conﬁtemur,</span> <span class='ocrx_word' id='word_1_517' title='bbox 2971 4535 3474 4614; x_wconf 86' lang='lat' dir='ltr'>recognoscimus,</span> <span class='ocrx_word' id='word_1_518' title='bbox 3520 4538 3894 4610; x_wconf 85' lang='lat' dir='ltr'>acceptamus</span> <span class='ocrx_word' id='word_1_519' title='bbox 3922 4535 3975 4582; x_wconf 82' lang='lat' dir='ltr'>et</span> 
     </span>
    </p>
   </div>
   <div class='ocr_carea' id='block_1_80' title="bbox 2347 4619 3975 4711">
    <p class='ocr_par' dir='ltr' id='par_1_80' title="bbox 2347 4619 3975 4711">
     <span class='ocr_line' id='line_1_81' title="bbox 2347 4619 3975 4711; baseline -0.013 -19"><span class='ocrx_word' id='word_1_520' title='bbox 2347 4639 2557 4711; x_wconf 88' lang='lat' dir='ltr'>sponte</span> <span class='ocrx_word' id='word_1_521' title='bbox 2587 4629 2946 4708; x_wconf 82' lang='lat' dir='ltr'>suscipimus</span> <span class='ocrx_word' id='word_1_522' title='bbox 2971 4644 2984 4687; x_wconf 92' lang='lat'>:</span> <span class='ocrx_word' id='word_1_523' title='bbox 3008 4633 3064 4686; x_wconf 86' lang='lat' dir='ltr'>et</span> <span class='ocrx_word' id='word_1_524' title='bbox 3087 4626 3157 4684; x_wconf 84' lang='lat' dir='ltr'>ad</span> <span class='ocrx_word' id='word_1_525' title='bbox 3179 4623 3363 4703; x_wconf 90' lang='lat' dir='ltr'>ipsius</span> <span class='ocrx_word' id='word_1_526' title='bbox 3387 4619 3794 4683; x_wconf 89' lang='lat' dir='ltr'>obedientiam</span> <span class='ocrx_word' id='word_1_527' title='bbox 3815 4629 3975 4693; x_wconf 88' lang='lat' dir='ltr'>spon-</span> 
     </span>
    </p>
   </div>
   <div class='ocr_carea' id='block_1_81' title="bbox 2352 4704 3974 4790">
    <p class='ocr_par' dir='ltr' id='par_1_81' title="bbox 2352 4704 3974 4790">
     <span class='ocr_line' id='line_1_82' title="bbox 2352 4704 3974 4790; baseline -0.012 -10"><span class='ocrx_word' id='word_1_528' title='bbox 2352 4719 2507 4781; x_wconf 92' lang='lat' dir='ltr'>tanei</span> <span class='ocrx_word' id='word_1_529' title='bbox 2539 4704 2867 4789; x_wconf 78' lang='lat' dir='ltr'>venientes,</span> <span class='ocrx_word' id='word_1_530' title='bbox 2899 4727 3089 4776; x_wconf 87' lang='lat' dir='ltr'>ratum</span> <span class='ocrx_word' id='word_1_531' title='bbox 3124 4711 3373 4790; x_wconf 88' lang='lat' dir='ltr'>habere(</span> <span class='ocrx_word' id='word_1_532' title='bbox 3399 4718 3456 4771; x_wconf 90' lang='lat' dir='ltr'>et</span> <span class='ocrx_word' id='word_1_533' title='bbox 3485 4724 3842 4771; x_wconf 80' lang='lat' dir='ltr'>conservare</span> <span class='ocrx_word' id='word_1_534' title='bbox 3871 4704 3974 4763; x_wconf 87' lang='lat' dir='ltr'>im-</span> 
     </span>
    </p>
   </div>
   <div class='ocr_carea' id='block_1_82' title="bbox 2351 4801 3972 4889">
    <p class='ocr_par' dir='ltr' id='par_1_82' title="bbox 2351 4801 3972 4889">
     <span class='ocr_line' id='line_1_83' title="bbox 2351 4801 3972 4889; baseline -0.012 -21"><span class='ocrx_word' id='word_1_535' title='bbox 2351 4808 2634 4870; x_wconf 77' lang='lat' dir='ltr'>muzabile</span> <span class='ocrx_word' id='word_1_536' title='bbox 2659 4806 3053 4889; x_wconf 90' lang='lat' dir='ltr'>promittimus</span> <span class='ocrx_word' id='word_1_537' title='bbox 3083 4812 3140 4865; x_wconf 92' lang='lat' dir='ltr'>et</span> <span class='ocrx_word' id='word_1_538' title='bbox 3167 4801 3510 4873; x_wconf 87' lang='lat' dir='ltr'>asserimus,</span> <span class='ocrx_word' id='word_1_539' title='bbox 3549 4807 3608 4860; x_wconf 91' lang='lat' dir='ltr'>et</span> <span class='ocrx_word' id='word_1_540' title='bbox 3636 4816 3735 4860; x_wconf 91' lang='lat' dir='ltr'>eas</span> <span class='ocrx_word' id='word_1_541' title='bbox 3764 4807 3972 4876; x_wconf 72' lang='lat' dir='ltr'>praero-</span> 
     </span>
    </p>
   </div>
   <div class='ocr_carea' id='block_1_83' title="bbox 2351 4883 3974 4978">
    <p class='ocr_par' dir='ltr' id='par_1_83' title="bbox 2351 4883 3974 4978">
     <span class='ocr_line' id='line_1_84' title="bbox 2351 4883 3974 4978; baseline -0.014 -19"><span class='ocrx_word' id='word_1_542' title='bbox 2351 4898 2590 4976; x_wconf 84' lang='lat' dir='ltr'>gativas,</span> <span class='ocrx_word' id='word_1_543' title='bbox 2619 4883 2749 4978; x_wconf 76' lang='lat' dir='ltr'>quae</span> <span class='ocrx_word' id='word_1_544' title='bbox 2778 4915 2812 4956; x_wconf 91' lang='lat' dir='ltr'>a</span> <span class='ocrx_word' id='word_1_545' title='bbox 2843 4891 3133 4975; x_wconf 83' lang='lat' dir='ltr'>principio</span> <span class='ocrx_word' id='word_1_546' title='bbox 3164 4899 3299 4952; x_wconf 88' lang='lat' dir='ltr'>ante</span> <span class='ocrx_word' id='word_1_547' title='bbox 3330 4889 3592 4950; x_wconf 88' lang='lat' dir='ltr'>schisma</span> <span class='ocrx_word' id='word_1_548' title='bbox 3623 4883 3974 4967; x_wconf 63' lang='lat' dir='ltr'>pi-azstaban-</span> 
     </span>
    </p>
   </div>
   <div class='ocr_carea' id='block_1_84' title="bbox 2354 4979 3973 5066">
    <p class='ocr_par' dir='ltr' id='par_1_84' title="bbox 2354 4979 3973 5066">
     <span class='ocr_line' id='line_1_85' title="bbox 2354 4979 3973 5066; baseline -0.011 -17"><span class='ocrx_word' id='word_1_549' title='bbox 2354 4997 2415 5048; x_wconf 90' lang='lat' dir='ltr'>tu</span> <span class='ocrx_word' id='word_1_550' title='bbox 2445 4986 2784 5066; x_wconf 67' lang='lat' dir='ltr'>apostolica:</span> <span class='ocrx_word' id='word_1_551' title='bbox 2805 4984 2931 5046; x_wconf 91' lang='lat' dir='ltr'>sedi</span> <span class='ocrx_word' id='word_1_552' title='bbox 2963 4983 3035 5043; x_wconf 87' lang='lat' dir='ltr'>ab</span> <span class='ocrx_word' id='word_1_553' title='bbox 3066 4981 3204 5050; x_wconf 90' lang='lat' dir='ltr'>illis,</span> <span class='ocrx_word' id='word_1_554' title='bbox 3239 4979 3338 5059; x_wconf 90' lang='lat' dir='ltr'>qui</span> <span class='ocrx_word' id='word_1_555' title='bbox 3371 4996 3475 5057; x_wconf 86' lang='lat' dir='ltr'>pro</span> <span class='ocrx_word' id='word_1_556' title='bbox 3509 4985 3801 5053; x_wconf 89' lang='lat' dir='ltr'>tompore,</span> <span class='ocrx_word' id='word_1_557' title='bbox 3837 4987 3973 5053; x_wconf 88' lang='lat' dir='ltr'>pon-</span> 
     </span>
    </p>
   </div>
   <div class='ocr_carea' id='block_1_85' title="bbox 2352 5063 3979 5152">
    <p class='ocr_par' dir='ltr' id='par_1_85' title="bbox 2352 5063 3979 5152">
     <span class='ocr_line' id='line_1_86' title="bbox 2352 5063 3979 5152; baseline -0.012 -16"><span class='ocrx_word' id='word_1_558' title='bbox 2352 5063 2615 5138; x_wconf 84' lang='lat' dir='ltr'>tificioin</span> <span class='ocrx_word' id='word_1_559' title='bbox 2641 5071 3149 5152; x_wconf 85' lang='lat' dir='ltr'>Constantinopoli</span> <span class='ocrx_word' id='word_1_560' title='bbox 3205 5068 3627 5146; x_wconf 83' lang='lat' dir='ltr'>fungebantur,</span> <span class='ocrx_word' id='word_1_561' title='bbox 3678 5064 3904 5139; x_wconf 75' lang='lat' dir='ltr'>integra</span> <span class='ocrx_word' id='word_1_562' title='bbox 3930 5063 3979 5117; x_wconf 84' lang='lat' dir='ltr'>et</span> 
     </span>
    </p>
   </div>
   <div class='ocr_carea' id='block_1_86' title="bbox 2352 5149 3975 5243">
    <p class='ocr_par' dir='ltr' id='par_1_86' title="bbox 2352 5149 3975 5243">
     <span class='ocr_line' id='line_1_87' title="bbox 2352 5149 3975 5243; baseline -0.01 -19"><span class='ocrx_word' id='word_1_563' title='bbox 2352 5164 2710 5226; x_wconf 87' lang='lat' dir='ltr'>inviolabilia</span> <span class='ocrx_word' id='word_1_564' title='bbox 2731 5149 3975 5243; x_wconf 82' lang='lat' dir='ltr'>promittimusconservare.Sc|iismaenim,</span> 
     </span>
    </p>
   </div>
   <div class='ocr_carea' id='block_1_87' title="bbox 2354 5241 3979 5334">
    <p class='ocr_par' dir='ltr' id='par_1_87' title="bbox 2354 5241 3979 5334">
     <span class='ocr_line' id='line_1_88' title="bbox 2354 5241 3979 5334; baseline -0.014 -19"><span class='ocrx_word' id='word_1_565' title='bbox 2354 5255 2509 5334; x_wconf 93' lang='lat' dir='ltr'>quod</span> <span class='ocrx_word' id='word_1_566' title='bbox 2539 5254 2598 5313; x_wconf 90' lang='lat' dir='ltr'>in</span> <span class='ocrx_word' id='word_1_567' title='bbox 2630 5241 2824 5313; x_wconf 67' lang='lat' dir='ltr'>medio</span> <span class='ocrx_word' id='word_1_568' title='bbox 2857 5248 3212 5320; x_wconf 89' lang='lat' dir='ltr'>intercessit,</span> <span class='ocrx_word' id='word_1_569' title='bbox 3247 5246 3454 5306; x_wconf 88' lang='lat' dir='ltr'>intimo</span> <span class='ocrx_word' id='word_1_570' title='bbox 3486 5242 3683 5304; x_wconf 86' lang='lat' dir='ltr'>cordis</span> <span class='ocrx_word' id='word_1_571' title='bbox 3703 5241 3913 5302; x_wconf 81' lang='lat' dir='ltr'>affectu</span> <span class='ocrx_word' id='word_1_572' title='bbox 3931 5241 3979 5295; x_wconf 88' lang='lat' dir='ltr'>et</span> 
     </span>
    </p>
   </div>
   <div class='ocr_carea' id='block_1_88' title="bbox 2356 5331 3978 5416">
    <p class='ocr_par' dir='ltr' id='par_1_88' title="bbox 2356 5331 3978 5416">
     <span class='ocr_line' id='line_1_89' title="bbox 2356 5331 3978 5416; baseline -0.012 -12"><span class='ocrx_word' id='word_1_573' title='bbox 2356 5331 2474 5404; x_wconf 70' lang='lat' dir='ltr'>tota</span> <span class='ocrx_word' id='word_1_574' title='bbox 2504 5341 2687 5403; x_wconf 91' lang='lat' dir='ltr'>animi</span> <span class='ocrx_word' id='word_1_575' title='bbox 2717 5339 3018 5402; x_wconf 81' lang='lat' dir='ltr'>voluntate</span> <span class='ocrx_word' id='word_1_576' title='bbox 3068 5341 3478 5416; x_wconf 85' lang='lat' dir='ltr'>aspernentes,</span> <span class='ocrx_word' id='word_1_577' title='bbox 3513 5331 3978 5411; x_wconf 83' lang='lat' dir='ltr'>compaginamus</span> 
     </span>
    </p>
   </div>
   <div class='ocr_carea' id='block_1_89' title="bbox 2445 5670 2980 5755">
    <p class='ocr_par' dir='ltr' id='par_1_89' title="bbox 2445 5670 2980 5755">
     <span class='ocr_line' id='line_1_90' title="bbox 2445 5670 2980 5755; baseline -0.006 -16"><span class='ocrx_word' id='word_1_578' title='bbox 2445 5670 2524 5755; x_wconf 41' lang='grc' dir='ltr'>κθ)</span> <span class='ocrx_word' id='word_1_579' title='bbox 2555 5675 2806 5737; x_wconf 86' lang='lat' dir='ltr'>Michael</span> <span class='ocrx_word' id='word_1_580' title='bbox 2837 5677 2980 5755; x_wconf 90' lang='lat' dir='ltr'>imp.</span> 
     </span>
    </p>
   </div>
   <div class='ocr_carea' id='block_1_90' title="bbox 2424 5746 3849 5834">
    <p class='ocr_par' dir='ltr' id='par_1_90' title="bbox 2424 5746 3849 5834">
     <span class='ocr_line' id='line_1_91' title="bbox 2424 5746 3849 5834; baseline -0.011 -12"><span class='ocrx_word' id='word_1_581' title='bbox 2424 5746 2527 5834; x_wconf 62' lang='grc' dir='ltr'>μ)</span> <span class='ocrx_word' id='word_1_582' title='bbox 2561 5756 2710 5817; x_wconf 89' lang='lat' dir='ltr'>Cum</span> <span class='ocrx_word' id='word_1_583' title='bbox 2741 5746 3084 5820; x_wconf 80' lang='lat' dir='ltr'>Andronico</span> <span class='ocrx_word' id='word_1_584' title='bbox 3115 5750 3237 5812; x_wconf 83' lang='lat' dir='ltr'>ﬁlio</span> <span class='ocrx_word' id='word_1_585' title='bbox 3269 5749 3444 5810; x_wconf 81' lang='lat' dir='ltr'>etiam</span> <span class='ocrx_word' id='word_1_586' title='bbox 3474 5746 3849 5825; x_wconf 78' lang='lat' dir='ltr'>imperatore.</span> 
     </span>
    </p>
   </div>
  </div>
