4178 6288
305 326 425 411 749
1410 342 1509 405 ne
1553 339 2053 403 DEPOSITIONE
2094 338 2237 399 sua
2282 335 2511 399 ORAT.
2557 334 2603 396 ι.
3572 324 3693 392 950

304 483 359 546 si
388 481 678 545 debemus
730 500 837 543 nos
887 497 1242 562 permanere
1289 467 2188 562 incommutabiliterinAsine
2223 464 2720 562 defe_ctu__nostra
2780 462 3047 562 Ecclesia
3102 460 3403 562 scundmn
3424 458 3693 562 (idcior-

315 572 562 643 ritibus,
594 569 694 651 qui
722 588 756 632 a
789 546 1082 651 principio
1113 566 1340 629 obtenti
1398 571 1536 627 sunt
1589 562 1650 625 in
1702 559 1970 651 Ecclesia
2051 555 2319 651 tbodoxaa
2346 553 2715 651 intellectum
2749 549 3324 651 sanctae-apostolica;
3351 546 3551 651 Matris
3571 565 3700 651 om-

312 634 712 725 nostra.'Ii'aac
743 634 948 720 omnia
986 634 1394 737 suprascripta
1438 654 1516 716 ad
1558 649 1965 715 conﬁrmatio-
2050 645 2212 707 nium
2243 643 2630 737 ecclesiarum
2657 640 2945 704 Ecclesiae
2971 638 3275 737 Romanae,
3309 645 3511 737 nostra
3535 634 3700 737 bulla

309 724 447 812 nem
482 748 888 830 plenissimam
917 724 1738 826 expobcntes'abnegationis
1767 737 1965 830 schis-
2053 742 2336 830 consueta
2359 731 2798 830 roboravimus,
2832 748 3046 830 mense
3069 728 3316 830 Aprilis,
3346 725 3571 830 quinta:
3596 724 3696 828 .in-z

315 814 498 901 matis.
519 843 579 899 ot
610 854 773 917 purae
801 854 871 898 ac
903 814 1059 897 vera;
1088 841 1311 896 nostrae.
1338 814 1694 894 obedientiae
1720 828 1794 890 ad
1837 826 1966 909 pri-
2050 823 2350 917 dictionis,
2374 818 2782 917 sexti_milleni
2810 817 3050 917 septimi
3079 817 3328 917 centeni
3340 814 3699 917 o‘ctogesimi

316 936 541 990 matum
571 905 856 987 Ecclesiae
883 905 1879 1001 Romanae,etrepraesentationem
1911 921 1971 977 et
2050 913 2238 995 quinti
2291 912 2429 974 anni
2488 910 2601 991 (7),
2664 907 2928 971 secundo
2974 924 3133 970 anno
3192 905 3570 989 pontiﬁcatus
3591 921 3696 965 noo

315 1013 913 1093 demonstrationem,
948 1011 1106 1094 quod
1139 1028 1391 1074 concors
1421 1008 1497 1071 sit
1534 1006 1881 1090 plenissime
1912 1012 1970 1068 et
2051 1003 2180 1065 stri.

398 1178 483 1257 (7)
517 1175 728 1238 Annus
760 1172 1103 1238 Graecorum
1134 1170 1291 1235 6785
1321 1167 1648 1252 respondet
1677 1172 1878 1230 nostro
1913 1164 2088 1228 1277.

326 1350 461 1365 ﬂ

465 1336 2374 1364 Μ

1511 1476 1859 1608 ΤΟΥ
1956 1472 2538 1602 ΑΥΤΟΥ
2599 1481 2603 1485 ’

971 1731 1120 1782 ΠΕΡΙ
1152 1729 1450 1801 ΑΔΙΚΙΛΣ,
1488 1728 1576 1778 ΗΣ
1616 1726 1909 1799 ΥΠΕΣΤΗ,
1940 1727 2075 1776 ΤΟΥ
2106 1724 2329 1774 ΟΙΚΕΙΟ
2350 1724 2383 1771 ι’
2414 1722 2682 1773 ΘΡΟΝΟΥ
2712 1718 3045 1770 ᾹΠΕΑΘΕΙΣ

1617 2000 2384 2133 EJUSDEM

751 2245 849 2307 DE
882 2243 1307 2309 INJUSTITIA
1336 2244 1486 2317 QUA
1518 2236 1909 2304 AFFECTUS
1933 2237 2096 2315 EST,
2133 2240 2178 2298 A
2210 2233 2539 2298 PROPRIO
2569 2233 2885 2297 THRONO
2914 2234 3259 2298 EJECTUS.

1644 2395 1895 2479 (Gracia
1926 2395 2160 2459 orthod.
2199 2402 2239 2455 t.
2275 2394 2372 2472 II.)

405 2681 483 2753 α’.
523 2714 549 2746 α
585 2691 919 2763 Ἐσιώπησα,
986 2692 1062 2767 μὴ
1131 2694 1219 2748 καὶ
1284 2691 1441 2748 εἰσέτι
1498 2691 1879 2769 σιωπήσωμαι,
1931 2712 1957 2743 ι

2135 2686 2155 2748 1
2192 2681 2484 2746 Diuturno
2507 2679 2746 2743 silentio
2758 2677 2833 2740 ad
2852 2679 2981 2742 hac
3009 2687 3281 2769 tempora
3292 2700 3697 2769 Ausus,meam-

325 2774 421 2841 Ἐκ
488 2787 583 2838 τοῦ
642 2770 866 2837 Ἠσαίου
944 2781 1118 2859 ῥητῶν
1194 2783 1284 2838 τὸν
1340 2779 1428 2836 νῦν
1483 2777 1750 2857 ἀπόλογον
1791 2799 1973 2856 προοι-

334 2872 622 2945 μιάσομαι.
678 2871 772 2928 Καὶ
829 2869 1085 2946 Σολομῶν
1148 2868 1203 2926 δὲ
1259 2891 1350 2946 μοι
1408 2875 1485 2943 τῷ
1525 2868 1788 2946 προοιμίῳ
1857 2869 1971 2922 ἐπι-

332 2960 702 3039 συγκροτήσει,
762 2960 945 3037 καιρὸν
987 2963 1195 3026 σιωπῆς
1251 2960 1338 3015 καὶ
1399 2958 1582 3036 καιρὸν
1636 2955 1796 3035 λόγου
1867 2978 1967 3011 σα-

327 3049 439 3130 φῶς
499 3049 835 3127 ὁρισάμενος.
896 3047 1016 3105 ’Ὅτι
1086 3045 1138 3104 δὲ
1202 3050 1278 3123 μή
1349 3047 1454 3104 ἀπὸ
1527 3044 1688 3124 λόγου
1756 3046 1818 3102 τὸ
1870 3049 1969 3112 τῆς

326 3137 536 3204 σιωπῆς
610 3137 963 3214 ᾖρετισάμεθα
1018 3136 1355 3216 πρόσκαιρον,
1405 3136 1495 3192 τὸν
1536 3134 1691 3213 λόγον
1737 3136 1809 3198 εἷς
1857 3157 1973 3192 και-

324 3228 414 3304 ρὸν
499 3225 969 3300 ἂποταμιεόοντες,
1057 3228 1084 3281 6
1178 3225 1463 3303 εὐγνώμων
1546 3221 1804 3304 διακρινεῖ
1866 3230 1971 3281 τῶν

320 3313 595 3394 ἡμετέρων
656 3313 830 3392 λόγων
902 3314 1189 3392 ἀκροατὴς.
1266 3311 1484 3370 Πολλῶν
1525 3311 1579 3368 δὲ
1636 3316 1740 3369 τῶν
1797 3312 1972 3394 εὐχῶν

322 3408 462 3477 ἡμῖν
546 3404 702 3483 χρεία
787 3403 1132 3480 εὐγνωμόνων
1234 3403 1505 3482 ἀκροατῶν
1587 3401 1967 3477 ἐπιτεόξασθαι,

326 3491 409 3548 ὅτι
454 3515 513 3570 γε
557 3495 592 3561 ἡ
636 3489 878 3570 διαϐολὴ,
945 3492 1074 3566 πρὸς
1138 3491 1205 3560 ἣν
1262 3494 1348 3549 καὶ
1391 3490 1818 3571 ἀπολογούμεθα,
1870 3493 1972 3571 οὐχ

326 3582 349 3598 ν
579 3583 592 3600 ι
693 3582 705 3602 Ι
861 3581 873 3599 Ι
946 3578 987 3600 λ’
1202 3584 1215 3602 \
1307 3583 1322 3603 \
1523 3578 1547 3599 λ
1624 3580 1637 3601 Ι
1806 3583 1830 3604 ’\

327 3604 439 3657 ενα,
510 3603 597 3637 και
652 3579 763 3654 δυο,
811 3581 898 3636 καὶ
940 3597 1086 3655 οεκα,
1131 3603 1217 3637 και
1246 3603 1377 3661 τρις,
1439 3580 1476 3649 ἢ
1518 3596 1751 3655 οεκακις,
1800 3604 1834 3649 η
1886 3574 1972 3637 καὶ

321 3670 661 3733 ὲκατοντάκις
747 3670 1025 3734 τοσούτους
1098 3669 1295 3748 ἴσχυσε
1376 3668 1492 3726 καθ’
1550 3671 1705 3744 ἡμῶν
1748 3669 1972 3749 ἐκταρά-

320 3760 427 3833 ξαι,
488 3759 625 3817 ἀλλὰ
680 3760 893 3836 σύμπαν
936 3762 995 3816 τὸ
1045 3757 1160 3816 καθ’
1214 3762 1353 3836 ἡμᾶς
1411 3759 1556 3826 ἔθνος
1613 3758 1828 3841 σχεδὸν,
1888 3752 1972 3818 καὶ

322 3850 419 3907 οὐκ
461 3848 522 3906 ἂν
578 3848 764 3928 ῥᾳδίως
808 3847 1010 3914 ἐξέσται
1068 3851 1206 3923 ἡμῖν
1249 3852 1378 3929 πρὸς
1421 3853 1665 3907 τοσοῦτον
1722 3849 1974 3921 διαϐολῆς

2056 2791 2132 2834 ne
2161 2771 2221 2833 in
2253 2777 2555 2853 posterum
2575 2786 2781 2831 vocem
2808 2768 3197 2849 comprimam
3218 2770 3247 2830 2
3272 2767 3356 2832 Ex
3382 2769 3549 2836 Isaia
3567 2792 3701 2838 ver-

2055 2861 2144 2922 bis
2176 2858 2485 2942 praesentis
2531 2856 2823 2919 orationis
2880 2856 3187 2920 exordium
3247 2877 3501 2922 sumam.
3534 2863 3704 2927 Salo.

2053 2968 2192 3011 mon
2209 2966 2452 3030 quoque
2480 2944 3015 3028 proaemio,silentii
3039 2956 3098 3009 et
3127 2946 3410 3028 loquendi
3435 2958 3704 3032 tempora

2054 3036 2471 3119 praescribens,
2491 3035 2795 3116 suppetias
2815 3034 2988 3098 feret.
3018 3034 3137 3098 Nos
3167 3054 3307 3098 vero
3338 3056 3455 3099 non
3487 3048 3705 3119 praeter

2054 3126 2341 3188 rationem
2368 3125 2668 3188 silentium
2700 3124 2772 3185 ad
2806 3131 3039 3205 tempus
3067 3124 3397 3189 voluntarie
3413 3127 3587 3190 nobis
3614 3130 3704 3193 in-

2055 3214 2597 3294 dixisse,benignus
2627 3231 2965 3294 aaquusquaa
2991 3221 3328 3277 nostrorum
3355 3233 3701 3282 sermonum

2055 3302 2376 3366 aestimator
2421 3303 2783 3382 auditorque
2830 3301 3210 3383 dijudicabit.
3261 3302 3458 3366 Multis
3504 3315 3703 3371 autem

2058 3400 2334 3483 precibus
2365 3395 2538 3459 nobis
2551 3415 2697 3479 opus
2711 3404 2896 3473 est,ut
2917 3396 3209 3476 benignos
3226 3395 3531 3460 auditores
3549 3414 3703 3458 nan-

2055 3490 2369 3565 ciscamur,
2400 3492 2554 3571 quod
2572 3489 2893 3565 calumnia,
2926 3489 3025 3551 cui
3056 3489 3424 3571 respondere
3459 3507 3695 3571 praepa-

2056 3598 2279 3657 ramur,
2315 3598 2434 3641 non
2466 3598 2648 3641 unum
2682 3580 2773 3642 vel
2801 3579 2946 3654 duo,
2974 3578 3065 3641 vel
3098 3578 3305 3642 decem
3340 3586 3401 3641 et
3443 3587 3567 3641 tres
3606 3586 3707 3641 aut

2057 3668 2259 3732 decies
2289 3668 2379 3730 vel
2410 3667 2639 3731 centies
2670 3668 2756 3731 fot
2778 3667 2930 3731 alios
2955 3666 3267 3730 adversum
3298 3686 3409 3730 nos
3437 3685 3704 3730 commo-

2059 3777 2196 3821 vere
2218 3757 2431 3840 potuit,
2463 3757 2568 3820 sed
2588 3766 2768 3823 totam
2793 3758 2919 3820 fere
2941 3758 3096 3820 banc
3139 3765 3407 3819 nostram
3439 3762 3703 3837 gentem,

2058 3856 2112 3910 et
2146 3866 2264 3910 non
2294 3847 2376 3908 ita
2408 3846 2581 3910 facile
2611 3846 2784 3910 nobis
2813 3847 3014 3922 fuerit,
3060 3845 3136 3909 ad
3182 3854 3357 3909 tantae
3387 3845 3703 3909 calumniae

320 3938 772 4026 ἀνταγωνίσασθαι
870 3937 1111 4015 μέγεθος,
1187 3939 1230 3994 εἰ
1284 3939 1362 4013 μὴ
1429 3960 1490 4018 γε
1542 3938 1738 3996 ἄνωθεν
1793 3942 1821 3996 6
1876 3941 1973 4008 τῆς

2058 3936 2524 4015 magnitudinem
2556 3950 2765 4000 contra
2786 3936 3237 4011 decertare,nisi
3270 3937 3526 4016 desuper
3544 3934 3705 3997 veri-

318 4026 570 4094 ἀληθείας
626 4025 937 4093 ἐπευδοκοίη
997 4028 1149 4089 Θεὸς.
1227 4030 1324 4084 Ναὶ
1353 4029 1478 4107 ,γὰρ
1518 4031 1610 4086 καὶ
1669 4038 1822 4088 τοῦτο
1884 4053 1975 4087 πε-

320 4118 518 4179 ποιθὼς
592 4115 827 4194 ἀληθῶς,
918 4116 1049 4193 πρὸς
1138 4117 1229 4171 τὸν
1309 4114 1581 4195 ἀπόλογον
1649 4117 1971 4195 ἀποδύομαι,

2059 4026 2193 4087 tatis
2221 4026 2379 4088 Deus
2408 4044 2583 4107 opem
2607 4027 2900 4101 tulerit,in
2932 4045 3048 4108 quo
3078 4044 3213 4088 cum
3243 4044 3414 4107 spem
3438 4032 3702 4088 nostram

2061 4114 2456 4196 posuerimus,
2488 4115 2560 4177 ad
2591 4118 3046 4195 responsionem
3068 4114 3529 4195 accingimur,et
3560 4132 3705 4177 nos-

317 4205 550 4279 ὶμαυτόν
609 4225 666 4260 τε
697 4202 822 4284 παρ’
867 4205 1024 4261 αὖτοῦ
1081 4203 1168 4261 ἐπὶ
1215 4216 1338 4267 ταῖς
1395 4202 1621 4269 δικαίαις
1667 4204 1976 4284 ἀπολογίαις

2061 4203 2347 4281 ιηοιίβευε
2375 4202 2450 4264 ab
2479 4204 2690 4267 eodem
2742 4204 2803 4265 in
2843 4205 3024 4283 justis
3080 4203 3174 4265 his
3211 4202 3710 4284 responsionibus

318 4294 716 4351 κατευθύνεσθαι
814 4290 1145 4373 προσδοκῶν,

322 4387 409 4440 θεν
467 4380 777 4460 ὀδηγεῖσθαι
842 4382 1104 4438 πιστεύων
1162 4382 1291 4460 πρὸς
1349 4383 1411 4437 τὸ
1481 4387 1580 4449 τῆς
1635 4380 1972 4461 διαγνώσεως

320 4470 564 4550 ἀρρεπὲς,
631 4472 723 4527 καὶ
808 4469 872 4538 δὴ
930 4492 1020 4546 μοι
1074 4468 1418 4549 ἐγχειρητέον
1476 4473 1552 4544 τῷ
1606 4466 1770 4548 λόγῳ.
1850 4469 1973 4550 Περὶ

318 4567 418 4627 τῆς
481 4561 644 4637 μέσον
726 4560 880 4634 ἡμῶν
964 4557 1021 4615 τε
1102 4560 1189 4614 καὶ
1270 4556 1485 4616 ἰταλῶν
1528 4557 1973 4628 ἐκκλησιαπικῆς

322 4651 585 4725 ἐνώσεως,
632 4652 705 4715 ὡς
750 4652 868 4726 περὶ
926 4646 1122 4717 ἀδήλου
1170 4644 1356 4721 μηδενί
1419 4670 1751 4727 πραγματος,
1826 4646 1972 4707 οὐδὲν

319 4741 451 4817 πρὸς
495 4741 556 4795 τὸ
585 4740 751 4818 παρὸν
783 4736 945 4794 πλέον
977 4739 1104 4814 ἐρῶ,
1157 4738 1192 4804 ἢ
1237 4735 1318 4792 ὅτι
1345 4736 1582 4816 γέγονεν,
1616 4739 1689 4801 ὡς
1732 4735 1831 4817 ἄρα
1886 4740 1973 4794 καὶ

318 4830 527 4907 γέγονε,
581 4829 669 4883 καὶ
724 4828 912 4902 ἡμεῖς,
961 4825 1050 4888 οἷς
1101 4823 1216 4882 οἶδε
1260 4824 1442 4905 λόγοις
1499 4828 1532 4894 ἡ
1590 4827 1653 4882 τὰ
1682 4825 1799 4884 καθ’
1828 4829 1972 4903 ἡμᾶς

318 4916 627 4996 διεξάγουσα
715 4916 960 4993 Πρόνοια,
1050 4910 1189 4971 τὸν’
1239 4919 1597 4998 πατριαχικὸν
1648 4922 1745 4984 τῆς
1819 4929 1967 4976 Κων.

318 5005 806 5070 σταντινουπόλεως
883 5004 1265 5079 ἐπιστεύθημεν
1349 5005 1554 5084 θρόνον,
1629 5009 1717 5063 καὶ
1771 5009 1833 5063 τὸ
1889 5007 1973 5065 διὰ

317 5096 418 5165 τὴν
474 5097 726 5174 ῥηθεῖσαν
779 5094 964 5151 ἕνωσιν
1011 5090 1300 5150 σκάνδαλον
1356 5094 1641 5176 ἀνερράγη,
1686 5098 1773 5153 καὶ
1801 5098 1829 5152 6
1872 5103 1969 5166 τῆς

218 5235 222 5239 .
317 5188 505 5252 κακίας
560 5187 756 5265 πυρσὸς
814 5184 901 5240 ἐπὶ
975 5182 1110 5261 μέγα
1187 5181 1347 5261 ᾔρετο
1402 5182 1516 5241 καθ’
1575 5186 1827 5262 ἑκάστην,
1873 5186 1967 5244 καί

1233 4294 1320 4349 καὶ
1362 4292 1481 4356 τοὺς
1525 4292 1784 4371 ἀκροοτᾶς
1836 4294 1978 4352 ἐκεῖ·

2062 4290 2412 4371 dirigendos
2436 4291 2565 4353 fore
2597 4292 3025 4365 existimantes,
3076 4303 3361 4372 certoque
3408 4298 3704 4368 tenentes,

2054 4379 2357 4443 auditoras
2386 4381 2528 4444 inde
2558 4381 2631 4442 ad
2663 4390 2892 4443 rectum
2939 4379 3237 4460 judicium
3295 4378 3498 4458 dirigi,
3553 4379 3709 4444 hanc

2057 4481 2317 4530 nostram
2349 4469 2680 4532 orationem
2714 4470 3116 4550 aggredimur.
3167 4468 3253 4531 De
3301 4467 3522 4531 unione
3550 4467 3710 4531 inter

2057 4564 2317 4619 nostram
2347 4557 2760 4621 etLatinorum
2793 4557 3150 4637 Ecclesiam,
3185 4576 3322 4618 cum
3356 4574 3460 4618 res
3500 4559 3701 4620 omni-

2056 4645 2165 4708 bus
2190 4654 2407 4728 pateat.
2443 4646 2595 4708 nihil
2625 4647 2687 4708 in
2720 4648 3040 4728 praesentia
3088 4645 3320 4720 dixero,
3384 4645 3497 4708 nisi
3548 4646 3707 4726 quod

2059 4748 2298 4815 peracta
2333 4743 2446 4816 est,
2481 4755 2552 4797 eo
2578 4739 2780 4817 modo,
2809 4756 2926 4818 quo
2958 4736 3115 4799 facta
3141 4743 3253 4817 est,
3285 4745 3343 4797 et
3400 4733 3574 4796 nobis
3602 4752 3706 4797 ra-

2058 4824 2338 4900 tionibus,
2394 4844 2540 4906 quas
2586 4824 2976 4888 Prmidentia
3017 4825 3281 4905 dirigens
3338 4824 3465 4886 haec
3508 4833 3711 4887 nostra

2056 4912 2237 4988 novit,
2273 4913 3311 4995 patriarcbicusConstantinopoleos
3331 4913 3551 4975 tbonus
3568 4931 3711 4975 con-

2054 5002 2406 5074 creditur.et
2435 5003 2781 5066 scandalum
2814 5012 3025 5085 popter
3052 5003 3273 5065 dictam
3307 5002 3586 5065 unionem
3610 5001 3702 5063 la-

2056 5091 2169 5152 tius
2199 5093 2457 5155 manavit
2486 5101 2546 5155 et
2574 5092 2972 5174 improbitatis
3023 5092 3220 5157 facula
3270 5090 3525 5171 singulis
3568 5089 3704 5154 die-

2056 5180 2165 5243 bus
2195 5181 2381 5261 magis
2421 5201 2489 5244 ac
2520 5184 2706 5264 magis
2734 5182 3014 5261 excrevit,
3068 5188 3129 5244 et
3171 5179 3375 5261 populi
3401 5178 3478 5243 ab
3507 5178 3707 5261 sepsis

316 5275 435 5331 λαοὶ¹
493 5273 585 5332 ἀπ’
627 5273 876 5345 ἀλλήλων
904 5273 1200 5353 ἐσχίζοντο,
1265 5274 1352 5329 καὶ
1410 5275 1572 5353 ἱερεῖς
1614 5274 1794 5354 ἱερέων
1853 5273 1965 5332 διε-

2056 5269 2503 5347 scindebantur,
2523 5280 2581 5334 et
2604 5272 2949 5336 sacerdotes
2969 5290 3003 5335 a
3031 5267 3441 5334 sacerdotibus
3470 5267 3704 5333 divide-

317 5362 625 5444 στέλλοντο,
671 5364 758 5419 καὶ
813 5362 970 5441 μυρία
1026 5359 1162 5418 ἄλλα
1214 5360 1625 5439 ἐπλημμελεττο
1672 5362 1847 5443 δεινὰ,
1879 5365 1968 5429 οἶς

2056 5358 2289 5433 bantur,
2323 5370 2382 5423 et
2414 5379 2597 5442 prope
2653 5362 2971 5425 innumera
3015 5360 3130 5423 alia
3159 5358 3314 5421 mala
3364 5357 3709 5423 committe-

316 5456 343 5509 ὁ
403 5453 497 5521 τῆς
583 5455 771 5516 κακίας
849 5450 1062 5529 εὗρε-τὴς
1141 5449 1408 5527 ἐγεγήθει,
1468 5454 1556 5509 καὶ
1624 5452 1964 5531 ἐπεγάννυτο,

2056 5448 2292 5519 bantur,
2329 5450 2548 5530 quibus
2588 5450 2991 5533 improbitatis
3013 5457 3220 5513 auctor
3238 5445 3566 5527 exsultans,
3596 5445 3706 5509 las-

313 5542 374 5600 Τί
429 5550 553 5620 γοῦν
612 5544 743 5621 πρὸς
801 5549 986 5618 ταῦτα,
1062 5536 1106 5594 ὥ
1143 5541 1274 5607 πρὸς
1331 5545 1430 5609 τῆς
1475 5538 1693 5620 Τριάδος
1765 5543 1964 5610 ator-7K!

2056 5537 2179 5599 titia
2204 5536 2769 5614 diﬁ‘erebaturﬂuid
2792 5540 2972 5621 igitur
3003 5539 3078 5603 ad
3109 5537 3259 5611 haec,
3293 5552 3401 5617 per
3426 5533 3707 5598 Triadem

314 5633 457 5709 ὴμᾶς
491 5630 591 5688 ἔδει
633 5643 861 5707 etatem;
927 5628 1270 5705 ’Avxneoe‘tv,
1333 5631 1417 5690 καὶ
1476 5629 1613 5702 ὅοιννρ
1669 5628 1849 5688 δοῦναί
1904 5632 1971 5689 τὰ

2056 5630 2265 5711 ipsam,
2295 5626 2467 5690 nobis
2494 5628 2915 5693 intcntandum
2947 5627 3124 5693 erat?
3153 5623 3404 5703 Cedere,
3437 5631 3496 5684 et
3515 5623 3710 5705 segui.
