4214 6296
520 360 638 425 955
1622 355 1832 417 JOAN.
1884 350 2100 416 VECCI
2145 349 2256 411 GP.
2311 349 2824 414 l’ATRlARCl-LE
3792 348 3913 413 956

521 493 977 576 chiepiscopum
1008 492 1081 555 ab
1112 492 1206 567 iis,
1243 490 1343 571 qui
1375 508 1487 552 nec
1515 484 1805 576 episcopi,
1853 482 2037 576 multo
2066 483 2171 576 mi:

2260 489 2361 540 τῶν
2391 485 2469 558 μὴ
2498 485 2580 576 τοί
2629 505 2691 563 γε
2745 485 3061 561 επισκόπου,
3121 485 3256 545 ἀλλὰ
3287 486 3448 576 ,μηδὲ
3502 487 3679 576 ἱερέως
3736 484 3911 557 ὄνομα

521 603 634 647 nus
663 570 997 646 sacerdotis
1048 570 1335 660 dignitate
1367 574 1694 659 ρι’ωείεηίιί
1724 580 1863 637 sunt
1912 570 2172 655 deponi?

2260 574 2633 652 περικειμένων
2724 576 3143 657 καθαιρεθῆναις
3218 575 3368 635 Ἀλλ’
3439 580 3476 647 ἡ
3565 573 3677 633 καθ’
3747 575 3903 649 ἡμῶν

520 671 592 735 Et
622 681 819 736 tamen
851 670 1132 733 adversus
1164 686 1271 730 nos
1334 666 1641 729 decretum
1673 683 1709 727 a
1737 662 2032 726 similibus
2061 681 2169 725 ex-

2260 661 2521 742 ὶπόφασις
2550 663 2690 742 παρὰ
2718 663 2970 720 τοιούτων
3027 663 3370 745 ἐσχεδιάσθη,
3431 668 3523 724 καὶ
3575 663 3737 730 οὐδεὶς
3796 667 3904 718 τῶν

525 761 746 842 templo
780 757 1220 841 pronuntiatum
1243 762 1356 835 est,
1383 763 1442 817 et
1459 770 1633 820 nemo
1657 772 1767 816 nec
1796 752 1893 842 iis,
1915 755 2014 834 qui
2038 761 2167 815 stu-

2260 753 2312 808 τὸ
2383 753 2698 842 ἀναίσθητον
2740 763 2834 812 τοῦ
2891 751 3072 832 ἀνδρὸς
3129 756 3327 814 ἐκείνου
3372 755 3580 815 εἰδότων
3636 756 3769 836 πρὸς
3813 753 3907 842 τὸν

523 834 730 932 porem
761 834 1019 910 hominis
1051 847 1206 907 bene
1237 834 1477 920 callent,
1515 842 1692 932 dictis
1713 840 1930 932 nostris
1951 842 2169 904 adter-

2260 841 2509 922 i,p.sta'pov
2585 851 2763 901 τοῦτον
2822 845 3181 932 ἂπαντήσεται
3264 844 3448 927 λόγον.
3509 844 3650 925 Ἐγὼ
3684 834 3761 900 *δὲ
3815 834 3904 932 ita:l

520 930 775 1002 sabitur.
809 937 932 1014 Ego
957 935 1348 998 nihilominus
1379 941 1437 996 et
1487 937 1586 1010 jus
1633 931 1831 995 simile
1859 930 1931 993 ad
1980 947 2173 993 causa;

522 1026 932 1092 defensionem
957 1024 1339 1107 aptissimum
1369 1021 1740 1104 praeteriens,
1797 1021 1950 1082 sicut
1982 1028 2070 1082 est
2097 1018 2170 1081 ab

524 1134 593 1179 eo
615 1124 821 1179 contra
844 1134 952 1177 nos
975 1112 1272 1177 sententia
1324 1113 1464 1188 lata,
1499 1112 1660 1174 hnnc
1681 1110 1741 1172 in
1770 1109 2011 1171 modum
2037 1127 2171 1171 res-

525 1204 879 1287 pondeo.An
908 1210 996 1266 est
1025 1220 1319 1265 canonum
1347 1200 1468 1261 ullo
1491 1198 1833 1281 prascripto
1864 1205 2167 1271 statutum,

525 1312 687 1370 eum,
720 1292 822 1374 qui
852 1294 912 1353 in
937 1290 1282 1373 occupando
1309 1291 1527 1352 throno
1543 1288 1790 1351 aemulus
1809 1294 1959 1369 erat,
1988 1304 2169 1348 unum

525 1381 958 1454 tantummodo,
994 1388 1049 1443 et
1082 1379 1245 1441 nullo
1304 1377 1619 1460 praesidum
1651 1375 1929 1457 suffragio
1959 1394 2176 1457 appro-

531 1471 755 1545 batum,
789 1470 881 1531 vel
907 1469 1114 1552 plausu
1128 1475 1439 1548 exceptum
1461 1474 1667 1528 contra
1688 1485 1848 1541 eum,
1879 1465 1979 1547 qui
2010 1464 2173 1527 nullo

525 1559 809 1640 synodico
833 1559 1074 1621 decreto
1099 1565 1226 1619 erat
1248 1556 1564 1630 obnoxius,
1599 1554 1958 1617 sententiam
1980 1557 2169 1635 depo-

522 1648 785 1709 sitariam
808 1646 1046 1709 dicere?
1071 1645 1263 1709 Dicite
1287 1663 1396 1727 per
1420 1642 1857 1725 Deum,quibus
1879 1660 2168 1707 canonum

2252 933 2314 987 τὸ
2369 938 2603 989 τοιοῦτον
2658 931 3012 1012 παρατρέχων
3064 930 3485 1015 δικαιολόγημα,
3542 937 3614 1001 ὡς
3667 935 3713 992 εἶ
3769 927 3897 1007 παρ’

2255 1019 2410 1076 αὒτοῦ
2468 1021 2666 1080 ἐκείνου
2708 1019 3023 1101 ἒσχεδιάσθη
3079 1022 3145 1079 τὰ
3202 1021 3318 1081 καθ’
3373 1025 3554 1099 ἡμῶν,
3614 1021 3751 1081 οὕτω
3803 1018 3906 1085 τὴν

2253 1110 2381 1188 πρὸς
2425 1108 2587 1166 ταῦτα
2644 1120 2895 1184 ποιουμαι
2948 1108 3268 1178 ἀπάντησιν,
3324 1118 3616 1179 Κανονικῆς
3666 1109 3906 1189 ἱξεεχετο

2253 1204 2350 1266 τῆς
2399 1196 2653 1277 διαταγῆς
2685 1201 2778 1256 τὸν
2811 1200 2897 1256 ἐπὶ
2939 1206 3017 1274 τῷ
3069 1201 3236 1279 θρόνῳ
3284 1201 3587 1277 ἂντίζηλον,
3648 1199 3744 1257 ἕνα
3813 1203 3904 1256 καὶ

2252 1294 2416 1345 ταῦτα
2443 1288 2593 1360 ὅντα,
2625 1290 2711 1345 καὶ
2758 1289 2900 1368 παρὰ
2948 1287 3175 1365 μηδενὸς
3232 1298 3339 1348 τῶν
3407 1290 3697 1373 ἀρχιερέων
3724 1309 3906 1368 παρα-

2253 1378 2622 1456 κροτούμενον,
2696 1378 2831 1436 κατὰ
2901 1385 2996 1435 τοῦ
3050 1380 3127 1455 μή
3186 1402 3288 1435 τινι
3342 1379 3588 1450 συνοδικῆ
3644 1378 3905 1458 ἀποφάσει

2254 1467 2698 1547 παρακινηθὲντος
2768 1478 2859 1528 τοῦ
2940 1470 3142 1548 θρόνου,
3234 1470 3450 1548 γνώμας
3537 1468 3905 1542 καθαιρετικᾰς

2255 1557 2679 1637 ἀποφαίνεσθαις
2757 1557 2958 1615 Εἴπατε
3028 1561 3073 1613 οἱ
3132 1562 3263 1638 πρὸς
3335 1561 3465 1617 Θεὸν
3518 1582 3624 1618 των
3668 1558 3907 1616 κανόνι-εν

2253 1646 2656 1722 πεπιστευμένοι
2727 1647 2827 1714 τὴν
2881 1645 3141 1727 φυλακὴν,
3212 1650 3254 1704 εἰ
3305 1650 3557 1707 κανονικὰ
3611 1647 3796 1720 ταῦτα,
3865 1646 3906 1699 εἰ

526 1736 860 1797 observatio
893 1734 1246 1796 demandata
1276 1742 1384 1815 est,
1420 1733 1469 1794 si
1519 1732 1845 1794 canonibus
1873 1731 1982 1794 ista
2015 1750 2170 1814 pra;-

2260 1732 2499 1810 ἕνθεσμα,
2561 1738 2604 1791 εἱ
2671 1741 2775 1792 τῶν
2854 1738 3125 1814 πατρικῶν
3193 1737 3288 1794 οὒκ
3375 1735 3540 1815 ἔξωρα
3599 1733 3906 1801 διατάξεων.

524 1824 844 1904 cipiuntur.
883 1823 932 1884 si
952 1824 1089 1902 jura
1119 1820 1338 1884 similia
1372 1822 1677 1892 mandant,
1713 1823 1759 1883 si
1793 1824 2035 1885 Patrum
2069 1822 2176 1882 ista

2260 1823 2476 1886 Πάντως
2506 1824 2605 1901 γὰρ
2634 1821 2760 1897 ἔδει,
2814 1826 2858 1880 εἰ
2904 1824 2980 1899 μὴ
3043 1821 3226 1889 ἁπλῶς
3282 1824 3449 1901 ὄνομα
3489 1827 3535 1881 οἳ
3591 1823 3715 1903 παρ’
3771 1825 3910 1898 ἡμῖν

524 1911 1051 1974 constitutionibus
1081 1910 1438 1973 innituntur.
1490 1910 1757 1992 Namque
1789 1929 2031 1991 prorsus
2060 1909 2170 1972 ad—

2260 1916 2480 1979 κανόηες
2512 1913 2658 1983 εἰσὶν,
2693 1912 2729 1981 ἢ
2799 1911 3036 1987 δικαίως,
3094 1912 3151 1983 ἢ,
3209 1911 3345 1970 ala
3399 1915 3459 1970 τὸ
3513 1912 3688 1993 ἕνερον
3734 1910 3911 1993 φειδοῖ

527 2000 796 2077 decebat,
828 2000 888 2063 ni
923 2019 1141 2062 nomen
1170 2000 1359 2062 solum
1391 2000 1546 2082 apud
1594 2019 1694 2062 vos
1724 2018 1983 2062 canones
2012 1998 2171 2062 obti-

2260 2004 2353 2068 τῆς
2410 2002 2556 2075 ὑμῶν
2616 1998 3041 2077 σεϐασμιότητος
3124 2001 3440 2076 ἂποσιωπῶ,
3500 2002 3685 2081 ἀργίαν
3752 2002 3908 2076 ἡμῶν

529 2100 696 2165 nent,
731 2098 832 2151 aut
853 2090 1036 2170 juste,
1070 2098 1194 2167 aut,
1230 2090 1334 2151 sed
1359 2089 1546 2166 aliud,
1584 2100 1795 2152 vestrae
1817 2089 2023 2171 pietati
2047 2107 2174 2170 par-
2258 2091 2719 2170 καταψηφίσασθαι
2829 2092 2965 2165 ὑμᾶς
3066 2090 3340 2170 πρότερον,
3424 2093 3513 2147 καὶ
3610 2090 3749 2148 οὕτω
3815 2091 3908 2145 τὸν

2258 2192 2465 2243 κοιναῖς
2534 2192 2657 2243 ταῖς
2714 2180 2937 2259 ψήφοις,
3001 2176 3084 2235 διὰ
3139 2181 3199 2235 τὸ
3255 2181 3385 2259 πρὸς
3439 2180 3538 2249 τὴν
3595 2177 3907 2258 ἀντίῤῥοπον

2256 2267 2557 2342 οἰκονομίαν
2614 2267 2931 2347 ἀσύμφωνον
3016 2266 3174 2325 αὺτοῦ
3257 2266 3749 2344 ἀποδοκιμαεθὲντα
3846 2268 3908 2322 τὸ

2255 2358 2397 2434 πρὶν,
2433 2356 2879 2423 ἂντικαταστῆσαι
2909 2363 2986 2431 τῷ
3028 2357 3195 2436 θρόνῳ
3247 2357 3336 2414 τὸν
3392 2354 3649 2436 δεύτερον,
3706 2363 3807 2416 Νῦν
3853 2354 3910 2410 δὲ

2256 2445 2491 2502 τοιούτω
2560 2443 2788 2521 μηδενὸς
2863 2444 3164 2525 γεγονότος,
3247 2451 3403 2526 κωφῇ
3648 2442 3908 2519 καταδίκῃ

2256 2535 2399 2609 ἡμᾶς
2443 2534 2541 2609 μὲν
2570 2536 2604 2601 ἡ
2635 2534 2796 2614 μονὴ,
2838 2533 2867 2590 ὅ
2897 2532 2949 2590 δὲ
2977 2536 3183 2613 θρόνος,
3217 2535 3260 2591 εί
3293 2535 3369 2611 μή
3401 2555 3463 2614 γε
3492 2533 3909 2615 προσφυέστερόν

2260 2623 2399 2681 ἐστιν
2444 2626 2636 2699 εἱπεῖν,
2681 2624 2716 2691 ἡ
2748 2620 2925 2699 κλίνη,
2958 2622 3166 2680 ὶκεϊνον
3197 2620 3482 2699 ἐλάμϐανε,

525 2179 934 2260 cens,si!entio
965 2179 1751 2259 praetereo,suspensionem
1776 2179 1941 2261 prius
1970 2186 2177 2240 contra

533 2286 640 2329 nos
669 2286 702 2329 a
727 2266 891 2329 vobis
941 2267 1184 2330 decerni
1214 2286 1228 2330 :
1256 2267 1462 2349 sicque
1484 2267 1903 2329 communibus
1935 2267 2176 2329 calculis

525 2363 769 2438 propter
784 2354 1053 2437 ejusdem
1075 2356 1493 2418 adversantem
1515 2355 2079 2437 discordantemque
2099 2354 2174 2417 ab

524 2444 659 2507 aliis
682 2444 1133 2524 dispositionem
1166 2445 1564 2525 excogitatam
1610 2446 1808 2527 priore
1857 2443 2174 2526 reprobato

524 2533 856 2596 secundum
888 2531 950 2594 in
981 2532 1123 2594 sede
1153 2533 1546 2598 substituere.
1578 2535 1653 2597 At
1682 2552 1839 2595 nunc
1862 2551 1999 2595 cum
2028 2533 2173 2596 nihil

533 2620 650 2685 tale
683 2628 984 2703 peractum
1016 2622 1115 2691 sit,
1148 2623 1327 2684 surda
1354 2623 1856 2685 contlemnatione
1891 2640 1996 2683 nos
2038 2622 2175 2704 qui-

541 2711 677 2773 dem
714 2711 1160 2785 monasterium,
1192 2713 1441 2774 thronus
1489 2731 1650 2794 vero,
1709 2712 1823 2773 nisi
1879 2711 2072 2795 aptius
2106 2712 2182 2775 sit

533 2800 767 2874 dicere,
797 2800 1010 2876 lectus,
1057 2801 1222 2863 illum
1256 2801 1508 2883 excepit.

2258 2091 2719 2170 καταψηφίσασθαι
2829 2092 2965 2165 ὑμᾶς
3066 2090 3340 2170 πρότερον,

610 2891 671 2954 ὅ.
706 2888 776 2952 Ει
807 2890 919 2952 hac
949 2890 1191 2971 quidem
1229 2892 1481 2970 primum
1508 2899 1715 2953 contra
1730 2892 1870 2971 jura
1892 2891 2177 2953 commis-

533 2996 662 3040 sum
693 2978 919 3041 facinus
947 2987 1057 3053 est,
1091 2986 1228 3040 ante
1259 2987 1518 3041 nostram
1576 2978 1802 3041 scilicet
1832 2978 2176 3059 synodalem

2262 2979 2322 3034 τὸ
2372 2976 2630 3058 ἀδίκημα,
2683 2980 2745 3034 τὸ
2796 2978 3018 3058 πρὸτῆς
3075 2976 3192 3036 καθ’
3250 2978 3403 3054 τημῶν
3446 2977 3731 3048 συνοδικῆς
3797 2977 3912 3035 δια-

532 3066 1091 3129 condemnationem
1136 3078 1402 3129 nostrum
1434 3069 1492 3129 in
1524 3068 1738 3130 throno
1769 3068 2048 3130 aemulum
2083 3068 2176 3129 in-

2263 3067 2531 3145 γνώσεως,
2594 3067 3044 3135 ἂντικαταστῆναι
3101 3073 3178 3140 τῷ
3219 3067 3386 3148 θρόνῳ
3464 3070 3557 3125 τὸν
3611 3070 3768 3144 ἡμῶν
3825 3067 3911 3124 ἐπὶ

536 3156 1118 3219 tromittere.Verum
1152 3157 1342 3219 oratio
1361 3176 1569 3238 eaqute
1590 3166 1720 3239 post
1743 3156 2176 3218 multitudinem

2264 3156 2432 3230 τούτῳ
2490 3154 2785 3227 ἁντίζηλον.
2842 3147 2897 3213 ιΟ
2956 3153 3010 3212 δὲ
3051 3155 3210 3235 λόγος
3257 3163 3362 3213 τῶν
3405 3158 3534 3233 μιτὰ
3572 3158 3671 3225 τὴν
3739 3155 3910 3233 ἄθροι-

532 3253 951 3325 congregatam
1013 3253 1176 3324 gesta
1235 3256 1392 3321 sunt,
1450 3247 1695 3309 recolat.
1732 3244 2176 3326 Recitabantur,

2265 3265 2346 3299 σιν
2390 3253 2479 3303 τοῦ
2538 3242 2766 3315 πλήθους
2845 3243 2948 3312 ἤδη
3007 3245 3410 3321 ἐπιμνησθήτω.
3470 3245 3912 3325 ’Λννγινώνκοντο

533 3352 665 3414 qua;
688 3332 761 3394 ab
792 3333 937 3414 ipsis
969 3327 1172 3395 contra
1203 3352 1464 3396 canones
1523 3344 1581 3396 et
1605 3335 1705 3414 jus
1736 3350 1914 3395 omne
1947 3351 2176 3393 nunt-u-

2266 3332 2362 3407 μὲν
2407 3335 2458 3388 αἱ
2509 3332 2633 3411 παρ’
2678 3336 2858 3397 αὐτοῖς
2906 3333 3285 3415 ἁκανονίστως,
3328 3336 3417 3391 καὶ
3473 3333 3713 3409 ἂθέσμως
3781 3336 3909 3392 δνο-

534 3422 849 3504 pabantur,
882 3422 1287 3504 depositiones
1314 3441 1327 3486 :
1356 3442 1462 3487 nos
1483 3443 1515 3485 a
1563 3424 1724 3484 nullo
1750 3421 2176 3502 anteajndica-

2266 3423 2554 3497 μαζόμεναι
2610 3423 2953 3502 καθαιρέσεις.
3017 3425 3138 3486 τοὺς
3194 3422 3249 3480 δέ
3298 3424 3440 3504 παρὰ
3494 3421 3723 3498 μηδενὸς
3777 3424 3910 3480 ἂνα-

536 3518 649 3585 tos,
685 3519 959 3592 tanquam
992 3513 1052 3574 in
1081 3512 1257 3574 certis
1288 3532 1355 3575 ac
1400 3511 1751 3574 indubitatis
1794 3520 2176 3592 paternorum

2263 3514 2530 3590 κριθέντας
2601 3514 2762 3587 ἡμᾶς,
2866 3515 2940 3576 ὡς
3038 3513 3125 3570 ἐπί
3207 3512 3661 3591 ὁμόλογουμὲναις
3720 3534 3905 3585 πατρι-

534 3598 872 3678 dogmatum
933 3600 1516 3681 praevaricationibus
1569 3599 2061 3680 criminabantur,
2125 3606 2176 3660 et

2262 3608 2372 3657 κῶν
2455 3598 2732 3681 δογμάτων
2832 3599 3178 3681 παραϐασίαις
3285 3603 3535 3671 ἧτιῶντο,
3623 3601 3909 3680 αἱρετικοὺς

536 3687 863 3750 baaraaticos
885 3679 1285 3752 etGraacorum
1311 3690 1533 3762 hostes,
1569 3688 1868 3768 ojustitia,
1906 3696 1963 3750 et
1983 3679 2176 3748 omnia

2263 3690 2350 3744 καὶ
2392 3695 2497 3744 τῶν
2549 3679 2820 3763 Ῥωμαίων
2895 3679 3149 3771 ἔχθφούς,
3209 3690 3253 3747 ὥ
3308 3689 3468 3765 δίκαι,
3527 3689 3616 3746 καὶ
3681 3679 3712 3745 ὃ
3754 3688 3907 3746 πανθ’

534 3776 890 3857 aspicientes
923 3779 1153 3840 Domini
1188 3778 1367 3841 oculi!
1395 3779 1625 3858 pietatis
1657 3776 2176 3858 magistros,etqui

2264 3779 2483 3856 ὁρῶντες
2538 3777 2793 3858 ὀφθαλμοὶ
2873 3787 2964 3836 τοῦ
3030 3778 3209 3841 Θεοῦὲ
3295 3779 3416 3842 τοὺς
3474 3778 3573 3846 τῆς
3645 3774 3907 3841 εὐσεϐείας

2340 2889 2385 2952 ἑ.
2433 2892 2529 2949 Καὶ
2582 2890 2736 2948 τοῦτο
2805 2891 2902 2961 μὲν
2959 2888 3096 2948 οὕτω
3155 2896 3362 2968 πρῶτον
3408 2888 3491 2971 ἐφ’
3543 2892 3682 2966 ἡμῖν
3724 2890 3909 2970 γέγονε

529 3868 650 3946 jam
675 3864 847 3926 annis
871 3874 1005 3928 ante
1047 3868 1263 3948 elapsis
1293 3886 1459 3928 suam
1487 3886 1626 3947 erga
1647 3866 1884 3930 Graecos
1912 3865 2175 3928 benevo-

535 3953 783 4017 lentiam
814 3955 1384 4025 demonstraveram,
1420 3955 1639 4037 ubique
1667 3957 1935 4018 locorum
1972 3954 2173 4035 impu-

536 4041 751 4103 denter
779 4042 1249 4107 conclamabant.
1281 4043 1433 4118 Quid
1484 4043 1684 4106 multis
1712 4062 1860 4124 opus
1884 4042 1916 4102 ‘I
1945 4043 2025 4104 ita
2053 4044 2178 4105 haec

536 4129 839 4192 enuntiata
865 4131 995 4193 vilis
1027 4131 1350 4213 plebeculse
1398 4133 1623 4196 rabiem
1674 4133 1735 4194 in
1777 4150 1883 4193 nos
1913 4131 2177 4193 concita-

537 4229 697 4289 runt,
732 4230 794 4281 ut
827 4240 932 4301 per
963 4228 1081 4283 tres
1110 4222 1236 4284 dies
1264 4223 1534 4304 integros
1560 4221 1839 4284 continuo
1870 4220 2178 4283 difﬁdere—

541 4327 694 4381 mns,
729 4328 802 4371 an
854 4310 1025 4390 cujus
1065 4311 1183 4373 diei
1235 4312 1346 4373 vivi
1404 4313 1756 4374 matutinum
1817 4309 2177 4391 aspeximus,

2261 3864 2626 3941 διδασκαλους,
2698 3870 2785 3924 καὶ
2842 3869 2902 3925 τὸ
2959 3870 3158 3925 ἑαυτῶν
3208 3868 3262 3925 ἐν
3320 3866 3545 3931 πολλοῖς
3608 3867 3744 3925 κατὰ
3785 3887 3910 3922 και-

2262 3956 2382 4033 ροὺς
2466 3954 2824 4023 ἀποδείξαντες
2937 3956 3317 4039 φιλορώμαιοι),
3406 3957 3583 4025 πάντη
3688 3954 3912 4019 ἀναιδῶς

2262 4043 2577 4104 ἅπεκάλουν.
2644 4048 2741 4104 Καὶ
2799 4048 2846 4103 τί
2898 4049 2963 4103 τὰ
3020 4046 3237 4127 πολλα;
3303 4046 3453 4105 Οὕτω
3506 4067 3672 4103 ταυτα
3747 4043 3910 4122 λεγό-

2264 4155 2395 4208 μενα
2451 4135 2546 4201 τὴν
2605 4135 2721 4191 καθ’
2789 4137 2944 4210 ἡμῶν
3004 4139 3192 4211 μανίαν
3254 4135 3346 4193 τοῦ
3388 4133 3619 4206 πλήθους
3678 4133 3907 4209 ἀνῆψε-νο

2262 4225 2334 4285 ὡς
2400 4222 2482 4279 ἐπὶ
2538 4225 2700 4302 τρισὶν
2759 4224 2907 4288 ὅλαις
2982 4224 3207 4303 ἡμέραις
3277 4222 3444 4299 μηδὲν
3486 4221 3694 4302 θαρῤετν
3761 4221 3911 4301 ἔχειν

2261 4314 2428 4388 ἡμᾶς,
2462 4313 2527 4380 ἧς
2570 4313 2772 4392 ἡμέρας
2803 4316 2863 4369 τὸ
2922 4314 3142 4370 ἑωθινὸν
3199 4312 3413 4390 εἴδομεν
3453 4319 3669 4384 ζῶντες,
3717 4311 3912 4375 ταύτης

538 4397 699 4460 illius
717 4398 890 4461 etiam
925 4400 1103 4461 linem
1139 4401 1347 4463 eodem
1375 4400 1548 4463 modo
1578 4399 2176 4462 intueremur.Homo

2262 4402 2437 4457 καὶτὸ
2466 4399 2617 4465 τέλος
2661 4403 2855 4477 ὁμοίως
2924 4399 3077 4464 ἰδεῖν,
3141 4405 3304 4465 Οὗτος
3361 4403 3461 4481 γὰρ
3519 4399 3791 4478 ἄνθρωπος
3825 4400 3913 4453 τὸν

538 4486 832 4569 siquidem
863 4488 1132 4563 rationis,
1164 4509 1297 4570 qua;
1327 4497 1419 4553 est
1452 4494 1507 4551 in
1542 4491 1633 4551 sui
1664 4487 2035 4561 deﬁnitione,
2072 4504 2177 4548 ex-

540 4595 699 4658 pers,
727 4577 1013 4640 absurdas
1037 4582 1448 4643 accusationes
1475 4579 1757 4641 adversus
1777 4577 2032 4658 aliquem
2046 4576 2180 4655 jac-

539 4675 684 4728 tatas
709 4667 1112 4743 exaudiens,si
1153 4679 1449 4734 momenta
1506 4667 1822 4731 calumniae
1866 4665 2186 4727 accusatio-

536 4755 747 4837 nisque
774 4776 892 4818 non
925 4756 1278 4837 dignoverit,
1323 4759 1517 4821 subita
1546 4767 1606 4819 et
1636 4757 1862 4837 absque
1900 4772 2087 4821 .mo'a
2114 4772 2182 4815 ex

537 4845 832 4907 calumnia
913 4846 1432 4909 eriminationibus
1491 4846 1709 4909 exortis
1790 4842 2178 4906 incenditur:

533 4933 690 5015 quod
716 4935 766 4996 si
790 4937 1086 4998 accusatio
1110 4936 1184 4998 ab
1215 4937 1413 5019 aliquo
1437 4937 1497 4998 in
1529 4936 1816 5017 dignitate
1837 4932 2179 5005 constituto,

539 5031 595 5084 et
628 5024 1001 5104 pmcellente
1033 5028 1343 5097 emanarit,
1381 5023 1765 5087 inﬂammatio
1795 5021 1895 5083 illa
1929 5020 2185 5101 majores

536 5114 693 5175 vires
722 5114 996 5195 acquirit,
1029 5114 1311 5196 dignitate
1339 5116 1511 5177 facile
1566 5115 1744 5176 ﬁdem
1799 5109 2180 5181 conciliante,

537 5221 670 5264 cum
705 5203 803 5284 pui
834 5203 1129 5267 similibus
1160 5205 1421 5267 animum
1448 5204 1785 5275 advertunt,
1833 5199 2184 5279 dignoscere

539 5310 656 5353 ηθη
690 5292 934 5372 Possm.
961 5294 1278 5375 aliQuandn
1300 5296 1817 5373 veritatem,quam
1849 5290 1911 5349 in
1939 5306 2002 5348 se
2033 5305 2182 5348 con-

540 5381 731 5445 tinere
755 5381 929 5444 debet
958 5383 1212 5462 dignitas
1242 5409 1257 5441 ι
1279 5392 1300 5444 ι
1331 5382 1670 5456 auctoritas,
1692 5380 1766 5441 ab
1788 5378 1876 5439 ira
1903 5386 1965 5439 et
1991 5375 2183 5449 rabie,

539 5488 668 5550 qua;
691 5478 821 5530 sant
852 5473 1325 5550 perturbationes
1349 5471 1589 5533 humani
1611 5467 1798 5530 animi
1820 5463 2128 5527 interverti
2166 5484 2179 5526 :

539 5558 855 5639 aliquando
884 5560 1086 5640 etiam,
1137 5581 1269 5622 cum
1323 5560 1582 5640 cognitio
1629 5577 1664 5620 a
1697 5555 1979 5635 dignitate
2008 5553 2184 5632 longe

538 5657 647 5729 est,
678 5648 750 5709 ad
783 5649 1153 5727 mendacem,
1188 5659 1247 5712 et
1274 5648 1648 5712 temerariam
1673 5640 1965 5726 ejusmodi
1996 5641 2184 5704 homi-

2266 4489 2363 4564 μὲν
2393 4490 2453 4546 ἐκ
2481 4500 2572 4549 τοῦ
2600 4490 2724 4570 ὅρου
2781 4495 2937 4549 αὐτοῦ
2992 4490 3150 4570 λόγου
3209 4492 3288 4567 μὴ
3352 4493 3632 4567 εὖμοιρῶν,
3691 4487 3915 4551 ἀτόπους

2263 4580 2408 4644 τινὰς
2466 4580 2785 4659 κατηγορίας
2862 4579 3235 4657 ἐνωτιζόμενος
3314 4576 3724 4657 προτεινομένας
3779 4578 3915 4632 κατὰ

2264 4690 2432 4740 τινος,
2503 4666 2775 4745 μηδεμίαν
2847 4670 3019 4747 ῥοπὴν
3094 4678 3160 4748 τῇ
3246 4675 3346 4737 τῆς
3418 4666 3765 4746 συκοφαντίας
3827 4666 3914 4718 καὶ

2266 4756 2512 4825 διαϐολῆς
2566 4756 2816 4838 διακρίσει
2867 4757 3059 4833 διδοὺς,
3132 4780 3366 4840 ταχιστα
3425 4759 3498 4821 ὡς
3557 4751 3644 4813 ἐπ’
3695 4751 3913 4840 ἀληθέσι

2269 4860 2382 4911 τοῖς
2442 4848 2500 4903 ἐκ
2583 4845 2835 4915 διαϐολῆς
2908 4839 3239 4924 αἰτιάμασιν
3290 4846 3657 4913 ἒξανάπτεται.
3731 4842 3790 4899 Εἰ
3860 4839 3915 4895 δέ

2265 4938 2351 4991 καὶ
2413 4936 2536 5011 παρ’
2598 4935 2777 5015 ἀνδρὸς
2862 4939 2911 4994 αἱ
2963 4939 3274 5016 κατηγορίαι
3333 4935 3393 4993 ἕκ
3460 4956 3603 4997 τινος
3684 4950 3916 5010 περιφα-

2265 5025 2405 5088 νείας
2438 5027 2497 5080 τὸ
2537 5024 2714 5085 δοκεῖν
2769 5026 3012 5106 ἔχοντος,
3084 5025 3288 5100 μᾶλλον
3342 5029 3378 5097 ἡ
3432 5023 3648 5099 ἄναψις,
3694 5021 3757 5076 τὸ
3785 5020 3917 5095 πρὸς

2265 5114 2433 5169 πίτειν
2518 5113 2900 5194 εὖπαράδεκτον
2986 5117 3286 5195 εἰσάγοντος
3405 5123 3499 5172 τοῦ
3593 5108 3915 5185 ἀξιώματος,

2267 5201 2355 5258 ἅτε
2414 5209 2505 5259 τοῦ
2560 5218 2678 5265 τοῖς
2773 5205 3027 5267 τοιούτοις
3077 5204 3440 5284 προσέχοντος
3525 5201 3604 5278 μὴ
3686 5194 3921 5255 συνιδεῖν

2268 5291 2511 5371 ἔχοντος,
2587 5294 2660 5357 ὡς
2725 5294 2854 5350 ποτὲ
2925 5294 3023 5367 μὲν
3082 5294 3148 5363 ἢν
3204 5291 3496 5373 ὀφείλουσιν
3553 5288 3803 5359 ἀλήθειαν
3873 5287 3919 5339 αἱ

2267 5382 2594 5461 περιφάνειαι
2660 5382 2749 5437 καὶ
2825 5383 2889 5438 τὰ
2946 5381 3238 5459 ἆξιώματα,
3312 5381 3511 5448 ταύτην
3565 5377 3751 5454 θυμὸς,
3834 5375 3922 5429 δαὶ

2268 5459 2426 5550 ὀργὴ,
2497 5469 2638 5534 πάθη
2697 5467 2823 5525 ὅντα
2904 5470 3223 5549 ἀνθρώπινα,
3301 5471 3598 5549 ὑφαιρούσι,
3673 5461 3803 5522 ποτὲ
3864 5459 3918 5516 δὲ

2268 5563 2459 5636 γνῶσις
2518 5560 2857 5635 προσήκουσα
2913 5562 2991 5635 τῷ
3049 5560 3329 5637 ἀξιώματι,
3406 5558 3539 5629 πρὸς
3599 5550 3766 5631 ψευδῇ
3822 5550 3922 5607 καὶ

2267 5648 2461 5727 ἀλογου
2531 5650 2649 5711 τοὺς
2708 5648 2974 5714 τοιούτους
3035 5650 3214 5729 ἀνάγει
3272 5645 3625 5727 κατηγορίαν,
3681 5643 3784 5723 οὐχ
3849 5640 3921 5700 ὣς
