  <div class='ocr_page' id='page_1' title='image "/cluster/home/n/w/nwhite01/storage/ocr_20150623/141/mdp.39015078384206/490.png"; bbox 0 0 4178 6288; ppageno 0'>
   <div class='ocr_carea' id='block_1_1' title="bbox 260 318 380 387">
    <p class='ocr_par' dir='ltr' id='par_1_1' title="bbox 260 318 380 387">
     <span class='ocr_line' id='line_1_1' title="bbox 260 318 380 387; baseline 0 0"><span class='ocrx_word' id='word_1_1' title='bbox 260 318 380 387; x_wconf 85' lang='grc'><strong>965</strong></span> 
     </span>
    </p>
   </div>
   <div class='ocr_carea' id='block_1_2' title="bbox 1361 324 2541 395">
    <p class='ocr_par' dir='ltr' id='par_1_2' title="bbox 1361 324 2541 395">
     <span class='ocr_line' id='line_1_2' title="bbox 1361 324 2541 395; baseline -0.004 0"><span class='ocrx_word' id='word_1_2' title='bbox 1361 332 1458 395; x_wconf 87' lang='lat' dir='ltr'><strong>DE</strong></span> <span class='ocrx_word' id='word_1_3' title='bbox 1503 325 2005 393; x_wconf 85' lang='lat' dir='ltr'><strong>DEPOSITIONE</strong></span> <span class='ocrx_word' id='word_1_4' title='bbox 2051 324 2193 389; x_wconf 86' lang='lat' dir='ltr'><strong>SUA</strong></span> <span class='ocrx_word' id='word_1_5' title='bbox 2239 330 2465 394; x_wconf 78' lang='lat' dir='ltr'><strong>ORAT.</strong></span> <span class='ocrx_word' id='word_1_6' title='bbox 2521 328 2541 390; x_wconf 93' lang='lat' dir='ltr'><strong>l</strong></span> 
     </span>
    </p>
   </div>
   <div class='ocr_carea' id='block_1_3' title="bbox 3532 326 3650 391">
    <p class='ocr_par' dir='ltr' id='par_1_3' title="bbox 3532 326 3650 391">
     <span class='ocr_line' id='line_1_3' title="bbox 3532 326 3650 391; baseline 0 -1"><span class='ocrx_word' id='word_1_7' title='bbox 3532 326 3650 391; x_wconf 86' lang='lat'><strong>966</strong></span> 
     </span>
    </p>
   </div>
   <div class='ocr_carea' id='block_1_4' title="bbox 261 426 1919 543">
    <p class='ocr_par' dir='ltr' id='par_1_4' title="bbox 261 454 1919 543">
     <span class='ocr_line' id='line_1_4' title="bbox 261 454 1919 543; baseline 0.011 -34"><span class='ocrx_word' id='word_1_8' title='bbox 261 454 469 543; x_wconf 72' lang='grc' dir='ltr'>γέγονε,</span> <span class='ocrx_word' id='word_1_9' title='bbox 503 459 562 515; x_wconf 79' lang='grc' dir='ltr'>τὸ</span> <span class='ocrx_word' id='word_1_10' title='bbox 594 458 679 516; x_wconf 80' lang='grc' dir='ltr'>ἐπὶ</span> <span class='ocrx_word' id='word_1_11' title='bbox 728 466 796 537; x_wconf 75' lang='grc' dir='ltr'>τῇ</span> <span class='ocrx_word' id='word_1_12' title='bbox 851 460 1138 542; x_wconf 74' lang='grc' dir='ltr'>διαστροφῇ</span> <span class='ocrx_word' id='word_1_13' title='bbox 1180 469 1282 518; x_wconf 85' lang='grc' dir='ltr'>τῶν</span> <span class='ocrx_word' id='word_1_14' title='bbox 1327 462 1613 537; x_wconf 83' lang='grc' dir='ltr'>κοημάνων</span> <span class='ocrx_word' id='word_1_15' title='bbox 1673 458 1919 538; x_wconf 78' lang='grc' dir='ltr'>ἔγκλημα</span> 
     </span>
    </p>
   </div>
   <div class='ocr_carea' id='block_1_5' title="bbox 2003 426 3657 543">
    <p class='ocr_par' dir='ltr' id='par_1_5' title="bbox 2003 452 3657 543">
     <span class='ocr_line' id='line_1_5' title="bbox 2003 452 3657 543; baseline 0.001 -24"><span class='ocrx_word' id='word_1_16' title='bbox 2003 460 2392 522; x_wconf 91' lang='lat' dir='ltr'><strong>concitarent.</strong></span> <span class='ocrx_word' id='word_1_17' title='bbox 2419 460 2773 543; x_wconf 79' lang='lat' dir='ltr'><strong>Rursusque</strong></span> <span class='ocrx_word' id='word_1_18' title='bbox 2793 459 2927 525; x_wconf 89' lang='lat' dir='ltr'><strong>licet</strong></span> <span class='ocrx_word' id='word_1_19' title='bbox 2951 461 3170 542; x_wconf 88' lang='lat' dir='ltr'><strong>scripta</strong></span> <span class='ocrx_word' id='word_1_20' title='bbox 3199 452 3320 539; x_wconf 85' lang='lat' dir='ltr'><strong>igni</strong></span> <span class='ocrx_word' id='word_1_21' title='bbox 3349 461 3657 541; x_wconf 80' lang='lat' dir='ltr'><strong>supposita</strong></span> 
     </span>
    </p>
   </div>
   <div class='ocr_carea' id='block_1_6' title="bbox 264 540 1916 631">
    <p class='ocr_par' dir='ltr' id='par_1_6' title="bbox 264 540 1916 631">
     <span class='ocr_line' id='line_1_6' title="bbox 264 540 1916 631; baseline 0.004 -33"><span class='ocrx_word' id='word_1_22' title='bbox 264 540 532 624; x_wconf 74' lang='grc' dir='ltr'>διαφεύξῃ.</span> <span class='ocrx_word' id='word_1_23' title='bbox 591 547 665 606; x_wconf 74' lang='grc' dir='ltr'><strong>Οὖ</strong></span> <span class='ocrx_word' id='word_1_24' title='bbox 708 556 863 606; x_wconf 82' lang='grc' dir='ltr'>τοῦτο</span> <span class='ocrx_word' id='word_1_25' title='bbox 918 540 1111 629; x_wconf 68' lang='grc' dir='ltr'>ἔγωγε,</span> <span class='ocrx_word' id='word_1_26' title='bbox 1158 550 1423 631; x_wconf 79' lang='grc' dir='ltr'>βέλτιστε,</span> <span class='ocrx_word' id='word_1_27' title='bbox 1482 547 1597 606; x_wconf 75' lang='grc' dir='ltr'>οὖδὲ</span> <span class='ocrx_word' id='word_1_28' title='bbox 1666 549 1916 619; x_wconf 74' lang='grc' dir='ltr'>ὲνενοήθη</span> 
     </span>
    </p>
   </div>
   <div class='ocr_carea' id='block_1_7' title="bbox 266 635 1918 719">
    <p class='ocr_par' dir='ltr' id='par_1_7' title="bbox 266 635 1918 719">
     <span class='ocr_line' id='line_1_7' title="bbox 266 635 1918 719; baseline 0 -25"><span class='ocrx_word' id='word_1_29' title='bbox 266 654 356 694; x_wconf 68' lang='grc' dir='ltr'><strong>μοι</strong></span> <span class='ocrx_word' id='word_1_30' title='bbox 385 642 541 694; x_wconf 78' lang='grc' dir='ltr'>τοῦτο</span> <span class='ocrx_word' id='word_1_31' title='bbox 572 653 588 668; x_wconf 85' lang='grc'>⁶</span> <span class='ocrx_word' id='word_1_32' title='bbox 637 638 719 694; x_wconf 75' lang='grc' dir='ltr'><strong>ὃτι</strong></span> <span class='ocrx_word' id='word_1_33' title='bbox 775 635 830 694; x_wconf 74' lang='grc' dir='ltr'>δὲ</span> <span class='ocrx_word' id='word_1_34' title='bbox 891 638 1121 698; x_wconf 73' lang='grc' dir='ltr'>ἐντεῦθεν</span> <span class='ocrx_word' id='word_1_35' title='bbox 1178 643 1239 698; x_wconf 82' lang='grc' dir='ltr'>τὸ</span> <span class='ocrx_word' id='word_1_36' title='bbox 1298 642 1391 697; x_wconf 77' lang='grc' dir='ltr'><strong>σὺν</strong></span> <span class='ocrx_word' id='word_1_37' title='bbox 1459 641 1731 719; x_wconf 69' lang='grc' dir='ltr'>περίεργον</span> <span class='ocrx_word' id='word_1_38' title='bbox 1790 639 1918 695; x_wconf 81' lang='grc' dir='ltr'>ἀπε-</span> 
     </span>
    </p>
   </div>
   <div class='ocr_carea' id='block_1_8' title="bbox 264 719 1912 808">
    <p class='ocr_par' dir='ltr' id='par_1_8' title="bbox 264 719 1912 808">
     <span class='ocr_line' id='line_1_8' title="bbox 264 719 1912 808; baseline 0.005 -30"><span class='ocrx_word' id='word_1_39' title='bbox 264 719 546 802; x_wconf 80' lang='grc' dir='ltr'>λέγχεται,</span> <span class='ocrx_word' id='word_1_40' title='bbox 574 726 662 783; x_wconf 87' lang='grc' dir='ltr'><strong>καὶ</strong></span> <span class='ocrx_word' id='word_1_41' title='bbox 707 724 851 802; x_wconf 75' lang='grc' dir='ltr'>μὰλα</span> <span class='ocrx_word' id='word_1_42' title='bbox 902 735 1104 804; x_wconf 88' lang='grc' dir='ltr'>τρανῶς</span> <span class='ocrx_word' id='word_1_43' title='bbox 1159 751 1321 808; x_wconf 81' lang='grc' dir='ltr'>φημι,</span> <span class='ocrx_word' id='word_1_44' title='bbox 1386 728 1483 787; x_wconf 78' lang='grc' dir='ltr'>Καὶ</span> <span class='ocrx_word' id='word_1_45' title='bbox 1537 727 1587 783; x_wconf 86' lang='grc' dir='ltr'><strong>τί</strong></span> <span class='ocrx_word' id='word_1_46' title='bbox 1630 727 1731 805; x_wconf 82' lang='grc' dir='ltr'><strong>γὰρ</strong></span> <span class='ocrx_word' id='word_1_47' title='bbox 1760 722 1912 800; x_wconf 72' lang='grc' dir='ltr'>ἄλλο,</span> 
     </span>
    </p>
   </div>
   <div class='ocr_carea' id='block_1_9' title="bbox 264 809 1913 892">
    <p class='ocr_par' dir='ltr' id='par_1_9' title="bbox 264 809 1913 892">
     <span class='ocr_line' id='line_1_9' title="bbox 264 809 1913 892; baseline 0.007 -26"><span class='ocrx_word' id='word_1_48' title='bbox 264 809 301 878; x_wconf 77' lang='grc' dir='ltr'><strong>ἢ</strong></span> <span class='ocrx_word' id='word_1_49' title='bbox 334 810 428 868; x_wconf 74' lang='grc' dir='ltr'>’ίνα</span> <span class='ocrx_word' id='word_1_50' title='bbox 469 815 571 881; x_wconf 69' lang='grc' dir='ltr'>τὴν</span> <span class='ocrx_word' id='word_1_51' title='bbox 621 813 681 870; x_wconf 75' lang='grc' dir='ltr'>ἐκ</span> <span class='ocrx_word' id='word_1_52' title='bbox 721 820 821 882; x_wconf 80' lang='grc' dir='ltr'>τῆς</span> <span class='ocrx_word' id='word_1_53' title='bbox 874 815 1054 892; x_wconf 77' lang='grc' dir='ltr'>βίϐλου</span> <span class='ocrx_word' id='word_1_54' title='bbox 1106 817 1352 874; x_wconf 85' lang='grc' dir='ltr'>σύστασιν</span> <span class='ocrx_word' id='word_1_55' title='bbox 1408 818 1553 891; x_wconf 82' lang='grc' dir='ltr'>ἡμᾶς</span> <span class='ocrx_word' id='word_1_56' title='bbox 1610 814 1913 891; x_wconf 76' lang='grc' dir='ltr'><strong>ζημιώσῃς,</strong></span> 
     </span>
    </p>
   </div>
   <div class='ocr_carea' id='block_1_10' title="bbox 267 898 1918 980">
    <p class='ocr_par' dir='ltr' id='par_1_10' title="bbox 267 898 1918 980">
     <span class='ocr_line' id='line_1_10' title="bbox 267 898 1918 980; baseline 0.002 -25"><span class='ocrx_word' id='word_1_57' title='bbox 267 898 708 980; x_wconf 75' lang='grc' dir='ltr'>ἑπραγματεύσω,</span> <span class='ocrx_word' id='word_1_58' title='bbox 757 907 844 961; x_wconf 87' lang='grc' dir='ltr'><strong>καὶ</strong></span> <span class='ocrx_word' id='word_1_59' title='bbox 886 905 979 962; x_wconf 70' lang='grc' dir='ltr'>’ίνα</span> <span class='ocrx_word' id='word_1_60' title='bbox 1037 920 1155 971; x_wconf 87' lang='grc' dir='ltr'>τοῖς</span> <span class='ocrx_word' id='word_1_61' title='bbox 1210 904 1437 968; x_wconf 79' lang='grc' dir='ltr'>πολλοῖς</span> <span class='ocrx_word' id='word_1_62' title='bbox 1493 905 1724 961; x_wconf 80' lang='grc' dir='ltr'>ἐντεῦθεν</span> <span class='ocrx_word' id='word_1_63' title='bbox 1767 900 1918 969; x_wconf 81' lang='grc' dir='ltr'>δόξαν</span> 
     </span>
    </p>
   </div>
   <div class='ocr_carea' id='block_1_11' title="bbox 267 989 1919 1072">
    <p class='ocr_par' dir='ltr' id='par_1_11' title="bbox 267 989 1919 1072">
     <span class='ocr_line' id='line_1_11' title="bbox 267 989 1919 1072; baseline 0.002 -27"><span class='ocrx_word' id='word_1_64' title='bbox 267 989 559 1071; x_wconf 73' lang='grc' dir='ltr'><strong>παράσχῃς</strong></span> <span class='ocrx_word' id='word_1_65' title='bbox 617 992 868 1072; x_wconf 74' lang='grc' dir='ltr'>μεγάλων</span> <span class='ocrx_word' id='word_1_66' title='bbox 941 993 1152 1063; x_wconf 79' lang='grc' dir='ltr'>ἀληθῶς</span> <span class='ocrx_word' id='word_1_67' title='bbox 1225 995 1586 1070; x_wconf 86' lang='grc' dir='ltr'>ἀτοπημάτων</span> <span class='ocrx_word' id='word_1_68' title='bbox 1638 994 1728 1050; x_wconf 90' lang='grc' dir='ltr'><strong>καὶ</strong></span> <span class='ocrx_word' id='word_1_69' title='bbox 1797 992 1919 1048; x_wconf 88' lang='grc' dir='ltr'>ἀσε-</span> 
     </span>
    </p>
   </div>
   <div class='ocr_carea' id='block_1_12' title="bbox 264 1073 1914 1161">
    <p class='ocr_par' dir='ltr' id='par_1_12' title="bbox 264 1073 1914 1161">
     <span class='ocr_line' id='line_1_12' title="bbox 264 1073 1914 1161; baseline 0.006 -29"><span class='ocrx_word' id='word_1_70' title='bbox 264 1073 424 1136; x_wconf 78' lang='grc' dir='ltr'>ϐειῶν</span> <span class='ocrx_word' id='word_1_71' title='bbox 452 1079 841 1158; x_wconf 47' lang='grc' dir='ltr'>περιληπτικὴ</span> <span class='ocrx_word' id='word_1_72' title='bbox 890 1083 1033 1140; x_wconf 78' lang='grc' dir='ltr'>εἶναι</span> <span class='ocrx_word' id='word_1_73' title='bbox 1089 1085 1189 1152; x_wconf 78' lang='grc' dir='ltr'>τὴν</span> <span class='ocrx_word' id='word_1_74' title='bbox 1217 1080 1393 1161; x_wconf 76' lang='grc' dir='ltr'>βίϐλον</span> <span class='ocrx_word' id='word_1_75' title='bbox 1420 1101 1442 1161; x_wconf 81' lang='lat'><strong><em>;</em></strong></span> <span class='ocrx_word' id='word_1_76' title='bbox 1472 1080 1626 1140; x_wconf 84' lang='grc' dir='ltr'>Ἀλλ’</span> <span class='ocrx_word' id='word_1_77' title='bbox 1684 1083 1756 1146; x_wconf 75' lang='grc' dir='ltr'>εἷς</span> <span class='ocrx_word' id='word_1_78' title='bbox 1814 1081 1914 1157; x_wconf 82' lang='grc' dir='ltr'>μά·</span> 
     </span>
    </p>
   </div>
   <div class='ocr_carea' id='block_1_13' title="bbox 263 1169 1914 1252">
    <p class='ocr_par' dir='ltr' id='par_1_13' title="bbox 263 1169 1914 1252">
     <span class='ocr_line' id='line_1_13' title="bbox 263 1169 1914 1252; baseline 0.007 -29"><span class='ocrx_word' id='word_1_79' title='bbox 263 1187 362 1235; x_wconf 84' lang='grc' dir='ltr'><strong>την</strong></span> <span class='ocrx_word' id='word_1_80' title='bbox 391 1189 474 1225; x_wconf 89' lang='grc' dir='ltr'><strong>σοι</strong></span> <span class='ocrx_word' id='word_1_81' title='bbox 516 1171 647 1249; x_wconf 85' lang='grc' dir='ltr'>πρὸς</span> <span class='ocrx_word' id='word_1_82' title='bbox 677 1178 830 1228; x_wconf 76' lang='grc' dir='ltr'>τοῦτο</span> <span class='ocrx_word' id='word_1_83' title='bbox 886 1173 951 1231; x_wconf 82' lang='grc' dir='ltr'>τὰ</span> <span class='ocrx_word' id='word_1_84' title='bbox 991 1171 1191 1252; x_wconf 76' lang='grc' dir='ltr'>ἕνεδρα,</span> <span class='ocrx_word' id='word_1_85' title='bbox 1251 1174 1324 1231; x_wconf 69' lang='grc' dir='ltr'><strong>Οὔ</strong></span> <span class='ocrx_word' id='word_1_86' title='bbox 1379 1172 1478 1251; x_wconf 77' lang='grc' dir='ltr'><strong>γὰρ</strong></span> <span class='ocrx_word' id='word_1_87' title='bbox 1536 1169 1725 1247; x_wconf 74' lang='grc' dir='ltr'>ἔμελλε</span> <span class='ocrx_word' id='word_1_88' title='bbox 1784 1172 1914 1234; x_wconf 74' lang='grc' dir='ltr'>Θεὸς</span> 
     </span>
    </p>
   </div>
   <div class='ocr_carea' id='block_1_14' title="bbox 267 1255 1927 1339">
    <p class='ocr_par' dir='ltr' id='par_1_14' title="bbox 267 1255 1927 1339">
     <span class='ocr_line' id='line_1_14' title="bbox 267 1255 1927 1339; baseline 0.005 -28"><span class='ocrx_word' id='word_1_89' title='bbox 267 1255 388 1321; x_wconf 69' lang='grc' dir='ltr'>τοὺς</span> <span class='ocrx_word' id='word_1_90' title='bbox 443 1257 496 1314; x_wconf 82' lang='grc' dir='ltr'>ἐν</span> <span class='ocrx_word' id='word_1_91' title='bbox 531 1257 834 1339; x_wconf 68' lang='grc' dir='ltr'>ζεὶλικρινεῖ</span> <span class='ocrx_word' id='word_1_92' title='bbox 888 1267 955 1339; x_wconf 75' lang='grc' dir='ltr'><strong>τῇ</strong></span> <span class='ocrx_word' id='word_1_93' title='bbox 1007 1261 1269 1329; x_wconf 77' lang='grc' dir='ltr'><strong>ἁπλότητι</strong></span> <span class='ocrx_word' id='word_1_94' title='bbox 1326 1268 1527 1333; x_wconf 74' lang='grc' dir='ltr'>ζῶντλς</span> <span class='ocrx_word' id='word_1_95' title='bbox 1583 1258 1794 1324; x_wconf 84' lang='grc' dir='ltr'>δούλους</span> <span class='ocrx_word' id='word_1_96' title='bbox 1838 1263 1927 1319; x_wconf 78' lang='grc' dir='ltr'>αύ-</span> 
     </span>
    </p>
   </div>
   <div class='ocr_carea' id='block_1_15' title="bbox 1998 545 3654 633">
    <p class='ocr_par' dir='ltr' id='par_1_15' title="bbox 1998 545 3654 633">
     <span class='ocr_line' id='line_1_15' title="bbox 1998 545 3654 633; baseline 0.002 -26"><span class='ocrx_word' id='word_1_97' title='bbox 1998 545 2243 623; x_wconf 87' lang='lat' dir='ltr'><strong>fuerint,</strong></span> <span class='ocrx_word' id='word_1_98' title='bbox 2293 568 2367 610; x_wconf 85' lang='lat' dir='ltr'><strong>an</strong></span> <span class='ocrx_word' id='word_1_99' title='bbox 2399 559 2730 631; x_wconf 89' lang='lat' dir='ltr'><strong>p.0pterea,</strong></span> <span class='ocrx_word' id='word_1_100' title='bbox 2766 550 2923 633; x_wconf 89' lang='lat' dir='ltr'><strong>quod</strong></span> <span class='ocrx_word' id='word_1_101' title='bbox 2983 550 3103 612; x_wconf 86' lang='lat' dir='ltr'><strong>illis</strong></span> <span class='ocrx_word' id='word_1_102' title='bbox 3134 547 3505 629; x_wconf 80' lang='lat' dir='ltr'><strong>impingitur,</strong></span> <span class='ocrx_word' id='word_1_103' title='bbox 3539 547 3654 610; x_wconf 52' lang='lat' dir='ltr'><strong>do-</strong></span> 
     </span>
    </p>
   </div>
   <div class='ocr_carea' id='block_1_16' title="bbox 1999 636 3651 718">
    <p class='ocr_par' dir='ltr' id='par_1_16' title="bbox 1999 636 3651 718">
     <span class='ocr_line' id='line_1_16' title="bbox 1999 636 3651 718; baseline 0.002 -22"><span class='ocrx_word' id='word_1_104' title='bbox 1999 646 2261 717; x_wconf 89' lang='lat' dir='ltr'><strong>gmatum</strong></span> <span class='ocrx_word' id='word_1_105' title='bbox 2295 640 2627 702; x_wconf 87' lang='lat' dir='ltr'><strong>eversionis</strong></span> <span class='ocrx_word' id='word_1_106' title='bbox 2648 640 2875 702; x_wconf 88' lang='lat' dir='ltr'><strong>crimen</strong></span> <span class='ocrx_word' id='word_1_107' title='bbox 2898 640 3146 718; x_wconf 74' lang='lat' dir='ltr'><strong>effugies</strong></span> <span class='ocrx_word' id='word_1_108' title='bbox 3165 638 3196 699; x_wconf 86' lang='lat'><strong>?</strong></span> <span class='ocrx_word' id='word_1_109' title='bbox 3215 636 3344 701; x_wconf 91' lang='lat' dir='ltr'><strong>Non</strong></span> <span class='ocrx_word' id='word_1_110' title='bbox 3376 640 3487 701; x_wconf 88' lang='lat' dir='ltr'><strong>hoc</strong></span> <span class='ocrx_word' id='word_1_111' title='bbox 3520 656 3651 717; x_wconf 86' lang='lat' dir='ltr'><strong>ego,</strong></span> 
     </span>
    </p>
   </div>
   <div class='ocr_carea' id='block_1_17' title="bbox 1999 725 3656 811">
    <p class='ocr_par' dir='ltr' id='par_1_17' title="bbox 1999 725 3656 811">
     <span class='ocr_line' id='line_1_17' title="bbox 1999 725 3656 811; baseline 0.001 -25"><span class='ocrx_word' id='word_1_112' title='bbox 1999 746 2035 786; x_wconf 90' lang='grc' dir='ltr'><strong>ο</strong></span> <span class='ocrx_word' id='word_1_113' title='bbox 2064 725 2311 807; x_wconf 80' lang='lat' dir='ltr'><strong>optime,</strong></span> <span class='ocrx_word' id='word_1_114' title='bbox 2343 746 2542 805; x_wconf 83' lang='lat' dir='ltr'><strong>neque</strong></span> <span class='ocrx_word' id='word_1_115' title='bbox 2591 729 2648 792; x_wconf 92' lang='lat' dir='ltr'><strong>id</strong></span> <span class='ocrx_word' id='word_1_116' title='bbox 2684 749 2942 811; x_wconf 88' lang='lat' dir='ltr'><strong>unquam</strong></span> <span class='ocrx_word' id='word_1_117' title='bbox 2978 738 3179 791; x_wconf 91' lang='lat' dir='ltr'><strong>mente</strong></span> <span class='ocrx_word' id='word_1_118' title='bbox 3204 728 3534 791; x_wconf 83' lang='lat' dir='ltr'><strong>revolutum</strong></span> <span class='ocrx_word' id='word_1_119' title='bbox 3566 738 3656 790; x_wconf 88' lang='lat' dir='ltr'><strong>est</strong></span> 
     </span>
    </p>
   </div>
   <div class='ocr_carea' id='block_1_18' title="bbox 2003 816 3652 900">
    <p class='ocr_par' dir='ltr' id='par_1_18' title="bbox 2003 816 3652 900">
     <span class='ocr_line' id='line_1_18' title="bbox 2003 816 3652 900; baseline 0.002 -25"><span class='ocrx_word' id='word_1_120' title='bbox 2003 833 2174 878; x_wconf 89' lang='lat' dir='ltr'><strong>mea:</strong></span> <span class='ocrx_word' id='word_1_121' title='bbox 2203 816 2305 877; x_wconf 89' lang='lat' dir='ltr'><strong>sed</strong></span> <span class='ocrx_word' id='word_1_122' title='bbox 2333 817 2472 879; x_wconf 89' lang='lat' dir='ltr'><strong>hinc</strong></span> <span class='ocrx_word' id='word_1_123' title='bbox 2498 837 2997 898; x_wconf 85' lang='lat' dir='ltr'><strong>supervacaneam</strong></span> <span class='ocrx_word' id='word_1_124' title='bbox 3034 828 3188 880; x_wconf 88' lang='lat' dir='ltr'><strong>luam</strong></span> <span class='ocrx_word' id='word_1_125' title='bbox 3231 818 3652 900; x_wconf 87' lang='lat' dir='ltr'><strong>operositatem</strong></span> 
     </span>
    </p>
   </div>
   <div class='ocr_carea' id='block_1_19' title="bbox 2000 904 3652 990">
    <p class='ocr_par' dir='ltr' id='par_1_19' title="bbox 2000 904 3652 990">
     <span class='ocr_line' id='line_1_19' title="bbox 2000 904 3652 990; baseline 0.001 -25"><span class='ocrx_word' id='word_1_126' title='bbox 2000 904 2374 986; x_wconf 80' lang='lat' dir='ltr'><strong>deprehendi</strong></span> <span class='ocrx_word' id='word_1_127' title='bbox 2433 908 2814 988; x_wconf 78' lang='lat' dir='ltr'><strong>apertissime</strong></span> <span class='ocrx_word' id='word_1_128' title='bbox 2845 909 3004 971; x_wconf 89' lang='lat' dir='ltr'><strong>dico.</strong></span> <span class='ocrx_word' id='word_1_129' title='bbox 3061 907 3132 969; x_wconf 87' lang='lat' dir='ltr'><strong>Et</strong></span> <span class='ocrx_word' id='word_1_130' title='bbox 3162 907 3446 990; x_wconf 84' lang='lat' dir='ltr'><strong>quidnam</strong></span> <span class='ocrx_word' id='word_1_131' title='bbox 3488 906 3652 968; x_wconf 81' lang='lat' dir='ltr'><strong>aliud</strong></span> 
     </span>
    </p>
   </div>
   <div class='ocr_carea' id='block_1_20' title="bbox 1998 994 3649 1078">
    <p class='ocr_par' dir='ltr' id='par_1_20' title="bbox 1998 994 3649 1078">
     <span class='ocr_line' id='line_1_20' title="bbox 1998 994 3649 1078; baseline 0.001 -24"><span class='ocrx_word' id='word_1_132' title='bbox 1998 994 2324 1073; x_wconf 89' lang='lat' dir='ltr'><strong>attendisti,</strong></span> <span class='ocrx_word' id='word_1_133' title='bbox 2359 1015 2535 1077; x_wconf 90' lang='lat' dir='ltr'><strong>quam</strong></span> <span class='ocrx_word' id='word_1_134' title='bbox 2573 1005 2636 1058; x_wconf 92' lang='lat' dir='ltr'><strong>ut</strong></span> <span class='ocrx_word' id='word_1_135' title='bbox 2666 1016 2774 1058; x_wconf 92' lang='lat' dir='ltr'><strong>nos</strong></span> <span class='ocrx_word' id='word_1_136' title='bbox 2820 997 3117 1061; x_wconf 89' lang='lat' dir='ltr'><strong>volumine</strong></span> <span class='ocrx_word' id='word_1_137' title='bbox 3145 997 3458 1078; x_wconf 88' lang='lat' dir='ltr'><strong>spoliares,</strong></span> <span class='ocrx_word' id='word_1_138' title='bbox 3493 1013 3649 1076; x_wconf 83' lang='lat' dir='ltr'><strong>prae-</strong></span> 
     </span>
    </p>
   </div>
   <div class='ocr_carea' id='block_1_21' title="bbox 2001 1084 3653 1167">
    <p class='ocr_par' dir='ltr' id='par_1_21' title="bbox 2001 1084 3653 1167">
     <span class='ocr_line' id='line_1_21' title="bbox 2001 1084 3653 1167; baseline 0.002 -25"><span class='ocrx_word' id='word_1_139' title='bbox 2001 1087 2283 1163; x_wconf 88' lang='lat' dir='ltr'><strong>tereaque</strong></span> <span class='ocrx_word' id='word_1_140' title='bbox 2313 1092 2376 1145; x_wconf 92' lang='lat' dir='ltr'><strong>ut</strong></span> <span class='ocrx_word' id='word_1_141' title='bbox 2405 1085 2611 1148; x_wconf 90' lang='lat' dir='ltr'><strong>multis</strong></span> <span class='ocrx_word' id='word_1_142' title='bbox 2636 1086 2777 1148; x_wconf 90' lang='lat' dir='ltr'><strong>inde</strong></span> <span class='ocrx_word' id='word_1_143' title='bbox 2800 1095 3144 1167; x_wconf 88' lang='lat' dir='ltr'><strong>suspectum</strong></span> <span class='ocrx_word' id='word_1_144' title='bbox 3165 1084 3653 1165; x_wconf 84' lang='lat' dir='ltr'><strong>redderes,quasi</strong></span> 
     </span>
    </p>
   </div>
   <div class='ocr_carea' id='block_1_22' title="bbox 1998 1170 3650 1255">
    <p class='ocr_par' dir='ltr' id='par_1_22' title="bbox 1998 1170 3650 1255">
     <span class='ocr_line' id='line_1_22' title="bbox 1998 1170 3650 1255; baseline 0.002 -25"><span class='ocrx_word' id='word_1_145' title='bbox 1998 1170 2150 1232; x_wconf 85' lang='lat' dir='ltr'><strong>illud</strong></span> <span class='ocrx_word' id='word_1_146' title='bbox 2182 1172 2474 1235; x_wconf 89' lang='lat' dir='ltr'><strong>absurdas</strong></span> <span class='ocrx_word' id='word_1_147' title='bbox 2525 1174 2884 1255; x_wconf 89' lang='lat' dir='ltr'><strong>impietates,</strong></span> <span class='ocrx_word' id='word_1_148' title='bbox 2939 1193 3159 1255; x_wconf 80' lang='lat' dir='ltr'><strong>easque</strong></span> <span class='ocrx_word' id='word_1_149' title='bbox 3186 1174 3481 1235; x_wconf 90' lang='lat' dir='ltr'><strong>immanes</strong></span> <span class='ocrx_word' id='word_1_150' title='bbox 3509 1191 3650 1235; x_wconf 85' lang='lat' dir='ltr'><strong>vere</strong></span> 
     </span>
    </p>
   </div>
   <div class='ocr_carea' id='block_1_23' title="bbox 2006 1261 3647 1327">
    <p class='ocr_par' dir='ltr' id='par_1_23' title="bbox 2006 1261 3647 1327">
     <span class='ocr_line' id='line_1_23' title="bbox 2006 1261 3647 1327; baseline 0.003 -5"><span class='ocrx_word' id='word_1_151' title='bbox 2006 1261 2069 1323; x_wconf 92' lang='lat' dir='ltr'><strong>in</strong></span> <span class='ocrx_word' id='word_1_152' title='bbox 2091 1279 2157 1322; x_wconf 91' lang='lat' dir='ltr'><strong>se</strong></span> <span class='ocrx_word' id='word_1_153' title='bbox 2189 1262 2568 1327; x_wconf 81' lang='lat' dir='ltr'><strong>contineret?</strong></span> <span class='ocrx_word' id='word_1_154' title='bbox 2601 1264 2704 1325; x_wconf 91' lang='lat' dir='ltr'><strong>sed</strong></span> <span class='ocrx_word' id='word_1_155' title='bbox 2730 1262 2967 1325; x_wconf 87' lang='lat' dir='ltr'><strong>fraudes</strong></span> <span class='ocrx_word' id='word_1_156' title='bbox 2987 1263 3048 1325; x_wconf 89' lang='lat' dir='ltr'><strong>iu</strong></span> <span class='ocrx_word' id='word_1_157' title='bbox 3078 1281 3309 1325; x_wconf 89' lang='lat' dir='ltr'><strong>cassum</strong></span> <span class='ocrx_word' id='word_1_158' title='bbox 3341 1262 3647 1327; x_wconf 85' lang='lat' dir='ltr'><strong>decidere.</strong></span> 
     </span>
    </p>
   </div>
   <div class='ocr_carea' id='block_1_24' title="bbox 267 1344 1919 1433">
    <p class='ocr_par' dir='ltr' id='par_1_24' title="bbox 267 1344 1919 1431">
     <span class='ocr_line' id='line_1_24' title="bbox 267 1344 1919 1431; baseline 0.004 -31"><span class='ocrx_word' id='word_1_159' title='bbox 267 1354 361 1405; x_wconf 77' lang='grc' dir='ltr'>τοῦ</span> <span class='ocrx_word' id='word_1_160' title='bbox 404 1344 673 1427; x_wconf 80' lang='grc' dir='ltr'>παριδεῖν.</span> <span class='ocrx_word' id='word_1_161' title='bbox 718 1350 791 1406; x_wconf 84' lang='grc' dir='ltr'><strong>Σὺ</strong></span> <span class='ocrx_word' id='word_1_162' title='bbox 821 1351 917 1426; x_wconf 76' lang='grc' dir='ltr'>μὲν</span> <span class='ocrx_word' id='word_1_163' title='bbox 964 1351 1065 1429; x_wconf 72' lang='grc' dir='ltr'>γὰρ</span> <span class='ocrx_word' id='word_1_164' title='bbox 1110 1352 1238 1431; x_wconf 74' lang='grc' dir='ltr'>χθὲς</span> <span class='ocrx_word' id='word_1_165' title='bbox 1266 1353 1356 1409; x_wconf 82' lang='grc' dir='ltr'>καὶ</span> <span class='ocrx_word' id='word_1_166' title='bbox 1412 1351 1513 1429; x_wconf 79' lang='grc' dir='ltr'>πρὸ</span> <span class='ocrx_word' id='word_1_167' title='bbox 1564 1351 1745 1430; x_wconf 84' lang='grc' dir='ltr'>τρίτῆς</span> <span class='ocrx_word' id='word_1_168' title='bbox 1787 1347 1919 1414; x_wconf 74' lang='grc' dir='ltr'>ἴσως</span> 
     </span>
    </p>
   </div>
   <div class='ocr_carea' id='block_1_25' title="bbox 2003 1344 3650 1433">
    <p class='ocr_par' dir='ltr' id='par_1_25' title="bbox 2005 1349 3650 1433">
     <span class='ocr_line' id='line_1_25' title="bbox 2005 1349 3650 1433; baseline 0.001 -20"><span class='ocrx_word' id='word_1_169' title='bbox 2005 1352 2212 1432; x_wconf 93' lang='lat' dir='ltr'><strong>Neque</strong></span> <span class='ocrx_word' id='word_1_170' title='bbox 2243 1350 2401 1412; x_wconf 90' lang='lat' dir='ltr'><strong>enim</strong></span> <span class='ocrx_word' id='word_1_171' title='bbox 2455 1349 2613 1415; x_wconf 86' lang='lat' dir='ltr'><strong>Deus</strong></span> <span class='ocrx_word' id='word_1_172' title='bbox 2643 1370 2846 1414; x_wconf 89' lang='lat' dir='ltr'><strong>servos</strong></span> <span class='ocrx_word' id='word_1_173' title='bbox 2894 1371 3058 1433; x_wconf 87' lang='lat' dir='ltr'><strong>suos,</strong></span> <span class='ocrx_word' id='word_1_174' title='bbox 3090 1361 3149 1413; x_wconf 90' lang='lat' dir='ltr'><strong>et</strong></span> <span class='ocrx_word' id='word_1_175' title='bbox 3181 1370 3330 1431; x_wconf 88' lang='lat' dir='ltr'><strong>pura</strong></span> <span class='ocrx_word' id='word_1_176' title='bbox 3353 1350 3650 1432; x_wconf 78' lang='lat' dir='ltr'><strong>simplici-</strong></span> 
     </span>
    </p>
   </div>
   <div class='ocr_carea' id='block_1_26' title="bbox 268 1434 1919 1521">
    <p class='ocr_par' dir='ltr' id='par_1_26' title="bbox 268 1434 1919 1517">
     <span class='ocr_line' id='line_1_26' title="bbox 268 1434 1919 1517; baseline 0.002 -26"><span class='ocrx_word' id='word_1_177' title='bbox 268 1434 329 1491; x_wconf 79' lang='grc' dir='ltr'>τὸ</span> <span class='ocrx_word' id='word_1_178' title='bbox 389 1443 628 1493; x_wconf 81' lang='grc' dir='ltr'>τοιοῦτον</span> <span class='ocrx_word' id='word_1_179' title='bbox 684 1437 1049 1517; x_wconf 79' lang='grc' dir='ltr'>ἐσκαιώρησας</span> <span class='ocrx_word' id='word_1_180' title='bbox 1108 1439 1374 1517; x_wconf 80' lang='grc' dir='ltr'>βούλευμα</span> <span class='ocrx_word' id='word_1_181' title='bbox 1409 1459 1421 1472; x_wconf 91' lang='grc'><strong>·</strong></span> <span class='ocrx_word' id='word_1_182' title='bbox 1472 1441 1601 1503; x_wconf 81' lang='grc' dir='ltr'>Θεὸς</span> <span class='ocrx_word' id='word_1_183' title='bbox 1678 1436 1723 1494; x_wconf 81' lang='grc' dir='ltr'>δ’</span> <span class='ocrx_word' id='word_1_184' title='bbox 1782 1441 1809 1495; x_wconf 85' lang='grc' dir='ltr'>ὁ</span> <span class='ocrx_word' id='word_1_185' title='bbox 1854 1439 1919 1495; x_wconf 80' lang='grc' dir='ltr'><strong>τὰ</strong></span> 
     </span>
    </p>
   </div>
   <div class='ocr_carea' id='block_1_27' title="bbox 2003 1434 3649 1521">
    <p class='ocr_par' dir='ltr' id='par_1_27' title="bbox 2005 1439 3649 1521">
     <span class='ocr_line' id='line_1_27' title="bbox 2005 1439 3649 1521; baseline 0.003 -22"><span class='ocrx_word' id='word_1_186' title='bbox 2005 1448 2124 1502; x_wconf 89' lang='lat' dir='ltr'><strong>tate</strong></span> <span class='ocrx_word' id='word_1_187' title='bbox 2153 1439 2416 1501; x_wconf 87' lang='lat' dir='ltr'><strong>viventes</strong></span> <span class='ocrx_word' id='word_1_188' title='bbox 2474 1442 2858 1520; x_wconf 83' lang='lat' dir='ltr'><strong>neglecturus</strong></span> <span class='ocrx_word' id='word_1_189' title='bbox 2915 1450 3063 1502; x_wconf 89' lang='lat' dir='ltr'><strong>erat.</strong></span> <span class='ocrx_word' id='word_1_190' title='bbox 3104 1439 3373 1521; x_wconf 81' lang='lat' dir='ltr'><strong>Namque</strong></span> <span class='ocrx_word' id='word_1_191' title='bbox 3405 1449 3462 1501; x_wconf 89' lang='lat' dir='ltr'><strong>tu</strong></span> <span class='ocrx_word' id='word_1_192' title='bbox 3494 1441 3649 1517; x_wconf 86' lang='lat' dir='ltr'><strong>heri,</strong></span> 
     </span>
    </p>
   </div>
   <div class='ocr_carea' id='block_1_28' title="bbox 269 1523 1919 1608">
    <p class='ocr_par' dir='ltr' id='par_1_28' title="bbox 269 1523 1916 1608">
     <span class='ocr_line' id='line_1_28' title="bbox 269 1523 1916 1608; baseline 0.003 -28"><span class='ocrx_word' id='word_1_193' title='bbox 269 1523 441 1581; x_wconf 83' lang='grc' dir='ltr'>πάντα</span> <span class='ocrx_word' id='word_1_194' title='bbox 493 1526 612 1605; x_wconf 83' lang='grc' dir='ltr'>πρὶν</span> <span class='ocrx_word' id='word_1_195' title='bbox 699 1527 937 1606; x_wconf 74' lang='grc' dir='ltr'>γενέσθαι</span> <span class='ocrx_word' id='word_1_196' title='bbox 996 1526 1146 1592; x_wconf 83' lang='grc' dir='ltr'>εἰδὼς</span> <span class='ocrx_word' id='word_1_197' title='bbox 1206 1527 1470 1608; x_wconf 78' lang='grc' dir='ltr'>πόῤῥωθεν</span> <span class='ocrx_word' id='word_1_198' title='bbox 1527 1528 1622 1597; x_wconf 71' lang='grc' dir='ltr'><strong>τῆς</strong></span> <span class='ocrx_word' id='word_1_199' title='bbox 1668 1527 1916 1596; x_wconf 74' lang='grc' dir='ltr'><strong>ἀληθείας</strong></span> 
     </span>
    </p>
   </div>
   <div class='ocr_carea' id='block_1_29' title="bbox 2003 1523 3651 1608">
    <p class='ocr_par' dir='ltr' id='par_1_29' title="bbox 2003 1528 3651 1608">
     <span class='ocr_line' id='line_1_29' title="bbox 2003 1528 3651 1608; baseline 0.001 -18"><span class='ocrx_word' id='word_1_200' title='bbox 2003 1537 2061 1590; x_wconf 91' lang='lat' dir='ltr'><strong>et</strong></span> <span class='ocrx_word' id='word_1_201' title='bbox 2088 1529 2306 1590; x_wconf 89' lang='lat' dir='ltr'><strong>nudius</strong></span> <span class='ocrx_word' id='word_1_202' title='bbox 2340 1529 2550 1591; x_wconf 90' lang='lat' dir='ltr'><strong>tertius</strong></span> <span class='ocrx_word' id='word_1_203' title='bbox 2592 1539 2689 1591; x_wconf 92' lang='lat' dir='ltr'><strong>tuo</strong></span> <span class='ocrx_word' id='word_1_204' title='bbox 2708 1530 2889 1594; x_wconf 85' lang='lat' dir='ltr'><strong>corde</strong></span> <span class='ocrx_word' id='word_1_205' title='bbox 2912 1528 3193 1593; x_wconf 85' lang='lat' dir='ltr'><strong>astutiam</strong></span> <span class='ocrx_word' id='word_1_206' title='bbox 3211 1529 3558 1608; x_wconf 86' lang='lat' dir='ltr'><strong>concepisti.</strong></span> <span class='ocrx_word' id='word_1_207' title='bbox 3577 1531 3651 1593; x_wconf 87' lang='lat' dir='ltr'><strong>At</strong></span> 
     </span>
    </p>
   </div>
   <div class='ocr_carea' id='block_1_30' title="bbox 269 1615 1919 1700">
    <p class='ocr_par' dir='ltr' id='par_1_30' title="bbox 269 1615 1917 1699">
     <span class='ocr_line' id='line_1_30' title="bbox 269 1615 1917 1699; baseline 0.004 -31"><span class='ocrx_word' id='word_1_208' title='bbox 269 1615 667 1691; x_wconf 87' lang='grc' dir='ltr'>προσῳκονόμει</span> <span class='ocrx_word' id='word_1_209' title='bbox 736 1617 834 1685; x_wconf 81' lang='grc' dir='ltr'><strong>τὴν</strong></span> <span class='ocrx_word' id='word_1_210' title='bbox 920 1618 1191 1681; x_wconf 88' lang='grc' dir='ltr'>σύστασιν,</span> <span class='ocrx_word' id='word_1_211' title='bbox 1264 1623 1371 1679; x_wconf 78' lang='grc' dir='ltr'>Οὐκ</span> <span class='ocrx_word' id='word_1_212' title='bbox 1426 1617 1593 1697; x_wconf 88' lang='grc' dir='ltr'>ὀλίγοι</span> <span class='ocrx_word' id='word_1_213' title='bbox 1664 1618 1760 1694; x_wconf 77' lang='grc' dir='ltr'>μὲν</span> <span class='ocrx_word' id='word_1_214' title='bbox 1818 1619 1917 1699; x_wconf 72' lang='grc' dir='ltr'><strong>γὰρ</strong></span> 
     </span>
    </p>
   </div>
   <div class='ocr_carea' id='block_1_31' title="bbox 2003 1615 3652 1700">
    <p class='ocr_par' dir='ltr' id='par_1_31' title="bbox 2003 1616 3652 1700">
     <span class='ocr_line' id='line_1_31' title="bbox 2003 1616 3652 1700; baseline -0.001 -20"><span class='ocrx_word' id='word_1_215' title='bbox 2003 1617 2158 1680; x_wconf 90' lang='lat' dir='ltr'><strong>Deus</strong></span> <span class='ocrx_word' id='word_1_216' title='bbox 2186 1616 2288 1699; x_wconf 83' lang='lat' dir='ltr'><strong>qui</strong></span> <span class='ocrx_word' id='word_1_217' title='bbox 2319 1628 2635 1700; x_wconf 84' lang='lat' dir='ltr'><strong>antequam</strong></span> <span class='ocrx_word' id='word_1_218' title='bbox 2687 1619 2850 1693; x_wconf 82' lang='lat' dir='ltr'><strong>ﬁant,</strong></span> <span class='ocrx_word' id='word_1_219' title='bbox 2903 1636 3001 1681; x_wconf 90' lang='lat' dir='ltr'><strong>res</strong></span> <span class='ocrx_word' id='word_1_220' title='bbox 3047 1616 3335 1696; x_wconf 82' lang='lat' dir='ltr'><strong>agnoscit,</strong></span> <span class='ocrx_word' id='word_1_221' title='bbox 3370 1617 3445 1680; x_wconf 91' lang='lat' dir='ltr'><strong>de</strong></span> <span class='ocrx_word' id='word_1_222' title='bbox 3476 1617 3652 1698; x_wconf 87' lang='lat' dir='ltr'><strong>longe</strong></span> 
     </span>
    </p>
   </div>
   <div class='ocr_carea' id='block_1_32' title="bbox 267 1703 1919 1789">
    <p class='ocr_par' dir='ltr' id='par_1_32' title="bbox 267 1703 1919 1787">
     <span class='ocr_line' id='line_1_32' title="bbox 267 1703 1919 1787; baseline 0.005 -30"><span class='ocrx_word' id='word_1_223' title='bbox 267 1706 372 1757; x_wconf 83' lang='grc' dir='ltr'><strong>τῶν</strong></span> <span class='ocrx_word' id='word_1_224' title='bbox 401 1703 473 1766; x_wconf 81' lang='grc' dir='ltr'><strong>εἰς</strong></span> <span class='ocrx_word' id='word_1_225' title='bbox 493 1703 564 1760; x_wconf 76' lang='grc' dir='ltr'><strong>τὰ</strong></span> <span class='ocrx_word' id='word_1_226' title='bbox 604 1703 741 1785; x_wconf 74' lang='grc' dir='ltr'>μέρη</span> <span class='ocrx_word' id='word_1_227' title='bbox 795 1708 895 1773; x_wconf 76' lang='grc' dir='ltr'>τῆς</span> <span class='ocrx_word' id='word_1_228' title='bbox 955 1704 1244 1774; x_wconf 81' lang='grc' dir='ltr'>Ἀνατολῆς</span> <span class='ocrx_word' id='word_1_229' title='bbox 1299 1706 1427 1779; x_wconf 78' lang='grc' dir='ltr'>παρ’</span> <span class='ocrx_word' id='word_1_230' title='bbox 1466 1709 1620 1783; x_wconf 79' lang='grc' dir='ltr'>ἡμῶν</span> <span class='ocrx_word' id='word_1_231' title='bbox 1677 1728 1919 1787; x_wconf 85' lang='grc' dir='ltr'>χειροτο-</span> 
     </span>
    </p>
   </div>
   <div class='ocr_carea' id='block_1_33' title="bbox 2003 1703 3654 1789">
    <p class='ocr_par' dir='ltr' id='par_1_33' title="bbox 2003 1706 3654 1789">
     <span class='ocr_line' id='line_1_33' title="bbox 2003 1706 3654 1789; baseline 0.002 -22"><span class='ocrx_word' id='word_1_232' title='bbox 2003 1706 2267 1769; x_wconf 88' lang='lat' dir='ltr'><strong>veritatis</strong></span> <span class='ocrx_word' id='word_1_233' title='bbox 2295 1708 2812 1770; x_wconf 82' lang='lat' dir='ltr'><strong>conﬁrmationem</strong></span> <span class='ocrx_word' id='word_1_234' title='bbox 2834 1706 3552 1789; x_wconf 65' lang='lat' dir='ltr'><strong>prmparabatPerplures</strong></span> <span class='ocrx_word' id='word_1_235' title='bbox 3574 1711 3654 1771; x_wconf 84' lang='lat' dir='ltr'><strong>si-</strong></span> 
     </span>
    </p>
   </div>
   <div class='ocr_carea' id='block_1_34' title="bbox 269 1790 1919 1878">
    <p class='ocr_par' dir='ltr' id='par_1_34' title="bbox 269 1790 1917 1878">
     <span class='ocr_line' id='line_1_34' title="bbox 269 1790 1917 1878; baseline 0.005 -33"><span class='ocrx_word' id='word_1_236' title='bbox 269 1790 528 1858; x_wconf 83' lang='grc' dir='ltr'>νηθέντων</span> <span class='ocrx_word' id='word_1_237' title='bbox 597 1793 893 1875; x_wconf 82' lang='grc' dir='ltr'>ἀρχιερέων</span> <span class='ocrx_word' id='word_1_238' title='bbox 966 1796 1261 1878; x_wconf 74' lang='grc' dir='ltr'>ἀντίφατιρα</span> <span class='ocrx_word' id='word_1_239' title='bbox 1307 1797 1404 1865; x_wconf 79' lang='grc' dir='ltr'>τῆς</span> <span class='ocrx_word' id='word_1_240' title='bbox 1483 1794 1662 1873; x_wconf 78' lang='grc' dir='ltr'>βίϐλου</span> <span class='ocrx_word' id='word_1_241' title='bbox 1719 1798 1917 1864; x_wconf 77' lang='grc' dir='ltr'>ταύτης</span> 
     </span>
    </p>
   </div>
   <div class='ocr_carea' id='block_1_35' title="bbox 2003 1790 3648 1878">
    <p class='ocr_par' dir='ltr' id='par_1_35' title="bbox 2003 1796 3648 1878">
     <span class='ocr_line' id='line_1_35' title="bbox 2003 1796 3648 1878; baseline 0 -19"><span class='ocrx_word' id='word_1_242' title='bbox 2003 1796 2247 1877; x_wconf 90' lang='lat' dir='ltr'><strong>quidem</strong></span> <span class='ocrx_word' id='word_1_243' title='bbox 2282 1815 2315 1858; x_wconf 89' lang='lat' dir='ltr'><strong>a</strong></span> <span class='ocrx_word' id='word_1_244' title='bbox 2340 1796 2514 1859; x_wconf 91' lang='lat' dir='ltr'><strong>nobis</strong></span> <span class='ocrx_word' id='word_1_245' title='bbox 2545 1799 2827 1878; x_wconf 82' lang='lat' dir='ltr'><strong>praesules</strong></span> <span class='ocrx_word' id='word_1_246' title='bbox 2856 1796 3111 1860; x_wconf 86' lang='lat' dir='ltr'><strong>ordinati</strong></span> <span class='ocrx_word' id='word_1_247' title='bbox 3134 1797 3382 1877; x_wconf 86' lang='lat' dir='ltr'><strong>hujusce</strong></span> <span class='ocrx_word' id='word_1_248' title='bbox 3401 1797 3648 1859; x_wconf 89' lang='lat' dir='ltr'><strong>volumi-</strong></span> 
     </span>
    </p>
   </div>
   <div class='ocr_carea' id='block_1_36' title="bbox 273 1881 1919 1966">
    <p class='ocr_par' dir='ltr' id='par_1_36' title="bbox 273 1881 1918 1966">
     <span class='ocr_line' id='line_1_36' title="bbox 273 1881 1918 1966; baseline 0.005 -30"><span class='ocrx_word' id='word_1_249' title='bbox 273 1881 657 1957; x_wconf 82' lang='grc' dir='ltr'>κομισοάμενοι</span> <span class='ocrx_word' id='word_1_250' title='bbox 688 1883 928 1965; x_wconf 75' lang='grc' dir='ltr'>ἔχουσιν,</span> <span class='ocrx_word' id='word_1_251' title='bbox 965 1886 1058 1944; x_wconf 70' lang='grc' dir='ltr'><strong>οὒκ</strong></span> <span class='ocrx_word' id='word_1_252' title='bbox 1115 1884 1280 1964; x_wconf 80' lang='grc' dir='ltr'>ὀλίγοι</span> <span class='ocrx_word' id='word_1_253' title='bbox 1341 1884 1396 1943; x_wconf 78' lang='grc' dir='ltr'>δὲ</span> <span class='ocrx_word' id='word_1_254' title='bbox 1452 1887 1681 1966; x_wconf 84' lang='grc' dir='ltr'>μοναχοὶ</span> <span class='ocrx_word' id='word_1_255' title='bbox 1732 1893 1836 1943; x_wconf 84' lang='grc' dir='ltr'><strong>τῶν</strong></span> <span class='ocrx_word' id='word_1_256' title='bbox 1865 1886 1918 1944; x_wconf 79' lang='grc' dir='ltr'>ἐν</span> 
     </span>
    </p>
   </div>
   <div class='ocr_carea' id='block_1_37' title="bbox 2003 1881 3643 1966">
    <p class='ocr_par' dir='ltr' id='par_1_37' title="bbox 2003 1885 3643 1966">
     <span class='ocr_line' id='line_1_37' title="bbox 2003 1885 3643 1966; baseline 0.001 -19"><span class='ocrx_word' id='word_1_257' title='bbox 2003 1886 2097 1948; x_wconf 91' lang='lat' dir='ltr'><strong>nis</strong></span> <span class='ocrx_word' id='word_1_258' title='bbox 2118 1886 2388 1966; x_wconf 80' lang='lat' dir='ltr'><strong>exempla</strong></span> <span class='ocrx_word' id='word_1_259' title='bbox 2425 1887 2495 1948; x_wconf 90' lang='lat' dir='ltr'><strong>ad</strong></span> <span class='ocrx_word' id='word_1_260' title='bbox 2529 1885 2832 1949; x_wconf 88' lang='lat' dir='ltr'><strong>Orientem</strong></span> <span class='ocrx_word' id='word_1_261' title='bbox 2883 1905 3002 1949; x_wconf 90' lang='lat' dir='ltr'><strong>una</strong></span> <span class='ocrx_word' id='word_1_262' title='bbox 3031 1905 3235 1948; x_wconf 92' lang='lat' dir='ltr'><strong>secum</strong></span> <span class='ocrx_word' id='word_1_263' title='bbox 3278 1885 3643 1963; x_wconf 87' lang='lat' dir='ltr'><strong>detulerunt,</strong></span> 
     </span>
    </p>
   </div>
   <div class='ocr_carea' id='block_1_38' title="bbox 268 1967 1919 2057">
    <p class='ocr_par' dir='ltr' id='par_1_38' title="bbox 268 1967 1916 2057">
     <span class='ocr_line' id='line_1_38' title="bbox 268 1967 1916 2057; baseline 0.006 -34"><span class='ocrx_word' id='word_1_264' title='bbox 268 1967 535 2057; x_wconf 80' lang='grc' dir='ltr'>διαφόροις</span> <span class='ocrx_word' id='word_1_265' title='bbox 571 1976 671 2039; x_wconf 78' lang='grc' dir='ltr'><strong>τῆς</strong></span> <span class='ocrx_word' id='word_1_266' title='bbox 714 1978 816 2053; x_wconf 81' lang='grc' dir='ltr'><strong>γῆς</strong></span> <span class='ocrx_word' id='word_1_267' title='bbox 863 1972 1046 2054; x_wconf 79' lang='grc' dir='ltr'><strong>μέρεσι</strong></span> <span class='ocrx_word' id='word_1_268' title='bbox 1088 1976 1504 2056; x_wconf 77' lang='grc' dir='ltr'>παροικούντων,</span> <span class='ocrx_word' id='word_1_269' title='bbox 1542 1976 1641 2034; x_wconf 84' lang='grc' dir='ltr'><strong>Καὶ</strong></span> <span class='ocrx_word' id='word_1_270' title='bbox 1694 1977 1736 2032; x_wconf 83' lang='grc' dir='ltr'>εἷ</span> <span class='ocrx_word' id='word_1_271' title='bbox 1788 1978 1916 2041; x_wconf 78' lang='grc' dir='ltr'>Θεὸς</span> 
     </span>
    </p>
   </div>
   <div class='ocr_carea' id='block_1_39' title="bbox 2003 1967 3642 2057">
    <p class='ocr_par' dir='ltr' id='par_1_39' title="bbox 2003 1974 3642 2057">
     <span class='ocr_line' id='line_1_39' title="bbox 2003 1974 3642 2057; baseline 0.001 -20"><span class='ocrx_word' id='word_1_272' title='bbox 2003 1993 2113 2037; x_wconf 88' lang='lat' dir='ltr'><strong>nec</strong></span> <span class='ocrx_word' id='word_1_273' title='bbox 2142 1976 2316 2057; x_wconf 86' lang='lat' dir='ltr'><strong>pauci</strong></span> <span class='ocrx_word' id='word_1_274' title='bbox 2348 1976 2622 2039; x_wconf 86' lang='lat' dir='ltr'><strong>monachi</strong></span> <span class='ocrx_word' id='word_1_275' title='bbox 2645 1976 2703 2037; x_wconf 90' lang='lat' dir='ltr'><strong>in</strong></span> <span class='ocrx_word' id='word_1_276' title='bbox 2728 1976 2907 2039; x_wconf 90' lang='lat' dir='ltr'><strong>variis</strong></span> <span class='ocrx_word' id='word_1_277' title='bbox 2933 1984 3227 2039; x_wconf 89' lang='lat' dir='ltr'><strong>terrarum</strong></span> <span class='ocrx_word' id='word_1_278' title='bbox 3245 1974 3513 2056; x_wconf 91' lang='lat' dir='ltr'><strong>partibus</strong></span> <span class='ocrx_word' id='word_1_279' title='bbox 3533 1977 3642 2038; x_wconf 87' lang='lat' dir='ltr'><strong>ha-</strong></span> 
     </span>
    </p>
   </div>
   <div class='ocr_carea' id='block_1_40' title="bbox 266 2054 1919 2147">
    <p class='ocr_par' dir='ltr' id='par_1_40' title="bbox 266 2054 1912 2147">
     <span class='ocr_line' id='line_1_40' title="bbox 266 2054 1912 2147; baseline 0.005 -34"><span class='ocrx_word' id='word_1_280' title='bbox 266 2054 461 2147; x_wconf 65' lang='grc' dir='ltr'>ἄνωθεν</span> <span class='ocrx_word' id='word_1_281' title='bbox 529 2058 758 2138; x_wconf 71' lang='grc' dir='ltr'>εὐδοκεῖ,</span> <span class='ocrx_word' id='word_1_282' title='bbox 832 2064 920 2121; x_wconf 85' lang='grc' dir='ltr'><strong>καὶ</strong></span> <span class='ocrx_word' id='word_1_283' title='bbox 989 2065 1115 2143; x_wconf 86' lang='grc' dir='ltr'>θύρα</span> <span class='ocrx_word' id='word_1_284' title='bbox 1170 2054 1291 2140; x_wconf 14' lang='grc' dir='ltr'>Ὗμοι</span> <span class='ocrx_word' id='word_1_285' title='bbox 1373 2063 1710 2145; x_wconf 79' lang='grc' dir='ltr'>δικαστηρίου</span> <span class='ocrx_word' id='word_1_286' title='bbox 1757 2065 1912 2144; x_wconf 55' lang='lat' dir='ltr'><strong>asas-</strong></span> 
     </span>
    </p>
   </div>
   <div class='ocr_carea' id='block_1_41' title="bbox 2003 2054 3644 2147">
    <p class='ocr_par' dir='ltr' id='par_1_41' title="bbox 2003 2054 3644 2147">
     <span class='ocr_line' id='line_1_41' title="bbox 2003 2054 3644 2147; baseline 0.001 -20"><span class='ocrx_word' id='word_1_287' title='bbox 2003 2054 2513 2138; x_wconf 74' lang='lat' dir='ltr'><strong>bitadtesQuodsi</strong></span> <span class='ocrx_word' id='word_1_288' title='bbox 2546 2065 2705 2128; x_wconf 82' lang='lat' dir='ltr'><strong>Deus</strong></span> <span class='ocrx_word' id='word_1_289' title='bbox 2725 2066 2987 2147; x_wconf 88' lang='lat' dir='ltr'><strong>desuper</strong></span> <span class='ocrx_word' id='word_1_290' title='bbox 3013 2054 3313 2144; x_wconf 86' lang='lat' dir='ltr'><strong>annuerit,</strong></span> <span class='ocrx_word' id='word_1_291' title='bbox 3344 2072 3401 2125; x_wconf 92' lang='lat' dir='ltr'><strong>et</strong></span> <span class='ocrx_word' id='word_1_292' title='bbox 3430 2063 3644 2144; x_wconf 83' lang='lat' dir='ltr'><strong>integri</strong></span> 
     </span>
    </p>
   </div>
   <div class='ocr_carea' id='block_1_42' title="bbox 265 2145 1919 2235">
    <p class='ocr_par' dir='ltr' id='par_1_42' title="bbox 265 2145 1914 2232">
     <span class='ocr_line' id='line_1_42' title="bbox 265 2145 1914 2232; baseline 0.004 -29"><span class='ocrx_word' id='word_1_293' title='bbox 265 2145 396 2212; x_wconf 75' lang='grc' dir='ltr'>ποῦς</span> <span class='ocrx_word' id='word_1_294' title='bbox 440 2148 651 2229; x_wconf 80' lang='grc' dir='ltr'>ἀνοιγῆ,</span> <span class='ocrx_word' id='word_1_295' title='bbox 710 2151 835 2230; x_wconf 78' lang='grc' dir='ltr'>ῥᾷον</span> <span class='ocrx_word' id='word_1_296' title='bbox 873 2154 1010 2227; x_wconf 80' lang='grc' dir='ltr'>ἡμῖν</span> <span class='ocrx_word' id='word_1_297' title='bbox 1070 2151 1218 2211; x_wconf 80' lang='grc' dir='ltr'>ἕσται</span> <span class='ocrx_word' id='word_1_298' title='bbox 1276 2151 1746 2232; x_wconf 78' lang='grc' dir='ltr'>συμμαχουμὲνοις</span> <span class='ocrx_word' id='word_1_299' title='bbox 1812 2156 1914 2211; x_wconf 83' lang='grc' dir='ltr'><strong>ὑπὸ</strong></span> 
     </span>
    </p>
   </div>
   <div class='ocr_carea' id='block_1_43' title="bbox 2003 2145 3646 2235">
    <p class='ocr_par' dir='ltr' id='par_1_43' title="bbox 2003 2145 3646 2235">
     <span class='ocr_line' id='line_1_43' title="bbox 2003 2145 3646 2235; baseline 0.001 -20"><span class='ocrx_word' id='word_1_300' title='bbox 2003 2154 2271 2235; x_wconf 87' lang='lat' dir='ltr'><strong>rectique</strong></span> <span class='ocrx_word' id='word_1_301' title='bbox 2288 2153 2501 2233; x_wconf 89' lang='lat' dir='ltr'><strong>judicii</strong></span> <span class='ocrx_word' id='word_1_302' title='bbox 2529 2157 2713 2217; x_wconf 77' lang='lat' dir='ltr'><strong>semel</strong></span> <span class='ocrx_word' id='word_1_303' title='bbox 2747 2145 2941 2217; x_wconf 85' lang='lat' dir='ltr'><strong>aditus</strong></span> <span class='ocrx_word' id='word_1_304' title='bbox 2974 2154 3252 2235; x_wconf 84' lang='lat' dir='ltr'><strong>patuerit,</strong></span> <span class='ocrx_word' id='word_1_305' title='bbox 3277 2151 3451 2214; x_wconf 83' lang='lat' dir='ltr'><strong>facile</strong></span> <span class='ocrx_word' id='word_1_306' title='bbox 3472 2153 3646 2216; x_wconf 90' lang='lat' dir='ltr'><strong>nobis</strong></span> 
     </span>
    </p>
   </div>
   <div class='ocr_carea' id='block_1_44' title="bbox 266 2239 1913 2323">
    <p class='ocr_par' dir='ltr' id='par_1_44' title="bbox 266 2239 1913 2323">
     <span class='ocr_line' id='line_1_44' title="bbox 266 2239 1913 2323; baseline 0.004 -31"><span class='ocrx_word' id='word_1_307' title='bbox 266 2242 358 2293; x_wconf 77' lang='grc' dir='ltr'>τοῦ</span> <span class='ocrx_word' id='word_1_308' title='bbox 418 2239 746 2315; x_wconf 80' lang='grc' dir='ltr'>Πνεύματος,</span> <span class='ocrx_word' id='word_1_309' title='bbox 808 2243 1135 2323; x_wconf 67' lang='grc' dir='ltr'>συκοφαντας</span> <span class='ocrx_word' id='word_1_310' title='bbox 1204 2243 1292 2299; x_wconf 86' lang='grc' dir='ltr'><strong>καὶ</strong></span> <span class='ocrx_word' id='word_1_311' title='bbox 1344 2242 1439 2310; x_wconf 77' lang='grc' dir='ltr'><strong>τῆς</strong></span> <span class='ocrx_word' id='word_1_312' title='bbox 1511 2241 1754 2310; x_wconf 76' lang='grc' dir='ltr'>ἀληθείας</span> <span class='ocrx_word' id='word_1_313' title='bbox 1808 2243 1913 2323; x_wconf 68' lang='grc' dir='ltr'><strong>ἐχ-</strong></span> 
     </span>
    </p>
   </div>
   <div class='ocr_carea' id='block_1_45' title="bbox 266 2322 1915 2413">
    <p class='ocr_par' dir='ltr' id='par_1_45' title="bbox 266 2322 1915 2413">
     <span class='ocr_line' id='line_1_45' title="bbox 266 2322 1915 2413; baseline 0.015 -31"><span class='ocrx_word' id='word_1_314' title='bbox 266 2328 415 2404; x_wconf 84' lang='grc' dir='ltr'>θρους</span> <span class='ocrx_word' id='word_1_315' title='bbox 496 2327 768 2396; x_wconf 80' lang='grc' dir='ltr'>ἀποδεῖξαι</span> <span class='ocrx_word' id='word_1_316' title='bbox 828 2322 957 2397; x_wconf 79' lang='grc' dir='ltr'>τοὺς</span> <span class='ocrx_word' id='word_1_317' title='bbox 1000 2332 1144 2408; x_wconf 73' lang='grc' dir='ltr'>ἡμᾶς</span> <span class='ocrx_word' id='word_1_318' title='bbox 1205 2328 1602 2395; x_wconf 69' lang='grc' dir='ltr'>διαϐάλλοντας.</span> <span class='ocrx_word' id='word_1_319' title='bbox 1681 2322 1743 2389; x_wconf 72' lang='grc' dir='ltr'><strong><em>Ἦ</em></strong></span> <span class='ocrx_word' id='word_1_320' title='bbox 1815 2322 1915 2413; x_wconf 71' lang='grc' dir='ltr'>γᾶρ</span> 
     </span>
    </p>
   </div>
   <div class='ocr_carea' id='block_1_46' title="bbox 269 2417 1915 2500">
    <p class='ocr_par' dir='ltr' id='par_1_46' title="bbox 269 2417 1915 2500">
     <span class='ocr_line' id='line_1_46' title="bbox 269 2417 1915 2500; baseline 0.003 -29"><span class='ocrx_word' id='word_1_321' title='bbox 269 2419 414 2472; x_wconf 83' lang='grc' dir='ltr'>πᾶσα</span> <span class='ocrx_word' id='word_1_322' title='bbox 442 2417 597 2492; x_wconf 83' lang='grc' dir='ltr'>ἡμῶν</span> <span class='ocrx_word' id='word_1_323' title='bbox 625 2419 659 2487; x_wconf 85' lang='grc' dir='ltr'><strong>ἡ</strong></span> <span class='ocrx_word' id='word_1_324' title='bbox 720 2418 775 2476; x_wconf 76' lang='grc' dir='ltr'><strong>ἐν</strong></span> <span class='ocrx_word' id='word_1_325' title='bbox 824 2433 943 2485; x_wconf 90' lang='grc' dir='ltr'>τοῖς</span> <span class='ocrx_word' id='word_1_326' title='bbox 1014 2418 1196 2500; x_wconf 80' lang='grc' dir='ltr'>λόγοις</span> <span class='ocrx_word' id='word_1_327' title='bbox 1253 2419 1457 2489; x_wconf 75' lang='grc' dir='ltr'>σπουδὴ</span> <span class='ocrx_word' id='word_1_328' title='bbox 1512 2418 1596 2477; x_wconf 79' lang='grc' dir='ltr'><strong>διὰ</strong></span> <span class='ocrx_word' id='word_1_329' title='bbox 1646 2422 1708 2478; x_wconf 82' lang='grc' dir='ltr'>τὸ</span> <span class='ocrx_word' id='word_1_330' title='bbox 1762 2427 1915 2499; x_wconf 77' lang='grc' dir='ltr'>κοινῇ</span> 
     </span>
    </p>
   </div>
   <div class='ocr_carea' id='block_1_47' title="bbox 269 2503 1912 2589">
    <p class='ocr_par' dir='ltr' id='par_1_47' title="bbox 269 2503 1912 2589">
     <span class='ocr_line' id='line_1_47' title="bbox 269 2503 1912 2589; baseline 0.003 -29"><span class='ocrx_word' id='word_1_331' title='bbox 269 2503 570 2564; x_wconf 76' lang='grc' dir='ltr'>λυσιτελοῦν</span> <span class='ocrx_word' id='word_1_332' title='bbox 633 2513 702 2585; x_wconf 80' lang='grc' dir='ltr'><strong>τῇ</strong></span> <span class='ocrx_word' id='word_1_333' title='bbox 754 2509 991 2589; x_wconf 78' lang='grc' dir='ltr'>ἡμετέρᾳ</span> <span class='ocrx_word' id='word_1_334' title='bbox 1051 2508 1296 2587; x_wconf 74' lang='grc' dir='ltr'>βασιλείᾳ</span> <span class='ocrx_word' id='word_1_335' title='bbox 1364 2510 1453 2568; x_wconf 78' lang='grc' dir='ltr'><strong>καὶ</strong></span> <span class='ocrx_word' id='word_1_336' title='bbox 1494 2510 1753 2588; x_wconf 76' lang='grc' dir='ltr'>ἡγεμονίᾳ</span> <span class='ocrx_word' id='word_1_337' title='bbox 1798 2509 1912 2589; x_wconf 78' lang='grc' dir='ltr'>ἐγί-</span> 
     </span>
    </p>
   </div>
   <div class='ocr_carea' id='block_1_48' title="bbox 269 2597 1916 2678">
    <p class='ocr_par' dir='ltr' id='par_1_48' title="bbox 269 2597 1916 2678">
     <span class='ocr_line' id='line_1_48' title="bbox 269 2597 1916 2678; baseline 0.004 -29"><span class='ocrx_word' id='word_1_338' title='bbox 269 2612 389 2650; x_wconf 82' lang='grc' dir='ltr'>νετο</span> <span class='ocrx_word' id='word_1_339' title='bbox 422 2609 438 2625; x_wconf 83' lang='grc'><strong><em>⁸</em></strong></span> <span class='ocrx_word' id='word_1_340' title='bbox 470 2597 557 2653; x_wconf 86' lang='grc' dir='ltr'><strong>καὶ</strong></span> <span class='ocrx_word' id='word_1_341' title='bbox 584 2599 716 2675; x_wconf 85' lang='grc' dir='ltr'>πρὸς</span> <span class='ocrx_word' id='word_1_342' title='bbox 765 2597 818 2655; x_wconf 77' lang='grc' dir='ltr'><strong>’ἐν</strong></span> <span class='ocrx_word' id='word_1_343' title='bbox 846 2600 1004 2656; x_wconf 84' lang='grc' dir='ltr'><strong>τοῦτο</strong></span> <span class='ocrx_word' id='word_1_344' title='bbox 1059 2600 1223 2675; x_wconf 83' lang='grc' dir='ltr'>μόνον</span> <span class='ocrx_word' id='word_1_345' title='bbox 1277 2600 1415 2678; x_wconf 79' lang='grc' dir='ltr'>ἐώρα</span> <span class='ocrx_word' id='word_1_346' title='bbox 1466 2602 1528 2657; x_wconf 80' lang='grc' dir='ltr'><strong>τὸ</strong></span> <span class='ocrx_word' id='word_1_347' title='bbox 1574 2600 1916 2677; x_wconf 85' lang='grc' dir='ltr'>σκοπιμώτα-</span> 
     </span>
    </p>
   </div>
   <div class='ocr_carea' id='block_1_49' title="bbox 266 2684 1913 2765">
    <p class='ocr_par' dir='ltr' id='par_1_49' title="bbox 266 2684 1913 2765">
     <span class='ocr_line' id='line_1_49' title="bbox 266 2684 1913 2765; baseline 0.004 -26"><span class='ocrx_word' id='word_1_348' title='bbox 266 2703 382 2758; x_wconf 82' lang='grc' dir='ltr'>τον,</span> <span class='ocrx_word' id='word_1_349' title='bbox 414 2697 594 2742; x_wconf 85' lang='grc' dir='ltr'>πεῖσαι</span> <span class='ocrx_word' id='word_1_350' title='bbox 624 2686 687 2742; x_wconf 81' lang='grc' dir='ltr'><strong>τὸ</strong></span> <span class='ocrx_word' id='word_1_351' title='bbox 735 2684 1008 2765; x_wconf 82' lang='grc' dir='ltr'>ἀντιλέγον</span> <span class='ocrx_word' id='word_1_352' title='bbox 1049 2688 1127 2762; x_wconf 74' lang='grc' dir='ltr'>μὴ</span> <span class='ocrx_word' id='word_1_353' title='bbox 1179 2686 1491 2745; x_wconf 77' lang='grc' dir='ltr'>ἀντιϐαίνειν</span> <span class='ocrx_word' id='word_1_354' title='bbox 1518 2690 1650 2758; x_wconf 84' lang='grc' dir='ltr'>πρὸς</span> <span class='ocrx_word' id='word_1_355' title='bbox 1692 2689 1788 2757; x_wconf 78' lang='grc' dir='ltr'><strong>τὴν</strong></span> <span class='ocrx_word' id='word_1_356' title='bbox 1833 2689 1913 2745; x_wconf 79' lang='grc' dir='ltr'>εἰ·</span> 
     </span>
    </p>
   </div>
   <div class='ocr_carea' id='block_1_50' title="bbox 268 2771 1913 2859">
    <p class='ocr_par' dir='ltr' id='par_1_50' title="bbox 268 2771 1913 2859">
     <span class='ocr_line' id='line_1_50' title="bbox 268 2771 1913 2859; baseline 0.002 -29"><span class='ocrx_word' id='word_1_357' title='bbox 268 2773 458 2850; x_wconf 77' lang='grc' dir='ltr'>ρήνην,</span> <span class='ocrx_word' id='word_1_358' title='bbox 508 2771 599 2830; x_wconf 75' lang='grc' dir='ltr'><strong>ἅτε</strong></span> <span class='ocrx_word' id='word_1_359' title='bbox 662 2773 827 2852; x_wconf 81' lang='grc' dir='ltr'>μηδὲν</span> <span class='ocrx_word' id='word_1_360' title='bbox 880 2781 978 2844; x_wconf 79' lang='grc' dir='ltr'><strong>τῆς</strong></span> <span class='ocrx_word' id='word_1_361' title='bbox 1036 2774 1298 2842; x_wconf 73' lang='grc' dir='ltr'>εὐσεϐείας</span> <span class='ocrx_word' id='word_1_362' title='bbox 1355 2777 1772 2854; x_wconf 79' lang='grc' dir='ltr'>λυμαινομένης,</span> <span class='ocrx_word' id='word_1_363' title='bbox 1830 2775 1913 2859; x_wconf 69' lang='grc' dir='ltr'><strong>ἐφ’</strong></span> 
     </span>
    </p>
   </div>
   <div class='ocr_carea' id='block_1_51' title="bbox 266 2863 1912 2946">
    <p class='ocr_par' dir='ltr' id='par_1_51' title="bbox 266 2863 1912 2946">
     <span class='ocr_line' id='line_1_51' title="bbox 266 2863 1912 2946; baseline 0.004 -28"><span class='ocrx_word' id='word_1_364' title='bbox 266 2865 354 2927; x_wconf 81' lang='grc' dir='ltr'>οἷς</span> <span class='ocrx_word' id='word_1_365' title='bbox 398 2863 635 2928; x_wconf 87' lang='grc' dir='ltr'>Λατίνοις</span> <span class='ocrx_word' id='word_1_366' title='bbox 676 2865 775 2941; x_wconf 79' lang='grc' dir='ltr'>μὲν</span> <span class='ocrx_word' id='word_1_367' title='bbox 843 2863 904 2921; x_wconf 72' lang='grc' dir='ltr'>ἐκ</span> <span class='ocrx_word' id='word_1_368' title='bbox 953 2867 1158 2946; x_wconf 79' lang='grc' dir='ltr'>Πατρδς</span> <span class='ocrx_word' id='word_1_369' title='bbox 1225 2868 1314 2924; x_wconf 83' lang='grc' dir='ltr'>καὶ</span> <span class='ocrx_word' id='word_1_370' title='bbox 1371 2871 1511 2932; x_wconf 78' lang='grc' dir='ltr'><strong>Υίοῦ,</strong></span> <span class='ocrx_word' id='word_1_371' title='bbox 1559 2870 1694 2944; x_wconf 80' lang='grc' dir='ltr'>ἡμῖν</span> <span class='ocrx_word' id='word_1_372' title='bbox 1749 2864 1804 2923; x_wconf 73' lang='grc' dir='ltr'>δὲ</span> <span class='ocrx_word' id='word_1_373' title='bbox 1852 2866 1912 2924; x_wconf 80' lang='grc' dir='ltr'>ἐκ</span> 
     </span>
    </p>
   </div>
   <div class='ocr_carea' id='block_1_52' title="bbox 270 2950 1908 3037">
    <p class='ocr_par' dir='ltr' id='par_1_52' title="bbox 270 2950 1908 3037">
     <span class='ocr_line' id='line_1_52' title="bbox 270 2950 1908 3037; baseline 0.003 -29"><span class='ocrx_word' id='word_1_374' title='bbox 270 2954 476 3031; x_wconf 74' lang='grc' dir='ltr'>[ἰατρὸς</span> <span class='ocrx_word' id='word_1_375' title='bbox 543 2950 610 3009; x_wconf 84' lang='grc' dir='ltr'><strong>δι’</strong></span> <span class='ocrx_word' id='word_1_376' title='bbox 683 2952 804 3012; x_wconf 82' lang='grc' dir='ltr'>Υἱοῦ</span> <span class='ocrx_word' id='word_1_377' title='bbox 850 2955 904 3011; x_wconf 81' lang='grc' dir='ltr'>τὸ</span> <span class='ocrx_word' id='word_1_378' title='bbox 954 2961 1167 3033; x_wconf 78' lang='grc' dir='ltr'>Πνεῦμα</span> <span class='ocrx_word' id='word_1_379' title='bbox 1209 2957 1271 3014; x_wconf 78' lang='grc' dir='ltr'><strong>τὸ</strong></span> <span class='ocrx_word' id='word_1_380' title='bbox 1326 2956 1482 3036; x_wconf 78' lang='grc' dir='ltr'>ἅγιον</span> <span class='ocrx_word' id='word_1_381' title='bbox 1543 2956 1908 3037; x_wconf 73' lang='grc' dir='ltr'>ἐκπορεύεσθαι</span> 
     </span>
    </p>
   </div>
   <div class='ocr_carea' id='block_1_53' title="bbox 1996 2242 3642 2324">
    <p class='ocr_par' dir='ltr' id='par_1_53' title="bbox 1996 2242 3642 2324">
     <span class='ocr_line' id='line_1_53' title="bbox 1996 2242 3642 2324; baseline 0 -20"><span class='ocrx_word' id='word_1_382' title='bbox 1996 2242 2197 2323; x_wconf 88' lang='lat' dir='ltr'><strong>fuerit,</strong></span> <span class='ocrx_word' id='word_1_383' title='bbox 2230 2263 2264 2305; x_wconf 83' lang='lat' dir='ltr'><strong>a</strong></span> <span class='ocrx_word' id='word_1_384' title='bbox 2291 2244 2517 2324; x_wconf 86' lang='lat' dir='ltr'><strong>Spiritu</strong></span> <span class='ocrx_word' id='word_1_385' title='bbox 2547 2244 2785 2320; x_wconf 86' lang='lat' dir='ltr'><strong>auditis,</strong></span> <span class='ocrx_word' id='word_1_386' title='bbox 2819 2244 3301 2317; x_wconf 86' lang='lat' dir='ltr'><strong>calumniatores,</strong></span> <span class='ocrx_word' id='word_1_387' title='bbox 3336 2249 3396 2305; x_wconf 88' lang='lat' dir='ltr'><strong>et</strong></span> <span class='ocrx_word' id='word_1_388' title='bbox 3422 2243 3642 2305; x_wconf 88' lang='lat' dir='ltr'><strong>verita-</strong></span> 
     </span>
    </p>
   </div>
   <div class='ocr_carea' id='block_1_54' title="bbox 1999 2331 3639 2396">
    <p class='ocr_par' dir='ltr' id='par_1_54' title="bbox 1999 2331 3639 2396">
     <span class='ocr_line' id='line_1_54' title="bbox 1999 2331 3639 2396; baseline -0.001 -3"><span class='ocrx_word' id='word_1_389' title='bbox 1999 2332 2073 2394; x_wconf 88' lang='lat' dir='ltr'><strong>tis</strong></span> <span class='ocrx_word' id='word_1_390' title='bbox 2130 2331 2331 2395; x_wconf 85' lang='lat' dir='ltr'><strong>hostes</strong></span> <span class='ocrx_word' id='word_1_391' title='bbox 2390 2342 2628 2395; x_wconf 85' lang='lat' dir='ltr'><strong>uostros</strong></span> <span class='ocrx_word' id='word_1_392' title='bbox 2681 2343 3057 2396; x_wconf 87' lang='lat' dir='ltr'><strong>accusatores</strong></span> <span class='ocrx_word' id='word_1_393' title='bbox 3099 2333 3439 2395; x_wconf 89' lang='lat' dir='ltr'><strong>ostendere.</strong></span> <span class='ocrx_word' id='word_1_394' title='bbox 3492 2333 3639 2396; x_wconf 89' lang='lat' dir='ltr'><strong>Nam</strong></span> 
     </span>
    </p>
   </div>
   <div class='ocr_carea' id='block_1_55' title="bbox 1994 2419 3640 2503">
    <p class='ocr_par' dir='ltr' id='par_1_55' title="bbox 1994 2419 3640 2503">
     <span class='ocr_line' id='line_1_55' title="bbox 1994 2419 3640 2503; baseline -0.001 -20"><span class='ocrx_word' id='word_1_395' title='bbox 1994 2420 2340 2484; x_wconf 86' lang='lat' dir='ltr'><strong>universum</strong></span> <span class='ocrx_word' id='word_1_396' title='bbox 2391 2430 2660 2485; x_wconf 86' lang='lat' dir='ltr'><strong>nostrum</strong></span> <span class='ocrx_word' id='word_1_397' title='bbox 2711 2424 2996 2498; x_wconf 91' lang='lat' dir='ltr'><strong>studium,</strong></span> <span class='ocrx_word' id='word_1_398' title='bbox 3030 2422 3184 2503; x_wconf 87' lang='lat' dir='ltr'><strong>quod</strong></span> <span class='ocrx_word' id='word_1_399' title='bbox 3229 2421 3291 2482; x_wconf 90' lang='lat' dir='ltr'><strong>in</strong></span> <span class='ocrx_word' id='word_1_400' title='bbox 3323 2419 3640 2483; x_wconf 83' lang='lat' dir='ltr'><strong>scribendo</strong></span> 
     </span>
    </p>
   </div>
   <div class='ocr_carea' id='block_1_56' title="bbox 1997 2509 3641 2594">
    <p class='ocr_par' dir='ltr' id='par_1_56' title="bbox 1997 2509 3641 2594">
     <span class='ocr_line' id='line_1_56' title="bbox 1997 2509 3641 2594; baseline -0.001 -22"><span class='ocrx_word' id='word_1_401' title='bbox 1997 2510 2330 2592; x_wconf 89' lang='lat' dir='ltr'><strong>posuimus,</strong></span> <span class='ocrx_word' id='word_1_402' title='bbox 2368 2511 2647 2594; x_wconf 64' lang='lat' dir='ltr'><strong>publicae,</strong></span> <span class='ocrx_word' id='word_1_403' title='bbox 2683 2521 2741 2574; x_wconf 91' lang='lat' dir='ltr'><strong>et</strong></span> <span class='ocrx_word' id='word_1_404' title='bbox 2787 2512 2966 2574; x_wconf 87' lang='lat' dir='ltr'><strong>vestri</strong></span> <span class='ocrx_word' id='word_1_405' title='bbox 3000 2510 3238 2593; x_wconf 88' lang='lat' dir='ltr'><strong>imperii</strong></span> <span class='ocrx_word' id='word_1_406' title='bbox 3266 2529 3335 2572; x_wconf 88' lang='lat' dir='ltr'><strong>ac</strong></span> <span class='ocrx_word' id='word_1_407' title='bbox 3363 2509 3641 2571; x_wconf 87' lang='lat' dir='ltr'><strong>domina-</strong></span> 
     </span>
    </p>
   </div>
   <div class='ocr_carea' id='block_1_57' title="bbox 1999 2596 3643 2682">
    <p class='ocr_par' dir='ltr' id='par_1_57' title="bbox 1999 2596 3643 2682">
     <span class='ocr_line' id='line_1_57' title="bbox 1999 2596 3643 2682; baseline -0.001 -21"><span class='ocrx_word' id='word_1_408' title='bbox 1999 2608 2092 2662; x_wconf 86' lang='lat' dir='ltr'><strong>tus</strong></span> <span class='ocrx_word' id='word_1_409' title='bbox 2122 2601 2389 2663; x_wconf 69' lang='lat' dir='ltr'><strong>utiiitatis</strong></span> <span class='ocrx_word' id='word_1_410' title='bbox 2419 2620 2595 2663; x_wconf 86' lang='lat' dir='ltr'><strong>causa</strong></span> <span class='ocrx_word' id='word_1_411' title='bbox 2621 2603 2961 2682; x_wconf 87' lang='lat' dir='ltr'><strong>impensum</strong></span> <span class='ocrx_word' id='word_1_412' title='bbox 3005 2610 3129 2678; x_wconf 90' lang='lat' dir='ltr'><strong>est;</strong></span> <span class='ocrx_word' id='word_1_413' title='bbox 3162 2600 3445 2678; x_wconf 86' lang='lat' dir='ltr'><strong>illiusque</strong></span> <span class='ocrx_word' id='word_1_414' title='bbox 3464 2596 3643 2682; x_wconf 83' lang='lat' dir='ltr'><strong>potis-</strong></span> 
     </span>
    </p>
   </div>
   <div class='ocr_carea' id='block_1_58' title="bbox 1995 2688 3639 2773">
    <p class='ocr_par' dir='ltr' id='par_1_58' title="bbox 1995 2688 3639 2773">
     <span class='ocr_line' id='line_1_58' title="bbox 1995 2688 3639 2773; baseline -0.001 -22"><span class='ocrx_word' id='word_1_415' title='bbox 1995 2689 2183 2752; x_wconf 90' lang='lat' dir='ltr'><strong>simus</strong></span> <span class='ocrx_word' id='word_1_416' title='bbox 2213 2688 2322 2752; x_wconf 88' lang='lat' dir='ltr'><strong>fuit</strong></span> <span class='ocrx_word' id='word_1_417' title='bbox 2349 2709 2584 2773; x_wconf 90' lang='lat' dir='ltr'><strong>scopus,</strong></span> <span class='ocrx_word' id='word_1_418' title='bbox 2648 2691 2736 2754; x_wconf 88' lang='lat' dir='ltr'><strong>illi</strong></span> <span class='ocrx_word' id='word_1_419' title='bbox 2785 2689 3260 2759; x_wconf 82' lang='lat' dir='ltr'><strong>adversantibus.</strong></span> <span class='ocrx_word' id='word_1_420' title='bbox 3295 2707 3372 2751; x_wconf 91' lang='lat' dir='ltr'><strong>ne</strong></span> <span class='ocrx_word' id='word_1_421' title='bbox 3401 2695 3639 2752; x_wconf 85' lang='lat' dir='ltr'><strong>contra-</strong></span> 
     </span>
    </p>
   </div>
   <div class='ocr_carea' id='block_1_59' title="bbox 1994 2776 3645 2859">
    <p class='ocr_par' dir='ltr' id='par_1_59' title="bbox 1994 2776 3645 2859">
     <span class='ocr_line' id='line_1_59' title="bbox 1994 2776 3645 2859; baseline 0 -21"><span class='ocrx_word' id='word_1_422' title='bbox 1994 2776 2152 2840; x_wconf 89' lang='lat' dir='ltr'><strong>irent</strong></span> <span class='ocrx_word' id='word_1_423' title='bbox 2209 2779 2416 2841; x_wconf 89' lang='lat' dir='ltr'><strong>unioni</strong></span> <span class='ocrx_word' id='word_1_424' title='bbox 2465 2780 2848 2859; x_wconf 86' lang='lat' dir='ltr'><strong>persuadere,</strong></span> <span class='ocrx_word' id='word_1_425' title='bbox 2878 2799 3016 2842; x_wconf 89' lang='lat' dir='ltr'><strong>cum</strong></span> <span class='ocrx_word' id='word_1_426' title='bbox 3058 2779 3219 2841; x_wconf 91' lang='lat' dir='ltr'><strong>nullo</strong></span> <span class='ocrx_word' id='word_1_427' title='bbox 3251 2777 3428 2840; x_wconf 90' lang='lat' dir='ltr'><strong>modo</strong></span> <span class='ocrx_word' id='word_1_428' title='bbox 3455 2776 3645 2859; x_wconf 86' lang='lat' dir='ltr'><strong>pietas</strong></span> 
     </span>
    </p>
   </div>
   <div class='ocr_carea' id='block_1_60' title="bbox 1996 2864 3638 2945">
    <p class='ocr_par' dir='ltr' id='par_1_60' title="bbox 1996 2864 3638 2945">
     <span class='ocr_line' id='line_1_60' title="bbox 1996 2864 3638 2945; baseline 0.002 -19"><span class='ocrx_word' id='word_1_429' title='bbox 1996 2864 2490 2943; x_wconf 74' lang='lat' dir='ltr'><strong>lrederetur,dum</strong></span> <span class='ocrx_word' id='word_1_430' title='bbox 2521 2869 2819 2944; x_wconf 78' lang='lat' dir='ltr'><strong>Latini,ex</strong></span> <span class='ocrx_word' id='word_1_431' title='bbox 2847 2867 3018 2933; x_wconf 87' lang='lat' dir='ltr'><strong>Patre</strong></span> <span class='ocrx_word' id='word_1_432' title='bbox 3050 2875 3108 2930; x_wconf 92' lang='lat' dir='ltr'><strong>et</strong></span> <span class='ocrx_word' id='word_1_433' title='bbox 3134 2867 3310 2945; x_wconf 87' lang='lat' dir='ltr'><strong>Filio,</strong></span> <span class='ocrx_word' id='word_1_434' title='bbox 3336 2886 3445 2930; x_wconf 88' lang='lat' dir='ltr'><strong>nos</strong></span> <span class='ocrx_word' id='word_1_435' title='bbox 3475 2886 3638 2941; x_wconf 88' lang='lat' dir='ltr'><strong>vero,</strong></span> 
     </span>
    </p>
   </div>
   <div class='ocr_carea' id='block_1_61' title="bbox 1995 2954 3640 3038">
    <p class='ocr_par' dir='ltr' id='par_1_61' title="bbox 1995 2954 3640 3038">
     <span class='ocr_line' id='line_1_61' title="bbox 1995 2954 3640 3038; baseline 0.001 -22"><span class='ocrx_word' id='word_1_436' title='bbox 1995 2972 2066 3016; x_wconf 80' lang='lat' dir='ltr'><strong>ex</strong></span> <span class='ocrx_word' id='word_1_437' title='bbox 2092 2957 2267 3018; x_wconf 86' lang='lat' dir='ltr'><strong>Patre</strong></span> <span class='ocrx_word' id='word_1_438' title='bbox 2294 2974 2405 3037; x_wconf 90' lang='lat' dir='ltr'><strong>per</strong></span> <span class='ocrx_word' id='word_1_439' title='bbox 2453 2954 2667 3019; x_wconf 88' lang='lat' dir='ltr'><strong>Filium</strong></span> <span class='ocrx_word' id='word_1_440' title='bbox 2697 2956 2985 3038; x_wconf 89' lang='lat' dir='ltr'><strong>Spiritum</strong></span> <span class='ocrx_word' id='word_1_441' title='bbox 3016 2966 3285 3019; x_wconf 88' lang='lat' dir='ltr'><strong>sanctum</strong></span> <span class='ocrx_word' id='word_1_442' title='bbox 3314 2957 3640 3038; x_wconf 87' lang='lat' dir='ltr'><strong>procedere</strong></span> 
     </span>
    </p>
   </div>
   <div class='ocr_carea' id='block_1_62' title="bbox 267 3039 1919 3124">
    <p class='ocr_par' dir='ltr' id='par_1_62' title="bbox 267 3039 1899 3124">
     <span class='ocr_line' id='line_1_62' title="bbox 267 3039 1899 3124; baseline 0.001 -25"><span class='ocrx_word' id='word_1_443' title='bbox 267 3039 639 3124; x_wconf 77' lang='grc' dir='ltr'>ὡμολόγηται,</span> <span class='ocrx_word' id='word_1_444' title='bbox 1896 3082 1899 3085; x_wconf 61' lang='grc' dir='ltr'><strong>η</strong></span> 
     </span>
    </p>
   </div>
   <div class='ocr_carea' id='block_1_63' title="bbox 2003 3039 2361 3124">
    <p class='ocr_par' dir='ltr' id='par_1_63' title="bbox 2003 3044 2361 3124">
     <span class='ocr_line' id='line_1_63' title="bbox 2003 3044 2361 3124; baseline 0.011 -19"><span class='ocrx_word' id='word_1_445' title='bbox 2003 3044 2361 3124; x_wconf 82' lang='lat' dir='ltr'><strong>proﬁtemur.</strong></span> 
     </span>
    </p>
   </div>
   <div class='ocr_carea' id='block_1_64' title="bbox 352 3121 1919 3232">
    <p class='ocr_par' dir='ltr' id='par_1_64' title="bbox 352 3121 1910 3232">
     <span class='ocr_line' id='line_1_64' title="bbox 352 3121 1910 3232; baseline 0.004 -45"><span class='ocrx_word' id='word_1_446' title='bbox 352 3121 477 3232; x_wconf 43' lang='grc' dir='ltr'>ιγὶ.</span> <span class='ocrx_word' id='word_1_447' title='bbox 508 3133 670 3232; x_wconf 53' lang='lat' dir='ltr'><strong>Holus:</strong></span> <span class='ocrx_word' id='word_1_448' title='bbox 724 3135 753 3190; x_wconf 79' lang='grc' dir='ltr'>ὃ</span> <span class='ocrx_word' id='word_1_449' title='bbox 795 3132 1103 3232; x_wconf 60' lang='grc' dir='ltr'>ἀντιλέγων,</span> <span class='ocrx_word' id='word_1_450' title='bbox 1164 3141 1252 3195; x_wconf 87' lang='grc' dir='ltr'>καὶ</span> <span class='ocrx_word' id='word_1_451' title='bbox 1306 3141 1408 3232; x_wconf 67' lang='grc' dir='ltr'><strong>τῇς</strong></span> <span class='ocrx_word' id='word_1_452' title='bbox 1463 3132 1724 3202; x_wconf 72' lang='grc' dir='ltr'>εὖσεόείας</span> <span class='ocrx_word' id='word_1_453' title='bbox 1767 3138 1910 3213; x_wconf 80' lang='grc' dir='ltr'>ἡμᾶς</span> 
     </span>
    </p>
   </div>
   <div class='ocr_carea' id='block_1_65' title="bbox 2003 3121 3637 3232">
    <p class='ocr_par' dir='ltr' id='par_1_65' title="bbox 2003 3121 3637 3232">
     <span class='ocr_line' id='line_1_65' title="bbox 2003 3121 3637 3232; baseline 0.001 -39"><span class='ocrx_word' id='word_1_454' title='bbox 2003 3121 2012 3124; x_wconf 63' lang='grc'><em>’</em></span> <span class='ocrx_word' id='word_1_455' title='bbox 2083 3132 2179 3232; x_wconf 42' lang='grc'><strong>1⁸3.</strong></span> <span class='ocrx_word' id='word_1_456' title='bbox 2213 3132 2381 3206; x_wconf 87' lang='lat' dir='ltr'><strong>Quod</strong></span> <span class='ocrx_word' id='word_1_457' title='bbox 2413 3135 2810 3217; x_wconf 81' lang='lat' dir='ltr'><strong>adversarius,</strong></span> <span class='ocrx_word' id='word_1_458' title='bbox 2843 3142 2902 3197; x_wconf 92' lang='lat' dir='ltr'><strong>et</strong></span> <span class='ocrx_word' id='word_1_459' title='bbox 2925 3134 3027 3216; x_wconf 87' lang='lat' dir='ltr'><strong>qui</strong></span> <span class='ocrx_word' id='word_1_460' title='bbox 3048 3153 3158 3197; x_wconf 91' lang='lat' dir='ltr'><strong>nos</strong></span> <span class='ocrx_word' id='word_1_461' title='bbox 3185 3134 3450 3232; x_wconf 76' lang='lat' dir='ltr'><strong>veritatis</strong></span> <span class='ocrx_word' id='word_1_462' title='bbox 3480 3153 3637 3232; x_wconf 49' lang='lat' dir='ltr'><strong>prae:</strong></span> 
     </span>
    </p>
   </div>
   <div class='ocr_carea' id='block_1_66' title="bbox 268 3217 1919 3306">
    <p class='ocr_par' dir='ltr' id='par_1_66' title="bbox 268 3217 1911 3306">
     <span class='ocr_line' id='line_1_66' title="bbox 268 3217 1911 3306; baseline 0.002 -27"><span class='ocrx_word' id='word_1_463' title='bbox 268 3218 578 3301; x_wconf 82' lang='grc' dir='ltr'>παραϐάτας</span> <span class='ocrx_word' id='word_1_464' title='bbox 646 3221 954 3298; x_wconf 79' lang='grc' dir='ltr'>ἀποκαλῶν,</span> <span class='ocrx_word' id='word_1_465' title='bbox 1011 3227 1100 3283; x_wconf 86' lang='grc' dir='ltr'>καὶ</span> <span class='ocrx_word' id='word_1_466' title='bbox 1155 3232 1262 3283; x_wconf 85' lang='grc' dir='ltr'><strong>τῶν</strong></span> <span class='ocrx_word' id='word_1_467' title='bbox 1339 3217 1611 3302; x_wconf 77' lang='grc' dir='ltr'>Ῥωμαίων</span> <span class='ocrx_word' id='word_1_468' title='bbox 1666 3225 1911 3306; x_wconf 72' lang='grc' dir='ltr'>ἐχθροὺς,</span> 
     </span>
    </p>
   </div>
   <div class='ocr_carea' id='block_1_67' title="bbox 2003 3217 3650 3306">
    <p class='ocr_par' dir='ltr' id='par_1_67' title="bbox 2003 3222 3650 3306">
     <span class='ocr_line' id='line_1_67' title="bbox 2003 3222 3650 3306; baseline 0.001 -23"><span class='ocrx_word' id='word_1_469' title='bbox 2003 3222 2356 3286; x_wconf 87' lang='lat' dir='ltr'><strong>varicatores</strong></span> <span class='ocrx_word' id='word_1_470' title='bbox 2405 3233 2735 3306; x_wconf 91' lang='lat' dir='ltr'><strong>nuncupat,</strong></span> <span class='ocrx_word' id='word_1_471' title='bbox 2792 3233 2849 3287; x_wconf 91' lang='lat' dir='ltr'><strong>et</strong></span> <span class='ocrx_word' id='word_1_472' title='bbox 2876 3227 3216 3289; x_wconf 56' lang='lat' dir='ltr'><strong>Graecorum</strong></span> <span class='ocrx_word' id='word_1_473' title='bbox 3250 3224 3474 3304; x_wconf 90' lang='lat' dir='ltr'><strong>hostes,</strong></span> <span class='ocrx_word' id='word_1_474' title='bbox 3511 3223 3650 3285; x_wconf 87' lang='lat' dir='ltr'><strong>nul-</strong></span> 
     </span>
    </p>
   </div>
   <div class='ocr_carea' id='block_1_68' title="bbox 269 3308 1919 3396">
    <p class='ocr_par' dir='ltr' id='par_1_68' title="bbox 269 3308 1913 3394">
     <span class='ocr_line' id='line_1_68' title="bbox 269 3308 1913 3394; baseline 0.003 -28"><span class='ocrx_word' id='word_1_475' title='bbox 269 3308 372 3375; x_wconf 73' lang='grc' dir='ltr'>ἔξει</span> <span class='ocrx_word' id='word_1_476' title='bbox 401 3308 518 3368; x_wconf 85' lang='grc' dir='ltr'>καθ’</span> <span class='ocrx_word' id='word_1_477' title='bbox 546 3313 701 3386; x_wconf 85' lang='grc' dir='ltr'>ἡμῶν</span> <span class='ocrx_word' id='word_1_478' title='bbox 747 3311 847 3380; x_wconf 71' lang='grc' dir='ltr'>τὴν</span> <span class='ocrx_word' id='word_1_479' title='bbox 903 3313 1056 3394; x_wconf 78' lang='grc' dir='ltr'>ἰσχύν</span> <span class='ocrx_word' id='word_1_480' title='bbox 1089 3336 1106 3389; x_wconf 86' lang='grc'><strong>;</strong></span> <span class='ocrx_word' id='word_1_481' title='bbox 1135 3316 1302 3379; x_wconf 84' lang='grc' dir='ltr'>Λύκος</span> <span class='ocrx_word' id='word_1_482' title='bbox 1359 3314 1573 3378; x_wconf 75' lang='grc' dir='ltr'>πάντως</span> <span class='ocrx_word' id='word_1_483' title='bbox 1627 3314 1811 3394; x_wconf 86' lang='grc' dir='ltr'>χανὼν</span> <span class='ocrx_word' id='word_1_484' title='bbox 1841 3316 1913 3380; x_wconf 81' lang='grc' dir='ltr'>εἷς</span> 
     </span>
    </p>
   </div>
   <div class='ocr_carea' id='block_1_69' title="bbox 2003 3308 3652 3396">
    <p class='ocr_par' dir='ltr' id='par_1_69' title="bbox 2003 3310 3652 3396">
     <span class='ocr_line' id='line_1_69' title="bbox 2003 3310 3652 3396; baseline 0.001 -23"><span class='ocrx_word' id='word_1_485' title='bbox 2003 3311 2114 3374; x_wconf 93' lang='lat' dir='ltr'><strong>lius</strong></span> <span class='ocrx_word' id='word_1_486' title='bbox 2161 3310 2398 3374; x_wconf 87' lang='lat' dir='ltr'><strong>roboris</strong></span> <span class='ocrx_word' id='word_1_487' title='bbox 2461 3332 2616 3389; x_wconf 91' lang='lat' dir='ltr'><strong>esse,</strong></span> <span class='ocrx_word' id='word_1_488' title='bbox 2671 3314 2845 3396; x_wconf 86' lang='lat' dir='ltr'><strong>lupus</strong></span> <span class='ocrx_word' id='word_1_489' title='bbox 2891 3331 3135 3394; x_wconf 88' lang='lat' dir='ltr'><strong>prorsus</strong></span> <span class='ocrx_word' id='word_1_490' title='bbox 3193 3312 3410 3374; x_wconf 84' lang='lat' dir='ltr'><strong>frustra</strong></span> <span class='ocrx_word' id='word_1_491' title='bbox 3456 3311 3652 3374; x_wconf 89' lang='lat' dir='ltr'><strong>hiasse</strong></span> 
     </span>
    </p>
   </div>
   <div class='ocr_carea' id='block_1_70' title="bbox 272 3397 1919 3482">
    <p class='ocr_par' dir='ltr' id='par_1_70' title="bbox 272 3397 1919 3481">
     <span class='ocr_line' id='line_1_70' title="bbox 272 3397 1919 3481; baseline 0.004 -27"><span class='ocrx_word' id='word_1_492' title='bbox 272 3398 450 3476; x_wconf 77' lang='grc' dir='ltr'>μάτην</span> <span class='ocrx_word' id='word_1_493' title='bbox 520 3397 1003 3480; x_wconf 77' lang='grc' dir='ltr'>ἀπελεγχθήσεται,</span> <span class='ocrx_word' id='word_1_494' title='bbox 1065 3401 1197 3461; x_wconf 73' lang='grc' dir='ltr'>ἐπὰν</span> <span class='ocrx_word' id='word_1_495' title='bbox 1248 3405 1413 3481; x_wconf 80' lang='grc' dir='ltr'>ἡμεῖς</span> <span class='ocrx_word' id='word_1_496' title='bbox 1467 3403 1566 3470; x_wconf 73' lang='grc' dir='ltr'><strong>τὴν</strong></span> <span class='ocrx_word' id='word_1_497' title='bbox 1619 3405 1725 3460; x_wconf 79' lang='grc' dir='ltr'>τῶν</span> <span class='ocrx_word' id='word_1_498' title='bbox 1795 3401 1919 3461; x_wconf 80' lang='grc' dir='ltr'><strong>Ἐκο</strong></span> 
     </span>
    </p>
   </div>
   <div class='ocr_carea' id='block_1_71' title="bbox 2003 3397 3649 3482">
    <p class='ocr_par' dir='ltr' id='par_1_71' title="bbox 2003 3401 3649 3482">
     <span class='ocr_line' id='line_1_71' title="bbox 2003 3401 3649 3482; baseline 0.001 -20"><span class='ocrx_word' id='word_1_499' title='bbox 2003 3401 2505 3482; x_wconf 88' lang='lat' dir='ltr'><strong>deprehendetur,</strong></span> <span class='ocrx_word' id='word_1_500' title='bbox 2558 3422 2692 3465; x_wconf 88' lang='lat' dir='ltr'><strong>cum</strong></span> <span class='ocrx_word' id='word_1_501' title='bbox 2746 3422 2854 3465; x_wconf 86' lang='lat' dir='ltr'><strong>nos</strong></span> <span class='ocrx_word' id='word_1_502' title='bbox 2899 3402 3308 3466; x_wconf 81' lang='lat' dir='ltr'><strong>Ecclesiarum</strong></span> <span class='ocrx_word' id='word_1_503' title='bbox 3363 3401 3649 3463; x_wconf 90' lang='lat' dir='ltr'><strong>unionem</strong></span> 
     </span>
    </p>
   </div>
   <div class='ocr_carea' id='block_1_72' title="bbox 270 3487 1919 3572">
    <p class='ocr_par' dir='ltr' id='par_1_72' title="bbox 270 3487 1917 3572">
     <span class='ocr_line' id='line_1_72' title="bbox 270 3487 1917 3572; baseline 0.003 -26"><span class='ocrx_word' id='word_1_504' title='bbox 270 3487 510 3556; x_wconf 78' lang='grc' dir='ltr'>κλησιῶν</span> <span class='ocrx_word' id='word_1_505' title='bbox 575 3490 788 3569; x_wconf 77' lang='grc' dir='ltr'>εἰρήνην</span> <span class='ocrx_word' id='word_1_506' title='bbox 829 3492 915 3548; x_wconf 66' lang='grc' dir='ltr'><strong>επὶ</strong></span> <span class='ocrx_word' id='word_1_507' title='bbox 969 3490 1352 3572; x_wconf 80' lang='grc' dir='ltr'>παραδείγματι</span> <span class='ocrx_word' id='word_1_508' title='bbox 1409 3506 1532 3556; x_wconf 88' lang='grc' dir='ltr'>ταῖς</span> <span class='ocrx_word' id='word_1_509' title='bbox 1575 3498 1682 3549; x_wconf 84' lang='grc' dir='ltr'><strong>τῶν</strong></span> <span class='ocrx_word' id='word_1_510' title='bbox 1740 3492 1917 3551; x_wconf 74' lang='grc' dir='ltr'>Πατέ-</span> 
     </span>
    </p>
   </div>
   <div class='ocr_carea' id='block_1_73' title="bbox 2003 3487 3652 3572">
    <p class='ocr_par' dir='ltr' id='par_1_73' title="bbox 2003 3489 3652 3571">
     <span class='ocr_line' id='line_1_73' title="bbox 2003 3489 3652 3571; baseline 0.001 -20"><span class='ocrx_word' id='word_1_511' title='bbox 2003 3489 2272 3571; x_wconf 82' lang='lat' dir='ltr'><strong>exemplo</strong></span> <span class='ocrx_word' id='word_1_512' title='bbox 2318 3491 2643 3571; x_wconf 72' lang='lat' dir='ltr'><strong>desumpto</strong></span> <span class='ocrx_word' id='word_1_513' title='bbox 2691 3511 2762 3555; x_wconf 82' lang='lat' dir='ltr'><strong>ex</strong></span> <span class='ocrx_word' id='word_1_514' title='bbox 2811 3495 3047 3555; x_wconf 81' lang='lat' dir='ltr'><strong>Patrum</strong></span> <span class='ocrx_word' id='word_1_515' title='bbox 3111 3501 3453 3553; x_wconf 87' lang='lat' dir='ltr'><strong>nostrorum</strong></span> <span class='ocrx_word' id='word_1_516' title='bbox 3484 3489 3652 3553; x_wconf 86' lang='lat' dir='ltr'><strong>valde</strong></span> 
     </span>
    </p>
   </div>
   <div class='ocr_carea' id='block_1_74' title="bbox 270 3578 1919 3663">
    <p class='ocr_par' dir='ltr' id='par_1_74' title="bbox 270 3579 1915 3660">
     <span class='ocr_line' id='line_1_74' title="bbox 270 3579 1915 3660; baseline 0.003 -26"><span class='ocrx_word' id='word_1_517' title='bbox 270 3600 379 3660; x_wconf 86' lang='grc' dir='ltr'><strong>ρων</strong></span> <span class='ocrx_word' id='word_1_518' title='bbox 434 3580 588 3655; x_wconf 79' lang='grc' dir='ltr'>ἡμῶν</span> <span class='ocrx_word' id='word_1_519' title='bbox 643 3579 1016 3659; x_wconf 77' lang='grc' dir='ltr'>κοινωφελέσιν</span> <span class='ocrx_word' id='word_1_520' title='bbox 1074 3581 1418 3658; x_wconf 85' lang='grc' dir='ltr'>οἰκονομίαις,</span> <span class='ocrx_word' id='word_1_521' title='bbox 1482 3581 1543 3645; x_wconf 75' lang='grc' dir='ltr'>ἅς</span> <span class='ocrx_word' id='word_1_522' title='bbox 1601 3583 1915 3652; x_wconf 75' lang='grc' dir='ltr'>θεοκινήτως</span> 
     </span>
    </p>
   </div>
   <div class='ocr_carea' id='block_1_75' title="bbox 2003 3578 3653 3663">
    <p class='ocr_par' dir='ltr' id='par_1_75' title="bbox 2003 3578 3653 3663">
     <span class='ocr_line' id='line_1_75' title="bbox 2003 3578 3653 3663; baseline -0.001 -22"><span class='ocrx_word' id='word_1_523' title='bbox 2003 3579 2282 3660; x_wconf 83' lang='lat' dir='ltr'><strong>proﬁcuis</strong></span> <span class='ocrx_word' id='word_1_524' title='bbox 2332 3581 2846 3661; x_wconf 84' lang='lat' dir='ltr'><strong>dispositionibus,</strong></span> <span class='ocrx_word' id='word_1_525' title='bbox 2909 3599 3056 3663; x_wconf 88' lang='lat' dir='ltr'><strong>quas</strong></span> <span class='ocrx_word' id='word_1_526' title='bbox 3111 3580 3196 3643; x_wconf 91' lang='lat' dir='ltr'><strong>illi</strong></span> <span class='ocrx_word' id='word_1_527' title='bbox 3252 3599 3284 3641; x_wconf 90' lang='lat' dir='ltr'><strong>a</strong></span> <span class='ocrx_word' id='word_1_528' title='bbox 3330 3579 3454 3642; x_wconf 91' lang='lat' dir='ltr'><strong>Deo</strong></span> <span class='ocrx_word' id='word_1_529' title='bbox 3507 3578 3653 3641; x_wconf 90' lang='lat' dir='ltr'><strong>moti</strong></span> 
     </span>
    </p>
   </div>
   <div class='ocr_carea' id='block_1_76' title="bbox 270 3667 1919 3752">
    <p class='ocr_par' dir='ltr' id='par_1_76' title="bbox 270 3667 1917 3751">
     <span class='ocr_line' id='line_1_76' title="bbox 270 3667 1917 3751; baseline 0.002 -26"><span class='ocrx_word' id='word_1_530' title='bbox 270 3669 480 3726; x_wconf 78' lang='grc' dir='ltr'>ἁκεῖνοι</span> <span class='ocrx_word' id='word_1_531' title='bbox 512 3674 644 3748; x_wconf 81' lang='grc' dir='ltr'>πρὸς</span> <span class='ocrx_word' id='word_1_532' title='bbox 702 3667 886 3726; x_wconf 78' lang='grc' dir='ltr'>ἕνωσιν</span> <span class='ocrx_word' id='word_1_533' title='bbox 963 3676 1068 3728; x_wconf 84' lang='grc' dir='ltr'><strong>τῶν</strong></span> <span class='ocrx_word' id='word_1_534' title='bbox 1111 3670 1446 3739; x_wconf 83' lang='grc' dir='ltr'>Ἐκκλησιῶν</span> <span class='ocrx_word' id='word_1_535' title='bbox 1516 3671 1653 3728; x_wconf 85' lang='grc' dir='ltr'><strong>κατά</strong></span> <span class='ocrx_word' id='word_1_536' title='bbox 1707 3673 1917 3751; x_wconf 85' lang='grc' dir='ltr'>καιροὺς</span> 
     </span>
    </p>
   </div>
   <div class='ocr_carea' id='block_1_77' title="bbox 2003 3667 3653 3752">
    <p class='ocr_par' dir='ltr' id='par_1_77' title="bbox 2003 3667 3653 3752">
     <span class='ocr_line' id='line_1_77' title="bbox 2003 3667 3653 3752; baseline -0.001 -22"><span class='ocrx_word' id='word_1_537' title='bbox 2003 3687 2107 3750; x_wconf 90' lang='lat' dir='ltr'><strong>pro</strong></span> <span class='ocrx_word' id='word_1_538' title='bbox 2140 3668 2363 3731; x_wconf 89' lang='lat' dir='ltr'><strong>unione</strong></span> <span class='ocrx_word' id='word_1_539' title='bbox 2386 3669 2815 3752; x_wconf 84' lang='lat' dir='ltr'><strong>Ecclesiarum,</strong></span> <span class='ocrx_word' id='word_1_540' title='bbox 2874 3670 3239 3751; x_wconf 71' lang='lat' dir='ltr'><strong>praescriptis</strong></span> <span class='ocrx_word' id='word_1_541' title='bbox 3280 3667 3653 3748; x_wconf 90' lang='lat' dir='ltr'><strong>temporibus</strong></span> 
     </span>
    </p>
   </div>
   <div class='ocr_carea' id='block_1_78' title="bbox 274 3756 1919 3842">
    <p class='ocr_par' dir='ltr' id='par_1_78' title="bbox 274 3756 1919 3842">
     <span class='ocr_line' id='line_1_78' title="bbox 274 3756 1919 3842; baseline 0.001 -27"><span class='ocrx_word' id='word_1_542' title='bbox 274 3758 676 3837; x_wconf 76' lang='grc' dir='ltr'>ἆπειργὰζοντο,</span> <span class='ocrx_word' id='word_1_543' title='bbox 709 3756 1074 3837; x_wconf 80' lang='grc' dir='ltr'>ἀπεδείξαμεν,</span> <span class='ocrx_word' id='word_1_544' title='bbox 1124 3760 1245 3819; x_wconf 74' lang='grc' dir='ltr'>’Ὁτι</span> <span class='ocrx_word' id='word_1_545' title='bbox 1297 3759 1351 3818; x_wconf 79' lang='grc' dir='ltr'>δὲ</span> <span class='ocrx_word' id='word_1_546' title='bbox 1412 3761 1472 3818; x_wconf 82' lang='grc' dir='ltr'>ὲκ</span> <span class='ocrx_word' id='word_1_547' title='bbox 1526 3768 1643 3842; x_wconf 78' lang='grc' dir='ltr'>τοῦ,</span> <span class='ocrx_word' id='word_1_548' title='bbox 1700 3764 1774 3825; x_wconf 81' lang='grc' dir='ltr'>ὡς</span> <span class='ocrx_word' id='word_1_549' title='bbox 1845 3763 1919 3826; x_wconf 83' lang='grc' dir='ltr'><strong>είς</strong></span> 
     </span>
    </p>
   </div>
   <div class='ocr_carea' id='block_1_79' title="bbox 2003 3756 3653 3842">
    <p class='ocr_par' dir='ltr' id='par_1_79' title="bbox 2005 3757 3653 3840">
     <span class='ocr_line' id='line_1_79' title="bbox 2005 3757 3653 3840; baseline 0 -21"><span class='ocrx_word' id='word_1_550' title='bbox 2005 3768 2390 3840; x_wconf 88' lang='lat' dir='ltr'><strong>usurparunt,</strong></span> <span class='ocrx_word' id='word_1_551' title='bbox 2423 3759 3055 3823; x_wconf 84' lang='lat' dir='ltr'><strong>demonstraverimus.</strong></span> <span class='ocrx_word' id='word_1_552' title='bbox 3111 3757 3231 3820; x_wconf 89' lang='lat' dir='ltr'><strong>Nos</strong></span> <span class='ocrx_word' id='word_1_553' title='bbox 3263 3776 3439 3840; x_wconf 88' lang='lat' dir='ltr'><strong>porro</strong></span> <span class='ocrx_word' id='word_1_554' title='bbox 3468 3759 3653 3821; x_wconf 85' lang='lat' dir='ltr'><strong>veluti</strong></span> 
     </span>
    </p>
   </div>
   <div class='ocr_carea' id='block_1_80' title="bbox 274 3844 1919 3930">
    <p class='ocr_par' dir='ltr' id='par_1_80' title="bbox 274 3844 1919 3930">
     <span class='ocr_line' id='line_1_80' title="bbox 274 3844 1919 3930; baseline 0.001 -26"><span class='ocrx_word' id='word_1_555' title='bbox 274 3844 612 3926; x_wconf 80' lang='grc' dir='ltr'>παράδειγμα</span> <span class='ocrx_word' id='word_1_556' title='bbox 673 3849 767 3910; x_wconf 79' lang='grc' dir='ltr'><strong>τὰς</strong></span> <span class='ocrx_word' id='word_1_557' title='bbox 821 3849 1034 3906; x_wconf 84' lang='grc' dir='ltr'>πάντων</span> <span class='ocrx_word' id='word_1_558' title='bbox 1085 3850 1210 3926; x_wconf 88' lang='grc' dir='ltr'>παρ’</span> <span class='ocrx_word' id='word_1_559' title='bbox 1277 3851 1449 3908; x_wconf 59' lang='lat' dir='ltr'><strong>«ora»</strong></span> <span class='ocrx_word' id='word_1_560' title='bbox 1523 3849 1770 3928; x_wconf 81' lang='grc' dir='ltr'>Πατὲρων</span> <span class='ocrx_word' id='word_1_561' title='bbox 1833 3871 1919 3930; x_wconf 88' lang='grc' dir='ltr'>γε-</span> 
     </span>
    </p>
   </div>
   <div class='ocr_carea' id='block_1_81' title="bbox 2003 3844 3642 3930">
    <p class='ocr_par' dir='ltr' id='par_1_81' title="bbox 2003 3846 3642 3930">
     <span class='ocr_line' id='line_1_81' title="bbox 2003 3846 3642 3930; baseline 0 -21"><span class='ocrx_word' id='word_1_562' title='bbox 2003 3847 2062 3910; x_wconf 86' lang='lat' dir='ltr'><strong>in</strong></span> <span class='ocrx_word' id='word_1_563' title='bbox 2087 3850 2427 3930; x_wconf 85' lang='lat' dir='ltr'><strong>exemplum</strong></span> <span class='ocrx_word' id='word_1_564' title='bbox 2478 3868 2686 3911; x_wconf 91' lang='lat' dir='ltr'><strong>omnes</strong></span> <span class='ocrx_word' id='word_1_565' title='bbox 2741 3858 3081 3912; x_wconf 89' lang='lat' dir='ltr'><strong>sanctorum</strong></span> <span class='ocrx_word' id='word_1_566' title='bbox 3114 3846 3351 3910; x_wconf 87' lang='lat' dir='ltr'><strong>Patrum</strong></span> <span class='ocrx_word' id='word_1_567' title='bbox 3383 3847 3642 3929; x_wconf 86' lang='lat' dir='ltr'><strong>disposi-</strong></span> 
     </span>
    </p>
   </div>
   <div class='ocr_carea' id='block_1_82' title="bbox 276 3935 1919 4020">
    <p class='ocr_par' dir='ltr' id='par_1_82' title="bbox 276 3935 1919 4020">
     <span class='ocr_line' id='line_1_82' title="bbox 276 3935 1919 4020; baseline 0.001 -26"><span class='ocrx_word' id='word_1_568' title='bbox 276 3935 574 4015; x_wconf 82' lang='grc' dir='ltr'>γενημένας</span> <span class='ocrx_word' id='word_1_569' title='bbox 626 3937 926 4013; x_wconf 87' lang='grc' dir='ltr'>οικονομίας</span> <span class='ocrx_word' id='word_1_570' title='bbox 983 3939 1126 4015; x_wconf 82' lang='grc' dir='ltr'>ἡμᾶς</span> <span class='ocrx_word' id='word_1_571' title='bbox 1197 3939 1418 4020; x_wconf 74' lang='grc' dir='ltr'>ἀφορὰν,</span> <span class='ocrx_word' id='word_1_572' title='bbox 1480 3940 1553 4002; x_wconf 79' lang='grc' dir='ltr'><strong>εἰς</strong></span> <span class='ocrx_word' id='word_1_573' title='bbox 1610 3941 1764 3996; x_wconf 73' lang='grc' dir='ltr'>τοῦτο</span> <span class='ocrx_word' id='word_1_574' title='bbox 1821 3945 1919 4008; x_wconf 80' lang='grc' dir='ltr'>τῆς</span> 
     </span>
    </p>
   </div>
   <div class='ocr_carea' id='block_1_83' title="bbox 2003 3935 3649 4020">
    <p class='ocr_par' dir='ltr' id='par_1_83' title="bbox 2006 3935 3649 4020">
     <span class='ocr_line' id='line_1_83' title="bbox 2006 3935 3649 4020; baseline 0.001 -23"><span class='ocrx_word' id='word_1_575' title='bbox 2006 3935 2200 3999; x_wconf 91' lang='lat' dir='ltr'><strong>tiones</strong></span> <span class='ocrx_word' id='word_1_576' title='bbox 2255 3939 2639 4020; x_wconf 87' lang='lat' dir='ltr'><strong>aspicientes,</strong></span> <span class='ocrx_word' id='word_1_577' title='bbox 2691 3939 2910 4001; x_wconf 90' lang='lat' dir='ltr'><strong>similia</strong></span> <span class='ocrx_word' id='word_1_578' title='bbox 2949 3956 3259 4018; x_wconf 82' lang='lat' dir='ltr'><strong>aggressos</strong></span> <span class='ocrx_word' id='word_1_579' title='bbox 3289 3938 3469 3999; x_wconf 84' lang='lat' dir='ltr'><strong>fuisse</strong></span> <span class='ocrx_word' id='word_1_580' title='bbox 3496 3955 3649 4018; x_wconf 67' lang='lat' dir='ltr'><strong>quae,</strong></span> 
     </span>
    </p>
   </div>
   <div class='ocr_carea' id='block_1_84' title="bbox 274 4023 1919 4109">
    <p class='ocr_par' dir='ltr' id='par_1_84' title="bbox 274 4023 1919 4106">
     <span class='ocr_line' id='line_1_84' title="bbox 274 4023 1919 4106; baseline 0.002 -25"><span class='ocrx_word' id='word_1_581' title='bbox 274 4024 643 4106; x_wconf 72' lang='grc' dir='ltr'>ἐγχειρήσεως</span> <span class='ocrx_word' id='word_1_582' title='bbox 673 4023 1025 4106; x_wconf 57' lang='grc' dir='ltr'>ἐληλύθαμεν,</span> <span class='ocrx_word' id='word_1_583' title='bbox 1055 4028 1123 4084; x_wconf 77' lang='grc' dir='ltr'><strong>τὰ</strong></span> <span class='ocrx_word' id='word_1_584' title='bbox 1162 4027 1289 4106; x_wconf 83' lang='grc' dir='ltr'>παρ’</span> <span class='ocrx_word' id='word_1_585' title='bbox 1327 4029 1488 4106; x_wconf 80' lang='grc' dir='ltr'>ἡμῖν,</span> <span class='ocrx_word' id='word_1_586' title='bbox 1529 4027 1602 4090; x_wconf 81' lang='grc' dir='ltr'>ὡς</span> <span class='ocrx_word' id='word_1_587' title='bbox 1660 4029 1747 4084; x_wconf 83' lang='grc' dir='ltr'><strong>καὶ</strong></span> <span class='ocrx_word' id='word_1_588' title='bbox 1791 4027 1919 4085; x_wconf 79' lang='grc' dir='ltr'>ἅνω-</span> 
     </span>
    </p>
   </div>
   <div class='ocr_carea' id='block_1_85' title="bbox 2003 4023 3656 4109">
    <p class='ocr_par' dir='ltr' id='par_1_85' title="bbox 2004 4025 3656 4109">
     <span class='ocr_line' id='line_1_85' title="bbox 2004 4025 3656 4109; baseline -0.001 -22"><span class='ocrx_word' id='word_1_589' title='bbox 2004 4033 2071 4087; x_wconf 90' lang='lat' dir='ltr'><strong>ut</strong></span> <span class='ocrx_word' id='word_1_590' title='bbox 2099 4027 2279 4089; x_wconf 87' lang='lat' dir='ltr'><strong>etiam</strong></span> <span class='ocrx_word' id='word_1_591' title='bbox 2328 4046 2507 4108; x_wconf 90' lang='lat' dir='ltr'><strong>supra</strong></span> <span class='ocrx_word' id='word_1_592' title='bbox 2563 4029 2970 4109; x_wconf 85' lang='lat' dir='ltr'><strong>promisimus,</strong></span> <span class='ocrx_word' id='word_1_593' title='bbox 3024 4046 3182 4090; x_wconf 90' lang='lat' dir='ltr'><strong>nunc</strong></span> <span class='ocrx_word' id='word_1_594' title='bbox 3210 4025 3656 4089; x_wconf 87' lang='lat' dir='ltr'><strong>inveniuntura</strong></span> 
     </span>
    </p>
   </div>
   <div class='ocr_carea' id='block_1_86' title="bbox 273 4112 1919 4197">
    <p class='ocr_par' dir='ltr' id='par_1_86' title="bbox 273 4112 1919 4197">
     <span class='ocr_line' id='line_1_86' title="bbox 273 4112 1919 4197; baseline 0.001 -25"><span class='ocrx_word' id='word_1_595' title='bbox 273 4117 365 4172; x_wconf 90' lang='grc' dir='ltr'><strong>θεν</strong></span> <span class='ocrx_word' id='word_1_596' title='bbox 409 4112 967 4194; x_wconf 81' lang='grc' dir='ltr'>προεπηγγειλάμεθα,</span> <span class='ocrx_word' id='word_1_597' title='bbox 1011 4119 1142 4196; x_wconf 84' lang='grc' dir='ltr'>πρὸς</span> <span class='ocrx_word' id='word_1_598' title='bbox 1200 4119 1264 4174; x_wconf 86' lang='grc' dir='ltr'>τὸ</span> <span class='ocrx_word' id='word_1_599' title='bbox 1332 4117 1497 4197; x_wconf 84' lang='grc' dir='ltr'>παρὸν</span> <span class='ocrx_word' id='word_1_600' title='bbox 1549 4114 1919 4194; x_wconf 71' lang='grc' dir='ltr'>εὒρισιιόμενα,</span> 
     </span>
    </p>
   </div>
   <div class='ocr_carea' id='block_1_87' title="bbox 2003 4112 3648 4197">
    <p class='ocr_par' dir='ltr' id='par_1_87' title="bbox 2006 4113 3648 4197">
     <span class='ocr_line' id='line_1_87' title="bbox 2006 4113 3648 4197; baseline 0 -22"><span class='ocrx_word' id='word_1_601' title='bbox 2006 4113 2179 4178; x_wconf 92' lang='lat' dir='ltr'><strong>nobis</strong></span> <span class='ocrx_word' id='word_1_602' title='bbox 2201 4116 2514 4197; x_wconf 88' lang='lat' dir='ltr'><strong>compositi</strong></span> <span class='ocrx_word' id='word_1_603' title='bbox 2545 4117 2864 4179; x_wconf 91' lang='lat' dir='ltr'><strong>voluminis</strong></span> <span class='ocrx_word' id='word_1_604' title='bbox 2895 4117 3109 4179; x_wconf 89' lang='lat' dir='ltr'><strong>frustra</strong></span> <span class='ocrx_word' id='word_1_605' title='bbox 3152 4114 3648 4195; x_wconf 87' lang='lat' dir='ltr'><strong>comprobabunt,</strong></span> 
     </span>
    </p>
   </div>
   <div class='ocr_carea' id='block_1_88' title="bbox 275 4202 1919 4284">
    <p class='ocr_par' dir='ltr' id='par_1_88' title="bbox 275 4202 1919 4284">
     <span class='ocr_line' id='line_1_88' title="bbox 275 4202 1919 4284; baseline 0.001 -23"><span class='ocrx_word' id='word_1_606' title='bbox 275 4202 431 4283; x_wconf 82' lang='grc' dir='ltr'>ὀλίγα</span> <span class='ocrx_word' id='word_1_607' title='bbox 486 4208 584 4271; x_wconf 77' lang='grc' dir='ltr'><strong>τῆς</strong></span> <span class='ocrx_word' id='word_1_608' title='bbox 647 4203 965 4271; x_wconf 85' lang='grc' dir='ltr'>πονηθείσης</span> <span class='ocrx_word' id='word_1_609' title='bbox 1032 4206 1169 4281; x_wconf 83' lang='grc' dir='ltr'>ἡμῖν</span> <span class='ocrx_word' id='word_1_610' title='bbox 1222 4204 1402 4284; x_wconf 80' lang='grc' dir='ltr'>βίϐλου</span> <span class='ocrx_word' id='word_1_611' title='bbox 1456 4205 1704 4275; x_wconf 70' lang='grc' dir='ltr'>συστησει</span> <span class='ocrx_word' id='word_1_612' title='bbox 1764 4206 1919 4282; x_wconf 89' lang='grc' dir='ltr'>τεμά-</span> 
     </span>
    </p>
   </div>
   <div class='ocr_carea' id='block_1_89' title="bbox 2003 4202 3651 4284">
    <p class='ocr_par' dir='ltr' id='par_1_89' title="bbox 2008 4203 3651 4284">
     <span class='ocr_line' id='line_1_89' title="bbox 2008 4203 3651 4284; baseline 0 -20"><span class='ocrx_word' id='word_1_613' title='bbox 2008 4221 2139 4284; x_wconf 85' lang='lat' dir='ltr'><strong>quae</strong></span> <span class='ocrx_word' id='word_1_614' title='bbox 2162 4203 2231 4265; x_wconf 89' lang='lat' dir='ltr'><strong>ad</strong></span> <span class='ocrx_word' id='word_1_615' title='bbox 2284 4204 2530 4267; x_wconf 91' lang='lat' dir='ltr'><strong>verbum</strong></span> <span class='ocrx_word' id='word_1_616' title='bbox 2590 4205 2674 4267; x_wconf 90' lang='lat' dir='ltr'><strong>ita</strong></span> <span class='ocrx_word' id='word_1_617' title='bbox 2714 4225 2779 4268; x_wconf 89' lang='lat' dir='ltr'><strong>se</strong></span> <span class='ocrx_word' id='word_1_618' title='bbox 2810 4205 3051 4267; x_wconf 89' lang='lat' dir='ltr'><strong>habent.</strong></span> <span class='ocrx_word' id='word_1_619' title='bbox 3085 4204 3160 4267; x_wconf 88' lang='lat' dir='ltr'><strong>Et</strong></span> <span class='ocrx_word' id='word_1_620' title='bbox 3189 4212 3332 4265; x_wconf 90' lang='lat' dir='ltr'><strong>ante</strong></span> <span class='ocrx_word' id='word_1_621' title='bbox 3361 4203 3509 4264; x_wconf 90' lang='lat' dir='ltr'><strong>alios</strong></span> <span class='ocrx_word' id='word_1_622' title='bbox 3548 4222 3651 4265; x_wconf 89' lang='lat' dir='ltr'><strong>ec-</strong></span> 
     </span>
    </p>
   </div>
   <div class='ocr_carea' id='block_1_90' title="bbox 276 4290 1919 4375">
    <p class='ocr_par' dir='ltr' id='par_1_90' title="bbox 276 4291 1919 4375">
     <span class='ocr_line' id='line_1_90' title="bbox 276 4291 1919 4375; baseline 0.001 -25"><span class='ocrx_word' id='word_1_623' title='bbox 276 4314 399 4375; x_wconf 84' lang='grc' dir='ltr'>χια.</span> <span class='ocrx_word' id='word_1_624' title='bbox 435 4291 586 4350; x_wconf 71' lang='grc' dir='ltr'>Οὕτω</span> <span class='ocrx_word' id='word_1_625' title='bbox 609 4293 709 4373; x_wconf 80' lang='grc' dir='ltr'><strong>γὰρ</strong></span> <span class='ocrx_word' id='word_1_626' title='bbox 750 4293 806 4349; x_wconf 80' lang='grc' dir='ltr'>ἐν</span> <span class='ocrx_word' id='word_1_627' title='bbox 847 4293 994 4374; x_wconf 87' lang='grc' dir='ltr'>μέρει</span> <span class='ocrx_word' id='word_1_628' title='bbox 1050 4294 1135 4353; x_wconf 79' lang='grc' dir='ltr'>ἐπὶ</span> <span class='ocrx_word' id='word_1_629' title='bbox 1191 4292 1381 4361; x_wconf 80' lang='grc' dir='ltr'>λέξεως</span> <span class='ocrx_word' id='word_1_630' title='bbox 1451 4292 1583 4364; x_wconf 72' lang='grc' dir='ltr'>αὕτη</span> <span class='ocrx_word' id='word_1_631' title='bbox 1635 4292 1919 4372; x_wconf 78' lang='grc' dir='ltr'>διαλαμϐά-</span> 
     </span>
    </p>
   </div>
   <div class='ocr_carea' id='block_1_91' title="bbox 2003 4290 3647 4375">
    <p class='ocr_par' dir='ltr' id='par_1_91' title="bbox 2007 4290 3647 4357">
     <span class='ocr_line' id='line_1_91' title="bbox 2007 4290 3647 4357; baseline -0.001 -4"><span class='ocrx_word' id='word_1_632' title='bbox 2007 4291 2323 4355; x_wconf 87' lang='lat' dir='ltr'><strong>clesiastici</strong></span> <span class='ocrx_word' id='word_1_633' title='bbox 2351 4294 2712 4357; x_wconf 82' lang='lat' dir='ltr'><strong>firmamenti</strong></span> <span class='ocrx_word' id='word_1_634' title='bbox 2742 4294 2930 4356; x_wconf 92' lang='lat' dir='ltr'><strong>solem</strong></span> <span class='ocrx_word' id='word_1_635' title='bbox 2963 4294 3210 4355; x_wconf 93' lang='lat' dir='ltr'><strong>multum</strong></span> <span class='ocrx_word' id='word_1_636' title='bbox 3243 4301 3302 4353; x_wconf 92' lang='lat' dir='ltr'><strong>et</strong></span> <span class='ocrx_word' id='word_1_637' title='bbox 3330 4290 3647 4352; x_wconf 82' lang='lat' dir='ltr'><strong>maximum</strong></span> 
     </span>
    </p>
   </div>
   <div class='ocr_carea' id='block_1_92' title="bbox 276 4378 1919 4464">
    <p class='ocr_par' dir='ltr' id='par_1_92' title="bbox 276 4382 1919 4464">
     <span class='ocr_line' id='line_1_92' title="bbox 276 4382 1919 4464; baseline 0.002 -27"><span class='ocrx_word' id='word_1_638' title='bbox 276 4404 380 4445; x_wconf 84' lang='grc' dir='ltr'>νει.</span> <span class='ocrx_word' id='word_1_639' title='bbox 453 4384 646 4442; x_wconf 73' lang='grc' dir='ltr'>Αὐτίκα</span> <span class='ocrx_word' id='word_1_640' title='bbox 713 4385 806 4441; x_wconf 79' lang='grc' dir='ltr'><strong>τὸν</strong></span> <span class='ocrx_word' id='word_1_641' title='bbox 861 4383 956 4443; x_wconf 67' lang='grc' dir='ltr'><strong>τοῦ</strong></span> <span class='ocrx_word' id='word_1_642' title='bbox 1035 4382 1481 4452; x_wconf 66' lang='grc' dir='ltr'>ἒκχλησιαστικοῦ</span> <span class='ocrx_word' id='word_1_643' title='bbox 1559 4387 1919 4464; x_wconf 87' lang='grc' dir='ltr'>στερεώματος</span> 
     </span>
    </p>
   </div>
   <div class='ocr_carea' id='block_1_93' title="bbox 2003 4378 3649 4464">
    <p class='ocr_par' dir='ltr' id='par_1_93' title="bbox 2003 4378 3649 4463">
     <span class='ocr_line' id='line_1_93' title="bbox 2003 4378 3649 4463; baseline -0.002 -19"><span class='ocrx_word' id='word_1_644' title='bbox 2003 4381 2422 4457; x_wconf 86' lang='lat' dir='ltr'><strong>Athanasium,</strong></span> <span class='ocrx_word' id='word_1_645' title='bbox 2481 4383 2654 4463; x_wconf 89' lang='lat' dir='ltr'><strong>cujus</strong></span> <span class='ocrx_word' id='word_1_646' title='bbox 2686 4392 2774 4445; x_wconf 93' lang='lat' dir='ltr'><strong>est</strong></span> <span class='ocrx_word' id='word_1_647' title='bbox 2811 4390 2869 4444; x_wconf 91' lang='lat' dir='ltr'><strong>et</strong></span> <span class='ocrx_word' id='word_1_648' title='bbox 2897 4400 3094 4444; x_wconf 88' lang='lat' dir='ltr'><strong>sermo</strong></span> <span class='ocrx_word' id='word_1_649' title='bbox 3122 4378 3649 4460; x_wconf 83' lang='lat' dir='ltr'><strong>inexsuperabilis,</strong></span> 
     </span>
    </p>
   </div>
   <div class='ocr_carea' id='block_1_94' title="bbox 277 4455 1919 4552">
    <p class='ocr_par' dir='ltr' id='par_1_94' title="bbox 277 4469 1919 4552">
     <span class='ocr_line' id='line_1_94' title="bbox 277 4469 1919 4552; baseline 0.002 -24"><span class='ocrx_word' id='word_1_650' title='bbox 277 4470 452 4545; x_wconf 71' lang='grc' dir='ltr'>ἥλιον,</span> <span class='ocrx_word' id='word_1_651' title='bbox 509 4473 602 4529; x_wconf 83' lang='grc' dir='ltr'><strong>τὸν</strong></span> <span class='ocrx_word' id='word_1_652' title='bbox 659 4470 826 4529; x_wconf 79' lang='grc' dir='ltr'>πολὺν</span> <span class='ocrx_word' id='word_1_653' title='bbox 880 4474 968 4531; x_wconf 82' lang='grc' dir='ltr'><strong>καὶ</strong></span> <span class='ocrx_word' id='word_1_654' title='bbox 1022 4472 1272 4552; x_wconf 80' lang='grc' dir='ltr'>μέγιστον</span> <span class='ocrx_word' id='word_1_655' title='bbox 1345 4469 1678 4550; x_wconf 82' lang='grc' dir='ltr'>Ἀθανάσιον,</span> <span class='ocrx_word' id='word_1_656' title='bbox 1722 4476 1783 4531; x_wconf 78' lang='grc' dir='ltr'>οὗ</span> <span class='ocrx_word' id='word_1_657' title='bbox 1834 4474 1919 4532; x_wconf 73' lang='grc' dir='ltr'><strong>καὶ</strong></span> 
     </span>
    </p>
   </div>
   <div class='ocr_carea' id='block_1_95' title="bbox 2003 4455 3649 4552">
    <p class='ocr_par' dir='ltr' id='par_1_95' title="bbox 2008 4455 3649 4549">
     <span class='ocr_line' id='line_1_95' title="bbox 2008 4455 3649 4549; baseline -0.002 -16"><span class='ocrx_word' id='word_1_658' title='bbox 2008 4478 2069 4533; x_wconf 87' lang='lat' dir='ltr'><strong>et</strong></span> <span class='ocrx_word' id='word_1_659' title='bbox 2090 4470 2306 4532; x_wconf 91' lang='lat' dir='ltr'><strong>modus</strong></span> <span class='ocrx_word' id='word_1_660' title='bbox 2332 4455 2728 4549; x_wconf 65' lang='lat' dir='ltr'><strong>inimitabilis,</strong></span> <span class='ocrx_word' id='word_1_661' title='bbox 2785 4491 2919 4534; x_wconf 91' lang='lat' dir='ltr'><strong>cum</strong></span> <span class='ocrx_word' id='word_1_662' title='bbox 2971 4489 3077 4533; x_wconf 91' lang='lat' dir='ltr'><strong>sua</strong></span> <span class='ocrx_word' id='word_1_663' title='bbox 3101 4477 3273 4533; x_wconf 62' lang='lat' dir='ltr'><strong>aetate</strong></span> <span class='ocrx_word' id='word_1_664' title='bbox 3301 4455 3649 4530; x_wconf 77' lang='lat' dir='ltr'><strong>scandalum</strong></span> 
     </span>
    </p>
   </div>
   <div class='ocr_carea' id='block_1_96' title="bbox 277 4557 1927 4645">
    <p class='ocr_par' dir='ltr' id='par_1_96' title="bbox 277 4557 1927 4645">
     <span class='ocr_line' id='line_1_96' title="bbox 277 4557 1927 4645; baseline 0.001 -28"><span class='ocrx_word' id='word_1_665' title='bbox 277 4562 308 4618; x_wconf 83' lang='grc' dir='ltr'><strong>ὀ</strong></span> <span class='ocrx_word' id='word_1_666' title='bbox 363 4557 525 4641; x_wconf 88' lang='grc' dir='ltr'>λόγος</span> <span class='ocrx_word' id='word_1_667' title='bbox 567 4561 854 4637; x_wconf 81' lang='grc' dir='ltr'>ἀήττητος,</span> <span class='ocrx_word' id='word_1_668' title='bbox 888 4561 978 4620; x_wconf 75' lang='grc' dir='ltr'>καὶ</span> <span class='ocrx_word' id='word_1_669' title='bbox 1022 4565 1051 4620; x_wconf 83' lang='grc' dir='ltr'><strong>ὁ</strong></span> <span class='ocrx_word' id='word_1_670' title='bbox 1096 4563 1291 4643; x_wconf 89' lang='grc' dir='ltr'>τρόπος</span> <span class='ocrx_word' id='word_1_671' title='bbox 1349 4562 1642 4645; x_wconf 84' lang='grc' dir='ltr'>ἀμίμητος,</span> <span class='ocrx_word' id='word_1_672' title='bbox 1706 4563 1818 4620; x_wconf 79' lang='grc' dir='ltr'>ἐπεὶ</span> <span class='ocrx_word' id='word_1_673' title='bbox 1870 4566 1927 4619; x_wconf 64' lang='grc' dir='ltr'>ἓν</span> 
     </span>
    </p>
   </div>
   <div class='ocr_carea' id='block_1_97' title="bbox 278 4649 1927 4735">
    <p class='ocr_par' dir='ltr' id='par_1_97' title="bbox 278 4649 1927 4735">
     <span class='ocr_line' id='line_1_97' title="bbox 278 4649 1927 4735; baseline 0.003 -28"><span class='ocrx_word' id='word_1_674' title='bbox 278 4664 406 4715; x_wconf 76' lang='grc' dir='ltr'>ταῖς</span> <span class='ocrx_word' id='word_1_675' title='bbox 434 4649 660 4730; x_wconf 75' lang='grc' dir='ltr'>ἡμέραις</span> <span class='ocrx_word' id='word_1_676' title='bbox 690 4651 846 4710; x_wconf 76' lang='grc' dir='ltr'><strong>αὖτοῦ</strong></span> <span class='ocrx_word' id='word_1_677' title='bbox 873 4649 1164 4709; x_wconf 83' lang='grc' dir='ltr'>σκάνδαλον</span> <span class='ocrx_word' id='word_1_678' title='bbox 1221 4652 1281 4710; x_wconf 79' lang='grc' dir='ltr'>οὐ</span> <span class='ocrx_word' id='word_1_679' title='bbox 1331 4654 1393 4710; x_wconf 80' lang='grc' dir='ltr'>τὸ</span> <span class='ocrx_word' id='word_1_680' title='bbox 1438 4655 1608 4735; x_wconf 81' lang='grc' dir='ltr'>τυχὸν</span> <span class='ocrx_word' id='word_1_681' title='bbox 1666 4652 1927 4733; x_wconf 53' lang='lat' dir='ltr'><strong>ausam</strong></span> 
     </span>
    </p>
   </div>
   <div class='ocr_carea' id='block_1_98' title="bbox 283 4737 1928 4821">
    <p class='ocr_par' dir='ltr' id='par_1_98' title="bbox 283 4737 1928 4821">
     <span class='ocr_line' id='line_1_98' title="bbox 283 4737 1928 4821; baseline 0.001 -25"><span class='ocrx_word' id='word_1_682' title='bbox 283 4737 448 4814; x_wconf 79' lang='grc' dir='ltr'>μέσον</span> <span class='ocrx_word' id='word_1_683' title='bbox 517 4746 622 4798; x_wconf 82' lang='grc' dir='ltr'>τῶν</span> <span class='ocrx_word' id='word_1_684' title='bbox 679 4737 1014 4809; x_wconf 82' lang='grc' dir='ltr'>Ἐγκλησιῶν</span> <span class='ocrx_word' id='word_1_685' title='bbox 1055 4742 1254 4800; x_wconf 85' lang='grc' dir='ltr'>τούτων</span> <span class='ocrx_word' id='word_1_686' title='bbox 1313 4745 1504 4817; x_wconf 75' lang='grc' dir='ltr'>αὐτῶν,</span> <span class='ocrx_word' id='word_1_687' title='bbox 1558 4743 1674 4821; x_wconf 84' lang='grc' dir='ltr'>περὶ</span> <span class='ocrx_word' id='word_1_688' title='bbox 1722 4743 1797 4800; x_wconf 80' lang='grc' dir='ltr'>ὧν</span> <span class='ocrx_word' id='word_1_689' title='bbox 1839 4749 1928 4801; x_wconf 80' lang='grc' dir='ltr'><strong>νῦν</strong></span> 
     </span>
    </p>
   </div>
   <div class='ocr_carea' id='block_1_99' title="bbox 283 4826 1925 4914">
    <p class='ocr_par' dir='ltr' id='par_1_99' title="bbox 283 4826 1925 4914">
     <span class='ocr_line' id='line_1_99' title="bbox 283 4826 1925 4914; baseline 0.001 -28"><span class='ocrx_word' id='word_1_690' title='bbox 283 4830 313 4886; x_wconf 83' lang='grc' dir='ltr'><strong>ὁ</strong></span> <span class='ocrx_word' id='word_1_691' title='bbox 338 4826 498 4909; x_wconf 77' lang='grc' dir='ltr'>λόγος</span> <span class='ocrx_word' id='word_1_692' title='bbox 543 4831 707 4905; x_wconf 79' lang='grc' dir='ltr'>ἡμῖν,</span> <span class='ocrx_word' id='word_1_693' title='bbox 763 4831 1068 4910; x_wconf 79' lang='grc' dir='ltr'>εὒρίσκομεν</span> <span class='ocrx_word' id='word_1_694' title='bbox 1133 4832 1232 4900; x_wconf 75' lang='grc' dir='ltr'>τὴν</span> <span class='ocrx_word' id='word_1_695' title='bbox 1287 4830 1629 4912; x_wconf 74' lang='grc' dir='ltr'>καταλλαγὴν</span> <span class='ocrx_word' id='word_1_696' title='bbox 1686 4830 1925 4914; x_wconf 74' lang='grc' dir='ltr'>ἀμφοτέ-</span> 
     </span>
    </p>
   </div>
   <div class='ocr_carea' id='block_1_100' title="bbox 285 4917 1924 4998">
    <p class='ocr_par' dir='ltr' id='par_1_100' title="bbox 285 4917 1924 4998">
     <span class='ocr_line' id='line_1_100' title="bbox 285 4917 1924 4998; baseline 0.001 -23"><span class='ocrx_word' id='word_1_697' title='bbox 285 4939 392 4997; x_wconf 84' lang='grc' dir='ltr'><strong>ρων</strong></span> <span class='ocrx_word' id='word_1_698' title='bbox 421 4917 588 4976; x_wconf 76' lang='grc' dir='ltr'>ὠδενί</span> <span class='ocrx_word' id='word_1_699' title='bbox 653 4923 733 4995; x_wconf 78' lang='grc' dir='ltr'>τῷ</span> <span class='ocrx_word' id='word_1_700' title='bbox 782 4918 931 4996; x_wconf 75' lang='grc' dir='ltr'>ἄλλῳ</span> <span class='ocrx_word' id='word_1_701' title='bbox 983 4921 1165 4996; x_wconf 76' lang='grc' dir='ltr'>τρόπῳ</span> <span class='ocrx_word' id='word_1_702' title='bbox 1217 4918 1760 4998; x_wconf 78' lang='grc' dir='ltr'>διοικονομισάμενον,</span> <span class='ocrx_word' id='word_1_703' title='bbox 1805 4919 1924 4978; x_wconf 87' lang='grc' dir='ltr'>ἀλλ’</span> 
     </span>
    </p>
   </div>
   <div class='ocr_carea' id='block_1_101' title="bbox 282 5000 1927 5092">
    <p class='ocr_par' dir='ltr' id='par_1_101' title="bbox 282 5000 1927 5092">
     <span class='ocr_line' id='line_1_101' title="bbox 282 5000 1927 5092; baseline 0.002 -27"><span class='ocrx_word' id='word_1_704' title='bbox 282 5008 320 5077; x_wconf 77' lang='grc' dir='ltr'><strong>ἢ</strong></span> <span class='ocrx_word' id='word_1_705' title='bbox 344 5009 406 5066; x_wconf 78' lang='grc' dir='ltr'><strong>τὸ</strong></span> <span class='ocrx_word' id='word_1_706' title='bbox 453 5011 813 5089; x_wconf 73' lang='grc' dir='ltr'>ωνηγορῆσαι</span> <span class='ocrx_word' id='word_1_707' title='bbox 875 5017 945 5088; x_wconf 83' lang='grc' dir='ltr'><strong>τῇ</strong></span> <span class='ocrx_word' id='word_1_708' title='bbox 1008 5000 1287 5087; x_wconf 74' lang='grc' dir='ltr'>Ῥωμαῖκῆ</span> <span class='ocrx_word' id='word_1_709' title='bbox 1345 5009 1660 5092; x_wconf 72' lang='grc' dir='ltr'>Ἐκκλησία,</span> <span class='ocrx_word' id='word_1_710' title='bbox 1697 5007 1779 5092; x_wconf 67' lang='grc' dir='ltr'><strong>ἐφ’</strong></span> <span class='ocrx_word' id='word_1_711' title='bbox 1836 5010 1927 5074; x_wconf 75' lang='grc' dir='ltr'>οἷς</span> 
     </span>
    </p>
   </div>
   <div class='ocr_carea' id='block_1_102' title="bbox 286 5102 1926 5184">
    <p class='ocr_par' dir='ltr' id='par_1_102' title="bbox 286 5102 1926 5184">
     <span class='ocr_line' id='line_1_102' title="bbox 286 5102 1926 5184; baseline 0.001 -25"><span class='ocrx_word' id='word_1_712' title='bbox 286 5104 333 5159; x_wconf 80' lang='grc' dir='ltr'>οἱ</span> <span class='ocrx_word' id='word_1_713' title='bbox 362 5103 499 5161; x_wconf 82' lang='grc' dir='ltr'><strong>κατά</strong></span> <span class='ocrx_word' id='word_1_714' title='bbox 525 5103 626 5171; x_wconf 77' lang='grc' dir='ltr'>τὴν</span> <span class='ocrx_word' id='word_1_715' title='bbox 655 5102 791 5178; x_wconf 76' lang='grc' dir='ltr'>ἑῴαν</span> <span class='ocrx_word' id='word_1_716' title='bbox 822 5104 895 5168; x_wconf 79' lang='grc' dir='ltr'><strong>εἰς</strong></span> <span class='ocrx_word' id='word_1_717' title='bbox 921 5102 1204 5161; x_wconf 82' lang='grc' dir='ltr'>ἀντίπαλον</span> <span class='ocrx_word' id='word_1_718' title='bbox 1251 5115 1448 5184; x_wconf 88' lang='grc' dir='ltr'>μοῖραν</span> <span class='ocrx_word' id='word_1_719' title='bbox 1476 5103 1598 5167; x_wconf 80' lang='grc' dir='ltr'>τοὺς</span> <span class='ocrx_word' id='word_1_720' title='bbox 1655 5102 1710 5160; x_wconf 70' lang='grc' dir='ltr'>ἑν</span> <span class='ocrx_word' id='word_1_721' title='bbox 1753 5102 1926 5180; x_wconf 73' lang='grc' dir='ltr'>ἐκείνῃ</span> 
     </span>
    </p>
   </div>
   <div class='ocr_carea' id='block_1_103' title="bbox 284 5191 1925 5273">
    <p class='ocr_par' dir='ltr' id='par_1_103' title="bbox 284 5191 1925 5273">
     <span class='ocr_line' id='line_1_103' title="bbox 284 5191 1925 5273; baseline 0 -25"><span class='ocrx_word' id='word_1_722' title='bbox 284 5191 578 5270; x_wconf 86' lang='grc' dir='ltr'>κεκρίκασι.</span> <span class='ocrx_word' id='word_1_723' title='bbox 620 5193 721 5250; x_wconf 83' lang='grc' dir='ltr'>Καὶ</span> <span class='ocrx_word' id='word_1_724' title='bbox 774 5194 849 5258; x_wconf 90' lang='grc' dir='ltr'><strong>τίς</strong></span> <span class='ocrx_word' id='word_1_725' title='bbox 888 5194 924 5262; x_wconf 91' lang='grc' dir='ltr'><strong>ἡ</strong></span> <span class='ocrx_word' id='word_1_726' title='bbox 983 5194 1312 5273; x_wconf 71' lang='grc' dir='ltr'>συνηγορίας</span> <span class='ocrx_word' id='word_1_727' title='bbox 1358 5192 1526 5257; x_wconf 76' lang='grc' dir='ltr'>Αὐτὸς</span> <span class='ocrx_word' id='word_1_728' title='bbox 1585 5193 1793 5251; x_wconf 81' lang='grc' dir='ltr'>ἐκνῖνον</span> <span class='ocrx_word' id='word_1_729' title='bbox 1834 5193 1925 5249; x_wconf 62' lang='grc' dir='ltr'><strong>ὲν-</strong></span> 
     </span>
    </p>
   </div>
   <div class='ocr_carea' id='block_1_104' title="bbox 286 5280 1931 5364">
    <p class='ocr_par' dir='ltr' id='par_1_104' title="bbox 286 5280 1931 5364">
     <span class='ocr_line' id='line_1_104' title="bbox 286 5280 1931 5364; baseline 0.002 -27"><span class='ocrx_word' id='word_1_730' title='bbox 286 5283 448 5337; x_wconf 80' lang='grc' dir='ltr'>ταῦθα</span> <span class='ocrx_word' id='word_1_731' title='bbox 490 5280 715 5363; x_wconf 91' lang='grc' dir='ltr'>παρίτω,</span> <span class='ocrx_word' id='word_1_732' title='bbox 770 5283 860 5340; x_wconf 84' lang='grc' dir='ltr'><strong>καὶ</strong></span> <span class='ocrx_word' id='word_1_733' title='bbox 914 5296 1034 5348; x_wconf 83' lang='grc' dir='ltr'>ταῖς</span> <span class='ocrx_word' id='word_1_734' title='bbox 1088 5288 1159 5360; x_wconf 78' lang='grc' dir='ltr'><strong>τῇ</strong></span> <span class='ocrx_word' id='word_1_735' title='bbox 1212 5284 1372 5341; x_wconf 75' lang='grc' dir='ltr'>αὐτοῦ</span> <span class='ocrx_word' id='word_1_736' title='bbox 1412 5281 1630 5362; x_wconf 77' lang='grc' dir='ltr'>γλώσσῃ</span> <span class='ocrx_word' id='word_1_737' title='bbox 1690 5282 1931 5364; x_wconf 74' lang='grc' dir='ltr'>ἐκφωνη·</span> 
     </span>
    </p>
   </div>
   <div class='ocr_carea' id='block_1_105' title="bbox 287 5369 1931 5454">
    <p class='ocr_par' dir='ltr' id='par_1_105' title="bbox 287 5369 1931 5454">
     <span class='ocr_line' id='line_1_105' title="bbox 287 5369 1931 5454; baseline 0.004 -26"><span class='ocrx_word' id='word_1_738' title='bbox 287 5373 480 5438; x_wconf 85' lang='grc' dir='ltr'>θείσαις</span> <span class='ocrx_word' id='word_1_739' title='bbox 510 5369 711 5438; x_wconf 75' lang='grc' dir='ltr'>λέξεσιν</span> <span class='ocrx_word' id='word_1_740' title='bbox 754 5372 1137 5453; x_wconf 57' lang='grc' dir='ltr'>ἀπαγγελλὴω</span> <span class='ocrx_word' id='word_1_741' title='bbox 1178 5375 1337 5450; x_wconf 82' lang='grc' dir='ltr'>ἡμῖν.</span> <span class='ocrx_word' id='word_1_742' title='bbox 1387 5371 1478 5433; x_wconf 86' lang='grc' dir='ltr'>Ἐν</span> <span class='ocrx_word' id='word_1_743' title='bbox 1530 5375 1629 5454; x_wconf 78' lang='grc' dir='ltr'>γὰρ</span> <span class='ocrx_word' id='word_1_744' title='bbox 1669 5381 1746 5451; x_wconf 85' lang='grc' dir='ltr'>τῷ</span> <span class='ocrx_word' id='word_1_745' title='bbox 1799 5375 1931 5452; x_wconf 78' lang='grc' dir='ltr'>πρὸς</span> 
     </span>
    </p>
   </div>
   <div class='ocr_carea' id='block_1_106' title="bbox 242 5461 1419 5546">
    <p class='ocr_par' dir='ltr' id='par_1_106' title="bbox 242 5461 1419 5546">
     <span class='ocr_line' id='line_1_106' title="bbox 242 5461 1419 5546; baseline 0.003 -27"><span class='ocrx_word' id='word_1_746' title='bbox 242 5494 252 5500; x_wconf 56' lang='grc' dir='ltr'><strong><em>λ</em></strong></span> <span class='ocrx_word' id='word_1_747' title='bbox 289 5461 600 5542; x_wconf 78' lang='grc' dir='ltr'>Ἀντιοχεῖς</span> <span class='ocrx_word' id='word_1_748' title='bbox 627 5462 780 5539; x_wconf 86' lang='grc' dir='ltr'>τόμῳ</span> <span class='ocrx_word' id='word_1_749' title='bbox 824 5465 977 5527; x_wconf 69' lang='grc' dir='ltr'>οὗτος</span> <span class='ocrx_word' id='word_1_750' title='bbox 1026 5462 1163 5520; x_wconf 76' lang='grc' dir='ltr'>οὕτω</span> <span class='ocrx_word' id='word_1_751' title='bbox 1211 5465 1370 5546; x_wconf 71' lang='grc' dir='ltr'>φησίν</span> <span class='ocrx_word' id='word_1_752' title='bbox 1405 5482 1419 5497; x_wconf 78' lang='grc'><strong><em>⁸</em></strong></span> 
     </span>
    </p>
   </div>
   <div class='ocr_carea' id='block_1_107' title="bbox 1497 5462 1933 5544">
    <p class='ocr_par' dir='ltr' id='par_1_107' title="bbox 1497 5462 1933 5544">
     <span class='ocr_line' id='line_1_107' title="bbox 1497 5462 1933 5544; baseline -0.011 -20"><span class='ocrx_word' id='word_1_753' title='bbox 1497 5466 1599 5528; x_wconf 77' lang='grc' dir='ltr'>Οὓς</span> <span class='ocrx_word' id='word_1_754' title='bbox 1641 5464 1741 5544; x_wconf 77' lang='grc' dir='ltr'><strong>γὰρ</strong></span> <span class='ocrx_word' id='word_1_755' title='bbox 1797 5462 1933 5540; x_wconf 77' lang='grc' dir='ltr'>μέμ-</span> 
     </span>
    </p>
   </div>
   <div class='ocr_carea' id='block_1_108' title="bbox 2009 4556 3654 4622">
    <p class='ocr_par' dir='ltr' id='par_1_108' title="bbox 2009 4556 3654 4622">
     <span class='ocr_line' id='line_1_108' title="bbox 2009 4556 3654 4622; baseline -0.001 -2"><span class='ocrx_word' id='word_1_756' title='bbox 2009 4577 2130 4620; x_wconf 92' lang='lat' dir='ltr'><strong>non</strong></span> <span class='ocrx_word' id='word_1_757' title='bbox 2188 4559 2697 4622; x_wconf 89' lang='lat' dir='ltr'><strong>contemnendum</strong></span> <span class='ocrx_word' id='word_1_758' title='bbox 2751 4568 3019 4622; x_wconf 77' lang='lat' dir='ltr'><strong>exortum</strong></span> <span class='ocrx_word' id='word_1_759' title='bbox 3081 4557 3293 4620; x_wconf 88' lang='lat' dir='ltr'><strong>fuisset</strong></span> <span class='ocrx_word' id='word_1_760' title='bbox 3340 4557 3500 4619; x_wconf 89' lang='lat' dir='ltr'><strong>inter</strong></span> <span class='ocrx_word' id='word_1_761' title='bbox 3548 4556 3654 4619; x_wconf 83' lang='lat' dir='ltr'><strong>has</strong></span> 
     </span>
    </p>
   </div>
   <div class='ocr_carea' id='block_1_109' title="bbox 2010 4646 3650 4732">
    <p class='ocr_par' dir='ltr' id='par_1_109' title="bbox 2010 4646 3650 4732">
     <span class='ocr_line' id='line_1_109' title="bbox 2010 4646 3650 4732; baseline -0.002 -22"><span class='ocrx_word' id='word_1_762' title='bbox 2010 4647 2250 4711; x_wconf 89' lang='lat' dir='ltr'><strong>easdem</strong></span> <span class='ocrx_word' id='word_1_763' title='bbox 2306 4646 2626 4725; x_wconf 88' lang='lat' dir='ltr'><strong>Ecclesias,</strong></span> <span class='ocrx_word' id='word_1_764' title='bbox 2688 4649 2764 4711; x_wconf 90' lang='lat' dir='ltr'><strong>de</strong></span> <span class='ocrx_word' id='word_1_765' title='bbox 2797 4648 3013 4732; x_wconf 88' lang='lat' dir='ltr'><strong>quibus</strong></span> <span class='ocrx_word' id='word_1_766' title='bbox 3061 4655 3151 4710; x_wconf 91' lang='lat' dir='ltr'><strong>est</strong></span> <span class='ocrx_word' id='word_1_767' title='bbox 3209 4646 3396 4709; x_wconf 88' lang='lat' dir='ltr'><strong>oratio</strong></span> <span class='ocrx_word' id='word_1_768' title='bbox 3427 4653 3650 4717; x_wconf 85' lang='lat' dir='ltr'><strong>nostra,</strong></span> 
     </span>
    </p>
   </div>
   <div class='ocr_carea' id='block_1_110' title="bbox 2009 4735 3651 4819">
    <p class='ocr_par' dir='ltr' id='par_1_110' title="bbox 2009 4735 3651 4819">
     <span class='ocr_line' id='line_1_110' title="bbox 2009 4735 3651 4819; baseline -0.002 -19"><span class='ocrx_word' id='word_1_769' title='bbox 2009 4738 2321 4819; x_wconf 88' lang='lat' dir='ltr'><strong>utriusque</strong></span> <span class='ocrx_word' id='word_1_770' title='bbox 2357 4738 2903 4801; x_wconf 88' lang='lat' dir='ltr'><strong>reconciliationem</strong></span> <span class='ocrx_word' id='word_1_771' title='bbox 2936 4736 3296 4819; x_wconf 90' lang='lat' dir='ltr'><strong>reperimus,</strong></span> <span class='ocrx_word' id='word_1_772' title='bbox 3342 4735 3506 4798; x_wconf 90' lang='lat' dir='ltr'><strong>nullo</strong></span> <span class='ocrx_word' id='word_1_773' title='bbox 3536 4736 3651 4798; x_wconf 91' lang='lat' dir='ltr'><strong>alio</strong></span> 
     </span>
    </p>
   </div>
   <div class='ocr_carea' id='block_1_111' title="bbox 2011 4825 3656 4910">
    <p class='ocr_par' dir='ltr' id='par_1_111' title="bbox 2011 4825 3656 4910">
     <span class='ocr_line' id='line_1_111' title="bbox 2011 4825 3656 4910; baseline 0 -24"><span class='ocrx_word' id='word_1_774' title='bbox 2011 4825 2188 4888; x_wconf 88' lang='lat' dir='ltr'><strong>modo</strong></span> <span class='ocrx_word' id='word_1_775' title='bbox 2219 4826 2563 4909; x_wconf 86' lang='lat' dir='ltr'><strong>dispositam</strong></span> <span class='ocrx_word' id='word_1_776' title='bbox 2615 4846 2789 4910; x_wconf 91' lang='lat' dir='ltr'><strong>quam</strong></span> <span class='ocrx_word' id='word_1_777' title='bbox 2840 4827 3195 4891; x_wconf 89' lang='lat' dir='ltr'><strong>defensione</strong></span> <span class='ocrx_word' id='word_1_778' title='bbox 3220 4833 3500 4907; x_wconf 79' lang='lat' dir='ltr'><strong>suscepta</strong></span> <span class='ocrx_word' id='word_1_779' title='bbox 3529 4827 3656 4888; x_wconf 82' lang='lat' dir='ltr'><strong>Ro—</strong></span> 
     </span>
    </p>
   </div>
   <div class='ocr_carea' id='block_1_112' title="bbox 2011 4914 3658 5000">
    <p class='ocr_par' dir='ltr' id='par_1_112' title="bbox 2011 4914 3658 5000">
     <span class='ocr_line' id='line_1_112' title="bbox 2011 4914 3658 5000; baseline 0 -24"><span class='ocrx_word' id='word_1_780' title='bbox 2011 4933 2200 4978; x_wconf 70' lang='lat' dir='ltr'><strong>manas</strong></span> <span class='ocrx_word' id='word_1_781' title='bbox 2227 4914 2513 4979; x_wconf 62' lang='lat' dir='ltr'><strong>Ecclesia;</strong></span> <span class='ocrx_word' id='word_1_782' title='bbox 2564 4936 2744 5000; x_wconf 87' lang='lat' dir='ltr'><strong>super</strong></span> <span class='ocrx_word' id='word_1_783' title='bbox 2777 4917 2875 4990; x_wconf 91' lang='lat' dir='ltr'><strong>iis,</strong></span> <span class='ocrx_word' id='word_1_784' title='bbox 2902 4935 3009 4998; x_wconf 90' lang='lat' dir='ltr'><strong>pro</strong></span> <span class='ocrx_word' id='word_1_785' title='bbox 3038 4914 3254 4998; x_wconf 87' lang='lat' dir='ltr'><strong>quibus</strong></span> <span class='ocrx_word' id='word_1_786' title='bbox 3283 4914 3357 4977; x_wconf 89' lang='lat' dir='ltr'><strong>ab</strong></span> <span class='ocrx_word' id='word_1_787' title='bbox 3389 4914 3658 4977; x_wconf 89' lang='lat' dir='ltr'><strong>orienta-</strong></span> 
     </span>
    </p>
   </div>
   <div class='ocr_carea' id='block_1_113' title="bbox 2009 5002 3661 5088">
    <p class='ocr_par' dir='ltr' id='par_1_113' title="bbox 2009 5002 3661 5088">
     <span class='ocr_line' id='line_1_113' title="bbox 2009 5002 3661 5088; baseline -0.001 -23"><span class='ocrx_word' id='word_1_788' title='bbox 2009 5004 2166 5066; x_wconf 90' lang='lat' dir='ltr'><strong>libus</strong></span> <span class='ocrx_word' id='word_1_789' title='bbox 2193 5005 2594 5069; x_wconf 88' lang='lat' dir='ltr'><strong>occidentales</strong></span> <span class='ocrx_word' id='word_1_790' title='bbox 2621 5008 2682 5068; x_wconf 90' lang='lat' dir='ltr'><strong>in</strong></span> <span class='ocrx_word' id='word_1_791' title='bbox 2714 5006 3047 5088; x_wconf 88' lang='lat' dir='ltr'><strong>oppositam</strong></span> <span class='ocrx_word' id='word_1_792' title='bbox 3079 5011 3309 5086; x_wconf 75' lang='lat' dir='ltr'><strong>partem</strong></span> <span class='ocrx_word' id='word_1_793' title='bbox 3343 5002 3661 5067; x_wconf 87' lang='lat' dir='ltr'><strong>traheban-</strong></span> 
     </span>
    </p>
   </div>
   <div class='ocr_carea' id='block_1_114' title="bbox 2012 5092 3659 5178">
    <p class='ocr_par' dir='ltr' id='par_1_114' title="bbox 2012 5092 3659 5178">
     <span class='ocr_line' id='line_1_114' title="bbox 2012 5092 3659 5178; baseline -0.001 -22"><span class='ocrx_word' id='word_1_794' title='bbox 2012 5102 2126 5157; x_wconf 92' lang='lat' dir='ltr'><strong>tur.</strong></span> <span class='ocrx_word' id='word_1_795' title='bbox 2156 5096 2233 5159; x_wconf 85' lang='lat' dir='ltr'><strong>At</strong></span> <span class='ocrx_word' id='word_1_796' title='bbox 2263 5113 2531 5178; x_wconf 68' lang='lat' dir='ltr'><strong>quaenam</strong></span> <span class='ocrx_word' id='word_1_797' title='bbox 2589 5096 2766 5159; x_wconf 91' lang='lat' dir='ltr'><strong>fuerit</strong></span> <span class='ocrx_word' id='word_1_798' title='bbox 2796 5095 3064 5159; x_wconf 90' lang='lat' dir='ltr'><strong>defonsio</strong></span> <span class='ocrx_word' id='word_1_799' title='bbox 3089 5093 3115 5156; x_wconf 69' lang='grc' dir='ltr'><strong>Υ</strong></span> <span class='ocrx_word' id='word_1_800' title='bbox 3142 5093 3306 5157; x_wconf 86' lang='lat' dir='ltr'><strong>Idem</strong></span> <span class='ocrx_word' id='word_1_801' title='bbox 3337 5092 3469 5175; x_wconf 84' lang='lat' dir='ltr'><strong>ipse</strong></span> <span class='ocrx_word' id='word_1_802' title='bbox 3501 5109 3659 5174; x_wconf 73' lang='lat' dir='ltr'><strong>pm-</strong></span> 
     </span>
    </p>
   </div>
   <div class='ocr_carea' id='block_1_115' title="bbox 2012 5184 3663 5268">
    <p class='ocr_par' dir='ltr' id='par_1_115' title="bbox 2012 5184 3663 5268">
     <span class='ocr_line' id='line_1_115' title="bbox 2012 5184 3663 5268; baseline -0.002 -22"><span class='ocrx_word' id='word_1_803' title='bbox 2012 5202 2154 5247; x_wconf 89' lang='lat' dir='ltr'><strong>sens</strong></span> <span class='ocrx_word' id='word_1_804' title='bbox 2182 5185 2305 5247; x_wconf 91' lang='lat' dir='ltr'><strong>suis</strong></span> <span class='ocrx_word' id='word_1_805' title='bbox 2334 5185 2496 5248; x_wconf 88' lang='lat' dir='ltr'><strong>illam</strong></span> <span class='ocrx_word' id='word_1_806' title='bbox 2555 5185 2753 5249; x_wconf 86' lang='lat' dir='ltr'><strong>verbis</strong></span> <span class='ocrx_word' id='word_1_807' title='bbox 2798 5184 3163 5268; x_wconf 90' lang='lat' dir='ltr'><strong>pronuntiet.</strong></span> <span class='ocrx_word' id='word_1_808' title='bbox 3199 5185 3472 5264; x_wconf 86' lang='lat' dir='ltr'><strong>Namque</strong></span> <span class='ocrx_word' id='word_1_809' title='bbox 3503 5189 3663 5244; x_wconf 91' lang='lat' dir='ltr'><strong>tomo</strong></span> 
     </span>
    </p>
   </div>
   <div class='ocr_carea' id='block_1_116' title="bbox 2013 5271 3664 5349">
    <p class='ocr_par' dir='ltr' id='par_1_116' title="bbox 2013 5271 3664 5349">
     <span class='ocr_line' id='line_1_116' title="bbox 2013 5271 3664 5349; baseline -0.003 -13"><span class='ocrx_word' id='word_1_810' title='bbox 2013 5274 2086 5337; x_wconf 88' lang='lat' dir='ltr'><strong>ad</strong></span> <span class='ocrx_word' id='word_1_811' title='bbox 2111 5275 2519 5338; x_wconf 82' lang='lat' dir='ltr'><strong>Antiochenos</strong></span> <span class='ocrx_word' id='word_1_812' title='bbox 2574 5276 2702 5338; x_wconf 81' lang='lat' dir='ltr'><strong>haec</strong></span> <span class='ocrx_word' id='word_1_813' title='bbox 2749 5275 3063 5338; x_wconf 89' lang='lat' dir='ltr'><strong>continet:</strong></span> <span class='ocrx_word' id='word_1_814' title='bbox 3126 5271 3266 5336; x_wconf 81' lang='lat' dir='ltr'><strong>Illis</strong></span> <span class='ocrx_word' id='word_1_815' title='bbox 3314 5274 3498 5346; x_wconf 81' lang='lat' dir='ltr'><strong>enim,</strong></span> <span class='ocrx_word' id='word_1_816' title='bbox 3559 5271 3664 5349; x_wconf 76' lang='lat' dir='ltr'><strong>qui</strong></span> 
     </span>
    </p>
   </div>
   <div class='ocr_carea' id='block_1_117' title="bbox 2012 5358 3663 5444">
    <p class='ocr_par' dir='ltr' id='par_1_117' title="bbox 2012 5358 3663 5444">
     <span class='ocr_line' id='line_1_117' title="bbox 2012 5358 3663 5444; baseline -0.002 -17"><span class='ocrx_word' id='word_1_817' title='bbox 2012 5363 2337 5428; x_wconf 81' lang='lat' dir='ltr'><strong>nonnullos</strong></span> <span class='ocrx_word' id='word_1_818' title='bbox 2353 5365 2748 5437; x_wconf 77' lang='lat' dir='ltr'><strong>incusabant,</strong></span> <span class='ocrx_word' id='word_1_819' title='bbox 2773 5373 2843 5429; x_wconf 81' lang='lat' dir='ltr'><strong>ut</strong></span> <span class='ocrx_word' id='word_1_820' title='bbox 2865 5365 3052 5428; x_wconf 79' lang='lat' dir='ltr'><strong>trium</strong></span> <span class='ocrx_word' id='word_1_821' title='bbox 3071 5362 3470 5444; x_wconf 76' lang='lat' dir='ltr'><strong>hypostaseon</strong></span> <span class='ocrx_word' id='word_1_822' title='bbox 3494 5358 3663 5439; x_wconf 71' lang='lat' dir='ltr'><strong>affir-</strong></span> 
     </span>
    </p>
   </div>
   <div class='ocr_carea' id='block_1_118' title="bbox 2014 5451 3664 5533">
    <p class='ocr_par' dir='ltr' id='par_1_118' title="bbox 2014 5451 3664 5533">
     <span class='ocr_line' id='line_1_118' title="bbox 2014 5451 3664 5533; baseline -0.003 -17"><span class='ocrx_word' id='word_1_823' title='bbox 2014 5461 2451 5530; x_wconf 82' lang='lat' dir='ltr'><strong>matores,cum</strong></span> <span class='ocrx_word' id='word_1_824' title='bbox 2467 5453 2814 5533; x_wconf 80' lang='lat' dir='ltr'><strong>huiusmodi</strong></span> <span class='ocrx_word' id='word_1_825' title='bbox 2825 5470 2995 5517; x_wconf 81' lang='lat' dir='ltr'><strong>voces</strong></span> <span class='ocrx_word' id='word_1_826' title='bbox 3007 5451 3421 5532; x_wconf 77' lang='lat' dir='ltr'><strong>inScripturis</strong></span> <span class='ocrx_word' id='word_1_827' title='bbox 3440 5468 3559 5514; x_wconf 85' lang='lat' dir='ltr'><strong>non</strong></span> <span class='ocrx_word' id='word_1_828' title='bbox 3576 5466 3664 5512; x_wconf 83' lang='lat' dir='ltr'><strong>re-</strong></span> 
     </span>
    </p>
   </div>
   <div class='ocr_carea' id='block_1_119' title="bbox 290 5540 1919 5633">
    <p class='ocr_par' dir='ltr' id='par_1_119' title="bbox 290 5540 1919 5633">
     <span class='ocr_line' id='line_1_119' title="bbox 290 5540 1919 5633; baseline 0.001 -26"><span class='ocrx_word' id='word_1_829' title='bbox 290 5540 482 5633; x_wconf 68' lang='grc' dir='ltr'>φονταί</span> <span class='ocrx_word' id='word_1_830' title='bbox 503 5540 666 5615; x_wconf 58' lang='grc' dir='ltr'><strong>⁷τινες</strong></span> <span class='ocrx_word' id='word_1_831' title='bbox 750 5554 824 5617; x_wconf 84' lang='grc' dir='ltr'>ὡς</span> <span class='ocrx_word' id='word_1_832' title='bbox 895 5564 1039 5629; x_wconf 85' lang='grc' dir='ltr'>τρεῖς</span> <span class='ocrx_word' id='word_1_833' title='bbox 1129 5540 1383 5630; x_wconf 77' lang='grc' dir='ltr'>λέγοντας</span> <span class='ocrx_word' id='word_1_834' title='bbox 1450 5540 1766 5616; x_wconf 73' lang='grc' dir='ltr'>ὑποστάσεις</span> <span class='ocrx_word' id='word_1_835' title='bbox 1848 5548 1919 5609; x_wconf 69' lang='grc' dir='ltr'><strong>διε</strong></span> 
     </span>
    </p>
   </div>
   <div class='ocr_carea' id='block_1_120' title="bbox 2003 5540 3659 5633">
    <p class='ocr_par' dir='ltr' id='par_1_120' title="bbox 2012 5540 3659 5633">
     <span class='ocr_line' id='line_1_120' title="bbox 2012 5540 3659 5633; baseline -0.003 -26"><span class='ocrx_word' id='word_1_836' title='bbox 2012 5547 2468 5625; x_wconf 75' lang='lat' dir='ltr'><strong>perirentur,ac</strong></span> <span class='ocrx_word' id='word_1_837' title='bbox 2486 5545 2744 5626; x_wconf 76' lang='lat' dir='ltr'><strong>proinde</strong></span> <span class='ocrx_word' id='word_1_838' title='bbox 2761 5540 3260 5633; x_wconf 68' lang='lat' dir='ltr'><strong>suspectocvideri</strong></span> <span class='ocrx_word' id='word_1_839' title='bbox 3274 5547 3659 5633; x_wconf 74' lang='lat' dir='ltr'><strong>possent,au-</strong></span> 
     </span>
    </p>
   </div>
   <div class='ocr_carea' id='block_1_121' title="bbox 291 5630 1919 5722">
    <p class='ocr_par' dir='ltr' id='par_1_121' title="bbox 291 5630 1919 5722">
     <span class='ocr_line' id='line_1_121' title="bbox 291 5630 1919 5722; baseline -0.002 -21"><span class='ocrx_word' id='word_1_840' title='bbox 291 5630 351 5701; x_wconf 52' lang='lat' dir='ltr'><strong>is</strong></span> <span class='ocrx_word' id='word_1_841' title='bbox 408 5642 671 5722; x_wconf 70' lang='grc' dir='ltr'>ἀγράφοὺς</span> <span class='ocrx_word' id='word_1_842' title='bbox 763 5646 846 5699; x_wconf 84' lang='grc' dir='ltr'>καὶ</span> <span class='ocrx_word' id='word_1_843' title='bbox 956 5644 1217 5707; x_wconf 72' lang='grc' dir='ltr'>ὑπόπτους</span> <span class='ocrx_word' id='word_1_844' title='bbox 1303 5643 1530 5700; x_wconf 69' lang='grc' dir='ltr'>ἐντεῦθεν</span> <span class='ocrx_word' id='word_1_845' title='bbox 1618 5643 1759 5698; x_wconf 75' lang='grc' dir='ltr'>εἶναι</span> <span class='ocrx_word' id='word_1_846' title='bbox 1842 5641 1919 5698; x_wconf 67' lang='grc' dir='ltr'>τὰς</span> 
     </span>
    </p>
   </div>
   <div class='ocr_carea' id='block_1_122' title="bbox 2003 5630 3660 5722">
    <p class='ocr_par' dir='ltr' id='par_1_122' title="bbox 2017 5630 3660 5716">
     <span class='ocr_line' id='line_1_122' title="bbox 2017 5630 3660 5716; baseline -0.003 -20"><span class='ocrx_word' id='word_1_847' title='bbox 2017 5643 2203 5698; x_wconf 69' lang='lat' dir='ltr'><strong>olores</strong></span> <span class='ocrx_word' id='word_1_848' title='bbox 2222 5634 2478 5716; x_wconf 79' lang='lat' dir='ltr'><strong>fuimus,</strong></span> <span class='ocrx_word' id='word_1_849' title='bbox 2513 5654 2590 5698; x_wconf 81' lang='lat' dir='ltr'><strong>ne</strong></span> <span class='ocrx_word' id='word_1_850' title='bbox 2623 5635 2878 5714; x_wconf 81' lang='lat' dir='ltr'><strong>amplius</strong></span> <span class='ocrx_word' id='word_1_851' title='bbox 2901 5635 2967 5696; x_wconf 75' lang='lat' dir='ltr'><strong>in</strong></span> <span class='ocrx_word' id='word_1_852' title='bbox 2996 5632 3306 5697; x_wconf 77' lang='lat' dir='ltr'><strong>Nicteuam</strong></span> <span class='ocrx_word' id='word_1_853' title='bbox 3330 5630 3660 5711; x_wconf 75' lang='lat' dir='ltr'><strong>confessio-</strong></span> 
     </span>
    </p>
   </div>
  </div>
