4178 6288
554 286 663 345 967

1637 286 1849 348 JOAN.
1900 284 2119 348 VECCI
2167 289 2278 350 ΟΡ.
2335 290 2848 356 ΡΑΤΒΙΑΒΟΗιΕ

3818 293 3942 358 968

551 442 688 488 nem
710 422 1230 505 inquirerent,sed
1254 429 1456 484 tamen
1469 422 1543 483 de
1561 422 1691 483 istis
1705 419 1779 482 ob
1783 420 2192 501 pervicaciam

2280 421 2470 497 λέξεις,
2545 424 2788 501 ἠξιοῦμεν
2848 426 3014 502 μηδὲν
3072 427 3233 485 πλέον
3319 433 3595 501 επιζητεῖν
3645 435 3742 497 τῆς
3800 430 3941 485 κατά

553 512 806 575 rixandi
835 513 1092 594 quaestio
1124 518 1209 574 est
1247 509 1481 587 habita,
1516 510 1992 589 interrogatique
2027 516 2196 572 sunt.

553 601 712 665 Num
730 622 811 664 er
828 603 1204 665 Arianorum
1227 601 1529 662 sententia
1553 597 1792 660 alienas
1816 600 2200 678 peregrinas-

551 709 766 772 que,ac
796 691 1046 753 diversas
1089 707 1126 751 a
1157 707 1222 751 se
1253 688 1511 749 inuicem
1533 687 1892 750 substantia:
1907 705 2200 767 personas

551 797 680 843 esse
700 777 915 842 velint?
934 796 1011 839 an
1028 785 1094 840 ut
1114 777 1224 839 alii
1247 778 1517 838 hteretici
1535 774 1643 838 sub
1670 777 1802 837 istis
1824 774 2066 839 vocibus
2079 779 2201 839 tria

545 870 855 948 principia
877 874 937 929 et
963 875 1086 928 tres
1103 867 1241 927 deos
1261 869 1634 927 constituant
1658 863 1685 925 ?
1705 864 1779 926 Et
1797 878 1922 944 pOSl
1950 882 2197 928 eorum-

550 957 682 1019 dem
701 957 772 1017 ad
792 955 1150 1034 interrogata
1171 953 1718 1035 responsionem,et
1738 971 1943 1015 vocum
1958 952 2034 1015 ab
2057 952 2201 1033 ipsis

551 1044 905 1125 prulalarum
929 1043 1084 1125 piam
1106 1048 1454 1122 rectumque
1478 1040 1935 1120 expositionem,
1956 1040 2157 1104 subdit
2183 1062 2195 1103 :

548 1134 887 1216 Approbata
927 1135 1117 1213 igitur
1156 1132 1500 1195 istiusmodi
1519 1138 1579 1193 et
1613 1130 2112 1210 interpretatione
2146 1138 2202 1193 et

542 1223 1225 1297 excusatione,vicissim
1245 1237 1477 1301 quoque
1489 1225 1546 1281 et
1563 1237 1662 1281 eos
1679 1220 2166 1281 examinavimus
2180 1268 2196 1295 ,

546 1312 749 1392 quiab
772 1313 903 1374 istis
951 1317 1018 1371 in
1059 1310 1301 1390 culpam
1342 1307 1810 1383 devocabantur,
1832 1310 2012 1386 quasi
2025 1308 2195 1371 dice-

548 1408 684 1464 rent
710 1417 836 1462 esse
866 1416 1054 1461 unam
1094 1397 1493 1479 hypostasim,
1522 1397 1895 1459 sciscitantes
1927 1397 2004 1458 ab
2040 1395 2194 1471 illis,

546 1491 706 1553 Num
751 1506 868 1570 pro
916 1486 1275 1549 Sabelliano
1324 1486 1607 1565 dogmate
1656 1503 1727 1547 ea
1760 1493 1959 1548 mente
1987 1483 2193 1564 loque-

546 1587 782 1651 rentur,
816 1584 873 1640 et
891 1575 1161 1640 sublatos
1192 1573 1409 1637 vellent
1439 1591 1517 1636 ea:
1552 1572 1852 1636 Trinitate
1879 1572 2115 1636 Filium
2145 1582 2200 1638 et

2283 512 2503 570 Νίκαιαν
2572 514 2860 593 ὁμολογίας
2960 517 3254 597 ἀνακρίνειν
3338 516 3392 575 δὲ
3461 518 3610 595 ὅμως
3683 517 3770 574 διὰ
3838 518 3938 585 τήν

2281 599 2630 683 φιλονεικίαν,
2703 608 2781 680 μὴ
2837 603 2934 682 ἄρα
3003 607 3077 670 ὡς
3160 610 3206 663 οἱ
3265 605 3662 684 Ἀρειὸμανῖται
3739 604 3933 685 λέγου-

2282 710 2387 760 σιν,
2455 687 2968 770 ἀπηλλοτριωμένας
3066 696 3153 751 καὶ
3275 693 3697 774 ἀλλοτριουσίους
3822 692 3931 750 ἀλ-

2280 775 2485 859 λήλων,
2554 780 2590 849 ἢ
2661 781 2733 844 ὠς
2793 781 2942 840 ἄλλοι
3027 785 3273 863 αἱρετικοὶ
3354 799 3501 864 τρεῖς
3587 785 3761 864 ἀρχὰς
3839 784 3931 839 καὶ

2280 881 2427 943 τρεῖς
2483 870 2643 934 Θεοὺς
2701 868 2966 949 λέγουσιν,
3039 872 3177 930 οὕτω
3247 876 3334 930 καὶ
3409 876 3552 931 οὗτοι
3617 878 3928 953 φρονοῦντες

2281 960 2431 1034 τρεῖτ
2493 960 2809 1023 ὑποστάσεις
2851 959 3110 1039 λέγουσις
3182 964 3280 1021 Καὶ
3342 963 3479 1020 κατά
3532 962 3632 1029 τὴν
3689 961 3776 1017 ἐπὶ
3858 966 3929 1037 τῇ

2282 1045 2545 1126 ἀνακρίσει
2583 1050 2747 1125 ταύτῃ
2819 1048 3107 1129 ἀπολογίαν
3163 1058 3269 1109 τῶν
3320 1052 3415 1117 τὰς
3483 1065 3630 1131 τρεῖς
3701 1049 3935 1107 ὑποστᾶ-

2282 1156 2391 1199 σεις
2420 1134 2706 1218 λεγόντων,
2782 1140 2868 1196 καὶ
2924 1140 3057 1213 μετά
3113 1141 3211 1208 τὴν
3268 1139 3393 1219 παρ’
3438 1141 3610 1198 αὑτῶν
3659 1160 3929 1219 προενεχ-

2280 1227 2462 1281 θεῖσαν
2531 1225 2808 1305 ἑρμηνείαν
2881 1234 2987 1285 τῶν
3042 1226 3232 1295 λέξεων
3287 1232 3361 1293 εἱς
3436 1229 3644 1286 ἔννοιαν
3712 1224 3928 1306 εὑσεόἧ,

2277 1312 2510 1393 ἐπιφέρει
2543 1331 2559 1347 ’
2646 1313 3053 1393 Ἀποδεξάμενοι
3150 1316 3203 1373 δὲ
3295 1321 3495 1376 τούτων
3569 1319 3670 1386 τὴν
3764 1318 3933 1397 ἑρμη-

2277 1404 2415 1458 νείαν
2476 1410 2582 1459 τῶν
2637 1402 2852 1477 λέξεων,
2929 1407 3017 1462 καὶ
3099 1406 3197 1474 τὴν
3276 1406 3569 1484 ἀπολογίαν
3656 1406 3932 1484 ἀνεκρίνα-

2276 1512 2373 1565 μεν
2426 1493 2549 1556 τοὺς
2619 1493 2942 1559 αἷτιαθέντας
3028 1496 3168 1574 παρὰ
3262 1497 3463 1553 τούτων
3547 1498 3619 1561 ὡς
3670 1494 3924 1572 λέγοντας

2283 1581 2406 1655 μίαν
2474 1582 2783 1657 ὑπόστασιν,
2870 1585 2946 1657 μὴ
3016 1581 3115 1663 ἄρα
3201 1587 3275 1650 ὡς
3352 1583 3643 1649 Σαὸέλλιος
3714 1598 3923 1664 φρονεῖ,

547 1669 844 1749 Spiritum
870 1667 1178 1728 sanctum?
1200 1662 1348 1724 Tum
1370 1662 1718 1725 eorumden‘.
1742 1662 2192 1742 responsionem

2282 1670 2418 1728 οὕτω
2473 1672 2561 1727 καὶ
2615 1673 2755 1729 οὗτοι
2824 1662 3067 1751 λέγουσιν
3134 1672 3221 1729 ἐπὶ
3296 1673 3559 1752 ἀναιρέσει
3645 1662 3763 1729 τοῦθ
3804 1675 3927 1727 Υἱοῦ

544 1741 603 1818 in
636 1756 909 1818 oratione
931 1753 1170 1833 digerit,
1203 1752 1567 1832 demumque
1591 1741 1908 1813 sententia:
1939 1770 2192 1813 concor-

2279 1761 2485 1817 καὶτοῦ
2516 1761 2664 1839 ἁγίου
2715 1761 3067 1836 Πνεύματος;
3130 1762 3266 1820 Εἶτα
3321 1765 3410 1819 καὶ
3464 1764 3562 1830 τὴν
3613 1763 3784 1819 αὑτῶν
3840 1760 3924 1816 ἐπὶ

544 1846 690 1908 dans
720 1864 853 1907 cum
878 1842 1219 1905 diversitate
1252 1840 1581 1902 dictionum
1612 1840 1976 1914 collaudans,
2011 1840 2139 1902 infit
2176 1863 2189 1902 :

547 1935 832 2010 Quinimo
844 1942 899 1996 et
916 1931 1221 2012 illi,quieo
1242 1931 1506 1993 crimine
1520 1928 1812 2010 postulati
1827 1932 2195 2011 erant,quod

544 2032 664 2087 tres
704 2024 1052 2102 hypostases
1092 2020 1477 2091 inducereut,
1513 2036 1649 2081 cum
1688 2020 1819 2080 istis
1840 2019 1903 2080 in
1926 2020 2193 2081 eamdem

539 2116 901 2175 sententiam
953 2115 1391 2187 convenerunt,
1463 2108 1850 2188 vicissimque
1904 2107 2025 2177 illi.
2081 2114 2194 2186 qui

542 2220 726 2264 unam
746 2200 1120 2280 hypostasim
1136 2205 1587 2270 asseverarant,
1614 2199 1865 2259 istorum
1888 2198 2189 2274 interpre-

538 2292 765 2354 tationi
790 2290 1243 2368 acquievemnt.
1292 2285 1363 2348 Et
1393 2293 1523 2366 post
1544 2285 1662 2347 alia
1694 2294 1870 2365 atque
1901 2284 2014 2347 alia
2045 2284 2190 2346 sub-

535 2383 738 2443 nectit:
759 2380 910 2440 Cum
935 2379 1131 2457 igitur
1156 2375 1505 2437 istiusmodi
1536 2374 1776 2436 illarum
1799 2373 2033 2452 fuerint
2056 2391 2187 2434 sen-

533 2468 1179 2544 tentia,adhortamur
1198 2481 1402 2540 vos,ne
1419 2481 1540 2531 eos,
1565 2463 1672 2543 qui
1694 2468 1779 2524 ita
1800 2462 2187 2540 conﬁtentur,

533 2561 834 2636 talemque
856 2554 1418 2633 interpretationem
1435 2552 1561 2613 suis
1576 2550 1943 2613 dictionibus
1956 2568 2188 2612 accom-

536 2647 915 2709 modant.vos
936 2653 1156 2706 temere
1177 2643 1602 2715 condemnare,
1628 2650 1732 2701 aut
1761 2642 2008 2719 rejicere
2037 2638 2187 2702 celi-

535 2737 710 2809 tis,ut
730 2742 1020 2813 suspectae
1041 2732 1260 2793 mentis
1277 2730 1574 2793 homines.
1588 2730 1886 2791 Caeterum
1903 2746 2037 2791 cum
2054 2728 2191 2791 illos

535 2822 878 2888 tolerandos
900 2839 1019 2883 non
1039 2819 1714 2900 censebitis,consutctis
1734 2818 1885 2899 illis,
1900 2819 2005 2898 qui
2028 2826 2191 2881 recte

534 2915 1050 2992 interpretantur,
1076 2922 1131 2971 et
1154 2915 1309 2971 recte
1338 2909 1640 2984 sentiunt,
1675 2925 1753 2970 ne
1772 2906 2029 2969 ulterior
2059 2908 2193 2969 ulla

538 3004 696 3065 inter
713 3019 813 3064 vos
837 2998 1195 3063 adhibeatur
1227 2996 1595 3076 disquisitio,
1644 3014 1835 3075 neque
1869 2996 2190 3060 verborum

531 3094 757 3173 pugnis
778 3088 1072 3180 studeatis
1092 3087 1171 3149 ad
1200 3085 1434 3180 nullam
1454 3102 1713 3180 prorsus
1724 3085 2190 3180 utilitatem,sed
2207 3112 2247 3162 ο
2271 3114 2415 3180 γετν,

533 3198 746 3243 sensus
776 3178 1283 3259 cogitationesque
1299 3175 1546 3256 pietatis
1567 3173 1873 3237 exhibere.
1900 3173 2056 3237 Nam
2083 3178 2189 3256 qui

536 3273 623 3334 ita
648 3269 841 3350 effecti
863 3283 984 3330 non
1031 3265 1309 3338 sunt,scd
1337 3265 1755 3327 tantummodo
1776 3281 1955 3343 super
1974 3265 2188 3326 istius-

536 3358 701 3421 modi
719 3355 951 3419 voculis
974 3358 1342 3417 contentiosa
1369 3357 1678 3427 rixantur,
1715 3353 1781 3413 lii
1807 3354 2072 3432 profecto
2094 3354 2187 3414 ni-

537 3445 628 3508 hil
648 3445 819 3508 aliud
839 3452 1053 3524 agunt,
1098 3459 1281 3522 quam
1319 3441 1477 3520 quod
1500 3441 1801 3520 proximis
1819 3443 1947 3502 suis
1986 3443 2184 3503 turbi-

534 3535 676 3596 dam
693 3533 1143 3596 subversionem
1159 3531 1587 3610 prapinant,ut
1611 3530 1866 3603 inimici,
1884 3538 1940 3590 et
1961 3529 2188 3591 discor-

535 3624 783 3686 diarum
805 3627 862 3683 et
880 3619 1273 3683 schismatan
1309 3618 1713 3680 azmulatores.
1740 3619 1988 3680 Necnon
2018 3639 2029 3676 :
2068 3618 2187 3680 lm-

530 3713 724 3793 pietas
751 3710 994 3791 quidem
1009 3707 1200 3770 modis
1227 3705 1505 3769 omnibus
1527 3705 2036 3786 abrogatur,licet
2055 3726 2187 3769 eam

535 3802 723 3863 variis
746 3796 968 3871 verbis,
994 3804 1050 3858 et
1066 3794 1483 3875 probabilibus
1499 3794 1830 3875 argutiolis
1863 3800 2188 3858 circumve-

533 3890 682 3951 stire
701 3888 840 3969 quis
872 3891 1095 3948 tentet:
1145 3885 1437 3965 pietatem
1474 3892 1677 3946 autem
1726 3882 1919 3946 colere
1958 3887 2188 3963 iustum

535 3996 740 4041 omnes
756 3976 1197 4055 confitentur,et
1216 3975 1270 4035 si
1284 3975 1621 4054 peregrinis
1652 3971 2014 4052 quibusdam
2035 3974 2192 4036 voci-

535 4068 640 4129 bus
668 4073 949 4140 utantur,
980 4062 1301 4126 dummodo
1321 4063 1525 4124 dicens
1539 4063 1708 4143 piam
1725 4067 2085 4124 sententiam
2110 4068 2190 4124 te-

534 4162 699 4227 neat,
734 4152 978 4233 illisque
1004 4151 1164 4233 quod
1190 4153 1250 4212 in
1274 4155 1481 4233 animo
1499 4150 1801 4231 habet,pie
1812 4153 2186 4233 pronuntiet.

534 4230 911 4314 Rursumque
936 4230 1235 4314 postnlia;
1266 4230 1559 4311 Itaque,.~i
1593 4230 1774 4293 verba
1807 4232 1912 4293 isti
1938 4233 2066 4293 haec
2098 4249 2190 4291 ve-

532 4316 647 4377 luti
666 4312 990 4396 peregrina
1039 4312 1410 4396 abiudirant,
1446 4319 1686 4396 teneant
1713 4318 2077 4396 sententiam
2093 4330 2187 4373 se-

533 4391 1014 4473 cunclum'quam
1035 4394 1305 4472 synodus
1328 4391 1413 4453 ita
1438 4393 1715 4470 scripsit:
1740 4391 1911 4473 ()uod
1936 4394 2188 4454 licetro-
2213 4393 2254 4443 Ι)

532 4495 626 4538 ces
656 4493 777 4537 non
800 4470 888 4536 ita
918 4477 983 4535 in
1005 4470 1335 4551 scriptione
1355 4470 1898 4551 reperiantur,sed
1929 4480 1993 4533 ut
2010 4480 2188 4532 antea

532 4557 759 4619 dictum
788 4562 899 4625 est,
965 4570 1040 4615 ea:
1066 4554 1403 4630 scriptione
1445 4555 1808 4614 sententiam
1838 4553 2191 4613 sortiantur

531 4652 785 4717 eamque
833 4634 1255 4717 pronuntiata:
1310 4633 1688 4713 significant,
1738 4631 1902 4712 apud
1925 4649 2045 4705 eos,
2082 4637 2190 4712 qui

525 4715 741 4797 pietati
769 4732 948 4777 aures
979 4715 1247 4793 integras
1269 4718 1734 4774 conservarunt.

2278 1840 2345 1925 τῇ
2459 1848 2724 1928 ἀνακρίσει
2821 1851 2986 1925 ταύτῃ
3095 1849 3386 1930 ἀπολογίαν
3505 1847 3922 1928 καταστρωννύει

2278 1945 2353 2011 τῷ
2422 1937 2589 2014 λόγῳ,
2664 1939 2751 1994 καὶ
2820 1932 3009 2019 impegi:
3087 1944 3165 2013 τῷ
3236 1939 3503 2018 συμφώνῳ
3571 1943 3670 2005 τῆς
3728 1937 3923 1999 ἐννοίας

2277 2024 2360 2083 ἐπὶ
2459 2034 2534 2100 τῷ
2630 2024 2992 2083 διαλλάττοντι
3092 2033 3199 2083 τῶν
3294 2027 3482 2093 λέξεων
3591 2025 3919 2099 ἐπιθειάζων,

2274 2118 2430 2194 φησίν
2467 2131 2479 2143 ·
2572 2113 2764 2190 Αμέλει
2808 2115 2959 2173 κάκει
3018 2118 3064 2171 οἱ
3118 2115 3457 2185 αἶτιαθέντες,
3513 2116 3588 2178 ὡς
3655 2115 3919 2193 εἰρηκότες

2273 2217 2418 2282 τρεῖς
2518 2204 2856 2277 ὑποστάσεις,
2941 2203 3261 2261 συνετίθεντο
3316 2205 3548 2282 τούτοις,
3648 2204 3740 2259 καὶ
3837 2203 3923 2259 αύ-

2272 2295 2352 2350 τοὶ
2420 2291 2491 2369 δὲ,
2545 2297 2591 2351 οἱ
2648 2294 2918 2371 εἰρηκότες
3016 2293 3140 2369 μίαν
3209 2294 3520 2373 ὑπόστασιν,
3577 2293 3645 2348 τὰ
3713 2291 3920 2348 ἐκείνων

2273 2382 2452 2461 ὣσπερ
2559 2382 2923 2462 ἡρμήνευσαν,
3010 2384 3098 2439 καὶ
3182 2382 3516 2457 ὡμολόγουν.
3610 2382 3706 2440 Καὶ
3785 2402 3915 2459 προ-

2271 2469 2463 2529 ϐαίνων
2506 2485 2622 2537 τοῖς
2674 2469 2778 2548 ἤδη
2851 2472 3086 2549 ῥηθεῖσιν
3132 2470 3441 2549 ἐπισυνείρει
3471 2487 3486 2502 ⁸
3534 2470 3747 2528 Τούτων
3801 2470 3915 2525 τοὶ-

2272 2584 2361 2618 νυν
2456 2560 2621 2624 οὕτως
2706 2558 3164 2639 ὁμολογηθέντων,
3267 2557 3680 2638 παρακαλοῦμεν
3779 2560 3911 2633 ὑμᾶς

2270 2652 2391 2715 τούς
2475 2652 2570 2725 μὲν
2641 2649 2808 2714 οὕτως
2907 2647 3322 2727 ὁμολογοῦντας,
3395 2650 3483 2705 καὶ
3540 2646 3919 2726 διερρηνεύον-

2271 2763 2368 2805 τας
2439 2740 2576 2797 οὕτω
2631 2740 2725 2803 τὰς
2797 2738 2988 2809 λέξεις,
3063 2738 3125 2804 ἂς
3195 2737 3431 2816 λέγουσι,
3524 2738 3607 2813 μὴ
3665 2736 3917 2815 κατακρί-

2274 2853 2411 2906 νετε,
2483 2828 2621 2905 μηδὲ
2703 2832 2979 2908 προπετῶς
3052 2825 3403 2908 ἀποϐάλλετε,
3491 2825 3627 2885 ἄλλά
3722 2824 3920 2902 μᾶλλον

2272 2921 2630 3000 εἰρηνεύοντας
2775 2920 2863 2975 καὶ
3020 2915 3482 2995 ἀπολογουμένους
3641 2914 3921 2994 προσλαμ-

2272 3008 2511 3080 ϐάνεσθε,
2583 3009 2706 3071 τοὺς
2764 3005 2819 3063 δὲ
2914 3007 2993 3082 μὴ
3067 3005 3420 3082 βουλομένους
3487 3005 3656 3070 οὕτως
3715 3003 3917 3080 ὑμολο-

2540 3100 2628 3155 καὶ
2724 3096 3081 3177 διερμηνεύειν
3197 3097 3292 3161 τὰς
3401 3094 3594 3161 λέξεις,
3710 3094 3918 3157 τούτους

2272 3188 2526 3260 κωλύετε,
2586 3189 2676 3245 καὶ
2748 3185 3047 3266 ἐντρέπετε,
3146 3187 3221 3250 ὡς
3292 3186 3557 3250 ὑπόπτους
3633 3191 3712 3259 τῷ
3788 3204 3920 3263 φρο-

2272 3280 2489 3355 νάματι.
2563 3276 2775 3335 Τούτων
2865 3273 2920 3331 δὲ
2978 3276 3055 3350 μή
3139 3272 3459 3354 ἀνεχόμενοι
3542 3270 3920 3349 συμϐουλεύετε

2269 3368 2529 3431 κάκείνοις
2643 3378 2761 3430 τοῖς
2867 3365 3030 3441 ὀρθῶς
3142 3359 3539 3441 διερμηυοεύουσί
3662 3382 3721 3417 τε
3830 3360 3917 3416 καὶ

2271 3463 2539 3538 φρονοῦσι,
2655 3451 2818 3528 μηδὲν
2937 3450 3097 3509 πλέον
3192 3449 3459 3519 ἀλλήλους
3600 3449 3912 3529 ἀνακρίνειν,

2269 3544 2404 3622 μηδὲ
2475 3543 2809 3622 λογομαχεῖν
2876 3540 2960 3598 ἐπ’
3035 3539 3179 3598 οὑδὲν
3230 3541 3531 3621 χρήσιμον,
3603 3542 3743 3613 μήτε
3801 3550 3919 3601 ταῖς

2269 3635 2536 3697 τοιαύταις
2627 3630 2801 3696 λέξεσι
2886 3628 3267 3710 διαμάχεσθαι,
3367 3627 3504 3688 ἀλλὰ
3583 3633 3662 3701 τῷ
3715 3627 3919 3706 φρονή-

2270 3746 2399 3800 ματι
2482 3721 2580 3789 τῆς
2636 3718 2900 3783 εὐσεϐείας
2956 3732 3287 3799 συμφωνεῖν.
3358 3720 3419 3776 Οἱ
3482 3718 3581 3796 γὰρ
3651 3717 3729 3791 μὴ
3788 3715 3924 3773 οὕτω

2271 3811 2661 3886 διανοούμενοι,
2744 3807 2879 3865 ἀλλά
2992 3809 3153 3883 μόνον
3277 3807 3368 3863 επὶ
3467 3820 3588 3870 to“:
3671 3806 3930 3866 τοιούτοις

2274 3898 2568 3966 λεόξειδίοις
2664 3896 3109 3979 φιλονεικοῦντες,
3211 3893 3357 3953 οῦδὲν
3462 3893 3634 3973 ἕτερον
3716 3903 3929 3953 ποιοῦν·

2272 3991 2359 4056 τές
2414 3991 2566 4063 εἰσιν,
2650 3988 2686 4056 ἢ
2783 3987 3081 4057 ποτίζουσιν
3151 3985 3424 4063 ἀνατροπῆ
3516 3982 3737 4064 θολεράν
3834 3985 3925 4041 τὸν

2272 4079 2521 4154 πλησίον,
2591 4078 2663 4141 ὥς
2750 4079 3056 4157 φθονοῦντες
3140 4096 3208 4151 τῃ
3300 4075 3510 4153 εἰρήνῃ,
3611 4074 3701 4128 καί
3783 4073 3923 4149 ἀγα·-

2272 4175 2476 4231 πῶντες
2544 4166 2610 4222 τα
2690 4166 2988 4245 σχίσματα,
3061 4164 3158 4221 Καὶ
3226 4161 3304 4218 ’έτι
3339 4179 3354 4195 ⁸
3423 4163 3494 4220 Τὸ
3580 4161 3661 4236 μὴ
3710 4158 3919 4218 ἀσεϐεῖν

2271 4255 2544 4320 παντελῶς
2599 4253 2920 4326 κεκώλυται,
3006 4252 3105 4309 κ’ἀν
3191 4252 3450 4315 ποικίλοις
3533 4250 3737 4328 ῥημασι
3831 4250 3921 4306 καὶ

2272 4350 2515 4408 πιθανοῖς
2613 4343 2902 4423 σοφίσμασι
2978 4337 3319 4420 περιϐάλλειν
3408 4339 3535 4396 αὑτό
3627 4360 3709 4403 τις
3796 4338 3915 4395 ἑπι-

2270 4441 2433 4516 χειρῇ
2464 4451 2479 4467 ⁶
2543 4434 2605 4489 τὸ
2671 4430 2727 4487 δὲ
2785 4427 3022 4487 εὐσεϐεῖν
3107 4427 3251 4486 ὅσιον
3319 4429 3459 4508 παρά
3542 4434 3708 4485 πᾶσιν
3766 4430 3916 4504 ὡμο-

2271 4525 2521 4603 λόγηται,
2595 4520 2693 4578 κᾶν
2761 4518 3074 4590 ξενιζούσαις
3172 4516 3341 4583 λέξεσί
3438 4538 3545 4573 τισι
3615 4519 3913 4597 χρήσηται,

2461 4610 2623 4688 μόνον
2674 4610 2701 4665 ὀ
2771 4607 2943 4687 λέγων
3013 4604 3222 4672 εύσεϐὲς
3309 4606 3425 4687 ἔχει
3495 4608 3557 4663 τὸ
3633 4608 3914 4687 φρόμημα,

2579 4702 2750 4757 αὑτῶν
2834 4696 2862 4753 ὅ
2974 4717 3223 4763 νενοηκεν
3334 4692 3558 4758 εὑσεϐὡς
3673 4695 3914 4773 βούλεται

2270 4615 2370 4678 ἕως

2270 4706 2357 4761 καὶ
2428 4700 2493 4757 δι’

531 4827 839 4883 σημαινειν.
885 4805 983 4862 Καὶ
1011 4805 1154 4866 αὖθις
1186 4803 1300 4877 μεθ’
1331 4801 1482 4879 ἕτερα
1517 4822 1530 4835 ·
1570 4806 1769 4861 Οὑκοῦν
1802 4804 1847 4859 εὶ
1875 4804 1941 4859 τὰ
1984 4803 2197 4879 ῥήματα
2226 4801 2390 4854 ταῦτα
2442 4791 2513 4856 ὡς
2571 4786 2690 4855 ξένα
2737 4786 3142 4867 προφασίζονται
3193 4786 3331 4844 οὗτοι
3358 4802 3372 4816 ⁸
3426 4786 3775 4883 φρονητωσαν
3821 4784 3913 4851 τὴν

530 4870 785 4969 διάνοιαν,
816 4890 932 4949 καθ’
963 4892 1029 4959 ἣν
1072 4892 1139 4958 ἡν
1173 4870 1382 4954 σύνοδος
1419 4870 1593 4954 ὀῦτως
1639 4889 1867 4969 ἔγραψεν
1894 4911 1905 4922 ·
1945 4870 2101 4965 "64.1,
2136 4886 2290 4945 εἶκαὶ
2333 4881 2411 4958 μὴ
2442 4877 2607 4941 οὕτως
2664 4875 2720 4932 ἒν
2781 4890 2904 4939 ταῖς
2933 4887 3166 4954 γραφαῖς
3239 4876 3367 4930 εἶσιν
3397 4874 3448 4929 αἶ
3503 4870 3695 4951 λέξεις,
3754 4870 3907 4944 ἕλικά,

530 4985 762 5063 καθάπερ
792 4980 1004 5061 εἴρηται
1044 4981 1317 5060 πρότερον,
1350 4980 1473 5059 τὴν,
1506 4981 1570 5034 ἒκ
1615 4985 1720 5036 τῶν
1775 4986 1988 5060 γραφῶν
2029 4977 2260 5035 διάνοιαν
2306 4971 2517 5052 ἔχουσι,
2575 4966 2665 5023 καὶ
2729 4964 2928 5031 ταύτην
2973 4964 3367 5041 ἐκφωνούμεναι
3425 4972 3741 5039 σημαίνουσι
3798 4973 3908 5021 τοῖς

532 5073 749 5154 ἔχουσιν
777 5074 849 5136 εἷς
883 5067 1147 5131 εύσέὸειαν
1190 5070 1288 5135 τὴν
1322 5068 1484 5137 ἀκοὴν
1512 5066 1828 5145 ὀλόκληρον.

616 5162 709 5225 14.
762 5159 899 5223 Haec
933 5156 1351 5221 Athanasianae
1407 5156 1621 5235 linguae
1676 5154 1878 5218 sonori
1927 5154 2181 5216 tonitrus

530 5249 717 5311 instar
773 5257 1031 5311 tonantis
1086 5247 1395 5328 strepitus,
1456 5265 1590 5307 cum
1653 5244 1729 5307 de
1777 5244 2179 5308 Ecclesiarum

532 5339 753 5401 unione
803 5337 1230 5416 scriberemus,
1294 5334 1613 5397 voluminis
1641 5342 1866 5416 partem
1902 5333 2179 5413 fecimus,

533 5444 689 5489 nunc
718 5445 858 5490 vero
887 5445 1023 5489 cum
1057 5429 1135 5488 de
1166 5424 1265 5505 iis,
1298 5443 1431 5507 quae
1467 5424 1626 5505 passi
1655 5441 1891 5498 sumus,
1921 5440 2181 5503 respon-

533 5514 763 5589 demus,
795 5526 1239 5597 peropportuna
1298 5513 1567 5576 defensio
1620 5512 1819 5583 fuerit,
1858 5529 2033 5592 quam
2086 5510 2182 5571 hic

2343 5139 2435 5212 ιδ’,
2521 5151 2695 5205 Ταῦτα
2747 5151 2842 5215 τῆς
2887 5141 3197 5201 Ἀθανασίου
3249 5140 3617 5222 βροντοφώνου
3669 5139 3906 5220 γλώττης

2260 5241 2327 5298 τὰ
2370 5236 2713 5316 ἀπηχήματα
2754 5231 3143 5310 λογογααφοῦσι
3202 5231 3300 5306 μὲν
3342 5232 3479 5306 ἡμῖν
3537 5251 3603 5287 τα
3658 5230 3782 5308 περὶ
3816 5229 3909 5295 τῆς

2261 5336 2367 5387 τῶν
2424 5322 2762 5391 Ἐκκλησιῶν
2839 5319 3080 5383 ἐνώσεως
3148 5324 3247 5387 τῆς
3305 5317 3482 5398 βίϐλου
3568 5319 3756 5400 μέρος.
3815 5322 3910 5375 Νῦν

2262 5418 2309 5477 δ’
2375 5416 2455 5497 ἔφ’
2518 5413 2607 5479 οἷς
2662 5410 2999 5487 πεπόνθαμεν
3085 5408 3560 5497 ἀπολογουμένοις,
3646 5406 3908 5497 ἀπολογος

2265 5493 2524 5589 γενόμενα
2569 5499 2830 5571 εὔκαιρος⁷
2869 5498 2924 5555 ὅν
2984 5499 3071 5555 καὶ
3128 5498 3290 5579 μέχρι
3334 5496 3481 5558 τοῦδε
3527 5502 3723 5566 στῆσαι
3779 5493 3907 5555 κατὰ
