4214 6296
592 317 709 381 975

1672 323 1889 387 JOAN.
1937 323 2159 386 VECCI
2201 322 2314 385 GP.
2363 319 2900 383 PATRIARCHIE.

3843 317 3945 383 976

597 452 838 518 Canam
859 465 1004 520 ante
1026 459 1266 521 Pascha
1286 464 1513 538 [actam
1536 475 1684 538 esse,
1720 459 1785 520 in
1803 475 1923 538 qua
1947 456 2213 520 Salvator

2317 456 2422 513 τῶν
2489 455 2732 534 Ἀζύμων
2788 460 3029 534 ζήτημα,
3101 461 3189 515 καὶ
3232 460 3470 537 φανερῶς
3545 456 3711 523 ἔδειξα
3763 454 3824 512 δι’
3885 457 3948 511 ὧν

591 553 796 608 noster
812 548 1632 611 etDominusJesusCIiristus
1652 565 1839 610 sacrae
1857 553 2213 627 mystogugit

2327 547 2456 624 πρὸς
2526 548 2615 604 τὸν
2675 546 2963 603 ἐπίσκοπον
3033 548 3280 612 Βενετίας
3338 545 3660 620 ἐπέσταλκα,
3710 546 3808 624 πρὸ
3870 544 3950 601 τοῦ

590 637 943 713 mysierium
962 637 1288 716 discipulis
1313 636 1549 698 tradidi
1557 644 1723 715 t,quo
1746 643 2003 717 tempore
2022 654 2213 715 azynu

2330 639 2522 715 Πάσχα
2579 635 2817 714 γενέσθαι
2866 636 2928 692 τὸ
2981 634 3220 710 δεῖπνον,
3281 634 3335 691 ἐν
3372 642 3419 711 ᾦ
3477 637 3511 703 ἡ
3568 635 3754 712 Σωτὴρ
3808 632 3945 708 ἡμῶν

590 723 900 784 comedere
919 726 1251 788 secundum
1275 727 1461 807 legem
1478 743 1602 788 non
1623 733 1783 795 erat.
1817 725 1977 805 quod
2002 733 2060 786 et
2080 725 2242 786 diui-

588 825 734 872 nam
763 819 930 875 luam
965 814 1402 878 beatitudinem
1433 814 1797 896 approbasse
1829 815 2120 886 latulo;ne
2149 820 2240 874 to-

589 904 716 960 tum
737 909 1098 978 atterentes,
1135 911 1322 966 totum
1353 909 1734 967 amittamus.
1769 906 2007 964 Attente
2037 900 2240 962 comi-

586 985 730 1048 dera
761 988 1112 1064 dictionem,
1162 993 1263 1072 qui
1320 994 1445 1055 haec
1477 1012 1645 1076 aequo
1675 993 1874 1054 animo
1904 991 2195 1071 dujttdicas
2223 1007 2238 1049 :

586 1075 657 1135 Si
683 1077 748 1136 in
777 1087 987 1141 sancto
1044 1079 1332 1160 Symbolo
1390 1075 1620 1160 factam
1653 1081 2021 1143 additionem
2050 1097 2241 1141 corre-

585 1174 814 1238 xerint,
849 1167 1020 1241 dixit,
1059 1187 1172 1230 non
1215 1187 1358 1231 \ero
1395 1187 1408 1231 :
1441 1169 1502 1230 Si
1529 1169 2051 1249 indeimpietatem
2075 1167 2244 1229 oblit-

588 1255 929 1325 teraverint,
985 1264 1136 1318 aut:
1201 1257 1351 1320 Inde
1406 1257 1688 1319 adversus
1735 1257 1922 1319 Deum
1956 1257 2238 1334 blasphe-

585 1341 1100 1424 miamejecerint,
1163 1346 1318 1424 quod
1379 1347 1482 1426 qui
1543 1366 1701 1408 nunc
1729 1347 2030 1426 sapientes
2055 1362 2234 1424 repu-

587 1435 806 1502 tantur,
842 1440 900 1492 et
926 1432 1162 1512 pietatis
1191 1435 1319 1496 zelo
1351 1434 1793 1496 inﬂammantur
1828 1433 2230 1512 contendunt;

584 1516 689 1578 sed
727 1517 844 1581 :Si
903 1522 1275 1585 additionem
1330 1525 1724 1586 correxerint.
1770 1522 2081 1603 Reliquum
2145 1532 2236 1586 est

585 1603 788 1686 itaque
819 1616 882 1668 ut
947 1611 1212 1690 prudens
1267 1611 1501 1672 auditor
1555 1612 1616 1672 in
1671 1611 1928 1673 lenitatis
1961 1611 2235 1691 pacisque

583 1693 797 1774 Spiritu
831 1697 1196 1776 consideret,
1230 1719 1348 1780 quo
1405 1699 1639 1761 tandem
1673 1699 2061 1762 correctionis
2092 1718 2231 1779 pro-

586 1783 840 1864 positum
879 1785 962 1846 illi
996 1787 1299 1851 tendebat.
1333 1787 1453 1867 Ego
1487 1789 1657 1869 plane
1687 1807 1823 1850 eum
1855 1798 1913 1850 et
1953 1789 2108 1868 quod
2143 1789 2229 1848 vi-

584 1871 835 1934 debatur
862 1873 922 1935 in
969 1875 1272 1939 additione
1304 1877 1586 1939 delictum
1635 1877 1794 1939 facili
1847 1879 2079 1955 negotio
2131 1896 2232 1938 ne-

581 1959 913 2038 glecturum
973 1965 1269 2043 existimo,
1329 1967 1378 2028 si
1429 1967 1520 2028 vel
1555 1967 1829 2047 pusillum
1859 1966 2020 2049 pacis
2048 1965 2227 2046 spiri-

583 2057 731 2124 tum,
763 2049 824 2111 in
885 2069 981 2128 eo,
1041 2053 1114 2114 ad
1176 2073 1354 2135 quem
1401 2054 1625 2116 litteras
1675 2055 1874 2135 dabat,
1931 2055 2224 2116 contineri

581 2139 1004 2219 prospexisset,
1040 2143 1216 2224 idque
1243 2143 1454 2222 colligo
1490 2162 1600 2204 nec
1631 2144 1785 2204 male
1814 2162 1884 2205 ex
1915 2143 2054 2218 illis,
2088 2161 2218 2223 quae

573 2224 676 2287 ille
708 2225 769 2287 in
822 2228 938 2289 alia
996 2230 1260 2309 epistolae
1313 2241 1478 2309 parte
1530 2231 1726 2293 verbis
1757 2231 1922 2292 hisce
1950 2231 2211 2309 digerit:

571 2312 815 2377 Bonum
846 2318 1003 2378 enim
1031 2326 1138 2400 est,
1170 2337 1279 2382 nos
1309 2320 1389 2382 ad
1419 2320 1758 2399 (equitatem
1783 2337 2130 2400 propensos,
2161 2327 2219 2383 et

568 2405 946 2484 potissimum
987 2409 1092 2468 ubi
1120 2426 1313 2489 neque
1345 2410 1526 2489 Deus,
1559 2426 1752 2488 neque
1778 2409 1928 2488 ﬁdes
1956 2410 2019 2470 in
2044 2412 2215 2488 peri-

570 2491 706 2555 culo
732 2495 1022 2575 vertitur,
1053 2515 1291 2577 semper
1309 2499 1388 2560 ad
1415 2515 1627 2578 pacem
1657 2505 1716 2559 et
1752 2499 2017 2575 fratrum
2046 2516 2215 2560 amo-

569 2596 701 2643 rem
727 2581 1068 2645 inclinari:
1119 2588 1344 2664 fratres
1399 2589 1558 2648 enim
1617 2587 1814 2650 nostri
1834 2587 1936 2648 isti
1962 2595 2126 2660 sunt,
2160 2594 2219 2649 et

567 2685 691 2730 non
736 2670 1057 2735 admodum
1115 2683 1392 2737 exactam
1424 2675 1861 2736 discussionem
1898 2673 2217 2738 uerborum

554 2756 860 2837 indagare
889 2763 955 2822 in
983 2763 1282 2841 gentibus,
1314 2781 1448 2842 quae
1476 2762 1680 2825 aliena
1703 2762 1916 2840 lingua
1938 2769 2211 2839 utuntur,

567 2852 690 2909 uta
719 2848 893 2911 nobis
926 2854 1290 2934 requiritur,
1351 2853 1558 2933 quiin
1589 2852 1828 2914 dicendi
1874 2862 2010 2914 arte
2047 2871 2216 2916 exer-

566 2936 854 2999 citamur.
889 2939 962 3002 Et
1006 2959 1211 3003 rursus
1244 2958 1262 3002 :
1302 2943 1373 3002 In
1427 2942 1819 3004 sanctissimo
1849 2949 2216 3006 monasterio

566 3023 770 3088 Studit
799 3032 1133 3107 cinguntur
1187 3031 1457 3104 diaconi,
1491 3047 1610 3092 rem
1642 3032 1935 3111 agrressi,
1960 3048 2092 3110 quae
2125 3051 2216 3095 ec-

2324 725 2411 780 καὶ
2469 724 2655 803 Κύριος
2740 722 2942 792 ἰησοῦς
3028 727 3251 801 Χριστὸς
3334 726 3395 781 τὸ
3479 723 3576 792 τῆς
3643 724 3779 786 θείας
3849 743 3941 796 μυ-

2325 815 2620 890 σταγωγίας
2704 825 2821 876 τοῖς
2920 816 3187 888 μαθηταῖς
3271 810 3541 892 παρέδωκε
3651 811 3942 890 μυστήριον,

2322 899 2441 956 καθ’
2510 899 2570 956 ὅν
2645 903 2828 980 καιρὸν
2888 906 2982 961 οὐκ
3036 900 3101 968 ἧν
3163 903 3387 978 νόμιμον
3449 900 3620 976 ἄζυμα
3685 901 3942 978 ἐσθίεσθαι,

2323 987 2351 1042 δ
2406 986 2471 1055 δὴ
2557 990 2643 1044 καὶ
2710 990 2810 1057 τὴν
2871 990 2971 1057 σὴν
3039 988 3244 1058 θεοειδῆ
3324 992 3689 1067 μακαριότητα
3743 991 3945 1043 συναινῶ

2322 1073 2721 1151 καταδέξασθαι,
2807 1077 2897 1134 ἵνα
2981 1086 3058 1154 μὴ
3129 1081 3189 1134 τὸ
3258 1085 3362 1134 πᾶν
3419 1077 3826 1149 ἐκζητήσαντες,
3890 1075 3944 1130 τὸ

2321 1169 2425 1220 πᾶν
2493 1163 2865 1240 ἀπολέσωμεν.
2925 1167 3121 1222 Σκόπει
3167 1167 3264 1234 τὴν
3315 1165 3476 1236 λέξιν,
3551 1167 3579 1221 ὁ
3608 1177 3726 1225 τοῖς
3769 1168 3941 1240 παροῠο

2321 1272 2403 1307 σιν
2473 1254 2815 1330 εὖγνωμένως
2895 1252 3170 1310 ἐνδιαιτῶν
3199 1270 3212 1284 ⁸
3289 1256 3347 1311 Εἰ
3405 1255 3504 1320 τὴν
3574 1253 3628 1309 ἐν
3683 1259 3761 1326 τῷ
3826 1251 3945 1328 ἁγίῳ

2321 1338 2580 1416 Συμϐόλῳ
2636 1344 2944 1420 προσθήκην
2995 1339 3365 1421 διορθώσαντο,
3424 1341 3524 1422 ἔφη
3561 1357 3576 1374 ⁸
3635 1341 3731 1397 οὒκ
3783 1353 3940 1416 εἶπεν,

2314 1429 2377 1506 ,Εἰ
2431 1429 2530 1496 τὴν
2580 1430 2809 1487 ἐντεῦθεν
2868 1428 3110 1487 ἀσέϐειαν
3165 1430 3538 1510 ἂπετρῖψαντο,
3603 1431 3646 1485 εἰ
3717 1429 3815 1494 τὴν
3875 1426 3943 1483 ἒν-

2316 1519 2490 1574 τεὺθεν
2548 1516 2874 1579 ἂπεϐἀλοντο
2929 1520 3137 1590 ἆθείαν,
3181 1519 3311 1598 ὅπερ
3351 1522 3399 1575 οἱ
3439 1525 3527 1574 νῦν
3564 1519 3734 1596 σοροὶ,
3768 1517 3812 1572 οἱ
3866 1515 3943 1571 νῦν

2316 1610 2414 1672 τῆς
2459 1606 2720 1670 εὐσεϐείας
2786 1605 3026 1686 διάπυροί
3083 1629 3209 1688 φασι
3265 1607 3522 1687 ζηλωταὶ,
3581 1603 3700 1660 ἀλλ’
3747 1605 3805 1662 Εἰ
3855 1604 3941 1670 τὴν

2317 1699 2623 1774 προσθήκην
2722 1696 3108 1778 διωρθώσαντο.
3181 1699 3429 1754 Λείπεται
3511 1697 3600 1754 οἶν
3653 1697 3749 1751 τὸν
3803 1715 3942 1750 συνε-

2315 1786 2405 1840 τὸν
2460 1785 2727 1865 ἀκροατὴν
2782 1789 2838 1842 εν
2894 1787 3152 1862 πνεύματι
3220 1786 3517 1859 πραότητος
3585 1786 3673 1841 καὶ
3744 1785 3942 1863 εἰρήνης

2312 1870 2643 1948 διασκοπεῖν,
2703 1876 2789 1932 ἐπὶ
2844 1877 2979 1931 τίσιν
3049 1874 3111 1930 ἂν
3153 1876 3239 1931 καὶ
3277 1875 3344 1943 ἧν
3395 1877 3423 1931 ὁ
3475 1877 3576 1941 τῆς
3629 1873 3942 1952 διυρθώσεως

2307 1969 2384 2037 τῷ
2441 1965 2672 2042 εἰρηκότι
2717 1964 2942 2028 σκοπός.
3003 1954 3093 2029 ὐς
3124 1963 3293 2043 ἔγωγε
3326 1963 3464 2042 ταχὺ
3506 1961 3568 2018 ἂν
3603 1963 3836 2034 εκεῖνον,
3865 1961 3942 2016 καὶ

2304 2051 2405 2118 την
2462 2053 2521 2109 ἐκ
2576 2053 2670 2120 τῆς
2731 2055 3036 2128 προσθήκης
3090 2051 3344 2112 δοκοῦσαν
3395 2048 3772 2126 πλημμέλειαν
3801 2047 3938 2128 λογί-

2299 2152 2460 2217 ζομαι
2526 2139 2794 2220 παριδεῖν,
2850 2141 2903 2197 εἴ
2959 2162 3018 2219 γε
3093 2141 3280 2219 μικρόν
3334 2163 3384 2196 τι
3441 2139 3534 2196 τοῦ
3585 2144 3686 2206 τῆς
3739 2141 3938 2219 εἰρήνης

2299 2229 2620 2309 πνεύματος,
2682 2233 2770 2286 καὶ
2838 2232 2930 2286 τὸν
3017 2232 3145 2308 πρὸς
3195 2228 3253 2286 δν
3308 2227 3590 2286 ἐπέστελλε
3646 2230 3939 2308 μετέχοντα

2298 2319 2559 2392 κατενόει,
2623 2317 2794 2398 ἔχων,
2839 2317 2874 2373 ὅ
2917 2318 3193 2397 λογίζομαι
3253 2324 3494 2398 συνορᾷν,
3527 2317 3578 2382 ἐξ
3608 2318 3685 2374 ὧν
3716 2317 3772 2374 ἐν
3802 2315 3937 2388 ἄλλῳ

2298 2408 2397 2470 τῆς
2451 2404 2733 2474 ἐπιστολῆς
2791 2407 2997 2472 ἐκεῖνος
3058 2407 3207 2485 μέρει
3262 2406 3400 2464 οὕτω
3456 2404 3721 2471 αὐτολεξεί
3775 2422 3934 2484 φησν

2303 2491 2478 2550 Καλὸν
2575 2495 2675 2573 γὰρ
2777 2497 2908 2564 πρὸς
2990 2497 3052 2550 τὸ
3148 2493 3430 2558 καλοθελὲς
3487 2497 3723 2573 ὁρῶντας
3781 2498 3937 2574 ἡμᾶς,

2298 2582 2386 2636 καὶ
2447 2580 2651 2656 μᾶλλον
2723 2581 2840 2639 ἔνθα
2899 2583 2976 2658 μὴ
3057 2583 3212 2658 Θεὸς,
3286 2583 3322 2650 ἢ
3405 2583 3581 2646 πίστις
3645 2585 3711 2639 τὸ
3769 2581 3936 2640 κινὸυ·

2298 2668 2602 2744 ν;υόμενον,
2687 2669 2850 2728 νεύειν
2931 2670 3012 2726 ἀεὶ
3087 2673 3217 2748 πρὸς
3269 2673 3358 2726 τὸ
3413 2671 3674 2749 εἰρηνικόν
3738 2692 3796 2727 τε
3860 2673 3937 2728 καὶ

2299 2755 2640 2838 φιλάδελφον,
2730 2757 2968 2839 meum;
3044 2759 3144 2837 γὰρ
3225 2761 3314 2815 καὶ
3380 2760 3536 2833 ἡμῶν
3617 2769 3789 2834 οὗτοι,
3859 2761 3936 2816 καὶ

2300 2846 2377 2920 μὴ
2447 2848 2711 2914 τοσαύτην
2794 2845 3060 2927 ἀκρίϐειαν
3157 2846 3428 2918 ἐπιζητεῖν
3494 2847 3548 2903 ἐν
3622 2847 3934 2927 ἀλλογλώσ-

2300 2957 2412 2996 σοις
2497 2935 2716 3011 ἔθνεσιν,
2803 2937 2866 3005 ἢν
2966 2937 3109 2992 αὐτοὶ
3205 2939 3323 3014 περὶ
3408 2934 3596 3015 λόγους
3681 2937 3933 3017 ἀναστρε-

2297 3024 2516 3103 φόμενοι
2571 3025 2932 3101 ἀπαιτούμεθα
2969 3045 2984 3060 ’
3037 3026 3126 3082 καὶ
3200 3025 3361 3082 πάλιν
3391 3042 3405 3056 ⁸
3461 3025 3549 3083 Ἐν
3604 3027 3676 3095 τῆ
3749 3031 3934 3105 εὐαγε-

563 3111 908 3207 ςΙεδίαειίσαν
943 3119 1267 3180 traditioni
1285 3137 1404 3181 non
1425 3128 1733 3207 consonat.
1771 3119 1845 3182 Et
1871 3121 2209 3196 considera,

2296 3114 2463 3190 στάτῃ
2513 3119 2652 3190 μονῇ
2728 3125 2820 3174 τοῦ
2887 3113 3135 3172 Στουδίου
3211 3114 3491 3185 ζώννυνται
3547 3115 3595 3172 οἱ
3681 3112 3933 3194 διάκονοι,

563 3197 698 3264 licet
727 3213 795 3266 tu
826 3205 1079 3268 multum
1105 3197 1512 3282 insudaveris,
1552 3215 1606 3271 et
1637 3206 1902 3270 laborem
1935 3210 2212 3290 insump-

559 3291 736 3378 seris,
766 3311 887 3356 non
913 3297 1195 3376 potuisse
1227 3305 1285 3359 te
1320 3297 1813 3359 consuetudinem
1843 3298 2036 3368 illam,
2073 3316 2211 3378 quae

560 3377 705 3440 solis
733 3381 858 3443 illis
888 3389 953 3444 in
985 3401 1097 3446 usu
1129 3393 1238 3456 est,
1294 3385 1572 3448 evellere.
1607 3387 1778 3460 Quod
1805 3388 1862 3449 si
1890 3388 2043 3458 illis,
2077 3377 2209 3467 quae

561 3471 628 3527 in
659 3479 864 3532 nostra
891 3490 1082 3534 manu
1109 3481 1272 3544 sunt.
1305 3492 1427 3536 non.
1459 3492 1776 3552 possumus
1813 3477 2055 3538 modum
2085 3479 2200 3538 im-

557 3571 798 3634 ponere.
834 3576 1101 3640 quanam
1145 3569 1379 3625 ratione
1416 3565 1739 3626 immanem
1770 3564 1941 3626 illam
1969 3575 2202 3643 gentem

557 3653 616 3705 et
645 3645 964 3712 sublimem
987 3667 1024 3711 a
1054 3653 1324 3733 propriis
1361 3652 1904 3716 consuetudinibus
1935 3657 2206 3721 dimove-

560 3749 626 3796 re
650 3737 1038 3812 poterimus?

641 3824 699 3884 5.
735 3823 816 3886 Ex
851 3827 944 3887 bis
973 3835 1031 3889 et
1059 3827 1191 3891 aliis
1214 3829 1707 3910 colligo,modum
1735 3831 1808 3894 de
1832 3833 2204 3898 correctione

557 3909 1092 3995 additionts,quem
1122 3909 1533 3980 Antiocbcnus
1555 3920 2204 4001 Constantinopolitano

557 4005 846 4080 suggerit.
883 4003 1101 4066 Eorum
1154 4017 1462 4086 praeterea,
1513 4008 1614 4088 qui
1644 4019 1780 4069 ante
1810 4029 1917 4071 nos
1947 4010 2208 4074 schisma

555 4103 1005 4170 promoverunt,
1031 4094 1249 4174 Scripta
1271 4097 1507 4158 curiose
1528 4097 1820 4165 volutans.
1855 4099 1996 4159 inde
2026 4099 2202 4162 etiam

554 4177 897 4262 colligu,me
927 4202 960 4244 a
987 4195 1151 4246 recto
1184 4203 1300 4245 non
1331 4185 1638 4256 aberrare.
1693 4205 1825 4247 cum
1860 4187 2074 4250 similia
2128 4189 2204 4252 de

553 4266 756 4330 divino
788 4271 889 4332 illo
914 4274 1037 4334 viro
1069 4273 1358 4349 edissero,
1412 4274 1689 4355 illiusque
1720 4279 1796 4337 de
1833 4276 2203 4340 correctione

554 4360 918 4438 propositum
972 4382 1085 4422 non
1136 4363 1293 4423 aliud
1319 4382 1496 4440 quam
1521 4364 1677 4441 quod
1712 4363 1832 4425 dixi
1864 4365 2046 4426 fuisse
2078 4366 2200 4427 exi-

2293 3207 2516 3280 πρᾶγμα
2599 3213 2871 3267 ποιοῦντες
2958 3201 3376 3281 ἐκκλησιαστικῇ
3439 3201 3727 3278 παραδόσει
3809 3204 3934 3260 ἂνα-

2293 3289 2564 3352 κόλουθον.
2683 3296 2782 3350 Καὶ
2859 3291 2979 3372 ὅρα,
3064 3289 3208 3357 ὅπως
3293 3293 3356 3349 σὺ
3436 3291 3615 3350 παλλὰ
3699 3291 3931 3350 σπουδᾶ-

2291 3399 2386 3444 σας
2470 3381 2557 3436 καὶ
2637 3381 2924 3455 κοπιάσας,
3008 3381 3108 3448 τὴν
3189 3381 3439 3448 τοιαύτην
3511 3380 3605 3437 οὒκ
3672 3380 3934 3453 ἠδυνήθης

2291 3467 2515 3544 ἐκκόψαι
2577 3469 2956 3549 μονολόγιστον
3010 3471 3306 3540 συνήθειαν.
3383 3472 3480 3529 Καὶ
3559 3471 3604 3526 εἱ
3671 3471 3781 3527 τῶν
3851 3469 3932 3550 ὑφ’

2290 3558 2433 3632 ἡμᾶς
2516 3557 2807 3617 τελούντων
2892 3560 3249 3640 περιγενέσθαι
3322 3560 3382 3616 οὗ
3464 3556 3749 3636 δυνάμεθα,
3819 3566 3930 3622 πὼς

2288 3647 2350 3704 τὸ
2419 3647 2668 3728 μέγιστον
2750 3653 2930 3708 εκετνο
2988 3651 3159 3722 ἔθνεος,
3231 3649 3320 3706 καὶ
3371 3649 3578 3724 ὑψηλὸν
3632 3655 3742 3706 τῶν
3795 3649 3930 3707 ἰδίων

2288 3735 2480 3812 ἐθίμων
2509 3737 2763 3808 ἐκστῆσαι
2793 3739 3121 3816 δυνησόμεθα
3155 3761 3173 3816 ;

2367 3816 2436 3887 ε’.
2470 3828 2566 3885 Ἐκ
2595 3827 2660 3897 δὴ
2691 3831 2889 3887 τούτων
2929 3833 3017 3886 καὶ
3073 3835 3179 3886 τῶν
3235 3829 3485 3886 τοιούτων
3516 3836 3731 3909 συνορᾷν
3791 3830 3926 3910 ἔχω,

2287 3914 2430 3980 ὅπως
2480 3919 2543 3973 τὰ
2585 3921 2701 3999 περὶ
2743 3924 2843 3987 τῆς
2899 3917 3223 3997 διορθώσεως
3267 3922 3366 3985 τῆς
3413 3921 3771 3991 προσθήκηςὸ
3803 3919 3924 3978 ’Λν-

2285 4007 2522 4084 τιοχείας
2577 4014 2654 4081 τῷ
2728 4007 3333 4070 Κωνσταντινουπόλὲως
3401 4007 3691 4068 ὑπετίθετο.
3755 4015 3922 4088 Προσ-

2287 4092 2362 4149 ἑτι
2419 4092 2474 4150 δὲ
2529 4098 2618 4153 καὶ
2674 4097 2770 4162 τὰς
2839 4105 2944 4156 νῶν
3025 4099 3127 4176 πρὸ
3198 4099 3355 4171 ἡμῶν
3409 4095 3922 4175 ἐπισυγκροτούντων

2284 4183 2347 4238 τὸ
2401 4185 2607 4264 σχίσμα
2662 4187 2864 4266 γραφὰς
2943 4185 3426 4265 πολυπραγμονῶν,
3494 4186 3740 4244 κάκεῖθεν
3813 4187 3919 4267 ἔχω

2286 4278 2527 4350 συνάγειν
2589 4277 2682 4332 τοῦ
2737 4276 2939 4342 εἰκότος
2998 4276 3077 4352 μὴ
3134 4275 3479 4354 ἁμαρτάνειν,
3536 4282 3753 4333 τοιαῦτα
3807 4277 3915 4356 περὶ

2282 4366 2376 4416 τοῦ
2424 4362 2560 4418 θείου
2617 4363 2800 4443 ἀνδρὸς
2855 4366 3052 4423 ἐκείνου
3107 4362 3496 4441 διανοούμενος,
3552 4365 3682 4422 nini.
3738 4369 3912 4439 τοιῷίε

551 4445 748 4534 stimo.
777 4450 1018 4512 Invenio
1050 4451 1855 4532 siquidemTheophylactum
1886 4454 2198 4534 quemdam

2296 4449 2378 4514 τὰς
2435 4453 2553 4530 περὶ
2621 4457 2720 4521 τῆς
2783 4451 3104 4526 διορθώσεως
3174 4455 3443 4522 ὑποθήκας
3500 4453 3700 4514 ἐκείνου
3750 4457 3908 4532 ὑπάρ-

551 4533 841 4614 Bulgarize
896 4539 1439 4620 archiepiscopum,
1495 4540 1734 4602 dicendi
1785 4533 2021 4622 quoque
2078 4557 2201 4607 arte

551 4623 874 4704 celebrem,
945 4629 1352 4691 tantummodo
1413 4629 1470 4690 in
1519 4628 1799 4709 Symbolo
1833 4631 2199 4696 additionem

546 4714 994 4793 reprobantem,
1060 4717 1116 4778 in
1168 4718 1299 4779 aliis
1360 4735 1499 4780 vero
1531 4718 1810 4780 omnibus
1846 4721 2088 4800 scriptis
2143 4732 2201 4785 cl

547 4802 803 4880 publicis
826 4805 1140 4887 colloquiis
1162 4806 1343 4869 dubio
1360 4807 1561 4887 procul
1578 4827 1706 4870 eam
1727 4809 2188 4890 permittentem,

546 4898 602 4949 ct
637 4909 937 4974 nunquam
995 4913 1130 4956 eum
1167 4896 1364 4958 simile
1393 4897 1535 4977 quid
1569 4916 1706 4960 reor
1737 4899 2190 4984 permissurum,

545 4979 595 5039 si
621 4980 902 5070 pietatem
926 4983 984 5044 in
1008 4984 1118 5046 bac
1137 4993 1298 5064 parte
1319 4986 1451 5047 laedi
1492 4987 1732 5067 sapiens
1754 4987 1853 5048 ille
1871 4987 1960 5049 vir
1978 4979 2192 5070 opina;

544 5076 636 5130 tus
667 5069 899 5137 luisset.
961 5074 1082 5136 Sed
1144 5093 1351 5136 .ecens
1398 5076 1576 5136 etiam
1610 5084 1669 5136 et
1697 5075 1824 5137 fere
1855 5076 1964 5138 hac
1994 5069 2195 5142 nostra

540 5166 710 5245 a-tate
739 5161 952 5224 factum
976 5163 1711 5243 adjiciatur.Blemmidem
1739 5165 1903 5226 illum
1929 5166 2190 5245 invenio,

541 5244 778 5310 dicendi
809 5251 1096 5330 gravitate
1127 5262 1187 5315 et
1237 5253 1408 5335 copia
1440 5273 1740 5334 magnum,
1774 5273 2060 5336 cupisque
2089 5244 2192 5320 sa;

544 5336 825 5424 pientiam
857 5340 1032 5402 etiam
1066 5360 1241 5421 quam
1268 5343 1522 5404 maxime
1550 5343 1768 5406 infensi
1801 5343 1860 5404 in
1891 5343 2193 5424 ingentem

538 5421 788 5498 gloriam
843 5431 1188 5508 pervenisse
1245 5431 1606 5504 fatebuntur,
1654 5421 2191 5514 scriptum'dehoc

538 5525 886 5604 argumento
905 5517 979 5580 ab
1015 5536 1082 5582 se
1102 5519 1524 5584 concinnatum
1547 5521 1840 5585 direxisse
1867 5522 1940 5584 ad
1974 5523 2188 5604 Bulga-

542 5599 647 5663 ria
661 5603 983 5684 quemdam
1009 5606 1528 5690 archiepiscopum
1547 5611 1830 5690 electum,
1843 5599 2109 5690 quamvis
2134 5612 2187 5674 is

2285 4559 2407 4616 χειν
2461 4544 2540 4614 τῷ
2568 4547 2752 4616 σκοπῷ
2820 4542 3184 4622 λογιζόμενος.
3244 4543 3480 4612 Εὑρίσκω
3549 4545 3650 4623 γὰρ
3723 4544 3904 4622 Θεοφύο

2283 4625 2477 4685 λακτόν
2537 4651 2652 4687 τινα
2733 4631 3156 4713 ἄαχιεπὶσκοπον
3241 4631 3587 4711 Βουλγαρίας,
3642 4633 3797 4694 πολὺς
3850 4629 3895 4686 δὲ

2282 4714 2349 4782 ἧν
2407 4719 2494 4774 καὶ
2556 4719 2703 4785 οὗτος
2747 4721 2771 4778 ἐ
2829 4721 3033 4801 λόγοις,
3108 4722 3162 4778 ἑν
3205 4726 3283 4795 τῷ
3334 4719 3596 4796 Συμὸόλῳ
3650 4724 3786 4798 μόνῳ
3811 4720 3894 4787 τῆς

2282 4807 2588 4882 προσθήκης
2643 4811 2946 4886 κακίζοντα,
2997 4811 3052 4867 ἐν
3082 4809 3268 4876 ἄλλαις
3312 4809 3367 4866 δὲ
3409 4809 3641 4876 ἀπάσαις
3696 4813 3907 4890 γραφαῖς

2275 4912 2332 4948 τε
2385 4897 2472 4951 καὶ
2541 4895 2794 4964 διαλέξεσι
2851 4897 3226 4964 ἀνενὼιάσεως
3277 4896 3543 4956 Mitem
3600 4901 3786 4975 αὐτην,
3831 4909 3911 4963 καὶ

2277 4981 2354 5055 μὴ
2409 4983 2472 5039 ἄν
2544 5007 2668 5042 ποτε
2729 4986 2867 5044 οῧτω
2919 4989 3054 5067 ωρὸς
3085 4988 3180 5056 τὴν
3235 4989 3488 5055 τοιαύτην
3516 4985 3714 5046 ἔνδοσιν
3755 4987 3915 5045 ὂιατεο

2275 5073 2428 5138 θῆναι
2461 5069 2814 5156 διαγινώσκω,
2875 5075 2992 5156 εἴγε
3048 5078 3144 5146 τὴν
3203 5074 3468 5135 εὐσέϐειαν
3519 5089 3676 5139 τοῦτο
3732 5084 3790 5139 τὸ
3818 5081 3913 5157 μέο

2279 5180 2367 5238 ρος
2422 5160 2769 5222 καλοϐουσθαι
2823 5168 2851 5224 ὁ
2908 5169 3068 5247 σοφὸς
3122 5165 3325 5232 ἐκεῖνος
3384 5170 3519 5243 ᾣετο
3576 5171 3732 5248 ἁνήρ.
3773 5168 3919 5229 Ἐπεὶ

2277 5246 2332 5304 δὲ
2388 5252 2558 5326 τούτῳ
2601 5275 2854 5334 νεωτερον
2897 5259 2987 5312 καὶ
3031 5255 3154 5312 ὅσον
3197 5256 3293 5324 τῆς
3319 5259 3438 5314 καθ’
3467 5260 3613 5335 ἡμᾶς
3648 5259 3788 5318 ἔστιν
3842 5261 3916 5316 εἰ·

2277 5352 2425 5414 πεῖν,
2483 5342 2574 5397 τὸν
2644 5341 2950 5420 Βλεμμίδηρ
3003 5347 3224 5422 εὖρίσκω
3266 5345 3496 5427 ἐκεῖνον,
3559 5351 3621 5406 οὗ
3673 5349 3809 5407 πολὺ
3863 5351 3922 5406 τὸ

2274 5427 2328 5484 ἐν
2349 5427 2536 5508 λόγοις
2580 5429 2734 5497 κλέος
2763 5434 2924 5514 ἐστὶν,
2957 5438 3017 5493 οὗ
3040 5437 3140 5504 τὴν
3181 5440 3366 5514 σοφίαν
3411 5435 3517 5493 οὐδ’
3549 5441 3578 5494 ὁ
3621 5442 3757 5497 πάνυ
3787 5440 3923 5498 ἀπεο

2272 5521 2418 5597 χθῶς
2469 5516 2795 5596 διακείμενος
2848 5525 2927 5601 μὴ
2983 5525 3070 5582 ἐπὶ
3110 5523 3248 5582 πολὺ
3304 5524 3584 5605 προελθεῖν
3614 5526 3771 5598 δόξης
3801 5528 3922 5588 δια-

2271 5607 2450 5684 ϐαλεῖ,
2498 5612 2709 5691 γραφήν
2790 5635 2909 5672 τινα
2964 5618 3084 5698 περὶ
3157 5613 3254 5683 τῆς
3306 5615 3609 5683 ὑποθέσεως
3652 5621 3930 5702 δγχιράτ·
