4178 6288
327 349 439 415 981
1387 357 1483 421 DE
1526 356 2027 421 DEPOSITIONE
2071 356 2213 418 SUA
2259 357 2484 421 ORAT.
2535 359 2617 424 II.
3570 357 3689 424 982

307 484 614 565 ἀμφοτέρας
687 488 1058 566 περιεχόρευεν
1130 487 1476 557 Ἐκκλησίας.
1547 487 1714 546 Ἀλλὰ
1755 491 1842 547 καὶ
1897 510 1927 545 τ

2013 529 2016 543 .
2042 483 2300 548 salutare
2329 483 2614 550 Ecclesiis
2642 487 2885 551 eﬂ‘ulsit.
2949 486 3065 551 Sed
3096 499 3157 551 et
3202 487 3548 552 scandalum
3578 486 3689 550 sub

303 571 391 631 ἔπ’
448 574 605 634 αὗτδῦ
673 571 738 643 δὴ
799 584 892 633 τοῦ
964 575 1326 655 Κηρουλαρίου
1382 577 1607 659 Μιχαὴλ
1663 575 1922 636 σκανδαλο

2035 573 2325 637 Michaele
2377 573 2682 639 Ccrulario
2730 585 3083 655 prognatum
3113 577 3404 640 secularia
3454 579 3691 657 negotia

304 665 360 718 ἓν
419 668 694 737 κσσμικῶν
773 664 1103 741 πραγμάτων
1202 664 1333 745 ἔσχε
1400 666 1496 728 τας
1552 665 1818 747 ἀφορμὰς,
1878 670 1924 725 ὡ

2038 675 2418 741 peperere.ut
2441 664 2711 727 curiosus
2735 664 3050 727 addiscere
3078 666 3392 745 poteritex
3425 665 3522 741 iis,
3556 683 3688 748 qua

306 754 496 825 μαθεῖν
539 751 648 808 ἔστι
711 753 802 808 τόν
863 750 1374 831 πολυπραγμονῆσαι
1425 751 1773 828 ὰουλόμενον,
1820 754 1927 829 Eine,

2037 750 2419 828 perturbasse
2449 752 2770 813 admodum
2803 753 2861 815 in
2895 752 3142 816 historia
3171 753 3688 834 traditurArgyrus

307 839 577 918 ἱστόρηται
634 838 954 911 διακυκήσας
1027 842 1055 897 6
1099 840 1297 907 Ἰταλὸς
1353 831 1624 920 Ἀργυρός.
1707 844 1796 907 Τίς
1866 843 1924 900 οὗ

2036 835 2234 899 Italus.
2271 837 2414 912 Quis
2436 839 2614 919 igitur
2643 858 2711 902 ex
2742 841 2836 913 iis,
2860 841 2963 922 qui
3011 841 3233 903 similia
3283 831 3685 905 mature'dili-

305 928 411 984 τῶν
454 929 531 1002 μὴ
586 930 660 994 ὡς
718 928 879 1009 ἔτυχε
934 936 1096 987 ταῦτα
1150 931 1617 1008 καθιστορούντων,
1652 933 1743 988 οὒκ
1798 931 1863 987 ἅν
1893 932 1927 988 ἐς

2035 935 2361 1008 genterque
2386 930 2863 1006 ῃρτουιτυηῌθι
2889 949 2958 992 ex
2980 930 3104 992 sola
3124 949 3420 992 annorum
3441 949 3688 994 enume-

306 1018 469 1089 μόνου
508 1023 611 1075 τῶν
655 1017 886 1096 ἀριθμῶν
920 1023 1027 1074 τῶν
1084 1019 1321 1098 χρόνων,
1352 1019 1426 1076 ὧν
1478 1017 1560 1075 διὰ
1630 1019 1792 1096 μέσου
1833 1042 1927 1076 κατ

2035 1013 2286 1091 ratione,
2325 1034 2432 1095 per
2461 1036 2611 1097 quos
2665 1016 2799 1078 aliis
2850 1026 3027 1100 atque
3081 1018 3215 1082 aliis
3269 1019 3684 1082 scandalorum

308 1103 473 1167 ἄλλας
529 1105 769 1185 ἀφορμᾶς
852 1104 1143 1165 σκάνδαλον
1207 1109 1241 1175 ἡ
1317 1109 1591 1187 προσθήκη
1651 1107 1927 1187 παρῤησια·

2033 1102 2229 1163 causis
2254 1102 2500 1177 obortis,
2538 1104 2741 1166 addito
2790 1106 2917 1167 haec
2971 1107 3032 1167 in
3082 1106 3385 1186 publicum
3445 1108 3680 1186 educta,

304 1192 503 1267 ζομένη
588 1193 957 1252 συνεστέλλετο
1056 1194 1235 1268 πάλιν,
1318 1197 1406 1253 καί
1473 1195 1773 1272 ὑπεπόδιζε,
1832 1194 1927 1254 δία

2031 1190 2431 1272 audacterque
2487 1192 2841 1272 exprobrata
2886 1203 3064 1275 atque
3143 1195 3402 1275 objecta,
3476 1214 3684 1258 rursus

305 1281 458 1358 γνοίη
509 1283 585 1357 μὴ
654 1283 850 1350 ταύτην
906 1284 1048 1340 εἶναι
1101 1285 1163 1340 τὸ
1205 1285 1605 1363 προηγούμενον
1661 1286 1749 1341 καὶ
1808 1285 1927 1362 μέγα

2030 1278 2535 1359 comprimebatur
2566 1287 2624 1341 et
2651 1282 3085 1357 retrocedebat,
3133 1300 3250 1343 non
3301 1283 3682 1368 dijudicabit,

306 1372 394 1426 καὶ
445 1371 609 1445 μόνον
694 1369 981 1430 σκάνδαλον
1066 1379 1170 1430 τῶν
1225 1372 1606 1448 Ἐκκλησιῶνς
1692 1376 1927 1453 Διαγνοὺ‹

2027 1383 2156 1427 eam
2192 1386 2308 1429 non
2338 1367 2540 1430 fuisse.
2569 1388 2764 1449 neque
2788 1370 3361 1453 prtecedensmeque
3381 1367 3678 1452 magnum;

300 1456 358 1513 δὲ
413 1461 441 1515 6
492 1470 726 1525 τοιοῦτος
779 1460 964 1525 ἁπλῶς
1007 1461 1166 1537 οὕτω,
1217 1464 1308 1518 καὶ
1347 1463 1418 1526 ὡς
1450 1461 1505 1518 ἐν
1533 1461 1781 1541 παρέργρ
1809 1465 1927 1520 κατὲ

2026 1473 2221 1537 neque
2270 1458 2462 1519 solum
2512 1457 2909 1521 Ecclesiarum
2962 1458 3364 1523 scandalum?
3418 1461 3491 1523 Et
3545 1481 3681 1524 cum

300 1549 512 1622 καιροὺς
570 1550 643 1613 εἰς
724 1550 970 1630 ἀφορμὴν
1067 1548 1358 1608 σκανδάλου
1426 1553 1789 1627 προτείνεσθαι
1844 1552 1927 1621 τὴς

2029 1545 2203 1624 plane
2232 1548 2592 1626 cogumerit.
2630 1557 2858 1610 temere
2877 1557 2934 1610 et
2955 1550 3121 1631 quasi
3146 1550 3305 1611 aliud
3326 1558 3572 1626 agentes
3600 1551 3676 1613 ad

299 1638 608 1713 προσθήκην
650 1638 844 1712 μεταξὺ
906 1644 1138 1716 Γραικῶν
1211 1642 1299 1696 καὶ
1356 1642 1614 1717 Λατίνων,
1667 1643 1755 1698 καὶ
1805 1663 1927 1720 παρ-

2025 1634 2361 1697 inchoanda
2384 1637 2899 1718 promovendaque
2911 1640 3189 1700 scandala
3209 1640 3264 1700 iu
3275 1638 3604 1702 terGraacos
3623 1647 3682 1703 et

299 1727 515 1800 ορᾶσθαι
594 1726 752 1783 πάλιν
850 1726 1034 1797 αὐτὴν,
1122 1730 1195 1793 ὡς
1267 1726 1496 1807 ἔχουσαν
1570 1728 1706 1793 ἴσως
1802 1728 1927 1808 μέγα

2022 1722 2270 1784 Latinos
2300 1723 2664 1786 additionem
2698 1724 3051 1805 objectasse,
3108 1744 3437 1807 aursusque
3480 1727 3678 1790 denuo

295 1811 492 1889 βλάϐος
523 1813 691 1891 οὗδὲν,
719 1821 834 1879 πῶς
865 1818 958 1874 οὒκ
1009 1817 1070 1872 ἄν
1125 1815 1438 1896 ἱλαρώ;ερον
1496 1815 1753 1885 διατεθείη
1819 1832 1927 1875 τοῖς

2024 1811 2293 1874 eamdem
2315 1814 2842 1895 neglexisse,quasi
2870 1813 2997 1895 ipsa
3022 1814 3238 1877 nullam
3264 1815 3326 1877 in
3357 1834 3424 1878 se
3464 1835 3675 1879 noxam

297 1902 395 1970 τὴν
440 1902 627 1983 ἔρωσιν
709 1907 877 1963 αὐτῶν
953 1904 1367 1985 ἐπιπεῶουση
1431 1908 1611 1965 Τοίνυν
1669 1909 1756 1964 καὶ
1803 1909 1927 1979 ἡμτι

2022 1903 2389 1981 occluderet,
2421 1923 2618 1966 annon
2646 1905 2895 1967 hilarius
2927 1907 3175 1969 effectus
3207 1925 3332 1984 eos,
3362 1908 3463 1989 qui
3498 1908 3675 1971 unio-

295 1998 460 2050 ταῦτα
517 1994 688 2051 πάντα
740 1995 1110 2076 ἀπηριθμήθη,
1165 1998 1289 2053 arb-:6
1339 1996 1678 2073 βουλομένοις
1733 2002 1927 2065 συστῆ-

2022 2009 2155 2052 nem
2185 1992 2486 2075 all‘ectant,
2518 1994 2955 2074 amplexabitur
2983 1993 3014 2055 ?
3045 1996 3184 2058 Haec
3214 1995 3450 2073 singula
3477 1996 3676 2078 itaque

295 2104 407 2156 σαι,
469 2087 530 2141 τὸ
587 2088 665 2159 μὴ
732 2086 870 2144 οὕτω
927 2087 1064 2165 μέγα
1104 2088 1193 2143 καὶ
1234 2088 1357 2152 τοῖς
1386 2088 1488 2166 πρὸ
1516 2089 1671 2162 ἡμῶν
1716 2090 1790 2152 ὡς
1820 2100 1927 2150 τοῖς

2018 2097 2051 2140 a
2076 2080 2247 2143 nobis
2259 2091 2728 2146 commemorata
2750 2091 2983 2159 sunt,ut
2999 2083 3144 2146 illud
3159 2085 3671 2166 comprobaretur,

293 2170 383 2227 νῦν
432 2174 492 2230 τὸ
535 2178 632 2242 τῆς
687 2176 992 2254 προσθήκης
1063 2177 1278 2252 αἰτίαμα
1334 2178 1471 2234 κατὰ
1534 2178 1635 2243 τῆς
1709 2167 1927 2251 Ῥωμαϊ-

2020 2187 2137 2230 ηυη
2172 2172 2249 2231 ita
2276 2190 2512 2251 gravem
2534 2172 2855 2235 additiunis
2899 2173 3339 2236 accusationem
3381 2193 3521 2255 erga
3550 2175 3672 2239 Ro-

291 2259 393 2328 κῆ;
476 2257 796 2331 Ἐκκλησίας
881 2262 1200 2343 λογίζεσθαι,
1272 2287 1347 2342 (pc
1418 2264 1482 2321 ἄν
1550 2264 1783 2323 ἐντεῦθεν
1854 2267 1927 2322 κατ

2024 2259 2584 2323 manamEcclesiam
2601 2261 2810 2343 iis,qui
2823 2268 2962 2323 ante
2980 2280 3087 2323 nos
3110 2262 3275 2327 [uera
3289 2265 3672 2344 quemadmo-

292 2352 730 2428 παραστήσαιμεν
817 2351 894 2427 μιὶ
990 2351 1128 2410 οἶτω
1173 2354 1317 2431 ἡμᾶς
1383 2352 1756 2421 ἑκκυλισθῆναι
1844 2361 1927 2410 τοί

2022 2345 2161 2407 dum
2184 2346 2277 2423 iis,
2305 2349 2403 2424 qui
2429 2367 2587 2412 nunc
2613 2349 2789 2411 vitam
2814 2349 3417 2430 agunt,existimatam
3442 2352 3666 2416 fuisse:

288 2434 523 2509 δέοντος,
580 2441 655 2505 ὡς
702 2454 819 2507 τοῖς
877 2438 1195 2500 ὰντιδικοῦσι
1254 2439 1427 2515 δοκεῖ,
1486 2440 1554 2498 δι’
1596 2441 1661 2510 ἢν
1705 2441 1938 2511 σῖ.ουδῆν

286 2528 375 2584 ἒπὶ
402 2534 472 2605 τῇ
493 2535 598 2586 τῶν
626 2529 962 2598 Ἐκκλησιῶν
991 2530 1173 2589 ἒνώσει
1202 2529 1597 2608 ὶνηδειξάμεθα.

369 2697 443 2769 θ’.
500 2707 558 2765 Εἰ
613 2704 670 2764 δέ
726 2729 786 2785 γε
844 2711 1029 2788 μικρὸν
1058 2711 1221 2784 ἡμεῖς
1279 2710 1582 2790 ὑπερθέσθαι
1627 2711 1934 2790 προθέμενοι

290 2793 379 2851 τόν
439 2795 525 2853 ἐπὶ
604 2809 724 2860 τοτς
810 2793 1159 2874 δογματικοῖς
1256 2798 1411 2875 ὴμῶν
1463 2798 1641 2878 λόγοις
1736 2799 1936 2858 ἀπόλο-

290 2906 410 2960 γον,
480 2888 567 2942 καὶ
641 2885 764 2942 ὅσον
838 2888 899 2943 τὸ
979 2885 1136 2962 ἡμῶν
1218 2887 1582 2968 φιλαρώμαιον
1649 2894 1931 2968 παραστῆ-

290 2994 379 3028 σαι
432 2972 518 3030 ἐπὶ
574 2972 734 3032 πλέον
804 2975 949 3056 τάχα
1032 2975 1069 3044 ἢ
1157 2976 1413 3056 προσῆκε,
1480 2978 1579 3045 τὴν
1658 2979 1928 3056 ὑπερηγο-

2020 2435 2592 2518 illudquepraeterea
2610 2439 2821 2500 nonita
2850 2456 3009 2500 uosa
3041 2453 3205 2503 recto
3239 2449 3416 2521 atque
3454 2441 3673 2505 deccro

2019 2524 2275 2588 dimotos
2290 2526 2933 2599 fuisse,utadversariis
2947 2527 3339 2603 Videtur,cum
3356 2530 3553 2593 studia
3574 2551 3672 2593 no-

2019 2622 2139 2673 stra
2153 2633 2257 2694 pro
2277 2616 2499 2678 unione
2516 2614 2917 2678 Ecclesiarum
2947 2619 3204 2678 ineunda
3225 2617 3668 2683 collocavimus.

2097 2702 2156 2762 9.
2185 2701 2406 2776 Quodsi
2430 2705 2733 2787 paululum
2762 2723 2869 2767 nos
2897 2705 2974 2768 de
3023 2704 3399 2786 dogmatibus
3436 2725 3670 2769 sermo-

2018 2807 2180 2870 nem,
2217 2800 2275 2853 et
2303 2795 2379 2856 de
2400 2795 2476 2855 iis
2497 2793 3212 2875 responsionemdiﬂ‘erre
3244 2803 3666 2876 propt-uentes,

2017 2885 2364 2961 tantumque
2389 2890 2450 2942 ut
2481 2892 2741 2944 nostram
2761 2882 2822 2944 in
2856 2880 3122 2945 Graecam
3157 2883 3459 2945 nationem
3493 2883 3673 2946 bene-

2014 2966 2328 3029 volentiam
2362 2970 2676 3050 probarem
2692 2970 2973 3045 us,l'usius
2997 2969 3388 3033 nihilominus
3409 2971 3670 3052 longius-

289 3062 405 3140 ρίαν
461 3063 560 3130 τὴν
638 3064 831 3131 ταύτης
913 3066 1069 3141 ἡμῶν
1156 3064 1518 3141 ἐποιησάμεθα
1575 3065 1927 3146 φιλορωμαιό-

2013 3073 2128 3134 que
2157 3075 2333 3136 quam
2364 3059 2941 3155 adtlecebatmoslrm
2982 3058 3280 3155 inGrteeos
3308 3059 3668 3155 benevolen—

287 3172 475 3223 τητος,
531 3150 623 3208 ἅτε
674 3153 773 3220 τὴν
828 3150 957 3219 ὕλης.
1020 3155 1254 3234 εὖχερως
1310 3154 1661 3232 ποριζομένου
1697 3164 1789 3216 τοὶ
1829 3155 1927 3213 λό-

2014 3131 2110 3205 ίῖθε
2130 3131 2545 3209 defensionem
2569 3139 3310 3228 protraxir'nus.materiam
3336 3147 3509 3210 nobis
3528 3167 3665 3210 ora-

288 3261 408 3317 γου,
452 3241 542 3297 καὶ
597 3239 673 3298 ’ἑτι
732 3239 901 3299 πλείω
968 3257 1086 3306 τοῖς
1159 3243 1398 3321 ῥηθεῖσιν
1442 3244 1781 3325 ἐπισυνείρειν
1837 3248 1933 3302 οὒκ

284 3330 630 3408 ἀπορουντος,
704 3331 747 3386 εἰ
806 3332 883 3406 μή
941 3352 1001 3409 γε
1084 3331 1495 3411 ἀναγκαιότερος
1552 3335 1686 3409 ἡμῖν
1758 3332 1961 3391 ἐδόκει

283 3416 430 3495 ἀγὼν
472 3420 499 3474 ὃ
554 3418 683 3498 ὑπὲρ
737 3425 845 3475 τῶν
908 3417 1245 3498 δογματικῶν
1288 3420 1555 3501 ἆπόλογος
1612 3423 1933 3501 συγγνώμην

282 3507 369 3562 ἐπὶ
430 3507 598 3581 τούτῳ
681 3507 951 3584 αἰτοῦμεν.
1007 3509 1116 3576 Την
1182 3508 1363 3583 μέντοι
1404 3509 1651 3590 ἀνωτέρω
1704 3511 1933 3589 γενομέ-

281 3617 380 3662 νην
421 3594 525 3652 κᾶκ
578 3598 777 3653 τούτων
859 3597 1073 3654 πάντων
1135 3598 1615 3680 συγκροτουμένην,
1675 3600 1773 3668 τὴν
1828 3602 1935 3658 τῶν

284 3683 689 3742 ὰντιδοκούντων
748 3684 1010 3752 ἀπόδειξιν
1070 3688 1594 3766 μισορωμαιότητος,
1654 3689 1728 3753 εἷς
1785 3692 1932 3765 μνή-

285 3797 394 3848 μην
437 3773 685 3851 ἄγνοντές
742 3797 826 3831 σοι
868 3777 956 3832 καὶ
998 3775 1158 3835 πάλιν
1201 3782 1278 3851 τῷ
1307 3775 1532 3855 δικαστῇ
1559 3798 1616 3834 τε
1649 3781 1736 3835 καὶ
1765 3778 1930 3859 ἀκρο-

283 3869 410 3942 ατῇ,
470 3863 562 3922 ἵνα
618 3863 804 3921 λοιπὸν
833 3863 1049 3943 ἂπίρτι,
1082 3869 1167 3923 καὶ
1210 3868 1276 3935 ἢν
1318 3864 1403 3922 ἐπὶ
1444 3871 1513 3943 τῇ
1540 3864 1790 3946 προδοσίᾳ
1830 3869 1929 3936 τῆς

284 3953 454 4011 αὐτῶν
524 3949 787 4015 εὐσεϐείας
872 3953 1202 4030 ὑπέστημεν,
1280 3958 1563 4033 προστεθῇ,
1663 3956 1928 4033 γινώμεθα

280 4038 347 4109 δὴ
398 4043 487 4098 καὶ
529 4042 659 4121 πρὸς
702 4045 780 4116 τῷ
850 4041 1239 4121 ἐπηγγελμένω
1299 4042 1515 4124 ἐλέγχῳ
1562 4046 1637 4099 ὢν
1680 4044 1764 4101 ἐπὶ
1806 4058 1928 4109 ταῖς

276 4128 613 4208 θεολογικαϊς
672 4130 815 4188 οὗτοι
873 4138 1138 4211 νεοφανῶν
1194 4132 1469 4190 ποιοῦνται
1524 4133 1732 4211 ῥήσεων
1800 4132 1927 4201 ἐξη-

278 4220 511 4295 γήσεων.
559 4220 620 4277 Τί
648 4221 748 4299 γαρ
792 4219 936 4277 ἐστιν
977 4223 1004 4277 6
1064 4228 1169 4278 τὼν
1213 4220 1391 4278 ἄλλων
1449 4222 1659 4278 πάντων
1716 4220 1929 4301 ὕστερον

280 4308 583 4388 ἐφευρόντες
636 4309 811 4389 φασί;
888 4311 960 4368 Τὸ
1056 4313 1120 4367 εκ
1190 4312 1394 4390 Πατρὸς
1482 4307 1545 4367 δι’
1632 4313 1752 4370 Υἱοῦ
1832 4311 1927 4368 ὲκ-

280 4398 585 4476 πορεύεσθαι
683 4400 744 4454 τὸ
828 4404 1042 4472 Πνεῦμα
1137 4401 1198 4456 τὸ
1267 4399 1422 4479 ἅγιον
1509 4401 1568 4457 οὗ
1623 4402 1770 4480 φασὶ,
1829 4401 1929 4468 τὴν

2015 3230 2176 3295 tione
2197 3236 2638 3316 suppeditante,
2658 3248 2718 3298 et
2748 3237 2918 3316 plura
2962 3245 3248 3316 praetcrea
3268 3237 3442 3299 dictis
3463 3254 3671 3319 super-

2014 3322 2237 3385 addere
2267 3325 2326 3385 iu
2352 3333 2628 3407 promptu
2662 3324 2948 3400 habente,
2981 3324 3097 3386 nisi
3119 3341 3230 3385 nos
3262 3324 3666 3403 magisneces-

2016 3410 2238 3472 sariqu
2270 3423 2577 3476 certamen
2607 3416 2681 3476 ad
2728 3430 2793 3479 se
2835 3422 3099 3486 vocaret,
3160 3412 3236 3475 de
3291 3414 3666 3494 dogmatibus

2016 3516 2233 3582 nempe
2255 3502 2804 3586 responsio,siquid
2838 3510 3100 3565 erratum
3129 3501 3191 3563 in
3237 3501 3347 3564 hoc
3377 3512 3667 3586 estmquo

2015 3588 2216 3651 animo
2246 3590 2564 3671 ignoscite.
2594 3591 2786 3674 Supra
2817 3610 2993 3674 porro
3021 3591 3396 3661 ﬁrmatam.el
3417 3592 3510 3655 his
3530 3612 3666 3657 om-

2015 3676 2191 3738 nibus
2247 3681 2682 3743 constabilitam
2731 3680 2807 3744 de
2836 3680 3661 3747 adversariorumiuGraacos

2017 3767 2153 3827 odio
2180 3768 2752 3833 demonsuratiouem
2795 3771 2877 3833 im
2911 3769 3259 3831 memoriam
3320 3769 3429 3833 tibi
3459 3789 3665 3835 rursus

2006 3854 2196 3934 judici
2227 3868 2286 3919 et
2308 3859 2569 3921 auditori
2585 3868 2951 3925 revocantes.
2987 3869 3046 3921 et
3102 3877 3261 3921 nunc
3313 3877 3421 3921 suo
3451 3861 3663 3925 ordine

2012 3962 2185 4024 quam
2219 3963 2324 4026 pro
2384 3949 2734 4012 earumdem
2770 3949 3032 4032 'pietatis
3079 3948 3420 4028 proditione
3450 3968 3660 4015 noxam

2013 4034 2425 4113 sustinuimus,
2478 4038 2818 4118 adjiciatur,
2867 4055 3234 4119 apponamus
3272 4037 3400 4117 jam
3453 4057 3666 4104 manus

2014 4123 2292 4201 promisaa
2350 4126 2695 4189 refutatiuni
2742 4144 3024 4188 novarum
3078 4125 3659 4208 iuterpretationum,

2013 4228 2156 4290 quas
2185 4210 2303 4273 illis
2350 4214 2425 4275 de
2482 4216 2829 4296 theologicis
2854 4215 3032 4277 dictis
3059 4216 3469 4295 pronuntiant.
3505 4216 3659 4291 Quid

2013 4301 2174 4360 enim
2206 4310 2315 4375 est,
2352 4304 2508 4384 quod
2529 4323 2685 4366 nunc
2714 4307 2956 4367 demum
2987 4301 3257 4363 omnium
3289 4319 3657 4383 posuremum

2011 4390 2333 4452 commenti
2360 4400 2498 4454 sunt
2528 4393 2553 4456 ἲ
2582 4393 2686 4458 Ex
2732 4396 2921 4457 Patre
2943 4409 3060 4473 per
3090 4393 3319 4453 Filium
3348 4392 3660 4474 Spiritum

275 4486 335 4542 ὲκ
406 4489 607 4566 [ἰατρὸς
680 4485 748 4544 δι’
821 4490 941 4545 Υἰοῦ
1009 4488 1222 4569 ὕπαρξιν
1293 4490 1571 4556 σημαίνειν
1614 4492 1707 4547 τοῦ
1760 4491 1924 4546 Πνεύ-

2013 4487 2286 4542 sanetum
2307 4482 2632 4561 procedere
2659 4490 2964 4558 asserunt,
2987 4498 3108 4543 non
3137 4488 3354 4543 notare
3378 4500 3457 4545 ea!
3477 4484 3661 4549 Patre

281 4598 474 4651 ματος,
536 4575 673 4638 ἀλλὰ
729 4580 791 4635 τὸ
849 4577 934 4634 διὰ
1003 4586 1092 4635 τοῦ
1153 4582 1273 4637 Υἱοῦ
1330 4577 1533 4650 διήκειν
1590 4578 1714 4635 αὐτὸ
1759 4579 1924 4637 ἐκπο-

279 4666 560 4742 ρευόμενον
627 4667 688 4724 ἐκ
742 4669 972 4747 Πατρὸς.
1021 4666 1166 4746 Ἐγὼ
1225 4666 1279 4724 δὲ
1340 4670 1389 4724 τί
1445 4667 1556 4724 ἐστι
1608 4670 1671 4725 τὸ
1724 4666 1925 4738 διήκειν

274 4757 426 4812 τοῦτο
469 4758 561 4814 οὒκ
621 4756 768 4830 οἶδα,
821 4759 912 4814 καὶ
961 4756 1076 4815 ὅθεν
1107 4761 1288 4822 αὐτοῖς
1334 4760 1362 4814 6
1392 4764 1483 4815 τοῦ
1510 4755 1710 4827 διήκειν
1741 4758 1924 4815 τούτου

276 4844 447 4902 ἔννοια
503 4846 629 4926 ἧκε,
660 4844 916 4915 διαπορῶ,
966 4848 1065 4905 Καὶ
1095 4847 1270 4903 πάντα
1311 4845 1569 4925 λογισμὸν
1597 4843 1741 4902 ἔνδον
1795 4846 1921 4902 ἀνα-

272 4941 456 5010 κινῶν,
504 4937 548 4992 εἰ
591 4936 707 4998 πῶς
768 4934 828 4992 ἂν
875 4934 993 5015 ἔξω,
1046 4934 1144 4992 κᾶν
1189 4942 1313 5015 γοῦν
1356 4932 1597 5013 ἀμυδρῶς
1654 4957 1703 4990 τι
1734 4935 1919 5002 νοῆσαι

274 5026 389 5103 περὶ
418 5025 577 5083 αὐτοῦ
612 5023 756 5081 οὖδέν
799 5048 849 5081 τι
898 5024 1059 5082 πλέον
1106 5030 1205 5093 τῆς
1250 5024 1469 5105 ἀπορίας
1503 5023 1649 5104 ἔχων
1680 5025 1919 5103 εὑρισκο-

274 5137 368 5190 μαι
404 5130 417 5143 ‘
455 5113 597 5182 πλὴν
626 5115 671 5170 εἰ
700 5115 779 5189 μὴ
817 5137 935 5171 τινα
991 5114 1132 5192 ῥύσιν
1176 5125 1351 5172 νοοῦσι
1408 5116 1655 5181 θεότητος
1696 5112 1813 5171 καθ’
1856 5114 1919 5182 ἢν

275 5205 332 5261 ἐί
361 5206 563 5283 Πατρὸς
608 5202 679 5260 δι’
714 5207 834 5260 Υἱοῦ
875 5206 937 5261 τὸ
970 5206 1180 5280 Πνεῦμα
1223 5204 1467 5283 προϊέναι
1496 5204 1724 5282 ἐροῦσιν,
1754 5201 1924 5259 Ἀλλὰ

272 5294 422 5350 τοῦτο
463 5300 562 5362 τῆς
619 5300 726 5350 τῶν
777 5292 1043 5371 λεγόντων
1113 5298 1208 5354 οὐκ
1261 5294 1369 5351 ἔστι
1430 5294 1705 5358 συνέσεως.
1753 5292 1919 5348 Συνέ-

273 5384 391 5447 τοὺς
450 5384 548 5461 γὰρ
606 5384 749 5440 εἶναι
806 5384 926 5446 τοὺς
973 5381 1158 5461 ἄνδρας
1203 5383 1475 5461 ὁμολογῶ,
1521 5380 1730 5447 ἀληθῶς
1789 5380 1917 5455 μέν·

274 5494 351 5529 τοι
421 5475 522 5528 ὑπὸ
595 5474 782 5555 κακίας
869 5473 1297 5553 ἂμαυρουμένους
1357 5474 1454 5540 τὴν
1500 5471 1731 5532 σύνεσιν.
1792 5469 1917 5528 "Ott

276 5561 326 5618 δὲ
381 5562 525 5637 ὅμως
568 5583 628 5641 γε
664 5554 912 5642 συνετοὶ,
970 5560 1168 5643 σφόδρά
1223 5559 1477 5641 διαπορῶ,
1539 5558 1653 5617 ὄθεν
1705 5560 1750 5616 οὶ
1791 5580 1914 5618 τοι-

277 5652 413 5710 οὖτοι
468 5650 614 5714 ὄντες
689 5652 987 5726 κινούμενοι
1046 5653 1143 5720 τὴν
1195 5649 1332 5716 λέξιν
1387 5650 1586 5717 ταύτην
1644 5655 1756 5721 τοῦ,
1806 5646 1916 5718 διήο

2005 4584 2114 4647 per
2133 4568 2362 4631 Filium
2391 4574 2809 4635 exsislentiam
2832 4573 3123 4653 Spiritus.
3147 4568 3251 4632 sed
3290 4588 3406 4651 per
3423 4572 3658 4638 Filium

2005 4659 2332 4737 pervadere
2354 4662 2549 4741 ipsum
2568 4679 2644 4724 ea:
2660 4664 2745 4724 Pa
2754 4669 2845 4725 tre
2858 4660 3300 4742 procedentem.
3331 4659 3453 4741 Ego
3484 4680 3647 4745 vero,

2007 4745 2288 4826 quidnam
2303 4747 2373 4809 si:
2401 4750 2869 4831 hocpereuderc,
2898 4750 3160 4812 nondum
3187 4748 3343 4825 novi,
3377 4758 3435 4812 et
3466 4752 3659 4816 unde-

2006 4854 2140 4897 nam
2173 4835 2320 4916 ipsis
2357 4839 2768 4919 hujuscemodi
2828 4836 3231 4921 persuasionis
3280 4840 3559 4920 cogitatio
3591 4841 3654 4905 in

2005 4935 2266 4989 mentem
2296 4929 2554 5002 advenit,
2583 4929 2846 4992 nondum
2880 4930 3073 5011 capio,
3109 4937 3168 4990 et
3223 4929 3425 4992 omnia
3452 4932 3651 4994 animo

2005 5015 2771 5101 circumvolvcns,utipsius
2788 5020 2878 5082 vel
2910 5018 3266 5081 imbecillam
3294 5020 3648 5084 smtentiam

1996 5107 2306 5187 assequar.
2341 5109 2527 5171 nihilo
2561 5110 2756 5171 minus
2812 5109 2873 5170 in
2912 5108 3121 5172 eadem
3151 5124 3393 5189 semper
3420 5108 3651 5174 dubita-

2008 5194 2165 5257 tione
2212 5204 2390 5279 atque
2421 5197 2786 5260 obscuritate
2837 5196 3304 5260 circumrolvor:
3369 5197 3484 5260 nisi
3537 5200 3650 5282 ipsi

2006 5285 2227 5346 ﬂuxum
2258 5288 2571 5367 quemdam
2615 5286 2862 5349 Deitatis
2913 5287 3264 5367 intelligant,
3312 5289 3646 5352 secundum

2004 5392 2177 5455 quem
2213 5394 2281 5437 ex
2315 5379 2487 5440 Patre
2511 5396 2617 5458 per
2639 5377 2852 5439 Filium
2882 5377 3167 5459 Spiritum
3193 5382 3520 5458 procedere
3546 5379 3644 5441 di-

2001 5472 2162 5526 cunt.
2221 5463 2647 5529 Verumtamen
2697 5468 2811 5529 hoc
2868 5468 3257 5530 asserentium
3317 5470 3643 5549 prudentia)

2000 5552 2307 5642 evidenter
2341 5557 2704 5619 adversatur.
2741 5558 2949 5619 Fateor
2995 5556 3290 5637 siquidem
3321 5561 3644 5642 prudentes

2000 5641 2273 5705 homines
2297 5662 2450 5720 esse,
2515 5645 2652 5708 licet
2700 5646 3077 5728 improbitate
3133 5641 3474 5714 earumdem
3506 5669 3643 5715 vere
