4178 6288
472 261 591 327 983
1281 290 1297 301 ~
1572 266 1785 331 JOAN.
1834 266 2055 329 VECCI
2096 266 2209 328 GP.
2257 266 2770 331 PATRIARCHIE
3735 259 3860 329 984

477 394 795 477 prudentia
810 396 1187 462 obscuretur.
1219 398 1513 471 Quoniam
1571 415 1712 460 vero
1743 396 2132 460 nihilominus

2224 419 2347 471 κειν,
2413 397 2652 479 ἐφεῦρον,
2714 400 2788 464 εὶς
2842 400 3104 481 ἀναίρεσιν
3158 403 3304 481 τάχα
3357 401 3455 470 τῆς
3510 397 3577 457 δι’
3631 401 3754 456 Υἱοῦ
3797 396 3861 453 ὲκ

477 482 803 564 prudentes
824 494 984 560 sunt,
1006 486 1111 548 diu
1160 504 1392 548 mecum
1421 484 1801 567 multumque
1816 495 2136 565 suspensas

2224 487 2423 567 Πατρός
2483 484 2764 552 οὖσιώδους
2834 488 3102 563 ὑπάρξεως
3156 497 3248 547 τοῦ
3289 489 3549 565 παναγίου
3602 488 3693 545 καὶ
3743 493 3863 558 ζω-

476 575 676 638 babeo
709 578 996 650 rationes,
1052 577 1352 639 undenam
1398 576 1614 639 similis
1658 576 1834 639 sortis
1862 575 2136 639 homines

2224 575 2443 655 αρχικιῦ
2485 576 2809 651 Πνεύματος.
2856 576 3035 636 Πολλὰ
3088 575 3144 633 δὲ
3198 579 3291 634 τὸι
3347 579 3466 655 περὶ
3518 577 3707 634 τούτου
3746 596 3859 631 πο-

477 665 620 726 moti
631 666 1006 745 pervadeudi
1020 665 1342 728 dictionem
1355 665 1871 731 adinvenerint,ad
1887 665 2132 728 sanctiS'

478 753 613 815 simi
640 762 701 816 et
722 755 853 816 vitae
873 754 1162 835 principis
1178 753 1438 835 Spiritus
1483 773 1550 816 ex
1575 756 1750 818 Patre
1788 771 1896 836 per
1916 754 2128 817 Filium

478 842 862 905 essentialem
927 842 1329 905 existentiam’
1376 842 1823 919 destruendam,
1883 852 1941 904 et
1993 862 2126 905 cum

480 930 664 992 multa
689 930 982 994 curiosius
1015 931 1307 994 examino.
1348 932 1585 994 tandem
1604 941 1973 1013 anteceptam
2000 931 2130 993 ani.

486 1038 581 1080 mo
612 1018 953 1101 Opinionem
985 1021 1268 1083 similium
1293 1021 1709 1083 inventionum
1735 1038 1970 1082 causam
2001 1037 2133 1082 esse

485 1108 773 1188 dijudico.
804 1108 874 1171 Et
935 1110 1234 1191 quodnam
1294 1109 1450 1171 aliud
1495 1128 1530 1171 a
1584 1118 1748 1171 recto
1802 1127 2134 1190 securoque

480 1196 708 1277 judicio
740 1216 1000 1279 unquam
1031 1198 1313 1261 aberrare
1341 1197 1517 1262 faciet
1544 1198 1832 1271 animum,
1866 1201 1964 1279 qui
1990 1199 2134 1259 alias

484 1286 814 1367 prudenter
837 1289 912 1349 de
937 1287 1341 1350 incidentibus
1365 1288 1658 1368 judicium
1711 1287 1865 1349 ferre
1896 1287 2135 1368 potest?

480 1373 556 1437 Et
583 1375 762 1455 hujus
791 1379 1023 1455 signum
1044 1376 1441 1439 certissimum
1477 1384 1586 1450 est,
1617 1376 1772 1457 quod
1830 1395 1946 1438 non
1976 1376 2130 1457 apud

482 1462 711 1544 aliquos
741 1466 854 1527 hoc
882 1465 1081 1530 modo.
1106 1465 1259 1545 apud
1303 1465 1448 1527 allos
1478 1483 1618 1528 vero
1635 1464 1855 1539 alio,de
1886 1464 2132 1526 dissidio

482 1551 823 1614 Latinorum
853 1562 1028 1634 atque
1055 1551 1394 1616 Graecorum
1442 1563 1683 1635 propter
1711 1572 1809 1615 res
1839 1554 2130 1616 ecclesia-

487 1641 665 1702 sticas
692 1643 1051 1716 enuntiatur,
1087 1643 1189 1703 sed
1221 1642 1374 1723 apud
1398 1660 1606 1705 omnes
1637 1661 1751 1703 uno
1774 1659 1879 1703 ore
1905 1641 2127 1703 asseri-

2210 662 2596 743 λυπραγμονων
2680 663 2862 744 λόγον,
2946 665 3100 742 μόλις
3186 667 3248 724 τὸ
3324 664 3865 745 προκατειλημμένον

2211 758 2279 829 τῇ
2347 751 2471 831 δόξῃ
2544 752 2720 810 αἴτιον
2803 755 2950 813 εἶναι
3003 758 3106 813 τῶν
3165 756 3421 813 τοιούτων
3477 753 3863 834 ἐφευρημᾶτων

2213 840 2567 919 διαγινώσκω.
2631 844 2729 902 Καὶ
2770 846 2820 901 τί
2869 845 2967 924 γὰρ
3017 843 3149 902 ἄλλο
3201 844 3297 913 τῆς
3328 842 3594 924 ἀσφαλοῦς
3623 841 3863 920 διαγνώ-

2214 952 2350 994 σεως
2408 929 2776 1003 ἂποπλανήσει
2839 933 2969 990 ποτὲ
3025 934 3234 1014 ψυχὴν,
3282 938 3509 996 συνετῶς
3578 929 3863 1008 διακρίνειν

2218 1019 2280 1075 τὰ
2333 1020 2771 1097 παρεμπίπτοντα
2826 1018 3169 1101 δυναμένην;
3224 1022 3321 1080 Καὶ
3360 1021 3545 1078 τούτου
3598 1017 3865 1096 ἐχέγγυον

2215 1105 2447 1187 ἀσφαλὲς
2478 1105 2593 1186 ἔχω
2633 1110 2695 1164 τὸ
2736 1109 2814 1185 μὴ
2844 1111 2986 1189 παρὰ
3021 1110 3120 1185 μὲν
3151 1122 3267 1172 τοῖς
3296 1108 3453 1189 οὕτω,
3482 1107 3624 1182 παρᾶ
3655 1105 3710 1162 δὲ
3740 1115 3862 1167 τοῖς

2217 1194 2354 1252 οὕτω
2409 1197 2508 1265 τὴν
2552 1198 2641 1252 ἒπὶ
2695 1211 2813 1261 τοῖς
2856 1195 3322 1264 ἐκκλησιαστικοτς
3364 1196 3661 1275 λογίζεσθαι
3707 1199 3866 1271 Γραι-

2215 1291 2348 1365 κῶν,
2421 1287 2509 1342 καὶ
2578 1285 2813 1342 Λατίνων
2870 1283 3164 1360 διάστασιν,
3214 1287 3356 1364 παρὰ
3386 1283 3442 1341 δὲ
3471 1292 3631 1342 πᾶσιν
3674 1281 3862 1343 ἁπλῶς

2214 1371 2337 1430 ἴσον
2380 1371 2676 1452 λογίζεσθαι
2747 1378 2846 1441 τῆς
2917 1373 3180 1440 εὐσεϐείας
3230 1374 3504 1453 ἐκπεσεῖν,
3571 1374 3660 1428 καὶ
3690 1372 3862 1428 Λατί-

2216 1484 2334 1526 νους
2390 1464 2562 1519 εἰπεῖν
2611 1459 2869 1525 εὐσεϐεῖν,
2901 1469 3160 1521 Τοσοῦτον
3189 1464 3289 1542 γὰρ
3330 1465 3390 1519 τὸ
3433 1469 3527 1520 τοῦ
3554 1462 3862 1541 σχίσματος

2214 1552 2429 1631 χρόνιον
2457 1553 2556 1619 τὴν
2584 1549 2777 1629 ἄλογον
2806 1552 3003 1620 ταύτην
3047 1553 3361 1633 ἐπεκράτυνε
3404 1551 3579 1625 δόξαν,
3607 1550 3682 1615 ὣς
3712 1571 3865 1612 τινας

2212 1643 2331 1718 περὶ
2386 1639 2734 1704 συνελεύσεως
2816 1640 2854 1709 ἢ
2910 1639 3235 1706 διαστάσεως
3306 1640 3475 1709 ἄλλης
3546 1643 3864 1707 ἡστινοσοῦν

482 1736 598 1802 tur,
626 1729 834 1792 eadem
869 1733 925 1792 in
950 1730 1119 1792 lance
1153 1749 1309 1802 esse,
1342 1749 1376 1792 a
1427 1730 1644 1811 pietate
1694 1730 2040 1803 abscedere,
2073 1738 2129 1792 et

2224 1727 2489 1794 Βιαθέσεως
2566 1731 2800 1786 Λατίνων
2882 1732 2969 1788 καὶ
3035 1731 3271 1811 Γραικῶν
3328 1732 3498 1787 εἰπεῖν
3556 1727 3861 1805 βούλεσθαι,

479 1817 719 1880 Latinos
774 1818 1048 1898 pietatem
1100 1820 1298 1881 colere
1332 1838 1694 1883 assaverere.
1733 1819 2125 1881 Intervallum

2224 1818 2297 1874 ιαὶ
2343 1816 2519 1897 λέγειν
2573 1820 2646 1884 ὡς
2712 1820 3021 1896 Χριστιανός
3077 1841 3159 1883 τις
3206 1821 3296 1876 καὶ
3325 1826 3552 1883 Λατῖνος
3584 1817 3778 1896 οὕτως,
3827 1816 3865 1883 ἢ

487 1906 785 1986 siquidem
816 1907 1151 1990 schismatgs
1179 1907 1331 1969 adeo
1372 1908 1643 1990 longum_
1671 1927 1942 1970 vesanam
1977 1909 2126 1969 hanc

2224 1905 2324 1964 τόδε
2392 1907 2428 1975 ἢ
2483 1905 2601 1964 τόδε
2673 1909 2804 1986 πρὸς
2862 1906 3126 1978 ἀλλήλους
3184 1909 3367 1988 εἶπον,
3413 1908 3449 1977 ἢ
3492 1904 3863 1983 διεπράξαντο.

485 1985 830 2075 opinionem
889 1985 1315 2072 corroboravit,
1380 2007 1443 2059 ut
1481 1985 1740 2080 quidam
1796 2016 1932 2058 cum
1963 1997 2039 2059 de
2092 2013 2413 2074 congressu
2471 2004 2650 2078 atque
2679 1985 2952 2070 dissidio,
3009 1996 3103 2059 vel
3133 1996 3333 2078 aliqua
3354 1985 3474 2058 alia
3502 1995 3766 2067 actione,
3804 1992 3866 2053 in

484 2084 702 2165 quibus
732 2085 975 2148 Latinus
1016 2093 1072 2148 ct
1113 2085 1353 2150 Graecus
1384 2086 1763 2160 conveniunt,
1823 2104 2159 2147 sermonem
2215 2083 2458 2159 habent,
2516 2086 2606 2148 sic
2666 2085 3073 2165 pronuntient,
3134 2085 3504 2149 Christianus
3532 2083 3774 2165 quidam
3810 2087 3869 2142 et

485 2174 729 2237 Latinus
761 2174 920 2236 hunc
950 2175 1039 2237 vel
1070 2175 1131 2237 in
1163 2176 1319 2237 hunc
1353 2175 1618 2248 modum,
1651 2176 1763 2236 hoc
1795 2176 1884 2237 vel
1917 2174 2059 2235 illud
2094 2175 2251 2236 inter
2279 2193 2345 2256 se
2373 2174 2652 2256 collocuti
2682 2182 2818 2236 sunt
2845 2182 2944 2236 aut
2974 2180 3347 2256 per’egerunt.

572 2263 667 2327 10.
703 2262 950 2336 Quando
982 2263 1160 2343 igitur
1186 2283 1395 2326 omnes
1425 2263 1611 2326 nostri
1642 2263 1838 2325 animo
1862 2264 1939 2323 ita
1973 2281 2130 2344 prte-

488 2356 756 2433 occupati
789 2360 951 2425 sunt,
973 2361 1038 2414 ut
1066 2352 1138 2415 ad
1162 2353 1559 2417 differentiam
1584 2352 1902 2416 Christiaui
1931 2354 2026 2415 Lat
2043 2352 2131 2414 iui

487 2458 705 2500 nomen
736 2449 941 2501 contra
972 2450 1296 2520 opponant,
1329 2441 1469 2521 quid
1498 2440 1604 2504 tibi
1628 2459 1869 2522 prorsus
1896 2440 2134 2520 excogi-

488 2528 598 2589 tari
632 2528 851 2606 poterit
880 2529 1020 2590 satis
1040 2528 1111 2591 ad
1137 2538 1412 2612 utrasqae
1454 2539 1649 2610 partes
1680 2529 2087 2591 conciliandas
2105 2529 2135 2589 ‘?

489 2614 640 2689 Quid
677 2633 814 2678 vero
846 2617 971 2678 haec
1000 2618 1241 2697 profero
1258 2619 1332 2681 de
1363 2618 1561 2699 iis.qul
1585 2618 1805 2679 similia
1825 2634 1884 2680 et
1906 2618 2132 2690 dicere,

490 2712 549 2769 et
576 2704 883 2785 inquirere
914 2707 1034 2788 apti
1083 2721 1244 2777 sunt,
1298 2708 1398 2769 ubi
1430 2715 1489 2769 et
1541 2707 1824 2768 mulieres
1881 2714 1940 2767 et
1972 2706 2139 2787 pueri

488 2793 765 2856 adhucin
798 2795 1086 2875 gynaeceis
1130 2798 1538 2870 immorantes,
1592 2803 1651 2857 et
1680 2795 1810 2865 viri,
1857 2795 1958 2876 qui
1990 2794 2137 2856 nihil

2298 2254 2358 2322 ι’.
2391 2249 2560 2322 εὈπου
2630 2270 2758 2343 γοῦν
2801 2264 2856 2330 ἐς
2913 2270 3160 2322 τοσοῦτον
3200 2265 3414 2329 παντως
3456 2266 3559 2320 των
3587 2261 3868 2339 ἡμετέρων

2216 2351 2752 2433 προκατελήφθησαν,
2799 2354 2871 2418 ὡς
2942 2355 3016 2416 εἷς
3087 2351 3372 2422 διαστολὴν
3432 2356 3747 2418 Χριστιανοῦ
3805 2350 3869 2404 τὸ

2217 2449 2308 2500 τοῦ
2380 2444 2602 2500 Λατίνου
2658 2440 2954 2521 λογίζεσθαι
3013 2443 3206 2522 ὄνομα,
3280 2444 3330 2498 τί
3407 2443 3473 2497 ἄν
3556 2439 3694 2505 ὅλως
3748 2438 3869 2494 ἐκεῖ

2217 2532 2489 2611 λογισθείη
2547 2532 2678 2610 πρὸς
2753 2529 3097 2609 καταλλαγὴν
3158 2536 3263 2586 τῶν
3320 2529 3633 2610 ἀμφοτέρων
3690 2532 3868 2605 μερῶν

2219 2622 2446 2700 ἱκανόν;
2501 2624 2601 2678 Καὶ
2651 2620 2703 2676 τί
2743 2618 2886 2698 λέγω
2953 2622 3069 2698 περὶ
3123 2626 3351 2676 τοιαῦτα.
3404 2618 3577 2697 λέγειν
3619 2617 3707 2684 καὶ
3759 2624 3865 2687 ζη-

2218 2723 2334 2766 τεῖν
2391 2709 2567 2782 ἀξίω),
2629 2706 2764 2767 ὅπου
2817 2710 2906 2765 καὶ
2948 2722 3198 2787 γυναῖκες
3253 2709 3340 2764 καὶ
3381 2707 3592 2779 παῖδες,
3643 2704 3721 2761 ἔτι
3749 2706 3868 2770 περὶ

2219 2798 2317 2866 τὴν
2374 2811 2747 2876 γυθαικωνϊτιν
2829 2796 3298 2877 ἀναστρεφόμενοι,
3379 2797 3468 2853 καὶ
3525 2793 3706 2873 ἄνδρες
3760 2793 3865 2850 τῶν

491 2892 708 2965 praeter
733 2884 1113 2963 agricultura;
1137 2896 1194 2947 et
1217 2884 1366 2948 villis
1390 2885 1644 2966 alicujus
1672 2885 1904 2947 artiﬁcii
1934 2884 2134 2947 scien-

2224 2885 2361 2950 ὅκως
2421 2884 2569 2945 οὐδὲν
2624 2887 2919 2965 γεωργικοῦ
2959 2885 2995 2954 ἢ
3050 2882 3213 2942 ἄλλον
3252 2886 3396 2948 τινὸς
3439 2884 3701 2961 βαναύσου
3754 2881 3866 2959 βίου

490 2971 574 3034 tia
605 2972 849 3052 pollent,
885 2973 942 3034 in
978 2976 1232 3037 maximo
1280 2975 1478 3037 celere
1521 2983 1771 3054 ponunt,
1803 2981 1861 3035 et
1916 2973 1991 3035 de
2021 2973 2139 3035 cri-

2224 2974 2384 3033 πλέον
2454 2973 2665 3033 εἰδότων
2731 2973 2963 3054 μεγάλου
3019 2973 3357 3053 ἐγκλήματος
3428 2974 3675 3052 κρίνωσι,
3747 2972 3865 3031 τοὺς

491 3061 652 3124 mine
692 3079 797 3124 eos
823 3073 1126 3144 accusant,
1187 3064 1288 3145 qui
1337 3063 1425 3127 vel
1488 3063 1721 3125 hiscere
1771 3062 2013 3137 audent,
2066 3061 2137 3124 ad

2224 3065 2412 3143 μικρὸν
2468 3070 2593 3141 γοῦν
2673 3084 2723 3119 τι
2807 3061 3116 3138 τολμῶντας
3203 3060 3484 3139 ὑπογρύΞαι
3555 3063 3686 3139 πρὸς
3767 3058 3864 3126 τὴν

493 3149 959 3213 ecclesiasticam
979 3170 1185 3233 pacem
1216 3151 1761 3232 comprobandum?
1785 3150 1950 3224 Quod
1980 3152 2136 3213 enim

490 3237 649 3300 inter
664 3249 901 3301 sanctos
932 3240 989 3300 in
1045 3240 1396 3321 theologicis
1417 3240 1881 3304 scientissimum
1916 3241 2134 3320 reperi,

491 3324 865 3406 Gregorium,
889 3327 1154 3409 inquam,
1180 3328 1614 3411 Nyssenum,de
1637 3328 1982 3392 exsistentia
2009 3328 2141 3392 Ft'ii

488 3415 622 3483 Dei.
656 3435 789 3498 qua:
810 3435 881 3478 ea
902 3427 1072 3480 aetate
1121 3417 1180 3479 in
1219 3418 1623 3480 controversia
1647 3426 1775 3480 erat
1795 3417 2091 3478 dicentem
2123 3437 2135 3478 :

487 3504 661 3569 Abiit
682 3508 979 3587 quispiam
1009 3509 1073 3568 in
1099 3506 1427 3580 balineum,
1456 3524 1579 3568 non
1601 3505 1893 3585 quomodo
1921 3523 1998 3567 ea:
2029 3503 2139 3567 ba-

491 3591 652 3657 lineo
676 3594 980 3658 Dominus
1007 3612 1154 3658 suus
1175 3597 1502 3658 utilitatem
1530 3596 1757 3676 capiat,
1792 3594 2025 3656 discere
2051 3596 2143 3655 in-

491 3683 683 3764 quirit
705 3684 805 3746 sed
825 3701 911 3746 an
933 3702 1012 3747 ea:
1028 3686 1129 3756 iis,
1153 3701 1287 3763 qua:
1304 3702 1421 3747 non
1451 3692 1613 3755 sunt,
1637 3701 1720 3745 an
1768 3700 1909 3745 vero
1960 3702 2029 3742 en
2066 3683 2143 3743 iis

491 3789 628 3852 quae
651 3772 1030 3848 sunt,Fitius
1048 3774 1152 3847 sit,
1167 3774 1582 3853 interrogat.A
1596 3774 1704 3852 biit
1726 3772 1888 3834 otius
1912 3773 1976 3833 in
2007 3787 2141 3832 ma-

491 3859 709 3923 cellum
742 3868 797 3925 et
832 3879 953 3924 nam
980 3872 1278 3942 quantum
1323 3864 1402 3925 sit
1456 3861 1626 3923 illius
1670 3865 1957 3942 pretium,
1991 3858 2147 3939 quod

494 3948 708 4012 venale
732 3952 1123 4031 proponitur,
1142 3952 1415 4032 indagat,
1448 3950 1555 4014 sed
1568 3956 1959 4029 quwationcm
1976 3951 2050 4009 de
2071 3951 2148 4009 iis

493 4054 633 4119 qua:
651 4045 879 4102 suntet
897 4040 973 4102 de
989 4041 1070 4102 iis
1089 4057 1224 4121 quia
1245 4058 1368 4102 non
1396 4047 1692 4102 suntcum
1717 4039 1927 4120 iis,qui
1949 4037 2034 4099 ibi
2046 4052 2144 4096 re-

488 4129 860 4207 periuntur,
892 4138 1088 4192 movet
1118 4129 1273 4203 ;hoc
1293 4129 1469 4190 etiam
1503 4148 1662 4190 nunc
1696 4128 1753 4189 in
1782 4125 2062 4189 omnibus
2094 4132 2151 4184 et

502 4233 616 4293 per
646 4216 850 4279 omnia
881 4216 1007 4279 fere
1038 4219 1244 4299 peragi
1270 4217 1595 4299 comperio,
1621 4226 1678 4278 et
1714 4216 1880 4297 pueri
1906 4217 1966 4277 in
2001 4212 2153 4273 ludis

496 4303 828 4370 litterariis.
865 4313 925 4368 et
955 4307 1242 4369 mulieres
1270 4307 1329 4368 in
1352 4305 1723 4369 convictibus
1754 4304 1911 4367 inter
1954 4321 2018 4365 se
2041 4299 2154 4362 fusi

2221 3151 2318 3220 τῆς
2417 3151 2864 3219 ἐκκλησιαστικῆς
2959 3152 3170 3229 εἰρήνης
3268 3149 3610 3229 συναίνεσιν,
3697 3146 3865 3225 Ὀπερ

2223 3242 2323 3320 γαρ
2391 3243 2482 3297 τὸν
2525 3241 2580 3297 ὲν
2650 3242 2819 3320 ἁγίοις
2875 3238 3328 3319 θεολογικώτατον
3387 3239 3560 3315 εὗρον,
3615 3239 3706 3295 τὸν
3736 3238 3863 3295 Νύσ-

2224 3350 2325 3395 σης
2396 3327 2539 3407 λέγω
2579 3330 2893 3409 Γρηγόριον,
2955 3329 3070 3408 περὶ
3113 3328 3210 3395 τῆς
3267 3325 3385 3383 κατ’
3458 3327 3635 3384 έκεῖνο
3687 3332 3866 3404 καιροῦ

2224 3414 2673 3496 λογοποιούμενον
2743 3416 3011 3494 ὑπάρξεως
3082 3426 3173 3475 τοῦ
3243 3419 3364 3473 Υἱοῦ
3437 3424 3531 3473 τοῦ
3586 3423 3716 3473 Θεοῦ
3776 3414 3862 3472 λέ·

2223 3527 2384 3585 γοντα
2416 3521 2430 3536 ⁹
2488 3508 2639 3571 οὗτος
2701 3506 2825 3585 γὰρ,
2888 3505 3203 3574 Ἀπῆλθέτις
3264 3503 3319 3569 ἐς
3361 3503 3668 3581 βαλανεῖον,
3715 3506 3862 3585 φησὶ,

2224 3597 2311 3652 καὶ
2395 3596 2498 3676 οὔχ
2568 3595 2710 3661 ὅπως
2781 3595 2897 3676 ἔχει
2948 3596 3225 3674 θεραπείαν
3295 3597 3323 3651 6
3380 3595 3568 3674 Κύριος
3628 3596 3782 3651 αῦτοῦ
3809 3592 3862 3648 ἐκ

2223 3682 2315 3739 τοῦ
2383 3683 2655 3761 βαλανέως
2726 3688 2917 3760 μαθεῖν
2971 3684 3214 3755 ἀπαιτεῖ,
3285 3680 3407 3739 ἀλλ’
3482 3685 3528 3740 εἰ
3596 3683 3649 3748 ἐξ
3704 3681 3862 3739 ὅντων

2224 3773 2259 3840 ἡ
2317 3770 2369 3837 ἐξ
2424 3771 2520 3828 οὒκ
2571 3772 2737 3830 ὅντων
2793 3775 2821 3830 6
2882 3774 3024 3853 Υἱὸς,
3070 3771 3261 3844 ἐρωτᾷ.
3311 3774 3407 3830 Καὶ
3451 3770 3657 3839 ἀπῆλθέ
3696 3793 3775 3835 τις
3812 3773 3863 3832 ἒς

2228 3861 2328 3929 τὴν
2370 3859 2670 3935 μακέλλην,
2722 3863 2811 3918 καὶ
2853 3861 2977 3941 οῦχὶ
3032 3861 3196 3918 πόσον
3252 3866 3471 3936 τιμᾶται
3526 3862 3586 3916 τὸ
3641 3857 3729 3916 ἔπ’
3771 3860 3861 3916 αὖ·

2230 3954 2327 4017 τῆς
2402 3951 2778 4030 προτιθέμενον
2832 3949 3013 4025 ὢνιον,
3101 3949 3452 4028 λογοπραγεϊ,
3524 3947 3663 4005 ἀλλὰ
3703 3949 3763 4005 τὸ
3818 3945 3865 4012 ἐξ

2232 4037 2400 4095 ὄντων
2466 4041 2553 4096 καὶ
2611 4038 2663 4106 ἐξ
2717 4040 2812 4097 οὒκ
2868 4038 3031 4096 ὄντων
3065 4040 3135 4101 είς
3185 4040 3411 4109 ζήτησιν
3454 4038 3590 4114 μετᾶ
3627 4044 3733 4094 τῶν
3762 4037 3868 4093 ἐκεῖ

2236 4128 2621 4206 εὖρισκομένων
2690 4128 2985 4207 προτίθεται
3016 4143 3037 4161 ⁸
3108 4133 3264 4183 τοῦτο
3345 4127 3434 4182 καὶ
3491 4134 3579 4186 νῦν
3640 4125 3696 4182 ἐν
3749 4131 3868 4181 πᾶσι

2234 4217 2323 4272 καὶ
2380 4214 2464 4272 δια
2521 4217 2733 4274 πάντων
2775 4214 2970 4297 σχεδὸν
3014 4216 3236 4295 εὑρίσκω
3263 4214 3563 4294 γινόμενον,
3613 4216 3701 4270 καὶ
3741 4226 3868 4270 πατ-

2240 4302 2322 4367 δες
2372 4306 2470 4381 μὲν
2512 4305 2567 4371 ἐς
2624 4304 2994 4380 διδασκαλεῖα,
3051 4318 3301 4384 γυναῖκες
3343 4301 3397 4359 δὲ
3440 4303 3493 4360 έν
3553 4304 3644 4359 αἶ)
3676 4309 3873 4360 ποιοῦν-

498 4393 734 4475 colique
790 4395 1004 4474 gratia,
1050 4414 1285 4458 necnon
1335 4395 1614 4475 agricolae
1663 4393 1984 4475 casterique
2029 4389 2139 4463 alii1

2239 4413 2326 4449 ται
2384 4392 2774 4473 συνδιαγωγαῖς
2818 4397 2937 4470 μετ’
2980 4391 3227 4464 ἀλλήλων
3296 4390 3564 4459 ἧλακάτῆς
3595 4390 3750 4447 ἕνεκα
3794 4398 3874 4451 καὶ

496 4480 716 4545 vilibus
763 4483 1032 4546 artiﬁciis
1073 4483 1509 4554 addi:ti,unum
1546 4485 1723 4564 idque
1775 4483 1938 4565 prius
1967 4489 2024 4542 et
2055 4497 2139 4560 ρος

2238 4482 2519 4562 ἀτράκτου,
2554 4483 2630 4540 ἔτι
2678 4482 2732 4540 δὲ
2789 4485 3014 4562 γεωργοὶ
3059 4483 3149 4539 καὶ
3190 4479 3322 4539 ἄλλο
3361 4487 3462 4538 πᾶν
3520 4482 3694 4537 ὁτιοῦν
3751 4501 3874 4551 μετ·

497 4570 617 4634 tius
648 4569 893 4645 habent,
954 4571 1296 4652 dijudicare
1356 4582 1415 4635 et
1463 4574 1768 4654 inquirere
1815 4571 1891 4633 de
1928 4570 2025 4643 iis,
2058 4588 2135 4650 qu

2244 4569 2411 4634 ιόντες
2465 4572 2725 4649 βάναυσον
2806 4569 3155 4650 ἐπιτήδευμα,
3210 4569 3264 4626 ἕν
3310 4571 3449 4625 οὗτοι
3507 4569 3700 4633 πάντες
3781 4574 3876 4625 τῶν

501 4657 786 4740 Spiritum
835 4678 908 4723 ex
960 4660 1110 4724 Filio
1165 4661 1504 4724 adstruunt.
1567 4661 1792 4735 Quibus
1840 4660 2041 4740 itaque
2072 4668 2131 4720 tu

2245 4661 2381 4735 μετὰ
2423 4674 2617 4740 χεῖρας
2686 4661 2908 4718 τίθενται
2965 4659 3394 4739 προυργιαίτερον
3463 4657 3525 4714 τῦ
3594 4657 3876 4736 ἀνακρίνειν

495 4766 675 4829 quem
707 4750 895 4812 oratio
947 4749 1211 4830 judicem
1236 4751 1490 4832 appellat
1537 4761 1596 4811 et
1633 4749 2022 4830 cognitorem,
2054 4765 2139 4808 no:

2245 4750 2332 4805 καὶ
2375 4748 2844 4829 πολυπραγμονεῖν
2887 4751 3004 4829 περὶ
3059 4755 3163 4805 τῶν
3206 4748 3267 4804 ἐκ
3293 4754 3385 4805 τοῦ
3418 4749 3537 4805 ficii
3578 4748 3639 4803 τὸ
3677 4753 3876 4822 Πνεῦμα

496 4837 812 4918 subjacere
840 4839 1129 4918 opinaris,
1162 4839 1264 4921 qui
1312 4858 1345 4901 a
1404 4838 1759 4903 mulieribus
1821 4849 1879 4899 et
1932 4836 2136 4917 pueris

2244 4838 2387 4895 εἶναι
2431 4837 2720 4917 λεγόντων.
2781 4840 2840 4898 Τί
2883 4841 2972 4896 οὗν
3016 4839 3101 4918 σὺ,
3162 4834 3217 4894 όν
3273 4840 3302 4893 6
3357 4837 3540 4915 παρὼν
3567 4835 3696 4910 ἐμὸς
3728 4834 3878 4912 λόγος

496 4925 733 5008 alioque
749 4927 1523 4991 similiumhomuncionum
1560 4946 1785 5008 genere
1820 4926 1878 4988 in
1912 4945 2139 4988 examen

2242 4929 2314 4991 εἷς
2372 4927 2626 4996 δικαστὴν
2668 4925 3045 5008 προκαλετται,
3101 4929 3189 4984 καὶ
3248 4924 3607 5003 διαγνώμονα,
3656 4925 3878 5003 πάσχειν

496 5033 799 5087 vocamur,
825 5016 983 5099 quod
1010 5017 1295 5080 Romana:
1312 5026 1576 5079 nostram
1603 5016 1929 5080 Ecclesium
1962 5015 2139 5076 conci

2237 5018 2384 5092 ἡμᾶς
2444 5016 2573 5091 οἴει,
2646 5019 2748 5073 ὑπὸ
2803 5023 3089 5096 γυναικῶν,
3147 5017 3235 5073 καὶ
3300 5011 3521 5092 παίδων,
3581 5014 3668 5069 καὶ
3713 5011 3880 5069 ἄλλων

497 5103 644 5168 liare
676 5123 990 5187 conamur,
1024 5105 1174 5169 etab
1207 5125 1302 5181 eo,
1336 5105 1493 5188 quod
1552 5125 1657 5187 par
1713 5112 1826 5186 est,
1860 5125 1933 5167 ne
1967 5105 2139 5167 bilun

2238 5106 2491 5163 τοιούτων
2584 5105 3021 5185 ἀνακρινομένούς
3121 5103 3517 5185 ἁνθρωπαρίων,
3618 5100 3702 5180 ἐφ’
3799 5103 3880 5161 οἷς

501 5193 740 5274 quidem
773 5194 1066 5258 decedi-re
1097 5203 1398 5276 putamus,
1432 5195 1569 5258 licet
1596 5195 1684 5256 illi
1715 5195 1937 5270 dicant,
1971 5196 2158 5275 Spiri-

501 5289 623 5343 tum
658 5301 733 5344 ex
758 5283 932 5345 Patre
961 5292 1020 5346 et
1065 5284 1215 5349 Filio
1247 5285 1593 5366 procedere,
1631 5285 1818 5346 nostri
1849 5302 2017 5357 vero,
2053 5283 2155 5365 qui

502 5386 600 5431 res
618 5371 978 5453 theologiras
1010 5382 1411 5439 tractaverunt
1457 5374 1647 5438 sancti
1681 5373 1906 5447 Patres,
1937 5392 2008 5437 ex
2040 5372 2154 5434 Pa-

501 5467 592 5520 tre
622 5467 681 5521 et
709 5458 858 5543 Filio
889 5479 1024 5524 eum
1085 5480 1421 5543 emergere,
1482 5471 1769 5546 prmterea
1818 5462 2040 5527 eﬂ‘undi
2099 5470 2157 5524 et

502 5546 1079 5622 exsilire,nonnullis
1101 5551 1275 5613 etiam
1306 5553 1360 5612 in
1395 5552 1559 5628 locis,
1601 5552 1943 5616 naturaliter
1966 5561 2023 5612 et
2066 5568 2158 5613 es-

2238 5195 2402 5271 ἡμεῖς
2456 5200 2524 5271 τῇ
2598 5187 2878 5272 Ῥωμαϊκξ⁸
2921 5196 3020 5262 τὴν
3072 5194 3188 5251 καθ’
3231 5196 3372 5269 ἡμᾶς
3406 5188 3728 5257 Ἐκκλησίαν
3756 5191 3881 5247 ὓπε-

2237 5283 2483 5359 τιθέμεθα
2540 5281 2869 5358 σπένδεσθαι,
2923 5285 3007 5343 καὶ
3068 5291 3160 5341 τοῦ
3216 5282 3418 5346 εἰκότος
3474 5277 3641 5354 μηδὲν
3685 5279 3884 5337 οἴεσθαι

2237 5370 2627 5452 διαμαρτάνειν,
2696 5370 2781 5429 διὰ
2850 5375 3077 5439 ἐκείνους
3148 5395 3246 5449 μεν
3315 5370 3512 5449 λέγειν,
3573 5371 3635 5426 τὸ
3681 5375 3883 5446 Πνεῦμι

2237 5464 2250 5484 ν
2699 5464 2714 5481 ε
2887 5470 2906 5479 -
3202 5463 3215 5484 ,
3512 5460 3525 5475 ς
3660 5458 3704 5478 α,
3870 5457 3885 5476 .

2240 5483 2300 5520 εκ
2353 5463 2560 5542 Πατρὸς
2630 5484 2718 5519 και
2792 5465 2912 5520 riuo
2996 5463 3389 5543 ἐκπορευεσθαι,
3447 5480 3569 5522 τους
3655 5480 3711 5516 οε
3768 5483 3868 5540 παρ

2238 5552 2374 5625 ἡμῖν
2456 5548 2803 5628 θεολογικοὺς
2878 5552 3079 5616 πάντας
3179 5550 3354 5627 ἁγίως
3414 5547 3472 5604 ἐκ
3536 5552 3738 5628 Πατρὸς
3808 5550 3887 5606 καὶ
