4214 6296
250 241 435 310 4021ξ
1573 249 1577 254 ’
1610 228 1896 308 _D_E“‘LIB

1980 232 2035 294 ε
2065 236 2258 302 SUIS.
2288 250 2294 256 -
2558 252 2563 257 ο
3429 206 3435 211 ’
3477 232 3627 299 1022

244 379 454 456 θρωπον
484 372 633 438 εἰδὼς
676 371 939 454 φυλακὴν,
981 372 1046 431 «Εἰ
1073 368 1154 428 οδὲ
1195 370 1284 428 καὶ
1350 371 1442 427 τὸν
1467 406 1469 408 -
1497 372 1596 436 τῆς
1643 366 1894 446 ἀντιγρα-

1982 378 2276 442 cessitatis
2303 395 2536 442 causam
2567 376 2720 440 bene
2768 374 2875 440 tibi
2932 383 3128 439 notam
3179 387 3391 438 smitam
3449 380 3630 455 atque

250 469 354 546 φῆς
400 465 560 531 αὐτῆς
617 462 777 543 λόγον
831 460 1027 524 ἱθέλεις
1084 463 1270 518 μαθεῖν
1338 466 1491 518 τοῦτο
1547 457 1895 546 μεταποίησιν

1980 466 2362 530 inhumanam
2394 466 2922 540 custodiam.Quod
2955 465 3004 528 si
3033 463 3453 544 exscriptionis
3480 483 3624 544 quo-

247 543 480 636 γίνωσκε
521 553 664 610 εἶναι
725 550 939 609 πολλῶν
1007 549 1102 636 τῆς
1161 550 1503 629 πρωτοτύπου
1554 543 1734 623 βίϐλου
1788 567 1889 620 με·

1980 575 2093 635 que
2121 556 2410 618 rationem
2441 557 2778 636 intelligere
2806 555 3122 636 aves,scito
3147 543 3278 616 eam
3311 571 3427 615 non
3445 543 3623 614 aliam

248 644 376 722 ρῶν.
442 631 567 700 υ1να
609 643 659 698 τί
711 640 979 720 γένηται;
1029 629 1153 698 ιἸνα
1221 638 1340 696 τινὰ
1380 638 1487 694 τῶν
1533 637 1886 709 οἰκονομικω-

243 731 410 811 τέρων
478 733 614 806 ἡμῖν
670 729 724 787 ἐν
792 735 863 806 τῇ
916 729 1245 808 πρωτοτὺπτρ
1284 725 1450 804 βίϐλῳ
1501 722 1888 803 διαληφθέντων

245 822 350 878 ὑπὸ
416 826 522 877 τῶν
586 818 640 876 ἐν
713 817 1021 898 ἀντιγράφω
1089 814 1473 895 ἀκριϐεστέρων
1543 814 1706 893 σχοίη
1787 813 1888 880 τὴν

250 907 544 990 διόρθωσιν.

326 1166 402 1253 β’.
435 1173 582 1234 Ἐπεὶ
613 1175 712 1254 γαρ
741 1178 803 1232 τὸ
831 1173 916 1232 διὰ
962 1175 1157 1239 παντὸς
1187 1180 1279 1232 τοῦ
1307 1173 1440 1228 κατὰ
1471 1176 1574 1226 τῶν
1617 1174 1716 1236 τῆς
1746 1169 1888 1234 άλη-

244 1265 387 1328 θείας
438 1265 646 1343 ἐχθρῶν
715 1263 920 1342 ἀγῶνος
983 1263 1120 1336 ημῖν
1189 1258 1656 1340 περισπούδαστον,
1715 1257 1890 1314 ἐκεῖνό

1972 645 2184 718 fuisse,
2220 664 2394 726 quam
2445 646 2734 726 prototypi
2768 644 2966 706 multis
2995 643 3052 706 in
3087 641 3353 723 partibus
3396 641 3623 703 immu-

1975 733 2281 796 tationem.
2316 736 2581 808 Quonam
2615 753 2754 796 vero
2783 747 2844 796 et
2865 751 3046 813 scopo
3077 742 3135 793 et
3165 731 3314 795 line?
3332 729 3406 794 Ut
3431 733 3608 806 ﬁnon-

1974 823 2155 902 nulla,
2189 825 2386 905 quein
2419 833 2728 904 prototypo
2757 843 2792 885 a
2823 822 2994 884 nobis
3046 821 3118 882 ad
3177 839 3296 900 res,
3327 838 3458 901 qua;
3487 829 3610 880 tum

1971 912 2282 991 urgebant,
2315 911 2820 976 accommodatius
2865 917 3216 991 pertractata
3256 910 3506 976 fuerant.
3540 907 3613 969 ab

1969 999 2043 1060 iis
2072 1019 2206 1081 quae
2238 1003 2295 1062 in
2322 1001 2644 1083 exemplari
2675 999 3074 1070 continentur,
3102 999 3435 1060 accuratius
3480 1015 3620 1060 cor-

1972 1089 2332 1168 rigerenlur.

2053 1180 2113 1237 εὶ.
2147 1180 2290 1240 Cum
2340 1178 2498 1239 enim
2561 1179 2619 1239 in
2678 1177 2971 1239 universis
3017 1175 3300 1237 adversus
3346 1175 3621 1236 veritatis

1976 1266 2177 1327 hostes
2206 1267 2635 1328 certaminibus
2692 1266 2836 1326 illud
2897 1283 3016 1343 prae
3048 1265 3324 1325 omnibus
3378 1281 3614 1324 summo

245 1375 308 1432 γε
338 1360 432 1426 ἣν,
463 1355 525 1410 τὸ
553 1353 724 1409 πάντα
753 1353 818 1408 τὰ
874 1349 1000 1432 παρ’
1057 1352 1226 1408 αὗτῶν
1281 1349 1368 1407 ἐπὶ
1418 1346 1641 1423 διαϐολῇ
1674 1353 1764 1403 τοῦ
1796 1349 1889 1424 ὁρ-

1980 1355 2170 1414 studin
2199 1363 2334 1416 ante
2367 1355 2573 1416 oculos
2604 1355 2805 1428 fuerit,
2837 1371 3204 1434 quascunque
3262 1352 3346 1412 illi
3397 1361 3621 1412 rectum

244 1447 337 1501 θοῦ
392 1443 768 1519 προτεινόμενα
824 1440 1090 1519 δόγματος
1152 1441 1229 1514 μὴ
1299 1451 1422 1500 ταῖς
1477 1437 1709 1514 οἷ’κοθεν,
1757 1433 1893 1490 ἀλλὰ

1980 1443 2188 1517 dogma
2219 1443 2604 1505 criminantes
2636 1433 3069 1524 proponebant,
3103 1460 3220 1502 non
3251 1459 3320 1503 ex
3370 1440 3624 1521 propriis

245 1531 374 1594 ταῖς
420 1530 480 1586 ἐκ
566 1536 673 1586 τῶν
715 1535 983 1608 πατρικῶν
1036 1528 1319 1606 θεολογιῶν
1387 1528 1610 1589 ἒννοῖαις
1668 1523 1888 1603 ἂνατρέ-

1980 1531 2076 1592 sed
2111 1550 2177 1593 ex
2231 1532 2467 1594 Patrum
2528 1523 2880 1612 theologicis
2935 1529 3246 1593 sententiis
3299 1549 3367 1591 ac
3420 1529 3616 1600 dictis,

246 1641 366 1676 πειν
415 1620 503 1675 γαὶ
551 1616 799 1690 διαλύειν,
851 1618 948 1674 κᾶν
1004 1640 1105 1674 που
1155 1619 1244 1674 καί
1298 1638 1439 1679 τινος
1493 1616 1629 1689 ἡμῖν
1686 1615 1888 1670 οἰκονο-

1980 1619 2252 1684 refellere
2279 1641 2347 1682 ac
2395 1621 2747 1694 dissolvere,
2783 1633 2840 1683 et
2887 1621 3076 1682 sicubi
3106 1621 3444 1681 oeconomia
3473 1635 3623 1698 opus

246 1710 372 1782 μίας
402 1706 593 1786 δεήσῃ,
666 1708 756 1764 καὶ
820 1709 1015 1774 ταύτην
1071 1707 1147 1780 μὴ
1206 1707 1267 1761 ἂν
1305 1703 1477 1766 ἄλλως
1508 1704 1545 1772 ἢ
1603 1704 1739 1760 κατᾶ
1796 1703 1891 1777 μί-

1980 1720 2153 1790 esset,
2213 1711 2486 1772 eamdem
2537 1711 2775 1773 illorum
2832 1709 3232 1780 azmulatione,
3281 1708 3440 1768 circa
3496 1724 3626 1786 quas

248 1819 412 1872 μησιν
481 1803 588 1854 τῶν
680 1797 896 1860 ἐκείνοις
979 1795 1425 1868 οἰκονομηθέντων
1509 1792 1893 1873 μεταχειρίσα-

1980 1799 2368 1860 mconomiam
2421 1807 2819 1881 usurparunt,
2872 1799 3041 1877 sequi
3097 1795 3616 1877 (quemadmodum

247 1889 366 1944 σθαι
401 1885 498 1966 (ὡς
553 1886 654 1964 γὰρ
711 1887 740 1941 ὃ
806 1885 904 1953 τῆς
961 1883 1233 1962 θεολογίας
1305 1882 1422 1960 ὅρος
1480 1904 1537 1939 τε
1579 1885 1664 1938 καὶ
1721 1883 1894 1938 κανὼν

247 1973 484 2054 ἄντικρυς
552 1976 862 2054 Γρηγόριος,
947 1974 983 2041 ἦ
1066 1979 1158 2030 τοῦ
1239 1973 1537 2046 πνεύματος
1594 1969 1892 2044 ἀνάπαυλα,

247 2065 376 2146 ἔφη,
421 2063 536 2123 οὒδέ
576 2066 671 2127 τὰς
715 2063 1002 2144 ἐλαχίστας
1070 2061 1281 2142 πράξεις
1339 2060 1454 2137 εἷκῇ
1509 2058 1892 2126 σπουδασθῆναι

246 2168 367 2212 τοῖς
423 2155 756 2233 ἀναγράψασι
801 2153 1008 2232 γέγονε,
1096 2154 1182 2209 καὶ
1252 2151 1414 2231 μέχρι
1488 2157 1580 2207 τοῦ
1637 2149 1894 2228 παρόντος

247 2245 440 2320 μνήμῃ
510 2241 885 2322 διασωσθῆναι,
959 2238 1078 2297 ἀλλ’
1137 2238 1211 2298 ἶν’
1267 2243 1430 2316 ἡμεῖς
1488 2238 1701 2318 ἔχωμεν
1759 2239 1893 2294 ὑπο-

248 2334 500 2408 μνήμανα
528 2331 614 2388 καὶ
657 2328 986 2405 παιδεύματα
1027 2336 1134 2386 τῶν
1164 2329 1386 2405 ὁμοίω-ι,
1444 2327 1498 2384 εἴ
1551 2347 1678 2384 ποτε
1752 2348 1893 2402 συμ-

248 2423 397 2479 πέσοι
427 2422 608 2492 καιρὸς
649 2417 1002 2494 διασκέψεως,
1075 2419 1196 2474 οἷον
1253 2417 1435 2475 κανόσι
1484 2419 1588 2473 τισὶ
1655 2416 1745 2472 καὶ
1798 2417 1897 2472 τύ-

247 2532 370 2574 ποις
420 2522 536 2573 τοῖς
581 2505 934 2585 προλαϐοῦσιν
974 2509 1225 2582 ὶπόμενοι
1285 2503 1728 2585 παραδείγμασιν)
1782 2502 1898 2560 οὔτε

245 2600 310 2656 τὸ
343 2598 692 2672 οἰκονομικῶς
729 2598 899 2653 εἰπεῖν
928 2619 1047 2653 τινα
1103 2596 1238 2653 κατὰ
1279 2597 1460 2674 καιρὸν
1511 2592 1896 2673 παρελεῖπομεν

247 2689 339 2743 τὸν
395 2687 758 2766 προσήκοντα,
829 2684 943 2742 οὔτ’
996 2687 1155 2743 αὖτοῦ
1212 2695 1396 2765 καιροῦ
1463 2684 1562 2752 τὴν
1630 2681 1896 2762 ἆκριϐειαν

246 2777 620 2850 ἀπαιτοῦντος,
653 2780 847 2843 ταύτην
890 2775 1230 2851 παρείδομεν.

328 2855 403 2944 γ’.
453 2867 645 2924 Abt-ix:
673 2869 733 2922 τὸ
775 2865 826 2931 ἐξ
869 2865 1048 2944 ἀρχῆς
1106 2866 1324 2938 πρώτην
1385 2863 1689 2938 οἰκονομίαν
1758 2859 1898 2927 ἔδοξε

250 2953 551 3030 μετελθεῖν,
583 2953 664 3010 ὅτι
704 2974 764 3031 γε
821 2957 868 3010 οἱ
925 2955 1022 3022 τῆς
1078 2952 1326 3021 ἀληθείας
1369 2952 1548 3031 ἐχθροὶ
1610 2952 1676 3008 τὰ
1745 2951 1898 3029 μωρὰ

1976 1888 2135 1949 enim
2171 1889 2484 1968 theologia:
2536 1907 2683 1968 apex
2735 1898 2796 1951 et
2838 1885 3044 1965 regula
3089 1904 3226 1947 vere
3277 1884 3618 1961 Gregorius.

1977 1976 2336 2056 spiritusque
2390 1980 2617 2038 mansio
2675 1977 2820 2039 dixit
2852 2025 2867 2047 ,
2923 1975 3204 2036 minimos
3258 1974 3524 2035 actiones
3589 1992 3622 2032 a

1977 2067 2365 2144 scriptoribus
2413 2084 2528 2130 non
2587 2084 2720 2128 esse
2776 2075 3002 2127 temere
3033 2064 3255 2143 scripto
3285 2061 3627 2133 traditas,et

1977 2155 2049 2215 ad
2081 2155 2204 2216 haac
2239 2173 2426 2236 usque
2459 2163 2728 2234 tempora
2757 2156 3046 2216 memoria
3075 2163 3478 2224 conservatas,
3511 2151 3616 2212 sed

1977 2251 2041 2303 ut
2078 2261 2186 2302 nos
2216 2255 2278 2303 et
2307 2245 2754 2324 commentaria,
2789 2251 2849 2306 et
2896 2260 3099 2304 rerum
3128 2239 3412 2302 similium
3453 2240 3624 2302 rudi-

1979 2342 2178 2393 menta
2208 2332 2586 2406 haberemus,
2621 2342 2675 2394 et
2698 2333 2747 2393 si
2773 2331 3011 2414 quando
3039 2329 3416 2392 consultandi
3467 2337 3622 2390 tem-

1985 2439 2094 2500 pus
2122 2422 2478 2494 occurrerit,
2507 2421 2685 2482 veluti
2716 2421 2948 2500 regulas
2977 2419 3286 2500 quasdam,
3318 2425 3378 2478 et
3408 2435 3620 2478 exem-

1984 2509 2170 2589 plaria
2193 2511 2386 2591 aliqua
2416 2528 2548 2590 qua:
2577 2518 3024 2590 praecesserant,
3073 2513 3487 2588 sequeremur)
3517 2524 3628 2567 ne-

1982 2618 2096 2678 que
2125 2598 2496 2661 mcouomice
2527 2599 2823 2679 digerere,
2859 2616 3053 2680 neque
3083 2615 3215 2658 cum
3252 2605 3485 2676 tempus
3515 2613 3621 2656 ex-

1981 2687 2258 2768 quisitam
2292 2706 2491 2750 rerum
2517 2688 2933 2751 tractationem
2986 2687 3273 2766 exigeret,
3306 2703 3437 2748 eam
3470 2693 3584 2746 tem
3611 2717 3625 2729 -

1983 2794 2128 2857 pore
2161 2785 2498 2856 opportuno
2529 2777 2919 2854 negleximus.

2061 2868 2121 2926 3.
2149 2863 2219 2926 Et
2245 2866 2437 2925 statim
2466 2864 2541 2926 ab
2572 2866 2740 2927 initio
2780 2866 3026 2946 primam
3060 2865 3212 2926 hanc
3240 2862 3628 2925 oeconomiam

1983 2955 2152 3035 sequi
2183 2955 2367 3016 visum
2415 2965 2521 3018 est.
2558 2957 2702 3019 Cum
2736 2957 2894 3017 enim
2935 2955 3195 3017 veritatis
3226 2956 3427 3017 hostes
3457 2972 3625 3015 vesa-

248 3044 339 3100 καὶ
396 3041 564 3118 ἄλογα
633 3040 813 3112 πλήθη
878 3039 929 3108 ἐξ
997 3043 1225 3121 ἀρχαίας
1287 3039 1480 3103 εἰδότες
1551 3038 1896 3118 προλήψεως,

1987 3061 2144 3117 nam,
2215 3062 2326 3104 nec
2373 3044 2621 3106 rationis
2677 3053 3011 3124 compotem
3053 3043 3493 3105 multitudinem
3520 3043 3632 3104 sci-

254 3130 388 3188 ἐπὰν
473 3129 757 3188 ἀκούσειαν
814 3131 870 3187 ἐγ
945 3133 1148 3209 Πατρὸς
1218 3132 1306 3188 καὶ
1377 3133 1498 3186 ι’ἱοῦ
1572 3130 1632 3184 τὸ
1691 3133 1900 3202 Πνεῦμα

256 3220 692 3298 ἐκπορενόμενον,
765 3221 853 3276 καὶ
909 3241 1039 3299 προς
1111 3221 1282 3294 μόνην
1339 3217 1746 3298 δυσχεραίνοντα
1806 3217 1903 3283 τὴν

255 3310 459 3390 φωνὴν,
493 3308 637 3366 αὖτοὶ
688 3308 783 3383 μὲν
837 3310 910 3373 ὡς
966 3311 1064 3376 τὴν
1121 3312 1184 3364 ὲκ
1239 3309 1442 3386 Πατρὸς
1485 3309 1574 3364 καὶ
1631 3305 1752 3363 Υξοῦ
1809 3304 1902 3360 ὲκ-

261 3399 506 3476 πόρευσιν
562 3407 655 3457 τοῦ
723 3399 1028 3472 Πνεύματος
1083 3397 1336 3476 λέγοντας
1384 3399 1553 3475 ἡμᾶς,
1622 3397 1711 3452 καὶ
1752 3393 1900 3451 διδά-

257 3508 480 3552 σκοντας
547 3483 942 3566 διαϐάλλοντες,
1014 3489 1166 3544 τοῦτο
1222 3484 1297 3566 δὲ,
1339 3486 1401 3541 τὸ
1461 3485 1746 3565 πρόχειρον
1801 3489 1898 3549 τῆς

253 3573 368 3633 καθ’
422 3574 578 3650 ἡμῶν
637 3565 1222 3642 inmodicos-1:008“.
1287 3565 1478 3649 Ἠμετς
1536 3571 1591 3629 δὲ
1650 3572 1764 3630 δέον
1842 3573 1900 3628 ὃν

256 3669 353 3731 τῆς
410 3663 585 3744 φωνῆς
641 3666 784 3739 ἡμας
840 3666 1033 3731 ταύτης
1102 3664 1442 3744 ἀντέχεσθαι,
1501 3665 1588 3720 καὶ
1643 3661 1728 3719 ἐπὶ
1800 3685 1898 3720 συ-

256 3752 438 3809 στάσει
508 3753 702 3820 ταύτης
751 3752 1156 3833 ἂντιπροτείνειν
1214 3755 1382 3811 ὁπόσα
1465 3755 1494 3809 ὁ
1548 3751 1898 3828 ἠγαπημένος

255 3843 344 3898 καὶ
429 3840 730 3911 ἒπιστήθιος
814 3843 1208 3920 Εὖαγγελιστὴς
1273 3841 1328 3896 ἒν
1413 3848 1481 3918 τῇ
1537 3838 1899 3915 Ἀποκαλύψει

255 3929 316 3987 ἔκ
360 3931 564 4010 Πατρὸς
620 3931 708 3987 καὶ
764 3929 884 3987 Υἱοῦ
939 3928 1116 3996 δηλῶν
1157 3933 1219 3987 τὸ
1275 3937 1484 4004 Πνεῦμα
1542 3929 1899 4008 ἐκπορευόμε-

256 4041 368 4093 νον,
400 4017 528 4098 ἔφη,
575 4017 710 4074 ἄλλᾶ
758 4019 828 4087 κὴ
883 4020 971 4075 καὶ
1024 4019 1123 4076 ὅσα
1177 4017 1312 4075 ἄλλα
1371 4023 1469 4085 τῆς
1527 4023 1738 4097 Γραφῆς
1769 4019 1901 4095 ῥητὰ

253 4108 353 4174 τὴν
400 4107 461 4164 ἐκ
510 4109 712 4185 Πατρὶς
767 4109 856 4164 καὶ
911 4110 1033 4164 Υἶοῦ
1103 4108 1409 4186 ἐκπόρευσιν
1452 4105 1714 4184 ἂριδήλως
1784 4105 1904 4162 δια-

1986 3131 2226 3206 rent,ob
2256 3133 2722 3214 antiquam,quae
2751 3133 2937 3212 ipsam
2969 3131 3632 3212 prinoccupaveratmpi-

1988 3221 2405 3293 nionem,dum
2439 3223 2706 3283 audite:
2727 3221 3454 3299 Patre,etFilioSpiritum
3487 3238 3626 3298 pro-

1988 3310 2332 3389 cedere,vel
2362 3310 2546 3371 solam
2583 3312 2770 3390 ipsam
2802 3328 3007 3372 vocem
3031 3309 3420 3371 intoleranter
3447 3309 3626 3376 ferre,

1991 3417 2216 3479 nosque
2248 3399 2580 3472 Criminari,
2610 3400 2710 3479 qui
2742 3419 2811 3461 ex
2837 3397 3007 3461 Patre
3032 3409 3091 3462 et
3121 3399 3270 3463 Filio
3293 3398 3632 3479 processio-

1987 3498 2214 3562 nem,et
2234 3489 2688 3561 affirmamus,et
2703 3489 2853 3550 alios
2873 3489 3380 3562 edocemus,banc
3391 3505 3630 3548 suorum

1983 3586 2297 3639 conatuum
2329 3585 2536 3638 contra
2565 3596 2671 3638 nos
2691 3595 2894 3639 ansam
2920 3576 3440 3659 arripueruntznos
3468 3594 3629 3652 vero,

1985 3685 2120 3727 cum
2149 3665 2366 3728 dictam
2399 3684 2602 3727 vocem
2633 3665 2928 3727 sustinere
2956 3675 3131 3746 atque
3163 3665 3489 3727 defendere
3521 3663 3629 3724 dc-

1984 3755 2285 3830 beremus,
2321 3763 2382 3816 et
2410 3756 2466 3814 in
2498 3754 2663 3816 illius
2689 3756 3036 3836 probatione
3065 3765 3272 3818 contra
3329 3771 3634 3834 Opponere

1982 3863 2348 3925 quaecunque
2377 3845 2653 3916 dilectus,
2683 3853 2740 3905 et
2769 3845 2868 3926 qui
2892 3847 2952 3908 in
2981 3853 3181 3926 pectus
3205 3842 3440 3906 Domini
3458 3860 3629 3903 recu-

1983 3933 2501 4013 buu,evaugelista
2529 3933 2589 3994 in
2623 3934 3002 4015 Apocalypsi,
3055 3953 3124 3996 ex
3181 3933 3356 3996 Patre
3393 3939 3452 3994 et
3482 3931 3634 3995 Filio

1982 4023 2268 4102 Spiritum
2294 4023 2619 4103 procedere
2648 4033 2943 4095 astruens,
2977 4023 3148 4098 dixit;
3183 4023 3302 4083 imo
3331 4030 3388 4082 et
3408 4019 3638 4100 reliqua

1989 4111 2310 4192 Scriptura:
2337 4115 2536 4172 omnia
2566 4110 2748 4185 dicta,
2783 4130 2915 4189 quas
2941 4130 3012 4174 ex
3041 4111 3213 4173 Patre
3237 4120 3295 4172 et
3313 4110 3463 4174 Filio
3506 4127 3639 4189 pro-

257 4209 464 4272 τρανοῒ,
505 4194 536 4250 ἂ
593 4197 764 4252 πάντα
821 4195 1024 4252 ε’ἷσεται
1058 4197 1086 4252 ὀ
1136 4198 1448 4269 ζητητικὸς,
1494 4195 1548 4251 ἐν
1613 4208 1698 4259 οῖς
1744 4196 1896 4270 ἡμεῖς

1989 4199 2324 4262 cessionem
2343 4199 2656 4260 manifeSto
2673 4201 3033 4279 exprimunt,
3061 4211 3120 4262 et
3145 4204 3315 4278 plane
3339 4216 3411 4260 ea
3438 4196 3638 4258 omnia

256 4285 356 4352 τὴν
397 4283 692 4362 ἀντίῤῥησιν
721 4291 814 4341 τού
843 4281 1059 4341 δεκάτου
1103 4283 1256 4342 ’έκτου
1307 4292 1414 4341 τῶν
1471 4290 1564 4340 τοῦ
1634 4285 1896 4362 Μοσχάμ-

1991 4288 2320 4368 comperiet
2349 4288 2622 4348 curiosus
2655 4287 2712 4347 in
2739 4289 2832 4368 iis,
2859 4306 2988 4368 qua:
3022 4307 3129 4348 nos
3153 4289 3435 4348 adversus
3464 4285 3631 4346 deci—

263 4395 373 4450 παρ
428 4370 813 4454 ἐσχεδιάσαμεν
883 4372 1204 4451 κεφαλαίων,
1251 4381 1405 4429 τοῦτο
1460 4373 1556 4448 μὲν
1599 4372 1702 4452 οὔχ
1762 4372 1896 4428 ἐτοξ-

1991 4397 2150 4438 mum
2183 4385 2410 4438 sextum
2447 4376 2914 4457 Moschumparis
2945 4385 3119 4456 caput
3148 4375 3638 4446 dictavimus,hoc

259 4485 376 4537 μως
430 4461 566 4537 ἦμεν
616 4463 911 4540 ποιοῦντες,
940 4465 1002 4518 τό
1044 4459 1098 4518 δὲ
1157 4463 1286 4534 πρὸς
1340 4463 1439 4530 τὴν
1493 4461 1556 4518 ἒκ
1609 4463 1807 4540 Πατρὸς
1839 4459 1896 4516 δι¹

1992 4485 2110 4527 non
2145 4465 2220 4525 ita
2247 4483 2542 4545 propenso
2571 4465 2770 4525 animo
2803 4466 3069 4537 fecimus,
3101 4473 3162 4527 ut
3185 4483 3318 4525 cum
3366 4482 3435 4524 ex
3468 4462 3638 4524 Patre

259 4554 383 4608 Υἱοῦ
436 4550 745 4628 ἔκπόρευσιν
807 4549 1176 4629 ἀναντίρρητον
1250 4550 1627 4614 κατανοοῦντες
1715 4549 1896 4624 αὒτῶν,

1993 4574 2098 4636 per
2117 4554 2330 4616 Filium
2366 4553 2806 4635 processionem
2839 4555 2988 4616 adeo
3022 4553 3413 4625 manifestam,
3447 4561 3510 4612 ut
3554 4551 3635 4612 illi

257 4640 346 4696 καὶ
394 4639 593 4704 ταύτην
645 4636 814 4713 μηδὲν
855 4643 954 4705 τῆς
1028 4637 1080 4704 ἐξ
1137 4639 1338 4718 ἀμφοῖν
1407 4636 1667 4718 διαφέρειν
1722 4637 1896 4696 εἰδότα

1995 4643 2321 4708 contradici
2371 4651 2647 4724 nequeat,
2682 4643 3168 4722 intelligeremus.
3209 4659 3458 4722 eamque
3489 4640 3634 4701 nihil

255 4728 329 4792 ὡς
402 4724 657 4805 ἀκριϐῶς,
718 4726 868 4784 αὐτοί
923 4727 1024 4802 μὲν
1093 4729 1192 4794 τὴν
1248 4727 1308 4783 ἐκ
1381 4730 1586 4806 Πατρὸς
1666 4725 1735 4783 δι’
1794 4729 1896 4784 Υἱοὶ

1993 4733 2068 4795 ab
2096 4749 2188 4812 ea,
2220 4750 2352 4813 quae
2381 4741 2470 4792 est
2501 4751 2569 4792 ex
2597 4742 2849 4814 utroque
2877 4730 3422 4812 diﬂ'erre,apprime
3451 4731 3636 4791 scire-

255 4814 563 4895 ικπόρευσιν
614 4815 878 4896 στέργειν,
943 4817 1031 4873 καὶ
1075 4814 1398 4895 πρεσϐεύειν,
1447 4821 1544 4883 την
1600 4814 1656 4872 δὲ
1707 4814 1896 4872 καταλ-

1999 4841 2153 4893 mus,
2189 4839 2297 4882 nos
2331 4839 2398 4882 ex
2434 4823 2604 4883 Patre
2637 4839 2742 4900 per
2771 4820 2983 4884 Filium
3010 4819 3451 4901 processionem
3500 4837 3636 4879 am-

255 4902 428 4981 λαγην
484 4911 591 4961 τῶν
665 4902 716 4970 ἐξ
773 4906 975 4984 ἀμφοῖν
1046 4905 1308 4983 λεγόντων
1365 4907 1528 4972 ςιῦτὴν
1571 4903 1654 4961 διὰ
1710 4907 1770 4962 τὸ
1811 4905 1896 4972 τῆς

2000 4911 2202 4991 plecti,
2231 4919 2288 4970 et
2313 4927 2609 4984 asserere,
2641 4909 3003 4990 illisque-qui
3053 4927 3126 4971 ex
3166 4919 3418 4989 utroque
3476 4907 3635 4968 illam

253 4993 306 5060 ἒξ
389 4993 477 5050 καὶ
543 4991 628 5049 διὰ
696 4992 1029 5075 ἷσοδύναμον,
1106 4993 1480 5064 ἀνεπιλήπτως
1563 4996 1896 5068 ποιήσασθαι,

1991 5009 2609 5079 asseverant,proptcr
2632 4998 3110 5079 praepositionum
3134 5015 3212 5060 ea:
3233 5007 3286 5059 et
3309 5013 3425 5076 per
3468 5014 3642 5079 pares

254 5080 451 5138 πλατεῖ
519 5087 597 5152 τῷ
647 5082 876 5157 στόματι
922 5082 1456 5162 ἐπαῤῥησιαζόμεθα-⁶
1515 5083 1694 5163 ὥσπερ
1751 5083 1814 5140 ἂν
1863 5085 1896 5140 εἷ

1987 5100 2058 5142 ec
2087 5080 2344 5160 aequales
2364 5077 2540 5157 vires,
2570 5077 2794 5139 nullum
2830 5080 2980 5140 ltesaa
3011 5079 3148 5140 fidei
3197 5079 3424 5138 crimen
3461 5077 3642 5153 iuari,

252 5171 340 5227 καὶ
383 5171 412 5226 ὀ
482 5169 650 5248 μέγας
707 5168 1015 5238 Ἀθανάσιος
1057 5175 1198 5250 παρὰ
1240 5180 1344 5230 τῶν
1376 5174 1468 5237 τὰς
1545 5174 1693 5251 τρεῖς
1777 5175 1896 5230 ὑπο-

1987 5177 2193 5250 aperto
2225 5186 2328 5229 ore
2370 5167 2814 5248 profiteremur:
2858 5168 2941 5228 uti
2977 5185 3227 5245 magnus
3253 5167 3633 5234 Athatias;tis,

255 5259 467 5322 στάσεις
557 5258 820 5337 λεγόντων
907 5257 1362 5341 διενοχλούμενος,
1432 5263 1506 5325 ὡς
1594 5262 1671 5336 μὴ
1720 5261 1896 5325 καλῶς

1986 5259 2122 5321 licet
2153 5256 2229 5318 ab
2252 5256 2323 5317 iis
2344 5255 2444 5337 qui
2465 5266 2585 5316 tres
2600 5257 2943 5336 hypostases
2964 5255 3632 5334 diccbant,turliaretur.

252 5344 404 5416 δῆθεν
431 5358 529 5414 τήν
561 5349 691 5426 πρὸς
721 5348 839 5411 τοὺς
892 5349 1016 5424 μίαν
1068 5351 1265 5416 ταύτην
1320 5357 1633 5428 φρονοῦντας
1691 5349 1894 5408 καταλ-

1981 5347 2144 5430 quasi
2178 5364 2296 5406 non
2332 5344 2484 5406 bene
2512 5363 2647 5405 cum
2681 5343 2888 5425 iis,qui
2921 5362 3098 5405 unam
3138 5344 3298 5404 illam
3330 5341 3634 5410 tenebant,

249 5433 423 5513 λαγὴν
477 5436 872 5516 μετερχόμενος
928 5438 1050 5502 τοὺς
1105 5437 1508 5518 διενοχλοῦντας
1560 5439 1759 5503 πάντας
1793 5438 1894 5515 ἐμ-

1981 5437 2326 5499 societatem
2361 5431 3026 5505 iniis.~et,infestantium
3051 5432 3314 5493 omnium
3343 5449 3446 5492 ora
3471 5449 3644 5491 com-

247 5524 491 5604 φράττειν
550 5525 732 5606 εἶχεν,
787 5527 860 5588 ὠς
916 5528 1070 5589 αὐτὸς
1125 5527 1223 5603 μὲν
1263 5532 1363 5595 τῆς
1408 5533 1510 5583 τῶν
1553 5533 1709 5606 τριῶν
1768 5530 1896 5604 ὁμοο

1981 5524 2322 5610 pressisset,
2355 5522 2404 5584 si
2435 5521 2844 5596 dixisset,sese
2865 5521 3038 5583 trium
3074 5521 3477 5604 bypostaseon
3513 5537 3643 5601 pro.
