4176 6290
285 347 439 419 1029

1659 337 2260 416 TESTAMENTUM.

3514 349 3670 426 t030

281 511 369 567 ρον
437 489 671 562 ἔχουσιν,
731 489 813 569 ὶφ⁹
869 494 917 566 ᾧ
983 489 1045 547 ἂν
1087 490 1176 546 καί
1244 485 1544 565 διαθῶνται,
1586 484 1708 542 ἀλλ’
1761 488 1833 552 ὥς
1885 486 1939 540 ἓν

2027 488 2339 554 testentur,
2366 475 2754 546 nihilominus
2784 481 2896 546 sub
2937 489 3271 550 testamenti
3302 490 3489 552 forma
3516 490 3667 554 faci-

279 579 427 650 τύπσρ
453 584 581 656 γοῦν
627 577 884 649 διαθήκης
966 579 1066 646 τὴν
1119 587 1213 636 τοῦ
1264 574 1601 653 ἐγκλήματος
1662 573 1935 653 ἑξάρνησιν

278 664 580 730 διατίθεται,
613 667 696 749 ἐφ’
828 667 889 724 ἐίν
931 689 1014 732 τις
1045 667 1186 741 αὐτῷ
1228 667 1315 721 καὶ
1366 663 1525 744 τύχοι
1584 663 1683 728 τὴν
1738 661 1934 740 ὲΞορίαν

277 757 369 812 καὶ
431 747 673 836 φυλακὴν
723 755 1119 818 καταδικασθείς
1155 776 1168 788 ·
1217 753 1474 831 ἐντεῦθεν,
1534 753 1715 826 οἶμαι,
1789 747 1936 806 οὐδὲν

275 845 776 924 πραγματευόμενοι
835 845 1010 924 ἕτερον
1069 844 1104 912 ἢ
1186 844 1249 900 τὸ
1315 841 1414 910 τῆς
1472 841 1810 918 κακουργίας,
1868 837 1936 894 δι’

275 934 341 1003 ἢν
415 937 463 991 οἱ
521 933 714 992 πολλοὶ
770 936 864 996 τὰς
951 934 1198 996 τοιαύτας
1269 928 1552 994 καταδίκας
1607 929 1932 1008 ὑφίστανται,

273 1020 685 1102 ἀποτριϐόμενοι
758 1023 984 1088 ὄνειδος.
1044 1022 1197 1097 Ἐμοὶ
1244 1018 1300 1077 δὲ
1402 1041 1480 1091 τῳ
1547 1023 1780 1091 ταπεινῷ
1848 1009 1936 1073 καὶ

275 1111 604 1191 ἁμαρτωλῷ,
674 1119 767 1171 τοῦ
809 1135 866 1169 τε
935 1112 1141 1188 θρόνου,
1202 1108 1259 1166 ὅν
1316 1121 1433 1169 τοῖς
1504 1105 1746 1185 ἀρρήτοις
1806 1106 1938 1161 θεοῦ

275 1201 524 1278 κρίμασιν
579 1200 806 1282 ἔλαχον,
875 1199 1178 1280 διωχθέντι,
1238 1199 1332 1262 τὰς
1385 1218 1443 1253 τε
1498 1195 1660 1274 μέχρι
1712 1193 1935 1250 θανάτου

277 1288 478 1368 ἒξορίας
585 1289 1042 1368 καταδικασθέντι,
1127 1288 1214 1344 καὶ
1311 1283 1545 1363 φυλακὰς
1629 1286 1689 1340 οὗ
1775 1282 1933 1357 μόνον

273 1375 429 1448 μέλει
459 1377 607 1436 οὓδὶν
637 1378 690 1434 ἓν
751 1381 906 1458 χρείᾳ
961 1376 1204 1457 γεγονότι
1247 1378 1478 1453 πτωχῆς
1533 1374 1620 1428 καὶ
1676 1375 1934 1449 πενιχρᾶς

273 1462 542 1534 διαθιῖκης
599 1469 662 1524 τὸ
717 1457 917 1524 τοότων
988 1488 1079 1540 μοι
1136 1465 1411 1541 παραίτιον
1476 1459 1722 1538 ’ἔγκλημα
1780 1457 1932 1536 ἐξαρ-

274 1557 564 1633 νήσασθαι,
615 1555 752 1613 ἀλλὰ
807 1558 893 1612 καὶ
934 1554 1092 1611 τόσον
1136 1552 1221 1610 διὰ
1265 1548 1499 1617 σπουδῆς
1559 1551 1594 1617 ἡ
1651 1546 1932 1626 ὁμολογία,

2017 589 2133 632 nus
2153 571 2470 653 abnegant,
2502 570 2578 632 ob
2609 574 2764 652 quod
2797 572 2858 634 in
2891 572 3192 656 exsilium,
3227 585 3328 638 aut
3361 597 3665 641 carcerem

2017 658 2442 734 deductisunt,
2499 681 2569 722 eo
2623 662 2997 723 solummodo
3046 682 3251 745 scopo,
3303 675 3366 727 ut
3396 669 3674 732 mafeticii

2021 749 2328 830 probrum.
2362 752 2533 830 cujus
2556 768 2731 812 causa
2779 750 2946 812 multi
2977 751 3205 814 similes
3235 772 3440 834 poenas
3479 757 3670 834 luunt,

2021 856 2089 899 ex
2117 858 2250 901 sese
2271 841 2573 921 abjiciant.
2621 839 2758 900 Mihi
2790 849 2986 901 autem
3019 841 3227 903 humili
3261 853 3319 904 et
3350 847 3672 924 peccatori,

2017 926 2212 1009 deque
2243 930 2410 1004 sede,
2445 948 2618 1009 quam
2679 929 2967 990 inetl‘abili
3000 930 3102 992 Dei
3133 932 3360 1009 judicio
3393 934 3674 998 obtinue-

2015 1033 2165 1091 ram,
2194 1019 2386 1098 pulso,
2419 1029 2476 1080 et
2498 1017 2746 1087 exsiliis.
2778 1026 2838 1078 et
2866 1019 3207 1082 carceribus
3237 1023 3308 1082 ad
3343 1033 3673 1086 extremum

2018 1122 2205 1187 usque
2263 1106 2539 1186 Spiritum
2592 1106 3011 1184 condemnato,
3075 1117 3298 1171 tantum
3360 1111 3556 1192 abest,
3611 1119 3676 1173 ut

2017 1213 2173 1255 cura;
2227 1195 2326 1266 sit,
2391 1214 2525 1256 cum
2579 1194 2866 1256 miserum
2925 1215 3224 1278 egensque
3257 1208 3674 1262 testamentum

2017 1284 2318 1345 conﬁcere
2348 1283 2624 1358 debeam,
2676 1293 2742 1344 ut
2792 1285 3086 1346 malorum
3119 1287 3263 1348 mihi
3297 1307 3561 1362 causam,
3593 1287 3670 1350 ob

2017 1372 2172 1454 quod
2198 1373 2256 1434 in
2276 1373 2571 1453 judicium
2592 1391 2791 1446 vocor,
2815 1373 3042 1436 crimen
3064 1375 3380 1454 abnegem,
3407 1379 3677 1441 utetiam

2017 1462 2212 1523 studio
2245 1463 2301 1522 id
2331 1463 2644 1537 atﬁrmem,
2685 1471 2744 1525 et
2773 1472 3037 1526 extrema
3073 1465 3284 1526 mortis
3316 1467 3676 1529 necessitate

2025 1569 2289 1632 pressus,
2326 1560 2509 1614 tester
2559 1562 2735 1634 atque
2792 1553 3104 1618 conﬁtear.
3164 1553 3680 1626 Quemadmodum

272 1643 357 1700 ὅτι
419 1647 512 1702 καὶ
599 1645 700 1713 τὴν
781 1643 1136 1702 ἐπιτελεύτιον
1201 1642 1409 1723 φθάνων
1501 1638 1764 1715 ἀνάγκην,
1847 1641 1936 1694 καὶ

2024 1639 2180 1700 enim
2206 1641 2341 1701 aliis
2357 1642 2430 1702 ad
2459 1641 2868 1704 amolitionem
2909 1641 3249 1717 dedecoris,
3277 1644 3558 1706 facinoris
3577 1643 3681 1706 ab-

272 1731 605 1814 διατίθεμαι,
664 1735 751 1791 καὶ
808 1737 1078 1811 ὸμολογῶ,
1129 1723 1221 1797 Ὠς
1265 1731 1363 1809 γὰρ
1419 1729 1541 1792 τοῖς
1604 1725 1784 1789 ἄλλοις
1865 1728 1937 1788 εἷς

2025 1728 2256 1804 negatio
2279 1729 2602 1809 plurimum
2628 1729 2766 1793 facit
2793 1749 2810 1806 ;
2851 1729 2941 1817 sic
2965 1730 3110 1791 mihi
3133 1732 3207 1792 ad
3231 1733 3506 1793 eumdem
3539 1751 3677 1795 sco-

270 1821 589 1891 ἆπασκευῆν
654 1821 880 1886 ὀνείδους
943 1833 1036 1882 τοῦ
1092 1822 1178 1878 ἐπὶ
1245 1820 1529 1898 κακουργῖᾳ
1585 1816 1678 1873 τοῦ
1735 1814 1936 1893 ἔγκλή-

2027 1834 2160 1892 pum
2187 1819 2494 1897 responsio
2527 1818 2797 1881 vertitur.
2832 1816 3080 1890 Quando
3112 1819 3272 1880 enim
3305 1837 3339 1880 a
3368 1821 3541 1883 Patre
3573 1839 3682 1900 per

271 1934 446 1988 ματος
499 1914 534 1980 ἦ
607 1913 924 1989 ὰπᾶρνησις,
1015 1915 1183 1976 οὕτως
1257 1910 1374 1985 ἐμοὶ
1439 1909 1570 1986 πρὸς
1639 1907 1729 1962 τὸν
1785 1906 1939 1961 αὒτὸν

267 2003 476 2058 σκοπὸν
520 2002 556 2068 ἡ
612 1999 894 2079 ἀεολογία.
940 1999 1094 2058 Ἐπεὶ
1164 2021 1262 2078 γαρ
1321 1999 1388 2053 τὸ
1451 1997 1548 2062 τῆν
1607 1993 1669 2050 ἐκ
1739 1995 1938 2072 [ἰατρὸς

271 2089 341 2145 δι’
403 2092 528 2146 Υἱοῦ
600 2088 908 2167 ἐκπόρευσιν
966 2092 1057 2146 τοῦ
1138 2089 1442 2162 Πνεύματος
1516 2091 1608 2142 τοῦ
1663 2085 1812 2161 ἁγίου
1882 2083 1942 2140 ἐκ

269 2180 484 2255 Πατρὸς
542 2175 608 2232 δι’
670 2179 788 2234 fio-3
855 2176 1074 2257 ὕπαρξιν
1155 2189 1397 2257 φρονεῖν,
1470 2176 1559 2230 καὶ
1640 2171 1939 2252 πρεσϐεύειν

271 2289 370 2341 με,
437 2265 690 2344 ἔγκλημα
761 2266 1006 2344 ἐλογίσθη
1078 2289 1168 2342 μοι
1239 2271 1338 2332 τῆς
1409 2271 1500 2319 τοῦ
1555 2271 1942 2341 πατριαρχικοῦ

270 2356 597 2420 ἐκπτώσεως
652 2357 860 2434 θρόνου,
921 2358 1008 2412 καὶ
1067 2362 1171 2414 τῶν
1223 2355 1309 2410 ἐπὶ
1370 2355 1534 2428 ταύτῃ
1578 2351 1677 2416 ἕως
1718 2352 1940 2407 θκνέτου

270 2446 520 2523 ἐξοριῶν,
579 2446 664 2501 καὶ
713 2444 957 2525 φυλακῶν
1016 2444 1180 2518 ἄξιον,
1226 2445 1285 2499 οὗ
1313 2443 1488 2521 φεύγω
1543 2442 1602 2495 τὸ
1662 2438 1932 2516 ἔγκλημα,

270 2534 372 2592 οὒκ
433 2536 768 2612 ὰπαρνολμαι
839 2537 912 2599 ὡς
971 2540 1185 2609 μῶμον,
1272 2534 1345 2595 ὡς
1403 2528 1597 2591 ὄνειδος
1643 2531 1736 2586 οὒκ
1792 2529 1932 2584 ἀπο-

269 2624 628 2697 σκευᾶζομαι.
701 2621 800 2679 κᾶν
856 2645 958 2680 τινι
1015 2621 1225 2687 ἐπάξιον
1268 2616 1489 2696 ὕϐρεως,
1549 2618 1657 2695 ἐγὼ
1696 2624 1934 2674 τοιοῦτον

269 2710 486 2790 ὕϐρεως
561 2711 816 2789 στέφανον
875 2709 1175 2767 ἀναδεῖσθαι
1219 2713 1313 2768 οὒκ
1371 2707 1752 2782 ἆπαναίνομαι.
1813 2713 1932 2769 Πῶς

270 2803 380 2880 γὰρ
473 2799 536 2855 ἂν
606 2803 694 2857 καὶ
763 2802 1095 2880 ἀρνησαίμην
1169 2797 1464 2873 ὀνειδισμὸν
1534 2796 1618 2853 ἐπὶ
1687 2793 1933 2872 δόγματι,

273 2890 418 2968 ὅπερ
473 2891 563 2946 καί
619 2891 691 2952 εἰς
720 2888 1015 2965 ὀνειδισμὸν
1050 2891 1204 2946 αὒτοῦ
1261 2894 1354 2944 τοῦ
1411 2892 1635 2963 Χριστοῦ
1676 2887 1723 2942 οἱ
1779 2883 1936 2939 ἀντι-

273 2977 542 3056 λέγοντες
599 2979 734 3053 ῆμῖν
803 2978 1254 3056 περιτρέπουσιν;
1343 2978 1400 3033 Εἰ
1457 2976 1556 3053 γὰρ
1623 2995 1741 3029 τινα
1797 2973 1938 3029 ὁνει·

2021 1901 2234 1964 Filium
2271 1906 2713 1981 processionem
2773 1903 3028 1986 Spiritus
3065 1907 3274 1984 sancti,
3312 1925 3345 1968 a
3368 1907 3540 1969 Patre
3575 1926 3681 1989 per

2022 1990 2234 2054 Filium
2270 1994 2672 2056 exsistentiam
2706 1995 2953 2076 sentire,
3005 2006 3063 2058 et
3096 2013 3365 2058 asserere
3393 1997 3678 2059 delictum

2027 2082 2310 2162 mihi,pro
2333 2103 2451 2164 quo
2471 2104 2503 2144 e
2525 2083 2919 2163 patriarchico
2952 2085 3102 2146 solio
3131 2085 3677 2167 depellerer,appi-

2022 2182 2180 2234 ctum
2220 2181 2332 2235 est.
2369 2172 2736 2254 dignumque
2794 2173 3004 2235 exsilio
3058 2183 3115 2235 et
3147 2192 3409 2248 carcere,
3462 2178 3678 2255 quibus

2023 2261 2259 2323 tandem
2288 2280 2321 2323 e
2346 2262 2458 2323 vita
2491 2266 2802 2324 traderer;
2831 2264 3063 2324 facinus
3095 2282 3211 2324 non
3241 2263 3530 2338 detrecto,
3559 2282 3678 2325 non

2021 2349 2258 2412 inﬁcior
2277 2361 2338 2412 ut
2370 2352 2777 2431 opprobrium.
2801 2360 2859 2414 et
2892 2352 3156 2414 dedecus
3179 2370 3297 2413 non
3317 2352 3592 2424 amolior,
3619 2360 3680 2414 et

2022 2438 2068 2498 si
2097 2439 2154 2500 in
2190 2459 2489 2520 quoquam
2549 2441 2798 2501 infamia
2847 2440 3092 2518 dignum
3152 2449 3482 2520 reputatur,
3519 2440 3678 2502 illius

2015 2522 2279 2590 infamia}
2313 2549 2530 2591 corona
2563 2531 2715 2608 cingi
2752 2530 3002 2591 minime
3053 2547 3292 2592 recuso.
3341 2528 3474 2602 Qua
3517 2528 3679 2590 enim

2015 2617 2142 2696 ipSe
2163 2621 2399 2679 ratione
2422 2619 2685 2680 dedecus
2709 2638 2813 2699 pro
2831 2619 3108 2697 dogmate
3127 2635 3493 2693 recusarem,
3519 2617 3679 2698 quod

2017 2705 2078 2765 in
2108 2707 2372 2768 dedecus
2391 2707 2583 2787 ipsius
2602 2708 2818 2772 Christi
2837 2706 3012 2768 nobis
3027 2708 3411 2784 adversantes
3434 2723 3680 2768 conver-

2021 2802 2172 2856 tunt.
2198 2793 2432 2857 Etenim
2464 2797 2514 2858 si
2547 2796 2785 2878 aliquod
2834 2797 3097 2859 dedecus
3120 2797 3337 2860 Christi
3369 2795 3679 2876 Scriptura

2025 2884 2320 2958 enuntiat,
2356 2884 2468 2946 hoc
2499 2888 2628 2964 ipse
2660 2886 2887 2947 nullum
2941 2885 3101 2947 aliud
3133 2903 3271 2946 esse
3288 2885 3549 2946 afﬁrmo.
3585 2883 3678 2946 Illi

2026 2972 2246 3053 quippe
2267 2974 2412 3053 quia
2431 2972 2877 3054 Scripturarum
2897 2974 3178 3035 examine
3206 2974 3384 3034 veluti
3405 2974 3464 3033 in
3495 2991 3679 3052 angu-

274 3065 482 3139 δισμὸν
565 3073 657 3123 τοῦ
718 3071 961 3144 Χριστοῦ,
1024 3069 1185 3146 φησὶν
1254 3066 1290 3133 ἡ
1361 3064 1564 3141 Γραγῆ,
1608 3073 1792 3122 τοῦτον
1850 3063 1939 3118 οὒκ

2027 3062 2171 3120 διίιιδ
2187 3064 2405 3126 redacti
2418 3063 2918 3142 ,coguntur,perF
2923 3063 3085 3123 ilium
3115 3062 3678 3142 processioneml’a-

273 3155 454 3213 ἄλλον
501 3155 608 3233 ἐγὼ
666 3178 804 3235 φημι
860 3158 951 3212 τὸν
1005 3163 1244 3213 τοιοῦτον
1302 3155 1446 3211 εἶναι
1504 3149 1820 3226 ὁνειδισμόν,
1880 3151 1939 3208 Οἱ

2027 3161 2178 3210 trum
2198 3169 2332 3214 esse
2349 3131 2702 3213 sententiam
2719 3131 3038 3213 afﬁrmare:
3051 3131 3158 3212 nec
3178 3160 3343 3212 recte
3363 3150 3421 3210 in
3437 3169 3680 3230 proceso

272 3246 388 3322 γὰρ
421 3246 528 3301 ὑπὸ
584 3249 683 3310 τῆς
741 3245 1096 3324 στενοχωρίας
1148 3251 1240 3300 τιυῦ
1294 3245 1398 3298 τῶν
1455 3246 1674 3320 Γραφὼν
1715 3238 1942 3318 ἐλέγχον)

271 3334 710 3411 ἀναγκαζόμενοι
795 3335 892 3401 τὴν
990 3331 1052 3388 δι’
1143 3332 1263 3389 Υἱοῦ
1331 3330 1638 3409 ἐκπόρευσιν
1688 3329 1942 3404 πατρικὸν

273 3421 427 3479 εῗναι
461 3421 634 3499 δόγμα
667 3420 978 3500 ὃμολογετν,
1031 3422 1117 3477 καὶ
1175 3419 1310 3495 μηδὲ
1367 3421 1440 3482 εἷς
1496 3419 1596 3485 τὴν
1646 3421 1752 3481 τῶς
1785 3417 1942 3472 ἔκπο-

272 3513 518 3592 ρεύσεως
603 3510 907 3585 ὁμωνυμίαν
998 3506 1420 3587 ὁρθοποδοῦντες,
1494 3511 1566 3564 ὡς
1654 3506 1758 3562 ἀπὸ
1843 3507 1939 3571 τῆς

272 3604 464 3663 αὖτῶς
536 3605 639 3655 τῶν
714 3605 930 3679 ι’ραφῶν
1015 3598 1368 3677 στενοχωρίας
1442 3595 1762 3675 ἀγχόμενοι,
1837 3601 1941 3650 τῶν

271 3691 652 3754 ὑποστατικην
708 3696 800 3744 τοὺ
876 3688 1078 3764 Πατρὸς
1176 3685 1414 3752 ἰδιότητα
1470 3689 1570 3752 τὴν
1637 3687 1945 3756 ἒκπόρευσιν

271 3777 678 3857 διατρανουσων
711 3793 726 3809 ⁸
789 3777 934 3852 ὅμως
993 3775 1197 3852 μέντοι,
1255 3775 1314 3831 ἐκ
1358 3774 1520 3849 μόνου
1599 3775 1691 3830 τοῦ
1745 3773 1946 3850 Πατρὸς

273 3863 764 3945 ἆναισχυντοῦντες
808 3863 981 3942 λέγειν
1039 3866 1100 3920 τὸ
1171 3863 1379 3938 meae:
1437 3860 1585 3940 ἔχειν
1649 3861 1739 3928 τὴν
1771 3859 1944 3940 ἄπαρ-

272 3953 360 4019 ξιν
395 3953 558 4009 παντὶ
617 3954 784 4008 σθένει
856 3952 1092 4030 ἆνεὶγκης
1163 3949 1534 4017 ἀποδεικτικῆς
1605 3947 1945 4029 ἀπελέγχον-

2025 3239 2213 3302 sionis
2235 3241 2612 3321 homunymia
2633 3240 3030 3315 ambulantes,
3064 3248 3341 3319 tauquam
3366 3239 3438 3299 ab
3459 3239 3676 3301 iisdem

2025 3329 2348 3410 Scripturis
2376 3332 2581 3391 arctati
2607 3330 3236 3411 hypostaticuml’atris
3255 3329 3677 3408 proprietatem

2028 3419 2464 3497 processiunem
2479 3419 2947 3485 edicentibus,ex
2963 3419 3263 3481 soluPatrc
3281 3419 3678 3481 inverecunde

2025 3507 2248 3584 nimis;
2272 3507 2930 3588 xsistentiamSpiritum
2957 3509 3048 3569 ha!
3075 3526 3175 3570 ere
3193 3518 3676 3568 asserentesom-

2029 3595 2086 3655 ni
2111 3599 2462 3658 necessaria:
2476 3599 3003 3659 demonstrationis
3019 3596 3070 3656 vi
3089 3599 3524 3675 redarguuntur
3543 3615 3680 3657 con-

2029 3685 2316 3765 traipsam
2334 3689 2800 3767 processionem.
2819 3691 2978 3750 [dem
2991 3690 3150 3748 enim
3173 3697 3261 3747 est
3275 3687 3479 3747 dicere
3496 3688 3682 3748 exsis-

2031 3775 2576 3856 tentiam,quam,ut
2592 3778 2973 3858 ipsiaiunt,ex
2987 3773 3674 3856 solol‘atrehabetSpiri-

2033 3871 2125 3924 tus
2146 3875 2405 3940 sanctus,
2431 3865 2964 3929 instrumentaliter
2987 3884 3092 3946 per
3114 3863 3329 3926 Filium
3358 3868 3674 3941 transiens,

2028 3952 2106 4013 ita
2131 3965 2188 4014 ut
2211 3955 2359 4015 hanc
2377 3965 2730 4016 sententiam
2780 3955 3062 4036 consequi
3105 3954 3402 4029 videatur,
3436 3953 3676 4016 eosdem

270 4065 369 4099 ται
456 4040 572 4098 κατ’
659 4043 819 4108 a’mv‘pi
876 4041 976 4108 τὴν
1031 4039 1364 4118 εκπόρευσιν,
1424 4040 1614 4095 ταυτὸν
1676 4037 1731 4094 δὲ
1775 4040 1939 4099 εἰπεῖν

2030 4043 2226 4103 verbis
2249 4053 2474 4104 tantum
2502 4045 2674 4104 nudis
2691 4045 2992 4125 proprium
3016 4042 3144 4105 Filii
3165 4043 3549 4123 Spiritum,re
3580 4057 3675 4103 ta-

268 4131 386 4198 τῆν
451 4128 692 4207 ὓπαρξιν,
766 4127 854 4198 ῆν,
925 4131 998 4194 ὡς
1057 4131 1201 4188 αὖτοὶ
1275 4150 1452 4208 φασιν,
1524 4127 1584 4184 ἐκ
1628 4127 1792 4202 μόνου
1859 4133 1939 4182 τοί

2035 4149 2171 4192 men
2192 4149 2350 4204 vera,
2382 4131 2455 4192 ab
2492 4131 2620 4210 ipso
2642 4133 2901 4193 alienum
2922 4131 3312 4210 constituere,
3347 4149 3482 4191 cum
3511 4130 3674 4192 nulla

270 4219 501 4297 Πλτρὸς
545 4220 604 4274 τὸ
647 4223 857 4294 Πνεῦμα
915 4216 1064 4298 ἔχειν
1119 4220 1180 4273 τὸ
1223 4217 1374 4294 ἅγιον
1436 4218 1725 4294 ὁργανικίυς
1755 4214 1938 4282 διῆκον

2024 4221 2200 4285 luerit
2250 4221 2421 4294 ratio,
2469 4238 2605 4302 quae
2659 4221 2915 4282 suadere
2956 4220 3168 4291 valeat,
3200 4218 3502 4298 proprium
3537 4235 3670 4279 esse

271 4309 420 4367 αὗτὸ
477 4320 690 4386 φρονεῖν
747 4305 830 4363 διὰ
889 4310 1030 4384 Υἷοῡ,
1089 4308 1162 4369 ὡς
1221 4305 1478 4370 ἑπόμενον
1578 4305 1748 4379 τούτῳ
1815 4325 1939 4363 συν-

2024 4309 2363 4390 Filii,quod
2417 4328 2487 4371 es
2540 4309 2669 4390 ipso
2715 4329 2830 4372 non
2890 4318 3001 4384 est,
3034 4317 3134 4368 aut
3181 4326 3287 4388 per
3313 4306 3506 4385 ipsum
3538 4324 3670 4386 pro-

270 4395 666 4476 οιναςραίνεσθαι
734 4399 812 4471 τῷ
864 4397 1184 4476 φρονήματι,
1245 4399 1332 4450 καὶ
1399 4394 1461 4450 τὸ
1550 4393 1711 4474 μέχρι
1768 4391 1939 4470 λόγων

2027 4397 2218 4478 priam
2250 4398 2660 4460 exsistentiam
2686 4419 2801 4460 non
2821 4397 3167 4460 habetleec
3195 4398 3394 4476 itaque
3416 4399 3535 4456 duo
3558 4395 3669 4455 ab-

271 4460 479 4564 ψιλξιν
510 4482 646 4542 ἴδιον
691 4487 835 4557 Υίοῠ,
879 4460 1118 4556 ⁸αληθλυς
1293 4481 1567 4556 ἀλλότριον
1626 4460 1781 4540 αὒτοῦ
1808 4503 1939 4558 πρε·

2025 4460 2203 4548 surda
2232 4506 2301 4548 ac
2329 4487 2532 4568 impia,
2566 4497 2630 4549 ut
2680 4507 2885 4550 verum
2939 4487 3142 4560 fatear,
3194 4460 3372 4559 dicta,
3443 4483 3671 4544 instru-

271 4573 502 4632 σϐεύειν
566 4573 714 4636 αότό.
775 4573 926 4632 Ἐπεὶ
1005 4571 1162 4652 λόγος
1220 4571 1366 4630 ἔσται
1445 4573 1474 4627 ὸ
1527 4572 1722 4628 πείσων
1780 4567 1943 4633 οὒδεὶς

270 4663 423 4722 ἰδιον
473 4663 615 4719 εἶναι
663 4665 781 4719 ι’ἱοῦ
809 4665 870 4718 τὸ
898 4661 978 4737 μή
1021 4661 1072 4727 ἐς
1131 4663 1315 4741 αὐτοῦ,
1368 4661 1486 4729 ἢτοι
1543 4658 1609 4716 δι’
1662 4659 1822 4716 αὐτοῦ
1850 4659 1946 4726 τὴν

270 4750 516 4831 ὕπαρξιν
585 4751 713 4831 ἔχον
770 4751 870 4820 τὴν
913 4750 1115 4810 ἕαυτοῦ.
1163 4749 1282 4809 ’Ότι
1331 4773 1456 4828 γουν
1506 4751 1573 4805 τα
1628 4747 1716 4807 δύο
1784 4755 1946 4805 ταῦτα

275 4841 502 4898 ἔκτοπα
571 4841 646 4904 ὡς
688 4838 899 4908 ἀληθῶς
955 4836 1288 4915 ἀσεϐήματα,
1349 4839 1610 4918 ὀργανική
1688 4859 1744 4896 τε
1800 4838 1947 4904 ὑπη-

273 4931 448 5011 ρεσὶα
511 4935 605 4986 τοῦ
688 4930 810 4986 Υῐοῦ
876 4935 955 5002 τῷ
1010 4930 1172 5007 ηατρὶ
1215 4927 1300 4984 ἐπὶ
1365 4933 1434 5002 τῇ
1505 4926 1805 5006 ἐκπορεῦσει
1858 4932 1948 4983 τοῦ

274 5018 636 5091 Πνεύματος,
682 5016 1027 5096 ἀλλοτριότης
1079 5038 1138 5074 τε
1206 5026 1301 5075 τοῦ
1355 5016 1657 5091 Πνεύματος
1720 5015 1772 5082 ἐξ
1830 5019 1950 5073 ι’ἱοῦ

274 5107 709 5185 ὁναγκαστικῶς
792 5103 1212 5186 ἀποδείκνυνται,
1295 5104 1346 5171 ἐξ
1429 5107 1505 5161 ὠν
1556 5127 1714 5186 φασιν
1785 5107 1832 5163 οἱ
1891 5106 1952 5161 ἐκ

275 5198 473 5276 μόνου
527 5203 621 5253 τοῦ
675 5197 879 5276 Πατρὸῖ
935 5197 997 5252 τὸ
1057 5201 1267 5271 Πνεῦμα
1336 5193 1484 5275 ἔχειο
1554 5195 1652 5262 τὴν
1707 5192 1945 5275 ὕπαρξιν,

272 5287 554 5364 λέγοντες
596 5287 684 5343 καὶ
731 5287 830 5354 τῆν
871 5282 938 5341 δι’
984 5286 1103 5342 Tim}
1147 5284 1451 5363 ὲκπόρευ,ιν
1498 5285 1635 5341 κατὰ
1689 5284 1788 5351 τὴν
1843 5283 1950 5339 ἀπὸ

271 5383 387 5435 τοῦ
470 5381 577 5431 τῶν
648 5376 862 5456 Γραφῶν
948 5373 1177 5455 ελέγχου
1259 5375 1615 5455 στενοχωρίαν
1711 5375 1804 5429 σδν
1872 5378 1950 5447 τῷ

2029 4577 2296 4636 mentale
2348 4577 2504 4639 Patri
2556 4577 2953 4640 ministerium
3005 4573 3138 4636 Filii
3175 4573 3236 4634 in
3291 4572 3676 4654 processione

2029 4663 2309 4744 Spiritus,
2343 4675 2400 4725 et
2430 4663 2687 4746 Spiritus
2711 4685 2782 4728 ex
2831 4666 2979 4729 Filio
3004 4662 3308 4739 alienatio,
3340 4660 3678 4723 necessarie

2032 4753 2521 4816 demonstrantur
2573 4773 2645 4818 ex
2698 4755 2794 4830 iis,
2839 4773 2970 4836 qua:
3027 4754 3256 4830 dicunt,
3314 4749 3418 4832 qui
3449 4768 3516 4811 ex
3548 4750 3676 4812 solo

2031 4840 2205 4905 Patre
2235 4843 2524 4925 Spiritum
2555 4845 2960 4907 exsistentiam
3023 4841 3244 4905 habere
3293 4849 3586 4912 asserunt,
3617 4847 3679 4901 et

2034 4950 2143 5012 per
2162 4933 2376 4995 Filium
2404 4932 3117 5015 processionem,quando
3129 4931 3252 5012 jam
3279 4932 3335 4992 id
3360 4929 3681 4991 sententia-

2030 5039 2160 5083 rum
2185 5034 2387 5085 exacto
2409 5028 2681 5087 examine
2715 5025 2884 5086 fateri
2909 5032 3222 5102 coguntur,
3251 5039 3385 5083 cum
3406 5019 3675 5101 proprie-

2033 5119 2150 5172 tate
2169 5112 2568 5192 processionis
2594 5114 2823 5176 inﬁcias
2854 5112 2942 5174 ire
2973 5130 3088 5173 nou
3120 5109 3402 5187 valentes,
3459 5111 3517 5170 in
3577 5126 3680 5188 op-

2033 5200 2364 5281 probrium,
2392 5212 2580 5284 utego
2603 5205 2762 5276 dico,
2791 5201 3008 5267 Christi
3027 5218 3097 5263 ex
3129 5201 3304 5262 Patre
3335 5217 3442 5282 per
3462 5196 3678 5263 Filium

2032 5290 2468 5371 processionem
2533 5301 2905 5354 convertunt.
2965 5289 3114 5364 Quid
3167 5289 3325 5371 enim
3360 5290 3428 5371 in
3460 5285 3684 5353 Christi

2041 5369 2424 5451 opprobrium
2458 5373 2748 5453 quispiam
2781 5372 3140 5450 excogitaret
3186 5369 3470 5452 iniquius,
3503 5385 3682 5450 quam

273 5463 554 5535 ἰδιάζοντι
595 5468 695 5531 τῆς
750 5463 1108 5545 ἰκπορεύσεως
1166 5463 1512 5544 ἀπαρνεῖσθαι
1579 5463 1656 5538 μῆ
1711 5461 1939 5543 ἔχοντες

2043 5461 2345 5540 proprium
2368 5461 2556 5543 ipsius
2605 5461 2913 5543 Spiritum,
2937 5461 3037 5542 qui
3068 5477 3204 5521 vera
3231 5458 3419 5539 ips‘us
3447 5469 3537 5520 est
3561 5456 3686 5536 glo-

274 5554 364 5620 εἶς
405 5550 711 5627 ὀνειδισμὸν
737 5554 848 5632 ὶγὼ
914 5576 1054 5634 φημι
1081 5561 1176 5611 τοῦ
1228 5559 1450 5634 Χριστοῦ
1477 5552 1576 5620 τὴν
1630 5554 1693 5607 kx.
1756 5554 1939 5629 ιιατρὸι

2039 5549 2154 5630 ria,
2187 5559 2250 5609 ut
2277 5548 2405 5630 ipse
2455 5548 2666 5628 Patris,
2698 5552 2772 5612 ab
2813 5569 2883 5613 eo
2909 5552 3201 5612 alienare?
3224 5547 3297 5610 Ει
3317 5549 3456 5628 quid
3492 5548 3552 5608 in
3581 5564 3686 5627 op-

274 5639 359 5701 δι’
410 5638 546 5696 Υἱοῦ
604 5639 913 5721 ἆκπόρευσιν
966 5642 1296 5722 περιτρέπει-ο
1373 5641 1584 5705 αὐτοὺς.
1644 5639 1706 5698 Τί
1743 5639 1844 5721 γὰρ
1896 5639 1939 5696 ἂε

2044 5638 2350 5718 probrium
2408 5640 2628 5703 Christi
2674 5639 3048 5703 comminisci
3087 5645 3288 5720 posset
3339 5635 3681 5710 immanius,
