4214 6296
567 324 588 384 l
605 322 724 388 O35

1696 318 2213 389 CONSTANTINI
2255 324 2800 390 MELITENIOTAE

3778 321 3967 386 1036

552 455 751 517 dium.
785 456 928 529 Quis
957 457 1042 518 uti
1066 458 1351 521 Jeremias
1373 457 1434 518 in
1460 457 1805 537 plangendis
1830 476 1898 518 ac
1928 456 2198 535 delucry-

2292 455 2445 513 πολὺν
2488 458 2542 513 ἐν
2598 456 2846 532 ὀδυρμοῖς
2923 479 2979 513 τε
3015 462 3101 514 καὶ
3170 458 3409 537 δάκρυσι,
3476 461 3568 515 τὸν
3632 460 3723 515 καὶ
3778 455 3963 532 μόνον

566 546 802 607 mandis
834 546 1268 609 calamitatibus
1300 546 1961 626 prrecellens,solusque
1994 546 2186 606 lamen

564 635 815 695 tationes
847 634 1186 695 infortuniis
1243 652 1551 714 exaequare
1608 635 1875 715 apprime
1938 634 2208 700 eximius,

566 733 801 785 nostras
828 724 1188 785 calamitates
1223 744 1328 803 pro
1357 724 1640 801 dignitate
1661 722 2121 803 collacrymabit,
2157 730 2215 781 et

564 832 668 891 pro
693 812 765 874 iis
783 832 910 892 qua
932 813 1107 873 nobis
1129 814 1424 874 obvenere
1450 813 1870 874 miserabiliter
1919 813 2157 891 planget
2186 818 2213 872 ?

561 902 710 962 Hinc
728 902 1049 963 subsecuta
1072 909 1156 963 est
1182 921 1288 978 per
1305 906 1640 963 universam
1659 911 1883 982 partem
1899 900 2206 962 occiduam

561 989 797 1050 urbium
831 998 886 1050 et
918 992 1253 1068 regionum,
1278 1009 1602 1071 earumque
1628 992 1921 1068 omnium,
1956 989 2209 1068 direptio

563 1086 621 1138 et
652 1079 879 1139 eversio
910 1100 923 1140 :
958 1098 1067 1140 nec
1091 1080 1205 1140 alio
1225 1080 1423 1153 modo,
1459 1079 1507 1139 si
1542 1098 1669 1159 qua}
1699 1082 2209 1143 versusOrientem

560 1176 993 1240 remanserant,
1051 1168 1366 1247 impiorum
1437 1169 1854 1247 Agarenorum
1905 1167 2211 1228 crudelem

562 1255 931 1316 dominatum
963 1257 1223 1330 subiere,
1287 1258 1551 1335 exceptis
1601 1259 1802 1337 paucis
1832 1257 2208 1338 quibusdam,

565 1363 700 1423 quae
724 1345 977 1406 Romani
1008 1345 1243 1424 imperii
1267 1354 1440 1407 antea
1472 1364 1606 1425 pars
1638 1347 1880 1407 minima
1911 1346 2211 1407 exstitere.

2297 546 2494 610 ἑξισοῦν
2524 545 2694 603 εἰδότα
2724 548 2845 610 τοὺς
2902 548 3119 625 θρήνους
3152 559 3271 612 τοῖς
3330 550 3542 621 πάθεσι,
3601 549 3701 614 τὴν
3741 544 3966 621 ἡμετέ-

2295 655 2388 710 ραν
2457 641 2746 701 τηνικαῦτα
2802 633 2920 690 κατ’
2993 633 3137 699 ἀξίαν
3198 635 3585 692 ἁποκλαύσεται
3646 632 3960 712 συμφορὰν,

2293 723 2419 778 κὲπὶ
2454 736 2572 788 σοῖς
2624 720 2881 797 συμϐᾶσιν
2939 723 3180 786 ἐλεεινῶς
3239 723 3624 803 ὀλοφυρόμενος
3667 725 3954 797 addiscat;

2296 814 2438 866 Μετὰ
2480 810 2533 866 δὲ
2589 821 2743 870 τοῦτο
2787 813 3109 891 κατάσχεσις
3153 819 3258 867 τῶν
3315 812 3414 868 ἀνὰ
3474 819 3646 868 πᾶσαν
3717 810 3964 887 ἑσπέραν

2292 898 2498 956 πόλεων
2553 903 2640 957 καὶ
2685 907 2902 980 χωρῶν,
2990 903 3077 957 καὶ
3131 902 3330 958 τούτων
3381 902 3624 980 ἀπασῶν,
3682 909 3787 956 τῶν
3850 899 3963 972 μὲν

2293 991 2628 1069 κατασκαφὴ,
2674 997 2781 1045 τῶν
2832 987 2886 1044 δὲ
2930 992 3184 1068 πόρθησις
3221 1007 3235 1022 ’
3293 991 3545 1053 ὡσαύτως
3601 991 3690 1045 καὶ
3733 996 3848 1045 τῶν
3903 985 3963 1040 εἴ

2294 1099 2373 1139 τις
2432 1078 2776 1156 ἐναπελείφθη
2854 1080 2987 1157 πρὸς
3043 1077 3299 1142 ἀνατολὰς
3344 1093 3465 1142 τοῖς
3540 1078 3709 1141 ἀθέοις
3764 1074 3961 1153 Ἀγα-

2295 1180 2502 1244 ρηνοτίν
2550 1165 2691 1232 πλὴν
2735 1172 2891 1223 τινῶν
2950 1168 3335 1245 εὐαριθμήτων,
3382 1169 3424 1222 εξ
3481 1168 3567 1223 καὶ
3620 1169 3718 1232 τῆς
3774 1166 3961 1240 βκσι-

2298 1253 2434 1309 λείου
2462 1255 2677 1333 πρώτην
2748 1255 3083 1332 ἐπικρατείας
3154 1255 3309 1331 μέρος
3368 1257 3518 1311 οὖσαι
3575 1254 3956 1333 βραχύτατον,

2299 1345 2372 1406 εἰς
2400 1343 2595 1422 κλῆρον
2624 1343 2790 1420 μέγαν
2836 1344 3083 1421 γεγόνασι
3139 1345 3258 1400 τότε
3315 1357 3433 1408 τοῖς
3491 1343 3604 1400 καθ’
3632 1345 3775 1418 ἡμᾶς
3820 1340 3959 1396 λίαν

561 1433 623 1492 in
656 1451 924 1511 magnam
959 1444 1181 1493 sortem
1216 1443 1333 1494 tum
1395 1434 1637 1507 nostris,
1689 1436 1786 1514 qui
1840 1454 1905 1496 ex
1937 1432 2205 1514 plurimis

2298 1430 2494 1509 ὀλίγοις
2526 1432 2584 1488 ἐκ
2640 1431 2855 1488 πολλῶν
2916 1431 3112 1507 κομιδή
3169 1430 3472 1509 διαφυγοῦσι
3532 1435 3622 1487 τὸν
3677 1428 3951 1500 κίνδυνον,

561 1522 902 1600 paucissimi
961 1523 1292 1601 periculum
1348 1523 1625 1596 vitarunt,
1706 1532 1993 1602 reputataa
2050 1530 2205 1585 sunt:

2297 1524 2380 1583 οἷς
2448 1523 2535 1577 καὶ
2578 1520 2827 1599 περιέστη
2874 1522 2940 1578 τὰ
2982 1526 3078 1587 τῆς
3124 1522 3299 1599 ἀρχῆς
3374 1520 3428 1585 ἐς
3486 1523 3665 1577 στενὸν
3721 1518 3951 1588 οὕτωσ-ἱ,

559 1609 774 1689 quibus
804 1628 902 1671 res
934 1610 1170 1690 imperii
1195 1611 1254 1671 in
1286 1620 1600 1690 angustum
1652 1622 1954 1674 contracta
2012 1611 2205 1691 parvis

2292 1622 2503 1687 μικροῖς
2559 1610 2715 1688 ὁρίοις
2785 1610 3235 1689 περιγραφόμενα,
3271 1617 3508 1667 Τοσαῦτα
3574 1611 3662 1665 καὶ
3718 1610 3956 1664 τοιαῦτα

560 1696 932 1758 concluditur
962 1699 1252 1761 terminis.
1289 1703 1399 1762 Tot
1441 1708 1713 1780 tantaque
1758 1702 1939 1762 ardua
1958 1709 2014 1762 et
2044 1700 2205 1762 diffi-

2292 1699 2354 1753 τὰ
2382 1697 2613 1777 δυσχερῆ
2657 1720 2714 1753 τε
2743 1700 2829 1753 καὶ
2886 1701 3054 1772 μεστὰ
3108 1697 3501 1777 χαλεπότητος,
3565 1696 3596 1753 ἂ
3624 1698 3714 1753 καὶ
3744 1705 3830 1753 νῦν
3864 1696 3950 1755 εἰς

562 1786 844 1847 cultatum
871 1788 1064 1862 plena,
1099 1806 1350 1866 quorum
1366 1789 1452 1848 vel
1468 1789 1591 1849 sola
1614 1790 2205 1850 memoriaexcruciat

2292 1788 2510 1861 μνήμην
2580 1788 2727 1843 ἱόντα
2783 1785 3006 1855 πλήττει
3050 1809 3150 1861 μου
3193 1788 3290 1853 τὴν
3356 1789 3560 1867 ψυχὴν,
3618 1786 3755 1842 κατὰ
3795 1785 3952 1840 θείαν

558 1875 848 1950 animum,
882 1876 963 1936 ita
992 1877 1374 1955 permittente
1426 1876 1679 1939 Numine
1704 1879 1969 1958 perpessi
2001 1897 2204 1938 sumus

2292 1879 2673 1954 παραχώρησιν
2734 1874 3133 1954 ὑπηνέγκαμεν,
3205 1875 3596 1955 διαζευχθέντες
3668 1879 3772 1928 τῶν
3830 1873 3951 1927 ἀπὸ

560 1971 869 2043 postquam
901 1982 934 2024 a
958 1954 1239 2026 Romanis
1272 1966 1550 2028 fratribus
1598 1954 1718 2027 nos.
1765 1954 1945 2047 (quod
1980 1969 2202 2027 utinam

2292 1954 2496 2038 Ῥώμης
2526 1961 2788 2041 ἀδελφῶν,
2814 1965 2887 2027 ὡς
2932 1966 3010 2038 μὴ
3041 1962 3263 2043 ὤφελεν,

558 2070 859 2132 nunquam
885 2052 1100 2113 factum
1133 2054 1340 2115 fuisset
1365 2055 1406 2129 !)
1437 2056 1906 2117 dissociavimus.

639 2140 699 2203 3.
731 2141 846 2202 Sed
884 2161 1042 2202 nunc
1073 2160 1309 2211 recens,
1346 2162 1478 2204 cum
1515 2162 1754 2223 prorsus
1787 2164 1894 2205 nos
1936 2143 2200 2205 revocari

557 2229 760 2299 voluit,
796 2230 898 2309 qui
932 2231 1245 2292 mortificat
1273 2231 1451 2307 Deus,
1488 2241 1546 2292 et
1575 2251 1782 2295 rursus
1839 2232 2106 2305 vivificat,
2143 2233 2200 2292 iu

558 2321 937 2384 concordiam
966 2322 1054 2384 sic
1080 2325 1509 2396 concessimus,
1529 2332 1592 2384 ut
1611 2324 2197 2387 unaCbristianorum

557 2408 822 2471 Ecclesia
853 2411 912 2470 in
940 2410 1088 2471 duas
1114 2412 1294 2471 multo
1327 2411 1399 2472 ab
1435 2412 1573 2473 hinc
1600 2413 1956 2491 tempore,in
1981 2413 2211 2473 Latinos

559 2516 781 2577 nempe
813 2507 870 2559 et
896 2500 1388 2579 Graacos,actoris
1412 2501 1705 2561 malorum
1734 2500 2207 2580 Satanaaimpro-

564 2586 745 2646 bitate
767 2586 977 2666 divisa,
1012 2605 1248 2647 rursum
1281 2589 1339 2647 in
1372 2607 1553 2649 unum
1588 2608 1733 2668 pure
1761 2591 2129 2661 convenerit,
2152 2598 2210 2649 et

559 2674 991 2735 sententiarum
1014 2678 1431 2738 contrarietate
1479 2677 1721 2737 omnino
1754 2678 2038 2757 dispulsa,
2093 2698 2209 2739 una

557 2764 775 2827 iterum
819 2764 969 2823 facta
1000 2765 1096 2824 sit.
1144 2763 1412 2845 Namque
1469 2765 1611 2827 licet
1657 2767 1786 2827 beri
1838 2776 1940 2828 aut
1997 2767 2209 2828 nudius

558 2852 773 2914 tertius
804 2871 912 2912 nos
942 2872 1074 2913 cum
1100 2852 1382 2914 Romanis
1413 2855 1855 2933 associavimus,
1910 2864 1967 2917 et
2001 2874 2203 2936 pacem

2364 2130 2441 2218 γ’.
2473 2139 2638 2197 Ἀλλὰ
2678 2140 2884 2203 τούτοις
2929 2139 3143 2219 ἀρτίως,
3175 2142 3331 2209 ἡνίκα
3388 2143 3565 2199 τέλεον
3593 2145 3738 2217 ἡμᾶς
3794 2142 3945 2199 ἑπα-

2283 2229 2607 2296 νακληθῆναι
2664 2228 2943 2295 τεθέληκεν
2999 2232 3027 2285 6
3096 2233 3331 2286 θανατῶν
3389 2233 3540 2306 Θεὸς,
3613 2234 3699 2287 καὶ
3765 2231 3945 2288 πᾶλιν

2294 2325 2593 2396 ζωογονῶν,
2680 2321 2751 2383 εἷς
2836 2319 3202 2398 ὁμοφροσύνην
3284 2318 3724 2395 συνεληλύθαμεν,
3791 2321 3940 2376 ὥστε

2294 2410 2393 2473 τὴν
2424 2409 2546 2483 μίαν
2572 2413 2678 2463 τῶν
2753 2414 3074 2482 Χριστιανῶν
3132 2407 3450 2475 Ἐκκλησίαν
3507 2411 3577 2474 εἷς
3650 2408 3738 2466 δύο
3768 2410 3941 2466 πάλαι

2293 2494 2611 2575 ὃιαιρθεῖσαν
2656 2496 2738 2561 εἴς
2786 2517 2843 2552 τε
2890 2497 3010 2559 τοὺς
3081 2498 3329 2559 Λατίνους
3374 2500 3460 2554 καὶ
3502 2500 3623 2560 τοὺς
3678 2501 3938 2577 Γραικοὺς

2291 2585 2509 2663 ἐπηρείᾳ
2564 2593 2658 2641 τοῦ
2728 2586 3031 2664 ἆρχεκάκου
3085 2587 3283 2664 Σατὰν,
3341 2584 3943 2665 παλινδρομῆσαικπρὸς

2291 2676 2350 2729 τὶ)
2380 2675 2504 2730 αὐτὸ
2544 2678 2808 2752 καθαρῶς,
2867 2675 2954 2729 καὶ
2981 2675 3107 2748 μίαν
3151 2675 3292 2738 αὖθις
3346 2676 3607 2752 γενέσθαι,
3665 2678 3728 2731 τὸ
3770 2674 3940 2754 διχο-

2292 2776 2433 2818 νοεῖν
2464 2761 2831 2821 ἀποϐαλοῦσαν
2874 2764 3234 2822 παντάπασιν.
3268 2765 3326 2821 El
3388 2766 3488 2842 γὰρ
3515 2768 3603 2821 καὶ
3659 2766 3788 2844 χθὲς
3842 2767 3940 2820 καὶ

2290 2849 2539 2927 πρότριτα
2572 2852 2701 2928 πρὸς
2762 2852 2882 2913 τοὺς
2953 2849 3005 2906 ἐν
3053 2842 3234 2926 (Ρώμη
3292 2854 3461 2926 ἡμεῖς
3487 2842 3933 2931 κατελλσὶγημεν,

560 2941 710 3002 nihil
746 2940 1082 3003 habituram
1114 2942 1467 3004 insidiarum
1503 2945 2203 3024 composuiinus,uiliilo-

2292 2941 2375 2993 καὶ
2445 2937 2589 3015 φίλια
2657 2952 2868 3019 φρονεῖν
2930 2941 3057 3017 πρὸς
3116 2941 3301 3002 αὐτοὺς
3376 2941 3708 3017 συνεθέμεθα,
3790 2941 3937 3008 πλὴν

558 3032 753 3092 minus
775 3033 955 3113 aliqui
979 3051 1079 3094 eos
1103 3034 1268 3113 quasi
1293 3035 1349 3094 in
1397 3036 1613 3115 pietate
1642 3037 1907 3116 integros
1939 3037 2203 3098 nondum

2292 3025 2405 3082 ἀλλ’
2435 3027 2584 3083 οῧπω
2638 3029 2778 3090 τινὲς
2822 3030 3157 3107 προσήκαντο
3209 3030 3449 3108 τούτους,
3508 3033 3596 3085 καὶ
3639 3033 3712 3093 ὡς
3760 3032 3936 3108 ὑγιαί-

556 3121 670 3181 sibi
700 3122 760 3181 in
774 3122 1072 3201 antiquam
1094 3114 1473 3183 concordiam
1501 3114 2043 3205 redegerunt,quod
2071 3145 2205 3187 uec-

2292 3138 2470 3178 νοντας
2516 3117 2612 3183 τὴν
2671 3114 2958 3197 εὐσέϐειαν,
3030 3116 3110 3173 ὅτι
3167 3116 3293 3193 μηδ’
3365 3120 3532 3183 οὕτως
3590 3121 3642 3176 αἱ
3683 3122 3938 3197 περὶτοῦ

558 3208 697 3269 dum
715 3210 789 3270 de
839 3208 1062 3290 Spiritu
1089 3221 1292 3272 sancto
1332 3231 1513 3273 sacrae
1534 3212 1770 3274 Patrum
1799 3233 1972 3275 voces
2003 3215 2202 3275 omni-

2292 3207 2543 3283 παναγίου
2591 3209 2895 3282 Πνεύματος
2926 3210 3056 3284 ἱεραί
3111 3211 3278 3288 φωναὶ
3333 3215 3437 3265 τῶν
3495 3209 3742 3288 Πατέρων
3796 3212 3934 3265 ἁνα-

561 3299 691 3374 bus,
720 3302 1216 3380 quemadmodum
1248 3324 1429 3377 nunc,
1463 3306 1864 3368 innotuerant.
1914 3307 2026 3369 Sed
2069 3308 2201 3388 quis

2292 3294 2679 3370 κεκαλυμμέναι
2736 3309 2853 3359 τοῖς
2914 3302 3072 3352 πᾶσιν
3130 3298 3288 3376 ἦσαν,
3349 3300 3582 3377 καθάπερ
3649 3300 3736 3355 καὶ
3817 3306 3929 3357 νῦν.

558 3391 821 3451 narrabit
868 3392 1156 3470 potentias
1189 3394 1450 3468 Domini,
1507 3395 1737 3455 auditas
1792 3396 1969 3456 faciet
1995 3383 2202 3457 lauda-

2292 3383 2456 3440 Ἀλλὰ
2497 3387 2573 3449 τίς
2618 3384 2838 3455 λαλήσει
2881 3386 2975 3448 τὰς
3030 3384 3328 3449 δυναστείας
3384 3393 3477 3443 τοῦ
3534 3389 3718 3465 Κυρίου
3767 3390 3931 3444 ἀκου-

562 3479 753 3539 tioues
784 3480 934 3556 ejus,
974 3500 1120 3557 quas
1168 3481 1227 3541 in
1260 3484 1677 3560 generationes
1701 3492 1759 3545 et
1787 3485 2203 3562 generationes

2292 3477 2414 3535 στας
2473 3475 2685 3543 ποιήσει
2744 3475 2916 3538 πάσας
2984 3475 3078 3539 τὰς
3150 3475 3369 3541 αἰνέσεις
3423 3476 3602 3550 αὐτοῦ,
3663 3476 3724 3539 ἃς
3793 3478 3933 3533 κατὰ

562 3575 835 3646 operatus
866 3578 973 3641 est,
1010 3580 1066 3628 et
1088 3589 1242 3629 nunc
1268 3574 1439 3632 etiam
1461 3575 1787 3652 operatur?
1817 3574 1958 3645 Quis
2008 3576 2202 3638 multi-

554 3656 934 3735 jugamiliius
956 3659 1307 3737 sapientiam
1330 3663 1850 3743 ennuntiabit,qua
1880 3666 1977 3725 ille
2004 3674 2204 3727 uortra

559 3745 863 3818 ordinans,
895 3746 1258 3824 providentia
1288 3749 1399 3809 sibi
1431 3762 1566 3810 nota
1593 3751 1763 3830 plane
1780 3753 1979 3831 dirigit
2001 3760 2029 3816 ?
2057 3754 2200 3816 Cum

560 3832 718 3892 enim
751 3833 1092 3912 aliquando,
1119 3842 1199 3895 uti
1226 3837 1315 3897 illi
1369 3840 1778 3920 complacitum
1806 3843 1933 3917 fuit,
1963 3844 2197 3904 miseri-

561 3921 903 3982 cordiarum
979 3927 1172 3997 Pater,
1235 3936 1290 3986 et
1352 3930 1527 3989 totius
1583 3931 1963 3993 cosolationis
2019 3932 2198 4007 Deus,

540 4019 802 4087 “propter
822 4010 1059 4072 divitem
1082 4011 1240 4073 illius
1271 4015 1327 4075 in
1361 4035 1467 4077 nos
1502 4018 2000 4093 misericordiam,
2056 4021 2205 4084 duos

562 4114 810 4174 magnos
849 4107 906 4159 et
937 4102 1422 4179 prmclarissimos
1482 4104 1757 4167 Ecclesize
1815 4111 2018 4170 Oculos
2078 4129 2107 4170 a
2142 4130 2204 4172 se

558 4184 810 4247 invicem
844 4206 875 4248 a
913 4189 1093 4249 multo
1142 4199 1412 4270 tempore
1445 4195 1601 4255 male
1649 4195 1976 4274 disjunctos
2008 4199 2203 4259 denuo

559 4274 714 4337 bene
744 4279 1065 4339 convenire
1096 4281 1423 4357 constituit,
1459 4294 1520 4343 ut
1555 4303 1673 4345 una
1716 4286 1773 4344 in
1832 4286 1967 4346 ﬁdei
1999 4288 2202 4347 firma-

562 4376 762 4426 mento
792 4368 1182 4442 ambularent,
1219 4388 1276 4432 et
1324 4374 1384 4433 in
1442 4374 1649 4436 faciem
1703 4377 1989 4438 universa;
2034 4387 2204 4440 terra;

558 4455 1035 4547 resplenderent,
1101 4468 1157 4519 et
1206 4460 1451 4541 fulgoris
1516 4465 1913 4526 immensitate
1962 4468 2205 4547 reliquae

2285 3564 2468 3640 γενεὰς
2497 3565 2585 3619 καὶ
2636 3564 2818 3640 γενεὰς
2871 3563 3028 3620 εἰσέτι
3078 3566 3164 3620 καὶ
3211 3566 3297 3621 νῦν
3343 3564 3656 3643 ἐργάζεται;
3703 3568 3790 3630 Τίς
3833 3567 3933 3633 τὴν

2283 3651 2612 3730 πολύτροπον
2671 3656 2826 3711 αὐτοῦ
2884 3654 3066 3733 σοφίαν
3121 3653 3323 3735 ἐξείπῃ,
3375 3654 3490 3731 μεθ’
3542 3658 3611 3722 ἧς
3680 3654 3932 3733 διεξάγων

2284 3740 2475 3797 εὐθύνει
2520 3741 2700 3820 σαφῶς
2733 3741 2796 3795 τὰ
2863 3741 3093 3820 ἡμέτερα
3146 3740 3326 3821 λόγοις
3370 3745 3457 3805 οἷς
3500 3742 3767 3801 ἐαίσταται
3796 3745 3928 3800 διοι-

2282 3829 2492 3897 κήσεων
2526 3849 2542 3904 ;
2577 3828 2825 3906 Ἐπείπερ
2870 3831 2970 3908 γὰρ
3027 3851 3158 3886 ποτε
3211 3834 3300 3887 καὶ
3354 3830 3647 3899 ηὐδόκησεν
3678 3835 3706 3889 6
3749 3833 3931 3912 Πατὴρ

2287 3925 2389 3972 τῶν
2448 3919 2757 3996 οἰκτιρμῶν,
2828 3920 2916 3974 καὶ
2973 3921 3102 3984 Θεὸς
3178 3921 3355 3988 πάσης
3405 3920 3790 3999 παρακλήσεως
3846 3921 3931 3978 διὰ

2286 4004 2533 4063 πλούσιον
2587 4010 2743 4066 αὐτοῦ
2785 4009 2900 4086 περὶ
2942 4010 3084 4082 ἡμᾶς
3145 4009 3288 4073 ἕλεος
3345 4011 3465 4073 τοὺς
3521 4009 3611 4067 δύο
3664 4010 3927 4088 μεγάλομς

2286 4098 2385 4160 τῆς
2422 4094 2740 4162 Ἐκκλησίας
2797 4100 2885 4153 καὶ
2954 4112 3259 4177 περιφανεῖς
3305 4098 3605 4179 ὀφθαλμοὺς
3674 4099 3925 4169 ἁλλήλωι

2289 4185 2348 4239 ἐκ
2433 4184 2662 4244 παλαιοῦ
2749 4185 3061 4249 διαστάντας
3146 4193 3347 4262 κακῶς,
3440 4187 3709 4245 συνελθεῖν
3784 4192 3926 4253 αὖθις

2287 4272 2484 4346 καλῶς,
2518 4273 2655 4329 ὥστε
2709 4273 2994 4331 συνοδεύειν
3025 4276 3079 4330 ἐν
3124 4283 3201 4349 τῷ
3256 4276 3351 4343 τῆς
3412 4276 3637 4340 πίστεως
3691 4279 3927 4355 στορεώ-

2287 4385 2436 4436 ματι,
2494 4364 2582 4418 καὶ
2639 4361 2867 4438 λάμπειν
2936 4364 3022 4421 ἐπὶ
3076 4365 3361 4435 προσώπου
3415 4366 3593 4432 πάσης
3650 4371 3748 4433 τῆς
3796 4372 3922 4447 γῆς,

2286 4450 2429 4515 ὅπως
2460 4450 2523 4506 ἅν
2565 4459 2641 4526 τῷ
2696 4450 2849 4509 δασεῖ
2902 4458 2999 4529 τῇς
3056 4453 3255 4532 αἴγλης
3296 4453 3721 4534 εἱλικρινέστερον
3764 4457 3927 4535 ὁρῷεν

560 4543 790 4623 piorum
845 4556 1053 4623 gentes
1139 4539 1573 4621 disce—ruerent,
1638 4573 1751 4614 non
1811 4555 2005 4617 statim
2094 4539 2202 4617 nec

2292 4543 2371 4596 καὶ
2440 4542 2506 4596 τὰ
2562 4539 2723 4597 λοιπὰ
2779 4545 2885 4598 τῶν
2955 4540 3302 4601 εὐσεϐούντων
3374 4544 3555 4621 ἐθνῶν,
3633 4547 3727 4602 οὐκ
3784 4547 3926 4610 εὐθύς

555 4641 804 4723 repente
828 4634 965 4696 licet
996 4648 1293 4699 momento
1322 4642 1605 4722 temporis
1637 4645 1835 4703 omnia
1858 4645 2064 4723 possit,
2099 4648 2201 4708 sed

2292 4627 2401 4685 οὐδὲ
2446 4635 2806 4710 παραχρῆμα,
2833 4632 3021 4711 καίπερ
3077 4632 3131 4687 ἐν
3188 4632 3378 4712 ἀκαρεῖ
3431 4634 3496 4690 τὰ
3552 4635 3724 4691 πάντα
3766 4633 3923 4692 δυνᾶ-

557 4721 735 4816 v_eluti
770 4723 828 4782 in
862 4724 1138 4803 primaeva
1168 4746 1368 4788 rerum
1402 4715 1810 4793 universarum
1858 4715 2200 4816 creatione,

2292 4740 2469 4798 μενος,
2527 4715 2648 4775 ἀλλ“
2691 4720 2867 4800 ὥσπερ
2911 4720 2965 4776 ἐν
3020 4721 3166 4801 ἄρχῆ
3208 4727 3308 4789 τῆς
3350 4727 3455 4778 τῶν
3505 4722 3671 4780 ὄντων
3727 4727 3921 4783 συστά-

556 4809 642 4871 sic
663 4818 722 4870 et
751 4829 909 4873 nunc
942 4815 1220 4893 paulatim
1255 4817 1368 4879 sibi
1400 4819 1769 4900 beneplacita
1801 4806 2079 4905 complet.
2187 4806 2199 4816 ’

2292 4829 2448 4883 σεως,
2480 4806 2619 4866 οὕτω
2667 4813 2755 4867 καὶ
2787 4818 2872 4867 νῦν
2928 4814 3065 4870 κατὰ
3125 4814 3311 4891 μικρὸν
3363 4813 3431 4868 τὰ
3461 4819 3560 4881 τῆς
3617 4814 3921 4890 βουλήσεως

2285 4897 2567 4976 ἐκπληροῖ,

635 4988 694 5047 4.
727 4986 791 5047 Et
824 4990 1077 5084 primum
1120 4993 1356 5073 quidem
1414 5015 1615 5076 pacem
1651 4998 1806 5060 inter
1862 5020 1969 5063 nos
2018 5002 2200 5084 ipsos,

2366 4986 2393 5041 δ
2421 5033 2433 5044 .
2470 4990 2568 5045 Καὶ
2599 4995 2782 5068 πρῶτα
2854 4991 2950 5066 μὲν
3021 4992 3233 5065 εἰρήνην
3303 4991 3357 5046 ἐν
3413 4993 3550 5069 ἡμῖν
3598 4995 3800 5074 αὐτοῖς,
3860 4998 3925 5066 ἢν

556 5095 732 5169 quam
763 5078 852 5138 vel
885 5079 1127 5141 auribus
1161 5085 1470 5164 percipere
1502 5106 1534 5146 a
1577 5089 1758 5148 multo
1792 5077 2057 5169 tempore
2084 5077 2203 5151 non

2292 5077 2504 5133 Ξικοῦσαι
2534 5083 2730 5159 συχνὸς
2786 5080 2837 5146 ἐξ
2892 5080 3014 5139 ὅτου
3065 5082 3260 5162 χρόνος
3321 5085 3417 5140 οὐκ
3458 5083 3713 5164 ἔσχομεν,
3774 5092 3801 5145 ὁ
3830 5092 3927 5158 τῆς

558 5165 878 5255 potuimus,
918 5169 1078 5247 pacis
1112 5171 1387 5252 princeps
1436 5186 1493 5237 et
1529 5184 1697 5255 pater
1725 5165 1956 5250 indicit,
1989 5180 2045 5239 in
2070 5198 2196 5241 eam

2292 5169 2496 5246 εἰρήνης
2565 5168 2745 5249 ἄρχων
2804 5171 2963 5229 λαλεῖ
3030 5176 3117 5230 καὶ
3169 5174 3351 5253 Πατὴρ
3403 5176 3771 5255 παρακαλέσας
3852 5181 3924 5243 εἰς

554 5252 825 5332 pluribus
846 5274 1257 5334 saepenumero
1275 5264 1503 5324 animos
1529 5252 1761 5324 nostros
1773 5284 2104 5345 accersens,
2142 5278 2201 5328 et

2292 5258 2478 5323 ταύτην
2534 5258 2709 5315 πολλὰ
2760 5261 3016 5327 πολΛᾶκις
3071 5264 3166 5327 τὰς
3261 5252 3519 5345 ἡμετέρας
3575 5270 3779 5349 ψυχὰς,
3839 5274 3927 5327 καὶ

553 5343 938 5433 concordiam
964 5348 1895 5432 cumRomauis,inquibusDeum
1920 5343 2192 5433 colimus,

2292 5347 2378 5413 τὴν
2434 5347 2514 5426 ἐφ’
2573 5349 2660 5412 οἷς
2695 5350 2755 5405 τὸ
2811 5358 2968 5409 Θεῖον
3012 5351 3367 5432 πρεσϐεύομεν
3428 5343 3562 5432 μετὰ
3621 5343 3728 5413 τῶν
3763 5343 3925 5417 νῬω-

554 5432 875 5493 nonnullos
916 5435 1161 5498 minime
1218 5458 1432 5519 capere
1484 5444 1880 5522 conspiciens,
1922 5453 2193 5526 tanquam

2292 5436 2450 5509 ααίων
2517 5437 2764 5512 ὁμόνοιαν
2849 5439 3074 5517 μηδέπω
3154 5444 3461 5523 χωροῦντας
3538 5450 3693 5512 ἒνίοις
3752 5448 3923 5526 εἰδὼς,

554 5532 997 5617 praeoccupatos
1021 5527 1380 5603 cognitione,
1427 5540 1670 5610 prepter
1688 5550 1757 5592 ea
1780 5551 1911 5609 qua:
1940 5536 2195 5611 majores

2292 5526 2370 5583 Ξίτε
2430 5528 2979 5608 προκατειλημμένοις
3033 5535 3133 5603 τὴν
3197 5541 3416 5614 γνῶσιν,
3488 5537 3540 5604 ἒξ
3595 5541 3670 5597 ὧν
3722 5544 3771 5598 οἱ
3826 5545 3930 5621 πρὸ

555 5608 737 5669 ηοεπὶ
765 5613 1149 5674 contentiosis
1171 5628 1225 5679 et
1256 5608 1524 5699 litigiosis
1541 5608 2192 5701 disliutationibus—mon

2292 5621 2428 5692 '3};th
2473 5619 2745 5698 ἐριστικῶς
2814 5622 2923 5693 ἅμα
2976 5630 3063 5682 καὶ
3107 5627 3436 5705 φιλονείκως,
3497 5633 3590 5690 οὒκ
3621 5630 3930 5690 ἆποδεικτι-
