4214 6296
388 356 411 417 1
424 355 537 419 037

1295 365 1393 427 DE
1436 362 1937 437 PROCESSIONE
1982 368 2044 427 Ξ.
2088 363 2442 432 SPIRITUS
2482 372 2705 434 ORAT.
2752 372 2801 434 Ι.

3584 376 3747 439 1038

386 495 490 579 κῶς
546 491 659 547 063%.
701 492 1003 573 φιλαληθῦς
1059 498 1192 552 κατὰ
1259 498 1456 554 τούτων
1512 499 1860 577 συνέγραψαν.
1921 499 2008 557 Καῖ

2100 496 2730 579 demonstrationibus,
2765 504 2851 565 vel
2902 502 3162 568 veritatis
3211 524 3411 569 amore
3462 509 3750 571 adversus

386 575 469 633 διὰ
525 588 677 636 τοῦτο
733 589 836 638 πᾶν
890 584 1186 640 τούναντίον
1270 588 1385 665 περὶ
1441 587 1611 643 αὑτῶν
1703 594 2018 666 φρονοῦντας

386 668 473 721 καὶ
528 666 800 746 λέγοντας,
895 674 1199 730 σπείσασθαι
1276 682 1352 748 τῷ
1434 676 1565 740 τέως
1640 676 2018 755 παρασκευάζει

384 756 590 820 τούτοις
646 759 787 832 ἡμᾶς
846 760 930 816 ἐπὶ
975 760 1259 835 συμϐάσεσι
1313 761 1478 836 μηδὲν
1558 786 1608 819 τι
1656 768 1717 819 τὸ
1771 764 2017 842 παράπαν

386 843 846 912 ἑπικοινωνούσαις
902 863 1019 913 τοῖς
1077 854 1239 928 ἱεροῖς
1296 850 1573 928 δόγμασιν.
1613 842 1734 910 Ἵνα
1778 854 1826 908 τί
1855 852 2017 930 γένη-

384 955 491 1005 ται,
544 937 631 990 καὶ
693 937 806 992 τίνα
866 941 1102 1016 τρυγήσῃ
1157 942 1253 1007 τὴν
1310 940 1620 1019 ἐπικαρπίαν
1676 940 1927 1016 ἐντεῦθεν,
1988 941 2015 996 ὁ

383 1023 554 1079 πάντα
584 1025 827 1101 προνοίας
884 1027 1093 1106 μέτροις
1138 1027 1482 1104 ἐπιστατῶν;
1540 1030 1627 1086 ἵνα
1672 1038 1854 1109 καιροῦ
1910 1052 2015 1086 κα-

383 1109 619 1182 λοῦντος,
650 1115 901 1179 τοιούτοις
933 1118 1002 1180 εἰς
1060 1117 1159 1183 τὴν
1216 1119 1345 1196 πρὸς
1403 1118 1588 1182 αὑτοὺς
1641 1121 1785 1193 ἡμᾶς
1841 1116 2017 1174 λαϐὼν

384 1200 708 1277 ἡμερότητα,
768 1205 855 1258 καὶ
920 1206 1019 1271 τὴν
1074 1204 1215 1261 ἔνδον
1274 1205 1511 1281 γαλήνην
1564 1210 1667 1262 τῶν
1747 1205 2017 1284 λογισμῶν

385 1289 477 1342 οἶα
526 1295 631 1351 τῶς
675 1291 810 1345 κατα
856 1292 1054 1347 τούτων
1111 1291 1327 1359 ἐνούσης
1382 1295 1517 1368 ἡμῖν
1575 1293 1801 1372 ἀρχαίας
1833 1293 2016 1355 κακίας

382 1374 917 1454 ἀποσκορακισθείσης
987 1380 1254 1461 τοτὲλεον,
1332 1381 1516 1458 ῥᾳδίως
1598 1383 1844 1459 ὑπαγέγη
1901 1394 2018 1444 τοῖς

382 1462 692 1545 ἔμπροσθεν,
752 1471 838 1522 καὶ
920 1469 1018 1535 τὴν
1074 1469 1190 1525 κατ’
1276 1468 1534 1527 εὑσέὅειαν
1603 1469 1764 1532 οὕτως
1830 1467 2020 1525 ἕνωσιν

380 1551 765 1631 ἀπεργάσηται,
806 1558 872 1612 τα
901 1559 1018 1634 περὶ
1068 1566 1158 1613 τοῦ
1213 1557 1500 1636 δόγματος,
1559 1560 1631 1621 ὡς
1687 1558 1825 1636 ἔχει,
1887 1559 2023 1613 κατὰ

382 1641 572 1698 λεπτὸν
598 1646 671 1708 εἰς
701 1656 787 1700 τον
818 1645 1074 1723 ἡμέτερον
1105 1654 1223 1701 νοῦν
1280 1646 1547 1727 ἐμϐαλὼν,
1595 1646 1646 1712 ἐξ
1700 1651 1773 1701 ὧν
1834 1648 1881 1702 οί
1932 1658 2023 1708 τοῦ

353 1732 682 1820 ,Πνεύματος
735 1733 789 1788 ἐν
848 1732 1111 1814 διαφόροις
1166 1749 1396 1815 γραφαῖς
1432 1737 1599 1792 αὑτῦν
1655 1734 2019 1814 θεολογοῦντες

379 1816 766 1899 ἐφιλοσόφησαν
777 1869 791 1883 ,

460 1898 526 1965 ε’.
552 1907 706 1965 Ταῦτ’
752 1908 849 1987 ἄρα
919 1911 1005 1965 καὶ
1059 1912 1303 1975 τοιαύτας
1340 1915 1367 1967 ὁ
1398 1915 1500 1967 τ’ὖν
1529 1914 1798 1988 ἡμετέρων
1830 1918 2019 1991 ψυχῶν

380 1995 652 2065 οἰκονόμος
681 1996 969 2075 πόρρωθεν,
1015 1998 1194 2077 ὥσπερ
1240 1999 1319 2055 ἀεὶ
1377 2000 1536 2074 νόμος
1589 2005 1750 2079 αὐτῷ,
1807 2023 2012 2079 προκα-

378 2081 627 2142 ταϐάλλει
674 2087 766 2148 τὰς
819 2087 1082 2165 ἀφορμὰς,
1153 2089 1243 2144 τὸν
1312 2090 1566 2167 θεοστεφῆ
1624 2092 1710 2144 καὶ
1767 2089 2013 2166 μέγιστον

376 2174 529 2247 ἡμῶν
601 2174 954 2253 αὑτοκρατορα
1009 2183 1099 2232 τοῦ
1171 2174 1320 2252 ἔργου
1365 2178 1547 2233 τούτου
1601 2180 1789 2250 θερμὸν
1862 2179 2008 2233 ἀντι-

376 2261 615 2341 λήπτορα
654 2265 1110 2342 προστησάμενος,
1142 2265 1198 2328 ὃς
1251 2266 1370 2321 οἶον
1425 2268 1513 2321 τὸν
1556 2265 1714 2336 ζῆλον
1772 2269 1856 2322 καὶ
1914 2267 2009 2332 τὴν

373 2353 503 2431 ὑπὲρ
559 2359 657 2419 τῆς
728 2356 938 2431 εἰρήνης
996 2356 1279 2431 προθυμίαν
1332 2359 1418 2411 κ²ὶ
1473 2353 1701 2423 σπουδὴν
1753 2353 2007 2420 ἐνεδείξχ-

374 2461 458 2514 το,
491 2442 565 2506 τίς
619 2442 794 2504 ἱκανὸς
822 2448 897 2514 τῷ
939 2440 1084 2519 λόγῳ
1113 2440 1416 2521 περιλαϐεῖν
1450 2463 1464 2522 ;
1524 2446 1582 2500 οὗ
1612 2445 1719 2519 μὴν
1777 2443 1892 2501 ἀλλ’
1925 2445 2008 2500 οὑ-

379 2528 432 2585 δὲ
464 2528 487 2590 f
520 2531 617 2597 τὴν
672 2530 725 2585 ἐν
783 2531 983 2594 τούτοις
1035 2531 1161 2608 ὑπὲρ
1214 2531 1482 2609 ἄνθρωπον
1527 2534 1680 2589 αὑτοί
1732 2534 2006 2611 καρτερίαν

375 2617 536 2676 οὖδινί
594 2626 697 2676 τῶν
740 2620 985 2675 ἁπάντων
1042 2621 1197 2699 ἰσχὺς
1252 2620 1396 2677 ἔσται
1453 2620 1755 2686 διεξελθεῖν.
1812 2624 1883 2679 Οὑ
1912 2623 2009 2699 γὰρ

375 2710 508 2782 ὁμοῦ
562 2730 616 2763 τε
680 2708 982 2787 προσετάγῃ
1035 2711 1206 2764 θεόθεν
1260 2710 1587 2787 ὑπηρετῆσαι
1637 2717 1712 2783 τῷ
1767 2706 2008 2786 λειτουρ-

374 2798 597 2873 γήματι,
646 2797 731 2852 καὶ
794 2795 925 2870 ὁμοῦ
975 2808 1090 2858 τοῖς
1148 2795 1234 2851 ὑπ’
1294 2798 1447 2852 αὑτὸν
1490 2795 1849 2871 ἐντειλάμενος
1905 2798 2007 2874 ἢρ-

373 2906 548 2964 κεσεν²
576 2886 753 2963 ὥσπερ
816 2886 878 2938 ἃν
934 2883 985 2939 εἴ
1044 2906 1121 2949 τις
1171 2882 1423 2940 ὑπολάϐοι
1466 2885 1565 2951 τὴν
1621 2883 1812 2940 ἄνωθεν
1869 2890 2008 2958 αὒτῷ

373 2973 610 3031 δοθεῖσαν
680 2973 909 3038 ἐξουσίαν
965 2972 1306 3045 ἀποσκοπῶν,
1366 2971 1502 3027 ἀλλὰ
1557 2974 1755 3035 πάντας
1816 2972 2006 3053 σχεδὸν

371 3062 771 3139 ἀνθισταμένους
807 3060 989 3136 εὑρὼν,
1044 3062 1130 3117 καὶ
1190 3059 1270 3116 ὅτι
1339 3061 1531 3140 χρόνος
1575 3063 1773 3137 μακρὸς
1834 3063 1921 3140 ἀφ’
1950 3063 2009 3118 οὗ

2101 588 2397 649 Romanos
2448 591 2896 669 concinnaruut,
2954 604 3385 677 proptereaque
3413 597 3744 677 oppositum

2101 691 2276 763 omne
2308 677 2382 738 de
2414 677 2483 738 iis
2514 681 2862 754 sentientes,
2898 689 2958 743 et
2987 682 3397 763 obloquentes,
3443 684 3605 763 prius
3637 685 3746 745 hos

2102 762 2408 825 nobiscum
2444 768 2517 826 ad
2553 768 2887 847 pactionem
2936 770 3120 848 adigit
3161 771 3235 831 iis
3274 762 3740 846 conditionibus,

2100 868 2231 929 quae
2255 870 2387 913 cum
2419 872 2584 914 sacro
2610 855 2881 934 dogmate
2914 856 3060 917 nihil
3092 857 3739 921 haberentcommune.

2100 937 2226 1008 Quo
2262 940 2496 1001 tandem
2522 960 2725 1019 scopo,
2758 951 2818 1002 et
2847 962 3023 1022 quem
3069 944 3209 1005 inde
3234 945 3485 1006 fructum
3526 946 3743 1008 decer-

2100 1034 2328 1104 pturus,
2363 1031 2561 1090 omnia
2592 1029 2974 1109 providentiae
3004 1050 3282 1093 mensura
3319 1033 3647 1111 gubernat?
3675 1033 3746 1097 Ut

2101 1123 2367 1194 tempore
2400 1118 2773 1195 postmodum
2792 1128 3148 1198 opportuno,
3173 1120 3253 1181 ita
3278 1121 3522 1183 aﬂectos
3536 1141 3643 1183 nos
3658 1141 3746 1184 as-

2101 1220 2367 1277 sumens,
2403 1205 2463 1263 in
2494 1215 2858 1266 mansuetam
2889 1216 2946 1267 et
2976 1207 3268 1269 internam
3320 1209 3741 1287 cogitationum

2102 1290 2614 1369 tranquillitatem,
2651 1301 2851 1355 nostro
2881 1294 3160 1356 adversus
3190 1313 3290 1357 eos
3335 1298 3573 1377 antiquo
3605 1299 3742 1360 odio

2104 1395 2343 1457 prorsus
2374 1379 2678 1451 dissoluto,
2710 1381 2863 1442 facili
2898 1382 3128 1461 negotio
3180 1382 3526 1461 deduceret,
3560 1398 3626 1449 et
3655 1387 3742 1448 sic

2105 1466 2338 1544 pietatis
2368 1469 2644 1529 unionem
2678 1469 3223 1550 absolveret,rebus
3254 1472 3654 1550 dogmatis,uti
3678 1493 3743 1536 se

2106 1553 2347 1627 habent,
2408 1556 2686 1633 paulatim
2735 1556 2795 1618 in
2846 1565 3105 1618 nostram
3147 1566 3404 1620 mentem
3434 1560 3739 1639 immissis,

2106 1642 2417 1729 occasione
2444 1652 2676 1723 sumpta
2703 1663 2775 1706 ex
2801 1644 2894 1720 iis,
2932 1664 3062 1725 quae
3077 1645 3318 1725 Spiritui
3342 1646 3528 1710 dediti
3557 1649 3743 1729 scrip-

2108 1728 2369 1790 tiouihus
2402 1730 2523 1790 suis
2555 1731 2729 1793 variis
2759 1734 3154 1814 philosophati
3183 1743 3343 1795 sunt.

2182 1907 2237 1967 5.
2274 1907 2407 1969 Haec
2435 1908 2658 1987 itaque,
2686 1926 2795 1969 nec
2825 1908 3127 1970 absimiles
3144 1917 3478 1971 nostrorum
3504 1911 3737 1974 animo-

2096 2010 2227 2053 rum
2261 1998 2657 2076 dispensator,
2693 1996 2945 2066 eminus,
2983 1997 3067 2058 uti
3110 1998 3240 2076 ipse
3284 2000 3495 2072 suevit,
3530 2018 3736 2062 causas

2098 2082 2352 2161 projicit,
2389 2103 2493 2163 per
2523 2083 2709 2144 Deum
2748 2093 3051 2163 coronato,
3106 2085 3483 2166 maximoque
3532 2096 3734 2150 nostro

2092 2170 2452 2250 imperatore
2475 2174 2721 2251 hujusce
2744 2173 2944 2251 operis
2965 2173 3189 2236 fervido
3211 2183 3580 2253 proctectore
3596 2196 3735 2238 con-

2095 2260 2317 2334 stituto,
2352 2262 2452 2342 qui
2483 2275 2768 2341 quantum
2799 2263 3015 2337 zelum,
3050 2269 3109 2322 et
3138 2279 3243 2339 pro
3274 2281 3422 2343 pace
3454 2265 3729 2326 ardorem

2094 2350 2512 2428 ostenderit,et
2542 2368 2743 2410 curam
2776 2350 3202 2430 posuerit,quis
3234 2352 3385 2429 potis
3414 2351 3589 2412 fuerit
3609 2371 3735 2414 ser-

2093 2454 2269 2497 moue
2303 2436 2661 2517 exprimere?
2694 2439 2813 2498 imo
2852 2438 3039 2517 ipsius
3064 2456 3243 2517 supra
3269 2439 3558 2500 humanas
3579 2441 3734 2502 vires

2089 2525 2326 2586 assidua
2355 2527 2547 2587 studia
2576 2525 2770 2586 verdis
2801 2525 3076 2606 prosequi
3108 2526 3334 2587 nemini
3362 2528 3624 2588 omnium
3646 2529 3733 2590 fas

2093 2614 2290 2674 fuerit.
2354 2618 2563 2693 Neque
2622 2615 2781 2674 enim
2843 2615 3017 2674 simul
3076 2613 3359 2675 divinitus
3415 2615 3733 2693 imperium

2088 2704 2339 2782 accepit,
2376 2713 2435 2762 ut
2472 2703 2798 2763 ministerio
2824 2703 3160 2777 asserviret,
3203 2703 3454 2765 etsimul
3485 2702 3735 2764 subditis

2091 2792 2466 2871 prmcipiens,
2504 2792 2681 2853 veluti
2713 2793 2760 2851 si
2793 2791 2928 2870 quis
2976 2792 3036 2851 in
3074 2791 3268 2852 datam
3331 2790 3444 2852 sibi
3476 2791 3734 2871 desuper

2090 2897 2282 2940 auctu:
2304 2882 2506 2941 itatem
2538 2879 2888 2960 respiciens,
2924 2880 3198 2941 mandata
3240 2894 3557 2942 exsecutus
3588 2889 3679 2942 est
3712 2896 3726 2941 :

2090 2970 2193 3028 sed
2227 2987 2357 3028 cum
2392 2987 2599 3029 omnes
2635 2970 2777 3029 lere
2820 2968 2932 3028 sibi
2976 2968 3279 3029 adversari
3316 2968 3728 3048 comperisset,

2092 3066 2168 3131 et,
2205 3058 2360 3136 quod
2387 3057 2511 3135 jam
2547 3066 2777 3135 tempus
2817 3056 3055 3134 longum
3088 3055 3490 3135 praeteriisset,
3521 3074 3589 3115 ex
3615 3074 3729 3134 quo

370 3153 434 3207 τὰ
463 3162 556 3211 τοῦ
584 3152 903 3231 σχίσματος,
938 3152 1010 3213 ὡς
1055 3151 1217 3223 νόμον
1278 3151 1337 3205 τὸ
1369 3149 1667 3228 παράλογον
1722 3150 1834 3213 ἔθος
1877 3159 2002 3207 τοῦ·

2092 3132 2403 3204 dissidium
2433 3132 2700 3205 exortum
2731 3132 2941 3219 fuerat,
2964 3132 3279 3203 absurdam
3301 3143 3452 3203 hanc
3474 3132 3727 3204 consue-

369 3263 429 3297 το
482 3242 750 3319 κρατύνειν
806 3238 1099 3311 ἐθέλοντας,
1172 3244 1238 3313 τῇ
1278 3238 1473 3294 τούτων
1512 3240 1745 3311 ἀσθενείᾳ
1804 3262 2004 3316 συγκα-

367 3328 618 3402 ταϐαίνει,
680 3330 767 3385 καὶ
811 3328 1157 3406 μακροθύμως
1205 3326 1520 3406 μετέρχεται
1560 3330 1624 3386 τὰ
1682 3336 1772 3384 τοῦ
1826 3331 2004 3407 πραγ-

370 3440 559 3493 ματος,
656 3419 751 3475 Καὶ
835 3425 921 3473 νῦν
992 3416 1090 3489 μὲν
1177 3419 1371 3472 πείθειν
1442 3418 1469 3471 ὁ
1553 3415 1796 3491 βασιλεὺς
1884 3420 2003 3482 τοὺς

368 3510 631 3575 ὑπηκόους
684 3509 976 3584 ἐπιχειρεῖ,
1011 3511 1098 3559 νῦν
1155 3502 1198 3559 δ’
1256 3503 1506 3583 ἀνέχεται
1562 3512 1667 3561 τῶν
1708 3507 1807 3561 ὑπὸ
1840 3520 2002 3585 χεῖρα

368 3595 773 3674 μεγαλορρόνως
806 3597 831 3649 ο
889 3592 1146 3659 δεσπότης
1199 3592 1579 3671 ἀντιλεγόντων
1637 3594 1798 3668 αὑτῷ,
1846 3603 1998 3651 τοῦτο

370 3685 465 3759 μὲν
523 3689 589 3759 τῇ
645 3684 807 3753 οἰκείᾳ
850 3684 1107 3736 κααιταῦθα
1164 3683 1397 3749 συνήθως
1457 3682 1786 3761 χρηστότητι
1843 3684 1998 3762 χρώ-

367 3794 547 3847 μενος,
581 3776 732 3827 τοῦτο
775 3769 828 3823 δὲ
870 3771 957 3825 καὶ
998 3767 1245 3848 διακρίσει
1288 3767 1455 3833 διδοὺς
1512 3771 1715 3845 ἑαυτὸν,
1791 3777 1875 3836 οἷς
1921 3773 2000 3828 ὅτι

365 3863 425 3917 τὸ
454 3862 553 3926 τῆς
610 3857 801 3938 ἔχθρας
876 3857 1200 3935 μεσότοιχον
1252 3857 1501 3931 πολυετές
1551 3883 1607 3917 τε
1672 3863 1758 3917 καὶ
1801 3884 2002 3939 μακρο-

368 3950 605 4030 χρόνιον,
652 3947 706 4018 ἐζ
762 3949 834 4000 ὧν
877 3948 965 4002 καὶ
1021 3948 1192 4002 πάντα
1243 3948 1433 4025 τρόπον
1474 3949 1736 4028 ἐπείγεται
1767 3950 2002 4027 γενέσθαι

364 4041 461 4105 τῆς
489 4039 701 4110 εἰρήνης
732 4037 890 4109 ὑμᾶς.
950 4033 1039 4091 Ἐν
1091 4036 1256 4109 τούτῳ
1297 4046 1388 4095 τοῦ
1428 4048 1624 4095 σκοποῦ
1682 4037 2004 4117 διημερεύων

364 4128 466 4200 ἀεὶ,
512 4127 599 4182 καὶ
642 4125 827 4187 νύκτας
872 4122 999 4187 ὅλας
1058 4123 1317 4202 ἄγρυπνος
1372 4124 1745 4205 διακαρτερῶν.
1805 4127 1903 4193 ἕως
1960 4132 2003 4183 εἱ

363 4218 452 4273 καὶ
510 4214 587 4290 μὴ
655 4214 854 4276 πάντας
925 4213 1010 4267 ἐπὶ
1082 4211 1217 4286 μηδὲ
1269 4213 1479 4269 πάντων
1548 4216 1583 4281 ἡ
1642 4221 1856 4293 γνῶσις,
1914 4217 2003 4271 καὶ

363 4312 451 4361 τοῦ
472 4301 863 4365 λυσιτελούντος
919 4303 954 4368 ἡ
1011 4301 1326 4367 κατανόησις
1362 4320 1374 4332 ·
1435 4304 1495 4358 τὸ
1553 4306 1676 4380 γοῦν
1746 4303 2001 4359 πλεῖστον

365 4394 451 4449 καὶ
479 4392 752 4470 κράτιστον
810 4388 965 4468 μέρος
1020 4387 1112 4443 τοῦ
1153 4394 1251 4454 τῆς
1313 4387 1628 4457 Ἐκκλησίας
1699 4391 2000 4469 πληρώμα-

2091 3232 2354 3292 tudinem
2387 3251 2551 3312 aeque
2583 3233 2962 3312 atquelegem
2984 3231 3248 3292 stabilire
3272 3230 3729 3305 conarentur,ad

2089 3339 2293 3381 eorum
2341 3320 2741 3381 inﬁrmitatem
2792 3338 2860 3380 ac
2906 3328 3113 3379 nutum
3167 3328 3349 3379 totum
3383 3338 3447 3379 se
3477 3319 3644 3396 lingit
3672 3325 3731 3379 et

2086 3410 2581 3482 accommodat,et
2602 3412 2920 3468 toleranter
2950 3407 3124 3467 nimis
3147 3407 3449 3484 negotium
3464 3406 3724 3467 conﬁcit.

2085 3499 2159 3559 Et
2190 3517 2346 3559 nunc
2376 3497 2615 3576 quidem
2659 3497 2770 3557 sibi
2819 3495 3106 3556 obnoxios
3156 3494 3482 3575 imperator
3510 3493 3726 3556 blande

2083 3586 2311 3647 illicere
2369 3584 2711 3663 aggreditur
2744 3605 2756 3618 ·
2791 3602 2947 3644 nunc
3007 3600 3211 3642 eorum
3258 3582 3360 3662 qui
3416 3582 3527 3642 sub
3566 3582 3727 3644 illius

2084 3684 2375 3756 potestate
2396 3673 2886 3757 erant,Dominus
2904 3691 3020 3733 non
3037 3671 3262 3751 absque
3281 3669 3463 3730 animi
3488 3672 3724 3751 magni-

2084 3765 2288 3825 tudine
2317 3763 2594 3824 adversos
2617 3760 3152 3833 conatussustinet,
3190 3759 3399 3838 partim
3427 3759 3724 3838 propriam

2085 3853 2262 3915 etiam
2293 3852 2353 3912 in
2384 3853 2495 3912 hoc
2529 3870 2631 3931 pro
2665 3868 2831 3911 more
2882 3869 2987 3909 suo
3030 3848 3352 3908 bonitatem
3408 3864 3720 3929 usurpans,

2088 3941 2297 4021 partim
2322 3941 2681 4001 discretione
2705 3939 2885 3999 multa
2908 3936 3181 4011 metiens,
3223 3935 3376 4015 quod
3408 3934 3725 3996 simultatis

2087 4040 2263 4110 atque
2312 4026 3038 4090 inimicitia:interstitium
3072 4043 3177 4104 per
3209 4028 3422 4084 multos
3448 4041 3636 4083 annos
3666 4030 3724 4085 et

2086 4119 2474 4180 diuturnitate
2494 4136 2599 4177 sua
2621 4116 3000 4176 obduruerat.
3022 4112 3215 4185 Quare
3236 4111 3426 4171 modis
3444 4111 3723 4172 omnibus

2087 4217 2146 4268 et
2184 4207 2389 4266 Sedulo
2439 4206 2632 4266 studio
2676 4202 2747 4265 ad
2797 4202 3233 4263 conciliandam
3295 4199 3467 4260 nobis
3514 4216 3720 4278 pacem

2085 4295 2533 4369 conrerlitur,in
2551 4295 2661 4353 hoc
2676 4291 2975 4373 proposito
3008 4289 3291 4350 continuo
3315 4288 3578 4364 integros
3596 4287 3723 4347 dies

2084 4383 2418 4463 insumens,
2450 4392 2507 4442 et
2538 4389 2740 4442 noctes
2788 4380 3048 4455 integras
3105 4377 3410 4437 insomnes
3466 4375 3717 4450 ducens,

362 4503 450 4543 τος
483 4480 790 4556 συναγαγὼν
850 4478 920 4541 εἷς
974 4478 1154 4549 ταυτὸ,
1215 4478 1303 4533 καὶ
1359 4484 1484 4551 μιᾶς
1542 4479 1760 4555 γνώμης
1815 4500 1872 4534 τε
1915 4481 2001 4535 καὶ

2092 4472 2298 4551 deuec,
2352 4470 2462 4532 etsi
2506 4489 2620 4530 non
2674 4470 2860 4541 omni,
2898 4484 3089 4547 neque
3123 4466 3281 4526 enim
3314 4465 3579 4524 omnium
3611 4482 3717 4529 c0-

366 4567 561 4645 βουλῆς
626 4553 845 4627 τούτους
898 4563 1329 4642 ἀπεργασάμενος
1412 4572 1479 4642 τῇ
1536 4553 1628 4623 τοῦ
1658 4553 1999 4647 νεῖρηνάρχου

2092 4562 2286 4641 gnilio,
2324 4578 2516 4639 neque
2549 4558 2707 4619 utilis
2738 4556 3202 4647 comprehensio,
3241 4560 3350 4629 est,
3399 4553 3623 4647 majore
3653 4570 3721 4614 ac

364 4654 586 4734 Χριστοῦ
654 4653 920 4731 συνεργείᾳ
974 4653 1063 4708 καὶ
1121 4651 1323 4731 χάριτι,
1383 4654 1481 4720 τὴν
1541 4656 1674 4729 μετὰ
1727 4660 1822 4724 τῆς
1894 4662 1999 4711 τ’ὒν

2092 4640 2309 4731 potiore
2355 4646 2741 4710 ecclesiastici
2784 4642 3207 4734 complementi
3247 4649 3409 4722 parte
3438 4640 3499 4700 in
3530 4659 3713 4734 unum

366 4729 639 4819 οιέωμαίων
698 4729 1017 4807 Ἐκκλησίας
1117 4729 1328 4817 είρῆνην
1412 4742 1667 4823 θεοφιλῶς
1724 4744 1997 4802 ἐκτετέλε-

2092 4729 2309 4813 coacta,
2358 4746 2413 4798 et
2469 4735 2684 4798 Christi
2744 4734 2904 4815 pacis
2952 4731 3210 4823 auctoris
3255 4748 3368 4810 ope
3427 4737 3484 4823 et
3533 4729 3720 4807 gratia

361 4854 473 4891 κεν,
508 4830 675 4887 Ἀλλὰ
702 4831 768 4885 τὰ
825 4829 921 4905 μὲν
991 4829 1128 4885 κατὰ
1192 4831 1282 4885 τὸν
1350 4831 1607 4912 ἡμέτερον
1662 4835 1997 4913 αὑσονάρχην

359 4923 450 4977 τὸν
506 4918 761 4997 θεοστειρῆ
829 4939 885 4974 τε
941 4919 1027 4973 καὶ
1083 4918 1518 4995 θεομεγάλυντον,
1603 4927 1747 4984 ῦπως
1803 4922 1997 5000 θερμό-

358 5031 493 5066 τατα
521 5007 637 5064 λίαν
667 5003 1059 5085 ἀγωνισάμενος
1119 5007 1230 5081 μεθ’
1264 5006 1393 5075 ὅσης
1456 5030 1512 5064 τε
1569 5015 1666 5076 τῆς
1731 5011 1866 5066 κατά
1895 5015 1995 5085 eo.

360 5099 470 5178 χὴν
540 5094 808 5174 διαπύρου,
878 5096 965 5152 καὶ
1027 5099 1435 5172 συντομωτάτης
1490 5098 1680 5177 ὁρμῆς,
1740 5101 1826 5155 καὶ
1882 5096 1995 5172 μεθ’

2082 4844 2284 4891 eorum
2318 4824 2582 4886 consiliis
2605 4823 3039 4902 sententiisque
3059 4820 3129 4881 ad
3160 4838 3324 4881 suam
3355 4820 3716 4881 voluntatem

2081 4915 2375 4988 adductis,
2426 4932 2558 4974 cum
2618 4912 2879 4973 Romana
2913 4910 3180 4973 Ecclesia
3210 4927 3435 4989 pacem,
3474 4909 3559 4968 uti
3593 4907 3716 4970 Deo

2080 5007 2402 5084 placuerat,
2439 5002 2708 5062 absolvit.
2758 5000 2873 5061 Sed
2924 4998 3219 5080 quomodo
3273 4999 3593 5078 imperator
3624 4996 3718 5058 hic

2080 5101 2306 5172 noster,
2361 5092 2523 5171 quia
2554 5090 2673 5151 Deo
2734 5097 3049 5151 coronatus
3104 5096 3213 5167 est,
3268 5095 3325 5148 et
3366 5105 3472 5147 sua
3513 5086 3716 5147 incre-

361 5185 482 5249 οἷάς
543 5190 640 5252 τῆς
705 5186 979 5259 ὑπομονῆς
1028 5186 1115 5240 καὶ
1158 5185 1562 5265 μεγαλοψυχίας
1620 5188 1719 5255 την
1789 5189 2000 5266 εἰρήνην

2092 5190 2282 5243 menta
2341 5181 2623 5259 suscepit,
2682 5177 3205 5241 vehementissima
3254 5174 3602 5238 incitatione
3660 5185 3719 5236 et

358 5275 724 5353 κατώρθωσεν,
760 5271 818 5329 οὑ
886 5279 979 5328 τού
1035 5273 1291 5350 παρόντος
1353 5263 1525 5353 λέγειν
1580 5283 1786 5355 καιρού,
1833 5263 1999 5340 Μόλις

2092 5270 2297 5332 ardore
2352 5269 2624 5330 insatiato
2676 5266 3085 5347 decertaverit,
3123 5275 3181 5328 et
3229 5284 3404 5347 quam
3464 5263 3711 5355 fervido,

360 5364 460 5443 γάρ
517 5362 579 5418 ἂν
636 5364 724 5419 καὶ
806 5359 907 5433 ἰδίᾳ
964 5383 1042 5425 τις
1097 5365 1429 5441 πραγματείᾳ
1510 5365 1575 5420 τά
1629 5354 1747 5444 περὶ
1806 5366 2003 5422 τούτων

2092 5369 2147 5423 et
2196 5359 2566 5421 contentioso
2614 5357 2799 5418 animi
2853 5357 3102 5436 impetu,
3137 5363 3197 5417 et
3239 5374 3355 5436 qua
3409 5354 3720 5416 tolerantia

357 5452 716 5532 παραστάσεις
748 5456 969 5529 τρανῶς.

2092 5457 2149 5511 et
2203 5447 2681 5527 magnanimitate
2757 5464 2959 5527 pacem
3028 5445 3379 5526 perfecerit,
3442 5452 3720 5532 nonest

359 5531 668 5621 praesentis
697 5537 980 5616 temporis
1011 5537 1273 5600 scribere
1329 5538 1437 5602 Vix
1470 5540 1627 5603 enim
1657 5549 1713 5604 et
1741 5539 2026 5621 singulari
2082 5537 2374 5621 quispiam
2422 5536 2497 5600 de
2531 5535 2694 5599 hisce
2744 5533 3115 5612 tractatione,
3156 5537 3355 5597 omnia
3405 5531 3718 5615 perspicue

364 5627 802 5692 memoraverit.
