4214 6296
330 319 500 386 1045

321 476 431 519 τας
490 457 824 515 παντάπασιν
859 478 873 492 °

329 542 455 603 οῦδέ
524 543 793 624 προσιδεῖν
864 551 1006 621 ἡμᾶς
1074 548 1371 627 στέγουσιν,
1432 551 1509 623 μή
1573 550 1653 604 τοί
1700 570 1760 625 γε
1816 569 1987 625 προσ-

334 631 598 704 ομιλῆσαι
685 637 772 691 καὶ
844 633 1185 715 διαλεχθῆναι
1270 637 1336 692 τὰ
1417 636 1593 692 εἰκότα
1674 637 1790 707 περὶ
1883 642 1988 691 τῶν

328 722 670 794 ζητουμένων
743 725 901 798 ἡμῖν.
974 725 1098 803 Περὶ
1167 726 1265 804 γὰρ
1347 729 1452 780 τῶν
1507 724 1705 795 ἄλλων,
1768 726 1820 781 οἳ
1906 722 1990 779 διὰ

332 812 526 865 κακίαν
597 813 686 868 καὶ
745 826 929 887 μῖσος,
992 815 1088 870 εἰσὶ
1144 815 1268 893 γὰρ,
1330 813 1427 870 εἶσί
1503 835 1640 877 τινες
1728 814 1815 869 καὶ
1871 835 1986 868 τοι·

336 897 504 970 οὗτοι,
565 921 657 957 του
713 902 884 957 Σατὰν
939 899 1327 976 ἐνδεικνυμένου
1398 902 1657 959 κάνταῦθα
1735 902 1831 968 τὴν
1903 904 1986 958 οἱ·-

339 990 486 1041 κείαν
597 987 885 1067 ἐνέργειαν,
987 992 1262 1070 φεύγουσιν
1340 992 1482 1065 ἡμᾶς
1564 988 1981 1066 βδελυττόμενοι,

336 1075 390 1130 τί
462 1077 574 1155 χρὴ
625 1080 711 1133 καὶ
774 1077 971 1156 λέγειν,
1047 1078 1135 1144 οὕς
1221 1078 1608 1156 ἂνορθῶσασθαι
1683 1080 1842 1153 μόνον
1899 1077 1988 1134 τοῦ

339 1165 463 1227 τοὺς
522 1168 734 1242 νεκροὺς
790 1175 1169 1238 ζωοποιοῦντος
1261 1174 1413 1241 Θεοῦ,
1501 1173 1682 1247 σαφῶς
1755 1165 1857 1234 ἤδη
1913 1172 1988 1239 τῷ

343 1253 519 1330 φθόνῳ
573 1256 993 1319 καταπεσόντας,
1040 1259 1128 1313 καὶ
1195 1256 1672 1331 κινδυνεύσαντας;
1732 1257 1834 1319 Οἷς
1903 1251 1991 1311 καὶ

340 1338 535 1419 δάκρυα
606 1343 807 1418 μᾶλλον
896 1347 1223 1421 συμπαθείας
1333 1345 1649 1423 ἀρμόζουσιν
1727 1345 1762 1413 ἢ
1838 1342 1989 1420 λόγοι

342 1431 473 1507 πρὸς
530 1434 592 1487 τὸ
646 1448 888 1511 κρεῖττον
949 1432 1289 1508 μεθέλκοντες
1324 1454 1338 1467 °
1385 1434 1485 1490 ὅτι¹
1530 1432 1665 1508 μηδὲ
1723 1437 1981 1503 πείσουσι,

343 1520 480 1575 κατὰ
524 1522 615 1577 τὸν
645 1523 856 1579 εἰπόντα
911 1525 1092 1602 σοφὸν,
1126 1520 1232 1579 οὐδ’
1289 1522 1356 1591 ἣν
1399 1523 1668 1581 πείσωσιν.
1715 1523 1864 1580 Οὕτω
1919 1526 1987 1596 τῇ

342 1609 475 1685 πρὸς
557 1611 618 1665 τὸ
700 1609 862 1667 καλὸν
933 1612 1182 1686 μετουσίᾳ
1249 1613 1551 1685 τεθνήκασι,
1597 1618 1666 1688 τῇ
1731 1610 1984 1687 βασκανίᾳ

339 1697 436 1764 τὴν
464 1698 683 1773 γνώμην
739 1699 858 1756 κατ’
915 1700 1092 1777 ὀλίγοι
1149 1700 1394 1764 τακέντες
1454 1703 1539 1758 γαὶ
1595 1701 1761 1777 ταύτῃ
1804 1701 1982 1777 σαφῶς

1269 323 1367 389 DE
1409 326 1915 414 PROCESSIONE
1966 323 2026 384 S.
2073 323 2424 387 SPIRITUS
2470 327 2695 389 ORAT.
2745 329 2791 390 Ι.

951 461 999 514 οἱ
1067 457 1123 514 δὲ
1177 457 1243 515 δι’
1290 460 1524 538 ἀπειρίαν
1582 457 1720 522 ὅλως
1773 463 1984 538 Γραφῶκ.

2078 454 2194 514 Alii
2218 453 2661 536 Scripturarum
2688 461 3054 539 experientia
3075 460 3363 541 destituti,
3394 479 3506 523 nec
3527 461 3721 523 oculis

3566 326 3722 393 1046

2071 562 2178 603 nos
2208 546 2473 624 aspicere
2506 548 2818 623 sustinent,
2850 556 3072 611 tantum
3104 550 3289 625 abest,
3317 559 3380 611 ut
3407 557 3722 612 consuetu-

2069 631 2206 692 dine
2231 642 2430 694 nostra
2449 635 2848 712 delectentur,
2885 647 2942 698 et
2973 638 3048 700 de
3077 638 3256 700 rebus
3277 638 3474 699 dubiis
3502 638 3720 716 agitata

2069 719 2129 779 in
2160 739 2478 784 commune
2508 725 2812 802 congressi
2842 726 3134 788 deferant.
3165 729 3248 789 De
3273 727 3404 787 aliis
3432 726 3590 787 enim
3618 727 3723 806 qui

2071 806 2145 866 ob
2177 808 2621 886 improbitatem
2654 820 2712 873 et
2741 812 2963 877 odium.
2996 822 3133 875 sunt
3164 814 3348 888 enim,
3377 822 3511 875 sunt
3541 814 3717 876 etiam

2070 898 2340 957 nonnulli
2369 898 2449 959 ita
2477 900 2696 970 alfecti,
2749 902 2852 981 qui
2887 900 3104 964 Satana
3155 902 3251 963 hic
3280 920 3516 982 quoque
3546 920 3714 963 suam

2067 982 2183 1042 vim
2205 996 2851 1061 commonstrante,nos
2885 991 3274 1052 abhorrentes
3310 990 3719 1071 fugiunt,quos

2072 1075 2265 1155 plane,
2293 1077 2420 1155 jam
2452 1079 2779 1142 invidentia
2807 1101 3144 1161 oppressos,
3179 1091 3237 1144 et
3258 1082 3579 1143 infortunio
3604 1082 3715 1142 de-

2073 1181 2298 1224 mersos
2334 1165 2393 1225 in
2426 1184 2629 1227 sanam
2698 1178 2960 1231 mentem
3014 1170 3324 1244 reducere,
3378 1169 3561 1231 solius
3609 1169 3719 1232 Dei

2074 1260 2336 1312 mortuos
2381 1255 2729 1317 viviﬁcantis
2778 1257 2977 1331 fuerit,
3032 1260 3170 1338 quid
3224 1259 3541 1320 dicendum
3579 1258 3719 1319 est?

2072 1338 2191 1399 llos
2215 1341 2487 1421 lacryma:
2507 1345 2696 1423 potius
2724 1346 3264 1407 commiserationis
3285 1348 3713 1426 decent,quam

2070 1426 2140 1487 ad
2176 1429 2419 1491 meliera
2450 1432 2765 1496 illicientes
2797 1435 3289 1515 sermones,quod
3318 1453 3434 1495 non
3468 1453 3713 1513 persua-

2068 1515 2314 1589 debunt,
2351 1521 2667 1600 utsapiens
2690 1523 2791 1583 ille
2822 1523 2989 1602 dixit,
3024 1524 3258 1584 etiamsi
3290 1523 3709 1601 persuadeant:

2067 1603 2153 1664 sic
2183 1606 2241 1665 in
2275 1607 2411 1670 boni
2436 1611 2857 1673 communione
2888 1615 3137 1672 emortui
3170 1622 3331 1685 sunt,
3357 1611 3547 1671 livore
3570 1629 3717 1690 pau-

2066 1692 2226 1753 latim
2252 1705 2446 1757 mente
2480 1698 2777 1777 tabel‘acti,
2816 1717 3002 1780 eaque
3036 1700 3208 1779 plane
3238 1698 3471 1760 reducti
3516 1699 3576 1759 in
3615 1700 3713 1759 ni-

339 1787 412 1848 είς
477 1759 543 1842 ’τὸ
576 1759 586 1773 ι
614 1788 866 1855 παντελὲς
934 1759 1360 1867 ὑποῤῥεύσαντες,
1424 1788 1575 1847 Ἀλλ’
1631 1759 1828 1846 ἐκεῖνοι
1886 1759 1981 1859 μὲν

2083 1780 2416 1846 hilum.Sed
2454 1787 2545 1846 isti
2572 1759 2811 1867 quidem
2940 1759 3052 1849 bac‘
3074 1759 3339 1849 oratione
3374 1791 3543 1866 longe
3570 1806 3714 1867 pro-

340 1872 585 1954 ἐρῥίςρθων
638 1884 728 1934 τοῦ
783 1877 942 1955 λόγου
1000 1880 1181 1937 τούτου
1264 1880 1494 1958 μακρὰν,
1589 1882 1661 1941 ὡς
1759 1878 1984 1935 ἀνιάτως

2080 1871 2410 1949 tradantur,
2437 1885 2713 1955 tanquam
2744 1877 2846 1956 qui
2875 1876 3189 1938 insanabili
3217 1876 3457 1954 ingenio
3478 1876 3713 1948 sunt;ad

339 1969 439 2029 τῆς
469 1966 822 2042 προαιρέσεως
867 1966 1084 2046 ἔχοντες
1119 1984 1132 1997 ⁸
1180 1970 1311 2046 πρὸς
1369 1967 1424 2023 δὲ
1480 1970 1599 2031 τοὺς
1665 1967 1838 2031 ἄλλως
1870 1966 1984 2023 δια-

2075 1960 2222 2020 alios
2253 1981 2389 2023 vero
2420 1965 2519 2043 qui
2549 1966 2719 2025 aliter
2748 1966 2940 2026 allecti
2970 1976 3106 2027 sunt
3129 1968 3202 2027 de
3228 1984 3476 2045 quorum
3501 1966 3715 2025 sanita-

346 2053 647 2133 κειμένους,
679 2055 734 2110 ο⁴ί
772 2058 859 2112 καὶ
914 2057 1012 2119 τὴν
1066 2058 1341 2135 θεραπείαν
1400 2056 1475 2113 ἔτι
1532 2059 1699 2137 τυχὸν
1757 2055 1984 2135 προσδο-

2076 2055 2129 2107 te
2160 2068 2275 2109 non
2308 2052 2715 2131 deSperamus,
2743 2056 2977 2114 tandem
3008 2054 3169 2115 enim
3195 2054 3509 2134 aliquando
3534 2053 3714 2114 corda

343 2143 589 2221 κήσιμοι,
648 2146 735 2200 καὶ
805 2145 904 2223 γὰρ
974 2146 1113 2208 εἰκὸς
1186 2147 1285 2220 6ψέ
1364 2148 1449 2201 καὶ
1522 2145 1675 2221 μόλις
1760 2145 1989 2221 ἅψασθαί

344 2251 393 2284 τι
437 2232 535 2297 τῆς
596 2235 765 2290 αὐτῶν
826 2231 1036 2311 καρδίας
1096 2234 1240 2311 ῥῆμα
1298 2236 1580 2313 σωτήριον,
1646 2236 1736 2290 τὸν
1832 2233 1989 2311 λόγον

345 2319 595 2384 ποιητέον
665 2323 822 2396 ἡμῖν,
895 2322 948 2377 ἐν
1003 2327 1048 2397 ᾤ
1101 2325 1189 2380 καὶ
1244 2324 1338 2388 τὰς
1408 2324 1665 2403 γραφικάς
1736 2323 1983 2401 χρήσεις,

345 2408 439 2470 αἶς
469 2406 773 2489 ἐντυχοῦσιν
802 2409 1128 2487 ὀδηγηθῆναι
1199 2414 1326 2490 πρὸς
1381 2413 1478 2479 τὴν
1530 2410 1776 2478 ἀληθειαν
1805 2411 1983 2469 ἀπλα-

348 2499 447 2560 νῶς
507 2495 790 2575 ἐξεγένετο,
850 2500 1228 2574 κατατάξομεν,
1284 2502 1349 2558 τὰ
1423 2500 1548 2576 παρ’
1606 2503 1800 2557 ἑαυτῶν
1858 2523 1982 2557 συν-

348 2585 599 2653 τιθέντες,
632 2591 719 2643 καὶ
787 2589 876 2644 τὸν
933 2598 1052 2647 νοῦν
1110 2588 1276 2645 αὐτῶν
1334 2592 1404 2653 ὡς
1473 2588 1685 2665 δύναμις
1716 2589 1982 2645 ἀναπτύσ-

348 2696 546 2740 σοντες.
584 2664 741 2731 ’Ἐστι
797 2675 842 2732 δ’
913 2676 1045 2733 ὅπου
1113 2680 1199 2734 καὶ
1255 2679 1320 2734 τὰ
1374 2680 1479 2734 τῶν
1538 2679 1781 2734 ἐναντίων
1827 2678 1982 2734 ἀνθυ-

346 2764 682 2842 ποφέροντες,
730 2768 817 2822 καὶ
875 2774 1035 2823 ταῦτα
1092 2768 1227 2822 κατὰ
1281 2767 1380 2834 τὴν
1437 2768 1491 2822 ὲν
1547 2769 1682 2840 ἡμῖν
1724 2769 1983 2845 χορηγίαν

349 2860 439 2908 τνῦ
486 2854 783 2927 Πνεύματος
841 2853 1072 2930 λύοντες,
1131 2857 1204 2920 ὡς
1274 2854 1335 2910 ἂν
1381 2859 1426 2911 οἱ
1495 2855 1590 2931 μὲν
1646 2853 1712 2910 δι’
1769 2853 1983 2933 ἄγνοιαν

348 2942 547 2996 τούτων
604 2941 980 3009 ἀποπηδῶντες
1035 2947 1190 3019 ἡμῶν
1268 2942 1582 3023 διδαχθῶσιν
1680 2942 1812 3008 ἴσως
1881 2944 1983 3000 κάκ

2072 2154 2275 2197 eorum
2306 2157 2339 2199 a
2363 2140 2583 2200 salubri
2606 2142 2784 2202 verbo
2817 2144 3240 2203 commovenda
3269 2141 3394 2202 fore
3413 2151 3710 2221 putamus,

2071 2231 2467 2289 convertenda
2497 2242 2699 2289 nostra
2729 2230 2913 2290 oratio
2967 2239 3077 2303 est,
3109 2230 3170 2290 in
3229 2249 3343 2309 qua
3396 2239 3453 2292 et
3490 2229 3710 2308 scripto

2072 2313 2282 2375 tradita
2314 2316 2672 2396 testimonia,
2707 2317 2766 2377 in
2799 2336 2926 2397 qua:
2954 2318 3092 2378 dum
3114 2337 3221 2379 nos
3249 2318 3589 2392 incidimus,
3608 2336 3709 2380 ve-

2070 2400 2302 2463 ritatem
2336 2403 2520 2484 ipsam
2572 2405 2792 2485 absque
2823 2423 3027 2467 errore
3055 2406 3311 2486 penitius
3343 2406 3706 2485 introspexi-

2068 2508 2220 2571 mus,
2268 2492 2628 2568 digeremus,
2675 2503 2873 2554 nostra
2900 2502 3350 2573 componentes,
3383 2512 3711 2574 eorumque

2065 2581 2443 2655 sententiam,
2482 2582 2560 2642 uti
2595 2583 2722 2643 h'eri
2753 2591 2963 2662 potest,
2999 2593 3383 2662 exponentes.
3412 2584 3712 2643 nonnullis

2070 2668 2244 2726 etiam
2279 2667 2340 2727 in
2370 2668 2516 2729 locis
2542 2669 3012 2730 adversariorum
3045 2668 3542 2732 contradictiones
3560 2670 3708 2730 all‘e-

2065 2763 2514 2836 rentes,easque
2537 2758 2618 2817 uti
2648 2758 2818 2820 nobis
2847 2760 3134 2819 concedet
3163 2758 3439 2838 Spiritus,
3492 2758 3709 2819 dissol-

2067 2852 2290 2923 ventcs,
2318 2854 2379 2905 ut
2405 2848 2503 2925 qui
2528 2861 2768 2927 propter
2798 2848 3233 2927 ignorationem
3268 2866 3302 2907 a
3333 2846 3503 2907 nobis
3548 2847 3705 2908 desi-

2066 2931 2570 3006 liunt,doceantur
2590 2935 2765 2995 velex
2786 2937 2910 2996 sola
2940 2937 3269 2996 divinarum
3302 2953 3509 2995 vocum
3543 2936 3713 2997 audi-

351 3030 516 3103 μόνης
560 3030 657 3098 τῆς
686 3038 792 3087 τῶν
862 3033 1011 3089 θείων
1069 3039 1255 3113 φωνῶν
1307 3033 1627 3108 ἀκροέσεως,
1665 3033 1742 3106 μὴ
1787 3028 1976 3110 c9335?-

2067 3020 2221 3081 tione
2243 3038 2312 3080 ex
2342 3039 2473 3081 sese
2498 3022 2903 3098 timorem,ubi
2932 3026 3107 3085 timor
3136 3042 3252 3083 non
3284 3033 3392 3098 est,
3418 3022 3706 3102 abjicere,

348 3120 467 3173 σθαι
515 3117 697 3197 φόϐον,
731 3126 791 3175 οῦ
820 3122 895 3193 μή
928 3120 1037 3177 ἐστι
1068 3118 1245 3200 φόϐος,
1320 3122 1453 3176 κατᾶ
1508 3121 1597 3176 τὸν
1656 3118 1977 3195 ψαλμογρά-

347 3228 442 3283 φον
477 3205 665 3279 Δαυῖδ,
713 3207 749 3275 ἢ
822 3208 1023 3283 μᾶλλον
1092 3210 1190 3274 τὴν
1255 3208 1535 3276 ἐπαινετὴν
1587 3206 1779 3263 δειλίαν
1836 3206 1978 3263 ἔνδον

351 3297 406 3349 ὶν
471 3293 655 3373 καρδίᾳ
724 3295 1092 3369 συλλαϐόντες,
1167 3299 1254 3352 καὶ
1318 3296 1689 3367 ὠδινήσαντες,

346 3384 606 3460 σωτηρίας
666 3385 950 3459 ἐκτέκοιεν,
1038 3385 1092 3442 ἐν
1148 3387 1223 3456 τῷ
1287 3384 1640 3463 προσδραμεῖν
1730 3383 1975 3460 ἑτοίμως,

348 3472 432 3526 καὶ
498 3473 592 3534 τὰς
644 3474 823 3552 ψυχὰς
893 3475 1063 3531 ὀπίσω
1114 3472 1440 3541 κολληθῆναι
1496 3475 1602 3530 τῶν
1685 3472 1978 3551 ἡμετέρων,

347 3561 405 3615 Οἱ
437 3556 491 3614 δὲ
548 3562 736 3624 ταυτὰς
796 3561 1245 3639 παρεξηγούμενσι
1286 3576 1409 3626 ταῖς
1466 3564 1644 3640 ὀρθαῖς
1686 3565 1838 3636 ἡμῶν
1896 3563 1981 3616 καὶ

344 3644 693 3711 ἀδιαπτώτοις
751 3648 994 3730 ἐννοίαις,
1096 3648 1156 3706 ἄν
1240 3650 1338 3726 ἄρα
1406 3653 1492 3707 καὶ
1574 3649 1979 3727 συγκαταθέσθαι

345 3734 612 3803 δυνηθεῖεν
679 3740 886 3811 αὒτιῖς,
946 3745 1043 3806 τὴς
1099 3741 1354 3818 προτέρας
1429 3741 1774 3818 καταγνόντες
1853 3740 1980 3797 ἑαυ-

346 3831 451 3880 τῶν
507 3824 827 3901 ὑπολήψεως
879 3829 940 3884 τὸ
983 3827 1193 3907 ἀκριϐὲς
1264 3837 1357 3886 τοῦ
1412 3830 1674 3907 δόγματος
1734 3829 1980 3903 μεταμά-

346 3918 495 3990 θωσι,
528 3917 616 3971 καὶ
661 3924 737 3991 μὴ
788 3917 1024 3992 τολμῶσι
1071 3917 1246 3996 λέγειν
1288 3921 1361 3983 ὡς
1432 3917 1539 3996 ἐγὼ
1592 3940 1732 3981 τινος
1788 3918 1981 3973 ἒπυθό-

348 4024 456 4075 μην
531 4008 724 4078 αὒτῶν,
799 4003 1156 4071 ἀϐασανίστως
1238 4009 1379 4080 ἡμᾶς
1463 4008 1557 4070 τὰς
1655 4010 1758 4062 τῶν
1818 4006 1978 4082 ἁγίων

350 4090 590 4169 Πατέρων
647 4091 955 4168 δεξαμένους
1009 4097 1210 4175 φωνὰς,
1280 4098 1374 4157 τας
1456 4093 1672 4159 δόξαντα
1739 4094 1978 4170 συνάγειν

348 4188 547 4255 κακῶς,
595 4182 713 4239 ἀλλ’
757 4184 810 4240 ἔν
839 4187 925 4241 καὶ
978 4188 1038 4242 τὸ
1081 4188 1207 4242 αὐτὸ
1264 4192 1571 4265 φρονοῦντες
1601 4185 1836 4262 γένοιντο
1865 4182 1976 4260 μεθ’

1775 3304 1979 3371 πνεῦμα

347 4270 521 4345 ἦμῶν,
566 4274 653 4331 καὶ
723 4280 876 4350 κοινῇ
944 4275 1042 4341 τὴν
1086 4273 1277 4352 Τριάδα
1322 4273 1640 4351 δοξάνωμεν,
1699 4274 1797 4341 τὴν
1857 4275 1977 4348 μίαν
2000 4310 2046 4360 D

343 4361 573 4425 θεότητά
656 4384 714 4418 τε
770 4364 857 4418 καὶ
913 4360 1152 4440 δύναμιν,
1210 4364 1328 4438 περὶ
1417 4362 1481 4429 ἧς
1541 4360 1642 4428 ἤδη
1722 4363 1810 4417 καὶ
1864 4364 1979 4439 πρὶν

349 4455 438 4504 τοῦ
494 4452 803 4523 ζητήματος
862 4448 1150 4523 εἰσϐαλεῖν,
1223 4451 1427 4529 βραχέα
1512 4449 1795 4515 διεξελθεῖν
1838 4451 2013 4527 ἠγηη

348 4537 572 4612 σάμενος
616 4537 747 4611 δεῖν,
800 4539 935 4594 οὕτω
986 4539 1083 4616 γὰρ
1141 4539 1202 4593 ἂν
1255 4542 1282 4594 ὁ
1335 4537 1492 4615 λόγος
1551 4536 1826 4604 εῦοδῶθείη
1855 4540 1985 4615 πρὸς

347 4629 407 4682 τὸ
472 4627 837 4707 προκείμενον,
897 4628 1054 4693 αὐτὴν
1139 4625 1343 4693 ἐκείνην
1439 4627 1791 4701 ἐπικαλοῦμαι

348 4719 468 4778 τοὺς
541 4715 816 4778 ἀσυνέτους
868 4720 955 4772 καὶ
1017 4715 1246 4795 ἀσόφους
1304 4717 1659 4785 συνετίζουσαν
1702 4717 1789 4771 καὶ
1831 4716 1983 4794 σοφί-

347 4811 557 4875 ζουσαν,
632 4803 684 4858 ἐν
753 4805 803 4872 ἦ
859 4804 1045 4869 πάντες
1101 4806 1146 4860 οἱ
1215 4809 1313 4871 τῆς
1396 4803 1640 4879 γνώσεως
1700 4804 1984 4882 ἀπόκρυφοι

346 4893 593 4968 θησαυροὶ
662 4893 797 4948 κατὰ
863 4894 953 4948 τὸν
1013 4892 1178 4967 μέγαν
1255 4891 1604 4970 Ἀπόστολον,
1681 4890 1836 4969 λόγον
1896 4915 1985 4966 μοι

348 4981 653 5059 παρασχεῖν
684 4980 737 5035 ἐν
794 4980 980 5045 ἀνοίξει
1037 4987 1130 5036 τοῦ
1183 4983 1471 5053 στόματος,
1535 4980 1626 5035 ’ίνα
1682 4987 1774 5036 τοῦ
1816 5002 1986 5058 προσ-

346 5069 593 5140 ήκοντος,
624 5069 744 5125 οἷον
785 5090 843 5125 τε
899 5071 1340 5148 κατευστοχήσας
1396 5067 1666 5137 δυνηθείην
1721 5072 1892 5125 εἰπεῖν
1935 5091 1984 5124 τι

344 5161 443 5223 τῆς
486 5157 624 5221 θείας
670 5156 1124 5235 μεγαλοπρεπείας
1156 5156 1389 5221 ἐπάξιον,

427 5236 487 5307 ι’,
525 5234 700 5302 ’Ἱλαθι
757 5245 811 5301 δέ
865 5268 955 5320 μοι
1011 5249 1072 5301 τὸ
1142 5244 1358 5324 φοϐερὸν
1412 5259 1530 5311 τοῖς
1585 5255 1745 5303 πᾶσιν
1815 5249 1980 5324 ὄνομα

346 5335 433 5389 καὶ
477 5336 714 5412 φρικτὸν,
776 5334 871 5390 Θεὲ
932 5338 1017 5390 καὶ
1092 5335 1246 5413 Κύριε
1304 5342 1395 5391 τοῦ
1450 5338 1669 5411 παντὸς,
1729 5338 1979 5415 ἀγέννητε

346 5422 540 5498 Πατὲρ,
603 5423 689 5478 Υιὲ
734 5430 1038 5501 μονογενὲς,
1084 5425 1170 5479 καὶ
1230 5430 1442 5498 Πνεῦμα
1499 5427 1729 5506 συμφυές
1787 5448 1845 5484 τε
1895 5428 1982 5484 καὶ

346 5515 640 5592 σύνθρονον,
690 5517 833 5583 ἡτῶν
874 5514 1039 5571 ὄντων
1094 5515 1414 5595 ὑπεράρχιος
1471 5519 1618 5599 ἀρχὴ
1676 5523 1762 5577 καὶ
1818 5521 1979 5598 ὑπέρ-

346 5625 563 5682 χρονος,
607 5606 668 5660 τὸ
744 5604 1032 5683 τριλαμπές
1091 5604 1279 5682 κράτος
1339 5607 1426 5661 καὶ
1481 5607 1694 5689 ἀμερὲς,
1754 5611 1787 5678 ἡ
1845 5611 1979 5684 ὁμο-

1888 4627 1985 4691 τὴν

2064 3108 2149 3168 uti
2178 3106 2542 3170 Psalmorum
2574 3112 2827 3190 scriptor
2857 3112 3037 3173 David
3064 3112 3346 3189 insinuat;
3372 3111 3494 3171 sive
3512 3112 3703 3191 potius

2062 3198 2340 3260 laudabili
2374 3201 2585 3262 timore
2607 3220 2713 3262 suo
2745 3205 2922 3264 corde
2957 3202 3340 3282 trepidantes,
3389 3211 3448 3262 et
3500 3203 3707 3262 salntis

2062 3287 2332 3366 spiritum
2357 3289 2784 3368 concipientes,
2820 3291 3002 3352 fetum
3036 3290 3441 3363 elﬁcere,dum
3465 3306 3707 3369 promp-

2066 3385 2119 3435 te
2149 3375 2223 3436 ad
2249 3394 2354 3436 nos
2372 3377 2767 3457 confugerint.
2790 3398 2858 3443 ex
2880 3380 3078 3439 animo
3110 3387 3290 3439 menti
3325 3387 3539 3438 nosth
3567 3396 3707 3438 con-

2063 3464 2351 3542 glutinati.
2383 3464 2491 3537 Qui
2523 3486 2658 3529 vero
2681 3487 2748 3529 ea
2771 3487 2945 3548 prave
2995 3469 3486 3547 interpretantur,
3522 3465 3706 3527 rectis

2064 3555 2281 3614 nostris
2311 3572 2377 3615 ac
2424 3556 2612 3616 ﬁrmis
2643 3557 3121 3638 cogitationibus,
3156 3557 3203 3618 si
3238 3566 3428 3617 tamen
3463 3556 3583 3615 illis
3613 3573 3706 3617 as-

2064 3657 2302 3704 sensum
2363 3645 2624 3724 prazbere
2681 3647 2987 3728 valuerint,
3037 3648 3232 3727 priore
3279 3666 3384 3707 sua
3425 3646 3704 3727 opinione

2065 3732 2397 3807 amandata,
2427 3744 2699 3797 accurata
2715 3738 3003 3812 dogmatis
3034 3736 3285 3798 scientia
3313 3736 3700 3810 instruantur,

2066 3837 2175 3879 nec
2204 3822 2458 3883 audeant
2488 3826 2783 3900 dicere,ut
2812 3846 2920 3905 ego
2952 3846 3022 3887 ex
3069 3829 3272 3888 nescio
3317 3844 3433 3905 quo
3460 3843 3703 3885 eorum-

2067 3909 2199 3968 dem
2230 3911 2445 3986 audivi,
2464 3932 2579 3973 non
2603 3914 2824 3995 absque
2849 3916 2964 3976 ullo
2991 3915 3261 3976 examine
3292 3913 3447 3974 dicta
3466 3913 3703 3973 Patrum

2066 3999 2448 4076 excipientes,
2484 4021 2614 4081 quae
2658 4005 2829 4065 nobis
2862 4006 3152 4077 videntur,
3192 4004 3341 4063 male
3391 4002 3701 4080 colligere,

2065 4087 2168 4147 sed
2201 4108 2379 4149 unum
2395 4091 2616 4152 etidem
2638 4098 2968 4155 sentientes
2983 4092 3285 4153 nobiscum
3318 4089 3706 4171 depaciscan-

2068 4186 2180 4250 tur,
2214 4186 2269 4237 et
2294 4180 2468 4240 simul
2505 4199 2620 4240 una
2650 4200 2856 4241 omnes
2888 4181 3232 4242 Trinitatem
3263 4181 3698 4257 gloriﬁcemus,

2066 4265 2343 4328 deitatem
2373 4288 2545 4330 unam
2592 4279 2646 4330 et
2694 4280 3060 4348 potestatem,
3095 4269 3170 4328 de
3220 4286 3337 4347 qua
3387 4277 3705 4345 antequam

2071 4354 2451 4432 qumstionem
2484 4357 2670 4436 ipsam
2701 4359 3028 4437 aggrediar,
3064 4356 3318 4416 breviter
3340 4356 3562 4435 aliquid
3596 4355 3710 4415 dis-

2068 4448 2387 4505 serendum
2412 4466 2542 4507 esse
2575 4447 2939 4519 existimans,
2964 4446 3049 4505 sic
3084 4443 3242 4505 enim
3275 4444 3458 4504 oratio
3483 4442 3554 4504 ad
3583 4460 3707 4504 rem

2067 4533 2178 4592 sibi
2204 4535 2558 4612 propositam
2591 4535 2880 4595 concinne
2910 4532 3500 4611 dirigetur,eamdem
3519 4531 3707 4611 ipsam

2066 4621 2298 4701 invoco,
2334 4644 2464 4703 quae
2509 4625 2719 4685 stultos
2773 4633 2947 4702 atque
2992 4621 3343 4701 insipientes
3389 4622 3712 4700 prudentes

2067 4712 2483 4792 sapientesque
2509 4713 2664 4793 facit,
2693 4712 2754 4771 in
2788 4730 2901 4791 qua
2931 4727 3138 4771 omnes
3176 4710 3534 4788 cognitionis
3586 4712 3708 4771 the-

2069 4804 2246 4879 sauri,
2279 4803 2365 4863 sic
2396 4821 2639 4880 magnus
2671 4800 2749 4861 ait
2792 4799 3132 4879 Apostolus,
3186 4806 3345 4877 Sunt,
3387 4797 3459 4858 ad
3512 4799 3706 4878 propi‘

2070 4896 2328 4951 nandum
2364 4892 2505 4951 mihi
2539 4892 2597 4950 in
2628 4889 2953 4969 aperitione
2986 4887 3107 4947 oris
3153 4889 3353 4966 verba,
3388 4896 3451 4946 ut
3497 4888 3571 4948 ad
3623 4889 3706 4963 id,

2070 4981 2225 5058 quod
2274 4989 2738 5042 consentaneum
2771 4988 2879 5051 est,
2912 4977 2995 5038 sic
3026 4976 3109 5036 uti
3155 4976 3285 5038 ﬁeri
3313 4985 3523 5056 potest,
3550 4977 3711 5038 colli-

2071 5088 2259 5144 mans,
2287 5071 2527 5149 dignum
2559 5069 2779 5129 divina)
2807 5065 3230 5146 magnitudinis
3260 5062 3482 5145 aliquid
3512 5066 3714 5127 dicere

2069 5159 2311 5221 valeam.

2152 5253 2246 5312 10.
2268 5249 2589 5327 Pr0pitium
2624 5266 2757 5308 vero
2789 5247 2870 5307 sis
2896 5243 3440 5317 mihi,tremendum
3456 5246 3713 5306 horren-

2064 5339 2323 5420 dumque
2346 5338 2623 5399 omnibus
2641 5340 3040 5398 nomen.l)eas
3072 5342 3129 5394 et
3148 5332 3395 5394 Domine
3424 5336 3713 5417 universi,

2066 5429 2234 5490 Pater
2264 5428 2543 5507 ingenite,
2578 5426 2688 5487 Fili
2714 5426 2933 5506 genite,
2968 5423 3222 5504 Spiritus
3263 5423 3535 5500 ejusdem
3570 5445 3707 5487 cum

2063 5520 2181 5579 illis
2212 5528 2461 5596 naturae,
2495 5525 2552 5578 et
2582 5517 2642 5576 in
2674 5516 2879 5577 eadem
2912 5516 3053 5575 sede
3086 5512 3429 5576 collocatus.
3479 5520 3704 5578 Rerum

2063 5625 2240 5690 supra
2259 5625 2435 5669 omne
2455 5605 2807 5687 principium
2833 5613 3082 5685 etsupro
3106 5620 3282 5665 omne
3308 5614 3537 5686 tempus
3559 5604 3719 5685 prin_
