  <div class='ocr_page' id='page_1' title='image "/cluster/home/n/w/nwhite01/storage/ocr_20150623/141/mdp.39015078384206/532.png"; bbox 0 0 4176 6290; ppageno 0'>
   <div class='ocr_carea' id='block_1_1' title="bbox 270 342 1894 465">
    <p class='ocr_par' dir='ltr' id='par_1_1' title="bbox 270 377 1862 444">
     <span class='ocr_line' id='line_1_1' title="bbox 270 377 1862 444; baseline 0.001 -6"><span class='ocrx_word' id='word_1_1' title='bbox 270 377 345 443; x_wconf 75' lang='grc'><strong>10</strong></span> <span class='ocrx_word' id='word_1_2' title='bbox 358 377 425 443; x_wconf 75' lang='lat' dir='ltr'><strong>l9</strong></span> <span class='ocrx_word' id='word_1_3' title='bbox 1215 380 1313 444; x_wconf 92' lang='lat' dir='ltr'><strong>DE</strong></span> <span class='ocrx_word' id='word_1_4' title='bbox 1357 378 1862 444; x_wconf 83' lang='lat' dir='ltr'><strong>PROCESSIONE</strong></span> 
     </span>
    </p>
   </div>
   <div class='ocr_carea' id='block_1_2' title="bbox 1977 342 3679 465">
    <p class='ocr_par' dir='ltr' id='par_1_2' title="bbox 2014 342 3679 465">
     <span class='ocr_line' id='line_1_2' title="bbox 2014 342 3679 465; baseline 0.019 -29"><span class='ocrx_word' id='word_1_5' title='bbox 2014 375 2366 442; x_wconf 76' lang='lat' dir='ltr'><strong>semrrus</strong></span> <span class='ocrx_word' id='word_1_6' title='bbox 2407 380 2631 443; x_wconf 81' lang='lat' dir='ltr'><strong>ORAT.</strong></span> <span class='ocrx_word' id='word_1_7' title='bbox 2681 383 2727 445; x_wconf 80' lang='grc' dir='ltr'><strong>Ι.</strong></span> <span class='ocrx_word' id='word_1_8' title='bbox 3180 356 3193 367; x_wconf 82' lang='grc'><strong>’</strong></span> <span class='ocrx_word' id='word_1_9' title='bbox 3496 342 3679 465; x_wconf 9' lang='lat'><strong>1050‘</strong></span> 
     </span>
    </p>
   </div>
   <div class='ocr_carea' id='block_1_3' title="bbox 271 507 1894 596">
    <p class='ocr_par' dir='ltr' id='par_1_3' title="bbox 271 510 1894 596">
     <span class='ocr_line' id='line_1_3' title="bbox 271 510 1894 596; baseline -0.002 -25"><span class='ocrx_word' id='word_1_10' title='bbox 271 517 357 571; x_wconf 76' lang='grc' dir='ltr'>καὶ</span> <span class='ocrx_word' id='word_1_11' title='bbox 415 516 544 594; x_wconf 81' lang='grc' dir='ltr'>πρὸς</span> <span class='ocrx_word' id='word_1_12' title='bbox 614 513 851 582; x_wconf 80' lang='grc' dir='ltr'><strong>παντελῆ</strong></span> <span class='ocrx_word' id='word_1_13' title='bbox 908 517 1000 571; x_wconf 78' lang='grc' dir='ltr'><strong>τὸν</strong></span> <span class='ocrx_word' id='word_1_14' title='bbox 1075 516 1371 596; x_wconf 73' lang='grc' dir='ltr'>ἆιρανισμὸν</span> <span class='ocrx_word' id='word_1_15' title='bbox 1438 517 1526 572; x_wconf 84' lang='grc' dir='ltr'>καὶ</span> <span class='ocrx_word' id='word_1_16' title='bbox 1582 514 1680 583; x_wconf 76' lang='grc' dir='ltr'><strong>τὴν</strong></span> <span class='ocrx_word' id='word_1_17' title='bbox 1734 510 1894 579; x_wconf 73' lang='grc' dir='ltr'>ἐξολόι</span> 
     </span>
    </p>
   </div>
   <div class='ocr_carea' id='block_1_4' title="bbox 1977 507 3648 596">
    <p class='ocr_par' dir='ltr' id='par_1_4' title="bbox 1977 507 3648 593">
     <span class='ocr_line' id='line_1_4' title="bbox 1977 507 3648 593; baseline 0.001 -32"><span class='ocrx_word' id='word_1_18' title='bbox 1977 556 1978 561; x_wconf 45' lang='grc' dir='ltr'><strong>η</strong></span> <span class='ocrx_word' id='word_1_19' title='bbox 2006 507 2417 585; x_wconf 67' lang='lat' dir='ltr'><strong>pervenissent</strong></span> <span class='ocrx_word' id='word_1_20' title='bbox 2446 511 2832 591; x_wconf 77' lang='lat' dir='ltr'><strong>ad&#39;integram</strong></span> <span class='ocrx_word' id='word_1_21' title='bbox 2868 512 3258 593; x_wconf 72' lang='lat' dir='ltr'><strong>perditionem</strong></span> <span class='ocrx_word' id='word_1_22' title='bbox 3283 509 3648 590; x_wconf 74' lang='lat' dir='ltr'><strong>atqueintez--</strong></span> 
     </span>
    </p>
   </div>
   <div class='ocr_carea' id='block_1_5' title="bbox 271 595 1894 682">
    <p class='ocr_par' dir='ltr' id='par_1_5' title="bbox 271 595 1894 682">
     <span class='ocr_line' id='line_1_5' title="bbox 271 595 1894 682; baseline -0.005 -21"><span class='ocrx_word' id='word_1_23' title='bbox 271 607 498 682; x_wconf 82' lang='grc' dir='ltr'>Θρευσιν,</span> <span class='ocrx_word' id='word_1_24' title='bbox 573 604 809 682; x_wconf 80' lang='grc' dir='ltr'><strong>γαθάπερ</strong></span> <span class='ocrx_word' id='word_1_25' title='bbox 877 595 1131 667; x_wconf 75' lang='grc' dir='ltr'>εἰπόντες</span> <span class='ocrx_word' id='word_1_26' title='bbox 1186 600 1419 682; x_wconf 77' lang='grc' dir='ltr'>ἔφθημεν</span> <span class='ocrx_word' id='word_1_27' title='bbox 1460 602 1678 677; x_wconf 75' lang='grc' dir='ltr'>ἄνωθεν,</span> <span class='ocrx_word' id='word_1_28' title='bbox 1739 603 1784 658; x_wconf 76' lang='grc' dir='ltr'><strong>εἱ</strong></span> <span class='ocrx_word' id='word_1_29' title='bbox 1841 600 1894 677; x_wconf 57' lang='grc' dir='ltr'><strong>μὶ</strong></span> 
     </span>
    </p>
   </div>
   <div class='ocr_carea' id='block_1_6' title="bbox 1977 595 3645 682">
    <p class='ocr_par' dir='ltr' id='par_1_6' title="bbox 2002 595 3645 682">
     <span class='ocr_line' id='line_1_6' title="bbox 2002 595 3645 682; baseline 0 -27"><span class='ocrx_word' id='word_1_30' title='bbox 2002 595 2339 671; x_wconf 88' lang='lat' dir='ltr'><strong>necionem,</strong></span> <span class='ocrx_word' id='word_1_31' title='bbox 2394 608 2457 658; x_wconf 89' lang='lat' dir='ltr'><strong>ut</strong></span> <span class='ocrx_word' id='word_1_32' title='bbox 2509 619 2687 682; x_wconf 82' lang='lat' dir='ltr'><strong>supra</strong></span> <span class='ocrx_word' id='word_1_33' title='bbox 2748 601 3365 672; x_wconf 82' lang='lat' dir='ltr'><strong>commemoravimus,</strong></span> <span class='ocrx_word' id='word_1_34' title='bbox 3400 598 3459 658; x_wconf 90' lang='lat' dir='ltr'><strong>ni</strong></span> <span class='ocrx_word' id='word_1_35' title='bbox 3490 596 3645 658; x_wconf 86' lang='lat' dir='ltr'><strong>Deus</strong></span> 
     </span>
    </p>
   </div>
   <div class='ocr_carea' id='block_1_7' title="bbox 275 684 1894 771">
    <p class='ocr_par' dir='ltr' id='par_1_7' title="bbox 275 690 1894 771">
     <span class='ocr_line' id='line_1_7' title="bbox 275 690 1894 771; baseline -0.004 -21"><span class='ocrx_word' id='word_1_36' title='bbox 275 693 459 771; x_wconf 84' lang='grc' dir='ltr'>Κύριος</span> <span class='ocrx_word' id='word_1_37' title='bbox 517 692 753 771; x_wconf 77' lang='grc' dir='ltr'>ἐναργῶς</span> <span class='ocrx_word' id='word_1_38' title='bbox 807 693 961 768; x_wconf 75' lang='grc' dir='ltr'>ἡμῶν</span> <span class='ocrx_word' id='word_1_39' title='bbox 1021 690 1360 771; x_wconf 74' lang='grc' dir='ltr'>ἀντελάϐετο,</span> <span class='ocrx_word' id='word_1_40' title='bbox 1394 694 1483 749; x_wconf 68' lang='grc' dir='ltr'><strong>καὶ</strong></span> <span class='ocrx_word' id='word_1_41' title='bbox 1526 691 1616 750; x_wconf 77' lang='grc' dir='ltr'>νῦν</span> <span class='ocrx_word' id='word_1_42' title='bbox 1656 691 1714 748; x_wconf 79' lang='grc' dir='ltr'><strong>δὲ</strong></span> <span class='ocrx_word' id='word_1_43' title='bbox 1786 693 1894 767; x_wconf 74' lang='grc' dir='ltr'>μετέ</span> 
     </span>
    </p>
   </div>
   <div class='ocr_carea' id='block_1_8' title="bbox 1977 684 3648 771">
    <p class='ocr_par' dir='ltr' id='par_1_8' title="bbox 2000 684 3648 769">
     <span class='ocr_line' id='line_1_8' title="bbox 2000 684 3648 769; baseline 0.001 -27"><span class='ocrx_word' id='word_1_44' title='bbox 2000 684 2159 745; x_wconf 80' lang='lat' dir='ltr'><strong>clare</strong></span> <span class='ocrx_word' id='word_1_45' title='bbox 2192 686 2362 747; x_wconf 71' lang='lat' dir='ltr'><strong>nobis</strong></span> <span class='ocrx_word' id='word_1_46' title='bbox 2390 701 2600 769; x_wconf 82' lang='lat' dir='ltr'><strong>suppet</strong></span> <span class='ocrx_word' id='word_1_47' title='bbox 2628 709 2691 751; x_wconf 88' lang='lat' dir='ltr'><strong>as</strong></span> <span class='ocrx_word' id='word_1_48' title='bbox 2725 691 2979 753; x_wconf 89' lang='lat' dir='ltr'><strong>tulisset.</strong></span> <span class='ocrx_word' id='word_1_49' title='bbox 3026 691 3096 752; x_wconf 91' lang='lat' dir='ltr'><strong>Et</strong></span> <span class='ocrx_word' id='word_1_50' title='bbox 3129 698 3265 750; x_wconf 88' lang='lat' dir='ltr'><strong>tunc</strong></span> <span class='ocrx_word' id='word_1_51' title='bbox 3310 688 3482 750; x_wconf 85' lang='lat' dir='ltr'><strong>etiam</strong></span> <span class='ocrx_word' id='word_1_52' title='bbox 3518 693 3648 765; x_wconf 84' lang='lat' dir='ltr'><strong>post</strong></span> 
     </span>
    </p>
   </div>
   <div class='ocr_carea' id='block_1_9' title="bbox 271 774 1894 860">
    <p class='ocr_par' dir='ltr' id='par_1_9' title="bbox 271 779 1894 860">
     <span class='ocr_line' id='line_1_9' title="bbox 271 779 1894 860; baseline -0.003 -20"><span class='ocrx_word' id='word_1_53' title='bbox 271 780 374 847; x_wconf 67' lang='grc' dir='ltr'>τὴν</span> <span class='ocrx_word' id='word_1_54' title='bbox 446 790 548 847; x_wconf 88' lang='grc' dir='ltr'><strong>της</strong></span> <span class='ocrx_word' id='word_1_55' title='bbox 601 779 848 847; x_wconf 77' lang='grc' dir='ltr'><strong>ἀληθείας</strong></span> <span class='ocrx_word' id='word_1_56' title='bbox 922 781 1148 860; x_wconf 67' lang='grc' dir='ltr'>εὕρεσιν,</span> <span class='ocrx_word' id='word_1_57' title='bbox 1217 782 1306 838; x_wconf 85' lang='grc' dir='ltr'>καὶ</span> <span class='ocrx_word' id='word_1_58' title='bbox 1379 780 1706 856; x_wconf 68' lang='grc' dir='ltr'>κατάληψιν,</span> <span class='ocrx_word' id='word_1_59' title='bbox 1750 779 1817 848; x_wconf 76' lang='grc' dir='ltr'>ἣν</span> <span class='ocrx_word' id='word_1_60' title='bbox 1857 782 1894 835; x_wconf 53' lang='grc' dir='ltr'>τὶ</span> 
     </span>
    </p>
   </div>
   <div class='ocr_carea' id='block_1_10' title="bbox 1977 774 3646 860">
    <p class='ocr_par' dir='ltr' id='par_1_10' title="bbox 2001 774 3646 858">
     <span class='ocr_line' id='line_1_10' title="bbox 2001 774 3646 858; baseline 0.001 -27"><span class='ocrx_word' id='word_1_61' title='bbox 2001 783 2299 850; x_wconf 74' lang='lat' dir='ltr'><strong>repertam</strong></span> <span class='ocrx_word' id='word_1_62' title='bbox 2331 778 2887 858; x_wconf 82' lang='lat' dir='ltr'><strong>deprehensamque</strong></span> <span class='ocrx_word' id='word_1_63' title='bbox 2908 781 3238 857; x_wconf 84' lang='lat' dir='ltr'><strong>veritatem,</strong></span> <span class='ocrx_word' id='word_1_64' title='bbox 3263 795 3438 858; x_wconf 87' lang='lat' dir='ltr'><strong>quam</strong></span> <span class='ocrx_word' id='word_1_65' title='bbox 3464 774 3646 855; x_wconf 85' lang='lat' dir='ltr'><strong>Spiri-</strong></span> 
     </span>
    </p>
   </div>
   <div class='ocr_carea' id='block_1_11' title="bbox 271 862 1894 949">
    <p class='ocr_par' dir='ltr' id='par_1_11' title="bbox 271 867 1885 949">
     <span class='ocr_line' id='line_1_11' title="bbox 271 867 1885 949; baseline -0.002 -25"><span class='ocrx_word' id='word_1_66' title='bbox 271 874 482 942; x_wconf 81' lang='grc' dir='ltr'>Πνεῦμα</span> <span class='ocrx_word' id='word_1_67' title='bbox 540 870 602 926; x_wconf 82' lang='grc' dir='ltr'>τὸ</span> <span class='ocrx_word' id='word_1_68' title='bbox 657 869 811 946; x_wconf 75' lang='grc' dir='ltr'>ἅγιον</span> <span class='ocrx_word' id='word_1_69' title='bbox 867 869 1198 949; x_wconf 71' lang='grc' dir='ltr'><strong>ἐχορήγησε,</strong></span> <span class='ocrx_word' id='word_1_70' title='bbox 1276 875 1382 924; x_wconf 84' lang='grc' dir='ltr'><strong>τῶν</strong></span> <span class='ocrx_word' id='word_1_71' title='bbox 1438 867 1712 947; x_wconf 72' lang='grc' dir='ltr'>ἧμετέρωο</span> <span class='ocrx_word' id='word_1_72' title='bbox 1781 867 1885 923; x_wconf 81' lang='grc' dir='ltr'>τινὲ</span> 
     </span>
    </p>
   </div>
   <div class='ocr_carea' id='block_1_12' title="bbox 1977 862 3638 949">
    <p class='ocr_par' dir='ltr' id='par_1_12' title="bbox 2003 862 3638 944">
     <span class='ocr_line' id='line_1_12' title="bbox 2003 862 3638 944; baseline 0.001 -25"><span class='ocrx_word' id='word_1_73' title='bbox 2003 868 2094 920; x_wconf 89' lang='lat' dir='ltr'><strong>tus</strong></span> <span class='ocrx_word' id='word_1_74' title='bbox 2120 873 2356 924; x_wconf 81' lang='lat' dir='ltr'><strong>sanctus</strong></span> <span class='ocrx_word' id='word_1_75' title='bbox 2389 865 2666 944; x_wconf 73' lang='lat' dir='ltr'><strong>elargitns</strong></span> <span class='ocrx_word' id='word_1_76' title='bbox 2699 877 2805 943; x_wconf 82' lang='lat' dir='ltr'><strong>est,</strong></span> <span class='ocrx_word' id='word_1_77' title='bbox 2841 887 2909 928; x_wconf 76' lang='lat' dir='ltr'><strong>ex</strong></span> <span class='ocrx_word' id='word_1_78' title='bbox 2944 867 3160 927; x_wconf 81' lang='lat' dir='ltr'><strong>nostris</strong></span> <span class='ocrx_word' id='word_1_79' title='bbox 3191 863 3459 925; x_wconf 83' lang='lat' dir='ltr'><strong>nonnulli</strong></span> <span class='ocrx_word' id='word_1_80' title='bbox 3486 862 3638 943; x_wconf 88' lang='lat' dir='ltr'><strong>prio-</strong></span> 
     </span>
    </p>
   </div>
   <div class='ocr_carea' id='block_1_13' title="bbox 268 951 1894 1037">
    <p class='ocr_par' dir='ltr' id='par_1_13' title="bbox 268 954 1894 1037">
     <span class='ocr_line' id='line_1_13' title="bbox 268 954 1894 1037; baseline 0 -25"><span class='ocrx_word' id='word_1_81' title='bbox 268 964 364 1028; x_wconf 80' lang='grc' dir='ltr'>τῆς</span> <span class='ocrx_word' id='word_1_82' title='bbox 405 956 659 1037; x_wconf 76' lang='grc' dir='ltr'><strong>προτέρας</strong></span> <span class='ocrx_word' id='word_1_83' title='bbox 712 957 936 1035; x_wconf 83' lang='grc' dir='ltr'>γνώμης</span> <span class='ocrx_word' id='word_1_84' title='bbox 995 958 1085 1037; x_wconf 74' lang='grc' dir='ltr'>καί</span> <span class='ocrx_word' id='word_1_85' title='bbox 1129 960 1193 1014; x_wconf 78' lang='grc' dir='ltr'>αὖ</span> <span class='ocrx_word' id='word_1_86' title='bbox 1247 957 1623 1036; x_wconf 79' lang='grc' dir='ltr'>ἀντεχόμενοι,</span> <span class='ocrx_word' id='word_1_87' title='bbox 1673 954 1894 1035; x_wconf 75' lang='grc' dir='ltr'>βλασιρη</span> 
     </span>
    </p>
   </div>
   <div class='ocr_carea' id='block_1_14' title="bbox 1977 951 3643 1037">
    <p class='ocr_par' dir='ltr' id='par_1_14' title="bbox 2000 951 3643 1037">
     <span class='ocr_line' id='line_1_14' title="bbox 2000 951 3643 1037; baseline 0.002 -30"><span class='ocrx_word' id='word_1_88' title='bbox 2000 965 2131 1007; x_wconf 89' lang='lat' dir='ltr'><strong>rum</strong></span> <span class='ocrx_word' id='word_1_89' title='bbox 2167 952 2518 1012; x_wconf 86' lang='lat' dir='ltr'><strong>sententiam</strong></span> <span class='ocrx_word' id='word_1_90' title='bbox 2558 967 3020 1034; x_wconf 72' lang='lat' dir='ltr'><strong>propugnantes,</strong></span> <span class='ocrx_word' id='word_1_91' title='bbox 3056 955 3335 1016; x_wconf 64' lang='lat' dir='ltr'><strong>Romana:</strong></span> <span class='ocrx_word' id='word_1_92' title='bbox 3364 951 3643 1037; x_wconf 79' lang='lat' dir='ltr'><strong>Ecclesiae</strong></span> 
     </span>
    </p>
   </div>
   <div class='ocr_carea' id='block_1_15' title="bbox 268 1036 1919 1121">
    <p class='ocr_par' dir='ltr' id='par_1_15' title="bbox 268 1036 1919 1121">
     <span class='ocr_line' id='line_1_15' title="bbox 268 1036 1919 1121; baseline 0.001 -23"><span class='ocrx_word' id='word_1_93' title='bbox 268 1045 391 1120; x_wconf 83' lang='grc' dir='ltr'>μίαν</span> <span class='ocrx_word' id='word_1_94' title='bbox 433 1058 553 1110; x_wconf 77' lang='grc' dir='ltr'>τοῖς</span> <span class='ocrx_word' id='word_1_95' title='bbox 614 1044 675 1102; x_wconf 76' lang='grc' dir='ltr'><strong>ἐκ</strong></span> <span class='ocrx_word' id='word_1_96' title='bbox 728 1046 831 1112; x_wconf 78' lang='grc' dir='ltr'><strong>τῆς</strong></span> <span class='ocrx_word' id='word_1_97' title='bbox 887 1048 993 1102; x_wconf 78' lang='grc' dir='ltr'>τῶν</span> <span class='ocrx_word' id='word_1_98' title='bbox 1056 1036 1329 1121; x_wconf 81' lang='grc' dir='ltr'>Ῥωμαίων</span> <span class='ocrx_word' id='word_1_99' title='bbox 1400 1043 1722 1112; x_wconf 79' lang='grc' dir='ltr'>Ἐκκλησίας</span> <span class='ocrx_word' id='word_1_100' title='bbox 1764 1043 1919 1121; x_wconf 76' lang='grc' dir='ltr'>ἐπεγ-</span> 
     </span>
    </p>
   </div>
   <div class='ocr_carea' id='block_1_16' title="bbox 272 1130 1914 1212">
    <p class='ocr_par' dir='ltr' id='par_1_16' title="bbox 272 1130 1914 1212">
     <span class='ocr_line' id='line_1_16' title="bbox 272 1130 1914 1212; baseline -0.002 -23"><span class='ocrx_word' id='word_1_101' title='bbox 272 1131 520 1206; x_wconf 85' lang='grc' dir='ltr'>καλοῦσι,</span> <span class='ocrx_word' id='word_1_102' title='bbox 567 1131 648 1190; x_wconf 80' lang='grc' dir='ltr'>ὅτι</span> <span class='ocrx_word' id='word_1_103' title='bbox 706 1132 812 1189; x_wconf 81' lang='grc' dir='ltr'><strong>κάκ</strong></span> <span class='ocrx_word' id='word_1_104' title='bbox 851 1140 943 1190; x_wconf 91' lang='grc' dir='ltr'>τοῦ</span> <span class='ocrx_word' id='word_1_105' title='bbox 987 1136 1108 1191; x_wconf 81' lang='grc' dir='ltr'>Υἱοῦ</span> <span class='ocrx_word' id='word_1_106' title='bbox 1151 1135 1213 1190; x_wconf 79' lang='grc' dir='ltr'>τὸ</span> <span class='ocrx_word' id='word_1_107' title='bbox 1271 1139 1483 1207; x_wconf 78' lang='grc' dir='ltr'>Πνεῦμα</span> <span class='ocrx_word' id='word_1_108' title='bbox 1525 1130 1914 1212; x_wconf 80' lang='grc' dir='ltr'>πρεσϐεύουσιν,</span> 
     </span>
    </p>
   </div>
   <div class='ocr_carea' id='block_1_17' title="bbox 266 1220 1916 1297">
    <p class='ocr_par' dir='ltr' id='par_1_17' title="bbox 266 1220 1916 1297">
     <span class='ocr_line' id='line_1_17' title="bbox 266 1220 1916 1297; baseline -0.001 -21"><span class='ocrx_word' id='word_1_109' title='bbox 266 1221 355 1276; x_wconf 84' lang='grc' dir='ltr'>καὶ</span> <span class='ocrx_word' id='word_1_110' title='bbox 403 1221 496 1277; x_wconf 77' lang='grc' dir='ltr'><strong>τὸν</strong></span> <span class='ocrx_word' id='word_1_111' title='bbox 552 1220 691 1277; x_wconf 78' lang='grc' dir='ltr'><strong>κατᾶ</strong></span> <span class='ocrx_word' id='word_1_112' title='bbox 761 1222 891 1277; x_wconf 80' lang='grc' dir='ltr'>Θεὸν</span> <span class='ocrx_word' id='word_1_113' title='bbox 933 1223 1089 1297; x_wconf 71' lang='grc' dir='ltr'>ἡμῶν</span> <span class='ocrx_word' id='word_1_114' title='bbox 1145 1220 1442 1278; x_wconf 72' lang='grc' dir='ltr'>ἑνωθέντων</span> <span class='ocrx_word' id='word_1_115' title='bbox 1481 1223 1686 1280; x_wconf 81' lang='grc' dir='ltr'><strong>τούτοις</strong></span> <span class='ocrx_word' id='word_1_116' title='bbox 1739 1224 1916 1282; x_wconf 78' lang='grc' dir='ltr'>κακῶς</span> 
     </span>
    </p>
   </div>
   <div class='ocr_carea' id='block_1_18' title="bbox 265 1308 1919 1388">
    <p class='ocr_par' dir='ltr' id='par_1_18' title="bbox 265 1308 1919 1388">
     <span class='ocr_line' id='line_1_18' title="bbox 265 1308 1919 1388; baseline 0.001 -25"><span class='ocrx_word' id='word_1_117' title='bbox 265 1308 677 1388; x_wconf 73' lang='grc' dir='ltr'>ἆποσχίζοιται,</span> <span class='ocrx_word' id='word_1_118' title='bbox 774 1308 1066 1367; x_wconf 71' lang='grc' dir='ltr'>σκάνδαλον</span> <span class='ocrx_word' id='word_1_119' title='bbox 1124 1312 1199 1375; x_wconf 84' lang='grc' dir='ltr'>ὡς</span> <span class='ocrx_word' id='word_1_120' title='bbox 1267 1310 1457 1366; x_wconf 74' lang='grc' dir='ltr'>ἐπίπαν</span> <span class='ocrx_word' id='word_1_121' title='bbox 1512 1311 1599 1366; x_wconf 83' lang='grc' dir='ltr'><strong>καὶ</strong></span> <span class='ocrx_word' id='word_1_122' title='bbox 1671 1308 1919 1388; x_wconf 76' lang='grc' dir='ltr'>ταραχὴν</span> 
     </span>
    </p>
   </div>
   <div class='ocr_carea' id='block_1_19' title="bbox 264 1396 1916 1475">
    <p class='ocr_par' dir='ltr' id='par_1_19' title="bbox 264 1396 1916 1475">
     <span class='ocr_line' id='line_1_19' title="bbox 264 1396 1916 1475; baseline 0.001 -23"><span class='ocrx_word' id='word_1_123' title='bbox 264 1398 638 1471; x_wconf 72' lang='grc' dir='ltr'>οἱκουμενικήν</span> <span class='ocrx_word' id='word_1_124' title='bbox 701 1398 995 1474; x_wconf 76' lang='grc' dir='ltr'>ἐμποιῆσαι</span> <span class='ocrx_word' id='word_1_125' title='bbox 1074 1396 1477 1469; x_wconf 70' lang='grc' dir='ltr'>σπουδάζοντες.</span> <span class='ocrx_word' id='word_1_126' title='bbox 1550 1397 1759 1473; x_wconf 82' lang='grc' dir='ltr'>Γυμνῆς</span> <span class='ocrx_word' id='word_1_127' title='bbox 1815 1398 1916 1475; x_wconf 82' lang='grc' dir='ltr'>γὰρ</span> 
     </span>
    </p>
   </div>
   <div class='ocr_carea' id='block_1_20' title="bbox 262 1481 1912 1566">
    <p class='ocr_par' dir='ltr' id='par_1_20' title="bbox 262 1481 1912 1566">
     <span class='ocr_line' id='line_1_20' title="bbox 262 1481 1912 1566; baseline 0.002 -26"><span class='ocrx_word' id='word_1_128' title='bbox 262 1481 398 1550; x_wconf 74' lang='grc' dir='ltr'>ἅπαξ</span> <span class='ocrx_word' id='word_1_129' title='bbox 445 1484 543 1553; x_wconf 76' lang='grc' dir='ltr'><strong>τῆς</strong></span> <span class='ocrx_word' id='word_1_130' title='bbox 614 1483 723 1543; x_wconf 79' lang='grc' dir='ltr'>ἄνω</span> <span class='ocrx_word' id='word_1_131' title='bbox 770 1485 1016 1566; x_wconf 84' lang='grc' dir='ltr'>ρηθείσης</span> <span class='ocrx_word' id='word_1_132' title='bbox 1074 1485 1427 1566; x_wconf 77' lang='grc' dir='ltr'>εὒαγγελικῆς</span> <span class='ocrx_word' id='word_1_133' title='bbox 1482 1484 1764 1562; x_wconf 83' lang='grc' dir='ltr'>λαϐόμενοι</span> <span class='ocrx_word' id='word_1_134' title='bbox 1819 1494 1912 1543; x_wconf 90' lang='grc' dir='ltr'>τοῦ</span> 
     </span>
    </p>
   </div>
   <div class='ocr_carea' id='block_1_21' title="bbox 2001 1036 3640 1122">
    <p class='ocr_par' dir='ltr' id='par_1_21' title="bbox 2001 1036 3640 1122">
     <span class='ocr_line' id='line_1_21' title="bbox 2001 1036 3640 1122; baseline 0.003 -28"><span class='ocrx_word' id='word_1_135' title='bbox 2001 1037 2243 1096; x_wconf 83' lang='lat' dir='ltr'><strong>asseclis</strong></span> <span class='ocrx_word' id='word_1_136' title='bbox 2277 1038 2657 1118; x_wconf 77' lang='lat' dir='ltr'><strong>blasphemiae</strong></span> <span class='ocrx_word' id='word_1_137' title='bbox 2685 1044 2910 1104; x_wconf 82' lang='lat' dir='ltr'>crimen</span> <span class='ocrx_word' id='word_1_138' title='bbox 2942 1040 3367 1122; x_wconf 90' lang='lat' dir='ltr'><strong>innrnnt,quod</strong></span> <span class='ocrx_word' id='word_1_139' title='bbox 3399 1058 3466 1099; x_wconf 78' lang='lat' dir='ltr'><strong>ex</strong></span> <span class='ocrx_word' id='word_1_140' title='bbox 3494 1036 3640 1100; x_wconf 84' lang='lat' dir='ltr'><strong>Filio</strong></span> 
     </span>
    </p>
   </div>
   <div class='ocr_carea' id='block_1_22' title="bbox 1998 1123 3637 1211">
    <p class='ocr_par' dir='ltr' id='par_1_22' title="bbox 1998 1123 3637 1211">
     <span class='ocr_line' id='line_1_22' title="bbox 1998 1123 3637 1211; baseline 0.001 -26"><span class='ocrx_word' id='word_1_141' title='bbox 1998 1123 2284 1211; x_wconf 73' lang='lat' dir='ltr'><strong>Spiritum</strong></span> <span class='ocrx_word' id='word_1_142' title='bbox 2315 1139 2607 1202; x_wconf 89' lang='lat' dir='ltr'><strong>asserunt,</strong></span> <span class='ocrx_word' id='word_1_143' title='bbox 2625 1139 2680 1189; x_wconf 90' lang='lat' dir='ltr'><strong>et</strong></span> <span class='ocrx_word' id='word_1_144' title='bbox 2703 1150 2734 1190; x_wconf 94' lang='lat' dir='ltr'><strong>a</strong></span> <span class='ocrx_word' id='word_1_145' title='bbox 2755 1132 2949 1204; x_wconf 86' lang='lat' dir='ltr'><strong>nobis,</strong></span> <span class='ocrx_word' id='word_1_146' title='bbox 2983 1133 3082 1211; x_wconf 84' lang='lat' dir='ltr'><strong>qui</strong></span> <span class='ocrx_word' id='word_1_147' title='bbox 3100 1129 3429 1191; x_wconf 87' lang='lat' dir='ltr'><strong>secundum</strong></span> <span class='ocrx_word' id='word_1_148' title='bbox 3450 1126 3637 1189; x_wconf 90' lang='lat' dir='ltr'><strong>Deum</strong></span> 
     </span>
    </p>
   </div>
   <div class='ocr_carea' id='block_1_23' title="bbox 2001 1209 3640 1298">
    <p class='ocr_par' dir='ltr' id='par_1_23' title="bbox 2001 1209 3640 1298">
     <span class='ocr_line' id='line_1_23' title="bbox 2001 1209 3640 1298; baseline 0.003 -29"><span class='ocrx_word' id='word_1_149' title='bbox 2001 1209 2120 1272; x_wconf 87' lang='lat' dir='ltr'><strong>illis</strong></span> <span class='ocrx_word' id='word_1_150' title='bbox 2151 1213 2693 1291; x_wconf 66' lang='lat' dir='ltr'><strong>adhaesimus,male</strong></span> <span class='ocrx_word' id='word_1_151' title='bbox 2716 1209 3554 1298; x_wconf 82' lang='lat' dir='ltr'><strong>dissociantur,etscandalnm</strong></span> <span class='ocrx_word' id='word_1_152' title='bbox 3583 1224 3640 1274; x_wconf 91' lang='lat' dir='ltr'><strong>et</strong></span> 
     </span>
    </p>
   </div>
   <div class='ocr_carea' id='block_1_24' title="bbox 2001 1302 3638 1386">
    <p class='ocr_par' dir='ltr' id='par_1_24' title="bbox 2001 1302 3638 1386">
     <span class='ocr_line' id='line_1_24' title="bbox 2001 1302 3638 1386; baseline 0.002 -28"><span class='ocrx_word' id='word_1_153' title='bbox 2001 1303 2201 1362; x_wconf 87' lang='lat' dir='ltr'><strong>turbas</strong></span> <span class='ocrx_word' id='word_1_154' title='bbox 2232 1302 2600 1366; x_wconf 77' lang='lat' dir='ltr'><strong>universales</strong></span> <span class='ocrx_word' id='word_1_155' title='bbox 2631 1306 3049 1386; x_wconf 80' lang='lat' dir='ltr'><strong>ingenerarare</strong></span> <span class='ocrx_word' id='word_1_156' title='bbox 3083 1302 3638 1367; x_wconf 83' lang='lat' dir='ltr'><strong>contendunt.Nuda</strong></span> 
     </span>
    </p>
   </div>
   <div class='ocr_carea' id='block_1_25' title="bbox 1996 1388 3635 1475">
    <p class='ocr_par' dir='ltr' id='par_1_25' title="bbox 1996 1388 3635 1475">
     <span class='ocr_line' id='line_1_25' title="bbox 1996 1388 3635 1475; baseline 0.004 -30"><span class='ocrx_word' id='word_1_157' title='bbox 1996 1388 2322 1472; x_wconf 84' lang='lat' dir='ltr'><strong>siquidem,</strong></span> <span class='ocrx_word' id='word_1_158' title='bbox 2355 1410 2529 1472; x_wconf 91' lang='lat' dir='ltr'><strong>quam</strong></span> <span class='ocrx_word' id='word_1_159' title='bbox 2562 1411 2737 1473; x_wconf 81' lang='lat' dir='ltr'><strong>supra</strong></span> <span class='ocrx_word' id='word_1_160' title='bbox 2772 1395 3098 1475; x_wconf 82' lang='lat' dir='ltr'><strong>posuimus,</strong></span> <span class='ocrx_word' id='word_1_161' title='bbox 3133 1393 3474 1473; x_wconf 80' lang='lat' dir='ltr'><strong>evangelica</strong></span> <span class='ocrx_word' id='word_1_162' title='bbox 3502 1391 3635 1454; x_wconf 85' lang='lat' dir='ltr'><strong>Sal-</strong></span> 
     </span>
    </p>
   </div>
   <div class='ocr_carea' id='block_1_26' title="bbox 1996 1477 3635 1562">
    <p class='ocr_par' dir='ltr' id='par_1_26' title="bbox 1996 1477 3635 1562">
     <span class='ocr_line' id='line_1_26' title="bbox 1996 1477 3635 1562; baseline 0.006 -28"><span class='ocrx_word' id='word_1_163' title='bbox 1996 1477 2208 1538; x_wconf 88' lang='lat' dir='ltr'><strong>vatoris</strong></span> <span class='ocrx_word' id='word_1_164' title='bbox 2235 1498 2378 1541; x_wconf 87' lang='lat' dir='ltr'><strong>voce</strong></span> <span class='ocrx_word' id='word_1_165' title='bbox 2406 1484 2803 1562; x_wconf 84' lang='lat' dir='ltr'><strong>apprehensa,</strong></span> <span class='ocrx_word' id='word_1_166' title='bbox 2841 1482 3181 1542; x_wconf 81' lang='lat' dir='ltr'><strong>immediate</strong></span> <span class='ocrx_word' id='word_1_167' title='bbox 3199 1498 3268 1541; x_wconf 83' lang='lat' dir='ltr'><strong>ex</strong></span> <span class='ocrx_word' id='word_1_168' title='bbox 3304 1482 3472 1540; x_wconf 80' lang='lat' dir='ltr'><strong>Patre</strong></span> <span class='ocrx_word' id='word_1_169' title='bbox 3495 1481 3635 1560; x_wconf 87' lang='lat' dir='ltr'><strong>Spi-</strong></span> 
     </span>
    </p>
   </div>
   <div class='ocr_carea' id='block_1_27' title="bbox 262 1563 1894 1655">
    <p class='ocr_par' dir='ltr' id='par_1_27' title="bbox 262 1563 1894 1655">
     <span class='ocr_line' id='line_1_27' title="bbox 262 1563 1894 1655; baseline -0.007 -14"><span class='ocrx_word' id='word_1_170' title='bbox 262 1571 519 1652; x_wconf 77' lang='grc' dir='ltr'>Σωτῆρας</span> <span class='ocrx_word' id='word_1_171' title='bbox 563 1563 781 1655; x_wconf 67' lang='grc' dir='ltr'>φωνῆς,</span> <span class='ocrx_word' id='word_1_172' title='bbox 810 1575 1024 1651; x_wconf 83' lang='grc' dir='ltr'>ἆμέσως</span> <span class='ocrx_word' id='word_1_173' title='bbox 1096 1576 1157 1633; x_wconf 77' lang='grc' dir='ltr'><strong>ἐκ</strong></span> <span class='ocrx_word' id='word_1_174' title='bbox 1184 1563 1289 1632; x_wconf 43' lang='grc' dir='ltr'>’τοῦ</span> <span class='ocrx_word' id='word_1_175' title='bbox 1333 1577 1535 1653; x_wconf 81' lang='grc' dir='ltr'>Πατρὸς</span> <span class='ocrx_word' id='word_1_176' title='bbox 1593 1576 1655 1631; x_wconf 80' lang='grc' dir='ltr'>τὸ</span> <span class='ocrx_word' id='word_1_177' title='bbox 1697 1580 1894 1649; x_wconf 70' lang='grc' dir='ltr'>Πνεῦμε</span> 
     </span>
    </p>
   </div>
   <div class='ocr_carea' id='block_1_28' title="bbox 1977 1563 3637 1655">
    <p class='ocr_par' dir='ltr' id='par_1_28' title="bbox 1992 1563 3637 1651">
     <span class='ocr_line' id='line_1_28' title="bbox 1992 1563 3637 1651; baseline 0.004 -28"><span class='ocrx_word' id='word_1_178' title='bbox 1992 1563 2172 1626; x_wconf 87' lang='lat' dir='ltr'><strong>ritum</strong></span> <span class='ocrx_word' id='word_1_179' title='bbox 2205 1566 2411 1629; x_wconf 86' lang='lat' dir='ltr'><strong>dicunt</strong></span> <span class='ocrx_word' id='word_1_180' title='bbox 2443 1570 2794 1651; x_wconf 83' lang='lat' dir='ltr'><strong>procedere,</strong></span> <span class='ocrx_word' id='word_1_181' title='bbox 2829 1572 3102 1651; x_wconf 81' lang='lat' dir='ltr'><strong>nequead</strong></span> <span class='ocrx_word' id='word_1_182' title='bbox 3126 1569 3461 1629; x_wconf 85' lang='lat' dir='ltr'><strong>universam</strong></span> <span class='ocrx_word' id='word_1_183' title='bbox 3496 1586 3637 1647; x_wconf 67' lang='lat' dir='ltr'><strong>prae-</strong></span> 
     </span>
    </p>
   </div>
   <div class='ocr_carea' id='block_1_29' title="bbox 261 1653 1894 1744">
    <p class='ocr_par' dir='ltr' id='par_1_29' title="bbox 261 1653 1894 1744">
     <span class='ocr_line' id='line_1_29' title="bbox 261 1653 1894 1744; baseline 0.002 -27"><span class='ocrx_word' id='word_1_184' title='bbox 261 1658 507 1739; x_wconf 80' lang='grc' dir='ltr'>λέγουσιν</span> <span class='ocrx_word' id='word_1_185' title='bbox 565 1653 960 1744; x_wconf 63' lang='grc' dir='ltr'>ἐκπορεύεσθαι,</span> <span class='ocrx_word' id='word_1_186' title='bbox 1037 1667 1175 1740; x_wconf 74' lang='grc' dir='ltr'>μήτε</span> <span class='ocrx_word' id='word_1_187' title='bbox 1230 1670 1299 1741; x_wconf 76' lang='grc' dir='ltr'><strong>τῇ</strong></span> <span class='ocrx_word' id='word_1_188' title='bbox 1343 1666 1446 1741; x_wconf 84' lang='grc' dir='ltr'><strong>πρὸ</strong></span> <span class='ocrx_word' id='word_1_189' title='bbox 1501 1665 1700 1731; x_wconf 88' lang='grc' dir='ltr'>ταύτης</span> <span class='ocrx_word' id='word_1_190' title='bbox 1756 1664 1894 1739; x_wconf 57' lang='grc' dir='ltr'>πάσῃ</span> 
     </span>
    </p>
   </div>
   <div class='ocr_carea' id='block_1_30' title="bbox 1977 1653 3630 1744">
    <p class='ocr_par' dir='ltr' id='par_1_30' title="bbox 1991 1653 3630 1738">
     <span class='ocr_line' id='line_1_30' title="bbox 1991 1653 3630 1738; baseline 0.002 -26"><span class='ocrx_word' id='word_1_191' title='bbox 1991 1653 2301 1716; x_wconf 83' lang='lat' dir='ltr'><strong>cedentem</strong></span> <span class='ocrx_word' id='word_1_192' title='bbox 2334 1658 2674 1738; x_wconf 88' lang='lat' dir='ltr'><strong>pericopem</strong></span> <span class='ocrx_word' id='word_1_193' title='bbox 2698 1659 2961 1720; x_wconf 88' lang='lat' dir='ltr'><strong>animum</strong></span> <span class='ocrx_word' id='word_1_194' title='bbox 2993 1659 3390 1737; x_wconf 85' lang='lat' dir='ltr'><strong>advertentes,</strong></span> <span class='ocrx_word' id='word_1_195' title='bbox 3408 1675 3525 1737; x_wconf 90' lang='lat' dir='ltr'><strong>qna</strong></span> <span class='ocrx_word' id='word_1_196' title='bbox 3543 1658 3630 1717; x_wconf 85' lang='lat' dir='ltr'><strong>vel</strong></span> 
     </span>
    </p>
   </div>
   <div class='ocr_carea' id='block_1_31' title="bbox 259 1745 1894 1843">
    <p class='ocr_par' dir='ltr' id='par_1_31' title="bbox 259 1749 1894 1830">
     <span class='ocr_line' id='line_1_31' title="bbox 259 1749 1894 1830; baseline 0.002 -25"><span class='ocrx_word' id='word_1_197' title='bbox 259 1757 536 1828; x_wconf 78' lang='grc' dir='ltr'>παρικοπῇ</span> <span class='ocrx_word' id='word_1_198' title='bbox 588 1753 680 1809; x_wconf 80' lang='grc' dir='ltr'>τὸν</span> <span class='ocrx_word' id='word_1_199' title='bbox 734 1753 854 1810; x_wconf 78' lang='grc' dir='ltr'>νοῦν</span> <span class='ocrx_word' id='word_1_200' title='bbox 911 1752 1305 1826; x_wconf 74' lang='grc' dir='ltr'>ἐπιστάνοντες,</span> <span class='ocrx_word' id='word_1_201' title='bbox 1358 1749 1427 1808; x_wconf 82' lang='grc' dir='ltr'><strong>δι’</strong></span> <span class='ocrx_word' id='word_1_202' title='bbox 1482 1752 1546 1821; x_wconf 81' lang='grc' dir='ltr'><strong>ἧς</strong></span> <span class='ocrx_word' id='word_1_203' title='bbox 1600 1763 1716 1815; x_wconf 74' lang='grc' dir='ltr'>τοῖς</span> <span class='ocrx_word' id='word_1_204' title='bbox 1748 1772 1894 1830; x_wconf 78' lang='grc' dir='ltr'>προσι</span> 
     </span>
    </p>
   </div>
   <div class='ocr_carea' id='block_1_32' title="bbox 1977 1745 3632 1843">
    <p class='ocr_par' dir='ltr' id='par_1_32' title="bbox 1997 1745 3632 1826">
     <span class='ocr_line' id='line_1_32' title="bbox 1997 1745 3632 1826; baseline 0.003 -26"><span class='ocrx_word' id='word_1_205' title='bbox 1997 1746 2537 1826; x_wconf 86' lang='lat' dir='ltr'><strong>quomodocunqne</strong></span> <span class='ocrx_word' id='word_1_206' title='bbox 2570 1748 3012 1809; x_wconf 82' lang='lat' dir='ltr'><strong>attendentibus</strong></span> <span class='ocrx_word' id='word_1_207' title='bbox 3057 1765 3171 1807; x_wconf 88' lang='lat' dir='ltr'><strong>non</strong></span> <span class='ocrx_word' id='word_1_208' title='bbox 3219 1754 3380 1807; x_wconf 78' lang='lat' dir='ltr'><strong>extra</strong></span> <span class='ocrx_word' id='word_1_209' title='bbox 3420 1745 3632 1806; x_wconf 84' lang='lat' dir='ltr'><strong>Filium</strong></span> 
     </span>
    </p>
   </div>
   <div class='ocr_carea' id='block_1_33' title="bbox 260 1829 1894 1921">
    <p class='ocr_par' dir='ltr' id='par_1_33' title="bbox 260 1839 1894 1921">
     <span class='ocr_line' id='line_1_33' title="bbox 260 1839 1894 1921; baseline 0.001 -27"><span class='ocrx_word' id='word_1_210' title='bbox 260 1839 476 1918; x_wconf 81' lang='grc' dir='ltr'>έχουσιν</span> <span class='ocrx_word' id='word_1_211' title='bbox 521 1842 765 1900; x_wconf 81' lang='grc' dir='ltr'>ὁπωσοῦν</span> <span class='ocrx_word' id='word_1_212' title='bbox 816 1843 909 1899; x_wconf 76' lang='grc' dir='ltr'><strong>οῦκ</strong></span> <span class='ocrx_word' id='word_1_213' title='bbox 968 1841 1119 1908; x_wconf 75' lang='grc' dir='ltr'>ἐκτὸς</span> <span class='ocrx_word' id='word_1_214' title='bbox 1183 1842 1443 1921; x_wconf 74' lang='grc' dir='ltr'>ὑπάρχειν</span> <span class='ocrx_word' id='word_1_215' title='bbox 1510 1848 1604 1898; x_wconf 90' lang='grc' dir='ltr'>τοῦ</span> <span class='ocrx_word' id='word_1_216' title='bbox 1662 1842 1782 1898; x_wconf 78' lang='grc' dir='ltr'>Υἶοῦ</span> <span class='ocrx_word' id='word_1_217' title='bbox 1851 1842 1894 1896; x_wconf 73' lang='grc' dir='ltr'><strong>τί</strong></span> 
     </span>
    </p>
   </div>
   <div class='ocr_carea' id='block_1_34' title="bbox 1977 1829 3636 1921">
    <p class='ocr_par' dir='ltr' id='par_1_34' title="bbox 1993 1829 3636 1921">
     <span class='ocr_line' id='line_1_34' title="bbox 1993 1829 3636 1921; baseline 0.004 -33"><span class='ocrx_word' id='word_1_218' title='bbox 1993 1829 2247 1921; x_wconf 76' lang='lat' dir='ltr'><strong>Spiritus</strong></span> <span class='ocrx_word' id='word_1_219' title='bbox 2279 1834 2686 1896; x_wconf 83' lang='lat' dir='ltr'><strong>exsistentiam</strong></span> <span class='ocrx_word' id='word_1_220' title='bbox 2718 1838 2852 1897; x_wconf 89' lang='lat' dir='ltr'><strong>essd</strong></span> <span class='ocrx_word' id='word_1_221' title='bbox 2885 1835 3385 1915; x_wconf 81' lang='lat' dir='ltr'><strong>deprehenditur;</strong></span> <span class='ocrx_word' id='word_1_222' title='bbox 3422 1842 3479 1893; x_wconf 91' lang='lat' dir='ltr'><strong>et</strong></span> <span class='ocrx_word' id='word_1_223' title='bbox 3507 1851 3636 1913; x_wconf 66' lang='lat' dir='ltr'><strong>qua:</strong></span> 
     </span>
    </p>
   </div>
   <div class='ocr_carea' id='block_1_35' title="bbox 258 1917 1894 2011">
    <p class='ocr_par' dir='ltr' id='par_1_35' title="bbox 258 1917 1894 2011">
     <span class='ocr_line' id='line_1_35' title="bbox 258 1917 1894 2011; baseline 0.002 -29"><span class='ocrx_word' id='word_1_224' title='bbox 258 1917 475 2003; x_wconf 84' lang='grc' dir='ltr'>Πνεῦμα</span> <span class='ocrx_word' id='word_1_225' title='bbox 547 1928 1034 2011; x_wconf 79' lang='grc' dir='ltr'>καταλαμϐάνεται,</span> <span class='ocrx_word' id='word_1_226' title='bbox 1135 1932 1221 1987; x_wconf 68' lang='grc' dir='ltr'>ιιαὶ</span> <span class='ocrx_word' id='word_1_227' title='bbox 1294 1917 1402 1993; x_wconf 56' lang='lat'><strong>163:;</strong></span> <span class='ocrx_word' id='word_1_228' title='bbox 1472 1930 1594 1987; x_wconf 85' lang='grc' dir='ltr'><strong>καθ’</strong></span> <span class='ocrx_word' id='word_1_229' title='bbox 1678 1930 1894 1996; x_wconf 48' lang='grc' dir='ltr'>ἑκάστης</span> 
     </span>
    </p>
   </div>
   <div class='ocr_carea' id='block_1_36' title="bbox 1977 1917 3635 2011">
    <p class='ocr_par' dir='ltr' id='par_1_36' title="bbox 1994 1917 3635 2002">
     <span class='ocr_line' id='line_1_36' title="bbox 1994 1917 3635 2002; baseline 0.003 -25"><span class='ocrx_word' id='word_1_230' title='bbox 1994 1917 2243 1997; x_wconf 83' lang='lat' dir='ltr'><strong>singulis</strong></span> <span class='ocrx_word' id='word_1_231' title='bbox 2270 1921 2484 1983; x_wconf 89' lang='lat' dir='ltr'><strong>diebus</strong></span> <span class='ocrx_word' id='word_1_232' title='bbox 2506 1923 2566 1983; x_wconf 88' lang='lat' dir='ltr'><strong>in</strong></span> <span class='ocrx_word' id='word_1_233' title='bbox 2587 1923 2855 1986; x_wconf 77' lang='lat' dir='ltr'><strong>Ecclesia</strong></span> <span class='ocrx_word' id='word_1_234' title='bbox 2876 1924 3070 2002; x_wconf 85' lang='lat' dir='ltr'><strong>magni</strong></span> <span class='ocrx_word' id='word_1_235' title='bbox 3108 1922 3267 1984; x_wconf 78' lang='lat' dir='ltr'><strong>l’auli</strong></span> <span class='ocrx_word' id='word_1_236' title='bbox 3294 1921 3525 2002; x_wconf 90' lang='lat' dir='ltr'><strong>pietatis</strong></span> <span class='ocrx_word' id='word_1_237' title='bbox 3548 1940 3635 1982; x_wconf 90' lang='lat' dir='ltr'><strong>as-</strong></span> 
     </span>
    </p>
   </div>
   <div class='ocr_carea' id='block_1_37' title="bbox 255 2007 1894 2098">
    <p class='ocr_par' dir='ltr' id='par_1_37' title="bbox 255 2007 1894 2098">
     <span class='ocr_line' id='line_1_37' title="bbox 255 2007 1894 2098; baseline 0.002 -29"><span class='ocrx_word' id='word_1_238' title='bbox 255 2013 753 2095; x_wconf 79' lang='grc' dir='ltr'>ἀναγινωσκομένας</span> <span class='ocrx_word' id='word_1_239' title='bbox 814 2017 900 2075; x_wconf 74' lang='grc' dir='ltr'><strong>ἐπ’</strong></span> <span class='ocrx_word' id='word_1_240' title='bbox 942 2007 1264 2088; x_wconf 67' lang='grc' dir='ltr'>Ἐδιχλησίας</span> <span class='ocrx_word' id='word_1_241' title='bbox 1321 2026 1414 2076; x_wconf 88' lang='grc' dir='ltr'>τοῦ</span> <span class='ocrx_word' id='word_1_242' title='bbox 1470 2018 1706 2098; x_wconf 76' lang='grc' dir='ltr'>μεγάλου</span> <span class='ocrx_word' id='word_1_243' title='bbox 1763 2018 1894 2074; x_wconf 88' lang='grc' dir='ltr'>Παύ-</span> 
     </span>
    </p>
   </div>
   <div class='ocr_carea' id='block_1_38' title="bbox 1977 2007 3631 2098">
    <p class='ocr_par' dir='ltr' id='par_1_38' title="bbox 1993 2007 3631 2091">
     <span class='ocr_line' id='line_1_38' title="bbox 1993 2007 3631 2091; baseline 0.003 -26"><span class='ocrx_word' id='word_1_244' title='bbox 1993 2007 2238 2068; x_wconf 86' lang='lat' dir='ltr'><strong>sertoris</strong></span> <span class='ocrx_word' id='word_1_245' title='bbox 2293 2010 2471 2091; x_wconf 84' lang='lat' dir='ltr'><strong>dicta,</strong></span> <span class='ocrx_word' id='word_1_246' title='bbox 2532 2014 2802 2074; x_wconf 90' lang='lat' dir='ltr'><strong>eamdem</strong></span> <span class='ocrx_word' id='word_1_247' title='bbox 2865 2012 3216 2073; x_wconf 87' lang='lat' dir='ltr'><strong>sententiam</strong></span> <span class='ocrx_word' id='word_1_248' title='bbox 3276 2011 3631 2072; x_wconf 78' lang='lat' dir='ltr'><strong>insinuantia</strong></span> 
     </span>
    </p>
   </div>
   <div class='ocr_carea' id='block_1_39' title="bbox 255 2101 1899 2188">
    <p class='ocr_par' dir='ltr' id='par_1_39' title="bbox 255 2101 1899 2188">
     <span class='ocr_line' id='line_1_39' title="bbox 255 2101 1899 2188; baseline 0.002 -28"><span class='ocrx_word' id='word_1_249' title='bbox 255 2101 374 2185; x_wconf 82' lang='grc' dir='ltr'>λου,</span> <span class='ocrx_word' id='word_1_250' title='bbox 416 2109 514 2164; x_wconf 75' lang='grc' dir='ltr'>τοῦ</span> <span class='ocrx_word' id='word_1_251' title='bbox 553 2111 653 2174; x_wconf 80' lang='grc' dir='ltr'>τῆς</span> <span class='ocrx_word' id='word_1_252' title='bbox 710 2106 972 2173; x_wconf 68' lang='grc' dir='ltr'>εὐσεϐείας</span> <span class='ocrx_word' id='word_1_253' title='bbox 1041 2109 1358 2188; x_wconf 84' lang='grc' dir='ltr'>προστάτου,</span> <span class='ocrx_word' id='word_1_254' title='bbox 1417 2108 1619 2187; x_wconf 78' lang='grc' dir='ltr'>ῥήσεις,</span> <span class='ocrx_word' id='word_1_255' title='bbox 1687 2110 1742 2164; x_wconf 81' lang='grc' dir='ltr'>αἳ</span> <span class='ocrx_word' id='word_1_256' title='bbox 1801 2112 1899 2174; x_wconf 80' lang='grc' dir='ltr'>τῆς</span> 
     </span>
    </p>
   </div>
   <div class='ocr_carea' id='block_1_40' title="bbox 253 2191 1900 2278">
    <p class='ocr_par' dir='ltr' id='par_1_40' title="bbox 253 2191 1900 2278">
     <span class='ocr_line' id='line_1_40' title="bbox 253 2191 1900 2278; baseline 0.002 -29"><span class='ocrx_word' id='word_1_257' title='bbox 253 2194 418 2261; x_wconf 78' lang='grc' dir='ltr'>αὐτῆς</span> <span class='ocrx_word' id='word_1_258' title='bbox 494 2191 724 2262; x_wconf 80' lang='grc' dir='ltr'>διανοίας</span> <span class='ocrx_word' id='word_1_259' title='bbox 795 2199 923 2254; x_wconf 78' lang='grc' dir='ltr'>εἰσὶν</span> <span class='ocrx_word' id='word_1_260' title='bbox 1005 2197 1458 2278; x_wconf 75' lang='grc' dir='ltr'>παρατρέχοντες,</span> <span class='ocrx_word' id='word_1_261' title='bbox 1516 2198 1612 2261; x_wconf 77' lang='grc' dir='ltr'>τὰς</span> <span class='ocrx_word' id='word_1_262' title='bbox 1668 2196 1724 2253; x_wconf 80' lang='grc' dir='ltr'><strong>δὲ</strong></span> <span class='ocrx_word' id='word_1_263' title='bbox 1783 2196 1900 2273; x_wconf 65' lang='grc' dir='ltr'>περὶ</span> 
     </span>
    </p>
   </div>
   <div class='ocr_carea' id='block_1_41' title="bbox 252 2280 1900 2367">
    <p class='ocr_par' dir='ltr' id='par_1_41' title="bbox 252 2280 1900 2367">
     <span class='ocr_line' id='line_1_41' title="bbox 252 2280 1900 2367; baseline 0.002 -30"><span class='ocrx_word' id='word_1_264' title='bbox 252 2280 437 2339; x_wconf 87' lang='grc' dir='ltr'>τούτου</span> <span class='ocrx_word' id='word_1_265' title='bbox 508 2289 618 2340; x_wconf 82' lang='grc' dir='ltr'>τῶν</span> <span class='ocrx_word' id='word_1_266' title='bbox 686 2286 950 2365; x_wconf 78' lang='grc' dir='ltr'>θεοφόρων</span> <span class='ocrx_word' id='word_1_267' title='bbox 1018 2285 1265 2365; x_wconf 89' lang='grc' dir='ltr'>Πατέρων</span> <span class='ocrx_word' id='word_1_268' title='bbox 1348 2287 1580 2367; x_wconf 70' lang='grc' dir='ltr'><strong>Γραφόις,</strong></span> <span class='ocrx_word' id='word_1_269' title='bbox 1665 2285 1721 2342; x_wconf 80' lang='grc' dir='ltr'>ἐν</span> <span class='ocrx_word' id='word_1_270' title='bbox 1805 2286 1900 2349; x_wconf 78' lang='grc' dir='ltr'><strong>αἷς</strong></span> 
     </span>
    </p>
   </div>
   <div class='ocr_carea' id='block_1_42' title="bbox 251 2368 1902 2454">
    <p class='ocr_par' dir='ltr' id='par_1_42' title="bbox 251 2368 1902 2454">
     <span class='ocr_line' id='line_1_42' title="bbox 251 2368 1902 2454; baseline 0.002 -29"><span class='ocrx_word' id='word_1_271' title='bbox 251 2368 520 2447; x_wconf 75' lang='grc' dir='ltr'>ἁριδήλως</span> <span class='ocrx_word' id='word_1_272' title='bbox 575 2373 720 2430; x_wconf 84' lang='grc' dir='ltr'>εἶναι</span> <span class='ocrx_word' id='word_1_273' title='bbox 778 2372 863 2430; x_wconf 82' lang='grc' dir='ltr'><strong>διὰ</strong></span> <span class='ocrx_word' id='word_1_274' title='bbox 917 2381 1010 2432; x_wconf 88' lang='grc' dir='ltr'>τοῦ</span> <span class='ocrx_word' id='word_1_275' title='bbox 1066 2377 1188 2432; x_wconf 84' lang='grc' dir='ltr'>Υἱοῦ</span> <span class='ocrx_word' id='word_1_276' title='bbox 1229 2375 1291 2432; x_wconf 83' lang='grc' dir='ltr'>τὸ</span> <span class='ocrx_word' id='word_1_277' title='bbox 1333 2380 1545 2450; x_wconf 80' lang='grc' dir='ltr'>Πνεῦμα</span> <span class='ocrx_word' id='word_1_278' title='bbox 1588 2374 1902 2454; x_wconf 73' lang='grc' dir='ltr'>κηρύττεται</span> 
     </span>
    </p>
   </div>
   <div class='ocr_carea' id='block_1_43' title="bbox 252 2456 1902 2542">
    <p class='ocr_par' dir='ltr' id='par_1_43' title="bbox 252 2456 1902 2542">
     <span class='ocr_line' id='line_1_43' title="bbox 252 2456 1902 2542; baseline 0.002 -28"><span class='ocrx_word' id='word_1_279' title='bbox 252 2456 524 2535; x_wconf 81' lang='grc' dir='ltr'>μηδαμῶς</span> <span class='ocrx_word' id='word_1_280' title='bbox 567 2460 979 2539; x_wconf 70' lang='grc' dir='ltr'>μελετήσαντες,</span> <span class='ocrx_word' id='word_1_281' title='bbox 1024 2460 1143 2519; x_wconf 74' lang='grc' dir='ltr'>ἀλλ’</span> <span class='ocrx_word' id='word_1_282' title='bbox 1213 2464 1425 2526; x_wconf 75' lang='grc' dir='ltr'>ἑαυτοῖς</span> <span class='ocrx_word' id='word_1_283' title='bbox 1467 2464 1789 2542; x_wconf 72' lang='grc' dir='ltr'>κενοφωνίαν</span> <span class='ocrx_word' id='word_1_284' title='bbox 1830 2463 1902 2524; x_wconf 84' lang='grc' dir='ltr'>εἱς</span> 
     </span>
    </p>
   </div>
   <div class='ocr_carea' id='block_1_44' title="bbox 252 2546 1276 2628">
    <p class='ocr_par' dir='ltr' id='par_1_44' title="bbox 252 2546 1276 2628">
     <span class='ocr_line' id='line_1_44' title="bbox 252 2546 1276 2628; baseline 0.007 -25"><span class='ocrx_word' id='word_1_285' title='bbox 252 2546 532 2625; x_wconf 79' lang='grc' dir='ltr'>ἀρέσκειαν</span> <span class='ocrx_word' id='word_1_286' title='bbox 562 2549 847 2628; x_wconf 77' lang='grc' dir='ltr'><strong>ἀνθρώπων</strong></span> <span class='ocrx_word' id='word_1_287' title='bbox 875 2553 1276 2623; x_wconf 71' lang='grc' dir='ltr'>ὲπινοήσαντες.</span> 
     </span>
    </p>
   </div>
   <div class='ocr_carea' id='block_1_45' title="bbox 333 2628 1905 2722">
    <p class='ocr_par' dir='ltr' id='par_1_45' title="bbox 333 2628 1905 2722">
     <span class='ocr_line' id='line_1_45' title="bbox 333 2628 1905 2722; baseline 0.002 -29"><span class='ocrx_word' id='word_1_288' title='bbox 333 2628 430 2714; x_wconf 82' lang='grc' dir='ltr'>ιβ’,</span> <span class='ocrx_word' id='word_1_289' title='bbox 522 2630 716 2714; x_wconf 75' lang='grc' dir='ltr'>Ἡμεῖς</span> <span class='ocrx_word' id='word_1_290' title='bbox 794 2639 849 2697; x_wconf 83' lang='grc' dir='ltr'><strong>δὲ</strong></span> <span class='ocrx_word' id='word_1_291' title='bbox 933 2662 1130 2722; x_wconf 80' lang='grc' dir='ltr'>φαμεν,</span> <span class='ocrx_word' id='word_1_292' title='bbox 1188 2654 1311 2706; x_wconf 74' lang='grc' dir='ltr'>ταῖς</span> <span class='ocrx_word' id='word_1_293' title='bbox 1378 2642 1717 2722; x_wconf 74' lang='grc' dir='ltr'>θεοφθόγγοις</span> <span class='ocrx_word' id='word_1_294' title='bbox 1796 2641 1905 2697; x_wconf 79' lang='grc' dir='ltr'>τῶν</span> 
     </span>
    </p>
   </div>
   <div class='ocr_carea' id='block_1_46' title="bbox 251 2725 1899 2808">
    <p class='ocr_par' dir='ltr' id='par_1_46' title="bbox 251 2725 1899 2808">
     <span class='ocr_line' id='line_1_46' title="bbox 251 2725 1899 2808; baseline 0.003 -28"><span class='ocrx_word' id='word_1_295' title='bbox 251 2725 413 2803; x_wconf 84' lang='grc' dir='ltr'>ἁγίων</span> <span class='ocrx_word' id='word_1_296' title='bbox 474 2727 774 2806; x_wconf 83' lang='grc' dir='ltr'>ἐρμηνειαις</span> <span class='ocrx_word' id='word_1_297' title='bbox 832 2730 1104 2805; x_wconf 82' lang='grc' dir='ltr'>ἑπόμενοι,</span> <span class='ocrx_word' id='word_1_298' title='bbox 1164 2730 1365 2787; x_wconf 87' lang='grc' dir='ltr'>τούτων</span> <span class='ocrx_word' id='word_1_299' title='bbox 1396 2728 1451 2787; x_wconf 79' lang='grc' dir='ltr'><strong>δὲ</strong></span> <span class='ocrx_word' id='word_1_300' title='bbox 1493 2732 1594 2798; x_wconf 76' lang='grc' dir='ltr'>τὴν</span> <span class='ocrx_word' id='word_1_301' title='bbox 1625 2731 1679 2786; x_wconf 79' lang='grc' dir='ltr'><strong>ἐν</strong></span> <span class='ocrx_word' id='word_1_302' title='bbox 1724 2733 1899 2808; x_wconf 69' lang='grc' dir='ltr'>Εὔαγ-</span> 
     </span>
    </p>
   </div>
   <div class='ocr_carea' id='block_1_47' title="bbox 251 2813 1898 2898">
    <p class='ocr_par' dir='ltr' id='par_1_47' title="bbox 251 2813 1898 2898">
     <span class='ocr_line' id='line_1_47' title="bbox 251 2813 1898 2898; baseline 0.002 -28"><span class='ocrx_word' id='word_1_303' title='bbox 251 2813 451 2893; x_wconf 83' lang='grc' dir='ltr'>γελίοις</span> <span class='ocrx_word' id='word_1_304' title='bbox 508 2821 602 2876; x_wconf 76' lang='grc' dir='ltr'>οὐκ</span> <span class='ocrx_word' id='word_1_305' title='bbox 659 2816 810 2896; x_wconf 76' lang='grc' dir='ltr'>ὀλίγα</span> <span class='ocrx_word' id='word_1_306' title='bbox 868 2825 960 2875; x_wconf 88' lang='grc' dir='ltr'>τοῦ</span> <span class='ocrx_word' id='word_1_307' title='bbox 1005 2822 1188 2897; x_wconf 76' lang='grc' dir='ltr'>Κυρίου</span> <span class='ocrx_word' id='word_1_308' title='bbox 1230 2819 1432 2898; x_wconf 77' lang='grc' dir='ltr'>φωνὴν,</span> <span class='ocrx_word' id='word_1_309' title='bbox 1477 2821 1567 2876; x_wconf 80' lang='grc' dir='ltr'>καὶ</span> <span class='ocrx_word' id='word_1_310' title='bbox 1606 2818 1701 2883; x_wconf 74' lang='grc' dir='ltr'><strong>τὰς</strong></span> <span class='ocrx_word' id='word_1_311' title='bbox 1757 2817 1898 2874; x_wconf 76' lang='grc' dir='ltr'><strong>ἀπο-</strong></span> 
     </span>
    </p>
   </div>
   <div class='ocr_carea' id='block_1_48' title="bbox 252 2902 1891 2986">
    <p class='ocr_par' dir='ltr' id='par_1_48' title="bbox 252 2902 1891 2986">
     <span class='ocr_line' id='line_1_48' title="bbox 252 2902 1891 2986; baseline 0.003 -28"><span class='ocrx_word' id='word_1_312' title='bbox 252 2902 507 2968; x_wconf 76' lang='grc' dir='ltr'>στολικὰς</span> <span class='ocrx_word' id='word_1_313' title='bbox 576 2906 757 2983; x_wconf 79' lang='grc' dir='ltr'>ῥήσεις</span> <span class='ocrx_word' id='word_1_314' title='bbox 786 2907 888 2986; x_wconf 69' lang='grc' dir='ltr'>οὔχ</span> <span class='ocrx_word' id='word_1_315' title='bbox 952 2913 1110 2984; x_wconf 75' lang='grc' dir='ltr'>ᾖττον</span> <span class='ocrx_word' id='word_1_316' title='bbox 1179 2905 1246 2963; x_wconf 84' lang='grc' dir='ltr'><strong>δι’</strong></span> <span class='ocrx_word' id='word_1_317' title='bbox 1305 2907 1470 2974; x_wconf 70' lang='grc' dir='ltr'>αὒτῆς</span> <span class='ocrx_word' id='word_1_318' title='bbox 1526 2907 1891 2964; x_wconf 69' lang='grc' dir='ltr'>ἀναπτύσσουε-</span> 
     </span>
    </p>
   </div>
   <div class='ocr_carea' id='block_1_49' title="bbox 251 2992 1951 3075">
    <p class='ocr_par' dir='ltr' id='par_1_49' title="bbox 251 2992 1951 3075">
     <span class='ocr_line' id='line_1_49' title="bbox 251 2992 1951 3075; baseline 0.003 -29"><span class='ocrx_word' id='word_1_319' title='bbox 251 3012 358 3063; x_wconf 91' lang='grc' dir='ltr'>σιν,</span> <span class='ocrx_word' id='word_1_320' title='bbox 420 2992 486 3056; x_wconf 78' lang='grc' dir='ltr'><strong>ἃς</strong></span> <span class='ocrx_word' id='word_1_321' title='bbox 542 2996 629 3050; x_wconf 78' lang='grc' dir='ltr'>καὶ</span> <span class='ocrx_word' id='word_1_322' title='bbox 681 2993 963 3074; x_wconf 74' lang='grc' dir='ltr'>προϊόντος</span> <span class='ocrx_word' id='word_1_323' title='bbox 1021 3006 1112 3054; x_wconf 87' lang='grc' dir='ltr'>τοῦ</span> <span class='ocrx_word' id='word_1_324' title='bbox 1143 2994 1304 3074; x_wconf 81' lang='grc' dir='ltr'>λόγου</span> <span class='ocrx_word' id='word_1_325' title='bbox 1333 2993 1526 3075; x_wconf 76' lang='grc' dir='ltr'>σχεδὸν</span> <span class='ocrx_word' id='word_1_326' title='bbox 1555 2996 1728 3059; x_wconf 77' lang='grc' dir='ltr'>πάσας</span> <span class='ocrx_word' id='word_1_327' title='bbox 1758 2995 1951 3074; x_wconf 59' lang='lat' dir='ltr'><strong>mea</strong></span> 
     </span>
    </p>
   </div>
   <div class='ocr_carea' id='block_1_50' title="bbox 258 3081 1894 3162">
    <p class='ocr_par' dir='ltr' id='par_1_50' title="bbox 258 3081 1894 3162">
     <span class='ocr_line' id='line_1_50' title="bbox 258 3081 1894 3162; baseline 0.003 -28"><span class='ocrx_word' id='word_1_328' title='bbox 258 3081 440 3159; x_wconf 80' lang='grc' dir='ltr'>καιρὸν</span> <span class='ocrx_word' id='word_1_329' title='bbox 473 3081 701 3150; x_wconf 77' lang='grc' dir='ltr'>ἑκάστην</span> <span class='ocrx_word' id='word_1_330' title='bbox 751 3082 1068 3159; x_wconf 74' lang='grc' dir='ltr'>ἐκθήσομεν,</span> <span class='ocrx_word' id='word_1_331' title='bbox 1129 3083 1209 3139; x_wconf 78' lang='grc' dir='ltr'><strong>ὅτι</strong></span> <span class='ocrx_word' id='word_1_332' title='bbox 1253 3085 1314 3140; x_wconf 80' lang='grc' dir='ltr'>τὸ</span> <span class='ocrx_word' id='word_1_333' title='bbox 1361 3086 1570 3156; x_wconf 81' lang='grc' dir='ltr'>Πνεῦμα</span> <span class='ocrx_word' id='word_1_334' title='bbox 1627 3085 1688 3140; x_wconf 80' lang='grc' dir='ltr'>τὸ</span> <span class='ocrx_word' id='word_1_335' title='bbox 1742 3084 1894 3162; x_wconf 78' lang='grc' dir='ltr'>ἅγιον</span> 
     </span>
    </p>
   </div>
   <div class='ocr_carea' id='block_1_51' title="bbox 256 3165 1891 3250">
    <p class='ocr_par' dir='ltr' id='par_1_51' title="bbox 256 3165 1891 3250">
     <span class='ocr_line' id='line_1_51' title="bbox 256 3165 1891 3250; baseline 0.004 -28"><span class='ocrx_word' id='word_1_336' title='bbox 256 3165 317 3223; x_wconf 77' lang='grc' dir='ltr'><strong>ἐκ</strong></span> <span class='ocrx_word' id='word_1_337' title='bbox 370 3177 463 3227; x_wconf 90' lang='grc' dir='ltr'>τοῦ</span> <span class='ocrx_word' id='word_1_338' title='bbox 505 3173 707 3249; x_wconf 84' lang='grc' dir='ltr'>Πατρὸς</span> <span class='ocrx_word' id='word_1_339' title='bbox 762 3171 847 3228; x_wconf 80' lang='grc' dir='ltr'><strong>διὰ</strong></span> <span class='ocrx_word' id='word_1_340' title='bbox 884 3176 977 3229; x_wconf 85' lang='grc' dir='ltr'>τοῦ</span> <span class='ocrx_word' id='word_1_341' title='bbox 1031 3174 1172 3246; x_wconf 77' lang='grc' dir='ltr'>Υἱοῦ,</span> <span class='ocrx_word' id='word_1_342' title='bbox 1207 3170 1286 3228; x_wconf 82' lang='grc' dir='ltr'><strong>διὸ</strong></span> <span class='ocrx_word' id='word_1_343' title='bbox 1316 3174 1402 3228; x_wconf 84' lang='grc' dir='ltr'><strong>καὶ</strong></span> <span class='ocrx_word' id='word_1_344' title='bbox 1430 3172 1572 3250; x_wconf 83' lang='grc' dir='ltr'><strong>παρὰ</strong></span> <span class='ocrx_word' id='word_1_345' title='bbox 1603 3178 1694 3229; x_wconf 82' lang='grc' dir='ltr'>τοῦ</span> <span class='ocrx_word' id='word_1_346' title='bbox 1749 3175 1891 3247; x_wconf 73' lang='grc' dir='ltr'>Υἶοῦ,</span> 
     </span>
    </p>
   </div>
   <div class='ocr_carea' id='block_1_52' title="bbox 250 3252 1896 3340">
    <p class='ocr_par' dir='ltr' id='par_1_52' title="bbox 250 3252 1896 3340">
     <span class='ocr_line' id='line_1_52' title="bbox 250 3252 1896 3340; baseline 0.002 -27"><span class='ocrx_word' id='word_1_347' title='bbox 250 3258 326 3320; x_wconf 85' lang='grc' dir='ltr'>ὡς</span> <span class='ocrx_word' id='word_1_348' title='bbox 383 3255 469 3315; x_wconf 79' lang='grc' dir='ltr'>διὰ</span> <span class='ocrx_word' id='word_1_349' title='bbox 524 3265 617 3316; x_wconf 88' lang='grc' dir='ltr'>τοῦ</span> <span class='ocrx_word' id='word_1_350' title='bbox 673 3262 794 3318; x_wconf 79' lang='grc' dir='ltr'>Υἱοῦ</span> <span class='ocrx_word' id='word_1_351' title='bbox 849 3259 1105 3337; x_wconf 73' lang='grc' dir='ltr'>λαμϐάνει</span> <span class='ocrx_word' id='word_1_352' title='bbox 1155 3262 1251 3329; x_wconf 80' lang='grc' dir='ltr'>τὴν</span> <span class='ocrx_word' id='word_1_353' title='bbox 1283 3260 1519 3339; x_wconf 61' lang='grc' dir='ltr'>ὕπαρξιν,</span> <span class='ocrx_word' id='word_1_354' title='bbox 1556 3252 1613 3319; x_wconf 70' lang='grc' dir='ltr'><strong>Ὀ</strong></span> <span class='ocrx_word' id='word_1_355' title='bbox 1644 3264 1739 3337; x_wconf 83' lang='grc' dir='ltr'>μὲν</span> <span class='ocrx_word' id='word_1_356' title='bbox 1795 3263 1896 3340; x_wconf 70' lang='grc' dir='ltr'>γὰρ</span> 
     </span>
    </p>
   </div>
   <div class='ocr_carea' id='block_1_53' title="bbox 253 3347 1896 3429">
    <p class='ocr_par' dir='ltr' id='par_1_53' title="bbox 253 3347 1896 3429">
     <span class='ocr_line' id='line_1_53' title="bbox 253 3347 1896 3429; baseline 0.003 -28"><span class='ocrx_word' id='word_1_357' title='bbox 253 3347 374 3412; x_wconf 82' lang='grc' dir='ltr'>Υἱὸς</span> <span class='ocrx_word' id='word_1_358' title='bbox 430 3347 644 3423; x_wconf 82' lang='grc' dir='ltr'>ἆμέσως</span> <span class='ocrx_word' id='word_1_359' title='bbox 697 3349 935 3429; x_wconf 84' lang='grc' dir='ltr'>πρόεισιν</span> <span class='ocrx_word' id='word_1_360' title='bbox 1018 3349 1078 3406; x_wconf 80' lang='grc' dir='ltr'><strong>ἐκ</strong></span> <span class='ocrx_word' id='word_1_361' title='bbox 1153 3351 1380 3427; x_wconf 80' lang='grc' dir='ltr'>Πατρὸς,</span> <span class='ocrx_word' id='word_1_362' title='bbox 1443 3351 1502 3406; x_wconf 84' lang='grc' dir='ltr'><strong>τὸ</strong></span> <span class='ocrx_word' id='word_1_363' title='bbox 1572 3347 1626 3405; x_wconf 76' lang='grc' dir='ltr'><strong>ὃὶ</strong></span> <span class='ocrx_word' id='word_1_364' title='bbox 1686 3350 1896 3425; x_wconf 77' lang='grc' dir='ltr'>Πνεῦμα</span> 
     </span>
    </p>
   </div>
   <div class='ocr_carea' id='block_1_54' title="bbox 249 3434 1895 3515">
    <p class='ocr_par' dir='ltr' id='par_1_54' title="bbox 249 3434 1895 3515">
     <span class='ocr_line' id='line_1_54' title="bbox 249 3434 1895 3515; baseline 0.003 -25"><span class='ocrx_word' id='word_1_365' title='bbox 249 3435 312 3491; x_wconf 84' lang='grc' dir='ltr'><strong>τὸ</strong></span> <span class='ocrx_word' id='word_1_366' title='bbox 366 3435 520 3514; x_wconf 75' lang='grc' dir='ltr'>ἅγιον</span> <span class='ocrx_word' id='word_1_367' title='bbox 579 3434 664 3493; x_wconf 75' lang='grc' dir='ltr'><strong>διὰ</strong></span> <span class='ocrx_word' id='word_1_368' title='bbox 731 3446 824 3494; x_wconf 89' lang='grc' dir='ltr'>τοῦ</span> <span class='ocrx_word' id='word_1_369' title='bbox 881 3441 1001 3495; x_wconf 75' lang='grc' dir='ltr'><strong>Υἱυῦ</strong></span> <span class='ocrx_word' id='word_1_370' title='bbox 1032 3455 1047 3469; x_wconf 89' lang='grc'><strong>·</strong></span> <span class='ocrx_word' id='word_1_371' title='bbox 1113 3440 1201 3494; x_wconf 84' lang='grc' dir='ltr'><strong>καὶ</strong></span> <span class='ocrx_word' id='word_1_372' title='bbox 1255 3440 1410 3495; x_wconf 84' lang='grc' dir='ltr'>τοῦτό</span> <span class='ocrx_word' id='word_1_373' title='bbox 1480 3439 1589 3495; x_wconf 81' lang='grc' dir='ltr'>ἐστι</span> <span class='ocrx_word' id='word_1_374' title='bbox 1644 3440 1705 3495; x_wconf 83' lang='grc' dir='ltr'><strong>τὸ</strong></span> <span class='ocrx_word' id='word_1_375' title='bbox 1736 3439 1895 3515; x_wconf 81' lang='grc' dir='ltr'>μέσον</span> 
     </span>
    </p>
   </div>
   <div class='ocr_carea' id='block_1_55' title="bbox 247 3522 1895 3607">
    <p class='ocr_par' dir='ltr' id='par_1_55' title="bbox 247 3522 1895 3607">
     <span class='ocr_line' id='line_1_55' title="bbox 247 3522 1895 3607; baseline 0.002 -28"><span class='ocrx_word' id='word_1_376' title='bbox 247 3522 450 3580; x_wconf 87' lang='grc' dir='ltr'>τούτων</span> <span class='ocrx_word' id='word_1_377' title='bbox 525 3524 626 3593; x_wconf 70' lang='grc' dir='ltr'><strong>τήν</strong></span> <span class='ocrx_word' id='word_1_378' title='bbox 695 3523 941 3606; x_wconf 73' lang='grc' dir='ltr'>διαφορὰν</span> <span class='ocrx_word' id='word_1_379' title='bbox 994 3526 1364 3607; x_wconf 77' lang='grc' dir='ltr'>ἐργαζόμενον,</span> <span class='ocrx_word' id='word_1_380' title='bbox 1424 3525 1540 3584; x_wconf 76' lang='grc' dir='ltr'>καθ’</span> <span class='ocrx_word' id='word_1_381' title='bbox 1598 3526 1664 3596; x_wconf 76' lang='grc' dir='ltr'>ἢν</span> <span class='ocrx_word' id='word_1_382' title='bbox 1714 3530 1742 3584; x_wconf 81' lang='grc' dir='ltr'><strong>ὃ</strong></span> <span class='ocrx_word' id='word_1_383' title='bbox 1796 3528 1895 3603; x_wconf 80' lang='grc' dir='ltr'><strong>μὲν</strong></span> 
     </span>
    </p>
   </div>
   <div class='ocr_carea' id='block_1_56' title="bbox 251 3611 1893 3695">
    <p class='ocr_par' dir='ltr' id='par_1_56' title="bbox 251 3611 1893 3695">
     <span class='ocr_line' id='line_1_56' title="bbox 251 3611 1893 3695; baseline 0.003 -28"><span class='ocrx_word' id='word_1_384' title='bbox 251 3613 371 3677; x_wconf 76' lang='grc' dir='ltr'><strong>Υἱὸς</strong></span> <span class='ocrx_word' id='word_1_385' title='bbox 426 3611 676 3693; x_wconf 72' lang='grc' dir='ltr'>ὑπάρχει,</span> <span class='ocrx_word' id='word_1_386' title='bbox 738 3617 827 3671; x_wconf 80' lang='grc' dir='ltr'><strong>καὶ</strong></span> <span class='ocrx_word' id='word_1_387' title='bbox 859 3616 1019 3690; x_wconf 82' lang='grc' dir='ltr'>μόνος</span> <span class='ocrx_word' id='word_1_388' title='bbox 1063 3617 1314 3695; x_wconf 80' lang='grc' dir='ltr'>γεννητὸς</span> <span class='ocrx_word' id='word_1_389' title='bbox 1363 3615 1593 3673; x_wconf 80' lang='grc' dir='ltr'>ἐντεῦθεν</span> <span class='ocrx_word' id='word_1_390' title='bbox 1623 3638 1893 3694; x_wconf 75' lang='grc' dir='ltr'>προσαγο-</span> 
     </span>
    </p>
   </div>
   <div class='ocr_carea' id='block_1_57' title="bbox 250 3701 1891 3784">
    <p class='ocr_par' dir='ltr' id='par_1_57' title="bbox 250 3701 1891 3784">
     <span class='ocr_line' id='line_1_57' title="bbox 250 3701 1891 3784; baseline 0.003 -29"><span class='ocrx_word' id='word_1_391' title='bbox 250 3701 482 3778; x_wconf 88' lang='grc' dir='ltr'>ρεύεται,</span> <span class='ocrx_word' id='word_1_392' title='bbox 540 3705 601 3759; x_wconf 81' lang='grc' dir='ltr'>τὸ</span> <span class='ocrx_word' id='word_1_393' title='bbox 656 3701 710 3759; x_wconf 80' lang='grc' dir='ltr'>δὲ</span> <span class='ocrx_word' id='word_1_394' title='bbox 778 3702 922 3761; x_wconf 82' lang='grc' dir='ltr'>τοῦθ’</span> <span class='ocrx_word' id='word_1_395' title='bbox 978 3703 1107 3784; x_wconf 83' lang='grc' dir='ltr'>ὅπερ</span> <span class='ocrx_word' id='word_1_396' title='bbox 1174 3703 1419 3761; x_wconf 79' lang='grc' dir='ltr'>καλεῖται</span> <span class='ocrx_word' id='word_1_397' title='bbox 1481 3707 1688 3781; x_wconf 76' lang='grc' dir='ltr'>Πνεῦμα</span> <span class='ocrx_word' id='word_1_398' title='bbox 1741 3704 1891 3783; x_wconf 78' lang='grc' dir='ltr'>ἅγιον</span> 
     </span>
    </p>
   </div>
   <div class='ocr_carea' id='block_1_58' title="bbox 248 3787 1893 3871">
    <p class='ocr_par' dir='ltr' id='par_1_58' title="bbox 248 3787 1893 3871">
     <span class='ocr_line' id='line_1_58' title="bbox 248 3787 1893 3871; baseline 0.004 -27"><span class='ocrx_word' id='word_1_399' title='bbox 248 3787 361 3845; x_wconf 80' lang='grc' dir='ltr'>ἐστί</span> <span class='ocrx_word' id='word_1_400' title='bbox 414 3811 500 3870; x_wconf 83' lang='grc' dir='ltr'>τε,</span> <span class='ocrx_word' id='word_1_401' title='bbox 574 3792 662 3848; x_wconf 83' lang='grc' dir='ltr'>καὶ</span> <span class='ocrx_word' id='word_1_402' title='bbox 739 3792 901 3866; x_wconf 90' lang='grc' dir='ltr'>μόνον</span> <span class='ocrx_word' id='word_1_403' title='bbox 992 3793 1302 3871; x_wconf 79' lang='grc' dir='ltr'>ἐκπορευτὸν</span> <span class='ocrx_word' id='word_1_404' title='bbox 1380 3794 1714 3869; x_wconf 69' lang='grc' dir='ltr'><strong>ὀνομάζεται.</strong></span> <span class='ocrx_word' id='word_1_405' title='bbox 1794 3797 1893 3853; x_wconf 82' lang='grc' dir='ltr'><strong>Καὶ</strong></span> 
     </span>
    </p>
   </div>
   <div class='ocr_carea' id='block_1_59' title="bbox 247 3880 1892 3961">
    <p class='ocr_par' dir='ltr' id='par_1_59' title="bbox 247 3880 1892 3961">
     <span class='ocr_line' id='line_1_59' title="bbox 247 3880 1892 3961; baseline 0.004 -28"><span class='ocrx_word' id='word_1_406' title='bbox 247 3891 508 3956; x_wconf 75' lang='grc' dir='ltr'>μαρτυρεῖ</span> <span class='ocrx_word' id='word_1_407' title='bbox 579 3902 668 3954; x_wconf 87' lang='grc' dir='ltr'>μοι</span> <span class='ocrx_word' id='word_1_408' title='bbox 736 3888 815 3955; x_wconf 83' lang='grc' dir='ltr'>τῷ</span> <span class='ocrx_word' id='word_1_409' title='bbox 869 3880 1015 3961; x_wconf 86' lang='grc' dir='ltr'>λόγῳ</span> <span class='ocrx_word' id='word_1_410' title='bbox 1056 3883 1345 3961; x_wconf 83' lang='grc' dir='ltr'>Γρηγόριος</span> <span class='ocrx_word' id='word_1_411' title='bbox 1391 3885 1418 3939; x_wconf 84' lang='grc' dir='ltr'>ὁ</span> <span class='ocrx_word' id='word_1_412' title='bbox 1477 3884 1609 3942; x_wconf 72' lang='grc' dir='ltr'>πάνυ</span> <span class='ocrx_word' id='word_1_413' title='bbox 1657 3889 1758 3951; x_wconf 75' lang='grc' dir='ltr'><strong>τῆς</strong></span> <span class='ocrx_word' id='word_1_414' title='bbox 1786 3889 1892 3940; x_wconf 86' lang='grc' dir='ltr'><strong>τῶν</strong></span> 
     </span>
    </p>
   </div>
   <div class='ocr_carea' id='block_1_60' title="bbox 245 3965 1890 4051">
    <p class='ocr_par' dir='ltr' id='par_1_60' title="bbox 245 3965 1890 4051">
     <span class='ocr_line' id='line_1_60' title="bbox 245 3965 1890 4051; baseline 0.007 -28"><span class='ocrx_word' id='word_1_415' title='bbox 245 3967 530 4023; x_wconf 82' lang='grc' dir='ltr'><strong>Νυσσαέων</strong></span> <span class='ocrx_word' id='word_1_416' title='bbox 602 3965 922 4036; x_wconf 74' lang='grc' dir='ltr'>Ἐκκλησίας</span> <span class='ocrx_word' id='word_1_417' title='bbox 1000 3973 1029 4027; x_wconf 83' lang='grc' dir='ltr'>ὁ</span> <span class='ocrx_word' id='word_1_418' title='bbox 1099 3969 1375 4051; x_wconf 81' lang='grc' dir='ltr'>πρόεδρος,</span> <span class='ocrx_word' id='word_1_419' title='bbox 1432 3970 1515 4040; x_wconf 81' lang='grc' dir='ltr'>ὅς,</span> <span class='ocrx_word' id='word_1_420' title='bbox 1601 3970 1685 4028; x_wconf 73' lang='grc' dir='ltr'>διὰ</span> <span class='ocrx_word' id='word_1_421' title='bbox 1764 3979 1890 4048; x_wconf 77' lang='grc' dir='ltr'>μιᾶς</span> 
     </span>
    </p>
   </div>
   <div class='ocr_carea' id='block_1_61' title="bbox 240 4052 1893 4139">
    <p class='ocr_par' dir='ltr' id='par_1_61' title="bbox 240 4052 1893 4139">
     <span class='ocr_line' id='line_1_61' title="bbox 240 4052 1893 4139; baseline 0.005 -30"><span class='ocrx_word' id='word_1_422' title='bbox 240 4052 451 4117; x_wconf 80' lang='grc' dir='ltr'>πόλεως</span> <span class='ocrx_word' id='word_1_423' title='bbox 510 4056 705 4124; x_wconf 80' lang='grc' dir='ltr'>ταύτης</span> <span class='ocrx_word' id='word_1_424' title='bbox 763 4058 933 4115; x_wconf 83' lang='grc' dir='ltr'>πάντα</span> <span class='ocrx_word' id='word_1_425' title='bbox 989 4060 1056 4116; x_wconf 75' lang='grc' dir='ltr'>τὰ</span> <span class='ocrx_word' id='word_1_426' title='bbox 1109 4069 1203 4118; x_wconf 85' lang='grc' dir='ltr'>τοῦ</span> <span class='ocrx_word' id='word_1_427' title='bbox 1260 4059 1463 4135; x_wconf 78' lang='grc' dir='ltr'>κόσμου</span> <span class='ocrx_word' id='word_1_428' title='bbox 1522 4059 1722 4139; x_wconf 82' lang='grc' dir='ltr'>πέρατα</span> <span class='ocrx_word' id='word_1_429' title='bbox 1777 4074 1893 4127; x_wconf 79' lang='grc' dir='ltr'>τοῖς</span> 
     </span>
    </p>
   </div>
   <div class='ocr_carea' id='block_1_62' title="bbox 242 4142 1893 4227">
    <p class='ocr_par' dir='ltr' id='par_1_62' title="bbox 242 4142 1893 4227">
     <span class='ocr_line' id='line_1_62' title="bbox 242 4142 1893 4227; baseline 0.004 -29"><span class='ocrx_word' id='word_1_430' title='bbox 242 4143 458 4207; x_wconf 70' lang='grc' dir='ltr'>οἰιιείοις</span> <span class='ocrx_word' id='word_1_431' title='bbox 514 4142 814 4223; x_wconf 67' lang='grc' dir='ltr'>περιλαϐὼν</span> <span class='ocrx_word' id='word_1_432' title='bbox 853 4144 1132 4225; x_wconf 81' lang='grc' dir='ltr'>δόγμασιν,</span> <span class='ocrx_word' id='word_1_433' title='bbox 1192 4147 1247 4204; x_wconf 75' lang='grc' dir='ltr'>ἐν</span> <span class='ocrx_word' id='word_1_434' title='bbox 1294 4153 1363 4224; x_wconf 79' lang='grc' dir='ltr'><strong>τῇ</strong></span> <span class='ocrx_word' id='word_1_435' title='bbox 1417 4148 1548 4227; x_wconf 83' lang='grc' dir='ltr'>πρὸς</span> <span class='ocrx_word' id='word_1_436' title='bbox 1615 4146 1893 4205; x_wconf 80' lang='grc' dir='ltr'>Ἀϐλάϐιον</span> 
     </span>
    </p>
   </div>
   <div class='ocr_carea' id='block_1_63' title="bbox 238 4231 1890 4316">
    <p class='ocr_par' dir='ltr' id='par_1_63' title="bbox 238 4231 1890 4316">
     <span class='ocr_line' id='line_1_63' title="bbox 238 4231 1890 4316; baseline 0.005 -30"><span class='ocrx_word' id='word_1_437' title='bbox 238 4232 401 4288; x_wconf 80' lang='grc' dir='ltr'>αὐτοῦ</span> <span class='ocrx_word' id='word_1_438' title='bbox 455 4231 698 4311; x_wconf 81' lang='grc' dir='ltr'>θεολογίᾳ</span> <span class='ocrx_word' id='word_1_439' title='bbox 771 4232 894 4291; x_wconf 84' lang='grc' dir='ltr'>τάδε</span> <span class='ocrx_word' id='word_1_440' title='bbox 955 4238 1085 4316; x_wconf 70' lang='grc' dir='ltr'>φησί</span> <span class='ocrx_word' id='word_1_441' title='bbox 1116 4252 1132 4268; x_wconf 84' lang='lat'><strong><em>°</em></strong></span> <span class='ocrx_word' id='word_1_442' title='bbox 1193 4237 1266 4294; x_wconf 80' lang='grc' dir='ltr'><strong>Τὸ</strong></span> <span class='ocrx_word' id='word_1_443' title='bbox 1335 4234 1741 4314; x_wconf 78' lang='grc' dir='ltr'>ἀπαράλλακτον</span> <span class='ocrx_word' id='word_1_444' title='bbox 1792 4241 1890 4305; x_wconf 75' lang='grc' dir='ltr'>τῆς</span> 
     </span>
    </p>
   </div>
   <div class='ocr_carea' id='block_1_64' title="bbox 236 4318 1894 4401">
    <p class='ocr_par' dir='ltr' id='par_1_64' title="bbox 236 4318 1894 4401">
     <span class='ocr_line' id='line_1_64' title="bbox 236 4318 1894 4401; baseline 0.005 -27"><span class='ocrx_word' id='word_1_445' title='bbox 236 4318 448 4398; x_wconf 80' lang='grc' dir='ltr'>φύσεως</span> <span class='ocrx_word' id='word_1_446' title='bbox 519 4320 932 4401; x_wconf 80' lang='grc' dir='ltr'>ὁμολογοῦντες,</span> <span class='ocrx_word' id='word_1_447' title='bbox 1017 4325 1118 4393; x_wconf 81' lang='grc' dir='ltr'><strong>τὴν</strong></span> <span class='ocrx_word' id='word_1_448' title='bbox 1205 4324 1342 4380; x_wconf 81' lang='grc' dir='ltr'>κατὰ</span> <span class='ocrx_word' id='word_1_449' title='bbox 1411 4326 1472 4382; x_wconf 82' lang='grc' dir='ltr'>τὸ</span> <span class='ocrx_word' id='word_1_450' title='bbox 1546 4323 1720 4382; x_wconf 77' lang='grc' dir='ltr'>αἴτιον</span> <span class='ocrx_word' id='word_1_451' title='bbox 1803 4328 1894 4383; x_wconf 81' lang='grc' dir='ltr'><strong>καὶ</strong></span> 
     </span>
    </p>
   </div>
   <div class='ocr_carea' id='block_1_65' title="bbox 234 4408 1895 4492">
    <p class='ocr_par' dir='ltr' id='par_1_65' title="bbox 234 4408 1895 4492">
     <span class='ocr_line' id='line_1_65' title="bbox 234 4408 1895 4492; baseline 0.004 -28"><span class='ocrx_word' id='word_1_452' title='bbox 234 4409 472 4465; x_wconf 76' lang='grc' dir='ltr'>αἱτιατὸν</span> <span class='ocrx_word' id='word_1_453' title='bbox 566 4408 818 4491; x_wconf 74' lang='grc' dir='ltr'>διαφορὰν</span> <span class='ocrx_word' id='word_1_454' title='bbox 901 4414 995 4470; x_wconf 75' lang='grc' dir='ltr'>οὒκ</span> <span class='ocrx_word' id='word_1_455' title='bbox 1078 4413 1396 4492; x_wconf 80' lang='grc' dir='ltr'>ἀρνούμεθα,</span> <span class='ocrx_word' id='word_1_456' title='bbox 1483 4413 1537 4469; x_wconf 75' lang='grc' dir='ltr'><strong>ἐν</strong></span> <span class='ocrx_word' id='word_1_457' title='bbox 1617 4417 1663 4487; x_wconf 86' lang='grc' dir='ltr'>ᾧ</span> <span class='ocrx_word' id='word_1_458' title='bbox 1746 4414 1895 4488; x_wconf 86' lang='grc' dir='ltr'>μόνῳ</span> 
     </span>
    </p>
   </div>
   <div class='ocr_carea' id='block_1_66' title="bbox 1989 2094 3631 2181">
    <p class='ocr_par' dir='ltr' id='par_1_66' title="bbox 1989 2094 3631 2181">
     <span class='ocr_line' id='line_1_66' title="bbox 1989 2094 3631 2181; baseline 0.003 -27"><span class='ocrx_word' id='word_1_459' title='bbox 1989 2094 2290 2174; x_wconf 75' lang='lat' dir='ltr'><strong>leguntur,</strong></span> <span class='ocrx_word' id='word_1_460' title='bbox 2325 2098 2437 2159; x_wconf 78' lang='lat' dir='ltr'><strong>levi</strong></span> <span class='ocrx_word' id='word_1_461' title='bbox 2471 2119 2647 2162; x_wconf 89' lang='lat' dir='ltr'><strong>manu</strong></span> <span class='ocrx_word' id='word_1_462' title='bbox 2671 2110 3240 2181; x_wconf 87' lang='lat' dir='ltr'><strong>percnrrentes,nee</strong></span> <span class='ocrx_word' id='word_1_463' title='bbox 3272 2119 3386 2160; x_wconf 90' lang='lat' dir='ltr'><strong>non</strong></span> <span class='ocrx_word' id='word_1_464' title='bbox 3420 2100 3494 2161; x_wconf 89' lang='lat' dir='ltr'><strong>de</strong></span> <span class='ocrx_word' id='word_1_465' title='bbox 3522 2100 3631 2160; x_wconf 89' lang='lat' dir='ltr'><strong>hac</strong></span> 
     </span>
    </p>
   </div>
   <div class='ocr_carea' id='block_1_67' title="bbox 1983 2187 3628 2267">
    <p class='ocr_par' dir='ltr' id='par_1_67' title="bbox 1983 2187 3628 2267">
     <span class='ocr_line' id='line_1_67' title="bbox 1983 2187 3628 2267; baseline 0.003 -22"><span class='ocrx_word' id='word_1_466' title='bbox 1983 2188 2189 2246; x_wconf 88' lang='lat' dir='ltr'><strong>eadem</strong></span> <span class='ocrx_word' id='word_1_467' title='bbox 2235 2204 2300 2247; x_wconf 88' lang='lat' dir='ltr'><strong>re</strong></span> <span class='ocrx_word' id='word_1_468' title='bbox 2331 2189 2550 2267; x_wconf 86' lang='lat' dir='ltr'><strong>scripta</strong></span> <span class='ocrx_word' id='word_1_469' title='bbox 2605 2190 2937 2250; x_wconf 79' lang='lat' dir='ltr'><strong>divinorum</strong></span> <span class='ocrx_word' id='word_1_470' title='bbox 2991 2193 3252 2266; x_wconf 83' lang='lat' dir='ltr'><strong>Patrum,</strong></span> <span class='ocrx_word' id='word_1_471' title='bbox 3297 2189 3355 2249; x_wconf 89' lang='lat' dir='ltr'><strong>in</strong></span> <span class='ocrx_word' id='word_1_472' title='bbox 3415 2187 3628 2267; x_wconf 81' lang='lat' dir='ltr'><strong>quibus</strong></span> 
     </span>
    </p>
   </div>
   <div class='ocr_carea' id='block_1_68' title="bbox 1984 2275 3631 2356">
    <p class='ocr_par' dir='ltr' id='par_1_68' title="bbox 1984 2275 3631 2356">
     <span class='ocr_line' id='line_1_68' title="bbox 1984 2275 3631 2356; baseline 0.005 -26"><span class='ocrx_word' id='word_1_473' title='bbox 1984 2288 2160 2350; x_wconf 85' lang='lat' dir='ltr'><strong>quam</strong></span> <span class='ocrx_word' id='word_1_474' title='bbox 2218 2275 2595 2352; x_wconf 85' lang='lat' dir='ltr'><strong>apertissime</strong></span> <span class='ocrx_word' id='word_1_475' title='bbox 2647 2296 2753 2356; x_wconf 89' lang='lat' dir='ltr'><strong>per</strong></span> <span class='ocrx_word' id='word_1_476' title='bbox 2806 2276 3042 2351; x_wconf 80' lang='lat' dir='ltr'><strong>Filium,</strong></span> <span class='ocrx_word' id='word_1_477' title='bbox 3104 2285 3163 2337; x_wconf 90' lang='lat' dir='ltr'><strong>et</strong></span> <span class='ocrx_word' id='word_1_478' title='bbox 3209 2295 3279 2337; x_wconf 86' lang='lat' dir='ltr'><strong>ex</strong></span> <span class='ocrx_word' id='word_1_479' title='bbox 3331 2276 3475 2338; x_wconf 82' lang='lat' dir='ltr'><strong>Filio</strong></span> <span class='ocrx_word' id='word_1_480' title='bbox 3498 2294 3631 2338; x_wconf 88' lang='lat' dir='ltr'><strong>esse</strong></span> 
     </span>
    </p>
   </div>
   <div class='ocr_carea' id='block_1_69' title="bbox 1985 2358 3627 2443">
    <p class='ocr_par' dir='ltr' id='par_1_69' title="bbox 1985 2358 3627 2443">
     <span class='ocr_line' id='line_1_69' title="bbox 1985 2358 3627 2443; baseline 0.004 -26"><span class='ocrx_word' id='word_1_481' title='bbox 1985 2358 2270 2438; x_wconf 68' lang='lat' dir='ltr'><strong>Spiritum</strong></span> <span class='ocrx_word' id='word_1_482' title='bbox 2321 2364 2678 2441; x_wconf 67' lang='lat' dir='ltr'><strong>praedicatur</strong></span> <span class='ocrx_word' id='word_1_483' title='bbox 2733 2365 2897 2424; x_wconf 90' lang='lat' dir='ltr'><strong>nullo</strong></span> <span class='ocrx_word' id='word_1_484' title='bbox 2951 2365 3123 2424; x_wconf 88' lang='lat' dir='ltr'><strong>modo</strong></span> <span class='ocrx_word' id='word_1_485' title='bbox 3155 2364 3627 2443; x_wconf 86' lang='lat' dir='ltr'><strong>considerantes,</strong></span> 
     </span>
    </p>
   </div>
   <div class='ocr_carea' id='block_1_70' title="bbox 1985 2448 3628 2532">
    <p class='ocr_par' dir='ltr' id='par_1_70' title="bbox 1985 2448 3628 2532">
     <span class='ocr_line' id='line_1_70' title="bbox 1985 2448 3628 2532; baseline 0.003 -26"><span class='ocrx_word' id='word_1_486' title='bbox 1985 2465 2164 2508; x_wconf 77' lang='lat' dir='ltr'><strong>novas</strong></span> <span class='ocrx_word' id='word_1_487' title='bbox 2192 2448 2304 2509; x_wconf 87' lang='lat' dir='ltr'><strong>sibi</strong></span> <span class='ocrx_word' id='word_1_488' title='bbox 2341 2468 2533 2526; x_wconf 85' lang='lat' dir='ltr'><strong>voces,</strong></span> <span class='ocrx_word' id='word_1_489' title='bbox 2595 2461 2659 2511; x_wconf 91' lang='lat' dir='ltr'><strong>nt</strong></span> <span class='ocrx_word' id='word_1_490' title='bbox 2706 2452 3046 2513; x_wconf 82' lang='lat' dir='ltr'><strong>hominibus</strong></span> <span class='ocrx_word' id='word_1_491' title='bbox 3104 2454 3392 2532; x_wconf 45' lang='lat' dir='ltr'><strong>placeant,</strong></span> <span class='ocrx_word' id='word_1_492' title='bbox 3454 2452 3628 2513; x_wconf 81' lang='lat' dir='ltr'><strong>eﬂin—</strong></span> 
     </span>
    </p>
   </div>
   <div class='ocr_carea' id='block_1_71' title="bbox 1984 2544 2149 2613">
    <p class='ocr_par' dir='ltr' id='par_1_71' title="bbox 1984 2544 2149 2613">
     <span class='ocr_line' id='line_1_71' title="bbox 1984 2544 2149 2613; baseline 0.024 -17"><span class='ocrx_word' id='word_1_493' title='bbox 1984 2544 2149 2613; x_wconf 78' lang='lat' dir='ltr'><strong>gunt.</strong></span> 
     </span>
    </p>
   </div>
   <div class='ocr_carea' id='block_1_72' title="bbox 2067 2625 3627 2710">
    <p class='ocr_par' dir='ltr' id='par_1_72' title="bbox 2067 2625 3627 2710">
     <span class='ocr_line' id='line_1_72' title="bbox 2067 2625 3627 2710; baseline 0.003 -25"><span class='ocrx_word' id='word_1_494' title='bbox 2067 2625 2165 2688; x_wconf 74' lang='lat'><strong>1‘2.</strong></span> <span class='ocrx_word' id='word_1_495' title='bbox 2198 2625 2319 2688; x_wconf 90' lang='lat' dir='ltr'><strong>Nos</strong></span> <span class='ocrx_word' id='word_1_496' title='bbox 2342 2644 2515 2705; x_wconf 90' lang='lat' dir='ltr'><strong>porro</strong></span> <span class='ocrx_word' id='word_1_497' title='bbox 2533 2626 2927 2710; x_wconf 87' lang='lat' dir='ltr'><strong>divioiloquas</strong></span> <span class='ocrx_word' id='word_1_498' title='bbox 2955 2638 3297 2691; x_wconf 85' lang='lat' dir='ltr'><strong>sanctorum</strong></span> <span class='ocrx_word' id='word_1_499' title='bbox 3332 2627 3627 2708; x_wconf 86' lang='lat' dir='ltr'><strong>interpre-</strong></span> 
     </span>
    </p>
   </div>
   <div class='ocr_carea' id='block_1_73' title="bbox 1987 2713 3626 2796">
    <p class='ocr_par' dir='ltr' id='par_1_73' title="bbox 1987 2713 3626 2796">
     <span class='ocr_line' id='line_1_73' title="bbox 1987 2713 3626 2796; baseline 0.005 -26"><span class='ocrx_word' id='word_1_500' title='bbox 1987 2713 2238 2775; x_wconf 87' lang='lat' dir='ltr'><strong>tationes</strong></span> <span class='ocrx_word' id='word_1_501' title='bbox 2258 2725 2599 2794; x_wconf 80' lang='lat' dir='ltr'><strong>sequentes,</strong></span> <span class='ocrx_word' id='word_1_502' title='bbox 2635 2735 2865 2778; x_wconf 81' lang='lat' dir='ltr'><strong>necnon</strong></span> <span class='ocrx_word' id='word_1_503' title='bbox 2902 2723 3338 2785; x_wconf 79' lang='lat' dir='ltr'><strong>eoru:ndem.et</strong></span> <span class='ocrx_word' id='word_1_504' title='bbox 3365 2719 3626 2796; x_wconf 85' lang='lat' dir='ltr'><strong>Aposto-</strong></span> 
     </span>
    </p>
   </div>
   <div class='ocr_carea' id='block_1_74' title="bbox 1983 2801 3626 2885">
    <p class='ocr_par' dir='ltr' id='par_1_74' title="bbox 1983 2801 3626 2885">
     <span class='ocr_line' id='line_1_74' title="bbox 1983 2801 3626 2885; baseline 0.004 -24"><span class='ocrx_word' id='word_1_505' title='bbox 1983 2801 2023 2861; x_wconf 91' lang='lat' dir='ltr'><strong>li</strong></span> <span class='ocrx_word' id='word_1_506' title='bbox 2053 2801 2210 2862; x_wconf 87' lang='lat' dir='ltr'><strong>dicta</strong></span> <span class='ocrx_word' id='word_1_507' title='bbox 2239 2821 2356 2863; x_wconf 91' lang='lat' dir='ltr'><strong>non</strong></span> <span class='ocrx_word' id='word_1_508' title='bbox 2392 2823 2576 2885; x_wconf 84' lang='lat' dir='ltr'><strong>pauca</strong></span> <span class='ocrx_word' id='word_1_509' title='bbox 2607 2807 3002 2885; x_wconf 75' lang='lat' dir='ltr'><strong>evangelicum</strong></span> <span class='ocrx_word' id='word_1_510' title='bbox 3037 2806 3273 2869; x_wconf 87' lang='lat' dir='ltr'><strong>Domini</strong></span> <span class='ocrx_word' id='word_1_511' title='bbox 3305 2825 3507 2868; x_wconf 86' lang='lat' dir='ltr'><strong>vocem</strong></span> <span class='ocrx_word' id='word_1_512' title='bbox 3529 2824 3626 2868; x_wconf 79' lang='lat' dir='ltr'><strong>ex-</strong></span> 
     </span>
    </p>
   </div>
   <div class='ocr_carea' id='block_1_75' title="bbox 1975 2890 3628 2973">
    <p class='ocr_par' dir='ltr' id='par_1_75' title="bbox 1975 2890 3628 2973">
     <span class='ocr_line' id='line_1_75' title="bbox 1975 2890 3628 2973; baseline 0.004 -24"><span class='ocrx_word' id='word_1_513' title='bbox 1975 2890 2277 2970; x_wconf 81' lang='lat' dir='ltr'><strong>ponentia,</strong></span> <span class='ocrx_word' id='word_1_514' title='bbox 2302 2910 2434 2971; x_wconf 80' lang='lat' dir='ltr'><strong>qua-</strong></span> <span class='ocrx_word' id='word_1_515' title='bbox 2465 2894 2825 2973; x_wconf 87' lang='lat' dir='ltr'><strong>procedente</strong></span> <span class='ocrx_word' id='word_1_516' title='bbox 2854 2897 3121 2956; x_wconf 85' lang='lat' dir='ltr'><strong>oratione</strong></span> <span class='ocrx_word' id='word_1_517' title='bbox 3138 2897 3263 2958; x_wconf 84' lang='lat' dir='ltr'><strong>fere</strong></span> <span class='ocrx_word' id='word_1_518' title='bbox 3296 2896 3496 2957; x_wconf 86' lang='lat' dir='ltr'><strong>omnia</strong></span> <span class='ocrx_word' id='word_1_519' title='bbox 3520 2914 3628 2957; x_wconf 92' lang='lat' dir='ltr'><strong>suo</strong></span> 
     </span>
    </p>
   </div>
   <div class='ocr_carea' id='block_1_76' title="bbox 1977 2983 3622 3064">
    <p class='ocr_par' dir='ltr' id='par_1_76' title="bbox 1977 2983 3622 3064">
     <span class='ocr_line' id='line_1_76' title="bbox 1977 2983 3622 3064; baseline 0.003 -26"><span class='ocrx_word' id='word_1_520' title='bbox 1977 2988 2243 3058; x_wconf 88' lang='lat' dir='ltr'><strong>tempore</strong></span> <span class='ocrx_word' id='word_1_521' title='bbox 2290 2998 2682 3061; x_wconf 83' lang='lat' dir='ltr'><strong>appouemns,</strong></span> <span class='ocrx_word' id='word_1_522' title='bbox 2716 2984 2992 3061; x_wconf 77' lang='lat' dir='ltr'><strong>dicimus,</strong></span> <span class='ocrx_word' id='word_1_523' title='bbox 3034 2983 3319 3064; x_wconf 83' lang='lat' dir='ltr'><strong>Spiritum</strong></span> <span class='ocrx_word' id='word_1_524' title='bbox 3350 2993 3622 3046; x_wconf 87' lang='lat' dir='ltr'><strong>sanctum</strong></span> 
     </span>
    </p>
   </div>
   <div class='ocr_carea' id='block_1_77' title="bbox 1978 3068 3629 3154">
    <p class='ocr_par' dir='ltr' id='par_1_77' title="bbox 1978 3068 3629 3154">
     <span class='ocr_line' id='line_1_77' title="bbox 1978 3068 3629 3154; baseline 0.004 -27"><span class='ocrx_word' id='word_1_525' title='bbox 1978 3085 2048 3127; x_wconf 80' lang='lat' dir='ltr'><strong>ex</strong></span> <span class='ocrx_word' id='word_1_526' title='bbox 2079 3070 2249 3129; x_wconf 79' lang='lat' dir='ltr'><strong>l’atre</strong></span> <span class='ocrx_word' id='word_1_527' title='bbox 2279 3086 2387 3148; x_wconf 88' lang='lat' dir='ltr'><strong>per</strong></span> <span class='ocrx_word' id='word_1_528' title='bbox 2415 3068 2653 3151; x_wconf 89' lang='lat' dir='ltr'><strong>Filium,</strong></span> <span class='ocrx_word' id='word_1_529' title='bbox 2683 3071 2936 3151; x_wconf 79' lang='lat' dir='ltr'><strong>ideoque</strong></span> <span class='ocrx_word' id='word_1_530' title='bbox 2970 3092 3037 3133; x_wconf 84' lang='lat' dir='ltr'><strong>ex</strong></span> <span class='ocrx_word' id='word_1_531' title='bbox 3090 3073 3263 3152; x_wconf 87' lang='lat' dir='ltr'><strong>Filio,</strong></span> <span class='ocrx_word' id='word_1_532' title='bbox 3298 3074 3472 3154; x_wconf 88' lang='lat' dir='ltr'><strong>quasi</strong></span> <span class='ocrx_word' id='word_1_533' title='bbox 3521 3092 3629 3152; x_wconf 90' lang='lat' dir='ltr'><strong>per</strong></span> 
     </span>
    </p>
   </div>
   <div class='ocr_carea' id='block_1_78' title="bbox 1977 3155 3623 3236">
    <p class='ocr_par' dir='ltr' id='par_1_78' title="bbox 1977 3155 3623 3236">
     <span class='ocr_line' id='line_1_78' title="bbox 1977 3155 3623 3236; baseline 0.004 -20"><span class='ocrx_word' id='word_1_534' title='bbox 1977 3155 2190 3216; x_wconf 87' lang='lat' dir='ltr'><strong>Filium</strong></span> <span class='ocrx_word' id='word_1_535' title='bbox 2240 3157 2512 3236; x_wconf 86' lang='lat' dir='ltr'><strong>accipere</strong></span> <span class='ocrx_word' id='word_1_536' title='bbox 2543 3160 2973 3221; x_wconf 86' lang='lat' dir='ltr'><strong>exsistentiam.</strong></span> <span class='ocrx_word' id='word_1_537' title='bbox 3002 3160 3187 3221; x_wconf 88' lang='lat' dir='ltr'><strong>Filius</strong></span> <span class='ocrx_word' id='word_1_538' title='bbox 3212 3162 3371 3221; x_wconf 89' lang='lat' dir='ltr'><strong>enim</strong></span> <span class='ocrx_word' id='word_1_539' title='bbox 3405 3180 3623 3223; x_wconf 80' lang='lat' dir='ltr'><strong>imme-</strong></span> 
     </span>
    </p>
   </div>
   <div class='ocr_carea' id='block_1_79' title="bbox 1977 3243 3626 3330">
    <p class='ocr_par' dir='ltr' id='par_1_79' title="bbox 1977 3243 3626 3330">
     <span class='ocr_line' id='line_1_79' title="bbox 1977 3243 3626 3330; baseline 0.004 -26"><span class='ocrx_word' id='word_1_540' title='bbox 1977 3243 2136 3306; x_wconf 73' lang='lat' dir='ltr'><strong>diale</strong></span> <span class='ocrx_word' id='word_1_541' title='bbox 2161 3265 2228 3306; x_wconf 76' lang='lat' dir='ltr'><strong>ex</strong></span> <span class='ocrx_word' id='word_1_542' title='bbox 2264 3249 2433 3308; x_wconf 80' lang='lat' dir='ltr'><strong>l’atre</strong></span> <span class='ocrx_word' id='word_1_543' title='bbox 2464 3249 2858 3330; x_wconf 80' lang='lat' dir='ltr'><strong>progreditur,</strong></span> <span class='ocrx_word' id='word_1_544' title='bbox 2884 3251 3146 3330; x_wconf 71' lang='lat' dir='ltr'><strong>Spiritus</strong></span> <span class='ocrx_word' id='word_1_545' title='bbox 3197 3267 3334 3310; x_wconf 89' lang='lat' dir='ltr'><strong>vero</strong></span> <span class='ocrx_word' id='word_1_546' title='bbox 3386 3262 3626 3311; x_wconf 91' lang='lat' dir='ltr'><strong>sanctus</strong></span> 
     </span>
    </p>
   </div>
   <div class='ocr_carea' id='block_1_80' title="bbox 1980 3332 3627 3419">
    <p class='ocr_par' dir='ltr' id='par_1_80' title="bbox 1980 3332 3627 3419">
     <span class='ocr_line' id='line_1_80' title="bbox 1980 3332 3627 3419; baseline 0.002 -25"><span class='ocrx_word' id='word_1_547' title='bbox 1980 3352 2086 3413; x_wconf 83' lang='lat' dir='ltr'><strong>per</strong></span> <span class='ocrx_word' id='word_1_548' title='bbox 2116 3332 2353 3407; x_wconf 83' lang='lat' dir='ltr'><strong>Filium,</strong></span> <span class='ocrx_word' id='word_1_549' title='bbox 2380 3344 2439 3395; x_wconf 83' lang='lat' dir='ltr'><strong>et</strong></span> <span class='ocrx_word' id='word_1_550' title='bbox 2466 3338 2579 3397; x_wconf 85' lang='lat' dir='ltr'><strong>hoc</strong></span> <span class='ocrx_word' id='word_1_551' title='bbox 2612 3337 2870 3398; x_wconf 85' lang='lat' dir='ltr'><strong>medium</strong></span> <span class='ocrx_word' id='word_1_552' title='bbox 2900 3339 3109 3399; x_wconf 83' lang='lat' dir='ltr'><strong>horum</strong></span> <span class='ocrx_word' id='word_1_553' title='bbox 3135 3346 3246 3412; x_wconf 81' lang='lat' dir='ltr'><strong>est,</strong></span> <span class='ocrx_word' id='word_1_554' title='bbox 3275 3339 3432 3419; x_wconf 87' lang='lat' dir='ltr'><strong>quod</strong></span> <span class='ocrx_word' id='word_1_555' title='bbox 3456 3339 3627 3400; x_wconf 60' lang='lat' dir='ltr'><strong>dill‘e-</strong></span> 
     </span>
    </p>
   </div>
   <div class='ocr_carea' id='block_1_81' title="bbox 1981 3423 3620 3508">
    <p class='ocr_par' dir='ltr' id='par_1_81' title="bbox 1981 3423 3620 3508">
     <span class='ocr_line' id='line_1_81' title="bbox 1981 3423 3620 3508; baseline 0.004 -26"><span class='ocrx_word' id='word_1_556' title='bbox 1981 3423 2231 3483; x_wconf 89' lang='lat' dir='ltr'><strong>rentiam</strong></span> <span class='ocrx_word' id='word_1_557' title='bbox 2263 3434 2562 3505; x_wconf 83' lang='lat' dir='ltr'><strong>Operatur,</strong></span> <span class='ocrx_word' id='word_1_558' title='bbox 2596 3427 2924 3487; x_wconf 91' lang='lat' dir='ltr'><strong>secundum</strong></span> <span class='ocrx_word' id='word_1_559' title='bbox 2956 3447 3132 3508; x_wconf 80' lang='lat' dir='ltr'><strong>quam</strong></span> <span class='ocrx_word' id='word_1_560' title='bbox 3154 3429 3336 3490; x_wconf 89' lang='lat' dir='ltr'><strong>Filius</strong></span> <span class='ocrx_word' id='word_1_561' title='bbox 3365 3427 3620 3502; x_wconf 70' lang='lat' dir='ltr'><strong>exsisnit,</strong></span> 
     </span>
    </p>
   </div>
   <div class='ocr_carea' id='block_1_82' title="bbox 1983 3512 3626 3599">
    <p class='ocr_par' dir='ltr' id='par_1_82' title="bbox 1983 3512 3626 3599">
     <span class='ocr_line' id='line_1_82' title="bbox 1983 3512 3626 3599; baseline 0.004 -28"><span class='ocrx_word' id='word_1_562' title='bbox 1983 3518 2040 3571; x_wconf 89' lang='lat' dir='ltr'><strong>et</strong></span> <span class='ocrx_word' id='word_1_563' title='bbox 2069 3512 2231 3572; x_wconf 87' lang='lat' dir='ltr'><strong>solus</strong></span> <span class='ocrx_word' id='word_1_564' title='bbox 2260 3513 2650 3591; x_wconf 80' lang='lat' dir='ltr'><strong>genitusinde</strong></span> <span class='ocrx_word' id='word_1_565' title='bbox 2681 3516 3156 3596; x_wconf 67' lang='lat' dir='ltr'><strong>appellatuerc</strong></span> <span class='ocrx_word' id='word_1_566' title='bbox 3183 3536 3318 3579; x_wconf 81' lang='lat' dir='ltr'><strong>vero</strong></span> <span class='ocrx_word' id='word_1_567' title='bbox 3348 3519 3446 3599; x_wconf 90' lang='lat' dir='ltr'><strong>qui</strong></span> <span class='ocrx_word' id='word_1_568' title='bbox 3481 3537 3626 3577; x_wconf 90' lang='lat' dir='ltr'><strong>nun-</strong></span> 
     </span>
    </p>
   </div>
   <div class='ocr_carea' id='block_1_83' title="bbox 1979 3602 3624 3687">
    <p class='ocr_par' dir='ltr' id='par_1_83' title="bbox 1979 3602 3624 3687">
     <span class='ocr_line' id='line_1_83' title="bbox 1979 3602 3624 3687; baseline 0.005 -27"><span class='ocrx_word' id='word_1_569' title='bbox 1979 3609 2226 3680; x_wconf 88' lang='lat' dir='ltr'><strong>cupatur</strong></span> <span class='ocrx_word' id='word_1_570' title='bbox 2279 3602 2535 3681; x_wconf 82' lang='lat' dir='ltr'><strong>Spiritus</strong></span> <span class='ocrx_word' id='word_1_571' title='bbox 2591 3614 2833 3666; x_wconf 83' lang='lat' dir='ltr'><strong>sanctus</strong></span> <span class='ocrx_word' id='word_1_572' title='bbox 2865 3614 2975 3673; x_wconf 71' lang='lat' dir='ltr'><strong>est,</strong></span> <span class='ocrx_word' id='word_1_573' title='bbox 3011 3619 3070 3666; x_wconf 84' lang='lat' dir='ltr'><strong>et</strong></span> <span class='ocrx_word' id='word_1_574' title='bbox 3097 3607 3256 3667; x_wconf 91' lang='lat' dir='ltr'><strong>solus</strong></span> <span class='ocrx_word' id='word_1_575' title='bbox 3290 3608 3624 3687; x_wconf 87' lang='lat' dir='ltr'><strong>procedens</strong></span> 
     </span>
    </p>
   </div>
   <div class='ocr_carea' id='block_1_84' title="bbox 1978 3688 3626 3776">
    <p class='ocr_par' dir='ltr' id='par_1_84' title="bbox 1978 3688 3626 3776">
     <span class='ocr_line' id='line_1_84' title="bbox 1978 3688 3626 3776; baseline 0.005 -27"><span class='ocrx_word' id='word_1_576' title='bbox 1978 3688 2215 3750; x_wconf 89' lang='lat' dir='ltr'><strong>dicitur.</strong></span> <span class='ocrx_word' id='word_1_577' title='bbox 2241 3690 2473 3752; x_wconf 82' lang='lat' dir='ltr'><strong>Dictum</strong></span> <span class='ocrx_word' id='word_1_578' title='bbox 2508 3710 2705 3753; x_wconf 88' lang='lat' dir='ltr'><strong>meum</strong></span> <span class='ocrx_word' id='word_1_579' title='bbox 2741 3695 3081 3755; x_wconf 87' lang='lat' dir='ltr'><strong>testimonio</strong></span> <span class='ocrx_word' id='word_1_580' title='bbox 3121 3714 3228 3757; x_wconf 90' lang='lat' dir='ltr'><strong>suo</strong></span> <span class='ocrx_word' id='word_1_581' title='bbox 3280 3696 3626 3776; x_wconf 87' lang='lat' dir='ltr'><strong>comprobat</strong></span> 
     </span>
    </p>
   </div>
   <div class='ocr_carea' id='block_1_85' title="bbox 1975 3779 3625 3865">
    <p class='ocr_par' dir='ltr' id='par_1_85' title="bbox 1975 3779 3625 3865">
     <span class='ocr_line' id='line_1_85' title="bbox 1975 3779 3625 3865; baseline 0.005 -28"><span class='ocrx_word' id='word_1_582' title='bbox 1975 3797 2219 3857; x_wconf 84' lang='lat' dir='ltr'><strong>magnus</strong></span> <span class='ocrx_word' id='word_1_583' title='bbox 2250 3779 2529 3859; x_wconf 70' lang='lat' dir='ltr'><strong>Nyssenaa</strong></span> <span class='ocrx_word' id='word_1_584' title='bbox 2557 3782 2839 3843; x_wconf 66' lang='lat' dir='ltr'><strong>Ecclesia:</strong></span> <span class='ocrx_word' id='word_1_585' title='bbox 2892 3785 3106 3863; x_wconf 67' lang='lat' dir='ltr'><strong>praesul</strong></span> <span class='ocrx_word' id='word_1_586' title='bbox 3147 3786 3489 3864; x_wconf 75' lang='lat' dir='ltr'><strong>Gregorius,</strong></span> <span class='ocrx_word' id='word_1_587' title='bbox 3524 3786 3625 3865; x_wconf 90' lang='lat' dir='ltr'><strong>qui</strong></span> 
     </span>
    </p>
   </div>
   <div class='ocr_carea' id='block_1_86' title="bbox 1975 3869 3625 3936">
    <p class='ocr_par' dir='ltr' id='par_1_86' title="bbox 1975 3869 3625 3936">
     <span class='ocr_line' id='line_1_86' title="bbox 1975 3869 3625 3936; baseline 0.005 -8"><span class='ocrx_word' id='word_1_588' title='bbox 1975 3885 2044 3929; x_wconf 82' lang='lat' dir='ltr'><strong>ex</strong></span> <span class='ocrx_word' id='word_1_589' title='bbox 2080 3888 2195 3930; x_wconf 90' lang='lat' dir='ltr'><strong>una</strong></span> <span class='ocrx_word' id='word_1_590' title='bbox 2225 3869 2334 3929; x_wconf 81' lang='lat' dir='ltr'><strong>liae</strong></span> <span class='ocrx_word' id='word_1_591' title='bbox 2365 3871 2508 3931; x_wconf 84' lang='lat' dir='ltr'><strong>urbe</strong></span> <span class='ocrx_word' id='word_1_592' title='bbox 2538 3888 2748 3931; x_wconf 88' lang='lat' dir='ltr'><strong>omnes</strong></span> <span class='ocrx_word' id='word_1_593' title='bbox 2782 3872 2946 3933; x_wconf 90' lang='lat' dir='ltr'><strong>orbis</strong></span> <span class='ocrx_word' id='word_1_594' title='bbox 2978 3882 3269 3934; x_wconf 91' lang='lat' dir='ltr'><strong>terrarum</strong></span> <span class='ocrx_word' id='word_1_595' title='bbox 3303 3873 3452 3935; x_wconf 82' lang='lat' dir='ltr'><strong>ﬁnes</strong></span> <span class='ocrx_word' id='word_1_596' title='bbox 3502 3874 3625 3936; x_wconf 90' lang='lat' dir='ltr'><strong>suis</strong></span> 
     </span>
    </p>
   </div>
   <div class='ocr_carea' id='block_1_87' title="bbox 1975 3958 3621 4042">
    <p class='ocr_par' dir='ltr' id='par_1_87' title="bbox 1975 3958 3621 4042">
     <span class='ocr_line' id='line_1_87' title="bbox 1975 3958 3621 4042; baseline 0.005 -26"><span class='ocrx_word' id='word_1_597' title='bbox 1975 3958 2349 4038; x_wconf 75' lang='lat' dir='ltr'><strong>dogmatibus</strong></span> <span class='ocrx_word' id='word_1_598' title='bbox 2379 3959 2718 4039; x_wconf 88' lang='lat' dir='ltr'><strong>complevit,</strong></span> <span class='ocrx_word' id='word_1_599' title='bbox 2751 3960 2812 4021; x_wconf 91' lang='lat' dir='ltr'><strong>iu</strong></span> <span class='ocrx_word' id='word_1_600' title='bbox 2848 3962 2939 4022; x_wconf 88' lang='lat' dir='ltr'><strong>his</strong></span> <span class='ocrx_word' id='word_1_601' title='bbox 2970 3981 3099 4042; x_wconf 64' lang='lat' dir='ltr'><strong>quae</strong></span> <span class='ocrx_word' id='word_1_602' title='bbox 3131 3964 3204 4024; x_wconf 90' lang='lat' dir='ltr'><strong>de</strong></span> <span class='ocrx_word' id='word_1_603' title='bbox 3239 3964 3359 4026; x_wconf 87' lang='lat' dir='ltr'><strong>Deo</strong></span> <span class='ocrx_word' id='word_1_604' title='bbox 3392 3964 3621 4036; x_wconf 89' lang='lat' dir='ltr'><strong>scribit,</strong></span> 
     </span>
    </p>
   </div>
   <div class='ocr_carea' id='block_1_88' title="bbox 1978 4046 3618 4131">
    <p class='ocr_par' dir='ltr' id='par_1_88' title="bbox 1978 4046 3618 4131">
     <span class='ocr_line' id='line_1_88' title="bbox 1978 4046 3618 4131; baseline 0.005 -26"><span class='ocrx_word' id='word_1_605' title='bbox 1978 4046 2225 4125; x_wconf 89' lang='lat' dir='ltr'><strong>epistola</strong></span> <span class='ocrx_word' id='word_1_606' title='bbox 2251 4047 2325 4107; x_wconf 89' lang='lat' dir='ltr'><strong>ad</strong></span> <span class='ocrx_word' id='word_1_607' title='bbox 2355 4046 2669 4109; x_wconf 85' lang='lat' dir='ltr'><strong>Ablabium</strong></span> <span class='ocrx_word' id='word_1_608' title='bbox 2694 4067 2707 4111; x_wconf 91' lang='lat'>:</span> <span class='ocrx_word' id='word_1_609' title='bbox 2732 4049 3175 4114; x_wconf 80' lang='lat' dir='ltr'><strong>lmmuiabitem</strong></span> <span class='ocrx_word' id='word_1_610' title='bbox 3197 4062 3248 4115; x_wconf 80' lang='lat' dir='ltr'><strong>el</strong></span> <span class='ocrx_word' id='word_1_611' title='bbox 3272 4070 3382 4131; x_wconf 85' lang='lat' dir='ltr'><strong>per</strong></span> <span class='ocrx_word' id='word_1_612' title='bbox 3412 4054 3618 4114; x_wconf 82' lang='lat' dir='ltr'><strong>omnia</strong></span> 
     </span>
    </p>
   </div>
   <div class='ocr_carea' id='block_1_89' title="bbox 1973 4134 3618 4218">
    <p class='ocr_par' dir='ltr' id='par_1_89' title="bbox 1973 4134 3618 4218">
     <span class='ocr_line' id='line_1_89' title="bbox 1973 4134 3618 4218; baseline 0.005 -22"><span class='ocrx_word' id='word_1_613' title='bbox 1973 4134 2231 4198; x_wconf 76' lang='lat' dir='ltr'><strong>similem</strong></span> <span class='ocrx_word' id='word_1_614' title='bbox 2264 4145 2553 4199; x_wconf 84' lang='lat' dir='ltr'><strong>naturam</strong></span> <span class='ocrx_word' id='word_1_615' title='bbox 2582 4139 2949 4218; x_wconf 65' lang='lat' dir='ltr'><strong>couﬁlesdes,</strong></span> <span class='ocrx_word' id='word_1_616' title='bbox 2969 4141 3295 4203; x_wconf 78' lang='lat' dir='ltr'><strong>discrimen</strong></span> <span class='ocrx_word' id='word_1_617' title='bbox 3343 4159 3542 4204; x_wconf 78' lang='lat' dir='ltr'><strong>causa:</strong></span> <span class='ocrx_word' id='word_1_618' title='bbox 3564 4149 3618 4204; x_wconf 79' lang='lat' dir='ltr'><strong>et</strong></span> 
     </span>
    </p>
   </div>
   <div class='ocr_carea' id='block_1_90' title="bbox 1974 4222 3618 4309">
    <p class='ocr_par' dir='ltr' id='par_1_90' title="bbox 1974 4222 3618 4309">
     <span class='ocr_line' id='line_1_90' title="bbox 1974 4222 3618 4309; baseline 0.002 -23"><span class='ocrx_word' id='word_1_619' title='bbox 1974 4222 2214 4303; x_wconf 76' lang='lat' dir='ltr'><strong>e/fectus</strong></span> <span class='ocrx_word' id='word_1_620' title='bbox 2245 4241 2363 4286; x_wconf 83' lang='lat' dir='ltr'><strong>non</strong></span> <span class='ocrx_word' id='word_1_621' title='bbox 2396 4226 2844 4304; x_wconf 79' lang='lat' dir='ltr'><strong>iuﬁciumur.iu</strong></span> <span class='ocrx_word' id='word_1_622' title='bbox 2873 4246 2992 4309; x_wconf 87' lang='lat' dir='ltr'><strong>quo</strong></span> <span class='ocrx_word' id='word_1_623' title='bbox 3015 4233 3208 4291; x_wconf 83' lang='lat' dir='ltr'><strong>solum</strong></span> <span class='ocrx_word' id='word_1_624' title='bbox 3233 4230 3618 4307; x_wconf 66' lang='lat' dir='ltr'><strong>(lisjungial-</strong></span> 
     </span>
    </p>
   </div>
   <div class='ocr_carea' id='block_1_91' title="bbox 1976 4311 3622 4393">
    <p class='ocr_par' dir='ltr' id='par_1_91' title="bbox 1976 4311 3622 4393">
     <span class='ocr_line' id='line_1_91' title="bbox 1976 4311 3622 4393; baseline 0.002 -19"><span class='ocrx_word' id='word_1_625' title='bbox 1976 4323 2165 4375; x_wconf 80' lang='lat' dir='ltr'><strong>terum</strong></span> <span class='ocrx_word' id='word_1_626' title='bbox 2186 4311 2260 4374; x_wconf 87' lang='lat' dir='ltr'><strong>ub</strong></span> <span class='ocrx_word' id='word_1_627' title='bbox 2285 4314 2474 4376; x_wconf 83' lang='lat' dir='ltr'><strong>altera</strong></span> <span class='ocrx_word' id='word_1_628' title='bbox 2485 4313 3013 4393; x_wconf 75' lang='lat' dir='ltr'><strong>deprehendimus;</strong></span> <span class='ocrx_word' id='word_1_629' title='bbox 3035 4334 3165 4378; x_wconf 85' lang='lat' dir='ltr'><strong>cum</strong></span> <span class='ocrx_word' id='word_1_630' title='bbox 3190 4323 3505 4380; x_wconf 79' lang='lat' dir='ltr'><strong>credamus</strong></span> <span class='ocrx_word' id='word_1_631' title='bbox 3515 4318 3622 4379; x_wconf 83' lang='lat' dir='ltr'><strong>hoc</strong></span> 
     </span>
    </p>
   </div>
   <div class='ocr_carea' id='block_1_92' title="bbox 1977 4403 3621 4487">
    <p class='ocr_par' dir='ltr' id='par_1_92' title="bbox 1977 4403 3621 4487">
     <span class='ocr_line' id='line_1_92' title="bbox 1977 4403 3621 4487; baseline 0.003 -24"><span class='ocrx_word' id='word_1_632' title='bbox 1977 4403 2221 4481; x_wconf 80' lang='lat' dir='ltr'><strong>quidem</strong></span> <span class='ocrx_word' id='word_1_633' title='bbox 2250 4419 2493 4465; x_wconf 80' lang='lat' dir='ltr'><strong>causam</strong></span> <span class='ocrx_word' id='word_1_634' title='bbox 2517 4422 2663 4484; x_wconf 79' lang='lat' dir='ltr'><strong>esse,</strong></span> <span class='ocrx_word' id='word_1_635' title='bbox 2695 4405 2847 4467; x_wconf 82' lang='lat' dir='ltr'><strong>illud</strong></span> <span class='ocrx_word' id='word_1_636' title='bbox 2869 4424 2940 4468; x_wconf 73' lang='lat' dir='ltr'><strong>ea</strong></span> <span class='ocrx_word' id='word_1_637' title='bbox 2967 4424 3172 4487; x_wconf 78' lang='lat' dir='ltr'><strong>causa,</strong></span> <span class='ocrx_word' id='word_1_638' title='bbox 3194 4416 3247 4468; x_wconf 85' lang='lat' dir='ltr'><strong>el</strong></span> <span class='ocrx_word' id='word_1_639' title='bbox 3276 4407 3446 4469; x_wconf 81' lang='lat' dir='ltr'><strong>illius</strong></span> <span class='ocrx_word' id='word_1_640' title='bbox 3465 4407 3621 4484; x_wconf 84' lang='lat' dir='ltr'><strong>quod</strong></span> 
     </span>
    </p>
   </div>
   <div class='ocr_carea' id='block_1_93' title="bbox 237 4492 1894 4580">
    <p class='ocr_par' dir='ltr' id='par_1_93' title="bbox 237 4494 1889 4580">
     <span class='ocr_line' id='line_1_93' title="bbox 237 4494 1889 4580; baseline 0.004 -28"><span class='ocrx_word' id='word_1_641' title='bbox 237 4494 591 4575; x_wconf 81' lang='grc' dir='ltr'>διακρίνεσθαι</span> <span class='ocrx_word' id='word_1_642' title='bbox 660 4501 722 4556; x_wconf 84' lang='grc' dir='ltr'><strong>τὸ</strong></span> <span class='ocrx_word' id='word_1_643' title='bbox 817 4499 994 4580; x_wconf 72' lang='grc' dir='ltr'>ἕτερον</span> <span class='ocrx_word' id='word_1_644' title='bbox 1075 4504 1167 4559; x_wconf 79' lang='grc' dir='ltr'>τοῦ</span> <span class='ocrx_word' id='word_1_645' title='bbox 1247 4500 1422 4579; x_wconf 79' lang='grc' dir='ltr'>ἐτέρου</span> <span class='ocrx_word' id='word_1_646' title='bbox 1477 4499 1889 4578; x_wconf 80' lang='grc' dir='ltr'>καταλαμϐάνο-</span> 
     </span>
    </p>
   </div>
   <div class='ocr_carea' id='block_1_94' title="bbox 1977 4492 3620 4580">
    <p class='ocr_par' dir='ltr' id='par_1_94' title="bbox 1977 4492 3620 4577">
     <span class='ocr_line' id='line_1_94' title="bbox 1977 4492 3620 4577; baseline 0.002 -23"><span class='ocrx_word' id='word_1_647' title='bbox 1977 4510 2056 4554; x_wconf 66' lang='lat' dir='ltr'><strong>ex</strong></span> <span class='ocrx_word' id='word_1_648' title='bbox 2085 4509 2270 4553; x_wconf 84' lang='lat' dir='ltr'><strong>causa</strong></span> <span class='ocrx_word' id='word_1_649' title='bbox 2300 4499 2406 4571; x_wconf 84' lang='lat' dir='ltr'><strong>est,</strong></span> <span class='ocrx_word' id='word_1_650' title='bbox 2429 4492 2600 4555; x_wconf 81' lang='lat' dir='ltr'><strong>aliud</strong></span> <span class='ocrx_word' id='word_1_651' title='bbox 2630 4512 2845 4557; x_wconf 79' lang='lat' dir='ltr'><strong>rursus</strong></span> <span class='ocrx_word' id='word_1_652' title='bbox 2872 4496 3202 4558; x_wconf 80' lang='lat' dir='ltr'><strong>discrimen</strong></span> <span class='ocrx_word' id='word_1_653' title='bbox 3237 4499 3620 4577; x_wconf 79' lang='lat' dir='ltr'><strong>comprehen-</strong></span> 
     </span>
    </p>
   </div>
   <div class='ocr_carea' id='block_1_95' title="bbox 231 4588 1889 4665">
    <p class='ocr_par' dir='ltr' id='par_1_95' title="bbox 231 4588 1889 4665">
     <span class='ocr_line' id='line_1_95' title="bbox 231 4588 1889 4665; baseline 0.004 -24"><span class='ocrx_word' id='word_1_654' title='bbox 231 4607 332 4660; x_wconf 90' lang='grc' dir='ltr'>μεν</span> <span class='ocrx_word' id='word_1_655' title='bbox 367 4603 381 4616; x_wconf 91' lang='grc'><strong>·</strong></span> <span class='ocrx_word' id='word_1_656' title='bbox 428 4593 506 4660; x_wconf 85' lang='grc' dir='ltr'><strong>τῷ</strong></span> <span class='ocrx_word' id='word_1_657' title='bbox 542 4589 602 4644; x_wconf 83' lang='grc' dir='ltr'>τὸ</span> <span class='ocrx_word' id='word_1_658' title='bbox 660 4588 760 4664; x_wconf 76' lang='grc' dir='ltr'><strong>μὲν</strong></span> <span class='ocrx_word' id='word_1_659' title='bbox 822 4588 995 4647; x_wconf 79' lang='grc' dir='ltr'>αἴτιον</span> <span class='ocrx_word' id='word_1_660' title='bbox 1052 4591 1315 4647; x_wconf 80' lang='grc' dir='ltr'>πιστεύειν</span> <span class='ocrx_word' id='word_1_661' title='bbox 1358 4592 1527 4665; x_wconf 74' lang='grc' dir='ltr'>εἶναι,</span> <span class='ocrx_word' id='word_1_662' title='bbox 1602 4592 1663 4647; x_wconf 80' lang='grc' dir='ltr'>τὸ</span> <span class='ocrx_word' id='word_1_663' title='bbox 1713 4589 1769 4648; x_wconf 79' lang='grc' dir='ltr'><strong>δὲ</strong></span> <span class='ocrx_word' id='word_1_664' title='bbox 1828 4590 1889 4648; x_wconf 75' lang='grc' dir='ltr'><strong>ἐκ</strong></span> 
     </span>
    </p>
   </div>
   <div class='ocr_carea' id='block_1_96' title="bbox 233 4676 1884 4747">
    <p class='ocr_par' dir='ltr' id='par_1_96' title="bbox 233 4676 1884 4747">
     <span class='ocr_line' id='line_1_96' title="bbox 233 4676 1884 4747; baseline 0.005 -18"><span class='ocrx_word' id='word_1_665' title='bbox 233 4676 330 4730; x_wconf 86' lang='grc' dir='ltr'>τοῦ</span> <span class='ocrx_word' id='word_1_666' title='bbox 383 4676 570 4747; x_wconf 75' lang='grc' dir='ltr'>αἰτίαν,</span> <span class='ocrx_word' id='word_1_667' title='bbox 626 4678 713 4734; x_wconf 82' lang='grc' dir='ltr'><strong>καὶ</strong></span> <span class='ocrx_word' id='word_1_668' title='bbox 770 4680 832 4735; x_wconf 79' lang='grc' dir='ltr'>τὸ</span> <span class='ocrx_word' id='word_1_669' title='bbox 903 4677 955 4744; x_wconf 76' lang='grc' dir='ltr'>ἐξ</span> <span class='ocrx_word' id='word_1_670' title='bbox 1004 4680 1170 4737; x_wconf 79' lang='grc' dir='ltr'>αἷτίου</span> <span class='ocrx_word' id='word_1_671' title='bbox 1236 4677 1291 4735; x_wconf 77' lang='grc' dir='ltr'><strong>δὲ</strong></span> <span class='ocrx_word' id='word_1_672' title='bbox 1348 4679 1498 4742; x_wconf 76' lang='grc' dir='ltr'>ὄντος</span> <span class='ocrx_word' id='word_1_673' title='bbox 1567 4680 1723 4736; x_wconf 77' lang='grc' dir='ltr'>πάλιν</span> <span class='ocrx_word' id='word_1_674' title='bbox 1779 4678 1884 4738; x_wconf 76' lang='grc' dir='ltr'><strong>ἅλ-</strong></span> 
     </span>
    </p>
   </div>
   <div class='ocr_carea' id='block_1_97' title="bbox 230 4759 1881 4850">
    <p class='ocr_par' dir='ltr' id='par_1_97' title="bbox 230 4759 1881 4850">
     <span class='ocr_line' id='line_1_97' title="bbox 230 4759 1881 4850; baseline 0.012 -34"><span class='ocrx_word' id='word_1_675' title='bbox 230 4759 334 4850; x_wconf 78' lang='grc' dir='ltr'><strong>λην</strong></span> <span class='ocrx_word' id='word_1_676' title='bbox 385 4761 636 4844; x_wconf 77' lang='grc' dir='ltr'>διαφορὰν</span> <span class='ocrx_word' id='word_1_677' title='bbox 718 4765 1020 4843; x_wconf 78' lang='grc' dir='ltr'>ἐννοοῦμεν.</span> <span class='ocrx_word' id='word_1_678' title='bbox 1107 4770 1178 4826; x_wconf 80' lang='grc' dir='ltr'>Τὸ</span> <span class='ocrx_word' id='word_1_679' title='bbox 1264 4769 1360 4844; x_wconf 75' lang='grc' dir='ltr'><strong>μὲν</strong></span> <span class='ocrx_word' id='word_1_680' title='bbox 1430 4770 1530 4848; x_wconf 62' lang='grc' dir='ltr'><strong>γὰρ</strong></span> <span class='ocrx_word' id='word_1_681' title='bbox 1598 4772 1881 4850; x_wconf 77' lang='grc' dir='ltr'>προσεχῶς</span> 
     </span>
    </p>
   </div>
   <div class='ocr_carea' id='block_1_98' title="bbox 228 4848 1879 4937">
    <p class='ocr_par' dir='ltr' id='par_1_98' title="bbox 228 4848 1879 4937">
     <span class='ocr_line' id='line_1_98' title="bbox 228 4848 1879 4937; baseline 0.007 -31"><span class='ocrx_word' id='word_1_682' title='bbox 228 4848 290 4906; x_wconf 70' lang='grc' dir='ltr'><strong>ἐκ</strong></span> <span class='ocrx_word' id='word_1_683' title='bbox 344 4857 442 4909; x_wconf 83' lang='grc' dir='ltr'>τοῦ</span> <span class='ocrx_word' id='word_1_684' title='bbox 494 4852 728 4930; x_wconf 88' lang='grc' dir='ltr'>πρώτου,</span> <span class='ocrx_word' id='word_1_685' title='bbox 794 4856 849 4912; x_wconf 82' lang='grc' dir='ltr'>τὸ</span> <span class='ocrx_word' id='word_1_686' title='bbox 922 4853 977 4912; x_wconf 77' lang='grc' dir='ltr'><strong>δὲ</strong></span> <span class='ocrx_word' id='word_1_687' title='bbox 1044 4853 1128 4912; x_wconf 79' lang='grc' dir='ltr'>διὰ</span> <span class='ocrx_word' id='word_1_688' title='bbox 1181 4866 1275 4916; x_wconf 85' lang='grc' dir='ltr'>τοῦ</span> <span class='ocrx_word' id='word_1_689' title='bbox 1321 4863 1604 4937; x_wconf 77' lang='grc' dir='ltr'>προσεχῶς</span> <span class='ocrx_word' id='word_1_690' title='bbox 1676 4858 1735 4914; x_wconf 78' lang='grc' dir='ltr'>ἐκ</span> <span class='ocrx_word' id='word_1_691' title='bbox 1768 4848 1879 4917; x_wconf 15' lang='grc' dir='ltr'>Ἳτοῦ</span> 
     </span>
    </p>
   </div>
   <div class='ocr_carea' id='block_1_99' title="bbox 228 4938 1875 5025">
    <p class='ocr_par' dir='ltr' id='par_1_99' title="bbox 228 4938 1875 5025">
     <span class='ocr_line' id='line_1_99' title="bbox 228 4938 1875 5025; baseline -0.001 -30"><span class='ocrx_word' id='word_1_692' title='bbox 228 4938 468 5017; x_wconf 88' lang='grc' dir='ltr'>πρώτου.</span> <span class='ocrx_word' id='word_1_693' title='bbox 516 4944 612 4999; x_wconf 81' lang='grc' dir='ltr'><strong>Καὶ</strong></span> <span class='ocrx_word' id='word_1_694' title='bbox 664 4941 825 5000; x_wconf 76' lang='grc' dir='ltr'>ταῦτα</span> <span class='ocrx_word' id='word_1_695' title='bbox 875 4944 973 5018; x_wconf 76' lang='grc' dir='ltr'><strong>μὲν</strong></span> <span class='ocrx_word' id='word_1_696' title='bbox 1023 4944 1309 5023; x_wconf 84' lang='grc' dir='ltr'>Γρηγόριος</span> <span class='ocrx_word' id='word_1_697' title='bbox 1363 4948 1391 5002; x_wconf 86' lang='grc' dir='ltr'>ὁ</span> <span class='ocrx_word' id='word_1_698' title='bbox 1449 4945 1660 5012; x_wconf 81' lang='grc' dir='ltr'>Νύσσης</span> <span class='ocrx_word' id='word_1_699' title='bbox 1734 4944 1875 5025; x_wconf 69' lang='grc' dir='ltr'><strong>μέρ-</strong></span> 
     </span>
    </p>
   </div>
   <div class='ocr_carea' id='block_1_100' title="bbox 227 5030 1880 5113">
    <p class='ocr_par' dir='ltr' id='par_1_100' title="bbox 227 5030 1880 5113">
     <span class='ocr_line' id='line_1_100' title="bbox 227 5030 1880 5113; baseline 0.002 -26"><span class='ocrx_word' id='word_1_700' title='bbox 227 5049 318 5091; x_wconf 85' lang='grc' dir='ltr'><strong>τυς</strong></span> <span class='ocrx_word' id='word_1_701' title='bbox 372 5033 480 5084; x_wconf 81' lang='grc' dir='ltr'><strong>τῶν</strong></span> <span class='ocrx_word' id='word_1_702' title='bbox 532 5030 825 5109; x_wconf 71' lang='grc' dir='ltr'>εἰρημένων</span> <span class='ocrx_word' id='word_1_703' title='bbox 880 5030 1075 5089; x_wconf 77' lang='grc' dir='ltr'>ἄνωθεν</span> <span class='ocrx_word' id='word_1_704' title='bbox 1131 5031 1447 5113; x_wconf 79' lang='grc' dir='ltr'>ἀξιόχρεως,</span> <span class='ocrx_word' id='word_1_705' title='bbox 1494 5033 1545 5098; x_wconf 73' lang='grc' dir='ltr'><strong>ἐξ</strong></span> <span class='ocrx_word' id='word_1_706' title='bbox 1600 5036 1676 5087; x_wconf 84' lang='grc' dir='ltr'><strong>ὧν</strong></span> <span class='ocrx_word' id='word_1_707' title='bbox 1744 5035 1880 5109; x_wconf 75' lang='grc' dir='ltr'>ἡμῖν</span> 
     </span>
    </p>
   </div>
   <div class='ocr_carea' id='block_1_101' title="bbox 227 5116 1878 5202">
    <p class='ocr_par' dir='ltr' id='par_1_101' title="bbox 227 5116 1878 5202">
     <span class='ocr_line' id='line_1_101' title="bbox 227 5116 1878 5202; baseline 0.004 -29"><span class='ocrx_word' id='word_1_708' title='bbox 227 5116 537 5173; x_wconf 72' lang='grc' dir='ltr'>πιστεύεται</span> <span class='ocrx_word' id='word_1_709' title='bbox 617 5120 705 5175; x_wconf 82' lang='grc' dir='ltr'>καὶ</span> <span class='ocrx_word' id='word_1_710' title='bbox 787 5118 965 5184; x_wconf 82' lang='grc' dir='ltr'>καλῶς</span> <span class='ocrx_word' id='word_1_711' title='bbox 1024 5122 1085 5177; x_wconf 82' lang='grc' dir='ltr'>τὸ</span> <span class='ocrx_word' id='word_1_712' title='bbox 1162 5128 1372 5196; x_wconf 82' lang='grc' dir='ltr'>Πνεῦμα</span> <span class='ocrx_word' id='word_1_713' title='bbox 1427 5120 1687 5201; x_wconf 80' lang='grc' dir='ltr'>διαφέρειν</span> <span class='ocrx_word' id='word_1_714' title='bbox 1747 5122 1878 5202; x_wconf 76' lang='grc' dir='ltr'>πρὸς</span> 
     </span>
    </p>
   </div>
   <div class='ocr_carea' id='block_1_102' title="bbox 228 5204 1880 5291">
    <p class='ocr_par' dir='ltr' id='par_1_102' title="bbox 228 5204 1880 5291">
     <span class='ocr_line' id='line_1_102' title="bbox 228 5204 1880 5291; baseline 0.004 -31"><span class='ocrx_word' id='word_1_715' title='bbox 228 5206 321 5260; x_wconf 78' lang='grc' dir='ltr'>τὸν</span> <span class='ocrx_word' id='word_1_716' title='bbox 366 5204 489 5261; x_wconf 75' lang='grc' dir='ltr'>Υἶὸν</span> <span class='ocrx_word' id='word_1_717' title='bbox 551 5206 606 5263; x_wconf 79' lang='grc' dir='ltr'><strong>ἐν</strong></span> <span class='ocrx_word' id='word_1_718' title='bbox 656 5214 733 5283; x_wconf 83' lang='grc' dir='ltr'>τῷ</span> <span class='ocrx_word' id='word_1_719' title='bbox 774 5206 843 5264; x_wconf 86' lang='grc' dir='ltr'><strong>δι’</strong></span> <span class='ocrx_word' id='word_1_720' title='bbox 910 5209 1068 5267; x_wconf 70' lang='grc' dir='ltr'>αὐτοῦ</span> <span class='ocrx_word' id='word_1_721' title='bbox 1123 5210 1224 5277; x_wconf 76' lang='grc' dir='ltr'><strong>τὴν</strong></span> <span class='ocrx_word' id='word_1_722' title='bbox 1277 5207 1494 5290; x_wconf 76' lang='grc' dir='ltr'>ὕπαρξιν</span> <span class='ocrx_word' id='word_1_723' title='bbox 1539 5208 1687 5289; x_wconf 75' lang='grc' dir='ltr'>ἔχειν</span> <span class='ocrx_word' id='word_1_724' title='bbox 1738 5213 1880 5291; x_wconf 70' lang='grc' dir='ltr'>παρὰ</span> 
     </span>
    </p>
   </div>
   <div class='ocr_carea' id='block_1_103' title="bbox 231 5292 1875 5378">
    <p class='ocr_par' dir='ltr' id='par_1_103' title="bbox 231 5292 1875 5378">
     <span class='ocr_line' id='line_1_103' title="bbox 231 5292 1875 5378; baseline 0.004 -28"><span class='ocrx_word' id='word_1_725' title='bbox 231 5294 468 5373; x_wconf 79' lang='grc' dir='ltr'>Πατρὺς,</span> <span class='ocrx_word' id='word_1_726' title='bbox 529 5292 778 5376; x_wconf 86' lang='grc' dir='ltr'>Ἐπείπερ</span> <span class='ocrx_word' id='word_1_727' title='bbox 820 5299 864 5354; x_wconf 71' lang='grc' dir='ltr'>εἰ</span> <span class='ocrx_word' id='word_1_728' title='bbox 908 5297 985 5373; x_wconf 76' lang='grc' dir='ltr'>μὴ</span> <span class='ocrx_word' id='word_1_729' title='bbox 1026 5307 1203 5378; x_wconf 83' lang='grc' dir='ltr'>τοῦτο,</span> <span class='ocrx_word' id='word_1_730' title='bbox 1276 5298 1487 5363; x_wconf 82' lang='grc' dir='ltr'>πάντως</span> <span class='ocrx_word' id='word_1_731' title='bbox 1544 5296 1607 5355; x_wconf 78' lang='grc' dir='ltr'>ἂν</span> <span class='ocrx_word' id='word_1_732' title='bbox 1648 5297 1716 5365; x_wconf 83' lang='grc' dir='ltr'>ἧν</span> <span class='ocrx_word' id='word_1_733' title='bbox 1761 5301 1875 5363; x_wconf 69' lang='grc' dir='ltr'>Υἱῦς</span> 
     </span>
    </p>
   </div>
   <div class='ocr_carea' id='block_1_104' title="bbox 229 5381 1879 5466">
    <p class='ocr_par' dir='ltr' id='par_1_104' title="bbox 229 5381 1879 5466">
     <span class='ocr_line' id='line_1_104' title="bbox 229 5381 1879 5466; baseline 0.002 -28"><span class='ocrx_word' id='word_1_734' title='bbox 229 5384 318 5439; x_wconf 83' lang='grc' dir='ltr'>καὶ</span> <span class='ocrx_word' id='word_1_735' title='bbox 364 5381 525 5448; x_wconf 54' lang='lat' dir='ltr'><strong>«ora;</strong></span> <span class='ocrx_word' id='word_1_736' title='bbox 580 5386 860 5461; x_wconf 79' lang='grc' dir='ltr'>γεννητός.</span> <span class='ocrx_word' id='word_1_737' title='bbox 914 5386 987 5444; x_wconf 77' lang='lat' dir='ltr'><strong>&quot;II</strong></span> <span class='ocrx_word' id='word_1_738' title='bbox 1017 5388 1096 5450; x_wconf 89' lang='grc' dir='ltr'><strong>τίς</strong></span> <span class='ocrx_word' id='word_1_739' title='bbox 1150 5389 1179 5443; x_wconf 87' lang='grc' dir='ltr'><strong>ὁ</strong></span> <span class='ocrx_word' id='word_1_740' title='bbox 1226 5385 1383 5466; x_wconf 84' lang='grc' dir='ltr'>λόγος</span> <span class='ocrx_word' id='word_1_741' title='bbox 1424 5396 1605 5447; x_wconf 81' lang='grc' dir='ltr'>τοῦτον</span> <span class='ocrx_word' id='word_1_742' title='bbox 1635 5387 1734 5462; x_wconf 79' lang='grc' dir='ltr'><strong>μὲν</strong></span> <span class='ocrx_word' id='word_1_743' title='bbox 1758 5390 1879 5444; x_wconf 80' lang='grc' dir='ltr'><strong>ι’ἱὸν</strong></span> 
     </span>
    </p>
   </div>
   <div class='ocr_carea' id='block_1_105' title="bbox 230 5471 1879 5556">
    <p class='ocr_par' dir='ltr' id='par_1_105' title="bbox 230 5471 1879 5556">
     <span class='ocr_line' id='line_1_105' title="bbox 230 5471 1879 5556; baseline 0.003 -28"><span class='ocrx_word' id='word_1_744' title='bbox 230 5471 402 5543; x_wconf 83' lang='grc' dir='ltr'>εἶναι,</span> <span class='ocrx_word' id='word_1_745' title='bbox 464 5474 525 5529; x_wconf 75' lang='grc' dir='ltr'><strong>τὸ</strong></span> <span class='ocrx_word' id='word_1_746' title='bbox 552 5471 607 5529; x_wconf 81' lang='grc' dir='ltr'><strong>δὲ</strong></span> <span class='ocrx_word' id='word_1_747' title='bbox 651 5481 864 5551; x_wconf 86' lang='grc' dir='ltr'>Πνεῦμα</span> <span class='ocrx_word' id='word_1_748' title='bbox 891 5477 978 5533; x_wconf 79' lang='grc' dir='ltr'>καὶ</span> <span class='ocrx_word' id='word_1_749' title='bbox 1022 5478 1122 5555; x_wconf 72' lang='grc' dir='ltr'>οὐχ</span> <span class='ocrx_word' id='word_1_750' title='bbox 1154 5477 1323 5556; x_wconf 59' lang='lat' dir='ltr'><strong>ne»;</strong></span> <span class='ocrx_word' id='word_1_751' title='bbox 1377 5477 1526 5532; x_wconf 85' lang='grc' dir='ltr'>Δότω</span> <span class='ocrx_word' id='word_1_752' title='bbox 1565 5497 1644 5540; x_wconf 81' lang='grc' dir='ltr'><strong>τις</strong></span> <span class='ocrx_word' id='word_1_753' title='bbox 1702 5475 1879 5556; x_wconf 75' lang='grc' dir='ltr'>ἑτέραν</span> 
     </span>
    </p>
   </div>
   <div class='ocr_carea' id='block_1_106' title="bbox 229 5557 1874 5647">
    <p class='ocr_par' dir='ltr' id='par_1_106' title="bbox 229 5557 1874 5647">
     <span class='ocr_line' id='line_1_106' title="bbox 229 5557 1874 5647; baseline 0.004 -31"><span class='ocrx_word' id='word_1_754' title='bbox 229 5557 431 5635; x_wconf 78' lang='grc' dir='ltr'>μεταξὺ</span> <span class='ocrx_word' id='word_1_755' title='bbox 473 5561 569 5630; x_wconf 78' lang='grc' dir='ltr'>τὴν</span> <span class='ocrx_word' id='word_1_756' title='bbox 610 5560 884 5644; x_wconf 77' lang='grc' dir='ltr'>διαφορὰν,</span> <span class='ocrx_word' id='word_1_757' title='bbox 924 5562 979 5630; x_wconf 64' lang='grc' dir='ltr'>ἒξ</span> <span class='ocrx_word' id='word_1_758' title='bbox 1019 5565 1084 5632; x_wconf 80' lang='grc' dir='ltr'>ἧς</span> <span class='ocrx_word' id='word_1_759' title='bbox 1142 5565 1230 5622; x_wconf 84' lang='grc' dir='ltr'>καὶ</span> <span class='ocrx_word' id='word_1_760' title='bbox 1259 5565 1356 5628; x_wconf 81' lang='grc' dir='ltr'><strong>τὰς</strong></span> <span class='ocrx_word' id='word_1_761' title='bbox 1414 5562 1630 5633; x_wconf 80' lang='grc' dir='ltr'>κλήσεις</span> <span class='ocrx_word' id='word_1_762' title='bbox 1685 5563 1874 5647; x_wconf 79' lang='grc' dir='ltr'>διαφό-</span> 
     </span>
    </p>
   </div>
   <div class='ocr_carea' id='block_1_107' title="bbox 227 5650 1871 5731">
    <p class='ocr_par' dir='ltr' id='par_1_107' title="bbox 227 5650 1871 5731">
     <span class='ocr_line' id='line_1_107' title="bbox 227 5650 1871 5731; baseline 0.002 -25"><span class='ocrx_word' id='word_1_763' title='bbox 227 5669 377 5729; x_wconf 78' lang='grc' dir='ltr'>ρους,</span> <span class='ocrx_word' id='word_1_764' title='bbox 438 5650 513 5714; x_wconf 78' lang='grc' dir='ltr'>ὡς</span> <span class='ocrx_word' id='word_1_765' title='bbox 583 5653 742 5727; x_wconf 76' lang='grc' dir='ltr'>εἰκὸς,</span> <span class='ocrx_word' id='word_1_766' title='bbox 841 5652 1031 5730; x_wconf 46' lang='lat' dir='ltr'><strong>ﬁcum,</strong></span> <span class='ocrx_word' id='word_1_767' title='bbox 1116 5655 1206 5712; x_wconf 73' lang='grc' dir='ltr'>καὶ</span> <span class='ocrx_word' id='word_1_768' title='bbox 1289 5655 1453 5729; x_wconf 76' lang='grc' dir='ltr'>ἡμεῖς</span> <span class='ocrx_word' id='word_1_769' title='bbox 1505 5657 1871 5731; x_wconf 74' lang='grc' dir='ltr'>σιωπήσομεν,</span> 
     </span>
    </p>
   </div>
   <div class='ocr_carea' id='block_1_108' title="bbox 1971 4580 3619 4666">
    <p class='ocr_par' dir='ltr' id='par_1_108' title="bbox 1971 4580 3619 4666">
     <span class='ocr_line' id='line_1_108' title="bbox 1971 4580 3619 4666; baseline 0.004 -25"><span class='ocrx_word' id='word_1_770' title='bbox 1971 4580 2173 4642; x_wconf 80' lang='lat' dir='ltr'><strong>dimus</strong></span> <span class='ocrx_word' id='word_1_771' title='bbox 2202 4602 2214 4639; x_wconf 91' lang='lat'>:</span> <span class='ocrx_word' id='word_1_772' title='bbox 2242 4598 2508 4662; x_wconf 81' lang='lat' dir='ltr'><strong>namque</strong></span> <span class='ocrx_word' id='word_1_773' title='bbox 2534 4582 2646 4645; x_wconf 84' lang='lat' dir='ltr'><strong>hoc</strong></span> <span class='ocrx_word' id='word_1_774' title='bbox 2673 4585 2913 4662; x_wconf 80' lang='lat' dir='ltr'><strong>quidem</strong></span> <span class='ocrx_word' id='word_1_775' title='bbox 2942 4593 3027 4646; x_wconf 74' lang='lat' dir='ltr'><strong>est</strong></span> <span class='ocrx_word' id='word_1_776' title='bbox 3050 4585 3397 4648; x_wconf 76' lang='lat' dir='ltr'><strong>immediate</strong></span> <span class='ocrx_word' id='word_1_777' title='bbox 3426 4604 3461 4648; x_wconf 85' lang='grc' dir='ltr'>α</span> <span class='ocrx_word' id='word_1_778' title='bbox 3485 4588 3619 4666; x_wconf 65' lang='grc' dir='ltr'><strong>υνὶς</strong></span> 
     </span>
    </p>
   </div>
   <div class='ocr_carea' id='block_1_109' title="bbox 1968 4672 3613 4754">
    <p class='ocr_par' dir='ltr' id='par_1_109' title="bbox 1968 4672 3613 4754">
     <span class='ocr_line' id='line_1_109' title="bbox 1968 4672 3613 4754; baseline 0.005 -25"><span class='ocrx_word' id='word_1_779' title='bbox 1968 4673 2205 4746; x_wconf 76' lang='grc' dir='ltr'>πιο,1ιυσ</span> <span class='ocrx_word' id='word_1_780' title='bbox 2225 4686 2366 4731; x_wconf 83' lang='lat' dir='ltr'><strong>vero</strong></span> <span class='ocrx_word' id='word_1_781' title='bbox 2383 4688 2492 4750; x_wconf 86' lang='lat' dir='ltr'><strong>per</strong></span> <span class='ocrx_word' id='word_1_782' title='bbox 2511 4672 2663 4733; x_wconf 80' lang='lat' dir='ltr'><strong>illud</strong></span> <span class='ocrx_word' id='word_1_783' title='bbox 2694 4675 2849 4752; x_wconf 79' lang='lat' dir='ltr'><strong>quod</strong></span> <span class='ocrx_word' id='word_1_784' title='bbox 2870 4676 3149 4754; x_wconf 78' lang='lat' dir='ltr'><strong>contigue</strong></span> <span class='ocrx_word' id='word_1_785' title='bbox 3178 4683 3262 4736; x_wconf 81' lang='lat' dir='ltr'><strong>est</strong></span> <span class='ocrx_word' id='word_1_786' title='bbox 3293 4693 3367 4736; x_wconf 77' lang='lat' dir='ltr'><strong>ea:</strong></span> <span class='ocrx_word' id='word_1_787' title='bbox 3391 4677 3613 4754; x_wconf 84' lang='lat' dir='ltr'><strong>primo.</strong></span> 
     </span>
    </p>
   </div>
   <div class='ocr_carea' id='block_1_110' title="bbox 1965 4757 3618 4843">
    <p class='ocr_par' dir='ltr' id='par_1_110' title="bbox 1965 4757 3618 4843">
     <span class='ocr_line' id='line_1_110' title="bbox 1965 4757 3618 4843; baseline 0.002 -23"><span class='ocrx_word' id='word_1_788' title='bbox 1965 4757 2036 4821; x_wconf 89' lang='lat' dir='ltr'><strong>Et</strong></span> <span class='ocrx_word' id='word_1_789' title='bbox 2056 4758 2431 4839; x_wconf 73' lang='lat' dir='ltr'><strong>haecquidem</strong></span> <span class='ocrx_word' id='word_1_790' title='bbox 2457 4768 2558 4820; x_wconf 64' lang='lat' dir='ltr'><strong>lese</strong></span> <span class='ocrx_word' id='word_1_791' title='bbox 2573 4761 2622 4820; x_wconf 84' lang='lat' dir='ltr'><strong>is</strong></span> <span class='ocrx_word' id='word_1_792' title='bbox 2636 4762 3107 4841; x_wconf 83' lang='lat' dir='ltr'><strong>supradictorum</strong></span> <span class='ocrx_word' id='word_1_793' title='bbox 3136 4763 3253 4824; x_wconf 79' lang='lat' dir='ltr'><strong>(ide</strong></span> <span class='ocrx_word' id='word_1_794' title='bbox 3278 4763 3491 4842; x_wconf 79' lang='lat' dir='ltr'><strong>dignus</strong></span> <span class='ocrx_word' id='word_1_795' title='bbox 3505 4762 3618 4843; x_wconf 82' lang='lat' dir='ltr'><strong>Nys</strong></span> 
     </span>
    </p>
   </div>
   <div class='ocr_carea' id='block_1_111' title="bbox 1961 4848 3609 4931">
    <p class='ocr_par' dir='ltr' id='par_1_111' title="bbox 1961 4848 3609 4931">
     <span class='ocr_line' id='line_1_111' title="bbox 1961 4848 3609 4931; baseline 0.003 -24"><span class='ocrx_word' id='word_1_796' title='bbox 1961 4865 2143 4908; x_wconf 89' lang='lat' dir='ltr'><strong>senus</strong></span> <span class='ocrx_word' id='word_1_797' title='bbox 2172 4848 2744 4931; x_wconf 79' lang='lat' dir='ltr'><strong>Gregorius,quibus</strong></span> <span class='ocrx_word' id='word_1_798' title='bbox 2765 4870 2799 4911; x_wconf 90' lang='lat' dir='ltr'><strong>a</strong></span> <span class='ocrx_word' id='word_1_799' title='bbox 2828 4851 2997 4913; x_wconf 88' lang='lat' dir='ltr'><strong>nobis</strong></span> <span class='ocrx_word' id='word_1_800' title='bbox 3027 4851 3291 4913; x_wconf 89' lang='lat' dir='ltr'><strong>creditur</strong></span> <span class='ocrx_word' id='word_1_801' title='bbox 3312 4860 3373 4915; x_wconf 80' lang='lat' dir='ltr'><strong>et</strong></span> <span class='ocrx_word' id='word_1_802' title='bbox 3404 4853 3609 4931; x_wconf 83' lang='lat' dir='ltr'><strong>probe,</strong></span> 
     </span>
    </p>
   </div>
   <div class='ocr_carea' id='block_1_112' title="bbox 1960 4934 3616 5022">
    <p class='ocr_par' dir='ltr' id='par_1_112' title="bbox 1960 4934 3616 5022">
     <span class='ocr_line' id='line_1_112' title="bbox 1960 4934 3616 5022; baseline 0.003 -24"><span class='ocrx_word' id='word_1_803' title='bbox 1960 4934 2246 5015; x_wconf 86' lang='lat' dir='ltr'><strong>Spiritum</strong></span> <span class='ocrx_word' id='word_1_804' title='bbox 2279 4937 2520 4999; x_wconf 74' lang='lat' dir='ltr'><strong>differre</strong></span> <span class='ocrx_word' id='word_1_805' title='bbox 2547 4958 2582 5000; x_wconf 91' lang='lat' dir='ltr'><strong>a</strong></span> <span class='ocrx_word' id='word_1_806' title='bbox 2615 4940 2776 5013; x_wconf 75' lang='lat' dir='ltr'><strong>Filio,</strong></span> <span class='ocrx_word' id='word_1_807' title='bbox 2806 4940 2960 5022; x_wconf 89' lang='lat' dir='ltr'><strong>quod</strong></span> <span class='ocrx_word' id='word_1_808' title='bbox 2990 4941 3294 5021; x_wconf 82' lang='lat' dir='ltr'><strong>peripsum</strong></span> <span class='ocrx_word' id='word_1_809' title='bbox 3326 4942 3616 5003; x_wconf 77' lang='lat' dir='ltr'><strong>exsistan-</strong></span> 
     </span>
    </p>
   </div>
   <div class='ocr_carea' id='block_1_113' title="bbox 1966 5027 3610 5110">
    <p class='ocr_par' dir='ltr' id='par_1_113' title="bbox 1966 5027 3610 5110">
     <span class='ocr_line' id='line_1_113' title="bbox 1966 5027 3610 5110; baseline 0.002 -22"><span class='ocrx_word' id='word_1_810' title='bbox 1966 5027 2103 5088; x_wconf 89' lang='lat' dir='ltr'><strong>tiam</strong></span> <span class='ocrx_word' id='word_1_811' title='bbox 2140 5027 2359 5088; x_wconf 89' lang='lat' dir='ltr'><strong>habeta</strong></span> <span class='ocrx_word' id='word_1_812' title='bbox 2383 5027 3076 5110; x_wconf 38' lang='lat' dir='ltr'><strong>Patre.Quan.toqoitlem</strong></span> <span class='ocrx_word' id='word_1_813' title='bbox 3109 5029 3159 5089; x_wconf 93' lang='lat' dir='ltr'><strong>si</strong></span> <span class='ocrx_word' id='word_1_814' title='bbox 3191 5030 3246 5090; x_wconf 91' lang='lat' dir='ltr'><strong>id</strong></span> <span class='ocrx_word' id='word_1_815' title='bbox 3284 5050 3400 5093; x_wconf 89' lang='lat' dir='ltr'><strong>non</strong></span> <span class='ocrx_word' id='word_1_816' title='bbox 3430 5041 3610 5105; x_wconf 77' lang='lat' dir='ltr'><strong>esset,</strong></span> 
     </span>
    </p>
   </div>
   <div class='ocr_carea' id='block_1_114' title="bbox 1965 5115 3612 5201">
    <p class='ocr_par' dir='ltr' id='par_1_114' title="bbox 1965 5115 3612 5201">
     <span class='ocr_line' id='line_1_114' title="bbox 1965 5115 3612 5201; baseline 0.004 -25"><span class='ocrx_word' id='word_1_817' title='bbox 1965 5134 2207 5198; x_wconf 88' lang='lat' dir='ltr'><strong>prorsus</strong></span> <span class='ocrx_word' id='word_1_818' title='bbox 2238 5124 2296 5176; x_wconf 91' lang='lat' dir='ltr'><strong>et</strong></span> <span class='ocrx_word' id='word_1_819' title='bbox 2327 5115 2458 5194; x_wconf 89' lang='lat' dir='ltr'><strong>ipse</strong></span> <span class='ocrx_word' id='word_1_820' title='bbox 2490 5127 2648 5178; x_wconf 89' lang='lat' dir='ltr'><strong>esset</strong></span> <span class='ocrx_word' id='word_1_821' title='bbox 2680 5118 2860 5178; x_wconf 85' lang='lat' dir='ltr'><strong>Filius</strong></span> <span class='ocrx_word' id='word_1_822' title='bbox 2890 5117 3148 5196; x_wconf 82' lang='lat' dir='ltr'><strong>genitus.</strong></span> <span class='ocrx_word' id='word_1_823' title='bbox 3191 5123 3306 5180; x_wconf 84' lang='lat' dir='ltr'><strong>Aut</strong></span> <span class='ocrx_word' id='word_1_824' title='bbox 3345 5140 3612 5201; x_wconf 68' lang='lat' dir='ltr'><strong>quietiam</strong></span> 
     </span>
    </p>
   </div>
   <div class='ocr_carea' id='block_1_115' title="bbox 1963 5204 3613 5286">
    <p class='ocr_par' dir='ltr' id='par_1_115' title="bbox 1963 5204 3613 5286">
     <span class='ocr_line' id='line_1_115' title="bbox 1963 5204 3613 5286; baseline 0.004 -19"><span class='ocrx_word' id='word_1_825' title='bbox 1963 5206 2112 5269; x_wconf 87' lang='lat' dir='ltr'><strong>ratio</strong></span> <span class='ocrx_word' id='word_1_826' title='bbox 2142 5204 2343 5280; x_wconf 80' lang='lat' dir='ltr'><strong>fuerit,</strong></span> <span class='ocrx_word' id='word_1_827' title='bbox 2379 5208 2537 5268; x_wconf 84' lang='lat' dir='ltr'><strong>hunc</strong></span> <span class='ocrx_word' id='word_1_828' title='bbox 2562 5207 2802 5286; x_wconf 86' lang='lat' dir='ltr'><strong>quidem</strong></span> <span class='ocrx_word' id='word_1_829' title='bbox 2834 5206 3049 5268; x_wconf 88' lang='lat' dir='ltr'><strong>Filium</strong></span> <span class='ocrx_word' id='word_1_830' title='bbox 3081 5226 3233 5279; x_wconf 89' lang='lat' dir='ltr'><strong>esse,</strong></span> <span class='ocrx_word' id='word_1_831' title='bbox 3271 5211 3432 5271; x_wconf 89' lang='lat' dir='ltr'><strong>illum</strong></span> <span class='ocrx_word' id='word_1_832' title='bbox 3478 5231 3613 5273; x_wconf 84' lang='lat' dir='ltr'><strong>vero</strong></span> 
     </span>
    </p>
   </div>
   <div class='ocr_carea' id='block_1_116' title="bbox 1964 5293 3611 5378">
    <p class='ocr_par' dir='ltr' id='par_1_116' title="bbox 1964 5293 3611 5378">
     <span class='ocr_line' id='line_1_116' title="bbox 1964 5293 3611 5378; baseline 0.002 -20"><span class='ocrx_word' id='word_1_833' title='bbox 1964 5293 2249 5375; x_wconf 88' lang='lat' dir='ltr'><strong>Spiritum</strong></span> <span class='ocrx_word' id='word_1_834' title='bbox 2287 5304 2343 5356; x_wconf 89' lang='lat' dir='ltr'><strong>et</strong></span> <span class='ocrx_word' id='word_1_835' title='bbox 2377 5314 2492 5357; x_wconf 93' lang='lat' dir='ltr'><strong>non</strong></span> <span class='ocrx_word' id='word_1_836' title='bbox 2535 5297 2789 5359; x_wconf 82' lang='lat' dir='ltr'><strong>Filium?</strong></span> <span class='ocrx_word' id='word_1_837' title='bbox 2822 5296 3088 5359; x_wconf 76' lang='lat' dir='ltr'><strong>l&#39;rol‘erat</strong></span> <span class='ocrx_word' id='word_1_838' title='bbox 3116 5298 3407 5378; x_wconf 87' lang='lat' dir='ltr'><strong>quispiam</strong></span> <span class='ocrx_word' id='word_1_839' title='bbox 3438 5300 3611 5362; x_wconf 87' lang='lat' dir='ltr'><strong>aliam</strong></span> 
     </span>
    </p>
   </div>
   <div class='ocr_carea' id='block_1_117' title="bbox 1963 5384 3611 5466">
    <p class='ocr_par' dir='ltr' id='par_1_117' title="bbox 1963 5384 3611 5466">
     <span class='ocr_line' id='line_1_117' title="bbox 1963 5384 3611 5466; baseline 0.005 -22"><span class='ocrx_word' id='word_1_840' title='bbox 1963 5384 2119 5445; x_wconf 83' lang='lat' dir='ltr'><strong>inter</strong></span> <span class='ocrx_word' id='word_1_841' title='bbox 2144 5385 2277 5446; x_wconf 90' lang='lat' dir='ltr'><strong>illos</strong></span> <span class='ocrx_word' id='word_1_842' title='bbox 2308 5384 2806 5455; x_wconf 65' lang='lat' dir='ltr'><strong>dill‘erentiamzex</strong></span> <span class='ocrx_word' id='word_1_843' title='bbox 2839 5404 2952 5465; x_wconf 90' lang='lat' dir='ltr'><strong>qua</strong></span> <span class='ocrx_word' id='word_1_844' title='bbox 2981 5396 3036 5447; x_wconf 86' lang='lat' dir='ltr'><strong>et</strong></span> <span class='ocrx_word' id='word_1_845' title='bbox 3055 5386 3485 5466; x_wconf 87' lang='lat' dir='ltr'><strong>appellationes</strong></span> <span class='ocrx_word' id='word_1_846' title='bbox 3516 5391 3611 5451; x_wconf 90' lang='lat' dir='ltr'><strong>di-</strong></span> 
     </span>
    </p>
   </div>
   <div class='ocr_carea' id='block_1_118' title="bbox 1965 5475 3617 5556">
    <p class='ocr_par' dir='ltr' id='par_1_118' title="bbox 1965 5475 3617 5556">
     <span class='ocr_line' id='line_1_118' title="bbox 1965 5475 3617 5556; baseline 0.003 -21"><span class='ocrx_word' id='word_1_847' title='bbox 1965 5482 2257 5553; x_wconf 80' lang='lat' dir='ltr'><strong>versas,ut</strong></span> <span class='ocrx_word' id='word_1_848' title='bbox 2293 5475 2652 5534; x_wconf 84' lang='lat' dir='ltr'><strong>conveniens</strong></span> <span class='ocrx_word' id='word_1_849' title='bbox 2682 5483 3209 5556; x_wconf 84' lang='lat' dir='ltr'><strong>est,assequantur,</strong></span> <span class='ocrx_word' id='word_1_850' title='bbox 3235 5485 3293 5536; x_wconf 87' lang='lat' dir='ltr'><strong>et</strong></span> <span class='ocrx_word' id='word_1_851' title='bbox 3322 5496 3430 5539; x_wconf 89' lang='lat' dir='ltr'><strong>nos</strong></span> <span class='ocrx_word' id='word_1_852' title='bbox 3461 5487 3617 5540; x_wconf 86' lang='lat' dir='ltr'><strong>tace-</strong></span> 
     </span>
    </p>
   </div>
   <div class='ocr_carea' id='block_1_119' title="bbox 1966 5561 3610 5648">
    <p class='ocr_par' dir='ltr' id='par_1_119' title="bbox 1966 5561 3610 5648">
     <span class='ocr_line' id='line_1_119' title="bbox 1966 5561 3610 5648; baseline 0.004 -25"><span class='ocrx_word' id='word_1_853' title='bbox 1966 5561 2181 5625; x_wconf 89' lang='lat' dir='ltr'><strong>bimus.</strong></span> <span class='ocrx_word' id='word_1_854' title='bbox 2215 5563 2329 5624; x_wconf 83' lang='lat' dir='ltr'><strong>Sed</strong></span> <span class='ocrx_word' id='word_1_855' title='bbox 2365 5562 2558 5623; x_wconf 89' lang='lat' dir='ltr'><strong>nullus</strong></span> <span class='ocrx_word' id='word_1_856' title='bbox 2580 5564 2751 5624; x_wconf 84' lang='lat' dir='ltr'><strong>aliam</strong></span> <span class='ocrx_word' id='word_1_857' title='bbox 2786 5565 3052 5645; x_wconf 82' lang='lat' dir='ltr'><strong>proferre</strong></span> <span class='ocrx_word' id='word_1_858' title='bbox 3087 5583 3342 5644; x_wconf 84' lang='lat' dir='ltr'><strong>unquam</strong></span> <span class='ocrx_word' id='word_1_859' title='bbox 3375 5569 3610 5648; x_wconf 88' lang='lat' dir='ltr'><strong>poterit,</strong></span> 
     </span>
    </p>
   </div>
   <div class='ocr_carea' id='block_1_120' title="bbox 1966 5651 3616 5735">
    <p class='ocr_par' dir='ltr' id='par_1_120' title="bbox 1966 5651 3616 5735">
     <span class='ocr_line' id='line_1_120' title="bbox 1966 5651 3616 5735; baseline 0.005 -22"><span class='ocrx_word' id='word_1_860' title='bbox 1966 5670 2281 5735; x_wconf 82' lang='lat' dir='ltr'><strong>quousque</strong></span> <span class='ocrx_word' id='word_1_861' title='bbox 2310 5651 2510 5713; x_wconf 81' lang='lat' dir='ltr'><strong>divinu</strong></span> <span class='ocrx_word' id='word_1_862' title='bbox 2543 5652 2641 5714; x_wconf 87' lang='lat' dir='ltr'><strong>hic</strong></span> <span class='ocrx_word' id='word_1_863' title='bbox 2675 5655 2848 5716; x_wconf 77' lang='lat' dir='ltr'><strong>l’ater</strong></span> <span class='ocrx_word' id='word_1_864' title='bbox 2894 5654 3047 5735; x_wconf 88' lang='lat' dir='ltr'><strong>apud</strong></span> <span class='ocrx_word' id='word_1_865' title='bbox 3082 5671 3290 5719; x_wconf 87' lang='lat' dir='ltr'><strong>omnes</strong></span> <span class='ocrx_word' id='word_1_866' title='bbox 3329 5657 3616 5729; x_wconf 81' lang='lat' dir='ltr'><strong>asseritur</strong></span> 
     </span>
    </p>
   </div>
  </div>
