4176 6290
540 348 679 413 1051
1653 352 1795 415 CON
1803 349 2141 414 STANTIN
2149 350 2174 411 Ι

2285 350 2463 413 ELlT
2475 352 2568 416 EN
2575 351 2773 415 ΙΟΤιΕ
3754 346 3914 414 1052

460 517 463 519 -
532 483 793 545 veritatis
826 502 959 547 esse
983 486 1288 565 magister,
1324 484 1424 566 qui
1456 486 1516 546 in
1551 484 1662 545 hoc
1693 483 1819 544 solo
1850 482 2201 543 discrimen,

2284 478 2407 537 Αλλ’
2458 483 2553 539 οὒκ
2606 483 2667 539 ἄν
2721 485 2990 565 ἰσχύσειεν
3060 483 3300 562 οὐδεμίαν
3373 485 3541 553 ἄλλην
3594 483 3761 547 οῦδεὶς
3825 481 3914 547 ἓξ·-

533 572 665 633 Filii
689 580 745 633 et
771 575 1026 654 Spiritus
1049 574 1347 636 constituit
1364 573 1684 653 ,quod,hoc
1702 572 1945 650 quidem
1968 579 2053 633 est
2068 572 2178 633 im-

2291 583 2431 627 ιπεϊν
2466 587 2480 602 ’
2537 571 2635 635 ἕως
2680 572 2741 629 ἂν
2797 576 2824 630 6
2878 575 3153 639 θεσπέσιος
3193 575 3342 641 οὗτος
3394 576 3576 653 Πατὴρ
3619 571 3890 650 ὁμολογεῖ

533 662 793 724 mediate
818 680 854 722 (ι
879 664 1207 735 Patre,hoc
1230 680 1372 724 vero
1393 680 1500 741 per
1524 661 1875 741 ittud.qnod
1896 665 2179 738 contigue

2284 680 2344 714 :att
2398 661 2535 739 παρᾶ
2593 667 2721 718 πᾶσι
2791 663 2887 729 τ’ἧς
2964 662 3211 730 ἀληθείας
3268 665 3412 720 εἶναι
3468 660 3810 734 διδάσκαλος,
3856 661 3915 721 ὃς

537 756 625 811 est
653 752 977 829 exprimo,
1007 751 1161 831 quod
1206 751 1364 812 idem
1418 759 1507 811 est
1544 749 1767 823 dicere,
1804 767 1908 828 per
1936 748 2176 810 Filium.

2287 771 2313 803 ν
2368 750 2537 824 τούτῳ
2591 751 2739 825 μόνῳ
2809 753 2908 818 τὴν
2953 750 3203 832 διαφορὰν
3264 756 3384 809 Υἱοῦ
3448 755 3536 810 καὶ
3600 752 3915 826 Πνεύματος

539 836 674 898 Haec
704 838 902 919 itaque
931 858 1066 900 cum
1098 840 1177 900 ita
1205 858 1270 899 se
1302 838 1574 910 habeant,
1604 857 1720 897 non
1755 838 1865 898 erit
1902 837 2001 917 qui
2033 856 2181 897 con-

537 933 625 986 tra
654 945 718 987 se
752 937 1032 1007 opponat,
1067 928 1117 989 si
1162 928 1339 990 modo
1393 926 1681 1009 sapientia
1708 926 2179 999 commendatur,

537 1024 594 1076 et
616 1017 765 1095 sapit
789 1019 963 1097 pleno
994 1027 1258 1101 pectore;
1291 1019 1436 1082 alias
1468 1018 1813 1098 longissime
1842 1036 1875 1078 a
1904 1027 2065 1079 recta
2092 1017 2185 1079 via

539 1104 920 1171 aberraverit.

624 1373 719 1434 t3.
747 1373 1037 1453 Spiritum
1073 1392 1210 1436 vero
1235 1384 1498 1436 sanctum
1533 1392 1638 1454 per
1654 1373 1867 1437 Filium
1902 1376 2184 1434 exsistere

551 1479 620 1521 ex
654 1463 823 1525 Patre
844 1474 1058 1542 praeter
1088 1464 1200 1524 hoc
1233 1462 1512 1524 Ecclesiae
1542 1463 1873 1542 lumen,qui
1905 1462 1965 1522 in
1988 1462 2189 1522 multis

546 1549 677 1610 aliis
705 1551 826 1610 suis
867 1551 1107 1631 scriptis
1136 1561 1339 1632 aperte
1389 1553 1514 1613 hinc
1563 1551 1768 1613 eadem
1819 1550 2098 1623 decrevit,
2130 1560 2190 1613 ut

544 1638 877 1718 procedens
907 1641 1097 1701 oratio
1133 1640 1555 1720 manifestabit,
1601 1639 1673 1700 ab
1735 1638 2009 1700 omnibus
2065 1639 2189 1700 fere

2264 836 2605 914 περιέστησεν
2674 842 2727 895 ἓν
2785 845 2862 913 τῷ
2930 842 3021 896 τὸν
3092 842 3188 917 μὲν
3257 848 3540 921 προσεχῶς
3594 841 3738 897 εἶναι
3769 837 3918 907 παρᾶ

2267 927 2493 1006 Πατρός,
2551 929 2613 983 τὸ
2666 927 2722 984 δὲ
2780 927 2864 984 διὰ
2910 930 3002 986 τοῦ
3052 936 3361 1010 προσεχὼς,
3390 930 3581 987 ταύτόν
3613 928 3671 985 δὲ
3712 929 3914 998 εἰπεῖν,

2265 1010 2350 1069 διὰ
2389 1024 2483 1072 τοῦ
2538 1019 2679 1077 Υἶοῦ.
2726 1023 2888 1075 Τοῦτο
2932 1018 3028 1089 μὲν
3072 1020 3161 1074 οῦν
3218 1016 3384 1081 οὕτως
3439 1017 3594 1097 ἕχον,
3628 1015 3726 1073 οῦκ
3770 1013 3917 1068 ἔστιν

2267 1100 2409 1167 ὅστις
2458 1102 2520 1159 ἂν
2598 1105 2830 1163 ἀντείποι
2896 1114 3000 1165 τῶν
3073 1107 3358 1166 εῦσυνέτων
3413 1108 3501 1161 καὶ
3566 1106 3627 1160 16
3696 1114 3918 1182 φρονεῖν

2266 1194 2561 1272 ῗτῗθηρῶν,
2623 1193 2764 1263 πλὴν
2822 1197 2866 1251 εἷ
2920 1199 2998 1272 μὴ
3055 1218 3159 1255 που
3210 1197 3307 1262 τῆς
3356 1195 3550 1258 εῦθείας
3596 1191 3807 1270 μακρὰν
3832 1190 3925 1246 6x-

2267 1268 2614 1349 δεδράμηκέν.

2353 1351 2448 1438 ιγ’.
2472 1346 2586 1419 ’,Οτι
2631 1360 2685 1419 δὲ
2727 1362 2794 1420 δι’
2854 1366 2972 1420 Υἱοῦ
3014 1368 3074 1420 16
3133 1370 3345 1438 Πνεῦμα
3384 1364 3446 1420 16
3487 1363 3637 1441 ἅγιον
3681 1360 3919 1437 ὑπάρχει

2269 1451 2411 1528 παρὰ
2455 1453 2659 1529 Πατρὸς
2713 1455 2844 1531 πρὸς
2887 1457 2964 1526 τῷ
3007 1458 3248 1532 φωστῆρι
3304 1453 3473 1525 τούτῳ
3525 1457 3623 1518 τῆς
3668 1446 3920 1513 Ἐκκλη-

2271 1538 2410 1618 aias,
2464 1538 2522 1602 ὅς
2566 1540 2623 1595 ἐν
2679 1541 2903 1604 πολλοῖς
2955 1543 3043 1597 καὶ
3085 1539 3267 1603 ἄλλοις
3311 1546 3414 1596 τῶν
3461 1539 3617 1595 αὒτοῦ
3644 1536 3821 1615 λόγων
3851 1536 3923 1595 τὰ

2271 1630 2388 1697 περὶ
2443 1630 2626 1685 τούτου
2684 1635 2862 1709 σαφῶς
2916 1628 3286 1709 ἒδογμάτισεν,
3370 1631 3444 1693 ὡς
3488 1627 3830 1706 παρακατιὼν
3888 1627 3922 1681 ὁ

545 1715 765 1786 sanctis
795 1726 1086 1802 Patribus,
1122 1748 1371 1808 quorum
1400 1715 1824 1789 commentaria
1853 1728 1936 1787 uti
1965 1728 2189 1807 lapides

2284 1718 2430 1795 λόγος
2486 1716 2736 1792 δηλώσει,
2812 1720 2899 1775 καὶ
2957 1734 3076 1782 τοῖς
3126 1725 3255 1774 πᾶσι
3324 1717 3519 1798 σχεδὸν
3577 1719 3681 1773 τῶν
3751 1715 3921 1791 ἁγίων

547 1833 580 1875 a
610 1813 732 1875 Deo
763 1815 981 1876 incisas
1008 1801 1110 1879 Dei
1134 1801 1401 1879 Ecclesia
1432 1825 1634 1877 tenere
1660 1801 2186 1887 determinavit,si-

2284 1806 2542 1885 Πατέρων,
2627 1807 2701 1863 ὦν
2785 1809 2850 1863 τὰ
2952 1808 3338 1885 συγγράμματα
3404 1807 3638 1881 καθάπερ
3706 1801 3924 1863 πλάκας

548 1902 671 1962 mili
706 1903 934 1964 ratione
969 1914 1386 1985 pertractatum
1423 1917 1510 1967 est
1545 1926 1557 1967 :
1596 1915 1652 1966 et
1684 1906 1897 1983 dogma
1929 1906 2039 1966 hoc
2066 1913 2192 1966 erat

2284 1896 2589 1974 ὶεογράφους
2669 1898 2702 1963 ἡ
2769 1895 3060 1964 Ἐκκλησία
3119 1903 3252 1952 Θεοῦ
3307 1895 3555 1975 κατέχειν
3610 1890 3921 1969 διέγνωκεν,

551 2010 865 2054 commune
894 1979 1305 2056 etuniversale
1335 2014 1367 2055 a
1401 1994 1581 2074 pricis
1613 1979 1980 2074 temporibus
2014 1992 2188 2055 veluti

2284 1983 2407 2039 νῧτω
2448 1983 2845 2064 τεθεολὸγηται,
2909 1987 2998 2041 καὶ
3056 1983 3227 2062 δόγμα
3269 1992 3420 2041 τοῦτο
3474 1984 3656 2040 κοινὸν
3710 1980 3777 2047 ἧν
3834 1979 3928 2035 καὶ

548 2078 611 2140 in
645 2081 926 2143 thesauro
979 2083 1063 2142 illi
1123 2069 1560 2151 conservatum,
1600 2069 1752 2144 licet
1801 2103 1955 2144 nunc
1988 2082 2189 2144 nescio

2284 2073 2551 2131 ιαθολικὸν
2618 2076 2863 2133 ἀνέκαθεν
2920 2075 3508 2154 ἀποτεθησαυρισμὲνον
3592 2077 3748 2148 αὐτῇ,
3820 2069 3925 2125 κάν

555 2188 669 2248 qua
724 2190 896 2231 causa
947 2173 1114 2232 multi
1173 2173 1319 2233 illud
1373 2191 1491 2233 non
1569 2172 1900 2245 admittant,
1963 2183 2020 2232 et
2070 2172 2192 2231 haec

553 2269 680 2339 post
741 2266 957 2320 tantam
1031 2262 1293 2321 veritatis
1368 2261 1860 2340 inquisitionem,
1917 2260 2192 2338 illiusque

556 2348 885 2409 inventum.
942 2349 1013 2409 Et
1070 2350 1326 2429 primum
1386 2368 1632 2427 magnus
1678 2349 1734 2408 in
1786 2348 1964 2407 rebus
2019 2350 2188 2408 theo-

553 2438 761 2516 logicis
818 2438 1252 2518 pertractandis
1309 2439 1585 2509 Basilius,
1640 2438 1733 2498 cui
1793 2437 1863 2498 ah
1921 2437 2195 2498 omnibus

551 2525 752 2585 omnia
803 2527 1241 2599 conceduntur,
1290 2526 1347 2586 in
1401 2546 1516 2587 uno
1553 2546 1619 2587 ex
1652 2527 1775 2587 suis
1823 2527 1891 2587 ad
1926 2536 2193 2587 sanctum

551 2613 1035 2693 Amphilochium
1069 2615 1381 2694 capitibus.
1444 2617 1570 2676 hare
1626 2615 1802 2676 habet
1836 2633 1849 2676 ε
1886 2614 2195 2690 Quomodo

552 2704 752 2783 igitur
779 2705 1388 2784 separabantur,qu
1415 2708 1701 2784 separari
1730 2712 2049 2782 nequeant,
2067 2704 2196 2763 Ver-

2307 2170 2326 2179 -
2453 2165 2467 2184 ,
2635 2163 2657 2182 ει
2778 2167 2788 2187 ,
3449 2165 3463 2185 ,
3538 2167 3563 2177 -
3641 2161 3653 2181 ,
3779 2159 3791 2177 ν

2275 2186 2359 2219 νυν
2418 2185 2511 2220 ουκ
2567 2166 2691 2221 oio:
2738 2188 2788 2221 τι
2863 2169 3117 2226 παθοντες
3172 2167 3217 2220 οἱ
3275 2164 3467 2221 πολλοι
3497 2185 3603 2218 των
3631 2165 3926 2237 ανθρωπων

2274 2252 2333 2308 οὒ
2405 2250 2793 2333 παραδέχονται
2848 2256 2936 2310 καὶ
2977 2256 3139 2309 ταῦτα
3195 2254 3331 2328 μετά
3386 2253 3484 2320 τὴν
3540 2257 3638 2317 τῆς
3669 2248 3922 2316 ἀληθείας

2275 2339 2534 2407 τοσαύτην
2617 2341 2871 2418 ἒξέτασιν,
2959 2345 3048 2399 καὶ
3113 2343 3361 2409 τοιαύτην
3449 2342 3735 2419 ἀοεύρεσιν,
3811 2339 3923 2393 A6-

2275 2432 2393 2486 τίκα
2449 2432 2550 2508 γὰρ
2595 2433 2621 2487 6
2678 2430 2843 2495 πολὺς
2899 2432 2965 2487 τὰ
3045 2435 3165 2488 θεῖα
3224 2432 3514 2504 Βασίλειος,
3571 2431 3617 2503 ᾦ
3698 2430 3787 2483 καὶ
3858 2428 3925 2482 τὸ

2276 2520 2418 2595 παρά
2460 2520 2671 2575 πάντων
2730 2520 2783 2577 ἐν
2841 2520 3006 2576 ἅπασι
3051 2522 3494 2599 συγκεχωρηκὸς,
3541 2518 3594 2573 ἕν
3652 2539 3756 2573 τινι
3814 2522 3923 2571 τῶν

2276 2610 2407 2686 πρὸς
2450 2610 2540 2664 τὸν
2604 2611 2741 2686 ἱερὸν
2790 2610 3143 2690 Ἀμφιλόχιον
3194 2612 3347 2666 αὐτοῦ
3415 2606 3712 2686 κεφαλαίων
3783 2604 3927 2661 οὸτω

2280 2697 2409 2775 φησί
2443 2716 2456 2731 ⁶
2520 2704 2639 2761 Πῶς
2698 2698 2758 2754 ἂν
2818 2701 2903 2755 οῦν
2975 2700 3257 2778 χωρίζοιτο
3326 2699 3390 2754 τὰ
3446 2697 3745 2776 ἀχώριστα,
3821 2697 3930 2750 Δό-

560 2793 696 2855 bum
726 2793 913 2873 Dei,ct
943 2792 1216 2872 Spiritus
1241 2811 1321 2855 ex
1345 2794 1460 2855 Deo
1490 2812 1603 2872 per
1622 2793 1875 2855 Fihum?
1896 2791 2040 2865 Quis
2073 2811 2201 2853 ma-

2284 2808 2373 2862 γος
2439 2788 2570 2843 Θεοῦ
2623 2788 2711 2843 καὶ
2763 2794 2976 2862 Πνεῦμα
3034 2788 3093 2843 ἐκ
3149 2795 3278 2844 Θεοῦ
3330 2784 3395 2843 δι’
3453 2788 3621 2860 Υἰοῦ;
3682 2784 3771 2843 Τίς
3832 2789 3928 2840 τοῦ

556 2899 732 2959 gnum
769 2872 925 2941 hunc
945 2881 1177 2960 pietatis
1201 2900 1534 2961 przeconem
1568 2882 1839 2953 audiens,
1861 2900 1974 2941 non
2007 2881 2198 2941 statim

2284 2874 2520 2954 μεγάλου
2599 2877 2785 2934 τούτου
2855 2881 2953 2943 τῆς
3037 2873 3298 2940 εῦσεϐείας
3349 2876 3576 2953 κὴροκος
3648 2872 3924 2929 κατακοῦ-

555 2969 729 3030 dictis
754 2970 1100 3051 assenseril,
1131 2960 1368 3050 illisque
1405 2969 1673 3031 addictus
1706 2977 2201 3049 consecratusque

2284 2986 2403 3037 σας,
2478 2968 2571 3022 οῦκ
2628 2963 2690 3020 ἂν
2747 2966 2891 3028 εὐθὺς
2936 2964 3195 3044 ἐφέψηται
3250 2976 3363 3029 τοῖς
3407 2964 3673 3040 ῥηθεῖσιν,
3718 2960 3793 3016 ὢν
3838 2960 3933 3015 καὶ

556 3059 768 3136 dogma
801 3077 903 3138 pro
936 3048 1157 3119 viribus
1191 3048 1818 3138 propugnaveritﬁdei
1844 3077 1963 3119 suae
1986 3048 2196 3121 ducem

2285 3052 2566 3130 γενόμενος
2625 3050 2773 3132 ὅλος,
2854 3054 3259 3123 ἀντιποιήσαιτο
3332 3060 3425 3107 τοῦ
3482 3049 3749 3128 δόγματος
3823 3048 3931 3115 ὅση

555 3136 815 3207 similem
856 3136 1317 3228 sequens,qucm
1355 3136 1582 3226 magnis
1612 3148 1731 3207 illis
1763 3148 2033 3210 Patribus
2083 3167 2197 3208 non

2284 3139 2520 3220 δύναμις,
2596 3149 2827 3197 τοιοῦτον
2909 3140 3057 3221 ἔχειν
3129 3143 3227 3206 τῆς
3299 3142 3523 3202 πίστεως
3582 3136 3934 3214 καθηγεμόνα

558 3234 751 3295 minus
770 3211 1001 3297 Numen
1030 3211 1355 3297 hondribus
1385 3211 1656 3296 adactum
1679 3237 2008 3312 illustravit,
2043 3237 2198 3317 quod

2284 3227 2625 3305 βουλόμενος,
2690 3228 2747 3285 ὃν
2804 3227 3011 3293 οὐδενὸς
3066 3230 3226 3297 ἦττον
3263 3235 3367 3302 τῷν
3398 3227 3527 3304 ὑπὲρ
3569 3224 3685 3281 λίαν
3746 3224 3930 3280 Πατέ-

557 3342 965 3402 smpenumero
1001 3325 1253 3401 plurima
1276 3344 1378 3405 pro
1409 3327 1625 3405 pietate
1662 3326 1988 3386 certamina
2038 3326 2198 3399 iniit,

556 3412 735 3492 idque
784 3412 1110 3473 clarissime
1162 3413 1577 3475 demonstrant
1620 3414 1885 3493 ejusdem
1920 3415 2202 3474 adversus

557 3501 868 3563 haereticos
886 3502 1648 3580 coutradictioncs,linguas
1666 3504 1966 3563 universas
1986 3504 2061 3563 im
2073 3522 2201 3582 pro-

558 3587 663 3649 bas
680 3598 855 3669 atque
879 3590 1087 3670 impias
1104 3591 1591 3668 reprimentes,in
1616 3592 1828 3671 quibus
1850 3592 2204 3671 quandoque

558 3677 633 3737 de
663 3696 728 3737 re
753 3678 922 3739 nobis
948 3680 1246 3757 proposita
1278 3680 1609 3752 disserit,ut
1642 3689 1699 3740 et
1729 3699 1794 3740 ex
1827 3682 1940 3740 alio
1972 3699 2203 3760 quoque

558 3767 745 3844 capite
760 3767 1040 3843 colligere
1057 3786 1389 3846 possumus.
1403 3769 2004 3830 liubitantibusenim:
2034 3771 2203 3843 ρηο-

562 3872 624 3915 re
647 3872 767 3915 non
787 3863 840 3915 et
861 3854 1132 3933 Spiritus
1150 3865 1389 3917 sanctus
1408 3857 1576 3935 ﬁlius
1600 3856 1790 3918 Filii?
1835 3875 2077 3934 magnus
2108 3856 2206 3918 hic

561 3943 659 4004 hic
692 3945 974 4023 occurrit,
997 3962 1064 4004 ac
1093 3945 1140 4004 si
1164 3944 1249 4004 illi
1277 3962 1517 4023 prorsus
1542 3946 2076 4019 everterent,illum
2105 3964 2204 4006 es-

562 4051 625 4093 se
647 4051 753 4112 per
782 4033 1021 4113 Filium,
1045 4042 1101 4094 et
1124 4033 1444 4095 absurdum
1479 4035 1633 4113 quod
1673 4034 1813 4095 inde
1847 4034 2208 4114 sequebatur

561 4121 1251 4202 destruensmvspondet:
1275 4122 1409 4184 Non
1429 4123 1587 4202 quod
1604 4141 1720 4184 non
1750 4125 1826 4185 sit
1858 4142 1935 4185 ea;
1955 4125 2078 4185 Deo
2096 4140 2209 4202 per

561 4210 820 4284 Filium,
846 4220 1149 4273 etcausam
1174 4211 1336 4273 addit
1362 4234 1375 4269 :
1406 4212 1524 4273 Sed
1556 4230 1632 4274 ne
1664 4212 1987 4274 multitudo
2017 4215 2204 4274 innu-

562 4316 732 4360 mera
769 4299 1063 4374 Trinitas,
1088 4308 1140 4363 et
1171 4301 1329 4379 ﬁlios
1347 4319 1421 4361 em
1449 4301 1618 4381 ﬁliis,
1661 4309 1727 4363 ut
1772 4304 1836 4362 in
1861 4301 2207 4363 hominibus

510 4462 515 4469 ,
560 4391 653 4469 ﬁt,
674 4388 890 4451 habere
917 4389 1475 4469 reputmeturlllud
1509 4408 1682 4469 porro
1695 4408 1801 4468 per
1830 4389 2060 4452 Filium
2081 4400 2205 4450 sta-

565 4480 780 4540 biliens
810 4477 1128 4559 Scriptura;
1156 4497 1339 4540 sacrae
1389 4479 1799 4541 auctoritatem
1857 4479 2157 4558 subiungit
2189 4496 2201 4539 :
2229 4475 2435 4553 ῡυὶὧν,
2510 4477 2582 4538 ὡς

567 4571 903 4648 Propterea
928 4587 1002 4630 ea;
1035 4569 1157 4629 Dco
1182 4570 1478 4647 Itpiritum
1502 4585 1625 4630 esse
1645 4578 1848 4645 aperte
1867 4586 1927 4647 p1
1944 4569 2213 4629 (edicaoit

565 4657 885 4736 Apostolus
901 4656 1429 4736 dieens,Spiritum
1460 4661 1568 4736 qui
1586 4673 1662 4718 ex
1691 4656 1812 4717 Deo
1834 4663 1940 4729 est,
1974 4659 2212 4735 accepi—

2284 3340 2386 3397 ρων
2433 3319 2492 3374 τό
2538 3326 2695 3375 Θεϊον
2774 3316 3036 3392 ἐδόξασεν,
3106 3316 3197 3374 ἅτε
3253 3315 3428 3373 πολλὰ
3498 3314 3755 3377 πολλάκις
3799 3315 3932 3392 ὑπὲρ

2283 3408 2378 3474 τῆς
2423 3405 2683 3469 εὐσεϐείας
2759 3407 3178 3486 ἀγωνισάμενον,
3254 3408 3341 3462 καὶ
3410 3413 3563 3462 τοῦτο
3631 3411 3933 3482 παριστῶσι

2284 3498 2482 3565 τρανῶς
2528 3498 2577 3552 ἀί
2635 3498 2762 3576 πρὸς
2807 3498 2926 3561 τοὺς
2970 3500 3256 3575 αἱρετικοὺς
3313 3494 3662 3574 ἀντιρρήσεις,
3708 3496 3758 3549 αἱ
3817 3500 3933 3549 πᾶ-

2284 3606 2380 3641 σαν
2436 3584 2678 3664 γλῶσσαν
2744 3585 3185 3661 ἀποστυμίζουσαι
3244 3586 3480 3660 πονηρὰν
3537 3586 3625 3639 καὶ
3693 3584 3937 3662 παράνο-

2287 3697 2409 3749 μον,
2444 3675 2496 3731 ἐν
2526 3679 2616 3737 αἷς
2675 3673 2816 3729 ἔστιν
2874 3676 2934 3731 οῦ
2984 3675 3070 3730 καὶ
3126 3675 3244 3750 περὶ
3283 3675 3378 3730 τοῦ
3433 3671 3782 3751 προκειμέςου
3845 3670 3939 3727 δι·-

2289 3762 2499 3842 ὲξεισιν,
2559 3766 2631 3826 ὡς
2690 3763 2741 3820 ἐν
2801 3763 2960 3842 ἑτέρῳ
3016 3764 3122 3819 τῶν
3174 3766 3332 3820 αὐτοῦ
3358 3760 3656 3841 κεφαλαίων
3714 3758 3937 3816 δυνατὸν

2287 3849 2544 3915 κατιδεῖν,
2611 3855 2749 3932 Πρὸς
2794 3853 2893 3931 γὰρ
2973 3852 3094 3914 τοὺς
3169 3849 3447 3929 λέγοντας,
3515 3849 3662 3905 Διατί
3721 3850 3801 3924 μὴ
3870 3851 3938 3905 τὸ

2285 3946 2497 4015 Πνεῦμα
2551 3944 2613 3997 16
2691 3941 2841 4020 ἅγιον
2940 3942 3061 4003 Υἱὸς
3132 3946 3227 3995 τοῦ
3298 3941 3466 4017 Υίοῦς
3555 3941 3735 4018 φθάνει
3792 3960 3937 4015 προ-

2285 4030 2531 4086 απαντῶν
2574 4033 2601 4086 6
2672 4030 2859 4109 μέγας,
2932 4031 3004 4091 ὡς
3058 4026 3212 4091 δῆθεν
3268 4028 3610 4107 ἀναιροῦντας
3678 4029 3740 4083 16
3784 4029 3937 4084 εἶναι

2288 4117 2521 4183 συνόλως
2586 4121 2711 4177 αὐτὸ
2782 4117 2848 4173 δι’
2895 4121 3035 4195 Υἱοῦ,
3084 4119 3172 4173 καὶ
3227 4118 3290 4173 16
3348 4116 3545 4172 ἄτοπον
3590 4115 3940 4193 ἀπαγορεύων

2286 4210 2415 4286 φησί
2450 4225 2462 4238 ’
2509 4205 2589 4268 Οῦ
2643 4205 2727 4264 διὰ
2777 4209 2837 4263 16
2881 4207 2959 4283 μὴ
3019 4206 3162 4263 εἶναι
3234 4206 3295 4263 ἐκ
3355 4213 3488 4262 Θεοῦ
3530 4203 3600 4260 δι’
3646 4207 3794 4276 Υἱοῦ,
3848 4205 3943 4260 καὶ

2287 4296 2385 4362 τὴν
2440 4298 2607 4352 αἰτίαν
2663 4297 2900 4375 ἐπάγων,
2959 4302 3098 4350 οῦτω
3177 4297 3512 4374 προστίθησιν
3559 4313 3576 4331 ⁶
3632 4291 3784 4349 Ἀλλ’
3847 4292 3942 4351 ἴνα

2288 4387 2365 4459 μὴ
2430 4389 2651 4463 νομισθῇ
2719 4385 2921 4454 πλῆθος
3007 4382 3220 4463 ἄπειρον
3311 4386 3345 4451 ἡ
3423 4383 3604 4461 Τριάς,
3658 4383 3801 4445 υἱοὺς
3884 4382 3940 4447 ἒξ

2667 4476 2753 4530 καὶ
2824 4478 2879 4529 ἓν
2931 4474 3247 4552 ἀνθρώποις,
3331 4472 3478 4551 ἔχειν
3521 4474 3938 4533 ὺποπτιυθεῖσα,

2293 4566 2364 4621 Τὸ
2423 4563 2477 4619 δὲ
2530 4561 2595 4619 δι’
2673 4566 2794 4619 Υἱοῦ
2869 4560 2984 4638 μετ’
3042 4560 3195 4639 ὀλίγα
3266 4565 3523 4627 συστῆσαι
3578 4558 3768 4633 θέλων,
3833 4559 3940 4616 ἀπὸ

2296 4654 2544 4732 χρήσεως
2596 4656 2856 4730 γραφικῆς
2911 4650 3147 4731 ἐπιφέρει
3177 4666 3192 4681 ⁶
3249 4650 3345 4706 Διά
3408 4648 3472 4716 δὴ
3530 4655 3686 4706 τοῦτο
3726 4650 3789 4704 16
3836 4648 3938 4724 μὲν

566 4756 786 4820 mus,et
799 4763 911 4827 per
938 4746 1164 4808 Filium
1189 4763 1484 4826 apparere
1507 4746 1768 4822 planum
1786 4747 2096 4824 fecit,cum
2122 4747 2201 4806 Η.

2298 4743 2358 4797 ὲκ
2415 4744 2546 4797 Θεοῦ
2612 4743 2673 4797 16
2766 4747 2979 4816 Πνεῦμα
3073 4740 3215 4796 εἶναι
3297 4745 3503 4817 τρανῶς
3574 4736 3823 4816 ὶκήρυξεν
3908 4740 3939 4794 6

569 4838 643 4896 lii
659 4839 955 4917 Spiritum
969 4837 1140 4898 illum
1157 4836 2057 4916 nuncupavit,quemadmodum
2079 4839 2208 4906 Dei,

566 4938 618 4989 et
642 4933 902 4989 mentem
930 4927 1161 4987 Christi
1182 4925 1479 5002 vocamttt
1500 4934 1558 4986 et
1578 4927 1683 4987 Dei
1704 4924 2027 5004 Spiritum.
2056 4944 2207 5006 que-

569 5015 956 5079 madmodum
1005 5015 1285 5075 hominis.
1314 5012 1613 5085 Quasnam
1646 5013 1888 5074 insanias
1913 5016 2059 5074 ﬁnes
2092 5034 2208 5076 non

573 5104 917 5177 excesserit,
953 5103 1053 5183 qui
1082 5103 1268 5164 verba
1294 5103 1417 5162 haec
1459 5102 1706 5164 audiens
1731 5102 1790 5162 in
1831 5103 2043 5163 melius
2065 5122 2208 5166 sen-

571 5195 811 5257 tentiam
837 5211 954 5253 non
981 5192 1208 5253 mutat?
1256 5201 1317 5252 et
1365 5191 1735 5270 potissimum
1788 5212 1919 5253 (tum
1967 5212 2213 5269 magnus

572 5284 681 5345 iste
713 5287 888 5346 Pater
916 5281 1188 5358 Paulum,
1225 5301 1290 5343 os
1338 5281 1574 5356 Christi,
1610 5299 1773 5341 suam
1807 5284 2210 5344 conﬁrmatem

571 5371 931 5433 sententiam
957 5371 1228 5444 adducat,
1266 5370 1406 5431 dum
1431 5370 1645 5431 dictata
1672 5370 1745 5431 ab
1779 5389 1849 5431 eo
1883 5371 1956 5431 de
1986 5371 2214 5451 Spiritu

573 5463 802 5524 videtur
857 5461 1261 5541 interpretari,
1319 5461 1551 5541 quibus,
1613 5468 1672 5521 ut
1729 5469 1900 5522 antea
1962 5460 2102 5534 dixi,
2157 5469 2215 5523 et

573 5550 968 5628 evangelicum
1000 5568 1200 5611 vocem
1229 5550 1602 5613 considerate
1649 5549 1749 5610 illa
1804 5549 2200 5630 pervestigan-

573 5639 681 5703 bus
712 5637 1011 5719 explanat,
1044 5640 1090 5698 si
1123 5636 1271 5699 nihil
1323 5637 1482 5700 aliud
1542 5638 1644 5700 illa
1699 5657 1877 5720 quam
1911 5639 2127 5703 dictata
2177 5659 2212 5702 a

2298 4829 2645 4897 Ἀπόστολος,
2733 4828 2904 4907 λέγων
2980 4829 3058 4885 ὅτι
3148 4830 3209 4884 τὸ
3301 4834 3513 4902 Πνεῦμα
3598 4828 3659 4882 τὸ
3729 4826 3791 4882 ἐκ
3844 4834 3943 4884 τοῦ

2294 4929 2426 4979 Θεοῦ
2490 4919 2776 4995 ὶλάϐομεν,
2861 4920 2948 4975 καὶ
3004 4921 3064 4974 τὸ
3119 4915 3191 4972 δι’
3247 4920 3369 4974 Υἱοῦ
3424 4916 3715 4996 πεφηνέναι
3770 4917 3939 4995 σαφὲς

2290 5011 2603 5086 πεποίηκεν,
2693 5011 2814 5065 Υἱοῦ
2895 5009 3104 5083 Πνεῦμα
3187 5007 3452 5082 ὀνομασας
3504 5006 3631 5061 αὐτὸ
3700 5006 3942 5084 καθάπερ

2291 5107 2441 5179 Θεοῦ,
2545 5100 2633 5156 καὶ
2717 5104 2802 5154 νῦν
2885 5103 3109 5176 Χριστοῦ
3189 5095 3490 5173 προσειπὼν
3560 5093 3795 5170 καθάπερ
3850 5096 3942 5149 καὶ

2294 5197 2424 5246 Θεοῦ
2492 5189 2704 5262 Πνεῦμα
2782 5186 2855 5248 ὡς
2914 5193 3002 5242 106
3072 5183 3365 5262 ἀνθρώπου.
3435 5183 3595 5248 Ποίας
3662 5182 3723 5239 ἂν
3796 5185 3941 5239 ἀπο-

2293 5277 2437 5335 λίποι
2502 5277 2689 5353 μανίας
2764 5271 3063 5353 ὑπερϐολὴν
3143 5276 3171 5330 6
3220 5275 3326 5329 τ·ἶ›ν
3399 5271 3674 5350 παρόντων
3750 5272 3939 5350 ῥημά-

2291 5391 2397 5425 των
2467 5362 2883 5445 ἆκροασέμενος,
2974 5363 3155 5420 ἔπειτα
3227 5363 3304 5438 μὴ
3379 5363 3478 5429 τὴν
3549 5361 3772 5441 γνώμην
3835 5383 3941 5437 με-

2292 5457 2576 5532 ταθέμενος
2626 5456 2756 5532 πρὸς
2852 5454 2912 5509 τὸ
2988 5452 3243 5529 βέλτιονς
3310 5451 3398 5507 καὶ
3463 5449 3668 5527 μᾶλλον
3726 5449 3941 5529 ἐπείπερ

2294 5549 2322 5603 6
2375 5544 2540 5623 μέγας
2601 5543 2780 5620 Πατὴρ
2829 5544 2917 5598 καὶ
2972 5541 3179 5599 Παῦλον
3225 5543 3287 5597 τὸ
3339 5543 3432 5597 τοῦ
3489 5549 3715 5620 Χριστοῦ
3767 5540 3941 5614 στόμα

2293 5633 2518 5714 παράγει
2574 5634 2670 5700 τὴν
2746 5632 2931 5688 ἑαυτοῦ
3016 5638 3335 5689 συνιστῶντα
3407 5629 3665 5711 διάνοιαν,
3739 5632 3795 5687 ἓν
3852 5634 3940 5693 οἷς
