4214 6296
660 291 811 358 1055

1782 293 2265 360 CONSTANTIN
2274 293 2297 355 Ι
2343 288 2892 355 MELITENIOTIE

3865 281 4015 348 1056

651 427 917 499 stantice,
951 445 1143 509 neque
1162 436 1404 493 natura:
1432 428 1786 491 diversitate
1815 444 1853 489 α
1888 425 2070 489 Patre
2082 426 2212 487 sive
2227 423 2301 487 ab

2386 424 2516 506 ἔχον
2571 432 2663 484 τοῦ
2702 424 2845 481 εἶναι
2899 422 3015 482 ὅθεν
3057 424 3147 482 καὶ
3203 425 3265 480 τὸ
3305 422 3584 503 μονογενὲς
3627 420 3739 509 ἔστι
3763 424 3897 509 φῶς,
3939 414 4021 472 διὰ

662 511 986 593 Unigenito
1009 517 1411 580 dividitur.Et
1443 515 1644 578 multis
1674 515 1809 576 aliis
1836 514 2082 576 annexis
2103 531 2308 575 rursus

651 601 733 661 ait
766 623 780 664 :
815 604 918 664 Ea:
940 606 1256 684 unigenito
1275 606 1397 666 sole
1419 604 1608 667 alium
1635 604 2073 666 solem.Filium
2088 602 2309 665 scilicet

652 689 838 752 simul
845 708 982 753 cum
993 694 1187 770 primi
1201 693 1722 772 intellectioneper
1729 697 2167 771 generationem
2182 708 2306 752 una

654 795 787 838 cum.
806 781 934 857 ipso
952 780 1352 863 effulgentem,
1376 782 1681 861 eidemque
1697 799 1807 861 per
1844 782 2055 843 omnia
2089 797 2301 860 σημαι-

651 866 768 926 lem
790 873 847 928 et
862 885 1076 930 rursus
1090 867 1271 931 aliud
1289 870 1494 932 simile
1530 869 1734 932 lumen
1766 869 2065 949 Spiritum
2098 868 2304 930 eodem

653 953 971 1032 modo,non
991 958 1275 1036 temporis
1286 957 1490 1038 aliquo
1502 960 1567 1020 in
1579 957 1830 1020 tercallo
1842 975 1880 1019 α
1893 958 2101 1035 genito
2116 956 2302 1017 Iumi-

653 1059 727 1101 ne
743 1042 1083 1115 dissectum.
1107 1047 1208 1109 sed
1227 1065 1342 1125 per
1362 1046 1520 1109 illud
1547 1046 1883 1126 splendens,
1909 1063 1977 1108 ac
2012 1046 2302 1123 hyposm-

650 1147 783 1191 seos
798 1148 1045 1195 causam
1069 1136 1146 1197 ha
1156 1134 1299 1196 beas
1319 1153 1395 1197 ea:
1411 1137 1610 1214 primo
1632 1133 1743 1196 illo
1758 1132 2099 1211 exemplari
2120 1132 2300 1193 lumi-

653 1218 935 1283 ne.Hisce
960 1222 1039 1282 nil
1064 1241 1310 1304 usquam
1337 1224 1556 1284 clarius
1582 1231 1687 1284 aut
1718 1221 2087 1282 manifestius
2104 1220 2300 1295 fuerit,

655 1307 871 1387 quibus
900 1329 1108 1371 omnes
1166 1330 1282 1372 non
1340 1311 1657 1372 admodum
1718 1308 2203 1372 contentionibus
2228 1308 2304 1370 ob

657 1396 963 1459 stultitiam
985 1399 1215 1460 deditos
1232 1398 1579 1480 persuaderi
1610 1399 1878 1479 profecto
1899 1397 2302 1459 necessarium

658 1492 766 1546 est.
826 1483 1095 1568 Namque
1152 1488 1244 1550 his
1300 1507 1366 1550 se
1423 1507 1729 1568 opponere
1760 1495 1816 1548 et
1848 1487 1995 1548 adeo
2048 1486 2305 1566 patentia

660 1579 1034 1638 contentiose
1066 1578 1341 1639 refellere
1373 1578 1597 1646 conari,
1653 1596 1770 1637 non
1828 1576 2098 1638 absimile
2126 1575 2305 1636 fuerit

657 1664 1212 1741 contendenti,cum
1249 1665 1627 1745 praelucidum
1660 1675 1834 1745 atque
1863 1666 2112 1735 hilarem
2145 1664 2301 1724 diem

656 1750 1077 1827 videt,noctem
1109 1755 1463 1835 profundam
1495 1773 1564 1816 ac
1594 1754 1971 1833 nigerrimam
2013 1771 2167 1816 esse.
2202 1752 2300 1815 Sic
2324 1750 2361 1800 Β

656 1843 930 1903 ctecutlre
961 1842 1057 1903 hic
1089 1843 1385 1906 videbitur
1436 1864 1550 1907 non
1602 1844 1799 1905 minus
1852 1844 2029 1905 animi
2086 1841 2295 1909 oculis,

657 1948 832 2009 quam
866 1931 966 1993 ille
994 1950 1138 1995 vere
1169 1934 1458 2013 corporis,
1491 1933 1649 2015 quod
1684 1950 1879 2014 neque
1936 1931 2075 2011 pati,
2109 1948 2303 2010 neque

657 2019 948 2102 proferre,
982 2040 1093 2082 nec
1124 2021 1300 2083 etiam
1335 2021 1578 2084 auribus
1634 2021 1930 2102 accipere,
1983 2018 2084 2100 qui
2128 2018 2302 2098 pleno

658 2114 898 2183 pectore
920 2110 1485 2191 sapiunt,supplices
1499 2110 1985 2172 orant.Extremae
2013 2107 2303 2188 siquidem

655 2197 930 2260 amentiae
960 2199 1071 2260 hoc
1094 2200 1379 2261 indicium
1412 2200 1612 2279 fuerit,
1646 2199 1821 2279 cujus
1851 2208 2046 2259 notam
2102 2198 2303 2257 nescio

655 2304 907 2364 quanam
937 2290 1154 2367 poterit
1183 2288 1411 2349 ratione
1460 2290 1746 2366 effugere,
1799 2285 2153 2347 divinissimi
2189 2285 2301 2345 bu-

646 2374 820 2452 jusce
845 2376 1042 2437 Patris
1082 2375 1257 2437 dictis
1277 2386 1483 2437 contra
1511 2376 1601 2438 ire
1640 2393 2033 2454 praesumens,
2070 2372 2172 2453 qui
2197 2390 2301 2432 su-

653 2479 877 2539 prema,
915 2469 971 2523 et
997 2481 1129 2542 quae
1177 2482 1353 2543 supra
1383 2484 1490 2525 nos
1521 2464 1812 2544 sapientia
1843 2472 1954 2535 est,
1990 2460 2297 2544 praecellit2

652 2532 710 2610 et
749 2549 823 2609 de
862 2532 1167 2612 'simil'ibus
1218 2532 1420 2632 aperte
1468 2532 1836 2631 pronuntiat,
1870 2532 2120 2628 quorum
2154 2532 2300 2610 nihil

652 2645 839 2717 potest
873 2639 1198 2717 exCOgitari
1230 2641 1508 2704 divinius.
1540 2643 1609 2704 Et
1637 2660 1767 2701 mea
1789 2641 2029 2722 quidem
2060 2652 2303 2700 senten-

600 2756 604 2760 -
651 2724 735 2786 tia
760 2725 831 2787 ad
851 2724 1141 2788 dictorum
1162 2728 1585 2791 sublimitatem
1615 2749 1642 2787 ιι
1656 2730 1707 2792 el
1735 2729 2068 2809 pertingere
2100 2744 2297 2807 posse,

654 2831 929 2892 magnum
961 2824 1052 2875 est
1080 2825 1138 2876 et
1169 2818 1339 2897 plane
1359 2818 1577 2878 donum
1612 2819 1899 2879 divinum.
1935 2817 2302 2896 Quapropter

2388 513 2443 570 δὲ
2485 521 2577 571 τοῦ
2630 511 2880 580 ἀληθινοῦ
2933 513 3107 593 φωτὸς
3160 513 3465 591 ἒκλάμψαν,
3536 511 3654 568 οὕτε
3708 507 4019 581 διαστήματι

2388 603 2507 661 οὕτε
2559 604 2760 684 φύσεως
2814 603 3084 680 ἑτερότητι
3139 608 3232 657 τοῦ
3296 601 3498 678 Πατρὸς
3552 600 3589 668 ἢ
3645 603 3737 655 τοῦ
3775 603 4022 684 illova

2388 699 2506 758 νοῦς
2547 682 2918 766 ἀποτέμνεται.
2981 691 3079 747 Καὶ
3119 690 3254 764 μετὰ
3308 686 3482 745 πολλὰ
3520 686 3656 743 πάνυ
3697 682 3854 742 πάλιν
3911 704 4017 761 φη-

2389 782 2466 837 σίν
2502 800 2516 813 '
2579 777 2666 845 Ἐξ
2754 778 3042 850 ἀγεννήτου
3123 776 3275 846 ἡλίου
3335 775 3494 833 ἄλλον
3561 773 3712 842 ἡλίον
3760 774 3852 829 τὸν
3907 772 4020 827 ι’ίὸν

2388 875 2608 945 νοοῦμεν
2676 869 2808 943 ὁμοῦ
2904 864 2972 942 τῇ
3052 872 3144 923 τοῦ
3211 864 3421 945 πρώτου
3489 862 3691 936 ἐπινοίᾳ
3757 861 4021 939 γεννητῶς

2388 959 2529 1032 αὐτῷ
2610 954 2878 1031 συνεκλάμ
2891 976 3070 1034 ποντα,
3138 955 3228 1012 καὶ
3319 953 3456 1010 κατὰ
3536 952 3708 1009 πάντα
3776 946 4019 1011 ὡσαύτως

2388 1045 2585 1126 ἔχοντα
2618 1060 2633 1075 ⁸
2712 1045 2799 1101 καὶ
2869 1042 3028 1105 πάλιν
3063 1063 3079 1078 ⁶
3136 1041 3356 1122 ’Ἕτερον
3411 1048 3643 1099 τοιοῦτον
3701 1045 3831 1120 φῶς,
3891 1037 4022 1095 κατά

2383 1138 2477 1193 τὸν
2566 1136 2722 1192 αὒτὸν
2818 1134 3032 1213 τρόπον,
3107 1137 3167 1192 οὗ
3250 1137 3488 1213 χρονικῷ
3533 1153 3639 1187 τινι
3708 1127 4020 1205 διαστήματι

2384 1231 2477 1282 τοῦ
2568 1230 2823 1302 γεννητοῦ
2915 1222 3090 1300 φωτὸς
3192 1220 3645 1296 ἀποτεμνόμενον,
3743 1215 3883 1275 ἀλλᾶ
3956 1213 4019 1273 δι’

2386 1315 2542 1370 αὐτοῦ
2628 1312 2725 1387 μὲν
2821 1309 3119 1386 ἐκλάμπον,
3213 1309 3312 1376 τὴν
3380 1306 3437 1364 δὲ
3518 1312 3618 1374 τῆς
3684 1306 4022 1369 ἀποστάσεως

2385 1403 2551 1459 αἰτίαν
2609 1400 2739 1478 ἔχον
2824 1399 2882 1456 ἐκ
2962 1406 3057 1456 τοῦ
3122 1396 3468 1478 πρωτοτύπου
3541 1396 3737 1476 φωτός.
3820 1394 4022 1452 Τούτων

2384 1489 2528 1547 οὐδὲν
2587 1487 2829 1565 οὐδαμῶς
2913 1484 3257 1555 ἐκδηλότερον
3312 1486 3348 1554 ἢ
3405 1485 3737 1565 τρανότερον,
3796 1483 3883 1546 οἷς
3937 1482 4024 1537 καὶ

2384 1580 2605 1660 πάντας,
2661 1577 2773 1635 ὅσοι
2831 1579 2909 1655 μὴ
2959 1583 3063 1634 τῶν
3107 1575 3239 1657 ἄγαν
3297 1575 3570 1656 ἐριστικῶν
3625 1572 3691 1630 δι’
3748 1572 4023 1660 ἀπόνοιαν,

2387 1659 2617 1725 ἐντεῦθεν
2676 1669 2895 1746 ὀφθῆναι
2953 1667 3210 1744 προσήκει
3252 1667 3616 1726 καταπειθεῖς.
3659 1662 3731 1718 T6
3757 1661 3857 1738 γὰρ
3887 1659 4027 1715 ἀντιε-

2382 1758 2565 1813 τεῖνειν
2620 1757 2706 1812 καὶ
2759 1756 2889 1833 πρὸς
2936 1760 3100 1811 ταῦτα
3152 1755 3241 1811 καὶ
3286 1752 3604 1834 φιλονεικεῖν
3633 1763 3751 1812 τοῖς
3779 1755 4025 1805 τοσοῦτον

2381 1845 2698 1924 προφανέσιν
2754 1844 3201 1922 ἀντικαθίσταθαι,
3256 1840 3548 1920 παρόμοιον
3576 1839 3813 1910 πάντως,
3844 1834 3898 1892 εἴ
3945 1858 4023 1898 τις

2383 1935 2444 1989 ἂν
2488 1932 2728 2011 τηλαυγῆ
2783 1933 2871 1990 καὶ
2918 1928 3135 2011 φαιδρὰν
3189 1929 3391 2008 ἡμέραν
3419 1932 3580 2006 ὁρῶν,
3623 1927 3782 1983 νύκτα
3809 1925 4024 2001 βαθεῖαν

2386 2024 2531 2080 εἶναι
2595 2022 2792 2088 ταύτην
2848 2019 2991 2099 λέγυι
3033 2021 3121 2076 καὶ
3168 2017 3444 2094 μέλαιναν,
3506 2016 3657 2075 Οὕτω
3708 2011 4024 2093 τυφλώττειν

2387 2114 2415 2168 6
2474 2117 2705 2174 τοιοῦτος
2773 2108 2964 2175 δόξειεν
3009 2107 3071 2165 ἂν
3128 2108 3249 2171 τοὺς
3303 2112 3403 2173 τῆς
3474 2100 4022 2185 ψυχῆςᾷρφθαλμοὺς,

2385 2202 2458 2264 ὡς
2499 2203 2704 2265 έκεῖνος
2747 2197 2958 2265 ἀληθῶς
3018 2197 3139 2260 τοὺς
3197 2203 3289 2253 τοῦ
3346 2181 3613 2270 σώματος.
3672 2181 3751 2250 ’Ὀ
3794 2190 3874 2267 μὴ
3912 2211 4023 2245 πα-

2383 2294 2518 2363 θεῖν,
2579 2286 2706 2364 μηδ’
2764 2287 2983 2344 ἀκοῦσαι
3039 2292 3145 2342 τῶν
3215 2283 3596 2342 εὖκταιοτάτων
3659 2293 3776 2346 τοῖς
3832 2280 4023 2358 εὖφρο-

2384 2385 2524 2435 νοῦσι
2583 2376 2927 2436 καθέστηκεν.
2987 2379 3095 2440 Τῆς
3165 2374 3265 2453 γὰρ
3308 2372 3546 2449 ἒσγάτης
3603 2368 3821 2447 ἀλογίας
3871 2372 4023 2424 τοῦτο

2384 2467 2692 2544 τεκμήριον,
2751 2464 2819 2532 ἢν
2862 2465 2956 2520 οὔκ
3003 2453 3124 2520 οἴδα
3179 2469 3294 2527 πῶς
3347 2460 3411 2518 ἂν
3452 2458 3695 2527 δυνηθείη
3754 2469 3941 2536 φυγεῖν
3996 2459 4023 2511 6

2383 2567 2503 2617 τοῖς
2571 2553 2778 2631 ῥηθεῖσι
2831 2557 2908 2624 τῷ
2961 2550 3215 2624 θειοτάτῳ
3285 2550 3454 2624 τούτῳ
3510 2549 3672 2626 Πατρὶ
3734 2545 4025 2619 προθυμού·

2383 2661 2540 2717 μενος
2598 2639 2976 2720 ἀντιφέρεσθαι,
3040 2639 3260 2713 τοιούτῳ
3306 2639 3403 2713 μὲν
3469 2635 3579 2692 ὅντι
3620 2636 3716 2702 τὴν
3773 2631 4023 2688 ἀνωτάτω

2382 2732 2471 2787 καὶ
2511 2729 2641 2808 ὒπὲρ
2698 2719 2841 2803 ἡμᾶς
2899 2727 3108 2807 σοφίαν,
3166 2728 3284 2806 περὶ
3342 2726 3594 2782 τοιούτων
3650 2721 3705 2779 δὲ
3774 2719 4022 2799 διαλεγο-

2388 2819 2531 2893 μένῳ
2597 2839 2754 2897 περιφ
2766 2822 2917 2891 ηνῶς,
2975 2816 3049 2873 ῶν
3107 2813 3252 2875 οὐδὲν
3333 2817 3437 2871 τῶν
3490 2813 3698 2870 πάντων
3756 2809 4021 2870 ἐπέκεινα,

655 2901 800 2962 mihi
833 2903 1195 2982 persuadere
1227 2925 1344 2967 non
1377 2924 1572 2985 cesso,
1605 2906 2104 2986 consuleremque
2149 2903 2301 2967 aliis,

2393 2911 2492 2968 Καὶ
2539 2909 2645 2985 μὴν
2700 2906 2817 2983 ἐμοὶ
2875 2906 3010 2985 μέγα
3061 2907 3147 2962 καὶ
3188 2906 3248 2961 τὺ
3290 2903 3531 2961 δύνασθαι
3600 2902 3761 2979 μόνον
3787 2905 3882 2956 τοῦ
3923 2900 4024 2956 τῶν

657 2989 757 3069 qui
781 2992 1149 3072 excipiendis
1176 2993 1697 3056 adhortationibus
1728 3013 1943 3075 pronas
1975 3011 2150 3056 aures
2195 2992 2301 3053 ha-

2393 2996 2695 3076 λεγομένων
2749 2997 2910 3071 ὕψους
2974 2994 3318 3075 ἐφικνεῖσθαι,
3393 2992 3490 3050 καί
3553 2996 3785 3072 φανερῶς
3862 2987 4027 3068 δῶρον

650 3080 812 3149 bent.
843 3071 928 3145 ne
947 3083 1060 3145 vim
1086 3085 1281 3146 verbis
1308 3085 1585 3148 inferant.
1618 3071 1811 3166 neque
1847 3085 2074 3164 longius
2098 3093 2298 3146 exten-

2384 3071 2536 3146 Θεοῦξ
2604 3087 2696 3143 Διὸ
2739 3086 2826 3142 καὶ
2884 3071 3074 3142 πείθων
3126 3084 3351 3159 ἐμαυτὸν
3420 3083 3481 3139 06
3533 3071 3809 3153 διαλείπω,
3886 3100 4024 3151 συμ-

654 3171 817 3232 dant.
853 3172 1080 3235 Bonum
1114 3175 1336 3236 etenim
1364 3185 1452 3236 est
1482 3174 1539 3236 in
1564 3175 1728 3237 hisce
1774 3175 2166 3235 immanentcs
2195 3191 2297 3234 se-

2383 3175 2718 3251 εουλεύσαιμι
2762 3172 2807 3230 δ’
2866 3173 2928 3230 ἂν
2982 3173 3069 3229 καί
3123 3185 3241 3235 τοῖς
3299 3169 3501 3245 ἄλλοις,
3553 3170 3667 3228 ὅσοι
3714 3169 3808 3232 τὰς
3865 3167 4026 3229 ἀκοὰς

650 3260 963 3322 curitatem
1017 3281 1248 3323 summo
1305 3263 1440 3324 nixu
1494 3282 1798 3325 accurare.
1833 3263 2132 3325 Securitas
2157 3279 2298 3323 vero

2383 3266 2584 3341 ἕτοιμοι
2651 3265 2786 3343 πρὸς
2871 3261 3147 3343 ὑποδοχὴν
3217 3261 3596 3340 παραινέσεως
3675 3260 3753 3335 μὴ
3828 3258 4026 3333 βιάζειν

650 3358 741 3411 est
786 3350 1060 3428 dogmata
1107 3359 1229 3412 tuto
1290 3352 1478 3432 posita
1528 3356 1718 3432 sequi,
1777 3370 1904 3433 quae
1949 3361 2145 3412 mente
2189 3368 2295 3410 sua

650 3437 885 3499 divinus
931 3440 1027 3501 hic
1075 3439 1162 3501 vir
1191 3441 1511 3521 czeterique
1542 3460 1576 3501 a
1604 3459 1804 3502 rerum
1857 3439 2296 3500 materiatarum

649 3525 962 3588 aﬂ'ectibus
981 3526 1200 3590 sublati
1227 3529 1461 3589 sincere
1489 3537 1880 3609 accurateque
1907 3528 2294 3608 comprehen-

649 3613 953 3690 derunt,et
979 3617 1199 3697 scripto
1238 3616 1514 3678 omnibus
1546 3617 1939 3691 tradiderunt,
1976 3618 2127 3678 ultra
2156 3634 2293 3678 vero

650 3720 724 3764 ea
753 3705 1125 3767 comminisci
1153 3714 1209 3766 et
1227 3724 1295 3766 ex
1327 3724 1392 3766 se
1424 3705 1921 3767 contradictiones
1951 3706 2297 3784 confingere

654 3792 712 3853 in
737 3791 1086 3872 perditionis
1108 3795 1496 3876 praecipitium
1528 3795 1665 3873 agit,
1704 3795 1762 3855 in
1811 3796 1966 3876 quod
2018 3795 2298 3858 incedere

651 3881 1036 3956 horrendum,
1070 3894 1129 3944 et
1185 3883 1555 3963 potissimum
1605 3883 1699 3958 iis,
1751 3886 1848 3964 qui
1909 3884 2129 3946 malitia
2180 3904 2295 3946 ι.οη

652 3970 1026 4048 ignoratione
1072 3971 1352 4033 labuntur
1383 3991 1397 4034 :
1433 3974 1588 4053 quod
1624 3973 1848 4036 nemini
1871 3993 2130 4054 unquam
2158 3993 2294 4037 suc-

655 4058 851 4123 cedat.
883 4062 970 4122 Ita
990 4060 1087 4135 sit,
1123 4060 1280 4123 Deus
1310 4069 1368 4123 et
1396 4062 1660 4124 omnium
1688 4061 1961 4124 Domine.

656 4151 743 4205 καὶ
771 4150 831 4205 τὰ
863 4149 1116 4225 ἐμπεσεῖν
1144 4149 1387 4232 φοϐερὸν,
1416 4154 1503 4208 καὶ
1532 4152 1762 4226 μάλιστα
1790 4167 1906 4217 to”;
1939 4151 2023 4209 διὰ
2051 4156 2236 4211 κακίαν

891 4206 902 4225 ι
1012 4206 1083 4208 NV
1154 4206 1501 4232 i"'t'""""
1532 4206 1759 4226 rrvvnivﬂ
1802 4206 1847 4211 ’⁷
1887 4206 1905 4217 ⁷
1948 4206 2021 4209 vv"
2053 4206 2259 4238 "nnvwv,

666 4236 893 4316 γένοιτο,
923 4240 1020 4295 Osi.
1047 4242 1135 4296 καὶ
1167 4241 1320 4317 Κύριε
1352 4250 1443 4299 τοῦ
1469 4242 1686 4304 παντός.

2382 3353 2632 3412 ἰπιπλέον
2716 3355 3187 3431 ὑπερεκτείνεσθαι.
3262 3348 3437 3410 Καλὸν
3491 3349 3592 3427 γὰρ
3661 3348 3865 3409 τούτοις
3923 3344 4026 3420 ἒμ-

2382 3444 2638 3520 μένοντας
2735 3442 2832 3510 τῆς
2931 3440 3215 3522 ἀσφαλείας
3312 3439 3597 3521 φροντίζειν
3690 3435 4023 3515 ὁλοσχερῶς.

2377 3531 2667 3612 Ἀσφάλεια
2712 3529 2766 3587 δὲ
2821 3532 2883 3588 τὸ
2931 3544 3051 3595 τοῖς
3114 3528 3379 3605 κειμένοις
3439 3528 3685 3607 ποιχεῦν
3742 3522 4023 3603 δόγμασιν,

2377 3621 2411 3678 ἃ
2452 3622 2544 3678 τὸν
2587 3620 2771 3679 ἑαυτοῦ
2813 3627 2931 3677 νοῦν
2974 3623 3003 3677 6
3052 3620 3341 3695 θαυμάσιος
3384 3619 3535 3681 οὗτος
3579 3616 3736 3695 ἀνὴρ,
3791 3614 3880 3671 καὶ
3909 3612 4029 3669 ὅσοι

2376 3709 2496 3768 κατ’
2554 3711 2709 3767 αὒτὸν
2752 3708 2918 3788 ἕτεροι
2986 3714 3085 3776 τῆς
3155 3708 3506 3788 προσπαθείας
3564 3706 3669 3762 τῶν
3696 3702 3891 3760 ὑλικῶν
3919 3723 4029 3759 κα-

2377 3797 2544 3865 θάπαξ
2607 3798 2900 3878 ἀπάραντες
2965 3794 3255 3854 κατέλαϐον
3312 3792 3564 3875 ἀκριϐῶς,
3620 3795 3710 3850 καὶ
3750 3790 3834 3848 διὰ
3888 3811 4030 3869 γρα-

2381 3888 2482 3969 φῆς
2540 3900 2656 3953 τοῖς
2700 3893 2828 3944 πᾶσι
2884 3884 3306 3962 παραδεδώκασι.
3366 3887 3439 3943 T6
3466 3883 3522 3940 δὲ
3580 3878 4031 3969 προσεξευρίσκειν

2378 3967 2587 4040 τούτοις
2660 3974 2796 4033 ἄλλα
2848 3978 2990 4046 τινὰ,
3061 3976 3152 4033 καὶ
3231 3973 3483 4032 πλάττειν
3564 3970 3865 4047 ἀντιλογίας
3938 3967 4027 4046 ἀφ’

2379 4069 2602 4141 ἑαυτῶν,
2647 4068 2777 4144 πρὸς
2833 4064 3083 4129 ἀπολείας
3138 4070 3292 4122 τώτο
3345 4063 3489 4144 φέρει
3543 4062 3803 4142 κρημνὸν,
3837 4058 3913 4120 εἱς
3971 4054 4030 4111 ὃν

2308 4157 2443 4217 ἀλλὰ
2500 4156 2578 4231 μὴ
2607 4141 2698 4211 δι”
2732 4154 2948 4234 ἄγνοιαν
3011 4141 3374 4225 ὀλισθήσασινζ
3427 4141 3506 4210 u0
3562 4152 3652 4207 καὶ
3681 4146 3867 4225 μηδενί
3895 4162 4031 4204 ποτε

749 4329 841 4391 15.
882 4326 1036 4389 Satis
1063 4338 1203 4389 sunt
1230 4329 1318 4390 vel
1351 4329 1478 4389 sola
1528 4329 1652 4391 haec
1704 4347 2051 4409 magnorum
2086 4332 2297 4394 horum

2465 4323 2554 4394 ιε’.
2589 4331 2770 4412 Ἀρκεῖ
2827 4334 2913 4390 καὶ
2954 4332 3107 4408 ’μόνα
3147 4332 3213 4388 τὰ
3249 4338 3356 4388 τῶν
3397 4327 3645 4409 μεγάλων
3687 4326 3886 4384 τούτων
3931 4324 4029 4380 ἀν-

657 4414 990 4487 hominum,
1047 4417 1367 4479 fraternam
1425 4418 1485 4479 in
1535 4419 1650 4488 his,
1696 4438 1829 4500 qua)
1855 4420 2110 4500 Spiritus
2141 4429 2299 4502 sunt,

655 4504 1032 4565 concordiam
1087 4510 1559 4569 conservautium
1593 4510 1776 4588 aequis
1832 4508 2202 4570 auditoribus
2229 4511 2302 4570 ad

661 4592 914 4672 Spiritus
943 4611 1050 4674 per
1075 4593 1289 4656 Filium
1324 4594 1730 4657 exsisten'iam
1765 4596 2301 4676 comprobandam;

657 4690 1067 4744 verumtamen
1096 4682 1283 4745 oratio
1313 4682 1678 4764 reliquorum
1704 4703 1941 4765 quoque
1965 4685 2301 4748 divinorum

660 4770 898 4831 Patrum
923 4769 1081 4832 dicta
1111 4771 1172 4831 in
1206 4770 1465 4832 medium
1516 4772 1732 4834 afferre
1774 4773 2164 4852 concupiscit,
2205 4774 2304 4854 qui

652 4857 1031 4921 sanctissimo
1059 4856 1280 4938 Spiritu
1313 4861 1594 4920 commoti
1620 4860 1742 4920 suis
1773 4860 1989 4939 singuli
2016 4863 2302 4942 tempori-

661 4945 789 5016 bus.
819 4953 881 5007 ut
909 4946 1093 5023 gratia
1137 4948 1454 5021 concessit,
1500 4967 1711 5010 omues
1758 4949 1832 5009 de
1881 4949 2062 5011 rebus
2091 4951 2308 5012 divinis

657 5045 940 5112 egerunt:
970 5034 1239 5115 pluribus
1274 5036 1572 5117 siquidem
1601 5037 1959 5099 testimoniis
2014 5039 2310 5100 sententia

662 5126 1023 5209 confirmata
1049 5125 1333 5203 majorem
1367 5125 1785 5187 ccrzitudinem
1819 5137 2169 5207 assequetur
2198 5131 2311 5191 Ac-

658 5216 871 5277 cedent
901 5212 1079 5291 igitur
1107 5212 1344 5293 !Egypti
1381 5214 1739 5296 luminaqui
1772 5215 2149 5279 Alexandria
2168 5216 2305 5297 orti,

662 5303 799 5365 inde
829 5301 1025 5364 divina
1053 5321 1159 5364 sua
1180 5302 1452 5364 doctrina
1481 5304 1767 5365 mundum
1797 5304 2135 5367 universum
2165 5307 2307 5368 illu-

666 5389 986 5466 minarunt,
1012 5401 1136 5452 tum
1171 5391 1407 5471 pietatis
1441 5392 1915 5466 fundamentum,
1952 5382 2329 5457 immortaliJ

665 5478 796 5540 tatis
819 5497 1032 5560 nempe
1063 5482 1453 5558 cognominis,
1488 5489 1609 5543 tum
1643 5481 1893 5564 Cyrillus
1924 5483 1984 5544 in
2031 5492 2310 5547 astruen-

663 5568 757 5635 dis
803 5568 1170 5648 dogmatibus
1218 5570 1511 5634 maximus
1543 5574 1840 5655 prepriam
1892 5580 1950 5634 et
2000 5572 2166 5637 bide
2197 5575 2312 5639 hoc

2385 4420 2518 4500 δρῶν
2572 4422 2671 4488 τὴν
2714 4418 2995 4500 ἀδελφικὴν
3045 4421 3144 4478 κᾶν
3191 4433 3310 4485 τοῖς
3339 4425 3431 4476 τοῦ
3475 4418 3775 4492 Πνεύματος
3802 4414 4034 4493 τηρούν-

2385 4532 2491 4585 των
2550 4509 2799 4584 ὁμόνιιαν
2866 4523 2983 4575 τοῖς
3043 4509 3389 4588 εὖγνωμόνως
3433 4505 3786 4586 ἀκροωμένοις
3831 4503 3932 4570 τὴν
3971 4503 4037 4557 ὲκ

2387 4599 2592 4677 [ἰατρὸς
2647 4599 2983 4678 παραστῆσαι
3039 4596 3139 4658 δὴ
3177 4601 3298 4654 Υἱοῦ
3352 4602 3444 4654 τοῦ
3497 4597 3800 4670 Πνεύματος
3854 4591 4033 4670 ὕπαρ-

2387 4688 2460 4754 ξιν
2486 4708 2502 4725 ο
2564 4690 2592 4743 6
2623 4685 2679 4742 δὲ
2723 4686 2877 4766 λύγος
2920 4686 3161 4764 βούλεται
3212 4688 3299 4743 καὶ
3339 4686 3406 4742 τὰ
3446 4692 3551 4743 τῶν
3595 4683 3803 4742 λοιπῶν
3834 4681 4033 4761 θεοφό-

2386 4798 2491 4847 ρων
2543 4774 2790 4854 Πατέρων
2836 4778 2907 4841 είς
2964 4777 3124 4851 μέσον
3182 4787 3578 4854 προσενεγκεῖν,
3640 4772 3694 4829 οἵ
3738 4778 3815 4846 τῷ
3855 4791 4037 4827 πανα-

2386 4866 2486 4943 γίῳ
2537 4866 2834 4941 κινούμενοι
2893 4865 3158 4941 Πνεύματι
3205 4877 3414 4943 καιροῖς
3468 4861 3641 4942 ἰδίοις,
3685 4863 3760 4924 ὡς
3820 4859 4033 4939 ἐχορή-

2386 4974 2551 5032 γησεν
2604 4955 2638 5021 ἡ
2695 4955 2853 5035 χάρις
2912 4954 3144 5033 ἑκάστῳ,
3189 4954 3380 5019 πάντες
3434 4949 3808 5028 ὲθεολόγησαν.
3870 4945 4041 5035 :0th

2391 5042 2490 5118 γὰρ
2547 5032 2754 5107 πλείους
2782 5032 2785 5033 ν
2814 5044 2866 5098 αί
2917 5040 3215 5121 μαρτυρίαι,
3274 5041 3506 5115 τοσούτῳ
3560 5040 3649 5095 καὶ
3702 5038 3764 5093 τὸ
3819 5032 4042 5112 βέϐαιον

2391 5130 2532 5202 αὸτῷ
2584 5132 3023 5210 προσγενήσεται.
3083 5132 3390 5209 Παρίτωσαν
3446 5136 3614 5186 τοίνυν
3670 5130 3719 5184 οἱ
3776 5126 3876 5193 τῆς
3936 5126 4042 5181 Αἱ-

2389 5219 2590 5297 γύπτου
2648 5220 2944 5301 φωστῆρες,
3010 5224 3056 5278 οί
3110 5219 3230 5278 κατ’
3290 5215 3680 5296 Ἀλεξάνδρειαν
3721 5212 4045 5273 ἀνατείλαν-

2388 5328 2500 5387 τες,
2547 5309 2792 5366 κάκεῖθεν
2846 5324 2964 5373 τοῖς
3031 5311 3187 5375 θείοις
3240 5310 3410 5367 αὐτῶν
3461 5304 3740 5384 διδάγμασι
3808 5303 3903 5360 τὸν
3945 5301 4050 5359 κό-

2395 5419 2529 5473 σμον
2587 5397 2793 5456 ἅπαντα
2818 5400 3281 5479 ριαταυγάσαντες,
3337 5397 3374 5466 ἢ
3433 5416 3487 5453 τε
3530 5394 3723 5476 κρηπὶς
3774 5397 3874 5479 τῆς
3947 5392 4051 5448 εὗ·-

2394 5470 2598 5551 σεϐείας
2656 5490 2684 5545 6
2753 5470 2853 5555 τῆς
2939 5470 3219 5552 ἀθανασίας
3266 5470 3577 5562 *ἐπώνυμος
3642 5477 3881 5555 δηλαδὴ,
3951 5480 4055 5536 καὶ

2397 5573 2650 5657 Κύριλλος
2713 5577 2742 5634 ὁ
2812 5574 3297 5658 δογματικώτατος,
3355 5574 3455 5643 τὴν
3512 5571 3706 5631 οἰκείαν
3759 5571 3849 5628 καὶ
3895 5566 4053 5627 οὗτοι
