4176 6290
574 359 724 431 1059
1715 357 2234 431 CONSTANTINI
2277 364 2828 431 MELITENIOTE
3808 372 3956 438 1060

570 499 950 564 intellexerit.
998 499 1199 580 Neque
1252 503 1408 587 enim
1469 497 1702 579 pietatis
1756 506 1974 587 nostra;
2028 500 2211 562 cultus

2303 504 2500 569 ταύτην
2558 525 2638 567 τις
2696 501 3115 579 ἐκλαμϐάνηται,
3177 506 3325 573 Μηδὲ
3354 509 3455 587 γὰρ
3503 510 3645 564 εἶναι
3690 510 3751 564 τὸ
3799 507 3960 566 σέῖας

569 590 726 650 circa
773 607 965 661 voces,
1000 589 1103 650 sed
1156 588 1315 648 circa
1364 586 1688 647 dictionum
1726 585 2211 663 signiﬁcationem

2308 590 2440 664 ἡμῖν
2501 592 2617 669 περὶ
2673 593 2766 657 τὰς
2823 593 3024 672 φωνὰς,
3072 596 3188 671 περὶ
3252 594 3307 651 δὲ
3523 598 3791 672 σημασίαν
3847 605 3959 654 τῶν

569 686 853 739 versatur.
888 677 958 739 Hi
983 695 1158 757 porro
1188 688 1247 738 et
1275 694 1403 756 per,
1432 675 1506 734 de
1539 694 1653 754 qua
1678 674 1880 735 nullus
1912 676 2066 737 male
2093 696 2224 737 sua-

570 766 884 845 picabitur.
919 765 1190 842 improbe
1247 763 1523 844 equidem
1576 764 1649 824 de
1713 765 1805 824 his
1848 763 2217 842 judicantes,

568 856 773 917 vitant.
807 853 928 926 Qua
958 853 1115 914 enim
1150 854 1377 914 ratione
1408 853 1792 932 conjunctum
1814 861 1992 932 atque
2014 853 2218 915 Trini-

570 947 705 1005 tatis
736 943 863 1003 vitae
895 941 1177 1021 principis
1227 941 1546 1002 indivisum
1603 941 2118 1014 demonstrabant,
2171 943 2224 1005 si

569 1051 675 1112 per
702 1032 914 1094 Filium
947 1031 1230 1111 Spiritum
1265 1050 1334 1092 ex
1387 1030 1560 1092 Patre
1594 1049 1728 1091 esse
1759 1049 1877 1091 non
1914 1031 2225 1099 dixerint?

567 1124 994 1183 Verumtamen
1027 1121 1101 1183 de
1131 1121 1444 1182 Trinitatis
1478 1121 1730 1181 indiviso
1757 1121 2216 1201 conjunctoquc,

568 1219 628 1271 et
660 1211 1030 1291 potissimum
1064 1210 1138 1271 de
1173 1210 1589 1290 praepositione
1621 1227 1713 1279 ex,
1744 1210 1897 1288 quati
1924 1228 2050 1270 eam
2074 1229 2221 1270 con-

567 1301 828 1362 corditer
881 1299 1150 1378 plerique
1213 1302 1449 1361 Patrum
1526 1306 1912 1377 usurparunt,
1973 1308 2031 1358 et
2086 1306 2223 1359 ante

567 1390 713 1450 alios
743 1387 1149 1449 divinissimus
1180 1386 1562 1467 Cyrillus,qui
1595 1387 1772 1449 etiam
1807 1406 1877 1449 ex
1900 1387 2047 1449 Filio
2081 1385 2220 1467 Spi-

567 1479 744 1540 ritum
778 1485 1048 1537 sanctum
1084 1494 1215 1537 esse
1249 1475 1645 1548 tradiderunt,
1680 1495 1796 1536 non
1830 1484 1918 1536 est
1960 1494 2224 1555 praasen-

571 1569 646 1630 tis
677 1566 960 1646 temporis
983 1565 1207 1628 dicere.
1235 1567 1317 1625 De
1338 1564 1431 1625 his
1453 1564 1673 1625 etenim
1708 1563 2096 1626 tractabimus
2117 1584 2225 1629 suo

569 1660 724 1722 loco.

650 1748 746 1809 t7.
780 1744 947 1806 Nunc
978 1762 1155 1824 porro
1186 1742 1359 1804 dictis
1390 1742 1734 1804 insistentes
1787 1759 2217 1824 asseveramus,

2303 677 2516 742 λέξεων.
2553 683 2613 740 Ol
2649 677 2704 736 δὲ
2747 684 2837 737 καὶ
2892 682 2992 749 τὴν
3049 680 3154 755 διὰ,
3202 682 3319 740 καθ’
3348 684 3416 752 ἣν
3446 683 3658 761 οὖδεμία
3701 708 3784 749 τις
3826 688 3960 743 ὑπό-

2304 789 2417 823 νοια
2474 771 2704 847 πονηρὰ,
2751 771 3020 850 φεύγουσι,
3080 779 3258 836 κακῶς
3309 776 3425 853 περὶ
3466 776 3666 831 τούτων
3712 773 3957 831 διανοού-

2304 879 2476 931 μενοι.
2537 864 2657 923 Πῶς
2699 860 2799 937 γὰρ
2855 859 2920 915 ἄν
2972 863 3035 917 τὸ
3102 861 3326 940 συναφὲς
3368 864 3457 919 καὶ
3513 863 3796 938 ἀμέριστον
3852 868 3957 930 τῆς

2306 952 2614 1026 ζωαρχικῆς
2661 945 2878 1025 Τριάδος
2923 949 3222 1030 ἐμφήνωσι,
3272 952 3349 1026 μὴ
3398 949 3465 1007 δι’
3499 955 3618 1008 Υἱοῦ
3648 953 3709 1008 τὸ
3740 959 3960 1026 Πνεῦμα

2308 1037 2451 1108 παρὰ
2492 1038 2695 1115 Πατρὸς
2727 1036 2870 1092 εἶναι
2902 1036 3146 1115 λέγοντες
3180 1058 3198 1118 ;
3244 1036 3412 1097 Ἀλλὰ
3454 1041 3569 1114 περὶ
3600 1041 3694 1115 μὲν
3737 1047 3830 1096 τοῦ
3854 1042 3959 1105 τῆς

2307 1122 2521 1202 Τριάδος
2592 1124 2870 1203 ἀμερίστου
2930 1128 3014 1182 καὶ
3071 1127 3353 1207 σῦναφοῦς,
3412 1130 3499 1184 καὶ
3550 1127 3734 1202 πολλῷ
3790 1127 3961 1184 πλέον

2306 1215 2423 1291 περὶ
2469 1219 2569 1279 τῆς
2630 1213 2710 1287 ἐκ,
2770 1212 2853 1270 ὅτι
2894 1216 2980 1273 καὶ
3035 1217 3199 1292 ταύτῃ
3282 1218 3576 1291 συμφώνως
3635 1219 3681 1272 οἱ
3736 1217 3955 1278 πλείους

2305 1307 2410 1356 τῶν
2468 1300 2714 1380 Πατέρων
2772 1302 3098 1382 ἐχρήσαντο,
3159 1306 3246 1360 καὶ
3302 1303 3506 1379 μᾶλλον
3563 1308 3592 1361 ὁ
3634 1304 3958 1367 ὲνθεώτατος

2310 1387 2590 1468 Κύριλλος,
2657 1391 2746 1446 καὶ
2798 1390 2848 1456 ἐξ
2904 1393 3025 1447 Υἱοῦ
3080 1390 3365 1457 δεδωκότες
3419 1396 3558 1449 εἶναι
3620 1396 3682 1450 τὸ
3740 1399 3957 1465 Πνεῦμα.

2312 1479 2371 1532 τὸ
2427 1478 2601 1558 ἅγιον,
2685 1479 2746 1535 οὗ
2827 1480 3085 1557 παρόντος
3163 1479 3338 1559 λέγειν
3421 1488 3629 1560 καιροῦ.
3704 1482 3804 1539 Καὶ
3852 1481 3956 1558 γὰρ

2309 1565 2362 1620 ἐν
2393 1567 2568 1639 οἰκείῳ
2596 1565 2740 1641 τόπιε.
2787 1569 2875 1624 καὶ
2904 1568 3020 1646 περὶ
3061 1569 3260 1625 τούτων
3289 1567 3682 1646 διαληψόμεθα.

2387 1733 2477 1814 ιζ’,
2529 1752 2630 1801 Νῦν
2711 1741 2766 1798 δὲ
2832 1749 2928 1811 τῆς
2998 1743 3304 1810 ἀκολουθίας
3376 1748 3480 1803 τῶν
3551 1744 3955 1827 προειρημένων

568 1855 673 1917 ρει·
700 1833 911 1896 Filium
965 1818 999 1893 ὁ
1062 1833 1236 1893 Patre
1283 1829 1563 1909 Spiritum
1612 1838 1879 1891 sanctum
1926 1818 2211 1893 exsistere

2302 1833 2553 1911 ἐχόμενοι
2614 1831 2840 1911 λέγομεν
2925 1832 3004 1889 ὅτι
3086 1836 3147 1889 τὸ
3216 1832 3283 1889 δι’
3343 1839 3464 1892 Υἱοῦ
3518 1818 3660 1914 παρὰ
3702 1818 3713 1825 ’
3743 1818 3952 1912 Πατρὸς

564 1924 782 1988 clarius
836 1921 968 1983 aliis
1015 1919 1444 1983 Damascenum
1492 1917 1790 1979 melodum
1844 1919 2204 1981 concinnum

2297 1924 2549 2000 ὅπαρχειν
2601 1924 2662 1977 τὸ
2735 1928 2945 1996 Πνεῦμα
3002 1925 3062 1978 τὸ
3131 1922 3282 2001 ἅγιον
3335 1928 3639 2002 τρανότερον
3697 1929 3805 1979 τῶν
3848 1921 3953 1978 ἅλ-

568 2015 1043 2090 elegantemque,
1079 2016 1138 2070 et
1168 2009 1255 2069 uti
1285 2026 1392 2070 sua
1422 2008 1737 2088 appellatio
1764 2008 2094 2088 prtesel'ert,
2123 2009 2204 2069 di-

2297 2011 2396 2066 λων
2454 2008 2702 2088 ἐκήρυξεν
2731 2013 2759 2066 ὁ
2818 2012 3157 2086 Δαμασκόθεν
3212 2013 3372 2092 σοφὸς
3417 2010 3679 2091 μελῳδὸς,
3729 2015 3757 2068 ὁ
3813 2011 3952 2067 κατᾶ

565 2103 700 2163 vina
727 2099 916 2181 gratia
938 2099 1258 2177 repletum,
1292 2096 1583 2177 prmconis
1604 2097 1794 2158 instar
1816 2097 2203 2177 pronuntias-

565 2213 654 2255 se.
690 2192 798 2254 Hic
823 2191 981 2253 enim
1007 2190 1216 2249 inuno
1243 2206 1311 2248 ex
1345 2187 1468 2248 suis
1504 2187 1745 2267 Hymnis
1773 2187 1848 2248 de
1893 2187 2004 2248 hoc
2033 2207 2214 2267 aper-

567 2286 685 2345 tius
716 2280 1078 2358 edisserens,
1110 2278 1288 2339 veluti
1322 2276 1616 2354 asanctis,
1650 2277 1751 2353 qui
1783 2275 2024 2354 antiquo
2059 2285 2215 2337 tem-

568 2390 710 2453 pure
738 2369 1001 2432 illustres
1031 2365 1213 2427 habiti
1245 2374 1402 2439 sunt,
1436 2372 1641 2453 exacta
1670 2364 1979 2453 diligentia
2001 2365 2212 2426 obser-

564 2452 760 2521 vatum
785 2457 1024 2519 elTatum
1055 2453 1378 2534 accipiens,
1409 2453 1495 2513 sic
1518 2452 1731 2514 clamat
1751 2453 1824 2513 ad
1856 2452 2207 2516 Dominum:

570 2548 915 2627 Propitium
944 2542 1115 2605 nobis
1162 2542 1420 2604 concede
1450 2540 1752 2621 Spiritum
1792 2538 2213 2605 communica-

570 2645 761 2698 torem
791 2633 1106 2703 bonitatis;
1148 2647 1224 2692 ea:
1254 2629 1433 2690 Patre
1449 2647 1559 2709 per
1604 2636 1661 2692 te
1703 2630 2209 2709 progredientem.

560 2725 779 2788 Ethazc
811 2718 1041 2781 nemini
1074 2736 1190 2778 non
1212 2726 1361 2779 .nota
1390 2726 1548 2788 sunt,
1576 2718 1792 2797 quibus
1823 2717 1915 2779 vel
1973 2720 2220 2780 minima

2299 2101 2395 2168 τὴν
2467 2096 2653 2158 ἑαυτοῦ
2705 2097 2894 2167 κλῆσιν
2964 2102 3103 2163 θείας
3164 2102 3385 2180 χάριτος
3448 2100 3717 2176 ἔμπλεως.
3784 2103 3950 2160 Οὗτος

2298 2190 2513 2268 καὶγὰρ
2570 2188 2712 2245 ἐστιν
2770 2189 2899 2245 ⁸ὅπου
2959 2196 3065 2245 τῶν
3121 2190 3325 2245 οἰκείων
3366 2191 3541 2266 ὕμνων
3576 2189 3950 2269 ἐναργέστερον

2299 2281 2363 2336 τὰ
2421 2280 2539 2356 περὶ
2622 2277 2805 2333 τούτου
2875 2276 3100 2352 διεξιὼν,
3181 2281 3253 2341 ὡς
3311 2280 3452 2357 παρὰ
3520 2284 3627 2334 τῶν
3696 2278 3948 2334 ἀνέκαθεν

2300 2367 2702 2446 διαπρεψάντων
2774 2366 2935 2444 ἁγίων
2998 2365 3428 2445 ὶξηκριϐωμένην
3498 2368 3597 2434 τὴν
3670 2365 3948 2444 θεολογίαν

2295 2456 2597 2533 δεξάμενος,
2666 2455 2803 2512 οὕτω
2845 2458 2943 2531 βοᾷ
2998 2457 3128 2535 πρὸς
3184 2459 3276 2512 τὸν
3308 2457 3492 2535 Κύριον
3526 2476 3545 2497 ο
3591 2447 3806 2514 -υιλεων
3862 2454 3946 2510 νέ-

2297 2566 2414 2621 μοις
2499 2546 2636 2619 ἡμῖν
2719 2550 2932 2619 Πνεῦμα
3014 2541 3357 2618 μεταδοτικὸν
3470 2545 3799 2623 ἆγαθότητος
3885 2544 3947 2599 ἐκ

2300 2637 2499 2714 Πατρὸς
2558 2630 2642 2689 διὰ
2693 2655 2785 2689 σου
2865 2634 3284 2714 προερχόμενον.
3371 2636 3468 2692 Καὶ
3549 2645 3705 2694 τοῦτο
3763 2640 3942 2713 σαφῶς

2299 2722 2448 2780 ἴσασι
2505 2722 2722 2800 πάντες,
2782 2720 2925 2786 ὅσοις
2979 2745 3028 2778 τι
3071 2721 3222 2797 μέλει
3285 2728 3388 2779 τῶν
3461 2723 3517 2779 ἐν
3590 2737 3709 2787 τοῖς
3778 2725 3943 2788 ἱεροῖς

564 2830 706 2875 cura
736 2817 847 2881 est,
906 2811 964 2867 in
1023 2805 1209 2866 sacris
1263 2804 1490 2867 aedibus
1523 2806 1902 2884 congregari,
1940 2814 2211 2888 tanquam

2300 2810 2472 2875 οἴκοις
2533 2808 2812 2882 συνάξεων,
2872 2810 2962 2866 ἅτε
3019 2809 3278 2875 πολλάκις
3335 2809 3420 2868 ἐπ’
3477 2811 3798 2879 Ἐκκλησίας
3854 2815 3945 2869 καὶ

563 2920 699 2982 qua:
733 2896 954 2977 saepius
984 2895 1141 2956 clara
1173 2895 1405 2974 altaque
1432 2913 1577 2956 voce
1628 2896 2105 2977 concinnuntur;
2160 2903 2211 2958 et

2302 2900 2615 2979 διαπρυσίοις
2679 2897 2934 2974 ᾀδόμενον
2966 2916 2981 2929 ⁸
3028 2901 3116 2956 καὶ
3157 2889 3256 2968 τὴν
3311 2900 3462 2978 ῥῆσιν
3513 2905 3608 2960 οὐκ
3654 2901 3767 2959 ἔστι
3829 2925 3944 2958 πα-

564 2991 788 3053 dictum
824 3003 998 3046 neme
1043 2985 1216 3064 plane
1249 2983 1460 3064 poterit
1484 3034 1485 3037 η
1511 2982 1687 3045 etiam
1726 2993 2007 3062 prmtextu
2038 2984 2211 3064 igno—

2297 2990 2673 3069 ρακρούσασθαι
2729 2989 2928 3044 τούτων
2983 2990 3099 3045 τινὰ
3150 2992 3638 3069 προσποιησύμενον
3696 2988 3941 3068 ἄγνοιαν,

561 3078 771 3141 rantiae
798 3072 1159 3137 refutare.Et
1188 3072 1554 3135 enuntiatum
1578 3073 1689 3134 hoc
1714 3071 1788 3133 ab
1811 3073 2067 3153 antiquis
2090 3093 2211 3135 ma-

2298 3079 2368 3138 Τό
2422 3077 2600 3152 μέντοι
2648 3077 2735 3133 καὶ
2802 3076 2899 3144 τὴν
2950 3077 3206 3144 τοιαύτην
3250 3076 3518 3156 θεολογίαν
3566 3076 3627 3133 ὲκ
3667 3083 3773 3133 τῶν
3806 3077 3946 3135 ἂνω-

561 3166 787 3248 gistris,
844 3161 1026 3225 veluti
1084 3169 1385 3241 paternam
1431 3161 1839 3223 haereditatem
1898 3163 1970 3223 ad
2017 3161 2214 3242 ipsum

564 3253 927 3336 pervenisse,
960 3249 1198 3313 abunde
1252 3267 1432 3330 supra
1467 3249 2024 3322 demonstravimus,
2072 3269 2210 3312 cum

560 3362 767 3406 eorum
803 3341 1027 3422 primos
1074 3339 1199 3401 fere
1243 3338 1391 3400 illud
1441 3337 1756 3400 tradidisse
1809 3337 2209 3416 probavimus.

560 3432 955 3497 Ostendemus
986 3428 1162 3491 etiam
1197 3447 1377 3503 nunc,
1411 3429 1457 3489 si
1493 3427 1666 3489 modo
1710 3426 1924 3507 placet,
1956 3427 2211 3489 adducto

560 3531 707 3584 teste
738 3519 1057 3597 Gregorio,
1090 3516 1190 3597 qui
1222 3517 1525 3579 miraculis
1576 3515 1808 3590 claruit,
1842 3524 1901 3577 et
1927 3534 1961 3577 a
1993 3516 2211 3598 quibus

559 3610 672 3672 sibi
721 3625 1055 3684 cognomen
1105 3604 1422 3666 vindicavit
1454 3622 1467 3666 :
1501 3604 1785 3666 Dominus
1824 3606 1983 3666 enim
2013 3605 2160 3666 dixit
2194 3627 2207 3668 :

562 3697 813 3760 Duobus
835 3696 1081 3758 testibus
1114 3692 1205 3757 vel
1237 3693 1436 3756 tribus
1463 3695 1640 3756 stabit
1671 3711 1849 3755 omne
1878 3692 2125 3756 verbum
2153 3694 2208 3769 9,

558 3796 644 3848 tot
673 3786 901 3847 scilicet
925 3801 1173 3846 numero
1233 3782 1306 3844 ad
1358 3782 1722 3862 probandum
1775 3782 2020 3844 idoneos
2078 3802 2211 3846 esse

559 3875 908 3949 declarans;
941 3891 1049 3933 nos
1099 3890 1235 3932 vero
1278 3870 1534 3932 similem
1568 3890 1905 3945 numerum,
1946 3891 2202 3954 namque

555 3967 765 4026 harum
831 3980 1034 4024 rerum
1092 3961 1262 4040 copia
1317 3959 1743 4036 redundamus,
1807 3961 2200 4043 duplicantes,

561 4053 720 4114 hunc
746 4058 975 4113 sextum
1002 4048 1373 4123 adducimus,
1408 4050 1500 4110 cui
1533 4049 1707 4110 etiam
1741 4068 1861 4130 pra:
1890 4049 2024 4112 aliis
2053 4050 2204 4112 ﬁdes

562 4148 914 4224 przestatur;
945 4139 996 4200 is
1019 4139 1081 4200 in
1112 4137 1379 4200 oratione
1430 4138 1503 4199 de
1534 4136 1676 4199 Fide
1705 4139 2032 4217 secundum
2065 4157 2206 4218 par-

560 4243 648 4294 tes
679 4233 792 4293 hoc
824 4232 999 4292 habet
1032 4251 1046 4292 :
1084 4228 1447 4307 Conﬁtentur
1486 4226 2065 4290 consubstantialem
2122 4246 2206 4290 es-

557 4339 621 4383 se
652 4322 826 4382 Patri
859 4319 1079 4381 Filium
1103 4328 1159 4380 et
1187 4314 1519 4397 Spiritum,
1546 4314 1655 4378 hoc
1673 4323 1761 4376 est
1790 4333 1976 4378 unum
2005 4315 2207 4378 deita—

559 4416 779 4484 tatem,
852 4404 1220 4470 naturaliter
1280 4410 1556 4466 manente
1624 4403 1818 4466 Patre
1888 4406 2205 4485 ingenito,

2295 3171 2379 3223 θεν
2437 3163 2783 3237 διδασκάλων,
2827 3164 2900 3228 ὣς
2956 3187 3073 3222 τινα
3130 3169 3375 3245 πατρῷον
3416 3165 3614 3244 κλῆρον
3655 3167 3728 3231 εἷς
3784 3169 3942 3226 αὐτὸν

2294 3254 2595 3333 κατελθεῖν,
2667 3255 2858 3316 ἱκανῶς
2944 3253 3041 3329 μὲν
3115 3256 3204 3311 καὶ
3286 3255 3672 3333 προφθάσαντες
3724 3254 3940 3322 ἐδηλώ-

2294 3366 2481 3421 σαμεν,
2546 3342 2598 3407 ἐξ
2653 3342 2727 3398 ὧν
2780 3343 2900 3406 τοὺς
2972 3345 3210 3421 πρώτους
3286 3343 3486 3399 τούτων
3555 3340 3747 3423 σχεδὸν
3804 3342 3944 3400 οὕτω

2294 3430 2623 3512 παραδόντας
2679 3430 2840 3497 αὖτὴν
2922 3433 3355 3508 παρεστήσαμεν,
3424 3430 3669 3507 Δείξομεν
3725 3429 3779 3487 δε
3850 3436 3942 3489 καὶ

2293 3524 2355 3578 τὸ
2413 3519 2681 3600 παρὸν,ιὶ
2728 3516 2900 3593 δοκεῖ,
2959 3517 3353 3599 παραλαϐόντες
3396 3520 3468 3583 εἷς
3512 3521 3792 3599 μαρτυρίαν
3849 3524 3941 3577 καὶ

2293 3612 2588 3690 Γρηγόριον
2661 3610 2750 3665 τόν
2822 3608 2877 3664 ἐν
2932 3610 3157 3685 θαύμασι
3227 3607 3622 3689 διαλάμψαντα,
3679 3606 3803 3688 παρ’
3862 3611 3941 3666 ὧν

2293 3702 2379 3757 καὶ
2425 3689 2531 3766 τὴν
2587 3698 2887 3773 ἐπωνυμίαν
2957 3697 3301 3764 ἒπλούτησεν.
3387 3689 3443 3755 ι0
3513 3697 3612 3773 μὲν
3668 3700 3766 3777 γὰρ
3825 3700 3942 3756 Κύ-

2293 3811 2432 3868 ριος,
2536 3787 2633 3843 Διὰ
2731 3784 2820 3844 δύο
2908 3787 3207 3867 μαρτύρων,
3277 3785 3312 3854 ἢ
3398 3787 3484 3843 καὶ
3566 3793 3723 3866 τριῶν
3802 3794 3935 3862 πᾶν,

2285 3879 2432 3951 εἶπε,
2502 3876 2649 3954 ῥῆμα
2730 3876 3069 3955 σταθήσεται,
3141 3877 3202 3931 τὸ
3286 3875 3540 3955 ἀποχρῶν
3630 3876 3802 3932 αὐτῶν
3862 3879 3940 3940 εἱς

2284 3965 2562 4045 βεϐαίωσιν
2613 3964 2759 4045 τὰχα
2788 3962 3106 4043 παραδηλῶν
3142 3981 3156 3994 ⁸
3216 3965 3379 4040 ἡμεῖς
3419 3963 3498 4036 δὲ,
3552 3966 3643 4021 τὸν
3697 3976 3938 4025 τοιοῦτον

2289 4056 2503 4136 ἀριθμὸν
2587 4057 2723 4114 κατὰ
2828 4052 3034 4121 πολλὴν
3133 4054 3374 4127 εὐπορίαν
3468 4051 3931 4129 διπλασιάσαντες,

2290 4144 2441 4202 ἕκτον
2497 4143 2600 4213 ἤδη
2657 4150 2837 4201 τοῦτον
2868 4143 3199 4222 παράγομεν,
3253 4142 3451 4221 ἔχοντα
3491 4142 3627 4200 πολύ
3654 4146 3786 4219 πρὸς
3815 4158 3936 4209 τοῖς

2289 4232 2467 4297 ἄλλοις
2535 4235 2595 4290 τὸ
2672 4231 2994 4306 ἀξιόπιστον,
3060 4232 3116 4296 ὃς
3172 4230 3226 4286 ἐν
3269 4238 3346 4303 τῷ
3412 4230 3508 4299 τῆς
3541 4233 3698 4311 ,κατᾶ
3774 4231 3935 4311 μέρος

2292 4324 2521 4386 Πίστεως
2577 4326 2734 4382 αὐτοῦ
2787 4319 2933 4399 λόγῳ
3009 4329 3172 4379 ταῦτα
3249 4342 3409 4399 φησιν
3444 4336 3459 4350 ’
3537 4309 3932 4398 Ὀμολογοῦμεν

2290 4413 2572 4487 ὁμοούσιον
2629 4418 2706 4486 τῷ
2763 4413 2926 4488 Πατρὶ
2987 4408 3127 4464 εἶναι
3182 4410 3272 4464 τὸν
3332 4410 3450 4465 Υἱὸν
3507 4410 3596 4464 καὶ
3651 4412 3712 4465 τὸ
3764 4416 3929 4467 Πνεῦ-

558 4499 764 4578 genito
821 4504 1021 4559 autem
1079 4513 1154 4559 ea:
1207 4495 1392 4557 Patre
1433 4492 1631 4567 Filio,
1689 4500 1746 4554 et
1785 4492 2029 4573 Spiritu
2061 4511 2205 4555 sau-

2297 4523 2388 4580 μα,
2476 4500 2712 4557 τουτέστι
2800 4500 2921 4575 μίαν
2997 4497 3224 4564 θεότητα
3320 4504 3551 4577 φυσικῶς
3638 4499 3931 4576 ὰγεννήτου

556 4594 648 4649 cto
726 4603 802 4648 ea:
889 4585 1142 4648 essentia
1216 4582 1424 4645 Patris
1497 4598 1613 4662 per
1688 4581 1913 4644 Filium
1989 4588 2209 4644 teterne

558 4693 798 4739 emtsso.

640 4854 740 4917 18.
775 4851 1102 4934 Oportebat
1132 4850 1368 4931 eos,qui
1397 4849 1583 4911 semel
1614 4847 1927 4910 contrarias
1965 4846 2209 4920 lactioni

556 4961 689 5006 sese
721 4941 1103 5016 dediderunt,
1130 4947 1188 5001 et
1209 4958 1244 5001 a
1274 4946 1479 5001 nostra
1507 4937 1935 4999 consuetudine
1982 4936 2207 5019 diSpari

555 5032 752 5095 studio
783 5028 1201 5104 dissociantur,
1236 5028 1287 5091 si
1310 5047 1429 5090 non
1460 5034 1655 5102 antea,
1679 5025 1885 5087 saltem
1916 5026 2030 5088 hoc
2064 5035 2208 5088 tem-

558 5140 700 5201 pore
749 5118 1042 5181 similibus
1082 5117 1256 5180 dictis
1311 5123 1741 5183 consternatos,
1791 5121 1847 5174 et
1879 5115 2205 5194 morigeros

555 5210 729 5272 nobis
758 5209 965 5281 factos,
998 5207 1216 5269 nostris
1271 5204 1534 5278 nutibus,
1566 5202 1658 5264 vel
1689 5201 1880 5264 solam
1924 5204 2069 5264 tanti
2092 5202 2205 5264 viri

555 5296 1005 5361 venerationem
1039 5294 1331 5357 reveritos
1352 5290 2041 5373 obtemperare.Athi,ut
2060 5292 2207 5354 mihi

508 5429 515 5435 -
553 5384 1129 5462 constat,dictionem
1147 5387 1361 5447 emisso
1390 5383 1768 5463 arripientes,
1804 5379 2209 5461 oppositiones

554 5494 588 5536 a
620 5475 805 5537 multo
837 5483 1105 5556 tempore
1133 5482 1456 5555 conceptas
1486 5478 1545 5534 et
1571 5469 1632 5534 in
1659 5468 2006 5552 praecordiis
2028 5469 2204 5554 totas,

631 5641 665 5692 ο
693 5642 897 5704 Matth.
931 5658 1098 5718 xvm,
1132 5642 1231 5707 16.

2290 4590 2538 4666 μένοντος
2621 4591 2713 4646 τοῦ
2805 4589 3030 4667 Πατρὸς,
3113 4586 3449 4665 γεννηθέντος
3518 4585 3572 4643 δὲ
3653 4594 3746 4644 τοῦ
3811 4592 3932 4645 Υἱοῦ

2290 4679 2350 4735 ἐκ
2420 4680 2645 4758 Πατρὸς,
2715 4680 2808 4734 τοῦ
2889 4698 2947 4735 τε
3002 4678 3303 4752 Πνεύματος
3355 4677 3416 4734 ἐκ
3455 4681 3553 4745 τῆς
3610 4678 3787 4743 οὐσίας
3842 4686 3932 4736 νοῦ

2291 4768 2493 4848 Πατρὶς
2522 4765 2589 4848 δι’
2634 4769 2756 4826 Υἱοῦ
2797 4764 2981 4830 ἆῖδίως
3011 4765 3425 4847 ἐκπεμφθέντος.

2372 4845 2471 4924 ιη’.
2522 4845 2677 4914 ’Ἔδει
2734 4857 2854 4920 τοὺς
2898 4854 3035 4921 ἅπαξ
3090 4856 3163 4918 εἰς
3200 4845 3663 4935 ήᾶντιτεταγμένην
3735 4871 3932 4937 μοῖραν

2289 4944 2687 5025 ἀποκριθέντας,
2792 4946 2877 5001 καὶ
2964 4944 3063 5012 τῆς
3171 4943 3445 5008 συναυλίας
3536 4944 3931 5024 ἂποῤῥαγέντας

2287 5036 2464 5110 ἡμῶν,
2550 5035 2594 5090 εὶ
2649 5035 2737 5090 καὶ
2822 5034 2899 5110 μὴ
2968 5034 3180 5113 πρώην,
3237 5033 3325 5090 νῦν
3394 5036 3519 5112 γοῦν
3573 5033 3928 5110 ἀκούσαντας,

2287 5121 2640 5198 καταπτῆξαι,
2672 5124 2761 5180 καὶ
2805 5123 3101 5191 πειθηνίους
3150 5124 3363 5188 ἑαυτοὺς
3406 5126 3541 5200 ἡμῖν
3593 5138 3926 5204 παρασχεῖν,

2289 5215 2351 5270 τὸ
2404 5220 2497 5270 τοῦ
2566 5210 2749 5292 ἀνδρὸς
2820 5214 2908 5270 καὶ
2978 5211 3139 5286 μόνον
3210 5210 3583 5281 εὐλαϐηθέντες
3635 5211 3928 5288 αἰδέσιμον.

2291 5304 2350 5360 Οἱ
2393 5299 2462 5378 δ’,
2494 5305 2569 5366 ὡς
2598 5305 2725 5381 ὁρῶ,
2782 5303 2869 5359 καὶ
2922 5299 3124 5376 μᾶλλον
3178 5307 3275 5369 τῆς
3318 5301 3707 5382 ἐκπεμφθέντος
3739 5301 3933 5377 δραξάίι

2290 5412 2444 5466 μενοι
2501 5389 2715 5468 λέξεως,
2772 5391 2868 5455 τὰς
2921 5390 3229 5465 ἀντιθέσεις,
3289 5390 3351 5455 ἃς
3424 5391 3484 5447 ἐκ
3539 5389 3742 5447 πολλοῦ
3796 5390 3932 5448 συλ-

2289 5476 2538 5545 λαϐόντες
2590 5478 2774 5537 ὥδινον
2831 5477 3054 5558 ἔνδοθεν,
3113 5479 3227 5561 ἄρτι
3270 5486 3506 5561 φανερῶς
3534 5479 3880 5558 ὶκρηγνύουσι
3913 5497 3933 5518 ⁸
