4214 6296
265 346 401 416 1061

1172 355 1266 418 DE
1311 345 1814 418 PROCESSIONE
1860 358 1919 420 s.
1964 337 2315 420 SPlRlTUS
2357 346 2579 418 ORAT.
2629 355 2673 418 ι.

3480 354 3631 422 1062

249 494 335 548 καὶ
380 513 505 571 φασι
559 489 723 565 μηδὲν
805 493 1086 570 τυγχάνειν
1159 494 1249 548 σὺν
1305 498 1374 568 τῇ
1432 493 1698 570 παρούσῃ,
1759 490 1892 568 μηδὲ

1988 511 2134 553 nunc
2166 490 2359 569 palam
2414 489 2735 569 explodunt
2768 507 2781 551 :
2814 498 3204 573 asseruntque
3264 510 3456 572 neque
3505 493 3629 572 jam

247 581 342 645 τὰς
413 586 518 636 τῶν
563 580 1043 658 ἀναγεγραμμένων
1106 583 1357 661 χρήσεων
1398 580 1608 645 πλείους
1653 586 1782 661 πρὸς
1840 583 1900 637 τὸ

247 670 595 745 προκείμενον
628 688 641 703 θ
713 667 791 725 ὅτι
825 669 902 743 μὴ
947 671 1007 725 τὸ
1049 673 1187 726 εἶναι
1237 670 1473 744 ταύταις,
1520 669 1555 738 ἢ
1610 671 1671 725 τὸ
1727 670 1898 750 ὑπάρ-

247 780 367 838 χειν
426 757 601 833 ῥητῶς
645 759 973 835 πρόσκειται.
1036 764 1114 834 Τῇ
1172 759 1268 832 μὲν
1311 760 1411 836 γὰρ
1467 760 1528 814 τὸ
1584 759 1897 838 πεφηνέναι,

247 860 369 912 ταῖς
425 845 479 903 δὲ
536 848 598 903 τὸ
683 846 1001 922 ἰκλάμπειν,
1068 847 1266 927 ἑτέραις
1324 849 1385 903 τὸ
1455 849 1775 927 προχεῖσθαί
1839 871 1896 904 τε

251 937 339 991 καὶ
386 934 689 1014 ἐκχεϊσθαι,
766 949 888 1001 ταῖς
961 935 1078 1012 μετ’
1138 938 1295 1001 αὐτὰς
1353 939 1413 992 τὸ
1466 939 1768 1015 προΐεσθαι,
1828 945 1896 1015 τῇ

253 1021 307 1079 δὲ
368 1025 430 1080 τὸ
501 1024 870 1103 προέρχεσθαι,
964 1024 1057 1081 καὶ
1152 1026 1316 1102 ταύτῃ
1413 1028 1474 1082 τὸ
1541 1025 1897 1101 ἐκπέμπεσθαι

251 1113 391 1189 παρὰ
431 1117 538 1169 τῶν
596 1111 756 1190 ἅγίων
800 1113 1212 1188 ἆπονενέμηται,
1276 1116 1484 1171 Τούαων
1514 1113 1558 1170 δ’
1602 1114 1747 1171 οὐδὲν
1801 1116 1900 1181 τὴν

250 1198 466 1279 ὕπαρξιν
555 1203 801 1276 σημαίνει
877 1203 968 1260 τοῦ
1054 1202 1376 1278 Πνεύματος,
1456 1204 1674 1260 ἕκαστον
1729 1202 1782 1259 δὲ
1843 1206 1903 1260 τὸ

254 1290 419 1363 τούτῳ
481 1289 819 1360 καταλλήλον
852 1310 867 1324 ·
924 1293 987 1347 τὸ
1046 1291 1338 1371 πεφηνέναι
1399 1293 1497 1359 τὴν
1555 1295 1713 1349 αὐτοῦ
1780 1295 1908 1371 πρὸς

1984 580 2285 642 laudatum
2312 578 2710 639 testimonium
2742 598 2934 658 neque
2965 582 3247 660 majorem
3275 591 3496 662 partem
3523 600 3629 643 eo-

1983 688 2136 733 rum.
2174 688 2304 748 quae
2335 687 2509 748 supra
2537 669 2710 728 allata
2742 678 2900 742 sunt,
2930 672 3248 750 quidquam
3281 671 3351 732 ad
3407 690 3626 751 propo-

1985 762 2160 819 situm
2193 760 2389 819 facere
2419 757 2576 837 quod
2618 757 2675 817 in
2708 756 2826 819 illis
2878 777 3072 838 neque
3103 777 3249 831 esse,
3297 778 3488 839 neque
3515 777 3628 822 ea:-

1983 849 2195 909 sistere
2226 845 2572 907 nominatim
2608 846 2963 927 proferatur,
3002 847 3102 907 uni
3158 848 3451 927 siquidem
3485 849 3628 909 illud

1982 954 2295 1015 apparere.
2334 935 2464 994 aliis
2516 933 2768 1008 elucere,
2802 935 2932 995 aliis
2966 937 3261 1013 pro/undi
3290 944 3345 997 et
3375 937 3626 1018 effundi,

1984 1023 2283 1084 nonnullis
2308 1025 2628 1102 provenire
2656 1032 2710 1083 et
2738 1025 3051 1103 progredi,
3080 1033 3138 1085 et
3167 1034 3462 1105 postremo
3491 1027 3629 1088 huic

1985 1115 2177 1175 emitti
2198 1134 2228 1173 ιι
2253 1112 2473 1173 sanctis
2499 1111 2826 1191 appositum
2852 1121 2962 1174 est.
2989 1112 3209 1174 Horum
3229 1133 3365 1176 vero
3402 1115 3627 1177 nullum

1989 1200 2241 1280 Spiritus
2272 1201 2695 1280 exsi-tentiam,
2713 1201 2815 1261 sed
2841 1205 3489 1284 unumquodque,quod
3515 1205 3629 1265 sibi

1987 1290 2311 1369 respondet
2355 1298 2411 1349 et
2440 1307 2765 1367 congruum
2799 1299 2908 1369 est,
2945 1290 3234 1368 significat
3267 1314 3280 1350 :
3315 1310 3625 1372 apparere,

253 1376 397 1451 ἡμάς
443 1376 692 1458 ἓκφανσιν
729 1398 741 1410 ’
790 1380 850 1434 τὸ
937 1378 1227 1455 ἐκλάμπειν
1298 1380 1397 1447 τὴν
1455 1383 1527 1443 εἰς
1570 1383 1660 1437 τὸν
1707 1382 1906 1456 κόσμον

1992 1379 2148 1439 illius
2170 1379 2240 1438 ad
2274 1397 2381 1438 nos
2412 1378 2865 1457 apparitionem;
2888 1377 3139 1458 elucere,
3167 1379 3326 1440 illius
3355 1382 3414 1440 in
3447 1388 3626 1443 terra-

255 1465 480 1544 ἆρῥῆτου
521 1469 708 1524 τούτου
780 1470 1112 1548 φωταύγειαν
1151 1487 1163 1499 '
1240 1471 1301 1526 τὸ
1345 1474 1664 1549 προχεῖσθαι
1713 1493 1769 1527 τε
1811 1472 1898 1527 καὶ

1988 1487 2113 1529 rum
2146 1467 2351 1528 orbem
2401 1466 2855 1528 inenarrabilem
2907 1466 3401 1529 illuminationem
3431 1487 3444 1530 :
3477 1487 3625 1550 pro-

254 1554 532 1633 ἐκχεϊσθαι
589 1557 689 1622 τὴν
769 1563 874 1613 τιῦν
960 1559 1311 1638 χαρισμάτων
1365 1559 1522 1617 αὒτοῦ
1564 1573 1680 1622 τοῖς
1740 1559 1898 1625 ἀξίοις

1988 1557 2159 1632 fundi
2186 1568 2246 1618 et
2277 1556 2822 1636 eﬂ'undidonorum
2856 1556 3016 1616 illius
3040 1575 3179 1635 erga
3202 1557 3414 1634 dignos
3433 1559 3632 1621 distri-

253 1640 559 1717 διανομήνέ
622 1647 683 1700 τὸ
725 1647 1025 1724 προίεσθαι,
1093 1648 1224 1724 πρὶς
1299 1645 1354 1702 δὲ
1403 1649 1491 1703 καὶ
1547 1648 1899 1728 προέρχεσθαι

1988 1646 2313 1720 butionem;
2343 1647 2413 1706 ad
2448 1646 2937 1725 hzec,pr0venire,
2967 1654 3024 1707 et
3042 1647 3625 1727 progredi,divinum

293 1731 305 1749 ε
403 1731 415 1751 s
718 1737 732 1757 ν
805 1744 829 1753 -
1096 1734 1110 1755 τ
1175 1735 1184 1748 ο
1498 1738 1511 1757 κ
1613 1737 1629 1755 κ
1806 1735 1818 1752 ο

253 1752 352 1798 την
398 1753 453 1786 εν
498 1734 633 1807 ἡμῖν
678 1756 835 1792 αυτου
893 1737 1031 1791 θείαν
1093 1734 1365 1792 επελεῦσιν
1399 1752 1413 1765 ⁸
1463 1758 1522 1792 το
1582 1735 1635 1792 δε
1690 1740 1897 1811 ἔκπεμ-

1989 1734 2142 1796 illius
2172 1735 2231 1795 in
2266 1753 2370 1796 uos
2398 1734 2737 1812 adventum;
2765 1736 2960 1796 emitti
3002 1735 3241 1796 tandem
3275 1736 3434 1798 illius
3480 1757 3628 1818 apo-

255 1823 440 1875 πεσθαι
685 1823 870 1878 τούτου
950 1837 1065 1888 τοῖς
1156 1825 1439 1897 μαθηταῖς,
1494 1804 1901 1903 ἑπαγγελθεῖσαν
1928 1804 1961 1852 Β

256 1909 397 1983 παρὰ
441 1919 534 1968 τοῦ
607 1917 859 1991 Σωτῆρος
929 1911 1229 1982 ἀποστολήν
1267 1932 1280 1946 ⁸
1342 1911 1375 1968 ἃ
1447 1913 1617 1969 πάντα
1674 1912 1757 1971 διὰ
1812 1920 1904 1969 τοῦ

261 1996 378 2052 fio;
461 2003 772 2077 γεγενῆσθαι
856 2002 1192 2081 πιστεύομεν,
1269 2000 1495 2076 μηδενὸς
1568 2006 1736 2061 αὒτῶν
1804 2002 1901 2068 τὴν

257 2092 347 2141 τοῦ
456 2089 760 2163 Πνεόματος
844 2090 1192 2164 σημαίνοντος
1280 2089 1515 2168 ὕπαρξιν.
1574 2094 1671 2148 Καὶ
1741 2092 1902 2147 ταῦτα

261 2173 355 2246 μὲν
412 2177 576 2256 οὗτοι,
638 2179 775 2251 μήτε
832 2181 951 2255 περὶ
1019 2180 1092 2235 ὧν
1151 2178 1492 2236 διατείνονται
1555 2182 1617 2235 τὸ
1658 2180 1901 2258 παράπαν

260 2262 631 2344 γινώσκοντες,
685 2271 773 2322 καὶ
828 2269 923 2330 τὰς
969 2267 1162 2343 μεταξὺ
1242 2272 1335 2325 τοῦ
1401 2291 1456 2325 τε
1518 2268 1747 2347 μεγάλου
1792 2277 1900 2324 Βα-

262 2350 478 2427 σιλείου,
537 2356 624 2409 καὶ
677 2358 770 2411 τοῦ
836 2356 972 2412 θείου
1042 2362 1247 2436 Πατρὸς
1323 2357 1628 2415 Ἀθανασίού
1697 2358 1902 2436 ῥήσεις,

263 2438 317 2493 ἓν
360 2444 446 2505 αἷς
516 2443 577 2497 τὸ
634 2443 776 2498 εἶναι
858 2445 1164 2522 πρόσκειται
1221 2447 1528 2524 κακούργως
1589 2446 1903 2523 ἀποκρυψά-

267 2549 435 2603 μενοι.
494 2531 614 2608 Περὶ
670 2532 769 2610 γὰρ
821 2537 920 2599 τῆς
965 2533 1179 2609 πρώτης
1257 2533 1496 2610 οὖδαμῶς
1580 2533 1905 2614 διαφέρεσθαι

265 2614 378 2672 δέον
431 2620 593 2692 ἡμᾶς,
657 2622 728 2683 ὡς
789 2619 1051 2677 ἂπολύτου
1107 2622 1381 2698 κειμένης,
1441 2626 1528 2680 καὶ
1581 2621 1706 2703 δίχα
1765 2625 1905 2687 τινὸς

1984 1824 2152 1885 stolis
2182 1841 2214 1884 e
2243 1824 2545 1884 Salvatore
2588 1822 2935 1903 promissam
2970 1824 3474 1906 missionem,qua3
3495 1846 3626 1887 om—

1985 1913 2082 1973 nia
2114 1931 2217 1992 per
2239 1912 2475 1972 Fillium
2524 1919 2748 1992 patrata
2788 1930 2920 1973 esse
2968 1912 3291 1986 credimus,
3326 1932 3460 1975 cum
3490 1916 3628 1976 nul-

1985 2000 2105 2060 lum
2142 2001 2348 2060 horum
2376 2001 2631 2079 Spiritus
2657 2001 3058 2062 exsistentiam
3094 2010 3274 2062 notat.
3309 2001 3381 2065 Et
3406 2003 3467 2064 hi
3491 2004 3627 2084 qui-

1986 2087 2118 2149 dem
2146 2089 2292 2169 haec,
2328 2107 2555 2157 eorum,
2601 2087 2674 2149 de
2705 2087 2918 2168 quibus
2965 2090 3350 2166 contendunt,
3387 2110 3628 2170 prorsus

1985 2176 2262 2255 ignari,et
2280 2177 2452 2239 dictis
2475 2177 2711 2238 interea
2731 2177 2924 2256 magni
2944 2176 3143 2239 Basilii
3164 2187 3219 2239 et
3238 2179 3424 2242 divini
3445 2182 3629 2242 Patris

1985 2266 2290 2327 Athanasii
2337 2265 2669 2345 (ligeslis,in
2706 2266 2919 2345 quibus
2948 2284 3073 2327 esse
3122 2267 3461 2347 adjunctum
3515 2278 3624 2345 est,

1988 2355 2282 2417 malitiose
2311 2355 2546 2416 silentio
2579 2355 2852 2416 involutis
2880 2373 2891 2414 :
2920 2374 3174 2435 namque
3198 2357 3271 2418 de
3290 2358 3479 2437 primo
3499 2360 3628 2421 nul-

1988 2443 2029 2504 li
2060 2443 2304 2505 dubium
2350 2462 2481 2504 esse
2510 2443 2708 2516 debet,
2745 2443 2883 2522 licet
2913 2443 3178 2505 absolute
3205 2448 3492 2525 prolatum
3529 2449 3625 2523 sit,

1988 2539 2046 2593 et
2074 2532 2295 2612 absque
2317 2532 2435 2592 ullo
2472 2549 2714 2611 prorsus
2745 2530 3161 2601 verbo,virtute
3191 2533 3480 2615 siquidem
3505 2554 3629 2597 ver-

1988 2620 2126 2681 bum
2187 2621 2502 2690 exst'stere,
2555 2620 2843 2695 continet,
2898 2628 2962 2682 ut
3006 2622 3104 2701 qui
3153 2622 3212 2683 in
3258 2624 3436 2684 rebus
3466 2625 3630 2687 hisce

266 2703 403 2770 ὅλως
460 2708 719 2782 ῥήματος,
781 2711 824 2764 εἰ
881 2713 966 2766 καὶ
1021 2709 1234 2786 δυνάμει
1277 2712 1372 2767 κᾶν
1428 2712 1591 2789 ταύτῃ
1646 2715 1707 2768 τὸ
1748 2713 1906 2791 ὑπάρ-

1991 2708 2234 2769 exerciti
2256 2718 2412 2783 sunt,
2441 2718 2499 2769 et
2524 2709 2899 2788 perspicaces
2925 2708 3281 2787 intelligunt.
3316 2710 3387 2773 Et
3419 2713 3479 2774 hi
3527 2733 3631 2794 per

266 2817 387 2874 χειν
445 2797 553 2853 ἐστι
599 2799 734 2854 κατὰ
789 2799 908 2864 τοὺς
966 2803 1084 2879 περὶ
1142 2808 1305 2857 ταῦτα
1360 2798 1557 2858 δεινοὺς
1614 2802 1906 2878 ἀναγκαίως

1992 2797 2210 2861 similia
2236 2798 2532 2877 propriam
2585 2797 2936 2858 sententiam
2993 2816 3344 2879 eXpressere
3379 2824 3391 2859 :
3426 2820 3629 2863 varum

270 2885 549 2958 νοούμενον
596 2885 740 2961 "pro;
798 2887 940 2944 οὗτοι
1013 2888 1109 2962 μὲν
1179 2886 1263 2944 διὰ
1339 2894 1443 2944 τῶν
1486 2890 1736 2946 τοιούτων
1810 2889 1906 2956 τὴν

1992 2903 2099 2963 ego
2122 2893 2245 2963 jam
2277 2886 2490 2965 allatis,
2527 2895 2583 2947 et
2615 2904 2744 2966 quaa
2790 2887 2892 2948 illa
2916 2887 3379 2968 subsequuntur,
3415 2909 3630 2971 super-

272 2974 461 3029 οἰκείαν
559 2976 780 3053 γνώμην
864 2977 1203 3053 παρέστησαν
1238 2995 1252 3009 ·
1328 2977 1436 3056 ἐγὼ
1491 2975 1546 3033 δὲ
1602 2990 1718 3040 τοῖς
1787 2975 1906 3032 δια-

1990 2974 2227 3054 addam,
2252 2994 2467 3054 nempe
2490 2978 3283 3055 erumpere,scaturire,etsi
3308 2980 3446 3056 quid
3470 2979 3630 3041 aliud

272 3060 516 3141 ληφθεῖσι
574 3065 894 3143 προστίθημι
935 3068 1024 3123 καὶ
1074 3064 1241 3123 τᾶλλα
1282 3067 1349 3122 τὰ
1402 3067 1603 3131 τούτοις
1645 3068 1901 3142 ἒπόμενα,

1990 3062 2183 3124 simile
2239 3063 2457 3143 ubique
2505 3063 2567 3124 in
2623 3063 2837 3125 divinis
2890 3064 3216 3145 Scripturis
3264 3077 3506 3147 accepta
3554 3071 3632 3130 de

271 3152 331 3206 τὸ
379 3150 678 3223 ἀναϐλύζειν
737 3151 963 3234 δηλαδὴ,
1023 3156 1085 3211 τὸ
1136 3156 1417 3235 πηγάζειν,
1462 3157 1549 3212 καὶ
1598 3152 1653 3212 εἴ
1705 3157 1756 3211 τί
1810 3176 1909 3230 περ

274 3238 448 3318 ἕτερον
502 3239 708 3322 ὅμοιον,
769 3242 904 3322 ἅπερ
984 3250 1261 3323 πανταχοῦ
1321 3250 1419 3311 τῆς
1505 3244 1644 3308 θείας
1698 3247 1910 3325 Γραφῆς

273 3328 356 3385 ἐπὶ
397 3336 490 3386 τοῦ
554 3331 858 3406 Πνεύματος
917 3334 1204 3410 εῦρίσκεται
1280 3331 1651 3408 λαμϐανόμενα
1686 3352 1700 3367 ⁸
1747 3340 1910 3388 ταῦτα

271 3419 444 3476 πάντα
490 3420 588 3487 τὴν
641 3421 796 3476 αύτοῦ
852 3418 1043 3488 δηλοῦν
1100 3421 1271 3500 λέγων
1313 3421 1526 3500 ὕπαρξιν
1561 3441 1576 3458 ’
1630 3422 1718 3479 καὶ
1759 3429 1911 3479 τοῦτο

272 3505 609 3588 δειχθήσεται
652 3510 789 3565 κατὰ
845 3511 907 3565 τὸ
961 3510 1233 3575 παντελῶς
1281 3509 1656 3591 ἆναμφίϐολον,
1721 3510 1771 3576 ἐξ
1839 3514 1911 3566 ὧν

274 3596 461 3677 συχνοί
514 3604 622 3654 τῶν
679 3599 863 3676 ἁγίων,
921 3600 1052 3657 κάπὶ
1128 3605 1227 3667 τῆς
1286 3599 1347 3657 ἐκ
1388 3602 1588 3679 Πατρὶς
1649 3596 1912 3679 ὑπάρξεως

274 3693 365 3743 τοῦ
418 3688 539 3743 Υἶοῦ
593 3687 688 3749 τὰς
743 3690 986 3754 τοιαύτας
1057 3690 1233 3768 φωνὰς
1275 3688 1682 3769 παρειλήφασιν,
1729 3689 1804 3745 ὧν
1860 3688 1911 3743 αἱ

273 3775 452 3852 ῥήσεις
550 3777 735 3855 μικρὸν
800 3776 1013 3857 ὕστερον
1101 3777 1276 3834 ἐνθάδε
1357 3780 1903 3858 καταστρωθήσονται.

274 3871 376 3922 Νῦν
432 3862 487 3920 δὲ
540 3864 673 3929 τέως
732 3868 818 3923 καὶ
870 3874 976 3923 τῶν
1029 3867 1508 3947 ἀναγεγραμμένων
1558 3870 1615 3923 ἓν
1671 3873 1769 3942 μιᾷ
1809 3890 1910 3924 τινι

276 3954 522 4032 χρήσεων
567 3956 629 4008 τὸ
683 3955 919 4011 τοιοῦτον
960 3956 1141 4034 δρᾶται
1196 3963 1317 4020 τοῦς
1374 3956 1432 4012 οὗ
1462 3956 1736 4035 παρέργως
1780 3956 1909 4011 ἂνα-

276 4042 644 4120 γινώσκουσιν.
690 4044 761 4101 Τὸ
815 4044 914 4122 γὰρ
966 4041 1256 4119 ἐκλάμπειν
1312 4046 1339 4101 ὁ
1384 4045 1591 4111 Νύσσης
1622 4044 1909 4122 Γρηγόριος

273 4131 522 4210 πρότεροι
579 4131 664 4187 επὶ
720 4134 811 4188 τοῦ
869 4135 1011 4203 Υἱοῦ,
1088 4135 1174 4190 καὶ
1244 4135 1363 4190 τότε
1419 4132 1642 4197 δεόντως
1696 4132 1780 4190 ἐπὶ
1821 4138 1912 4188 τοῦ

275 4225 579 4295 Πνεύματος
662 4220 912 4296 τέθεικεν,
994 4222 1086 4278 ἵνα
1177 4228 1351 4279 πᾶσαν
1415 4221 1711 4299 ἀντιλογίας
1767 4225 1908 4277 ἁπο-

274 4307 459 4385 κλείσῃ
498 4321 613 4372 τοῖς
677 4309 901 4390 φιλέρισι
958 4311 1238 4390 πρόφασιν.
1286 4311 1358 4370 Οὔ
1415 4312 1514 4390 γὰρ
1542 4309 1606 4378 δὴ
1642 4310 1770 4366 κάπὶ
1823 4311 1913 4365 τοῦ

1991 3151 2214 3232 Spiritu
2247 3152 2669 3231 reperiuntur;
2697 3163 2926 3215 astrens
2978 3154 3077 3216 illa
3116 3156 3314 3216 omnia
3343 3156 3500 3218 illius
3525 3176 3630 3218 ex-

1993 3239 2318 3302 sisteutiam
2353 3249 2675 3302 connotare
2711 3249 2807 3303 :et
2841 3243 2955 3303 hoc
2993 3242 3073 3303 ita
3108 3260 3240 3303 esse
3260 3243 3485 3324 absque
3514 3245 3633 3306 ullo

1994 3326 2175 3389 dubio
2208 3329 2736 3403 demonstrabitur,
2767 3349 2900 3392 cum
2935 3330 3201 3411 plerique
3231 3332 3421 3393 sancti
3459 3333 3635 3395 hasce

1992 3435 2166 3478 voces
2196 3417 2267 3478 de
2299 3417 2430 3479 Filii
2460 3438 2529 3479 ex
2582 3417 2750 3478 Patre
2795 3419 3136 3479 exsistentia
3193 3421 3634 3500 usurpaverint,

1994 3523 2239 3586 quorum
2274 3506 2428 3567 dicta
2459 3508 2628 3588 paulo
2662 3514 2792 3586 post
2814 3508 2925 3568 hac
2959 3506 3165 3568 eadem
3196 3508 3466 3571 oratione
3496 3509 3632 3571 des-

1994 3594 2544 3657 cribentur.Vcrum
2570 3615 2726 3656 nunc
2758 3596 2994 3658 interim
3025 3596 3085 3657 in
3115 3615 3233 3658 uno
3269 3615 3337 3658 ex
3360 3597 3485 3676 jam
3527 3598 3635 3660 ad-

1995 3683 2189 3746 ductis
2220 3687 2575 3749 testimoniis
2597 3687 2819 3747 clarum
2843 3694 3086 3768 apparet
3124 3686 3267 3761 illis,
3290 3687 3391 3767 qui
3423 3687 3642 3749 similia

1993 3792 2112 3835 non
2136 3784 2359 3837 temere
2382 3789 2441 3837 et
2476 3777 2874 3857 intelligenter
2900 3776 3422 3840 versant.Elucere
3466 3795 3638 3837 nam-
3672 3827 3676 3831 ‹

1994 3882 2109 3944 que
2132 3863 2429 3946 Nyssenus
2448 3864 2764 3945 Gregorius
2796 3867 2963 3946 prius
2991 3865 3065 3926 de
3099 3864 3271 3941 Filio,
3306 3875 3428 3927 tum
3464 3866 3640 3929 dein—

1994 3972 2153 4035 ceps,
2182 3953 2268 4014 uti
2301 3974 2405 4035 par
2435 3965 2581 4036 erat,
2630 3956 2705 4017 de
2747 3954 2971 4036 Spiritu
3022 3958 3235 4034 posuit,
3292 3964 3356 4016 ut
3402 3974 3641 4016 omnem

1992 4044 2479 4109 Contradictionis
2500 4064 2702 4106 ansam
2735 4044 3122 4107 contentiosis
3154 4044 3642 4125 eriperet.Neque

1994 4131 2150 4192 enim
2174 4131 2233 4192 in
2265 4133 2411 4194 Filio
2436 4133 2713 4212 frigidum
2742 4151 2945 4194 eorum
2969 4133 3282 4194 consilium
3318 4134 3510 4194 locum
3544 4134 3641 4194 ul-

1995 4226 2052 4286 lo
2082 4221 2254 4281 modo
2288 4221 2507 4283 habere
2535 4221 2607 4282 ab
2661 4220 2844 4301 aequis
2870 4220 3194 4281 lectoribus
3240 4221 3634 4300 reputabitur.

1993 4307 2280 4369 Praeterea
2292 4308 2585 4389 siquidem
2606 4308 2892 4380 dicere,et
2911 4308 3494 4387 profundi,etemitti
3510 4328 3644 4369 cum

276 4401 399 4454 Υἱοῦ
457 4400 519 4453 τὸ
576 4401 782 4479 ψυχρὸν
840 4399 1011 4455 αύτῶν
1078 4402 1253 4458 ἒκεϊνο
1325 4401 1500 4475 νόημα
1555 4399 1738 4479 χώραν
1782 4397 1906 4464 ἕξειν

1999 4397 2227 4458 adnexa
2249 4397 2364 4458 sibi
2387 4397 2673 4458 nonnulla
2700 4397 3034 4477 praeferant,
3061 4397 3174 4457 hoc
3197 4397 3438 4477 quidem
3460 4405 3643 4458 aeter-

276 4491 456 4549 ποσῶς
542 4488 914 4562 νομισθήσεται
999 4502 1116 4552 τοῖς
1187 4494 1294 4544 τῶν
1349 4487 1621 4567 ἀκροατῶν
1683 4487 1906 4565 ἐπιγνώ-

2002 4503 2099 4565 ne,
2132 4484 2277 4546 illud
2309 4505 2448 4548 vero
2480 4487 2868 4558 naturaliter,
2920 4494 2977 4547 et
3007 4486 3431 4553 essential-iter,
3460 4486 3648 4547 dictas

277 4596 456 4648 poow.
508 4571 728 4655 ’Λφίημι
785 4575 885 4653 γὰρ
915 4575 1113 4655 λέγειν,
1177 4575 1258 4634 ὅτι
1314 4577 1402 4633 καὶ
1458 4577 1519 4632 τὸ
1570 4579 1906 4656 προχεῖσθαι1

2005 4574 2349 4635 earumdem
2380 4574 2761 4652 cogitationes
2791 4593 2908 4634 non
2941 4574 3279 4640 admittere.
3331 4574 3455 4647 Qua
3490 4573 3647 4635 enim

277 4669 365 4723 καὶ
449 4668 511 4723 τὸ
617 4666 979 4742 ίκπέμπεσθαι
1089 4667 1441 4747 προσκείμενα
1525 4690 1640 4724 τινα
1719 4668 1906 4724 τούτου

2003 4660 2494 4742 rationeSpiritus
2523 4663 2875 4724 naturaliter
2904 4672 2960 4723 et
2980 4662 3378 4724 essentialiter
3404 4663 3646 4733 eﬂ‘usus,

273 4756 498 4838 ἔχοντα,
545 4765 697 4816 τοῦτο
753 4760 849 4835 μὲν
917 4760 979 4815 τὸ
1034 4757 1242 4835 ἂῖδίως,
1286 4758 1461 4817 ἐκεῖνο
1518 4758 1663 4823 δὲτὸ
1692 4765 1906 4840 (postumi

2010 4749 2085 4811 de
2111 4749 2283 4840 donis
2326 4750 2680 4831 accipietur?
2712 4753 2784 4813 Et
2814 4751 3111 4831 quomodo
3143 4766 3363 4840 aeterne
3402 4751 3655 4812 emissus

276 4836 366 4903 καὶ
449 4845 714 4910 οὖσιωδῶς
807 4847 902 4912 τὰς
981 4847 1224 4925 ῥηθείσας
1311 4849 1507 4913 ἑννοίας
1605 4836 1803 4906 τούτων
1872 4855 1906 4906 οἱ

2013 4838 2087 4898 de
2114 4836 2398 4900 missione
2428 4839 2821 4918 intelligetur?
2856 4838 2969 4900 Sed
3002 4839 3126 4901 haec
3164 4839 3472 4919 quidemin
3499 4848 3658 4900 tran-

273 4934 688 5016 παραδέχονται.
778 4941 898 5001 Πῶς
982 4940 1081 5016 γὰρ
1167 4939 1227 4994 τὸ
1285 4941 1497 5014 Πνεῦμα
1551 4945 1785 5019 φυσικῶς
1844 4961 1906 4994 κα

2013 4928 2152 5001 situ,
2209 4945 2339 5007 quae
2362 4928 2436 4989 de
2465 4929 2817 4990 adversariis
2847 4928 3032 4990 multo
3058 4928 3291 4990 roboris
3344 4927 3656 4989 intervallo

276 5023 539 5090 05¢:thch
590 5027 957 5105 προχεόμενον
1001 5026 1086 5084 ἐπὶ
1160 5027 1267 5083 τῶν
1322 5028 1674 5108 χαρισμάτων
1715 5026 1906 5108 ληφθή-

2013 5019 2316 5082 victoriam
2363 5019 2517 5081 ferre
2551 5027 2844 5100 poterunt.

275 5134 419 5169 σεται
455 5133 471 5184 ;
507 5119 628 5177 Πῶς
666 5112 721 5170 δὲ
750 5116 837 5171 καὶ
864 5112 1048 5179 ἆΐδίως
1081 5105 1490 5192 ἐκπεμπόμενον
1521 5115 1606 5172 ἐπὶ
1635 5121 1734 5183 τῆς
1765 5105 2069 5181 ἀποστολῆς
2112 5111 2427 5179 νοηθήσεται
2456 5110 2481 5189 ξ
2513 5108 2660 5177 Πλὴν
2702 5117 2864 5166 ταῦτα
2908 5109 3005 5185 μὲν
3067 5109 3203 5166 κατᾶ
3260 5105 3511 5187 πάροδον,
3557 5106 3655 5169 κᾶν

275 5203 318 5258 εἰ
347 5205 452 5285 τῦν
497 5203 813 5285 ξιπεναντίων
842 5206 930 5260 καὶ
960 5204 1096 5262 οὕτω
1123 5211 1293 5285 κρατῇ
1325 5206 1460 5262 κατὰ
1501 5203 1707 5273 πολλὴν
1736 5204 2036 5285 περιουσίαν
2069 5198 2359 5274 δυνάμεως.
2585 5273 2589 5277 _

360 5281 448 5355 ιθ’,
516 5281 664 5359 ’Ἤδη
720 5290 775 5348 δὲ
827 5295 916 5350 καὶ
968 5294 1062 5358 τὰς
1116 5281 1222 5351 τῶν
1271 5281 1445 5373 γὰγίων
1503 5294 1623 5375 περὶ
1647 5300 1753 5350 τῶν
1782 5281 1906 5374 προ·

2085 5289 2181 5352 19.
2219 5287 2333 5349 Sed
2362 5287 2485 5367 jam
2517 5294 2854 5349 sanctorum
2885 5286 2957 5347 de
2981 5284 3280 5375 praedictis
3298 5282 3661 5375 testimonia

274 5381 572 5462 λεχθέντων
630 5380 858 5438 ἐκθεῖναι
914 5382 1094 5460 ῥήσεις
1166 5387 1260 5442 οῦκ
1312 5371 1551 5462 ἆκαιρον.
1575 5371 1583 5375 ⁷
1611 5373 1668 5441 Ὀ
1699 5383 1793 5459 μὲν
1823 5371 1906 5462 γὰρ

2004 5396 2304 5461 apponere
2357 5395 2471 5438 non
2510 5376 2971 5456 inopportunum
3042 5373 3242 5435 fuerit.
3298 5371 3662 5436 Inconcussa

279 5467 602 5550 ἆκράδαντος
701 5469 889 5535 στῦλος
943 5471 1041 5539 τῆς
1114 5470 1435 5539 Ἐκκλησίας
1525 5469 1834 5536 Ἀθανάσιος
1892 5475 1906 5528 ἐ

2007 5468 2164 5531 enim
2195 5466 2479 5529 Ecclesiae
2501 5465 2776 5527 columna
2800 5482 3043 5543 magnus
3073 5463 3452 5540 Athanasius,
3489 5470 3662 5541 cujus

277 5558 470 5638 μέγας,
523 5558 583 5614 οὗ
642 5557 874 5616 πλεῖστα
945 5559 1011 5615 τᾶ
1056 5560 1184 5639 ὑπὲρ
1241 5560 1346 5617 τῶν
1416 5561 1579 5640 ὀρθῶν
1635 5559 1906 5639 δογμάτων

1999 5576 2105 5640 pro
2156 5555 2337 5617 rectis
2366 5552 2742 5631 dogmatibus
2773 5553 3058 5634 pleraque
3088 5560 3406 5613 narrantur
3461 5560 3661 5613 certa-

274 5646 641 5724 παλαίσματα,
712 5652 811 5715 τῆς
889 5644 1150 5712 εὐσεϐείας
1205 5650 1233 5704 ὂ
1288 5661 1532 5725 γενναῖος
1613 5648 1906 5726 ἀγωνιστὴς

1999 5646 2182 5727 mina,
2217 5661 2543 5723 generosus
2574 5642 2807 5723 pietatis
2837 5642 3060 5705 athleta
3117 5649 3175 5702 et
3223 5647 3659 5722 propugnator,
