4176 6290
303 321 456 385 1065
1218 324 1314 386 DE
1359 319 1862 386 PROCESSIONE

2014 317 2369 388 SPIRITUS
2409 325 2634 388 ORAT.
2683 325 2732 387 Ι.
3512 328 3670 396 1066

297 479 447 514 σαντι
531 455 794 519 συναΐὸιος
839 458 867 513 ὁ
940 456 1080 525 Υἱὸς,
1143 455 1322 535 ὥσπερ
1377 455 1482 513 ἀπὸ
1550 477 1691 519 τινος
1760 458 1901 533 πηγῑ

1987 464 2002 510 ι
2026 457 2288 518 essentia
2307 464 2520 519 natum
2564 474 2694 519 esse
2740 454 3021 538 Verbum,
3046 465 3104 521 et
3125 460 3442 524 essentiam
3468 464 3672 528 Patris

294 551 394 612 τῆς
451 545 700 624 πατρῴας
792 543 1093 615 ἂναϐλύζων
1146 545 1346 608 οὐσίας.
1409 535 1466 602 Ὀ
1535 549 1636 612 τῆς
1707 542 1901 610 Ἐκχλη

2019 545 2398 624 principium
2419 553 2478 606 et
2494 545 2842 611 radicem.et
2859 535 3087 622 fontem
3105 546 3667 614 esseFilii.P03sem

295 637 410 699 σίας
444 634 589 700 αὖθις
645 635 864 714 φωστὴρ
924 635 952 690 ὁ
1009 633 1277 698 θειότατος
1341 630 1673 706 Ἀθανάσιος,
1734 634 1794 689 τὸ
1824 655 1901 699 πη

2026 631 2120 692 hic
2150 633 2316 712 plura
2338 631 2560 695 addere
2582 631 2961 713 cupientibus
2983 652 3052 695 ex
3098 635 3320 698 ditinis
3340 638 3668 720 Scripturis

293 725 477 803 γάζειν
519 723 902 804 προσαρμόζων
967 726 1124 802 αὐτῇ,
1184 722 1370 799 πηγὴν
1439 723 1530 779 τὸν
1587 721 1794 800 Πατέρα
1847 744 1901 778 το

2024 721 2292 796 collecta,
2325 721 2430 782 sed
2455 720 2790 782 satietatem
2815 721 3025 796 vitans,
3050 741 3179 803 qum
3205 743 3274 786 ex
3304 725 3668 792 abundantia

296 817 418 872 Υἷοῦ
441 811 704 879 κέκληκεν
759 811 924 876 οὔτως
970 813 1131 868 εἰπὼν
1186 814 1241 868 l:v
1296 812 1364 880 τῆ
1420 813 1553 890 πρὸς
1607 812 1729 875 τοὺς
1778 808 1900 866 ’Λλε

2021 817 2080 870 et
2110 810 2488 874 multitudine
2503 811 2797 874 dictorum
2829 813 3204 876 auditoribus
3252 814 3660 896 ingeneratur,

295 902 529 984 ξανόρεῖς
599 902 705 958 ἀπὸ
757 907 856 968 τῆς
929 898 1142 958 συνόδου
1227 905 1327 967 τῆς
1401 902 1456 956 ὲν
1551 897 1901 980 Ἰεροσολύμοι

2022 899 2147 960 haec
2176 900 2452 962 sufﬁcere
2477 899 2750 962 existimo
2795 900 2891 981 iis,
2926 899 3028 984 qui
3059 902 3180 963 otio
3209 921 3318 966 suo
3359 907 3515 969 male
3545 928 3665 972 non

291 991 550 1069 ὶπιστολῇ
581 1009 598 1026 ⁸
632 1002 636 1009 “
673 989 1027 1054 Γινώσκοντές
1127 991 1255 1046 εἰσιν
1350 992 1396 1046 o1
1490 989 1590 1056 τὴν
1659 988 1901 1066 Ἀρειανή

2021 997 2286 1064 utuntur,
2321 1007 2430 1051 nec
2460 989 2627 1051 humi
2657 989 3112 1068 cogitationibus
3139 1002 3376 1073 repunt.

296 1083 502 1163 αἵρεσιν
535 1081 1032 1158 ἀναθεματίσαντες,
1092 1079 1169 1155 μὴ
1230 1079 1448 1154 σκίσμα,
1518 1076 1639 1134 ἀλλ’
1692 1080 1755 1134 ὲκ
1810 1077 1908 1145 τῆς
1973 1078 2148 1140 οὸσίας
2210 1079 2449 1156 γέννημα
2531 1093 2670 1136 εῖναι
2746 1081 2836 1134 τὸν
2906 1081 3099 1160 Λόγον,
3159 1084 3248 1138 καὶ
3317 1086 3413 1152 τὴν
3486 1088 3662 1145 οὐσίαν

291 1181 386 1231 τοῦ
430 1172 630 1250 Πατρὸς
659 1170 836 1250 ἀρχὴν
879 1169 967 1224 καὶ
996 1168 1136 1245 ῥίζαν
1165 1169 1251 1225 καὶ
1279 1167 1462 1244 πηγὴν
1492 1167 1635 1224 εἶναι
1677 1173 1771 1225 τοῦ
1800 1166 1942 1226 Υἷοῦ.
1976 1167 2183 1223 Τούτων
2239 1167 2364 1234 ἐνῆν
2421 1168 2508 1224 καὶ
2562 1165 2756 1223 πλείων
2817 1171 3087 1243 προθεῖναι
3145 1184 3262 1234 τοῖς
3317 1171 3661 1250 βουλομένοις

292 1264 396 1319 ἀπὸ
454 1261 552 1328 τῆς
603 1260 742 1322 θι-ίας
791 1261 1000 1338 Γραφῆς
1067 1255 1414 1332 ἐλλεξάμενον
1447 1276 1463 1291 ⁶
1524 1256 1671 1332 ὅμως
1729 1255 1821 1311 τὸν
1890 1256 2045 1332 κόρον
2117 1257 2320 1334 φεύγων
2398 1258 2489 1312 τὸν
2559 1255 2663 1312 ἀπὸ
2751 1263 2842 1312 τοῦ
2910 1255 3140 1326 πλήθους
3197 1265 3301 1314 τῶν
3357 1259 3660 1340 λεγομένων

290 1366 408 1415 τοῖς
441 1352 730 1430 ἀκροαταῖς
759 1349 1152 1423 ἒκτικτόμενον,
1199 1347 1450 1426 ἀποχρῆν
1479 1349 1709 1426 ἡγοῦμαι
1738 1345 1826 1401 καὶ
1869 1351 2032 1400 ταῦτα
2089 1359 2206 1410 τοῖς
2238 1366 2297 1423 γε
2349 1345 2427 1419 μὴ
2488 1345 2659 1411 πάντη
2710 1343 3090 1424 κακοσχόλοις,
3138 1351 3174 1412 ἦ
3232 1364 3503 1416 ταπεινοῖς
3562 1357 3660 1423 τὴν

287 1439 539 1500 διάνοιαν.

367 1521 444 1592 κ’.
517 1527 796 1587 Ἐπέκεινα
863 1525 918 1582 δὲ
987 1528 1092 1584 τῶν
1156 1527 1416 1605 ῥηθέντων
1483 1529 1544 1585 τὸ
1615 1536 1900 1607 πεφηνέναι

2090 1521 2348 1613 ΞΟηΡτω
2481 1540 2657 1602 porro
2680 1521 3219 1613 dictis.app_areere
3250 1531 3308 1586 et
3325 1532 3656 1613 scaturire,

286 1623 374 1678 καὶ
443 1621 504 1676 τὸ
547 1619 824 1697 πηγάζειν,
881 1615 962 1674 ὅτι
1005 1616 1134 1672 κᾶπι
1191 1625 1284 1674 τοῦ
1366 1613 1901 1693 Πνεύματοςλαμόαη

2011 1629 2144 1672 cum
2177 1611 2250 1673 de
2280 1610 2500 1692 Spiritu
2532 1620 2896 1684 asseruntur,
2925 1609 3088 1674 illius
3111 1613 3514 1678 exsisteutiam
3546 1609 3658 1683 de;

287 1711 485 1786 νόμενα
555 1709 656 1776 τὴν
722 1705 937 1785 ῧπαρξιν
991 1714 1175 1765 τοῦτου
1251 1708 1616 1783 σημαίνουσιν,
1675 1709 1704 1763 ὁ
1761 1707 1898 1786 μέγα

2015 1711 2502 1780 notare,magnus
2523 1700 2901 1780 apertissime
2922 1700 3355 1765 demonstrabit
3379 1704 3655 1772 Basilius.

286 1797 557 1860 Βασίλειος
613 1795 940 1874 παραστήσει
997 1809 1116 1857 τοῖς
1171 1800 1330 1850 πᾶσιν
1398 1793 1769 1872 ἀριδηλότατα.
1833 1804 1901 1851 Ka

1987 1789 2446 1853 :Namoratione
2468 1806 2575 1852 sua
2595 1789 2670 1851 de
2716 1788 2939 1870 Spiritu
2993 1798 3196 1852 sancto
3247 1793 3373 1855 haec
3424 1795 3650 1864 habet:

279 1889 378 1967 γὰρ
429 1888 484 1943 ἐν
533 1891 612 1958 τῷ
665 1885 783 1961 περὶ
831 1890 923 1941 τοῦ
981 1884 1280 1958 Πνεύματος
1337 1886 1494 1942 αὗτοῦ
1551 1883 1697 1961 λόγῳ
1763 1884 1901 1940 ταῦτε

2007 1880 2275 1958 Spiritus
2299 1885 2539 1941 sanctus
2583 1877 2740 1940 nihil
2773 1882 2837 1938 in
2866 1883 3067 1967 seipse
3084 1883 3422 1944 ascititium
3449 1883 3652 1960 habet,

273 1966 444 2058 φησιν
479 1992 493 2007 ⁶
553 1976 626 2032 Τὸ
710 1979 918 2048 Πνεῦμα
1009 1973 1071 2027 τὸ
1165 1972 1317 2050 ἅγιον
1397 1972 1542 2030 οὖδέν
1632 1974 1687 2030 ἐν
1756 1971 1901 2046 ἕαυτᾴ

2004 1968 2105 2029 sed
2135 1968 2210 2029 ab
2239 1976 2460 2030 celerno
2485 1966 2976 2058 omniaposszdet
3003 1976 3071 2028 ut
3105 1969 3380 2058 Spiritus
3425 1972 3562 2056 Dei,
3595 1983 3656 2040 et

268 2056 564 2133 ἓπίιτητον
674 2060 806 2141 ’έχον
931 2059 1090 2133 ἔστὶν,
1200 2059 1318 2117 ἀλλ’
1446 2059 1630 2128 ἀϊδίως
1755 2061 1901 2118 παντί

2005 2076 2084 2117 ex
2105 2059 2230 2136 ipso
2259 2073 2580 2137 apparens,
2603 2056 2702 2117 sui
2725 2073 2973 2118 causam
3007 2074 3142 2118 eum
3181 2057 3426 2142 habens,
3458 2071 3524 2125 ut
3552 2067 3656 2128 sui

267 2156 433 2236 ἕχον,
506 2155 579 2216 ὡς
662 2151 874 2225 Πνεῦμα
945 2149 1077 2207 Θεοῦ
1144 2151 1231 2206 καὶ
1299 2148 1350 2217 ἐξ
1430 2150 1589 2211 αὑτοῦ
1659 2153 1896 2232 πεφηνὸς

2008 2147 2198 2236 ipsius
2240 2145 2488 2236 fontem,
2525 2145 2780 2224 indeque
2795 2149 3153 2236 scaturieus,
3181 2149 3329 2236 [ous
3361 2166 3503 2214 vero
3526 2153 3654 2234 ipse

272 2247 454 2303 αἴτιον
551 2243 705 2302 αὐτὸν
800 2239 952 2320 ἔχον,
1051 2241 1125 2304 ὡς
1235 2241 1418 2318 πηγὴν
1534 2243 1721 2301 ἑαυτοῦ
1815 2240 1901 2297 κᾶ-

2001 2235 2432 2312 praedietorum
2450 2235 2738 2295 bonorum
2750 2232 2876 2294 :sed
2897 2233 3019 2311 ipse
3039 2235 3282 2313 quidem
3299 2237 3506 2302 exDeo
3521 2232 3654 2304 sca-

271 2337 451 2392 κεῖθεν
529 2332 770 2408 πηγάζον
805 2347 821 2364 ⁸
891 2329 1045 2406 πηγὴ
1100 2327 1154 2384 δὲ
1239 2329 1365 2384 αὐτὸ
1431 2336 1536 2386 τῶν
1591 2329 1901 2409 προειρημέ-

2002 2326 2232 2386 turirns
2255 2325 2320 2385 in
2341 2323 2651 2404 hypostasi
2666 2329 2791 2396 est;
2824 2339 2958 2400 quae
2991 2340 3129 2384 vero
3174 2340 3255 2386 ea:
3298 2343 3364 2388 eo
3400 2328 3650 2408 eﬂluunt

274 2445 374 2480 νων
434 2423 666 2500 ἀγαθῶν,
752 2415 900 2474 Ἀλλ’
980 2418 1106 2476 αὐτὸ
1174 2417 1270 2493 μὲν
1328 2417 1389 2474 ἐκ
1473 2425 1604 2476 Θεοῦ
1679 2419 1901 2496 πηγάζοπ

1999 2415 2394 2493 Operationes
2423 2412 2616 2491 ipsius
2635 2418 2797 2473 sunt.
2831 2410 3012 2474 Hunc
3042 2411 3347 2491 Spiritum
3369 2425 3643 2483 sanctum

271 2511 625 2570 ἐνυπόστατον
708 2507 818 2563 ἐστι
853 2521 868 2536 ⁹
956 2511 1022 2562 τὰ
1117 2504 1170 2562 δὲ
1252 2505 1302 2572 ἐξ
1378 2509 1538 2564 αὑτοῦ
1609 2508 1901 2585 πηγάζοντε

1999 2502 2212 2582 effudit
2237 2504 2301 2564 in
2322 2519 2432 2564 nos
2451 2504 2768 2579 opulenter
2788 2500 2945 2561 Deus
2959 2517 3070 2580 per
3084 2503 3290 2564 Jesum
3313 2503 3644 2571 Christum.

268 2602 524 2679 ὶνέργειαι
581 2599 742 2656 αὔτοῦ
795 2597 946 2656 εἰσιν.
1019 2602 1184 2652 Τοῦτο
1261 2598 1323 2652 τὸ
1377 2603 1586 2672 Πνεῦμα
1645 2599 1706 2652 τὸ
1763 2596 1915 2674 ἅγιον

271 2689 481 2770 ἐξέχεεν
569 2685 648 2768 ἐφ’
713 2687 856 2761 ἡμᾶς
953 2682 1215 2750 πλουσίως
1284 2688 1312 2741 ὁ
1383 2688 1512 2749 Θεὸς
1597 2684 1682 2743 διὰ
1738 2686 1915 2754 Ἰησοῦ

273 2786 524 2858 Χριστοῦ,
558 2782 664 2834 Ποῦ
692 2774 820 2832 ποτέ
863 2774 993 2829 εἰσιν
1039 2774 1086 2829 c1
1140 2772 1310 2830 πάντα
1351 2775 1470 2839 τοῖς
1515 2776 1714 2832 ἑαυτῶν
1756 2774 1910 2853 λογι-

1999 2588 2249 2654 Ubinam
2283 2609 2441 2651 nunc
2463 2601 2622 2662 sunt,
2649 2587 2751 2668 qui
2771 2590 2972 2649 omnia
3021 2593 3142 2650 suis
3184 2590 3650 2671 cogitationibus

1995 2679 2328 2757 indulgent,
2359 2687 2418 2740 et
2446 2677 2733 2760 quidquid
2763 2677 2878 2739 sibi
2904 2675 3250 2740 subvenerit
3289 2680 3351 2742 in
3381 2693 3643 2748 mentem

1994 2769 2052 2830 id
2113 2769 2172 2830 in
2223 2769 2486 2850 qumsitis
2539 2767 2790 2847 singulis
2829 2766 3168 2850 infarciunt,
3227 2777 3286 2832 et
3340 2774 3641 2854 propriam

269 2857 432 2944 σμοῖς
476 2865 866 2945 ἐπιτρέποντες,
898 2864 985 2919 καὶ
1027 2861 1155 2936 ὅπερ
1204 2862 1266 2917 ἂν
1296 2862 1478 2927 αὐτοῖς
1521 2862 1704 2936 δόξειε,
1758 2872 1901 2922 τοῦτ(

1993 2861 2347 2922 sententiam
2371 2869 2435 2921 ut
2456 2859 2650 2938 legem
2694 2857 2970 2947 adamant
3001 2867 3059 2920 et
3087 2863 3503 2940 corroborant,
3541 2866 3642 2947 qui

271 2962 376 3012 τῶν
443 2953 778 3026 ζητουμένων
825 2949 908 3032 ἐφ’
978 2951 1184 3024 ἑκάστῳ
1237 2951 1518 3028 τιθέμενοι,
1579 2955 1665 3009 καὶ
1709 2954 1804 3020 τὴν
1839 2956 1901 3010 01-

1994 2966 2188 3028 neque
2217 2965 2393 3011 aures
2421 2948 2668 3022 dedunt,
2701 2945 2904 3026 siquis
2926 2947 3055 3008 usui
3096 2948 3358 3010 futurum
3393 2968 3462 3013 ex
3496 2945 3638 3032 pro-

271 3045 415 3101 κείαν
456 3043 674 3122 γνώμην
731 3043 805 3104 ὡς
857 3041 1021 3116 νόμον
1071 3038 1376 3118 στέργοντες
1421 3043 1508 3098 καὶ
1537 3041 1901 3120 κρατύνοντες,

1995 3037 2142 3118 priis
2163 3037 2222 3098 in
2252 3037 2516 3098 medium
2542 3035 2890 3136 proferat,et
2915 3054 3049 3097 cum
3074 3037 3287 3098 divinas
3317 3036 3640 3121 Scriptum

270 3135 315 3190 01
345 3134 481 3208 μήτε
511 3130 746 3194 θέλοντες
775 3129 1008 3208 ἒπαΐειν,
1044 3125 1098 3184 εἴ
1125 3125 1226 3184 πού
1251 3150 1333 3194 τις
1361 3130 1449 3186 καὶ
1476 3128 1648 3208 λέγειν
1707 3127 1826 3210 ἔχοι
1856 3153 1901 3186 τι

1994 3131 2422 3206 p'oponuntur,
2457 3124 2618 3187 velut
2649 3123 2811 3204 aspis
2841 3124 2901 3185 in
2934 3124 3393 3188 incantamentis
3415 3133 3637 3193 carmi-

267 3224 539 3303 χρήσιμον
593 3220 826 3292 οἴκοθεν,
885 3219 973 3274 καὶ
1027 3219 1133 3273 τῶν
1187 3218 1338 3274 θείων
1383 3224 1600 3299 Γραφῶν
1641 3240 1901 3292 προτεινο·

1993 3234 2132 3276 num
2159 3231 2336 3276 aures
2366 3212 2732 3276 obstruunt?
2764 3213 2854 3274 En
2887 3213 3046 3274 enim
3077 3213 3138 3274 in
3171 3216 3486 3294 praesentia
3515 3239 3638 3299 prae

268 3302 462 3387 μένων,
498 3313 570 3373 ὡς
623 3309 780 3372 ἀσπὶς
839 3307 904 3363 τὰ
931 3307 1044 3364 ὦτα
1112 3308 1244 3384 πρὸς
1301 3307 1582 3382 ἑπαίσματα
1640 3308 1898 3389 βύοντες;

1987 3308 2105 3380 jam
2137 3303 2311 3366 dictis
2340 3302 2495 3365 aliud
2518 3319 2754 3383 quoque
2785 3302 2998 3380 dogma
3027 3320 3062 3363 a
3091 3303 3288 3366 divino
3318 3305 3430 3365 isto
3461 3308 3638 3372 Patre

267 3399 399 3459 Ἰδοὺ
448 3401 548 3478 γὰρ
596 3397 650 3455 ἓν
691 3404 768 3472 τῷ
807 3397 1027 3475 παρόντι
1069 3397 1200 3472 πρὸς
1258 3409 1375 3458 τοῖς
1418 3394 1623 3469 ῥηθεῖσι
1653 3397 1740 3452 καὶ
1783 3395 1902 3452 ἕτε-

267 3512 358 3569 ρον
417 3486 590 3566 δόγμα
649 3493 724 3561 τῷ
790 3484 912 3558 θείῳ
968 3483 1139 3558 τούτῳ
1181 3485 1344 3562 Πατρὶ
1426 3485 1905 3562 συγκατασκευάζε-

265 3601 378 3654 ται,
423 3579 541 3654 περὶ
599 3579 658 3633 06
711 3573 874 3637 πολὺς
930 3573 1091 3651 λόγος
1149 3571 1407 3637 πολλάκις
1467 3574 1735 3654 ἑκατέροις
1785 3589 1902 3640 τοῖς

265 3667 470 3747 μέρεσι.
531 3670 729 3728 Κοινῶς
785 3663 884 3742 γὰρ
940 3659 1388 3742 ὁμολογουμένου,
1445 3663 1534 3719 καὶ
1584 3665 1726 3741 παρὰ
1773 3670 1901 3720 πᾶσι

260 3765 352 3815 τοῦ
406 3756 506 3823 τὴν
549 3761 643 3812 τοῦ
699 3753 999 3827 Πνξύματος
1054 3751 1314 3832 χορηγίαν
1370 3751 1596 3830 γίνεσθαι
1655 3750 1721 3808 δι’
1783 3755 1903 3812 Υἶοῦ

260 3860 378 3912 τοῖς
447 3855 680 3913 πιστοῖς,
715 3843 762 3898 01
803 3839 1013 3904 πλείους
1083 3839 1276 3915 αὖτῶν,
1309 3839 1400 3896 ’ίνα
1471 3841 1548 3916 μὴ
1602 3839 1742 3918 λέγω
1771 3843 1901 3900 πάν-

258 3957 370 4015 τες,
455 3932 668 4010 ἐπείπερ
737 3928 1176 4008 εὐγνωμονοῦσιν,
1220 3929 1294 3994 ὡς
1369 3931 1600 4008 ἐγῷμαι,
1657 3931 1718 3986 τὸ
1781 3940 1905 4010 γοῦν

257 4025 416 4104 μέρος
485 4021 638 4079 τοῦτό
704 4041 866 4092 τινες,
934 4018 999 4075 τὰ
1051 4024 1144 4074 τοῦ
1225 4017 1528 4093 Πνεύματος
1600 4018 1904 4097 χαρίσματά

259 4135 417 4194 φασιν
445 4107 897 4184 ἀποτετμημένως
951 4105 1274 4186 παρέχεσθαι
1331 4104 1397 4162 δι’
1454 4107 1576 4163 Υἱοῦ
1606 4119 1722 4169 τοῖς
1769 4109 1901 4185 πρὸς

259 4193 346 4266 οὕς
380 4203 442 4258 τὸ
473 4207 682 4276 Πνεῦμα
729 4195 938 4274 λέγεται
985 4193 1210 4252 δίδοσθαι
1241 4211 1256 4226 °
1304 4195 1393 4252 καὶ
1431 4194 1497 4252 τὰ
1542 4194 1640 4264 τῆς
1697 4218 1903 4274 μαρτυ-

1989 3394 2294 3467 astruitur,
2370 3391 2446 3454 de
2523 3411 2642 3472 quo
2722 3409 3132 3472 saepenumero
3215 3391 3289 3454 ab
3347 3395 3636 3460 ambabus

1991 3480 2256 3562 partibus
2289 3480 2510 3542 multus
2564 3480 2948 3560 prolixusque
2997 3497 3197 3543 sermo
3251 3481 3487 3546 babitns
3518 3496 3630 3553 est.

1990 3571 2259 3651 Namque
2289 3589 2424 3632 cum
2458 3569 2617 3648 apud
2676 3587 2884 3630 omnes
2913 3568 2974 3630 in
3033 3569 3305 3632 confesso
3357 3571 3455 3636 sit.
3491 3573 3632 3655 Spi-

1989 3659 2138 3721 ritus
2167 3657 2710 3740 suppeditationem
2763 3675 2869 3738 per
2897 3656 3113 3720 Filium
3145 3659 3278 3721 ﬁeri
3328 3660 3631 3740 ﬁdelibus,

1993 3748 2203 3830 potior,
2237 3748 2584 3810 eorumdem
2619 3765 2776 3828 pars,
2839 3765 2913 3809 ne
2971 3748 3162 3810 dicam
3223 3768 3455 3827 omnes,
3488 3754 3630 3816 dum

1989 3857 2189 3920 aequos
2219 3855 2284 3901 se
2313 3837 2595 3919 praebent,
2631 3847 2697 3900 ut
2744 3837 2872 3916 ipse
2931 3837 3225 3914 existimo,
3287 3840 3442 3902 dona
3491 3845 3632 3925 Spi-

1988 3928 2140 3989 rizus
2187 3937 2482 4001 asserunt,
2537 3935 2824 4008 prmsecta
2897 3927 3244 4009 abcissaque
3325 3931 3476 3994 tradi
3529 3953 3637 4010 ger

1989 4017 2203 4080 Filium
2227 4017 2345 4079 illis
2365 4015 2584 4098 quibus
2623 4016 2753 4079 dari
2797 4015 3053 4098 Spiritus
3109 4017 3346 4094 dicitur,
3381 4029 3438 4082 et
3465 4018 3635 4086 Isaiae

1987 4105 2143 4168 inter
2169 4105 2319 4168 alios
2350 4105 2667 4186 prophetas
2689 4105 3096 4184 magnitudine
3118 4105 3447 4170 dictionum
3483 4130 3628 4190 prae-

1986 4195 2256 4257 cellentis
2310 4194 2650 4256 testimonio
2707 4195 2905 4256 statim
2956 4195 3018 4256 in
3101 4195 3364 4257 medium
3423 4199 3624 4277 allato,

260 4294 398 4372 ρίας,
471 4289 552 4346 ὅτι
605 4289 878 4362 πνεύματα
934 4283 1214 4342 καλοῦνται
1281 4285 1369 4342 καὶ
1448 4285 1514 4340 τὰ
1567 4285 1896 4364 χαρίσματα,

1987 4283 2260 4364 probant,
2294 4283 2448 4345 dona
2472 4283 2729 4372 Spiritus
2747 4281 3034 4372 Spiritum
3055 4284 3364 4364 appellari,
3389 4285 3530 4348 dum
3553 4290 3630 4352 de

256 4365 513 4455 παρέυθὺς
582 4376 667 4434 ἐπὶ
732 4375 975 4456 γλώττης
1018 4374 1070 4440 ἒξ
1116 4365 1338 4431 Ἠσαίου
1388 4381 1480 4431 τοῦ
1525 4372 1900 4456 μεγαλοφωνο-

1991 4373 2240 4436 Domino
2265 4371 2708 4453 praevaticinans
2743 4372 2863 4433 ait:
2907 4370 2990 4434 Et
3016 4375 3395 4452 requieseeut
3447 4393 3633 4458 super

255 4472 419 4529 τάτου
473 4474 580 4525 τῶν
637 4472 947 4546 προφητῶν,
1028 4465 1126 4523 Καὶ
1210 4463 1658 4543 ἔπαναπαύσεται,
1696 4487 1719 4522 ι
1782 4458 1901 4543 περὶ

257 4564 350 4616 τοῦ
421 4554 605 4635 Κυρίου
675 4552 1049 4633 προλέγοντος,
1135 4548 1220 4607 ἐπ’
1303 4552 1458 4609 αὐτὸν
1555 4550 1688 4610 ἐσττᾶ
1743 4553 1873 4608 πνεύ

259 4667 424 4723 ματα,
509 4649 714 4719 πνεῦμα
806 4643 1014 4722 σοφίας,
1089 4645 1296 4717 πνεῦμα
1393 4639 1663 4720 γνώσεως,
1702 4663 1731 4698 ι
1807 4642 1896 4698 καὶ

257 4735 322 4792 τὰ
420 4731 562 4800 ἑξῆς.
641 4738 814 4790 Ταῦτα
894 4737 1017 4811 γοῦν
1087 4728 1355 4810 ὀρέγεσθαι
1431 4726 1499 4785 δι’
1587 4731 1708 4786 Υἱοῦ
1785 4743 1902 4796 τοῖς

256 4819 492 4880 σῦσεϐέσι
540 4821 720 4901 φασὶν,
780 4819 841 4878 o6
898 4822 1006 4896 μὴν
1063 4819 1189 4876 αὒτό
1244 4820 1307 4875 τὸ
1375 4819 1511 4895 μετὰ
1553 4820 1759 4898 Πατρδς
1817 4821 1904 4876 καὶ

254 4912 376 4967 Υίοῦ
431 4908 845 4984 συνταττόμενον
909 4909 997 4965 καὶ
1050 4907 1545 4985 σσναριθμούμενον,
1605 4908 1734 4987 ὅπερ
1815 4904 1904 4966 καὶ

255 4999 384 5063 Θεός
440 4999 552 5056 ἑστι
606 4995 830 5078 τέλειος,
902 4997 1016 5054 ἰπεὶ
1073 4997 1152 5073 μὴ
1203 4995 1423 5056 δυνατὸν
1465 4997 1615 5077 φύσιν
1701 4997 1900 5066 ἆνθρώ-

255 5110 357 5146 που
387 5093 634 5168 χωρῆσαι
681 5087 832 5150 Θιόν.
893 5087 954 5146 Τί
1009 5088 1248 5166 συνάγειν
1300 5085 1530 5144 ἐννεῦθεν
1581 5085 1728 5167 τάχα
1779 5108 1900 5144 πει-

254 5177 522 5254 ρώμενοις
581 5179 654 5236 Τὸ
711 5181 780 5253 τῇ
834 5174 1020 5254 ψευδιῖ
1069 5177 1237 5256 ταύτῃ
1289 5175 1537 5256 προτάσει
1598 5196 1894 5254 συμπεραι-

1984 4479 2122 4524 eum
2141 4463 2395 4542 spiritus
2420 4469 2676 4541 septem,
2696 4460 2951 4540 spiritus
2978 4461 3322 4540 sapientiai,
3367 4463 3629 4542 spiritus

1982 4551 2360 4632 cogitationis
2386 4550 2459 4613 ¹0,
2497 4575 2520 4606 ιο
2551 4550 3232 4630 θιι-θιίουα.Ηαε‹εὶιδουο
3253 4552 3629 4630 suppeditari

1986 4657 2092 4720 per
2118 4638 2331 4702 Filium
2361 4638 2472 4718 piis
2488 4638 2831 4700 hominibus
2857 4639 3117 4712 tradunt,
3153 4657 3272 4699 non
3294 4637 3630 4722 ipsum,qui

1987 4746 2120 4790 cum
2153 4727 2326 4790 Patre
2386 4737 2443 4788 et
2471 4727 2620 4790 Filio
2651 4727 2832 4789 simul
2869 4727 3194 4790 collocatur
3243 4734 3300 4788 et
3327 4745 3626 4793 annume-

1985 4825 2168 4893 ratur,
2201 4817 2510 4898 Spiritum,
2544 4820 2642 4899 qui
2675 4824 2734 4879 et
2760 4818 2922 4880 Deus
2947 4816 3247 4896 perfectus
3269 4819 3623 4896 est,quando

1984 4913 2194 4968 natura
2217 4907 2471 4968 humana
2494 4907 2682 4970 Deum
2707 4923 2922 4986 capere
2949 4925 3066 4967 non
3105 4905 3280 4981 valet,
3303 4906 3450 4987 quid
3482 4907 3626 4972 inde

1984 4995 2221 5058 tandem
2239 5003 2523 5058 conantes
2553 4995 2864 5074 colligere?
2882 4993 3217 5057 Ahsurdum
3244 5013 3461 5077 nempe
3483 4997 3619 5075 hoc,

1982 5085 2135 5166 quod
2182 5085 2325 5146 falsa
2356 5086 2466 5147 ista
2506 5084 2911 5166 propositione
2957 5084 3356 5160 concluditur,
3411 5085 3463 5147 si
3503 5105 3622 5150 non

1981 5193 2092 5256 per
2131 5174 2344 5238 Filium
2375 5173 2633 5258 Spiritus
2662 5173 2858 5252 dignis
2909 5173 3183 5238 exhiberi
3226 5173 3619 5252 existimatur,

252 5265 470 5341 νόμενον
495 5267 708 5332 πάντως
751 5265 949 5323 ἄτοπον
974 5281 989 5296 ⁶
1022 5267 1120 5342 ὡς,
1180 5265 1333 5345 εἴπερ
1368 5263 1446 5341 μὴ
1477 5261 1544 5320 δι’
1578 5267 1698 5322 Υἱοῦ
1733 5287 1894 5345 προσ-

1987 5264 2161 5326 multo
2195 5265 2391 5327 minus
2419 5282 2529 5346 per
2555 5263 2750 5346 ipsum
2770 5263 3061 5326 exsistere
3089 5267 3385 5328 credetur.

253 5355 495 5429 νέμεσθαι
523 5359 584 5414 τὸ
636 5363 846 5433 Πνεῦμα
891 5369 1010 5420 τοῖς
1066 5355 1226 5422 ἀξίοις
1282 5355 1570 5432 νομίζεται,
1629 5352 1811 5436 σχολῇ
1837 5346 1892 5435 γ.

252 5443 315 5501 ἂν
343 5446 600 5528 ὑπάρχειν
628 5443 695 5504 δι’
723 5451 880 5506 αὐτοῦ
908 5447 1336 5517 πιστευθήσεται,

330 5575 389 5628 ίθ
413 5579 507 5643 Isa
535 5594 619 5656 XI,
653 5581 712 5643 2.

455 5746 718 5818 Parnm“
761 5751 878 5818 Gn.
924 5751 1128 5817 CXLI.

3049 5758 3127 5824 34
