  <div class='ocr_page' id='page_1' title='image "/cluster/home/n/w/nwhite01/storage/ocr_20150623/141/mdp.39015078384206/541.png"; bbox 0 0 4176 6290; ppageno 0'>
   <div class='ocr_carea' id='block_1_1' title="bbox 562 311 2179 410">
    <p class='ocr_par' dir='ltr' id='par_1_1' title="bbox 562 311 2176 410">
     <span class='ocr_line' id='line_1_1' title="bbox 562 311 2176 410; baseline -0.006 -3"><span class='ocrx_word' id='word_1_1' title='bbox 562 341 712 410; x_wconf 82' lang='grc'><strong>1067</strong></span> <span class='ocrx_word' id='word_1_2' title='bbox 1682 311 2176 402; x_wconf 70' lang='lat' dir='ltr'><strong>CONSTANTIN</strong></span> 
     </span>
    </p>
   </div>
   <div class='ocr_carea' id='block_1_2' title="bbox 2264 311 3946 410">
    <p class='ocr_par' dir='ltr' id='par_1_2' title="bbox 2264 331 3946 405">
     <span class='ocr_line' id='line_1_2' title="bbox 2264 331 3946 405; baseline 0.004 -9"><span class='ocrx_word' id='word_1_3' title='bbox 2264 335 2310 396; x_wconf 84' lang='grc' dir='ltr'>Μ</span> <span class='ocrx_word' id='word_1_4' title='bbox 2318 331 2594 398; x_wconf 86' lang='lat' dir='ltr'><strong>ELITEN</strong></span> <span class='ocrx_word' id='word_1_5' title='bbox 2603 335 2802 400; x_wconf 65' lang='lat' dir='ltr'><strong>IOTE</strong></span> <span class='ocrx_word' id='word_1_6' title='bbox 3794 338 3946 405; x_wconf 84' lang='grc'><strong>1068</strong></span> 
     </span>
    </p>
   </div>
   <div class='ocr_carea' id='block_1_3' title="bbox 636 465 2179 554">
    <p class='ocr_par' dir='ltr' id='par_1_3' title="bbox 636 468 2179 554">
     <span class='ocr_line' id='line_1_3' title="bbox 636 468 2179 554; baseline -0.01 -14"><span class='ocrx_word' id='word_1_7' title='bbox 636 480 737 542; x_wconf 73' lang='grc'><strong>21.</strong></span> <span class='ocrx_word' id='word_1_8' title='bbox 772 477 889 542; x_wconf 85' lang='lat' dir='ltr'><strong>Sed</strong></span> <span class='ocrx_word' id='word_1_9' title='bbox 919 477 978 539; x_wconf 91' lang='lat' dir='ltr'><strong>id</strong></span> <span class='ocrx_word' id='word_1_10' title='bbox 1041 493 1151 540; x_wconf 90' lang='lat' dir='ltr'><strong>nos</strong></span> <span class='ocrx_word' id='word_1_11' title='bbox 1197 482 1403 540; x_wconf 89' lang='lat' dir='ltr'><strong>contra</strong></span> <span class='ocrx_word' id='word_1_12' title='bbox 1454 471 1833 554; x_wconf 84' lang='lat' dir='ltr'><strong>opponimus,</strong></span> <span class='ocrx_word' id='word_1_13' title='bbox 1901 489 2018 531; x_wconf 92' lang='lat' dir='ltr'><strong>non</strong></span> <span class='ocrx_word' id='word_1_14' title='bbox 2053 468 2179 530; x_wconf 65' lang='lat' dir='ltr'><strong>don;</strong></span> 
     </span>
    </p>
   </div>
   <div class='ocr_carea' id='block_1_4' title="bbox 2264 465 3942 554">
    <p class='ocr_par' dir='ltr' id='par_1_4' title="bbox 2264 465 3942 552">
     <span class='ocr_line' id='line_1_4' title="bbox 2264 465 3942 552; baseline 0.005 -33"><span class='ocrx_word' id='word_1_15' title='bbox 2264 513 2266 519; x_wconf 97' lang='lat'>.</span> <span class='ocrx_word' id='word_1_16' title='bbox 2368 465 2485 546; x_wconf 86' lang='grc' dir='ltr'>κα¹,</span> <span class='ocrx_word' id='word_1_17' title='bbox 2519 469 2656 544; x_wconf 79' lang='grc' dir='ltr'>Πρὸς</span> <span class='ocrx_word' id='word_1_18' title='bbox 2687 471 2774 533; x_wconf 82' lang='grc' dir='ltr'><strong>οὒς</strong></span> <span class='ocrx_word' id='word_1_19' title='bbox 2831 471 2994 545; x_wconf 74' lang='grc' dir='ltr'>ἡμεῖς</span> <span class='ocrx_word' id='word_1_20' title='bbox 3051 470 3515 552; x_wconf 73' lang='grc' dir='ltr'>ἀντιφθεγγόμενοι</span> <span class='ocrx_word' id='word_1_21' title='bbox 3571 471 3819 551; x_wconf 79' lang='grc' dir='ltr'>λέγομεν,</span> <span class='ocrx_word' id='word_1_22' title='bbox 3869 473 3942 530; x_wconf 72' lang='lat'><strong>05</strong></span> 
     </span>
    </p>
   </div>
   <div class='ocr_carea' id='block_1_5' title="bbox 554 553 2179 647">
    <p class='ocr_par' dir='ltr' id='par_1_5' title="bbox 554 553 2179 647">
     <span class='ocr_line' id='line_1_5' title="bbox 554 553 2179 647; baseline -0.007 -18"><span class='ocrx_word' id='word_1_23' title='bbox 554 567 808 647; x_wconf 84' lang='lat' dir='ltr'><strong>Spiritus</strong></span> <span class='ocrx_word' id='word_1_24' title='bbox 864 576 1160 647; x_wconf 83' lang='lat' dir='ltr'><strong>separata,</strong></span> <span class='ocrx_word' id='word_1_25' title='bbox 1221 567 1335 628; x_wconf 92' lang='lat' dir='ltr'><strong>hoc</strong></span> <span class='ocrx_word' id='word_1_26' title='bbox 1401 553 1657 644; x_wconf 77' lang='lat' dir='ltr'><strong>namque</strong></span> <span class='ocrx_word' id='word_1_27' title='bbox 1737 561 1925 642; x_wconf 80' lang='lat' dir='ltr'><strong>ipsam</strong></span> <span class='ocrx_word' id='word_1_28' title='bbox 2014 560 2179 622; x_wconf 66' lang='lat' dir='ltr'><strong>ferme</strong></span> 
     </span>
    </p>
   </div>
   <div class='ocr_carea' id='block_1_6' title="bbox 2264 553 3938 647">
    <p class='ocr_par' dir='ltr' id='par_1_6' title="bbox 2285 553 3938 640">
     <span class='ocr_line' id='line_1_6' title="bbox 2285 553 3938 640; baseline 0.004 -31"><span class='ocrx_word' id='word_1_29' title='bbox 2285 553 2351 609; x_wconf 83' lang='grc' dir='ltr'><strong>τὰ</strong></span> <span class='ocrx_word' id='word_1_30' title='bbox 2417 557 2725 634; x_wconf 71' lang='grc' dir='ltr'><strong>χαρίσματα</strong></span> <span class='ocrx_word' id='word_1_31' title='bbox 2796 567 2889 615; x_wconf 88' lang='grc' dir='ltr'><strong>τοῦ</strong></span> <span class='ocrx_word' id='word_1_32' title='bbox 2970 560 3272 635; x_wconf 71' lang='grc' dir='ltr'>Πνεύματος</span> <span class='ocrx_word' id='word_1_33' title='bbox 3343 558 3694 640; x_wconf 76' lang='grc' dir='ltr'>διαιρούμενα,</span> <span class='ocrx_word' id='word_1_34' title='bbox 3784 569 3938 618; x_wconf 84' lang='grc' dir='ltr'>τοῦτο</span> 
     </span>
    </p>
   </div>
   <div class='ocr_carea' id='block_1_7' title="bbox 555 647 2200 736">
    <p class='ocr_par' dir='ltr' id='par_1_7' title="bbox 555 647 2200 736">
     <span class='ocr_line' id='line_1_7' title="bbox 555 647 2200 736; baseline -0.005 -20"><span class='ocrx_word' id='word_1_35' title='bbox 555 655 836 736; x_wconf 77' lang='lat' dir='ltr'><strong>pietatem</strong></span> <span class='ocrx_word' id='word_1_36' title='bbox 867 659 1152 730; x_wconf 81' lang='lat' dir='ltr'><strong>vulnerat,</strong></span> <span class='ocrx_word' id='word_1_37' title='bbox 1189 673 1295 736; x_wconf 91' lang='lat' dir='ltr'><strong>per</strong></span> <span class='ocrx_word' id='word_1_38' title='bbox 1342 653 1556 718; x_wconf 89' lang='lat' dir='ltr'><strong>Filium</strong></span> <span class='ocrx_word' id='word_1_39' title='bbox 1591 650 1868 712; x_wconf 83' lang='lat' dir='ltr'><strong>ﬁdelibus</strong></span> <span class='ocrx_word' id='word_1_40' title='bbox 1898 649 2061 722; x_wconf 86' lang='lat' dir='ltr'><strong>dedi,</strong></span> <span class='ocrx_word' id='word_1_41' title='bbox 2096 647 2200 710; x_wconf 86' lang='lat' dir='ltr'><strong>sed</strong></span> 
     </span>
    </p>
   </div>
   <div class='ocr_carea' id='block_1_8' title="bbox 553 738 2198 825">
    <p class='ocr_par' dir='ltr' id='par_1_8' title="bbox 553 738 2198 825">
     <span class='ocr_line' id='line_1_8' title="bbox 553 738 2198 825; baseline -0.007 -18"><span class='ocrx_word' id='word_1_42' title='bbox 553 742 839 825; x_wconf 84' lang='lat' dir='ltr'><strong>Spiritum</strong></span> <span class='ocrx_word' id='word_1_43' title='bbox 871 745 1065 825; x_wconf 75' lang='lat' dir='ltr'><strong>ipsum</strong></span> <span class='ocrx_word' id='word_1_44' title='bbox 1092 752 1385 818; x_wconf 88' lang='lat' dir='ltr'><strong>sanctum,</strong></span> <span class='ocrx_word' id='word_1_45' title='bbox 1412 741 1511 823; x_wconf 91' lang='lat' dir='ltr'><strong>qui</strong></span> <span class='ocrx_word' id='word_1_46' title='bbox 1539 739 1795 825; x_wconf 85' lang='lat' dir='ltr'><strong>complet</strong></span> <span class='ocrx_word' id='word_1_47' title='bbox 1824 738 2198 809; x_wconf 84' lang='lat' dir='ltr'><strong>Trinitatem,</strong></span> 
     </span>
    </p>
   </div>
   <div class='ocr_carea' id='block_1_9' title="bbox 550 824 2203 914">
    <p class='ocr_par' dir='ltr' id='par_1_9' title="bbox 550 824 2203 914">
     <span class='ocr_line' id='line_1_9' title="bbox 550 824 2203 914; baseline -0.006 -18"><span class='ocrx_word' id='word_1_48' title='bbox 550 824 612 896; x_wconf 76' lang='lat' dir='ltr'><strong>et</strong></span> <span class='ocrx_word' id='word_1_49' title='bbox 631 835 733 914; x_wconf 90' lang='lat' dir='ltr'><strong>qui</strong></span> <span class='ocrx_word' id='word_1_50' title='bbox 755 824 1135 912; x_wconf 74' lang='lat' dir='ltr'><strong>singulariter</strong></span> <span class='ocrx_word' id='word_1_51' title='bbox 1156 832 1542 894; x_wconf 87' lang='lat' dir='ltr'><strong>denuntiatur</strong></span> <span class='ocrx_word' id='word_1_52' title='bbox 1560 828 1671 910; x_wconf 90' lang='lat' dir='ltr'><strong>piis</strong></span> <span class='ocrx_word' id='word_1_53' title='bbox 1714 824 2061 889; x_wconf 88' lang='lat' dir='ltr'><strong>hominibus</strong></span> <span class='ocrx_word' id='word_1_54' title='bbox 2097 845 2203 906; x_wconf 87' lang='lat' dir='ltr'><strong>per</strong></span> 
     </span>
    </p>
   </div>
   <div class='ocr_carea' id='block_1_10' title="bbox 549 916 2198 996">
    <p class='ocr_par' dir='ltr' id='par_1_10' title="bbox 549 916 2198 996">
     <span class='ocr_line' id='line_1_10' title="bbox 549 916 2198 996; baseline -0.005 -13"><span class='ocrx_word' id='word_1_55' title='bbox 549 921 764 984; x_wconf 88' lang='lat' dir='ltr'><strong>Filium</strong></span> <span class='ocrx_word' id='word_1_56' title='bbox 799 923 950 996; x_wconf 91' lang='lat' dir='ltr'><strong>dari,</strong></span> <span class='ocrx_word' id='word_1_57' title='bbox 977 921 1357 983; x_wconf 89' lang='lat' dir='ltr'><strong>habitualiter</strong></span> <span class='ocrx_word' id='word_1_58' title='bbox 1376 919 1683 982; x_wconf 83' lang='lat' dir='ltr'><strong>habitare:</strong></span> <span class='ocrx_word' id='word_1_59' title='bbox 1721 925 1778 980; x_wconf 92' lang='lat' dir='ltr'><strong>et</strong></span> <span class='ocrx_word' id='word_1_60' title='bbox 1825 916 1912 978; x_wconf 89' lang='lat' dir='ltr'><strong>sic</strong></span> <span class='ocrx_word' id='word_1_61' title='bbox 1936 917 2035 978; x_wconf 91' lang='lat' dir='ltr'><strong>ille</strong></span> <span class='ocrx_word' id='word_1_62' title='bbox 2060 934 2198 995; x_wconf 88' lang='lat' dir='ltr'><strong>pro-</strong></span> 
     </span>
    </p>
   </div>
   <div class='ocr_carea' id='block_1_11' title="bbox 551 1007 2199 1090">
    <p class='ocr_par' dir='ltr' id='par_1_11' title="bbox 551 1007 2199 1090">
     <span class='ocr_line' id='line_1_11' title="bbox 551 1007 2199 1090; baseline -0.004 -18"><span class='ocrx_word' id='word_1_63' title='bbox 551 1011 814 1090; x_wconf 87' lang='lat' dir='ltr'><strong>priorum</strong></span> <span class='ocrx_word' id='word_1_64' title='bbox 847 1011 1139 1073; x_wconf 90' lang='lat' dir='ltr'><strong>donorum</strong></span> <span class='ocrx_word' id='word_1_65' title='bbox 1180 1011 1472 1072; x_wconf 77' lang='lat' dir='ltr'><strong>actionem</strong></span> <span class='ocrx_word' id='word_1_66' title='bbox 1506 1007 1775 1079; x_wconf 77' lang='lat' dir='ltr'><strong>effundit,</strong></span> <span class='ocrx_word' id='word_1_67' title='bbox 1830 1015 1896 1068; x_wconf 89' lang='lat' dir='ltr'><strong>ut</strong></span> <span class='ocrx_word' id='word_1_68' title='bbox 1953 1024 2199 1084; x_wconf 84' lang='lat' dir='ltr'><strong>magnus</strong></span> 
     </span>
    </p>
   </div>
   <div class='ocr_carea' id='block_1_12' title="bbox 549 1095 2199 1171">
    <p class='ocr_par' dir='ltr' id='par_1_12' title="bbox 549 1095 2199 1171">
     <span class='ocr_line' id='line_1_12' title="bbox 549 1095 2199 1171; baseline -0.004 -10"><span class='ocrx_word' id='word_1_69' title='bbox 549 1098 826 1171; x_wconf 85' lang='lat' dir='ltr'><strong>Basilius,</strong></span> <span class='ocrx_word' id='word_1_70' title='bbox 884 1101 1171 1162; x_wconf 73' lang='lat' dir='ltr'><strong>effrenata</strong></span> <span class='ocrx_word' id='word_1_71' title='bbox 1225 1099 1399 1161; x_wconf 90' lang='lat' dir='ltr'><strong>nobis</strong></span> <span class='ocrx_word' id='word_1_72' title='bbox 1472 1095 2006 1159; x_wconf 89' lang='lat' dir='ltr'><strong>contradicentium</strong></span> <span class='ocrx_word' id='word_1_73' title='bbox 2093 1112 2199 1155; x_wconf 88' lang='lat' dir='ltr'><strong>ora</strong></span> 
     </span>
    </p>
   </div>
   <div class='ocr_carea' id='block_1_13' title="bbox 547 1183 2194 1252">
    <p class='ocr_par' dir='ltr' id='par_1_13' title="bbox 547 1183 2194 1252">
     <span class='ocr_line' id='line_1_13' title="bbox 547 1183 2194 1252; baseline -0.004 -2"><span class='ocrx_word' id='word_1_74' title='bbox 547 1187 835 1252; x_wconf 89' lang='lat' dir='ltr'><strong>obturans</strong></span> <span class='ocrx_word' id='word_1_75' title='bbox 864 1190 1152 1251; x_wconf 85' lang='lat' dir='ltr'><strong>enuntiat.</strong></span> <span class='ocrx_word' id='word_1_76' title='bbox 1189 1188 1375 1250; x_wconf 90' lang='lat' dir='ltr'><strong>Deum</strong></span> <span class='ocrx_word' id='word_1_77' title='bbox 1407 1206 1546 1249; x_wconf 88' lang='lat' dir='ltr'><strong>vero</strong></span> <span class='ocrx_word' id='word_1_78' title='bbox 1604 1187 1666 1247; x_wconf 90' lang='lat' dir='ltr'><strong>in</strong></span> <span class='ocrx_word' id='word_1_79' title='bbox 1726 1183 2072 1246; x_wconf 86' lang='lat' dir='ltr'><strong>hominibus</strong></span> <span class='ocrx_word' id='word_1_80' title='bbox 2097 1183 2194 1244; x_wconf 87' lang='lat' dir='ltr'><strong>in-</strong></span> 
     </span>
    </p>
   </div>
   <div class='ocr_carea' id='block_1_14' title="bbox 549 1273 2199 1357">
    <p class='ocr_par' dir='ltr' id='par_1_14' title="bbox 549 1273 2199 1357">
     <span class='ocr_line' id='line_1_14' title="bbox 549 1273 2199 1357; baseline -0.004 -17"><span class='ocrx_word' id='word_1_81' title='bbox 549 1277 815 1340; x_wconf 85' lang='lat' dir='ltr'><strong>habitare</strong></span> <span class='ocrx_word' id='word_1_82' title='bbox 839 1277 1122 1357; x_wconf 90' lang='lat' dir='ltr'><strong>scriptum</strong></span> <span class='ocrx_word' id='word_1_83' title='bbox 1156 1285 1270 1347; x_wconf 87' lang='lat' dir='ltr'><strong>est,</strong></span> <span class='ocrx_word' id='word_1_84' title='bbox 1298 1278 1371 1339; x_wconf 94' lang='lat' dir='ltr'><strong>de</strong></span> <span class='ocrx_word' id='word_1_85' title='bbox 1426 1277 1519 1357; x_wconf 89' lang='lat' dir='ltr'><strong>iis,</strong></span> <span class='ocrx_word' id='word_1_86' title='bbox 1573 1276 1672 1356; x_wconf 90' lang='lat' dir='ltr'><strong>qui</strong></span> <span class='ocrx_word' id='word_1_87' title='bbox 1732 1281 1864 1355; x_wconf 91' lang='lat' dir='ltr'><strong>post</strong></span> <span class='ocrx_word' id='word_1_88' title='bbox 1915 1273 2107 1351; x_wconf 82' lang='lat' dir='ltr'><strong>legem</strong></span> <span class='ocrx_word' id='word_1_89' title='bbox 2138 1280 2199 1334; x_wconf 91' lang='lat' dir='ltr'><strong>et</strong></span> 
     </span>
    </p>
   </div>
   <div class='ocr_carea' id='block_1_15' title="bbox 545 1361 2195 1447">
    <p class='ocr_par' dir='ltr' id='par_1_15' title="bbox 545 1361 2195 1447">
     <span class='ocr_line' id='line_1_15' title="bbox 545 1361 2195 1447; baseline -0.002 -19"><span class='ocrx_word' id='word_1_90' title='bbox 545 1374 682 1428; x_wconf 88' lang='lat' dir='ltr'><strong>ante</strong></span> <span class='ocrx_word' id='word_1_91' title='bbox 703 1365 950 1447; x_wconf 83' lang='lat' dir='ltr'><strong>gratiam</strong></span> <span class='ocrx_word' id='word_1_92' title='bbox 975 1367 1500 1447; x_wconf 87' lang='lat' dir='ltr'><strong>complacuerunt:</strong></span> <span class='ocrx_word' id='word_1_93' title='bbox 1541 1390 1568 1420; x_wconf 74' lang='grc' dir='ltr'><strong>α</strong></span> <span class='ocrx_word' id='word_1_94' title='bbox 1605 1361 1962 1425; x_wconf 84' lang='lat' dir='ltr'><strong>Inhabitabo</strong></span> <span class='ocrx_word' id='word_1_95' title='bbox 1982 1364 2048 1423; x_wconf 82' lang='lat' dir='ltr'><strong>in</strong></span> <span class='ocrx_word' id='word_1_96' title='bbox 2066 1361 2195 1424; x_wconf 81' lang='lat' dir='ltr'><strong>illis</strong></span> 
     </span>
    </p>
   </div>
   <div class='ocr_carea' id='block_1_16' title="bbox 545 1448 2191 1536">
    <p class='ocr_par' dir='ltr' id='par_1_16' title="bbox 545 1448 2191 1536">
     <span class='ocr_line' id='line_1_16' title="bbox 545 1448 2191 1536; baseline -0.004 -20"><span class='ocrx_word' id='word_1_97' title='bbox 545 1463 607 1516; x_wconf 86' lang='lat' dir='ltr'><strong>et</strong></span> <span class='ocrx_word' id='word_1_98' title='bbox 635 1454 1109 1518; x_wconf 68' lang='lat' dir='ltr'><strong>inambulatio“.</strong></span> <span class='ocrx_word' id='word_1_99' title='bbox 1143 1481 1170 1511; x_wconf 74' lang='grc' dir='ltr'>ι)</span> <span class='ocrx_word' id='word_1_100' title='bbox 1196 1455 1281 1517; x_wconf 92' lang='lat' dir='ltr'><strong>De</strong></span> <span class='ocrx_word' id='word_1_101' title='bbox 1298 1452 1580 1536; x_wconf 88' lang='lat' dir='ltr'><strong>apostolis</strong></span> <span class='ocrx_word' id='word_1_102' title='bbox 1601 1453 1660 1513; x_wconf 92' lang='lat' dir='ltr'><strong>in</strong></span> <span class='ocrx_word' id='word_1_103' title='bbox 1683 1448 2015 1528; x_wconf 79' lang='lat' dir='ltr'><strong>Evangeliis</strong></span> <span class='ocrx_word' id='word_1_104' title='bbox 2057 1449 2191 1511; x_wconf 81' lang='lat' dir='ltr'><strong>Sal-</strong></span> 
     </span>
    </p>
   </div>
   <div class='ocr_carea' id='block_1_17' title="bbox 542 1536 2192 1618">
    <p class='ocr_par' dir='ltr' id='par_1_17' title="bbox 542 1536 2192 1618">
     <span class='ocr_line' id='line_1_17' title="bbox 542 1536 2192 1618; baseline -0.002 -16"><span class='ocrx_word' id='word_1_105' title='bbox 542 1552 708 1604; x_wconf 85' lang='lat' dir='ltr'><strong>vator</strong></span> <span class='ocrx_word' id='word_1_106' title='bbox 728 1551 928 1605; x_wconf 87' lang='lat' dir='ltr'><strong>noster</strong></span> <span class='ocrx_word' id='word_1_107' title='bbox 949 1543 1024 1607; x_wconf 89' lang='lat' dir='ltr'><strong>de</strong></span> <span class='ocrx_word' id='word_1_108' title='bbox 1044 1544 1156 1606; x_wconf 90' lang='lat' dir='ltr'><strong>hoc</strong></span> <span class='ocrx_word' id='word_1_109' title='bbox 1180 1561 1518 1605; x_wconf 90' lang='lat' dir='ltr'><strong>sermonem</strong></span> <span class='ocrx_word' id='word_1_110' title='bbox 1539 1539 1765 1603; x_wconf 89' lang='lat' dir='ltr'><strong>habens</strong></span> <span class='ocrx_word' id='word_1_111' title='bbox 1805 1537 1974 1618; x_wconf 81' lang='lat' dir='ltr'><strong>dixit,</strong></span> <span class='ocrx_word' id='word_1_112' title='bbox 2011 1558 2038 1598; x_wconf 83' lang='grc'><strong>‹</strong></span> <span class='ocrx_word' id='word_1_113' title='bbox 2058 1536 2192 1616; x_wconf 88' lang='lat' dir='ltr'><strong>Ego</strong></span> 
     </span>
    </p>
   </div>
   <div class='ocr_carea' id='block_1_18' title="bbox 541 1627 2190 1706">
    <p class='ocr_par' dir='ltr' id='par_1_18' title="bbox 541 1627 2190 1706">
     <span class='ocr_line' id='line_1_18' title="bbox 541 1627 2190 1706; baseline -0.004 -12"><span class='ocrx_word' id='word_1_114' title='bbox 541 1638 598 1694; x_wconf 85' lang='lat' dir='ltr'><strong>et</strong></span> <span class='ocrx_word' id='word_1_115' title='bbox 655 1631 839 1695; x_wconf 86' lang='lat' dir='ltr'><strong>Pater</strong></span> <span class='ocrx_word' id='word_1_116' title='bbox 899 1638 1232 1705; x_wconf 77' lang='lat' dir='ltr'><strong>veniemus,</strong></span> <span class='ocrx_word' id='word_1_117' title='bbox 1287 1639 1344 1695; x_wconf 87' lang='lat' dir='ltr'><strong>et</strong></span> <span class='ocrx_word' id='word_1_118' title='bbox 1399 1631 1776 1692; x_wconf 75' lang='lat' dir='ltr'><strong>mansionem</strong></span> <span class='ocrx_word' id='word_1_119' title='bbox 1834 1627 1998 1706; x_wconf 88' lang='lat' dir='ltr'><strong>apud</strong></span> <span class='ocrx_word' id='word_1_120' title='bbox 2051 1644 2190 1688; x_wconf 88' lang='lat' dir='ltr'><strong>eum</strong></span> 
     </span>
    </p>
   </div>
   <div class='ocr_carea' id='block_1_19' title="bbox 2285 644 3934 728">
    <p class='ocr_par' dir='ltr' id='par_1_19' title="bbox 2285 644 3934 728">
     <span class='ocr_line' id='line_1_19' title="bbox 2285 644 3934 728; baseline 0.004 -29"><span class='ocrx_word' id='word_1_121' title='bbox 2285 644 2384 722; x_wconf 80' lang='grc' dir='ltr'><strong>γὰρ</strong></span> <span class='ocrx_word' id='word_1_122' title='bbox 2431 646 2503 710; x_wconf 76' lang='grc' dir='ltr'>εἷς</span> <span class='ocrx_word' id='word_1_123' title='bbox 2555 646 2722 715; x_wconf 69' lang='grc' dir='ltr'>αὐτὴν</span> <span class='ocrx_word' id='word_1_124' title='bbox 2773 649 3082 726; x_wconf 75' lang='grc' dir='ltr'>προσκρούει</span> <span class='ocrx_word' id='word_1_125' title='bbox 3141 647 3334 728; x_wconf 82' lang='grc' dir='ltr'>σχεδὸν</span> <span class='ocrx_word' id='word_1_126' title='bbox 3381 651 3479 719; x_wconf 75' lang='grc' dir='ltr'><strong>τήν</strong></span> <span class='ocrx_word' id='word_1_127' title='bbox 3533 647 3820 722; x_wconf 68' lang='grc' dir='ltr'>εὖσέόειαν,</span> <span class='ocrx_word' id='word_1_128' title='bbox 3869 648 3934 705; x_wconf 80' lang='grc' dir='ltr'>δι’</span> 
     </span>
    </p>
   </div>
   <div class='ocr_carea' id='block_1_20' title="bbox 2287 732 3934 814">
    <p class='ocr_par' dir='ltr' id='par_1_20' title="bbox 2287 732 3934 814">
     <span class='ocr_line' id='line_1_20' title="bbox 2287 732 3934 814; baseline 0.004 -26"><span class='ocrx_word' id='word_1_129' title='bbox 2287 735 2406 792; x_wconf 77' lang='grc' dir='ltr'>Υἱοῦ</span> <span class='ocrx_word' id='word_1_130' title='bbox 2433 732 2734 810; x_wconf 76' lang='grc' dir='ltr'>βραϐεύεται</span> <span class='ocrx_word' id='word_1_131' title='bbox 2790 751 2908 802; x_wconf 82' lang='grc' dir='ltr'>τοῖς</span> <span class='ocrx_word' id='word_1_132' title='bbox 2968 750 3201 812; x_wconf 81' lang='grc' dir='ltr'>πιστοῖς,</span> <span class='ocrx_word' id='word_1_133' title='bbox 3263 736 3398 794; x_wconf 79' lang='grc' dir='ltr'>ἀλλὰ</span> <span class='ocrx_word' id='word_1_134' title='bbox 3439 739 3568 794; x_wconf 72' lang='grc' dir='ltr'>αἰρτὸ</span> <span class='ocrx_word' id='word_1_135' title='bbox 3608 740 3670 796; x_wconf 86' lang='lat'><strong>16</strong></span> <span class='ocrx_word' id='word_1_136' title='bbox 3721 741 3934 814; x_wconf 79' lang='grc' dir='ltr'>Πνεῦμα</span> 
     </span>
    </p>
   </div>
   <div class='ocr_carea' id='block_1_21' title="bbox 2283 821 3932 906">
    <p class='ocr_par' dir='ltr' id='par_1_21' title="bbox 2283 821 3932 906">
     <span class='ocr_line' id='line_1_21' title="bbox 2283 821 3932 906; baseline 0.005 -29"><span class='ocrx_word' id='word_1_137' title='bbox 2283 823 2343 877; x_wconf 82' lang='grc' dir='ltr'>τὸ</span> <span class='ocrx_word' id='word_1_138' title='bbox 2373 821 2544 899; x_wconf 74' lang='grc' dir='ltr'>ἅγιον,</span> <span class='ocrx_word' id='word_1_139' title='bbox 2619 827 2679 880; x_wconf 87' lang='lat'><strong>16</strong></span> <span class='ocrx_word' id='word_1_140' title='bbox 2731 825 2825 892; x_wconf 72' lang='grc' dir='ltr'><strong>τῆς</strong></span> <span class='ocrx_word' id='word_1_141' title='bbox 2881 825 3096 905; x_wconf 81' lang='grc' dir='ltr'>Τριάδος</span> <span class='ocrx_word' id='word_1_142' title='bbox 3154 825 3622 905; x_wconf 69' lang='grc' dir='ltr'><strong>συμπληρωτικὸν,</strong></span> <span class='ocrx_word' id='word_1_143' title='bbox 3673 825 3802 906; x_wconf 77' lang='grc' dir='ltr'>ὅπερ</span> <span class='ocrx_word' id='word_1_144' title='bbox 3843 835 3932 887; x_wconf 81' lang='grc' dir='ltr'>καὶ</span> 
     </span>
    </p>
   </div>
   <div class='ocr_carea' id='block_1_22' title="bbox 2283 910 3930 994">
    <p class='ocr_par' dir='ltr' id='par_1_22' title="bbox 2283 910 3930 994">
     <span class='ocr_line' id='line_1_22' title="bbox 2283 910 3930 994; baseline 0.002 -28"><span class='ocrx_word' id='word_1_145' title='bbox 2283 910 2581 986; x_wconf 81' lang='grc' dir='ltr'><strong>μοναδικῶς</strong></span> <span class='ocrx_word' id='word_1_146' title='bbox 2622 912 3018 994; x_wconf 79' lang='grc' dir='ltr'>ἐξαγγέλλεται,</span> <span class='ocrx_word' id='word_1_147' title='bbox 3077 915 3480 994; x_wconf 74' lang='grc' dir='ltr'>χορηγούμενον</span> <span class='ocrx_word' id='word_1_148' title='bbox 3547 913 3614 971; x_wconf 86' lang='grc' dir='ltr'>δι’</span> <span class='ocrx_word' id='word_1_149' title='bbox 3659 915 3780 971; x_wconf 66' lang='lat' dir='ltr'><strong>rio-3</strong></span> <span class='ocrx_word' id='word_1_150' title='bbox 3807 928 3930 978; x_wconf 87' lang='grc' dir='ltr'>τοῖς</span> 
     </span>
    </p>
   </div>
   <div class='ocr_carea' id='block_1_23' title="bbox 2282 999 3926 1084">
    <p class='ocr_par' dir='ltr' id='par_1_23' title="bbox 2282 999 3926 1084">
     <span class='ocr_line' id='line_1_23' title="bbox 2282 999 3926 1084; baseline 0.002 -27"><span class='ocrx_word' id='word_1_151' title='bbox 2282 999 2545 1060; x_wconf 77' lang='grc' dir='ltr'>εὖσεϐέσιν</span> <span class='ocrx_word' id='word_1_152' title='bbox 2575 1005 2714 1059; x_wconf 75' lang='grc' dir='ltr'>οἰκεῖ</span> <span class='ocrx_word' id='word_1_153' title='bbox 2774 1011 3038 1084; x_wconf 80' lang='grc' dir='ltr'>σχετικῶς</span> <span class='ocrx_word' id='word_1_154' title='bbox 3077 1021 3088 1033; x_wconf 90' lang='grc'><strong>·</strong></span> <span class='ocrx_word' id='word_1_155' title='bbox 3153 1005 3240 1061; x_wconf 81' lang='grc' dir='ltr'><strong>καὶ</strong></span> <span class='ocrx_word' id='word_1_156' title='bbox 3304 1001 3467 1066; x_wconf 64' lang='grc' dir='ltr'>οὕτως</span> <span class='ocrx_word' id='word_1_157' title='bbox 3523 1003 3699 1060; x_wconf 80' lang='grc' dir='ltr'>’έκεῖνο</span> <span class='ocrx_word' id='word_1_158' title='bbox 3738 1006 3926 1083; x_wconf 83' lang='grc' dir='ltr'>πηγᾶ-</span> 
     </span>
    </p>
   </div>
   <div class='ocr_carea' id='block_1_24' title="bbox 2279 1092 3928 1174">
    <p class='ocr_par' dir='ltr' id='par_1_24' title="bbox 2279 1092 3928 1174">
     <span class='ocr_line' id='line_1_24' title="bbox 2279 1092 3928 1174; baseline 0.002 -28"><span class='ocrx_word' id='word_1_159' title='bbox 2279 1097 2354 1161; x_wconf 82' lang='grc' dir='ltr'><strong>ζει</strong></span> <span class='ocrx_word' id='word_1_160' title='bbox 2423 1092 2518 1160; x_wconf 78' lang='grc' dir='ltr'>τὴν</span> <span class='ocrx_word' id='word_1_161' title='bbox 2576 1099 2680 1149; x_wconf 84' lang='grc' dir='ltr'>τῶν</span> <span class='ocrx_word' id='word_1_162' title='bbox 2738 1094 2941 1150; x_wconf 80' lang='grc' dir='ltr'>οἰκείων</span> <span class='ocrx_word' id='word_1_163' title='bbox 2983 1094 3334 1172; x_wconf 73' lang='grc' dir='ltr'><strong>χαρισμάτων</strong></span> <span class='ocrx_word' id='word_1_164' title='bbox 3418 1093 3702 1174; x_wconf 69' lang='grc' dir='ltr'>ἐνέργειαν,</span> <span class='ocrx_word' id='word_1_165' title='bbox 3750 1094 3828 1158; x_wconf 85' lang='grc' dir='ltr'>ὡς</span> <span class='ocrx_word' id='word_1_166' title='bbox 3900 1096 3928 1150; x_wconf 98' lang='lat'><strong>6</strong></span> 
     </span>
    </p>
   </div>
   <div class='ocr_carea' id='block_1_25' title="bbox 2279 1179 3928 1263">
    <p class='ocr_par' dir='ltr' id='par_1_25' title="bbox 2279 1179 3928 1263">
     <span class='ocr_line' id='line_1_25' title="bbox 2279 1179 3928 1263; baseline 0.002 -29"><span class='ocrx_word' id='word_1_167' title='bbox 2279 1179 2446 1258; x_wconf 80' lang='grc' dir='ltr'><strong>μέγας</strong></span> <span class='ocrx_word' id='word_1_168' title='bbox 2531 1181 2800 1247; x_wconf 80' lang='grc' dir='ltr'>Βασίλειος</span> <span class='ocrx_word' id='word_1_169' title='bbox 2861 1181 3099 1262; x_wconf 74' lang='grc' dir='ltr'>εἴρηκεν,</span> <span class='ocrx_word' id='word_1_170' title='bbox 3161 1181 3472 1263; x_wconf 81' lang='grc' dir='ltr'>έμφράττων</span> <span class='ocrx_word' id='word_1_171' title='bbox 3518 1185 3585 1239; x_wconf 78' lang='grc' dir='ltr'><strong>τα</strong></span> <span class='ocrx_word' id='word_1_172' title='bbox 3640 1191 3747 1240; x_wconf 80' lang='grc' dir='ltr'>τῶν</span> <span class='ocrx_word' id='word_1_173' title='bbox 3789 1186 3928 1258; x_wconf 75' lang='grc' dir='ltr'>ἡμῖν</span> 
     </span>
    </p>
   </div>
   <div class='ocr_carea' id='block_1_26' title="bbox 2280 1268 3928 1348">
    <p class='ocr_par' dir='ltr' id='par_1_26' title="bbox 2280 1268 3928 1348">
     <span class='ocr_line' id='line_1_26' title="bbox 2280 1268 3928 1348; baseline 0.002 -25"><span class='ocrx_word' id='word_1_174' title='bbox 2280 1268 2657 1348; x_wconf 79' lang='grc' dir='ltr'><strong>ἀντιλεγόντων</strong></span> <span class='ocrx_word' id='word_1_175' title='bbox 2715 1269 2767 1326; x_wconf 80' lang='grc' dir='ltr'><strong>έν</strong></span> <span class='ocrx_word' id='word_1_176' title='bbox 2823 1275 3026 1335; x_wconf 84' lang='grc' dir='ltr'>τούτοις</span> <span class='ocrx_word' id='word_1_177' title='bbox 3085 1269 3339 1327; x_wconf 74' lang='grc' dir='ltr'>ἀπύλωτα</span> <span class='ocrx_word' id='word_1_178' title='bbox 3394 1271 3656 1346; x_wconf 81' lang='grc' dir='ltr'>στύματα,</span> <span class='ocrx_word' id='word_1_179' title='bbox 3721 1271 3848 1348; x_wconf 85' lang='grc' dir='ltr'>Περὶ</span> <span class='ocrx_word' id='word_1_180' title='bbox 3873 1269 3928 1326; x_wconf 77' lang='grc' dir='ltr'><strong>δὲ</strong></span> 
     </span>
    </p>
   </div>
   <div class='ocr_carea' id='block_1_27' title="bbox 2278 1359 3926 1438">
    <p class='ocr_par' dir='ltr' id='par_1_27' title="bbox 2278 1359 3926 1438">
     <span class='ocr_line' id='line_1_27' title="bbox 2278 1359 3926 1438; baseline 0 -24"><span class='ocrx_word' id='word_1_181' title='bbox 2278 1365 2368 1415; x_wconf 86' lang='grc' dir='ltr'><strong>τοῦ</strong></span> <span class='ocrx_word' id='word_1_182' title='bbox 2398 1360 2526 1415; x_wconf 82' lang='grc' dir='ltr'>Θεὸν</span> <span class='ocrx_word' id='word_1_183' title='bbox 2555 1361 2720 1416; x_wconf 79' lang='grc' dir='ltr'>εἶκεῖν</span> <span class='ocrx_word' id='word_1_184' title='bbox 2749 1359 2802 1415; x_wconf 82' lang='grc' dir='ltr'>ἐν</span> <span class='ocrx_word' id='word_1_185' title='bbox 2851 1361 2980 1436; x_wconf 81' lang='grc' dir='ltr'>ὑμῖν</span> <span class='ocrx_word' id='word_1_186' title='bbox 3021 1359 3314 1438; x_wconf 84' lang='grc' dir='ltr'>γέγραπται</span> <span class='ocrx_word' id='word_1_187' title='bbox 3340 1360 3460 1425; x_wconf 82' lang='grc' dir='ltr'>τοῖς</span> <span class='ocrx_word' id='word_1_188' title='bbox 3515 1361 3614 1434; x_wconf 77' lang='grc' dir='ltr'>μὲν</span> <span class='ocrx_word' id='word_1_189' title='bbox 3669 1359 3808 1434; x_wconf 70' lang='grc' dir='ltr'>μετα</span> <span class='ocrx_word' id='word_1_190' title='bbox 3837 1362 3926 1416; x_wconf 74' lang='grc' dir='ltr'><strong>τὸν</strong></span> 
     </span>
    </p>
   </div>
   <div class='ocr_carea' id='block_1_28' title="bbox 2278 1448 3926 1528">
    <p class='ocr_par' dir='ltr' id='par_1_28' title="bbox 2278 1448 3926 1528">
     <span class='ocr_line' id='line_1_28' title="bbox 2278 1448 3926 1528; baseline 0.001 -25"><span class='ocrx_word' id='word_1_191' title='bbox 2278 1448 2438 1522; x_wconf 87' lang='grc' dir='ltr'>νόμον</span> <span class='ocrx_word' id='word_1_192' title='bbox 2519 1449 2607 1504; x_wconf 85' lang='grc' dir='ltr'><strong>καὶ</strong></span> <span class='ocrx_word' id='word_1_193' title='bbox 2654 1450 2756 1527; x_wconf 79' lang='grc' dir='ltr'>πρὸ</span> <span class='ocrx_word' id='word_1_194' title='bbox 2809 1453 2906 1516; x_wconf 84' lang='grc' dir='ltr'>τῆς</span> <span class='ocrx_word' id='word_1_195' title='bbox 2962 1449 3188 1528; x_wconf 72' lang='grc' dir='ltr'>χάριτος</span> <span class='ocrx_word' id='word_1_196' title='bbox 3269 1450 3376 1504; x_wconf 82' lang='grc' dir='ltr'>τῶν</span> <span class='ocrx_word' id='word_1_197' title='bbox 3459 1450 3926 1528; x_wconf 72' lang='grc' dir='ltr'>εύαρεστησάντων</span> 
     </span>
    </p>
   </div>
   <div class='ocr_carea' id='block_1_29' title="bbox 2276 1534 3926 1614">
    <p class='ocr_par' dir='ltr' id='par_1_29' title="bbox 2276 1534 3926 1614">
     <span class='ocr_line' id='line_1_29' title="bbox 2276 1534 3926 1614; baseline 0.001 -22"><span class='ocrx_word' id='word_1_198' title='bbox 2276 1534 2472 1614; x_wconf 79' lang='grc' dir='ltr'>ἀνδρῶν</span> <span class='ocrx_word' id='word_1_199' title='bbox 2568 1535 2766 1612; x_wconf 74' lang='grc' dir='ltr'>ἕνεκεν,</span> <span class='ocrx_word' id='word_1_200' title='bbox 2837 1540 2910 1600; x_wconf 83' lang='grc' dir='ltr'>ὡς</span> <span class='ocrx_word' id='word_1_201' title='bbox 2977 1560 3002 1594; x_wconf 78' lang='grc' dir='ltr'><strong>σ</strong></span> <span class='ocrx_word' id='word_1_202' title='bbox 3075 1538 3372 1608; x_wconf 69' lang='grc' dir='ltr'>Ἐνοικήσω</span> <span class='ocrx_word' id='word_1_203' title='bbox 3452 1537 3505 1594; x_wconf 75' lang='grc' dir='ltr'>ἒν</span> <span class='ocrx_word' id='word_1_204' title='bbox 3595 1543 3778 1600; x_wconf 70' lang='grc' dir='ltr'>αὒτοῖς</span> <span class='ocrx_word' id='word_1_205' title='bbox 3837 1540 3926 1594; x_wconf 85' lang='grc' dir='ltr'><strong>καὶ</strong></span> 
     </span>
    </p>
   </div>
   <div class='ocr_carea' id='block_1_30' title="bbox 2273 1625 3923 1706">
    <p class='ocr_par' dir='ltr' id='par_1_30' title="bbox 2273 1625 3923 1706">
     <span class='ocr_line' id='line_1_30' title="bbox 2273 1625 3923 1706; baseline 0.002 -25"><span class='ocrx_word' id='word_1_206' title='bbox 2273 1628 2693 1703; x_wconf 69' lang='grc' dir='ltr'>ἱμπεριπατήσω</span> <span class='ocrx_word' id='word_1_207' title='bbox 2728 1646 2741 1660; x_wconf 87' lang='grc'><strong>·</strong></span> <span class='ocrx_word' id='word_1_208' title='bbox 2777 1655 2804 1689; x_wconf 78' lang='grc' dir='ltr'><strong><em>ι</em></strong></span> <span class='ocrx_word' id='word_1_209' title='bbox 2838 1630 2968 1706; x_wconf 83' lang='grc' dir='ltr'>πρὸς</span> <span class='ocrx_word' id='word_1_210' title='bbox 3011 1625 3067 1684; x_wconf 69' lang='grc' dir='ltr'><strong>δὲ</strong></span> <span class='ocrx_word' id='word_1_211' title='bbox 3115 1627 3236 1690; x_wconf 81' lang='grc' dir='ltr'>τοὺς</span> <span class='ocrx_word' id='word_1_212' title='bbox 3267 1625 3592 1691; x_wconf 75' lang='grc' dir='ltr'>ἀποστόλους</span> <span class='ocrx_word' id='word_1_213' title='bbox 3653 1625 3706 1684; x_wconf 74' lang='grc' dir='ltr'>ὲν</span> <span class='ocrx_word' id='word_1_214' title='bbox 3741 1627 3923 1704; x_wconf 76' lang='grc' dir='ltr'>Εὐαγ-</span> 
     </span>
    </p>
   </div>
   <div class='ocr_carea' id='block_1_31' title="bbox 536 1711 2179 1801">
    <p class='ocr_par' dir='ltr' id='par_1_31' title="bbox 536 1715 2179 1801">
     <span class='ocr_line' id='line_1_31' title="bbox 536 1715 2179 1801; baseline -0.005 -18"><span class='ocrx_word' id='word_1_215' title='bbox 536 1719 834 1798; x_wconf 81' lang='lat' dir='ltr'><strong>faciemus</strong></span> <span class='ocrx_word' id='word_1_216' title='bbox 862 1719 935 1780; x_wconf 69' lang='grc' dir='ltr'><strong>η.</strong></span> <span class='ocrx_word' id='word_1_217' title='bbox 976 1743 999 1778; x_wconf 74' lang='grc' dir='ltr'><strong>ι</strong></span> <span class='ocrx_word' id='word_1_218' title='bbox 1036 1719 1201 1784; x_wconf 90' lang='lat' dir='ltr'><strong>Dona</strong></span> <span class='ocrx_word' id='word_1_219' title='bbox 1260 1737 1434 1801; x_wconf 87' lang='lat' dir='ltr'><strong>porro</strong></span> <span class='ocrx_word' id='word_1_220' title='bbox 1484 1717 1743 1800; x_wconf 86' lang='lat' dir='ltr'><strong>Spiritus</strong></span> <span class='ocrx_word' id='word_1_221' title='bbox 1787 1716 2028 1796; x_wconf 89' lang='lat' dir='ltr'><strong>spiritus</strong></span> <span class='ocrx_word' id='word_1_222' title='bbox 2076 1715 2179 1775; x_wconf 91' lang='lat' dir='ltr'><strong>ali-</strong></span> 
     </span>
    </p>
   </div>
   <div class='ocr_carea' id='block_1_32' title="bbox 2264 1711 3921 1801">
    <p class='ocr_par' dir='ltr' id='par_1_32' title="bbox 2273 1711 3921 1801">
     <span class='ocr_line' id='line_1_32' title="bbox 2273 1711 3921 1801; baseline 0.002 -33"><span class='ocrx_word' id='word_1_223' title='bbox 2273 1711 2467 1801; x_wconf 86' lang='grc' dir='ltr'>γελίοις</span> <span class='ocrx_word' id='word_1_224' title='bbox 2497 1717 2526 1771; x_wconf 90' lang='lat'><strong>6</strong></span> <span class='ocrx_word' id='word_1_225' title='bbox 2557 1722 2746 1795; x_wconf 77' lang='grc' dir='ltr'>Σωτὴρ</span> <span class='ocrx_word' id='word_1_226' title='bbox 2807 1719 2960 1790; x_wconf 74' lang='grc' dir='ltr'>ἡμῶν</span> <span class='ocrx_word' id='word_1_227' title='bbox 3028 1717 3094 1771; x_wconf 75' lang='grc' dir='ltr'><strong>τὰ</strong></span> <span class='ocrx_word' id='word_1_228' title='bbox 3154 1718 3272 1795; x_wconf 79' lang='grc' dir='ltr'>περὶ</span> <span class='ocrx_word' id='word_1_229' title='bbox 3319 1716 3504 1772; x_wconf 87' lang='grc' dir='ltr'>τούτου</span> <span class='ocrx_word' id='word_1_230' title='bbox 3546 1713 3921 1793; x_wconf 78' lang='grc' dir='ltr'>διαλεγόμενος</span> 
     </span>
    </p>
   </div>
   <div class='ocr_carea' id='block_1_33' title="bbox 541 1800 2179 1891">
    <p class='ocr_par' dir='ltr' id='par_1_33' title="bbox 541 1800 2179 1891">
     <span class='ocr_line' id='line_1_33' title="bbox 541 1800 2179 1891; baseline -0.004 -21"><span class='ocrx_word' id='word_1_231' title='bbox 541 1809 778 1890; x_wconf 88' lang='lat' dir='ltr'><strong>quando</strong></span> <span class='ocrx_word' id='word_1_232' title='bbox 812 1809 1165 1890; x_wconf 87' lang='lat' dir='ltr'><strong>nuncupari,</strong></span> <span class='ocrx_word' id='word_1_233' title='bbox 1201 1800 1708 1889; x_wconf 86' lang='lat' dir='ltr'><strong>supervacaneum</strong></span> <span class='ocrx_word' id='word_1_234' title='bbox 1752 1804 1955 1867; x_wconf 91' lang='lat' dir='ltr'><strong>dicere</strong></span> <span class='ocrx_word' id='word_1_235' title='bbox 1986 1803 2179 1891; x_wconf 63' lang='lat' dir='ltr'><strong>fuerit1</strong></span> 
     </span>
    </p>
   </div>
   <div class='ocr_carea' id='block_1_34' title="bbox 2264 1800 3920 1891">
    <p class='ocr_par' dir='ltr' id='par_1_34' title="bbox 2277 1800 3920 1891">
     <span class='ocr_line' id='line_1_34' title="bbox 2277 1800 3920 1891; baseline 0.001 -32"><span class='ocrx_word' id='word_1_236' title='bbox 2277 1800 2491 1884; x_wconf 70' lang='grc' dir='ltr'>ἔφησεν,</span> <span class='ocrx_word' id='word_1_237' title='bbox 2549 1825 2573 1891; x_wconf 65' lang='lat' dir='ltr'><strong>tt</strong></span> <span class='ocrx_word' id='word_1_238' title='bbox 2621 1805 2764 1884; x_wconf 84' lang='grc' dir='ltr'><strong>Ἐγὼ</strong></span> <span class='ocrx_word' id='word_1_239' title='bbox 2803 1806 2892 1862; x_wconf 84' lang='grc' dir='ltr'><strong>καὶ</strong></span> <span class='ocrx_word' id='word_1_240' title='bbox 2949 1807 2976 1861; x_wconf 94' lang='lat'><strong>6</strong></span> <span class='ocrx_word' id='word_1_241' title='bbox 3037 1804 3216 1884; x_wconf 73' lang='grc' dir='ltr'>Πατὴρ</span> <span class='ocrx_word' id='word_1_242' title='bbox 3273 1803 3612 1880; x_wconf 66' lang='grc' dir='ltr'>ἐλευσόμεθα,</span> <span class='ocrx_word' id='word_1_243' title='bbox 3672 1806 3758 1861; x_wconf 76' lang='grc' dir='ltr'><strong>καὶ</strong></span> <span class='ocrx_word' id='word_1_244' title='bbox 3810 1826 3920 1880; x_wconf 85' lang='grc' dir='ltr'>μο-</span> 
     </span>
    </p>
   </div>
   <div class='ocr_carea' id='block_1_35' title="bbox 536 1884 2179 1973">
    <p class='ocr_par' dir='ltr' id='par_1_35' title="bbox 536 1884 2179 1973">
     <span class='ocr_line' id='line_1_35' title="bbox 536 1884 2179 1973; baseline -0.003 -15"><span class='ocrx_word' id='word_1_245' title='bbox 536 1884 668 1959; x_wconf 70' lang='grc' dir='ltr'>ίῖυῐη</span> <span class='ocrx_word' id='word_1_246' title='bbox 699 1916 876 1960; x_wconf 90' lang='lat' dir='ltr'><strong>nemo</strong></span> <span class='ocrx_word' id='word_1_247' title='bbox 908 1897 982 1960; x_wconf 88' lang='lat' dir='ltr'><strong>de</strong></span> <span class='ocrx_word' id='word_1_248' title='bbox 1013 1884 1084 1960; x_wconf 80' lang='lat' dir='ltr'><strong>eo</strong></span> <span class='ocrx_word' id='word_1_249' title='bbox 1135 1884 1449 1959; x_wconf 74' lang='lat' dir='ltr'><strong>addubitet</strong></span> <span class='ocrx_word' id='word_1_250' title='bbox 1484 1918 1496 1958; x_wconf 90' lang='lat'><strong>:</strong></span> <span class='ocrx_word' id='word_1_251' title='bbox 1529 1903 1938 1958; x_wconf 83' lang='lat' dir='ltr'><strong>verumtamen</strong></span> <span class='ocrx_word' id='word_1_252' title='bbox 1995 1884 2179 1973; x_wconf 66' lang='lat' dir='ltr'><strong>reipsi</strong></span> 
     </span>
    </p>
   </div>
   <div class='ocr_carea' id='block_1_36' title="bbox 2264 1884 3920 1973">
    <p class='ocr_par' dir='ltr' id='par_1_36' title="bbox 2277 1884 3920 1973">
     <span class='ocr_line' id='line_1_36' title="bbox 2277 1884 3920 1973; baseline 0.002 -25"><span class='ocrx_word' id='word_1_253' title='bbox 2277 1894 2369 1960; x_wconf 80' lang='grc' dir='ltr'><strong>νήν</strong></span> <span class='ocrx_word' id='word_1_254' title='bbox 2437 1884 2565 1973; x_wconf 80' lang='grc' dir='ltr'>παρ’</span> <span class='ocrx_word' id='word_1_255' title='bbox 2603 1895 2745 1970; x_wconf 74' lang='grc' dir='ltr'>αὗτῴ</span> <span class='ocrx_word' id='word_1_256' title='bbox 2797 1895 3114 1970; x_wconf 75' lang='grc' dir='ltr'>ποιήσομεν.</span> <span class='ocrx_word' id='word_1_257' title='bbox 3179 1919 3208 1950; x_wconf 77' lang='grc' dir='ltr'><strong><em>ι</em></strong></span> <span class='ocrx_word' id='word_1_258' title='bbox 3271 1897 3342 1952; x_wconf 83' lang='lat' dir='ltr'><strong>T6</strong></span> <span class='ocrx_word' id='word_1_259' title='bbox 3421 1895 3598 1970; x_wconf 86' lang='grc' dir='ltr'>μέντοι</span> <span class='ocrx_word' id='word_1_260' title='bbox 3641 1892 3920 1952; x_wconf 76' lang='grc' dir='ltr'>καλεῖσθαι</span> 
     </span>
    </p>
   </div>
   <div class='ocr_carea' id='block_1_37' title="bbox 544 1981 2179 2068">
    <p class='ocr_par' dir='ltr' id='par_1_37' title="bbox 544 1981 2179 2068">
     <span class='ocr_line' id='line_1_37' title="bbox 544 1981 2179 2068; baseline -0.004 -20"><span class='ocrx_word' id='word_1_261' title='bbox 544 1986 744 2068; x_wconf 88' lang='lat' dir='ltr'><strong>ipsum</strong></span> <span class='ocrx_word' id='word_1_262' title='bbox 767 1986 1057 2068; x_wconf 90' lang='lat' dir='ltr'><strong>Spiritum</strong></span> <span class='ocrx_word' id='word_1_263' title='bbox 1083 1995 1351 2048; x_wconf 91' lang='lat' dir='ltr'><strong>sanctum</strong></span> <span class='ocrx_word' id='word_1_264' title='bbox 1381 1995 1438 2047; x_wconf 90' lang='lat' dir='ltr'><strong>et</strong></span> <span class='ocrx_word' id='word_1_265' title='bbox 1455 2005 1570 2047; x_wconf 90' lang='lat' dir='ltr'><strong>non</strong></span> <span class='ocrx_word' id='word_1_266' title='bbox 1592 1985 1723 2065; x_wconf 87' lang='lat' dir='ltr'><strong>ejus</strong></span> <span class='ocrx_word' id='word_1_267' title='bbox 1741 1983 1896 2045; x_wconf 91' lang='lat' dir='ltr'><strong>dona</strong></span> <span class='ocrx_word' id='word_1_268' title='bbox 1919 1981 2179 2044; x_wconf 83' lang='lat' dir='ltr'><strong>exhiberi</strong></span> 
     </span>
    </p>
   </div>
   <div class='ocr_carea' id='block_1_38' title="bbox 2264 1981 3922 2068">
    <p class='ocr_par' dir='ltr' id='par_1_38' title="bbox 2273 1982 3922 2063">
     <span class='ocr_line' id='line_1_38' title="bbox 2273 1982 3922 2063; baseline 0 -24"><span class='ocrx_word' id='word_1_269' title='bbox 2273 1986 2361 2040; x_wconf 85' lang='grc' dir='ltr'><strong>καὶ</strong></span> <span class='ocrx_word' id='word_1_270' title='bbox 2427 1983 2493 2039; x_wconf 82' lang='grc' dir='ltr'><strong>τά</strong></span> <span class='ocrx_word' id='word_1_271' title='bbox 2555 1986 2861 2063; x_wconf 75' lang='grc' dir='ltr'>χαρίσματα</span> <span class='ocrx_word' id='word_1_272' title='bbox 2927 1991 3019 2041; x_wconf 84' lang='grc' dir='ltr'><strong>τοῦ</strong></span> <span class='ocrx_word' id='word_1_273' title='bbox 3090 1985 3391 2059; x_wconf 84' lang='grc' dir='ltr'>Πνεύματος</span> <span class='ocrx_word' id='word_1_274' title='bbox 3462 1982 3602 2041; x_wconf 84' lang='grc' dir='ltr'>’ἐστιν</span> <span class='ocrx_word' id='word_1_275' title='bbox 3658 1985 3720 2040; x_wconf 70' lang='grc' dir='ltr'>οὗ</span> <span class='ocrx_word' id='word_1_276' title='bbox 3761 1985 3922 2040; x_wconf 79' lang='grc' dir='ltr'>πνεύο</span> 
     </span>
    </p>
   </div>
   <div class='ocr_carea' id='block_1_39' title="bbox 536 2073 2183 2158">
    <p class='ocr_par' dir='ltr' id='par_1_39' title="bbox 536 2073 2183 2158">
     <span class='ocr_line' id='line_1_39' title="bbox 536 2073 2183 2158; baseline -0.004 -20"><span class='ocrx_word' id='word_1_277' title='bbox 536 2076 855 2158; x_wconf 85' lang='lat' dir='ltr'><strong>perFilium</strong></span> <span class='ocrx_word' id='word_1_278' title='bbox 881 2076 1159 2139; x_wconf 85' lang='lat' dir='ltr'><strong>ﬁdelibus</strong></span> <span class='ocrx_word' id='word_1_279' title='bbox 1180 2076 1499 2138; x_wconf 87' lang='lat' dir='ltr'><strong>declaravit</strong></span> <span class='ocrx_word' id='word_1_280' title='bbox 1525 2075 1838 2155; x_wconf 89' lang='lat' dir='ltr'><strong>deiloquus</strong></span> <span class='ocrx_word' id='word_1_281' title='bbox 1859 2073 1969 2134; x_wconf 89' lang='lat' dir='ltr'><strong>iste</strong></span> <span class='ocrx_word' id='word_1_282' title='bbox 1989 2075 2183 2148; x_wconf 89' lang='lat' dir='ltr'><strong>Pater,</strong></span> 
     </span>
    </p>
   </div>
   <div class='ocr_carea' id='block_1_40' title="bbox 537 2161 2182 2248">
    <p class='ocr_par' dir='ltr' id='par_1_40' title="bbox 537 2161 2182 2248">
     <span class='ocr_line' id='line_1_40' title="bbox 537 2161 2182 2248; baseline -0.004 -22"><span class='ocrx_word' id='word_1_283' title='bbox 537 2184 649 2227; x_wconf 88' lang='lat' dir='ltr'><strong>nec</strong></span> <span class='ocrx_word' id='word_1_284' title='bbox 673 2165 894 2242; x_wconf 90' lang='lat' dir='ltr'><strong>minus,</strong></span> <span class='ocrx_word' id='word_1_285' title='bbox 919 2166 1062 2248; x_wconf 87' lang='lat' dir='ltr'><strong>quin</strong></span> <span class='ocrx_word' id='word_1_286' title='bbox 1088 2165 1260 2227; x_wconf 90' lang='lat' dir='ltr'><strong>etiam</strong></span> <span class='ocrx_word' id='word_1_287' title='bbox 1287 2165 1506 2226; x_wconf 89' lang='lat' dir='ltr'><strong>clarius</strong></span> <span class='ocrx_word' id='word_1_288' title='bbox 1559 2172 1618 2226; x_wconf 91' lang='lat' dir='ltr'><strong>et</strong></span> <span class='ocrx_word' id='word_1_289' title='bbox 1659 2162 1994 2248; x_wconf 72' lang='lat' dir='ltr'><strong>sublimius,</strong></span> <span class='ocrx_word' id='word_1_290' title='bbox 2043 2161 2182 2222; x_wconf 93' lang='lat' dir='ltr'><strong>dum</strong></span> 
     </span>
    </p>
   </div>
   <div class='ocr_carea' id='block_1_41' title="bbox 535 2247 2182 2335">
    <p class='ocr_par' dir='ltr' id='par_1_41' title="bbox 535 2247 2182 2335">
     <span class='ocr_line' id='line_1_41' title="bbox 535 2247 2182 2335; baseline -0.004 -18"><span class='ocrx_word' id='word_1_291' title='bbox 535 2254 609 2317; x_wconf 89' lang='lat' dir='ltr'><strong>de</strong></span> <span class='ocrx_word' id='word_1_292' title='bbox 628 2247 947 2318; x_wconf 84' lang='lat' dir='ltr'><strong>Salvatoris</strong></span> <span class='ocrx_word' id='word_1_293' title='bbox 969 2254 1029 2315; x_wconf 91' lang='lat' dir='ltr'><strong>in</strong></span> <span class='ocrx_word' id='word_1_294' title='bbox 1053 2253 1596 2335; x_wconf 80' lang='lat' dir='ltr'><strong>discipulosinﬂatu</strong></span> <span class='ocrx_word' id='word_1_295' title='bbox 1625 2247 2032 2333; x_wconf 87' lang='lat' dir='ltr'><strong>pertractat.lu</strong></span> <span class='ocrx_word' id='word_1_296' title='bbox 2065 2267 2182 2310; x_wconf 86' lang='lat' dir='ltr'><strong>uno</strong></span> 
     </span>
    </p>
   </div>
   <div class='ocr_carea' id='block_1_42' title="bbox 534 2338 2183 2425">
    <p class='ocr_par' dir='ltr' id='par_1_42' title="bbox 534 2338 2183 2425">
     <span class='ocr_line' id='line_1_42' title="bbox 534 2338 2183 2425; baseline -0.005 -19"><span class='ocrx_word' id='word_1_297' title='bbox 534 2342 829 2425; x_wconf 86' lang='lat' dir='ltr'><strong>siquidem</strong></span> <span class='ocrx_word' id='word_1_298' title='bbox 855 2344 926 2405; x_wconf 87' lang='lat' dir='ltr'><strong>ad</strong></span> <span class='ocrx_word' id='word_1_299' title='bbox 977 2342 1214 2406; x_wconf 91' lang='lat' dir='ltr'><strong>beatum</strong></span> <span class='ocrx_word' id='word_1_300' title='bbox 1269 2342 1758 2423; x_wconf 78' lang='lat' dir='ltr'><strong>Amphilochium</strong></span> <span class='ocrx_word' id='word_1_301' title='bbox 1803 2338 1999 2419; x_wconf 84' lang='lat' dir='ltr'><strong>capite</strong></span> <span class='ocrx_word' id='word_1_302' title='bbox 2057 2338 2183 2400; x_wconf 62' lang='lat' dir='ltr'><strong>hac</strong></span> 
     </span>
    </p>
   </div>
   <div class='ocr_carea' id='block_1_43' title="bbox 533 2428 2183 2512">
    <p class='ocr_par' dir='ltr' id='par_1_43' title="bbox 533 2428 2183 2512">
     <span class='ocr_line' id='line_1_43' title="bbox 533 2428 2183 2512; baseline -0.002 -18"><span class='ocrx_word' id='word_1_303' title='bbox 533 2451 743 2494; x_wconf 87' lang='lat' dir='ltr'><strong>rursus</strong></span> <span class='ocrx_word' id='word_1_304' title='bbox 765 2432 1064 2495; x_wconf 88' lang='lat' dir='ltr'><strong>insinuat:</strong></span> <span class='ocrx_word' id='word_1_305' title='bbox 1113 2431 1387 2512; x_wconf 79' lang='lat' dir='ltr'><strong>Spiritus</strong></span> <span class='ocrx_word' id='word_1_306' title='bbox 1439 2449 1578 2494; x_wconf 83' lang='lat' dir='ltr'><strong>vero</strong></span> <span class='ocrx_word' id='word_1_307' title='bbox 1627 2429 1904 2493; x_wconf 88' lang='lat' dir='ltr'><strong>ineodem</strong></span> <span class='ocrx_word' id='word_1_308' title='bbox 1966 2428 2183 2490; x_wconf 87' lang='lat' dir='ltr'><strong>ordine</strong></span> 
     </span>
    </p>
   </div>
   <div class='ocr_carea' id='block_1_44' title="bbox 534 2518 2184 2594">
    <p class='ocr_par' dir='ltr' id='par_1_44' title="bbox 534 2518 2184 2594">
     <span class='ocr_line' id='line_1_44' title="bbox 534 2518 2184 2594; baseline -0.005 -10"><span class='ocrx_word' id='word_1_309' title='bbox 534 2532 671 2584; x_wconf 85' lang='lat' dir='ltr'><strong>cum</strong></span> <span class='ocrx_word' id='word_1_310' title='bbox 693 2524 930 2584; x_wconf 77' lang='lat' dir='ltr'><strong>vivente</strong></span> <span class='ocrx_word' id='word_1_311' title='bbox 953 2519 1142 2583; x_wconf 84' lang='lat' dir='ltr'><strong>Verbo</strong></span> <span class='ocrx_word' id='word_1_312' title='bbox 1162 2519 1488 2583; x_wconf 80' lang='lat' dir='ltr'><strong>collocatus</strong></span> <span class='ocrx_word' id='word_1_313' title='bbox 1507 2520 1585 2581; x_wconf 86' lang='lat' dir='ltr'><strong>ad</strong></span> <span class='ocrx_word' id='word_1_314' title='bbox 1606 2518 1959 2594; x_wconf 80' lang='lat' dir='ltr'><strong>creandum,</strong></span> <span class='ocrx_word' id='word_1_315' title='bbox 1982 2518 2184 2578; x_wconf 79' lang='lat' dir='ltr'><strong>vivens</strong></span> 
     </span>
    </p>
   </div>
   <div class='ocr_carea' id='block_1_45' title="bbox 532 2605 2182 2690">
    <p class='ocr_par' dir='ltr' id='par_1_45' title="bbox 532 2605 2182 2690">
     <span class='ocr_line' id='line_1_45' title="bbox 532 2605 2182 2690; baseline -0.004 -17"><span class='ocrx_word' id='word_1_316' title='bbox 532 2612 753 2690; x_wconf 78' lang='lat' dir='ltr'><strong>virtus,</strong></span> <span class='ocrx_word' id='word_1_317' title='bbox 784 2617 843 2672; x_wconf 86' lang='lat' dir='ltr'><strong>et</strong></span> <span class='ocrx_word' id='word_1_318' title='bbox 866 2616 1089 2673; x_wconf 82' lang='lat' dir='ltr'><strong>natura</strong></span> <span class='ocrx_word' id='word_1_319' title='bbox 1111 2610 1345 2683; x_wconf 86' lang='lat' dir='ltr'><strong>divina,</strong></span> <span class='ocrx_word' id='word_1_320' title='bbox 1379 2607 1718 2688; x_wconf 74' lang='lat' dir='ltr'><strong>ineffabili:</strong></span> <span class='ocrx_word' id='word_1_321' title='bbox 1759 2627 1838 2670; x_wconf 70' lang='lat' dir='ltr'><strong>ea:</strong></span> <span class='ocrx_word' id='word_1_322' title='bbox 1880 2605 2182 2686; x_wconf 77' lang='lat' dir='ltr'><strong>ine/fubiti</strong></span> 
     </span>
    </p>
   </div>
   <div class='ocr_carea' id='block_1_46' title="bbox 534 2697 2183 2780">
    <p class='ocr_par' dir='ltr' id='par_1_46' title="bbox 534 2697 2183 2780">
     <span class='ocr_line' id='line_1_46' title="bbox 534 2697 2183 2780; baseline -0.002 -19"><span class='ocrx_word' id='word_1_323' title='bbox 534 2716 638 2762; x_wconf 89' lang='lat' dir='ltr'><strong>ore</strong></span> <span class='ocrx_word' id='word_1_324' title='bbox 659 2716 960 2780; x_wconf 83' lang='lat' dir='ltr'><strong>apparens</strong></span> <span class='ocrx_word' id='word_1_325' title='bbox 977 2698 1277 2779; x_wconf 57' lang='grc' dir='ltr'><strong>ἐπιβῆναὺὶιὶ</strong></span> <span class='ocrx_word' id='word_1_326' title='bbox 1316 2699 1489 2760; x_wconf 88' lang='lat' dir='ltr'><strong>modo</strong></span> <span class='ocrx_word' id='word_1_327' title='bbox 1538 2704 1591 2761; x_wconf 91' lang='lat' dir='ltr'><strong>et</strong></span> <span class='ocrx_word' id='word_1_328' title='bbox 1638 2715 1752 2776; x_wconf 86' lang='lat' dir='ltr'><strong>per</strong></span> <span class='ocrx_word' id='word_1_329' title='bbox 1803 2698 2083 2776; x_wconf 81' lang='lat' dir='ltr'><strong>inﬂatum</strong></span> <span class='ocrx_word' id='word_1_330' title='bbox 2119 2697 2183 2757; x_wconf 87' lang='lat' dir='ltr'><strong>in</strong></span> 
     </span>
    </p>
   </div>
   <div class='ocr_carea' id='block_1_47' title="bbox 535 2785 2178 2868">
    <p class='ocr_par' dir='ltr' id='par_1_47' title="bbox 535 2785 2178 2868">
     <span class='ocr_line' id='line_1_47' title="bbox 535 2785 2178 2868; baseline -0.002 -18"><span class='ocrx_word' id='word_1_331' title='bbox 535 2787 838 2851; x_wconf 78' lang='lat' dir='ltr'><strong>hominem</strong></span> <span class='ocrx_word' id='word_1_332' title='bbox 852 2794 1205 2868; x_wconf 52' lang='lat' dir='ltr'><strong>missaque:</strong></span> <span class='ocrx_word' id='word_1_333' title='bbox 1225 2788 1550 2850; x_wconf 84' lang='lat' dir='ltr'><strong>secundum</strong></span> <span class='ocrx_word' id='word_1_334' title='bbox 1581 2804 1932 2868; x_wconf 86' lang='lat' dir='ltr'><strong>corporeum</strong></span> <span class='ocrx_word' id='word_1_335' title='bbox 1953 2785 2178 2850; x_wconf 85' lang='lat' dir='ltr'><strong>aChri-</strong></span> 
     </span>
    </p>
   </div>
   <div class='ocr_carea' id='block_1_48' title="bbox 532 2876 2179 2958">
    <p class='ocr_par' dir='ltr' id='par_1_48' title="bbox 532 2876 2179 2958">
     <span class='ocr_line' id='line_1_48' title="bbox 532 2876 2179 2958; baseline -0.001 -20"><span class='ocrx_word' id='word_1_336' title='bbox 532 2885 622 2940; x_wconf 88' lang='lat' dir='ltr'><strong>sto</strong></span> <span class='ocrx_word' id='word_1_337' title='bbox 645 2885 856 2958; x_wconf 83' lang='lat' dir='ltr'><strong>typum</strong></span> <span class='ocrx_word' id='word_1_338' title='bbox 877 2885 1174 2940; x_wconf 84' lang='lat' dir='ltr'><strong>ostensum</strong></span> <span class='ocrx_word' id='word_1_339' title='bbox 1195 2895 1412 2940; x_wconf 79' lang='lat' dir='ltr'><strong>rursus</strong></span> <span class='ocrx_word' id='word_1_340' title='bbox 1431 2876 1505 2939; x_wconf 92' lang='lat' dir='ltr'><strong>ab</strong></span> <span class='ocrx_word' id='word_1_341' title='bbox 1525 2894 1590 2940; x_wconf 91' lang='lat' dir='ltr'><strong>eo</strong></span> <span class='ocrx_word' id='word_1_342' title='bbox 1606 2895 1715 2958; x_wconf 86' lang='lat' dir='ltr'><strong>per</strong></span> <span class='ocrx_word' id='word_1_343' title='bbox 1732 2877 2016 2955; x_wconf 87' lang='lat' dir='ltr'><strong>inﬂatum</strong></span> <span class='ocrx_word' id='word_1_344' title='bbox 2049 2893 2179 2937; x_wconf 83' lang='lat' dir='ltr'><strong>res-</strong></span> 
     </span>
    </p>
   </div>
   <div class='ocr_carea' id='block_1_49' title="bbox 535 2965 2176 3045">
    <p class='ocr_par' dir='ltr' id='par_1_49' title="bbox 535 2965 2176 3045">
     <span class='ocr_line' id='line_1_49' title="bbox 535 2965 2176 3045; baseline -0.002 -16"><span class='ocrx_word' id='word_1_345' title='bbox 535 2966 731 3030; x_wconf 85' lang='lat' dir='ltr'><strong>tituta.</strong></span> <span class='ocrx_word' id='word_1_346' title='bbox 748 2965 1116 3029; x_wconf 82' lang='lat' dir='ltr'><strong>Concurrere</strong></span> <span class='ocrx_word' id='word_1_347' title='bbox 1137 2971 1300 3029; x_wconf 78' lang='lat' dir='ltr'><strong>enim</strong></span> <span class='ocrx_word' id='word_1_348' title='bbox 1331 2967 1498 3029; x_wconf 85' lang='lat' dir='ltr'><strong>debet</strong></span> <span class='ocrx_word' id='word_1_349' title='bbox 1527 2984 1665 3028; x_wconf 90' lang='lat' dir='ltr'><strong>cnm</strong></span> <span class='ocrx_word' id='word_1_350' title='bbox 1687 2967 1886 3045; x_wconf 86' lang='lat' dir='ltr'><strong>prima</strong></span> <span class='ocrx_word' id='word_1_351' title='bbox 1912 2965 2176 3028; x_wconf 81' lang='lat' dir='ltr'><strong>novitate</strong></span> 
     </span>
    </p>
   </div>
   <div class='ocr_carea' id='block_1_50' title="bbox 2270 2069 3914 2152">
    <p class='ocr_par' dir='ltr' id='par_1_50' title="bbox 2270 2069 3914 2152">
     <span class='ocr_line' id='line_1_50' title="bbox 2270 2069 3914 2152; baseline -0.001 -22"><span class='ocrx_word' id='word_1_352' title='bbox 2270 2095 2412 2149; x_wconf 85' lang='grc' dir='ltr'>ματα</span> <span class='ocrx_word' id='word_1_353' title='bbox 2481 2075 2720 2148; x_wconf 82' lang='grc' dir='ltr'>περιττὸν</span> <span class='ocrx_word' id='word_1_354' title='bbox 2773 2075 2860 2130; x_wconf 86' lang='grc' dir='ltr'><strong>καὶ</strong></span> <span class='ocrx_word' id='word_1_355' title='bbox 2916 2072 3090 2150; x_wconf 85' lang='grc' dir='ltr'>λέγειν</span> <span class='ocrx_word' id='word_1_356' title='bbox 3145 2069 3371 2148; x_wconf 78' lang='grc' dir='ltr'>μηδενὸς</span> <span class='ocrx_word' id='word_1_357' title='bbox 3435 2069 3864 2152; x_wconf 70' lang='grc' dir='ltr'>ἀμφιϐάλλοντος</span> <span class='ocrx_word' id='word_1_358' title='bbox 3896 2093 3914 2107; x_wconf 75' lang='grc'><strong>⁸</strong></span> 
     </span>
    </p>
   </div>
   <div class='ocr_carea' id='block_1_51' title="bbox 2267 2161 3917 2240">
    <p class='ocr_par' dir='ltr' id='par_1_51' title="bbox 2267 2161 3917 2240">
     <span class='ocr_line' id='line_1_51' title="bbox 2267 2161 3917 2240; baseline -0.002 -21"><span class='ocrx_word' id='word_1_359' title='bbox 2267 2165 2347 2220; x_wconf 82' lang='grc' dir='ltr'>δτι</span> <span class='ocrx_word' id='word_1_360' title='bbox 2375 2161 2430 2218; x_wconf 79' lang='grc' dir='ltr'>δὲ</span> <span class='ocrx_word' id='word_1_361' title='bbox 2480 2163 2610 2240; x_wconf 85' lang='grc' dir='ltr'>πρὸς</span> <span class='ocrx_word' id='word_1_362' title='bbox 2655 2161 2904 2232; x_wconf 71' lang='grc' dir='ltr'>ἀλήθειαν</span> <span class='ocrx_word' id='word_1_363' title='bbox 2956 2163 3082 2219; x_wconf 71' lang='grc' dir='ltr'>αὐτὸ</span> <span class='ocrx_word' id='word_1_364' title='bbox 3113 2164 3322 2237; x_wconf 75' lang='grc' dir='ltr'>Πνεῦμα</span> <span class='ocrx_word' id='word_1_365' title='bbox 3365 2163 3426 2218; x_wconf 90' lang='lat'><strong>16</strong></span> <span class='ocrx_word' id='word_1_366' title='bbox 3481 2162 3655 2239; x_wconf 75' lang='grc' dir='ltr'>ἅγιον,</span> <span class='ocrx_word' id='word_1_367' title='bbox 3716 2165 3775 2220; x_wconf 72' lang='lat'><strong>06</strong></span> <span class='ocrx_word' id='word_1_368' title='bbox 3804 2162 3917 2237; x_wconf 77' lang='grc' dir='ltr'>μὴν</span> 
     </span>
    </p>
   </div>
   <div class='ocr_carea' id='block_1_52' title="bbox 2268 2249 3914 2331">
    <p class='ocr_par' dir='ltr' id='par_1_52' title="bbox 2268 2249 3914 2331">
     <span class='ocr_line' id='line_1_52' title="bbox 2268 2249 3914 2331; baseline -0.001 -23"><span class='ocrx_word' id='word_1_369' title='bbox 2268 2253 2332 2308; x_wconf 81' lang='grc' dir='ltr'>τὰ</span> <span class='ocrx_word' id='word_1_370' title='bbox 2359 2252 2543 2322; x_wconf 71' lang='grc' dir='ltr'>τρύτου</span> <span class='ocrx_word' id='word_1_371' title='bbox 2614 2253 2918 2331; x_wconf 80' lang='grc' dir='ltr'>χαρίσματα</span> <span class='ocrx_word' id='word_1_372' title='bbox 2970 2250 3034 2307; x_wconf 85' lang='grc' dir='ltr'>δι’</span> <span class='ocrx_word' id='word_1_373' title='bbox 3096 2255 3214 2307; x_wconf 77' lang='grc' dir='ltr'>ι’ἱοῦ</span> <span class='ocrx_word' id='word_1_374' title='bbox 3265 2249 3592 2330; x_wconf 81' lang='grc' dir='ltr'>παρέχονται</span> <span class='ocrx_word' id='word_1_375' title='bbox 3651 2265 3769 2314; x_wconf 86' lang='grc' dir='ltr'>τοῖς</span> <span class='ocrx_word' id='word_1_376' title='bbox 3815 2274 3914 2307; x_wconf 86' lang='grc' dir='ltr'>πι-</span> 
     </span>
    </p>
   </div>
   <div class='ocr_carea' id='block_1_53' title="bbox 2265 2339 3916 2422">
    <p class='ocr_par' dir='ltr' id='par_1_53' title="bbox 2265 2339 3916 2422">
     <span class='ocr_line' id='line_1_53' title="bbox 2265 2339 3916 2422; baseline 0 -24"><span class='ocrx_word' id='word_1_377' title='bbox 2265 2343 2442 2422; x_wconf 73' lang='grc' dir='ltr'>στοῖς,</span> <span class='ocrx_word' id='word_1_378' title='bbox 2488 2340 2752 2410; x_wconf 80' lang='grc' dir='ltr'>ἐδηλωσεν</span> <span class='ocrx_word' id='word_1_379' title='bbox 2793 2345 2822 2398; x_wconf 85' lang='grc' dir='ltr'><strong>ὁ</strong></span> <span class='ocrx_word' id='word_1_380' title='bbox 2862 2342 3114 2420; x_wconf 78' lang='grc' dir='ltr'>Θεηγόρος</span> <span class='ocrx_word' id='word_1_381' title='bbox 3167 2344 3316 2406; x_wconf 75' lang='grc' dir='ltr'>οὗτος</span> <span class='ocrx_word' id='word_1_382' title='bbox 3373 2341 3555 2419; x_wconf 75' lang='grc' dir='ltr'>Πατὴρ</span> <span class='ocrx_word' id='word_1_383' title='bbox 3584 2339 3730 2398; x_wconf 71' lang='grc' dir='ltr'>οῦδὲν</span> <span class='ocrx_word' id='word_1_384' title='bbox 3759 2341 3916 2398; x_wconf 73' lang='grc' dir='ltr'>ἔλατ-</span> 
     </span>
    </p>
   </div>
   <div class='ocr_carea' id='block_1_54' title="bbox 2264 2429 3913 2510">
    <p class='ocr_par' dir='ltr' id='par_1_54' title="bbox 2264 2429 3913 2510">
     <span class='ocr_line' id='line_1_54' title="bbox 2264 2429 3913 2510; baseline -0.001 -22"><span class='ocrx_word' id='word_1_385' title='bbox 2264 2454 2355 2490; x_wconf 89' lang='grc' dir='ltr'><strong>τον</strong></span> <span class='ocrx_word' id='word_1_386' title='bbox 2381 2433 2424 2488; x_wconf 79' lang='grc' dir='ltr'>εἶ</span> <span class='ocrx_word' id='word_1_387' title='bbox 2453 2432 2531 2507; x_wconf 75' lang='grc' dir='ltr'>μὴ</span> <span class='ocrx_word' id='word_1_388' title='bbox 2563 2433 2650 2488; x_wconf 82' lang='grc' dir='ltr'><strong>καὶ</strong></span> <span class='ocrx_word' id='word_1_389' title='bbox 2708 2430 2910 2506; x_wconf 74' lang='grc' dir='ltr'>μᾶλλον</span> <span class='ocrx_word' id='word_1_390' title='bbox 2970 2431 3158 2505; x_wconf 75' lang='grc' dir='ltr'>μεῖζον</span> <span class='ocrx_word' id='word_1_391' title='bbox 3213 2431 3300 2487; x_wconf 85' lang='grc' dir='ltr'><strong>καὶ</strong></span> <span class='ocrx_word' id='word_1_392' title='bbox 3337 2429 3676 2510; x_wconf 78' lang='grc' dir='ltr'>ὑψελότερον,</span> <span class='ocrx_word' id='word_1_393' title='bbox 3734 2431 3790 2486; x_wconf 71' lang='grc' dir='ltr'>ἓν</span> <span class='ocrx_word' id='word_1_394' title='bbox 3822 2432 3913 2494; x_wconf 79' lang='grc' dir='ltr'>οἷς</span> 
     </span>
    </p>
   </div>
   <div class='ocr_carea' id='block_1_55' title="bbox 2264 2520 3915 2600">
    <p class='ocr_par' dir='ltr' id='par_1_55' title="bbox 2264 2520 3915 2600">
     <span class='ocr_line' id='line_1_55' title="bbox 2264 2520 3915 2600; baseline -0.001 -23"><span class='ocrx_word' id='word_1_395' title='bbox 2264 2522 2537 2596; x_wconf 77' lang='grc' dir='ltr'>ἐρμηνεύει</span> <span class='ocrx_word' id='word_1_396' title='bbox 2605 2523 2722 2600; x_wconf 82' lang='grc' dir='ltr'>περὶ</span> <span class='ocrx_word' id='word_1_397' title='bbox 2777 2522 2876 2590; x_wconf 82' lang='grc' dir='ltr'>τῆς</span> <span class='ocrx_word' id='word_1_398' title='bbox 2933 2521 3074 2600; x_wconf 77' lang='grc' dir='ltr'>παρὰ</span> <span class='ocrx_word' id='word_1_399' title='bbox 3115 2520 3207 2577; x_wconf 76' lang='grc' dir='ltr'><strong>τοῦ</strong></span> <span class='ocrx_word' id='word_1_400' title='bbox 3275 2525 3523 2597; x_wconf 79' lang='grc' dir='ltr'>Σωτῇρος</span> <span class='ocrx_word' id='word_1_401' title='bbox 3578 2533 3695 2586; x_wconf 83' lang='grc' dir='ltr'>τοῖς</span> <span class='ocrx_word' id='word_1_402' title='bbox 3736 2524 3915 2596; x_wconf 74' lang='grc' dir='ltr'>μαθη-</span> 
     </span>
    </p>
   </div>
   <div class='ocr_carea' id='block_1_56' title="bbox 2266 2609 3913 2690">
    <p class='ocr_par' dir='ltr' id='par_1_56' title="bbox 2266 2609 3913 2690">
     <span class='ocr_line' id='line_1_56' title="bbox 2266 2609 3913 2690; baseline -0.001 -22"><span class='ocrx_word' id='word_1_403' title='bbox 2266 2611 2391 2674; x_wconf 75' lang='grc' dir='ltr'>ταῖς</span> <span class='ocrx_word' id='word_1_404' title='bbox 2461 2611 2829 2690; x_wconf 77' lang='grc' dir='ltr'>ἐμφυσήσεως.</span> <span class='ocrx_word' id='word_1_405' title='bbox 2865 2609 2953 2668; x_wconf 87' lang='grc' dir='ltr'>Ἐν</span> <span class='ocrx_word' id='word_1_406' title='bbox 2984 2611 3059 2666; x_wconf 80' lang='grc' dir='ltr'>ἐνὶ</span> <span class='ocrx_word' id='word_1_407' title='bbox 3087 2610 3186 2690; x_wconf 75' lang='grc' dir='ltr'><strong>γαρ</strong></span> <span class='ocrx_word' id='word_1_408' title='bbox 3227 2616 3330 2666; x_wconf 73' lang='grc' dir='ltr'>τῶι</span> <span class='ocrx_word' id='word_1_409' title='bbox 3401 2612 3530 2689; x_wconf 85' lang='grc' dir='ltr'>πρὸς</span> <span class='ocrx_word' id='word_1_410' title='bbox 3583 2611 3674 2666; x_wconf 81' lang='grc' dir='ltr'><strong>τὸν</strong></span> <span class='ocrx_word' id='word_1_411' title='bbox 3727 2610 3913 2684; x_wconf 71' lang='grc' dir='ltr'>μακά-</span> 
     </span>
    </p>
   </div>
   <div class='ocr_carea' id='block_1_57' title="bbox 2267 2696 3909 2781">
    <p class='ocr_par' dir='ltr' id='par_1_57' title="bbox 2267 2696 3909 2781">
     <span class='ocr_line' id='line_1_57' title="bbox 2267 2696 3909 2781; baseline -0.001 -24"><span class='ocrx_word' id='word_1_412' title='bbox 2267 2722 2376 2778; x_wconf 90' lang='grc' dir='ltr'>ριον</span> <span class='ocrx_word' id='word_1_413' title='bbox 2436 2698 2789 2781; x_wconf 80' lang='grc' dir='ltr'>Ἀμφιλύχιον</span> <span class='ocrx_word' id='word_1_414' title='bbox 2869 2698 3168 2780; x_wconf 70' lang='grc' dir='ltr'>κεφαλαίων</span> <span class='ocrx_word' id='word_1_415' title='bbox 3263 2696 3384 2755; x_wconf 76' lang='grc' dir='ltr'>τάδε</span> <span class='ocrx_word' id='word_1_416' title='bbox 3484 2697 3644 2755; x_wconf 76' lang='grc' dir='ltr'>πάλιν</span> <span class='ocrx_word' id='word_1_417' title='bbox 3728 2699 3860 2778; x_wconf 79' lang='grc' dir='ltr'>φησὶ</span> <span class='ocrx_word' id='word_1_418' title='bbox 3894 2718 3909 2730; x_wconf 82' lang='grc'>⁸</span> 
     </span>
    </p>
   </div>
   <div class='ocr_carea' id='block_1_58' title="bbox 2265 2788 3914 2869">
    <p class='ocr_par' dir='ltr' id='par_1_58' title="bbox 2265 2788 3914 2869">
     <span class='ocr_line' id='line_1_58' title="bbox 2265 2788 3914 2869; baseline -0.001 -23"><span class='ocrx_word' id='word_1_419' title='bbox 2265 2798 2475 2867; x_wconf 83' lang='grc' dir='ltr'>Πνεῦμα</span> <span class='ocrx_word' id='word_1_420' title='bbox 2533 2791 2633 2869; x_wconf 77' lang='grc' dir='ltr'>γὰρ</span> <span class='ocrx_word' id='word_1_421' title='bbox 2687 2795 2764 2863; x_wconf 83' lang='grc' dir='ltr'>τῷ</span> <span class='ocrx_word' id='word_1_422' title='bbox 2813 2795 2969 2861; x_wconf 82' lang='grc' dir='ltr'>ζῶντι</span> <span class='ocrx_word' id='word_1_423' title='bbox 3013 2789 3169 2866; x_wconf 82' lang='grc' dir='ltr'>Λόγῳ</span> <span class='ocrx_word' id='word_1_424' title='bbox 3245 2788 3659 2868; x_wconf 82' lang='grc' dir='ltr'>συντεταγμένον</span> <span class='ocrx_word' id='word_1_425' title='bbox 3717 2789 3790 2852; x_wconf 84' lang='grc' dir='ltr'><strong>εἰς</strong></span> <span class='ocrx_word' id='word_1_426' title='bbox 3850 2790 3914 2844; x_wconf 74' lang='grc' dir='ltr'>τὸ</span> 
     </span>
    </p>
   </div>
   <div class='ocr_carea' id='block_1_59' title="bbox 2263 2876 3916 2960">
    <p class='ocr_par' dir='ltr' id='par_1_59' title="bbox 2263 2876 3916 2960">
     <span class='ocr_line' id='line_1_59' title="bbox 2263 2876 3916 2960; baseline -0.002 -23"><span class='ocrx_word' id='word_1_427' title='bbox 2263 2880 2627 2960; x_wconf 73' lang='grc' dir='ltr'>δημιουργεῖν,</span> <span class='ocrx_word' id='word_1_428' title='bbox 2700 2880 2843 2951; x_wconf 78' lang='grc' dir='ltr'>ζῶσα</span> <span class='ocrx_word' id='word_1_429' title='bbox 2911 2876 3128 2954; x_wconf 73' lang='grc' dir='ltr'>δύναμις</span> <span class='ocrx_word' id='word_1_430' title='bbox 3185 2881 3270 2936; x_wconf 88' lang='grc' dir='ltr'><strong>καὶ</strong></span> <span class='ocrx_word' id='word_1_431' title='bbox 3357 2880 3468 2935; x_wconf 78' lang='grc' dir='ltr'>θεία</span> <span class='ocrx_word' id='word_1_432' title='bbox 3551 2879 3726 2959; x_wconf 86' lang='grc' dir='ltr'>φύσις,</span> <span class='ocrx_word' id='word_1_433' title='bbox 3822 2877 3916 2956; x_wconf 82' lang='grc' dir='ltr'><strong>ἄῤ.</strong></span> 
     </span>
    </p>
   </div>
   <div class='ocr_carea' id='block_1_60' title="bbox 2255 2966 3907 3050">
    <p class='ocr_par' dir='ltr' id='par_1_60' title="bbox 2255 2966 3907 3050">
     <span class='ocr_line' id='line_1_60' title="bbox 2255 2966 3907 3050; baseline -0.002 -23"><span class='ocrx_word' id='word_1_434' title='bbox 2255 2973 2438 3050; x_wconf 84' lang='grc' dir='ltr'>ῥητος,</span> <span class='ocrx_word' id='word_1_435' title='bbox 2525 2967 2578 3034; x_wconf 75' lang='grc' dir='ltr'><strong>ἐξ</strong></span> <span class='ocrx_word' id='word_1_436' title='bbox 2647 2967 2868 3048; x_wconf 78' lang='grc' dir='ltr'>ἇῤῥήτου</span> <span class='ocrx_word' id='word_1_437' title='bbox 2951 2968 3213 3044; x_wconf 85' lang='grc' dir='ltr'>στόματος</span> <span class='ocrx_word' id='word_1_438' title='bbox 3280 2980 3550 3047; x_wconf 83' lang='grc' dir='ltr'>πεφηνυῖα</span> <span class='ocrx_word' id='word_1_439' title='bbox 3635 2966 3907 3046; x_wconf 66' lang='grc' dir='ltr'>ἀρρήτως,</span> 
     </span>
    </p>
   </div>
   <div class='ocr_carea' id='block_1_61' title="bbox 533 3055 2179 3148">
    <p class='ocr_par' dir='ltr' id='par_1_61' title="bbox 533 3056 2174 3135">
     <span class='ocr_line' id='line_1_61' title="bbox 533 3056 2174 3135; baseline -0.001 -19"><span class='ocrx_word' id='word_1_440' title='bbox 533 3073 625 3125; x_wconf 83' lang='lat' dir='ltr'><strong>ea,</strong></span> <span class='ocrx_word' id='word_1_441' title='bbox 661 3073 794 3135; x_wconf 73' lang='lat' dir='ltr'><strong>quae</strong></span> <span class='ocrx_word' id='word_1_442' title='bbox 814 3074 978 3117; x_wconf 88' lang='lat' dir='ltr'><strong>nunc</strong></span> <span class='ocrx_word' id='word_1_443' title='bbox 991 3057 1408 3135; x_wconf 82' lang='lat' dir='ltr'><strong>ﬁtinnovatio,</strong></span> <span class='ocrx_word' id='word_1_444' title='bbox 1433 3062 1485 3117; x_wconf 90' lang='lat' dir='ltr'><strong>et</strong></span> <span class='ocrx_word' id='word_1_445' title='bbox 1498 3073 1853 3117; x_wconf 81' lang='lat' dir='ltr'><strong>concursum</strong></span> <span class='ocrx_word' id='word_1_446' title='bbox 1882 3056 2174 3134; x_wconf 75' lang='lat' dir='ltr'><strong>expressit</strong></span> 
     </span>
    </p>
   </div>
   <div class='ocr_carea' id='block_1_62' title="bbox 2264 3055 3910 3148">
    <p class='ocr_par' dir='ltr' id='par_1_62' title="bbox 2264 3055 3910 3137">
     <span class='ocr_line' id='line_1_62' title="bbox 2264 3055 3910 3137; baseline -0.002 -21"><span class='ocrx_word' id='word_1_447' title='bbox 2264 3063 2344 3118; x_wconf 80' lang='grc' dir='ltr'>καὶ</span> <span class='ocrx_word' id='word_1_448' title='bbox 2400 3060 2534 3116; x_wconf 80' lang='grc' dir='ltr'>κατὰ</span> <span class='ocrx_word' id='word_1_449' title='bbox 2602 3059 2699 3127; x_wconf 81' lang='grc' dir='ltr'>τὴν</span> <span class='ocrx_word' id='word_1_450' title='bbox 2770 3059 3062 3137; x_wconf 73' lang='grc' dir='ltr'>ἐμφύσησιν</span> <span class='ocrx_word' id='word_1_451' title='bbox 3131 3058 3205 3121; x_wconf 76' lang='grc' dir='ltr'><strong>εἰς</strong></span> <span class='ocrx_word' id='word_1_452' title='bbox 3281 3059 3371 3113; x_wconf 83' lang='grc' dir='ltr'><strong>τὸν</strong></span> <span class='ocrx_word' id='word_1_453' title='bbox 3439 3055 3708 3136; x_wconf 63' lang='grc' dir='ltr'>ἄνθρωπον</span> <span class='ocrx_word' id='word_1_454' title='bbox 3763 3057 3910 3113; x_wconf 85' lang='grc' dir='ltr'>ἆπε-</span> 
     </span>
    </p>
   </div>
   <div class='ocr_carea' id='block_1_63' title="bbox 529 3143 2177 3225">
    <p class='ocr_par' dir='ltr' id='par_1_63' title="bbox 529 3143 2177 3225">
     <span class='ocr_line' id='line_1_63' title="bbox 529 3143 2177 3225; baseline -0.001 -19"><span class='ocrx_word' id='word_1_455' title='bbox 529 3145 964 3224; x_wconf 82' lang='lat' dir='ltr'><strong>su/ﬂans,idem</strong></span> <span class='ocrx_word' id='word_1_456' title='bbox 982 3144 1082 3206; x_wconf 81' lang='lat' dir='ltr'><strong>ille</strong></span> <span class='ocrx_word' id='word_1_457' title='bbox 1099 3145 1534 3225; x_wconf 75' lang='lat' dir='ltr'><strong>exsistens,qui</strong></span> <span class='ocrx_word' id='word_1_458' title='bbox 1544 3161 1580 3206; x_wconf 88' lang='grc' dir='ltr'><strong>α</strong></span> <span class='ocrx_word' id='word_1_459' title='bbox 1589 3145 1894 3224; x_wconf 78' lang='lat' dir='ltr'><strong>principio</strong></span> <span class='ocrx_word' id='word_1_460' title='bbox 1915 3143 2177 3223; x_wconf 76' lang='lat' dir='ltr'><strong>insufﬂa-</strong></span> 
     </span>
    </p>
   </div>
   <div class='ocr_carea' id='block_1_64' title="bbox 530 3233 2173 3314">
    <p class='ocr_par' dir='ltr' id='par_1_64' title="bbox 530 3233 2173 3314">
     <span class='ocr_line' id='line_1_64' title="bbox 530 3233 2173 3314; baseline -0.002 -18"><span class='ocrx_word' id='word_1_461' title='bbox 530 3234 927 3312; x_wconf 83' lang='lat' dir='ltr'><strong>vit,idemque</strong></span> <span class='ocrx_word' id='word_1_462' title='bbox 937 3251 1048 3314; x_wconf 83' lang='lat' dir='ltr'><strong>per</strong></span> <span class='ocrx_word' id='word_1_463' title='bbox 1070 3251 1244 3314; x_wconf 81' lang='lat' dir='ltr'><strong>quem</strong></span> <span class='ocrx_word' id='word_1_464' title='bbox 1270 3234 1426 3296; x_wconf 86' lang='lat' dir='ltr'><strong>Deus</strong></span> <span class='ocrx_word' id='word_1_465' title='bbox 1447 3233 1733 3312; x_wconf 84' lang='lat' dir='ltr'><strong>inﬂatum</strong></span> <span class='ocrx_word' id='word_1_466' title='bbox 1756 3233 2051 3313; x_wconf 83' lang='lat' dir='ltr'><strong>elargitus</strong></span> <span class='ocrx_word' id='word_1_467' title='bbox 2070 3241 2173 3312; x_wconf 81' lang='lat' dir='ltr'><strong>est,</strong></span> 
     </span>
    </p>
   </div>
   <div class='ocr_carea' id='block_1_65' title="bbox 532 3323 2174 3402">
    <p class='ocr_par' dir='ltr' id='par_1_65' title="bbox 532 3323 2174 3402">
     <span class='ocr_line' id='line_1_65' title="bbox 532 3323 2174 3402; baseline 0.002 -17"><span class='ocrx_word' id='word_1_468' title='bbox 532 3329 657 3385; x_wconf 89' lang='lat' dir='ltr'><strong>tum</strong></span> <span class='ocrx_word' id='word_1_469' title='bbox 680 3323 920 3402; x_wconf 83' lang='lat' dir='ltr'><strong>quidem</strong></span> <span class='ocrx_word' id='word_1_470' title='bbox 950 3340 1088 3384; x_wconf 88' lang='lat' dir='ltr'><strong>cum</strong></span> <span class='ocrx_word' id='word_1_471' title='bbox 1113 3324 1340 3397; x_wconf 82' lang='lat' dir='ltr'><strong>animo,</strong></span> <span class='ocrx_word' id='word_1_472' title='bbox 1393 3340 1558 3385; x_wconf 88' lang='lat' dir='ltr'><strong>nunc</strong></span> <span class='ocrx_word' id='word_1_473' title='bbox 1587 3340 1729 3385; x_wconf 86' lang='lat' dir='ltr'><strong>vero</strong></span> <span class='ocrx_word' id='word_1_474' title='bbox 1781 3325 1849 3383; x_wconf 84' lang='lat' dir='ltr'><strong>in.</strong></span> <span class='ocrx_word' id='word_1_475' title='bbox 1876 3324 2174 3388; x_wconf 83' lang='lat' dir='ltr'><strong>animum.</strong></span> 
     </span>
    </p>
   </div>
   <div class='ocr_carea' id='block_1_66' title="bbox 527 3409 2179 3491">
    <p class='ocr_par' dir='ltr' id='par_1_66' title="bbox 527 3409 2179 3491">
     <span class='ocr_line' id='line_1_66' title="bbox 527 3409 2179 3491; baseline -0.002 -18"><span class='ocrx_word' id='word_1_476' title='bbox 527 3410 1134 3473; x_wconf 84' lang='lat' dir='ltr'><strong>Advertantanimum</strong></span> <span class='ocrx_word' id='word_1_477' title='bbox 1171 3410 1306 3472; x_wconf 88' lang='lat' dir='ltr'><strong>huic</strong></span> <span class='ocrx_word' id='word_1_478' title='bbox 1341 3409 1525 3485; x_wconf 91' lang='lat' dir='ltr'><strong>dicto,</strong></span> <span class='ocrx_word' id='word_1_479' title='bbox 1580 3411 1681 3491; x_wconf 91' lang='lat' dir='ltr'><strong>qui</strong></span> <span class='ocrx_word' id='word_1_480' title='bbox 1733 3409 1907 3472; x_wconf 92' lang='lat' dir='ltr'><strong>nobis</strong></span> <span class='ocrx_word' id='word_1_481' title='bbox 1958 3410 2179 3472; x_wconf 91' lang='lat' dir='ltr'><strong>bellum</strong></span> 
     </span>
    </p>
   </div>
   <div class='ocr_carea' id='block_1_67' title="bbox 528 3498 2177 3582">
    <p class='ocr_par' dir='ltr' id='par_1_67' title="bbox 528 3498 2177 3582">
     <span class='ocr_line' id='line_1_67' title="bbox 528 3498 2177 3582; baseline 0 -22"><span class='ocrx_word' id='word_1_482' title='bbox 528 3498 826 3573; x_wconf 89' lang='lat' dir='ltr'><strong>indicunt,</strong></span> <span class='ocrx_word' id='word_1_483' title='bbox 859 3499 1292 3579; x_wconf 86' lang='lat' dir='ltr'><strong>addiscantque</strong></span> <span class='ocrx_word' id='word_1_484' title='bbox 1347 3517 1415 3560; x_wconf 81' lang='lat' dir='ltr'><strong>ex</strong></span> <span class='ocrx_word' id='word_1_485' title='bbox 1465 3518 1535 3560; x_wconf 89' lang='lat' dir='ltr'><strong>eo</strong></span> <span class='ocrx_word' id='word_1_486' title='bbox 1587 3519 1693 3578; x_wconf 89' lang='lat' dir='ltr'><strong>per</strong></span> <span class='ocrx_word' id='word_1_487' title='bbox 1735 3499 2026 3582; x_wconf 85' lang='lat' dir='ltr'><strong>inﬂatum,</strong></span> <span class='ocrx_word' id='word_1_488' title='bbox 2061 3518 2177 3561; x_wconf 89' lang='lat' dir='ltr'><strong>non</strong></span> 
     </span>
    </p>
   </div>
   <div class='ocr_carea' id='block_1_68' title="bbox 531 3587 2176 3669">
    <p class='ocr_par' dir='ltr' id='par_1_68' title="bbox 531 3587 2176 3669">
     <span class='ocr_line' id='line_1_68' title="bbox 531 3587 2176 3669; baseline 0 -19"><span class='ocrx_word' id='word_1_489' title='bbox 531 3588 750 3650; x_wconf 92' lang='lat' dir='ltr'><strong>donum</strong></span> <span class='ocrx_word' id='word_1_490' title='bbox 786 3587 1023 3668; x_wconf 89' lang='lat' dir='ltr'><strong>aliquod</strong></span> <span class='ocrx_word' id='word_1_491' title='bbox 1057 3587 1348 3668; x_wconf 88' lang='lat' dir='ltr'><strong>spiritale,</strong></span> <span class='ocrx_word' id='word_1_492' title='bbox 1382 3595 1445 3649; x_wconf 94' lang='lat' dir='ltr'><strong>ut</strong></span> <span class='ocrx_word' id='word_1_493' title='bbox 1475 3587 1590 3669; x_wconf 91' lang='lat' dir='ltr'><strong>ipsi</strong></span> <span class='ocrx_word' id='word_1_494' title='bbox 1617 3588 1988 3651; x_wconf 88' lang='lat' dir='ltr'><strong>contentiose</strong></span> <span class='ocrx_word' id='word_1_495' title='bbox 2027 3608 2176 3650; x_wconf 90' lang='lat' dir='ltr'><strong>con-</strong></span> 
     </span>
    </p>
   </div>
   <div class='ocr_carea' id='block_1_69' title="bbox 527 3676 2173 3760">
    <p class='ocr_par' dir='ltr' id='par_1_69' title="bbox 527 3676 2173 3760">
     <span class='ocr_line' id='line_1_69' title="bbox 527 3676 2173 3760; baseline 0.001 -22"><span class='ocrx_word' id='word_1_496' title='bbox 527 3677 798 3751; x_wconf 86' lang='lat' dir='ltr'><strong>tendunt,</strong></span> <span class='ocrx_word' id='word_1_497' title='bbox 836 3677 940 3737; x_wconf 93' lang='lat' dir='ltr'><strong>sed</strong></span> <span class='ocrx_word' id='word_1_498' title='bbox 991 3676 1186 3756; x_wconf 92' lang='lat' dir='ltr'><strong>ipsum</strong></span> <span class='ocrx_word' id='word_1_499' title='bbox 1234 3677 1519 3757; x_wconf 90' lang='lat' dir='ltr'><strong>Spiritum</strong></span> <span class='ocrx_word' id='word_1_500' title='bbox 1571 3687 1838 3739; x_wconf 90' lang='lat' dir='ltr'><strong>sanctum</strong></span> <span class='ocrx_word' id='word_1_501' title='bbox 1900 3677 2042 3754; x_wconf 92' lang='lat' dir='ltr'><strong>illis,</strong></span> <span class='ocrx_word' id='word_1_502' title='bbox 2075 3681 2173 3760; x_wconf 91' lang='lat' dir='ltr'><strong>qui</strong></span> 
     </span>
    </p>
   </div>
   <div class='ocr_carea' id='block_1_70' title="bbox 526 3764 2172 3846">
    <p class='ocr_par' dir='ltr' id='par_1_70' title="bbox 526 3764 2172 3846">
     <span class='ocr_line' id='line_1_70' title="bbox 526 3764 2172 3846; baseline 0.002 -21"><span class='ocrx_word' id='word_1_503' title='bbox 526 3764 725 3846; x_wconf 92' lang='lat' dir='ltr'><strong>ipsum</strong></span> <span class='ocrx_word' id='word_1_504' title='bbox 759 3773 1108 3846; x_wconf 82' lang='lat' dir='ltr'><strong>aspexerant</strong></span> <span class='ocrx_word' id='word_1_505' title='bbox 1138 3764 1427 3838; x_wconf 87' lang='lat' dir='ltr'><strong>Verbum,</strong></span> <span class='ocrx_word' id='word_1_506' title='bbox 1489 3775 1619 3845; x_wconf 83' lang='lat' dir='ltr'><strong>post</strong></span> <span class='ocrx_word' id='word_1_507' title='bbox 1676 3766 2172 3830; x_wconf 89' lang='lat' dir='ltr'><strong>resurrectionem</strong></span> 
     </span>
    </p>
   </div>
   <div class='ocr_carea' id='block_1_71' title="bbox 528 3853 2172 3937">
    <p class='ocr_par' dir='ltr' id='par_1_71' title="bbox 528 3853 2172 3937">
     <span class='ocr_line' id='line_1_71' title="bbox 528 3853 2172 3937; baseline 0.002 -23"><span class='ocrx_word' id='word_1_508' title='bbox 528 3853 856 3915; x_wconf 78' lang='lat' dir='ltr'><strong>exhibitum</strong></span> <span class='ocrx_word' id='word_1_509' title='bbox 891 3853 1096 3928; x_wconf 82' lang='lat' dir='ltr'><strong>fuisse,</strong></span> <span class='ocrx_word' id='word_1_510' title='bbox 1131 3872 1306 3934; x_wconf 81' lang='lat' dir='ltr'><strong>quem</strong></span> <span class='ocrx_word' id='word_1_511' title='bbox 1367 3855 1540 3915; x_wconf 90' lang='lat' dir='ltr'><strong>etiam</strong></span> <span class='ocrx_word' id='word_1_512' title='bbox 1591 3855 1816 3916; x_wconf 91' lang='lat' dir='ltr'><strong>homini</strong></span> <span class='ocrx_word' id='word_1_513' title='bbox 1848 3873 1952 3936; x_wconf 88' lang='lat' dir='ltr'><strong>per</strong></span> <span class='ocrx_word' id='word_1_514' title='bbox 1979 3857 2172 3937; x_wconf 89' lang='lat' dir='ltr'><strong>ipsum</strong></span> 
     </span>
    </p>
   </div>
   <div class='ocr_carea' id='block_1_72' title="bbox 524 3940 2174 4021">
    <p class='ocr_par' dir='ltr' id='par_1_72' title="bbox 524 3940 2174 4021">
     <span class='ocr_line' id='line_1_72' title="bbox 524 3940 2174 4021; baseline 0.001 -16"><span class='ocrx_word' id='word_1_515' title='bbox 524 3940 682 4005; x_wconf 86' lang='lat' dir='ltr'><strong>Deus</strong></span> <span class='ocrx_word' id='word_1_516' title='bbox 717 3942 778 4002; x_wconf 93' lang='lat' dir='ltr'><strong>in</strong></span> <span class='ocrx_word' id='word_1_517' title='bbox 811 3942 938 4021; x_wconf 92' lang='lat' dir='ltr'><strong>ipsa</strong></span> <span class='ocrx_word' id='word_1_518' title='bbox 967 3942 1130 4003; x_wconf 81' lang='lat' dir='ltr'><strong>Ol‘blS</strong></span> <span class='ocrx_word' id='word_1_519' title='bbox 1161 3942 1502 4005; x_wconf 88' lang='lat' dir='ltr'><strong>conditione</strong></span> <span class='ocrx_word' id='word_1_520' title='bbox 1549 3944 1969 4006; x_wconf 81' lang='lat' dir='ltr'><strong>insufﬂaverat.</strong></span> <span class='ocrx_word' id='word_1_521' title='bbox 2005 3944 2174 4018; x_wconf 90' lang='lat' dir='ltr'><strong>Quod</strong></span> 
     </span>
    </p>
   </div>
   <div class='ocr_carea' id='block_1_73' title="bbox 524 4029 2172 4115">
    <p class='ocr_par' dir='ltr' id='par_1_73' title="bbox 524 4029 2172 4115">
     <span class='ocr_line' id='line_1_73' title="bbox 524 4029 2172 4115; baseline 0.003 -23"><span class='ocrx_word' id='word_1_522' title='bbox 524 4030 656 4093; x_wconf 82' lang='lat' dir='ltr'><strong>ﬁeri</strong></span> <span class='ocrx_word' id='word_1_523' title='bbox 686 4029 930 4091; x_wconf 89' lang='lat' dir='ltr'><strong>minime</strong></span> <span class='ocrx_word' id='word_1_524' title='bbox 961 4031 1264 4112; x_wconf 84' lang='lat' dir='ltr'><strong>potuisset,</strong></span> <span class='ocrx_word' id='word_1_525' title='bbox 1296 4031 1410 4092; x_wconf 92' lang='lat' dir='ltr'><strong>nisi</strong></span> <span class='ocrx_word' id='word_1_526' title='bbox 1435 4050 1542 4112; x_wconf 89' lang='lat' dir='ltr'><strong>per</strong></span> <span class='ocrx_word' id='word_1_527' title='bbox 1566 4033 1756 4114; x_wconf 89' lang='lat' dir='ltr'><strong>ipsum</strong></span> <span class='ocrx_word' id='word_1_528' title='bbox 1782 4031 2035 4115; x_wconf 88' lang='lat' dir='ltr'><strong>Spiritus</strong></span> <span class='ocrx_word' id='word_1_529' title='bbox 2066 4055 2172 4097; x_wconf 83' lang='lat' dir='ltr'><strong>ex-</strong></span> 
     </span>
    </p>
   </div>
   <div class='ocr_carea' id='block_1_74' title="bbox 523 4119 2170 4203">
    <p class='ocr_par' dir='ltr' id='par_1_74' title="bbox 523 4119 2170 4203">
     <span class='ocr_line' id='line_1_74' title="bbox 523 4119 2170 4203; baseline 0.004 -23"><span class='ocrx_word' id='word_1_530' title='bbox 523 4119 854 4182; x_wconf 86' lang='lat' dir='ltr'><strong>sistentiam</strong></span> <span class='ocrx_word' id='word_1_531' title='bbox 874 4119 1198 4202; x_wconf 89' lang='lat' dir='ltr'><strong>habuisset,</strong></span> <span class='ocrx_word' id='word_1_532' title='bbox 1224 4138 1519 4202; x_wconf 91' lang='lat' dir='ltr'><strong>perquem</strong></span> <span class='ocrx_word' id='word_1_533' title='bbox 1559 4122 1617 4183; x_wconf 91' lang='lat' dir='ltr'><strong>in</strong></span> <span class='ocrx_word' id='word_1_534' title='bbox 1664 4141 1788 4193; x_wconf 82' lang='lat' dir='ltr'><strong>eos,</strong></span> <span class='ocrx_word' id='word_1_535' title='bbox 1823 4125 2038 4203; x_wconf 84' lang='lat' dir='ltr'><strong>quibus</strong></span> <span class='ocrx_word' id='word_1_536' title='bbox 2069 4125 2170 4188; x_wconf 91' lang='lat' dir='ltr'><strong>ille</strong></span> 
     </span>
    </p>
   </div>
   <div class='ocr_carea' id='block_1_75' title="bbox 519 4208 2168 4294">
    <p class='ocr_par' dir='ltr' id='par_1_75' title="bbox 519 4208 2168 4294">
     <span class='ocr_line' id='line_1_75' title="bbox 519 4208 2168 4294; baseline 0.003 -24"><span class='ocrx_word' id='word_1_537' title='bbox 519 4208 910 4289; x_wconf 90' lang='lat' dir='ltr'><strong>complacitus</strong></span> <span class='ocrx_word' id='word_1_538' title='bbox 942 4208 1419 4283; x_wconf 79' lang='lat' dir='ltr'><strong>est,insufﬂatur,</strong></span> <span class='ocrx_word' id='word_1_539' title='bbox 1446 4217 1504 4271; x_wconf 89' lang='lat' dir='ltr'><strong>et</strong></span> <span class='ocrx_word' id='word_1_540' title='bbox 1526 4211 1722 4289; x_wconf 84' lang='lat' dir='ltr'><strong>dignis</strong></span> <span class='ocrx_word' id='word_1_541' title='bbox 1740 4211 1991 4274; x_wconf 88' lang='lat' dir='ltr'><strong>mittitur</strong></span> <span class='ocrx_word' id='word_1_542' title='bbox 2019 4233 2168 4294; x_wconf 89' lang='lat' dir='ltr'><strong>sup-</strong></span> 
     </span>
    </p>
   </div>
   <div class='ocr_carea' id='block_1_76' title="bbox 518 4297 2171 4379">
    <p class='ocr_par' dir='ltr' id='par_1_76' title="bbox 518 4297 2171 4379">
     <span class='ocr_line' id='line_1_76' title="bbox 518 4297 2171 4379; baseline 0.004 -20"><span class='ocrx_word' id='word_1_543' title='bbox 518 4297 1340 4379; x_wconf 88' lang='lat' dir='ltr'><strong>peditatus.Quandoquidem</strong></span> <span class='ocrx_word' id='word_1_544' title='bbox 1373 4299 1422 4360; x_wconf 90' lang='lat' dir='ltr'><strong>si</strong></span> <span class='ocrx_word' id='word_1_545' title='bbox 1453 4299 1512 4360; x_wconf 89' lang='lat' dir='ltr'><strong>id</strong></span> <span class='ocrx_word' id='word_1_546' title='bbox 1547 4319 1666 4362; x_wconf 91' lang='lat' dir='ltr'><strong>non</strong></span> <span class='ocrx_word' id='word_1_547' title='bbox 1699 4303 2039 4377; x_wconf 84' lang='lat' dir='ltr'><strong>esset,male</strong></span> <span class='ocrx_word' id='word_1_548' title='bbox 2071 4325 2171 4366; x_wconf 91' lang='lat' dir='ltr'><strong>ne-</strong></span> 
     </span>
    </p>
   </div>
   <div class='ocr_carea' id='block_1_77' title="bbox 2258 3147 3912 3229">
    <p class='ocr_par' dir='ltr' id='par_1_77' title="bbox 2258 3147 3912 3229">
     <span class='ocr_line' id='line_1_77' title="bbox 2258 3147 3912 3229; baseline -0.003 -22"><span class='ocrx_word' id='word_1_549' title='bbox 2258 3149 2553 3229; x_wconf 83' lang='grc' dir='ltr'>σταλμένη,</span> <span class='ocrx_word' id='word_1_550' title='bbox 2632 3151 2719 3206; x_wconf 81' lang='grc' dir='ltr'>καὶ</span> <span class='ocrx_word' id='word_1_551' title='bbox 2769 3149 2907 3205; x_wconf 76' lang='grc' dir='ltr'>κατὰ</span> <span class='ocrx_word' id='word_1_552' title='bbox 2959 3149 3049 3204; x_wconf 85' lang='grc' dir='ltr'>τὸν</span> <span class='ocrx_word' id='word_1_553' title='bbox 3106 3148 3421 3224; x_wconf 82' lang='grc' dir='ltr'>σωματικῶς</span> <span class='ocrx_word' id='word_1_554' title='bbox 3513 3147 3614 3202; x_wconf 78' lang='grc' dir='ltr'><strong>ὑπὸ</strong></span> <span class='ocrx_word' id='word_1_555' title='bbox 3668 3153 3761 3203; x_wconf 83' lang='grc' dir='ltr'><strong>τοῦ</strong></span> <span class='ocrx_word' id='word_1_556' title='bbox 3807 3156 3912 3205; x_wconf 82' lang='lat' dir='ltr'><strong>Ku-</strong></span> 
     </span>
    </p>
   </div>
   <div class='ocr_carea' id='block_1_78' title="bbox 2260 3234 3907 3320">
    <p class='ocr_par' dir='ltr' id='par_1_78' title="bbox 2260 3234 3907 3320">
     <span class='ocr_line' id='line_1_78' title="bbox 2260 3234 3907 3320; baseline -0.002 -24"><span class='ocrx_word' id='word_1_557' title='bbox 2260 3243 2368 3318; x_wconf 75' lang='grc' dir='ltr'>ρίου</span> <span class='ocrx_word' id='word_1_558' title='bbox 2438 3237 2711 3320; x_wconf 81' lang='grc' dir='ltr'>δειχθέντα</span> <span class='ocrx_word' id='word_1_559' title='bbox 2806 3239 2971 3295; x_wconf 85' lang='grc' dir='ltr'>τύπον</span> <span class='ocrx_word' id='word_1_560' title='bbox 3043 3238 3131 3295; x_wconf 74' lang='grc' dir='ltr'><strong>ὑπ’</strong></span> <span class='ocrx_word' id='word_1_561' title='bbox 3199 3237 3356 3297; x_wconf 76' lang='grc' dir='ltr'>αὐτοῦ</span> <span class='ocrx_word' id='word_1_562' title='bbox 3422 3234 3488 3294; x_wconf 84' lang='grc' dir='ltr'>δι’</span> <span class='ocrx_word' id='word_1_563' title='bbox 3554 3235 3907 3316; x_wconf 70' lang='grc' dir='ltr'>ἐμφυσήσεως</span> 
     </span>
    </p>
   </div>
   <div class='ocr_carea' id='block_1_79' title="bbox 2260 3324 3904 3407">
    <p class='ocr_par' dir='ltr' id='par_1_79' title="bbox 2260 3324 3904 3407">
     <span class='ocr_line' id='line_1_79' title="bbox 2260 3324 3904 3407; baseline -0.01 -22"><span class='ocrx_word' id='word_1_564' title='bbox 2260 3328 2740 3405; x_wconf 80' lang='grc' dir='ltr'>ἁποκαθιστομένη.</span> <span class='ocrx_word' id='word_1_565' title='bbox 2793 3325 3108 3407; x_wconf 81' lang='grc' dir='ltr'>Συντρέχειν</span> <span class='ocrx_word' id='word_1_566' title='bbox 3171 3328 3271 3406; x_wconf 72' lang='grc' dir='ltr'>γὰρ</span> <span class='ocrx_word' id='word_1_567' title='bbox 3352 3324 3436 3382; x_wconf 85' lang='grc' dir='ltr'><strong>δεῖ</strong></span> <span class='ocrx_word' id='word_1_568' title='bbox 3503 3332 3571 3402; x_wconf 77' lang='grc' dir='ltr'><strong>τῇ</strong></span> <span class='ocrx_word' id='word_1_569' title='bbox 3628 3325 3744 3383; x_wconf 76' lang='grc' dir='ltr'>κατ’</span> <span class='ocrx_word' id='word_1_570' title='bbox 3803 3325 3904 3402; x_wconf 76' lang='grc' dir='ltr'><strong>ἂρ-</strong></span> 
     </span>
    </p>
   </div>
   <div class='ocr_carea' id='block_1_80' title="bbox 2259 3416 3906 3498">
    <p class='ocr_par' dir='ltr' id='par_1_80' title="bbox 2259 3416 3906 3498">
     <span class='ocr_line' id='line_1_80' title="bbox 2259 3416 3906 3498; baseline -0.003 -23"><span class='ocrx_word' id='word_1_571' title='bbox 2259 3419 2370 3498; x_wconf 81' lang='grc' dir='ltr'>χὴν</span> <span class='ocrx_word' id='word_1_572' title='bbox 2468 3416 2741 3484; x_wconf 83' lang='grc' dir='ltr'>καινότητι</span> <span class='ocrx_word' id='word_1_573' title='bbox 2834 3417 2934 3484; x_wconf 77' lang='grc' dir='ltr'>τὴν</span> <span class='ocrx_word' id='word_1_574' title='bbox 3023 3424 3110 3474; x_wconf 91' lang='grc' dir='ltr'><strong>νῦν</strong></span> <span class='ocrx_word' id='word_1_575' title='bbox 3209 3417 3556 3488; x_wconf 81' lang='grc' dir='ltr'>ἁνακαίνισιν,</span> <span class='ocrx_word' id='word_1_576' title='bbox 3633 3417 3719 3472; x_wconf 78' lang='grc' dir='ltr'><strong>καὶ</strong></span> <span class='ocrx_word' id='word_1_577' title='bbox 3801 3417 3906 3486; x_wconf 68' lang='grc' dir='ltr'>τὴν</span> 
     </span>
    </p>
   </div>
   <div class='ocr_carea' id='block_1_81' title="bbox 2262 3504 3906 3586">
    <p class='ocr_par' dir='ltr' id='par_1_81' title="bbox 2262 3504 3906 3586">
     <span class='ocr_line' id='line_1_81' title="bbox 2262 3504 3906 3586; baseline -0.001 -22"><span class='ocrx_word' id='word_1_578' title='bbox 2262 3506 2555 3586; x_wconf 74' lang='grc' dir='ltr'>συνδρομὴν</span> <span class='ocrx_word' id='word_1_579' title='bbox 2653 3505 2974 3573; x_wconf 81' lang='grc' dir='ltr'>ἐξετύπωσεν</span> <span class='ocrx_word' id='word_1_580' title='bbox 3072 3505 3403 3584; x_wconf 73' lang='grc' dir='ltr'>ἐμφυσήσας,</span> <span class='ocrx_word' id='word_1_581' title='bbox 3520 3504 3625 3584; x_wconf 71' lang='grc' dir='ltr'><strong>οὐχ</strong></span> <span class='ocrx_word' id='word_1_582' title='bbox 3726 3504 3906 3585; x_wconf 73' lang='grc' dir='ltr'>ἕτερος</span> 
     </span>
    </p>
   </div>
   <div class='ocr_carea' id='block_1_82' title="bbox 2261 3593 3905 3676">
    <p class='ocr_par' dir='ltr' id='par_1_82' title="bbox 2261 3593 3905 3676">
     <span class='ocr_line' id='line_1_82' title="bbox 2261 3593 3905 3676; baseline -0.002 -23"><span class='ocrx_word' id='word_1_583' title='bbox 2261 3597 2333 3653; x_wconf 81' lang='grc' dir='ltr'>ὥν</span> <span class='ocrx_word' id='word_1_584' title='bbox 2389 3599 2530 3676; x_wconf 76' lang='grc' dir='ltr'>παρὰ</span> <span class='ocrx_word' id='word_1_585' title='bbox 2584 3598 2676 3653; x_wconf 84' lang='grc' dir='ltr'>τὸν</span> <span class='ocrx_word' id='word_1_586' title='bbox 2743 3595 2797 3662; x_wconf 71' lang='grc' dir='ltr'>ὶξ</span> <span class='ocrx_word' id='word_1_587' title='bbox 2893 3595 3070 3676; x_wconf 78' lang='grc' dir='ltr'>ἀρχῆς</span> <span class='ocrx_word' id='word_1_588' title='bbox 3153 3596 3550 3674; x_wconf 71' lang='grc' dir='ltr'>ὲμφυσήσαντα,</span> <span class='ocrx_word' id='word_1_589' title='bbox 3622 3593 3740 3652; x_wconf 81' lang='grc' dir='ltr'>ἀλλ’</span> <span class='ocrx_word' id='word_1_590' title='bbox 3798 3595 3905 3651; x_wconf 59' lang='grc' dir='ltr'><strong>αὖ-</strong></span> 
     </span>
    </p>
   </div>
   <div class='ocr_carea' id='block_1_83' title="bbox 2258 3683 3908 3764">
    <p class='ocr_par' dir='ltr' id='par_1_83' title="bbox 2258 3683 3908 3764">
     <span class='ocr_line' id='line_1_83' title="bbox 2258 3683 3908 3764; baseline -0.002 -21"><span class='ocrx_word' id='word_1_591' title='bbox 2258 3689 2348 3751; x_wconf 83' lang='grc' dir='ltr'><strong>τὸς</strong></span> <span class='ocrx_word' id='word_1_592' title='bbox 2401 3685 2469 3742; x_wconf 83' lang='grc' dir='ltr'><strong>δι’</strong></span> <span class='ocrx_word' id='word_1_593' title='bbox 2526 3687 2585 3744; x_wconf 74' lang='grc' dir='ltr'><strong>οὗ</strong></span> <span class='ocrx_word' id='word_1_594' title='bbox 2641 3689 2769 3750; x_wconf 79' lang='grc' dir='ltr'>Θεὸς</span> <span class='ocrx_word' id='word_1_595' title='bbox 2826 3683 3016 3743; x_wconf 83' lang='grc' dir='ltr'>δέδωκε</span> <span class='ocrx_word' id='word_1_596' title='bbox 3088 3687 3188 3753; x_wconf 78' lang='grc' dir='ltr'>τὴν</span> <span class='ocrx_word' id='word_1_597' title='bbox 3240 3685 3558 3764; x_wconf 76' lang='grc' dir='ltr'>ἐμφύσησιν,</span> <span class='ocrx_word' id='word_1_598' title='bbox 3625 3685 3746 3741; x_wconf 81' lang='grc' dir='ltr'>τότε</span> <span class='ocrx_word' id='word_1_599' title='bbox 3806 3684 3908 3760; x_wconf 84' lang='grc' dir='ltr'><strong>μέν</strong></span> 
     </span>
    </p>
   </div>
   <div class='ocr_carea' id='block_1_84' title="bbox 2258 3773 3907 3857">
    <p class='ocr_par' dir='ltr' id='par_1_84' title="bbox 2258 3773 3907 3857">
     <span class='ocr_line' id='line_1_84' title="bbox 2258 3773 3907 3857; baseline -0.002 -24"><span class='ocrx_word' id='word_1_600' title='bbox 2258 3777 2392 3853; x_wconf 84' lang='grc' dir='ltr'>μετᾶ</span> <span class='ocrx_word' id='word_1_601' title='bbox 2434 3778 2640 3857; x_wconf 65' lang='grc' dir='ltr'>ψυχῆς,</span> <span class='ocrx_word' id='word_1_602' title='bbox 2714 3783 2801 3833; x_wconf 88' lang='grc' dir='ltr'><strong>νῦν</strong></span> <span class='ocrx_word' id='word_1_603' title='bbox 2873 3773 2927 3832; x_wconf 80' lang='grc' dir='ltr'><strong>δὲ</strong></span> <span class='ocrx_word' id='word_1_604' title='bbox 2997 3777 3070 3841; x_wconf 76' lang='grc' dir='ltr'><strong>εἰς</strong></span> <span class='ocrx_word' id='word_1_605' title='bbox 3139 3776 3344 3855; x_wconf 75' lang='grc' dir='ltr'>ψυχήν.</span> <span class='ocrx_word' id='word_1_606' title='bbox 3421 3773 3907 3842; x_wconf 83' lang='grc' dir='ltr'>Ἐπιστησάτωσαν</span> 
     </span>
    </p>
   </div>
   <div class='ocr_carea' id='block_1_85' title="bbox 2257 3864 3907 3946">
    <p class='ocr_par' dir='ltr' id='par_1_85' title="bbox 2257 3864 3907 3946">
     <span class='ocr_line' id='line_1_85' title="bbox 2257 3864 3907 3946; baseline -0.002 -20"><span class='ocrx_word' id='word_1_607' title='bbox 2257 3872 2334 3940; x_wconf 80' lang='grc' dir='ltr'>τῷ</span> <span class='ocrx_word' id='word_1_608' title='bbox 2389 3867 2534 3945; x_wconf 81' lang='grc' dir='ltr'>ῥητώ</span> <span class='ocrx_word' id='word_1_609' title='bbox 2575 3869 2666 3923; x_wconf 83' lang='lat' dir='ltr'><strong>16v</strong></span> <span class='ocrx_word' id='word_1_610' title='bbox 2721 3873 2842 3924; x_wconf 89' lang='grc' dir='ltr'>νοῦν</span> <span class='ocrx_word' id='word_1_611' title='bbox 2885 3869 2931 3923; x_wconf 78' lang='grc' dir='ltr'>οἱ</span> <span class='ocrx_word' id='word_1_612' title='bbox 2989 3867 3316 3946; x_wconf 81' lang='grc' dir='ltr'>μαχόμενοι,</span> <span class='ocrx_word' id='word_1_613' title='bbox 3377 3866 3465 3921; x_wconf 88' lang='grc' dir='ltr'><strong>καὶ</strong></span> <span class='ocrx_word' id='word_1_614' title='bbox 3509 3865 3820 3940; x_wconf 74' lang='grc' dir='ltr'>μαθέτωσαν</span> <span class='ocrx_word' id='word_1_615' title='bbox 3849 3864 3907 3932; x_wconf 75' lang='grc' dir='ltr'><strong>ἒξ</strong></span> 
     </span>
    </p>
   </div>
   <div class='ocr_carea' id='block_1_86' title="bbox 2258 3952 4024 4034">
    <p class='ocr_par' dir='ltr' id='par_1_86' title="bbox 2258 3952 4024 4034">
     <span class='ocr_line' id='line_1_86' title="bbox 2258 3952 4024 4034; baseline -0.002 -20"><span class='ocrx_word' id='word_1_616' title='bbox 2258 3957 2415 4014; x_wconf 69' lang='grc' dir='ltr'>αὺτοῦ</span> <span class='ocrx_word' id='word_1_617' title='bbox 2456 3963 2571 4019; x_wconf 83' lang='grc' dir='ltr'>πῶς</span> <span class='ocrx_word' id='word_1_618' title='bbox 2642 3958 2730 4012; x_wconf 84' lang='grc' dir='ltr'><strong>καὶ</strong></span> <span class='ocrx_word' id='word_1_619' title='bbox 2773 3952 2857 4011; x_wconf 81' lang='grc' dir='ltr'><strong>διὰ</strong></span> <span class='ocrx_word' id='word_1_620' title='bbox 2911 3961 3012 4021; x_wconf 67' lang='grc' dir='ltr'>τῆς</span> <span class='ocrx_word' id='word_1_621' title='bbox 3069 3955 3415 4034; x_wconf 72' lang='grc' dir='ltr'>ἐμφυσήσεως</span> <span class='ocrx_word' id='word_1_622' title='bbox 3476 3954 3534 4011; x_wconf 75' lang='grc' dir='ltr'>οὗ</span> <span class='ocrx_word' id='word_1_623' title='bbox 3577 3954 3822 4034; x_wconf 69' lang='grc' dir='ltr'>χάρισμα</span> <span class='ocrx_word' id='word_1_624' title='bbox 3851 3978 3905 4011; x_wconf 87' lang='grc' dir='ltr'><strong>τι</strong></span> <span class='ocrx_word' id='word_1_625' title='bbox 4001 4012 4024 4032; x_wconf 57' lang='grc' dir='ltr'><strong><em>ο</em></strong></span> 
     </span>
    </p>
   </div>
   <div class='ocr_carea' id='block_1_87' title="bbox 2256 4042 3900 4122">
    <p class='ocr_par' dir='ltr' id='par_1_87' title="bbox 2256 4042 3900 4122">
     <span class='ocr_line' id='line_1_87' title="bbox 2256 4042 3900 4122; baseline -0.001 -19"><span class='ocrx_word' id='word_1_626' title='bbox 2256 4047 2635 4122; x_wconf 81' lang='grc' dir='ltr'>πνευματικὸν,</span> <span class='ocrx_word' id='word_1_627' title='bbox 2690 4047 2764 4109; x_wconf 84' lang='grc' dir='ltr'><strong>ὡς</strong></span> <span class='ocrx_word' id='word_1_628' title='bbox 2820 4046 2965 4102; x_wconf 79' lang='grc' dir='ltr'>αὐτοὶ</span> <span class='ocrx_word' id='word_1_629' title='bbox 3019 4042 3396 4120; x_wconf 84' lang='grc' dir='ltr'>διατεινόμενοι</span> <span class='ocrx_word' id='word_1_630' title='bbox 3453 4042 3716 4122; x_wconf 68' lang='grc' dir='ltr'>λέγουσιν,</span> <span class='ocrx_word' id='word_1_631' title='bbox 3776 4043 3900 4101; x_wconf 84' lang='grc' dir='ltr'>ἀλλ’</span> 
     </span>
    </p>
   </div>
   <div class='ocr_carea' id='block_1_88' title="bbox 2253 4133 3900 4214">
    <p class='ocr_par' dir='ltr' id='par_1_88' title="bbox 2253 4133 3900 4214">
     <span class='ocr_line' id='line_1_88' title="bbox 2253 4133 3900 4214; baseline -0.001 -21"><span class='ocrx_word' id='word_1_632' title='bbox 2253 4137 2378 4194; x_wconf 75' lang='grc' dir='ltr'>αὒτὸ</span> <span class='ocrx_word' id='word_1_633' title='bbox 2447 4137 2507 4192; x_wconf 83' lang='grc' dir='ltr'>τὸ</span> <span class='ocrx_word' id='word_1_634' title='bbox 2565 4141 2776 4210; x_wconf 86' lang='grc' dir='ltr'>Πνεῦμα</span> <span class='ocrx_word' id='word_1_635' title='bbox 2832 4135 2892 4190; x_wconf 88' lang='lat'><strong>16</strong></span> <span class='ocrx_word' id='word_1_636' title='bbox 2947 4133 3096 4212; x_wconf 75' lang='grc' dir='ltr'>ἃγιον</span> <span class='ocrx_word' id='word_1_637' title='bbox 3138 4146 3257 4199; x_wconf 83' lang='grc' dir='ltr'>τοῖς</span> <span class='ocrx_word' id='word_1_638' title='bbox 3315 4133 3600 4198; x_wconf 78' lang='grc' dir='ltr'>αὖτόπταις</span> <span class='ocrx_word' id='word_1_639' title='bbox 3643 4136 3672 4190; x_wconf 89' lang='lat'><strong>6</strong></span> <span class='ocrx_word' id='word_1_640' title='bbox 3727 4135 3900 4214; x_wconf 74' lang='grc' dir='ltr'>Λόγος</span> 
     </span>
    </p>
   </div>
   <div class='ocr_carea' id='block_1_89' title="bbox 2254 4222 3902 4305">
    <p class='ocr_par' dir='ltr' id='par_1_89' title="bbox 2254 4222 3902 4305">
     <span class='ocr_line' id='line_1_89' title="bbox 2254 4222 3902 4305; baseline -0.001 -23"><span class='ocrx_word' id='word_1_641' title='bbox 2254 4223 2554 4305; x_wconf 75' lang='grc' dir='ltr'>ἐδωρήσατο</span> <span class='ocrx_word' id='word_1_642' title='bbox 2618 4224 2753 4300; x_wconf 75' lang='grc' dir='ltr'>μετὰ</span> <span class='ocrx_word' id='word_1_643' title='bbox 2808 4225 2906 4291; x_wconf 75' lang='grc' dir='ltr'>τὴν</span> <span class='ocrx_word' id='word_1_644' title='bbox 2961 4223 3266 4294; x_wconf 80' lang='grc' dir='ltr'>ἀνάστασιν,</span> <span class='ocrx_word' id='word_1_645' title='bbox 3338 4222 3468 4303; x_wconf 81' lang='grc' dir='ltr'>ὅπερ</span> <span class='ocrx_word' id='word_1_646' title='bbox 3510 4225 3596 4280; x_wconf 88' lang='grc' dir='ltr'><strong>καὶ</strong></span> <span class='ocrx_word' id='word_1_647' title='bbox 3651 4229 3730 4299; x_wconf 80' lang='grc' dir='ltr'>τῷ</span> <span class='ocrx_word' id='word_1_648' title='bbox 3798 4225 3902 4280; x_wconf 81' lang='grc' dir='ltr'><strong>ἆν-</strong></span> 
     </span>
    </p>
   </div>
   <div class='ocr_carea' id='block_1_90' title="bbox 2251 4311 3901 4394">
    <p class='ocr_par' dir='ltr' id='par_1_90' title="bbox 2251 4311 3901 4394">
     <span class='ocr_line' id='line_1_90' title="bbox 2251 4311 3901 4394; baseline 0.001 -23"><span class='ocrx_word' id='word_1_649' title='bbox 2251 4315 2444 4392; x_wconf 82' lang='grc' dir='ltr'>ορώπῳ</span> <span class='ocrx_word' id='word_1_650' title='bbox 2510 4311 2578 4369; x_wconf 84' lang='grc' dir='ltr'>δι’</span> <span class='ocrx_word' id='word_1_651' title='bbox 2648 4312 2804 4370; x_wconf 75' lang='grc' dir='ltr'>αὒτοῦ</span> <span class='ocrx_word' id='word_1_652' title='bbox 2856 4314 2985 4377; x_wconf 81' lang='grc' dir='ltr'>θεὸς</span> <span class='ocrx_word' id='word_1_653' title='bbox 3065 4315 3339 4393; x_wconf 78' lang='grc' dir='ltr'>καταρχὰς</span> <span class='ocrx_word' id='word_1_654' title='bbox 3391 4312 3730 4394; x_wconf 75' lang='grc' dir='ltr'>ἐνεφύσησεν,</span> <span class='ocrx_word' id='word_1_655' title='bbox 3803 4317 3901 4372; x_wconf 69' lang='grc' dir='ltr'>οὐκ</span> 
     </span>
    </p>
   </div>
   <div class='ocr_carea' id='block_1_91' title="bbox 521 4387 2179 4479">
    <p class='ocr_par' dir='ltr' id='par_1_91' title="bbox 521 4387 2171 4468">
     <span class='ocr_line' id='line_1_91' title="bbox 521 4387 2171 4468; baseline 0.004 -21"><span class='ocrx_word' id='word_1_656' title='bbox 521 4405 638 4468; x_wconf 88' lang='lat' dir='ltr'><strong>quo</strong></span> <span class='ocrx_word' id='word_1_657' title='bbox 659 4396 824 4449; x_wconf 90' lang='lat' dir='ltr'><strong>recte</strong></span> <span class='ocrx_word' id='word_1_658' title='bbox 842 4387 1147 4448; x_wconf 88' lang='lat' dir='ltr'><strong>diceretur</strong></span> <span class='ocrx_word' id='word_1_659' title='bbox 1169 4405 1273 4468; x_wconf 87' lang='lat' dir='ltr'><strong>per</strong></span> <span class='ocrx_word' id='word_1_660' title='bbox 1287 4387 1501 4450; x_wconf 88' lang='lat' dir='ltr'><strong>Filium</strong></span> <span class='ocrx_word' id='word_1_661' title='bbox 1523 4388 2171 4454; x_wconf 81' lang='lat' dir='ltr'><strong>exhiberi.Necessario</strong></span> 
     </span>
    </p>
   </div>
   <div class='ocr_carea' id='block_1_92' title="bbox 2264 4387 3899 4479">
    <p class='ocr_par' dir='ltr' id='par_1_92' title="bbox 2264 4387 3899 4479">
     <span class='ocr_line' id='line_1_92' title="bbox 2264 4387 3899 4479; baseline 0.001 -20"><span class='ocrx_word' id='word_1_662' title='bbox 2264 4387 2431 4466; x_wconf 70' lang='grc' dir='ltr'>Ξῖλλως</span> <span class='ocrx_word' id='word_1_663' title='bbox 2465 4408 2621 4459; x_wconf 88' lang='grc' dir='ltr'>τοῦτο</span> <span class='ocrx_word' id='word_1_664' title='bbox 2658 4403 2887 4479; x_wconf 76' lang='grc' dir='ltr'>γίνεσθαι</span> <span class='ocrx_word' id='word_1_665' title='bbox 2931 4387 3280 4477; x_wconf 39' lang='grc' dir='ltr'>πεφυκὸς-εἷ</span> <span class='ocrx_word' id='word_1_666' title='bbox 3323 4404 3400 4479; x_wconf 83' lang='grc' dir='ltr'>μὴ</span> <span class='ocrx_word' id='word_1_667' title='bbox 3456 4387 3526 4459; x_wconf 69' lang='grc' dir='ltr'><strong>δί’</strong></span> <span class='ocrx_word' id='word_1_668' title='bbox 3797 4407 3899 4474; x_wconf 76' lang='grc' dir='ltr'><strong>τήν</strong></span> 
     </span>
    </p>
   </div>
   <div class='ocr_carea' id='block_1_93' title="bbox 520 4476 2179 4572">
    <p class='ocr_par' dir='ltr' id='par_1_93' title="bbox 520 4476 2166 4560">
     <span class='ocr_line' id='line_1_93' title="bbox 520 4476 2166 4560; baseline 0.004 -22"><span class='ocrx_word' id='word_1_669' title='bbox 520 4476 680 4538; x_wconf 91' lang='lat' dir='ltr'><strong>enim</strong></span> <span class='ocrx_word' id='word_1_670' title='bbox 705 4477 1106 4539; x_wconf 85' lang='lat' dir='ltr'><strong>exsistentiam</strong></span> <span class='ocrx_word' id='word_1_671' title='bbox 1162 4477 1557 4558; x_wconf 86' lang='lat' dir='ltr'><strong>suppeditatio</strong></span> <span class='ocrx_word' id='word_1_672' title='bbox 1613 4481 2019 4560; x_wconf 90' lang='lat' dir='ltr'><strong>consequitur,</strong></span> <span class='ocrx_word' id='word_1_673' title='bbox 2055 4483 2166 4546; x_wconf 91' lang='lat' dir='ltr'><strong>nisi</strong></span> 
     </span>
    </p>
   </div>
   <div class='ocr_carea' id='block_1_94' title="bbox 2264 4476 3898 4572">
    <p class='ocr_par' dir='ltr' id='par_1_94' title="bbox 2264 4476 3898 4572">
     <span class='ocr_line' id='line_1_94' title="bbox 2264 4476 3898 4572; baseline 0.002 -24"><span class='ocrx_word' id='word_1_674' title='bbox 2264 4489 2463 4572; x_wconf 68' lang='lat' dir='ltr'><strong>inapEw</strong></span> <span class='ocrx_word' id='word_1_675' title='bbox 2495 4489 2623 4571; x_wconf 77' lang='grc' dir='ltr'>ἕχον</span> <span class='ocrx_word' id='word_1_676' title='bbox 2662 4476 2796 4570; x_wconf 65' lang='grc' dir='ltr'>εστὶ,</span> <span class='ocrx_word' id='word_1_677' title='bbox 2856 4488 2924 4548; x_wconf 83' lang='grc' dir='ltr'>δι’</span> <span class='ocrx_word' id='word_1_678' title='bbox 2968 4494 3028 4549; x_wconf 80' lang='grc' dir='ltr'><strong>οὗ</strong></span> <span class='ocrx_word' id='word_1_679' title='bbox 3091 4492 3181 4548; x_wconf 85' lang='grc' dir='ltr'><strong>καὶ</strong></span> <span class='ocrx_word' id='word_1_680' title='bbox 3232 4476 3350 4556; x_wconf 80' lang='grc' dir='ltr'>τοῖς</span> <span class='ocrx_word' id='word_1_681' title='bbox 3380 4493 3511 4572; x_wconf 77' lang='grc' dir='ltr'>πρὸς</span> <span class='ocrx_word' id='word_1_682' title='bbox 3541 4495 3630 4557; x_wconf 79' lang='grc' dir='ltr'>οὓς</span> <span class='ocrx_word' id='word_1_683' title='bbox 3659 4491 3898 4563; x_wconf 70' lang='grc' dir='ltr'>ηὐδόκη-</span> 
     </span>
    </p>
   </div>
   <div class='ocr_carea' id='block_1_95' title="bbox 516 4565 2179 4666">
    <p class='ocr_par' dir='ltr' id='par_1_95' title="bbox 516 4565 2165 4666">
     <span class='ocr_line' id='line_1_95' title="bbox 516 4565 2165 4666; baseline 0.005 -40"><span class='ocrx_word' id='word_1_684' title='bbox 516 4567 648 4645; x_wconf 90' lang='lat' dir='ltr'><strong>quis</strong></span> <span class='ocrx_word' id='word_1_685' title='bbox 678 4565 984 4666; x_wconf 74' lang='lat' dir='ltr'><strong>opinetur,</strong></span> <span class='ocrx_word' id='word_1_686' title='bbox 1020 4565 1308 4666; x_wconf 81' lang='lat' dir='ltr'><strong>Spiritum</strong></span> <span class='ocrx_word' id='word_1_687' title='bbox 1364 4576 1526 4628; x_wconf 84' lang='lat' dir='ltr'><strong>extra</strong></span> <span class='ocrx_word' id='word_1_688' title='bbox 1553 4566 1932 4647; x_wconf 83' lang='lat' dir='ltr'><strong>Uuigenitum</strong></span> <span class='ocrx_word' id='word_1_689' title='bbox 1965 4571 2165 4634; x_wconf 89' lang='lat' dir='ltr'><strong>subsi-</strong></span> 
     </span>
    </p>
   </div>
   <div class='ocr_carea' id='block_1_96' title="bbox 2264 4565 3889 4666">
    <p class='ocr_par' dir='ltr' id='par_1_96' title="bbox 2264 4565 3889 4666">
     <span class='ocr_line' id='line_1_96' title="bbox 2264 4565 3889 4666; baseline 0.002 -27"><span class='ocrx_word' id='word_1_690' title='bbox 2264 4565 2686 4662; x_wconf 43' lang='lat' dir='ltr'><strong>rev&#39;Epcpua&#39;iitat,</strong></span> <span class='ocrx_word' id='word_1_691' title='bbox 2757 4565 2844 4637; x_wconf 70' lang='grc' dir='ltr'><strong>καὶ</strong></span> <span class='ocrx_word' id='word_1_692' title='bbox 2891 4595 3009 4646; x_wconf 87' lang='grc' dir='ltr'>τοῖς</span> <span class='ocrx_word' id='word_1_693' title='bbox 3057 4579 3220 4647; x_wconf 77' lang='grc' dir='ltr'>ἀξίοις</span> <span class='ocrx_word' id='word_1_694' title='bbox 3276 4565 3681 4660; x_wconf 73' lang='grc' dir='ltr'>καταπέμπεται</span> <span class='ocrx_word' id='word_1_695' title='bbox 3709 4607 3889 4666; x_wconf 85' lang='grc' dir='ltr'>χορη-</span> 
     </span>
    </p>
   </div>
   <div class='ocr_carea' id='block_1_97' title="bbox 512 4654 2179 4750">
    <p class='ocr_par' dir='ltr' id='par_1_97' title="bbox 512 4654 2168 4738">
     <span class='ocr_line' id='line_1_97' title="bbox 512 4654 2168 4738; baseline 0.007 -26"><span class='ocrx_word' id='word_1_696' title='bbox 512 4661 698 4730; x_wconf 89' lang='lat' dir='ltr'><strong>stere,</strong></span> <span class='ocrx_word' id='word_1_697' title='bbox 722 4654 1009 4734; x_wconf 90' lang='lat' dir='ltr'><strong>illumque</strong></span> <span class='ocrx_word' id='word_1_698' title='bbox 1028 4673 1165 4716; x_wconf 92' lang='lat' dir='ltr'><strong>eum</strong></span> <span class='ocrx_word' id='word_1_699' title='bbox 1183 4654 1459 4736; x_wconf 13' lang='lat' dir='ltr'><strong>accipiere</strong></span> <span class='ocrx_word' id='word_1_700' title='bbox 1478 4662 1754 4738; x_wconf 90' lang='lat' dir='ltr'><strong>tanquam</strong></span> <span class='ocrx_word' id='word_1_701' title='bbox 1777 4657 1890 4720; x_wconf 92' lang='lat' dir='ltr'><strong>sibi</strong></span> <span class='ocrx_word' id='word_1_702' title='bbox 1916 4659 2116 4722; x_wconf 88' lang='lat' dir='ltr'><strong>datum</strong></span> <span class='ocrx_word' id='word_1_703' title='bbox 2134 4680 2168 4724; x_wconf 93' lang='lat' dir='ltr'><strong>a</strong></span> 
     </span>
    </p>
   </div>
   <div class='ocr_carea' id='block_1_98' title="bbox 2264 4654 3896 4750">
    <p class='ocr_par' dir='ltr' id='par_1_98' title="bbox 2264 4654 3896 4750">
     <span class='ocr_line' id='line_1_98' title="bbox 2264 4654 3896 4750; baseline 0.002 -22"><span class='ocrx_word' id='word_1_704' title='bbox 2264 4654 2526 4750; x_wconf 67' lang='grc' dir='ltr'>γούμένον.</span> <span class='ocrx_word' id='word_1_705' title='bbox 2585 4654 2836 4750; x_wconf 83' lang='grc' dir='ltr'>Ἐπειπερ</span> <span class='ocrx_word' id='word_1_706' title='bbox 2899 4672 2944 4726; x_wconf 80' lang='grc' dir='ltr'><strong>εἰ</strong></span> <span class='ocrx_word' id='word_1_707' title='bbox 3014 4671 3091 4747; x_wconf 81' lang='grc' dir='ltr'><strong>μὴ</strong></span> <span class='ocrx_word' id='word_1_708' title='bbox 3158 4677 3312 4729; x_wconf 88' lang='grc' dir='ltr'>τοῦτο</span> <span class='ocrx_word' id='word_1_709' title='bbox 3364 4654 3598 4744; x_wconf 78' lang='grc' dir='ltr'>πάντως,</span> <span class='ocrx_word' id='word_1_710' title='bbox 3831 4673 3896 4731; x_wconf 74' lang='grc' dir='ltr'>ἂν</span> 
     </span>
    </p>
   </div>
   <div class='ocr_carea' id='block_1_99' title="bbox 509 4743 2179 4844">
    <p class='ocr_par' dir='ltr' id='par_1_99' title="bbox 509 4743 2163 4844">
     <span class='ocr_line' id='line_1_99' title="bbox 509 4743 2163 4844; baseline 0.005 -39"><span class='ocrx_word' id='word_1_711' title='bbox 509 4743 706 4844; x_wconf 73' lang='lat' dir='ltr'><strong>Patre,</strong></span> <span class='ocrx_word' id='word_1_712' title='bbox 745 4751 807 4844; x_wconf 77' lang='lat' dir='ltr'><strong>ut</strong></span> <span class='ocrx_word' id='word_1_713' title='bbox 838 4743 1021 4844; x_wconf 80' lang='lat' dir='ltr'><strong>possit</strong></span> <span class='ocrx_word' id='word_1_714' title='bbox 1048 4743 1647 4844; x_wconf 41' lang='lat' dir='ltr'><strong>illum-indigentibus</strong></span> <span class='ocrx_word' id='word_1_715' title='bbox 1695 4749 2163 4826; x_wconf 89' lang='lat' dir='ltr'><strong>communicare,</strong></span> 
     </span>
    </p>
   </div>
   <div class='ocr_carea' id='block_1_100' title="bbox 2264 4743 3896 4844">
    <p class='ocr_par' dir='ltr' id='par_1_100' title="bbox 2264 4743 3896 4844">
     <span class='ocr_line' id='line_1_100' title="bbox 2264 4743 3896 4844; baseline 0.003 -27"><span class='ocrx_word' id='word_1_716' title='bbox 2264 4743 2412 4838; x_wconf 58' lang='lat' dir='ltr'><strong>ipOii&#39;Jc</strong></span> <span class='ocrx_word' id='word_1_717' title='bbox 2469 4758 2679 4839; x_wconf 87' lang='grc' dir='ltr'>λέγοιτο</span> <span class='ocrx_word' id='word_1_718' title='bbox 2742 4743 3065 4840; x_wconf 78' lang='grc' dir='ltr'>παρέχεσθαι</span> <span class='ocrx_word' id='word_1_719' title='bbox 3122 4757 3188 4816; x_wconf 80' lang='grc' dir='ltr'>δι’</span> <span class='ocrx_word' id='word_1_720' title='bbox 3278 4761 3421 4820; x_wconf 76' lang='grc' dir='ltr'><strong>Υἱοῦ.</strong></span> <span class='ocrx_word' id='word_1_721' title='bbox 3502 4763 3612 4841; x_wconf 64' lang='grc' dir='ltr'><strong>Χρὴ</strong></span> <span class='ocrx_word' id='word_1_722' title='bbox 3664 4764 3766 4844; x_wconf 74' lang='grc' dir='ltr'><strong>γὰρ</strong></span> <span class='ocrx_word' id='word_1_723' title='bbox 3822 4772 3896 4843; x_wconf 79' lang='grc' dir='ltr'><strong>τῇ</strong></span> 
     </span>
    </p>
   </div>
   <div class='ocr_carea' id='block_1_101' title="bbox 513 4831 2179 4927">
    <p class='ocr_par' dir='ltr' id='par_1_101' title="bbox 513 4831 2162 4927">
     <span class='ocr_line' id='line_1_101' title="bbox 513 4831 2162 4927; baseline 0.007 -36"><span class='ocrx_word' id='word_1_724' title='bbox 513 4832 667 4927; x_wconf 83' lang='lat' dir='ltr'><strong>quod</strong></span> <span class='ocrx_word' id='word_1_725' title='bbox 729 4831 1146 4927; x_wconf 74' lang='lat' dir='ltr'><strong>plerisque__i_n</strong></span> <span class='ocrx_word' id='word_1_726' title='bbox 1185 4833 1353 4927; x_wconf 15' lang='lat' dir='ltr'><strong>ﬂlocis</strong></span> <span class='ocrx_word' id='word_1_727' title='bbox 1411 4834 1495 4894; x_wconf 92' lang='lat' dir='ltr'><strong>uti</strong></span> <span class='ocrx_word' id='word_1_728' title='bbox 1563 4834 1866 4927; x_wconf 81' lang='lat' dir='ltr'><strong>impietate</strong></span> <span class='ocrx_word' id='word_1_729' title='bbox 1924 4838 2162 4918; x_wconf 90' lang='lat' dir='ltr'><strong>plenum</strong></span> 
     </span>
    </p>
   </div>
   <div class='ocr_carea' id='block_1_102' title="bbox 2264 4831 3896 4927">
    <p class='ocr_par' dir='ltr' id='par_1_102' title="bbox 2264 4831 3896 4927">
     <span class='ocr_line' id='line_1_102' title="bbox 2264 4831 3896 4927; baseline 0.005 -25"><span class='ocrx_word' id='word_1_730' title='bbox 2264 4831 2456 4926; x_wconf 64' lang='grc' dir='ltr'>»πάρξει</span> <span class='ocrx_word' id='word_1_731' title='bbox 2512 4831 2610 4915; x_wconf 63' lang='grc' dir='ltr'><strong>την</strong></span> <span class='ocrx_word' id='word_1_732' title='bbox 2668 4831 2929 4927; x_wconf 71' lang='grc' dir='ltr'>χορηγίαν</span> <span class='ocrx_word' id='word_1_733' title='bbox 2987 4845 3319 4925; x_wconf 79' lang='grc' dir='ltr'>ἀκολουθεῖν,</span> <span class='ocrx_word' id='word_1_734' title='bbox 3366 4850 3410 4906; x_wconf 79' lang='grc' dir='ltr'><strong>εἰ</strong></span> <span class='ocrx_word' id='word_1_735' title='bbox 3465 4831 3556 4919; x_wconf 56' lang='grc' dir='ltr'><strong>μὴ’</strong></span> <span class='ocrx_word' id='word_1_736' title='bbox 3598 4831 3784 4926; x_wconf 65' lang='grc' dir='ltr'>μελλοι</span> <span class='ocrx_word' id='word_1_737' title='bbox 3815 4831 3896 4920; x_wconf 60' lang='grc' dir='ltr'><strong>τις</strong></span> 
     </span>
    </p>
   </div>
   <div class='ocr_carea' id='block_1_103' title="bbox 511 4920 2179 5020">
    <p class='ocr_par' dir='ltr' id='par_1_103' title="bbox 511 4920 2162 5020">
     <span class='ocr_line' id='line_1_103' title="bbox 511 4920 2162 5020; baseline 0.006 -40"><span class='ocrx_word' id='word_1_738' title='bbox 511 4920 770 5020; x_wconf 59' lang='lat' dir='ltr'><strong>maxime</strong></span> <span class='ocrx_word' id='word_1_739' title='bbox 795 4921 1423 5020; x_wconf 72' lang='lat' dir='ltr'><strong>admirabilisCyrillus</strong></span> <span class='ocrx_word' id='word_1_740' title='bbox 1445 4923 1712 5020; x_wconf 65' lang='lat' dir='ltr'><strong>praecidit</strong></span> <span class='ocrx_word' id='word_1_741' title='bbox 1740 4945 1755 5000; x_wconf 88' lang='lat'><strong>;</strong></span> <span class='ocrx_word' id='word_1_742' title='bbox 1780 4925 1838 4986; x_wconf 94' lang='lat' dir='ltr'><strong>in</strong></span> <span class='ocrx_word' id='word_1_743' title='bbox 1865 4946 1980 4989; x_wconf 90' lang='lat' dir='ltr'><strong>uno</strong></span> <span class='ocrx_word' id='word_1_744' title='bbox 2002 4928 2162 4991; x_wconf 89' lang='lat' dir='ltr'><strong>enim</strong></span> 
     </span>
    </p>
   </div>
   <div class='ocr_carea' id='block_1_104' title="bbox 2264 4920 3894 5020">
    <p class='ocr_par' dir='ltr' id='par_1_104' title="bbox 2264 4920 3894 5020">
     <span class='ocr_line' id='line_1_104' title="bbox 2264 4920 3894 5020; baseline 0.005 -30"><span class='ocrx_word' id='word_1_745' title='bbox 2264 4936 2305 4991; x_wconf 90' lang='lat'><strong>:6</strong></span> <span class='ocrx_word' id='word_1_746' title='bbox 2348 4920 2561 5010; x_wconf 74' lang='grc' dir='ltr'>Πνεῦμα</span> <span class='ocrx_word' id='word_1_747' title='bbox 2618 4920 2839 5014; x_wconf 59' lang='grc' dir='ltr'>φρὀνὲτηὶ</span> <span class='ocrx_word' id='word_1_748' title='bbox 2899 4933 3084 5002; x_wconf 72' lang='grc' dir='ltr'>ἔξωθεν</span> <span class='ocrx_word' id='word_1_749' title='bbox 3142 4920 3442 5017; x_wconf 65' lang='grc' dir='ltr'>ὃφῐστασθαι</span> <span class='ocrx_word' id='word_1_750' title='bbox 3499 4920 3610 4997; x_wconf 38' lang='grc' dir='ltr'>τοῦ·</span> <span class='ocrx_word' id='word_1_751' title='bbox 3645 4947 3894 5020; x_wconf 79' lang='grc' dir='ltr'>Μονογε-</span> 
     </span>
    </p>
   </div>
   <div class='ocr_carea' id='block_1_105' title="bbox 513 5008 2160 5093">
    <p class='ocr_par' dir='ltr' id='par_1_105' title="bbox 513 5008 2160 5093">
     <span class='ocr_line' id='line_1_105' title="bbox 513 5008 2160 5093; baseline 0.007 -23"><span class='ocrx_word' id='word_1_752' title='bbox 513 5008 652 5071; x_wconf 92' lang='lat' dir='ltr'><strong>libri</strong></span> <span class='ocrx_word' id='word_1_753' title='bbox 705 5011 954 5072; x_wconf 89' lang='lat' dir='ltr'><strong>secundi</strong></span> <span class='ocrx_word' id='word_1_754' title='bbox 1015 5010 1454 5076; x_wconf 87' lang='lat' dir='ltr'><strong>Thesaurorum</strong></span> <span class='ocrx_word' id='word_1_755' title='bbox 1513 5013 1704 5093; x_wconf 91' lang='lat' dir='ltr'><strong>capite</strong></span> <span class='ocrx_word' id='word_1_756' title='bbox 1761 5015 1888 5078; x_wconf 87' lang='lat' dir='ltr'><strong>haec</strong></span> <span class='ocrx_word' id='word_1_757' title='bbox 1941 5016 2160 5082; x_wconf 88' lang='lat' dir='ltr'><strong>habet:</strong></span> 
     </span>
    </p>
   </div>
   <div class='ocr_carea' id='block_1_106' title="bbox 509 5099 2165 5183">
    <p class='ocr_par' dir='ltr' id='par_1_106' title="bbox 509 5099 2165 5183">
     <span class='ocr_line' id='line_1_106' title="bbox 509 5099 2165 5183; baseline 0.006 -22"><span class='ocrx_word' id='word_1_758' title='bbox 509 5099 810 5179; x_wconf 77' lang='lat' dir='ltr'><strong>Proprias</strong></span> <span class='ocrx_word' id='word_1_759' title='bbox 829 5101 988 5164; x_wconf 85' lang='lat' dir='ltr'><strong>enim</strong></span> <span class='ocrx_word' id='word_1_760' title='bbox 1009 5105 1259 5165; x_wconf 86' lang='lat' dir='ltr'><strong>omnino</strong></span> <span class='ocrx_word' id='word_1_761' title='bbox 1289 5102 1565 5183; x_wconf 83' lang='lat' dir='ltr'><strong>Spiritus</strong></span> <span class='ocrx_word' id='word_1_762' title='bbox 1588 5110 1864 5166; x_wconf 72' lang='lat' dir='ltr'><strong>essentia</strong></span> <span class='ocrx_word' id='word_1_763' title='bbox 1891 5104 2070 5182; x_wconf 71' lang='lat' dir='ltr'><strong>Fiiii,</strong></span> <span class='ocrx_word' id='word_1_764' title='bbox 2107 5114 2165 5171; x_wconf 91' lang='lat' dir='ltr'><strong>et</strong></span> 
     </span>
    </p>
   </div>
   <div class='ocr_carea' id='block_1_107' title="bbox 509 5189 2160 5274">
    <p class='ocr_par' dir='ltr' id='par_1_107' title="bbox 509 5189 2160 5274">
     <span class='ocr_line' id='line_1_107' title="bbox 509 5189 2160 5274; baseline 0.005 -24"><span class='ocrx_word' id='word_1_765' title='bbox 509 5205 634 5250; x_wconf 73' lang='lat' dir='ltr'><strong>non</strong></span> <span class='ocrx_word' id='word_1_766' title='bbox 664 5189 890 5267; x_wconf 78' lang='lat' dir='ltr'><strong>deforis</strong></span> <span class='ocrx_word' id='word_1_767' title='bbox 909 5209 1084 5253; x_wconf 84' lang='lat' dir='ltr'><strong>suam</strong></span> <span class='ocrx_word' id='word_1_768' title='bbox 1099 5191 1469 5274; x_wconf 75' lang='lat' dir='ltr'><strong>hypostasim</strong></span> <span class='ocrx_word' id='word_1_769' title='bbox 1511 5189 1713 5254; x_wconf 82' lang='lat' dir='ltr'><strong>habet.</strong></span> <span class='ocrx_word' id='word_1_770' title='bbox 1755 5191 1824 5254; x_wconf 91' lang='lat' dir='ltr'><strong>Et</strong></span> <span class='ocrx_word' id='word_1_771' title='bbox 1872 5195 2048 5258; x_wconf 90' lang='lat' dir='ltr'><strong>tertio</strong></span> <span class='ocrx_word' id='word_1_772' title='bbox 2087 5196 2160 5258; x_wconf 90' lang='lat' dir='ltr'><strong>ad</strong></span> 
     </span>
    </p>
   </div>
   <div class='ocr_carea' id='block_1_108' title="bbox 507 5275 2161 5364">
    <p class='ocr_par' dir='ltr' id='par_1_108' title="bbox 507 5275 2161 5364">
     <span class='ocr_line' id='line_1_108' title="bbox 507 5275 2161 5364; baseline 0.006 -26"><span class='ocrx_word' id='word_1_773' title='bbox 507 5275 832 5340; x_wconf 83' lang='lat' dir='ltr'><strong>Hermiam:</strong></span> <span class='ocrx_word' id='word_1_774' title='bbox 860 5279 1058 5360; x_wconf 86' lang='lat' dir='ltr'><strong>Igitur</strong></span> <span class='ocrx_word' id='word_1_775' title='bbox 1075 5298 1182 5343; x_wconf 87' lang='lat' dir='ltr'><strong>nos</strong></span> <span class='ocrx_word' id='word_1_776' title='bbox 1196 5282 1472 5343; x_wconf 88' lang='lat' dir='ltr'><strong>homines</strong></span> <span class='ocrx_word' id='word_1_777' title='bbox 1469 5279 1804 5358; x_wconf 80' lang='lat' dir='ltr'><strong>ﬁliationis</strong></span> <span class='ocrx_word' id='word_1_778' title='bbox 1826 5282 2027 5364; x_wconf 81' lang='lat' dir='ltr'><strong>gloria</strong></span> <span class='ocrx_word' id='word_1_779' title='bbox 2057 5285 2161 5348; x_wconf 84' lang='lat' dir='ltr'><strong>ho-</strong></span> 
     </span>
    </p>
   </div>
   <div class='ocr_carea' id='block_1_109' title="bbox 509 5367 2155 5452">
    <p class='ocr_par' dir='ltr' id='par_1_109' title="bbox 509 5367 2155 5452">
     <span class='ocr_line' id='line_1_109' title="bbox 509 5367 2155 5452; baseline 0.007 -25"><span class='ocrx_word' id='word_1_780' title='bbox 509 5373 757 5429; x_wconf 86' lang='lat' dir='ltr'><strong>nesta-ns</strong></span> <span class='ocrx_word' id='word_1_781' title='bbox 777 5367 1059 5448; x_wconf 82' lang='lat' dir='ltr'><strong>Spiritus</strong></span> <span class='ocrx_word' id='word_1_782' title='bbox 1079 5369 1851 5452; x_wconf 85' lang='lat' dir='ltr'><strong>sanctus,quandoquidem</strong></span> <span class='ocrx_word' id='word_1_783' title='bbox 1877 5372 2031 5435; x_wconf 83' lang='lat' dir='ltr'><strong>Filii</strong></span> <span class='ocrx_word' id='word_1_784' title='bbox 2049 5383 2155 5451; x_wconf 81' lang='lat' dir='ltr'><strong>est,</strong></span> 
     </span>
    </p>
   </div>
   <div class='ocr_carea' id='block_1_110' title="bbox 508 5456 2156 5542">
    <p class='ocr_par' dir='ltr' id='par_1_110' title="bbox 508 5456 2156 5542">
     <span class='ocr_line' id='line_1_110' title="bbox 508 5456 2156 5542; baseline 0.007 -26"><span class='ocrx_word' id='word_1_785' title='bbox 508 5456 871 5535; x_wconf 86' lang='lat' dir='ltr'><strong>operabitur</strong></span> <span class='ocrx_word' id='word_1_786' title='bbox 892 5459 1130 5537; x_wconf 84' lang='lat' dir='ltr'><strong>quidem</strong></span> <span class='ocrx_word' id='word_1_787' title='bbox 1150 5461 1214 5523; x_wconf 92' lang='lat' dir='ltr'><strong>in</strong></span> <span class='ocrx_word' id='word_1_788' title='bbox 1255 5461 1396 5523; x_wconf 79' lang='lat' dir='ltr'><strong>aliis</strong></span> <span class='ocrx_word' id='word_1_789' title='bbox 1442 5459 1712 5539; x_wconf 80' lang='lat' dir='ltr'><strong>ﬁliorum</strong></span> <span class='ocrx_word' id='word_1_790' title='bbox 1755 5462 2156 5542; x_wconf 83' lang='lat' dir='ltr'><strong>adoptionem,</strong></span> 
     </span>
    </p>
   </div>
   <div class='ocr_carea' id='block_1_111' title="bbox 592 5621 1692 5710">
    <p class='ocr_par' dir='ltr' id='par_1_111' title="bbox 592 5621 1692 5710">
     <span class='ocr_line' id='line_1_111' title="bbox 592 5621 1692 5710; baseline 0 -26"><span class='ocrx_word' id='word_1_791' title='bbox 592 5623 642 5710; x_wconf 56' lang='grc' dir='ltr'><em>Π</em></span> <span class='ocrx_word' id='word_1_792' title='bbox 670 5621 719 5686; x_wconf 90' lang='lat' dir='ltr'><strong>ll</strong></span> <span class='ocrx_word' id='word_1_793' title='bbox 744 5627 878 5687; x_wconf 86' lang='lat' dir='ltr'><strong>Cor.</strong></span> <span class='ocrx_word' id='word_1_794' title='bbox 914 5641 994 5702; x_wconf 83' lang='lat' dir='ltr'><strong>Vt,</strong></span> <span class='ocrx_word' id='word_1_795' title='bbox 1030 5629 1130 5694; x_wconf 85' lang='grc'><strong>16.</strong></span> <span class='ocrx_word' id='word_1_796' title='bbox 1161 5629 1215 5672; x_wconf 77' lang='grc'>¹²</span> <span class='ocrx_word' id='word_1_797' title='bbox 1238 5630 1410 5692; x_wconf 78' lang='lat' dir='ltr'><strong>Joan.</strong></span> <span class='ocrx_word' id='word_1_798' title='bbox 1444 5644 1562 5705; x_wconf 73' lang='lat' dir='ltr'><strong>xxv,</strong></span> <span class='ocrx_word' id='word_1_799' title='bbox 1597 5626 1692 5690; x_wconf 70' lang='grc'><strong>25,</strong></span> 
     </span>
    </p>
   </div>
   <div class='ocr_carea' id='block_1_112' title="bbox 2248 5023 3896 5101">
    <p class='ocr_par' dir='ltr' id='par_1_112' title="bbox 2248 5023 3896 5101">
     <span class='ocr_line' id='line_1_112' title="bbox 2248 5023 3896 5101; baseline 0.006 -21"><span class='ocrx_word' id='word_1_800' title='bbox 2248 5027 2391 5098; x_wconf 79' lang='grc' dir='ltr'>νοῦς,</span> <span class='ocrx_word' id='word_1_801' title='bbox 2421 5027 2510 5081; x_wconf 88' lang='grc' dir='ltr'>καὶ</span> <span class='ocrx_word' id='word_1_802' title='bbox 2574 5030 2728 5082; x_wconf 85' lang='grc' dir='ltr'>τοῦτο</span> <span class='ocrx_word' id='word_1_803' title='bbox 2781 5023 3069 5101; x_wconf 75' lang='grc' dir='ltr'>λαμϐάνειν</span> <span class='ocrx_word' id='word_1_804' title='bbox 3116 5029 3272 5087; x_wconf 76' lang='grc' dir='ltr'>αὐτὸν</span> <span class='ocrx_word' id='word_1_805' title='bbox 3329 5031 3421 5086; x_wconf 84' lang='grc' dir='ltr'>οἷα</span> <span class='ocrx_word' id='word_1_806' title='bbox 3462 5027 3614 5087; x_wconf 78' lang='grc' dir='ltr'>ὃοτὸν</span> <span class='ocrx_word' id='word_1_807' title='bbox 3671 5031 3730 5089; x_wconf 71' lang='grc' dir='ltr'>ἔκ</span> <span class='ocrx_word' id='word_1_808' title='bbox 3773 5039 3896 5089; x_wconf 80' lang='grc' dir='ltr'><strong>Πα-</strong></span> 
     </span>
    </p>
   </div>
   <div class='ocr_carea' id='block_1_113' title="bbox 2246 5109 3893 5201">
    <p class='ocr_par' dir='ltr' id='par_1_113' title="bbox 2246 5109 3893 5201">
     <span class='ocr_line' id='line_1_113' title="bbox 2246 5109 3893 5201; baseline 0.006 -32"><span class='ocrx_word' id='word_1_809' title='bbox 2246 5115 2392 5192; x_wconf 83' lang='grc' dir='ltr'>τρὸς,</span> <span class='ocrx_word' id='word_1_810' title='bbox 2425 5114 2500 5177; x_wconf 80' lang='grc' dir='ltr'>ὡς</span> <span class='ocrx_word' id='word_1_811' title='bbox 2557 5109 2798 5170; x_wconf 80' lang='grc' dir='ltr'>δύνασθαι</span> <span class='ocrx_word' id='word_1_812' title='bbox 2857 5113 3187 5190; x_wconf 83' lang='grc' dir='ltr'>μεταδιδόναι</span> <span class='ocrx_word' id='word_1_813' title='bbox 3245 5118 3432 5175; x_wconf 80' lang='grc' dir='ltr'>τούτου</span> <span class='ocrx_word' id='word_1_814' title='bbox 3473 5133 3592 5185; x_wconf 84' lang='grc' dir='ltr'>τοῖς</span> <span class='ocrx_word' id='word_1_815' title='bbox 3648 5121 3893 5201; x_wconf 75' lang='grc' dir='ltr'>χρῄζου-</span> 
     </span>
    </p>
   </div>
   <div class='ocr_carea' id='block_1_114' title="bbox 2245 5199 3894 5289">
    <p class='ocr_par' dir='ltr' id='par_1_114' title="bbox 2245 5199 3894 5289">
     <span class='ocr_line' id='line_1_114' title="bbox 2245 5199 3894 5289; baseline 0.007 -31"><span class='ocrx_word' id='word_1_816' title='bbox 2245 5225 2351 5282; x_wconf 90' lang='grc' dir='ltr'>σιν,</span> <span class='ocrx_word' id='word_1_817' title='bbox 2398 5201 2528 5279; x_wconf 82' lang='grc' dir='ltr'>ὅπερ</span> <span class='ocrx_word' id='word_1_818' title='bbox 2556 5202 2644 5258; x_wconf 86' lang='grc' dir='ltr'>καὶ</span> <span class='ocrx_word' id='word_1_819' title='bbox 2686 5199 2967 5283; x_wconf 86' lang='grc' dir='ltr'>πολλαχοῦ</span> <span class='ocrx_word' id='word_1_820' title='bbox 3013 5203 3192 5283; x_wconf 72' lang='grc' dir='ltr'>φθάνει</span> <span class='ocrx_word' id='word_1_821' title='bbox 3247 5215 3600 5289; x_wconf 85' lang='grc' dir='ltr'>προαναιρῶν,</span> <span class='ocrx_word' id='word_1_822' title='bbox 3761 5208 3894 5268; x_wconf 75' lang='grc' dir='ltr'>δυσ-</span> 
     </span>
    </p>
   </div>
   <div class='ocr_carea' id='block_1_115' title="bbox 2244 5289 3891 5382">
    <p class='ocr_par' dir='ltr' id='par_1_115' title="bbox 2244 5289 3891 5382">
     <span class='ocr_line' id='line_1_115' title="bbox 2244 5289 3891 5382; baseline 0.009 -35"><span class='ocrx_word' id='word_1_823' title='bbox 2244 5291 2450 5382; x_wconf 81' lang='grc' dir='ltr'>σεόείας</span> <span class='ocrx_word' id='word_1_824' title='bbox 2476 5293 2651 5358; x_wconf 78' lang='grc' dir='ltr'>πάσης</span> <span class='ocrx_word' id='word_1_825' title='bbox 2707 5289 2983 5351; x_wconf 74' lang='grc' dir='ltr'>ἀνάπλεων</span> <span class='ocrx_word' id='word_1_826' title='bbox 3050 5298 3078 5352; x_wconf 87' lang='lat'><strong>6</strong></span> <span class='ocrx_word' id='word_1_827' title='bbox 3129 5299 3563 5373; x_wconf 81' lang='grc' dir='ltr'>θαυμασιώτατος</span> <span class='ocrx_word' id='word_1_828' title='bbox 3609 5300 3891 5382; x_wconf 82' lang='grc' dir='ltr'>Κύριλλος.</span> 
     </span>
    </p>
   </div>
   <div class='ocr_carea' id='block_1_116' title="bbox 2242 5378 3894 5472">
    <p class='ocr_par' dir='ltr' id='par_1_116' title="bbox 2242 5378 3894 5472">
     <span class='ocr_line' id='line_1_116' title="bbox 2242 5378 3894 5472; baseline 0.006 -34"><span class='ocrx_word' id='word_1_829' title='bbox 2242 5378 2331 5438; x_wconf 87' lang='grc' dir='ltr'>Ἐν</span> <span class='ocrx_word' id='word_1_830' title='bbox 2376 5381 2452 5436; x_wconf 81' lang='grc' dir='ltr'>ἐνί</span> <span class='ocrx_word' id='word_1_831' title='bbox 2507 5381 2746 5472; x_wconf 12' lang='grc' dir='ltr'>μένῃ-γὰρ</span> <span class='ocrx_word' id='word_1_832' title='bbox 2786 5387 2894 5472; x_wconf 69' lang='grc' dir='ltr'>τῷν</span> <span class='ocrx_word' id='word_1_833' title='bbox 2962 5385 3259 5465; x_wconf 80' lang='grc' dir='ltr'>κεφαλαίων</span> <span class='ocrx_word' id='word_1_834' title='bbox 3300 5394 3394 5472; x_wconf 76' lang='grc' dir='ltr'><strong>τοῦ</strong></span> <span class='ocrx_word' id='word_1_835' title='bbox 3480 5378 3719 5472; x_wconf 67' lang='grc' dir='ltr'>δευτέρου</span> <span class='ocrx_word' id='word_1_836' title='bbox 3783 5396 3894 5448; x_wconf 76' lang='grc' dir='ltr'>τὼν</span> 
     </span>
    </p>
   </div>
   <div class='ocr_carea' id='block_1_117' title="bbox 2244 5467 3890 5553">
    <p class='ocr_par' dir='ltr' id='par_1_117' title="bbox 2244 5467 3890 5553">
     <span class='ocr_line' id='line_1_117' title="bbox 2244 5467 3890 5553; baseline 0.009 -27"><span class='ocrx_word' id='word_1_837' title='bbox 2244 5476 2532 5550; x_wconf 80' lang='grc' dir='ltr'>Θησαυρῶν</span> <span class='ocrx_word' id='word_1_838' title='bbox 2586 5469 2723 5527; x_wconf 68' lang='grc' dir='ltr'>οὕτω</span> <span class='ocrx_word' id='word_1_839' title='bbox 2793 5470 2980 5553; x_wconf 66' lang='grc' dir='ltr'>φάσκει</span> <span class='ocrx_word' id='word_1_840' title='bbox 3037 5475 3210 5552; x_wconf 77' lang='grc' dir='ltr'>ῥητῶς</span> <span class='ocrx_word' id='word_1_841' title='bbox 3245 5493 3262 5511; x_wconf 84' lang='grc'><strong><em>⁸</em></strong></span> <span class='ocrx_word' id='word_1_842' title='bbox 3339 5467 3505 5537; x_wconf 73' lang='lat' dir='ltr'><strong>&quot;16m</strong></span> <span class='ocrx_word' id='word_1_843' title='bbox 3563 5467 3638 5536; x_wconf 29' lang='grc' dir='ltr'><strong>δὲ*</strong></span> <span class='ocrx_word' id='word_1_844' title='bbox 3675 5480 3890 5548; x_wconf 79' lang='grc' dir='ltr'>πάντως</span> 
     </span>
    </p>
   </div>
  </div>
