4214 6296
634 323 780 387 1071

1773 308 2263 386 CONSTANTIN
2270 314 2295 376 Ι
2338 316 2683 379 MELITEN
2696 317 2888 380 [OT/E

3854 311 4002 375 107?

632 456 858 529 sciunt,
907 456 1238 532 procedere
1263 451 1620 535 usurpavit?
1675 450 1941 533 Namque
1993 449 2281 530 Spiritum

2371 450 2437 506 Τὸ
2479 450 2577 524 μὲν
2605 451 2703 530 γὰρ
2731 453 2992 532 ὑπάρχειν
3020 453 3081 508 10
3111 458 3323 526 Πνεῦμα
3384 449 3450 507 δι’
3495 452 3616 507 Υἱοῦ
3645 448 3821 508 δοτέον
3852 447 4004 527 ἴσως,

631 563 741 627 per
759 544 976 607 Filium
1009 546 1293 607 exsistere
1314 544 1470 605 forte
1493 541 1945 605 concedendum
1997 550 2180 613 esset,
2215 544 2279 599 ut

630 651 701 696 ex
724 634 853 714 jam
883 634 1076 696 allatis
1127 632 1503 695 manifestum
1545 640 1656 710 est,
1717 629 1953 710 quando
2011 647 2079 690 ex
2134 627 2279 707 ipsis

633 722 907 784 nonnulli
939 722 1129 803 palam
1178 739 1248 783 eo
1296 719 1540 781 nomine
1582 723 1669 780 usi
1702 718 1998 790 videntur,
2033 717 2136 778 sed
2170 736 2274 777 ex.

632 810 965 874 sistentiam
1001 810 1225 872 habere
1269 808 1431 870 nullo
1456 807 1655 869 modo.
1682 807 1951 885 Namque
1978 805 2134 867 aliud
2188 811 2277 866 est

631 898 942 973 exsistere,
977 898 1141 961 aliud
1185 897 1594 961 exsistentiam
1632 897 1895 960 habere:
1931 896 2087 977 quod
2127 892 2274 956 illud

630 987 875 1069 quidem
901 988 1123 1068 saepius
1173 987 1435 1049 asseriur
1476 987 1653 1047 etiam
1694 985 1770 1047 de
1799 985 2116 1058 extraneis,
2151 985 2273 1046 sic-

633 1076 740 1146 uti,
774 1075 873 1138 hic
905 1096 976 1138 ex
1005 1078 1116 1138 bac
1145 1075 1298 1137 urbe
1337 1074 1589 1148 exsistit,
1651 1074 1753 1137 ille
1799 1092 1868 1136 ex
1912 1072 2029 1135 alia
2070 1090 2277 1135 rursus

630 1165 901 1229 fortasse.
934 1168 1013 1229 At
1053 1165 1460 1228 exsistentiam
1520 1162 1743 1227 habere
1798 1162 1873 1226 de
1927 1162 2022 1225 his
2051 1171 2276 1224 tantum

633 1255 913 1329 sumitur,
974 1273 1107 1336 qua;
1165 1258 1238 1316 ad
1297 1253 1774 1316 constituendam
1830 1252 2280 1314 subsistentiam

638 1343 1004 1407 conducunt.
1058 1342 1222 1405 Hanc
1279 1342 1461 1422 igitur
1534 1359 1709 1423 quam
1772 1342 2029 1404 maxime
2075 1359 2279 1402 vocem

634 1431 1091 1512 exprimentem,
1133 1439 1198 1495 ut
1226 1439 1286 1493 et
1312 1430 1477 1494 illam
1531 1431 1826 1513 propriam
1856 1431 2179 1512 procedere
2206 1433 2282 1491 de

2359 538 2431 603 ὡς
2485 537 2538 604 ἔξ
2594 542 2667 594 ὧν
2737 540 2896 597 εἶπον
2953 540 3147 605 πάντες
3205 538 3502 619 ἐδήλωσαν,
3575 538 3661 595 ἐπὶ
3731 540 3821 594 καί
3876 556 4007 597 τινες

2360 627 2531 685 αύτῶν
2584 634 2663 702 τῷ
2703 630 2929 702 τοιούτῳ
3010 630 3280 710 φαίνονται
3338 630 3670 708 χρησάμενοι
3728 623 4008 710 ἂαῤῥήὸην

2360 716 2577 792 ὀνόματι
2615 737 2627 751 ·
2707 719 2767 774 10
2824 715 2878 774 δὲ
2921 718 3019 786 τὴν
3076 717 3294 797 ὕπαρξιν
3354 717 3501 797 ἔχειν
3561 722 3655 776 οὒκ
3712 715 3797 778 ἂν,
3841 704 4012 769 ’Άλλο

2358 805 2458 883 γὰρ
2514 806 2575 862 10
2630 807 2912 887 ὑπάρχειν,
2973 808 3062 863 καὶ
3108 805 3239 864 ἄλλο
3295 808 3356 864 10
3414 807 3513 873 τὴν
3598 804 3815 883 ὕπαρξιν
3868 801 4014 883 ἔχειν

2359 892 2499 951 ἐστιν
2534 910 2548 925 ⁶
2589 894 2754 953 ὅτιτὸ
2776 897 2874 972 μὲν
2905 894 3063 953 εἴωθε
3118 895 3379 962 πολλάκις
3437 894 3681 975 λέγεσθαι
3738 893 3873 950 κάπὶ
3916 898 4015 947 τῶν

2357 982 2532 1064 ἐκτὸς,
2567 984 2688 1041 οῖον
2738 984 2888 1049 οὗτος
2960 985 3021 1042 ἐκ
3077 986 3275 1053 ταύτης
3332 986 3564 1066 ὑπᾶρχει
3619 988 3720 1051 τῆς
3777 979 4014 1051 πόλεως,

2359 1071 2563 1136 ἐκεῖνος
2613 1072 2667 1139 ἑξ
2708 1073 2889 1151 ἐτέρας
2944 1072 3104 1131 πάλιν
3147 1074 3314 1155 τυχόν
3351 1091 3365 1105 ⁸
3424 1078 3487 1131 τὸ
3540 1071 3594 1130 δὲ
3645 1074 3745 1140 τὴν
3804 1067 4018 1149 ὓπαρξιν

2361 1160 2510 1241 ’ἐχειν
2541 1161 2626 1218 ἐπὶ
2683 1161 2862 1237 μόνων
2917 1160 3384 1241 παραλαμϐάνεται
3456 1169 3565 1220 τῶν
3633 1157 4018 1218 συντελούντων

2363 1252 2436 1314 εἷς
2488 1250 2587 1318 τὴν
2652 1252 2916 1311 οῦσίωσιν.
2973 1252 3181 1318 Ταύτην
3232 1255 3403 1308 τοίνυν
3468 1253 3566 1319 τὴν
3618 1248 4020 1330 ἐμφαντικωτάο

2362 1361 2462 1407 την
2488 1339 2693 1418 φωνὴν,
2726 1341 2923 1416 ὁμοίως
2981 1364 3034 1419 γι
3094 1341 3200 1416 μὴν
3257 1343 3345 1401 καὶ
3399 1344 3460 1399 10
3517 1341 3895 1420 ἐκπορεύεσθαι
3925 1336 4019 1403 τήν

2362 1428 2542 1507 κυρίαν
2635 1428 2721 1485 ἐπὶ
2799 1436 2890 1486 τοῦ
2963 1430 3265 1506 Πνεύματος
3346 1429 3505 1496 λέξιν
3578 1426 4020 1505 παρεσιώπησαν.

636 1519 862 1602 Spiritu
892 1528 1096 1583 sancto
1127 1528 1442 1583 tacuerunt
1470 1540 1487 1597 ;
1532 1528 1733 1581 notum
1794 1538 1932 1581 vero
1963 1527 2052 1582 est
2080 1519 2282 1581 omni-

2371 1516 2546 1584 Δῆλον
2598 1531 2715 1583 τοῖς
2782 1525 2940 1575 πᾶσιν
2991 1521 3065 1577 ὼε
3125 1517 3272 1576 οὐδὲν
3326 1518 3413 1577 ἔπ’
3471 1518 3631 1575 αὑτοῦ
3698 1516 3804 1573 τῶν
3883 1513 4022 1569 πάν-

636 1608 769 1683 bus,
801 1611 961 1673 inter
991 1609 1194 1671 omnia
1222 1608 1375 1670 nihil
1407 1627 1565 1683 esse,
1607 1608 1763 1689 quod
1796 1609 1880 1669 illi
1927 1611 2111 1689 magis
2142 1626 2286 1689 pro.

2371 1627 2495 1681 των,
2553 1610 2742 1664 ὁποῖον
2809 1609 2870 1663 τὸ
2936 1606 3331 1688 ἐκπορεύεσθαι.
3392 1615 3556 1666 Τοῦτο
3612 1607 3700 1663 καὶ
3770 1605 3874 1682 γὰρ
3949 1607 4023 1675 τῷ

638 1698 829 1790 prium
861 1698 960 1771 sit,
975 1717 1160 1790 quam
1203 1697 1550 1790 procedere.
1575 1697 1642 1760 Id
1692 1700 1911 1759 etenim
1952 1696 2197 1790 Spiritui
2230 1705 2288 1759 et

2371 1697 2631 1773 Πνεύματι
2714 1697 2802 1753 καὶ
2881 1697 3029 1773 μόνῳ
3111 1697 3228 1754 κατ’
3303 1695 3561 1777 ἓξαίρετον
3639 1691 4023 1790 ἀποκληρωθῇ

633 1779 746 1850 soli
774 1787 835 1849 in
900 1786 1111 1867 primis
1165 1786 1542 1862 attributum,
1599 1790 1907 1867 proprium
1964 1787 2123 1849 Illius
2179 1805 2289 1866 ap-

2373 1783 2507 1843 ἴδιον
2537 1789 2694 1844 αὐτοῦ
2746 1786 3175 1862 κατωνόμασται.
3235 1794 3406 1844 Ταῦεα
3462 1784 3558 1862 μέν
3587 1786 3635 1842 οἱ
3689 1781 3850 1839 δεινοὶ
3882 1779 4024 1856 ξτρύ⁸

634 1876 907 1959 pellatur.
940 1878 1078 1939 Haec
1131 1875 1287 1938 acuti
1345 1875 1443 1937 isti
1498 1876 1869 1957 solertesque
1920 1876 1990 1937 ad
2035 1876 2288 1939 commi-

2373 1896 2505 1939 πους
2547 1873 2850 1953 ἀντιλογίας
2894 1877 3089 1954 εὗρεϊν,
3121 1874 3214 1932 ’ίνα
3267 1876 3426 1952 μόνον
3483 1875 3583 1941 τὴν
3625 1871 3821 1929 οἰκείαν
3880 1868 4024 1947 γνώο

630 1965 971 2028 niscendas
1028 1963 1557 2041 contradictiones,
1594 1973 1659 2025 ut
1713 1964 2016 2046 propriam
2066 1975 2289 2027 tantum

2376 1987 2485 2041 μην
2539 1965 2872 2034 συστήσωσιν
2906 1983 2922 1999 ο
2978 1964 3089 2043 εγὼ
3142 1962 3201 2021 δὲ
3256 1966 3386 2043 πρὸς
3443 1964 3540 2040 μὲν
3619 1964 3681 2018 10
3734 1961 4022 2039 ὑπάρχειν,

632 2054 981 2136 opinionem
1012 2054 1339 2118 stabiliant.
1378 2051 1498 2117 Sed
1561 2072 1670 2133 ego
1713 2053 1872 2116 inter
1918 2058 2212 2118 exsistere
2241 2061 2289 2117 et

2386 2055 2474 2111 καὶ
2516 2055 2578 2109 10
2606 2056 2707 2121 τὴν
2763 2052 2979 2132 ὕπαρξιν
3035 2053 3205 2134 ἔχειν,
3243 2052 3323 2111 ὅτι
3387 2059 3512 2129 μιᾶς
3570 2053 3659 2108 καὶ
3710 2050 3806 2118 τῆς
3865 2046 4024 2114 αὖτῆς

633 2145 1050 2206 assistentium
1101 2143 1338 2217 habere,
1375 2141 1605 2203 nullum
1637 2160 1769 2204 esse
1797 2142 2144 2220 discrimen,
2175 2144 2281 2206 sed

2371 2143 2642 2218 σημασίας
2701 2142 2973 2221 ἀμφότερα
3009 2160 3024 2174 ’
3083 2146 3144 2199 τὸ
3188 2144 3288 2222 γὰρ
3360 2144 3621 2222 ὑπάρχειν
3677 2141 3750 2203 εἷς
3806 2154 3875 2194 το
3928 2137 4023 2204 τὴν

634 2249 819 2292 unum
845 2231 1125 2312 idemque
1151 2238 1356 2293 notare
1383 2231 1636 2292 alﬁrmo.
1684 2230 1950 2313 Namque
1998 2240 2285 2297 exsistere

2371 2230 2577 2311 ὄπαρξιν
2636 2229 2783 2311 ἔχειν
2828 2238 3007 2310 σαφῶς
3064 2230 3348 2312 διαλύεται,
3411 2234 3495 2288 καὶ
3560 2232 3624 2287 10
3685 2230 3778 2297 τὴν
3859 2226 4023 2304 3113?-

634 2320 693 2381 in
724 2318 897 2393 illud,
917 2321 1332 2383 assistentium
1361 2319 1583 2382 habere
1611 2319 1991 2384 dissolvitur:
2029 2330 2087 2383 et
2112 2326 2282 2385 exsi-

2371 2318 2447 2384 ξιν
2518 2319 2673 2399 ἔχεῐν
2745 2323 2818 2383 εἷς
2876 2322 2937 2377 10
2993 2322 3250 2401 ὑπάρχειν
3328 2319 3483 2377 πυλιν
3536 2340 3815 2397 συναγεται
3852 2333 3866 2347 ·
3941 2317 4026 2372 καὶ

631 2412 913 2471 stentiam
936 2407 1162 2471 habere
1192 2408 1252 2469 in
1293 2406 1464 2481 illud,
1516 2415 1806 2472 earsistere
1843 2409 2101 2472 vicissim
2148 2431 2289 2474 con-

2389 2408 2486 2464 οὑκ
2528 2407 2669 2464 ἔστιν
2733 2407 2909 2474 ἄλλως
2960 2415 3148 2478 νοῆσαι
3205 2411 3271 2466 τὰ
3312 2412 3429 2469 περὶ
3482 2409 3684 2465 τούτων
3742 2405 4025 2466 οῦδοπωσ-

634 2495 932 2560 trahitur:
994 2514 1107 2558 nec
1160 2496 1275 2558 alio
1335 2496 1460 2558 ullo
1524 2497 1700 2559 modo
1783 2498 1872 2559 fas
1953 2506 2045 2560 est
2094 2500 2289 2564 istbaac

2383 2505 2472 2556 οῦν
2506 2502 2523 2528 ⁴
2597 2495 2893 2574 ὶὸουλόμην
2976 2497 3360 2556 καταϐαλέσθαι
3443 2497 3600 2574 λόγον
3670 2496 3875 2575 συχνὸν
3958 2493 4027 2556 έῖς

639 2584 911 2664 intelligi.
945 2586 1020 2648 Et
1051 2602 1288 2664 possem
1320 2585 1601 2666 equidem
1649 2585 1887 2667 longum
1946 2607 2289 2654 sermonem

2380 2583 2666 2662 ἀποδειξιν,
2725 2589 2770 2643 εἷ
2838 2587 2916 2663 μὴ
2960 2589 3167 2669 γραφὴν
3224 2585 3595 2666 ἀπειροκαλίας
3651 2582 3797 2662 ᾔδειν
3844 2584 4025 2640 ἐντεῦ-

636 2674 711 2746 ad
740 2673 801 2736 id
834 2674 1368 2737 demonstrandum
1402 2682 1754 2755 contexere,
1799 2675 1915 2738 nisi
1965 2678 2140 2758 plane
2168 2681 2289 2742 cri-

2373 2678 2460 2732 θεν
2488 2675 2820 2736 ἀποίσεσθαι.
2897 2677 3006 2735 Τίνι
3057 2679 3157 2757 γὰρ
3212 2682 3318 2734 τῶν
3382 2677 3629 2734 ἁπάντων
3686 2679 3746 2733 οῦ
3802 2673 4025 2755 φανερὸν

638 2780 777 2824 men
826 2762 1016 2846 inepti
1057 2782 1297 2826 vererer
1323 2764 1656 2826 incurrere.
1715 2764 1822 2828 Cui
1870 2767 2029 2828 enim
2086 2781 2289 2831 notum

2374 2766 2446 2828 ὡς
2476 2762 2596 2820 ἔνθα
2638 2763 2849 2843 λέγεται
2876 2768 2939 2822 10
2963 2767 3245 2846 ὑπάρχειν,
3289 2766 3405 2823 ἐκεῖ
3448 2768 3537 2822 καὶ
3576 2767 3639 2821 10
3694 2765 3791 2832 τὴν
3852 2763 4023 2841 ὕπαρ-

637 2869 757 2912 non
787 2859 897 2925 est,
933 2852 1035 2914 ubi
1065 2852 1352 2916 exsistere
1404 2853 1644 2926 dicitur,
1682 2852 1905 2917 ibidem
1961 2858 2289 2920 secundum

2376 2849 2452 2918 ξιν
2482 2851 2631 2933 ἔχειν
2688 2851 3012 2934 λεχθήσεται
3057 2855 3194 2911 κατὰ
3249 2856 3311 2911 τὸ
3353 2855 3481 2911 αὐτὸ
3519 2855 3608 2910 καὶ
3651 2852 3703 2910 ἔν
3755 2851 4025 2929 σημαίνό-

639 2958 824 3001 unum
849 2941 1248 3021 eamdemque
1297 2941 1714 3020 signiﬁcatum,
1749 2943 1873 3005 sive
1914 2946 2289 3016 naturaliter.

2384 2962 2565 3018 μενον,
2598 2941 2710 2999 εἴτε
2766 2950 2998 3023 φυσικῶς
3051 2946 3141 3001 καὶ
3195 2945 3484 3026 οὖσιωδιῦς,
3528 2943 3641 3000 εἴτε
3708 2934 3833 3001 καθ’
3905 2941 4023 2998 ἕτε-

639 3027 765 3091 sive
790 3029 1217 3110 essentialiter,
1249 3030 1374 3093 sive
1396 3030 1728 3092 secundum
1754 3032 1928 3094 aliam
1973 3035 2289 3113 rationem,

2378 3052 2467 3108 ρον
2511 3029 2672 3110 λόγον
2731 3032 2952 3111 ἑκάτερα
2988 3051 3005 3114 ς
3037 3035 3128 3089 καὶ
3185 3035 3246 3090 οὑ
3299 3031 3478 3090 διοίσει
3532 3034 3593 3091 10
3648 3033 3903 3111 παράπαν
3932 3029 4025 3087 οῦς-

639 3125 698 3180 et
728 3117 1135 3181 exsistentiam
1170 3109 1393 3181 habere
1434 3118 1604 3181 dici?
1632 3138 1830 3202 neque
1881 3141 2069 3184 unum
2101 3142 2169 3185 ex
2201 3109 2289 3185 his

2377 3117 2461 3175 δὲν
2490 3109 2692 3178 τούτων
2721 3121 2776 3179 ἐν
2807 3109 3001 3180 οὐδενὶ⁷
3023 3122 3145 3187 τοῖς
3188 3120 3353 3202 ὅρθῶς
3405 3123 3596 3192 κρίνειν
3649 3109 4024 3197 ἐπισταμένοις

638 3207 701 3269 in
728 3226 1026 3289 quoquam
1054 3206 1128 3269 ab
1159 3206 1346 3270 altero
1394 3208 1764 3288 discrepabit
1815 3210 1969 3292 apud
2027 3230 2156 3286 eos,
2191 3212 2289 3294 qui

2375 3206 2536 3288 λόγου
2595 3207 2851 3285 διάνοιαν,
2898 3209 3042 3275 Τέως
3099 3210 3360 3269 κάνταῦθα
3412 3212 3713 3292 προφθάσας
3757 3213 3785 3267 ὁ
3827 3210 4024 3268 θεσπέ-

638 3314 984 3358 sermonum
1017 3314 1194 3358 sensa
1238 3296 1570 3377 dijudicare
1626 3308 1868 3363 norunt.
1923 3299 2079 3363 Ante
2108 3302 2285 3363 etiam

2374 3298 2483 3361 σίος
2543 3296 2798 3378 Κύριλλος
2854 3300 2916 3355 10
2965 3300 3285 3376 ζητούμενον
3342 3298 3581 3376 λέλυκεν,
3641 3299 3696 3356 ὲν
3739 3301 3832 3365 οῖς
3889 3301 4023 3357 κατὰ

642 3385 1013 3465 ρι’ωνεηὶειιε
1033 3386 1267 3446 divinus
1288 3385 1541 3466 Cyrillus
1565 3388 1960 3464 quastionem
1993 3390 2284 3461 dissolvit,

639 3473 700 3535 in
732 3492 850 3535 una
870 3491 941 3534 ex
979 3473 1120 3549 illis,
1154 3492 1284 3554 quae
1321 3492 1500 3556 supra
1547 3474 1859 3558 descriptas
1904 3486 2042 3539 sunt
2083 3487 2289 3541 aucto-

637 3564 865 3638 ritates,
898 3581 1032 3624 cum
1063 3562 1229 3625 dictt:
1263 3561 1725 3641 Spiritumvero
1745 3574 2019 3630 sanctum
2051 3586 2295 3631 nuncu-

633 3649 1002 3732 pabis,quod
1024 3652 1665 3732 exPatreperFilium
1690 3656 2066 3719 naturaliter
2088 3659 2292 3737 eﬁun-

640 3739 837 3813 ditur;
858 3746 939 3816 et,
965 3741 1057 3801 uti
1085 3744 1364 3820 exemplo
1404 3744 1789 3824 spirationis,
1825 3761 1960 3824 qua
1978 3762 2057 3807 ea:
2075 3763 2176 3808 ore
2197 3746 2293 3825 ﬁt,

639 3829 953 3908 propriam
1007 3829 1182 3891 nobis
1262 3831 1571 3911 signiﬁcat
1643 3837 2083 3898 exsistentiam.
2143 3836 2295 3896 Cum

645 3917 806 3978 enim
834 3916 1101 3991 dixisset,
1128 3918 1352 3979 elfundi
1393 3920 1680 4001 Spiritum
1725 3940 1831 4003 per
1871 3922 2085 3985 Filium
2120 3931 2295 3985 natu-

642 4005 870 4087 raliter,
918 4006 1246 4087 subjunxit,
1298 4006 1369 4068 Et
1421 4010 1720 4090 propriam
1777 4010 1950 4072 nobis
1999 4011 2292 4092 signiﬁcat

647 4093 1080 4183 exsistentiam,
1114 4095 1281 4157 utiin
1327 4099 1601 4179 exemplo
1646 4099 2009 4180 spirationis,
2061 4120 2191 4183 quae
2221 4120 2292 4164 ex

645 4200 751 4245 ore
780 4182 867 4264 ﬁt,
927 4183 1204 4267 clareque
1262 4204 1367 4266 per
1420 4186 1633 4250 Filium
1682 4187 1968 4270 Spiritum
2018 4182 2289 4254 sanctum

646 4271 1047 4336 exsistentiam
1074 4273 1299 4337 habere
1319 4276 1773 4359 decernit,quod
1789 4281 2286 4357 ueminem,puto,

2372 3388 2497 3470 μίαν
2552 3390 2659 3445 τῶν
2712 3388 3196 3468 ἀναγεγραμμένων
3251 3390 3458 3468 ῥήσεων
3512 3389 3678 3453 οὕτως
3749 3388 4019 3470 εἴρηκεν

2377 3464 2576 3554 ⁸Ἀγιον
2654 3473 2709 3531 δὲ
2803 3464 3016 3552 Πνεῦμα
3085 3464 3360 3557 προσερεϊς
3430 3478 3492 3533 τὸ
3556 3478 3616 3533 ὲκ
3672 3464 3880 3556 Πατρὸς
3948 3471 4024 3533 δι’

2377 3566 2497 3623 ῐἿοῦ
2562 3564 2928 3644 προχεόμενον
2998 3571 3255 3645 φυσικῶς,
3339 3567 3427 3622 καί
3466 3566 3704 3645 καθάπερ
3763 3565 3818 3621 ἐν
3875 3567 4022 3638 τύπῳ

2374 3658 2473 3720 τῆς
2528 3654 2591 3709 ὲκ
2648 3659 2752 3711 τῶν
2808 3654 3088 3730 στομάτων
3173 3652 3431 3722 διαπνοῆς
3518 3655 3620 3722 τὴν
3699 3654 3831 3712 ἰδίαν
3887 3657 4022 3732 ἡμῖν

2376 3743 2747 3818 ὑποσηματνον
2830 3740 3071 3822 ὕπαρξιν,
3142 3744 3513 3823 Προχεόμενον
3574 3745 3674 3823 γὰρ
3731 3746 3896 3802 εἰπὼν
3965 3744 4023 3801 ἐκ

2377 3833 2581 3912 Πατρὸς
2608 3832 2670 3888 τὸ
2724 3837 2938 3907 Πνεῦμα
2989 3829 3061 3888 δι’
3118 3833 3237 3889 Υῑοῦ
3295 3838 3550 3912 φυσικῶς,
3610 3832 3879 3915 ἐπήγαγε,
3928 3836 4023 3892 Καὶ

2375 3919 2474 3988 τήν
2530 3918 2659 3977 ἰδίαν
2704 3921 2866 3996 »ἡμῖν
2947 3921 3317 3996 ὑποσηματνον
3406 3919 3622 4001 ὕπαρξιν
3677 3923 3916 4003 καθάπερ
3970 3923 4023 3979 ἐν

2379 4010 2529 4082 τύπῳ
2567 4013 2667 4076 τῆς
2698 4009 2759 4066 ὲκ
2810 4009 2917 4067 τῶν
2972 4011 3246 4085 στομάτων
3295 4008 3580 4087 διαπνοῆς,
3625 4008 3691 4067 δι’
3751 4014 3878 4069 Υἱοῦ
3929 4035 4021 4069 κα-

2374 4100 2545 4177 θαρῶς
2574 4100 2636 4155 τὸ
2669 4104 2883 4173 Πνεῦμα
2928 4098 2990 4154 τὸ
3046 4097 3197 4177 ἅγιον
3238 4099 3338 4167 τὴν
3388 4097 3606 4177 ὕπαρξιν
3677 4098 3825 4179 ἔχειν
3882 4101 4018 4157 ἆπο-

2374 4188 2700 4266 φηνάμενος,
2767 4186 2897 4268 ὅπερ
2955 4185 3135 4246 οὐδένα
3187 4194 3294 4244 τῶν
3364 4188 3612 4245 ἀπάντων
3682 4190 3843 4266 οἶμαι
3900 4189 4018 4247 δια-

2373 4275 2651 4334 λανθανεῖν
2687 4296 2701 4311 ·
2732 4279 2777 4333 εἰ
2818 4279 2906 4333 καὶ
2934 4283 3039 4334 τῶν
3108 4277 3398 4353 εἰρημένων
3452 4278 3508 4334 ἐν
3549 4277 3699 4354 μέσῷ
3753 4280 4014 4355 κείμενον,

644 4362 1229 4445 latet;|icetbiquae
1288 4364 1447 4427 dicta
1494 4379 1654 4448 sunt,
1703 4366 1814 4428 etsi
1860 4367 1921 4429 in
1973 4369 2289 4449 medioja-

2376 4372 2607 4446 φανερῶς
2650 4364 2858 4432 ἑκόντες
2927 4368 3072 4425 οὗτοι
3140 4365 3494 4446 παρέδραμον.
3570 4370 3708 4448 Πρὸς
3777 4371 3877 4446 μὲν
3935 4372 4018 4428 οῦν

647 4427 832 4514 εθειιί
849 4461 985 4515 ante
1006 4427 1237 4525 omnes,
1302 4456 1573 4519 consulto
1593 4427 1603 4428 ί
1633 4427 2289 4536 prseteri‘erunttltitode

2388 4427 2400 4445 ε
2506 4427 2517 4446 ε
2593 4427 2606 4432 ’
2843 4427 2855 4432 ’
3218 4427 3228 4446 Ι
3305 4427 3315 4440 ³
3371 4427 3383 4444 ι
3483 4427 3491 4428 7
3618 4427 3630 4448 Ι
3691 4427 3704 4433 ’
3777 4427 3790 4446 ι
3949 4427 3954 4428 ⁷

2374 4457 2529 4513 τοῦτο
2581 4463 2832 4530 τοσαῦτα,
2903 4456 2991 4512 καὶ
3061 4454 3225 4521 οὕτως
3296 4456 3510 4514 αὐτόθεν
3578 4456 3907 4518 πλουτοῦντα
3960 4461 4019 4516 10

646 4539 761 4602 hoc
784 4541 899 4604 ista
927 4543 1232 4625 satis,qua3
1251 4563 1384 4607 cum
1406 4544 1739 4609 clarissima
1757 4547 1901 4625 sint,
1935 4546 2125 4610 everti
2149 4565 2292 4630 pro-

650 4630 990 4714 pulsarique
1018 4651 1138 4694 non
1170 4644 1467 4716 poterunt.
1964 4709 1968 4713 ,

729 4718 830 4785 23.
892 4721 984 4782 Ad
1044 4723 1371 4785 secundum
1428 4743 1567 4787 vero
1622 4724 1902 4803 dicimus,
1972 4726 2299 4807 procedere

649 4827 771 4872 non
837 4811 1183 4892 expressius
1239 4812 1465 4875 inferre
1526 4814 1846 4878 essentiam
1915 4814 2106 4895 ipsam
2168 4814 2301 4896 Spi-

646 4898 797 4961 ritus
848 4898 979 4981 ipso
1053 4902 1363 4979 exsistere,
1426 4903 1583 4984 quod
1668 4903 1827 4967 inter
1906 4905 2021 4967 alia
2101 4906 2301 4967 omnia

652 4987 829 5052 verba
860 4989 1119 5071 primum
1173 5000 1383 5054 natura
1441 5001 1555 5072 est,
1615 5000 1674 5055 et
1726 4994 1785 5056 in
1841 4992 2022 5074 quod,
2077 5001 2142 5055 ut
2197 4993 2300 5074 qui

650 5078 811 5142 circa
854 5079 1077 5144 similia
1135 5080 1467 5156 insaniunt,
1529 5083 1787 5159 tradunt,
1850 5090 1908 5144 et
1964 5083 2076 5144 hoc
2105 5083 2297 5164 ipsum

642 5169 963 5248 procedere
985 5188 1108 5251 pra;
1135 5170 1268 5234 aliis
1313 5171 1512 5233 verbis
1559 5171 1894 5246 resolvitur,
1927 5171 2032 5235 sed
2058 5171 2303 5253 aequali-

652 5268 769 5339 ter,
803 5266 862 5320 et
886 5259 1063 5321 modo
1082 5260 1294 5324 eodem
1324 5259 1773 5341 utraque.Quod
1797 5261 1849 5324 si
1868 5260 2061 5323 inillis
2081 5262 2301 5326 discri-

653 5364 793 5409 men
849 5347 1088 5428 aliquod
1145 5348 1581 5424 consideratur,
1643 5349 1786 5412 illud
1836 5357 1928 5415 est
1968 5351 2303 5413 secundum

652 5435 829 5498 aliam
842 5437 1129 5500 rationem
1151 5438 1418 5519 utrisque
1437 5439 1734 5521 propriam
1753 5446 1930 5521 atque
1960 5458 2305 5503 accommoq

653 5523 1055 5601 dam,Etenim
1077 5545 1213 5589 cum
1232 5527 1354 5589 sint
1369 5546 1444 5589 ex
1476 5529 1645 5592 Patre
1665 5537 1722 5593 et
1744 5529 1929 5593 Filius
1959 5539 2016 5592 et
2046 5528 2299 5611 Spiritus

654 5621 918 5692 sanctus,
972 5634 1048 5677 ne
1078 5616 1211 5697 quis
1239 5615 1583 5696 opinaretur
1636 5619 1813 5681 etiam
1867 5616 2155 5701 Spiritum
2213 5617 2300 5681 uti

2378 4542 2772 4624 ὰναντίρῤητον.

2461 4710 2575 4803 κγ’,
2606 4724 2745 4803 Πρὸς
2773 4720 2829 4779 δὲ
2869 4723 2932 4780 10
2987 4722 3224 4805 δεύτερον
3283 4729 3469 4804 πρῶτα
3526 4725 3624 4803 μὲν
3679 4724 3908 4806 λέγομεν
3950 4729 4018 4790 ὡς

2379 4814 2441 4870 οῦ
2479 4813 2542 4868 10
2583 4812 2953 4892 εκπορεύεσθαι
3006 4810 3164 4882 δῆλοτ
3222 4811 3425 4890 μᾶλλον
3456 4816 3583 4875 αὐτὸ
3622 4816 3685 4872 10
3733 4817 3881 4874 εῖναι
3934 4838 4021 4875 του

2383 4899 2687 4974 Πνεύματος
2729 4899 2766 4968 ἢ
2792 4902 2854 4957 τὸ
2911 4901 3194 4982 ὑπάρχειν,
3265 4904 3327 4959 τὸ
3393 4907 3501 4959 τῶν
3569 4903 3826 4984 ρηματων
3878 4906 4018 4963 πάν-

2377 5009 2486 5045 των
2511 4987 2960 5069 ἀρχοειδέστερον,
2993 4992 3065 5055 εἷς
3109 4988 3139 5047 8
3167 4990 3302 5047 κατὰ
3345 4991 3469 5057 τοὺς
3526 4994 3644 5073 περὶ
3695 5001 3860 5051 ταῦτα
3889 4997 4021 5052 καθ-

2381 5074 2519 5143 άπαξ
2576 5077 2956 5156 ἐπτοημένους,
3017 5080 3106 5137 καὶ
3160 5081 3287 5137 αὐτὸ
3326 5089 3488 5140 τοῦτο
3538 5083 3602 5139 10
3656 5081 4021 5163 ἐκπορεύεσθαι

2381 5168 2512 5245 πρὸς
2568 5180 2689 5232 τοῖς
2760 5165 2946 5234 ἅλλοϊς
2999 5166 3277 5227 ἀναλύεται
3330 5168 3585 5247 ῥήμασιν,
3657 5169 3778 5228 ἀλλ’
3836 5170 4023 5239 ἐπίσης

2380 5254 2679 5337 ἀμφότερα,
2748 5259 2838 5315 καὶ
2902 5259 3039 5315 κατὰ
3087 5257 3280 5338 τρόπον
3330 5259 3423 5315 τὸν
3464 5256 3675 5336 ὅμοιον.
3733 5262 3795 5320 Εἰ
3835 5258 3892 5318 δὲ
3945 5281 4025 5324 τις

2379 5347 2659 5425 θεωρεῖται
2736 5345 2832 5404 κᾶν
2887 5348 3089 5413 τούτοις
3147 5345 3390 5428 διαφορὰ,
3475 5346 3594 5405 καθ’
3662 5346 3838 5428 ἕτερον
3892 5347 4023 5414 αὕτη

2380 5432 2540 5513 λόγον
2606 5431 2745 5491 ’ίδιον
2799 5434 3065 5517 ἑκατέροις
3116 5437 3205 5494 καὶ
3234 5457 3551 5517 προσφορον,
3628 5428 3847 5507 Ἐπειδὴ
3928 5438 4026 5517 γὰρ

2381 5523 2512 5581 εἰσιν
2539 5521 2601 5582 ἐκ
2627 5525 2832 5603 Πατρὸς
2863 5528 2892 5583 ὁ
2947 5547 3005 5584 τε
3048 5527 3168 5590 Υἱὸς
3223 5525 3311 5582 καὶ
3359 5526 3421 5581 τὸ
3476 5529 3691 5603 Πνεῦμα
3745 5527 3808 5585 10
3846 5524 4022 5606 ἂγιον,

2379 5617 2452 5680 ὡς
2484 5614 2548 5674 ἂν
2575 5614 2655 5692 μὴ
2707 5619 2899 5695 νομίσῃ
2954 5617 3041 5681 τις
3083 5616 3358 5695 γεννᾶσθαι
3401 5614 3491 5673 καὶ
3531 5614 3592 5670 10
3677 5619 3892 5691 Πνεῦμα
3935 5636 4001 5671 ea
