4214 6296
309 298 466 366 1073

1234 299 1328 360 DE
1377 297 1883 362 PROCESSIONE
1927 292 1989 354 S.

2037 291 2388 361 SPIRITUS
2431 299 2659 362 ORAT.
2709 302 2754 362 Ι.
3529 297 3684 362 10⁸74

309 439 474 516 θαπερ
532 435 666 502 δῆτα
708 437 796 492 καὶ
830 438 940 492 τὸν
1015 437 1155 513 Υἱὸν,
1211 434 1406 514 ἐλέχθη
1461 436 1524 490 τὸ
1580 426 1960 512 »ἐκπορεύεσθαι

2054 423 2258 491 Filium
2274 433 2571 510 generari,
2601 433 2917 514 procedere
2933 432 3008 495 ad
3029 432 3489 496 discernendum
3509 449 3698 511 gene-

315 529 444 604 πρὸς
501 523 782 592 διαστολὴν
845 531 941 592 τῆς
986 526 1286 603 γεννήσεως
1323 546 1338 562 ·
1390 523 1520 603 ὅπερ
1561 525 1649 581 καὶ
1705 521 1954 590 Ἰωάννης

314 618 342 672 6
375 616 472 683 τὴν
501 614 742 692 γλῶτταν
772 620 998 694 χρυσοῦς
1058 613 1112 668 ἐν
1166 620 1235 690 τῇ
1291 615 1406 690 περὶ
1459 623 1553 673 τοῦ
1594 615 1744 692 ἁγίου
1789 615 1956 671 [Ινεύ-

317 727 481 780 ματος
552 701 732 778 ὁμιλίᾳ
803 709 1188 782 μυσταγωγῶν,
1239 693 1345 760 ”ιν’
1399 705 1432 771 ἡ
1493 704 1673 782 Γραφὴ
1721 702 1956 783 παρέλθῃ

314 797 375 851 τὸ
422 799 520 860 τῆς
601 793 898 866 γεννήσεως
969 791 1158 871 ὄνομα,
1218 793 1280 848 τὸ
1332 791 1721 866 ἐκπορεύεσθαι,
1774 793 1955 873 φησὶν,

318 882 556 962 εἴρηκεν,
595 873 771 938 ΗΩστε
801 879 886 936 διὰ
931 879 1028 954 μὲν
1079 887 1170 936 τοῦ
1198 880 1456 960 ὑπάρχειν
1513 881 1574 936 τὸ
1633 879 1814 946 ἁπλῶς
1867 882 1957 938 εἶ-

315 995 421 1046 ναι,
469 970 553 1028 διὰ
622 970 676 1027 δὲ
745 973 836 1026 τοῦ
877 969 1244 1047 ἐκπορεύεσθαι
1290 972 1351 1025 τὸ
1411 975 1526 1033 πῶς
1571 982 1710 1025 εῖναι
1755 972 1956 1046 σημαί-

319 1082 484 1124 νεται,
521 1061 618 1116 Αιά
654 1067 916 1116 τοι.τοῦτο
976 1061 1062 1113 καὶ
1114 1057 1306 1131 τρόπον
1367 1058 1652 1138 ὒπάρξςως,
1711 1061 1868 1118 ταντὸ
1913 1057 1958 1115 δ’

319 1152 512 1230 εἰπεῖν,
583 1148 831 1229 διαφορὰν
900 1144 1167 1224 ὑπάρξεως
1239 1147 1576 1227 ἀπεφήναντο
1633 1150 1732 1216 τὴν
1789 1148 1957 1206 ἐκπό-

321 1260 492 1318 ρεύσιν
548 1238 674 1294 ἔνιοι
729 1244 834 1292 τίυν
893 1236 1162 1309 Πατέρων,
1227 1237 1312 1299 οἷς
1371 1236 1618 1293 έπιπλέον
1676 1243 1774 1304 τῆς
1846 1240 1963 1315 περὶ

319 1329 516 1384 τούτων
575 1325 836 1406 ἀκριϐείας
892 1324 1146 1400 ἓμέλησε.
1178 1327 1276 1382 Καὶ
1331 1325 1440 1381 ἐστι
1488 1328 1584 1400 μὲν
1641 1325 1839 1395 ἱδιότης
1871 1335 1963 1385 τοῦ

323 1419 621 1490 Πνεύματος
692 1417 726 1482 ἡ
771 1413 1100 1493 ἐκπόρευσις,
1159 1413 1338 1492 ὥσπερ
1403 1414 1490 1471 οὗν
1549 1416 1635 1472 καὶ
1677 1418 1711 1484 ἡ
1770 1418 1960 1495 γέννη-

325 1528 400 1569 οις
461 1504 662 1572 ἰδιότης
719 1511 812 1560 τοῦ
863 1505 982 1560 Υἱοῦ
1019 1518 1034 1533 ⁸
1096 1502 1238 1570 πλὴν
1293 1502 1470 1582 ὥσπερ
1538 1502 1622 1559 ἐπ’
1694 1507 1850 1565 αὐτοῦ
1879 1517 1969 1567 τοὺ

326 1596 647 1672 Μονογενοῦς
698 1593 820 1672 οὐχὶ
888 1593 950 1648 τὸ
1017 1595 1293 1670 γεννᾶσθαι
1365 1593 1527 1667 μόνον
1597 1597 1669 1660 εἷς
1737 1594 1968 1666 δήλωσιν

323 1689 419 1750 τῆς
471 1684 654 1739 τούτου
725 1682 866 1760 παρὰ
936 1682 1140 1759 Πατρὸς
1219 1679 1475 1761 ὑπάρξιως
1533 1693 1813 1764 πανταχοῦ
1869 1692 1966 1756 τῆς

323 1771 592 1849 θεολογίας
681 1768 1030 1846 λαμϐάνεται,

324 1861 534 1918 πολλῶν
569 1860 974 1938 παρεστήσαμεν
1011 1875 1025 1890 ⁸
1101 1859 1238 1916 οὕτω
1279 1857 1344 1928 δὴ
1399 1862 1486 1916 καὶ
1544 1860 1628 1918 ἐπὶ
1670 1863 1761 1919 τοῦ
1801 1866 1968 1922 Πνεύ-

326 1971 488 2022 ματος
527 1952 629 2028 οὐχ
660 1947 887 2013 ἅπαντες
945 1954 1050 2004 τῶν
1106 1949 1270 2026 ἁγίων
1327 1947 1494 2017 uo'vnc
1555 1950 1646 2018 τῆς
1699 1954 1972 2032 ἒκπορεύε·

322 2061 409 2095 ται
453 2038 668 2115 λέξεως,
702 2035 820 2092 ἁλλ’
851 2039 879 2093 6
922 2037 1019 2112 μὲν
1051 2034 1143 2092 ’δι’
1193 2037 1426 2109 ἒκείνης,
1455 2041 1488 2108 ἡ
1549 2037 1604 2095 δὲ
1665 2039 1732 2096 δι’
1763 2042 1964 2123 ἑτέρας,

322 2129 408 2184 καὶ
467 2127 626 2191 ἄλλος
697 2124 764 2182 δι’
837 2123 1005 2192 ἄλλης
1063 2127 1160 2194 τὴν
1216 2133 1308 2184 τοῦ
1391 2129 1695 2202 Πνεύματος
1753 2130 1967 2205 ὕπαρξιν

323 2213 696 2293 ὲδογμάτισαν.
772 2215 870 2272 Καὶ
922 2212 1014 2270 ἴνα
1082 2220 1246 2270 ταῦτα
1315 2217 1566 2292 παρευθὺς
1650 2219 1724 2281 εἱς
1808 2219 1968 2291 μέσον

324 2303 688 2383 προφέρωμεν,
736 2305 764 2358 6
837 2302 936 2377 μὲν
996 2302 1164 2380 μέγας
1237 2302 1508 2367 Βασίλειος
1562 2304 1616 2360 ἐν
1661 2313 1738 2381 τῷ
1766 2304 1970 2382 δεκάτῳ

2037 517 2330 582 rationem
2359 533 2707 602 usurpatum
2763 531 2874 596 est,
2907 521 3076 595 Quod
3121 529 3179 584 et
3208 523 3469 586 Joannes
3501 521 3693 600 Chry-

2040 615 2335 671 sostomus
2365 609 2442 672 de
2465 608 2688 690 Spiritu
2716 619 2922 673 sancto
2955 609 3200 672 homilia
3229 610 3580 691 explanans;
3616 609 3696 672 Ut

2039 697 2380 782 Scriptura,
2407 701 2620 782 inquit,
2645 705 3064 781 generationis
3093 721 3314 766 nomen
3338 710 3693 783 praetereat,

2037 789 2365 864 procedere
2384 792 2570 854 dixit.
2604 790 2756 853 Hinc
2793 791 2975 854 verbo
3009 793 3304 855 exsistere
3341 790 3701 871 simpliciter

2043 893 2199 950 esse,
2231 879 2552 958 procedere
2577 880 2812 961 modus,
2836 899 2953 961 quo
2974 879 3192 961 aliquis
3212 887 3326 955 est,
3354 881 3694 942 denotatur.

2044 967 2478 1048 Proptereaque
2509 977 2568 1029 et
2615 969 2853 1030 modum
2889 968 3271 1043 exsistentiae,
3325 967 3485 1048 quod
3530 967 3693 1029 idem

2043 1052 2218 1115 fuerit
2238 1055 2438 1118 dicere
2449 1057 2846 1118 ditferentiam
2863 1057 3224 1120 exsistentiaa
3245 1054 3692 1138 processionem

2046 1161 2178 1204 esse
2215 1162 2284 1206 ex
2307 1145 2580 1207 Patribus
2604 1145 2899 1221 nonnulli,
2934 1147 3152 1226 quibus
3169 1144 3390 1206 similia
3421 1144 3690 1223 exquisi-

2047 1231 2182 1292 tiori
2213 1232 2628 1313 disquisitione
2653 1233 2994 1296 examinare
3023 1252 3181 1295 curse
3209 1233 3338 1309 fuit,
3381 1250 3696 1295 assevera-

2044 1329 2201 1380 runt.
2237 1321 2304 1382 Et
2327 1322 2674 1402 estquidem
2700 1323 3034 1403 proprietas
3067 1321 3328 1402 Spiritus
3369 1322 3694 1402 processio,

2047 1428 2164 1469 non
2195 1410 2310 1470 alio
2345 1414 2543 1486 modo,
2579 1430 2754 1492 quam
2776 1431 2892 1492 quo
2916 1411 3222 1490 generatio
3249 1418 3340 1471 est
3362 1410 3700 1490 pr0prietas

2051 1497 2209 1566 Filii.
2239 1497 2354 1561 Sed
2387 1501 2888 1580 quemadmodum
2939 1501 3015 1562 de
3043 1499 3174 1580 ipso
3222 1497 3536 1576 Unigenito
3580 1517 3698 1559 non

2050 1591 2332 1667 generari.
2353 1597 2574 1650 tantum
2597 1589 2669 1650 ad
2690 1589 3010 1651 notandam
3040 1588 3228 1669 ipsius
3289 1605 3358 1648 ex
3392 1589 3560 1648 Patre
3587 1604 3698 1648 ex-

2052 1677 2379 1738 sistentiam
2412 1677 2558 1739 locis
2589 1678 2650 1739 in
2681 1678 2982 1759 omnibus,
3009 1696 3144 1738 cum
3211 1674 3544 1753 theologica
3575 1681 3699 1736 tra-

1144 1772 1232 1826 καὶ
1310 1778 1464 1829 τοῦτο
1521 1773 1811 1851 φθάσαντες
1884 1775 1970 1832 διὰ

2054 1766 2866 1848 ctantur,desumitur,etbaac
2882 1767 3008 1847 jam
3040 1765 3699 1852 pluribnsdemonstra-

2056 1855 2286 1916 vimus:
2319 1854 2398 1915 ita
2427 1864 2486 1916 et
2514 1856 2589 1918 de
2629 1855 2853 1936 Spiritu
2885 1873 3004 1916 non
3063 1872 3270 1916 omnes
3326 1852 3513 1914 sancti
3571 1851 3699 1913 sola

2053 1943 2454 2023 processionis
2498 1943 2786 2018 dictione,
2847 1943 2953 2005 sed
3010 1941 3109 2004 hic
3166 1940 3410 2023 quidem
3441 1939 3565 2013 illa,
3598 1939 3702 2001 illo

2053 2049 2188 2094 vero
2220 2032 2358 2113 alia,
2392 2041 2450 2094 et
2487 2033 2636 2094 alius
2685 2031 2802 2094 alia
2846 2031 3104 2113 Spiritus
3153 2029 3558 2092 exsistentiam
3589 2027 3700 2090 de-

2051 2129 2384 2182 creverunt.
2439 2121 2512 2183 Et
2571 2131 2634 2182 ut
2674 2121 2900 2201 absque
2956 2139 3123 2183 mora
3181 2119 3245 2180 in
3295 2117 3559 2181 medium
3590 2115 3702 2178 ista

2053 2207 2728 2290 producamus,magnus
2744 2208 2995 2270 Basilius
3018 2208 3080 2270 in
3101 2208 3336 2270 decimo
3357 2205 3613 2286 septimo
3626 2205 3698 2266 ad

2051 2297 2533 2377 Amphilochium
2562 2299 2756 2379 capite
2779 2297 2871 2359 his
2891 2297 3091 2359 verbis
3130 2297 3426 2359 insinuat:
3454 2295 3555 2356 Ea:
3574 2296 3699 2356 Deo

327 2389 534 2467 έδδόμω
563 2399 667 2448 τῶν
724 2393 873 2471 ίπρὸς
930 2389 1288 2473 Ἀμφιλόχιον
1343 2392 1641 2473 κεφαλαίων
1693 2403 1856 2452 ταῦτα
1885 2395 1971 2452 λέ-

2054 2401 2178 2447 esse
2199 2386 2468 2466 Spiritus
2481 2387 2728 2468 dicitur,
2761 2405 2886 2449 non
2910 2403 2979 2449 eo
2999 2388 3175 2449 modo
3218 2405 3337 2467 quo
3382 2389 3525 2447 sunt
3565 2401 3699 2445 om-

325 2503 404 2558 γει
465 2480 638 2559 ρητως
673 2495 688 2510 ⁸
738 2478 830 2538 Ἐκ
886 2488 978 2536 τοῦ
1021 2488 1151 2538 Θεοῦ
1223 2483 1365 2538 εἶναι
1422 2485 1483 2541 τὸ
1539 2491 1749 2559 Πνεῦμα
1804 2483 1962 2564 λέγε-

2054 2475 2162 2536 nia
2182 2493 2260 2536 ex
2280 2475 2406 2538 Deo
2431 2493 2443 2506 '
2465 2477 2575 2538 sed
2595 2477 2689 2564 uti
2709 2493 2785 2538 ea:
2811 2477 2932 2537 Deo
2948 2478 3322 2555 proveniens,
3361 2492 3489 2538 non
3506 2489 3695 2564 gene-

327 2593 436 2642 ται,
495 2572 598 2649 οὔχ
639 2572 711 2634 ὡς
784 2571 848 2624 τὰ
910 2571 1078 2626 πάντα
1135 2573 1195 2626 ὲκ
1235 2579 1326 2628 τοῦ
1385 2579 1537 2654 Θεοὰ,
1587 2572 1706 2631 ἁλλ’
1767 2577 1840 2638 ὡς
1879 2561 1966 2630 *ἐκ

2054 2565 2308 2654 rationis
2328 2566 2501 2627 modo
2523 2572 2595 2654 ut
2612 2563 3035 2654 itius,sed_ut
3052 2564 3324 2654 Spiritus
3338 2568 3469 2654 foris
3505 2561 3696 2654 illius.

327 2668 417 2716 τοῦ
461 2667 591 2716 Θεοῦ
645 2658 920 2737 προελθὸν,
969 2661 1028 2716 οὔ
1089 2667 1356 2736 γεννητῶς
1417 2664 1490 2724 ὡς
1523 2651 1574 2719 ⁷ὸ
1634 2665 1772 2742 Υἱὸς,
1842 2662 1958 2719 ἀλλ’

2054 2651 2364 2731 Gregorius
2384 2654 2445 2714 in
2467 2652 2830 2714 sublimibus
2853 2661 2912 2713 et
2939 2652 3001 2713 in
3024 2653 3097 2714 iis
3118 2671 3250 2734 quaa
3279 2653 3356 2715 ad
3392 2653 3702 2735 superiora

327 2751 398 2813 ὠς
473 2755 683 2824 Πνεῦμα
729 2748 990 2823 στόματος
1062 2751 1216 2805 αὖτοῦ
1252 2767 1265 2779 ⁸
1339 2751 1367 2806 ὀ
1417 2748 1472 2806 δὲ
1528 2741 1815 2830 Γρηγόριος
1871 2753 1963 2808 ὲν-

2054 2743 2277 2805 elevant
2307 2743 2666 2830 tuentes,cui
2693 2760 2727 2802 a
2760 2741 3058 2820 theologia
3086 2761 3416 2820 cognomen
3442 2752 3701 2817 est,ora-

329 2852 445 2901 τοῖς
489 2836 724 2913 ὑψηλοῖς
756 2839 844 2894 καὶ
873 2836 983 2893 ἅνω
1011 2836 1220 2916 φέρουσι
1279 2847 1420 2913 νοῦς,
1479 2842 1507 2896 6
1692 2829 1962 2918 θεολογίας

2054 2833 2210 2891 tione
2239 2831 2314 2891 de
2344 2829 2492 2892 Filio
2523 2832 2610 2892 sic
2640 2848 2984 2892 sermonem
3015 2830 3271 2893 instituit
3311 2852 3326 2896 :
3367 2832 3701 2912 Propterea

335 2927 630 3002 ἑπωνυμος,
694 2927 764 2990 εἷς
796 2929 886 2981 τὸν
932 2929 1046 3005 περὶ
1108 2928 1226 2983 Υἱοῦ
1269 2925 1428 3002 λόγον
1485 2928 1622 2986 οὕτω
1677 2928 1916 2995 διέξεισιν
1950 2945 1964 2960 ⁸

2054 2921 2256 2980 unitos
2283 2939 2318 2981 a
2340 2921 2648 3000 principio
2673 2922 2739 2981 in
2777 2921 3090 2981 binarium
3119 2929 3282 2982 mata
3309 2921 3378 2983 in
3411 2921 3706 2984 Trinitate

335 3016 431 3072 Δια
496 3023 649 3072 τοῦτο
706 3016 868 3090 μονὰς
925 3013 1017 3070 ἀπ’
1093 3014 1268 3095 ἀρχῆς
1337 3019 1408 3078 εἰς
1486 3016 1641 3074 δυάδα
1693 3022 1970 3085 κινηθεῖσα

2054 3009 2342 3070 subsistit.
2375 3009 2455 3071 Et
2475 3007 2582 3071 hoc
2604 3009 2775 3071 nobis
2808 3017 2916 3089 est,
2943 3010 3147 3085 Pater,
3185 3009 3401 3085 Filius,
3428 3017 3484 3072 et
3499 3010 3701 3090 Spiri-

333 3104 495 3183 μέχρι
567 3102 782 3181 Τριάδος
838 3105 990 3170 ἔστη,
1053 3107 1150 3161 Καὶ
1205 3108 1358 3161 τούτο
1408 3108 1544 3180 ἡμῖν
1601 3109 1629 3163 6
1687 3109 1894 3185 Πατὴρ,
1942 3109 1970 3163 6

2054 3103 2166 3171 tus,
2202 3100 2388 3159 Pater
2412 3099 2658 3178 genitor
2687 3104 2747 3158 et
2766 3098 3090 3176 productor
3119 3113 3138 3158 :
3171 3099 3573 3178 horumvero,
3606 3099 3705 3160 hic

333 3173 470 3266 Ϋὶὸξ,
523 3173 620 3248 καὶ·
666 3195 728 3248 τὸ
784 3195 1018 3267 Πνεῦμα,
1066 3196 1094 3249 6
1137 3193 1233 3268 μὲν
1292 3173 1562 3272 γεννήτωρ
1617 3198 1707 3252 καὶ
1771 3173 1968 3275 @660-

2054 3187 2234 3263 fretus
2258 3193 2363 3260 est,
2390 3173 2490 3247 tite
2525 3173 2916 3275 produc—tum.
2941 3185 3106 3275 Idem
3154 3204 3362 3248 rursus
3410 3173 3600 3267 prima
3628 3187 3706 3248 de

330 3280 472 3360 λεὺς,
535 3289 640 3337 τῶν
695 3279 750 3336 δὲ
805 3284 865 3336 τὸ
938 3282 1032 3355 μὲν
1089 3282 1348 3360 γέννημα,
1397 3285 1456 3339 τὸ
1539 3282 1594 3339 δὲ
1662 3273 1970 3364 πρόϐλημα.

2058 3275 2355 3352 theologia
2368 3273 3705 3364 etconstitutioneepiscoporum:Audisgene-

334 3361 390 3427 Ὀ
435 3372 587 3433 αὖτὸς
617 3373 703 3426 καὶ
745 3369 902 3426 πάλιν
944 3369 1000 3426 ἰν
1046 3372 1143 3445 μὲν
1186 3376 1263 3446 τῷ
1319 3375 1436 3451 περὶ
1467 3361 1739 3451 θεολογίας
1773 3396 1971 3453 προτῳ,

2057 3366 2254 3426 ration
2263 3363 2632 3425 em?modum
2649 3381 2725 3423 ne
2737 3364 3032 3424 curiosius
3046 3365 3413 3443 inquiras.A
3424 3364 3705 3444 udisSpi-

335 3461 421 3514 καὶ
489 3461 862 3521 καταστάσεως
935 3459 1244 3516 ἐπισκόπων
1279 3477 1292 3491 ⁸
1361 3461 1600 3527 Ἀκούεις
1678 3463 1971 3540 γέννησινς

2059 3455 2243 3515 ritum
2264 3469 2297 3513 e
2318 3451 2508 3513 Putre
2519 3451 2840 3531 progredi?
2860 3450 2932 3514 Id
2953 3454 3246 3532 quomodo
3261 3455 3485 3531 ﬁat,ne
3514 3456 3705 3516 anxio

333 3551 392 3604 τὸ
443 3555 556 3610 πῶς
629 3549 706 3623 μὴ
799 3550 1162 3626 περιεργάζού.
1250 3550 1484 3615 Ἀκούεις
1543 3551 1623 3608 ὅτι
1681 3554 1872 3632 προϊὸν
1911 3553 1971 3609 ἐκ

2054 3542 2256 3632 studio
2273 3541 2690 3632 perscruteris.
2721 3540 2887 3614 Quod
2906 3545 2962 3603 si
2984 3543 3050 3602 in
3070 3542 3224 3604 Filii
3241 3543 3627 3623 generatione
3651 3549 3706 3605 et

333 3645 424 3693 τοῦ
467 3638 721 3716 Πατρὸς;
810 3640 869 3693 τὸ
940 3638 1085 3702 ὅπως
1142 3639 1219 3714 μὴ
1279 3631 1731 3720 πολυπραγμόνειξ
1806 3643 1862 3698 Et
1917 3639 1971 3698 δὲ

2056 3631 2333 3712 Spiritus
2347 3631 2763 3711 progressione
2793 3632 3264 3711 pervestiganda
3309 3634 3615 3695 curiosum
3649 3639 3708 3693 te

331 3724 794 3803 πολυπραγμονεῖς
893 3729 1012 3783 Υἱοῦ
1107 3729 1376 3809 γέννησιν,
1482 3731 1567 3786 καὶ
1671 3731 1971 3804 Πνεύματος

2054 3720 2306 3802 praebes,
2332 3737 2441 3801 ego
2457 3737 2694 3799 quoque
2708 3723 2849 3797 puri
2895 3723 3253 3783 curiositate
3293 3729 3460 3784 tuam
3487 3725 3708 3783 animus

331 3812 574 3892 πρόοδον,
626 3816 775 3891 κάγὼ
831 3837 917 3871 σοι
979 3808 1405 3896 πολυπραγμονῶ
1488 3821 1549 3876 τὸ
1607 3826 1784 3896 κρᾶμα
1867 3825 1971 3895 ilio-1

2057 3815 2437 3892 corporisque
2455 3808 2935 3896 conjunctionem
2967 3819 3023 3872 et
3042 3817 3584 3892 temperamentum
3604 3813 3707 3871 in-

331 3909 442 3984 χῆς
486 3905 572 3959 καὶ
602 3905 875 3990 σώματος.
910 3903 998 3962 Ἐν
1029 3904 1082 3960 δὲ
1125 3914 1202 3980 τῷ
1245 3910 1373 3985 πρὸς
1433 3898 1659 3986 ”Πρωνα
1699 3910 1788 3964 τὸν
1819 3908 1976 3990 φιλό-

335 3981 496 4073 σοφον
530 4008 544 4022 ⁸
624 3981 823 4071 Ὀρέζου
892 3992 946 4048 δὲ
1030 3996 1117 4051 καὶ
1214 3996 1313 4062 τὴν
1395 3997 1657 4076 ἡμετέραν
1715 3981 1978 4055 εὐσέϐειαν

339 4079 594 4138 διδάσκων
689 4082 779 4138 ἕνα
857 4083 954 4159 μὲν
1041 4082 1225 4140 εἰδέναι
1297 4087 1425 4141 Θεὸν
1510 4086 1794 4163 ἀγέννητον
1889 4089 1980 4142 τὸν

339 4170 566 4250 Πατέρα,
625 4171 716 4228 ἕνα
785 4170 841 4228 δὲ
897 4175 1147 4251 γεννητὸν
1250 4176 1337 4230 τὸν
1439 4175 1556 4230 ι’ἱὸν
1631 4174 1683 4230 ἕν
1753 4173 1806 4230 δὲ
1890 4177 1977 4231 καὶ

335 4260 544 4334 Πνεῦμα
615 4260 764 4338 ἂγιον
861 4261 1112 4342 προελθὸν
1191 4263 1250 4318 ἐκ
1345 4263 1436 4318 τοῦ
1507 4265 1708 4342 Πατρὸς
1799 4266 1833 4332 ἡ

338 4349 549 4425 προϊὸν.
589 4352 686 4408 Καὶ
743 4352 877 4416 μετὰ
945 4373 1063 4408 τινα
1097 4369 1109 4383 ⁸
1176 4353 1361 4410 Κοινὸν
1417 4352 1514 4426 μὲν
1573 4353 1672 4431 γὰρ
1730 4355 1834 4426 ι’ἱῷ

1891 4273 1978 4327 καὶ

1889 4354 1976 4410 καὶ

334 4409 466 4514 ἁγίῳ
550 4409 810 4513 Πνεύματι
867 4441 927 4497 τὸ
991 4440 1051 4495 ἐκ
1110 4441 1334 4516 Πατρὸς.
1383 4409 1517 4495 ἴδιον
1573 4409 2041 4518 δὲιῐῐατρὸςῆῠ

339 4527 644 4603 αγεννησία,
748 4531 868 4584 Υἱοῦ
949 4527 1002 4582 δὲ
1084 4531 1118 4595 ἡ
1177 4529 1444 4606 γέννησις,
1546 4531 1846 4602 Πνεύματος
1923 4527 1977 4584 δέ

334 4615 366 4680 ἡ
444 4615 728 4691 ἔκπεμψις,
805 4608 1074 4680 Ὡσαύτως
1147 4618 1174 4671 6
1246 4616 1518 4679 θεσπέσιος
1599 4615 1852 4693 Κύριλλος
1924 4617 1976 4673 έν

338 4704 434 4773 μὲν
505 4710 572 4780 τῇ
656 4704 906 4782 ἔρμηνείᾳ
975 4715 1066 4763 τοῦ
1149 4702 1440 4760 δωδεκάτου
1495 4705 1780 4784 κεφαλαίου
1858 4704 1978 4762 τάδε

336 4789 680 4866 διαλαμϐάνει
766 4800 966 4871 τρανῶς
1001 4809 1016 4824 ⁸
1122 4791 1516 4870 Ὀμολογοῦμεν
1600 4793 1689 4850 οὖν
1776 4795 1979 4868 ὁμοού-

337 4901 448 4936 σιον
495 4881 636 4937 εἶναι
694 4889 770 4956 τῷ
828 4883 989 4950 Πατρὶ
1048 4883 1139 4938 τὸν
1192 4883 1333 4954 Υὶὸν,
1406 4883 1493 4937 καὶ
1533 4883 1595 4938 τὸ
1651 4884 1863 4958 Πνεῦμα
1919 4884 1980 4938 τὸ

337 4967 510 5044 ἅγιον,
603 4970 888 5048 ἆγεννητοο
975 4971 1072 5046 μὲν
1155 4970 1304 5032 ὄντος
1385 4973 1477 5026 τοῦ
1575 4973 1776 5050 Πατρὸς
1853 4993 1980 5050 γεν-

340 5059 500 5126 νητοῦ
528 5057 581 5114 δὲ
638 5059 730 5114 τοῦ
789 5061 930 5131 Υἰοῦ,
984 5067 1075 5116 τοῦ
1132 5057 1186 5115 δὲ
1243 5060 1547 5135 Πνεύματος
1606 5060 1667 5117 ὲκ
1725 5067 1824 5129 τῆς
1881 5062 1976 5116 05-

336 5149 450 5210 σίας
509 5150 599 5203 τοῦ
667 5150 867 5226 Πατρὸς
925 5138 993 5203 δι’
1049 5151 1171 5205 Υἱοῦ
1253 5147 1436 5212 ἀϊδίως
1525 5149 1911 5230 έκπεμφθέντος
1959 5165 1973 5179 ⁹

337 5239 392 5291 ἓν
463 5234 518 5292 δὲ
587 5249 704 5300 τοῖς
749 5239 878 5314 πρὸς
949 5237 1189 5314 Ἑρμείαν
1225 5256 1242 5274 ⁸
1303 5239 1374 5296 Τὸ
1430 5243 1641 5314 Πνεῦμα
1709 5242 1770 5296 τὸ
1833 5238 1980 5317 ἃγιον

340 5326 517 5404 ιξόσπερ
585 5347 667 5388 τις
723 5327 890 5401 ἀτμὸς
942 5327 978 5396 ἢ
1048 5331 1268 5395 ποιότης
1327 5327 1434 5384 ἐστὶ
1499 5333 1598 5395 τῆς
1670 5328 1846 5394 οὗσίας
1887 5351 1981 5386 τού

343 5415 566 5494 Πατρός.
640 5417 700 5472 Εἰ
755 5414 1041 5493 ἂγὲννητος
1097 5415 1151 5472 δὲ
1208 5418 1294 5473 καὶ
1357 5418 1602 5482 ἀκτιστος
1674 5419 1702 5474 6
1774 5419 1978 5499 Πατὴρ,

338 5510 453 5568 πῶς
513 5501 573 5560 ἂν
644 5501 735 5571 εἴη
795 5509 1018 5583 γενητὸν
1074 5507 1136 5563 τὸ
1239 5505 1292 5571 ἐξ
1362 5505 1521 5563 αὒτοῦ
1617 5508 1982 5588 προχεόμενον

343 5599 604 5671 Πνεῦμα;
667 5593 764 5651 Καὶ
819 5595 1022 5677 μακρὸν
1075 5593 1136 5650 ἂν
1192 5595 1283 5662 εἴη
1340 5595 1433 5661 τᾶς
1505 5598 1596 5652 τοῦ
1679 5597 1980 5674 Πνεύματος

2058 3898 2395 3977 guiram.Et
2410 3900 2676 3960 oratione
2691 3895 3056 3962 inHeronem
3073 3900 3517 3981 philosophum:
3547 3900 3706 3974 Quin

2059 3992 2308 4070 pietatis
2333 3997 2552 4051 nostra
2567 3989 2910 4052 doctrinam
2922 3990 3274 4068 prcescribe,
3297 3998 3384 4052 sic
3396 4007 3508 4052 nos
3535 3989 3706 4052 insti—

2064 4087 2261 4152 tuens,
2293 4084 2359 4139 ut
2379 4076 2570 4139 Deum
2591 4095 2782 4140 unum
2812 4081 3154 4159 ingenitum
3175 4078 3707 4159 agnoscamus,hoc

2060 4167 2417 4239 estPutrem;
2439 4184 2626 4228 unum
2648 4173 2788 4229 item
2807 4169 3077 4247 genitum
3104 4168 3453 4249 Dominum,
3479 4169 3709 4230 Filium

2061 4255 2358 4328 videlicet;
2379 4273 2571 4316 unum
2590 4256 3148 4336 deniqueSpiritum
3165 4263 3445 4319 sanctum
3473 4274 3511 4318 a
3530 4257 3711 4318 Patre

2061 4344 2567 4423 progredientem,
2599 4351 2705 4406 aut
2733 4347 2919 4406 etiam
2966 4345 3384 4426 prodeuntem.
3415 4344 3487 4406 Et
3509 4345 3709 4425 paucis

2062 4431 2429 4512 interjectis:
2467 4432 2803 4495 Commune
2822 4436 2981 4494 enim
3029 4441 3111 4495 est
3159 4433 3326 4496 Filio
3355 4442 3409 4497 et
3437 4434 3710 4514 Spiritui

2059 4530 2267 4583 sancto
2299 4538 2374 4583 ex
2409 4521 2592 4584 Patre
2623 4537 2766 4596 esse,
2797 4523 3115 4602 Proprium
3136 4524 3486 4585 veroPatris
3507 4532 3591 4585 est
3613 4525 3712 4586 in-

2061 4610 2526 4689 genitura,Fiiii
2547 4612 3159 4692 generatio,Spiritus
3175 4613 3438 4675 emissio.
3464 4610 3597 4673 Pari
3616 4631 3712 4674 ra-

2065 4701 2224 4760 tione
2253 4700 2761 4781 divinusCyrillus
2816 4700 2878 4761 in
2933 4701 3309 4781 expositione
3366 4700 3710 4763 duodecimi

2064 4789 2274 4869 capitis
2297 4791 2421 4851 haec
2462 4789 2534 4850 ad
2551 4788 2797 4850 verbum
2827 4789 3055 4853 scribit:
3087 4789 3462 4869 Conﬁtemur
3509 4793 3714 4870 itaque

2063 4878 2633 4942 consubstantialem
2664 4896 2792 4942 esse
2820 4881 2999 4943 Patri
3055 4879 3279 4942 Filium
3306 4887 3368 4943 et
3396 4880 3711 4961 Spiritum

2062 4979 2508 5048 sanctum,rum
2530 4969 2608 5032 sit
2632 4986 2770 5032 vere
2789 4970 2974 5032 Pater
2998 4971 3534 5051 ingenitus,Fitius
3548 4967 3714 5051 geni-

2064 5066 2182 5129 tus,
2219 5060 2494 5138 Spiritus
2515 5064 2714 5120 autem
2746 5067 2991 5122 sanctus
3012 5076 3090 5122 ea:
3108 5061 3363 5122 essentia
3382 5059 3590 5123 Patris
3604 5076 3712 5140 per

2062 5146 2287 5208 Filium
2306 5146 2880 5210 ceterneemissusln
2900 5148 2971 5209 iis
2989 5148 3129 5210 item
3153 5167 3284 5210 uuae
3303 5149 3704 5211 adHermiam:

2061 5235 2334 5314 Spiritus
2353 5243 2698 5316 sanctus,ut
2714 5237 2949 5315 quidem
2972 5253 3190 5315 vapor,
3214 5245 3322 5299 aut
3339 5239 3605 5319 qualitas
3624 5247 3712 5302 est

2063 5327 2336 5386 essentia!
2354 5333 2645 5404 paternae.
2658 5326 2825 5400 Quod
2848 5326 2903 5388 si
2922 5327 3230 5406 ingenitus
3240 5335 3324 5388 est
3341 5333 3710 5392 etincreatus

2069 5417 2274 5488 Pater,
2300 5415 2596 5494 quomodo
2617 5429 2860 5478 creatus
2870 5416 3124 5495 erit,qui
3143 5418 3362 5497 exipso
3381 5419 3714 5498 effunditur

2063 5501 2374 5585 Spiritus?
2418 5501 2536 5565 Sed
2596 5503 2836 5583 longum
2891 5513 3051 5566 esset
3103 5503 3361 5586 Spiritus
3389 5505 3706 5585 dictiones,

2066 5613 2201 5674 quae
2233 5591 2305 5653 ad
2338 5609 2466 5653 rem
2491 5591 2645 5655 hanc
2696 5599 2961 5657 nostram
2993 5593 3306 5658 conferunt
3334 5597 3705 5678 recolligere,
