4176 6290
250 345 400 412 1077

1169 349 1265 411 DE
1308 342 1835 410 PROCESSIONE.
1857 343 1916 403 S.

1964 337 2316 401 SPIRITUS
2355 335 2582 399 ORAT.
2631 334 2676 396 Ι.
3453 323 3609 388 1078

243 508 393 564 τερον
477 484 604 544 ἔνιοι
675 492 782 543 τῶν
878 483 1378 543 ἆποδυσπετούντων
1461 485 1886 552 συνεπιζητοῦσιν

1975 466 2554 564 Quodsisecundum
2603 485 2674 528 ex
2724 461 3000 564 illis_,.qui
3045 467 3260 564 cuncta
3287 457 3623 564 fastidiupt,

243 548 383 650 αὐτῷ
417 577 474 632 ’.ὸ
516 573 652 652 μηδὲ
682 573 932 656 χελιδόνα
959 575 1082 650 μίαν
1131 573 1222 654 ’έαρ
1277 575 1454 630 ποιεῖν
1507 548 1874 649 παροίμιακῶς

1969 558 2230 621 nonnulli
2255 563 2608 638 exposcunt,
2642 572 2819 617 unam
2844 549 3229 615 hirundinem
3254 568 3355 611 ver
3377 564 3498 610 non
3524 548 3620 609 fa-

242 663 598 744 ἐπιλέγνντες,
632 663 762 743 ὅπερ
792 664 887 721 οῦκ
909 663 1014 721 ὰπὸ
1064 663 1261 743 τρόπου
1315 662 1518 725 τούτοις
1575 659 1686 716 ἔστί
1716 675 1731 692 °
1763 679 1880 713 τοι-

241 757 378 812 οῦτοι
421 755 522 834 γὰρ
565 755 662 822 τὴν
715 753 937 832 γνώμην
991 755 1133 810 οὗτοι
1184 755 1755 830 καταναισχυντοῦντες
1798 748 1887 803 καὶ

239 852 344 902 τῶν
411 842 501 900 διὰ
539 865 597 900 τε
655 843 813 922 λόγου
866 845 954 900 καὶ
997 840 1268 906 πολιτείας
1309 840 1443 916 ὕψος
1507 837 1661 904 ἀξίων
1721 834 1891 901 αἰδοῦς

239 936 323 992 καὶ
381 931 713 1009 σεϐάσμκτος
746 952 763 970 ⁶
810 933 1132 1009 νηψᾶτωσαν
1193 932 1320 1010 γούν
1373 929 1474 1005 ὀψὲ
1533 934 1601 1006 τῇ
1682 924 1885 999 καρδίᾳ,

241 1025 419 1081 καὶτὸ
466 1032 558 1082 τοῦ
597 1021 780 1102 ἀνδρὸς
812 1020 1101 1100 μεγαλεῖον
1143 1023 1231 1078 ἰπὶ
1285 1041 1344 1078 τε
1400 1018 1554 1100 σοφίᾳ
1603 1018 1692 1073 καὶ
1741 1015 1887 1090 λαμ-

246 1111 470 1192 πρότητι
500 1113 615 1190 βίου
655 1112 1078 1182 κατανοήσαντες
1113 1126 1130 1144 ⁸
1195 1110 1280 1173 εἷς
1336 1109 1436 1187 γὰρ
1493 1109 1644 1169 οὗτος
1673 1102 1887 1162 πολλῶν

242 1204 328 1258 επὶ
399 1208 558 1258 πᾶσιν
628 1197 867 1266 ἆντείξιος
901 1219 916 1236 ·
983 1200 1038 1256 ἐν
1123 1197 1442 1276 μεταμελείᾳ
1498 1206 1591 1254 τοῦ
1647 1193 1888 1276 χαλεποῦ

237 1292 426 1349 τούτου
480 1290 675 1369 τρόπου
722 1289 1073 1367 γενέσθωσαν,
1137 1287 1506 1349 πιστεύσαντες
1560 1282 1886 1346 ἀδιστάκτως

236 1393 354 1444 τοῖς
405 1378 586 1458 λόγοις
616 1378 793 1441 αὐτοῦ.
840 1380 928 1435 καὶ
981 1378 1058 1454 μὴ
1103 1375 1370 1449 δεηθέντες
1421 1373 1584 1430 δι’λλου
1637 1374 1780 1435 τινὸς
1803 1372 1887 1435 ἐἰς

235 1466 543 1546 βεϐαίωσιν,
589 1467 734 1531 ὅπως
768 1465 929 1532 ἵλεως
986 1467 1162 1525 ἔσοιτο
1200 1469 1401 1530 τούτοις
1460 1468 1590 1526 Θεὸς
1619 1465 1672 1520 ἐν
1714 1460 1888 1538 ἡμέρᾳ

233 1557 330 1624 τῆς
362 1557 610 1632 κρίσεως,
672 1554 787 1612 Ἵνα
839 1553 893 1612 δὲ
956 1556 1034 1632 μὴ
1090 1553 1213 1632 δόξῃ
1266 1557 1371 1613 τισὶ
1438 1555 1654 1611 τοιαῦτα
1710 1550 1886 1628 λέγειν

133 1673 137 1682 ·
230 1648 403 1720 ἡμᾶς,
450 1647 524 1709 ὡς
579 1645 768 1722 ἑτέρων
839 1645 1165 1724 ἀποροῦντας
1219 1647 1292 1707 είς
1349 1646 1446 1713 τὴν
1521 1643 1639 1720 περὶ
1700 1641 1885 1698 τούτου

231 1735 522 1812 μαρτυρίαν
563 1734 651 1790 καί
721 1733 987 1800 σᾶστασιν,
1061 1736 1090 1789 ὁ
1148 1735 1486 1809 Δαμασκόθεν
1544 1732 1704 1811 σοφὸς
1761 1728 1882 1786 ’ἰω-

232 1825 427 1892 άννης,
458 1825 485 1878 ὁ
516 1823 662 1900 πάσῃ
691 1820 982 1900 διαπρέψας
1032 1822 1192 1902 ἀρετῇ
1241 1825 1330 1879 καὶ
1385 1821 1560 1900 λόγων
1616 1819 1882 1878 παντοίοις

229 1913 586 1993 χαρίσμασιν,
661 1911 877 1969 ἐνταῦθα
946 1913 1034 1968 καὶ
1117 1912 1265 1978 οὗτος
1345 1909 1728 1993 παραληφθεὶς,
1785 1908 1883 1973 τὴν

227 2004 414 2060 αὑτῶ-ν
470 1998 787 2080 ἀμφιϐολίαν
830 1998 997 2080 λύσει,
1054 2001 1142 2057 καὶ
1183 2002 1244 2056 τὸ
1285 1986 1626 2074 ζητούμενον.
1672 1986 1783 2062 υΟς
1829 1996 1882 2052 ἐν

227 2098 305 2164 τῷ
332 2091 460 2168 περὶ
527 2091 678 2146 θείων
743 2090 1017 2166 ὀνομάτων
1085 2088 1376 2169 γειραλαίῳ.
1435 2090 1508 2146 Τὸ
1560 2085 1614 2142 δὲ
1673 2086 1884 2161 Πνεῦμα

231 2181 293 2235 τὸ
371 2177 553 2258 ἃγιον,
626 2175 863 2252 εἴρηκεν,
947 2179 982 2246 ἡ
1067 2177 1416 2257 ἐκτραντορικὴ
1509 2185 1602 2235 τοῦ
1668 2174 1880 2254 κρυφίου

232 2273 331 2334 τῆς
390 2267 652 2333 θαότητος
723 2265 939 2342 δύναμις
1021 2276 1114 2326 τοῦ
1207 2268 1434 2345 Πατρὸς,
1536 2264 1598 2321 ἔκ
1678 2265 1879 2342 Πατρὸς

232 2356 342 2412 ἔστι
417 2353 486 2412 δι’
545 2357 666 2413 Υἱοῦ
733 2356 1149 2432 ὶκπορευομένη,
1199 2358 1272 2419 ὡς
1331 2354 1500 2426 οἶδεν,
1575 2355 1634 2410 οὗ
1683 2375 1880 2430 γεννη-

231 2453 340 2510 τῶς
373 2465 390 2480 ’
467 2443 550 2502 διὰ
600 2446 689 2502 καὶ
747 2451 960 2520 Πνεῦμα
1022 2446 1196 2524 ἅγιον.
1259 2447 1422 2509 Οὗτος
1479 2445 1566 2500 καὶ
1613 2441 1772 2499 πάλιν
1829 2441 1882 2497 ἐν

236 2541 312 2608 τῷ
368 2534 535 2614 αῦτῳ,
597 2536 668 2593 Τὸ
768 2540 978 2609 Πνεῦμα
1062 2536 1181 2591 ι’ίοῦ
1249 2535 1483 2610 Πνεῦμα,
1531 2531 1637 2612 οὔχ
1704 2533 1778 2596 ὡς
1833 2530 1884 2596 ἒξ

236 2626 417 2703 αὖτοῦ,
491 2622 611 2680 ἀλλ’
669 2625 742 2688 ὡς
813 2621 879 2679 δι’
952 2622 1108 2680 αὖτοῦ
1164 2623 1226 2680 ἑκ
1297 2629 1392 2679 τοῦ
1449 2624 1652 2699 Πατρὸς
1716 2621 1883 2677 ἔκπο-

235 2712 541 2790 ρευόμενον,
615 2711 753 2769 Οἶδα
809 2719 897 2769 νῦν
965 2713 1038 2774 ὡς
1094 2714 1139 2768 οἱ
1195 2710 1407 2774 πλείους
1461 2717 1566 2767 τῶν
1604 2708 1883 2766 ἀντιδιατι-

235 2802 472 2876 θεμὲνων
500 2802 640 2877 ἡμῖν
681 2803 742 2858 τὸ
798 2799 881 2857 διὰ
907 2811 998 2860 106
1043 2801 1162 2857 l‘io6
1223 2798 1552 2878 παριδόντες,
1616 2799 1804 2866 ἐπειδὴ
1834 2820 1884 2854 τι

237 2894 326 2948 καὶ
399 2893 643 2970 βοηθείας
711 2892 942 2949 ἐντεῦθεν
999 2893 1093 2949 οὒκ
1144 2891 1350 2971 ἔχουσι,
1398 2888 1596 2964 μᾶλλον
1643 2890 1740 2965 μὲν
1797 2891 1886 2947 οὗν

235 2983 314 3052 τῷ
384 2985 644 3061 προφανεῖ
710 2990 802 3039 τοῦ
856 2979 1017 3059 λόγου
1084 2983 1171 3036 καὶ
1257 2977 1700 3058 καταϐάλλονται,
1755 2981 1884 3058 πρὸς

235 3070 358 3147 τὴν,
415 3071 510 3126 οὒκ
563 3069 614 3136 ἐξ
684 3069 862 3150 αὖτοῦ,
919 3070 1100 3149 φωνὴν
1174 3066 1582 3138 ἀποϐλέπουσιν,
1640 3069 1882 3146 ἀφορμὴν

231 3157 529 3221 ὑποθέσεως
579 3159 776 3226 ταύτην
835 3165 1058 3226 ποιῆσαι
1125 3155 1526 3228 σπουδὶζοντες.
1588 3145 1777 3230 Ἠμεϊς
1826 3156 1879 3213 δὲ

231 3249 350 3325 περὶ
382 3248 480 3322 μὲν
529 3248 738 3309 τούτου,
793 3249 966 3311 καθὼς
1024 3249 1321 3328 εἰρήκειμεν
1379 3247 1598 3324 ἄνωθεν,
1660 3251 1714 3307 ἐν
1766 3249 1880 3323 ἰδιῳ

230 3337 385 3412 τόπῳ
419 3335 658 3402 διεξιέναι
730 3337 1105 3416 πειρασόμεθα,
1165 3339 1254 3396 καὶ
1305 3339 1439 3396 κατὰ
1497 3339 1708 3420 σχολὴν
1743 3355 1756 3370 ·
1794 3350 1878 3399 νῦν

230 3423 285 3481 δὲ
358 3431 460 3492 τῆς
505 3424 810 3490 ἆκολουθάς
879 3434 982 3482 τῶν
1041 3425 1346 3505 λεγομένων
1388 3427 1624 3508 ἐχόμεθα
1679 3429 1776 3496 τὴν
1825 3429 1879 3484 ἓν

233 3516 466 3596 χρήσεσι
537 3528 820 3594 γραφικαϊς
874 3513 942 3571 δι’
1002 3517 1122 3572 Υἱού
1166 3518 1306 3596 παρὰ
1369 3519 1572 3596 Πατρὸς
1633 3517 1886 3596 ἑκπόρευ.

232 3627 316 3660 σιν
374 3602 705 3675 ὶεεηίζοντε·
778 3603 928 3662 Οἶτω
1039 3605 1057 3626 ‘
1187 3607 1204 3629 '
1313 3610 1372 3644 νο
1555 3605 1601 3640 “1

411 3651 430 3670 ν
477 3649 488 3657 ι
684 3648 728 3666 ς.
996 3627 1092 3680 μεν
1153 3629 1240 3662 ουν
1283 3630 1423 3664 ουτοι
1469 3625 1635 3683 μηοεν

231 3697 382 3759 στίας
441 3692 827 3756 ἐλλελοιπότες.
894 3693 985 3750 ἅτε
1058 3693 1193 3751 πολὺ
1287 3698 1349 3752 τὸ
1430 3695 1760 3776 ὑπερϐάλλον
1833 3700 1885 3756 ἐν

229 3783 398 3840 ἅπασι
457 3797 575 3846 τοῖς
617 3783 752 3839 κατᾶ
810 3783 940 3838 Θεὸν
997 3785 1394 3863 προτερώμκσιν
1452 3785 1693 3866 ἔχοντες.
1741 3787 1885 3866 Ἐγὼ

227 3871 281 3928 δε
328 3875 419 3929 καὶ
469 3871 640 3950 τρίτον
698 3875 793 3930 οὒκ
834 3873 1046 3942 ὀκνήσω
1101 3888 1457 3953 παραγαγεῖν.
1505 3877 1630 3933 Τίνα
1657 3884 1883 3948 τοῦτονς

226 3965 331 4021 Τὸν
374 3963 442 4018 τα
472 3969 655 4041 πρῶτα
700 3960 924 4042 φέροντα
973 3967 1069 4029 τῆς
1111 3969 1217 4018 τῶν
1262 3963 1510 4043 Πατέρων
1554 3967 1768 4044 χορείας
1811 3969 1884 4029 ὡς

226 4051 473 4126 ἀληθῶς,
550 4057 655 4108 τῶν
713 4055 810 4117 τὴν
868 4053 1249 4128 οἱκουμενικὴν
1305 4052 1542 4129 ἑϐδόμην
1562 4078 1626 4111 συ
1642 4078 1886 4136 γκροτη-

228 4139 440 4197 σάντων
513 4141 668 4218 ἁγίαν
736 4139 972 4214 σύνοδον,
1039 4143 1136 4209 τὴν
1181 4144 1316 4200 κατὰ
1361 4144 1577 4202 Νίκαιαν
1627 4152 1888 4202 συστᾶσαν

229 4232 292 4286 τὸ
365 4228 629 4310 δεύτερον,
702 4232 775 4292 ὡς
835 4229 894 4284 ἄν
962 4243 1081 4293 τοῖς
1123 4233 1258 4289 κατὰ
1318 4235 1539 4311 λριστὸν
1605 4235 1726 4296 τοὺς
1770 4236 1890 4290 κατ’

233 4319 417 4376 ἐκεῖνο
461 4327 645 4398 καιροῦ
727 4321 928 4382 πάντας
999 4327 1226 4378 νικῶντα
1280 4320 1732 4398 πλεονεκτήμασι,
1804 4325 1891 4380 καὶ

233 4406 321 4463 διὰ
393 4415 558 4464 ταῦτα
611 4415 900 4475 τηνικαῦτα
968 4410 1068 4476 τῆς
1149 4409 1529 4486 βασιλευούσης
1571 4409 1730 4478 τῆσδε
1783 4419 1889 4468 τῶν

1677 3607 1888 3674 ἀξιοπι-

1965 667 2104 711 cere
2128 647 2675 720 admurmurantes,
2703 641 2856 724 quod
2881 658 3000 702 non
3023 647 3239 720 praeter
3252 655 3478 699 morem
3513 653 3620 698 eo-

1973 736 2247 799 rumdem
2280 743 2391 811 est,
2425 733 2512 794 sic
2544 731 2706 794 enim
2737 729 2832 792 isti
2852 727 3098 791 animati
3129 734 3288 800 sunt,
3323 733 3387 788 ut
3409 733 3464 786 el
3485 742 3619 786 ser-

1975 844 2178 899 mone,
2212 832 2269 886 et
2299 825 2428 884 vitae
2459 819 2712 882 instituti
2769 817 3132 880 sublimitate
3162 814 3380 897 dignis,
3413 815 3474 876 in
3506 814 3622 876 ho-

1974 932 2122 975 nore
2153 920 2211 975 et
2237 909 2575 974 reverentia
2605 907 2813 970 haberi
2864 905 3277 979 ﬂoccifaciant,
3342 911 3400 966 et
3429 903 3489 965 in
3517 921 3624 965 eos

1972 1002 2350 1083 impudenter
2372 998 2842 1060 debacchentur.
2899 995 3174 1060 Redeant
3232 993 3433 1083 itaque
3463 1011 3624 1055 nunc

1971 1092 2209 1152 tandem
2242 1090 2312 1151 ad
2340 1107 2404 1150 se
2423 1097 2482 1149 et
2534 1087 2595 1148 in
2626 1094 2849 1149 rectam
2893 1083 3196 1165 semitam,
3248 1091 3309 1144 et
3347 1082 3458 1144 viri
3490 1101 3621 1144 ma-

1970 1178 2340 1258 gnitudinem
2373 1186 2494 1237 tum
2519 1175 2812 1254 doctrina,
2841 1181 2962 1234 tum
2987 1171 3117 1234 vita:
3134 1171 3366 1234 ratione
3398 1170 3618 1252 praelu-

1971 1268 2164 1330 cidam
2200 1269 2484 1346 (namque
2523 1264 2575 1325 is
2631 1281 2780 1324 unus
2802 1271 2915 1338 est,
2957 1261 3059 1341 qui
3089 1260 3406 1322 multorum
3433 1259 3625 1320 instar

1971 1357 2032 1418 in
2065 1355 2342 1417 omnibus
2374 1372 2505 1416 esse
2532 1353 2744 1433 possit)
2767 1350 3196 1430 concipientes,
3253 1349 3325 1409 ab
3345 1347 3620 1428 improbo

1973 1462 2372 1526 perversaque
2395 1441 2590 1504 studio
2615 1440 2690 1502 ad
2723 1440 2956 1518 frugem
2985 1437 3292 1518 applicent
3320 1437 3614 1526 animum,

1971 1538 2195 1613 absque
2214 1535 2332 1594 ulla
2349 1530 2717 1593 haesitatione
2734 1527 2912 1590 dictis
2933 1527 3096 1588 illius
3119 1526 3300 1587 ﬁdem
3326 1525 3617 1587 adhiben-

1965 1633 2076 1698 tes,
2138 1622 2388 1684 nilultra
2433 1619 2505 1681 ad
2550 1617 2908 1683 sententiam
2974 1615 3441 1677 confirmandam
3465 1631 3622 1695 qua:-

1967 1719 2263 1782 rentes,ut
2282 1710 2558 1790 proprius
2577 1706 2858 1768 illisDeus
2877 1705 2952 1766 sit
2968 1704 3030 1765 in
3048 1703 3145 1764 die
3161 1700 3522 1782 judicii.Sed
3543 1721 3619 1764 ne

1967 1800 2264 1881 aliquibus
2280 1799 2589 1860 videamur
2600 1794 2820 1858 similia
2830 1792 3278 1881 eﬂ‘ari,quasi_ad
3293 1793 3469 1872 hujus
3481 1810 3619 1853 con-

1966 1879 2364 1950 ﬁrmationem
2426 1894 2484 1946 et
2528 1884 3098 1946 demonstrationem
3130 1879 3262 1942 aliis
3293 1879 3618 1942 auctorita-

1969 1978 2124 2039 tibus
2143 1973 2966 2049 destituamur,Damascenus
2982 1966 3618 2050 sapiensJoannes,qui

1965 2067 2244 2128 virtutum
2261 2064 2656 2142 omnigcnere
2676 2060 2900 2133 ﬂoruit,
2933 2059 3070 2120 etin
3102 2057 3439 2137 omnigenis
3471 2074 3610 2118 ser-

1967 2173 2209 2216 monum
2224 2152 2430 2234 gratiis
2445 2151 2694 2212 multum
2712 2146 3131 2230 processit,bic
3147 2156 3618 2227 assumptus,eo-

1962 2243 2234 2306 rumdem
2253 2241 2498 2302 dubium
2515 2256 2585 2303 ac
2621 2241 3012 2320 quaastionem
3061 2235 3364 2297 dissolvat.
3397 2235 3508 2296 Hic
3537 2234 3613 2296 de

1963 2332 2182 2395 divinis
2195 2329 2540 2392 nominibus
2553 2328 2746 2408 capite
2758 2327 2926 2389 dixit:
2951 2326 3223 2403 Spiritus
3241 2333 3446 2388 autem
3463 2342 3612 2386 san-

1965 2431 2124 2503 ctus,
2153 2419 2428 2483 revelant
2442 2424 2730 2497 mysteria
2749 2415 3041 2486 Deitatis,
3066 2414 3259 2476 virtus
3276 2413 3507 2490 Patris,
3540 2431 3618 2476 ea:

1967 2512 2156 2575 Patre
2171 2517 2260 2574 est
2264 2527 2376 2590 per
2396 2508 2625 2569 Filium
2638 2506 3062 2588 procedens,ut
3073 2505 3211 2566 scit:
3226 2520 3350 2566 non
3368 2520 3618 2590 genera-

1969 2600 2156 2661 tionis
2177 2589 2377 2671 mu’do,
2400 2603 2844 2675 proptereaque
2875 2602 2931 2656 et
2960 2593 3232 2673 Spiritus
3249 2599 3514 2656 sanctus.
3547 2589 3618 2652 Et

1967 2687 2164 2748 denuo
2181 2685 2403 2747 ibidem
2433 2708 2448 2745 :
2474 2685 2750 2764 Spiritus
2770 2682 2918 2744 Filii
2937 2681 3236 2762 Spiritus,
3275 2698 3398 2746 non
3421 2682 3516 2743 uti
3539 2696 3618 2742 ea:

1971 2777 2125 2858 ipso,
2149 2776 2251 2838 sed
2267 2781 2336 2836 ut
2352 2791 2460 2854 per
2479 2779 2676 2854 ipsum
2699 2790 2736 2834 a
2757 2771 2950 2834 Patre
2965 2771 3318 2851 procedens.
3343 2769 3446 2832 Sat
3464 2770 3613 2844 scio,

1971 2872 2310 2927 nostrorum
2330 2862 2808 2924 adversariorum
2829 2860 3121 2941 potiorem
3141 2867 3370 2940 partem
3389 2858 3491 2920 illo
3502 2875 3617 2939 per

1969 2955 2195 3016 Filium
2215 2952 2509 3032 neglecto,
2545 2969 2678 3012 cum
2697 2949 2836 3010 inde
2882 2948 3000 3009 sibi
3023 2966 3199 3029 opem
3237 2949 3344 3009 feri
3377 2966 3495 3008 non
3524 2948 3614 3008 vi-

1967 3046 2170 3125 deant,
2195 3045 2337 3124 qnin
2362 3042 2558 3123 potius
2583 3041 2852 3102 claritate
2871 3039 3172 3100 sermonis
3206 3036 3608 3116 disjiciantur.

1964 3135 2037 3196 ab
2063 3136 2221 3195 illam
2242 3149 2447 3193 vocem
2503 3148 2624 3192 non
2646 3147 2722 3192 ea:
2741 3129 2874 3210 ipso
2918 3125 3183 3188 animum
3209 3125 3611 3200 intendentes,

1962 3221 2629 3303 argumentisuiansam
2661 3218 2804 3279 inde
2851 3214 3120 3279 studiose
3169 3216 3464 3296 recipere.
3487 3214 3611 3279 Nos

1963 3331 2139 3394 porro
2171 3315 2246 3372 de
2277 3311 2412 3389 hoc,
2438 3318 2500 3368 ut
2529 3325 2714 3387 supra
2741 3306 3074 3382 innuimus,
3117 3303 3178 3365 in
3203 3305 3446 3386 proprio
3476 3305 3605 3367 loco

1963 3413 2020 3465 et
2043 3419 2148 3484 per
2169 3400 2351 3462 otium
2401 3406 2650 3459 tractare
2691 3395 3081 3458 conabimur:
3131 3413 3289 3456 nunc
3343 3413 3483 3456 vero
3513 3394 3610 3457 di-

1974 3483 2296 3554 cendorum
2319 3487 2496 3551 seriei
2526 3487 2868 3548 insistentes
2888 3483 3331 3566 processionem
3354 3502 3422 3545 ex
3445 3487 3614 3546 Patre

1975 3599 2082 3662 per
2109 3579 2348 3653 Filium,
2382 3595 2513 3658 quae
2541 3575 2602 3636 in
2632 3575 2856 3656 scripto
2885 3573 3114 3634 traditis
3160 3573 3610 3636 auctoritatibus

1967 3671 2066 3753 sit,
2097 3669 2528 3732 examinemus.
2549 3666 2647 3730 Sic
2676 3685 2816 3746 ergo
2840 3662 3260 3746 bi,quorumin
3287 3664 3403 3725 lide
3429 3665 3609 3726 rebus

1967 3751 2342 3824 concilianda
2372 3758 2555 3819 multa
2580 3756 2899 3820 auctoritas
2928 3763 3039 3830 est,
3075 3771 3210 3815 cum
3240 3751 3615 3817 abundanter

1967 3854 2396 3928 altluenterque
2470 3865 2611 3925 erga
2692 3845 2882 3910 Deum
2967 3843 3151 3907 rebus
3229 3843 3385 3903 bene
3435 3841 3616 3920 gestis

1969 3940 2392 4002 inclarescant.
2422 3941 2541 4017 Ego
2565 3952 2740 4018 porro
2781 3944 2841 3996 et
2873 3935 3110 3997 tertium
3135 3932 3194 3993 in
3226 3931 3491 3993 medium
3523 3930 3616 3992 af-

1972 4030 2126 4092 ferre
2159 4047 2276 4089 non
2303 4025 2658 4089 cunctabor.
2693 4025 2838 4098 Quis
2869 4023 2965 4085 hic
2988 4023 3170 4084 fuerit
3193 4022 3218 4083 Υ
3245 4021 3360 4094 Qui
3389 4019 3614 4102 primas

1971 4119 2126 4179 inter
2155 4133 2361 4178 eorum
2395 4119 2629 4178 Patrum
2654 4123 2868 4176 caelum
2887 4113 3022 4187 fert,
3053 4112 3154 4192 qui
3183 4110 3613 4172 tecumenicam

1973 4207 2286 4287 septimam
2339 4207 2624 4285 synodum
2689 4211 3034 4282 coegerunt,
3097 4199 3312 4262 Nicaeae
3354 4198 3617 4260 secundo

1975 4286 2413 4374 congregatam,
2446 4302 2504 4354 et
2531 4293 2632 4374 qui
2663 4291 3029 4353 facinoribus
3074 4308 3179 4370 pro
3211 4287 3448 4352 Christo
3480 4286 3616 4348 edi-

1975 4389 2047 4446 tis
2079 4405 2150 4447 eo
2182 4396 2450 4465 tempore
2470 4401 2679 4445 omnes
2703 4383 3471 4463 superavit,proptereaque
3492 4385 3614 4438 tum

234 4496 453 4554 πόλεων
509 4498 894 4577 ἀρχιερατικῶς
951 4465 1362 4577 προϊστδιμενον,
1421 4501 1511 4557 τὸν
1565 4504 1708 4557 θεῖον
1749 4499 1886 4579 λέγω

1973 4475 2148 4554 regite
2173 4474 2418 4553 hujusce
2471 4472 2636 4533 urbis
2670 4472 2884 4553 praesul
2927 4469 3281 4532 constitutus
3311 4478 3420 4538 est,
3456 4465 3616 4528 divi-

233 4587 524 4666 Ταράσιον,
601 4586 659 4652 ὅς
728 4587 783 4643 ἐν
843 4593 912 4655 τῆ
954 4589 1084 4666 πρὸς
1141 4590 1261 4655 τοὺς
1309 4589 1583 4669 ἀρχιερεῖς
1640 4591 1728 4646 καὶ
1768 4592 1888 4652 τοὺς

232 4674 431 4739 ἄλλους
490 4675 644 4740 ὄντας
713 4684 806 4733 τοῦ
885 4679 1128 4754 βήματος
1189 4677 1599 4758 Ἀλεξανδρείας,
1680 4676 1888 4736 Ἀντιο-

231 4766 416 4844 χείας,
466 4766 692 4833 καὶτῆς
750 4767 900 4844 ἁγίας
969 4767 1178 4832 τόλεως
1236 4767 1519 4845 ἐπιστολῇ,
1583 4768 1780 4835 ταύτην
1809 4765 1888 4842 δὲ,

232 4852 339 4931 πρὸ
369 4859 465 4910 τοῦ
493 4852 811 4932 συλλεγῆναι
866 4857 986 4918 τοὺς
1058 4859 1132 4920 εἷς
1214 4858 1313 4924 την
1371 4860 1621 4935 ρηθεϊσαν
1680 4854 1889 4913 σύνοδον

235 4941 675 5016 ἀπαντήσαντας,
767 4945 896 5023 πρὸς
977 4946 1099 5009 τοὺς
1192 4944 1594 5021 διειλημμένους
1683 4945 1890 5024 γράψεις

235 5027 564 5109 ἐξέπεμψεν,
608 5029 892 5109 ὁμολογίας
961 5035 1122 5090 τύπον
1163 5033 1488 5114 ἐπέχουσαν,
1533 5035 1668 5107 μετὰ
1721 5031 1894 5089 πολλὰ

235 5118 329 5174 καί
399 5115 525 5173 τάδε
581 5117 741 5199 φησίν
772 5135 786 5150 ’
839 5123 932 5179 Καὶ
989 5124 1061 5186 εἷς
1104 5124 1166 5181 τὸ
1210 5131 1421 5200 Πνεῦμα
1487 5125 1551 5179 τὸ
1625 5121 1775 5201 ἅγιον
1833 5124 1896 5177 τ“)

237 5205 300 5263 ἐκ
372 5215 470 5264 τοῦ
540 5210 745 5288 Πατρὸς
801 5207 868 5264 δι’
915 5213 1034 5267 Υἱοῦ
1129 5211 1568 5292 ἐκπορευόμενον,
1626 5214 1714 5268 καὶ
1769 5211 1894 5270 αὒτὸ

239 5297 376 5352 Θεὸν
449 5297 594 5353 εἶναι
651 5299 1058 5376 γνωριζόμενον,
1123 5291 1271 5370 ’Ἤδη
1328 5305 1415 5358 καὶ
1465 5301 1712 5379 Πατέρων
1768 5298 1892 5355 ὅλον

232 5388 384 5441 θεῖον
437 5382 603 5461 ἐσμὸν
644 5393 750 5444 τῶν
806 5385 1105 5466 λεγομένων
1161 5392 1544 5470 παρηγάγομεν
1600 5390 1888 5468 μάρτυρας.

235 5473 310 5530 Οὖ
365 5473 472 5552 γὰρ
523 5473 589 5542 δὴ
632 5480 700 5552 τῇ
769 5477 1004 5554 παρούσῃ
1063 5478 1185 5557 δόξῃ
1246 5480 1409 5557 μόνος
1469 5483 1619 5544 οὗτος
1677 5479 1738 5534 ἐκ
1803 5483 1894 5534 τοῦ

231 5569 442 5630 ταύτην
504 5562 640 5619 οὕτω
683 5564 958 5643 κηρύττειν
1029 5569 1210 5646 ὁρᾶται
1269 5571 1674 5649 προσκείμενος,
1759 5565 1895 5622 ἀλλᾶ

232 5653 325 5708 καὶ
357 5650 557 5714 πάντες
606 5650 814 5725 ἁπλῶς,
874 5659 1004 5736 πρὸς
1062 5667 1151 5724 οὕς
1209 5661 1306 5728 τὴν
1350 5659 1630 5740 εἰρημένην
1675 5657 1895 5713 ἐπιστο-

1973 4561 2745 4643 num,inquam,Tarasium,
2768 4561 2819 4622 is
2841 4561 2916 4622 ad
2942 4559 3223 4641 praesules
3238 4567 3297 4619 et
3322 4557 3468 4619 alios
3498 4555 3618 4618 Be-

1975 4653 2114 4715 mati
2133 4652 2547 4731 inservientes,
2569 4650 2968 4727 Alexandriae,
2999 4647 3354 4721 Antiochiae,
3389 4653 3451 4709 et
3477 4663 3622 4706 san-

1975 4741 2261 4804 ctaeurbis
2283 4740 2557 4822 epistola,
2587 4759 2765 4822 quem
2799 4742 2901 4803 ille
2956 4749 3272 4820 antequam
3326 4736 3386 4797 in
3434 4751 3620 4796 unum

1975 4830 2384 4904 conveuirent,
2404 4829 2506 4911 qui
2523 4829 2740 4892 dictam
2754 4830 3042 4911 synodum
3060 4827 3465 4900 celebrarunt,
3500 4823 3619 4884 for-

1977 4941 2130 4986 mam
2152 4920 2548 4984 confessionis
2582 4939 2705 4983 sua:
2751 4920 3154 4983 continentem
3197 4916 3456 4998 scripslt,
3491 4919 3624 4996 post

1982 5018 2163 5078 multa
2194 5016 2318 5076 haec
2338 5030 2574 5095 quoque
2589 5013 2753 5074 addit
2774 5030 2788 5076 :
2813 5013 2894 5076 Et
2916 5013 2986 5075 in
3016 5011 3321 5093 Spiritum
3344 5013 3621 5070 sanctum

1919 5133 1922 5136 ~
1978 5125 2053 5170 ex
2074 5106 2258 5169 Patre
2277 5123 2389 5185 per
2418 5103 2646 5167 Filium
2659 5105 3077 5184 procedentem
3096 5109 3154 5163 et
3188 5100 3292 5180 qui
3318 5099 3474 5161 Deus
3495 5111 3625 5158 esse

1978 5197 2377 5278 cognoscitur.
2393 5193 2525 5259 Jam
2548 5202 2608 5254 et
2627 5193 2860 5256 Patrum
2884 5191 3148 5255 divinum
3171 5191 3470 5270 integrum
3491 5203 3621 5248 coe-

1980 5276 2100 5350 tum
2143 5295 2357 5351 testem
2410 5285 2705 5346 dictorum
2747 5282 3150 5364 producimus.
3201 5280 3404 5361 Neque
3464 5276 3628 5339 enim

1979 5375 2252 5458 praesenti
2277 5373 2543 5456 opinioni
2566 5372 2731 5435 solus
2752 5373 2906 5454 ipso,
2939 5371 3096 5453 quod
3125 5389 3254 5432 eam
3280 5370 3369 5434 sic
3401 5364 3622 5449 praedi-

1977 5475 2090 5547 cat,
2125 5465 2396 5527 addictus
2413 5465 2665 5538 videtur,
2700 5465 2804 5525 sed
2851 5480 3063 5525 omnes
3081 5481 3185 5525 ore
3207 5480 3353 5537 uno,
3375 5459 3448 5522 ad
3477 5474 3624 5538 quos

1979 5555 2287 5637 epistolam
2312 5554 2661 5637 transmisit,
2687 5573 2822 5618 cum
2871 5554 2958 5615 illi
3005 5571 3136 5615 eam
3157 5547 3531 5624 admiserint,
3567 5556 3630 5611 et

1981 5645 2254 5728 plurimis
2271 5645 2547 5706 laudibus
2570 5652 2914 5708 exornatam
2937 5643 3303 5706 remiserint.
3333 5644 3626 5705 Praeterea
