4176 6290
525 306 680 380 1079
1653 315 2173 380 CONSTANTINI
2222 315 2772 378 MELITENIOTA']
3756 305 3915 369 1080

517 448 865 512 universum
887 449 1103 511 divina:
1119 449 1328 530 synodi
1345 467 1474 510 com
1482 447 2170 530 plementum,inSpiritu

2265 449 2353 516 διὴν
2408 449 2746 530 ἐνεχάραξεν.
2800 448 3119 526 Ἐπειδὴπερ
3175 457 3372 506 ἐκεῖνοι
3443 448 3642 513 ταύτην
3712 442 3909 502 ἀπεδὲ-

519 546 724 601 sancto
743 537 1356 618 postmodumiNicma:
1374 537 1932 616 congregatum.His
1943 538 2166 600 etenim

2265 537 2406 602 Ξαντό
2471 560 2551 612 τε,
2611 540 2699 596 καὶ
2755 537 2980 602 πολλοῖς
3057 539 3339 615 ἐγκωμίοις
3423 533 3910 594 ἀντεπιστείλαντες

518 626 901 690 audientibus
931 627 1032 689 illa
1083 626 1334 707 epistola
1367 627 1649 707 perlecta,
1677 645 1810 688 cum
1843 626 1904 688 in
1938 626 2170 706 integro

2265 625 2506 703 ἔστεψαν,
2571 627 2789 706 Προσέτι
2840 625 2894 682 δὲ
2951 629 3038 684 καὶ
3079 630 3141 684 τὸ
3197 633 3294 692 τῆς
3350 628 3489 688 θείας
3533 622 3746 681 συνόδου
3774 621 3914 692 πλτζο

519 716 643 779 illis
673 734 806 778 esse
835 718 956 779 visa
977 723 1179 778 essent
1203 715 1426 796 omnia,
1461 734 1585 777 una
1613 734 1823 778 omnes
1852 715 2170 796 sententia,

520 807 822 890 plausere,
859 813 915 867 et
936 813 1099 866 recte
1125 821 1254 866 eam
1272 804 1557 868 dictatam
1587 823 1741 879 esse,
1776 812 1834 866 et
1862 804 1934 866 ad
1957 805 2156 866 Eccle-

521 899 628 960 sim
657 896 875 978 placita
921 897 1342 976 decernentes,
1391 896 1632 978 proprio
1680 897 1907 977 prolato
1933 897 2174 959 decreto

521 985 1152 1066 subsignarunt.Nulla
1171 984 1373 1067 itaque
1389 985 1746 1068 relinquitur
1763 1004 1908 1048 ansa
1937 1004 2013 1046 ne
2040 1005 2174 1047 om-

525 1093 658 1150 nes,
693 1074 1018 1138 dummodo
1037 1074 1245 1147 velint,
1277 1093 1349 1136 ex
1372 1074 1590 1136 divinis
1611 1073 1788 1136 dictis
1803 1075 1926 1154 jam
1953 1092 2174 1154 propo-

524 1165 655 1226 sitis
676 1163 982 1226 veritatem
1023 1173 1371 1245 agnoscant,
1431 1171 1493 1224 ut
1549 1163 1910 1226 deiferorum
1961 1165 2172 1225 horum

526 1259 762 1315 Patrum
785 1253 1026 1333 vestigis
1048 1254 1410 1324 insistentes,
1437 1253 1512 1314 ad
1538 1271 1665 1314 eam
1719 1261 1992 1334 prompte
2025 1273 2175 1315 con-

527 1350 771 1406 currant
803 1364 817 1406 :
844 1361 1101 1423 namque
1123 1343 1376 1405 addecet
1399 1360 1526 1418 eos,
1573 1344 1673 1423 qui
1711 1351 1870 1405 metu
1894 1343 2172 1406 detinen-

523 1441 644 1508 tur,
676 1431 1021 1512 ideoquead
1077 1430 1369 1493 dictorum
1425 1429 1890 1510 acceptationem
1950 1433 2171 1494 claudi-

526 1519 1202 1594 cant,contentionibus
1250 1521 1500 1602 posthac
1549 1521 1808 1595 omisss,
1857 1531 2079 1583 tantum
2113 1531 2171 1584 et

2255 737 2409 794 ρωμα
2467 722 2572 773 πᾶν
2634 717 2694 772 τὸ
2761 717 3123 791 συναθροισθὲν
3180 715 3233 770 ἐν
3277 715 3412 793 ἁγίῳ
3465 714 3732 789 Πνεύματι
3808 732 3910 787 με-

2256 806 2499 884 θύστερον
2555 805 2691 861 κατά
2751 805 3001 863 Νίκαιαν.
3052 807 3136 868 Εἷς
3182 805 3280 884 γαρ
3325 805 3555 874 ἐπήκοον
3613 804 3700 859 καὶ
3779 801 3910 857 τού-

2254 916 2359 950 των
2387 895 2486 962 τῆς
2558 894 2808 959 τοιαύτης
2865 894 3289 973 ἀναγνωσθείσης
3346 891 3655 965 ἐπιστολῆς,
3717 893 3911 952 πάντες

2255 982 2554 1062 ἀρεσθέντες
2611 983 2798 1046 κοινῶς
2857 983 3022 1059 ταύτῃ
3078 983 3370 1055 συνέθεντο,
3428 983 3516 1038 καὶ
3563 981 3743 1046 καλῶς
3819 983 3915 1038 αῦ-

2255 1073 2352 1139 την
2427 1072 2575 1152 ἔχειν
2639 1071 3062 1152 ἀποφηνάμενκ,
3125 1071 3189 1127 δι’
3263 1073 3454 1136 οἰκείας
3512 1073 3734 1149 γνώμης
3779 1071 3913 1127 ἐπε-

2258 1163 2540 1242 σφρέγισεν
2625 1160 2870 1226 ἕκαστος.
2977 1160 3202 1236 Οὒδεμία
3294 1161 3465 1218 τοίνυν
3563 1161 3913 1217 ἀπολείπεται

2256 1250 2516 1329 πρόφασις
2544 1251 2664 1315 τοὺς
2694 1251 2913 1313 πάντας.
2953 1250 3015 1307 ἂν
3065 1249 3309 1320 ἐθέλοιεν,
3367 1251 3419 1316 ἐξ
3465 1253 3538 1307 ὧν
3581 1251 3909 1325 παρεθέμεθα

2256 1341 2407 1396 θείων
2465 1340 2638 1416 ῥητῶν
2693 1339 2790 1406 τὴν
2834 1339 3083 1409 ἀλήθειαν
3144 1342 3362 1418 γνῶναι,
3409 1342 3496 1396 καὶ
3551 1339 3912 1421 προσδραμεῖν

2257 1428 2480 1503 ἕτοίμως
2539 1427 2702 1503 ’ἑαυτῇ
2754 1433 2860 1484 τῶν
2930 1428 3194 1509 θεοφόρων
3285 1430 3480 1485 τούτων
3552 1428 3750 1508 ἀνδρῶν
3793 1429 3913 1487 κατ’

2255 1516 2413 1597 ἴχνια
2482 1516 2780 1593 βαίνοντας.
2859 1519 3040 1596 Χρεὼν
3099 1517 3198 1595 γάρ
3261 1517 3370 1574 ἐστι
3426 1519 3546 1582 τοὺς
3592 1520 3691 1594 μὲν
3747 1518 3912 1592 δειλίᾳ

524 1611 1027 1674 similemPatrum
1054 1611 1384 1690 catalogum
1404 1611 1553 1672 citra
1573 1611 2004 1674 dubitationem
2032 1632 2168 1673 om-

2265 1607 2668 1687 ιιατεχομένους,
2735 1623 2820 1665 καί
2897 1607 2980 1664 διὰ
3039 1613 3189 1662 τοῦτο
3261 1608 3391 1686 πρὸς
3449 1609 3547 1676 τὴν
3596 1609 3915 1690 παραδοχὴν

523 1719 660 1763 nem
683 1707 1003 1780 sequentes
1025 1698 1143 1760 illis
1161 1699 1460 1779 propriam
1486 1699 1733 1761 salutem
1769 1700 2164 1770 committere.

2265 1702 2356 1752 τῶν
2415 1695 2716 1774 λεγομενων
2761 1696 3101 1774 ὁκλάζοντας,
3174 1703 3265 1752 τοῦ
3352 1714 3722 1778 γνωσιμαχεῖν
3774 1700 3913 1780 ἀνρε-

526 1806 779 1871 quorum
799 1787 1127 1850 secundum
1155 1788 1556 1868 cognitionem
1600 1789 1862 1850 veritatis
1879 1789 2167 1852 doctrina.

2257 1784 2443 1860 μένους
2486 1785 2704 1866 ἀπάρτι,
2765 1787 2998 1859 τοσούτῳ
3066 1787 3152 1841 καὶ
3199 1787 3423 1860 τοιούτῳ
3477 1788 3758 1868 καταλόγῳ
3805 1795 3912 1845 Πι-

526 1886 587 1941 et
609 1877 853 1941 meloris
881 1877 1226 1959 dijudicatio
1258 1885 1382 1942 est:
1417 1897 1520 1940 eos
1561 1897 1725 1951 vero,
1782 1879 1882 1960 qui
1932 1889 2176 1961 propter

2265 1873 2420 1952 τέρων
2460 1875 2735 1955 ἐπιτρέψαι
2766 1877 2864 1943 την
2924 1875 3118 1932 οἰκείαν
3179 1878 3441 1954 σωτηρίαν
3499 1876 3910 1951 ἀνενδοιάστως,

523 1966 966 2049 improbitatem
1000 1986 1135 2029 sese
1164 1977 1492 2048 opponunt,
1527 1975 1802 2049 tanquam
1834 1969 1934 2050 qui
1967 1988 2171 2050 pacem

527 2076 660 2120 cum
689 2055 862 2118 nobis
883 2055 1088 2117 initam
1111 2055 1435 2138 declinant,
1453 2057 1766 2119 all'ectibus
1797 2057 2170 2139 posthabitis,

2257 1964 2458 2026 τούτοις
2509 1964 2988 2036 ἀκολουθήσαντας,
3049 1965 3124 2017 ὡν
3182 1966 3214 2031 ἡ
3271 1967 3391 2022 κατ’
3459 1965 3742 2043 ἐπίγνωσιν
3815 1975 3914 2034 τῆς

2259 2050 2503 2118 ἀληθείας
2546 2051 2874 2126 διδασκαλία,
2927 2055 3015 2110 καὶ
3058 2060 3152 2109 τοῦ
3194 2052 3460 2130 βελτίονος
3517 2059 3550 2123 ἡ
3602 2055 3859 2136 διάκρισις
3897 2078 3913 2092 ⁸

527 2147 682 2228 quod
713 2145 786 2207 ad
826 2146 987 2208 hunc
1013 2146 1170 2209 diem
1214 2145 1510 2228 foverunt,
1566 2147 1781 2209 horum
1835 2157 2174 2209 sanctorum

2265 2143 2379 2205 τοὺς
2430 2139 2486 2198 δὲ
2542 2140 2625 2199 διὰ
2693 2144 2880 2200 κακίαν
2961 2142 3387 2217 ἀνθισταμένους,
3473 2147 3546 2208 ὼς
3630 2151 3731 2212 τήν
3799 2147 3923 2221 μεθ’

526 2232 900 2296 divinissimo
923 2234 1108 2297 choro
1133 2251 1344 2295 manus
1360 2233 1527 2311 dare,
1553 2251 1759 2297 eorum
1785 2236 2176 2298 offensionem

2265 2233 2420 2305 ἡμῶν
2481 2233 2694 2310 εἰρήνην
2747 2231 3110 2306 ὶκιιλίναντας,
3170 2235 3233 2288 τὸ
3315 2235 3478 2296 πάθος
3534 2233 3917 2310 ἀποϐαλλομέ-

526 2324 837 2397 reveritos,
856 2340 1108 2403 quorum
1151 2330 1211 2384 et
1257 2323 1586 2385 facinorum
1645 2323 1903 2399 claritas,
1964 2332 2181 2404 etquae

2265 2341 2380 2383 νους
2411 2319 2465 2382 ἐς
2497 2318 2646 2399 δεῦρο
2674 2328 2750 2395 τῷ
2777 2326 2883 2376 τῶν
2914 2322 3075 2398 ἁγίων
3133 2321 3332 2377 τούτων
3395 2320 3604 2387 ὺπεῒξαι
3658 2328 3921 2398 θειοτὲτνρ

529 2411 672 2473 inde
697 2424 904 2473 secuta
953 2421 1044 2474 est
1095 2411 1345 2491 gloriam
1404 2420 1693 2494 perpetue
1755 2415 2178 2477 immanentem

2265 2413 2436 2486 χορῷ,
2472 2408 2793 2475 πτοηθέντας
2853 2411 2915 2465 τὸ
2968 2411 3306 2488 προσκρούειν
3358 2411 3562 2490 αὐτοῖς,
3596 2413 3671 2468 ὧν
3700 2415 3734 2480 ἡ
3767 2412 3919 2488 λαμ-

529 2500 846 2562 continens
875 2499 1130 2580 dignitas
1179 2509 1271 2562 est
1326 2501 1386 2562 in
1434 2501 1875 2563 admiratione:
1929 2510 2180 2584 utroque

2265 2496 2468 2567 πρότης
2506 2498 2613 2553 τὼν
2659 2501 2850 2578 ὲργων,
2911 2499 2997 2554 καὶ
3053 2500 3114 2554 τὸ
3154 2497 3387 2555 ἐντεῦθεν
3437 2499 3663 2575 ἀξίωμα,
3711 2504 3770 2558 τὸ
3821 2502 3916 2559 δύο

530 2607 670 2651 vero
693 2587 886 2650 vitatis
932 2589 1150 2666 noxiis,
1182 2589 1445 2671 proﬁcua
1473 2590 1775 2672 amplecti,
1802 2600 1860 2654 et
1890 2590 2009 2654 Deo
2040 2611 2174 2654 cum

2265 2584 2351 2651 Ξαν
2395 2584 2526 2665 ἕχον
2599 2587 2678 2662 μὴ
2725 2589 3151 2662 μεταπίπτουσαν
3186 2603 3199 2618 ⁶
3255 2587 3529 2667 ἑκατέρους
3574 2589 3650 2660 δὲ,
3715 2593 3923 2670 φυγόν-

533 2676 749 2740 tutiore
779 2685 948 2759 parte
981 2677 1348 2760 melioreque
1367 2678 1697 2742 adhaerere.

2265 2696 2355 2738 τας
2399 2677 2461 2730 τὸ
2529 2674 2792 2752 βλάπτον,
2839 2678 2902 2732 τὸ
2957 2674 3260 2733 λυσιτελοῦν
3310 2677 3752 2750 ἀνταλλάξασθαι,
3829 2691 3924 2744 καὶ

2262 2770 2378 2838 Θεῷ
2439 2765 2677 2842 γενέσθαι
2735 2765 2832 2832 τῆς
2897 2763 3300 2844 ἀσφαλεστάτης
3344 2767 3528 2846 μοίρας
3570 2769 3658 2823 καὶ
3741 2773 3927 2848 κρείτ-

2260 2873 2435 2914 τονος.

612 2943 713 3009 28.
747 2944 832 3008 Ita
852 2949 962 3019 est,
1000 2943 1408 3026 inquiunt,sed
1462 2943 1632 3009 valde
1685 2954 1924 3009 nostros
1949 2946 2182 3010 animos

2342 2934 2446 3007 κε’.
2508 2949 2629 3026 Ναὶ,
2701 2947 2877 3027 φασὶν,
2926 2945 3064 3005 ἀλλὰ
3118 2949 3360 3028 ταράττει
3403 2947 3599 3030 σφόδρα
3641 2950 3737 3014 τὰς
3793 2953 3927 3025 ήμιο

533 3032 734 3095 turbat
766 3051 873 3114 per
908 3032 1119 3096 Filium
1153 3033 1358 3096 dicere
1379 3053 1515 3097 esse
1558 3033 1846 3116 Spiritum
1884 3045 2180 3118 sanctum,

2265 3033 2418 3113 τέρας
2489 3036 2670 3115 ψυχὰς
2727 3037 2787 3091 τὸ
2857 3035 2924 3091 δι’
2985 3039 3104 3092 Γίοῦ
3157 3035 3327 3115 λέγειν
3384 3051 3522 3094 εἶναι
3571 3041 3631 3094 τὸ
3708 3045 3924 3114 Πνεῦμα

535 3142 610 3185 ne
634 3099 1301 3205 quis'indeinperiectio
1351 3125 1511 3188 Patri
1551 3099 1838 3188 inferatur
1876 3126 1936 3187 in
1990 3099 2182 3207 Spiri:

2269 3125 2331 3179 τὸ
2415 3123 2588 3202 ἅγιον,
2646 3126 2722 3200 μή
2781 3124 2909 3181 ποτέ
2979 3147 3059 3188 τις
3131 3124 3360 3182 ἐντεῦθεν
3417 3125 3626 3184 ἀτέλεια
3711 3131 3926 3206 προσέ-

533 3219 627 3274 tus
648 3211 1013 3275 exsisteotia.
1041 3211 1112 3273 Et
1144 3211 1441 3275 undenam
1469 3213 1526 3274 id
1567 3213 1734 3276 vobis
1775 3215 2085 3289 accidit,ut
2114 3215 2182 3278 ad

2271 3232 2454 3266 πτοιτο
2511 3218 2588 3286 τῷ
2661 3214 2822 3292 Πατρὶ
2879 3215 3014 3269 κατά
3083 3216 3178 3282 τὴν
3247 3223 3340 3272 τοῦ
3407 3218 3710 3292 Πνεύματος
3754 3219 3929 3297 inrup-

535 3319 640 3364 eos
688 3319 974 3362 conversa
1014 3299 1282 3362 oratione
1328 3301 1856 3382 interrogationem
1912 3305 2182 3384 dirigam,

2271 3299 2369 3364 ξιν,
2407 3301 2503 3357 Καὶ
2551 3301 2708 3356 πόθεν
2767 3306 2903 3376 ἡμῖν
2959 3310 3112 3359 τοῦτο
3159 3304 3397 3384 γέγονεν,
3459 3304 3570 3378 ἵνα,
3633 3309 3763 3384 πρὸς
3825 3313 3926 3366 αὖ-

538 3409 573 3452 ο
594 3389 888 3470 sapientia
909 3388 1810 3472 eximii,ideoque,Evangelium
1832 3395 1943 3455 exh
1955 3394 2182 3456 aurien-

2270 3389 2392 3450 τοὺς
2449 3386 2589 3443 ἔνθεν
2661 3388 2940 3453 ἀποτείνας
3026 3391 3114 3447 τὸν
3171 3389 3352 3470 λόγον,
3439 3396 3748 3468 ποιήσωμαι
3821 3396 3926 3463 την

539 3487 654 3560 tes,
679 3477 939 3540 similem
961 3477 1449 3541 absurdissimam
1476 3479 1844 3561 impietatem
1875 3485 2192 3563 concipere

535 3569 600 3630 in
650 3567 771 3630 illis
819 3568 1023 3643 rebus,
1061 3568 1124 3631 in
1172 3569 1389 3650 quibus
1435 3572 1758 3651 praelucida
1799 3573 2190 3635 ecclesiastici

540 3657 901 3721 ﬁrmamenti
952 3657 1178 3720 lumina
1208 3677 1324 3720 non
1347 3658 1574 3741 absque
1597 3661 1808 3722 eodem
1832 3661 2060 3742 Spiritu
2091 3663 2186 3724 de-

537 3745 900 3810 creverunt?
934 3746 984 3810 Ο
1017 3745 1171 3809 male
1201 3765 1405 3810 sanam
1429 3748 1743 3813 mentem?
1781 3750 1882 3832 qui
1911 3751 2106 3813 scelus
2131 3752 2190 3812 in

537 3835 633 3900 his
663 3853 798 3896 esse
825 3842 1198 3916 reputantes,
1223 3834 1441 3898 dictam
1474 3836 1900 3919 blasphemiam
1948 3849 2189 3903 eructa-

2271 3477 2552 3554 ὶρώτησιν,
2599 3477 2645 3533 ὦ
2700 3480 2932 3554 περιττοὶ
2985 3481 3086 3546 την
3134 3483 3342 3559 σοφίαν,
3403 3483 3490 3537 καὶ
3559 3490 3829 3545 κενοῦντες
3861 3485 3926 3539 ἐκ

2273 3565 2462 3622 τούτου
2511 3567 2572 3622 τὸ
2628 3565 2974 3648 Εὐαγγέλιον,
3020 3569 3081 3624 τὰ
3127 3567 3432 3647 λογῖσασθαι
3473 3568 3676 3638 δηλαδὴ
3733 3574 3928 3628 τοιαύ-

2272 3675 2371 3719 την
2401 3654 2752 3721 ἁτοπωτὰτην
2807 3652 3130 3738 δυσσέϐειαν,
3190 3657 3242 3713 ἓν
3296 3662 3381 3722 οἷς
3439 3661 3486 3714 οἱ
3529 3658 3757 3739 λαμπροὶ
3830 3672 3928 3719 τοῦ

2271 3741 2365 3809 τῆς
2425 3741 2746 3810 Ἐκκλησίας
2791 3747 3154 3824 στερεώματος
3226 3753 3502 3828 φωστῆρες
3556 3750 3725 3805 εἰπεῖν
3785 3756 3930 3826 μετα

2270 3832 2365 3887 τοῦ
2405 3831 2708 3906 Πνεύματος
2753 3831 2978 3914 ἔφθασαν
3012 3855 3028 3915 ;
3063 3841 3168 3903 Τῆς
3198 3837 3475 3899 κακονοίας
3505 3836 3519 3895 ἔ
3547 3836 3626 3893 ὅτι
3653 3859 3750 3918 περ
3781 3840 3926 3904 ὅλως

541 3925 672 3988 stis.
691 3924 998 3997 Attamen,
1019 3931 1084 3986 ut
1108 3942 1211 3986 eos
1232 3925 1305 3986 ab
1330 3926 1442 3988 hoc
1462 3918 1714 3990 crimine
1735 3936 1794 3991 et
1840 3929 2182 4009 opprobrio,

2274 3918 2493 3995 ἀνομίαν
2552 3919 2607 3976 ἓν
2649 3923 2854 3986 τούτοις
2916 3923 3264 3989 ὃπολαόόντες
3313 3928 3411 3992 τὴν
3470 3928 3752 4002 εἰρημένην
3796 3928 3928 3986 δυσ-

543 4013 630 4078 uti
688 4031 796 4094 par
845 4020 961 4089 est,
1023 4011 1372 4091 liberemus,
1459 4034 1578 4078 non
1647 4016 2182 4098 imperfectionem,

2277 4009 2478 4098 φημίαν
2547 4009 2847 4087 ἡρεύξασθε,
2901 4010 3049 4079 Πλὴν
3107 4015 3179 4077 ὡς
3239 4013 3301 4070 ἂν
3356 4023 3448 4072 τοῦ
3501 4015 3778 4094 παρόντος
3825 4020 3926 4098 ἑγ-

539 4123 574 4166 ο
603 4102 739 4184 viri,
777 4100 838 4163 id
871 4103 930 4164 in
976 4104 1152 4166 Patre
1203 4111 1405 4181 notat;
1457 4095 1958 4187 quemadmodum
1991 4127 2103 4170 nec
2132 4109 2182 4170 in

2277 4095 2578 4174 κλήματος,
2613 4103 2700 4156 καὶ
2755 4108 2846 4158 τοῦ
2902 4103 3092 4177 μώμου
3135 4102 3356 4169 δεόντως
3399 4105 3451 4172 ἐξ
3494 4107 3666 4164 απὸτῶν
3710 4095 3929 4166 ἐκείνων

541 4192 726 4256 rebus
755 4189 995 4271 creatis,
1048 4193 1206 4274 quod
1261 4193 1383 4256 illa;
1433 4212 1541 4276 per
1581 4195 1795 4259 Filium
1837 4197 2004 4258 factm
2030 4207 2167 4260 sunt

2280 4187 2468 4250 αὐτοὺς
2527 4187 2919 4266 ἀπαλλάξωμεν
2955 4211 2967 4226 ⁸
3002 4195 3095 4250 οῦκ
3151 4193 3411 4268 ἀτέλειαν,
3485 4200 3531 4252 ὠ
3579 4201 3719 4254 οὗτοι
3771 4208 3932 4258 τοῦτο

543 4281 691 4346 licet
711 4281 772 4343 in
797 4280 892 4343 his
922 4280 1038 4342 alia
1085 4282 1237 4344 ratio
1291 4281 1392 4364 sit,
1453 4283 1567 4346 alia
1623 4283 1686 4349 in
1747 4285 1884 4359 illis,
1933 4295 1994 4347 ut
2053 4306 2182 4368 pro-

2278 4291 2572 4356 κατηγορεῖ
2613 4287 2705 4335 τοῦ
2748 4283 2975 4363 Πατρὸς,
3024 4284 3201 4362 ὥσπερ
3231 4283 3345 4342 οῦδὲ
3387 4285 3474 4341 ἐπὶ
3529 4293 3632 4342 τῶν
3662 4285 3930 4363 δημιουρ-

544 4370 798 4435 cedente
829 4371 1106 4434 oratione
1125 4370 1712 4451 demonstrabimus;
1745 4376 1886 4455 quin
1916 4367 2182 4436 virtutem

2278 4367 2560 4446 γημάτων,
2615 4367 2694 4424 ὅτι
2763 4378 2925 4427 ταῦτα
2995 4375 3242 4451 γεγόνασι
3299 4371 3366 4428 δι’
3422 4377 3561 4448 Υἱον,
3610 4375 3706 4431 κᾶν
3763 4377 3929 4444 ἄλλος

545 4460 757 4534 vivam,
792 4466 853 4522 et
881 4458 942 4520 in
992 4460 1287 4541 hypostasi
1316 4460 1738 4524 subsistentem
1766 4454 1999 4526 Filium
2023 4483 2182 4527 com-

2279 4456 2428 4519 οὗτος
2499 4459 2528 4512 ὁ
2596 4457 2776 4536 λόγος,
2850 4461 3096 4527 κάκεῖνος
3153 4462 3351 4542 ἕτερος,
3415 4467 3488 4530 ὡς
3545 4467 3821 4544 προϊόντες
3858 4470 3932 4525 τα

547 4556 900 4626 monstrant,
962 4547 1270 4630 magisque
1353 4569 1590 4612 causam
1643 4569 1712 4614 ex
1769 4553 1941 4614 Patre
1990 4551 2182 4614 decla-

2280 4546 2398 4622 περὶ
2466 4546 2664 4604 τούτων
2758 4547 3186 4629 διευκρινήσομεν
3219 4573 3230 4582 ·
3317 4552 3534 4629 δύναμιν
3604 4552 3657 4610 δὲ
3751 4563 3931 4628 ζῶσαν

546 4647 700 4700 rant:
727 4637 908 4720 idqne
937 4646 1146 4718 aperte
1176 4638 1252 4702 de
1271 4639 1456 4702 rebus
1476 4639 1647 4702 factis
1667 4657 1922 4721 magnus
1962 4641 2182 4703 docebil

2277 4635 2366 4689 καὶ
2423 4632 2773 4694 ἐνυπόστατον
2829 4637 3051 4697 δείκνυσι
3108 4644 3199 4698 τὸν
3247 4644 3386 4723 rtem,
3474 4646 3562 4700 καὶ
3615 4646 3712 4712 τὴν
3758 4647 3928 4702 αἰτίαν

545 4727 808 4791 Basilius
830 4747 844 4790 :
867 4725 1012 4789 dicit
1029 4727 1188 4789 enim
1207 4728 1270 4790 in
1292 4737 1496 4792 octavo
1528 4728 1722 4812 capite
1761 4729 1836 4792 ad
1887 4729 2182 4810 Amphilo‘

2279 4721 2483 4798 μᾶλλον
2538 4725 2810 4806 ἀναφαίνει
2867 4730 2963 4796 τὴν
3007 4730 3067 4787 ἐκ
3125 4721 3377 4805 Πατρόςέ

545 4815 770 4879 cbium:
795 4814 940 4878 Ideo
978 4817 1128 4881 dicit
1173 4817 1512 4882 Dominus:
1565 4841 1589 4876 ιι
1643 4817 1858 4882 Omnia
1905 4836 2040 4880 mea
2095 4826 2199 4882 tua

3449 4736 3535 4789 καὶ
3592 4741 3746 4791 τοῦτο
3789 4733 3933 4792 διδέ-

541 4905 772 4980 sunt“,
787 4928 811 4962 ι
840 4905 1228 4986 tanquamad
1247 4907 1445 4988 ipsum
1469 4907 1646 4988 origo
1659 4907 2038 4971 conditarum
2049 4911 2200 4987 refe-

544 4992 735 5055 renda
756 4992 860 5073 sit,
883 4999 946 5054 et
968 4999 1075 5056 tua
1093 5011 1254 5071 mea,
1288 4995 1447 5076 quod
1463 4996 1586 5076 ipsi
1605 5012 1645 5058 a
1679 4994 1875 5059 Patre
1895 4997 2198 5060 condendi

542 5084 888 5145 auctoritas
906 5084 1207 5154 provenit.
1232 5085 1498 5160 Quorum
1515 5085 1684 5148 enim
1700 5083 1956 5166 aqualis
1974 5091 2060 5149 est
2079 5103 2191 5165 po-

546 5172 761 5234 tentia.
787 5168 1010 5234 horum
1037 5171 1292 5254 aequalis
1315 5181 1404 5237 est
1451 5180 1512 5237 et
1551 5175 1847 5253 operatio.
1912 5173 2196 5238 Christus

542 5259 844 5340 siquidem
873 5259 993 5324 Dei
1023 5262 1216 5326 virtus
1244 5270 1356 5346 est,
1387 5269 1444 5327 et
1473 5264 1587 5327 Dei
1634 5263 1964 5344 sapientia,
2021 5272 2082 5327 et
2107 5267 2198 5327 sic

545 5349 755 5411 omnia
797 5365 909 5430 per
930 5350 1130 5431 ipsum
1147 5352 1314 5430 facta
1341 5357 1507 5416 sunt.
1554 5350 1627 5414 Et
1671 5351 1875 5432 paucis
1901 5352 2190 5416 annexis:

546 5437 803 5500 Patrem
819 5454 936 5517 per
951 5436 1185 5502 Filium
1201 5457 1430 5520 creare,
1450 5457 1642 5522 neque
1660 5441 2196 5521 imper/ectamPa-

634 5603 691 5657 ⁸8
714 5601 888 5669 Joan.
919 5621 1069 5670 xvu.
1112 5609 1206 5672 to.

2280 4812 2354 4878 Εει
2395 4821 2596 4892 τρανῶς
2650 4815 2737 4872 ἐπὶ
2791 4824 2897 4874 τῶν
2941 4817 3108 4898 ἔργων
3159 4823 3186 4876 ὁ
3257 4821 3423 4900 μέγας
3483 4821 3777 4888 Βασίλειος.
3818 4834 3930 4880 Λε-

2278 4924 2362 4993 γει
2404 4904 2504 4982 γὰρ
2554 4903 2610 4960 ὲν
2656 4912 2732 4980 τῷ
2997 4915 3102 4965 τῶν
3163 4912 3294 4987 πρὸς
3353 4910 3710 4992 Ἀμφιλόχιον
3751 4935 3927 4993 κεφα-

2279 4990 2438 5049 λαίων
2475 5008 2488 5021 ⁸
2540 4997 2638 5052 Διά
2703 4997 2856 5052 τοῦτό
2925 5021 3086 5076 φησιν
3130 5001 3158 5055 ὁ
3225 5001 3412 5079 Κύριος
3466 4990 3624 5079 πρὸςή
3655 5003 3744 5057 τὸν
3817 4990 3930 5059 i11-

2277 5081 2426 5162 τέρα,
2463 5105 2491 5137 α
2525 5084 2600 5142 Τά
2630 5085 2732 5160 ἐμὲ
2759 5086 2929 5142 πάντα
2990 5087 3057 5143 σά
3085 5088 3249 5169 ἐστιν,
3289 5114 3312 5143 ι
3369 5091 3442 5152 ὠς
3502 5089 3587 5146 ἐπ’
3624 5093 3782 5148 αὒτὸν
3824 5098 3922 5159 τῆς

2279 5172 2454 5252 ἀρχῆς
2550 5179 2654 5230 τῶν
2750 5171 3232 5254 δημιοδιγημάτων
3305 5178 3657 5256 ἀναγομένης,
3749 5202 3777 5234 σ
3837 5184 3930 5237 καὶ

2279 5263 2346 5317 τα
2388 5263 2456 5318 σὰ.
2484 5261 2609 5339 ὲμά,
2647 5287 2675 5318 ι
2749 5266 2821 5328 ὡς
2875 5264 3077 5321 ἐκεῖθεν
3135 5269 3276 5340 αὐτῷ
3330 5271 3426 5336 τῆς
3473 5270 3639 5331 αἰτίας
3685 5279 3776 5327 τοῦ
3832 5267 3930 5336 δη.

2279 5363 2555 5430 μιουργετν
2647 5355 3006 5422 καθηκούσης.
3084 5343 3179 5410 Ὠν
3249 5353 3304 5412 δὲ
3390 5359 3425 5425 ἡ
3509 5355 3723 5433 δύναμις
3797 5358 3923 5433 ἴση,

2280 5441 2377 5508 ἴση
2434 5441 2644 5507 πάντως
2715 5445 2801 5500 καὶ
2856 5445 2890 5512 ἡ
2949 5443 3202 5524 ἐνέργεια.
3287 5449 3510 5526 Χριστὸς
3608 5450 3707 5526 γαρ
3797 5455 3930 5505 Θεοῦ
