4208 6290
493 337 513 401 l
525 337 642 402 083

1619 334 2141 403 CONSTANTINI
2188 333 2734 398 MELITENIOTE

3708 337 3863 405 1084

480 479 679 546 set,ne
697 490 832 537 cum
854 492 928 538 ea
951 471 1709 552 communionemSpiritus
1722 469 1944 532 habere
1961 469 2120 531 exis-

2215 467 2362 549 ἔχειν
2415 469 2688 547 ὑφίσταται
2745 470 2903 528 πάλιν
2973 478 3051 547 τῷ
3121 472 3388 548 ἰδιάζοντι,
3465 473 3519 531 ἐν
3587 482 3664 549 τῷ
3723 476 3862 551 μήτε

480 561 1340 644 timaretur,quodperFilium
1352 567 1650 641 appareat
1665 556 2128 621 immutabilita-

480 649 958 729 te,/irmitate,ac
976 645 2029 728 bonitatis,quwcxtraneasit.nulla
2041 646 2128 708 in-

479 733 2130 820 digentia,acreaturaSpiritusseoerniturﬂonsideret

480 825 554 886 ad
580 825 1254 906 injustedet'endendum
1291 834 1522 900 acutus,
1559 844 1672 907 qua
1703 824 1936 885 ratione
1957 841 2131 885 sacer

478 911 1162 996 divinusqueGregorius
1179 914 1505 978 dictionem
1525 912 1885 996 perFitium
1906 910 2126 994 deSpi-

478 1002 598 1063 ritu
627 1011 684 1063 et
704 1011 979 1065 creatura
1007 1003 1427 1067 indiferenter
1447 1003 1774 1084 accipiens,
1807 1001 1946 1064 inde
1977 1020 2125 1064 exo-

477 1089 706 1152 rientes
733 1091 1158 1155 discretionem
1189 1101 1368 1175 atque
1391 1092 1833 1173 separationem
1859 1089 2128 1172 propala-

476 1179 650 1259 verit,
701 1180 918 1261 quibus
945 1181 1060 1243 sibi
1091 1181 1425 1243 divinarum
1459 1181 1692 1242 Iaudem
1748 1179 1982 1241 divitias
2012 1180 2124 1241 ad-

476 1269 782 1346 aptavit,et
805 1270 1118 1332 maleﬁciis
1147 1290 1216 1332 ac
1241 1269 1548 1332 fraudibus
1571 1270 1751 1331 ﬁnem
1783 1269 2120 1350 imponens,

477 1372 554 1418 ne
585 1357 644 1419 in
693 1365 995 1439 posterum
1054 1379 1290 1440 quoquo
1365 1359 1541 1420 modo
1595 1358 1854 1431 maligne
1903 1375 1998 1418 me
2025 1357 2126 1418 in-

477 1445 718 1506 noxium
750 1446 1126 1530 criminetur,
1160 1448 1316 1530 quod
1335 1467 1455 1509 non
1477 1447 1686 1509 inferri
1715 1446 2122 1528 imperfectio-

479 1552 615 1596 nem
641 1535 800 1598 Patri
831 1535 1226 1609 decreverim,
1262 1537 1402 1598 dum
1453 1555 1559 1617 per
1588 1536 1804 1598 Filium
1836 1536 2124 1618 Spiritum

475 1631 745 1684 Sanctum
779 1625 1184 1687 exsistentiam
1204 1625 1426 1687 habere
1444 1625 1831 1699 asseruerim,
1851 1625 1924 1686 ad
1951 1625 2130 1706 idque

473 1710 1007 1776 demonstrandum
1038 1714 1360 1776 creationis
1384 1715 1662 1793 exemplo
1685 1733 1829 1774 usus
1849 1732 1978 1774 sum
2011 1714 2123 1787 Qui

471 1817 616 1862 vero
665 1801 824 1864 hunc
877 1799 1151 1866 timorem
1215 1803 1448 1868 timent.
1508 1802 2011 1884 quemadmodum
2060 1803 2120 1865 in

472 1887 650 1950 rebus
679 1887 898 1954 creatis
939 1891 1086 1954 illud
1135 1911 1244 1974 per
1274 1892 1496 1956 Filium
1527 1891 1839 1966 addentes,
1896 1893 2117 1954 nullam

471 1978 814 2042 existimant
876 1981 1390 2062 imperfectionem
1454 1980 1612 2045 Patri
1667 1979 1932 2062 appingi,
1993 1981 2120 2062 pari

474 2067 653 2130 modo
686 2077 745 2130 et
771 2070 847 2131 de
869 2069 1096 2152 Spiritu
1117 2070 1607 2145 sancto,annexis
1631 2077 1826 2131 tamen
1850 2069 2121 2132 sublimi-

474 2155 609 2237 bus,
641 2167 701 2219 et
755 2157 915 2220 illius
971 2159 1265 2223 divinitati
1310 2159 1675 2223 dictionibus
1717 2159 2122 2222 accommodis

477 2245 626 2307 illud
655 2247 976 2329 accipiant.
1019 2250 1226 2330 Neque
1285 2248 1424 2310 inde
1453 2248 1836 2328 suspicentur
1861 2247 2118 2329 aliquam

477 2336 638 2398 Patri
664 2335 1179 2418 imperfectionem
1223 2337 1536 2416 accedere,
1570 2346 1626 2398 et
1657 2337 1744 2398 sic
1775 2346 1954 2398 recta:
1981 2337 2118 2418 opi-

475 2423 641 2486 nioni
673 2425 887 2506 fugatis
918 2426 1226 2489 erroribus
1261 2425 1676 2488 adhaerebunt.
1711 2425 1848 2488 Haec
1877 2424 2060 2504 igitur
2085 2444 2120 2486 a

470 2517 692 2574 sanctis
711 2512 1008 2588 Patribus,
1043 2515 1144 2597 qui
1175 2534 1285 2577 suo
1321 2523 1589 2595 tempore
1616 2533 1785 2596 seque
1812 2521 1990 2596 atque
2019 2514 2116 2577 Iu-

472 2601 728 2664 minaria
769 2601 832 2665 in
862 2604 1194 2666 reverenda
1253 2603 1492 2684 pietatis
1523 2604 1899 2665 ﬁrmamento
1956 2622 2114 2685 pra;-

470 2689 770 2766 luxerunt,
803 2692 1055 2755 collecta
1085 2692 1616 2774 digessimus,rum
1641 2692 1896 2773 probaro
1926 2712 2112 2755 cona-

472 2799 630 2862 mur,
674 2799 758 2843 ει
819 2779 992 2844 Patre
1041 2800 1149 2863 per
1191 2781 1406 2845 Filium
1451 2781 1857 2844 exsistentiam
1890 2780 2114 2845 habere

470 2869 756 2950 Spiritum
789 2879 1084 2945 sanctum,
1105 2879 1164 2933 et
1191 2871 1345 2932 forte
1374 2872 1550 2933 etiam
1585 2871 1772 2933 multo
1795 2871 1964 2951 plura
1981 2879 2114 2932 stu-

468 2958 636 3021 diose
666 2958 1109 3041 diligenterque
1139 2959 1373 3024 divinas
1415 2959 1925 3042 perscrutantibus
1947 2958 2112 3024 Scri-

468 3055 670 3129 pturas
698 3059 1040 3114 occurrent.

2207 557 2488 636 μονογενὲς
2572 560 2885 634 ὑποστῆναι,
2965 564 3052 619 καὶ
3145 563 3199 620 έν
3270 567 3348 636 τῷ
3403 560 3475 620 δι’
3551 564 3708 623 αὖτοῦ
3772 570 3863 622 τοῦ

2213 648 2328 704 ι’ἱοῦ
2385 645 2694 727 πεφηνέναι.
2764 649 2927 706 Πάλιν
3023 649 3078 708 δὲ
3159 651 3259 720 τῆς
3340 651 3561 716 κτίσεως
3617 649 3700 708 διὰ
3769 661 3864 710 τοῦ

2209 741 2535 814 Μονογενοῡς
2645 738 2972 813 ὑποστάσης,
3084 741 3158 803 ὡς
3269 738 3332 796 ἂν
3415 739 3494 814 μὴ
3576 741 3862 807 κοινότητα

2210 848 2326 882 τινα
2383 828 2512 905 πρὸς
2610 828 2805 894 ταύτην
2884 829 3031 908 ἔχειν
3108 833 3330 906 νομισθῇ
3385 831 3446 885 τὸ
3517 831 3727 905 Πνεῦμα
3801 827 3861 886 ἐς

2210 920 2300 971 τοῦ
2391 913 2483 972 διὰ
2575 923 2668 972 1:06
2748 916 2874 973 ι’ἱαῦ
2938 917 3250 998 πεφηνέναι,
3337 916 3390 974 ἐν
3450 924 3526 992 τῷ
3618 917 3861 996 ἀτρέπτῳ

2209 1005 2297 1060 καὶ
2363 1003 2706 1085 ἀναλλοιώτῳ
2808 1003 3122 1085 διακρίνεται
3197 1008 3259 1062 τὸ
3314 1011 3529 1082 Πνεῦμα
3584 1005 3690 1062 ἀπὸ
3762 1006 3860 1075 τῆς

2209 1091 2452 1154 κτίσεως.
2514 1083 2717 1173 Ὀράτω
2787 1095 2879 1151 τὸν
2932 1083 3084 1174 -ῐερὸν
3139 1094 3324 1152 τοῦτον
3381 1095 3468 1150 καὶ
3511 1097 3656 1150 θεῖον
3713 1099 3860 1174 Γρη-

2207 1181 2383 1259 γόριον
2451 1184 2479 1238 ὁ
2540 1183 2669 1261 πρὸς
2745 1183 2844 1250 τὴν
2939 1181 3116 1240 ἄδικον
3172 1181 3456 1240 ἀντιδικίαν
3513 1181 3652 1258 ὀξὺς,
3712 1182 3860 1248 ὅπως

2207 1271 2306 1337 τὴν
2359 1267 2429 1326 δι’
2492 1272 2612 1328 ι’ίοῦ
2668 1273 2848 1352 φωνην
2904 1271 2990 1329 ἐπὶ
3043 1293 3100 1328 τε
3157 1279 3248 1328 τοῦ
3297 1273 3602 1342 Πνεύματος
3646 1273 3861 1340 καὶτῆς

2207 1359 2428 1422 κτίσεως
2499 1357 2796 1440 ἀδιαφόρως
2892 1362 2921 1417 ὁ
3005 1361 3264 1441 μακάριος
3336 1357 3690 1436 ἐκλαϐόμενος
3761 1361 3860 1428 τὴν

2207 1447 2314 1504 ἀπὸ
2367 1448 2563 1514 ταύτης
2618 1450 2805 1508 τούτου
2864 1447 3146 1518 διαστολὴν
3201 1449 3434 1525 έσήμανε
3496 1452 3581 1506 καὶ
3649 1447 3860 1530 διάχρι-

2210 1559 2292 1593 σιν
2327 1552 2341 1567 ·
2402 1537 2456 1593 ἐν
2513 1537 2600 1602 οἷς
2655 1545 2764 1595 τῶν
2818 1540 2970 1596 θείων
3012 1539 3348 1619 αὖχημάτων
3377 1535 3678 1614 διαπρεπῶς
3712 1539 3859 1614 αὒτῷ

2209 1628 2301 1682 τὸν
2357 1625 2582 1683 πλοῦτον
2635 1629 2998 1708 προσήρμοσε,
3067 1629 3153 1684 καὶ
3195 1635 3287 1684 τοῦ
3341 1640 3657 1707 κακουργεῖν
3713 1628 3858 1686 ἀπο-

2209 1717 2357 1795 στὰς,
2442 1716 2635 1791 μηκέτι
2707 1714 3058 1792 μηδοπωσοῦν
3151 1716 3490 1796 ἐπιχειρείτω
3557 1715 3858 1782 κακςθελῶς

2207 1805 2463 1861 αἰτιᾶσθαί
2513 1827 2580 1881 με
2626 1806 2716 1862 τὸν
2761 1805 3014 1872 ἀναίτιον,
3071 1805 3151 1862 ὅτι
3227 1810 3304 1880 μὴ
3373 1818 3696 1884 κατηγορεῖν
3731 1805 3861 1863 ἀπε-

2203 1894 2457 1972 φηνάμην
2500 1893 2744 1950 ἀτέλειαν
2803 1905 2896 1954 τοῦ
2954 1897 3157 1972 Πατρὸς
3210 1896 3271 1950 τὸ
3326 1891 3408 1949 διὰ
3450 1901 3540 1951 τοῦ
3588 1895 3710 1950 1⁸ίοῦ
3758 1895 3858 1961 την

2201 1979 2416 2062 ὕπαρξιν
2457 1981 2605 2062 ἔχειν
2646 1984 2705 2039 τὸ
2745 1988 2970 2058 -Πνεῦμα
3016 1984 3078 2038 τό
3147 1983 3324 2062 ἅγιον,
3392 1983 3480 2038 καὶ
3522 1983 3652 2059 πρὸς
3709 1981 3856 2040 ἀπό-

2201 2068 2355 2137 δειξιν
2411 2073 2594 2129 τούτου
2649 2072 2746 2138 τὴν
2803 2072 2972 2128 κτίσιν
3027 2071 3364 2150 παρηγαγον.
3409 2074 3470 2129 Οἱ
3515 2069 3572 2126 δὲ
3615 2073 3708 2128 τὸν
3755 2073 3852 2151 φό-

2202 2156 2293 2217 ϐον
2348 2169 2531 2219 τοῦτον
2585 2159 2920 2240 φοϐούμενοι,
2979 2162 3212 2239 καθάπερ
3265 2160 3350 2216 ἐπὶ
3405 2167 3510 2216 τῶν
3554 2159 3855 2238 γεγονότων

2234 2251 2246 2264 .
2307 2246 2373 2304 δ,
2537 2255 2558 2265 -
2851 2249 2860 2264 .
3093 2247 3153 2286 3‘
3231 2251 3242 2270 .
3412 2249 3434 2270 ρ
3458 2247 3470 2266 ρ

2201 2271 2262 2304 το
2336 2272 2353 2304 ι
2442 2249 2563 2304 rion
2618 2252 3003 2330 προστιθεντες,
3064 2269 3305 2324 οδοεμιαν
3349 2247 3616 2320 δοςαζουσι
3671 2271 3848 2328 προσ-

2201 2339 2453 2395 άπτεσθαι
2511 2345 2586 2413 τῷ
2665 2339 2826 2418 Πατρὶ
2895 2339 2991 2406 τὴν
3047 2336 3310 2414 ἀτέλειαν,
3380 2337 3519 2394 οὕτω
3575 2336 3850 2418 δεχέσθω·

2199 2449 2295 2484 σαν
2345 2434 2498 2485 τοῦτο
2574 2427 2703 2484 κάπὶ
2773 2433 2866 2484 1:06
2948 2427 3271 2502 Πνεύματος,
3335 2423 3478 2494 πλην
3525 2427 3661 2490 μετὰ
3743 2427 3848 2482 τῶν

2197 2515 2420 2590 ὑψηλῶν
2486 2517 2573 2572 καὶ
2647 2517 2958 2596 προσφόρων
3021 2537 3088 2592 τη
3142 2515 3298 2571 αὺτοῦ
3347 2515 3558 2583 θεότητι
3625 2512 3846 2580 λέξεων,

2199 2603 2467 2662 Ἀτέλειαν
2518 2603 2573 2661 δὲ
2630 2602 2891 2681 μηδαμῶς
2952 2604 3318 2684 προσγίνεσθαι
3369 2609 3446 2678 τῷ
3500 2605 3662 2682 Πατρὶ
3718 2601 3847 2679 μηδ’

2197 2695 2426 2752 έντεῡθεν
2507 2695 2912 2758 ὕπονοείτωσαν,
2976 2695 3062 2749 καὶ
3109 2698 3207 2759 τῆς
3264 2694 3421 2772 ὁρθῆς
3464 2690 3630 2757 οἱῖτως
3687 2691 3846 2750 ἔσον-

2194 2805 2278 2840 ται
2338 2781 2492 2851 δόξης
2550 2782 2800 2862 ἀσφαλῶς
2869 2780 3204 2862 ἐξεχόμενοι,
3265 2791 3436 2841 Ταῦτα
3493 2781 3591 2857 μὲν
3646 2781 3738 2838 06v
3813 2779 3850 2838 ἃ

2195 2874 2338 2951 παρά
2384 2874 2488 2930 τῶν
2545 2873 2706 2950 ἁγίων
2779 2871 3023 2950 Πατέρων
3085 2876 3189 2927 τῶν
3275 2873 3409 2927 κατά
3472 2871 3690 2949 καιροὺς
3748 2868 3850 2927 ὅσα

2197 2965 2284 3019 καὶ
2351 2964 2645 3044 φυστήρων
2703 2959 3114 3037 διαλαμψάντων
3171 2961 3226 3017 ὲν
3293 2967 3368 3036 τῷ
3421 2966 3519 3028 τῆς
3580 2956 3846 3022 εὖσεὸείας

2195 3058 2375 3127 σεπτῴ
2475 3051 2803 3130 στερεώματι
2922 3047 3296 3124 συλλεξάμενοι
3407 3047 3846 3129 προτεθείκαμεν,

475 3141 769 3216 κραστῆσαι
797 3139 1110 3217 βουλόμενοι
1139 3142 1202 3198 τὸ
1231 3139 1300 3197 δι’
1333 3142 1451 3198 ι’ἱοῦ
1479 3143 1576 3210 τὴν
1604 3141 1818 3220 ὕπαρξιν
1852 3140 2000 3222 ἔχειν
2029 3140 2088 3198 ἐκ
2121 3143 2323 3222 Πατρὸς
2353 3143 2414 3196 τὸ
2444 3147 2656 3216 Πνεῦμα
2686 3141 2746 3195 τὸ
2789 3138 2962 3217 ἃγιον,
3003 3145 3078 3195 ῶν
3105 3141 3194 3196 καὶ
3223 3136 3408 3212 πολλῳ
3443 3138 3610 3195 πλείω
3666 3139 3836 3217 tuva

471 3229 805 3306 εὑρεθήσεται
834 3242 950 3294 τοῖς
978 3228 1280 3310 φιλοπόνως
1323 3231 1418 3296 ea;
1447 3231 1586 3298 θείας
1621 3233 1847 3311 Γραφὰς.

545 3313 646 3380 27.
699 3317 817 3379 Sed
880 3325 942 3378 ut
998 3326 1260 3380 nostram
1321 3318 1498 3380 etiam
1532 3319 1608 3381 de
1639 3320 1750 3381 hac
1779 3319 1992 3381 eadem
2049 3333 2174 3383 rec

464 3405 1095 3486 comprehensionem,
1130 3417 1312 3489 atque
1349 3407 1748 3486 cognitionem
1768 3427 1835 3470 ex
1863 3409 2120 3491 propriis

466 3512 855 3572 exponamus,
891 3513 1099 3557 rursus
1129 3497 1217 3559 uti
1250 3497 1310 3558 in
1342 3498 1682 3579 exemplum
1715 3497 1970 3560 adducta
2009 3499 2117 3560 de-

466 3583 937 3664 prehenderent,
975 3584 1076 3666 qui
1123 3585 1182 3647 in
1219 3589 1525 3648 communi
1556 3587 1846 3650 Ecclesiae
1866 3606 2117 3668 corpore

463 3671 686 3747 vivunt,
745 3673 969 3736 nostris
1025 3676 1191 3736 hisce
1239 3685 1688 3740 connectamus.
1735 3679 1992 3738 Necesse
2023 3686 2114 3739 est

464 3759 756 3838 Spiritum
815 3771 1112 3836 sanctum,
1146 3771 1214 3826 ut
1240 3763 1502 3826 Trinitas
1549 3767 1871 3844 conjuncta
1913 3765 1991 3826 sit
2018 3774 2109 3826 at-

463 3869 580 3932 que
631 3851 1238 3927 aseipsaimlivulsa,
1297 3862 1356 3914 et
1405 3871 1479 3915 ne
1509 3854 1721 3914 divisio
1769 3854 1828 3913 in
1881 3854 1980 3915 illa
2011 3861 2114 3916 aut

463 3940 756 4018 separatio
788 3941 908 4002 ullo
935 3942 1111 4002 modo
1134 3941 1613 4023 concipiatur,ex
1641 3945 1813 4004 Patre
1842 3961 1977 4004 esse
2006 3961 2114 4025 per

462 4027 841 4102 Filium.Qua
883 4030 1042 4092 enim
1075 4031 1306 4093 ratione
1349 4031 1479 4094 ﬁeri
1525 4031 1764 4112 poterit,
1816 4039 1900 4112 ut,
1936 4032 1985 4093 si
2015 4050 2113 4094 res

465 4136 584 4178 non
608 4117 692 4180 ita
713 4136 779 4180 se
801 4118 1206 4192 habet,unitas
1228 4119 1502 4182 Trinitati
1529 4134 1916 4182 conservetur
1936 4123 1966 4182 ?
1985 4140 2118 4202 quae

463 4224 608 4269 vero
621 4207 834 4269 relatio
852 4207 1092 4270 tandem
1113 4209 1228 4270 erit
1245 4209 1402 4270 inter
1423 4209 1635 4272 Filium
1687 4219 1744 4272 ct
1775 4209 2063 4291 Spiritum
2087 4217 2116 4274 ’ἲ

397 4305 404 4316 '
463 4296 548 4358 Ex
568 4294 744 4358 Patre
767 4316 1024 4380 namque
1043 4297 1411 4379 dependent,
1436 4308 1492 4360 et
1522 4303 1633 4361 hoc
1666 4299 1842 4360 modo
1869 4309 2116 4378 utraque

463 4385 547 4447 uti
578 4405 648 4448 ex
684 4388 813 4466 ipso
843 4387 1190 4450 exsustentia
1225 4407 1330 4450 sua
1375 4387 1582 4458 dilata.
1614 4389 1966 4450 relationem
2003 4389 2110 4450 ha-

464 4476 605 4536 bent
626 4477 698 4536 ad
722 4476 1082 4558 ipsum,quae
1103 4476 1426 4558 unicuique
1448 4487 1760 4554 congruat.
1795 4477 1958 4539 Inter
1977 4495 2116 4538 vero

461 4564 694 4646 seipsos
743 4565 1042 4626 undenam
1094 4562 1213 4628 illis
1271 4565 1530 4628 adfuerit
1574 4566 1944 4628 indivisum?
1987 4584 2118 4648 qua;

2278 3309 2383 3391 κζ’.
2439 3319 2554 3378 Ἵνα
2608 3317 2777 3376 δὲκαὶ
2819 3321 2982 3391 ἡμεῖς
3021 3320 3094 3382 ὡς
3139 3317 3338 3398 ἔχομεν
3370 3316 3486 3394 περὶ
3529 3315 3712 3371 τούτου
3755 3335 3850 3370 και

2201 3408 2486 3485 ταλήψεως
2517 3408 2724 3466 οἴκοθεν
2777 3408 3040 3484 εἴπωμεν,
3095 3411 3183 3463 καὶ
3231 3404 3389 3463 πάλιν
3432 3403 3565 3484 ἅπερ
3608 3403 3660 3460 ἑν
3706 3405 3847 3461 ὑπο-

2199 3496 2471 3575 δείγμασιν
2501 3503 2548 3554 οὶ
2591 3497 2748 3577 λόγον
2800 3504 2941 3569 ζωῆς
3000 3504 3078 3573 τῷ
3119 3503 3280 3571 κοινῷ
3309 3500 3515 3571 σώματι
3570 3495 3670 3562 τῆς
3715 3492 3848 3550 Ἐκ-

2198 3584 2423 3654 κλησίας
2481 3586 2768 3666 ἐπέχοντες
2813 3587 2956 3644 οὗτοι
2999 3584 3239 3643 διέλαϐον
3268 3598 3384 3649 τοῖς
3418 3582 3693 3662 ἡμετέροις
3722 3581 3812 3639 ἐπι
3833 3615 3849 3630 ο

2199 3677 2537 3752 συνείρωμεν.
2602 3676 2837 3755 Ἀνάγκη
2893 3679 2954 3732 τὸ
3013 3683 3226 3752 Πνεῦμα
3258 3676 3317 3730 τὸ
3373 3674 3525 3753 ἅγιον
3577 3673 3719 3729 εἶναι
3776 3669 3849 3727 δι’

2196 3765 2317 3820 Υἱου
2371 3765 2512 3844 παρᾶ
2564 3767 2653 3820 τοῦ
2685 3767 2910 3844 Πατρὸς,
2961 3767 3034 3829 ὡς
3080 3765 3143 3821 ἂν
3171 3765 3232 3820 τὸ
3263 3762 3596 3838 συνημμένον
3623 3762 3658 3827 ἦ
3689 3761 3849 3832 Τριάς

2196 3853 2338 3932 ἔχοι.
2397 3855 2484 3909 καὶ
2540 3855 2670 3934 πρὸς
2714 3855 2904 3922 ἑαυτὴν
2957 3852 3338 3932 ἀδιάσπαστον,
3398 3852 3485 3906 καὶ
3527 3851 3606 3925 μὴ
3648 3846 3848 3927 διαίρε-

2199 3963 2281 4004 σις
2312 3943 2366 3997 ἐν
2395 3943 2561 4018 ταύτῃ
2619 3957 2800 4001 νοοῖτο
2855 3946 3060 4011 ποσῶς,
3105 3944 3193 3998 καὶ
3235 3939 3462 4020 διέχεια,
3495 3943 3616 4000 Πῶς
3647 3939 3768 4017 γὰρ,
3804 3939 3850 3994 εἰ

2198 4031 2277 4106 μὴ
2319 4033 2494 4103 τοῦτο,
2539 4036 2637 4098 τῆς
2693 4030 2909 4110 Τριάδος
2967 4033 3027 4090 τὸ
3082 4029 3364 4106 μοναδικὸν
3432 4028 3845 4106 τηρηθήσεταις

2198 4121 2286 4182 Τίς
2330 4117 2384 4175 δὲ
2429 4119 2659 4185 συνόλως
2715 4123 2750 4188 ἡ
2807 4121 2995 4201 σχέσις
3059 4122 3178 4177 ι’ἱοῦ
3235 4141 3290 4175 τε
3352 4117 3440 4173 καὶ
3497 4113 3846 4196 Πνεόματοςς

2199 4217 2301 4268 Τοῦ
2369 4209 2467 4285 μὲν
2540 4211 2640 4288 γὰρ
2738 4213 2940 4291 Πατρὸς
3023 4209 3302 4289 ἤρτηνται,
3377 4207 3464 4263 καὶ
3517 4213 3699 4263 τοῦτον
3754 4205 3848 4260 τὸν

2196 4299 2389 4378 τρόπον
2465 4299 2734 4379 ἀμςρότερα
2833 4300 3066 4377 καθάπερ
3163 4296 3214 4364 ἐξ
3284 4300 3442 4356 αὐτοῦ
3524 4293 3852 4352 πλουτοῦντα

2195 4389 2294 4454 τὴν
2377 4387 2614 4468 ὕπαρξιν,
2693 4390 2778 4446 καὶ
2852 4391 2951 4457 τὴν
3015 4389 3204 4470 σχέσιν
3268 4387 3456 4468 ἔχουσι
3512 4387 3642 4464 πρός
3689 4385 3851 4443 αὺτὸν

2197 4484 2296 4543 mo
2362 4476 2566 4550 ἑκάστῳ
2647 4480 3036 4556 προσήκουσαν,
3120 4478 3254 4555 Πρὸς
3319 4473 3528 4542 ἄλληλα
3581 4471 3637 4530 δὲ
3693 4473 3852 4530 πόθεν

2200 4567 2381 4630 αὐτοῖς
2440 4569 2500 4623 τὸ
2570 4567 2924 4647 ἀχώριστον;
2969 4570 3096 4624 ποία
3154 4566 3210 4624 δὲ
3265 4567 3354 4623 καὶ
3414 4565 3600 4646 σχέσις
3645 4563 3852 4624 τούτοις

460 4653 582 4715 illis
611 4654 818 4715 relatio
851 4654 1195 4716 tribuetur?
1236 4655 1490 4718 Prorsus
1527 4655 1713 4730 nulla,
1746 4664 1812 4716 ut
1842 4674 1912 4718 ex
1939 4654 2116 4718 dictis

2201 4655 2635 4728 ἀποδοθήσεται;
2698 4662 2912 4722 Πάντως
2983 4655 3196 4733 οὐδεμία
3267 4656 3403 4711 κατά
3469 4656 3530 4710 τὸ
3582 4659 3688 4708 τῶν
3755 4649 3854 4707 λε-

459 4743 782 4822 colligitur.
814 4741 1023 4808 Unitas
1051 4762 1191 4805 vero
1256 4761 1506 4826 prorsus
1534 4744 1744 4820 abibit,
1781 4743 1896 4805 nisi
1946 4744 2115 4825 quis-

462 4833 620 4914 piam
646 4832 876 4914 Spiritu
907 4833 980 4895 ad
1004 4833 1220 4896 Filium
1267 4835 1536 4914 proxime
1573 4843 1878 4896 contracto
1901 4835 2117 4897 frater-

458 4941 595 4984 nam
619 4922 974 4984 relationem
998 4923 1654 5004 comminiscalur,qua3
1675 4924 1801 4986 sola
1823 4923 2120 4985 similibus

458 5010 692 5092 reliqua
723 5018 882 5072 sunt.
917 5009 1341 5072 Verumtamen
1385 5011 1459 5072 ab
1490 5011 1820 5092 apostolica
1849 5010 2118 5073 doctrina

459 5100 746 5181 aliena,et
770 5107 934 5162 recte
966 5099 1104 5162 ﬁdei
1129 5100 1358 5162 absona
1383 5119 1515 5163 esse
1564 5119 1777 5165 omnes
1809 5101 1985 5182 plane
2015 5119 2118 5162 ca-

461 5198 637 5272 teque
667 5188 1010 5252 sciunt.nec
1039 5209 1224 5250 unum
1255 5189 1496 5270 aliquod
1527 5199 1640 5262 est,
1675 5193 1834 5271 quod
1864 5189 2121 5270 alicujus

457 5277 859 5358 cognitionem
922 5278 1189 5358 ell'ugiat.
1249 5278 1400 5351 Quid
1457 5297 1599 5358 ergo
1648 5279 1949 5360 reliquum
1982 5277 2122 5340 est?

458 5367 621 5430 Fieri
681 5369 912 5448 nequit,
966 5376 1029 5429 ut
1085 5368 1202 5430 alio
1235 5368 1414 5430 modo
1445 5369 1705 5450 Spiritus
1736 5369 1834 5440 sit,
1868 5367 1984 5429 nisi
2015 5385 2121 5449 per

455 5454 672 5518 Filium
705 5475 739 5516 a
771 5458 968 5532 Patre,
1023 5467 1087 5518 ut
1135 5458 1275 5519 inde
1327 5457 1638 5520 Trinitatis
1669 5457 1988 5519 indivisum
2024 5464 2117 5518 at-

459 5561 577 5623 que
609 5547 996 5624 conjunctum
1031 5555 1320 5626 emergat,
1371 5565 1549 5628 quam
1586 5565 1791 5608 rursus
1820 5547 1920 5628 qui
1955 5553 2118 5607 tenet

465 5632 621 5695 baud
647 5637 796 5709 scio,
849 5636 1148 5714 quomodo
1204 5653 1324 5698 uon
1371 5635 1630 5697 admittit
1669 5653 1775 5717 per
1825 5635 2040 5700 Filium
2085 5651 2120 5696 a

2197 4746 2437 4824 γομένων
2501 4746 2807 4808 ἀκόλουθον.
2883 4750 2954 4807 Τὸ
3023 4746 3078 4803 δὲ
3154 4752 3253 4814 τῆς
3323 4743 3565 4806 δνώσεως
3623 4743 3682 4798 τὸ
3739 4763 3854 4797 πα-

2201 4833 2368 4912 ράπαν
2427 4836 2708 4914 οἰχήσεται
2745 4850 2760 4864 ⁸
2871 4836 3015 4904 πλὴν
3087 4837 3129 4892 εἰ
3201 4835 3278 4910 μὴ
3338 4855 3418 4898 τις
3474 4830 3734 4908 ἐγγύτατα
3791 4831 3854 4886 τὸ

2202 4925 2413 4996 Πνεῦμα
2457 4925 2586 5002 πρὸς
2635 4927 2725 4981 τὸν
2782 4927 2900 4981 ι’ἱὸν
2932 4926 3106 5005 φέρειν
3137 4923 3286 4980 εἴποι
3318 4922 3401 4978 κοὶ
3442 4919 3631 4999 σχέσιν
3689 4915 3852 4973 ἀδελ-

2199 5013 2380 5090 φικὴν,
2432 5011 2465 5067 ἃ
2523 5015 2658 5088 μόνα
2727 5028 2846 5078 τοῖς
2943 5013 3111 5078 οὕτως
3183 5011 3402 5090 ἔχουσιν
3483 5005 3851 5068 ὑπολείπεται,

2201 5111 2374 5160 Ταῦτα
2429 5099 2485 5157 δὲ
2535 5101 2695 5158 πάλιν
2753 5100 2833 5158 ὅτι
2892 5101 3010 5168 ξένα
3061 5107 3158 5169 τῆς
3193 5099 3552 5166 ἀποπολικῆς
3609 5091 3860 5150 διδασκα-

2201 5189 2340 5262 λίας,
2397 5192 2486 5248 καὶ
2559 5197 2659 5258 τῆς
2731 5189 3022 5270 ὁρθοδοξίας
3078 5189 3360 5267 ἀλλότρια,
3417 5186 3611 5248 πάντες
3672 5183 3855 5240 ἴσασιν

2204 5277 2452 5358 ἀκριϐῶς,
2499 5281 2572 5338 ὧν
2618 5279 2762 5339 οὖδὲν
2819 5285 2917 5342 τὴν
2969 5285 3165 5361 γνῶσιν
3249 5274 3456 5336 οὐδενὸς
3512 5272 3851 5352 διαπέφευγε.

2203 5369 2263 5426 Τί
2305 5367 2541 5444 λοιπόν;
2602 5373 2710 5428 Οὔκ
2752 5369 2924 5432 ἄλλως
2979 5369 3209 5449 πέφυκεν
3252 5371 3393 5423 εἶναι
3422 5365 3484 5420 τδ
3525 5369 3738 5437 Πνεῦμα
3793 5363 3856 5417 τὸ

2201 5457 2353 5536 ἅγιον
2407 5458 2443 5527 ἢ
2501 5455 2567 5513 δι’
2634 5461 2754 5516 Υἱοῦ
2811 5461 2953 5538 παρᾶ
3006 5468 3100 5519 τοῦ
3157 5457 3385 5536 Πατρὸς,
3428 5455 3502 5516 ὡς
3531 5449 3762 5510 ἐντεῦθεν
3791 5452 3855 5508 τὸ

2199 5550 2298 5614 τῆς
2352 5545 2566 5626 Τριάδος
2639 5546 2919 5626 ἀμέριστον
3002 5548 3310 5626 θεωρεῖσθαι
3395 5543 3483 5600 καὶ
3539 5541 3636 5608 τὴν
3693 5541 3857 5595 συνά-

2201 5657 2374 5717 φειαν,
2403 5635 2468 5705 ἢν
2499 5639 2640 5700 αὖθις
2697 5640 2789 5695 οὐκ
2845 5636 2968 5695 οἶδα
3022 5637 3137 5700 πῶς
3195 5637 3223 5692 ὁ
3253 5631 3481 5704 δοξάζων
3533 5630 3592 5688 06
3636 5631 3858 5709 προσίε-
