4208 6290
614 315 641 376 1
657 312 777 379 099

1755 319 2273 386 CONSTANTINI
2315 286 2862 390 MELITENIom

3832 319 3973 385 1100

617 449 780 512 dium
812 450 1209 514 interPatrem
1236 451 1486 515 etFilum
1515 453 1708 533 palam
1736 456 2260 535 pronuntiavit.Sic

2348 462 2479 530 πρὸς
2534 460 2593 515 ὃν
2646 460 2897 539 ἀνάγεται
2977 461 3043 515 τὰ
3113 457 3257 527 ἑξῆς.
3339 459 3507 516 Μέσον
3550 461 3635 516 καὶ
3695 461 3843 521 οὗτος
3893 460 3973 514 τὸν

619 540 776 601 enim
810 540 1363 623 loquitur:Spiritus
1387 552 1635 604 sanctus
1666 546 1828 623 quia
1853 545 2036 606 Patre
2063 564 2266 625 procc-

614 627 839 709 ἀεὶ,ᾳυὶ
860 633 951 693 uti
980 632 1121 693 inde
1139 632 1563 712 procedit,non
1576 639 1659 695 est
1686 637 2101 708 creatura,uti
2129 653 2265 697 vero

615 718 927 797 ingenitus
946 728 1182 793 est,non.
1200 729 1287 781 est
1310 720 1634 793 Filius;uti
1650 739 1787 783 vero
1816 741 1935 783 non
1954 724 2149 799 geniti
2161 742 2265 799 ge-

614 807 853 886 nitique
883 809 1145 883 medius,
1184 811 1342 870 Deus
1378 808 1611 871 est.Sed
1644 817 1707 869 ut
1740 811 2041 890 proposita
2086 811 2267 874 dubia

617 895 850 957 solvere
864 898 1236 975 aggrediar,a
1261 907 1556 977 postremo
1571 899 1683 959 hoc
1701 901 1771 959 ad
1790 901 2041 979 primum
2063 901 2266 963 inver-

617 1002 681 1045 so
700 985 907 1046 ordine
933 987 1389 1066 progrediarzsic
1407 988 1562 1048 enim
1581 990 1767 1048 oratio
1785 990 2014 1050 facilius
2026 991 2265 1051 melius-

613 1092 727 1153 que
758 1074 1197 1154 procedet.Non
1224 1077 1412 1155 ipsam
1436 1074 1694 1154 Spiritus
1719 1078 2075 1155 liypostasim
2101 1096 2268 1139 mens

608 1164 1390 1244 vigilans(Gregorius)inter
1412 1167 1645 1226 Patrem
1668 1175 1724 1226 et
1746 1166 1960 1226 Filium
2008 1167 2265 1228 mediam

613 1254 1092 1323 existimans,sed
1126 1257 1551 1334 opponentium
1583 1255 2097 1335 divisionem,quaa
2117 1264 2263 1336 erat,

2350 547 2556 625 Πατέρα
2610 546 2757 606 δοκεῖ
2799 554 2912 613 πῶς
2946 551 3142 611 είπεϊν.
3176 548 3348 604 Μέσον
3390 549 3490 626 γὰρ
3551 547 3657 603 τῶν
3707 544 3975 621 ἡνωμένων

2347 640 2407 694 τὸ
2464 637 2607 694 ένοῦν
2665 640 2753 695 καὶ
2803 640 2838 706 ἡ
2899 636 3107 702 ἕνωσις.
3170 636 3259 693 Ἐν
3301 634 3357 693 δὲ
3411 643 3488 711 τῷ
3541 638 3661 715 περὶ
3712 644 3807 694 τοῦ
3845 635 3977 711 ἆγίω

2351 728 2653 801 Πνεύματος
2734 726 3082 805 ἀντιῤῥητικῷ
3177 727 3240 782 τὸ
3348 732 3558 798 Πνεῦμα
3662 723 3826 799 μέσον
3901 730 3980 779 τοῦ

2351 814 2554 891 Πατρός
2611 817 2699 871 καὶ
2761 816 2853 870 τοῦ
2931 817 3052 870 Υἱοῦ
3119 811 3399 891 διαρρήδην
3482 810 3792 894 ἔφθέγξατο.
3843 810 3983 888 Δέγει

2351 904 2450 979 γὰρ
2515 905 2705 959 οὖτωσί
2737 923 2750 936 ·
2842 905 2913 961 Τὸ
2996 909 3208 978 Πνεῦμα
3262 902 3323 958 τό
3380 902 3553 981 ἅγιον,
3624 902 3654 957 ὃ
3707 900 3851 980 παρὰ
3902 899 3985 955 τοῦ

2348 993 2550 1070 Πατρὸς
2646 992 3007 1072 ιικπορεύεται²
3096 993 3125 1047 ὃ
3188 993 3412 1049 καθὸσον
3484 992 3580 1066 μὲν
3635 990 3845 1046 ἐκεῖθεν
3909 988 3987 1043 ὲκ-

2346 1082 2624 1157 πορευτὸν,
2697 1086 2756 1140 οὗ
2828 1082 3046 1160 κτίσμα,
3128 1080 3350 1136 καθόσον
3428 1077 3483 1135 δὲ
3574 1078 3633 1135 οὗ
3720 1079 3984 1157 γεννητὸν,

2350 1169 2445 1225 οὒκ
2514 1171 2633 1233 Υἱός
2669 1186 2683 1200 ⁸
2765 1172 2989 1227 καθόσον
3088 1166 3142 1224 δὲ
3217 1168 3505 1244 ἀγεννήτου
3578 1168 3670 1223 καὶ
3750 1172 3988 1244 γεννητοῦ

2350 1258 2511 1332 μέσον
2572 1260 2724 1321 Θεός.
2798 1256 2951 1314 ’ώλλ’
3024 1254 3099 1314 ἵν’
3176 1258 3407 1313 ἑντεῦθεν
3460 1262 3555 1313 τοῦ
3602 1254 3751 1312 λύειν
3792 1257 3859 1311 τὰ
3897 1255 3987 1311 tiro

612 1342 662 1402 si
689 1341 845 1402 Deus
875 1342 1130 1418 Spiritus
1160 1350 1377 1415 est,aut
1420 1352 1509 1403 est
1558 1343 1854 1421 ingenitus
1878 1353 1975 1405 aut
2009 1346 2260 1422 genitus,

2349 1345 2701 1423 προτεθέντων
2754 1346 3117 1426 ἀπιιρημάτων
3174 1343 3487 1425 ἀρξάμενος,
3566 1343 3806 1424 ἔσχατον
3863 1343 3987 1399 παν-

615 1430 715 1510 qui
748 1431 893 1491 nihil
934 1431 1090 1491 inter
1148 1431 1280 1493 illos
1328 1432 1589 1493 medium
1646 1453 1778 1495 esse
1811 1433 2260 1511 suspicabantur

2348 1457 2453 1490 των
2495 1435 2581 1491 ἐπὶ
2644 1437 2705 1492 τὸ
2747 1440 2954 1514 πρῶτον
3009 1436 3326 1504 καταντήσω
3372 1435 3571 1491 τοὺτων
3629 1430 3756 1490 κατ’
3799 1432 3989 1488 ἀναπο-

612 1521 919 1592 retellens,
954 1520 1170 1581 similia
1216 1521 1529 1583 scribit.Et
1579 1524 1819 1601 hujusce
1861 1522 2260 1602 reiinterpres

2348 1521 2538 1598 δισμόν
2573 1542 2586 1557 ⁸
2621 1522 2761 1580 οὕτω
2790 1524 2888 1601 γὰρ
2945 1525 2973 1580 6
3023 1521 3181 1602 λόγος
3237 1520 3501 1599 βαδιεῖται
3549 1520 3790 1598 μάλιστα
3818 1517 3990 1599 ρᾳδέως

614 1608 1094 1670 accuratissimus
1119 1628 1235 1669 non
1260 1610 1410 1669 alius
1444 1629 1619 1689 quam
1648 1612 1742 1671 hic
1776 1611 1904 1688 ipse
1935 1611 2145 1681 fuerit,
2165 1612 2260 1692 qui

2348 1613 2435 1668 καὶ
2477 1611 2693 1689 βέλτιον
2727 1627 2741 1642 ⁸
2802 1616 2899 1672 οῦκ
2954 1613 3114 1680 αὐτὴν
3184 1613 3279 1668 τοῦ
3330 1612 3638 1686 Πνεύματος
3697 1611 3803 1677 τὴν
3867 1611 3991 1665 ὑπό-

613 1699 943 1777 anticipans
972 1699 1384 1758 adversarium
1421 1698 1947 1774 interrogavitUbi
1978 1700 2260 1762 enimrol-

2348 1722 2534 1758 στασιν
2605 1703 2633 1757 6
2692 1702 2953 1781 γρήγορος
3038 1707 3156 1765 νοῦς
3239 1699 3404 1796 μέσον
3463 1700 3671 1796 Πατρὸς
3739 1699 3831 1754 καὶ
3886 1698 3993 1796 Υἱοῦ

612 1787 833 1849 locabis
854 1787 1006 1865 quod
1026 1787 1510 1865 procedit,dicilo
1550 1787 1698 1848 mihi
1748 1789 2018 1850 medium
2065 1794 2130 1850 in
2162 1797 2260 1850 tua

2346 1787 2571 1860 δοξάζων
2626 1797 2781 1846 τοῦτο
2850 1812 3005 1869 φησι.
3069 1790 3178 1857 Τὴν
3232 1785 3292 1844 δέ
3346 1791 3451 1845 τῶν
3508 1785 3990 1861 ἀντιδιατιθεμένων

610 1876 904 1937 divisione
932 1874 1262 1937 exortum?
1306 1875 1431 1936 Hoc
1463 1885 1576 1948 est,
1613 1885 1672 1937 tu
1706 1877 1945 1956 quidem
1983 1886 2140 1939 tuam
2175 1879 2260 1939 di-

2345 1876 2614 1959 διαίρεσιν,
2680 1879 2802 1954 τὴν,
2864 1880 2907 1934 εἰ
2992 1879 3121 1941 Θεὸς
3201 1879 3264 1935 τὸ
3327 1882 3559 1951 Πνεῦμα,
3623 1875 3908 1954 λέγουσαν,
3957 1875 3988 1940 ἢ

610 1966 899 2028 visionem
949 1964 1030 2024 ita
1085 1984 1151 2025 se
1200 1964 1422 2026 habere
1452 1966 1787 2044 suspicatus
1818 1985 1906 2041 es,
1942 1968 2109 2047 quasi
2163 1967 2260 2028 illa

2345 1967 2657 2045 ἀγέννητον,
2730 1966 2766 2035 ἢ
2826 1968 3106 2045 γεννητὸδ,
3165 1965 3256 2023 ἅτε
3322 1964 3513 2044 μηδὲν,
3577 1966 3651 2031 ὡς
3709 1964 3989 2043 ἔμπρ;σθεν

613 2054 814 2116 omnia
842 2054 1335 2134 comprehendat,
1372 2063 1430 2115 et
1457 2055 1605 2116 nihil
1636 2056 1791 2136 quod
1824 2076 1942 2118 non
1991 2058 2050 2117 in
2091 2075 2161 2116 ea
2188 2057 2260 2118 sit

2348 2057 2569 2134 εἰρήκει,
2634 2056 2795 2131 μέσον
2878 2056 3020 2112 εἶναι
3090 2055 3292 2112 τούτων
3366 2050 3853 2129 ὑπολαμϐάνουσαν
3903 2051 3986 2106 έκ-

612 2144 984 2224 relinquatur
1014 2167 1027 2204 :
1065 2152 1122 2204 at
1154 2144 1212 2203 in
1246 2144 1405 2204 illius
1439 2144 1636 2204 medio
1698 2165 1768 2206 ex
1818 2149 2131 2221 negatione
2156 2165 2260 2206 ex-

2347 2145 2689 2222 τρεπόμενος,
2737 2153 2831 2203 τοῦ
2885 2142 2940 2199 δὲ
2995 2144 3209 2205 πάντως
3285 2142 3556 2220 ἒξηγητὴς
3614 2138 3985 2221 ἀκριϐέστατος

607 2242 935 2295 tremorum
970 2233 1301 2312 procedens
1332 2234 1624 2311 apparuit,
1659 2234 1814 2313 quod
1851 2253 1967 2294 non
2020 2243 2109 2294 est
2152 2252 2260 2295 ne-

2346 2234 2439 2288 οὒκ
2495 2232 2681 2312 ἄλλος²
2740 2231 2859 2289 ἀλλ’
2904 2234 3054 2294 οὗτος
3088 2232 3265 2306 αὒτός,
3320 2233 3378 2295 ὃς
3427 2233 3515 2287 καὶ
3571 2226 3862 2309 προλαϐὼν
3904 2230 3985 2284 τὸν

560 2356 575 2370 ο
612 2341 727 2402 que
783 2322 1136 2400 ingenitum,
1171 2340 1366 2400 neque
1421 2322 1707 2399 genitum.
1764 2320 1834 2381 Et
1878 2322 1986 2382 hac
2029 2322 2260 2383 ratione

2343 2322 2646 2379 ὑπεναντίον
2704 2321 2928 2401 ἐπὴρετο
2959 2338 2972 2352 ⁸
3033 2323 3140 2377 Ποῦ
3213 2321 3313 2399 γὰρ
3371 2322 3552 2390 θήσεις
3612 2320 3679 2376 τὸ
3738 2321 3982 2397 εκπορευ-

616 2411 881 2471 medium
904 2409 1359 2487 dixitSpiritum
1394 2418 1685 2475 sanctum,
1723 2428 1856 2469 cum
1892 2428 2010 2487 prie
2043 2410 2133 2470 liis
2163 2410 2259 2472 in-

2343 2411 2457 2486 τόν,
2503 2410 2615 2467 εἰπέ
2671 2433 2785 2487 μοι,
2874 2410 3036 2487 μέσον
3121 2409 3405 2490 ἀναφανέν,
3478 2410 3578 2476 τῆς
3634 2408 3739 2476 σῆς
3799 2405 3981 2486 διαιρέ-

613 2498 812 2577 genito
870 2516 1088 2576 nempe
1140 2508 1316 2575 atque
1372 2497 1571 2575 genito
1631 2497 1789 2556 aliud
1832 2507 2010 2572 esset,
2047 2518 2260 2579 nempe

2735 2500 2743 2515 ρ
2953 2500 2968 2517 \
3081 2498 3098 2517 κ
3252 2496 3278 2518 α
3465 2500 3476 2517 \
3619 2498 3633 2514 ι

2344 2518 2530 2575 ςεωςς
2587 2510 2857 2572 Τουτεστι,
2919 2521 2982 2554 συ
3039 2520 3136 2575 μεν
3221 2521 3358 2555 ουτω
3422 2520 3523 2565 την
3578 2520 3682 2565 σην
3751 2494 3981 2576 διαίρεσιν

611 2585 1127 2667 procedens,quod
1154 2601 1551 2645 extremorum
1589 2586 1914 2662 divisionis,
1946 2596 2009 2648 ut
2036 2588 2257 2649 dictum

2343 2586 2491 2667 ἔχειν
2561 2588 2914 2663 ὑποπτεύσας,
2997 2589 3071 2651 ὡς
3155 2584 3397 2644 δὺνασθαι
3468 2583 3884 2665 περιλαμϐάνειν
3929 2584 3981 2639 τὸ

608 2674 1037 2753 est,negatione
1095 2673 1355 2734 medium
1390 2674 1683 2735 exsistens
1712 2685 1918 2735 contra
1948 2694 2259 2754 opponens

2343 2682 2469 2749 πᾶν,
2533 2678 2619 2732 καὶ
2672 2673 2838 2751 μηδὲν
2918 2673 3348 2754 παραλιμπάνειν
3407 2675 3607 2742 ταύτης
3664 2674 3848 2748 ἐκτὸς,
3896 2671 3979 2738 sic

568 2836 572 2840 ,
614 2764 876 2843 maligne
923 2762 1326 2842 supprimens,
1360 2780 1428 2823 ex
1460 2762 1694 2823 duobus
1741 2763 1861 2824 illis
1918 2783 2099 2825 unum
2155 2767 2259 2827 ad-

2343 2761 2394 2818 δὲ
2455 2764 2617 2839 μέσον
2673 2763 2724 2829 ἐξ
2806 2764 3123 2843 ἀποφάσεως
3205 2768 3313 2820 τῶν
3364 2761 3540 2841 ἄκρων
3566 2761 3630 2818 τὰ
3679 2762 3982 2840 ἐκπορευτὸν

612 2854 890 2914 nectebat
938 2852 1280 2913 necessario
1340 2850 1611 2931 Spiritui,
1669 2853 1856 2913 Deum
1905 2852 2072 2913 illum
2106 2872 2259 2929 esse,

2348 2852 2734 2932 ἀδαπέφανται,
2788 2851 2915 2928 μήτ’
2986 2851 3272 2932 ἀγέννητον
3353 2852 3619 2932 ὑπάρχον,
3678 2863 3823 2927 μητε
3890 2849 3981 2925 μὴν

612 2941 768 3022 quod
791 2951 1065 3001 neutrum
1094 2942 1327 3003 illorum
1359 2942 1487 3001 sine
1517 2942 2261 3019 controversiaexsistcret,

2348 2942 2625 3019 γεννητόν.
2699 2942 2847 3000 Κατὰ
2900 2943 3087 2999 τοῦτον
3160 2941 3252 2998 τόν
3307 2938 3467 3019 λόγον
3521 2940 3686 3017 μέσον
3742 2942 3871 2997 εἷπε
3930 2939 3982 2994 τὸ

612 3030 896 3091 dirimere
922 3030 1070 3090 forte
1105 3030 1499 3106 contendens;
1525 3030 1783 3091 medium
1812 3042 2005 3092 autem
2030 3032 2260 3095 divisio-

2350 3034 2560 3105 Πνεῦμα
2614 3032 2675 3087 τὸ
2726 3029 2900 3111 ἅγιον³
2965 3032 3039 3095 ὡς
3122 3029 3297 3111 ἕτερον
3354 3028 3413 3085 ὅν
3467 3030 3608 3116 παρὰ
3678 3036 3873 3109 ταῦτα,
3930 3027 3984 3083 τὸ

614 3120 707 3181 nis
732 3120 1203 3181 adversariorum
1238 3130 1643 3182 extremorum
1670 3122 2011 3199 negatione,
2043 3132 2107 3182 ut
2139 3123 2262 3202 jam

609 3210 869 3270 diximus
899 3209 981 3270 uti
1015 3210 1369 3288 procendens,
1424 3211 1759 3271 secundum
1798 3211 2031 3272 Domini
2056 3230 2261 3272 vocem

611 3300 910 3378 apparuit.
959 3298 1081 3358 Hoc
1115 3299 1253 3358 item
1300 3299 1428 3378 ipse
1471 3318 1716 3377 magnus
1765 3298 1939 3360 Pater
1965 3300 2261 3362 similibus

612 3386 1002 3450 divisionibus
1034 3387 1280 3447 valiJior
1304 3388 1513 3466 inquit.
1551 3387 1634 3449 Ita
1666 3408 1772 3466 ego
1805 3389 1879 3449 de
1913 3390 2025 3449 hoc
2068 3390 2261 3450 sentio

614 3484 676 3538 et
704 3477 863 3536 hunc
896 3479 1164 3553 praesenti
1198 3476 1529 3536 auctoritati
1559 3476 1926 3538 intellectum
1981 3478 2253 3538 exhibeo.

608 3568 686 3627 At
720 3564 979 3623 medium
1044 3567 1269 3623 Patrem
1318 3565 1551 3629 videtur
1598 3567 1823 3639 dicere,
1860 3585 1993 3627 cum
2054 3586 2259 3629 rursus

606 3654 688 3713 ait
718 3674 732 3713 :
778 3653 933 3713 Unio
963 3659 1168 3714 autem
1205 3655 1393 3713 Pater
1421 3660 1607 3725 cst,e:c
1636 3672 1748 3732 quo
1781 3663 1835 3715 et
1863 3655 1943 3715 ad
1972 3672 2144 3733 quem
2172 3675 2259 3718 re-

605 3740 924 3820 feruntur,
984 3758 1114 3818 qua:
1170 3740 1638 3817 subsequuntur.
1701 3742 1961 3803 Primum
2019 3745 2257 3824 quidem

613 3830 874 3890 nondum
901 3829 1089 3909 capio,
1122 3847 1373 3908 quanam
1405 3833 1630 3891 ratione
1663 3839 1821 3892 tanta
1856 3832 2070 3893 virtute
2104 3852 2257 3912 pra;-

607 3918 771 3981 ditus
830 3918 918 3977 vir
968 3916 1322 3996 sibimetipsi
1378 3919 1697 3999 coptraria,
1733 3919 1998 3998 etplane
2045 3922 2260 3983 adver-

608 4006 821 4087 santia,
852 4025 1009 4067 nunc
1039 4006 1279 4085 quidem
1334 4006 1620 4087 Spiritum
1671 4028 1831 4069 nunc
1866 4012 2090 4070 Patrem
2127 4030 2258 4071 me-

609 4095 771 4156 dium
806 4105 1094 4171 statuens,
1120 4095 1194 4155 ab
1227 4114 1410 4175 zequ
1443 4097 1850 4174 cognitoribus
1880 4116 2147 4161 asserere
2169 4118 2260 4161 re-

612 4184 936 4265 putabitur.
966 4182 1170 4263 Neque
1225 4187 1381 4245 enim
1426 4197 1673 4265 utraque
1712 4206 1852 4247 vera
1901 4206 2033 4249 esse
2088 4196 2258 4267 pote-

2346 3118 2634 3196 ἀγέννητον
2676 3116 2881 3187 δηλαδὴ
2937 3120 3028 3176 καὶ
3066 3120 3129 3177 τὸ
3181 3118 3459 3197 γεννητὸν,
3517 3115 3683 3198 ἤγουν
3736 3118 3982 3196 ἐκπυρω-

2344 3208 2459 3283 τόν,
2520 3206 2648 3286 ὅπερ
2703 3213 2774 3284 τῇ
2813 3215 2921 3264 τῶν
2963 3207 3165 3285 ἄκρων,
3220 3209 3296 3272 ὡς
3339 3207 3575 3285 εἴρηται,
3634 3211 3739 3275 τῆς
3797 3204 3983 3286 διαιρᾶ-

2344 3316 2480 3358 σεως
2537 3294 2800 3375 ἀποφάσει
2884 3295 3045 3372 μέσον
3114 3295 3383 3376 τυγχάνον
3440 3298 3469 3351 6
3524 3294 3822 3375 ἀντιλέγων
3886 3314 3982 3350 κα-

2341 3385 2577 3462 κούργως
2661 3384 3099 3462 ἀποκρυψάμενος
3185 3391 3291 3441 τῶν
3368 3382 3459 3440 δύο
3542 3384 3740 3452 ταύτης
3825 3384 3885 3440 τὸ
3934 3380 3983 3437 ἕν

2340 3478 2658 3552 τροσῆπτεν,
2732 3472 2785 3539 ἐξ
2854 3472 3090 3551 ἀνάγκης
3130 3477 3209 3546 τῷ
3267 3473 3528 3549 Πνεύματι
3578 3473 3672 3529 τὸν
3713 3474 3848 3530 Θεὸν
3900 3470 3983 3526 εἴ·

2341 3584 2424 3617 ναι
2493 3560 2648 3617 τοῦτο
2699 3558 2784 3617 διὰ
2841 3562 2902 3617 τὸ
2966 3558 3251 3641 μηδέτερον
3309 3563 3481 3619 αὐτῶν
3549 3558 3983 3639 ὁμολογουμένακ

2341 3649 2624 3730 όποίρχειν,
2670 3648 2953 3730 ἀναιρῆσαι
3008 3649 3156 3730 τᾶχα
3212 3649 3551 3729 φιλονεικῶν.
3599 3651 3672 3708 Τὸ
3719 3648 3779 3706 δὲ
3834 3648 3985 3725 μέσον

2340 3744 2438 3806 τῆς
2507 3745 2614 3795 τῶν
2668 3739 3048 3814 ἀντικειμένων
3132 3736 3434 3819 διαιρέσεως
3518 3736 3638 3795 κατ’
3699 3739 3981 3819 ἀποφασιν,

2341 3829 2575 3905 καθάπερ
2631 3830 2721 3885 καὶ
2789 3827 3061 3906 λέλεκται,
3110 3834 3217 3884 τῶν
3271 3828 3448 3907 ἄκρων
3506 3826 3848 3907 ἀπολειφθὲν,
3914 3827 3981 3887 ὣς

2343 3914 2675 3994 ἐκπορευτὸν,
2739 3918 2874 3974 κατὰ
2914 3917 3014 3985 τὴν
3067 3923 3160 3975 τοῦ
3209 3917 3393 3996 Κυρίου
3435 3918 3638 3997 φωνὴν,
3671 3918 3803 3979 Θεὸς
3855 3916 3982 3971 ἀνα·-

2341 4006 2597 4086 πέφηνεν.
2646 4008 2812 4072 Αὐτός
2896 4007 3101 4072 ἐκεῖνος
3157 4009 3246 4065 καὶ
3299 4014 3453 4065 τοῦτο
3520 4028 3683 4088 φησιν
3739 4009 3771 4063 6
3822 4006 3979 4083 μέγας

2342 4097 2523 4175 Πατὴρ
2579 4102 2686 4153 τῶν
2741 4098 2994 4155 τοιούτων
3037 4094 3342 4171 διαιρέσεων
3392 4096 3753 4176 ἰσχυρότερος.
3812 4094 3979 4154 Οὕτως

2341 4185 2458 4263 ἑχω
2513 4185 2632 4263 περὶ
2685 4185 2891 4262 τούτου,
2956 4188 3047 4243 καὶ
3101 4184 3352 4252 τοιαύτην
3408 4182 3592 4260 δίδωμι
3633 4190 3710 4259 τῷ
3768 4181 3976 4262 παρόντι

605 4280 765 4337 runt.
827 4273 913 4333 uti
963 4274 1237 4334 nonnulli
1293 4274 1444 4335 forte
1492 4275 1914 4356 opiuabuntur.
1968 4277 2260 4338 Przeterea

2343 4274 2484 4351 ῥητῷ
2538 4274 2635 4341 τὴν
2676 4271 2930 4334 διάνοιαν.
2989 4275 3113 4349 Περὶ
3169 4271 3224 4329 δὲ
3274 4278 3367 4356 τοῦ
3410 4273 3618 4351 Πατέρα
3654 4270 3799 4337 δειξαι
3827 4274 3975 4346 μέσον

603 4361 867 4423 medium
900 4381 1030 4423 esse
1057 4366 1323 4436 Putrem,
1350 4353 1590 4442 prorsus
1621 4365 1825 4445 nequit
1855 4364 2253 4431 admitti.cum

2343 4363 2510 4417 εἰπεῖν
2580 4362 2633 4417 έν
2704 4361 2790 4427 οἷς
2845 4362 2987 4426 αὖθίς
3041 4384 3207 4430 πησιν
3239 4377 3256 4393 ⁸
3338 4353 3578 4425 ’Ἐνωσις
3633 4358 3690 4417 δὲ
3730 4362 3761 4418 6
3806 4358 3972 4435 Πατὴρ

2345 4450 2389 4471 1P
2468 4449 2493 4471 Υ
2606 4452 2621 4471 \
2741 4452 2752 4465 ‘
2859 4448 2886 4471 1⁸
2981 4451 2996 4471 9
3055 4451 3068 4471 Ι
3334 4451 3348 4469 \
3414 4452 3427 4471 ι
3446 4448 3499 4471 Γ-
3526 4470 3533 4471 ,
3569 4464 3584 4471 -
3714 4455 3744 4467 ευ
3906 4447 3943 4471 εὶ
3964 4468 3969 4471 λ

605 4451 965 4529 principium
998 4450 1262 4511 omnium
1299 4470 1591 4512 consensu
1623 4453 1698 4513 sit
1746 4454 1889 4512 i.lud
1924 4453 2097 4512 etiam
2126 4472 2256 4532 qum

2343 4450 2393 4514 ἐξ
2435 4449 2495 4506 οὗ
2536 4452 2624 4506 καὶ
2666 4452 2797 4529 πρὸς
2858 4448 2917 4507 ὅν
2972 4451 3225 4530 ἀνάγεται
3294 4451 3362 4506 τὰ
3414 4448 3538 4517 ὶξῆς
3569 4464 3584 4480 ⁸
3635 4455 3821 4529 πρῷτα
3886 4447 3971 4524 μὲν

603 4540 1339 4619 subsequmtturadditum
1374 4541 1485 4601 hoc
1514 4542 1853 4616 intelligere
1886 4551 2036 4604 vetat
2068 4558 2080 4602 :
2124 4560 2258 4603 cum

610 4646 682 4690 ea
704 4646 833 4708 quae
865 4637 1000 4688 sunt
1030 4628 1211 4689 alicui
1244 4648 1311 4689 ex
1341 4647 1460 4689 una
1491 4638 1552 4691 et
1582 4650 1649 4692 ex
1682 4632 1866 4692 altera
1899 4640 2081 4709 parte,
2112 4650 2259 4690 nun-

605 4735 781 4798 quam
815 4716 931 4778 sibi
954 4736 1193 4790 nomeu,
1229 4736 1363 4797 qua:
1392 4728 1730 4798 sequuntur
1758 4718 2116 4793 adsciscent,
2151 4717 2255 4779 sed

604 4824 743 4867 vere
772 4826 841 4866 ex
871 4814 1117 4886 utraque
1143 4817 1305 4886 parte
1337 4825 1350 4869 :
1385 4819 1721 4888 sequuntur
1772 4809 1930 4869 enim
1966 4826 2098 4887 quae
2128 4816 2257 4886 post

606 4896 800 4976 ipsum
833 4894 892 4956 in
927 4896 1400 4957 consideratione
1448 4899 1710 4958 veniunt.
1767 4897 1930 4957 Licet
1976 4897 2072 4957 hic
2121 4914 2258 4975 quae

610 4992 979 5064 sequuntur,
1008 4984 1190 5044 Filius
1221 5004 1438 5065 nempe
1466 4995 1522 5047 et
1542 4987 1796 5066 Spiritus
1818 5002 2083 5064 sanctus,
2128 4993 2259 5063 post

612 5077 938 5147 Patrem,et
974 5092 1087 5132 una
1113 5091 1244 5133 cum
1282 5077 1474 5149 Patre,
1524 5084 1670 5149 tum,
1714 5075 1866 5154 quod
1906 5092 1973 5134 ex
2028 5091 2099 5134 eo
2145 5074 2255 5134 ha-

612 5160 778 5239 bent,
813 5161 969 5241 quod
997 5162 1137 5234 sint,
1173 5171 1295 5222 tum
1327 5165 1484 5243 quod
1515 5175 1571 5225 et
1603 5165 1703 5225 illa
1730 5172 1877 5224 citra
1908 5172 2138 5242 tempus
2164 5181 2257 5223 ex-

607 5248 837 5322 sistant,
873 5260 932 5309 et
961 5268 1092 5311 cum
1123 5250 1223 5311 illo
1249 5254 1475 5313 nullum
1510 5253 1863 5333 principium
1898 5251 2255 5330 possideant.

611 5335 738 5398 Hoc
782 5337 980 5417 itaque
1058 5340 1175 5399 hac.
1249 5343 1478 5405 ratione
1556 5343 1810 5403 sublato.
1867 5340 2008 5401 unio
2066 5341 2262 5419 magni

615 5422 887 5504 Gregorii
944 5426 1099 5487 dicto
1171 5431 1472 5491 vocabitur
1524 5431 1719 5507 Pater,
1773 5431 1925 5511 quod
1974 5429 2261 5490 naturali-

610 5513 750 5574 liter
775 5532 842 5575 ex
878 5533 945 5576 eo
979 5517 1426 5594 progredientes
1454 5519 1640 5582 Filius
1690 5528 1749 5582 et
1774 5517 2037 5598 Spiritus
2083 5535 2261 5578 sanc-

613 5608 715 5667 tus
741 5649 759 5682 ,
814 5602 1040 5689 absque
1095 5603 1219 5666 ulla
1266 5607 1611 5690 egressione
1667 5608 1729 5670 in
1757 5608 1887 5689 ipso
1932 5605 2261 5669 secundum

2342 4541 2446 4618 οὔχ
2486 4539 2592 4617 ὁρῶ
2647 4543 2763 4602 πῶς
2826 4538 3033 4596 ἐναντία
3101 4539 3277 4619 λέγειν
3335 4540 3507 4612 ἑαυτῷ
3559 4539 3647 4595 καὶ
3700 4537 3971 4619 μαχόμενα

2340 4628 2482 4705 παρὰ
2535 4640 2653 4691 τοῖς
2698 4628 2993 4705 εὐγνώμοσι
3049 4635 3157 4686 τῶν
3233 4626 3432 4708 ἀνδρῶν
3488 4630 3517 4684 6
3583 4630 3835 4692 τοσοῦτος
3885 4625 3971 4693 τήν

2340 4717 2533 4796 ἀρετὴν
2588 4719 3014 4793 πιστευθήσεται,
3103 4725 3190 4776 νῦν
3254 4718 3351 4794 μὲν
3392 4719 3455 4775 τὸ
3510 4723 3744 4793 Πνεῦμα,
3805 4722 3889 4773 ὠν
3925 4711 3970 4768 δί

2341 4806 2432 4862 τόν
2500 4805 2708 4886 Πατέρα
2777 4805 2938 4882 μέσον
3007 4810 3147 4865 εἶναι
3220 4807 3378 4873 τιθείς
3412 4822 3428 4839 ⁸
3488 4808 3548 4865 οὗ
3616 4808 3716 4885 γὰρ
3772 4805 3969 4863 πάντως

2342 4893 2514 4962 ἀληθῆ
2579 4896 2668 4952 καὶ
2719 4893 3012 4978 (ἷιμφότερα³
3071 4897 3245 4960 καθὼς
3301 4895 3364 4953 ἂν
3417 4917 3557 4961 τινες
3598 4897 3767 4976 τυχὸν
3791 4891 3971 4952 ὑπολά-

2337 4980 2481 5039 ϐοιεν
2514 5000 2532 5018 ⁸
2601 4982 2783 5041 ἔπειτα
2866 4986 2929 5043 τό
3026 4985 3188 5060 μέσον
3263 4984 3550 5067 τυγχάνειν
3616 4986 3709 5043 τόν
3780 4982 3970 5061 Πατέρα

2338 5071 2612 5137 παντελῶς
2655 5072 3036 5154 ἀπαράδεκτον,
3082 5074 3139 5141 ὃς
3222 5075 3370 5156 ἀρχὴ
3425 5076 3568 5155 παρὰ
3620 5080 3782 5132 πᾶσιν
3838 5073 3969 5131 ἀνω·

2341 5160 2639 5239 μολόγηται
2673 5182 2688 5199 ο
2746 5164 2834 5220 καὶ
2903 5165 3028 5223 αὐτὸ
3083 5161 3140 5219 δὲ
3196 5165 3259 5221 τό
3320 5165 3387 5222 τὰ
3440 5162 3561 5231 ἑξῆς
3616 5162 3774 5245 φάναι
3832 5164 3969 5220 τοῦτο

2339 5262 2483 5307 νοεῖν
2525 5253 2621 5308 οὐκ
2661 5252 2874 5330 ἀφίησιν
2910 5269 2926 5284 ⁸
2973 5251 3086 5308 ἐπεὶ
3127 5254 3195 5311 τὰ
3222 5254 3365 5317 τινὸς
3396 5250 3537 5310 ἔνθεν
3593 5252 3840 5310 κάκεῖθεν
3888 5252 3970 5309 οὐκ

2342 5338 2405 5395 ἂν
2460 5340 2522 5396 τὸ
2604 5340 2852 5418 παράπαν
2935 5339 3190 5409 κληθεῖεν
3257 5342 3400 5414 ἰξῆς,
3470 5339 3597 5421 παρ’
3640 5341 3863 5420 ὶκάτερα
3919 5337 3966 5395 δὲ

2343 5425 2461 5486 κατ’
2503 5428 2752 5495 ἀληθειαν
2787 5450 2799 5462 ⁸
2835 5430 2953 5500 ἐξῆς
3008 5432 3109 5511 γὰρ
3166 5433 3232 5490 τὰ
3264 5430 3385 5508 μετ’
3427 5432 3554 5489 αῦτὸ
3590 5431 3917 5511 θιωρουμένα
3949 5445 3963 5461 ⁸

2343 5517 2440 5576 κᾶν
2484 5516 2700 5574 ἐνταῦθα
2753 5520 2820 5576 τὰ
2878 5518 3020 5597 ἑξῆς,
3067 5518 3230 5600 ἤγουν
3287 5523 3316 5578 6
3374 5520 3493 5585 Υἱός
3534 5520 3623 5577 καὶ
3661 5523 3725 5578 τὸ
3769 5525 3967 5595 Πνεῦμα

2345 5608 2407 5665 τὰ
2463 5606 2635 5687 ἅγιον,
2697 5610 2831 5683 μετὰ
2879 5611 2971 5667 τδν
3028 5609 3235 5694 Πατέρα
3285 5611 3375 5668 καὶ
3415 5608 3551 5687 μετὰ
3602 5618 3698 5671 τοῦ
3748 5609 3967 5691 Πατρὶς,
