4208 6290
305 320 448 386 1101

1227 325 1326 388 DE
1371 321 1884 388 PROCESSIONE
1942 326 2000 386 S.
2048 322 2403 385 SPIRITUS
2445 318 2668 385 ORAT.
2711 325 2758 385 Ι.

3531 321 3684 387 1102

295 456 384 510 τὸν
429 455 526 529 μέν
555 457 629 520 ὡς
658 455 712 521 ἒξ
759 459 916 516 αὺτοῦ
973 459 1033 514 16
1076 458 1218 513 εῖναι
1266 457 1610 532 πλουτοῦντα,
1658 461 1720 515 16
1762 457 1815 514 δὲ
1859 459 1923 516 διὲ

2029 453 2324 534 prapriam
2346 452 2752 514 exsistentiam
2773 453 3320 529 immanent,Filius
3339 454 3683 518 immediate

297 545 358 600 16
402 543 646 624 ἀχρόνως
702 547 988 626 ὑπάρχειν,
1059 549 1145 603 καὶ
1188 556 1350 606 ταῦτα
1394 548 1561 622 τούτῳ
1619 550 1942 629 συνανάρχα.

2035 542 2273 622 proprio
2293 541 2545 619 genitori
2579 541 3175 621 adhaerens,Spiritus
3207 561 3313 623 per
3340 543 3577 618 Filium,
3611 553 3678 607 ut

298 632 496 690 Τούτου
571 633 737 690 τοίνυν
807 636 972 698 οῦτως
1029 635 1406 714 ἀναιρεθέντος,
1482 635 1666 700 ἓνωσις
1729 636 1788 692 ἅν
1841 639 1923 716 ῥη·

2030 629 2379 709 posrnodum
2413 630 2598 690 oratio
2625 630 2823 691 multis
2852 630 3176 692 declarabit
3194 631 3352 692 Patri
3383 632 3674 711 conjunc-

297 722 410 788 θείη
440 723 576 778 κατᾶ
619 724 710 778 τὸν
781 723 946 800 μέγαν
991 726 1277 803 Γρηγόριον
1316 726 1344 780 6
1398 725 1602 804 Πατὴρ,
1661 724 1741 781 ὅτι
1785 749 1940 805 φυσι-

299 816 406 872 κῶς
465 810 516 876 ἒξ
575 811 730 870 αὐτοῦ
786 814 1062 891 προϊόντες
1124 815 1151 869 6
1225 814 1342 876 Υἱὸς
1384 814 1472 869 καὶ
1516 815 1578 868 16
1620 818 1828 889 Πνεῦμα
1883 818 1942 871 τὸ

296 901 446 979 ἅγιον
476 899 867 982 ἂνεκιροιτήτως
923 902 1165 978 μένουσιν
1218 904 1275 958 iv
1332 904 1472 974 αὖτῷ
1525 905 1662 960 κατὰ
1703 906 1797 972 τὴν
1857 907 1939 960 οἶ-

295 992 439 1045 κεέαν
501 989 715 1068 ὕπαρξιν
773 990 1019 1068 ἕκαστον,
1095 992 1123 1046 6
1177 990 1273 1063 μὲν
1350 990 1562 1066 ἆμέσως
1643 994 1808 1049 συνὼν
1865 999 1940 1066 τῷ

297 1080 472 1151 οἰκείῳ
529 1080 826 1158 γεννήτορι,
881 1083 942 1136 16
985 1078 1040 1134 δὲ
1070 1077 1136 1135 δι’
1176 1082 1317 1151 Υίοῦ,
1358 1083 1530 1145 καθὼς
1561 1083 1588 1137 6
1617 1079 1774 1158 λόγος
1804 1081 1936 1138 πολ·

293 1166 520 1248 λαχόθεν
574 1167 786 1244 ὕστερον
857 1166 1108 1242 δηλώσει,
1173 1176 1249 1243 τῷ
1306 1172 1467 1248 Πατρὶ
1525 1171 1936 1245 συναπτόμενον,

293 1257 454 1314 Τοῦτο
497 1260 772 1331 σημαίνων
814 1258 842 1313 ό
903 1256 1067 1320 πολὺς
1121 1259 1219 1325 τὴν
1276 1257 1544 1336 θεολογίαν
1601 1260 1749 1322 οὕτος
1781 1259 1934 1338 ἀνὴρ,

291 1346 387 1401 κᾶν
443 1368 520 1419 1p
562 1347 678 1423 περὶ
731 1347 852 1403 Υἱοῦ
893 1347 1089 1425 πρώτῳ
1126 1345 1270 1426 λόγῳ
1316 1346 1433 1421 μεθ’
1474 1351 1545 1403 ὧν
1578 1348 1733 1403 εἶπεν
1763 1346 1938 1404 ἄλλων

290 1436 384 1503 τὴν
444 1435 740 1514 μοναρχίαν
819 1434 1003 1508 ἄριστα
1071 1442 1347 1515 συνιστῶν,
1433 1437 1520 1493 καὶ
1577 1438 1705 1514 πρὸς
1771 1439 1832 1493 τὸ
1885 1437 1936 1493 ἕν

289 1531 396 1581 τῶν
441 1523 492 1588 ἐξ
575 1523 732 1580 αὒτοῦ
807 1525 1095 1597 σύννευσις,
1157 1522 1366 1603 εἴρηκε.
1424 1526 1597 1582 Ταῦτα
1653 1526 1750 1583 κᾶν
1806 1527 1934 1582 τού-

290 1635 423 1682 τοις,
457 1617 531 1669 ῶν
576 1614 709 1676 ἴσως
754 1616 813 1670 οῦ
855 1612 1050 1692 φαῦλος
1107 1614 1214 1691 ἐγὼ
1269 1615 1499 1693 κριθείην
1540 1616 1681 1692 παρὰ
1721 1629 1838 1678 τοῖς
1881 1619 1937 1671 εὖ

2029 723 2278 779 tus.Hoc
2302 717 2575 779 indicans
2601 719 2660 778 in
2693 721 2870 780 rebus
2895 718 3246 796 theologicis
3293 719 3547 782 eximius
3579 721 3674 783 hic

2026 807 2202 868 Pater
2221 807 2486 868 oratione
2508 806 2700 886 prima
2720 807 2944 868 deFilio
2969 826 3090 888 prae
3112 807 3244 868 aliis
3268 809 3673 871 mouarchiam

2023 894 2353 971 stabiliens,
2387 903 2442 957 et
2471 895 2552 956 ad
2573 913 2757 957 unum
2801 913 3031 969 eorum,
3076 913 3206 974 qua:
3234 914 3311 958 ea:
3343 898 3476 978 ipso
3506 907 3671 980 sunt,

2022 985 2339 1062 conjuncta
2357 985 2700 1064 propensio,
2733 983 2980 1046 dixit.Et
3004 984 3080 1046 de
3105 986 3197 1046 his
3223 985 3393 1060 satis,
3419 1005 3672 1066 quorum

2023 1089 2132 1149 ego
2163 1073 2418 1134 fortasse
2446 1092 2562 1132 non
2595 1073 2788 1134 malus
2818 1091 2850 1134 a
2871 1073 3010 1134 viris
3035 1073 3425 1154 prudentibus
3447 1075 3677 1154 judica.

2020 1179 2120 1221 rer
2144 1162 2459 1242 interpres.
2487 1161 2803 1242 Reliquum
2832 1173 2920 1224 est
2953 1163 3151 1242 itaque
3183 1173 3241 1224 et
3269 1164 3450 1225 verba
3477 1164 3676 1244 magni

2021 1252 2210 1312 Patris
2239 1250 2553 1312 Athanasii
2587 1251 3019 1325 examinare,ct
3039 1251 3431 1312 addecentem
3462 1253 3676 1324 illis,ut

2020 1339 2145 1400 ﬁeri
2182 1339 2783 1418 poterit,solutionem
2815 1341 3055 1401 afferre.
3083 1339 3418 1420 Symbolice
3448 1343 3670 1403 etenim

2019 1427 2224 1488 beatus
2256 1428 2354 1488 ille
2376 1447 2442 1489 ex
2468 1429 2644 1490 rebus
2675 1430 2951 1490 humanis
2975 1431 3420 1510 nostrisque,de
3450 1430 3522 1492 iis
3544 1449 3676 1511 qua:

2017 1535 2199 1596 supra
2229 1535 2335 1577 nos
2365 1526 2501 1578 sunt
2532 1517 2788 1598 locutus,
2825 1536 2960 1579 cum
2995 1517 3358 1581 ostendisset
3387 1537 3422 1579 a
3449 1519 3674 1581 dextris

2018 1606 2210 1667 Patris
2237 1605 2450 1666 Filium
2483 1606 3038 1686 sedere,postquam
3068 1606 3316 1668 dixisset
3348 1625 3362 1669 :
3401 1605 3473 1668 Ut
3490 1609 3678 1671 datur

290 1713 561 1783 φρονοῦσιν
647 1700 994 1778 ἑρμηνευτής.
1081 1704 1177 1760 Καὶ
1255 1710 1376 1781 γοῦν
1455 1703 1744 1759 ὑπόλοιπόν
1795 1705 1923 1760 iatn

2020 1694 2700 1785 intelligi,mandantem
2719 1697 2952 1757 dixisse
2978 1703 3034 1758 et
3060 1713 3170 1758 suo
3200 1694 3494 1785 Spiritui:
3520 1695 3675 1785 Sede

290 1791 479 1869 ἄπαρτι
538 1791 624 1844 καὶ
679 1792 744 1846 τὰ
808 1791 949 1868 παρὰ
1003 1797 1096 1845 τοῦ
1162 1789 1393 1866 μεγάλου
1452 1791 1653 1866 Πατρὸς
1711 1789 1923 1847 Ἀθανα-

2017 1799 2052 1842 α
2085 1784 2355 1845 sinistris
2377 1785 2866 1864 meis,propterea
2895 1786 3052 1845 visus
3075 1792 3165 1844 est
3195 1793 3252 1846 et
3280 1783 3374 1844 hic
3407 1784 3670 1846 medium

291 1879 402 1936 σίου
486 1877 695 1957 ῥήματα
779 1876 1181 1957 διασκέψασθαι,
1268 1880 1358 1934 καὶ
1412 1879 1510 1946 τὴν
1568 1881 1934 1956 προσήκουσαν

286 1969 517 2049 τούτοις,
590 1971 662 2031 ὡς
749 1967 886 2041 ἐνὸν,
960 1965 1106 2023 λύσιν
1191 1969 1520 2046 ἐπενεγκεῖν.
1587 1967 1931 2042 Συμϐολικςῦς

286 2058 385 2135 γὰρ
429 2058 457 2112 6
503 2057 757 2136 μακάριος
803 2057 862 2112 ἐκ
929 2063 1035 2112 τῶν
1106 2055 1224 2112 καθ’
1285 2058 1428 2132 ἡμᾶς
1473 2055 1768 2137 διαλεχθεὶς
1812 2061 1929 2136 περὶ

285 2153 390 2204 τῶν
431 2147 559 2226 ὑπὲρ
601 2148 765 2220 ἡμᾶς,
810 2148 897 2202 καὶ
966 2145 1132 2211 δείξας
1203 2145 1263 2202 ἐκ
1305 2144 1484 2211 δεξιῶν
1525 2151 1782 2213 καθῆσθαι
1837 2155 1930 2204 τοῦ

449 2235 459 2254 ο
591 2235 602 2254 ι
1008 2237 1020 2256 ι
1173 2237 1186 2256 ν
1443 2227 1455 2246 ι
1575 2233 1599 2255 ν
1747 2235 1760 2254 ν

289 2243 487 2314 Πατρος
542 2257 631 2291 τον
701 2235 842 2308 Υίόν,
906 2234 1118 2306 ἔπειπερ
1176 2257 1395 2315 εφησεν,
1461 2249 1534 2298 Ως
1575 2258 1714 2291 εστιν
1744 2257 1926 2293 επινο-

283 2325 431 2397 ἧσαι,
518 2325 597 2380 ὃτι
681 2322 800 2380 κατ’
883 2323 1169 2401 ἐπιτροπὴν
1252 2325 1376 2381 εἷπε
1459 2327 1546 2381 καὶ
1611 2333 1686 2397 τῶ
1747 2327 1930 2382 ἑαυτοῦ

284 2415 572 2493 Πνεύματι,
626 2417 795 2471 Κάθου
851 2412 904 2478 ἐξ
965 2412 1244 2488 εύωνύμων
1317 2436 1440 2488 μου,
1527 2415 1709 2470 τούτου
1765 2415 1927 2494 χάριν

284 2501 421 2569 ἔδοξε
477 2505 565 2558 καὶ
608 2505 757 2566 οὗτος
813 2503 901 2558 τὸν
962 2502 1165 2581 Πατέρα
1211 2502 1371 2577 μέσον
1427 2503 1583 2581 φάναι
1641 2509 1733 2560 τοῦ
1812 2506 1928 2559 Υίοῦ

279 2594 485 2649 καὶτοῦ
515 2593 837 2666 Πνεύματος.
881 2594 952 2650 Τὸ
1008 2590 1062 2646 δὲ
1116 2597 1214 2658 τῆς
1266 2593 1439 2667 ὑγιοῦς
1495 2590 1693 2654 ἑννοίας
1751 2590 1926 2670 πόῤῥω

277 2682 632 2740 παντάπασιν.
707 2683 778 2737 Τό
851 2681 949 2759 γὰρ
1032 2679 1083 2744 ἐξ
1176 2682 1454 2756 εὕωνύμων
1537 2681 1792 2749 καθῆσθαι
1861 2683 1924 2737 16

276 2777 490 2844 Πνεῦμα
559 2771 619 2824 16
677 2764 826 2846 ὂίγιον
909 2775 1002 2824 τοῦ
1084 2771 1287 2840 Πατρὸς
1354 2768 1522 2843 ἔστιν,
1596 2768 1812 2848 εἴρηκεν
1895 2773 1922 2825 6

277 2859 480 2938 Μέγας,
540 2857 843 2938 ἕπινοῆσαι,

273 2952 359 3004 θεν
399 2947 692 3022 ὑπόληψιν,
738 2947 797 3004 οῦ
855 2948 962 3022 μὴν
1017 2947 1106 3002 καὶ
1162 2947 1639 3024 συγκατατίθεται·
1718 2944 1919 3021 μᾶλλον

2017 1869 2173 1931 inter
2205 1871 2411 1932 Filium
2432 1881 2488 1933 et
2518 1871 2798 1952 Spiritum
2823 1873 3056 1934 Patrem
3080 1873 3425 1935 coliocasse.
3459 1871 3578 1934 Sed
3608 1874 3667 1935 id

2015 1976 2047 2018 a
2077 1977 2210 2019 vera
2229 1958 2624 2041 intelligentia
2640 1979 2814 2041 quam
2841 1960 3252 2040 longissimum
3283 1959 3669 2044 est.Namque

2013 2065 2046 2107 a
2076 2048 2330 2109 sinistris
2362 2049 2551 2111 l’atris
2583 2047 2867 2129 Spiritum
2902 2058 3172 2110 sanctum
3205 2047 3445 2122 sedere,
3479 2049 3668 2112 datur

2013 2136 2272 2215 intelligi
2327 2141 2569 2216 Magnus
2623 2138 2794 2209 dixit,
2851 2138 3302 2211 nonnullorum,
3337 2156 3470 2218 quae
3525 2137 3666 2200 inde

2013 2225 2663 2300 oriebatur,absurdam
2687 2228 3033 2308 opinionem
3065 2246 3368 2310 promens,
3403 2230 3501 2291 cui
3535 2230 3669 2309 ipse

2011 2333 2319 2377 assensum
2355 2317 2601 2378 minime
2637 2327 2910 2397 praestat;
2941 2319 3061 2378 imo
3093 2338 3159 2380 ex
3189 2317 3308 2379 illis
3359 2337 3492 2400 quae
3521 2319 3664 2380 sub-

2011 2415 2213 2468 nectit.
2253 2423 2381 2466 eam
2415 2405 2500 2466 uti
2533 2407 2841 2467 mendacio
2863 2406 3214 2487 implicitam
3245 2407 3662 2489 refellens,pa~

2011 2492 2125 2552 lam
2153 2495 2426 2574 clareque
2457 2493 2780 2574 Scripiurae
2809 2495 3159 2556 auctoritate
3192 2496 3494 2556 veritatem
3520 2515 3667 2576 ape-

2013 2585 2118 2643 rit:
2149 2585 2479 2662 procedens
2510 2583 2806 2655 siquidem
2834 2584 2893 2644 in
2926 2584 3044 2645 ﬁne
3075 2584 3221 2647 dicti
3254 2584 3463 2664 capitis
3482 2585 3659 2665 dige-

2007 2669 2221 2732 rit:Uti
2251 2677 2315 2732 in
2337 2676 2655 2734 centesimo
2680 2690 2842 2733 nona
2869 2672 3113 2734 Psalmo
3141 2675 3233 2735 ait
3257 2692 3277 2732 :
3305 2674 3511 2736 «Dixit
3546 2675 3665 2736 Do-

2004 2761 2207 2820 minus
2217 2761 2467 2821 Domino
2484 2759 2798 2823 meo:Sede
2818 2779 2854 2822 ιι
2873 2761 3110 2823 dextris
3128 2766 3293 2842 meis,
3308 2769 3394 2824 iet
3413 2781 3546 2824 cum
3570 2762 3665 2824 illi

903 2857 1000 2925 τὴν
1059 2863 1216 2913 τινῶν
1286 2857 1515 2937 ἐκφήνας
1560 2855 1755 2914 ἄτοπον
1827 2857 1914 2913 ἔν·

2006 2850 2312 2919 sedissent,
2343 2848 2490 2911 dicit
2510 2847 2839 2928 Scriptura
2865 2851 2944 2910 ad
2975 2850 3289 2913 Christum
3322 2871 3342 2911 :
3378 2849 3656 2916 «Iuravit

2008 2939 2327 3010 Dominus,
2346 2945 2402 2998 et
2449 2955 2572 2999 non
2600 2938 2903 3017 pwnitebit
2936 2956 3098 3000 cum:
3152 2941 3234 3000 'l‘u
3268 2957 3331 3001 es
3354 2941 3654 3004 Sacerdos

277 3037 376 3113 μὲν
431 3037 520 3092 οὗν
574 3036 626 3102 ἐξ
682 3039 758 3092 ὠν
813 3035 1070 3116 ἔπιρέρει,
1129 3039 1218 3094 καὶ
1278 3034 1465 3111 ψεῦδος
1526 3036 1721 3103 ταύτην
1780 3036 1918 3092 ἀπε-

2006 3031 2067 3086 in
2099 3033 2390 3088 wteruum
2429 3027 2765 3088 secundum
2823 3027 3096 3090 ordinem
3146 3027 3556 3102 Melchisedec,
3600 3038 3658 3091 et

276 3101 464 3204 λέγξας
520 3128 746 3204 τρανῶς,
807 3101 1209 3205 6116ipriaew<
1267 3101 1530 3203 ¹γραφικῆς
1563 3130 1744 3204 σαφῶς
1776 3145 1917 3203 παρ-

2009 3113 2306 3205 ροηιίηαε
2333 3131 2369 3174 a
2389 3114 2618 3205 dextris
2652 3120 2794 3177 tuis.
2815 3141 2856 3205 ἑ
2903 3116 3272 3205 Manifestum
3305 3117 3506 3205 itaque
3536 3128 3650 3184 est.

279 3214 452 3280 ίστησι
495 3215 594 3280 τὴν
657 3213 930 3283 ἀλήθειαν,
1003 3215 1214 3290 Προῖὼι
1285 3214 1384 3292 γὰρ
1444 3215 1577 3291 πρὸς
1634 3220 1712 3287 τῷ
1780 3211 1917 3269 τέλει

277 3307 369 3358 τοῦ
451 3301 609 3360 αὐτοῦ
684 3299 969 3380 κεφαλαίου
1043 3308 1209 3359 ταῦτα
1277 3299 1536 3376 διέξεισιν,
1595 3303 1670 3364 ὡς
1726 3300 1781 3356 iv
1843 3309 1921 3376 τῷ

277 3393 548 3464 ἱκατοστῴ
589 3390 788 3464 ἐννατῳ
831 3388 1044 3464 Ψαλμῷ
1095 3412 1280 3470 φησιν,
1345 3413 1372 3446 α
1433 3390 1602 3447 Εἶπεν
1663 3392 1690 3446 6
1735 3392 1920 3468 Κύριος

273 3487 350 3550 τῷ
398 3482 565 3556 Κυρίῳ
619 3501 740 3558 μου,
804 3479 971 3536 Κάθου
1049 3478 1109 3534 ἐκ
1180 3478 1361 3545 δεξιῶν
1412 3501 1538 3555 μου,
1586 3505 1610 3537 ο
1673 3481 1760 3536 καὶ
1817 3502 1922 3536 κα-

278 3569 534 3626 θισάντων
590 3570 782 3648 αῦτὼν,
855 3566 999 3645 λέγει
1056 3569 1090 3635 ἡ
1162 3569 1343 3648 Γραφὴ
1414 3570 1545 3646 πρὸς
1611 3571 1704 3626 16v
1786 3575 1920 3647 Χρι-

277 3660 402 3714 στὸν
441 3673 455 3687 ·
527 3677 550 3706 α
613 3647 828 3732 ΗΩμοσε
876 3659 1082 3734 Κύριος,
1139 3659 1227 3713 καὶ
1270 3647 1329 3716 06
1361 3656 1855 3732 μεταμεληθήσεται
1902 3674 1915 3687 ⁸

271 3749 345 3802 Σὺ
415 3747 579 3825 ἱερεὺς
651 3747 724 3806 εἷς
793 3747 882 3801 τὸν
941 3748 1106 3802 αἰῶνα
1165 3747 1301 3802 κατὰ
1361 3745 1458 3814 τήν
1509 3747 1652 3812 τάξιν
1710 3746 1920 3826 Μελχι-

267 3835 443 3908 σεδὲκ,
513 3837 602 3891 καὶ
659 3835 844 3914 Κύριος
897 3833 952 3900 ἒξ
993 3833 1173 3901 δεξιῶν
1227 3857 1340 3897 σου,
1401 3858 1429 3890 ι
1491 3834 1666 3903 Δῆλον
1708 3843 1794 3892 06v
1837 3835 1916 3892 ὅτι

263 3927 325 3981 16
382 3931 594 3999 Πνεῦμα
637 3923 697 3980 ἑκ
754 3921 939 3989 δεξιῶν
995 3923 1128 3981 ἐστι.
1194 3925 1291 3981 Καὶ
1332 3923 1386 3980 iv
1444 3930 1522 3998 τῷ
1577 3924 1806 4000 πέμπτῳ
1860 3923 1914 3980 δὲ

261 4019 369 4070 τῶν
411 4013 711 4092 κεφαλαίων
754 4014 815 4068 16
858 4015 984 4071 αῦτὸ
1025 4019 1119 4070 τοῦ
1175 4013 1413 4069 τοιούτου
1475 4012 1701 4088 Ψαλμοῦ
1754 4014 1915 4091 ῥητὸν

265 4102 602 4180 ἆξεγουμενος
646 4101 791 4180 λέγει
827 4119 840 4131 ⁸
903 4109 1007 4160 Τοῦ
1067 4104 1154 4158 οὖν
1220 4103 1340 4158 Υἱοῦ
1408 4099 1565 4159 πόλιν
1621 4104 1682 4158 εκ
1735 4100 1914 4167 δεξιῶν

265 4193 329 4247 τὸ
385 4197 620 4266 Πνεῦμα.
709 4193 779 4248 Τὸ
863 4192 1035 4249 τοίνυν
1090 4189 1150 4246 εκ
1203 4188 1381 4256 δεξιῶν
1431 4193 1521 4246 105
1586 4197 1913 4268 Μονογενοῦς

269 4279 416 4336 εἶναι
460 4281 520 4336 16
564 4286 774 4355 Πνεῦμα
811 4281 873 4336 16
914 4279 1089 4358 ἅγιον,
1142 4281 1215 4342 ὡς
1270 4279 1498 4335 ἐντεῦθεν
1541 4280 1628 4336 καὶ
1682 4283 1912 4336 νοεῖσθαι

268 4369 428 4444 μέσον
485 4369 717 4446 μάλιστα
763 4371 855 4426 16v
907 4368 1027 4425 ι’ἰόν
1069 4367 1153 4424 διὰ
1218 4377 1316 4440 τῆς
1360 4374 1486 4444 μιᾶς
1527 4369 1722 4435 ταύτης
1765 4367 1910 4434 ἀξιο-

266 4459 454 4515 πίστου
538 4458 804 4537 Γραφικῆς
888 4459 1138 4537 χρήσεως
1207 4457 1306 4512 κάν
1371 4468 1486 4521 τοῖς
1543 4454 1655 4512 δυσὶ
1709 4458 1910 4519 τούτοις

265 4546 575 4626 κεφαλαίοις
618 4545 876 4612 ἀπέδειξε.
957 4547 1028 4603 Τὸ
1084 4543 1128 4600 δ’
1197 4544 1249 4611 ἐξ
1304 4547 1581 4620 εὐωνύμων
1657 4545 1910 4613 καθῆσθαι

266 4645 420 4694 τοῦτο
487 4643 582 4692 τοῦ
639 4635 766 4691 Θεεῦ
839 4636 927 4692 καὶ
996 4633 1225 4714 Πατρός,
1287 4632 1415 4713 ὅπερ
1472 4632 1679 4698 ἀνάξιον
1748 4632 1910 4700 ὅντως

261 4727 350 4782 καὶ
407 4725 607 4805 λέγειν,
667 4723 747 4781 ὅτι
819 4721 953 4800 μηδὶ
1007 4725 1192 4804 χώρα)
1251 4721 1368 4802 ἔχει
1421 4720 1650 4787 συνόλως
1693 4722 1808 4780 ἐκεῖ
1849 4725 1911 4778 16

2003 3199 2283 3281 Spiritum
2305 3221 2340 3262 a
2368 3203 2591 3264 dextris
2623 3221 2780 3266 esse.
2814 3201 2882 3264 Et
2913 3202 2971 3262 in
3023 3202 3231 3284 quinto
3263 3204 3458 3284 capite
3489 3203 3650 3266 idem

2004 3289 2270 3370 ejusdem
2302 3291 2517 3352 l’salmi
2547 3291 2772 3352 dictum
2820 3294 3164 3372 explanans,
3213 3292 3409 3370 inquit
3445 3310 3458 3355 :
3495 3292 3656 3356 Filii

2003 3382 2210 3455 itaque
2241 3394 2454 3439 rursus
2484 3397 2520 3439 α
2551 3379 2786 3441 dextris
2816 3380 3106 3460 Spiritus.
3160 3379 3344 3458 Igitur
3371 3399 3405 3442 a
3434 3381 3658 3442 dextris

2004 3466 2306 3548 Unigeniti
2337 3466 2590 3546 Spiritus
2621 3477 2860 3530 sanctus
2888 3488 3022 3530 cum
3055 3471 3154 3544 sit,
3190 3470 3330 3530 inde
3365 3479 3422 3530 et
3457 3471 3658 3548 praeci-

2006 3565 2119 3624 pue
2149 3547 2408 3606 medium
2436 3549 2681 3629 intelligi
2709 3550 3017 3623 l*‘ilium,ex
3056 3553 3165 3611 hac
3195 3552 3318 3610 sola
3336 3547 3656 3629 Scriptura!

2003 3629 2437 3708 auctoritate,in
2471 3628 2561 3688 his
2600 3629 2832 3690 duobus
2864 3631 3155 3708 capitibus
3180 3628 3649 3690 demonstratur.

2001 3708 2081 3769 At
2108 3707 2251 3767 illud
2285 3725 2320 3768 α
2340 3711 2608 3770 sinistris
2635 3712 2744 3771 Dei
2770 3719 2824 3772 et
2851 3707 3059 3772 Putris
3074 3711 3460 3790 sedere,quod
3504 3709 3655 3770 indi-

2000 3813 2179 3879 gnum
2216 3790 2476 3879 profecto
2509 3797 2780 3878 est,quod
2808 3799 2893 3859 vel
2928 3799 3121 3859 verbis
3151 3799 3533 3879 exprimatur:
3563 3797 3651 3858 Ibi

2000 3875 2159 3936 enim
2193 3877 2432 3936 sinistro
2464 3877 2629 3939 locus
2646 3875 2903 3938 omnino
2940 3881 3138 3940 nullus
3177 3875 3306 3941 est:
3341 3879 3530 3940 datur
3554 3879 3649 3938 iu-

1996 3965 2409 4045 quit,facultas
2439 3973 2679 4029 tantum
2710 3968 2996 4045 intelligi,
3034 3968 3355 4029 multorum
3383 3968 3656 4028 indetur.

1999 4062 2153 4113 tasse
2184 4052 2585 4135 curiosimtem
2620 4054 2900 4128 iunuens,
2935 4075 3110 4134 quam
3134 4057 3491 4135 procedente
3510 4073 3649 4115 ora-

1998 4137 2182 4204 tione,
2213 4151 2282 4192 ex
2317 4134 2386 4191 llS
2415 4152 2548 4212 quae
2573 4133 3080 4215 pronuntiaverat,
3116 4133 3356 4196 retudit.
3392 4133 3650 4214 Utraque

1997 4220 2158 4281 enim
2190 4239 2321 4282 esse
2354 4222 2478 4283 ﬁeri
2537 4223 2763 4302 nequit;
2819 4226 2874 4283 ni
2920 4242 2975 4304 qn
3005 4223 3214 4303 ispiam
3275 4223 3481 4283 inﬁma
3540 4225 3648 4283 hac

1936 4309 2311 4394 Dprudentia
2371 4311 2742 4394 praecellens,
2789 4321 2859 4394 et
2897 4312 3217 4394 profundas
3263 4311 3649 4394 cogitationes

1995 4389 2373 4460 submovens,
2403 4410 2468 4450 ex
2503 4389 3054 4470 dextris‘Uuigeuili
3093 4410 3164 4451 ex
3212 4391 3472 4451 sinistris
3515 4408 3649 4451 esse

1997 4477 2180 4536 l’atris
2235 4477 2672 4556 quodammodo
2725 4481 2904 4553 dicat,
2957 4479 3042 4540 sic
3091 4493 3340 4558 utraque
3389 4495 3645 4539 concor-

1993 4564 2229 4635 dans.ut
2259 4565 2373 4626 sibi
2404 4566 2659 4627 videtur.
2697 4569 2811 4631 Sed
2849 4569 2960 4628 hoc
2994 4585 3186 4648 neque
3239 4585 3344 4628 ore
3381 4567 3645 4646 proferre

1992 4653 2292 4732 integrum
2319 4655 2515 4726 fuerit,
2544 4666 2766 4716 tantum
2792 4657 2960 4718 abest
3001 4665 3062 4715 ut
3090 4656 3291 4715 animo
3349 4662 3645 4734 teneatur,

1993 4751 2126 4794 cum
2189 4751 2382 4812 neque
2438 4735 2759 4797 circulares
2813 4735 3046 4817 periodi
3103 4735 3186 4797 ibi
3233 4734 3647 4814 concipienda

261 4813 437 4890 λαιὸν,
499 4814 665 4887 ἔστιν,
725 4813 868 4880 εἶπε,
925 4814 1015 4870 καὶ
1066 4814 1226 4888 μόνον
1308 4810 1608 4891 ἐπινοῆσαι,
1681 4813 1743 4867 16
1797 4816 1904 4868 τῶν

2006 4810 2334 4908 sunt_,__quod
2395 4823 2748 4902 quibusdam
2803 4810 3174 4908 sapientibus
3229 4810 3556 4905 perplacet,
3584 4830 3648 4885 ut

262 4901 478 4961 πολλῶν
574 4901 804 4958 ἐντεῦθεν
915 4901 1060 4981 τάχα
1151 4902 1423 4979 περίεργον
1519 4898 1902 4974 αἱνιττόμενος.

265 4990 656 5071 ’Δπεκρούσατο
711 4989 766 5045 δί
821 4988 1162 5069 παρακατιὼν
1213 4986 1278 5044 δι’
1349 4989 1422 5045 ὢν
1509 4989 1890 5066 ὑπηγόρευσεν.

1986 4901 2468 4978 significavimus.

1976 4989 2230 5068 Ἐκάτερα
2286 4994 2385 5070 γὰρ
2448 4994 2709 5073 ὕπάρχειν
2765 5002 2869 5052 τῶν
2941 4993 3205 5051 ἀδυνάτων
3263 4991 3318 5048 ἓν
3373 5016 3422 5050 τι
3481 4992 3645 5049 καθέ-

265 5095 481 5148 στηκεν·
543 5077 684 5146 πλὴν
735 5080 779 5134 εἰ
851 5081 928 5154 μή
998 5100 1102 5136 που
1149 5077 1398 5158 περιττός
1453 5098 1536 5143 τις
1591 5079 1664 5142 ὡς
1720 5079 1785 5138 τὰ
1852 5078 2018 5137 πολλὰ
2085 5081 2182 5147 τὴν
2238 5083 2384 5138 κάτω
2439 5084 2640 5138 σὺνεσιν
2675 5083 2748 5140 ὤν
2803 5089 2889 5142 καὶ
2961 5083 3160 5160 βαθέων
3217 5081 3368 5149 δῆθεν
3428 5081 3643 5138 ἐννοιῶν

266 5167 701 5247 ἂναμοχλεὺσας,
758 5169 820 5223 16
868 5167 930 5223 ἆκ
977 5165 1155 5232 δεξιῶν
1223 5170 1317 5226 τοῦ
1385 5168 1709 5246 Μονογενιῦς
1764 5168 1820 5233 EE
1893 5168 2176 5243 εῦωνὺμων
2261 5171 2391 5226 εἱναί
2449 5194 2562 5237 πως
2633 5171 2743 5251 ἐρεῖ
2826 5182 2916 5230 τοῦ
2977 5173 3208 5250 Πατρὶς,

3310 5169 3644 5246 συμϐιϐαζων

265 5257 431 5322 οὕτως
475 5257 745 5336 ἀμφότερα
797 5258 859 5313 τὸ
915 5254 1115 5316 δοκεῖν.
1179 5255 1346 5315 Ἀλλὰ
1371 5265 1522 5315 τοῦτο
1584 5257 1684 5334 μὲν
1746 5256 1861 5316 οῦδὲ
1904 5256 1987 5315 δια
2057 5259 2321 5334 στόματος
2371 5262 2646 5340 μροφέρειν
2701 5262 2889 5337 καλὸν,
2950 5264 3025 5338 μή
3057 5261 3137 5316 τοί
3177 5281 3238 5337 γε
3299 5262 3360 5316 16
3392 5260 3644 5340 παρίπαν

262 5358 498 5426 φρονεῖν·
549 5344 662 5402 ἐπεὶ
715 5343 850 5420 μηδὲ
906 5345 1174 5426 περιόδους
1229 5346 1478 5412 κυγλικάς
1535 5348 1718 5405 inde:
1781 5348 1897 5405 δέον
1953 5360 2120 5428 νοεῖν,
2177 5350 2207 5404 ὃ
2251 5347 2384 5416 δῆτά
2424 5371 2532 5406 τισι
2591 5357 2697 5409 τῶν
2743 5360 2831 5409 νῦν
2875 5353 3086 5431 ἀρέσκει
3142 5355 3344 5430 σοφῶν,
3401 5351 3473 5414 ὡς
3505 5350 3644 5430 φθά-

259 5455 449 5497 σαντες
502 5433 848 5511 ὶδηλώααμεν
903 5433 1124 5497 ἄνωθεν.

339 5513 451 5602 λγ’.
495 5524 567 5583 Τό
623 5521 682 5580 δί
723 5526 814 5580 16v
870 5525 990 5583 Υἱόν
1047 5525 1206 5603 μέσον
1262 5525 1523 5606 ὑπάρχειν
1564 5535 1656 5586 τοῦ
1701 5526 1902 5606 Πατρός

260 5613 346 5670 καὶ
403 5620 496 5670 106
551 5613 854 5690 Πνεύματος
898 5613 982 5673 διὰ
1039 5613 1252 5673 πολλῶν
1301 5611 1404 5682 ἤδη
1453 5613 1715 5673 δέδεικται
1749 5633 1764 5650 ·
1823 5617 1914 5673 καὶ

2073 5523 2172 5590 33.
2205 5527 2430 5588 Verum
2490 5525 2707 5590 Filium
2757 5531 2918 5592 inter
2970 5526 3204 5591 Patrem
3250 5533 3309 5589 et
3361 5523 3648 5606 Spiritum

1996 5613 2260 5677 medium
2311 5631 2472 5690 esse,
2525 5615 2795 5696 pluribus
2835 5620 2960 5700 jam
3010 5615 3480 5680 demonstratum
3529 5621 3643 5678 est.
