4208 6290
578 365 604 428 1
620 363 734 430 103
1699 368 2224 435 CONSTANTINI
2266 368 2816 437 MELITENIOTE
3815 371 3837 433 1
3852 367 3952 433 104

574 498 648 562 Ει
672 497 787 563 hoc
824 499 909 562 uti
940 499 1086 565 ordo
1120 499 1337 564 divinae
1386 507 1617 564 natura:
1665 500 2251 582 congruentissimus

2337 508 2485 558 τοῦτο
2541 504 2676 561 κατὰ
2717 502 2861 570 τάξιν
2906 512 2983 581 τῷ
3034 505 3148 578 θείᾳ
3204 505 3350 585 φύσει
3409 504 3618 565 πάντως
3671 503 3955 582 προσήκου-

574 591 856 670 postulat.
889 588 1055 653 Ordo
1086 591 1310 654 etenim
1344 591 1558 672 aliquis
1601 600 1695 654 est
1735 591 1913 654 etiam
1946 591 2008 655 in
2041 587 2244 653 Trini-

2337 612 2447 653 σαν,
2505 590 2655 659 Τάξις
2711 594 2812 673 γὰρ
2869 594 2946 658 τίς
3005 597 3116 652 ἔστι
3172 593 3270 651 κᾶν
3330 598 3398 670 τῇ
3454 590 3652 671 Τριάδι,
3703 591 3818 649 καθ’
3847 592 3956 659 ἢνδ

580 685 719 760 tate,
753 698 870 760 quo
900 683 1083 743 Pater
1139 678 1685 763 anleUnigenitum,
1718 681 2078 759 Unigenitus
2110 687 2247 742 ante

2337 678 2427 753 μὲν
2474 681 2657 758 Πατὴρ
2698 689 2791 740 τοῦ
2850 689 3208 762 Μονογενοῦς,
3267 682 3420 745 οὗτος
3477 678 3534 737 δὲ
3603 683 3958 760 προθεωρεῖται

574 767 860 847 Spiritum
888 769 1276 850 intelligitur,
1301 769 1441 831 licet
1470 772 1627 832 hunc
1656 788 1893 852 quoque
1922 768 2248 832 adversarii

573 866 868 920 conantur
897 858 1423 921 evertere.Dicunt
1445 859 1606 923 enim
1634 878 1753 921 non
1772 878 1904 922 esse
1926 860 2247 921 admitten-

577 944 719 1008 dum
754 946 815 1008 in
865 950 989 1012 Deo
1020 948 1320 1023 ordinem,
1355 957 1414 1011 et
1452 949 1653 1028 lingua
1702 968 1884 1012 aurea
1928 949 2242 1030 praeditum

572 1037 875 1099 sermonis
901 1037 1000 1100 sui
1030 1037 1363 1119 adjutorem
1394 1047 1733 1114 assumunt,
1760 1041 1860 1119 qui
1884 1038 1943 1100 in
1981 1056 2088 1099 sua
2132 1038 2243 1098 ho-

574 1124 764 1202 milia,
799 1145 978 1207 quam
1009 1126 1113 1189 ille
1143 1126 1351 1189 habuit
1380 1126 1442 1188 in
1472 1128 1699 1192 dictum
1722 1126 2247 1190 Abraami-«Pone

573 1231 828 1277 manum
860 1223 1029 1279 tuam
1050 1221 1117 1278 in
1147 1216 1357 1295 femur
1384 1216 1881 1290 meum2i,.bisce
1904 1215 2100 1278 verbis
2118 1215 2242 1277 uti-

576 1310 704 1366 tur:
735 1304 975 1368 Dicitur
1001 1307 1164 1367 enim
1225 1306 1441 1368 habere
1495 1308 1766 1369 Trinitas
1793 1306 2091 1385 ordinem,
2121 1322 2246 1367 non

576 1393 734 1473 quod
764 1394 1132 1458 inordinata
1156 1400 1259 1470 sit,
1292 1396 1398 1458 sed
1429 1398 1590 1475 quod
1617 1413 1808 1477 supra
1842 1395 2120 1457 ordinem
2139 1396 2239 1457 sit.

578 1479 705 1546 Hoc
723 1480 924 1563 itaque
958 1491 1362 1564 proponentes
1392 1486 1693 1565 propriam
1724 1484 2067 1565 opinionem
2103 1501 2242 1545 cor-

577 1569 866 1633 roborare
899 1572 1287 1648 contendunt,
1323 1573 1410 1635 uti
1437 1575 1539 1656 qui
1569 1572 1754 1635 divini
1810 1571 2001 1635 Patris
2055 1572 2242 1634 semel

580 1659 953 1740 propositum
981 1660 1353 1741 ignorarunt,
1407 1681 1605 1744 neque
1648 1662 1770 1724 illis
1801 1680 1934 1743 quae
1962 1680 2083 1724 non
2114 1673 2246 1742 post

582 1747 770 1811 multa
795 1750 975 1811 verba
1004 1749 1305 1832 edisserit,
1361 1751 1624 1812 animum
1682 1751 2089 1813 adverterunt.
2134 1749 2245 1811 Hic

2325 774 2419 825 τοῦ
2462 771 2793 845 Πνεύματος,
2838 772 2934 829 κᾶν
2991 771 3222 849 έναιρεῖν
3281 769 3595 850 ἐπιχειρῶσι
3650 771 3737 825 καὶ
3780 770 3960 835 ταύτην

2327 858 2375 912 οἱ
2432 856 2825 934 ἀνθιστάμενοι,
2884 860 3020 916 Φασὶ
3069 860 3170 938 γὰρ
3228 859 3307 935 μὴ
3347 855 3461 915 δεῖν
3502 859 3591 914 ἰπὶ
3647 864 3779 914 Θεου
3829 854 3960 921 τάξιν

2326 942 2596 1025 δέχεσθαι,
2653 947 2742 1003 καὶ
2812 948 2903 1004 τὸν
2987 953 3215 1027 χρυσοῦν
3286 946 3384 1015 τὴν
3441 945 3682 1025 γλῶτταν
3738 941 3956 1023 προϐάλ-

2326 1032 2506 1091 λονται
2563 1041 2655 1091 τοῦ
2710 1032 2872 1114 λόγου
2926 1034 3124 1097 τούτων
3185 1036 3482 1116 ἐπίκουρον,
3526 1037 3586 1099 ὃς
3640 1034 3695 1090 ἂν
3725 1040 3820 1110 μιᾶ
3870 1039 3964 1089 τῶν

2326 1122 2550 1199 ὁμιλιῶν
2606 1129 2785 1198 αὐτοῦ,
2837 1130 2905 1203 τῇ
2956 1126 3030 1192 εἰς
3060 1126 3121 1182 τὸ
3163 1126 3323 1193 ῥητὸν
3353 1131 3445 1181 τοῦ
3489 1121 3730 1203 Ἀϐραὰμ
3780 1125 3841 1180 τὸ
3879 1121 3963 1178 λέ-

2324 1235 2444 1290 γον,
2496 1235 2525 1268 α
2586 1214 2684 1279 Θὲς
2749 1214 2848 1282 τὴν
2926 1215 3091 1293 χεῖρά
3157 1236 3254 1272 σου
3297 1213 3383 1270 ἐπὶ
3426 1214 3517 1269 τὸν
3559 1213 3733 1291 μηρόν
3776 1233 3894 1291 μου,
3936 1233 3959 1265 ε

2327 1299 2502 1378 ῥητῶς
2557 1300 2695 1358 οὕτω
2749 1299 2988 1367 διέξεισιν
3028 1320 3039 1334 ⁸
3096 1303 3321 1381 Λέγεται
3393 1301 3503 1380 γὰρ,
3545 1299 3697 1380 ἔχειν
3751 1298 3887 1365 τάξιν
3936 1300 3966 1365 ἡ

2327 1389 2508 1467 Τριὰς,
2582 1393 2687 1470 ούχ
2742 1391 2816 1455 ὡς
2875 1388 3125 1465 ἄτακτος,
3200 1387 3321 1446 ἀλλ’
3388 1390 3462 1454 ὡς
3533 1388 3678 1454 τάξιν
3735 1384 3964 1467 ὑπερϐαί-

2327 1500 2509 1540 νουσα.
2559 1485 2725 1537 Τοῦτο
2800 1480 2964 1539 τοῗνυν
3024 1483 3166 1538 οὗτοι
3226 1480 3587 1560 προτείνοντες
3644 1479 3748 1543 τὴν
3791 1477 3967 1535 οἰκείαν

2326 1565 2477 1632 δόξαν
2556 1573 2814 1637 συστῆσαι
2902 1567 3302 1643 σπουδάζουσιν,
3385 1567 3476 1627 ἅτε
3547 1569 3639 1626 τὸν
3703 1568 3798 1624 τοὺ
3847 1566 3968 1622 θείου

2326 1658 2530 1726 Πατρὸς
2582 1657 2821 1724 καθάπαξ
2877 1660 3076 1715 σκοπὸν
3147 1657 3527 1736 ἀγνοήσαντες,
3605 1654 3747 1733 μηδὶ
3815 1675 3967 1734 προσ-

2325 1746 2550 1826 σχόντες
2610 1760 2729 1811 τοῖς
2771 1747 2942 1823 τούτῳ
3005 1748 3212 1826 ῥηθεῖσι
3271 1746 3390 1820 μετ’
3418 1748 3478 1803 οὗ
3529 1744 3730 1808 πολλά,
3777 1745 3968 1824 Προϊὼν

576 1837 741 1899 enim
770 1839 1137 1919 procedente
1194 1840 1464 1903 oratione
1517 1840 1700 1903 dicit:
1737 1838 1950 1919 Itaque
1998 1840 2241 1902 divinas

2337 1836 2412 1891 ιαὶ
2453 1836 2553 1914 γὰρ
2585 1838 2735 1901 οὗτος
2791 1837 2971 1916 αὒτὸς,
3025 1836 3223 1894 Οὐκοῦν
3267 1838 3304 1907 ἡ
3360 1835 3460 1910 μὲν
3502 1834 3608 1891 τῶν
3660 1836 3814 1891 θείων
3853 1835 3967 1890 ὑπο·

577 1924 933 2007 hypostases
956 1928 1104 1991 ordo
1133 1927 1482 1992 discernens
1511 1930 1717 2010 dignis
1739 1930 2101 1991 innotescit:
2135 1925 2243 2008 qui

2326 1923 2586 2004 στάσεων,
2659 1923 2826 2005 λέγει,
2910 1923 3206 2004 διακριτικὴ
3262 1921 3402 1990 τάξις
3462 1936 3583 1988 τοῖς
3651 1922 3816 1989 αξίοις
3876 1944 3967 1978 κα-

579 2032 727 2078 oero
738 2023 994 2080 naturas
1019 2018 1307 2080 discernit
1337 2020 1404 2080 in
1433 2009 1644 2081 sancta
1673 2018 1964 2080 Trinitate
1987 2033 2243 2098 prorsus

2337 2012 2540 2080 iéatnxa
2627 2013 2889 2093 γνώριμος
2927 2029 2941 2045 ⁸
3026 2015 3061 2081 ἡ
3145 2011 3200 2068 δὲ
3251 2018 3357 2071 τῶν
3412 2014 3616 2094 φύσεων
3686 2009 3968 2091 διακριτικὴ

584 2106 1158 2185 rejicitur.Naturas
1180 2107 1378 2188 itaque
1401 2108 1845 2170 discernentem
1869 2107 2143 2170 ordinem
2179 2106 2241 2167 in

588 2191 883 2257 Trinitate
913 2213 948 2256 ε
977 2199 1197 2258 sanctis
1218 2197 1391 2276 rejici
1422 2197 1754 2276 declarans,
1792 2195 2021 2257 divinas
2051 2197 2240 2278 hypo-

587 2289 775 2345 stases
797 2284 1240 2346 discernentem
1270 2285 1391 2347 illis
1421 2286 1566 2364 ipsis
1587 2285 1923 2347 innotuisse
1953 2284 2243 2349 decernit.

591 2370 821 2444 Quibus
849 2374 1095 2434 omnino
1124 2374 1210 2435 uti
1242 2374 1581 2455 expurgatis
1612 2393 1719 2436 sua
1752 2372 2015 2435 Trinitas
2069 2392 2246 2434 reve-

591 2459 829 2541 lavit,ut
850 2462 1047 2541 magni
1067 2462 1325 2542 theologi
1344 2462 1613 2543 Gregorii
1643 2462 1839 2525 verbis
1869 2471 2022 2544 utar,
2055 2461 2157 2543 qui
2188 2463 2250 2524 in

588 2549 854 2612 secunda
882 2551 1153 2612 oratione
1175 2551 1252 2613 de
1276 2555 1427 2614 Pace
1448 2551 1687 2616 scribit:
1723 2551 1817 2614 Ita
1837 2559 2128 2628 tenemus,
2158 2556 2251 2615 ita

590 2642 903 2721 sentimus,
921 2647 991 2704 ut
1021 2643 1319 2721 quomodo
1347 2660 1414 2705 sc
1441 2642 1702 2705 habeant
1731 2643 1893 2704 inter
1910 2659 1971 2704 se
1996 2641 2125 2704 haec
2150 2658 2250 2704 re-

592 2729 824 2809 latione
851 2736 905 2791 et
926 2730 1140 2793 ordine
1172 2731 1296 2810 ipsi
1343 2730 1460 2794 soli
1516 2730 1810 2794 Trinitati
1859 2730 2254 2793 concedamus

593 2818 1024 2897 cognitionem,
1056 2825 1113 2882 et
1144 2818 1364 2899 quibus
1404 2825 1537 2900 ipsa
1570 2818 1848 2881 Trinitas
1893 2821 2255 2900 expurgatis

594 2906 888 2970 reuelabit
902 2915 1009 2971 aut
1026 2916 1323 2989 nunc,aut
1343 2908 2004 2989 postmodum.Quinam
2029 2926 2169 2970 vero
2191 2907 2257 2970 hi

595 3001 818 3069 sunt,el
840 2996 1074 3077 quid,et
1089 3015 1206 3078 quo
1234 2997 1293 3057 in
1308 2997 1438 3059 loco
1461 3006 1521 3060 et
1539 2997 1651 3058 hoc
1680 2997 2094 3077 unusquisque
2114 3014 2258 3077 per-

2326 2100 2410 2158 ἐπὶ
2475 2104 2574 2169 τῆς
2618 2103 2771 2181 ἁγίας
2828 2101 3045 2182 Τριάδος
3122 2099 3449 2169 ἀπόϐλητος.
3516 2102 3623 2171 Τὴν
3667 2103 3838 2160 τοίνυν
3877 2106 3969 2156 τῶν

2328 2190 2534 2271 φύσεων
2619 2188 2946 2270 διακριτικήν
3016 2189 3159 2257 τάξιν
3230 2190 3318 2247 ἐπὶ
3399 2194 3499 2257 τῆς
3582 2188 3805 2270 Τριάδος
3869 2200 3971 2252 τοῖς

2331 2279 2499 2356 ἁγίοις
2545 2278 2687 2336 εἶναι
2743 2278 3100 2359 δίατρανώσας
3146 2276 3475 2355 ἀπόϐλητον,
3531 2278 3631 2348 τὴν
3694 2285 3802 2336 τῶν
3839 2280 3972 2335 θείων

2331 2366 2669 2426 ὒποστάσεων
2752 2367 3081 2448 διακριτικὴν
3162 2367 3541 2437 καθεστηκέναι
3627 2369 3839 2432 τούτοις
3886 2369 3970 2433 σὺν

2333 2471 2452 2522 τοῖς
2511 2459 2856 2539 ἀποφαίνεται
2912 2459 3200 2539 γνώριμον.
3265 2460 3369 2525 Οἷς
3424 2460 3636 2524 πάντως
3703 2458 3797 2517 ἅτε
3822 2480 3970 2517 κεκα-

2333 2547 2609 2627 θαρμένοις
2668 2551 2733 2606 τὰ
2788 2550 2907 2629 περί
2947 2550 3144 2618 ταύτης
3196 2550 3233 2618 ἡ
3275 2550 3432 2630 Τριὰς
3489 2546 3805 2627 ἆπεκάλυψε
3857 2549 3973 2605 κατὰ

2336 2638 2428 2694 τὸν
2471 2636 2637 2695 πολὺν
2680 2638 2735 2694 ἐν
2781 2638 3024 2717 θεολογίᾳ
3080 2637 3392 2718 Γρηγόριον,
3452 2637 3511 2703 ὅς
3567 2637 3622 2694 ἐν
3660 2646 3744 2714 τῷ
3774 2636 3974 2717 δευτέρῳ

2334 2724 2439 2783 τῶν
2497 2728 2798 2806 εἰρηνικῶν,
2875 2726 3023 2786 Οὕτω
3073 2734 3388 2808 φρονοῦμεν,
3442 2728 3595 2807 φησὶ,
3667 2729 3761 2785 καὶ
3827 2727 3973 2791 οὕτως

2337 2812 2561 2895 ἔχομεν,
2637 2815 2778 2872 ὥστε
2837 2814 2983 2882 ὅπως
3055 2816 3153 2893 μὲν
3210 2815 3329 2895 ἔχει
3393 2818 3525 2896 πρὸς
3577 2814 3795 2885 ἄλληλα
3833 2819 3977 2874 ταῦτα

2340 2902 2584 2984 σχέσεώς
2655 2925 2714 2961 τε
2774 2906 2863 2962 καὶ
2942 2903 3164 2980 τάξεως,
3253 2902 3385 2974 αὸτῆ
3455 2904 3597 2983 μόνῃ
3673 2911 3746 2983 τῇ
3820 2901 3976 2983 Τριάδι

2340 3005 2647 3073 συγχωρεῖν
2720 2991 2930 3072 εἰδέναι,
3027 2994 3118 3051 καὶ
3186 2994 3277 3059 οἷς
3345 2992 3407 3050 ἂν
3475 2996 3513 3064 ἡ
3565 2996 3729 3074 Τριᾶς
3785 2993 3976 3053 ἂποκα-

594 3085 888 3159 tractavit,
922 3104 1029 3166 ego
1051 3104 1156 3165 pro
1180 3085 1408 3148 viribus
1429 3086 1673 3167 eloquar
1695 3086 1858 3155 nulla
1878 3085 2252 3166 interposita,

2341 3080 2484 3159 λύψῃ
2570 3083 2980 3164 κεκαθαρμένοις
3063 3084 3100 3152 ἢ
3165 3082 3253 3141 νῦν
3322 3082 3359 3152 ἢ
3429 3080 3670 3164 ὕστερον,
3731 3089 3886 3141 Ποῖοι
3933 3080 3981 3138 δὲ

596 3176 1032 3237 mora.Primus
1061 3194 1308 3255 magnus
1332 3174 1590 3238 Basilius
1614 3175 1806 3256 primo
1829 3174 2114 3237 adversus
2142 3172 2254 3236 Eu-

2338 3191 2477 3236 τινες
2538 3171 2702 3249 οὗτοι,
2764 3174 2815 3229 τί
2872 3194 2926 3229 νε
2986 3173 3074 3230 καὶ
3126 3179 3230 3231 ποῦ
3286 3172 3405 3253 περὶ
3478 3175 3679 3240 ταύτης
3751 3168 3980 3230 διέλαϐον

594 3262 865 3323 nomium
881 3264 1270 3326 antirrhetico
1294 3265 1467 3344 longo
1480 3281 1757 3325 sermone
1778 3262 1852 3324 de
1870 3263 2082 3327 ordine
2096 3281 2254 3339 usus,

2348 3258 2590 3334 ἕκαστος,
2648 3260 2757 3339 ἐγὼ
2797 3262 2934 3317 κατὰ
2972 3260 3150 3327 σθένος
3214 3260 3341 3340 ἐρῶ,
3399 3258 3566 3337 μηδὲν
3620 3262 3977 3341 ὑπερθέμενος.

596 3351 721 3413 haec
741 3351 1060 3431 ipsissimis
1078 3353 1267 3414 verbis
1289 3372 1356 3414 ex
1366 3351 1681 3433 ponit:Sed
1692 3352 1838 3415 ordo
1855 3351 2008 3414 alter
2021 3358 2254 3415 natura-

2350 3345 2439 3407 Ἐν
2495 3349 2727 3428 πρώτοις
2784 3351 2871 3406 καὶ
2928 3350 3028 3429 γὰρ
3086 3353 3114 3406 ὁ
3172 3350 3342 3430 μέγας
3384 3349 3659 3416 Βασίλειος
3696 3352 3754 3409 ἒν
3798 3350 3891 3427 μὲν
3918 3352 3985 3424 τῷ

598 3439 674 3502 lis
699 3442 961 3506 est.alte1
985 3441 1693 3520 artiﬁciosusJVaturalis
1711 3444 1815 3520 qui
1839 3448 2254 3504 creaturarum

2346 3437 2539 3516 πρώτῳ
2589 3440 2681 3496 τὸν
2732 3439 2863 3518 πρὸς
2932 3439 3189 3516 Εὐνόμιον
3244 3437 3622 3521 ἆντιῤῥητικῶν
3678 3438 3844 3498 πολὺν
3895 3438 3983 3496 λό-

591 3529 772 3605 Ῑιιωεα
801 3530 1048 3591 creandi
1067 3531 1336 3593 rationes
1356 3530 1681 3607 dispositus
1707 3536 1879 3610 est,et
1903 3531 2125 3609 positio
2141 3547 2254 3592 nu-

2345 3549 2440 3607 γον
2482 3528 2599 3606 περὶ
2660 3528 2761 3596 τῆς
2815 3525 3012 3594 τάξεως
3067 3528 3456 3603 ποιησάμενος,
3512 3526 3635 3586 τάδε
3685 3531 3819 3609 πρὸς
3874 3527 3987 3595 ἔπος

600 3618 761 3678 meri
789 3624 847 3678 et
875 3634 1199 3680 causarum
1230 3618 1312 3680 ad
1338 3618 1583 3698 effectus
1609 3618 1853 3699 relatio,
1883 3625 2026 3681 ante
2055 3620 2254 3680 omnia

2344 3616 2503 3694 φησίν
2540 3634 2556 3651 ·
2616 3612 2782 3673 Ἀλλᾶ
2853 3617 2942 3674 καὶ
3001 3616 3153 3682 τάξις
3195 3618 3233 3686 ἡ
3285 3616 3382 3693 μὲν
3430 3618 3624 3697 φυσικὴ
3696 3620 3776 3685 τίς
3832 3618 3984 3695 ἔστιν,

597 3719 737 3766 cum
767 3703 924 3766 illud
970 3707 1040 3766 in
1067 3705 1397 3785 confesssis
1429 3709 1534 3783 sit,
1566 3708 1763 3788 ipsius
1788 3715 2031 3769 natura!
2065 3706 2254 3769 Deum

2341 3707 2376 3773 ἡ
2431 3702 2487 3760 δὲ
2539 3703 2658 3765 κατ’
2715 3703 3046 3777 ἐπιτήδευσιν
3074 3722 3091 3738 ⁸
3166 3706 3360 3786 φυσικὴ
3439 3706 3562 3782 μὲν,
3634 3708 3712 3770 ὣς
3799 3708 3834 3778 ἠ
3890 3709 3986 3763 τῶν

598 3799 658 3856 ct
687 3800 1022 3856 creatorem
1051 3801 1108 3857 et
1132 3795 1409 3876 opiﬁcem
1438 3814 1587 3860 esse.
1622 3796 1995 3876 Artiﬁciosus
2019 3814 2184 3876 vero,
2205 3803 2254 3858 et

2344 3795 2652 3870 κτισμάτων
2775 3796 2911 3852 κατὰ
3032 3796 3153 3859 τοὺς
3277 3794 3684 3876 δημιουργικούς
3811 3795 3986 3876 λόγους

598 3881 906 3944 industria
936 3881 1247 3945 hominum
1269 3886 1672 3966 excogitatas,
1700 3887 1805 3964 qui
1830 3888 1896 3946 in
1935 3885 2254 3947 structuris

2347 3885 2638 3963 ταχθεῖσα,
2692 3883 2780 3940 καὶ
2834 3886 2908 3949 ὡς
2964 3883 3002 3951 ἦ
3042 3890 3134 3940 τοῦ
3176 3883 3399 3964 ἀριθμοῦ
3442 3882 3606 3960 θέσις,
3668 3886 3761 3942 καὶ
3801 3886 3837 3953 ἡ
3891 3886 3985 3956 τῶν

600 3977 658 4033 et
688 3969 1057 4052 disciplinis,
1092 3977 1149 4036 et
1173 3973 1588 4053 dignitatibus,
1610 3983 1663 4037 et
1684 3991 1959 4051 numero,
1994 3982 2054 4035 et
2083 3974 2262 4036 simi-

601 4056 1029 4122 libus.Horum
1053 4061 1323 4140 primum
1354 4061 1657 4125 occultans
1674 4062 2264 4142 Eunomius,secun-

602 4148 693 4211 da:
723 4151 946 4229 speciei
965 4150 1205 4213 ordinis
1223 4157 1586 4214 mentionem
1611 4152 1773 4230 fecit,
1796 4154 2000 4231 aitque
2026 4169 2148 4214 non
2165 4169 2263 4214 es-

603 4254 669 4300 se
697 4254 848 4317 opus
877 4255 1140 4301 asserere
1169 4240 1442 4303 ordinem
1472 4244 1540 4304 in
1566 4242 1712 4316 Deo,
1739 4257 1877 4302 cum
1902 4240 2052 4302 ordo
2084 4241 2263 4304 ordi-

602 4334 798 4388 nante
822 4329 1116 4407 posterior
1141 4330 1243 4392 sit.
1276 4328 1442 4392 Illud
1464 4338 1657 4392 cutem
1688 4328 1784 4392 vel
1816 4345 1939 4391 non
1971 4329 2263 4391 animad-

603 4414 911 4488 ocrtit,vel
933 4416 1136 4479 volens
1160 4418 1550 4500 prudensque
1577 4418 1926 4492 occultavit,
1943 4435 2070 4480 esse
2086 4434 2268 4498 genus

605 4504 851 4585 aliquod
871 4506 1265 4588 ordinis,non
1287 4516 1495 4571 nostra
1514 4508 1819 4571 industria
1843 4513 2254 4571 constitutum.

2351 4505 2588 4581 ψάμενος
2666 4507 2694 4563 ὁ
2777 4505 3055 4582 Εὖνόμιος,

603 4593 706 4655 sed
751 4594 1080 4658 secundum
1132 4603 1376 4659 naturae
1414 4600 1629 4660 seriem
1667 4598 2021 4676 contingens
2077 4596 2254 4659 velut:

2351 4593 2548 4660 τάξεως
2632 4596 2966 4672 ἔπεμνήσθη,

603 4683 764 4763 ignis
785 4685 869 4743 ad
886 4683 1277 4766 lumen,quod
1306 4704 1385 4749 ex
1411 4704 1479 4748 eo
1507 4689 1705 4750 est.In
1733 4685 1829 4747 his
1856 4686 2073 4748 etenim
2093 4686 2254 4765 prim

2354 4681 2439 4739 ἐπὶ
2524 4690 2657 4740 Θεοῦ
2738 4682 2905 4760 τάξιν,

605 4788 851 4833 causam
879 4773 1460 4854 dicimus,p0sterius
1489 4777 1653 4856 quod
1678 4773 1753 4837 ab
1785 4791 1853 4836 eo
1876 4766 1987 4850 est,
2020 4792 2144 4836 non
2168 4777 2254 4835 in-

2351 4771 2659 4837 τάττοντος.
2729 4774 2942 4831 Ἐκεῖνο
3020 4772 3077 4830 δὲ
3146 4772 3182 4843 ἢ
3266 4776 3327 4832 οὗ
3409 4771 3663 4856 σύνοιδεν,

608 4860 858 4924 teroallo
871 4879 945 4924 ea
957 4863 1032 4925 ab
1057 4864 1312 4925 invicem
1332 4864 1822 4944 dirimentes,srd
1846 4871 1987 4926 ante
2001 4863 2272 4944 effectum

607 4967 852 5012 causam
873 4950 1614 5032 intelligentes.0uomodo
1636 4955 1843 5031 itaque
1872 4955 2098 5015 rationi
2120 4970 2271 5014 con-

607 5044 963 5101 sentaneum
992 5041 1498 5124 fuerit,ordinem
1520 5041 1917 5120 denegare,in
1939 5041 2159 5121 quibus
2187 5048 2275 5104 est

607 5129 782 5209 prius
803 5134 858 5191 et
877 5130 1203 5211 posterius,
1230 5148 1349 5193 non
1368 5139 1581 5193 nostra
1597 5130 1929 5207 industria,
1943 5128 2050 5191 sed
2069 5147 2146 5192 ex
2164 5147 2274 5193 na-

609 5217 799 5279 turali
827 5217 897 5280 in
924 5218 1073 5298 ipsis
1099 5221 1425 5282 exsistente
1452 5217 1919 5283 consecutione?
1964 5216 2103 5294 Qua
2133 5236 2273 5298 ergo

609 5304 684 5367 de
704 5323 892 5369 causa
919 5307 1189 5371 ordinem
1221 5326 1524 5373 assumere
1538 5311 1605 5372 in
1627 5309 1749 5370 Deo
1773 5306 2031 5388 respuit?
2050 5308 2274 5388 Opina-

612 5399 713 5456 tur
736 5397 795 5457 si
823 5396 1175 5467 Ostenderit,
1219 5416 1600 5479 nequaquam
1634 5396 1816 5460 aliter
1839 5397 2016 5478 prius
2056 5399 2121 5459 in
2147 5397 2274 5460 Deo

611 5481 892 5564 intelligi,
900 5484 1201 5567 reliquum
1217 5505 1279 5551 se
1287 5488 1733 5564 habiturum,in
1745 5490 1879 5568 ipsa
1894 5486 2273 5550 scilicetsub-

695 5648 747 5702 ’1
811 5651 965 5715 Con.
996 5665 1162 5732 nn,
1193 5654 1254 5717 2.

2347 3972 2526 4028 αἰτίων
2585 3972 2717 4051 πρὸς
2785 3973 2854 4029 τὰ
2926 3972 3135 4031 αἰτιατὰ
3211 3973 3423 4052 σχέσις,
3509 3972 3710 4030 ἐκείνου
3767 3971 3985 4052 προδιω-

2349 4054 2724 4139 μολογημένου
2792 4067 2884 4118 τοῦ
2948 4061 3036 4118 καὶ
3097 4059 3195 4129 τῆς
3259 4060 3463 4142 φύσεως
3532 4060 3699 4130 αύτης
3770 4068 3985 4130 ποιητήν

2348 4148 2491 4205 εἶναι
2573 4150 2662 4207 καὶ
2745 4147 3065 4230 δημιουργὸν
3144 4150 3237 4209 τὸν
3310 4153 3440 4208 Θεὸν
3466 4164 3483 4182 ⁸
3555 4149 3985 4229 ἐπιτετηδευμένη

2346 4235 2399 4293 δὲ
2444 4239 2534 4294 καὶ
2611 4242 2864 4319 τεχνικὴ,
2954 4240 3028 4301 ὡς
3108 4238 3144 4306 ἡ
3202 4238 3258 4294 ὲν
3317 4250 3436 4303 τοῖς
3506 4241 3981 4316 κατασκευάσμασι,

2346 4327 2428 4383 κοὶ
2499 4327 2801 4403 μαθήμασι,
2863 4327 2952 4384 καὶ
3007 4323 3293 4407 ἀξιώμασι,
3364 4327 3454 4403 καὶ
3509 4327 3716 4408 ἀριθμῷ
3757 4330 3845 4386 καί
3883 4339 3984 4389 τοῖς

2348 4416 2626 4482 τοιούτοις.
2710 4417 2921 4479 Τούτων
3001 4415 3173 4473 τοίνδν
3253 4416 3317 4473 τὸ
3412 4415 3667 4497 πρότερον
3766 4418 3984 4497 ἂποκρνο

3142 4510 3236 4564 τοῦ
3318 4501 3557 4582 δευτέρου
3643 4504 3822 4572 εἴδους
3901 4504 3983 4572 τῆς

3053 4596 3143 4653 καὶ
3226 4616 3357 4675 φησι
3437 4595 3517 4669 μὴ
3569 4599 3769 4676 χρῆναι
3829 4594 3983 4675 λέγειν

2992 4684 3207 4765 ἔπειπερ
3275 4684 3312 4752 ἡ
3394 4683 3538 4749 τάξις
3622 4682 3840 4767 δευτέρα
3907 4687 3983 4740 τοῦ

3765 4775 3804 4844 ἢ
3866 4772 3982 4831 ἰκὼν

2354 4859 2719 4942 ἀπεκρύψατο,
2796 4861 2878 4921 ὅτι
2933 4864 3046 4920 εστι
3095 4884 3146 4919 τι
3190 4860 3386 4928 τάξεως
3445 4859 3593 4926 εἶδος
3650 4866 3748 4923 οὐκ
3788 4863 3851 4921 ἑκ
3898 4865 3982 4935 τῆς

2354 4948 2480 5031 παρ’
2548 4953 2704 5029 ἡμῶν
2791 4952 2982 5016 θέσεως
3052 4952 3465 5033 σμνιστάμενον,
3542 4942 3676 5009 ἀλλ’
3927 4955 3985 5027 τῇ

2353 5041 2492 5100 κατὰ
2572 5042 2724 5121 φύσιν
2813 5041 3090 5115 ἀκολουθίᾳ
3181 5036 3500 5118 συμϐαῖνον,
3597 5043 3674 5109 ὡς
3749 5049 3825 5110 τῷ
3885 5040 3988 5119 πυρὶ

2354 5130 2486 5206 πρὸς
2549 5130 2610 5186 τὸ
2662 5128 2774 5209 φῶς
2850 5129 2961 5187 ἐστι
3016 5131 3077 5187 τὸ
3136 5126 3190 5196 ἒξ
3245 5131 3425 5193 αὐτοῦ.
3475 5126 3565 5187 Ἐν
3640 5130 3851 5211 τούτοις
3903 5129 3987 5208 γὰρ

2354 5217 2607 5297 πρότερον
2659 5220 2722 5275 τὸ
2806 5218 2981 5277 αἴτιον
3050 5218 3298 5298 λέγομεν,
3374 5214 3609 5299 δεύτερον
3664 5214 3720 5275 δὲ
3784 5220 3844 5276 τὸ
3907 5212 3987 5276 ἀπ’

2356 5307 2536 5382 αὒτοῦ,
2608 5311 2667 5367 ού
2748 5304 3067 5385 διαστήματι
3148 5308 3467 5389 χωρίζοντες
3558 5303 3655 5365 ἀπ’
3751 5304 3988 5377 ἀλλήλων

2352 5403 2542 5468 ταῦτα,
2627 5396 2765 5456 ἀλλὰ
2844 5404 2923 5473 τῷ
2987 5398 3229 5478 λογισμῷ
3298 5401 3390 5455 τοῦ
3479 5395 3715 5458 αἰτιατοῦ
3784 5415 3988 5475 προεπιο

2356 5494 2594 5551 νοοῦντες
2678 5487 2740 5543 τὸ
2822 5487 3018 5565 αἴτιον.
3086 5492 3207 5553 Πῶς
3281 5483 3370 5551 οὖν
3440 5482 3654 5565 εὔλογον
3734 5483 3991 5564 ᾄρνεῖσθαι
