4208 6290
470 315 631 379 11οτ

469 539 577 618 tri,
614 546 1001 617 praponunt.
1035 546 1093 602 et
1135 540 1433 617 Spiritum
1470 542 1746 598 sanctum
1772 534 1958 598 Filio.
1985 536 2123 597 Haec

473 626 550 689 de
597 627 811 689 ordine
860 628 920 689 in
974 626 1265 689 Trinitate
1313 643 1562 704 magnus
1596 624 1655 685 in
1685 622 1868 686 rebus
1907 623 2124 685 divinis

469 714 1008 796 Basilius,quorum
1037 715 1228 794 potior
1251 733 1387 794 pars
1408 715 1719 776 horrorem
1745 732 1813 775 ac
1832 722 2120 776 terrorem

469 802 786 866 incusserit
814 804 929 866 sibi
959 805 1113 867 bene
1142 803 1401 865 consciis
1422 802 1660 865 animis.

469 892 596 971 χέα⁶
660 881 834 949 "itm
891 895 924 961 ἡ
983 895 1099 971 περὶ
1154 891 1298 958 τάξιν
1354 892 1664 968 καινοτομία
1746 893 1910 959 αὑτῆς
2006 898 2106 959 τῆς

468 979 609 1037 ἔστιν
696 981 913 1061 ἄρνησις
924 1028 936 1042 .

1035 973 1259 1043 Ὀιιοίως
1350 980 1436 1037 οὖν
1510 980 1651 1037 ἐστιν
1734 978 1920 1044 ἀσεϐὲς
2008 982 2095 1038 καὶ

1612 313 2141 379 CONSTANTINI
2185 312 2729 377 ΜΕΙιῙΤΕΝῙΟΤιΕ

467 449 791 527 manifesto
810 451 1065 531 pietatis
1096 455 1569 530 oppugnatores,
1599 445 1988 509 dumFiIium
2009 445 2122 507 Pa-

2209 446 2556 529 πρεσϐύτερον

3703 300 3858 367 1108

2664 447 2835 528 λέγων
2946 450 3148 528 Πατρδς
3159 493 3173 521 ,
3282 447 3433 510 οὗτος
3556 441 3861 500 ἀνθίσταται

2207 538 2304 613 μὲν
2389 536 2457 608 τῇ
2542 548 2635 597 τοῦ
2732 540 2865 595 Θεοῦ
2933 536 3178 617 διαταγῇ,
3267 534 3540 613 ἀλλότριος
3623 529 3679 587 δὲ
3754 532 3857 594 τῆς

2203 628 2539 705 ὑγιαινούσης
2626 629 2879 706 πίστεως,
2967 628 3059 700 μὴ’
3154 627 3214 683 ὃν
3312 618 3574 701 παρέλαϐε
3656 618 3856 696 τρόπον

2202 713 2502 794 δοξολογίας
2596 715 2897 796 φυλάττων,
3000 712 3118 771 ἀλλ’
3231 715 3400 787 ἑαυτῷ
3502 707 3854 789 καινοφωνῖαν

2202 806 2275 870 εἷς
2341 804 2615 885 ἀρέσκειαν
2672 805 2959 883 ἀνθρώπων
3034 804 3278 861 έπινοῶν.
3343 803 3441 860 Καὶ
3510 799 3646 875 μετά
3712 797 3849 873 βρα-

2196 892 2462 972 ὑπάρξεως
2539 892 2783 960 ἀθέτησιν
2863 893 3006 973 ἔχει,
3090 894 3176 949 καὶ
3233 890 3363 958 ὅλης
3442 894 3540 956 τῆς
3619 886 3850 946 πίστεώς

2202 981 2332 1058 ὑπὲρ
2411 982 2507 1050 τὴν
2594 984 2763 1039 κτίσιν
2886 993 3239 1060 καταγαγεῖν,
3332 980 3421 1035 καὶ
3522 973 3849 1051 ὑπερτιθέναι

470 1070 595 1126 αὑτὸ
649 1071 686 1139 ἢ
756 1073 876 1128 Υἱοῦ
930 1070 973 1150 ἢν
1044 1071 1269 1149 Πατρὸς,
1332 1069 1368 1138 ἢ
1426 1072 1562 1126 κατά
1613 1068 1828 1149 χρόνον,
1902 1069 1937 1137 ἥ
2011 1071 2144 1126 κατά
2196 1069 2295 1136 τὴν
2352 1067 2519 1144 τάξιν,
2607 1068 2694 1129 Ἐν
2778 1069 2833 1127 δὲ
2891 1076 2959 1147 τῇ
3058 1072 3187 1150 πρὸς
3244 1069 3525 1127 Εὑστάθιον
3594 1061 3851 1139 ἱπιστολῇ

468 1156 589 1215 τάδε
657 1179 840 1239 φησιν·

466 1243 678 1314 Gavi-1;,
787 1249 860 1310 ὡς
957 1247 1194 1328 φανερῶς
1271 1245 1613 1325 μαχομένους
1669 1246 1737 1313 τῆ
1809 1244 2065 1318 εὑσεόείᾳ,

938 1149 1069 1217 ”Οτι
1140 1160 1348 1237 φεύγειν
1404 1157 1488 1215 δεῖ
1555 1160 1643 1218 καὶ
1700 1159 1818 1221 τοὺς
1892 1159 1991 1226 τὴν
2046 1156 2373 1230 ἀκολουθίαν,
2459 1159 2524 1225 ἣν
2593 1156 2893 1237 παρέδωκεν
2967 1149 3107 1233 ἡμῖν
3187 1160 3215 1215 6
3316 1156 3526 1233 Κύριος,

2152 1248 2240 1303 καὶ
2316 1248 2433 1303 ι’ίὸν
2516 1248 2911 1325 προτάσσοντας
2980 1253 3072 1304 τοῦ
3144 1247 3370 1324 Πατρὸς,

472 1341 685 1409 Πνεῦμα
740 1336 801 1391 τὸ
860 1332 1011 1413 ἂγιον
1066 1334 1428 1413 προτιθέντας.
1492 1341 1730 1392 Τοσαῦτα
1809 1336 1925 1412 περὶ
1981 1335 2078 1402 τῆς
2133 1333 2186 1389 ὲν

3634 1153 3852 1227 ξναμεί-

3456 1246 3576 1299 ι’ἱοῦ
3645 1239 3699 1297 δέ
3788 1242 3852 1296 1‘0

2289 1340 2357 1410 τῇ
2416 1332 2593 1414 Τριάδι
2649 1333 2844 1400 τάξεως
2904 1337 2932 1391 6
3003 1332 3170 1398 πολύς
3227 1334 3293 1390 τά
3373 1336 3492 1389 θεῖα
3550 1328 3847 1408 Βασῖλειος,

465 1424 556 1479 καὶ
599 1423 736 1481 οὕτω
791 1424 857 1480 τὰ
908 1422 1077 1480 πλείω
1118 1423 1352 1502 γέμοντα
1410 1436 1531 1488 ταῖς
1592 1422 1975 1494 εὑσυνειδήτοις
2033 1428 2242 1504 ψυχαῖς
2298 1425 2486 1504 φρίκης
2518 1424 2606 1480 καὶ
2648 1422 3023 1504 φοϐερότητος.

552 1510 652 1583 34,
687 1509 855 1584 Quod
887 1511 936 1572 si
964 1530 1034 1573 ex
1055 1510 1410 1572 adversariis
1438 1530 1557 1572 non
1593 1531 1766 1573 nemo
1799 1510 2118 1583 dixerit,ob

471 1617 575 1663 eos
605 1599 709 1680 qui
739 1600 1045 1661 nominum
1080 1600 1434 1681 positionem
1479 1600 1540 1661 in
1590 1602 1713 1662 suis
1742 1600 2120 1663 sermonibus

2285 1509 2348 1568 λδ
2361 1502 2389 1573 ’.
2426 1513 2484 1570 Εἰ
2514 1509 2568 1567 δὲ
2598 1502 2811 1591 λέγουσι
2850 1519 2954 1571 τῶν
2985 1514 3380 1579 ἀνθεστηκότων
3423 1510 3568 1572 τινὲς
3598 1506 3683 1564 διὰ
3725 1507 3847 1571 τοὺς

2200 1602 2297 1669 τὴν
2332 1601 2485 1658 θέσιν
2513 1608 2619 1658 τῶν
2647 1602 2923 1677 ὀνομάτων
2966 1601 3020 1658 ἄν
3062 1613 3182 1665 τοῖς
3226 1600 3396 1656 αὑτῶν
3443 1598 3622 1675 λόγοις
3680 1595 3849 1659 ἀδεῶς

469 1688 549 1749 im
564 1698 814 1772 mutant,
848 1689 975 1751 haec
1007 1689 1205 1750 omnia
1230 1707 1504 1766 magnum
1530 1689 1694 1750 illum
1716 1690 1904 1751 virum
1933 1708 2119 1753 enun-

2203 1688 2658 1765 μεταλλάττοντας
2700 1701 2863 1750 ταῦτα
2916 1692 3086 1748 πάντα
3140 1692 3232 1746 τὸν
3276 1689 3443 1768 μέγαν
3488 1690 3704 1759 εἰπεῖν,
3765 1684 3847 1741 ὅτι

464 1776 675 1852 tiasse,
709 1778 867 1857 quod
900 1797 970 1840 ex
1004 1778 1074 1840 iis
1103 1796 1236 1858 quae
1265 1777 1337 1838 ad
1372 1778 1533 1841 aliud
1565 1787 1705 1840 sunt
1731 1778 1906 1840 Pater
1934 1790 1992 1841 et
2016 1779 2114 1839 Fi-

466 1864 607 1938 lius,
641 1874 1079 1948 proptereaque
1124 1867 1534 1929 collocandum
1583 1886 1715 1929 esse
1756 1887 1892 1929 cum
1944 1869 2117 1931 Patre

468 1954 684 2018 Filium
719 1955 780 2016 in
815 1957 1453 2021 enumerationezcum
1471 1957 1584 2020 alia
1608 1957 2120 2019 rationenihilim-

468 2044 894 2126 pediat,statim
921 2056 1052 2128 post
1075 2050 1306 2112 Patrem
1330 2048 1613 2131 Spiritum
1637 2057 1904 2111 sanctum
1929 2050 2118 2111 collo-

465 2151 624 2209 care,
657 2135 812 2214 quod
836 2136 1126 2211 nonnulli,
1162 2138 1262 2219 qui
1284 2139 1485 2199 omnia
1514 2137 1753 2211 audent,
1791 2156 1909 2199 non
1943 2137 2113 2199 veriti

2198 1780 2302 1836 τῶν
2358 1780 2490 1857 πρός
2547 1802 2597 1837 τι
2654 1782 2834 1857 Πατὴρ
2902 1783 2990 1837 καὶ
3070 1782 3211 1853 Υἱὸς,
3257 1781 3344 1835 καὶ
3400 1777 3512 1859 χρῆ
3555 1775 3639 1833 διά
3693 1786 3850 1835 τοῦτο

2200 1869 2571 1927 συντάττεσθαι
2628 1874 2707 1944 τῷ
2763 1872 2925 1948 Πατρὶ
2986 1871 3121 1927 κατά
3180 1870 3279 1936 τὴν
3335 1868 3692 1947 ἀπαρίθμησιν
3757 1866 3851 1920 τὸν

2202 1959 2320 2014 Υἱόν
2357 1977 2372 1992 °
2418 1957 2531 2015 έπεὶ
2573 1957 2689 2016 καθ’
2732 1958 2909 2039 ἕτερον
2959 1957 3120 2037 λόγον
3163 1956 3311 2017 οὐδὲν
3353 1959 3415 2013 16
3467 1954 3674 2012 κωλύον
3717 1975 3851 2030 συγ-

2201 2045 2513 2125 καταλέγειν
2570 2049 2714 2111 εὑθὺς
2771 2054 2848 2121 τῷ
2905 2048 3067 2126 Πατρὶ
3150 2049 3211 2104 τὸ
3268 2048 3478 2120 Πνεῦμα
3537 2048 3593 2100 τ’·
3646 2043 3798 2122 ἅγιον
3834 2058 3849 2071 ⁸

2201 2136 2288 2192 καὶ
2343 2146 2499 2195 τοῦτο
2568 2138 2667 2215 γὰρ
2724 2135 2848 2193 ἔνιοι
2931 2142 3037 2192 τῶν
3121 2137 3189 2192 τά
3237 2135 3410 2191 πάντα
3465 2132 3699 2212 θρασέων
3755 2131 3855 2187 οὑκ

465 2231 604 2284 sunt
630 2222 886 2298 etTutire,
946 2226 1276 2288 secundum
1328 2227 1457 2289 sola
1510 2226 1861 2288 relationem
1888 2226 1960 2289 ad
1996 2228 2110 2289 Pa-

2203 2222 2439 2290 ὤκνησαν
2467 2224 2839 2303 ἀπερεύξασθαι
2882 2226 3020 2281 κατά
3068 2224 3167 2291 τὴν
3219 2225 3350 2303 πρὸς
3403 2224 3484 2278 τὸν
3526 2220 3729 2300 Πατέρα
3760 2226 3850 2276 καί

468 2318 645 2385 trem,
679 2310 1088 2376 existimantes
1134 2315 1293 2377 illico
1335 2314 1661 2378 subinferri
1697 2314 1950 2386 Filium;
1994 2333 2111 2376 non

2203 2310 2355 2385 μόνον
2415 2312 2605 2392 σχέσιν
2688 2313 2916 2388 οἰόμενοι
2999 2312 3388 2389 συνεισάγεσθαι
3446 2330 3684 2388 παραυτα
3752 2309 3845 2363 τὸν

466 2418 605 2462 vero
635 2401 963 2462 secundum
983 2401 1667 2483 exsistentiam,namque
1695 2402 2023 2464 secundum
2046 2403 2115 2464 il-

468 2487 587 2550 lam
622 2488 786 2569 paria
800 2507 930 2551 esse
943 2490 1309 2552 contendunt
1331 2493 1591 2554 Verbum
1613 2489 1961 2570 etSpiritum
1982 2510 2113 2553 san-

470 2587 652 2638 ctum.
671 2596 804 2657 quae
823 2579 1133 2659 mqualiter
1154 2599 1282 2642 eam
1298 2579 1562 2642 habenta
1581 2582 1771 2644 Patre.
1789 2580 1858 2642 Et
1874 2581 2120 2643 fortasse

470 2665 831 2730 confirmant
856 2667 1054 2729 verbis
1084 2667 1357 2749 Gregorii
1374 2669 1653 2747 Theologi
1672 2689 1741 2731 ex
1772 2670 2037 2731 oratione
2058 2671 2119 2731 in

471 2771 707 2827 sacrum
726 2754 1020 2837 baptisma
1040 2779 1053 2817 :
1078 2758 1235 2820 Mihi
1258 2761 1323 2821 in
1343 2764 1548 2821 animo
1569 2766 1654 2821 est
1674 2760 1920 2821 Patrem
1935 2761 2123 2838 maio-

471 2860 604 2907 rem
633 2845 869 2920 dicere,
913 2863 988 2909 ea:
1014 2864 1133 2927 quo
1173 2855 1262 2909 est
1292 2857 1349 2911 et
1369 2848 1630 2928 (equites
1659 2866 1811 2923 esse,
1845 2851 1955 2929 qui
1973 2854 2123 2911 sunt

470 2932 752 3012 osquam,
777 2941 833 2997 et
851 2935 1008 3014 quod
1020 2935 1307 2999 sint.Hoc
1325 2940 1490 2999 enim
1508 2936 1585 3000 ab
1614 2938 1889 3000 omnibus
1905 2954 2119 3000 conce-

473 3021 664 3097 detur,
697 3029 754 3086 et
780 3031 978 3086 metuo
1005 3042 1086 3087 ne
1111 3026 1484 3106 principium
1508 3026 1861 3101 inferiorum
1883 3028 2119 3104 princi-

466 3111 638 3188 pium
652 3095 979 3190 faciam,et
997 3095 1543 3193 per‘praela‘tionem
1555 3095 1853 3193 injuriam
1872 3095 2121 3196 ἀπέναντι
2139 3095 2179 3146 C

475 3198 602 3262 illis
631 3217 766 3280 qua:
806 3210 1057 3281 prapter
1085 3203 1381 3283 aqualem
1407 3203 1698 3267 honorem
1728 3205 2058 3285 aequaliter
2085 3224 2122 3265 a

475 3286 660 3351 Patre
685 3291 1185 3371 progrediuntur.
1216 3290 1277 3354 Si
1310 3292 1438 3354 haec
1467 3291 1697 3373 dicunt,
1731 3310 1870 3372 erga
1899 3293 2119 3353 verita-

475 3384 592 3439 tem
623 3386 885 3458 apertam
916 3386 1141 3442 temere
1170 3378 1564 3455 insolescunt,
1597 3389 1655 3442 et
1684 3381 1849 3443 hisce
1873 3380 2117 3443 invere-

474 3465 672 3528 cunde
716 3464 896 3527 veluti
938 3466 1198 3530 robustis
1245 3468 1499 3531 vinculis
1539 3468 1823 3530 orationis
1878 3488 2114 3531 cursum

468 3552 765 3633 impedire
794 3564 1107 3629 conantur,
1138 3555 1242 3617 sed
1277 3556 1532 3635 primum
1562 3556 1806 3637 quidem
1841 3575 1943 3618 eos
1972 3577 2118 3620 con-

465 3641 718 3704 fundent
750 3646 943 3721 magni
982 3644 1188 3705 Basilii
1219 3644 1529 3726 verba,qui
1549 3645 1777 3706 vocavit
1804 3646 1877 3708 de
1897 3649 2121 3709 ordine

468 3733 927 3794 innovationem
949 3731 1142 3812 ipsius
1171 3734 1547 3796 exsistentiae
1582 3735 2122 3799 annihilationem.

470 3826 525 3882 et
534 3819 685 3898 ﬁdei
706 3820 889 3883 totius
904 3819 1386 3900 abnegationem.
1412 3820 1719 3895 Quomodo
1741 3821 1900 3883 enim
1921 3823 1995 3885 de
2017 3841 2120 3884 or-

471 3909 613 3972 dine
632 3909 935 3973 innovatio
949 3912 1314 3974 exsistentiaa
1340 3911 1694 3974 annihilatio
1726 3912 1984 3984 fuerit,si
2003 3933 2121 3975 non

472 3998 801 4063 secundum
831 4000 1240 4063 exsistentiam
1255 4000 1403 4062 ordo
1417 3999 1551 4063 est?
1580 4000 1965 4064 Postmodum
1983 4021 2120 4065 con-

472 4088 706 4164 fundet,
740 4089 897 4170 quod
942 4107 1152 4152 omnes
1201 4090 1397 4153 sciunt
1441 4088 1743 4168 Evangelii
1788 4101 2123 4172 mystam-et

474 4184 871 4258 mystagogum
924 4178 1027 4241 illa
1069 4177 1287 4243 Christi
1335 4180 1652 4242 retulisse:
1705 4204 1733 4237 α
1776 4180 1907 4261 Ego
1937 4180 2124 4244 Pater

474 4284 670 4328 unum
696 4285 973 4340 sumus,»
1009 4275 1069 4331 et
1090 4267 1305 4330 iterum
1335 4286 1349 4331 :
1389 4268 1559 4348 «Ego
1587 4276 1647 4333 et
1678 4271 1867 4332 Pater
1894 4288 2016 4332 una
2031 4288 2126 4331 ve-

472 4356 716 4419 niemus
737 4366 795 4419 et
815 4360 1188 4421 mansio-nem
1211 4358 1373 4438 apud
1382 4377 1518 4421 eum
1533 4358 2128 4440 faciemu393,ncujus

2197 2401 2337 2473 Υἱὸν,
2384 2403 2443 2458 οὗ
2501 2402 2609 2476 μὴν
2667 2398 2722 2456 δὲ
2779 2403 2911 2457 κστά
2963 2401 3063 2467 τὴν
3091 2400 3307 2479 ὕπαρξιν
3342 2420 3353 2431 ·
3389 2396 3505 2454 κατ’
3537 2398 3698 2465 αὑτὴν
3740 2398 3842 2475 γὰρ

2199 2488 2449 2551 ὡσαύτως
2508 2490 2656 2545 εἶναι
2696 2488 2972 2567 βούλονται
3003 2489 3093 2545 τόν
3121 2511 3178 2545 τε
3209 2490 3380 2566 Λόγον
3408 2489 3495 2544 καὶ
3536 2490 3596 2543 1‘9
3629 2492 3841 2558 Πνεῦμα

2199 2577 2260 2631 τὸ
2302 2575 2472 2655 ἅγιον,
2508 2577 2636 2645 ἴσην
2666 2579 2864 2645 ταύτην
2905 2577 3103 2658 ἔχοντα
3134 2579 3275 2656 παρα
3304 2585 3396 2635 τοῦ
3445 2576 3645 2655 Πατρός
3679 2591 3692 2604 ·
3751 2575 3840 2629 καὶ

2200 2672 2354 2722 τοῦτο
2409 2688 2701 2745 παριστῶσι
2758 2670 2923 2747 τυχὸν
2979 2667 3040 2724 ἐκ
3080 2675 3170 2724 τοῦ
3218 2667 3309 2723 τόν
3354 2665 3613 2742 Θεολόγον
3641 2662 3844 2743 εἰρηκέ-

2204 2777 2287 2811 ναι
2347 2756 2636 2836 Γρηγόριον
2696 2758 2769 2819 εἷς
2828 2759 2919 2813 τὸν
2957 2760 3074 2836 περὶ
3114 2764 3206 2812 τοῦ
3240 2757 3606 2830 Βαπτίσματος
3658 2752 3838 2831 λόγον’

2204 2843 2353 2900 Θέλω
2406 2848 2495 2900 τὸν
2553 2845 2757 2924 Πατέρα
2804 2846 2968 2920 μείζω
3023 2848 3219 2925 εἷπεῖν,
3277 2844 3331 2911 ἒξ
3389 2846 3450 2903 οὑ
3495 2845 3673 2900 καὶτὸ
3705 2842 3847 2904 ἴσοις

2203 2934 2346 2989 εἶναι
2412 2947 2532 2996 τοῖς
2617 2932 2757 2998 ἴσοις
2842 2934 2952 2990 ἐστὶ
3021 2938 3108 2991 καὶ
3164 2937 3225 2990 τὸ
3305 2935 3471 2992 εἶναι.
3530 2941 3695 2990 Τουτο
3750 2931 3851 3009 γὰρ

2202 3021 2343 3099 παρά
2424 3020 2633 3080 πάντων
2717 3020 3042 3092 δοθήσεται·
3122 3024 3210 3079 καὶ
3289 3019 3498 3079 δέδοικα
3578 3020 3677 3087 τὴν
3758 3020 3851 3097 ἀρ-

2204 3110 2313 3189 χὴν
2398 3109 2476 3185 μὴ
2562 3108 2854 3167 ἐλαττόνων
2940 3111 3116 3192 ἀρχὴν
3199 3113 3433 3183 ποιήσω,
3518 3111 3603 3165 καὶ
3685 3111 3848 3164 καθ-ι-

2201 3195 2363 3277 ὄρίσω
2430 3195 2514 3253 διὰ
2573 3203 2670 3265 σῆς
2727 3201 3123 3279 προτιμήσεως,
3181 3199 3235 3266 bi
3310 3201 3384 3256 ὦν
3425 3198 3510 3255 διά
3564 3199 3663 3265 τὴν
3717 3198 3844 3271 ὁμο·

2199 3288 2377 3361 τιμίαν
2456 3286 2644 3354 ἑπίσης
2728 3289 2971 3368 προϊέναι
3050 3310 3139 3365 καί
3215 3288 3375 3368 ἄμφω
3441 3294 3714 3366 φρονοῦσιν
3784 3285 3845 3342 ὖκ

2199 3381 2291 3430 τοῦ
2349 3375 2575 3453 Πατρός.
2641 3377 2696 3432 Εἰ
2757 3383 2918 3431 ταῦτα
2973 3375 3185 3454 λέγουσι
3241 3382 3372 3456 πρὸς
3419 3376 3643 3455 φανερὰν
3696 3372 3841 3443 ἁλή-

2200 3464 2342 3517 θειαν
2402 3460 2590 3529 ἀνέδην
2646 3461 3177 3540 ἀπαυθαδιαζόμενοι,
3257 3466 3344 3520 καὶ
3401 3464 3603 3527 τούτοις
3660 3462 3843 3541 ἀνερυ-

2200 3551 2460 3629 θριάστως
2517 3553 2590 3615 ὡς
2647 3553 2891 3632 ἰσχυροῖς
2937 3552 3142 3629 ἅμμασι
3185 3556 3275 3610 16v
3322 3552 3481 3631 λόγον
3520 3559 3614 3610 τοῦ
3662 3553 3843 3629 πρόσω

2204 3640 2542 3720 κατέχουσιν,
2610 3642 2845 3719 ἐντρέψει
2901 3643 3000 3719 μὲν
3066 3645 3248 3709 αὑτοὺς
3304 3644 3576 3723 καταρχὰς
3633 3644 3693 3697 τὸ
3752 3643 3846 3697 16v

2206 3728 2374 3807 μέγαν
2430 3728 2605 3808 λέγειν
2660 3730 2953 3807 Βασίλειον,
3001 3734 3075 3797 ὡς
3117 3734 3152 3801 ἡ
3209 3734 3323 3809 περὶ
3379 3754 3478 3799 την
3518 3730 3660 3797 τάξιν
3717 3752 3844 3786 και-

2206 3818 2421 3891 νοτομία
2480 3820 2643 3886 αὑτῆς
2714 3819 2809 3887 τῆς
2891 3820 3157 3894 ὑπάρξεως
3233 3821 3478 3888 ἀθέτησιν
3559 3819 3699 3900 ἔχει,
3758 3822 3848 3876 καὶ

2203 3905 2337 3973 ὅλης
2395 3911 2493 3974 τῆς
2581 3909 2809 3972 πίστεώς
2882 3909 3022 3965 ἐστιν
3096 3908 3311 3977 ἄρνησις
3342 3926 3356 3940 ·
3413 3915 3529 3973 πῶς
3582 3913 3681 3987 γαρ
3747 3913 3847 3975 τῆς

2204 3994 2474 4075 ὑπάρξεως
2518 3995 2762 4063 ἀθέτησις
2792 4000 2853 4053 τὸ
2895 3999 2992 4066 τὴν
3046 3998 3191 4064 τάξιν
3246 4011 3608 4072 καινοτομεῖν,
3670 4000 3712 4053 εἱ
3768 4000 3845 4073 μη

2310 4089 2323 4103 ε
2422 4089 2435 4106 π
2523 4086 2548 4103 "
2662 4086 2683 4124 τ
2785 4091 2799 4110 ο
2916 4090 2957 4111 νν
3237 4108 3251 4122 .
3454 4091 3464 4109 ο
3645 4090 3665 4124 ι
3820 4091 3830 4103 ·

2201 4109 2335 4145 κατα
2383 4109 2479 4156 την
2522 4111 2736 4169 υπαρςιν
2778 4113 2812 4157 η
2868 4112 3009 4156 ταςις
3063 4090 3203 4148 ἔστιν
3236 4139 3253 4166 ,
3324 4091 3560 4171 ἑντρεψε.
3613 4087 3666 4146 δι.
3712 4111 3848 4166 μετα

2204 4185 2368 4235 ταῦτα
2429 4179 2517 4234 καὶ
2574 4180 2635 4234 1‘0
2690 4179 2891 4242 πάντας
2963 4179 3265 4238 ἐπίστασθαι
3322 4188 3504 4238 τοῦτον
3559 4188 3651 4238 τοῦ
3681 4182 3853 4257 Εὐαγ-

2206 4265 2382 4345 γελίου
2438 4269 2640 4342 μύστην
2692 4288 2750 4324 τε
2806 4271 2893 4325 καὶ
2936 4271 3303 4348 μυσταγωγὸν,
3356 4273 3417 4327 οὗ
3457 4268 3613 4346 κῆρυξ
3656 4270 3715 4325 τὸ
3753 4276 3851 4325 τοῦ

2210 4363 2436 4436 Χριστοῦ
2485 4378 2587 4432 μου
2629 4356 2823 4432 στόμα,
2900 4357 3105 4422 Παῦλος
3157 4362 3185 4415 6
3242 4359 3408 4438 μέγας
3436 4357 3757 4437 ἀπόστολος,
3789 4359 3850 4421 ὃς

478 4461 547 4506 ex
567 4442 889 4525 Evangelio
912 4464 1089 4510 voces
1112 4465 1245 4508 cum
1269 4446 1537 4509 audisset
1560 4464 1752 4527 praeco
1773 4448 1994 4509 Christi
2012 4448 2122 4508 mei

2210 4442 2336 4525 παρ’
2386 4449 2543 4505 αὑτοῦ
2593 4443 2678 4501 διὰ
2735 4451 2835 4514 τῆς
2892 4446 2946 4502 ἐν
3006 4446 3340 4526 Εὑαγγελιοις
3397 4448 3581 4505 τούτου
3640 4451 3847 4527 φωνῆς,

471 4551 825 4610 os,magnus
846 4533 1064 4597 Paulus
1092 4535 1421 4616 apostolus,
1448 4535 1661 4598 clamat
1684 4550 1741 4596 et
1764 4535 1893 4617 ipse
1912 4554 2122 4598 Sunora

2214 4557 2241 4589 α
2278 4534 2420 4612 Ἐγὼ
2472 4537 2560 4591 καὶ
2616 4535 2644 4591 6
2701 4536 2902 4614 Πατὴρ,
2939 4554 2961 4584 ι
2997 4534 3411 4615 ἀκροασάμενος,
3450 4555 3480 4595 ι
3511 4535 3564 4592 ἕν
3594 4535 3772 4611 ἐσμεν,
3816 4556 3845 4594 ι

467 4639 613 4684 voce
640 4643 655 4683 :
684 4646 711 4676 α
744 4624 961 4687 Gratia
980 4622 1233 4687 Domini
1251 4626 1443 4687 nostri
1461 4627 1605 4686 Jesu
1626 4624 1877 4706 Christi,
1902 4633 1958 4687 et
1977 4625 2125 4688 cha-

466 4712 621 4773 ritas
650 4710 760 4774 Dei
779 4714 1316 4777 etcommunicatio
1346 4712 1622 4792 Spiritus
1648 4718 1848 4777 sancti
1881 4720 1959 4775 sit
1989 4731 2126 4776 cum

471 4800 750 4863 omnibus
776 4800 941 4864 vubis
959 4801 1020 4852 ’4
1056 4826 1079 4860 ι
1115 4800 1185 4863 Ει
1213 4801 1329 4864 alio
1361 4802 1493 4864 loco
1531 4824 1545 4865 :
1584 4802 1962 4865 vDivisiones
1976 4819 2125 4882 gra-

470 4894 698 4952 tiarum
728 4897 897 4965 sunt,
931 4890 1094 4953 idem
1126 4898 1330 4953 autem
1361 4890 1633 4972 Spiritus
1657 4910 1679 4969 ;
1710 4898 1769 4954 et
1794 4891 2127 4953 divisiones

471 4981 956 5043 ministeriorum
973 4988 1141 5054 sunt,
1165 4980 1324 5043 idem
1352 4988 1553 5043 autem
1590 4979 1924 5056 Dominus;
1954 4981 2123 5042 etdi-

470 5068 738 5131 visiones
766 5074 1193 5150 operationum
1216 5076 1384 5143 sunt,
1411 5069 1573 5132 idem
1607 5075 1808 5133 autem
1827 5068 2129 5149 Deus,qui

470 5164 762 5238 operatur
790 5159 994 5221 omnia
1024 5159 1093 5221 in
1123 5157 1521 5222 omnibus”:
1551 5182 1574 5216 ο
1613 5157 1695 5220 ibi
1717 5158 1959 5238 quidem
1988 5168 2125 5220 ante

475 5248 709 5309 Patrem
732 5247 1039 5309 collocans
1068 5246 1309 5320 Filium,
1350 5248 1449 5311 hic
1489 5255 1625 5311 ante
1671 5245 1901 5309 Pati-em
1935 5256 1992 5309 et
2018 5246 2123 5310 Fi-

469 5332 640 5416 lium,
692 5333 980 5416 Spiritum
1034 5344 1331 5414 sanctum,
1383 5345 1443 5400 et
1469 5355 1678 5399 rursus
1716 5343 1854 5397 ante
1883 5337 2121 5400 Patrem

471 5422 714 5486 Filium.
748 5422 822 5488 Et
847 5422 951 5487 Dei
981 5441 1199 5505 parens
1226 5425 1408 5489 David
1432 5432 1495 5491 et
1521 5445 1624 5491 rex
1652 5448 1666 5490 :
1696 5451 1717 5483 ι
1748 5424 1883 5501 Quo
1899 5427 2125 5490 vadum

547 5581 607 5632 ’³
631 5582 803 5647 Joan.
834 5599 957 5659 11v,
992 5584 1089 5648 23.

2206 4624 2295 4679 καὶ
2355 4622 2539 4697 πάλιν,
2606 4650 2629 4682 σ
2690 4623 2836 4702 Ἐγὼ
2893 4626 2981 4681 καὶ
3030 4627 3059 4680 6
3115 4626 3296 4702 Πατὴρ
3364 4624 3702 4700 ἰλευσὸμεθα,
3762 4625 3855 4680 καὶ

2208 4712 2376 4787 μονὴν
2460 4709 2587 4790 παρ’
2653 4713 2811 4793 αὐτῷ
2895 4714 3213 4793 ποιήσομεν,
3262 4734 3283 4765 ι
3385 4714 3486 4788 βοᾷ
3539 4715 3625 4770 καὶ
3694 4714 3851 4777 αὑτός

2208 4799 2510 4881 διαπρύσιον
2547 4819 2559 4832 ⁸
2650 4791 2710 4857 Ἠ
2797 4802 2955 4882 χάρις
3043 4812 3135 4861 τοῦ
3195 4791 3378 4883 Κυρίου
3462 4806 3615 4878 ἡμῶν
3672 4799 3852 4869 Ἰησοῦ

2210 4892 2453 4969 Χριστοῦ,
2508 4891 2595 4947 καὶ
2655 4891 2690 4957 ἡ
2748 4890 2931 4969 ἀγάπη
2989 4898 3081 4948 τοῦ
3138 4900 3268 4949 Θεοῦ
3319 4895 3407 4948 καὶ
3465 4893 3688 4971 Πατρὸς,
3760 4894 3850 4948 καὶ

2206 4981 2241 5047 ἡ
2311 4979 2556 5036 κοινωνία
2608 4986 2701 5035 τοῦ
2754 4979 2903 5058 ἀγίου
2962 4980 3263 5056 Πνεύματος
3337 4980 3429 5049 εἴη
3486 4984 3622 5057 μετά
3702 4981 3846 5037 πάν-

2206 5091 2312 5125 των
2353 5070 2530 5143 ἡμῶν,
2596 5092 2617 5122 ι
2680 5069 2774 5126 Καὶ
2831 5066 3073 5149 ἀλλαχοῦ
3103 5089 3115 5102 ·
3156 5090 3179 5122 ι
3217 5072 3505 5149 Δια·ρέσεις
3563 5071 3843 5151 χαρισμά-

2207 5180 2310 5215 των
2370 5158 2488 5229 εἶσὶ,
2575 5158 2635 5212 τὸ
2721 5153 2776 5211 δὲ
2859 5159 2987 5215 αὑτὸ
3066 5160 3277 5234 Πνεῦμα
3313 5178 3327 5193 ⁸
3403 5160 3490 5216 καὶ
3570 5158 3848 5238 διαιρέσεις

2207 5246 2482 5305 διακονιῶν
2539 5247 2690 5320 εἰσιν,
2735 5247 2822 5302 καὶ
2880 5249 2906 5302 ὁ
2962 5248 3116 5311 αὑτὸς
3190 5249 3376 5327 Κύριος
3412 5265 3427 5279 ⁶
3484 5248 3578 5305 καί
3647 5248 3852 5328 διαιρέ-

2208 5359 2317 5401 σεις
2375 5336 2750 5415 ἐνεργημάτων
2806 5337 2955 5410 εἰσὶν,
3014 5340 3043 5394 6
3086 5334 3141 5393 δὲ
3191 5338 3346 5404 αὑτὰς
3404 5340 3558 5411 Θεὸς,
3617 5341 3644 5395 6
3697 5337 3849 5419 ἐνερ-

2207 5434 2315 5507 γῶν
2385 5428 2451 5484 τὰ
2518 5425 2687 5480 πάντα
2745 5423 2799 5479 ὲν
2856 5431 3016 5481 πᾶσιν
3050 5442 3063 5456 '
3121 5451 3148 5481 ι
3212 5425 3327 5483 ἐκεῖ
3396 5428 3493 5502 μὲν
3541 5428 3852 5507 προτάττων

1180 5584 1240 5635 ἰ
1266 5585 1292 5648 Ι
1319 5589 1458 5651 Cor.
1492 5603 1613 5670 xw,
1647 5585 1748 5650 23.
1835 5586 1899 5639 25
1925 5589 1949 5650 Ι
1980 5588 2115 5651 Cor.
2150 5604 2260 5665 xu,
2292 5587 2332 5650 4
2360 5605 2491 5669 sqq.
