4208 6290
372 336 525 405 1109

1288 338 1386 406 DE
1428 340 1937 405 PROCESSIONE
1979 338 2042 399 8.
2086 338 2439 401 SPIRITUS
2481 341 2706 405 ORAT.
2755 344 2805 406 Ι.

3576 349 3729 412 1110

364 478 461 532 τοῦ
510 474 711 553 [πατρὸς
756 475 848 531 τὸν
917 475 1057 548 Υἰὸν,
1132 472 1350 530 ἐνταῦθα
1403 470 1458 528 δὲ
1510 473 1571 528 τὸ
1642 479 1854 547 Πνεῦμα
1920 478 2011 529 τοῦ

2098 487 2128 529 a
2157 467 2399 547 Spiritu
2425 480 2610 553 tuo,et
2629 494 2666 536 a
2685 477 2850 554 facie
2872 483 2977 540 tua
3000 497 3115 559 quo
3131 479 3363 559 fugiam
3381 480 3471 541 96?
3493 503 3522 540 ι
3540 480 3746 543 Facies

366 563 571 642 Πατρὸς
638 565 725 621 καὶ
793 586 887 620 του
951 565 1073 622 Υἱοῦ
1156 563 1441 642 προτιθεὶς,
1500 563 1588 618 καὶ
1642 563 1736 618 τὸν
1779 564 1897 618 Υἱὸν
1956 559 2010 617 δὲ

364 649 524 707 πάλιν
568 652 723 708 αὒτόν
777 660 869 709 τοῦ
953 653 1183 730 [ἰατρὸς.
1244 652 1344 709 Καὶ
1414 648 1579 707 Δαυίδ
1646 653 1674 707 6
1738 649 2012 729 θεοποίτωρ

364 743 451 797 καὶ
508 738 751 816 βασιλεύς
803 760 817 775 ’
878 762 910 796 ι(
968 747 1077 801 Ποῦ
1143 742 1378 818 πορευθώ
1461 740 1566 795 ἀπὸ
1624 741 1715 795 τοῦ
1766 740 2011 815 Πνεύμα-

364 851 453 894 τος
507 852 621 902 σου,
668 832 756 887 καὶ
814 832 919 887 ἀπὸ
973 838 1067 888 τοῦ
1121 832 1407 910 προσώπου
1446 851 1538 885 σου
1584 840 1683 886 που
1740 830 1891 908 φύγω
1930 850 1946 905 ;
1984 852 2007 886 ε

365 918 655 995 Πρόσωπον
712 917 766 976 δὲ
821 926 913 977 τοῦ
999 921 1203 999 Πατρὸς
1256 921 1284 974 6
1368 920 1511 981 Υἱὸς.
1550 941 1575 971 α
1642 910 1698 975 Ὀ
1769 919 2014 997 ἑωρακὼς

363 1011 463 1087 γὰρ
529 1009 649 1089 ἑμὶ,
695 1028 727 1063 ››
799 1014 980 1091 φησὶν,
1061 1031 1082 1059 ι
1145 1011 1344 1081 ἑώρακε
1407 1012 1498 1066 τόν
1558 1009 1764 1089 Πατέρα
1827 1034 1951 1085 μου.
1985 1034 2011 1065 π

365 1103 422 1158 T‘
497 1100 543 1134 ἢ).
721 1104 735 1121 \
847 1101 873 1122 θ’
1224 1101 1236 1121 1
1487 1100 1509 1119 δ
1559 1100 1579 1141 Ξ
1832 1101 1842 1121 ν

407 1123 435 1158 ο
492 1121 546 1158 οε
590 1124 779 1180 μικρον
846 1124 1060 1180 υστερον
1102 1105 1131 1159 6
1174 1101 1331 1180 λογος
1375 1102 1630 1167 ἀποοεί,ει
1687 1124 2008 1181 τρανοτερον.

364 1191 572 1248 Τούτων
629 1191 768 1248 οὕτω
823 1206 940 1255 τοῖς
1014 1197 1145 1248 πᾶσι
1241 1192 1670 1268 γινωσκομένων,
1735 1192 1890 1247 πόθεν
1955 1192 2016 1246 ἂν

364 1282 487 1358 εἶχε
542 1279 641 1346 τὴν
711 1280 847 1337 κατά
916 1280 1014 1347 τὴν
1104 1280 1463 1356 ἀπαρίθμησιν
1521 1278 1663 1344 τάξιν
1719 1277 2015 1356 ἐναλλαγὴν

363 1372 468 1422 τῶν
524 1368 798 1442 ὀνομάτων
842 1369 1095 1447 κακίζειν,
1157 1365 1401 1424 ἀσέϐειάν
1453 1389 1511 1423 τε
1566 1368 1763 1434 ταύτην
1806 1368 2017 1424 ἀποκα-

362 1455 504 1536 λεῖν,
563 1458 652 1513 καὶ
706 1462 805 1525 τῆς
864 1458 1206 1535 ὑγιαινούσης
1278 1459 1506 1519 πίστεως
1585 1456 1928 1535 ἀλλοτρίωσιν
1988 1461 2016 1515 6

360 1548 459 1612 τὴν
514 1547 650 1602 κατά
688 1548 911 1619 Χριστὸν
966 1545 1207 1603 παιδείαν
1267 1545 1516 1602 ἐπέκεινα
1563 1546 1776 1602 πάντων
1832 1550 2013 1621 μαθη-

362 1636 580 1713 τευθεὶς,
642 1636 730 1692 καὶ
814 1636 1011 1703 ταύτην
1084 1633 1313 1715 ἀκριϐῶς
1386 1632 1703 1708 ἑξασκήσας,
1779 1638 1852 1699 ὡς
1927 1639 2014 1693 καὶ

2094 565 2288 618 autom
2324 561 2512 622 Patris
2534 563 2713 625 Filius
2745 575 2871 628 est:
2904 591 2930 622 α
2954 568 3245 643 Quiem’m
3268 571 3419 633 vidit
3448 590 3607 644 me,»
3645 571 3746 631 in-

2097 646 2249 739 quit,
2276 672 2301 703 α
2327 650 2477 739 vidit
2500 659 2554 712 et
2579 652 2825 715 Patrem
2856 672 3051 717 meum
3075 657 3194 719 97.»
3221 657 3386 730 Quod
3421 660 3593 726 paulo
3619 665 3749 739 post

2099 736 2289 797 oratio
2322 737 2539 800 clarius
2571 741 3168 807 demonstrabit.Hzec
3198 767 3332 807 cum
3387 748 3469 809 ita
3508 736 3749 809 decreta

2100 824 2216 883 sint
2238 824 2309 916 ab
2342 828 2639 909 omnibus,
2673 833 2969 893 undenam
3030 835 3090 894 in
3148 836 3380 912 ordine,
3413 837 3514 916 qui
3543 846 3631 897 est
3660 855 3751 898 se-

2101 913 2360 974 cundum
2415 921 2955 997 enumerationem,
3019 923 3325 984 nominum
3388 913 3748 986 immutatio-

2100 1019 2236 1060 nem
2268 1002 2607 1080 improbare
2657 1010 2864 1089 potuit,
2914 1011 3403 1093 impietatemque
3444 1033 3570 1075 eam
3604 1033 3752 1075 nun-

2102 1107 2341 1183 cupare,
2376 1101 2435 1153 et
2464 1115 2622 1155 sana}
2653 1098 2789 1157 ﬁdei
2815 1099 3256 1172 alienationem,
3284 1102 3383 1183 qui
3414 1103 3747 1164 secundum

2101 1175 2395 1240 Christum
2429 1183 2763 1245 doctrinam
2796 1205 2973 1267 supra
3005 1189 3154 1249 alios
3184 1175 3428 1251 edoctus
3444 1210 3571 1252 eam
3599 1192 3748 1253 adeo

2101 1268 2391 1347 exquisite
2443 1273 2726 1349 exercuit,
2763 1284 2825 1333 ut
2866 1276 2996 1336 aliis
3020 1278 3194 1337 etiam
3227 1278 3436 1339 doctor
3471 1279 3744 1353 evaserit,

2101 1364 2159 1415 et
2187 1357 2287 1446 qui
2342 1356 2496 1418 libro
2528 1361 2904 1438 Evangelico,
2943 1374 3001 1424 et
3030 1366 3187 1425 Pauli
3240 1366 3422 1427 divini
3462 1368 3752 1446 praeconis

2099 1445 2306 1534 sacris,
2331 1446 2609 1525 Epistolis
2640 1469 2773 1509 cum
2826 1452 3069 1526 viveret,
3106 1454 3253 1514 nihil
3290 1445 3493 1516 habuit
3525 1457 3747 1534 pretio-

2097 1532 2243 1623 sius,
2296 1533 2712 1599 Davidicorum
2746 1558 2885 1601 vero
2917 1543 3287 1603 Psalmorum
3332 1532 3624 1623 profunda
3653 1562 3751 1607 ex-

2098 1622 2375 1701 piscatus,
2429 1644 2546 1684 non
2599 1626 2851 1707 abjecte,
2889 1631 2992 1691 sed
3026 1632 3293 1692 omnium
3338 1622 3586 1711 optime,
3621 1652 3752 1712 quae

361 1735 479 1788 τοῖς
526 1722 707 1788 ἄλλοις
768 1722 1006 1801 γενέσθαι
1050 1721 1386 1798 διδάσκαλος,
1434 1727 1462 1780 6
1506 1722 1673 1799 μηδὲν
1719 1730 1815 1790 τῆς
1849 1729 2011 1801 εὐαγ-

2099 1720 2339 1801 catenus
2373 1716 2575 1775 multis
2605 1725 2777 1797 captu
2810 1718 3075 1779 difﬁcilia
3105 1730 3292 1784 erant.
3328 1721 3751 1801 interpretatus

362 1810 583 1887 γελικῆς
653 1810 923 1880 πυκτίδος,
983 1814 1072 1869 καὶ
1123 1818 1228 1869 τῶν
1283 1818 1490 1869 σεπτῶν
1533 1811 1828 1870 ἐπιστολῶν
1873 1814 2017 1870 Παύ-

364 1900 458 1958 λου
499 1904 591 1957 τοῦ
639 1903 957 1981 θεοκήρυκος
1018 1902 1160 1981 παρὰ
1218 1901 1388 1958 πάντα
1460 1904 1541 1957 τὸν
1583 1902 1695 1979 βίον
1752 1904 2015 1982 προτιμό-

363 2012 517 2070 τερον
572 1991 945 2070 ἡγησάμενοςς
1003 1997 1109 2047 τῶν
1178 1989 1233 2047 δὲ
1308 1988 1604 2047 Δαυϊδικῶν
1660 1989 1901 2066 Ψαλμῶν
1955 1993 2015 2048 τό

368 2080 524 2156 βάθος
582 2078 890 2159 ἐξιχνιάσας
946 2083 1040 2139 οὒκ
1106 2079 1328 2144 ἀπεικός
1401 2082 1474 2144 ὡς
1533 2079 1717 2159 ἄριστα
1787 2078 2012 2159 διερμη-

368 2167 544 2225 νέὖσαι
588 2170 677 2225 καὶ
731 2169 797 2225 τὰ
852 2168 983 2234 τέως
1028 2170 1227 2226 τούτων
1269 2166 1516 2225 δοκοῦντα
1559 2167 1838 2250 δυσέφικτα
1896 2183 2012 2234 τοῖς

365 2254 615 2323 πολλοῖς.
673 2254 816 2336 Ἐγὼ
860 2259 959 2333 μὲν
1013 2261 1101 2315 οὖν
1140 2255 1245 2314 οὔτ’
1276 2256 1339 2313 ἂν
1381 2259 1539 2339 φαίην
1583 2260 1737 2329 ποτὲ,
1780 2260 1867 2315 καὶ
1907 2260 2012 2316 τῶν

365 2345 627 2425 λεγόντων
698 2346 891 2411 ο”τινες
965 2349 1064 2404 εὶσι
1145 2348 1549 2426 παραφροσύνην
1634 2350 2015 2426 καταγινώσκω

364 2433 570 2505 πολλήν
602 2452 618 2468 ·
666 2434 778 2492 ἐπεὶ
834 2439 942 2493 τῶν
996 2434 1083 2493 δύο
1140 2437 1337 2492 τούτων
1382 2435 1435 2491 ἔν
1478 2437 1539 2515 γέ
1564 2459 1614 2493 τι
1646 2436 1854 2503 πάντως
1885 2460 2011 2494 συν-

366 2524 601 2603 άγουσιν,
660 2523 697 2592 ἢ
766 2525 827 2581 16
884 2527 960 2600 μή
1041 2538 1163 2583 ταῖς
1221 2527 1381 2588 θείαις
1424 2526 1641 2590 ταύταις
1699 2528 1787 2583 τὸν
1844 2527 2012 2605 μέγαν

366 2611 772 2692 ἐντετυχηκέναι
828 2627 1059 2695 φωναῖς,
1115 2614 1246 2693 ὅπερ
1289 2613 1562 2693 ἀδύνατον,
1606 2617 1664 2672 οὗ
1692 2616 1791 2694 γάρ
1818 2616 1881 2672 ἅν
1922 2620 2014 2691 τὸν

365 2711 613 2760 τοσοῦτον
644 2703 757 2781 περὶ
789 2702 888 2769 τὴν
936 2709 1041 2759 τῶν
1082 2704 1233 2783 ἱερῶν
1278 2705 1505 2782 Λογίων,
1555 2702 1784 2769 ἐξέτασιν
1817 2708 1868 2762 αἱ
1897 2704 2013 2763 καθ’

365 2789 592 2857 ἑκάστην
650 2788 841 2870 σχεδὸν
887 2791 971 2849 ἐπ’
1030 2789 1347 2858 Ἐκκλησίας
1401 2792 1473 2855 εἷς
1526 2792 1709 2859 κοινὴν
1766 2793 2013 2871 ἀκρόασιν

370 2878 857 2956 ἀναγινωσκόμεναι
912 2881 1090 2958 ῥήσεις
1166 2878 1425 2954 διέλαθον,
1485 2880 1522 2948 ἢ
1576 2883 1637 2937 τὸ
1692 2883 1826 2937 κατά
1867 2882 2012 2960 γνώ-

370 2989 479 3041 μην
533 2968 630 3035 τὴν
688 2968 927 3024 ἐναντίαν
973 2969 1178 3032 τούτοις
1238 2966 1465 3044 βαδίζειν
1524 2968 1702 3030 αὐτόν.
1766 2973 1862 3027 Καὶ
1917 2979 2018 3028 ποῦ

367 3064 519 3113 τοῦτο
615 3062 992 3134 Χριστιανικῆς
1064 3060 1487 3132 καταστάσεωςς
1588 3060 1664 3116 Τὰ
1753 3060 1853 3137 γὰρ
1920 3065 2017 3126 τῆς

366 3142 560 3223 ὕϐρεως
620 3145 786 3202 οὕτως
858 3145 980 3202 ἔνθα
1071 3148 1160 3203 καὶ
1243 3143 1518 3219 διαϐαίνει,
1590 3147 1817 3224 παρίημι
1898 3150 2019 3211 τοὺς

365 3233 569 3299 πάντας
621 3233 869 3294 σκόπειτν.
944 3231 1093 3290 Ἀλλ’
1151 3232 1299 3291 οὗόὲν
1358 3236 1559 3291 τούτων
1616 3233 1733 3292 οὑδὲ
1775 3235 2017 3302 ἐννοῆσαι

367 3322 564 3400 χρεὼν,
600 3345 679 3397 μη
723 3344 802 3379 τοι
862 3344 923 3401 γε
980 3329 1082 3378 τῶν
1127 3321 1364 3403 χειλέων
1409 3338 1751 3401 προενεγκεῖν
1786 3341 1798 3354 °
1846 3324 2016 3381 ὅτιτὸ

366 3411 464 3484 μὲν
520 3412 891 3491 ἀναισχυντίας
961 3411 1112 3494 γέμει
1172 3418 1400 3492 συχνῆς,
1475 3415 1535 3468 τὸ
1610 3411 1664 3468 δὲ
1721 3413 2014 3494 δυσφημίας

366 3522 543 3568 πασης
615 3499 916 3562 ἀνάπλεων,
984 3490 1158 3557 ΗΩστε
1228 3502 1315 3557 καὶ
1387 3507 1495 3557 τῶν
1550 3503 1797 3558 τοιούτων
1866 3503 2016 3560 θείων

366 3595 550 3668 φωνῶν
632 3590 687 3645 ἐν
756 3590 946 3667 γνώσει
1034 3590 1338 3670 τυγχάνων,
1427 3588 1600 3668 ἄκρως
1695 3612 1752 3647 τε
1820 3592 2017 3648 τούτων

365 3677 753 3754 ἐπειλημμένος
798 3682 826 3735 6
888 3678 1057 3756 μέγας
1130 3677 1433 3753 Βασίλειος,
1492 3680 1581 3735 καὶ
1624 3680 1815 3743 ταύτας
1860 3680 2016 3760 στέρ-

364 3788 471 3845 γων
514 3764 763 3840 δεόντως,
798 3767 890 3823 ἅτε
921 3765 1100 3831 καλῶς
1154 3766 1411 3847 ἐχούσας,
1462 3770 1549 3824 καὶ
1605 3768 2015 3849 προσαποδεχό-

364 3877 545 3930 μενος,
589 3856 648 3911 οὒ
691 3858 790 3923 την
848 3857 983 3912 κατά
1028 3857 1128 3923 τὴν
1186 3856 1542 3932 ἀπαρίθμησιν
1598 3864 1702 3913 τῶν
1744 3859 2015 3933 ὀνομάτων

363 3943 684 4023 ἐναλλαγὴν,
741 3945 840 4011 την
900 3942 955 4000 δὲ
1013 3942 1135 4001 καθ’
1178 3943 1394 4023 ὕπαρξιν
1425 3945 1649 4001 αἰτιᾶται
1679 3946 1876 4001 τούτων
1910 3968 2008 4021 με-

2101 1809 2193 1859 est
2223 1800 2343 1878 Ego
2372 1804 2565 1882 itaque
2597 1825 2898 1886 nunquam
2932 1808 2990 1867 id
3014 1819 3349 1870 asserentes
3380 1810 3634 1887 ingentis
3652 1810 3755 1872 de-

2103 1890 2338 1951 mentite
2368 1891 2799 1967 insimularem,
2834 1916 2966 1956 cum
3001 1916 3069 1958 ex
3101 1898 3331 1958 duobus
3352 1901 3603 1960 alterum
3627 1918 3752 1960 om-

2101 1976 2240 2037 nino
2292 1980 2593 2060 colligant;
2626 1992 2726 2043 aut
2755 2004 3032 2062 magnum
3069 1988 3225 2049 hunc
3282 1989 3473 2048 virum
3522 1987 3584 2047 in
3645 1988 3750 2048 has

2098 2084 2269 2157 voces
2301 2087 2416 2129 non
2448 2071 2749 2145 incidisse,
2787 2076 2939 2154 quod
2977 2076 3108 2136 ﬁeri
3140 2076 3567 2157 nequit,neque
3590 2076 3751 2136 enim

2098 2154 2254 2217 hunc
2285 2157 2344 2218 in
2385 2160 2571 2220 sacris
2600 2161 2852 2242 eloquiis
2882 2154 3288 2228 examinandis
3317 2154 3493 2226 talem
3528 2173 3752 2226 tantum

2096 2263 2233 2324 que,
2266 2265 2395 2327 quae
2438 2248 2561 2310 fere
2608 2251 2855 2329 singulis
2879 2252 3092 2314 diebus
3125 2258 3181 2313 in
3219 2254 3470 2315 ecclesia
3500 2253 3561 2314 in
3590 2271 3750 2314 com-

2097 2351 2336 2395 munem
2370 2339 2634 2399 omnium
2669 2340 3030 2402 audientiam
3051 2342 3401 2420 legebantur
3442 2343 3755 2414 latuissent

2096 2432 2197 2513 ant
2247 2426 2544 2487 contraria
2577 2430 2931 2491 sentientem
2957 2431 3049 2491 via
3074 2446 3251 2513 alque
3295 2432 3377 2494 illi
3425 2431 3541 2493 alia
3561 2430 3753 2492 inam-

2092 2511 2318 2573 bulare.
2356 2514 2425 2577 Et
2454 2520 2752 2595 quomodo
2786 2518 2844 2578 id
2876 2517 3047 2580 fuerit
3080 2511 3433 2584 Christianae
3471 2523 3753 2585 constitu-

2099 2597 2322 2693 tionis?
2349 2604 2497 2665 Nam
2531 2606 2746 2685 injuria
2777 2608 2864 2668 sic
2906 2609 3132 2687 prolata
3174 2629 3430 2689 quonam
3466 2612 3752 2693 procedat

2097 2690 2373 2779 omnibus
2404 2695 2904 2756 considerandum
2936 2698 3235 2779 relinquo.
3271 2702 3385 2762 Sed
3421 2690 3529 2764 nec
3557 2711 3753 2763 mente

2098 2777 2337 2872 quidem
2363 2782 2700 2864 concipere,
2725 2793 2946 2846 tantum
2979 2777 3172 2868 abest,
3201 2798 3263 2850 ut
3296 2789 3468 2851 labiis
3491 2791 3755 2872 proﬁteri

2035 2922 2076 2973 Ο
2100 2867 2186 2973 ias
2215 2870 2316 2973 sit,
2349 2873 2500 2970 quod
2528 2874 2903 2973 .hocnquidem
2933 2867 3321 2956 impudentiae
3348 2867 3595 2943 summae
3635 2889 3745 2960 est,

2100 2955 2245 3018 illud
2303 2960 2542 3020 convitii
2583 2962 2957 3043 infamiaeque
2989 2955 3250 3045 plenum.
3287 2969 3481 3040 Quare
3510 2955 3750 3032 divina;

2098 3062 2232 3107 rum
2268 3047 2473 3108 harum
2502 3069 2710 3111 vocum
2734 3052 2917 3131 probe
2940 3062 3254 3131 gnarus,et
3277 3074 3479 3117 earum
3510 3068 3750 3120 senten-

2103 3134 2241 3195 tiam
2276 3135 2520 3215 pulchre
2551 3140 2770 3200 callens
2800 3160 3048 3220 magnus
3070 3142 3347 3218 Basilius,
3382 3163 3626 3225 easque,
3659 3148 3748 3208 uti

2104 3242 2208 3313 par
2234 3231 2341 3297 est,
2379 3226 2655 3306 tanquam
2690 3228 2842 3290 bene
2872 3232 3119 3291 dictatas
3168 3233 3533 3313 amplectens
3580 3235 3749 3297 exci-

2104 3311 2545 3391 piensque,non
2578 3316 3074 3391 immutationem,
3109 3340 3239 3401 quae
3267 3311 3571 3382 hominum
3593 3341 3746 3383 enu-

2103 3402 2452 3490 meratione,
2471 3406 2574 3465 sed
2602 3408 2929 3468 secundum
2949 3411 3347 3471 exsistentiam
3381 3412 3749 3490 ﬁt,transpo-

2100 3489 2372 3551 sitionem
2398 3492 2765 3558 criminatur.
2794 3501 3214 3561 Verumtamen
3245 3498 3574 3561 secundum
3611 3489 3750 3561 Cre-

2100 3579 2327 3655 gorium
2361 3580 2722 3660 Theologum
2757 3586 3043 3650 honorem
3074 3590 3357 3669 .equalem
3383 3587 3516 3650 Filii
3542 3588 3749 3669 etSpi-

2102 3669 2246 3730 ritus
2298 3681 2679 3753 utrorumque
2733 3676 3134 3739 eXsistentiam
3193 3697 3359 3759 teque
3390 3696 3454 3739 se
3501 3678 3744 3754 habere,

2100 3775 2555 3840 nonlcogere,ut
2584 3763 2724 3824 inde
2755 3782 2946 3845 neque
2969 3768 3114 3828 ordo
3137 3768 3364 3829 ratione
3390 3766 3551 3829 illius
3580 3767 3639 3827 in
3658 3767 3749 3828 his

2101 3851 2340 3926 penitus
2371 3850 2566 3910 nullus
2588 3853 2763 3925 sit,ex
2789 3857 3149 3935 praelaudata
3179 3855 3367 3917 Patris
3405 3856 3756 3918 auctoritate

2100 3937 2392 4032 omnibus.
2411 3942 2785 4005 manifestum
2835 3955 3101 4006 remanet
3136 3967 3148 4008 :
3183 3947 3384 4032 Mento
3413 3963 3489 4007 ne
3516 3947 3755 4023 princi-

360 4034 597 4096 11'0wtv.
661 4025 790 4091 ”Οτι
835 4031 889 4089 δὲ
949 4036 1033 4090 καὶ
1075 4036 1136 4090 τὸ
1188 4034 1324 4090 κατά
1369 4034 1460 4089 τόν
1508 4033 1767 4111 Θεολόγον
1798 4040 1833 4089 Γ
1840 4037 2009 4112 ρηγό-

2098 4028 2259 4115 pium
2289 4026 2651 4104 inferiorum
2673 4036 3044 4115 principium
3073 4025 3424 4112 faciam,his
3444 4034 3756 4097 manifeste

360 4144 468 4198 ρων
499 4123 737 4199 ἰσότιμον
794 4133 886 4182 τοῦ
944 4127 1063 4180 ι’ἱοῦ
1106 4124 1195 4178 καὶ
1239 4129 1332 4178 τοῦ
1384 4122 1688 4197 Πνεύματος
1748 4123 1857 4179 οῧτι
1914 4146 2010 4179 που

2098 4113 2366 4203 indicans
2397 4120 2622 4197 aequale
2657 4113 2897 4198 prorsus
2922 4142 3054 4185 esse
3087 4124 3440 4203 principium
3475 4124 3652 4184 etiam
3683 4124 3749 4185 il-

357 4215 455 4279 την
539 4211 754 4291 ὕπαρξιν
836 4213 1087 4275 ὡσαύτως
1168 4211 1319 4291 ἔχειν
1370 4212 1756 4288 καταναγκάζει
1812 4213 2009 4268 τούτων

2098 4202 2295 4292 lis,qui
2320 4222 2386 4265 ex
2418 4205 2549 4285 ipso
2570 4218 2791 4285 sunt,et
2817 4202 3144 4292 principale
3167 4211 3238 4272 ab
3263 4202 3597 4292 aequalitate
3629 4230 3747 4272 non

356 4300 581 4378 ἆμιροῒν,
625 4301 972 4366 ὡςμέντεῦθεν
1030 4297 1167 4376 μηδὲ
1199 4298 1342 4365 τάξιν
1397 4296 1516 4355 κατ’
1570 4302 1733 4367 ταύτην
1780 4300 1834 4355 ἐν
1889 4301 2009 4356 τού-

2099 4280 2319 4363 dirimi,
2358 4280 2510 4373 quae,
2546 4306 2607 4356 ut
2637 4280 2767 4358 cum
2802 4280 3274 4381 eodenrloquar,
3325 4280 3612 4379 aequalem
3646 4301 3752 4363 ho-

355 4411 466 4452 τοις
524 4389 661 4452 ὅλως
728 4389 905 4446 τελεῖν
978 4389 1215 4458 αὐτόθεν,
1293 4388 1354 4444 ἐκ
1414 4393 1511 4455 τῆς
1586 4388 2013 4468 προεκτεθείσης,

356 4477 521 4558 λέγω,
586 4479 847 4558 πατρικῆς
900 4480 1097 4545 ταύτης
1172 4499 1452 4557 χρησεως,
1540 4479 1834 4559 καταφανὲς
1898 4493 2014 4541 τοῖς

354 4571 595 4626 ὁπωσοῦν
645 4570 1034 4649 ὶφιστάνουσιν.
1108 4567 1331 4625 Δέδοικα
1407 4567 1529 4645 γὰρ,
1601 4569 1757 4646 φησὶν
1828 4569 1855 4623 6
1911 4567 2014 4642 μέ-

354 4681 475 4735 γας,
535 4659 632 4726 τὴν
716 4658 894 4738 ἀρχὴν
984 4657 1062 4733 μὴ
1155 4655 1451 4712 ἐλαττόνων
1521 4656 1697 4735 ἀρχὴν
1771 4657 2009 4727 ποιήσω,

354 4744 529 4813 δηλῶν
587 4747 647 4803 ἐκ
701 4747 884 4803 τούτου
941 4752 1123 4824 σαφῶς
1154 4747 1226 4808 ὡς
1278 4743 1374 4810 ἴση
1418 4745 1507 4800 καὶ
1547 4745 1581 4811 ἡ
1626 4744 1772 4823 ἀρχὴ
1813 4757 1930 4807 τοῖς
1965 4745 2016 4816 ἐξ

354 4836 517 4904 αότῆς
572 4836 783 4898 πάντως
844 4835 978 4908 ἐστὶ,
1036 4836 1132 4890 καὶ
1193 4834 1254 4888 τὸ
1305 4833 1530 4912 ἀρχικὸν
1588 4834 1679 4889 οὒκ
1717 4833 2015 4911 ἀναιρεῖται

351 4928 483 5002 πρὸς
541 4930 641 4991 τῆς
693 4925 966 4997 ἰσότητος,
1030 4921 1174 4994 ἥτις,
1231 4921 1351 4978 κατ’
1390 4923 1544 4977 αὐτον
1573 4920 1780 4979 ἐκεῖνον
1813 4924 2013 5001 εἰπεῖν,

350 5013 635 5088 ὁμοτιμίαν
681 5012 909 5091 φύσεως,
969 5011 1057 5067 καὶ
1115 5011 1338 5088 γνώμης
1384 5011 1698 5085 σύμπνοιαν,
1746 5013 1833 5068 καὶ
1874 5033 2008 5068 ταυ-

347 5102 551 5168 τόσητα
623 5103 888 5167 κινήσεως
967 5097 1213 5158 δείκνυσι.
1303 5101 1427 5178 Περὶ
1498 5100 1684 5157 τούτου
1749 5099 1907 5156 πάλιν
1962 5099 2017 5161 ἐν

350 5187 574 5266 δευτέρῳ
655 5193 762 5243 τῶν
863 5188 1158 5259 Εἰρηνικῶν
1256 5186 1565 5266 τρανότερον
1662 5191 1689 5246 6
1760 5188 2014 5268 θεηγόρος

352 5279 503 5342 οὗτος
564 5276 803 5354 διέξεισι,
881 5276 1069 5356 Τριὰς,
1138 5273 1335 5355 λέγων,
1379 5278 1453 5340 ὡς
1497 5276 1710 5344 ἀληθῶς
1752 5281 1787 5347 ἡ
1834 5280 2007 5356 Τριάς,

363 5366 603 5448 ἀδελφοὶ,
689 5366 844 5444 Τριὰς
930 5362 984 5419 δὲ
1068 5369 1126 5423 οὗ
1211 5367 1536 5445 πραγμάτων
1606 5369 1798 5424 ἀνίσων
1866 5368 2011 5424 ἀπα-

352 5456 631 5534 ρίθμησις,
697 5451 816 5510 ἀλλ’
907 5451 1042 5510 ἴσων
1129 5456 1214 5511 καὶ
1291 5455 1561 5531 ὁμοτίμων
1617 5457 1905 5533 σύλληψις,
1962 5455 2012 5523 ἐξ

350 5549 425 5600 ὠν
481 5546 579 5613 τὴν
636 5546 769 5623 πρὸς
829 5544 921 5599 τὸν
998 5542 1204 5623 Πατέρα
1271 5545 1586 5622 παρίστησιν
1651 5548 1872 5614 ἰσότητα
1920 5554 2012 5604 τοῦ

424 5721 488 5773 ³6
516 5722 671 5789 Psal.
704 5737 985 5799 cxxxvm,
1019 5723 1081 5787 7.
1170 5723 1228 5772 ’7
1262 5721 1441 5789 Joan.
1477 5738 1603 5803 xxv,
1637 5724 1699 5789 9.

2101 4398 2306 4441 norem
2332 4391 2643 4445 naturaet
2675 4392 2985 4450 sententiae
3008 4390 3606 4467 conspirationem,et
3628 4407 3749 4449 mo-

2100 4468 2277 4530 tionis
2307 4472 2775 4536 conformiiatem
2810 4486 3256 4539 commonstrat.
3283 4477 3369 4538 De
3400 4477 3511 4537 hoc
3542 4476 3751 4537 eodem

2097 4556 2309 4646 iterum
2343 4558 2402 4620 in
2434 4563 2694 4624 secunda
2725 4566 2994 4628 oratione
3042 4567 3118 4627 de
3169 4584 3312 4646 pace
3355 4564 3754 4644 diviniloquus

2096 4645 2207 4736 iste
2239 4648 2457 4709 clarius
2482 4651 2573 4712 his
2606 4654 2800 4715 verbis
2843 4645 3219 4736 prosequitdr
3254 4676 3266 4718 :
3305 4653 3576 4716 Trinitas
3621 4671 3756 4715 vero

2112 4734 2401 4818 Trinitas,
2418 4734 2955 4814 /'ratres,Trinitas
2987 4734 3103 4806 non
3136 4743 3529 4823 inaequalium
3550 4760 3754 4805 rerum

2104 4830 2619 4905 enumeratio,sed
2624 4836 2872 4911 parium
2895 4841 2949 4896 et
2973 4851 3231 4914 exaequo
3259 4833 3541 4894 honorem
3557 4834 3750 4910 possi-

2102 4914 2381 4977 dentium
2401 4923 3095 5003 c0mprehensio,quibus
3117 4940 3255 5002 erga
3288 4921 3517 4983 Patrem
3540 4920 3675 4984 Filii
3697 4928 3756 4981 et

2101 5004 2353 5083 Spiritus
2385 5007 2692 5084 paritatem
2726 5013 3036 5073 conﬁrmat
3071 5030 3083 5074 :
3120 5011 3225 5074 sed
3251 5009 3753 5092 quemadmodum

2100 5094 2265 5155 hisce
2300 5104 2584 5172 paternus
2615 5100 2760 5161 ordo
2811 5121 2927 5162 non
2974 5102 3231 5182 laeditur,
3269 5119 3402 5162 cum
3437 5100 3545 5160 hac
3574 5097 3752 5159 etiam

2098 5186 2328 5245 ratione
2362 5183 2529 5246 Pater
2561 5189 2919 5271 principium
2948 5192 3044 5271 sit,
3074 5191 3159 5252 sic
3191 5198 3246 5250 et
3278 5191 3337 5250 in
3370 5187 3517 5248 Filio
3543 5196 3601 5248 et
3630 5185 3753 5268 Spi-

2096 5273 2217 5333 ritu
2269 5273 2482 5334 horum
2537 5278 2836 5357 aequalitas
2892 5281 3192 5351 ordinem,
3225 5278 3327 5359 qui
3375 5277 3436 5338 in
3468 5276 3587 5338 illis
3636 5284 3748 5353 est,

2099 5362 2345 5425 minime
2375 5364 2629 5467 dirimit:
2659 5367 2829 5430 llunc
2878 5370 3076 5467 itaque
3135 5369 3408 5429 ordinem
3442 5364 3752 5467 igTriade

2096 5470 2448 5512 conservare
2472 5455 2728 5517 maxime
2760 5459 3165 5520 necessarium
3199 5465 3311 5532 est,
3335 5455 3512 5538 quer'n
3543 5464 3602 5518 et
3632 5473 3751 5516 ma-

2093 5559 2244 5624 gnus
2272 5542 2633 5607 Athanasius
2691 5550 2962 5628 perbelle
3010 5549 3236 5611 callens
3279 5547 3548 5610 oratione
3577 5544 3752 5608 tertia
