4208 6290
336 348 486 413 1-113

1231 355 1327 417 DE
1391 350 1894 438 PROCESSIONE
1952 350 2011 410 s.

2072 349 2422 411 SPIRITUS
2478 350 2704 413 ORAT.
2760 352 2806 412 Ι.
3563 352 3580 414 l
3603 350 3713 413 114

410 474 516 547 λε’.
569 483 718 543 Ἀλλ’
774 485 868 543 *ίνα
923 489 984 544 16
1027 487 1133 544 ἀπὸ
1189 486 1339 545 τοῦδε
1367 490 1456 545 καὶ
1495 489 1589 553 τὰς
1633 487 1875 566 κλήσεις³
1905 486 1979 542 ὧν

2140 481 2242 543 35.
2274 481 2389 545 Sed
2412 490 2475 544 ut
2503 482 2680 544 etiam
2711 483 3158 563 appellationes,
3187 483 3404 565 quibus
3424 483 3582 546 inter
3611 501 3709 545 se-

335 574 587 645 ἂλλήλόις
642 584 981 635 κοινωνοῦσιν
1051 578 1079 633 ὃ
1150 598 1206 634 τε
1250 579 1371 641 Υἱὸς
1427 579 1514 635 καὶ
1574 579 1635 634 16
1678 584 1890 651 Πνεῦμα
1919 576 1979 631 16

334 664 507 743 ἃγιον,
585 667 613 721 6
672 665 768 741 μὲν
811 666 1140 745 ἀντιφορικῶς
1197 668 1328 742 πρὸς
1388 668 1478 723 τὸν
1539 666 1744 745 Πατέρα
1787 666 1978 727 ταύτας

334 753 748 831 ὀνομαζόμενος,
800 756 861 810 τὸ
920 753 975 811 δὲ
1038 762 1249 830 Πνεῦμα
1305 757 1433 833 πρὸς
1494 757 1585 812 τὸν
1656 756 1800 828 Υἱὸν,
1849 755 1979 833 πρὸς

334 844 547 905 ταύταις
619 845 706 899 καὶ
774 842 940 899 τᾶλλα
1023 845 1193 900 πάντα
1247 843 1314 900 δι’
1372 847 1446 900 ὧν
1500 845 1831 924 κηρύττεται,
1894 844 1981 898 καὶ

337 930 540 1007 μᾶλλον
593 933 628 1000 ἡ
663 931 718 986 ἐν
747 931 927 1010 Τριάδι
987 933 1130 999 τάξις
1190 933 1552 1012 λαμπρότερον
1610 931 1786 990 ἐνθάδε
1843 953 1980 1011 προ-

333 1022 589 1095 θήσομεν.
646 1023 813 1077 Εἱκὼν
858 1024 885 1078 6
944 1024 1061 1084 Υἱὸς
1122 1023 1211 1079 τοῦ
1254 1024 1479 1102 Πατρὸς,
1541 1024 1694 1080 εὶκὼν
1748 1022 1835 1079 καὶ
1889 1026 1983 1078 τοῦ

337 1111 457 1166 Υἰοῦ
513 1110 573 1165 16
627 1115 839 1180 Πνεῦμα
878 1111 939 1165 16
982 1110 1152 1188 ἅγιον,
1227 1112 1400 1174 καθὼς
1445 1113 1473 1166 6
1515 1111 1725 1177 Νύσσης
1770 1108 1980 1189 Γρηγό-

336 1220 444 1276 ριος
497 1199 588 1254 16v
638 1206 731 1254 106
795 1206 1200 1276 Θαυματουργοῦ
1256 1199 1539 1277 Γρηγορίου
1595 1197 1705 1255 ϐίον
1748 1199 1821 1259 εἷς
1879 1201 1981 1268 ζῆ·

336 1285 432 1343 λαν
490 1286 682 1366 ἀρετῆς
728 1287 1092 1366 ἂιρηγούμενος
1152 1288 1206 1343 ἐν
1263 1294 1330 1364 τῇ
1372 1290 1503 1367 πρὸς
1545 1296 1728 1345 τοῦτον
1769 1287 1982 1343 ἀποκα-

337 1374 587 1454 λυφθείσῃ
646 1379 995 1454 μυσταγωγίᾳ
1063 1377 1205 1455 παρὰ
1282 1384 1372 1433 τοῦ
1440 1377 1663 1455 πρώτως
1727 1378 1782 1432 ἴεν
1867 1387 1984 1436 τοῖς

337 1465 628 1528 αὗτόπταις
672 1471 764 1520 τοῦ
824 1465 997 1542 Λόγου
1064 1464 1508 1544 θεολογήσαντος,
1570 1468 1725 1523 αῦτὸν
1780 1464 1984 1521 ἰκεῖνον

335 1556 426 1611 τὸν
482 1554 875 1632 Εὒαγγελιστὴν
934 1554 1185 1623 Ἰωάννην
1232 1558 1544 1635 παρίστησιν
1592 1554 1979 1615 ἑκδιδάσκοντα.

340 1644 494 1722 Λέγει
539 1644 640 1722 γὰρ
697 1643 874 1700 ἐκεῖσε
934 1647 1062 1723 πρὸς
1107 1644 1232 1710 ἔπος
1291 1645 1428 1702 οὕτω
1477 1646 1770 1723 τρανότατα
1803 1661 1816 1676 ’
1887 1652 1986 1706 Καὶ

338 1731 393 1789 ἕν
466 1739 677 1808 Πνεῦμα
759 1731 909 1811 ἅγιον
998 1734 1056 1791 ἐκ
1151 1742 1282 1792 Θεου
1365 1737 1461 1803 τὴν
1546 1735 1759 1815 ὕπαρξιν
1829 1733 1980 1814 ἕχον,

2061 587 2126 631 se
2174 581 2379 632 mutuo
2438 570 2877 635 communicant
2932 573 3117 637 Filius
3162 582 3224 636 et
3271 572 3524 654 Spiritus
3564 591 3707 633 san-

2061 666 2214 730 ctus,
2242 659 2343 721 ille
2369 660 2634 740 quidem,
2665 679 2798 722 cum
2833 662 3168 725 referturad
3196 666 3447 735 Patrem,
3478 679 3578 723 eas
3595 660 3710 722 sibi

2062 747 2386 823 vindicans,
2420 749 2674 830 Spiritus
2710 768 2851 813 vero
2899 771 3033 813 cum
3083 751 3339 813 refertur
3360 750 3434 812 ad
3468 749 3704 826 Filium,

2063 845 2122 896 et
2152 846 2364 916 praeter
2409 837 2514 899 has
2560 838 2791 919 reliqua
2846 840 3065 910 omnia.
3104 857 3207 921 per
3234 858 3363 920 quae
3413 838 3710 921 praecipue

2064 924 2399 1007 clariusque
2446 927 2508 987 in
2554 928 2842 990 Trinitate
2881 930 3029 991 ordo
3081 928 3454 1010 praedicatur,
3489 928 3601 989 hoc
3649 928 3709 988 in

2065 1010 2195 1074 loco
2223 1032 2614 1094 apponemus.
2643 1017 2858 1098 Imago
2916 1019 3097 1081 Filius
3138 1026 3227 1079 est
3271 1016 3479 1087 Patris,
3516 1017 3708 1095 imago

2065 1107 2218 1162 etam
2261 1101 2395 1163 Filii
2442 1104 2694 1184 Spiritus
2724 1121 2986 1183 sanctus,
3021 1115 3085 1168 ut
3126 1105 3423 1186 Nyssenus
3478 1104 3706 1183 Grego-

2065 1188 2190 1249 rius
2207 1187 2477 1269 Gregorii
2506 1191 2932 1275 Thaumaturgi
2964 1215 3061 1257 res
3090 1205 3282 1274 gestas
3321 1195 3390 1255 ad
3442 1192 3710 1255 excitan-

2067 1277 2208 1339 dum
2239 1281 2314 1340 ad
2349 1281 2591 1343 virtutes
2617 1284 2881 1346 animum
2915 1304 3220 1361 enarratis,
3256 1284 3317 1346 in
3350 1281 3712 1344 revelatione

2068 1367 2205 1428 ﬁdei
2228 1369 2298 1430 ad
2335 1370 2495 1432 hunc
2527 1377 2742 1454 ipsum,
2777 1374 2967 1455 primo
3001 1374 3157 1435 inter
3183 1392 3287 1435 eos
3315 1372 3417 1452 qui
3445 1370 3706 1433 Verbum

2064 1456 2377 1534 viderant,
2431 1459 2734 1543 dictante,
2805 1462 2973 1524 illum
3040 1463 3233 1544 ipsum
3294 1458 3710 1536 evangelistam

2064 1546 2352 1608 Joannem
2396 1547 2711 1612 docentem
2763 1552 3106 1615 introducit.
3158 1553 3398 1615 Fatetur
3437 1546 3596 1609 enim
3632 1544 3711 1606 ibi

2068 1636 2192 1697 haec
2243 1636 2317 1697 ad
2369 1637 2615 1700 verbum
2663 1642 3078 1720 apertissime:
3116 1644 3189 1704 Et
3240 1657 3401 1704 unus
3444 1636 3712 1718 Spiritus

2065 1732 2310 1789 sanctus
2321 1743 2403 1789 ea:
2419 1728 2536 1790 Deo
2562 1733 2984 1792 exsistentiam
3017 1733 3093 1793 ha
3103 1733 3332 1811 bens,et
3358 1746 3464 1809 per
3482 1724 3712 1787 Filium

338 1822 426 1878 καὶ
507 1820 591 1876 διὰ
687 1808 819 1877 Υἱοῗ
873 1823 1108 1899 πεφηνὸς
1192 1821 1394 1891 δηλαδὴ
1475 1838 1593 1887 τοῖς
1654 1808 1979 1902 ’ἀνθρὼποις’

2075 1830 2391 1897 apparens,
2417 1819 2767 1881 hominibus
2789 1822 3033 1895 scilicet,
3060 1808 3262 1897 imago
3287 1808 3446 1880 Filii
3465 1813 3714 1902 perfecti

340 1911 495 1967 εἰκὼν
549 1917 642 1966 τοῦ
700 1914 844 1983 Υἱοῦ,
924 1909 1123 1968 τελείιυ
1190 1912 1389 1971 τελεία.
1476 1915 1569 1972 Ναὶ
1638 1914 1743 1980 μὴν
1799 1914 1888 1969 καὶ
1956 1914 1985 1968 6

338 2002 483 2062 θεῖος
541 1996 847 2065 Ἀθανάσιος
891 2000 945 2056 ἐν
974 2006 1042 2076 τῇ
1093 2003 1224 2080 πρὸς
1282 2003 1588 2082 Σεραπίωνα
1629 2004 1722 2058 16v
1765 2001 1984 2058 ἐπίσκο-

341 2110 440 2145 πον
499 2085 757 2163 ἐπιστολῇ
818 2085 1045 2162 βεϐαιοῖ.
1115 2089 1335 2155 Δίεξεισι
1387 2091 1487 2168 γὰρ
1528 2092 1615 2147 καὶ
1645 2092 1797 2153 οὗτος
1822 2091 1987 2145 ταῦτα

339 2178 515 2254 ῥητῶς
550 2191 564 2206 '
658 2179 824 2234 Εἰκὼν
907 2184 998 2233 τοῦ
1083 2181 1202 2234 Υἱοῦ
1284 2178 1495 2257 λέγεται
1578 2181 1665 2235 καὶ
1730 2178 1840 2234 ἔστι
1923 2183 1985 2233 τὸ

344 2265 580 2340 Πνεῦμα.
662 2267 760 2323 Καὶ
842 2267 1122 2345 μαρτυρίαν
1198 2267 1383 2346 ὖπάγει
1440 2269 1692 2348 παρευθὺς
1750 2267 1982 2323 ἀποστο-

342 2353 523 2422 λικὴν.
602 2375 626 2410 ε
676 2352 777 2417 Οῧς
834 2355 955 2433 γὰρ,
1036 2379 1064 2411 ι
1146 2358 1300 2436 φησὶ,
1367 2380 1390 2410 ι
1447 2356 1712 2435 προέγνω,
1769 2357 1984 2417 τούτους

341 2445 430 2499 καὶ
499 2443 759 2520 προώρισε
829 2443 1166 2525 συμμόρφους
1250 2451 1350 2513 τῆς
1435 2446 1634 2510 εἰκόνος
1706 2447 1798 2502 τοῦ
1866 2446 1986 2500 Υἱὸῦ

344 2536 522 2594 αὺτοῦ.
563 2555 587 2588 ι
642 2534 701 2591 Τί
760 2531 815 2588 δὲ
868 2534 1018 2590 ἔστιν
1076 2535 1230 2591 εἰκὼν
1287 2538 1316 2591 6
1378 2534 1637 2613 Θεολόγος
1698 2532 1984 2614 Γρηγόριος

345 2620 398 2676 ἐν
441 2628 519 2695 τῷ
576 2622 692 2700 περὶ
774 2621 892 2678 Υἱοῦ
961 2619 1181 2701 δευτέρῳ
1221 2622 1365 2702 λργῳ
1405 2622 1757 2701 διερμωνεύει,
1805 2644 1985 2702 σαφη-

345 2712 497 2781 νίζων
549 2709 688 2767 οὕτω
728 2712 817 2767 καὶ
886 2714 1133 2775 συντιθείς
1170 2730 1184 2745 °
1234 2715 1399 2773 Εἱκὼν
1469 2710 1523 2768 δὲ
1565 2719 1658 2769 τοῦ
1704 2713 1902 2790 Πατρὸς
1961 2713 1990 2768 6

346 2801 467 2862 Υἱὸς
525 2801 598 2864 ὡς
665 2800 966 2878 ὁμοούσιος,
1052 2802 1138 2855 καὶ
1220 2801 1300 2857 ὅτι
1369 2807 1521 2858 τοῦτο
1588 2802 1812 2875 ἐκετοεθ,
1869 2798 1993 2855 ἀλλ’

348 2891 445 2945 οὒκ
494 2888 556 2945 ἐκ
610 2890 795 2945 τούτου
870 2890 1071 2961 Πατὴρ.
1160 2890 1302 2957 Αὕτη
1379 2892 1478 2970 γὰρ
1563 2891 1759 2952 εἰκόνος
1816 2890 1986 2970 φύσις³

2066 1902 2348 1983 perfecta.
2377 1910 2665 1968 Praeterea
2694 1908 2927 1970 divinus
2957 1907 3309 1971 Athanasius
3334 1904 3406 1966 ad
3436 1900 3712 1982 Serapio-

2069 2009 2205 2053 nem
2251 1992 2593 2076 episcopum
2652 1998 2900 2076 epistola
2953 1998 3011 2059 id
3058 1997 3391 2059 conﬁrmat.
3448 1992 3711 2070 Usurpat

2069 2082 2229 2142 enim
2258 2082 2383 2144 haec
2405 2084 2702 2163 ipsissima
2735 2088 2909 2149 verba
2936 2109 2948 2151 :
2974 2087 3187 2168 Imago
3206 2086 3366 2148 Filii
3395 2083 3621 2146 dicitur
3650 2087 3709 2140 et

2066 2178 2149 2231 est
2164 2168 2453 2251 Spiritus.
2474 2172 2546 2235 Et
2568 2174 2965 2238 testimonium
2993 2178 3184 2238 statim
3210 2193 3281 2237 ex
3306 2169 3593 2254 Apostolo
3612 2184 3709 2245 pe-

2071 2260 2237 2322 titum
2268 2263 2432 2325 addit
2472 2264 2663 2341 .Quos
2688 2269 2913 2334 enim,»
2942 2259 3641 2349 ,ait,«prtecognovit,hos
3655 2263 3710 2319 el

2065 2352 2521 2430 praedestinavit
2542 2356 2877 2435 confarmcs
2899 2348 3193 2436 imaginis
3214 2355 3357 2419 Filii
3379 2353 3553 2416 illius
3571 2348 3651 2410 98.
3681 2371 3708 2402 ι

2068 2438 2187 2502 Sed
2212 2441 2348 2521 quid
2373 2442 2569 2522 imago
2605 2444 2682 2506 sit
2719 2444 3039 2524 Gregorius
3078 2444 3411 2524 Thenlogus
3444 2439 3712 2502 oratione

2066 2528 2333 2590 secunda
2373 2531 2446 2592 de
2486 2532 2636 2595 Filio
2675 2533 2769 2595 his
2808 2535 3003 2596 verbis
3042 2532 3419 2614 apertissime
3449 2529 3717 2591 declaiat

2072 2635 2201 2678 com
2212 2618 2512 2700 ponitque:
2534 2621 2744 2702 Imago
2762 2639 2907 2686 vero
2931 2622 3143 2686 Patris
3165 2621 3395 2701 Filius,
3429 2627 3719 2697 tanquam

2072 2709 2180 2786 qui
2192 2707 2287 2768 illi
2302 2708 2836 2774 consubstantialis
2848 2719 3020 2784 est,et
3031 2710 3307 2793 quodhoc
3322 2709 3463 2771 inde
3475 2715 3717 2777 estmon

2071 2813 2153 2857 ea:
2165 2814 2235 2858 eo
2256 2797 2609 2862 Pater.Htec
2620 2801 2776 2862 enim
2802 2800 3079 2881 imaginis
3100 2808 3308 2862 natura
3323 2796 3714 2861 estimitatio-

2073 2902 2209 2945 nem
2233 2903 2364 2947 esse
2379 2888 2780 2969 archetypi.Et
2812 2890 3142 2951 ubidicitur
3171 2905 3378 2951 rursus
3399 2886 3717 2966 [ormaPa-

347 2977 565 3053 μίμημα
624 2981 762 3033 εἶναι
817 2985 912 3035 τοῦ
968 2978 1269 3057 ἀρχετύπου
1299 2995 1313 3008 ⁹
1378 2981 1476 3037 Καὶ
1517 2979 1577 3034 οὗ
1619 2977 1852 3056 λέγεται,
1880 2977 1992 3033 πά-

2077 2971 2184 3033 tris
2195 2972 2402 3054 Filius,
2427 2976 2614 3038 forma
2629 2987 2687 3039 et
2703 2977 2832 3040 Filii
2859 2977 3118 3059 Spiritus
3138 2986 3376 3039 sanctus
3406 2974 3714 3038 asseritur.

351 3065 433 3122 λιν
479 3067 656 3145 μορφὴ
712 3066 805 3123 τοῦ
863 3068 1068 3146 Πιτρὸς
1114 3071 1140 3124 6
1188 3070 1326 3146 Υἱὸς,
1376 3069 1551 3147 μορφὴ
1605 3069 1693 3124 καὶ
1734 3073 1828 3124 τοῦ
1875 3069 1993 3122 Υἱιῦ

2075 3059 2158 3121 De
2190 3063 2302 3123 hoc
2333 3064 2510 3126 etiam
2532 3074 2748 3128 tractat
2774 3086 3019 3145 magnus
3035 3067 3244 3128 doctor
3271 3063 3625 3128 Athanasius
3641 3062 3715 3124 ad

349 3157 410 3212 16
468 3162 678 3230 Πνεῦμα
709 3158 771 3212 16
828 3155 1002 3234 ἅγιον.
1066 3158 1186 3234 Περὶ
1230 3157 1414 3213 τούτου
1462 3153 1803 3231 διαλαμϐάνει
1858 3156 1993 3211 κατὰ

2077 3149 2464 3246 Serapionem
2498 3153 2839 3246 episcopum
2865 3154 3129 3246 epistola:
3157 3154 3333 3230 Quod
3355 3160 3410 3214 si
3440 3151 3720 3246 Spiritus

348 3245 446 3310 τὴν
481 3246 611 3323 πρὸς
647 3246 954 3319 Σεραπίωνα
984 3247 1076 3301 τόν
1120 3246 1404 3303 ἐπίσκοπον
1444 3245 1731 3313 επιστολὴν
1768 3247 1796 3302 6
1828 3244 1993 3322 μέγας

2080 3238 2265 3300 bonus
2294 3239 2445 3302 odor
2477 3250 2532 3303 et
2552 3242 2764 3319 forma
2799 3242 2945 3305 Filii
2964 3252 3075 3325 est,
3107 3244 3289 3325 plane
3327 3240 3718 3320 manifestum

348 3331 656 3396 διδάσκαλος
687 3334 1023 3412 Ἀθανάσιος,
1073 3337 1128 3391 El
1169 3332 1223 3389 δὲ
1269 3336 1328 3390 τὸ
1381 3340 1615 3409 Πνεῦμα,
1660 3332 1854 3411 λέγων,
1902 3334 1992 3388 εὓ-

2077 3338 2346 3391 rema-net
2376 3330 2676 3410 Spiritum
2707 3340 3053 3395 creaturam
3080 3352 3204 3394 non
3232 3347 3518 3407 esse,cum
3541 3336 3598 3393 et
3616 3329 3719 3391 Fi-

348 3420 475 3478 ωδία
526 3424 615 3478 καὶ
672 3422 851 3500 μορφή
936 3433 1028 3481 τοῦ
1112 3426 1233 3480 Υῖοῦ
1294 3423 1457 3496 ἐστιν,
1505 3421 1725 3488 εὔδηλον
1774 3425 1846 3484 ὡς
1904 3424 1993 3478 οὒκ

2077 3416 2199 3478 lius
2222 3417 2500 3496 informa
2520 3418 2634 3482 Dei
2653 3422 2946 3484 exsistens
2963 3431 3237 3484 creatura
3261 3439 3377 3483 non
3401 3419 3720 3482 est.Facies

349 3509 410 3566 ἂν
453 3511 544 3577 εἴη
586 3510 648 3566 τό
709 3516 919 3586 Πνεῦμα
975 3512 1169 3587 κτίσμα
1206 3532 1220 3545 ·
1277 3511 1459 3579 ἐπειδὴ
1519 3514 1607 3568 καὶ
1662 3514 1689 3569 6
1756 3514 1897 3590 Υἱος,
1941 3510 1995 3567 έν

351 3605 530 3679 μορφῇ
586 3606 676 3655 τοῦ
720 3606 850 3656 Θεοῦ
889 3601 1156 3681 ὑπάρχον,
1215 3606 1310 3659 οὒκ
1363 3601 1476 3659 ἔστι
1545 3602 1755 3676 κτίσμα.
1819 3601 1994 3681 Πρόσ-

352 3710 497 3744 ωπον
558 3687 701 3753 αὖθις
751 3695 844 3745 τοῦ
902 3692 1104 3768 Πατρὸς
1163 3692 1190 3746 6
1263 3692 1405 3756 Υἱὸς,
1466 3691 1747 3768 πρόσωπον
1789 3692 1875 3746 καὶ
1904 3695 1997 3746 τοῦ

354 3778 473 3834 Υἱοῦ
511 3776 572 3832 16
603 3782 814 3849 Πνεῦμα
846 3778 908 3832 τὸ
937 3779 1113 3855 ἅγιον.
1147 3775 1296 3834 Ἀλλ’
1346 3777 1426 3835 ὅτι
1471 3779 1568 3853 μὲν
1599 3780 1878 3858 πρόσωπον
1906 3785 1998 3835 τοῦ

352 3864 555 3942 Πατρός
600 3866 627 3920 6
694 3866 814 3927 Υἱὸς
874 3867 900 3921 6
928 3866 1203 3932 θεσπέσιος
1244 3865 1527 3947 πολλαχοῦ
1569 3865 1780 3933 διέξεισι
1815 3866 2000 3945 Κύριλ-

351 3951 470 4014 λος,
515 3951 605 4010 Ἐν
637 3953 733 4028 μὶν
785 3959 853 4029 τῇ
904 3952 1152 4032 ἑρμηνείᾳ
1207 3964 1300 4011 τοῦ
1355 3958 1488 4012 κατά
1537 3956 1792 4024 Ἰωάννην
1824 3958 1998 4034 Εὔαγ-

352 4042 528 4118 γελίου
590 4049 658 4118 τῇ
719 4043 793 4106 εἰς
826 4045 885 4098 16
930 4046 1090 4122 ρητὸν
1139 4046 1225 4120 τὸ,
1271 4066 1298 4103 ι
1332 4033 1427 4102 Ἠν
1480 4047 1541 4101 τὸ
1571 4052 1680 4126 φῶς
1718 4048 1779 4101 τὸ
1809 4044 1998 4111 ἀληθι-

353 4130 441 4186 νόν
473 4144 486 4161 ⁶
528 4154 552 4184 ι
617 4129 832 4204 ’ώμέλει
888 4133 951 4188 16
1010 4133 1293 4210 πρόσωπον
1346 4143 1439 4192 τοῦ
1496 4141 1626 4190 Θεοῦ
1654 4135 1742 4190 καὶ
1773 4134 1996 4211 Πατρός,

352 4218 620 4275 τουτέστιν
674 4220 703 4276 ὀ
792 4220 909 4284 Υἱός
1000 4236 1238 4300 χορηγεῖ
1306 4228 1375 4298 τῇ
1441 4222 1605 4277 κτίσει
1688 4222 1778 4277 τόν
1830 4243 2000 4301 φωτι-

355 4308 487 4382 σμόν
521 4323 535 4336 ⁶
569 4308 765 4383 ὁμοίως
799 4311 886 4365 καὶ
916 4311 989 4372 εἰς
1033 4311 1117 4381 16,
1173 4333 1195 4364 ιι
1264 4308 1575 4389 Ἐργάζεσοε
1631 4310 1708 4385 μὴ
1738 4310 1832 4377 τὴν
1862 4311 2000 4387 βρῶο

356 4419 436 4453 σιν
490 4397 590 4462 τὴν
642 4396 1040 4474 ἀπολλυμένην.
1106 4422 1133 4452 »
1213 4400 1501 4476 Πρόσωπον
1576 4399 1675 4478 γὰρ
1729 4408 1821 4457 106
1876 4401 2005 4455 Θεοῦ

359 4486 447 4541 καὶ
533 4486 739 4563 Πατρός
821 4488 910 4543 τόν
1020 4489 1138 4543 Υἱόν
1221 4488 1364 4543 εἶναι
1438 4489 1615 4567 φασὶν³
1700 4485 1828 4563 ὅπερ
1899 4488 2005 4543 ἐστὶ

355 4573 519 4631 παλιν
579 4576 608 4631 6
652 4577 934 4654 χαρακτήρ
972 4595 986 4609 ⁸
1036 4583 1146 4656 φῶς
1217 4575 1271 4631 δὲ
1339 4578 1401 4634 τό
1458 4576 1510 4641 ἐξ
1568 4577 1722 4633 αὐτοῦ
1776 4577 1873 4644 τὴν
1923 4559 2070 4632 διαί)

354 4670 446 4720 τοῦ
533 4666 846 4739 Πνεῦματος
918 4665 1003 4721 ἰπὶ
1089 4666 1185 4733 τὴν
1279 4665 1445 4722 κτίσιν
1527 4663 1810 4734 διήκουσαν
1892 4666 2003 4744 χά-

358 4775 470 4830 ριν.
539 4754 638 4810 Καὶ
720 4754 843 4828 μετ’
903 4751 1058 4831 ὀλίγα
1089 4772 1100 4784 ·
1171 4752 1388 4821 Ἐπειδὴ
1458 4751 1512 4807 δὲ
1569 4752 2007 4830 ὁμολογουμένως

359 4840 645 4920 πρόσωπόν
703 4842 813 4898 ἆστι
869 4849 964 4899 τοῦ
1025 4851 1156 4901 Θεοῦ
1212 4846 1296 4899 καὶ
1359 4844 1560 4919 Πατρός
1603 4845 1631 4897 6
1698 4841 1839 4917 Υἱός,
1915 4842 2006 4909 εἴη

357 4928 527 4998 δήπου
586 4931 796 4994 πάντως
850 4931 1007 4994 αὐτὸς
1077 4934 1164 4988 καὶ
1215 4935 1242 4989 6
1304 4933 1610 5012 χαρακτὴρ,
1660 4930 1788 5006 ἒνῷ
1834 4954 2006 5012 σφρα-

358 5019 487 5100 γῇίζει
533 5016 683 5083 Θεός,
744 5019 833 5077 Ἐν
879 5019 933 5075 δὲ
978 5028 1054 5096 τῷ
1082 5020 1316 5096 πέμπτῳ
1369 5021 1474 5076 τῶν
1530 5020 1659 5098 πρός
1711 5019 1954 5100 Ἐρμείαν
1988 5040 2002 5057 ο

362 5097 493 5165 ιὈτι
550 5108 650 5185 γὰρ
699 5108 859 5164 οἱονεῖ
943 5112 1004 5166 16
1062 5110 1342 5189 πρόσωπον
1400 5115 1492 5166 106
1562 5097 1692 5166 Θεοῦ
1745 5097 1834 5165 καὶ
1890 5116 2007 5165 Πα-

357 5196 479 5273 τρὸς
555 5195 696 5251 ἐστιν
751 5197 779 5251 ὁ
854 5200 996 5276 Υἱὸς,
1082 5197 1468 5255 ὶγπαιδεύσειεν
1541 5196 1604 5253 ἂν
1685 5197 1914 5262 εὐκόλως
1980 5200 2008 5254 6

361 5280 689 5357 Ψαλμῳδὸς,
748 5286 878 5342 ποτὶ
932 5288 1031 5363 μὲν
1093 5286 1288 5368 λέγων,
1344 5309 1366 5342 ι
1418 5287 1525 5343 Ποῦ
1600 5286 1834 5365 πορευθῶ
1903 5288 2007 5345 ἀπὸ

358 5377 451 5427 τοῦ
509 5372 812 5446 Πνεύματος
868 5396 1009 5457 dou;
1083 5379 1170 5434 καὶ
1250 5379 1354 5434 ἀπὸ
1430 5376 1522 5433 τοῦ
1576 5376 1860 5454 προσώπου
1914 5399 2006 5434 σου

361 5468 463 5518 ποῦ
518 5460 723 5540 φύγωε,
786 5483 811 5520 ε
873 5466 1002 5522 ποτὲ
1071 5463 1125 5521 δὲ
1202 5469 1273 5530 ὡς
1359 5466 1421 5523 ὲκ
1475 5466 1764 5543 προσώπου
1791 5464 1899 5521 τῶν
1931 5467 2004 5533 εἰς

442 5626 503 5678 ’8
527 5626 700 5692 Rom.
731 5646 856 5707 Vill,
893 5632 989 5697 19.
1077 5634 1137 5683 '9
1162 5633 1331 5698 Joan.
1369 5651 1411 5711 ι,
1458 5636 1519 5697 4.
1606 5629 1864 5696 3010an.
1895 5650 1976 5713 νι,

2075 5643 2109 5704 ⁷.
2192 5643 2247 5694 5|
2286 5641 2752 5716 Psal.cxxxvm,
2810 5644 2844 5705 7
2860 5691 2870 5702 .

2078 3523 2285 3567 rursus
2346 3508 2535 3570 Patris
2576 3508 2781 3583 Filius,
2831 3510 3011 3572 facies
3069 3511 3245 3572 etiam
3290 3509 3424 3571 Filii
3461 3507 3721 3588 Spiritus

2079 3594 2461 3659 sanctusSed
2489 3598 2697 3660 faciem
2732 3617 2864 3662 esse
2885 3601 3008 3662 sive
3036 3600 3258 3661 vultum
3292 3597 3482 3663 Patris
3509 3598 3717 3661 Filium

2081 3683 2349 3771 pluribus
2377 3685 2438 3747 in
2471 3686 2620 3749 locis
2668 3688 2921 3751 inculcat
2952 3689 3221 3771 Cyrillus.
3255 3688 3320 3751 In
3351 3687 3719 3769 expositione

2079 3770 2375 3852 Evangelii
2433 3777 2760 3839 secundum
2817 3770 3108 3843 Joannem
3182 3779 3255 3842 ad
3312 3779 3414 3841 illa
3463 3776 3645 3842 verba
3700 3795 3715 3840 :

2088 3885 2114 3916 α
2147 3861 2309 3924 Erat
2362 3863 2473 3926 lux
2528 3866 2790 3944 vero”,
2854 3868 3038 3931 Plane
3085 3869 3277 3945 [acies
3332 3869 3438 3930 Dei
3493 3873 3549 3929 et
3593 3866 3722 3927 Pa—

2082 3957 2216 4024 tris,
2247 3952 2357 4013 hoc
2381 3962 2464 4014 est
2514 3956 2742 4032 Filius,
2795 3956 3091 4038 elargitur
3131 3965 3422 4020 creaturae
3479 3956 3718 4017 illumi-

2081 4042 2496 4105 nationemEt
2523 4044 2582 4106 in
2614 4045 2758 4107 illud
2789 4069 2802 4104 :
2834 4046 3223 4127 cOperamini
3250 4064 3368 4108 non
3397 4044 3593 4107 cibum
3611 4045 3723 4124 qui

2079 4131 2368 4210 perum,»
2403 4131 2640 4195 Faciem
2670 4141 2833 4196 enim
2871 4136 2978 4198 Dei
2994 4145 3051 4197 et
3082 4135 3294 4197 Putris
3344 4133 3566 4196 Filium
3594 4149 3724 4194 esse

2086 4220 2355 4300 tradunt,
2384 4222 2486 4299 qui
2516 4231 2601 4284 est
2628 4224 2955 4286 character.
2990 4223 3222 4286 Lumen
3248 4232 3449 4284 autem
3468 4239 3544 4282 ea:
3572 4222 3718 4299 ipso,

2085 4312 2352 4390 gratiam
2371 4330 2480 4392 per
2502 4313 2793 4395 Spiritum
2809 4316 2873 4377 in
2890 4323 3238 4377 creaturam
3255 4314 3717 4394 pervenientem.

2089 4401 2160 4460 Et
2191 4408 2321 4479 post
2353 4421 2575 4480 pauca:
2604 4405 2751 4468 Cum
2797 4422 2955 4473 vero,
2978 4405 3210 4465 nemine
3242 4405 3305 4465 id
3326 4402 3720 4482 improbante,

2089 4489 2276 4564 facies
2304 4497 2392 4552 est
2423 4491 2536 4553 Dei
2558 4500 2616 4554 et
2639 4492 2839 4554 Patris
2865 4492 3084 4564 Filius,
3111 4495 3226 4554 erit
3249 4498 3490 4553 omnino
3513 4491 3639 4568 ipse
3668 4495 3727 4550 et

2088 4577 2425 4659 character,
2456 4582 2519 4641 in
2549 4598 2664 4659 quo
2696 4582 2857 4643 Deus
2884 4581 3107 4660 signat.
3147 4580 3214 4640 Et
3243 4579 3393 4641 libro
3425 4578 3630 4659 quinto
3651 4578 3722 4636 ad

2088 4666 2410 4728 Hermiam:
2440 4668 2689 4731 Faciem
2706 4687 2897 4750 porro
2926 4670 3039 4730 Dei
3060 4678 3119 4730 et
3138 4670 3166 4730 1
3174 4675 3343 4730 ‘atris
3360 4685 3484 4729 esse
3502 4664 3722 4727 Filium

2087 4754 2261 4833 facili
2274 4761 2506 4835 negotio
2524 4760 2779 4821 instruet
2804 4757 3352 4831 l’salnwtlus,nunc
3366 4755 3607 4836 quidem
3629 4753 3727 4815 (li-

2088 4862 2264 4908 cens:
2302 4867 2323 4897 ι
2360 4844 2496 4922 Quo
2527 4847 2740 4909 vadam
2771 4866 2809 4909 a
2834 4848 3074 4928 Spiritu
3116 4853 3239 4916 tuo.
3278 4856 3335 4910 et
3365 4866 3402 4908 α
3432 4849 3592 4926 facie
3622 4855 3727 4909 tua

2089 4949 2206 5013 quo
2230 4936 2462 5015 fugiam
2476 4933 2555 4998 3‘?
2575 4961 2599 4990 ι
2625 4954 2789 4999 nunc
2807 4954 2946 4999 vero
2969 4943 3259 5017 tanquam
3276 4954 3351 5000 ea:
3357 4953 3613 5016 persona
3634 4955 3727 4997 co-

2089 5040 2224 5084 rum
2248 5026 2354 5103 qui
2375 5026 2438 5086 in
2463 5025 2635 5088 illum
2653 5028 3056 5088 credideunt:
3075 5026 3437 5108 «Signatum
3456 5032 3731 5106 estsuper

2090 5131 2198 5175 nos
2226 5114 2428 5177 lumen
2451 5117 2650 5178 vultus
2671 5120 2762 5178 tui
2774 5116 2863 5188 ‘51;
2889 5139 2913 5173 ι
2948 5117 3176 5198 signati
3202 5117 3493 5197 siquidem
3524 5133 3729 5177 sumus

2092 5201 2335 5282 Spiritu
2362 5211 2574 5266 sancto
2603 5204 2682 5266 ad
2710 5204 3178 5268 similitudinem
3209 5214 3265 5267 et
3289 5208 3730 5285 expressionem

2089 5295 2293 5354 vultus
2321 5292 2550 5365 Patris,
2585 5292 2693 5354 hoc
2722 5302 2806 5356 est
2835 5295 3001 5356 Filii.
3035 5294 3106 5355 Et
3145 5296 3253 5356 hac
3292 5294 3593 5357 insinuant
3641 5298 3730 5356 l'a-

2089 5381 2240 5444 ciem
2277 5384 2464 5444 Patris
2489 5382 2700 5445 Filium
2733 5400 2887 5465 esse;
2923 5393 2981 5445 et
3005 5385 3132 5446 Filii
3156 5384 3361 5445 faciem
3394 5402 3525 5447 esse
3553 5387 3737 5466 Spiri-

2088 5476 2239 5549 tum,
2271 5482 2509 5536 sanctus
2539 5473 2697 5534 idem
2730 5473 2856 5555 ipse
2873 5474 3107 5535 abunde
3124 5475 3265 5535 satis
3288 5473 3459 5536 nobis
3478 5475 3730 5538 demon~

2953 5642 3019 5694 δί
3050 5642 3198 5706 Psal.
3234 5660 3309 5720 ιν,
3345 5645 3405 5710 7.
