4208 6290
315 355 336 409 1
356 353 380 408 1
399 348 467 411 l7
657 401 661 404 .
1243 350 1338 411 DE
1380 347 1887 413 PROCESSIONE
1932 343 1961 404 S

2045 342 2392 406 SPIRITUS
2433 346 2636 409 ORAT
2712 348 2759 409 ῐ.
3541 343 3689 407 1118

308 477 554 557 γέννησιν
584 482 659 546 ὠς
688 482 754 539 τὰ
782 478 959 539 πολλὰ
1005 477 1136 537 κάπὶ
1189 485 1284 536 τοῦ
1338 477 1500 557 λόγου
1527 476 1643 536 καθ’
1667 480 1961 550 ὁμοιότητα

2045 476 2303 558 Spiritus
2330 488 2594 552 sanctus,
2651 491 2710 543 et
2758 481 2974 544 Filium
3007 500 3140 547 esse
3168 481 3473 564 proprium
3506 479 3699 545 Patris

305 574 396 624 ⁴ιοῦ
464 571 585 626 Υἱοῦ
642 568 915 647 λέγεσθαι,
970 566 1116 645 ρἧα
1162 569 1223 624 16
1281 574 1494 643 Πνεῦμα
1540 569 1601 624 16
1658 565 1805 646 ἅγιον
1835 567 1961 624 ἐκά-

2049 565 2232 628 didici
2252 586 2285 629 a
2306 567 2681 634 divinissimo
2703 572 3026 636 Athanasio
3048 591 3061 636 :
3094 590 3352 653 namque
3379 571 3567 653 prima
3589 571 3695 633 ad-

304 653 456 713 λεσεν
487 658 522 726 ἡ
566 659 749 738 Γραφή
791 675 803 689 ⁵
841 659 903 714 16
946 654 1001 712 δὲ
1055 658 1192 713 κατὰ
1220 658 1310 714 τὸν
1361 659 1657 736 θεοπιτὶτορα
1697 659 1785 713 καὶ
1829 677 1961 736 προ-

2047 658 2305 720 versusA
2315 657 2516 722 rianos
2534 663 2803 724 oratione
2829 661 3058 724 scribit:
3073 660 3266 724 Filius
3285 667 3697 725 verusnatura

304 745 482 824 φήτην
539 747 593 803 ἐν
651 747 925 823 βασιλεῦσι
987 745 1150 804 Δαυεδ
1192 746 1633 824 ἐκπορευόμενον,
1669 745 1729 801 οὗ
1772 744 1961 823 γεννώ-

2046 746 2350 823 genuinus
2366 756 2454 811 est
2477 751 2707 824 Putris,
2740 757 3029 832 prOprius
3063 754 3339 815 essentia
3358 750 3549 813 illius.
3586 750 3698 812 Hie

306 854 486 907 μενον.
551 856 576 890 ι
651 838 728 894 Τὰ
803 840 903 916 γὰρ
971 835 1362 916 ἐκπορευόμενα
1420 832 1505 890 διὰ
1574 841 1680 891 τῶν
1736 833 1961 914 χειλέων

2047 851 2170 895 non
2187 842 2272 897 est
2292 854 2484 917 neque
2492 838 2959 921 factura,neque
2970 839 3399 920 creatura,sed
3404 844 3698 920 proprius

306 944 405 995 μου
466 925 525 981 ού
566 925 645 1000 μὴ
718 914 985 1006 ἀθετήσω,
1036 942 1059 974 D
1110 914 1268 1004 ιρησίν
1357 914 1488 982 υΟτι
1546 921 1600 979 δὲ
1661 924 1806 1002 ῥῆμα
1875 932 1961 981 τοῦ

2045 929 2319 1002 paternae
2333 914 2604 990 essentne
2612 930 2771 1007 fetus
2783 937 2837 991 et
2850 914 3088 1005 'virtus,
3121 940 3179 992 et
3200 914 3560 1008 im'ogo'ver'a
3579 946 3694 1008 pa-

304 1012 426 1067 Υἱοῦ
466 1014 527 1069 16
585 1020 796 1090 Πνεῦμα
848 1017 909 1072 16
967 1015 1140 1093 ἅγιον,
1188 1016 1215 1069 6
1248 1013 1415 1090 μέγας
1445 1014 1581 1086 ἡμῖν
1637 1012 1966 1089 παραστήσει

304 1099 600 1174 Βασίλειος,
666 1101 723 1168 ὃς
781 1104 835 1159 ἐν
907 1127 1010 1161 τινι
1079 1109 1185 1159 τῶν
1258 1105 1415 1161 αὺτοῦ
1459 1099 1757 1180 κεφαλαίων
1799 1102 1964 1163 οὓτως

302 1187 391 1245 ἐπὶ
444 1188 636 1256 λέξεων
701 1193 886 1272 ε’ἷρηκε
924 1213 938 1228 ·
990 1195 1086 1249 Δια
1141 1199 1297 1248 τοῦτο
1338 1191 1426 1247 καὶ
1479 1196 1609 1247 Θεοῦ
1669 1190 1767 1265 μὲν
1807 1187 1962 1266 λόγος

301 1280 330 1333 6
408 1282 552 1348 Υἱὸς,
636 1283 783 1359 ῥῆμα
839 1280 894 1338 δὲ
978 1285 1098 1338 Υἱοῦ
1166 1283 1227 1337 16
1306 1286 1542 1355 Πνεῦμα,
1600 1277 1784 1346 Φέρων
1838 1279 1961 1357 γὰρ,

302 1371 456 1447 φησὶ,
509 1372 576 1427 τὰ
658 1373 831 1429 πάντα
914 1374 974 1430 16
1056 1372 1253 1447 ῥήματι
1315 1375 1412 1436 τῆς
1457 1368 1724 1445 δυνάμεως
1779 1367 1957 1428 αὖτοῦ,

305 1460 403 1516 Καὶ
466 1458 651 1528 ὶπειδὴ
721 1462 868 1540 ῥῆμα
961 1464 1084 1518 Υἱοῦ
1152 1459 1236 1516 διὰ
1296 1468 1389 1519 τοῦ
1471 1465 1627 1532 Θεοῦ,
1685 1458 1784 1525 τὴν
1859 1457 1962 1532 μά-

302 1549 500 1626 χαιράν
557 1573 687 1630 φησι
739 1558 832 1608 τοῦ
888 1551 1218 1625 Πνεύματος,
1293 1552 1321 1606 ὁ
1403 1551 1513 1605 ἔστι
1580 1548 1728 1625 ῥημα
1803 1545 1954 1609 Θεοῦ,

301 1633 464 1714 λόγος
521 1637 578 1694 δὲ
632 1646 764 1697 Θεοῦ
846 1641 935 1696 καὶ
1011 1640 1155 1717 ῥῆμα
1236 1641 1339 1710 ζ’ὖν
1396 1640 1481 1693 γαὶ
1527 1640 1763 1716 ἒνεργόν.
1838 1634 1959 1716 Ἐπὶ

300 1732 430 1782 πᾶσι
473 1728 677 1793 τούτοις
736 1727 870 1792 ἴδιος
930 1731 956 1784 6
1042 1730 1161 1791 Υἱὸς
1244 1734 1337 1784 τοῦ
1382 1728 1608 1806 Πατρὸς,
1666 1724 1803 1781 ἴδιον
1871 1725 1958 1780 καὶ

2051 1016 2245 1072 ternae
2255 1015 2531 1076 essentia:
2580 1014 2602 1076 Ι
2610 1025 2748 1079 tem:
2774 1017 3069 1098 Proprias
3081 1027 3168 1079 est
3180 1017 3391 1080 Patris
3410 1016 3608 1078 Filius
3628 1017 3695 1077 in

2049 1099 3291 1179 ulnisitliusezcsistensltem:;l!anifestum
3306 1115 3558 1181 est,cum
3573 1104 3695 1167 De-

2046 1204 2119 1275 us
2129 1191 2706 1258 creatorsit,habere
2718 1193 2966 1256 Verbum
2984 1194 3239 1274 efﬁciens
3248 1204 3308 1256 et
3321 1211 3698 1275 operansnon

2045 1274 2408 1354 deforis,sed
2427 1286 2530 1341 sui
2545 1282 2739 1359 ipsius
2759 1281 3182 1362 proprium.Et
3204 1291 3333 1362 post
3352 1274 3695 1344 multazNon

2046 1364 2240 1444 igitur
2250 1373 2533 1430 creatura
2547 1377 2634 1432 est
2665 1370 2909 1433 Verbum
2921 1372 3051 1452 ,sed
3064 1371 3252 1433 solum
3264 1373 3574 1451 proprium
3583 1371 3697 1434 Pa-

2047 1453 2181 1516 tris.
2219 1452 2285 1514 Et
2304 1456 2508 1536 paucis
2526 1458 2748 1521 additis
2782 1478 2796 1519 :
2833 1458 2983 1522 Cum
3018 1478 3137 1521 non
3151 1461 3235 1522 sit
3256 1469 3564 1534 creatura,
3591 1459 3698 1522 sed

2042 1548 2336 1622 proprius
2355 1546 2582 1609 divinae
2601 1565 2737 1629 quae
2757 1550 3055 1612 adoratur
3072 1551 3361 1624 essentia,
3384 1557 3437 1610 et
3466 1555 3697 1610 natura

2043 1629 2246 1694 Filius
2259 1640 2369 1714 est,
2374 1643 2697 1716 propterea
2712 1638 3029 1712 adoretur,
3039 1637 3261 1701 etDeus
3270 1656 3394 1699 esse
3406 1638 3693 1700 creditur.
3736 1682 3739 1686 μ

2040 1718 2112 1781 Ει
2130 1721 2405 1801 plurimis
2430 1724 2788 1806 interjectis:
2821 1726 2961 1790 Non
2982 1728 3403 1799 externus,sed
3425 1735 3698 1806 paternae

365 1822 387 1833 ι-
542 1819 563 1829 υ
792 1825 813 1835 η.
972 1819 986 1837 \
1041 1817 1064 1835 οι
1317 1816 1333 1837 ς
1395 1814 1421 1831 η
1570 1814 1585 1832 ς
1677 1813 1732 1835 νκ
1928 1812 1956 1834 Υ

298 1837 391 1872 του
443 1819 564 1872 Υἱυυ
593 1818 653 1873 16
688 1824 896 1893 Πνευμα
939 1839 1000 1873 το
1030 1839 1201 1894 αγιον.
1237 1826 1336 1874 Και
1394 1837 1474 1871 οτι
1528 1837 1625 1891 μεν
1682 1833 1809 1879 tato;
1865 1835 1957 1870 100

2045 1812 2318 1897 assentire
2344 1820 2431 1874 est
2450 1817 2760 1895 proprius.
2785 1816 2862 1878 Et
2885 1817 3058 1896 paulo
3086 1824 3240 1897 post:
3278 1816 3598 1890 Ouicredit
3630 1817 3699 1878 in

300 1907 502 1984 Πατρὸς
559 1909 587 1963 6
643 1910 785 1981 Υἱὸς,
845 1909 933 1964 τὸν
986 1907 1253 1963 Θειότατον
1308 1905 1617 1962 Ἀθανάσιον
1661 1903 1775 1984 ἔχω
1805 1901 1952 1959 διδά-

298 1993 517 2057 σκαλον,
581 2002 670 2076 ξεν
739 1997 840 2076 γὰρ
922 2002 998 2070 τῷ
1053 1995 1190 2052 κατὰ
1248 1993 1532 2073 Ἀρειανῶν
1575 2014 1768 2072 πρωτνρ
1810 1991 1955 2070 λόγῳ

299 2084 458 2162 φησίν
494 2099 509 2114 ⁸
578 2074 635 2142 c0
704 2074 823 2149 Υἱὸς
893 2083 1137 2151 ἀληθινὸς
1208 2084 1357 2162 φύσει
1419 2083 1638 2161 γνησιός
1697 2081 1806 2139 ἑστι
1863 2087 1954 2137 τοῦ

301 2174 534 2253 Πατρὸς,
620 2172 752 2240 ἴδιος
828 2175 927 2243 τῆς
1003 2174 1179 2239 οὖσίας
1234 2176 1410 2233 αῦτοῦ,
1475 2179 1638 2234 Οὲτος
1695 2171 1790 2228 οὒκ
1841 2170 1952 2227 ἔστι

297 2261 514 2337 κτίσμα,
575 2262 695 2320 οἵτε
751 2263 988 2340 ποίημα,
1054 2260 1173 2320 ἀλλ’
1243 2260 1382 2320 ἴδιον
1438 2267 1536 2327 τῆς
1593 2260 1686 2317 106
1754 2261 1952 2338 Πατρὸς

300 2351 478 2415 οὗσίας
536 2351 798 2431 γέννημα,
878 2354 966 2409 καὶ
1038 2350 1279 2427 δύναμις,
1349 2352 1437 2407 καὶ
1508 2351 1684 2431 εἰκὼν.
1731 2348 1954 2416 ἀληθινη

301 2444 401 2508 τῆς
470 2448 562 2497 τοῦ
621 2444 825 2521 Πατρὸς
911 2442 1108 2504 οὒσῖας.
1176 2442 1273 2499 Καὶ
1360 2438 1521 2498 πάλιν
1558 2451 1603 2475 ’⁸
1649 2429 1818 2502 ’Ἱδιος
1901 2436 1955 2493 δὲ

303 2534 396 2584 τοῦ
456 2530 657 2608 Πατρὶς
729 2532 757 2587 6
829 2532 967 2596 Υἱὸς.
1051 2529 1104 2585 ἰν
1185 2542 1301 2593 τοῖς
1358 2527 1577 2591 κόλποις
1633 2530 1708 2585 ὢν
1778 2528 1954 2585 αύτοῦ.

306 2618 402 2672 Καὶ
446 2618 591 2682 αὖθις
626 2637 641 2652 ⁶
706 2618 879 2687 Δῆλον
941 2619 1001 2674 ἂν
1062 2617 1153 2685 εἴη
1218 2616 1297 2673 ὅτι
1354 2619 1586 2685 ποιητὴς
1641 2618 1714 2673 ὢν
1758 2618 1786 2672 6
1828 2616 1957 2678 Θεὸς

303 2703 420 2785 ἔχει
515 2708 607 2762 τὸν
680 2704 1056 2788 δημιουργικὸν
1129 2707 1296 2782 Λόγον
1380 2711 1473 2764 οὐκ
1557 2704 1764 2778 ἔξωθεν,
1838 2700 1957 2760 ἀλλ’

303 2793 441 2852 ἴδιον
497 2796 704 2858 εαυτοῦ.
765 2799 860 2855 Καὶ
930 2799 1065 2872 μετὰ
1122 2794 1295 2852 πολλὰ
1343 2815 1358 2832 ·
1434 2796 1540 2852 Οὔκ
1595 2793 1695 2872 ἄρα
1761 2794 1960 2866 κτίσμα

304 2882 441 2940 ἒστὶν
495 2886 524 2939 6
596 2886 788 2963 Λόγος,
863 2884 1000 2941 ἀλλὰ
1085 2887 1245 2958 μόνος
1344 2881 1484 2948 ἴδιος
1556 2885 1649 2938 106
1733 2883 1955 2960 Πατρὸς.

311 2974 410 3030 Καὶ
462 2973 579 3046 μετ’
623 2972 777 3053 ὀλίγα
822 2990 837 3004 '
914 2973 1135 3040 Ἐπειδὴ
1187 2974 1281 3030 οὒκ
1351 2971 1461 3029 ἔστι
1544 2974 1762 3047 κτίσμα,
1840 2969 1958 3027 ἀλλ’

306 3058 441 3116 ἴδιον
554 3065 650 3129 τῆς
768 3063 945 3126 οὗσίας
1055 3069 1147 3118 τοῦ
1266 3060 1718 3141 προσκυνουμένου
1830 3059 1961 3116 Θεοῦ

2035 1896 2266 1961 Filium
2281 1901 2346 1962 in
2359 1902 2596 1964 Patrem
2610 1904 2899 1966 credihin
2913 1896 3231 1986 proprium
3248 1908 3406 1967 enim
3420 1912 3698 1984 paternae

2035 1994 2311 2050 essentne
2332 1989 2545 2053 credit.
2571 1991 2644 2054 Et
2684 2011 2803 2054 non
2834 1994 3020 2054 multo
3044 2002 3213 2075 post:
3239 1993 3483 2056 Etenim
3501 1993 3697 2055 sinon

2037 2081 2190 2137 esset
2233 2079 2521 2157 proprius
2565 2089 2855 2161 paterna:
2902 2089 3178 2144 essentia:
3225 2084 3382 2161 fetus
3422 2081 3693 2153 Verbum.

2036 2165 2543 2241 quemadmodum
2555 2168 3317 2251 estluminisradiatio,sed
3328 2170 3689 2233 naturadis-

2035 2256 2626 2331 separareturFitius
2645 2276 2682 2319 a
2704 2259 3068 2329 Patre,satis
3079 2259 3475 2322 essetPatrem
3487 2261 3686 2321 solum

2038 2339 2269 2429 donare
2295 2341 2363 2402 Et
2392 2343 2762 2408 admirabilis
2795 2346 3047 2429 Cyrillus
3092 2351 3151 2409 in
3182 2368 3300 2410 uno
3330 2351 3522 2429 capite
3551 2347 3688 2410 libri

2041 2428 2216 2509 primi
2248 2429 2729 2497 Tliesaurorum:
2760 2428 3025 2513 Quando
3050 2455 3187 2500 vero
3203 2428 3463 2519 apparet
3483 2440 3689 2500 omnia

2039 2522 2332 2600 accepisse
2358 2524 2724 2587 naturaliter
2751 2533 2807 2589 et
2836 2526 3261 2603 essentialiter,
3293 2539 3691 2607 percurrente

2037 2611 2267 2697 scilicet
2289 2612 2352 2673 in
2377 2613 2576 2692 ipsum
2591 2616 2878 2693 genitoris
2898 2617 3217 2679 dominatu
3237 2623 3293 2679 et
3310 2618 3684 2697 principatu,

2037 2695 2201 2786 solus
2221 2707 2308 2763 est
2320 2708 2604 2782 proprius
2624 2703 2833 2766 Patris
2873 2706 3086 2767 Filius.
3108 2705 3177 2767 Et
3199 2706 3322 2767 haec
3340 2695 3579 2786 quidem
3611 2695 3684 2767 ad

2040 2785 2410 2865 probandum
2436 2792 2744 2872 proprium
2769 2811 2902 2855 esse
2938 2793 3123 2855 Patris
3161 2785 3398 2863 Filium.
3432 2812 3683 2875 quornm

2043 2876 2228 2936 multo
2255 2877 2424 2957 plura
2454 2880 2528 2939 ob
2552 2881 2881 2944 satietatem
2910 2885 3194 2964 praeterii,
3214 2903 3345 2964 quae
3363 2893 3562 2945 tamen
3584 2902 3691 2945 suo

2042 2971 2311 3045 tempore
2330 2967 2574 3031 omnino
2599 2971 3363 3051 colligentur.AtUnigeuiti
3388 2976 3690 3052 proprium

2043 3067 2175 3114 esse
2204 3054 2489 3133 Spiritum
2544 3068 2814 3120 sanctum
2865 3070 3000 3121 ante
3030 3061 3142 3122 alia
3172 3061 3231 3121 in
3267 3060 3413 3122 actis
3442 3059 3694 3123 Nicaeum

308 3151 549 3228 γέννημα
620 3154 706 3209 καὶ
762 3151 909 3234 φύσει
978 3155 1094 3216 Υἱΰς
1184 3151 1318 3230 ἐστι,
1377 3149 1461 3207 διὰ
1517 3157 1669 3207 τοῦτο
1726 3171 1955 3221 προσκυ-

2046 3140 2500 3234 primzesynodi,
2536 3146 2634 3207 ubi
2659 3150 2865 3210 Patres
2890 3167 2996 3229 per
3018 3150 3326 3211 Leontium
3346 3148 3693 3230 episcopum

306 3251 479 3295 νεῖται
535 3242 622 3297 καὶ
692 3242 821 3304 Θεὸς
908 3241 1208 3297 πιστεύεται
1318 3240 1416 3297 Καὶ
1474 3240 1607 3312 μετὰ
1675 3237 1905 3294 πλεῖστα
1936 3251 1951 3265 ⁶

307 3329 380 3383 06
459 3328 624 3401 ξένος,
720 3329 855 3386 ἀλλὰ
936 3330 1031 3396 τῆς
1106 3336 1197 3385 τοῦ
1295 3330 1498 3405 Πατρὸς
1577 3327 1752 3389 οὗσίας
1823 3326 1960 3382 ἐστὶν

315 3413 472 3480 ἴδιος.
541 3420 638 3478 Καὶ
709 3421 845 3495 μετὰ
912 3416 1117 3498 ϐραχέα
1148 3434 1164 3449 ⁸
1244 3409 1301 3475 Ὀ
1387 3418 1646 3473 πιστεύων
1714 3418 1785 3480 εἷς
1872 3416 1963 3471 16v

309 3508 385 3560 ὶςξκ
527 3508 542 3526 \
679 3509 691 3525 ε
876 3508 929 3539 _r
1156 3529 1181 3541 ,-
1226 3507 1238 3527 r
1406 3520 1410 3525 .
1582 3507 1592 3520 ι
1730 3507 1743 3524 ς
1829 3502 1884 3526 νὴ

372 3527 430 3561 ον
502 3528 574 3573 εις
644 3530 734 3564 τον
792 3514 1001 3586 Παιερα
1056 3528 1313 3568 πισυευει,
1378 3508 1464 3570 hic
1540 3528 1639 3585 γαρ
1694 3527 1785 3561 τον
1836 3518 1963 3560 ιοιον

305 3594 404 3662 τῆς
475 3617 566 3651 του
640 3598 841 3674 Πατρὸς
914 3596 1092 3658 οὖσίας
1170 3596 1422 3652 πιστεύει.
1521 3596 1617 3652 Καὶ
1698 3593 1815 3669 μετ’
1902 3600 1963 3654 0-3

306 3682 485 3740 πολλά
534 3705 545 3716 ·
605 3688 664 3743 Εἰ
724 3688 823 3765 γὰρ
890 3685 967 3761 μὴ
1021 3687 1090 3751 ἧν
1148 3682 1283 3740 ἴδιον
1338 3691 1435 3751 τῆς
1504 3683 1597 3740 τοῦ
1654 3683 1855 3761 Πατρὸς
1883 3686 1966 3740 06-

305 3774 730 3853 σίας’γέννημα
800 3778 828 3832 6
889 3775 1081 3854 Λόγος,
1168 3776 1241 3837 ὡς
1331 3776 1393 3830 τὸ
1482 3773 1808 3850 ἀπαύγασμα
1874 3779 1966 3827 106

310 3863 510 3940 φωτὸς,
571 3861 706 3919 ἀλλὰ
776 3861 1039 3931 διεστηκει
1097 3868 1167 3939 τῇ
1209 3864 1357 3943 φύσει
1416 3865 1443 3919 6
1516 3864 1632 3925 Υἱὸς
1702 3868 1793 3917 τοῦ
1852 3867 1961 3915 Πα-

307 3949 455 4027 τρίος,
525 3948 676 4028 ἤρκει
774 3953 864 4006 τὸν
939 3950 1144 4029 Πατέρα
1234 3949 1410 4007 δοῦναι
1508 3949 1690 4027 μόνον.
1767 3951 1863 4007 Καὶ
1935 3951 1963 4005 6

305 4038 594 4112 θαυμάσιος
643 4037 893 4117 Κύριλλος
951 4038 1003 4095 ἰν
1048 4038 1121 4096 lvi
1165 4041 1268 4096 τῶν
1312 4038 1612 4120 κεφαλαίων
1662 4046 1752 4095 τοῦ
1807 4038 1960 4117 πρώ-

306 4147 398 4182 του
466 4133 574 4183 τῶν
633 4133 919 4206 Θησαυριῦν
968 4149 983 4165 ·
1058 4127 1276 4197 Ἐπειδὴ
1358 4127 1412 4184 δὲ
1488 4130 1725 4203 φαίνεται
1793 4128 1967 4183 πάντα

308 4214 484 4273 λαϐὼν
539 4224 771 4303 φυσικῶς
826 4239 883 4274 τε
967 4220 1053 4275 καὶ
1137 4216 1427 4291 οὒσιωδῶς,
1507 4216 1752 4284 δηλονότι
1837 4216 1958 4271 δια-

306 4305 601 4386 τρεχούσης
669 4307 824 4363 αὒτόν
908 4308 1005 4375 τῆς
1076 4316 1168 4364 106
1237 4308 1588 4386 γεννήσαντος
1675 4305 1849 4385 ἀρχῆς
1906 4327 1963 4361 τε

306 4395 394 4450 καὶ
479 4396 808 4474 κυριότητος,
874 4409 1029 4472 μόνος
1117 4397 1255 4453 ἔστιν
1312 4394 1446 4457 ἴδιος
1518 4405 1610 4453 τοῦ
1669 4397 1871 4472 Πατρὸς
1941 4421 1969 4473 δ

2043 3231 2114 3289 ad
2141 3229 2559 3313 philosophqu
2586 3254 2925 3297 sermonem
2944 3238 3456 3318 peregerunt,hsec
3473 3229 3696 3317 ipsissi-

2046 3335 2141 3379 ma
2154 3319 3695 3407 verbaquilibetreperiet:Spiritussanclusprocedit

2044 3408 2281 3498 quidem
2302 3427 2384 3471 ea:
2401 3412 2610 3495 Patre,
2638 3414 2744 3475 sed
2790 3424 2877 3498 est
2900 3418 3182 3497 proprius
3200 3416 3367 3477 Filii.
3400 3414 3569 3477 Adde
3601 3414 3695 3476 his

2052 3497 2369 3558 maximum
2393 3499 2800 3573 Athanasium,
2836 3504 2931 3565 cui
2955 3522 3025 3565 eo
3055 3513 3320 3584 tempore
3344 3522 3475 3566 cum
3500 3501 3694 3565 Nicae-

2051 3584 2144 3645 nis
2160 3587 2430 3649 Patribus
2462 3590 2708 3670 magnus
2740 3610 2879 3653 usus
2905 3592 3370 3654 etcommunitas
3390 3592 3519 3653 vitae
3540 3591 3647 3653 fuit
3678 3611 3694 3668 ;

2052 3674 2148 3736 hic
2175 3678 2475 3738 sermonis
2506 3690 2792 3755 assertor,
2826 3681 2887 3742 in
2921 3681 3167 3762 epistola
3196 3682 3268 3742 ad
3303 3680 3693 3762 Serapionem

2051 3763 2394 3844 episcopum
2446 3765 2521 3827 de
2551 3768 2773 3849 Spiritu
2806 3779 3009 3831 sancto
3053 3770 3241 3850 palam
3278 3769 3693 3850 manil‘estavit,

2050 3869 2184 3915 cum
2209 3852 2267 3914 in
2292 3857 2451 3917 hunc
2473 3859 2711 3919 modum
2737 3860 3035 3940 loquitur:
3064 3859 3357 3941 Proprias
3373 3867 3459 3922 est
3478 3858 3693 3937 Spiri-

2049 3947 2144 4003 tus
2164 3946 2445 4005 essentia:
2479 3944 2672 4008 Verbi.
2703 3947 2773 4008 Et
2793 3948 3026 4010 divinus
3050 3948 3419 4029 postmodum
3445 3947 3696 4028 Cyrillus

2048 4030 2162 4091 hoc
2183 4030 2342 4093 idem
2360 4051 2771 4113 saepenumero
2805 4039 2860 4098 in
2880 4038 3232 4117 tlogmaticis
3254 4038 3377 4099 snis
3403 4039 3696 4098 sermoni-

2053 4119 2163 4180 bus
2222 4120 2651 4188 disseminavit.
2686 4125 2755 4187 Et
2787 4145 2945 4188 nunc
2998 4128 3237 4207 quidem
3271 4127 3329 4186 in
3371 4127 3699 4189 Ezechielis

2045 4210 2349 4289 propheta:
2377 4213 2750 4292 expositione
2773 4215 2955 4277 dicit:
2984 4215 3121 4291 Qua
3141 4218 3303 4277 enim
3323 4224 3407 4276 est
3428 4216 3586 4276 Deus
3617 4232 3698 4276 ear

2048 4300 2172 4361 Deo
2183 4301 2511 4361 secundum
2525 4312 2671 4364 natu
2681 4304 3279 4384 ramFilius,genitus
3289 4306 3454 4365 enim
3466 4320 3605 4365 vere
3615 4311 3700 4365 est

2050 4406 2125 4450 ex
2144 4388 2266 4449 Deo
2282 4388 2780 4469 Patre,proprius
2793 4394 2921 4472 ejus
2933 4398 3064 4455 etin
3080 4411 3164 4463 eo,
3187 4402 3242 4454 et
3255 4410 3328 4454 ex
3339 4410 3406 4454 eo
3425 4391 3697 4472 Spiritus

313 4484 454 4546 ι’ἱός.
527 4485 624 4541 Καὶ
681 4496 844 4543 ταῦτα
918 4485 1014 4557 μὲν
1072 4484 1153 4541 ὅτι
1207 4492 1298 4541 τοῦ
1340 4485 1545 4561 Πατρὸς
1591 4481 1723 4546 ἴδιος
1754 4485 1781 4538 6
1822 4484 1961 4569 Υἱὸς²

2054 4484 2163 4556 est,
2192 4496 2350 4538 nunc
2397 4479 2666 4540 oratione
2695 4481 2763 4540 ad
2801 4481 3216 4560 imperatorem
3248 4479 3649 4541 Theodosium
3681 4497 3694 4541 :

307 4572 382 4627 ὦν
443 4574 531 4629 καὶ
613 4571 800 4648 πολλῷ
866 4572 1034 4629 πλείω
1091 4573 1302 4651 παρῆκα
1373 4569 1457 4627 διὰ
1514 4573 1573 4626 16
1638 4569 1965 4648 προσκορές·

309 4660 523 4724 πέντως
574 4658 626 4717 δὲ
699 4665 921 4719 κᾶκεϊνα
989 4663 1125 4718 κατὰ
1180 4660 1362 4740 καιρόν
1407 4681 1501 4735 μοι
1548 4656 1969 4738 παραληφθήσε-

310 4771 429 4811 ται.
491 4752 563 4808 T6
621 4749 676 4806 δὲ
732 4759 825 4808 106
869 4757 1193 4828 Μονογενοῦς
1238 4748 1374 4804 ἴδιον
1407 4748 1547 4804 εἶναι
1577 4749 1638 4803 16
1671 4754 1880 4823 Πνεῦμα
1909 4749 1971 4803 16

311 4838 493 4919 ἅγιον,
558 4838 973 4918 προηγουμένως
1037 4839 1090 4894 ἐν
1145 4851 1262 4900 τοῖς
1292 4849 1608 4916 πρακτικοῖς
1650 4842 1748 4903 τῆς
1778 4836 1832 4891 ἐν
1864 4847 1964 4895 Νι-

312 4927 437 5000 καίᾳ
493 4928 712 5006 πρώτης
778 4926 1015 5001 συνόδου,
1077 4927 1190 4983 καθ’
1237 4927 1265 4982 ὃ
1309 4925 1466 5004 μέρος
1520 4927 1565 4981 οἱ
1610 4926 1836 5004 Πατὲρες
1878 4927 1970 4981 τὸν

310 5013 470 5093 λόγον
527 5016 851 5086 ἐποιήσαντο
907 5014 992 5074 δια
1047 5017 1141 5071 τοῦ
1195 5014 1484 5071 ἐπισκόπου
1541 5019 1782 5069 Λεοντίου
1837 5015 1968 5092 πρὸς

311 5106 402 5159 τὸν
459 5102 773 5185 φιλόσοφον,
819 5102 925 5161 ἴδοι
956 5126 1037 5166 τις
1070 5103 1132 5160 ἂν
1175 5104 1312 5161 οὕτω
1339 5103 1579 5178 κείμενον
1609 5103 1694 5158 ἐπὶ
1723 5101 1912 5168 λέξεως
1952 5120 1966 5133 ’

318 5191 540 5269 Εὕρηται
627 5194 689 5247 16
771 5199 983 5268 Πνεῦμα
1073 5192 1483 5271 ἐκπορευόμενον
1555 5192 1652 5266 μὲν
1728 5191 1788 5247 ἐκ
1854 5197 1969 5247 Πα-

292 5281 458 5358 ,1p6c,
511 5277 648 5336 ἴδιον
705 5278 760 5337 δὲ
815 5288 908 5338 τοῦ
966 5284 1110 5345 Υἱοῦ.
1166 5284 1311 5341 Μετὰ
1378 5280 1432 5338 δὲ
1485 5289 1647 5339 ταῦτα
1695 5283 1781 5337 καὶ
1811 5284 1838 5338 6
1869 5280 1969 5356 μὲ-

312 5389 492 5446 γιστος
546 5367 856 5433 Ἀθανάσιος
916 5372 943 5426 6
1000 5373 1289 5438 τηνικαῦτα
1378 5371 1547 5427 συνὼν
1616 5369 1820 5450 αὐτοῖς,
1881 5372 1969 5426 καὶ

312 5457 618 5535 προστάτης
678 5465 771 5514 τοῦ
826 5456 987 5538 λόγου
1059 5458 1390 5536 δεικνύμενος
1464 5461 1518 5516 ἑν
1600 5466 1668 5537 τῇ
1726 5462 1964 5540 περὶτοῦ

311 5546 613 5622 Πνεύματος
670 5547 801 5628 πρός
860 5548 1173 5628 Σεραπίωνα
1240 5552 1330 5607 τὸν
1388 5548 1679 5628 ἐπίσκοπον
1694 5547 1962 5628 Δἐπιστολῇ

311 5632 592 5715 διαῤῥήδην
669 5625 967 5705 δεδήλωκεν
1043 5639 1293 5704 ὡσαύτως
1380 5638 1540 5694 εἰπὼν
1589 5655 1601 5668 ·
1669 5625 1835 5693 ’Ἰδιον
1903 5640 1963 5695 16

2054 4566 2487 4645 Bap/izuntem
2503 4566 2882 4641 Jesum,dixit
2897 4576 2936 4648 ,i
2946 4587 2988 4630 η
3010 4574 3166 4648 igne,
3193 4588 3316 4630 non
3335 4569 3602 4630 alienum
3624 4571 3702 4630 iis

2054 4656 2160 4733 qui
2177 4653 2462 4732 baptizari
2473 4663 2592 4730 tur,
2613 4660 2979 4735 injicientem
3002 4657 3497 4737 Spiritumserui
3509 4660 3701 4720 instar

2054 4751 2111 4805 et
2126 4743 2615 4815 administri,sed
2632 4756 2696 4807 ut
2723 4746 2907 4808 Deum
2931 4765 3065 4808 cum
3084 4765 3364 4826 suprema
3385 4747 3697 4825 facultate,

2055 4834 2162 4912 qui
2181 4850 2259 4893 ea:
2282 4834 2410 4913 ipso
2431 4843 2515 4897 est
2537 4843 2591 4895 et
2605 4852 2751 4897 suus
2764 4838 3075 4916 proprius.
3112 4833 3181 4896 Et
3212 4854 3329 4897 non
3364 4836 3545 4896 multo
3571 4854 3704 4916 post

2051 4920 2252 4981 subdit
2274 4941 2287 4982 :
2313 4922 2602 4985 Liberaus
2632 4926 2788 4986 enim
2816 4941 2853 4985 ιι
2872 4927 3131 5005 peccatis
3152 4930 3429 5004 eum,qui
3453 4928 3570 5005 ipsi
3598 4928 3694 4988 ad-

2052 5011 2516 5091 haeretproprio
2533 5013 2815 5093 deinceps
2836 5017 3012 5095 ungit
3035 5017 3301 5093 Spiritu.
3337 5015 3409 5076 Et
3427 5032 3544 5094 pra:
3574 5015 3705 5075 aliis

2053 5099 2334 5161 omnibus
2359 5119 2475 5161 non
2508 5102 2699 5162 solum
2724 5102 3170 5187 conﬁrmat,§etl
3193 5101 3365 5163 etiam
3388 5105 3706 5183 persuadet

2054 5189 2112 5249 in
2148 5208 2264 5250 uno
2297 5190 2544 5251 secundi
2600 5188 3039 5251 Thesaurorum
3091 5193 3305 5271 capite.
3342 5191 3494 5273 quod
3527 5212 3705 5274 supra

2050 5280 2084 5341 tl
2095 5278 2332 5357 igessim
2342 5295 2430 5340 us:
2456 5281 2526 5341 Ρι
2541 5283 2748 5360 oprius
2763 5297 2900 5341 vero
2908 5296 3165 5359 prorsus
3178 5287 3265 5342 est
3280 5283 3707 5344 essentia’lv‘ilii

2050 5369 2342 5448 Spiritus,
2377 5385 2483 5430 nec
2499 5378 2678 5429 eartra
2698 5387 2830 5431 eum
2877 5368 3168 5431 subsistit.
3206 5370 3308 5432 His
3342 5371 3502 5451 paria
3545 5385 3702 5452 sunt,

2049 5477 2161 5520 nec
2183 5456 2341 5519 aliud
2371 5457 2796 5539 tinniunl,qu33
2817 5476 2850 5519 a
2871 5476 3084 5537 magno
3107 5460 3280 5520 Patre
3309 5470 3510 5522 nostro
3532 5462 3708 5523 Atha-

2046 5546 2212 5609 nasio
2245 5547 2304 5608 in
2331 5545 2584 5607 diversis
2600 5548 2724 5608 suis
2746 5547 3118 5609 orationibus
3143 5547 3704 5613 inseruntur.Nam-

2045 5656 2162 5721 que
2186 5639 2242 5701 in
2265 5636 2454 5719 prima
2469 5638 2755 5700 adversus
2778 5638 3029 5701 Arianos
3052 5638 3323 5702 oratione
3346 5641 3470 5704 haec
3491 5641 3699 5705 habet:
