4208 6290
389 331 536 396 1121
1311 337 1408 398 DE
1452 331 1958 399 PROCESSIONE
2003 334 2049 395 S.

2132 331 2372 395 SPIRIT
2385 334 2472 396 US
2513 335 2736 396 ORAT.
2787 338 2837 397 Ι.
3634 327 3784 391 1122

380 470 468 524 καὶ
500 470 536 537 ἡ
565 467 713 534 τάξις
771 471 806 538 ἡ
851 470 1245 545 πολυύμνητος,
1306 469 1420 528 καθ’
1480 470 1540 538 ἥν
1595 471 1701 527 ἀπὸ
1757 478 1848 528 τοῦ
1919 477 2033 527 Πα-

2132 475 2278 530 runt.
2303 467 2374 530 Et
2403 469 2643 530 ubinam
2668 480 2913 551 paterna
2939 469 3218 549 dignitas,
3256 477 3313 528 et
3340 467 3484 529 ordo
3505 473 3589 528 tot
3621 482 3775 544 prte-

381 560 500 634 τρὸς
559 557 852 638 ἀρχόμενοι
913 559 1052 615 κατὰ
1090 560 1152 615 16
1195 560 1334 624 εἰκὸς
1390 558 1475 616 ἐπὶ
1528 561 1618 616 τὸν
1674 561 1790 616 Υἱὸν
1833 569 2040 640 χωροῦ-

2132 555 2314 618 coniis
2350 556 2728 628 decantatus,
2767 577 2941 639 quem
2976 566 3296 638 sequentes
3345 575 3378 616 a
3407 554 3579 616 Patre
3607 552 3778 616 initio

385 667 505 721 μεν,
543 649 629 703 καὶ
674 645 838 710 οὕτως
885 647 968 704 ἐπὶ
1000 649 1059 704 16
1105 653 1313 720 Πνεῦμα
1343 651 1404 705 τὸ
1461 648 1613 727 ἅγιον
1651 645 1983 724 διαϐαίνομεν
2019 672 2034 721 ;

2132 643 2322 722 ducto,
2360 646 2443 706 uti
2473 665 2576 726 par
2607 659 2718 727 est,
2753 649 2822 708 ad
2863 648 3077 710 Filium
3111 646 3358 726 gradum
3411 643 3684 720 facimus,
3721 650 3778 704 et

384 739 556 802 καθὼς
612 739 640 792 6
697 739 904 804 Νύσσης
967 737 1255 817 Γρηγόριος
1286 741 1342 793 ἒν
1398 739 1476 813 τῷ
1517 738 1714 818 πρώτῳ
1769 745 1874 794 τῶν
1906 741 2036 817 πρὸς

2132 733 2209 796 sic
2235 735 2409 815 plane
2459 723 2529 796 ad
2589 723 2875 816 Spiritum
2935 723 3206 798 sanctum
3253 733 3659 814 procedimus,
3694 730 3778 791 uti

385 825 638 901 Εὗνόμιον
691 824 1126 904 Ἀντιῤῥητικῶν,
1187 827 1280 885 Ἐκ
1361 835 1454 884 τοῦ
1521 829 1726 906 Πατρὸς
1808 825 1891 884 δια
1946 835 2037 885 τοῦ

389 915 508 969 ι’ίοῦ
577 913 663 971 ἐπὶ
719 915 780 970 16
839 921 1050 990 Πνεῦμα
1102 926 1410 995 χωροῦμεν,
1470 917 1648 997 φησίν.
1705 914 1870 975 Ἀλλὰ
1939 918 2038 985 τὴν

388 1001 486 1075 μὲν
545 1004 675 1081 πρὸς
718 1009 873 1059 τοῦτο
924 1001 1270 1086 τελεωτέραν,
1316 1007 1402 1062 καὶ
1455 1007 1723 1082 κρείττονα
1781 1004 1926 1061 λύσιν
1985 1007 2038 1062 ἐν

383 1097 460 1164 τῷ
487 1088 710 1180 δευτέριρ
765 1089 910 1170 λόγῳ
954 1095 1340 1168 ταμιεσσσόμεθα
1384 1091 1468 1149 διὰ
1525 1097 1584 1150 τὸ
1642 1093 1844 1169 μᾶλλον
1889 1117 2036 1174 χρη-

388 1179 618 1254 σιμεύειν
675 1179 851 1237 ἐκεῖσε
898 1183 1096 1249 ταύτην
1149 1185 1310 1258 ἡμῖν’
1375 1183 1462 1238 νῦν
1494 1182 1548 1239 δὲ
1580 1194 1824 1242 τοσοῦτον
1879 1185 2038 1259 μόνον

390 1269 573 1329 αὐτοὺς
616 1269 976 1348 ἒρωτὴσομεψ
1041 1277 1162 1334 Πῶς
1191 1273 1277 1328 καὶ
1303 1273 1417 1328 τίνα
1471 1275 1662 1351 τροπον
1733 1275 1793 1330 16
1850 1273 2040 1348 ὁμοσύ-

388 1379 499 1413 σιον
570 1359 642 1420 εἷς
699 1357 988 1438 ἀπολογίαν
1069 1362 1267 1418 τούτων
1343 1362 1555 1418 πάντων
1636 1359 2033 1442 προϐάλλεσθες

392 1445 636 1524 Διότιπερ
695 1448 972 1521 ὁμοούσιον
1025 1455 1102 1524 τῷ
1161 1451 1267 1524 Υίῷ
1320 1452 1382 1506 16
1459 1455 1670 1525 Πνεῦμα
1729 1453 1789 1507 τὸ
1858 1449 2034 1528 ἅγιον,

385 1533 469 1591 διὰ
522 1542 678 1592 τοῦτο
729 1538 796 1592 τα
854 1537 1267 1616 ἀπηριθμημὲνα
1339 1539 1534 1612 πάντα,
1598 1542 1685 1596 καὶ
1754 1541 1848 1602 τὰς
1905 1539 2038 1594 ἀνω-

385 1623 518 1698 τέρω
599 1626 798 1682 τούτων
885 1625 1254 1707 διαληφθεέσας
1336 1628 1556 1698 κλησεις
1629 1628 1776 1710 ἔχειν
1855 1628 2037 1707 λέγετε

387 1713 528 1792 παρὰ
557 1720 649 1771 τοῦ
680 1718 801 1772 Υἱοῦ
828 1717 914 1772 καὶ
970 1720 1100 1796 πρὸς
1157 1719 1246 1774 16v
1304 1721 1422 1775 Υίον
1455 1739 1470 1795 ;
1518 1720 1615 1777 Καὶ
1647 1721 1688 1775 εἰ
1716 1720 1778 1774 16
1836 1718 2036 1793 ὁμοού-

2121 825 2421 903 Nyssenus
2439 823 2756 904 Gregorius
2781 825 2971 906 primo
2997 825 3277 886 adversus
3299 822 3650 884 Eunomium
3677 838 3779 881 an-

2123 913 2333 974 tirrhct
2359 933 2428 975 co
2453 931 2465 976 :
2488 915 2590 976 Ea:
2609 915 2792 977 Putre
2804 933 2915 996 per
2935 914 3179 976 Filium
3223 913 3301 974 ad
3325 913 3618 992 Spiritum
3637 927 3777 990 per-

2121 1001 2634 1067 venimusaitSed
2658 1002 3085 1064 absolutiorem
3107 1003 3514 1084 potioremque
3528 999 3780 1078 hujusce

2123 1090 2481 1152 solutionem
2511 1094 2774 1153 secunda
2805 1093 3072 1153 oratione
3119 1091 3586 1168 reservahimus,
3618 1087 3776 1168 quod

2122 1178 2206 1239 ibi
2231 1179 2402 1240 nobis
2427 1180 2612 1256 magis
2632 1181 2916 1260 prodesse
2947 1180 3461 1260 speramus.Nunc
3483 1197 3622 1239 vero
3641 1185 3776 1236 tan-

2123 1269 2309 1330 tillum
2343 1269 2414 1329 ab
2465 1269 2556 1348 ips
2583 1288 2610 1329 s
2643 1270 3020 1349 perquiram:
3056 1268 3388 1340 Quomodo,
3439 1275 3496 1328 et
3525 1284 3640 1346 qua
3679 1283 3776 1326 ra-

2123 1362 2282 1419 tione
2309 1359 2576 1419 eamdem
2611 1368 2901 1431 naturam,
2935 1375 3068 1418 cum
3135 1357 3208 1417 de
3237 1357 3330 1417 his
3361 1354 3637 1416 omnibus
3685 1372 3776 1414 re-

2122 1447 2451 1528 sponvhtis.
2510 1447 2884 1527 proponitis?
2942 1445 3090 1515 Quia
3120 1453 3208 1505 est
3252 1444 3520 1523 ejusdem
3555 1450 3776 1502 naturae

2121 1553 2255 1596 cum
2290 1536 2439 1598 Filio
2471 1534 2725 1616 Spiritus
2757 1543 3022 1608 sanctus,
3051 1541 3361 1614 propterea
3390 1538 3777 1592 annumerata

2122 1623 2344 1698 omnia,
2381 1632 2438 1685 et
2463 1643 2637 1705 supra
2661 1625 2785 1704 jam
2819 1624 3078 1703 digestas
3101 1621 3538 1702 appellationes
3556 1619 3775 1680 habere

2122 1713 2319 1775 dicitis
2339 1733 2372 1774 a
2395 1713 2545 1776 Filio
2591 1722 2648 1774 et
2670 1725 2945 1792 respectu
2970 1711 3104 1772 Filii
3127 1713 3156 1770 1’
3175 1711 3244 1773 Et
3277 1712 3322 1770 si
3341 1710 3479 1790 quia
3501 1708 3770 1788 ejusdem

387 1823 500 1856 σιον
552 1801 734 1860 αἴτιον
789 1812 866 1879 τῷ
921 1806 1182 1882 Πνεῦματι
1240 1804 1438 1864 τούτων
1495 1806 1737 1864 ἁπάντων
1788 1807 1918 1882 ἐστὶ,
1950 1805 2038 1864 καὶ

2132 1813 2348 1864 natura).
2377 1813 2487 1880 est,
2524 1822 2701 1864 causa
2732 1812 2842 1878 est,
2905 1802 3060 1882 quod
3108 1801 3362 1881 Spiritus
3391 1801 3547 1891 dicta
3576 1796 3777 1858 omnia

389 1889 483 1946 οὒκ
525 1888 662 1958 ἄλλη
725 1915 806 1957 τις
865 1895 1049 1973 σχέσις
1105 1897 1247 1974 παρὰ
1302 1897 1400 1965 τήν
1460 1897 1872 1974 ὁμοουσιότητα,
1922 1894 2036 1952 καθ’

2132 1892 2444 1972 possideat,
2481 1911 2591 1954 nec
2620 1891 2733 1953 alia
2768 1893 2887 1953 ulla
2915 1891 3150 1970 relatio,
3189 1899 3400 1970 praeter
3431 1888 3581 1948 hanc
3605 1905 3768 1947 eam-

390 1978 456 2044 ἦν
506 1981 842 2056 ᾠκειωμένον
930 1985 1128 2064 πέφυκε
1183 1987 1261 2058 τῷ
1323 1988 1442 2061 ι’ἱῴ,
1500 1987 1586 2041 καὶ
1639 1984 1759 2052 ἑξῆς
1811 1985 2041 2060 μάλιστα

393 2074 468 2142 τῷ
521 2069 787 2145 Πνεῦματι
833 2079 910 2146 τῷ
955 2074 1088 2152 ἁγίῳ
1137 2075 1198 2130 16
1257 2075 1560 2149 ὁμοούσιον·
1615 2073 1796 2144 ἐπειδή
1828 2095 1924 2152 περ
1954 2074 2041 2128 ἆν-

397 2157 653 2236 τιστρὲιρει
683 2160 745 2215 16
789 2161 1092 2240 ὁμοούσιον,
1121 2163 1209 2218 καὶ
1239 2161 1416 2240 ὥσπερ
1460 2163 1741 2234 ὁμοοῦσιον
1791 2163 1851 2217 16
1885 2167 2044 2217 [Ivs6-

396 2268 470 2320 μα
511 2253 588 2320 τῷ
645 2248 773 2322 Υῐῷ,
826 2250 913 2305 καί
981 2252 1010 2306 6
1042 2252 1159 2315 Υἱὸς
1199 2251 1477 2326 ὁμοούσιός
1507 2251 1615 2307 ἔστι
1645 2258 1723 2324 τῷ
1753 2252 2036 2324 Πνεύματι,

393 2335 459 2389 τὰ
527 2335 972 2415 ἀναγεγραμμένα
1025 2339 1196 2395 πάντα
1240 2340 1549 2417 ῥηθήσεται,
1609 2341 1698 2396 καὶ
1757 2337 2040 2402 ἀνάπαλιν,

401 2425 494 2480 Καὶ
535 2421 628 2480 ’ίνα
681 2432 845 2484 ταῦτα
971 2427 1016 2484 θ’
1077 2425 1101 2482 ἕ
1160 2427 1182 2483 ἒ
1329 2427 1360 2484 λ
1402 2426 1457 2449 ⁸³⁸
1633 2429 1646 2446 ⁸
1673 2451 1684 2458 -
1933 2427 1942 2444 ’

902 2449 969 2486 κα
1104 2453 1130 2486 ν
1187 2451 1324 2484 πανα
1364 2451 1503 2486 αοων
1559 2451 1685 2490 ποο,
1719 2449 2040 2510 σαφεστεραν

394 2511 655 2569 κάνταῦθα
719 2517 1091 2594 παραθήσομαι
1176 2515 1428 2587 δήλωσιν.
1538 2519 1706 2574 Εὶκὼν
1758 2527 1850 2576 τοῦ
1920 2519 2040 2575 Υἱοῦ

397 2601 458 2656 16
513 2608 744 2678 Πνεῦμα,
777 2606 864 2660 καὶ
893 2607 920 2660 6
983 2607 1100 2669 Υἱὸς
1159 2607 1314 2662 εἰκὼν
1345 2604 1406 2661 ἅν
1436 2605 1528 2673 εἴη
1585 2606 1676 2662 τοῦ
1707 2606 2036 2682 Πνεῦματος.

400 2691 588 2769 Μορφὴ
631 2693 690 2747 16
744 2698 954 2768 Πνεῦμα
1020 2695 1114 2751 τοῦ
1155 2694 1296 2768 Υἱοῦ,
1356 2696 1534 2775 μορφὴ
1565 2696 1652 2750 καὶ
1694 2697 1722 2750 6
1774 2697 1890 2759 Υἱὸς
1950 2703 2044 2752 τοῦ

401 2779 702 2855 Πνεῦματος
781 2781 844 2836 ἂν
929 2780 1160 2861 λέγοιτο.
1264 2784 1554 2853 Πρόσωπον
1626 2791 1718 2841 τοῦ
1796 2785 1917 2842 Υἱοῦ
1984 2786 2044 2840 16

402 2871 632 2944 Πνεζ-μα,
690 2871 778 2926 καὶ
819 2873 848 2926 6
892 2873 1009 2933 Υἱὸς
1068 2871 1352 2953 πρόσωπον
1410 2869 1472 2927 ἄν
1505 2874 1726 2930 καλοῖτο
1755 2880 1847 2930 τοῦ
1877 2875 2046 2929 Πνεῦ-

403 2977 593 3044 ματος.
643 2957 908 3044 Ἐνέργεια
956 2961 1018 3016 16
1075 2966 1285 3036 Πνεῦμα
1314 2968 1405 3018 τοῦ
1464 2966 1596 3042 ϊίοῦ,
1657 2962 1890 3040 καθάπερ
1961 2964 2049 3018 καὶ

402 3042 682 3128 δέδεικται,
740 3042 862 3105 κατ’
919 3049 1044 3106 αὐτὸ
1084 3056 1242 3107 τοῦτο
1272 3050 1360 3107 καὶ
1401 3052 1429 3106 6
1476 3053 1594 3115 Υἱὸς
1650 3049 1882 3131 ἐνέργεια
1912 3049 2048 3107 πείν-

401 3132 507 3196 τὼς
561 3135 877 3211 ὀνομασθείη
935 3144 1027 3194 τοῦ
1078 3138 1407 3214 Πνεύματος.
1465 3132 1636 3214 Ῥᾗμα
1691 3146 1783 3196 τοῦ
1830 3139 1949 3195 ι’ἱοῦ
1991 3140 2052 3195 τὸ

2123 1983 2260 2043 dem
2288 1991 2577 2052 naturam,
2612 1999 2725 2061 qua
2757 1981 3173 2061 appropriatur
3201 1978 3441 2051 Filio,et
3460 1994 3574 2056 qua
3597 1974 3774 2055 potis-

2124 2072 2337 2131 simum
2358 2070 2600 2150 Spiritui
2627 2079 2832 2131 sancto
2863 2071 2988 2130 haec
3015 2070 3223 2129 eadem
3245 2075 3452 2128 natura
3473 2062 3769 2136 convenit,

2124 2159 2604 2240 quandoquidem
2665 2161 2790 2220 hinc
2849 2158 3058 2219 eadem
3114 2165 3325 2217 natura
3379 2166 3584 2217 contra
3643 2169 3772 2214 ver-

2125 2249 2291 2323 titur,
2326 2260 2383 2311 et
2406 2249 2488 2309 uti
2512 2247 2777 2326 ejusdem
2808 2257 3030 2308 natura:
3050 2255 3136 2307 est
3157 2245 3418 2326 Spiritus
3439 2261 3572 2304 cum
3597 2240 3766 2318 Filio,

2126 2337 2208 2399 ita
2230 2347 2288 2398 et
2318 2335 2500 2398 Filius
2533 2345 2626 2398 e~t
2647 2337 2914 2416 ejusdem
2944 2349 3168 2396 naturae
3205 2353 3335 2396 cum
3360 2333 3607 2414 Spiritu,
3641 2350 3769 2392 om-

2127 2426 2226 2488 nia
2254 2445 2432 2508 supra
2489 2427 2790 2507 descripta
2821 2427 2944 2486 vice
2989 2443 3157 2486 versa
3207 2423 3767 2504 pronuntiabuntur.

2124 2514 2264 2588 Qum
2284 2516 2356 2577 ad
2383 2535 2564 2577 unum
2583 2515 2938 2594 recolligens
2964 2513 3036 2575 ad
3065 2512 3249 2592 magis
3276 2521 3574 2592 patentem
3601 2511 3744 2572 intel

2124 2604 2342 2666 lectum
2389 2605 2488 2667 hic
2540 2623 2856 2686 apponam.
2913 2605 3107 2681 Imago
3129 2601 3261 2663 Filii
3283 2601 3538 2681 Spiritus
3569 2608 3681 2671 est,
3715 2606 3774 2660 et

2123 2692 2332 2755 Fillins
2357 2696 2548 2772 imago
2582 2694 2837 2774 Spiritus
2862 2692 3063 2756 fuerit.
3093 2693 3308 2753 Forma
3357 2699 3445 2752 est
3465 2689 3598 2752 Filii
3631 2686 3770 2768 Spi-

2126 2782 2496 2852 ritus,forma
2519 2783 3014 2866 quoqueSpiritus
3032 2781 3214 2842 Filius
3241 2780 3772 2842 diceretur.Facics

2129 2871 2564 2952 FiliiSpiritus,
2628 2883 2685 2934 et
2713 2873 2898 2935 Filius
2945 2871 3132 2932 facies
3164 2871 3416 2949 Spiritus
3442 2876 3778 2949 vocaretur.

2132 2959 2303 3022 Actio
2324 2961 2458 3022 Filii
2485 2961 2838 3042 Spiritus,ut
2860 2970 3161 3022 ostensum
3185 2968 3298 3034 est,
3323 2958 3398 3019 ob
3422 2958 3573 3020 hanc
3603 2974 3772 3016 eam-

2135 3049 2270 3111 dem
2306 3050 2599 3112 rationem
2629 3061 2685 3113 et
2719 3051 2903 3113 Filius
2938 3048 3132 3109 modis
3164 3046 3442 3109 omnibus
3473 3045 3626 3108 actio
3648 3043 3782 3124 Spi-

2133 3138 2283 3200 ritus
2308 3149 2772 3220 nuncuparetur.
2831 3137 3092 3200 Verbum
3126 3135 3261 3198 Filii
3293 3133 3549 3216 Spiritus
3579 3141 3688 3206 est,
3724 3138 3787 3192 et

406 3224 857 3329 Hve6p1,wpﬁtu
897 3226 1004 3329 .106
1090 3228 1393 3329 arduam;
1465 3227 1528 3284 ἂν
1608 3230 2048 3308 προσαγορευθείη

2136 3227 2382 3289 verbum
2419 3228 2676 3308 Spiritus
2707 3227 3215 3329 appellareturnet
3247 3225 3452 3286 Filins.
3489 3222 3784 3324 Ffrteterea

403 3312 491 3367 καὶ
548 3314 576 3368 6
627 3315 768 3376 Υἱός.
818 3315 916 3372 Καὶ
960 3316 1065 3391 μὴν
1098 3313 1230 3372 ἴδιον
1261 3324 1354 3374 106
1427 3318 1552 3373 Υἱυῦ
1590 3319 1651 3373 16
1697 3319 1932 3396 Πνεῦμα,
1963 3321 2051 3375 καὶ

406 3400 433 3453 6
493 3401 609 3462 Υἱὸς
666 3399 803 3460 ἴδιος
866 3401 928 3460 ἄν
979 3403 1211 3484 ὑπάρχοι
1258 3411 1350 3460 τοῦ
1380 3405 1708 3479 Πνεῦματος.
1757 3405 1894 3482 Πρὸς
1923 3401 2051 3460 τού-

403 3507 514 3551 τοις
585 3485 788 3546 δίδωσιν
850 3493 877 3547 6
937 3493 1056 3557 Υἱὸς
1114 3494 1174 3549 τὸ
1245 3499 1478 3574 Πνεῦμα,
1526 3491 1691 3560 διδοίη
1750 3491 1810 3548 ἄν
1857 3493 1944 3550 καὶ
1992 3494 2052 3549 16

407 3579 618 3651 Πνεῦμα
674 3579 763 3633 τὸν
832 3580 974 3643 Υἱόν,
1020 3588 1260 3662 Χορηγετ
1314 3585 1343 3639 6
1389 3584 1507 3646 Υἱὸς
1578 3584 1638 3638 16
1701 3587 1934 3662 Πνεῦμα,
1967 3583 2053 3638 καὶ

405 3666 468 3720 16
526 3670 736 3752 Πνεῦμα
765 3667 858 3723 16v
909 3671 1025 3726 Υίὸν
1083 3672 1443 3752 χορηγήσειεν
1487 3670 1571 3734 ἂν,
1635 3662 1730 3729 Ἐκ
1784 3677 1877 3727 τοῦ
1936 3673 2057 3728 Υἱοῦ

407 3751 669 3837 λαμϐάνει
712 3757 774 3812 16
817 3763 1068 3837 Πνεῦμα,
1114 3751 1349 3835 ληψαιτο
1419 3758 1481 3816 ἄν
1511 3761 1597 3816 καὶ
1628 3763 1655 3817 6
1717 3762 1835 3824 Υἱὸς
1866 3758 1926 3815 ἐκ
1965 3759 2056 3816 τοῦ

410 3835 734 3919 Πνεῦματος.
812 3835 960 3902 υΟσα
1005 3846 1122 3928 ἔχει
1180 3850 1240 3904 16
1299 3855 1512 3925 Πνεῦμα
1566 3850 1708 3929 παρὰ
1750 3855 1842 3906 τοῦ
1886 3847 2056 3926 Λόγου

410 3931 551 4012 ἔχει,
596 3934 682 3989 καὶ
714 3935 742 3990 6
776 3935 896 3998 Υἱὸς
945 3933 1043 3992 ὅσα
1087 3937 1228 4017 ἔχει,
1292 3937 1442 3996 ταῦτ’
1500 3937 1562 4000 ἄν
1605 3938 1725 4019 ἔχοι
1772 3938 1912 4016 παρᾶ
1967 3945 2058 3994 τοῦ

411 4021 738 4098 Πνεύματος.
787 4025 886 4079 Διὰ
939 4028 1032 4082 τοῦ
1061 4027 1367 4102 Πνεῦματος
1397 4029 1426 4083 '0
1475 4030 1590 4094 Υἱὸς
1646 4028 1872 4108 ἐνεργεῖ,
1907 4027 2057 4106 ἐνερ-

409 4111 530 4187 γοίη
571 4109 634 4168 ἄν
687 4112 777 4168 καὶ
829 4114 889 4169 τὸ
921 4120 1132 4188 Πνεῦμα
1174 4113 1258 4171 διὰ
1315 4118 1407 4172 τοῦ
1463 4118 1605 4178 Υἱοῦ,
1654 4114 1997 4173 Ἀποστέλλει
2030 4118 2058 4172 6

417 4201 534 4265 Υἱὸς
590 4201 651 4257 16
702 4207 934 4279 Πνεῦμα,
992 4205 1079 4262 καὶ
1135 4206 1291 4268 αὐτὸς
1336 4205 1396 4262 ἅν
1431 4203 1756 4272 ἀποσταλείη
1799 4205 1940 4274 παρὰ
1970 4211 2062 4260 τοῦ

413 4289 739 4364 Πνεύματος,
805 4291 1014 4364 Δοξάζει
1070 4294 1131 4349 16
1202 4299 1412 4370 Πνεῦμα
1467 4295 1558 4350 τὸν
1618 4295 1762 4366 Υἱὸν,
1855 4291 2058 4358 δοξάσοι

413 4375 474 4433 ἄν
537 4380 626 4435 καὶ
684 4382 803 4444 Υἱὸς
832 4382 893 4437 16
964 4381 1199 4457 Πνεῦμα.
1233 4380 1450 4440 Ἐκεῖνα
1503 4381 1660 4439 λαλεῖ
1715 4383 1776 4437 16
1820 4387 2055 4457 Πνεῦμα,

414 4464 512 4523 ὅσα
569 4467 746 4525 ἀκούει
789 4470 930 4549 παρὰ
987 4479 1080 4527 τοῦ
1136 4471 1277 4551 Ποῦ,
1309 4471 1398 4527 καὶ
1427 4473 1454 4527 6
1503 4472 1622 4534 Υἱὸς
1653 4469 1833 4527 ἐκεῖνα
1881 4469 2058 4540 λαλή-

413 4577 515 4630 σει,
577 4555 676 4614 ὅσα
705 4557 766 4612 ἄν
810 4556 1021 4617 ἅκούσοι
1079 4561 1218 4639 παρὰ
1275 4562 1368 4616 τοῦ
1422 4559 1748 4634 Πνεύματος.
1838 4557 1928 4616 Ἐν
1983 4562 2062 4633 τῷ

417 4645 636 4720 ὀνόματι
691 4647 787 4703 106
830 4648 950 4703 Υἱοῦ
1003 4647 1268 4722 πέμπεται
1300 4649 1360 4703 16
1390 4649 1602 4722 Πνεῦμα
1657 4647 1800 4725 παρὰ
1829 4649 2058 4727 Πατρὸς,
2081 4639 2126 4689 D

413 4734 676 4812 πεμφθείη
727 4732 790 4791 ἄν
844 4736 934 4792 καὶ
978 4737 1008 4792 6
1056 4736 1174 4801 Υἱὸς
1216 4738 1274 4793 ὶν
1331 4741 1408 4810 τῷ
1450 4743 1539 4792 νοῦ
1583 4735 1887 4810 Πιεύματος
1935 4735 2060 4792 ὀνό-

417 4845 567 4896 ματι.
631 4825 891 4892 Τοιαύτην
918 4822 1063 4890 τάξιν
1091 4827 1178 4884 καὶ
1236 4826 1387 4905 φύσιν
1419 4823 1537 4904 ἔχει
1581 4825 1642 4880 16
1693 4829 1903 4901 Πνεῒμα
1932 4827 2062 4902 πρὸς

2137 3319 2418 3398 proprius
2447 3327 2539 3380 est
2573 3318 2705 3380 Filii
2735 3316 3012 3397 Spiritus,
3036 3324 3093 3375 et
3122 3313 3304 3376 Filius
3328 3312 3598 3394 proprius
3628 3317 3788 3374 esset

2138 3407 2416 3486 Spiritus.
2437 3408 2524 3471 Ad
2543 3406 2936 3480 haza,exhihet
2954 3405 3140 3466 Filius
3160 3400 3788 3485 Spiritum,exhiberet

2139 3506 2196 3556 et
2217 3495 2431 3557 Filium
2459 3495 3078 3576 Spiritus,suppeditat
3104 3493 3283 3555 Filius
3304 3491 3614 3572 Spiritum,
3649 3507 3787 3570 sup-

2137 3586 2428 3664 peditaret
2447 3597 2504 3647 et
2522 3585 2734 3648 Filium
2751 3583 3272 3664 Spiritus.ExFilio
3290 3580 3782 3662 accipitSpiritus,

2136 3678 2436 3758 acciperet
2459 3687 2515 3739 et
2540 3678 2721 3740 Filius
2739 3698 2771 3738 a
2793 3676 3435 3758 Spiritu.Qua:cunque
3458 3672 3636 3735 habet
3665 3671 3790 3752 Spi.

2136 3765 2286 3827 ritus
2307 3767 2538 3828 aVerbo
2563 3767 2761 3841 habet,
2797 3775 2855 3825 et
2877 3765 3136 3826 Verbum
3181 3779 3555 3845 quaecunque
3587 3759 3782 3833 habet,

2139 3855 2386 3917 haberet
2407 3875 2439 3916 a
2460 3857 2710 3936 Spiritu.
2743 3855 2856 3916 Per
2877 3854 3161 3936 Spiritum
3197 3853 3380 3915 Filius
3401 3859 3701 3932 operatur,
3728 3856 3790 3910 et

2140 3945 2394 4025 Spiritus
2414 3964 2517 4026 per
2540 3946 2747 4007 Filium
2771 3952 3140 4024 operaretur.
3184 3943 3364 4005 Mittit
3389 3940 3569 4003 Filius
3590 3937 3786 4015 Spiri-

2142 4041 2286 4109 tum,
2315 4043 2372 4095 et
2391 4034 2520 4115 ipse
2543 4052 2777 4114 quoque
2803 4053 2836 4094 a
2859 4033 3080 4114 Spiritu
3099 4033 3454 4094 mitteretur.
3489 4028 3792 4092 Gloriﬁcat

2141 4123 2358 4185 Filium
2385 4123 3032 4204 Spiritusglorilicaret
3062 4123 3235 4184 etiam
3261 4120 3546 4199 Spiritum
3581 4116 3788 4178 Filius.

2142 4209 2286 4284 Quae
2339 4213 2503 4274 audit
2553 4233 2588 4273 a
2637 4211 2786 4273 Filio
2847 4212 3101 4293 loquitur
3158 4210 3433 4290 Spiritus,
3495 4215 3553 4268 et
3608 4206 3792 4267 Filius

2143 4300 2285 4363 item
2347 4303 2622 4383 loquetur
2678 4319 3052 4381 quaecunque
3105 4299 3392 4360 audiverit
3449 4314 3484 4357 a
3537 4294 3785 4374 Spiritu.

2143 4391 2210 4455 In
2259 4399 2499 4456 nomine
2559 4396 2692 4458 Filii
2771 4395 3026 4456 mittitur
3081 4411 3114 4453 a
3166 4395 3337 4454 Patre
3394 4388 3670 4469 Spiritus,
3733 4395 3792 4448 et

2145 4484 2329 4546 Filius
2357 4484 2417 4546 in
2451 4486 2692 4546 nomine
2751 4483 3005 4564 Spiritus
3054 4481 3406 4543 mitteretur.
3455 4476 3651 4564 illum,
3685 4493 3788 4536 or-

2145 4573 2345 4634 dinem
2380 4583 2438 4634 et
2491 4582 2756 4635 naturam
2800 4563 2994 4634 habet
3045 4569 3302 4648 Spiritus
3352 4585 3489 4645 erga
3548 4563 3788 4640 Filium,

2149 4680 2321 4742 quam
2356 4661 2540 4724 Filius
2575 4663 2747 4723 habet
2787 4678 2928 4740 erga
2988 4659 3243 4731 Patrem,
3296 4656 3458 4718 illam
3490 4653 3704 4742 iipsam
3736 4661 3794 4713 et

2145 4741 2330 4812 FlllUS
2355 4751 2596 4812 habebit
2618 4759 2884 4813 naturam
2930 4759 2990 4810 et
3012 4747 3282 4810 ordinem
3311 4762 3448 4819 erga
3479 4741 3792 4823 Spiritum,

2153 4849 2327 4911 quam
2348 4832 2447 4892 ille
2469 4831 2649 4892 habet
2666 4850 2804 4910 erga
2833 4836 3070 4911 t‘atrem
3114 4825 3266 4911 Hinc
3287 4823 3557 4911 confusio
3579 4824 3796 4911 subse-

413 4913 504 4968 16v
579 4913 719 4982 Υἱὸν,
781 4910 900 4970 οἵαν
957 4915 985 4970 6
1032 4914 1150 4977 Υἱὸς
1194 4901 1312 4994 ἔχει
1342 4901 1589 4993 πρὸξτὸν
1622 4913 1850 4994 Πατέρα,
1879 4901 2049 4971 τοιαύ-

2151 4901 2368 4992 quetur
2390 4914 2448 4972 in
2494 4901 2897 4991 Triadefquze
2917 4908 3201 4990 Spiritum
3229 4907 3288 4966 in
3311 4903 3582 4994 ordinem
3615 4901 3791 4982 cogit,

415 5020 514 5066 την
550 4995 613 5054 ἄν
653 4999 742 5083 καὶ
784 5001 812 5056 6
872 5003 990 5082 Υἱὸς
1049 4995 1182 5080 πρὸς
1210 5005 1272 5059 16
1304 5008 1519 5073 Πνεῦμα
1558 5002 1646 5058 καὶ
1688 4997 1831 5068 τάξιν
1859 5003 1947 5060 καὶ
1975 5003 2069 5083 φῦ-

417 5110 523 5164 σιν,
583 5081 708 5145 ο⁹ίαν
780 5085 919 5146 αὐτὸ
960 5092 1092 5170 πρὸς
1121 5093 1214 5148 τὸν
1277 5091 1507 5171 Πατέρα.
1542 5091 1824 5149 Κάντείθεν
1855 5081 2063 5172 σύγχυ-

2149 5007 2209 5062 et
2254 5001 2313 5062 in
2346 4999 2540 5063 ofﬁcio
2588 5007 2648 5060 et
2703 5001 2931 5061 ratione
2978 4998 3215 5058 retinet.
3249 4994 3412 5067 Quod
3446 4993 3579 5073 quis
3631 5009 3800 5072 aequo

2149 5090 2346 5151 animo
2379 5089 2582 5165 ferret,
2620 5089 2942 5151 dummodo
2969 5095 3146 5149 rectae
3167 5085 3306 5146 ﬁdei
3328 5082 3678 5146 addicatur?

420 5195 500 5241 σις
557 5174 902 5260 ἀκολουθήσει
969 5184 1038 5256 τῇ
1083 5177 1140 5236 τό
1214 5187 1428 5257 Πνεῦμα
1485 5179 1558 5246 εἷς
1617 5177 1852 5244 εὒταξίαν
1919 5179 2119 5259 ἀγούσῃ
2164 5178 2341 5260 Τριάδι
2398 5182 2485 5236 καὶ
2531 5183 2858 5259 ουντηροῦσῃ
2917 5179 3046 5256 πρός
3104 5177 3384 5253 εὖκοσμίαν
3443 5195 3499 5230 τε
3547 5173 3633 5228 καὶ
3692 5194 3797 5228 κα-

419 5263 695 5350 τάστασιν.
754 5254 832 5324 ιὈ
860 5266 936 5332 τίς
992 5267 1112 5326 ποτ’
1162 5268 1224 5326 ἄν
1267 5269 1562 5350 ἀνάσχοιτο
1603 5269 1712 5325 τῶν
1765 5268 2086 5348 αίρουμὲνων
2119 5266 2412 5334 ὀοθοδοξεῖν
2457 5287 2472 5342 ;

499 5349 605 5424 λζ’.
643 5352 787 5432 Ἐγώ
814 5352 860 5410 δ’
904 5355 1112 5427 ἀκήκοα
1142 5360 1232 5416 καὶ
1259 5349 1441 5434 τινων,
1475 5357 1503 5413 ὅ
1543 5379 1596 5414 τι
1626 5356 1687 5413 ἄν
1729 5358 1888 5437 τύχοι
1918 5361 2074 5439 φθεγ-

2235 5357 2334 5421 37.
2359 5356 2480 5436 Ego
2525 5376 2701 5439 porro
2727 5376 2759 5418 a
2798 5356 3106 5419 nonnullis
3135 5353 3353 5428 audivi,
3381 5351 3484 5434 qui
3505 5349 3796 5433 quidquid

423 5441 662 5519 γομένων
707 5442 900 5520 κομιδῆ
955 5454 1259 5529 προπετῶς,
1317 5452 1390 5514 ὡς
1446 5446 1590 5506 οῦδὲν
1633 5446 1825 5504 κωλύει
1854 5449 1942 5504 καὶ
1983 5450 2049 5504 τὸε

2154 5448 2216 5509 in
2239 5445 2485 5508 buccam
2512 5447 2762 5521 venerit,
2792 5459 3016 5508 temere
3060 5444 3484 5525 obloquuntur,
3515 5440 3657 5502 nihil
3683 5439 3793 5529 ob-

427 5531 546 5587 li6v
589 5532 760 5590 εἰπεῖν
802 5537 896 5592 τοῦ
946 5527 1252 5614 Πνεῦματοξ
1281 5537 1440 5602 ἴδιον.
1470 5537 1595 5620 Ἐφ’
1648 5541 1735 5603 οἷς
1788 5535 1957 5595 ἔπεισί
1985 5559 2049 5613 με

2156 5545 2310 5598 stare
2339 5543 2398 5596 et
2420 5535 2630 5598 Filium
2657 5534 2912 5616 Spiritus
2942 5532 3244 5616 proprium
3277 5531 3477 5593 dicere
3512 5550 3524 5589 :
3555 5539 3613 5590 et
3640 5527 3800 5620 subit

423 5620 730 5700 θαυμάζειν,
806 5627 927 5689 πῶς
981 5629 1042 5685 οῦ
1095 5626 1345 5707 τρέμουσι
1400 5615 1574 5707 λέγειν
1628 5625 1718 5708 ἀφ’
1775 5627 1994 5703 δαυτῶν,
2041 5651 2049 5683 t

2157 5641 2255 5686 m0
2277 5623 2623 5699 admiratio,
2649 5615 2957 5704 quomodo,
2975 5641 3094 5685 non
3142 5621 3460 5703 trepidant,
3494 5637 3562 5681 ex
3587 5615 3802 5698 seipsis
