4208 6290
323 357 494 423 1129

1256 361 1354 426 DE
1398 362 1906 432 PROCESSIONE
1950 360 2011 421 S.
2057 358 2410 423 SPIRITUS
2451 362 2679 424 ORAT.
2726 363 2776 424 Ι.

3548 361 3701 427 1130

313 493 423 549 Διᾶ
464 501 617 551 τοῦτο
670 498 769 577 γὰρ
826 500 914 555 καὶ
966 498 1062 566 τῆς
1121 499 1284 562 αἰτίας
1355 500 1467 554 εἰπε
1538 496 1672 573 μετὰ
1713 497 1813 565 τῆς
1871 503 1964 553 τοῦ

2048 491 2185 567 ritu,
2247 493 2403 574 quod
2459 512 2530 555 ea
2558 492 2645 555 illi
2675 493 2823 558 insit
2880 513 2986 574 per
3018 494 3256 571 Filium,
3318 503 3382 557 ut
3412 504 3533 561 tota
3593 497 3703 560 hac

313 579 513 662 ἄρθρου
564 588 894 662 προσθήκης,
956 589 1015 645 οῦ
1056 587 1163 663 μὴν
1209 587 1374 650 αἰτίας
1432 585 1635 662 ἁπλῶς,
1696 589 1767 651 ὡς
1810 584 1971 654 οῧσης

308 673 591 751 γνωρίμου
658 676 854 743 ταύτης
909 677 999 733 καὶ
1054 682 1374 757 προφανοῦς.
1451 674 1726 754 Ἐπήγαγε
1785 674 1969 749 μέντοι

305 762 413 816 καὶ
471 762 697 841 προϊὼν,
757 764 893 823 ὥστε
963 773 1055 823 τοῦ
1137 764 1299 844 λόγου
1355 772 1451 842 τῇς
1533 766 1700 829 αἶτίας
1769 764 1970 841 ὑπεξῃ-

305 848 554 924 ρημένου
666 852 720 907 ἐν
834 852 1022 930 μηδενὶ
1128 854 1225 922 τὴν
1333 854 1486 932 ἁγίαν
1566 852 1759 933 Τριάδα
1841 855 1973 933 πρὸς

317 937 524 1006 ἑαυτήν
596 942 924 1024 ἀσυμφώνως
1011 942 1183 1023 ἔχειν,
1239 949 1517 1021 πανταχοῦ
1571 940 1802 1014 συνᾴδων
1884 943 1972 998 αῦ-

302 1026 414 1089 τὸς
486 1028 677 1104 ἑαυτῷ,
765 1033 1089 1106 Μεμνήμεθα
1157 1031 1256 1109 γὰρ
1322 1031 1721 1109 παραγαγόντες
1786 1036 1971 1087 τοῦτον

306 1112 520 1200 ᾇνωθεν
562 1124 652 1174 τοῦ
694 1117 855 1198 λόγου
892 1121 1080 1179 τούτου
1119 1121 1206 1176 καὶ
1246 1120 1523 1200 καταρχὰς
1579 1121 1709 1198 πρὸς
1767 1117 1967 1177 Ἀϐλάο

301 1199 436 1258 ϐιον
477 1204 614 1262 οὕτω
671 1206 896 1286 λέγοντα
931 1224 944 1238 ⁸
1007 1210 1078 1266 Τὸ
1148 1199 1551 1288 ἀπαράλλακτον
1613 1209 1711 1275 τῆς
1767 1208 1967 1288 φύσεως

304 1289 728 1376 ὁμολογοῦντες,
814 1296 913 1364 τὴν
981 1296 1120 1352 κατὰ
1203 1297 1262 1351 τὸ
1346 1292 1521 1352 αἴτιον
1591 1296 1678 1351 καὶ
1733 1296 1966 1352 αἰτιατὸν

304 1376 572 1460 διαφορὰν
632 1383 726 1440 οῦκ
781 1384 1093 1461 ἀρνούμεθα,
1167 1383 1221 1440 ἐν
1290 1388 1336 1458 ᾧ
1425 1384 1572 1459 μόνῳ
1625 1381 1966 1463 διακρίνεσθαι

294 1468 367 1523 τὸ
448 1467 621 1550 ἕτερον
677 1475 769 1529 τοῦ
822 1471 999 1552 ἐτέρου
1066 1469 1451 1547 κατελάϐομεν.
1512 1472 1728 1536 Πάντως
1792 1472 1967 1530 αἴτιον

292 1557 397 1612 καὶ
470 1559 702 1616 αἰτιατὸν
758 1561 942 1629 εἰπών,
1005 1560 1063 1618 οὗ
1117 1559 1285 1631 δήπου
1368 1563 1463 1629 τὴν
1505 1558 1753 1640 διαφορὰν
1798 1561 1967 1637 μόνην

294 1643 551 1715 ἐδήλωσε
608 1655 702 1706 τοῦ
759 1652 963 1730 Πατρὸς
1006 1652 1137 1728 πρὸς
1178 1651 1270 1706 τὸν
1330 1651 1450 1706 Υίδν
1506 1652 1594 1707 καὶ
1637 1652 1699 1706 τὸ
1756 1653 1966 1724 Πνεῦμα

291 1736 366 1790 τὸ
433 1735 611 1814 ἅγιον,
672 1737 809 1795 ἆλλᾶ
865 1741 952 1796 καὶ
993 1740 1093 1807 τὴν
1130 1750 1223 1798 τοῦ
1286 1741 1406 1796 Υῐοῦ
1454 1741 1583 1818 πρὸς
1640 1740 1788 1801 αὐτό.
1867 1734 1966 1796 Καὶ

2053 580 2322 643 oratione
2345 582 2809 645 demonstratum
2833 583 3278 665 estPropterea
3301 586 3459 647 enim
3481 603 3697 662 causai,

2053 674 2150 736 τῆς
2194 670 2566 751 αἰτίαςβὶκίί,
2599 671 2802 733 addito
2827 673 3103 748 articulo,
3129 692 3248 735 non
3266 692 3478 750 causae,
3509 674 3695 749 αἰτίας,

2051 757 2423 838 simpliciter,
2458 778 2596 821 cum
2628 760 2729 822 illa
2758 768 2920 822 esset
2969 761 3199 823 nemini
3230 782 3351 825 non
3377 764 3610 844 cognita
3643 771 3703 826 et

2053 846 2384 909 manifesta.
2442 850 2510 909 Et
2564 849 2928 929 procedente
2984 850 3250 913 oratione
3330 852 3697 915 subnexuit:

2054 935 2221 995 Adeo
2254 942 2321 997 ut
2347 952 2543 998 causae
2583 939 2823 1001 ratione
2852 947 3155 1019 exempta,
3194 956 3260 1002 ιη
3290 941 3461 1003 nullo
3490 948 3701 1005 sancta

2058 1020 2234 1110 Trz‘as
2275 1025 2344 1086 in
2374 1032 2693 1105 semetipsa
2722 1026 3126 1109 discordaret,
3174 1028 3395 1110 ubique
3423 1030 3697 1093 sibimet-

2052 1108 2164 1188 ipsi
2195 1130 2467 1175 concors.
2500 1112 2705 1194 Neque
2752 1114 2909 1175 enim
2942 1116 3112 1178 obliti
3142 1108 3349 1180 sumus
3397 1137 3505 1181 nos
3532 1119 3697 1199 ejus-

2049 1199 2186 1261 dem
2210 1200 2460 1279 hujusce
2490 1201 2777 1264 orationis
2806 1204 3098 1285 principio
3129 1207 3187 1267 in
3247 1207 3507 1269 medium
3538 1216 3696 1269 attu-

2051 1285 2189 1348 lisse
2220 1289 2293 1349 ad
2326 1288 2642 1351 Ablabium
2666 1289 2872 1367 verba,
2908 1310 3148 1373 nempe,
3182 1293 3623 1357 Immutabilem-
3640 1304 3697 1358 et

2047 1392 2161 1454 per
2179 1378 2649 1440 omniasimilem
2672 1386 2957 1442 naturam
2979 1381 3343 1460 conﬁtentes,
3367 1384 3696 1446 discrimen

2048 1470 2203 1526 inter
2235 1484 2474 1529 causam
2523 1474 2582 1530 et
2616 1467 2889 1547 effectum
2916 1487 3039 1530 non
3067 1470 3436 1551 iuﬂciamur,
3483 1476 3549 1533 iu
3576 1489 3695 1552 quo

2046 1552 2242 1615 solum
2264 1555 2542 1633 disjungi
2566 1554 2827 1618 alterum
2849 1556 2924 1619 ab
2951 1556 3143 1621 altero
3162 1560 3692 1638 deprehendimus.

2047 1638 2303 1703 Omnino
2332 1661 2568 1705 causam
2592 1653 2650 1705 et
2676 1644 2951 1706 eﬂ'ectum
2983 1645 3105 1707 sive
3137 1656 3436 1709 causatum
3461 1649 3690 1723 dicens,

2049 1748 2167 1790 non
2200 1739 2421 1792 tantum
2454 1732 2848 1794 ditl'erentiam
2918 1732 3109 1797 Patris
3137 1744 3413 1816 respectu
3444 1736 3601 1814 Filii,
3635 1746 3695 1800 et

292 1825 412 1926 χεὶρ
481 1834 643 1884 ταῦτα
720 1830 925 1907 προθείς
1009 1827 1243 1909 ἐπιφέρει
1320 1826 1438 1905 μετ’
1504 1827 1658 1906 ὀλίγα
1726 1826 1958 1926 λοιπὸνὲς

2048 1818 2538 1926 Spiritus-sancti,
2562 1822 2666 1926 sed
2698 1830 2757 1883 et
2784 1822 2913 1924 Filii
2936 1843 3170 1905 quoque
3190 1834 3464 1925 respectu
3494 1826 3689 1926 §piri-

296 1907 448 1972 u01v.
532 1917 593 1972 τὸ
677 1917 775 1993 μὲν
857 1907 1177 1999 προσεχῶς⁷
1221 1921 1282 1974 ἒκ
1362 1927 1455 1977 τοῦ
1512 1918 1744 1998 πρώτου,
1803 1919 1865 1973 16
1909 1916 1963 1973 δὲ

292 2002 391 2060 διὰ
476 2004 568 2061 τοῦ
649 2012 929 2087 προσεχῶς
1026 2007 1086 2063 ἐκ
1181 2013 1273 2063 τοῦ
1344 2007 1576 2084 πρώτου.
1652 2006 1713 2063 Τί
1768 2002 1966 2061 τούτων

296 2090 659 2172 σαφέστερον,
708 2093 760 2150 ε’ί
814 2117 895 2157 τις
936 2093 1103 2151 ὶθέλει
1157 2108 1280 2159 ταῖς
1326 2094 1486 2157 θείαις
1548 2100 1784 2173 Γραφατς
1840 2096 1964 2150 επι-

292 2178 526 2236 ϐάλλειν
584 2182 772 2261 ὀρθῶς,
819 2185 908 2239 καὶ
962 2185 1092 2262 πρὸς
1171 2190 1278 2239 τῶν
1321 2183 1483 2261 ἁγίων
1529 2182 1774 2260 Πατέρων
1830 2183 1964 2239 ἀπο-

294 2267 528 2324 ϐλέπειν
584 2271 780 2328 σκοπόν
821 2290 837 2352 ;
883 2270 1102 2339 Ἐπειδὴ
1160 2271 1259 2351 γὰρ
1303 2271 1519 2327 ἐνταῦθα
1567 2272 1657 2327 τὸν
1704 2269 1800 2346 μέν
1858 2278 1964 2327 Πα-

290 2357 431 2437 τέρα
491 2360 651 2438 φησὶν
710 2357 911 2434 αἴτιον,
1001 2358 1053 2425 ἐξ
1109 2361 1276 2425 αἰτίας
1320 2357 1373 2415 δὲ
1430 2361 1520 2417 τὸν
1570 2361 1689 2416 Υἱὸν
1745 2360 1832 2415 καὶ
1898 2362 1960 2416 16

298 2450 528 2521 Πνεῦμα
571 2448 633 2503 16
690 2447 866 2526 ἅγιον,
916 2447 1057 2515 πλὴν
1100 2451 1190 2505 τὸν
1220 2449 1317 2523 μὲν
1362 2450 1481 2504 Υἰὸν
1536 2449 1841 2528 προσεχὼς,
1901 2452 1963 2505 16

290 2532 351 2590 δὲ
402 2540 622 2611 Πνεῦμα
650 2534 735 2593 διὰ
758 2535 851 2593 τοῦ
876 2543 1184 2617 προσεχῶς,
1217 2536 1335 2603 ἤτοι
1362 2534 1447 2595 διὰ
1474 2543 1565 2593 τοῦ
1606 2538 1745 2617 Υἱοῦ,
1785 2536 1962 2601 καλῶς

290 2623 488 2680 ἐκεῖσε
534 2627 946 2704 προθεωρετσθαι
1010 2633 1191 2683 τοῦτον
1267 2623 1455 2704 εἴρηκε
1512 2626 1650 2683 κατὰ
1704 2628 1796 2681 τὸν
1868 2626 1962 2694 τῆς

292 2713 477 2777 αἰτίας
538 2711 697 2790 λόγον
778 2719 877 2781 τῆς
946 2724 1037 2773 τοῦ
1105 2715 1411 2790 Πνεύματος
1468 2714 1828 2793 ὑποστάσεως,
1882 2713 1961 2771 ὅτι

288 2798 363 2856 δι’
415 2800 540 2857 ι’ξοῦ
582 2803 778 2870 ταύτην
828 2801 946 2882 ἔχει
977 2805 1038 2859 16
1099 2811 1310 2879 Πνεῦμα
1354 2802 1495 2881 παρὰ
1525 2804 1750 2881 Πατρὸς.
1785 2802 1963 2867 Οὕτως

292 2892 414 2969 ἐγὼ
467 2892 558 2946 καὶ
626 2892 725 2957 τὴν
808 2892 907 2959 τῆς
988 2892 1245 2959 πατρικῆς
1320 2892 1515 2957 ταύτης
1573 2888 1963 2964 καταλαμϐάνω

289 2981 559 3059 χρήσεως
621 2977 863 3055 δύναμιν,
923 2979 975 3046 ἐξ
1032 2980 1090 3036 οὗ
1145 2981 1234 3037 καὶ
1294 2981 1354 3054 τὸ
1399 2980 1560 3059 σοφὸν
1602 2978 1773 3034 αὐτῶν
1815 2979 1961 3058 τάχα

2052 1914 2144 1969 tus
2165 1909 2577 1971 manifestavit.
2604 1911 2748 1973 Cum
2773 1912 2929 1973 enim
2946 1915 3071 1992 jam
3103 1915 3296 1993 posita
3325 1915 3685 1995 protulisset,

2048 1998 2249 2075 paucis
2278 1998 2527 2078 adjectis
2555 1999 2850 2062 subinfert
2873 2018 2887 2062 :
2911 2000 3314 2081 Namquehoc
3352 2006 3578 2083 [uidem
3603 2013 3690 2067 est

2045 2086 2390 2149 immediate
2411 2106 2448 2149 a
2466 2093 2691 2168 primo,
2718 2089 2828 2152 hoc
2850 2108 2992 2152 vero
3012 2109 3088 2153 ea:
3104 2095 3389 2173 contigua
3413 2112 3451 2153 a
3464 2095 3686 2173 primo.

2043 2174 2137 2235 An
2169 2174 2286 2236 dici
2316 2183 2508 2255 potest
2557 2178 2839 2257 apertius,
2876 2178 2924 2238 si
2953 2181 3083 2260 quis
3109 2179 3325 2242 divinis
3363 2179 3694 2262 Scripturis

2042 2279 2133 2322 re;
2152 2270 2267 2323 tam
2299 2272 2557 2325 mentem
2590 2265 2940 2340 gintendere,
2974 2274 3034 2331 et
3082 2276 3419 2331 sanctorum
3451 2271 3687 2332 Patrum

2045 2352 2396 2413 sententiam
2448 2352 2667 2415 intueri
2699 2354 2864 2415 vult?
2910 2354 3055 2418 Cum
3111 2356 3270 2418 enim
3305 2357 3402 2419 hic
3457 2357 3688 2421 Patrem

2045 2439 2284 2518 quidem
2344 2449 2512 2505 vocet
2542 2460 2803 2518 causam,
2859 2461 2931 2505 ex
2961 2463 3138 2506 causa
3186 2464 3323 2507 vero
3354 2446 3573 2508 Filium
3634 2456 3692 2510 et

2046 2526 2329 2608 Spiritum
2360 2539 2652 2609 sanctum,
2686 2532 2789 2595 sed
2824 2532 3035 2595 Filium
3089 2534 3460 2611 immediate,
3493 2537 3688 2617 Spiri-

2047 2625 2167 2677 tum
2228 2637 2368 2679 vero
2423 2637 2531 2700 per
2558 2620 2617 2681 id
2651 2622 2805 2701 quod
2865 2621 3212 2685 immediate
3271 2632 3382 2699 est,
3429 2624 3552 2685 sive
3584 2643 3691 2705 per

2046 2706 2283 2793 Filium,
2313 2709 2471 2770 bene
2502 2707 2583 2769 ibi
2613 2726 2747 2770 eum
2773 2710 3175 2793 praciutelligi
3198 2713 3382 2788 dixit,
3418 2712 3691 2793 Spiritus

2044 2792 2347 2882 [typostasi
2366 2796 2700 2859 secundum
2728 2815 2930 2861 causa:
2959 2792 3438 2881 rationemquod
3462 2792 3570 2882 per
3600 2801 3692 2865 Fi-

2044 2881 2187 2941 lium
2219 2901 2349 2943 eam
2380 2884 2559 2946 habet
2589 2885 2843 2965 Spiritus
2870 2905 2941 2948 ex
2982 2886 3179 2950 Patre.
3212 2888 3311 2951 Sic
3344 2881 3476 2969 ipse
3499 2890 3690 2953 Patris

2044 2970 2295 3058 hujusce
2326 2971 2505 3033 verba
2533 2974 2806 3054 concipio
2847 2993 2917 3038 ac
2946 2976 3119 3055 plane
3149 2976 3438 3056 intelligo,
3471 2977 3691 3058 quibus

288 3057 383 3124 καὶ
447 3064 943 3146 δυσκαταγώνιστον
1000 3067 1441 3148 ἀνατρέτραπται,
1495 3064 1824 3134 καταϐληθὲν
1894 3064 1953 3123 ἐκ

2048 3057 2195 3148 [orte
2224 3060 2464 3137 sapiens
2487 3063 2834 3124 eorumdem
2868 3065 3099 3143 argutia
3129 3075 3188 3127 et
3218 3057 3555 3147 exliugnatu
3580 3066 3689 3127 dif-

285 3157 509 3235 βάθρων
552 3144 749 3230 αὐτῶν,
807 3158 944 3213 ὣστε
1012 3159 1100 3213 καὶ
1171 3157 1363 3232 μείζων
1421 3161 1514 3212 τοῦ
1583 3156 1884 3230 Πνεύματος
1928 3158 1956 3212 6

2048 3144 2210 3235 [icilis
2241 3148 2527 3210 evertitur
2549 3149 2815 3211 t'unditus
2835 3150 3083 3231 disjecta
3106 3172 3122 3228 ;
3145 3144 3387 3214 adeo'ut
3408 3161 3465 3214 et
3497 3155 3689 3233 major

285 3231 444 3327 Υἱὸς,
495 3248 598 3325 οὔχ
647 3242 729 3300 ὅτι
787 3246 929 3323 παρὰ
977 3246 1069 3301 τὸν
1099 3231 1310 3321 Πατέρα
1341 3246 1432 3301 τοῦ
1476 3245 1780 3318 Πνεῦματος
1838 3241 1955 3299 ἔτε-

2048 3231 2262 3312 Spiritu
2295 3235 2515 3327 Filius:
2555 3256 2667 3297 non
2704 3239 2861 3317 quod
2913 3247 3133 3319 praeter
3160 3244 3398 3305 Patrem
3430 3241 3546 3303 alia
3590 3231 3686 3304 bic

284 3355 380 3413 ρον
428 3325 613 3396 ⁷οὗτος
670 3331 866 3408 αἴτιον,
930 3332 1048 3390 ἄλλ’
1121 3333 1200 3392 ὅτι
1256 3334 1356 3401 τὴν
1400 3333 1459 3389 ἐκ
1529 3334 1732 3411 Πατρὺς
1790 3333 1955 3389 αἰτίαν

2048 3339 2211 3383 causa
2243 3332 2352 3397 est,
2387 3325 2492 3386 sed
2529 3343 2602 3387 ex
2637 3328 2807 3389 Patre
2837 3345 3070 3389 causam
3102 3337 3160 3391 et
3191 3330 3551 3411 principium
3585 3331 3687 3392 ha-

283 3409 379 3478 καὶ
426 3421 531 3489 τὴν
575 3421 750 3501 ἀρχὴν
794 3421 912 3504 ἔχει
958 3429 1171 3499 Πνεῦμα
1214 3421 1298 3479 διὰ
1340 3428 1432 3479 τοῦ
1472 3424 1616 3480 Υἱοῦ.
1648 3409 1746 3476 ίΔιὸ
1799 3423 1886 3478 καὶ
1929 3425 1958 3478 6

2048 3410 2429 3504 θοι-δρίιζίιυεΔ
2453 3432 2558 3493 per
2586 3414 2823 3477 Filium.
2858 3416 3120 3497 Ideoque
3168 3409 3346 3481 Pater
3373 3409 3683 3481 amborum

288 3510 488 3586 Πατὴρ
552 3498 727 3572 αἴτιος
805 3498 902 3586 μὲν
986 3511 1324 3591 ἀμφοτέρων,
1415 3517 1508 3567 τοῦ
1558 3531 1616 3565 τε
1685 3511 1800 3567 Υἰιιῦ
1870 3513 1957 3568 καὶ

2048 3498 2172 3591 Filii
2201 3509 2258 3561 et
2279 3498 2532 3581 Spiritus
2564 3522 2738 3565 causa
2764 3511 2872 3579 est,
2910 3505 3012 3566 sed
3044 3505 3180 3568 Filii
3211 3506 3451 3587 quidem
3478 3506 3684 3567 imme-

290 3607 387 3657 106
435 3598 770 3673 Πνεύματος,
832 3598 969 3656 ἀλλᾶ
1017 3588 1107 3659 τοῦ
1166 3601 1264 3675 μὲν
1338 3603 1451 3656 ι’ἱοῦ
1501 3604 1807 3678 προσεχῶς,
1865 3606 1957 3655 τοῦ

2048 3588 2218 3670 diale,
2253 3591 2506 3670 Spiritus
2535 3610 2672 3654 vero
2706 3611 2812 3673 per
2840 3593 3078 3655 Filium.
3113 3595 3239 3658 Hoc
3269 3595 3444 3658 etiam
3489 3595 3681 3657 maxi-

284 3685 341 3742 δὲ
411 3687 722 3762 Πνεῦματος
776 3685 859 3743 διά
900 3695 993 3745 τοῦ
1063 3692 1205 3751 Υἰοῦ.
1271 3688 1436 3746 Τοῦτο
1491 3688 1579 3743 καὶ
1638 3689 1666 3743 6
1709 3687 1956 3765 μέγιστος

2048 3694 2170 3737 mus
2202 3686 2259 3739 et
2279 3680 2338 3739 in
2357 3680 2728 3760 dogmatibus
2749 3683 3093 3746 asserendis
3114 3685 3371 3748 eximius
3393 3682 3680 3746 Maximus

282 3776 374 3831 καὶ
437 3773 905 3852 δογματικώτατος
962 3776 1197 3853 Μάξιμος
1259 3777 1312 3833 ἓν
1358 3799 1460 3834 τινι
1504 3776 1633 3855 πρὸς
1693 3773 1956 3833 Ἐλπίδιον

2048 3767 2094 3857 in
2153 3785 2268 3827 uno
2299 3768 2374 3829 de
2429 3770 2713 3832 charitate
2769 3772 2841 3832 ad
2872 3773 3175 3853 Elpidium
3226 3775 3418 3856 capite
3474 3781 3683 3857 aperte

285 3865 413 3941 περὶ
478 3862 687 3940 ἀγάπης
765 3864 1061 3945 κεφαλαίων
1140 3867 1296 3923 αὑτοῦ
1365 3854 1644 3943 διαρρήδην
1699 3865 1821 3945 βοᾷ,
1866 3868 1956 3922 τὸν

2048 3854 2268 3932 clamat,
2295 3857 2373 3919 ita
2391 3858 2716 3921 orationem
2742 3859 3103 3940 disponens:
3140 3854 3679 3937 Quemadmodum

287 3951 463 4030 λόγον
550 3952 688 4008 οὕτω
770 3950 1012 4017 διατιθείς
1045 3970 1059 3984 ⁸
1119 3945 1340 4035 ΗΩσπερ
1389 3954 1559 4016 αἴτιος
1629 3964 1721 4012 τοῦ
1794 3953 1954 4035 λόγου

2048 3961 2218 4007 causa
2243 3946 2413 4009 verbi
2431 3950 2714 4022 mens,sic
2740 3955 2795 4012 ct
2812 3951 3085 4029 spiritus,
3114 3953 3219 4013 sed
3236 3953 3431 4015 medio
3451 3956 3681 4032 uerbo;

282 4047 433 4119 νοῦς,
502 4038 640 4096 οὕτω
714 4042 802 4097 καί
856 4049 946 4099 τοῦ
1010 4044 1334 4117 πνεύματος,
1394 4039 1477 4098 διὰ
1540 4041 1702 4116 μέσου
1754 4039 1807 4097 δὲ
1863 4050 1956 4098 τοῦ

2048 4036 2612 4114 et_quemadmodum
2666 4053 2788 4099 non
2838 4056 3151 4117 possumus
3181 4040 3386 4104 dicere
3443 4044 3683 4108 verbum

283 4128 456 4207 λόγου
487 4144 502 4159 ⁸
565 4130 653 4185 καὶ
708 4128 887 4210 ὥσπερ
956 4134 1017 4190 οῦ
1067 4129 1323 4207 δυνάμεθα
1396 4132 1568 4187 εἰπτϊν
1639 4130 1728 4186 τὸν
1797 4129 1953 4206 λόγον

2048 4140 2157 4184 esse
2185 4126 2366 4210 vocis,
2399 4126 2540 4203 pari
2567 4127 2743 4187 modo
2771 4144 2879 4188 nec
2903 4127 3141 4190 Filium
3171 4127 3463 4205 Spiritus.
3493 4133 3564 4194 Et
3595 4152 3684 4194 sa-

294 4217 446 4274 εἴναι
521 4216 617 4285 τῆς
687 4209 890 4295 φωνῆς,
965 4218 1131 4285 οὕτως
1204 4218 1322 4277 οὐδὲ
1407 4221 1496 4277 τὸν
1575 4220 1695 4275 Υἱὸν
1779 4217 1953 4297 λέγειν

2048 4211 2202 4289 piens
2224 4209 2485 4273 Joannes
2535 4215 2938 4276 Damascenus
2966 4215 3042 4277 de
3072 4215 3285 4277 divinis
3333 4219 3681 4281 nominibus

291 4312 389 4363 106
448 4279 778 4381 Πνεύματος.
846 4279 946 4365 έαὶ
1033 4311 1061 4365 6
1127 4310 1470 4383 Δαμασκόθεν
1540 4309 1700 4389 σοφὸς
1759 4307 1950 4365 Ἰωάν-

2048 4300 2379 4382 :api_te,Per
2410 4301 3327 4383 Verbum,ait,Paterproductor
3347 4279 3680 4370 receluutis

288 4416 388 4462 νης
434 4394 491 4451 ἒν
545 4401 623 4469 τῷ
649 4397 766 4474 περὶ
814 4397 964 4453 θείων
1019 4398 1294 4473 ὀνομάτων
1347 4388 1638 4477 κεφαλαίῳ,
1688 4398 1784 4452 Διὰ
1840 4397 1950 4452 Λό-

2048 4390 2331 4467 Spiritus.
2358 4388 2525 4460 Quod
2559 4390 2718 4450 enim
2750 4391 2832 4451 ibi
2862 4408 3068 4468 causa,
3104 4393 3218 4453 hoc
3249 4394 3406 4455 idem
3436 4394 3679 4457 omnino

281 4454 409 4563 γόυ,
498 4454 677 4564 φηάὶν,
766 4486 794 4540 6
882 4489 1065 4566 Πατὴρ
1112 4454 1123 4473 ι
1178 4454 1463 4564 προϐολεῦς
1574 4454 1949 4565 έδίφαντορικοῦ

2048 4454 2129 4537 hic
2153 4454 2481 4556 productor
2509 4477 2820 4556 signiﬁcat.
2854 4478 3018 4540 Idem
3050 4454 3211 4542 enim
3244 4454 3413 4544 sonat

286 4547 634 4648 Πνεῦματος.
659 4547 774 4630 ”Ὀ
845 4573 943 4651 γὰρ
988 4547 1105 4631 ἐκεῖ
1148 4547 1394 4651 σημαίνει
1454 4576 1515 4630 16
1558 4547 1751 4645 αῗτίος,
1796 4547 1948 4630 10610

2048 4547 2171 4648 jue;
2202 4568 2456 4649 ideoque
2478 4578 2536 4631 et
2560 4547 2737 4631 imam
2769 4570 3065 4633 similibus
3090 4572 3284 4634 verbis
3315 4576 3675 4637 sententiam

287 4660 541 4738 βούλεται
601 4662 814 4727 πάντως
868 4661 1044 4719 ἐνθάδε
1107 4664 1165 4719 16
1241 4660 1550 4743 προϐολεῦς.
1609 4664 1805 4721 Ταῦτὸν
1848 4663 1948 4742 γὰρ

2048 4665 2279 4736 iterque
2329 4657 2628 4719 indicavit.
2691 4657 2832 4721 Mihi
2892 4677 3033 4723 vero
3081 4679 3257 4722 nemo
3311 4663 3679 4727 curiositatis

286 4751 567 4829 ἀμφότερα
600 4765 615 4781 ’
662 4751 928 4829 τοιγάρτοι
999 4753 1087 4808 καὶ
1140 4754 1263 4827 μίαν
1327 4751 1386 4808 ἐκ
1439 4751 1638 4808 τούτων
1709 4750 1945 4830 ἑκάτεροι

2048 4755 2231 4807 iolam
2266 4763 2401 4807 vere
2457 4746 2679 4827 inuret,
2712 4749 2760 4808 si
2793 4749 2972 4809 finem
3033 4751 3229 4826 magni
3264 4750 3500 4812 Maximi
3532 4752 3680 4814 dicti

284 4835 653 4905 δεδηλώκασιν
728 4837 953 4899 ἔννοιαν.
1033 4837 1177 4919 Ἐγὼ
1231 4838 1275 4895 δ’
1334 4838 1453 4897 ἀλλ’
1514 4839 1608 4896 οῦκ
1664 4838 1726 4894 ἂν
1782 4840 1947 4895 αἰτίαν

2048 4851 2365 4916 ’θευωθηε,
2399 4836 2656 4898 examini
2686 4836 3021 4917 subjiciam,
3045 4838 3203 4918 quod
3236 4839 3295 4900 in
3326 4857 3453 4901 rem
3480 4860 3673 4904 meam

286 4928 487 5006 σχοίην
543 4930 617 4993 ὡς
675 4927 886 4995 ἀληθῶς
945 4928 1419 5010 πολυπράγμονος,
1464 4930 1508 4985 εἰ
1560 4930 1648 4985 καὶ
1689 4929 1750 4984 16
1793 4927 1945 4991 τέλος

2048 4930 2088 4983 at
2111 4924 2369 4984 maxime
2419 4926 2732 4987 conducet.
2768 4928 3291 5001 Quemadmodum
3344 4931 3532 5005 enim,
3566 4931 3673 5003 ait,

283 5015 383 5082 τῆς
462 5025 557 5075 τοῦ
648 5016 883 5096 μεγάλου
974 5017 1213 5095 Μαξίμου
1302 5019 1505 5097 ῥήσεως
1573 5014 1941 5097 ἑπαναλαϐὼν,

2048 5030 2149 5073 con
2202 5029 2518 5093 possumus
2567 5017 2817 5077 verbum
2845 5017 3048 5079 dicere
3092 5020 3270 5093 cocis,
3308 5022 3457 5098 pari
3494 5023 3674 5083 modo

286 5102 659 5176 προσεξετάσω
700 5107 766 5162 τὰ
822 5106 1031 5184 μεγάλα
1105 5131 1195 5183 μοι
1266 5110 1354 5164 καὶ
1414 5108 1541 5163 αὐτὸ
1603 5113 1941 5185 συγκροτοῦν.

2048 5117 2220 5180 teque
2244 5100 2473 5162 Filium
2504 5103 2789 5181 Spiritus.
2825 5105 2981 5167 Hinc
3010 5104 3126 5165 alia
3158 5106 3332 5167 nobis
3361 5125 3675 5185 argumen-

289 5185 511 5272 ’Ὠσπερ
565 5200 686 5274 γὰρ,
746 5197 926 5275 φησὶν,
977 5196 1037 5252 οὒ
1091 5194 1350 5273 δυνάμεθα
1408 5198 1581 5253 εἰπεῖν
1634 5197 1725 5252 τὸν
1783 5194 1942 5273 λόγον

2049 5189 2191 5250 andi
2222 5208 2367 5251 ausa
2388 5193 2582 5272 datur,
2617 5211 2750 5272 qua;
2771 5204 3033 5255 nostram
3058 5195 3411 5256 sententiam
3439 5197 3676 5277 egregie

283 5283 429 5338 εἶναι
518 5282 616 5350 τῆς
700 5282 903 5364 φωνῆς,
977 5282 1141 5348 οὕτως
1227 5283 1343 5344 οὐδὲ
1420 5285 1511 5340 16v
1580 5284 1701 5340 Υἱὸν
1765 5281 1939 5360 λέγειν

2048 5279 2358 5342 :onﬁrmat.
2381 5279 2617 5342 Etenim
2632 5283 3211 5362 si,quemndmodum
3229 5302 3345 5345 non
3361 5303 3678 5364 possumus

282 5376 377 5426 106
448 5371 772 5447 Πνεόματος.
864 5363 1051 5440 ’Ἄλλη
1136 5374 1235 5439 τῆς
1317 5374 1551 5428 ὶντεῦθεν
1644 5370 1938 5435 ὑποθέσεως

2048 5367 2225 5430 licere
2243 5368 2486 5429 verbum
2519 5388 2651 5431 esse
2672 5371 2854 5445 vocis,
2885 5371 3010 5452 pari
3034 5375 3211 5432 modo
3242 5363 3436 5452 neque
3461 5373 3674 5436 Filium

287 5457 526 5536 ἀφορμή,
579 5460 679 5527 τὴν
745 5462 902 5536 ἡμῶν
942 5459 1288 5542 διαφερόντως
1331 5465 1625 5517 συνιστῶσα
1681 5457 1935 5523 διάνοιαν.

2048 5456 2314 5539 Spiritus;
2375 5476 2688 5539 possumus
2730 5478 2892 5536 vero,
2948 5461 3074 5522 vice
3132 5479 3326 5537 versa,
3383 5462 3672 5543 Spiritum

290 5546 351 5602 Εἰ.
392 5547 492 5624 γὰρ
544 5547 725 5623 ὥσπερ
796 5551 857 5607 οῦ
898 5548 1155 5626 δυνάμεθα
1209 5550 1384 5607 εἰπεῖν
1438 5551 1529 5606 τὸν
1579 5546 1740 5626 λόγον
1796 5548 1935 5610 εἶναι

2048 5565 2241 5628 nempe
2309 5545 2442 5608 Filii
2501 5547 2725 5621 dicere,
2791 5550 3289 5631 quemadmodum
3353 5559 3413 5612 et
3467 5570 3670 5615 vocem

278 5636 383 5701 ’τῆς
440 5640 643 5717 φωνῆς,
690 5636 857 5703 οὕτως
901 5636 1018 5696 οῦδὲ
1074 5639 1163 5695 τὸν
1218 5639 1338 5696 Υῑὸν
1404 5636 1577 5717 λέγειν
1621 5635 1715 5694 τσῦ
1767 5638 1936 5694 Πνεῦ-

2048 5634 2223 5700 lerbi.
2254 5634 2361 5698 His
2388 5636 2680 5700 calculum
2710 5638 2937 5702 addunt
2982 5638 3303 5719 Gregorius
3341 5637 3672 5744 Nyssenus’

642 5770 906 5836 Pullos.
954 5770 1066 5835 Gn.
1113 5771 1317 5835 CXLI.

3105 5772 3181 5838 36
