4176 6290
606 315 757 380 1131

607 459 668 512 ει
697 450 936 532 sapiens
984 449 1245 514 Joannes
1273 451 1704 522 Demascenus,
1740 447 1841 510 ille
1899 448 2141 528 quidem
2201 448 2258 508 in
2281 460 2319 508 Α

608 536 802 600 Pater
826 545 1029 601 noster
1051 538 1298 600 homilia
1321 535 1528 598 dicens
1553 553 1571 596 :
1600 535 2011 617 Spiritus,qui
2034 553 2116 598 σαν
2139 537 2261 596 Deo

606 633 774 706 est,et
807 627 1031 691 Christi
1052 625 1331 708 Spiritus
1352 624 1671 704 est,I"ilius
1691 641 1833 686 vero
1855 641 1933 686 ea:
1953 623 2076 684 Deo
2096 624 2261 686 exsi-

604 724 914 789 stens,non
937 719 1079 777 item
1101 723 1155 777 et
1175 713 1994 793 Spiritus,nequeest,neque
2007 712 2258 780 dicitur,

605 819 798 881 neque
809 813 1022 865 contra
1035 805 1194 866 verti
1201 812 1303 863 tur
1316 802 1574 864 relativa
1589 803 1703 862 ista
1715 805 2142 880 consequentia
2166 798 2260 860 hic

605 910 745 952 vero
775 890 973 971 capite
1005 891 1080 952 de
1112 889 1442 953 Trinitate:
1474 891 1770 971 Spiritum
1803 889 1950 950 Iv'ilii
1978 891 2258 952 nomina-

607 997 767 1052 mus,
779 980 1000 1042 Filium
1025 997 1169 1042 vero
1185 998 1305 1041 non
1321 979 1581 1042 dicimus
1605 996 1727 1040 esse
1743 979 2033 1058 Spiritus.
2055 978 2118 1040 Si
2136 979 2261 1038 haec

605 1087 742 1130 vera
794 1077 950 1144 sunt,
993 1069 1284 1149 longeque
1317 1087 1352 1130 a
1413 1067 1723 1129 mendacio
1781 1063 2009 1142 dissita,
2043 1067 2127 1127 uti
2157 1085 2258 1128 re-

604 1174 746 1218 vera
775 1169 935 1232 sunt,
975 1157 1356 1219 manifestum
1417 1166 1510 1218 est
1539 1156 1890 1216 relationem
1943 1155 2256 1235 quamdam

605 1244 668 1305 in
720 1245 842 1307 illis
895 1264 1051 1321 esse,
1106 1264 1221 1325 qua
1272 1244 1530 1324 Spiritus
1588 1251 1678 1305 est
1725 1251 1782 1304 et
1836 1243 2054 1306 dicitur
2103 1243 2256 1314 Filii,

607 1334 865 1415 Spiritus
897 1353 1036 1395 vero
1069 1353 1186 1394 non
1219 1343 1310 1396 est
1339 1333 1548 1411 Filius,
1590 1351 1784 1413 neque
1815 1332 2058 1395 dicitur.
2086 1331 2261 1404 Qua:-

606 1441 743 1484 nam
766 1441 904 1484 vero
922 1423 1028 1483 illa
1047 1422 1225 1484 fuerit
1242 1422 1273 1481 ‘l
1299 1424 1551 1485 Prorsus
1574 1441 1703 1502 quae
1735 1421 2007 1502 plurimis
2031 1421 2090 1484 in
2116 1421 2263 1483 locis

609 1529 644 1572 a
675 1530 769 1572 me
799 1512 1256 1592 comprehensa,
1292 1522 1350 1572 et
1379 1511 1566 1572 sacris
1609 1511 1957 1591 Scripturis,
1991 1529 2135 1591 quas
2158 1530 2261 1570 su-

611 1617 718 1681 pra
747 1599 1140 1679 laudavimus,
1171 1601 1574 1662 demonstrata
1604 1607 1715 1674 est,
1741 1599 2023 1680 Spiritum
2047 1616 2262 1678 nempe

612 1699 879 1750 sanctum
902 1689 1306 1750 exsistentiam
1329 1688 1550 1750 habere
1580 1707 1652 1750 ex
1685 1692 1854 1750 Patre
1886 1705 1992 1768 per
2019 1687 2256 1750 Filium.

610 1777 1048 1858 Proptereaque
1079 1778 1248 1840 libris
1276 1778 1346 1838 ad
1375 1777 1674 1840 Hermiam
1709 1777 2052 1858 qualitatem
2092 1777 2255 1838 illum
2281 1803 2318 1852 Β

614 1876 912 1946 nuncupat
935 1865 1091 1939 Filii,
1123 1866 1209 1927 uti
1239 1876 1297 1927 et
1329 1865 1516 1928 Patris
1544 1865 1953 1927 divinissimus
1981 1864 2255 1947 Cyrillus,

613 1972 772 2016 nunc
791 1954 1030 2034 quidem
1053 1973 1326 2016 asserens
1349 1975 1362 2016 :
1393 1955 1665 2036 Spiritus
1684 1963 1930 2016 sanctus
1951 1956 2132 2034 quasi
2150 1971 2258 2015 na-

615 2042 840 2106 turalis
867 2043 1130 2122 qualitas
1185 2051 1408 2106 sanctae
1437 2046 1848 2125 sapientisque
1876 2043 2118 2106 deitatis
2146 2049 2253 2116 est,

615 2150 747 2213 qua
766 2134 832 2193 in
861 2135 1047 2194 Patre
1074 2141 1130 2195 et
1160 2133 1326 2195 Filio
1355 2135 1790 2196 consideratur.
1815 2131 1982 2194 Nunc
2009 2149 2250 2194 rursus:

609 2221 686 2282 Si
716 2223 904 2301 igitur
931 2223 1108 2301 signa
1140 2230 1200 2283 et
1227 2222 1511 2303 prodigia
1537 2240 1648 2302 per
1675 2221 1936 2284 Paulum
1986 2221 2259 2282 Christus

611 2318 898 2391 operatur
919 2311 986 2372 in
1009 2313 1234 2373 virtute
1251 2311 1523 2391 Spiritus
1541 2313 1763 2390 sancti,
1785 2310 1972 2372 veluti
1991 2313 2259 2390 operatio

612 2399 889 2479 quautam
908 2398 1218 2460 naturalis
1231 2409 1284 2460 et
1297 2401 1524 2473 vivens,
1545 2407 1693 2471 et,ut
1706 2400 1788 2460 ita
1803 2398 2098 2468 dicamus,
2117 2416 2260 2477 qua-

611 2487 754 2549 litas
776 2488 1014 2549 deitalis
1043 2489 1185 2549 Filii
1208 2488 1473 2568 Spin'tus
1501 2495 1746 2549 sanctus
1774 2494 1876 2562 est,
1910 2493 1968 2550 et
1997 2491 2087 2549 uti
2101 2505 2262 2567 quae-

611 2575 752 2637 dam
776 2576 1128 2655 evaporatio
1159 2584 1216 2637 et
1244 2577 1512 2654 qualitas
1537 2581 1620 2638 est
1651 2577 1932 2637 Paterna
1961 2579 2254 2639 essent-ite.

613 2663 730 2726 Sed
788 2663 931 2744 quid
989 2664 1238 2724 nimium
1297 2664 1481 2725 multa
1537 2663 1884 2744 amplector,
1949 2683 2081 2725 cum
2143 2684 2260 2725 una

612 2751 895 2834 brevique
922 2751 1158 2816 Patrum
1189 2753 1538 2814 auctoritate
1571 2754 1789 2833 possim
1849 2769 2052 2815 vocem
2083 2763 2257 2834 atque

615 2841 950 2903 orationem
1001 2841 1474 2904 adversariorum
1507 2842 1926 2922 comprimere,
1960 2841 2010 2902 si
2081 2844 2258 2905 modo

611 2931 765 3010 apud
799 2948 904 2991 eos
947 2929 1324 2993 discretionis
1352 2931 1594 3009 spiritus
1647 2939 1755 3002 est,
1792 2930 1846 2991 ei
1879 2949 1991 2992 noe
2049 2930 2261 2992 diabo-

613 3018 730 3080 lica
761 3020 1084 3094 contentio,
1119 3019 1194 3081 de
1225 3039 1339 3100 quo
1373 3019 1699 3097 inquiritur
1725 3019 1756 3078 ε)
1781 3019 2134 3096 Auctoritas,
2185 3038 2261 3081 ne

613 3107 836 3169 diutius
867 3127 995 3170 eam
1021 3093 1386 3190 pertraliam,
1419 3093 1478 3171 in
1511 3109 1759 3190 epistola
1783 3109 1854 3170 ad
1874 3093 2257 3189 Serapionem
2278 3093 2319 3144 δ

615 3198 962 3278 episcopum
997 3199 1073 3260 de
1099 3198 1324 3279 Spiritu
1347 3207 1551 3260 sancto
1579 3198 1759 3258 divini
1790 3198 2098 3260 Athanasii
2145 3205 2255 3273 est,

610 3285 672 3347 in
696 3305 810 3366 qua
833 3287 1071 3348 asserit:
1098 3289 1338 3349 Etenim
1363 3288 1568 3350 unctio
1588 3286 1715 3349 haec
1733 3289 1877 3348 Filii
1896 3287 2132 3365 aﬂlatus
2147 3295 2254 3350 est.

611 3372 754 3446 Quis
778 3393 845 3435 ex
879 3393 1009 3436 sese
1041 3377 1481 3455 opponentibus
1511 3376 1758 3437 audiens
1788 3373 2071 3455 Spiritum
2101 3376 2260 3437 affla-

611 3470 732 3524 tum
788 3459 946 3535 Filii,
982 3462 1041 3523 in
1103 3465 1344 3544 propria
1377 3467 1669 3525 sententia
1716 3463 1972 3539 insistet,
2025 3473 2083 3525 et
2138 3484 2256 3526 non

611 3550 805 3631 potius
881 3559 1104 3612 mutato
1164 3552 1363 3612 animo
1429 3551 1699 3632 opinioni
1755 3562 1974 3614 nostra;
2044 3552 2261 3614 divinis

611 3637 938 3719 Scripturis
988 3639 1148 3701 fulta;
1199 3649 1373 3722 atque
1427 3640 1819 3702 constabilitae
1879 3649 2034 3704 totus
2085 3641 2260 3702 addi-

610 3735 797 3800 cetur,
832 3726 1154 3790 dummodo
1184 3747 1218 3790 a
1248 3729 1540 3809 sapientia
1573 3738 1832 3790 remotus
1862 3747 1980 3790 non
2003 3739 2115 3804 est,
2151 3749 2261 3792 nec

610 3815 983 3878 contentiose
1014 3835 1110 3878 res
1144 3827 1414 3898 peragat,
1447 3818 1550 3879 sed
1583 3817 1737 3880 vinci
1769 3836 2004 3899 quoque
2031 3819 2092 3880 in
2120 3838 2264 3880 non-

611 3903 790 3965 nullis
821 3905 1151 3967 honoriftce
1175 3907 1639 3968 sustinet?Hinc
1671 3909 1829 3969 enim
1863 3910 2262 3990 unusquisque

612 3993 989 4056 manifestius
1033 3994 1469 4075 deprehendet,
1505 4015 1618 4076 qua
1655 3996 1885 4059 ratione
1913 4017 1948 4058 ιι
1977 3998 2258 4060 divinitus

608 4081 900 4162 inspirata
929 4081 1234 4164 Scriptura
1263 4083 1519 4166 Spiritus
1551 4085 1687 4148 Filii
1716 4085 1972 4166 Spiritus
2019 4095 2256 4149 sanctus

611 4179 1008 4251 nuncupetur,
1047 4181 1105 4235 et
1134 4175 1482 4237 relationem
1517 4175 1816 4257 inspiciet,
1855 4194 1984 4256 quae
2011 4195 2146 4236 eum
2179 4177 2258 4238 ita

611 4261 944 4342 nuncupari
1003 4262 1289 4339 decrevit,
1324 4282 1501 4342 quam
1535 4265 1812 4327 similiter
1866 4265 2147 4326 continuo
2178 4265 2257 4326 ita

613 4359 1090 4433 permanentem,
1121 4371 1254 4414 cum
1288 4352 1486 4414 divina
1514 4362 1572 4413 et
1602 4353 1770 4415 beata
1801 4361 2007 4414 natura
2038 4353 2255 4414 immu-

612 4438 809 4500 tabilis
830 4438 926 4514 sit,
965 4458 1140 4502 nemo
1173 4460 1314 4504 vere
1343 4461 1377 4503 a
1428 4439 1600 4502 nobis
1624 4441 1948 4516 immutari,
1985 4452 2087 4503 aut
2113 4461 2257 4523 per-

610 4529 800 4609 verti,
854 4527 996 4590 licet
1048 4529 1297 4590 multum
1351 4529 1744 4609 defatigetur,
1796 4530 2144 4592 innumeras
2201 4531 2263 4593 in

612 4632 746 4677 sese
779 4617 1141 4680 convolvens
1171 4619 1643 4698 imaginationes,
1672 4637 1914 4698 prorsus
1944 4619 2264 4700 persuade-

615 4702 722 4767 bit.
759 4702 903 4767 Cum
939 4725 1136 4788 neque
1186 4707 1374 4770 Filius
1403 4705 1560 4770 filius
1616 4716 1705 4769 est
1734 4705 2011 4788 Spiritus,
2065 4727 2261 4790 neque

609 4792 861 4870 dicatur,
897 4796 982 4855 uti
1007 4794 1292 4858 Ecclesiae
1319 4796 1542 4858 lumina
1573 4800 1878 4878 Nyssenus
1916 4795 2256 4875 Gregorius,

612 4888 670 4942 et
698 4881 939 4962 sapiens
960 4884 1221 4946 Joannes
1251 4887 1676 4962 Damascenus,
1736 4894 1801 4947 ut
1822 4885 1947 4964 jam
1978 4885 2256 4966 diximus,

611 4970 1053 5051 prohibuerint,
1109 4983 1359 5054 possunt
1405 4975 1522 5054 iam
1585 4993 1652 5036 ex
1705 4983 1878 5036 antea
1929 4974 2135 5054 positis
2164 4974 2260 5036 hic

613 5060 971 5122 testimoniis
1047 5063 1270 5145 scripto
1325 5063 1558 5125 traditis
1631 5063 1895 5143 pondera
1955 5063 2262 5142 praesentis

611 5150 959 5228 quaestionis
991 5151 1345 5231 dijudicare,
1377 5153 1700 5214 dummodo
1731 5153 2022 5233 aequiores
2056 5160 2262 5213 contra

611 5255 720 5298 nos
736 5240 1174 5319 oppositionem
1198 5241 1408 5304 factam
1429 5240 2018 5321 comprehenderint,
2049 5239 2261 5321 quibus

613 5327 706 5387 vel
742 5331 886 5390 solis
939 5349 1171 5406 omnes,
1212 5331 1296 5394 uti
1329 5331 1602 5405 addecet,
1657 5329 1859 5391 faciles
1888 5348 2063 5391 aures
2101 5348 2254 5410 prae-

611 5413 845 5489 bentes,
882 5437 1086 5480 eorum
1113 5419 1429 5482 sen'entiis
1459 5419 1770 5480 commodo
1793 5417 2120 5490 attendent,
2151 5436 2260 5478 nec

613 5504 780 5582 plura
812 5526 915 5584 pro
948 5510 1202 5568 veritatis
1232 5509 1680 5569 confirmatione
1705 5508 2054 5587 disquirent.
2089 5505 2260 5567 Nam-

616 5610 729 5674 que
765 5593 810 5653 si
846 5594 1028 5669 hisce,
1065 5597 1146 5655 uti
1183 5615 1282 5677 par
1335 5606 1448 5674 est,
1486 5617 1597 5657 non
1631 5596 2011 5675 attenderint,
2071 5595 2257 5676 palam

1743 311 2262 379 GONSTANTINI
2307 308 2853 373 MELITENIOTIE

3828 311 3962 374 “3‘2

2344 464 2510 517 ματος
2547 462 2560 475 ·
2623 442 2733 499 ἔστι
2791 441 2846 498 δὲ
2915 445 2978 500 16
3064 443 3346 520 ἀνάπαλιν,
3436 447 3497 501 τὸ
3556 451 3765 519 Πνεῦμα
3827 444 3962 522 φάναι

2344 528 2548 598 δηλαδὴ
2604 538 2696 587 τοῦ
2764 534 2906 604 Υἱοῦ,
2947 533 3180 610 καθάπερ
3209 534 3298 589 καὶ
3326 533 3421 590 τοῦ
3448 532 3610 612 λόγου
3651 537 3754 599 τὴν
3784 533 3963 611 φωνήν.

2346 621 2444 677 Καὶ
2484 621 2686 684 τούτοις
2756 628 3237 700 προσμαρτυροῦσιν
3297 622 3325 677 ὃ
3381 643 3439 678 τε
3495 621 3782 701 Γρηγόριος
3844 622 3967 677 N66-

2344 730 2444 775 σης
2486 709 2575 764 καὶ
2604 711 2631 764 6
2659 711 2718 764 ὶκ
2776 717 3061 786 Δαμασκοῦ
3103 710 3262 774 σοφὰς
3320 710 3594 783 Ἰωάννης,
3640 712 3669 766 6
3716 709 3810 784 μὲν
3839 707 3887 762 ἓν
3915 715 3970 783 τῇ

2344 800 2415 862 εἰς
2471 798 2532 853 τὸ
2598 798 2767 877 Πάτερ
2849 801 3003 874 ἡμῶν
3074 799 3256 874 ὁμιλίᾳ
3339 797 3534 878 λέγων,
3603 789 3694 860 Ὠς
3767 800 3826 852 16
3888 798 3970 868 μὲν

2344 893 2554 960 Πνεῦμα
2619 889 2678 942 τὸ
2747 889 2806 942 ἑκ
2874 894 2968 944 τοῦ
3077 894 3208 944 Θεοῦ
3297 890 3385 944 καὶ
3475 893 3700 966 Χριστοῦ
3782 892 3972 958 Πνεῦμα

2341 976 2484 1030 ἔστιν
2524 990 2537 1003 ·
2590 977 2618 1030 6
2675 973 2729 1030 δὲ
2785 977 2903 1040 Υἱὸς
2947 976 3008 1031 ἐκ
3069 982 3160 1032 τοῦ
3219 977 3349 1032 Θεοῦ
3389 977 3465 1031 ὢν
3517 976 3689 1034 οὐκέτι
3747 976 3832 1030 καὶ
3896 981 3974 1030 τοῦ

2343 1063 2644 1138 Πνεύμττος
2729 1063 2839 1120 οὔτ’
2927 1063 3092 1138 ἔστιν,
3173 1065 3290 1122 οὕτε
3361 1064 3597 1143 λέγεται,
3686 1061 3809 1121 οὐδὲ
3888 1062 3970 1118 ἆν-

2341 1153 2601 1232 τιστρέφει
2669 1154 2704 1220 ἡ
2761 1154 2990 1232 σχετική
3049 1151 3326 1210 ἀκολουθία
3377 1154 3511 1220 ὧτη
3544 1169 3556 1182 ⁶
3622 1155 3649 1208 6
3709 1150 3764 1207 δὲ
3821 1151 3872 1206 ὲν
3911 1158 3973 1224 τῷ

2442 1242 2456 1260 \
2535 1231 2541 1232 ί
2612 1238 2660 1260 IN
2837 1231 2873 1254 (⁸
3120 1250 3140 1259 ς
3329 1241 3343 1258 \
3506 1245 3518 1258 ο
3560 1249 3580 1258 η.
3655 1243 3668 1260 η
3798 1242 3806 1256 ν

2344 1261 2460 1318 περι
2503 1250 2716 1318 Τριαοος
2755 1257 2770 1271 ⁸
2874 1251 2966 1298 Οτι
3012 1248 3224 1316 Πνεῦμα
3285 1264 3383 1317 μεν
3464 1251 3584 1299 Υιου
3641 1247 3973 1317 ονομαζομεν,

2343 1331 2434 1384 τὸν
2504 1326 2558 1383 δὲ
2651 1331 2769 1384 Υίὸν
2839 1331 2896 1386 06
2969 1329 3196 1407 λέγομεν
3277 1330 3418 1387 εἶναι
3500 1340 3592 1389 τοῦ
3664 1332 3972 1404 Πνεύματος.

2349 1417 2407 1473 Εἰ
2447 1423 2611 1473 ταῦτα
2667 1418 2893 1496 πέφυκεν
2948 1418 3150 1498 ἀληθῆ,
3217 1421 3306 1475 καὶ
3349 1421 3548 1482 παντὸς
3604 1417 3823 1494 ψεύδους
3878 1439 3972 1493 μα-

2342 1508 2496 1586 κρὰν,
2554 1505 2731 1586 ὥσπερ
2781 1507 2868 1564 οὗν
2927 1507 3113 1582 ἀμέλει
3169 1510 3256 1564 καὶ
3313 1509 3564 1589 πέφυκεν,
3633 1506 3851 1574 εὔδηλοι
3907 1505 3974 1560 ὅτι

2343 1595 2529 1674 σχέσις
2589 1617 2669 1658 τις
2728 1595 2782 1652 ἦν
2832 1597 3034 1661 τούτοις
3082 1599 3382 1675 θεωρεῖται,
3427 1597 3546 1652 καθ’
3607 1596 3678 1664 ἢν
3734 1594 3841 1650 ἔστι
3893 1593 3974 1668 μὲν

2341 1684 2403 1738 16
2461 1688 2669 1758 Πνεῦμα
2726 1685 2811 1740 καὶ
2841 1681 3050 1762 λέγεται
3102 1686 3195 1740 τοῦ
3241 1687 3380 1763 Υίοῦ,
3437 1692 3528 1740 τοῦ
3579 1683 3635 1739 δὲ
3693 1683 3974 1756 Πνεύματος

2342 1774 2434 1828 οὐκ
2478 1769 2619 1826 ἔστιν
2677 1774 2704 1827 6
2757 1774 2899 1849 Υἱὸς,
2955 1770 3068 1829 οὐδὲ
3126 1772 3362 1851 λέγεται.
3396 1773 3482 1836 Τίς
3514 1771 3558 1828 δ’
3606 1770 3792 1850 αὕτη,
3849 1770 3969 1824 Πάν-

2340 1881 2444 1922 τως
2501 1861 2536 1926 ἡ
2579 1858 2860 1940 πολλαχοῦ
2932 1884 3020 1936 μοι
3071 1859 3446 1941 διαληφθεϊσα,
3479 1863 3566 1917 καὶ
3597 1859 3684 1918 διὰ
3713 1867 3817 1916 τῶν
3841 1860 3973 1914 θείων

2340 1946 2720 2026 ἀποδειχθεῖσα
2772 1950 3015 2030 Γραφῶν,
3101 1950 3160 2015 ἃς
3215 1951 3304 2006 καὶ
3375 1947 3802 2028 προανετάξαμιν
3835 1951 3853 1978 ‘
3905 1945 3974 2000 ὅτι

2339 2039 2402 2093 τὸ
2457 2043 2668 2113 Πνεῦμα
2725 2041 2785 2094 τὸ
2827 2037 2986 2116 ἅγιον
3017 2043 3116 2106 τὴν
3146 2037 3370 2118 ὕπαρξιν
3412 2038 3529 2117 ἔχει
3587 2041 3734 2116 παρὰ
3791 2037 3974 2113 Πατρὸς

2341 2122 2408 2180 δι’
2477 2128 2618 2189 Υἱοῦ,
2679 2125 2760 2182 Δι’
2816 2129 2844 2183 ὃ
2898 2127 2995 2183 κάν
3055 2140 3173 2189 τοῖς
3249 2129 3378 2206 πρὸς
3438 2128 3686 2205 Ἑρμείαν
3739 2126 3974 2190 ποιότητα

2340 2221 2492 2271 τοῦτο
2535 2213 2692 2270 καλεῖ
2747 2223 2838 2271 τοῦ
2902 2218 3040 2290 Υἱοῦ,
3107 2217 3336 2294 καθάπερ
3405 2217 3492 2271 καὶ
3548 2222 3641 2272 τοῦ
3709 2216 3900 2292 Πατρὸς
3949 2215 3972 2267 6

2341 2301 2656 2367 ἑνθεώτατος
2717 2301 3002 2382 Κύριλλος,
3077 2308 3154 2369 πῆ
3225 2303 3322 2379 μὲν
3389 2304 3603 2382 φάσκων
3663 2303 3826 2366 οὕτως
3856 2318 3868 2330 ·
3913 2302 3972 2357 Τὸ

2345 2397 2553 2466 Πνεῦμα
2620 2393 2683 2446 τὸ
2754 2392 2912 2470 ἅγιον
2968 2393 3122 2448 οἱονεί
3193 2413 3273 2454 τις
3335 2391 3531 2469 φυσικὴ
3601 2391 3828 2456 ποιότης
3890 2391 3970 2456 τῆς

2342 2480 2493 2558 ἀγίας
2575 2503 2633 2537 τε
2703 2483 2790 2536 καὶ
2861 2487 3029 2561 σοφῆς
3105 2481 3354 2547 θεότητός
3426 2481 3561 2556 ἐστι,
3622 2481 3725 2546 τῆς
3796 2483 3864 2544 ὡς
3923 2480 3968 2532 ἓν

2343 2571 2504 2647 Πατρὶ
2559 2571 2646 2627 καὶ
2739 2571 2844 2644 ι’ὶῴ
2913 2570 3199 2645 νοουμένης
3236 2585 3249 2599 ⁸
3302 2575 3380 2637 πῆ
3426 2567 3478 2624 δὲ
3523 2567 3685 2625 παλιν
3719 2589 3736 2605 ⁸
3797 2573 3966 2627 Οὐκοῦν

2340 2658 2383 2712 εἰ
2454 2671 2658 2734 σημεῖα
2740 2660 2827 2713 καὶ
2895 2659 3088 2738 τέρατα
3143 2656 3226 2713 διὰ
3291 2657 3494 2714 Παύλου
3565 2660 3788 2737 Χριστὸς
3829 2657 3966 2734 ἐργά-

2339 2752 2485 2815 ζεται
2574 2747 2627 2802 ἐν
2709 2743 2920 2822 δυνάμει
2979 2747 3284 2822 Πνεύματος
3359 2748 3528 2826 ἁγίου,
3615 2750 3694 2812 ὡς
3764 2745 3966 2825 ινέργειά

2339 2855 2421 2898 τις
2493 2835 2688 2914 φυσική
2765 2837 2852 2891 καὶ
2919 2835 3087 2916 ζῶσα,
3177 2837 3267 2892 καὶ
3335 2835 3411 2892 ἵν’
3481 2835 3648 2901 οὕτως
3719 2836 3962 2911 εἴποιμεν,

2343 2925 2569 2990 ποιότης
2641 2923 2738 2991 τῆς
2807 2925 3057 2990 θεότητος
3124 2930 3214 2980 τοῦ
3309 2926 3427 2981 Υἱοῦ
3509 2927 3569 2980 16
3651 2927 3858 2999 Πνεῦμα
3918 2925 3966 2975 τὸ

2342 3013 2493 3092 ἅγιον
2548 3015 2685 3093 ἔστι,
2757 3015 2844 3069 καὶ
2905 3014 3084 3091 ὥσπερ
3158 3033 3240 3077 τις
3295 3013 3462 3088 ἀτμὸς
3506 3014 3542 3081 ἢ
3599 3015 3825 3081 ποιότης
3877 3013 3965 3068 ἐστὶ

2341 3109 2439 3170 τῆς
2498 3101 2674 3166 οὐσίας
2731 3109 2823 3159 τοῦ
2879 3103 3106 3180 Πατρὸς,
3170 3099 3336 3158 Ἀλλά
3385 3102 3435 3157 τί
3502 3100 3586 3159 δεῖ
3646 3126 3740 3179 μοι
3782 3108 3873 3169 τῆς
3922 3101 3963 3155 ἐν

2339 3192 2544 3254 τούτοις
2618 3193 3003 3270 μακρηγορίας,
3077 3191 3195 3245 ὶνὸν
3266 3187 3349 3247 δια
3410 3196 3535 3266 μιᾶς
3590 3195 3683 3250 καὶ
3734 3192 3960 3270 βραχείας

2339 3279 2597 3358 πατρικῆς
2681 3281 2932 3358 χρήσεως
3019 3279 3214 3334 παῦσαι
3298 3280 3419 3342 τοὺς
3476 3279 3864 3358 ἀντιλέγοντας,
3929 3280 3963 3332 εἰ

2338 3368 2544 3444 πνεῦμα
2601 3369 2728 3447 παρ’
2815 3369 2999 3432 αὐτοῖς
3085 3370 3326 3424 ὁπωσοῦν
3380 3367 3712 3446 διακρίσεως,
3769 3373 3851 3426 καὶ
3899 3367 3962 3442 μὴ

2343 3455 2618 3524 διαϐολική
2678 3459 2740 3513 τὸ
2799 3458 3110 3537 μαχόμενον
3179 3456 3469 3538 ἔνστασις,
3531 3449 3592 3516 ’Β
3655 3457 3710 3515 δὲ
3770 3464 3961 3539 χρῆσις,

2341 3546 2436 3603 ’ἕνα
2478 3549 2565 3603 καὶ
2621 3547 2816 3614 ταὸτην
2869 3548 3159 3621 ἐκθήσομαι
3209 3548 3422 3626 τάχιον,
3468 3549 3522 3604 ἐν
3561 3556 3633 3626 τῇ
3692 3552 3818 3628 πρὸς
3873 3554 3959 3602 Σε-

2345 3637 2584 3713 ραπίωνα
2653 3637 2744 3691 τὸν
2812 3637 3101 3692 επίσκοπον
3186 3640 3302 3714 περὶ
3358 3644 3450 3692 τοῦ
3492 3640 3644 3715 ἁγίου
3687 3639 3958 3713 Πνεύματος

2345 3722 2603 3801 ἐπιστολῇ
2661 3747 2823 3803 φησιν
2878 3727 2906 3780 6
2963 3726 3028 3781 τὰ
3086 3728 3206 3780 θεῖα
3267 3723 3429 3790 πολὺς
3483 3725 3791 3792 Ἀθανάσιος
3821 3743 3836 3759 ⁶
3879 3727 3958 3784 Καὶ

2344 3815 2444 3891 γὰρ
2497 3817 2558 3868 τὸ
2629 3815 2832 3893 χρίσμα
2918 3821 3070 3869 τοῦτο
3140 3815 3277 3884 πνοή
3335 3814 3445 3872 ἔστι
3514 3823 3607 3873 τοῦ
3699 3821 3834 3878 Υἱοῦ.
3886 3817 3956 3876 Τίς

2340 3907 2448 3957 τῶν
2487 3901 2899 3977 ἀνθισταμένων,
2957 3902 3181 3966 ἀκούσας
3254 3903 3314 3958 16
3396 3911 3608 3981 Πνεῦμα
3679 3909 3840 3974 πνοὴν
3885 3912 3956 3960 τοῦ

2343 3991 2487 4063 Υἷοῦ,
2545 3996 2641 4057 τῆς
2712 3991 2903 4055 οἰκείας
2975 3992 3131 4047 εἷσὲτι
3203 3989 3358 4060 δόξης
3427 3993 3847 4069 ἀντιποιήσαιτο,
3886 3999 3954 4049 καὶ

2339 4081 2462 4160 οὐχὶ
2517 4079 2582 4147 δὴ
2641 4079 2841 4156 μᾶλλον
2901 4078 3214 4156 μεταϐαλὼν
3257 4088 3357 4149 τῆς
3398 4085 3460 4139 ὲκ
3501 4091 3607 4141 τῶν
3665 4087 3810 4142 θείων
3848 4091 3954 4163 Γρα-

2338 4172 2450 4248 φών
2490 4171 2550 4225 1‘:
2606 4168 2838 4250 ἀσφαλὲς
2897 4169 3132 4249 ἐχούσης
3174 4172 3436 4246 ἡμετέρας
3482 4174 3704 4252 γνώμης
3759 4178 3950 4254 γενήσε-

2337 4283 2448 4340 ται,
2507 4259 2765 4324 συνέσεώς
2819 4282 2960 4326 τινος
3011 4261 3285 4340 εὖμοιρῶν,
3340 4265 3429 4318 καὶ
3482 4265 3559 4338 μὴ
3617 4269 3786 4325 πάντα
3825 4263 3947 4346 φιλο·

2341 4350 2522 4412 νείκως
2576 4347 2748 4428 ὶεγειν
2837 4348 3048 4423 ὶθὲλων,
3120 4349 3238 4406 ἀλλ’
3299 4349 3439 4407 ἔστιν
3494 4352 3527 4408 ἃ
3577 4358 3669 4412 καὶ
3735 4357 3945 4424 ἡττᾶσθαι

2344 4436 2524 4500 καλῶς
2569 4437 2896 4518 ἀνεχόμενος
2930 4454 2947 4514 ;
3005 4437 3270 4496 Ἐντεῦθεν
3314 4441 3412 4517 γὰρ
3442 4439 3505 4496 ἂν
3555 4447 3643 4500 καὶ
3699 4440 3945 4502 καταλᾶὃοι

2345 4526 2575 4602 μάλιστα
2616 4535 2720 4590 πᾶς
2775 4527 3165 4607 ἐναργέστερον,
3211 4527 3356 4593 ὅπως
3398 4532 3538 4610 παρά
3591 4539 3694 4602 τῆς
3735 4534 3945 4591 θεοπνεύ-

2343 4639 2467 4674 στου
2519 4622 2731 4696 Γραφῆς
2800 4618 2920 4674 Υἶοῦ
2963 4620 3174 4693 Πνεῦμα
3241 4620 3305 4674 τὸ
3361 4626 3570 4698 Πνεῦμα
3627 4624 3857 4682 καλεῖται
3900 4623 3943 4676 τὸ

2341 4704 2516 4786 ἅγιον,
2573 4708 2661 4762 καὶ
2715 4705 2813 4773 τήν
2871 4706 3060 4785 σχέσιν
3101 4705 3298 4764 κατίδοι
3347 4710 3445 4777 τὴν
3477 4713 3616 4770 οὕτω
3645 4727 3794 4775 τοῦτο
3819 4714 3941 4787 λέγει·

2341 4798 2458 4851 σθαι
2513 4792 2889 4871 δικαιώσασαν,
2944 4795 3003 4863 ἣν
3053 4797 3306 4860 ὡσαύτως
3349 4796 3433 4858 διὰ
3472 4806 3672 4868 παντὸς
3703 4805 3942 4880 μένουσαν,

2342 4885 2416 4946 ὡς
2465 4882 2822 4940 αναλλοιώτου
2899 4889 2998 4952 τῆς
3061 4887 3198 4950 θείας
3284 4886 3443 4956 οὔσης
3499 4895 3586 4948 καὶ
3657 4891 3946 4974 μακαριστῆς

2341 4973 2570 5053 φύσεως,
2609 4971 2772 5037 οῦδεὶς
2837 4971 3047 5040 ἀληθῶς
3106 4975 3161 5040 ὃς
3217 4986 3612 5051 μετακινεϊσθαι
3673 4986 3758 5040 καὶ
3803 4971 3945 5060 ἡμιτα-

2342 5062 2553 5118 πίπτειν
2615 5061 2954 5120 ἀναπείσαιτο
3009 5065 3255 5136 παράπαν
3295 5068 3462 5145 ἡμᾶς,
3520 5071 3628 5131 063’
3686 5073 3747 5130 ἂν
3807 5069 3945 5128 πολλὰ

2341 5149 2500 5226 κάμοὶ
2569 5173 2778 5231 μυριους
2861 5154 3122 5209 ἀνακινῶν
3201 5153 3509 5235 λογισμούς,
3613 5162 3757 5222 Ἐπεὶ
3837 5156 3945 5237 μηδὲ

2346 5239 2650 5314 Πνεύματος
2712 5241 2851 5297 ἔστιν
2905 5243 3014 5306 υἱὸς
3059 5245 3086 5298 6
3156 5245 3296 5320 Υἱὸς,
3355 5244 3470 5306 οὐδὲ
3530 5248 3764 5328 λέγεται,
3803 5247 3945 5306 καθὼς

2342 5330 2389 5383 οἱ
2431 5329 2528 5396 τῆς
2587 5328 2905 5396 Ἐκκλησίας
2956 5337 3256 5412 φωστῆρες,
3291 5333 3319 5390 ὅ
3347 5357 3403 5391 τε
3454 5342 3740 5419 Γρηγόριος
3779 5341 3806 5396 6
3835 5337 3944 5396 Νύσο

2343 5438 2442 5483 σης
2473 5419 2560 5473 καὶ
2618 5420 2646 5473 6
2708 5421 3046 5495 Δαμασκόθεν
3103 5425 3262 5502 σοφὸς
3303 5423 3578 5507 Ἰωάννης,
3622 5433 3694 5494 ὡς
3724 5424 3943 5506 προειρῆ-

2344 5527 2533 5582 καμεν,
2595 5506 2963 5586 ἀπηγόρευσαν
3000 5529 3013 5542 ·
3075 5510 3290 5589 ἔχουσιν
3359 5514 3461 5582 ἠδη
3529 5519 3631 5574 κάκ
3691 5523 3786 5576 ’.ὧν
3837 5534 3943 5591 προ·

2342 5599 2585 5651 τεθεισὼν
2646 5599 2861 5655 ἐνταῦθα
2921 5609 3212 5679 μαρτυριῶν
3284 5605 3549 5683 γραφικῶν
3621 5611 3678 5664 τὸ
3731 5614 3824 5664 πᾶν
3879 5608 3946 5656 τοῦ
