4176 6290
255 397 408 463 1133

1148 402 1246 465 DE
1303 396 1812 463 PROCESSIONE
1856 397 1917 460 S.

1966 392 2322 460 SPIRITUS
2368 399 2593 463 ORAT.
2650 401 2699 462 Ι.
3472 400 3625 468 1134

245 530 500 609 παρόντος
558 537 884 600 κατανοῆσαι
955 533 1261 607 ζητήματος
1305 529 1363 587 οἵ
1431 553 1492 609 γε
1543 530 1886 610 μετριώτεροι

1974 536 2083 603 est,
2132 547 2241 592 nec
2284 530 2417 592 aliis
2464 531 2887 614 concordibus,
2936 533 3152 614 quibus
3184 541 3400 597 nostra;
3432 553 3625 599 causa

248 619 523 697 γεγονότες
577 623 639 677 ὲκ
685 629 775 678 τοῦ
829 620 1053 679 συνιέναι
1122 621 1219 689 τὴν
1297 621 1426 700 πρὸς
1492 622 1635 694 ἡμᾶς
1695 619 1888 686 ταύτην

251 710 572 786 ἀντίστασιν,
631 715 722 775 αἶς
793 711 978 787 μόναις
1044 712 1134 768 καὶ
1193 711 1393 774 πάντας
1445 710 1622 789 χρεὼν
1670 710 1890 779 εῦήκοον

244 797 331 863 οὖς
416 800 816 880 παρασχόντας,
900 813 1022 863 ταῖς
1117 803 1288 859 αῦτῶν
1364 798 1583 862 ἐννοίαις
1668 796 1888 860 δεόντως

245 901 533 967 προσχεῖν,
591 890 681 945 καὶ
739 889 816 963 μὴ
868 886 1030 945 πλέον
1080 894 1185 944 τῶν
1241 882 1492 945 τοιούτων
1534 888 1604 951 εἷς
1651 887 1751 953 τὴν
1791 891 1890 952 τῆς

246 973 493 1042 ἀληθείας
553 978 879 1056 παράστσσιν
929 976 1199 1035 ἀπαιτεῖν.
1266 978 1323 1034 Εἰ
1378 976 1478 1054 γὰρ
1548 975 1624 1051 μή
1679 975 1890 1038 ταύταις

245 1064 602 1141 προσέξουσιν,
663 1068 738 1130 ὡς
781 1067 943 1139 εἰκὸς,
1007 1063 1267 1144 πρόδηλον
1311 1066 1382 1128 ὡς
1440 1062 1554 1121 0'33‘5
1609 1077 1730 1128 ταῖς
1788 1061 1889 1120 ἂλ-

244 1149 364 1216 λαις
406 1166 529 1218 ταῖς
587 1152 705 1211 κατ’
762 1155 941 1226 αὐτὰς,
994 1153 1047 1209 εἴ
1105 1176 1186 1216 τις
1244 1152 1509 1228 ἐπιμελῶς
1566 1152 1657 1214 τὰς
1717 1156 1890 1215 παίσας

241 1239 487 1307 συλλέξας
520 1241 713 1323 σχεδὸν
759 1242 832 1300 δι’
886 1246 959 1300 ὧν
1024 1244 1083 1299 τὸ
1132 1243 1322 1323 κράτος
1353 1244 1491 1317 ἡμῖν
1543 1241 1887 1319 περιγίνεται,

242 1334 366 1396 ταῖς
426 1334 511 1388 νῦν
564 1332 865 1410 εἰρημέναις
922 1330 1237 1398 συντάξειεν.
1297 1330 1476 1394 Οὕτως
1535 1328 1616 1386 ὅτι
1672 1329 1770 1385 κᾶν
1823 1334 1890 1404 τῇ

1975 619 2206 698 pondus
2227 618 2542 686 additur.si
2573 620 2706 701 quis
2734 639 2833 683 eas
2865 621 3181 701 diligenter
3209 624 3486 686 collectas
3496 626 3620 705 jam

1973 708 2259 787 appositis
2307 727 2423 769 una
2475 709 2806 791 digesserit,
2856 710 3117 772 animum
3176 712 3503 777 advertent.
3553 713 3625 777 Et

1974 795 2084 856 hac
2112 796 2341 858 ratione
2368 797 2705 875 intelligent
2734 799 2910 861 etiam
2936 799 2997 861 in
3030 800 3317 865 Trinitate
3347 804 3621 865 ordinem

1974 901 2127 963 esse,
2161 885 2301 945 licet
2346 895 2587 966 propter
2627 905 2798 949 suum
2831 891 3277 970 supernaturale
3306 903 3487 972 atque
3516 911 3621 954 su-

1975 973 2467 1052 persubstantiale
2521 993 2699 1055 supra
2745 995 2985 1039 omnem
3044 980 3312 1042 ordinem
3371 981 3474 1041 illa
3520 981 3620 1046 sit.

1972 1061 2090 1121 Sed
2114 1062 2255 1122 satis
2283 1062 2857 1125 demonstrationum
2890 1073 2999 1145 est,
3025 1067 3239 1146 quibus
3271 1086 3377 1148 per
3404 1068 3619 1131 Filium

1973 1167 2008 1210 a
2038 1148 2208 1210 Patre
2264 1150 2546 1229 Spiritum
2592 1163 2864 1213 sanctum
2915 1153 3203 1217 exsistere
3254 1175 3372 1217 non
3427 1158 3621 1220 minus

1973 1256 2146 1317 quam
2181 1237 2311 1298 aliis
2329 1257 2506 1318 supra
2530 1240 2738 1319 positis
2758 1240 2980 1321 scriptu
3000 1243 3229 1305 traditis
3259 1243 3619 1307 testimoniis

1974 1326 2285 1408 probatum
2319 1337 2430 1390 est.

237 1418 416 1498 Τριαδι
471 1420 614 1487 τάξις
667 1424 802 1493 ὶστὶ,
850 1420 948 1477 κᾶν
1015 1421 1145 1500 ύπὲρ
1186 1421 1325 1486 τάξιν
1368 1426 1543 1476 πᾶσαν
1599 1417 1779 1482 ἁπλῶς
1849 1415 1932 1473 διὰ
1983 1418 2044 1473 τὸ
2074 1419 2268 1484 ταύτης
2323 1419 2576 1498 ὑπερφύες
2646 1441 2704 1477 τε
2763 1420 2850 1476 καὶ
2915 1422 3246 1500 ὑπερούσιον,
3308 1414 3472 1488 εἈλις
3504 1424 3619 1505 ’έχω

233 1512 339 1564 τῶν
399 1508 735 1585 ἀποδείξεων,
782 1510 834 1576 ἐξ
875 1512 948 1566 ὧν
998 1512 1086 1566 καὶ
1132 1512 1194 1568 τὸ
1235 1507 1301 1566 δι’
1336 1512 1456 1566 Υἱοῦ
1497 1511 1638 1588 παρὰ
1668 1509 1870 1587 Πατρὸς
1928 1507 2187 1586 ὑπάρχειν
2241 1509 2301 1562 τὸ
2360 1509 2570 1583 Πνεῦμα
2625 1510 2685 1564 τὸ
2713 1509 2866 1588 ἅγιον
2909 1510 3014 1591 οὔχ
3058 1512 3217 1578 ἧττον
3275 1511 3311 1581 ἢ
3342 1528 3465 1578 ταῖς
3516 1515 3618 1573 ἅιω

234 1596 629 1680 διαληφθείσαις
672 1612 961 1680 γραφικαϊς
998 1597 1452 1658 συναποδέδεικται
1502 1600 1784 1678 χρήσεσιν.

315 1680 404 1763 μ’,
456 1686 605 1745 Ἀλλ’
665 1689 774 1767 ὥρα
822 1690 883 1744 τὸ
955 1688 1061 1744 ἀπὸ
1131 1687 1279 1746 τοῦδε
1348 1688 1528 1746 καὶτὰ
1570 1686 1883 1765 λειπόμενα,

1397 1786 1729 1835 καταπαῦσαι
1795 1776 1884 1832 τὸν

231 1776 448 1857 βραχέα
532 1776 588 1833 δὲ
666 1783 854 1852 ταῦτα,

971 1777 1309 1857 προσθέντας,

2050 1685 2150 1746 40.
2187 1683 2301 1747 Sed
2326 1685 2449 1764 jam
2481 1693 2712 1765 tempus
2742 1694 2851 1759 est,
2884 1687 3137 1768 reliqua,
3173 1708 3291 1751 non
3316 1692 3501 1754 multa
3523 1693 3615 1756 fu-

1969 1777 2238 1853 tura,nos
2269 1774 2559 1833 addentes
2590 1774 2865 1852 praesenti
2896 1776 3152 1837 orationi
3183 1778 3361 1839 ﬁnem
3390 1798 3615 1859 ponere

227 1867 472 1942 παρόντα
512 1865 671 1944 λόγον
715 1868 884 1942 ἡμᾶς,
942 1867 1118 1947 ἀρχὴν
1176 1865 1230 1922 δὲ
1282 1866 1611 1934 καταστῆσαι
1641 1872 1717 1940 τῷ
1747 1863 1883 1939 μέλ-

1969 1869 2027 1920 et
2060 1859 2416 1938 principium
2469 1861 2679 1921 futurae
2704 1862 3088 1924 constituere.
3123 1864 3305 1927 Multa
3340 1866 3519 1945 igitur
3543 1889 3613 1930 ex

227 1953 407 2015 λοντι.
475 1953 654 2011 Πολλὰ
711 1959 808 2031 μὲν
839 1955 928 2011 οὖν
970 1962 1076 2011 τεῦν
1105 1956 1255 2011 θείων
1297 1956 1471 2031 ῥητῶν
1504 1957 1570 2011 τα
1600 1955 1696 2030 μὲν
1724 1957 1784 2011 τὸ
1813 1952 1878 2009 δι’

1969 1936 2179 2010 divinis
2210 1936 2404 2018 dictis,
2441 1967 2692 2029 quorum
2725 1952 2992 2030 quaedam
3030 1971 3135 2032 per
3156 1936 3414 2016 Filiumva
3440 1960 3612 2020 Patre

227 2044 353 2100 Υἱοῦ
401 2044 543 2121 παρὰ
590 2048 788 2123 Πατρός
834 2045 975 2101 εἶναι
1030 2047 1091 2100 τὸ
1135 2051 1346 2119 Πνεῦμα
1395 2046 1456 2100 τὸ
1511 2044 1661 2123 ἅγιον
1689 2043 1876 2100 ἀνεπι-

226 2134 498 2195 σκιάστως
576 2134 663 2190 καὶ
734 2140 934 2213 τρανῶς
1018 2132 1443 2212 ἀπαγγέλλοντα,
1536 2134 1602 2189 τα
1676 2131 1730 2188 δὲ
1786 2130 1877 2189 καί

225 2220 570 2297 συμϐολικῶς
664 2223 790 2280 αὐτὸ
870 2228 1025 2279 τοῦτο
1092 2220 1351 2289 δηλοῦντα
1432 2220 1877 2303 προανετάξαμεν,

223 2311 379 2390 ὀλίγα
434 2310 486 2367 δὲ
544 2313 632 2368 καὶ
689 2319 776 2369 νῦν
829 2312 960 2390 πρὸς
1022 2309 1384 2390 ἐντελεστέραν
1450 2315 1549 2378 τῆς
1628 2310 1879 2376 τοιαύτης

223 2399 435 2463 ἐννοίαις
518 2398 800 2479 διάγνωσιν
872 2400 1337 2479 καταστρώσομεν,
1412 2390 1475 2456 Ἠ
1565 2399 1664 2478 γὰρ
1729 2400 1881 2476 βάσις

222 2486 478 2552 ἄπειστος
535 2494 613 2562 τῷ
670 2490 1028 2568 Χριστωνύμῳ
1108 2487 1223 2562 λαῷ
1290 2490 1466 2568 φανεὶς
1536 2485 1655 2544 κατ’
1733 2487 1883 2546 εὐσέ-

222 2575 371 2633 ϐειαν
442 2580 468 2633 ὁ
514 2578 674 2655 σοφὸς
730 2579 818 2634 καὶ
875 2576 1041 2654 μέγας
1117 2575 1391 2641 Βασίλειος
1451 2576 1505 2631 ἐν
1560 2583 1637 2651 τῷ
1686 2574 1887 2649 δεκάτῳ

226 2664 411 2745 ὀγδόῳ
491 2673 597 2722 τῶν
683 2668 813 2744 πρὸς
896 2665 1249 2746 Ἀμφιλόχιον
1312 2664 1631 2745 κεφαλαίων,
1704 2671 1887 2744 πρῶτα

228 2754 329 2830 μὲν
373 2754 496 2826 περὶ
549 2756 862 2832 θεογνωσίας
925 2757 1015 2811 τὸν
1070 2753 1229 2832 λόγον
1270 2754 1614 2829 ποιούμενος,
1665 2747 1727 2810 Ἠ
1771 2755 1887 2809 τοί-

227 2868 315 2903 νυν
375 2841 517 2917 ὁδός,
611 2841 778 2921 λέγει,
840 2848 938 2910 τῆς
1007 2844 1321 2922 θεογνωσίας
1394 2843 1532 2899 ἐστὶν
1600 2843 1706 2899 ἀπὸ
1774 2843 1889 2906 ἐνὸς

228 2933 539 3008 Πνεύματος
621 2928 706 2987 διὰ
775 2932 868 2988 τοῦ
959 2932 1074 2995 ἑνὸς
1135 2933 1256 2989 1⁸ἱοῦ
1339 2931 1423 2989 ἐπὶ
1477 2934 1567 2988 τὸν
1626 2930 1715 2986 ἕνα
1771 2937 1888 2986 Πα-

225 3022 379 3100 τέρα.
442 3026 661 3083 Πάντως
751 3024 809 3079 οῦ
889 3028 1052 3079 ταῦτα
1120 3019 1514 3097 διαλαμϐάνων,
1601 3019 1891 3096 ἐπειδήπερ

225 3111 393 3185 ἡμεῖς
441 3111 543 3177 τὴν
583 3110 734 3187 ἁγίαν
785 3106 978 3188 Τριάδα
1018 3109 1202 3166 τοῦτον
1251 3111 1340 3167 τὸν
1396 3111 1589 3189 τρόπον
1647 3108 1887 3186 ἐπέγνω-

227 3220 329 3275 μεν
366 3215 381 3229 ’
447 3197 531 3254 διὰ
575 3199 677 3277 γὰρ
731 3206 824 3257 τοῦ
880 3204 1203 3277 Μυνογενοῦς
1257 3198 1610 3278 σαρκωθέντος
1657 3199 1747 3253 τὸν
1784 3203 1890 3251 Πα-

1962 2037 2245 2116 Spiritum
2296 2049 2564 2099 sanctum
2615 2040 2774 2100 clare
2824 2050 3148 2119 aperteque
3191 2046 3610 2124 pronuntiant,

1961 2128 2229 2206 quaedam
2265 2126 2588 2206 symbolice
2628 2126 2685 2188 id
2733 2127 2892 2189 idem
2917 2128 3193 2207 innuunt,
3230 2134 3614 2212 praeﬁximus,

1962 2233 2148 2296 pauca
2178 2235 2333 2275 nunc
2362 2234 2500 2276 vero
2532 2217 2602 2276 ad
2637 2216 3063 2278 absolutiorem
3096 2221 3345 2300 hujusce
3374 2234 3613 2285 senten-

1962 2304 2059 2363 tiae
2090 2302 2493 2381 dignationem
2526 2310 3087 2387 apponemus.Nam
3125 2309 3225 2388 qui
3266 2309 3612 2375 ﬁrmamen-

1969 2402 2093 2453 tum
2125 2391 2546 2453 inconcussum
2582 2392 2815 2473 pietatis
2855 2395 3204 2459 Christianae
3250 2401 3467 2478 populo
3501 2402 3616 2463 fuit

1970 2498 2221 2557 magnus
2246 2480 2602 2562 sapiensque
2633 2483 2885 2544 Basilius
2916 2484 3151 2547 decimo
3181 2497 3382 2550 octavo
3424 2490 3615 2570 cap-ite

1969 2569 2042 2629 ad
2073 2570 2580 2650 Amphilochium,
2614 2590 2748 2632 cum
2770 2572 2844 2632 de
2875 2572 2981 2634 Dei
3012 2575 3352 2651 cognitione
3379 2569 3613 2641 sermo-

1968 2676 2106 2719 nem
2145 2659 2311 2737 prius
2342 2659 2665 2741 habuisset,
2689 2660 3014 2723 subditzAd
3047 2664 3232 2726 Deum
3254 2683 3615 2746 cogitassen-

1970 2747 2113 2808 dum
2143 2749 2244 2808 via
2276 2755 2363 2811 est
2392 2749 2469 2810 ab
2496 2766 2617 2810 uno
2646 2750 2890 2831 Spiritu
2907 2768 3021 2830 per
3048 2770 3241 2814 unum
3266 2753 3500 2818 Filium
3536 2757 3619 2819 ad

1968 2852 2159 2897 unum
2184 2836 2585 2902 Patrem.Non
2618 2838 2743 2899 haec
2774 2847 2969 2900 tamen
2995 2858 3063 2900 ea
3092 2841 3322 2903 ratione
3347 2843 3613 2923 dictavit,

1970 2926 2136 3003 quasi
2161 2924 2356 2986 divina
2388 2923 2647 2986 Trinitas
2675 2946 2708 2986 a
2739 2927 2912 2987 nobis
2942 2946 3012 2988 eo
3046 2930 3222 2990 modo
3254 2931 3456 3008 agnita
3485 2934 3563 2993 sit
3597 2953 3614 2995 :

1973 3030 2080 3089 per
2126 3010 2504 3091 Uuigenitum
2550 3012 2847 3092 siquidem
2893 3015 3264 3078 incarnatum
3298 3017 3483 3079 Patris
3532 3021 3619 3082 uti

1972 3101 2251 3181 Patris,et
2284 3100 2539 3181 Spiritus
2586 3100 2980 3181 cognitionem
3029 3104 3364 3181 habuimus,
3403 3108 3507 3169 sed
3540 3110 3612 3170 ad

1970 3189 2158 3251 Deum
2187 3192 2666 3270 cognoscendum
2690 3192 2861 3254 nobis
2882 3193 3024 3254 satis
3056 3199 3612 3274 peraccommodam

223 3289 352 3369 τέρα
398 3289 530 3345 καθὸ
563 3286 770 3366 Πατέρα
826 3288 915 3344 καὶ
954 3288 1014 3343 τὸ
1069 3293 1283 3363 Πνεῦμα
1335 3288 1396 3343 τὸ
1437 3286 1589 3364 ἅγιον
1644 3285 1886 3362 ἑπεγιὼ-

1973 3296 2056 3340 sei
2076 3280 2213 3351 iem,
2242 3280 2325 3340 uti
2347 3298 2478 3340 sese
2501 3278 2759 3342 Trinitas
2786 3283 2915 3343 vita:
2945 3284 3167 3344 auctrix
3191 3283 3613 3367 habeat,quam

222 3398 417 3454 κειμεν
453 3393 468 3408 ·
516 3376 616 3444 τὴν
659 3374 714 3431 δὲ
775 3381 844 3452 τῇ
886 3378 1175 3454 θεογνωσὶᾳ
1234 3376 1536 3456 πρέπουσαν
1577 3376 1706 3454 πρὸς
1750 3376 1891 3444 ἡμᾶς

222 3466 570 3546 ἀκολουθίαν,
627 3466 699 3530 ὡς
791 3466 825 3532 ἡ
899 3467 1180 3545 ζωαρχικὴ
1250 3465 1407 3545 Τριὰς
1488 3463 1621 3543 ἔχει
1660 3460 1891 3538 μάλιστα

222 3555 590 3637 διερμηνεύων
667 3555 756 3610 καὶ
825 3559 1095 3619 συντιθεὶς.
1176 3555 1274 3612 Καὶ
1358 3559 1523 3610 ταῦτα
1608 3552 1704 3627 μὲν
1774 3550 1891 3628 περὶ

221 3644 551 3724 θεογνωσίας
612 3641 872 3718 διέξεισιν,
962 3642 1197 3722 ἐχόμενα
1255 3640 1309 3697 δὲ
1366 3642 1561 3698 τούτων
1615 3641 1703 3697 καὶ
1783 3662 1889 3697 κα-

222 3733 381 3803 θεξῆς
472 3735 613 3797 αὖθις
682 3755 813 3812 φησι
849 3747 864 3762 ⁶
942 3734 1041 3789 Καὶ
1094 3729 1353 3788 ἀνάπαλιν
1410 3732 1445 3798 ἡ
1499 3729 1695 3809 φυσικὴ
1750 3727 1889 3806 ἀγα-

220 3826 418 3903 θότης,
465 3823 553 3879 καὶ
608 3823 635 3878 ὁ
677 3823 814 3878 κατὰ
885 3820 1034 3902 φύσιν
1105 3820 1390 3896 ἁγιασμὸς,
1450 3820 1537 3875 καὶ
1596 3818 1658 3873 τὸ
1727 3817 1884 3892 βασι-

218 3912 376 3970 λικὸν
435 3911 641 3987 ἀξίωμα
709 3911 770 3967 ἐκ
822 3918 915 3968 τοῦ
975 3911 1178 3989 Πατρὸς
1236 3907 1320 3968 διὰ
1390 3917 1482 3967 τοῦ
1564 3913 1887 3984 Μονογενοῦς

221 4004 313 4060 ἐπὶ
368 4004 435 4059 τὸ
507 4007 719 4077 Πνεῦμα
809 3998 1003 4070 διήκει,
1084 3998 1234 4056 Οὕτω
1311 4000 1399 4055 καὶ
1464 3999 1515 4052 αἱ
1573 3995 1886 4057 ὑποστάσεις

222 4090 643 4168 ὁμολογοῦνται,
687 4091 777 4144 καὶ
817 4090 879 4145 τὸ
937 4085 1142 4150 εὐσεϐὲς
1225 4086 1398 4164 δόγμα
1454 4086 1549 4153 τῆς
1594 4084 1887 4163 μοναρχίας

219 4185 283 4240 οῦ
343 4178 642 4237 διαπίπτει.
696 4176 904 4251 Συνῳδὺ
956 4176 1126 4250 τούτῳ
1172 4173 1401 4232 διδάσκει
1456 4174 1543 4230 καὶ
1600 4170 1887 4252 Γρηγόριος

220 4273 249 4325 ὁ
297 4268 473 4346 μέγας
528 4267 616 4324 καὶ
657 4264 1100 4343 θεολογικώτατος
1144 4270 1287 4337 νοῦς,
1334 4265 1362 4319 ὁ
1413 4263 1510 4330 τὴν
1566 4259 1887 4327 Ἐκκλησίαν

220 4364 360 4416 Θεοῦ
415 4363 484 4432 τῷ
525 4378 582 4412 τε
616 4360 713 4423 τῆς
774 4352 1001 4418 διανοίας
1058 4352 1178 4429 ὕψει
1237 4353 1325 4409 καὶ
1365 4358 1443 4424 τῷ
1489 4355 1592 4407 τῶν
1637 4349 1887 4432 ῥημάτων

218 4447 375 4527 ὄγκῳ
422 4444 789 4524 λαμπροτέραν
848 4443 1305 4522 ἀπεργασάμενος,
1365 4441 1421 4505 ὃς
1481 4440 1536 4496 ὲν
1599 4452 1729 4527 τοῖς,
1773 4431 1891 4517 περὶ

215 4526 519 4616 Παρθενίας
583 4533 794 4598 οἰκείοις
852 4531 1031 4589 ἔπεσιν
1106 4530 1244 4588 οὕτω
1313 4532 1399 4586 καὶ
1469 4531 1618 4593 οὗτος
1678 4526 1891 4616 εὕρηται

214 4612 591 4706 φθεγγόμενος
633 4622 718 4680 ἐπὶ
788 4621 977 4688 λέξεων
1004 4637 1020 4653 ⁸
1082 4619 1182 4685 Εἷς
1241 4621 1389 4706 Θεὸς⁸
1427 4619 1488 4677 ἐκ
1543 4616 1761 4706 γενέταο
1820 4612 1953 4706 δι’ῌῡ

1972 3369 2205 3451 optime
2252 3369 2619 3450 intepretans
2669 3379 2845 3450 atque
2900 3390 3289 3451 componens.
3352 3373 3422 3436 Et
3487 3377 3614 3439 haec

1973 3450 2212 3537 quidem
2247 3458 2320 3519 de
2350 3457 2456 3520 Dei
2494 3459 2830 3538 cognitione
2880 3450 3256 3540 pronuntiata
3283 3462 3356 3524 ab
3387 3463 3462 3524 iis
3494 3465 3612 3526 mi-

1970 3546 2131 3606 nime
2162 3546 2391 3608 diversa
2413 3558 2571 3624 sunt,
2609 3566 2740 3628 quae
2769 3547 2921 3610 infra
2951 3549 3130 3612 dicit:
3169 3550 3255 3614 Et
3282 3553 3410 3615 vice
3439 3571 3614 3616 versu

1969 3635 2276 3697 naturalis
2304 3635 2564 3718 bonitas,
2596 3646 2656 3699 et
2685 3639 2859 3718 regia
2896 3638 3164 3719 dignitas
3192 3657 3267 3703 ex
3297 3640 3486 3704 Patre
3498 3659 3618 3723 per

1976 3723 2367 3804 Um‘genitum
2386 3726 2451 3787 in
2473 3727 2776 3803 Spiritum
2785 3736 3063 3790 sanctum
3075 3729 3501 3807 peruenitﬂac
3514 3749 3614 3792 ra-

1971 3812 2131 3875 tione
2154 3822 2211 3875 et
2230 3815 3230 3896 hypostasesasseruntur,etpinum
3258 3820 3621 3882 monarcbiaa

1970 3901 2185 3980 dogma
2214 3922 2331 3963 non
2350 3903 2665 3966 delebitur.
2701 3902 2806 3965 His
2829 3924 2944 3967 non
2964 3904 3277 3968 dissimilia
3306 3909 3481 3970 docet
3499 3928 3616 3971 ma-

1969 4012 2117 4072 gnus
2130 4014 2365 4076 quoque
2386 3995 2798 4075 Gregorius,in
2829 3996 3009 4059 rebus
3022 3998 3370 4079 theologicis
3387 4000 3617 4064 discer-

1970 4083 2182 4143 nendis
2214 4102 2383 4144 mens
2412 4085 2705 4146 acerrima
2731 4136 2744 4160 ,
2777 4085 2878 4165 qui
2907 4085 3234 4149 Ecclesiam
3281 4090 3389 4152 Dei
3419 4100 3476 4152 et
3507 4110 3613 4154 co-

1969 4171 2317 4249 gitationum
2348 4171 2732 4253 sublimitate,
2765 4188 2826 4234 et
2854 4174 3168 4236 verborum
3222 4177 3616 4257 amplitudine

1971 4259 2321 4322 lucidiorem
2355 4261 2613 4323 reddidit
2641 4262 2903 4323 carmine
2936 4262 3175 4343 proprio
3206 4264 3282 4326 de
3305 4264 3618 4346 Virglnita-

1972 4356 2030 4408 te
2061 4349 2210 4424 haec,
2244 4357 2306 4409 ut
2320 4348 2547 4428 jacent,
2570 4348 2751 4411 verba
2779 4368 3105 4431 usurpans:
3141 4354 3307 4416 Unus
3336 4355 3497 4417 Deus
3540 4374 3617 4419 ex

1972 4435 2248 4499 Genitore
2270 4455 2378 4516 per
2399 4437 2634 4501 Filium
2655 4444 2718 4500 in
2752 4456 3044 4519 magnum
3072 4439 3400 4522 Spiritum,
3422 4461 3614 4507 rema-

1972 4533 2155 4587 nente
2196 4525 2433 4589 Deitate
2459 4528 2527 4589 in
2551 4529 2830 4607 perfectis
2853 4529 3145 4609 perfecta.

216 4694 385 4776 Ῠὶέός-
433 4694 512 4775 ἐἰς
569 4713 707 4791 μέγα
762 4717 997 4786 Πνεῦμα,
1041 4708 1329 4785 ἱσταμένης
1366 4694 1636 4775 ’θεότητος
1682 4704 1756 4762 ἐνὶ
1788 4702 2010 4761 τελέοισι
2054 4704 2283 4773 τελείης.

304 4792 432 4879 μα’.
494 4802 701 4859 Τούτων
764 4801 1012 4857 ἁπάντων
1083 4799 1309 4878 ὡσπερεὶ
1362 4798 1582 4877 κορωνὶς
1638 4796 1726 4852 καὶ
1793 4815 1889 4849 κε-

220 4892 464 4975 φάλαιον
508 4898 692 4966 μεῖζον
750 4892 837 4947 καὶ
887 4889 1279 4968 κραταιότερον,
1334 4889 1393 4943 οὗ
1433 4888 1521 4943 καὶ
1577 4882 1739 4975 λόγος
1794 4886 1887 4942 οὒ-

218 4971 331 5045 δεὶς
380 4979 650 5059 ἐφικέσθαι
680 4976 956 5049 δυνήσεται
1006 4979 1136 5056 πρὸς
1175 4973 1498 5055 ἀντίρῤησιν,
1553 4976 1615 5030 τὸ
1666 4971 1759 5029 διὰ
1798 4978 1889 5028 τοῦ

218 5075 566 5146 Μονογενοῦς
597 5067 830 5124 ἒνοῦσθαι
872 5068 949 5142 τῷ
994 5067 1157 5134 Πατρὶ
1211 5067 1274 5121 τὸ
1329 5069 1542 5139 Πνεῦμα
1597 5064 1658 5118 τὸ
1712 5062 1885 5139 ἅγιον,

225 5161 329 5216 Διὸ
389 5158 485 5214 καὶ
525 5155 748 5221 δεόντως
804 5155 902 5212 ὅσα
960 5157 1046 5212 καὶ
1087 5161 1241 5234 κῦρος
1299 5153 1494 5216 παντός
1537 5174 1628 5227 μοι
1667 5157 1760 5207 τοῦ
1787 5147 1886 5206 λό-

220 5270 324 5327 γου
383 5247 700 5326 τετήρηται,
747 5246 835 5301 καὶ
865 5247 1081 5325 σφραγὶς
1138 5244 1234 5302 οἷα
1289 5265 1371 5307 τις
1430 5238 1883 5327 ἀνεπιϐούλευτος.

2052 4792 2119 4853 4t
2139 4841 2152 4856 .
2185 4792 2411 4855 Horum
2437 4794 2701 4857 omnium
2733 4796 2915 4859 veluti
2944 4797 3182 4861 coronis
3211 4806 3270 4861 et
3285 4809 3460 4881 caput
3483 4820 3613 4864 ma-

1965 4885 2066 4964 jus
2095 4903 2162 4975 ac
2192 4885 2443 4963 ﬁrmius,
2476 4887 2546 4948 ad
2594 4888 2752 4968 quod
2800 4890 3197 4953 refellendum
3246 4893 3408 4956 nulla
3461 4893 3614 4975 potis

1970 4974 2152 5036 fuerit
2180 4976 2393 5051 oratio,
2429 4995 2536 5056 per
2562 4975 2942 5057 Unigenitum
2990 4997 3206 5060 nempe
3254 4983 3413 5045 Patri
3462 4974 3613 5045 eon-

1964 5065 2135 5144 jungi
2172 5064 2455 5145 Spiritum
2482 5078 2775 5133 sanctum.
2815 5069 3011 5142 Quare
3037 5073 3372 5147 commode,
3427 5074 3611 5136 veluti

1970 5166 2145 5234 caput
2177 5162 2236 5216 et
2264 5155 2442 5217 cardo
2464 5175 2609 5218 mea»
2631 5158 2917 5219 orationis
2940 5159 3225 5222 universa:
3249 5170 3609 5224 reservatum

1972 5252 2081 5332 est,
2144 5251 2203 5303 et
2259 5242 2333 5304 ab
2392 5244 2625 5306 insidiis
2671 5254 2856 5308 tutum
2906 5247 3189 5326 sigillum.
3247 5248 3512 5332 Namque
3560 5250 3611 5312 si
3691 5291 3695 5296 ι

216 5326 280 5395 Εἰ
343 5335 454 5414 γὰρ
507 5336 607 5403 τὴν
651 5334 874 5401 ἑνότητα
914 5335 1013 5400 τὴν
1064 5334 1194 5413 πρὸς
1252 5334 1343 5388 τὸν
1398 5328 1620 5422 Πατέρα
1656 5326 1747 5385 διὰ
1796 5334 1886 5422 τοῦ

1971 5330 2251 5422 unionem
2285 5350 2416 5393 cum
2452 5334 2624 5395 Patre
2654 5353 2761 5415 per
2808 5334 3024 5398 Filium
3068 5337 3323 5418 Spiritus
3354 5326 3609 5422 obtinet,

219 5425 352 5481 Υἱοῦ
410 5423 478 5479 τὸ
533 5430 747 5498 Πνεῦμα
804 5422 1051 5493 πλουτεῖ,
1097 5426 1211 5486 πῶς
1271 5424 1365 5479 οῦκ
1403 5418 1465 5476 ἂν
1524 5419 1779 5510 ὒπάρχειν

1969 5420 2264 5499 quomodo
2301 5439 2419 5481 non
2448 5423 2790 5485 necessario
2812 5432 2870 5485 et
2890 5443 2998 5505 per
3017 5416 3210 5506 ipsum
3228 5429 3366 5507 jure
3388 5416 3611 5510 optimo

214 5513 474 5591 ἀνάγκης
527 5515 616 5570 καὶ
651 5510 718 5568 δι’
771 5511 927 5569 αὒτοῦ
971 5509 1184 5574 δικαίως
1267 5509 1614 5587 πιστεύοιτο,
1673 5507 1774 5563 Τοῦ
1829 5503 1884 5561 δὲ

1969 5508 2294 5570 credetur?
2321 5509 2511 5589 Hujus
2566 5511 2683 5573 ﬁde
2737 5503 2908 5591 digni
2961 5503 3140 5576 tes—tes
3187 5503 3361 5597 plane
3391 5503 3612 5581 fuerint

212 5602 447 5663 πάντως
530 5601 794 5682 ἆ,ιόχρε·ρ
875 5600 1129 5688 μάρτυρες
1217 5600 1245 5656 ὃ
1300 5619 1357 5688 τε
1414 5596 1582 5676 μέγας
1629 5593 1882 5688 μἈθανά-

1969 5615 2215 5676 magnus
2262 5598 2615 5661 Athanasius
2663 5608 2722 5663 et
2767 5600 3042 5679 Basilius,
3076 5593 3500 5688 ille'siquidem
3532 5605 3609 5668 ad

214 5711 337 5757 σιος
398 5690 495 5746 καὶ
552 5690 845 5756 Βασίλειος.
910 5682 968 5747 Ὀ
1027 5690 1124 5767 μὶν
1192 5688 1293 5768 γὰρ
1337 5685 1391 5742 ἓν
1444 5690 1512 5763 τῇ
1553 5684 1684 5765 πρὸς
1722 5688 1884 5764 Σερα-

1969 5688 2351 5767 Serapionem
2381 5688 2633 5771 epistola
2662 5690 2737 5753 de
2766 5690 2991 5774 Spiritu
3018 5702 3222 5757 sancto
3253 5682 3380 5763 hac
3403 5695 3604 5763 habet:
