4208 6290
632 350 787 416 1138

1730 347 2261 418 CONSTANTINI
2306 345 2888 420 ΜΕΜΤΕΝΙΟΤΔΒ.

3853 343 3981 410 113.6

625 484 830 564 Neque
856 484 1021 548 enim
1070 490 1158 548 est
1211 489 1390 548 extra
1425 480 1688 546 Verbum
1737 480 2034 563 Spiritus,
2078 481 2182 544 sed
2209 483 2274 542 iu

2359 479 2528 535 πίωνα
2580 481 2698 558 περὶ
2767 490 2858 538 τοῦ
2932 481 3079 558 ἁγίου
3173 480 3474 555 Πνεύματος
3548 477 3811 556 ἐπιστολῇ
3886 477 3989 534 τάδε

636 571 825 637 Verbo
857 592 992 638 cum
1019 575 1198 649 sit,in
1229 571 1356 636 Deo
1378 589 1492 652 per
1511 573 1710 652 ipsum
1741 568 1927 633 est.Et
1950 569 2154 649 paucis
2170 569 2273 631 ad-

624 663 799 742 jectis
826 663 1138 744 :Spiritus
1166 669 1370 724 autem
1399 677 1534 724 cum
1577 661 1645 722 iu
1685 657 1878 722 Verbo
1905 660 2278 736 sit,maui/e-

622 759 782 816 stum
811 754 1014 833 fuerit,
1051 753 1117 813 in
1149 750 1273 813 Deo
1304 767 1431 812 esse
1489 767 1597 830 per
1640 749 1897 811 Verbum
1949 749 2274 828 Spiritum.

625 840 876 902 Basilius
930 857 1066 900 vero
1118 837 1179 899 in
1227 837 1407 900 rebus
1437 836 1653 899 divinis
1687 835 2123 917 pertractandis
2154 835 2279 897 exi-

625 927 781 990 mius
833 927 1070 990 decimo
1126 935 1328 992 octavo
1387 927 1579 1007 capite
1636 925 1710 987 ad
1767 923 2270 1006 Amphilochium,

623 1034 815 1079 unum
836 1025 1116 1080 sanctum
1139 1015 1439 1095 Spiritum
1473 1014 1673 1088 tradit,
1692 1031 1805 1094 per
1826 1031 2016 1076 unum
2052 1013 2279 1076 Filium

622 1109 734 1168 uni
753 1106 932 1169 Patri
963 1107 1373 1186 coniunctum.
1399 1103 1524 1167 Hoc
1572 1103 1730 1166 idem
1783 1111 1844 1165 et
1874 1105 2273 1165 Damascenus

623 1195 861 1277 sapiens
886 1193 1152 1258 Joannes
1185 1195 1376 1276 capite
1408 1195 1481 1256 de
1507 1194 1634 1255 loco
1688 1191 1790 1253 Dei
1835 1192 2047 1254 iisdem
2079 1191 2274 1252 verbis

625 1284 970 1366 expressit:
1007 1286 1274 1365 Spiritus
1334 1285 1438 1364 qui
1490 1301 1604 1364 per
1655 1281 1887 1343 Filium
1915 1280 2093 1342 Patri
2123 1297 2272 1342 cou-

611 1378 927 1457 jungitur.
979 1377 1054 1438 Et
1097 1375 1226 1436 haec
1286 1373 1527 1455 quidem
1600 1380 1739 1434 sunt
1803 1390 1837 1433 a
1889 1371 2104 1433 divinis
2161 1374 2274 1434 Pa-

629 1463 819 1526 tribus
877 1463 953 1526 de
1009 1464 1122 1525 hoc
1193 1462 1614 1543 pronuntiata,
1674 1479 1805 1542 quae
1873 1460 2275 1523 dubitationes

627 1571 837 1614 omnes
865 1559 1042 1633 atque
1074 1552 1479 1613 dissensiones
1511 1552 1685 1630 longe
1715 1549 1978 1629 gentium
2003 1549 2271 1629 pellunt:

628 1641 894 1722 quinimo
927 1659 1102 1703 nemo
1135 1641 1255 1704 illis
1281 1640 1691 1704 contradicere
1714 1638 1981 1713 audebit,
2016 1646 2076 1700 et
2124 1638 2273 1701 erit-

2359 567 2517 646 φησίν
2551 584 2564 596 ’
2629 569 2701 625 Οὒ
2757 569 2856 648 γὰρ
2911 570 3061 633 ἐκτὸς
3120 568 3228 624 ἐστι
3311 575 3406 626 τοῦ
3461 568 3630 645 Λόγου
3671 571 3738 624 τὸ
3778 573 3989 640 Πνεῦμα,

2358 653 2480 712 ἀλλ’
2535 659 2591 712 ἒν
2646 663 2724 732 τῷ
2781 658 2938 736 Λόγῳ
2993 658 3074 734 ὃν,
3117 657 3170 714 ἐν
3227 665 3304 732 τῷ
3375 664 3491 732 Θεῷ
3532 656 3597 713 δι’
3658 659 3823 714 αὐτοῦ
3876 659 3992 712 ἐστι.

2361 745 2461 801 Καὶ
2515 744 2632 820 μετ’
2693 743 2843 824 ὀλίγα
2879 765 2890 777 ·
2973 753 3076 804 Τοῦ
3131 743 3186 802 δὲ
3246 746 3549 820 Πνεύματος
3607 743 3760 810 ὄντος
3818 744 3868 799 ἐν
3933 752 3995 817 τῷ

2360 834 2538 912 Λόγῳ,
2599 833 2758 901 δῆλον
2817 834 2878 890 ἅν
2937 833 3030 901 εἴη
3059 836 3133 897 ὡς
3179 836 3265 891 καὶ
3318 837 3374 890 ὶν
3426 841 3502 908 τῷ
3553 840 3668 908 Θεῷ
3699 834 3769 901 ἦν
3799 831 3882 888 διὰ
3922 836 3996 888 τοῦ

2361 923 2531 1000 Λόγου
2572 924 2634 979 τὸ
2704 928 2937 998 Πνεῦμα.
3003 914 3060 981 εΟ
3113 920 3169 978 δὲ
3224 921 3389 986 πολὺς
3439 923 3506 979 τὰ
3560 927 3678 978 θεῖα
3743 920 3996 982 Βασίλειος

2359 1009 2412 1065 ἐν
2457 1015 2533 1086 τῷ
2575 1009 2779 1085 δεκάτῳ
2833 1009 3006 1089 ὀγδόῳ
3068 1017 3173 1068 τῶν
3233 1013 3364 1090 πρὸς
3409 1009 3779 1090 Ἀμφιλόχιον
3845 1029 3996 1088 κεφα-

2358 1097 2545 1180 λαίων,
2613 1091 2721 1158 "Ev
2776 1098 2831 1156 δὲ
2886 1102 2974 1158 καὶ
3030 1103 3091 1158 τὸ
3161 1101 3346 1180 ἅγιον,
3395 1099 3562 1179 λέγει,
3646 1106 3866 1174 Πνεῦμα
3945 1096 3997 1152 δι’

2355 1189 2470 1252 ἐνὸς
2544 1190 2666 1246 Υἱοῦ
2719 1193 2798 1264 τῷ
2855 1190 2927 1246 ἐνὶ
2981 1192 3144 1270 Πατρὶ
3213 1192 3628 1264 συναπτόμενον,
3709 1196 3879 1246 Τοῦτο
3928 1197 3999 1248 καὶ

2356 1278 2383 1332 ὁ
2444 1277 2790 1352 Δαμασκόθεν
2869 1279 3032 1357 σοφός
3111 1276 3359 1345 Ἰωάννης
3416 1277 3470 1332 ἐν
3526 1284 3604 1352 τῷ
3659 1277 3785 1346 περὶ
3857 1275 3999 1331 τόπου

2360 1372 2490 1422 Θεοῦ
2546 1365 2818 1444 κεφαλαίῳ
2860 1381 3227 1446 μυσταγωγεῖ,
3314 1369 3545 1444 ῥήμασιν
3617 1366 3810 1428 αὒτοῒς
3883 1365 4002 1419 οὕτω

2359 1453 2582 1530 διεξιὼν,
2631 1461 2843 1531 Πνεῦμα
2905 1458 2967 1512 τὸ
3052 1455 3136 1512 διὰ
3188 1457 3309 1513 Υἷοῦ
3389 1463 3466 1529 τῷ
3537 1458 3701 1534 Πατρὶ
3763 1456 4004 1510 συναπτό-

2360 1565 2543 1619 μενον.
2599 1553 2824 1604 Τοιαῦτα
2873 1548 2962 1603 καὶ
3003 1548 3120 1625 περὶ
3163 1547 3344 1603 τούτου
3374 1548 3493 1610 τοῖς
3525 1547 3808 1625 θεοφόροις
3839 1542 4002 1600 τοῖσδε

2360 1635 2592 1714 Πατράσι
2659 1632 2979 1716 διείληπται,
3067 1635 3244 1715 πόρῤω
3301 1635 3566 1714 βάλλοντα
3619 1635 3868 1712 καθαρῶς
3917 1633 4004 1698 τὴν

630 1721 728 1806 ne,
765 1738 864 1793 aut
898 1731 1130 1793 iuturus
1163 1739 1250 1793 est
1299 1729 1396 1790 vir
1453 1738 1634 1794 tanta
1663 1727 1930 1789 audaciae
1975 1736 2150 1804 atque
2185 1737 2274 1788 te-

2361 1721 2677 1804 ἀμιριόολίαν
2705 1725 2794 1779 καὶ
2820 1726 2918 1793 τὴν
2947 1723 3243 1804 διχόνοιαν·
3277 1723 3462 1800 ἀμέλει
3515 1746 3595 1780 τοι
3623 1726 3713 1780 καὶ
3744 1725 3810 1778 τὸ
3838 1723 4001 1800 παρά-

635 1800 1060 1902 meritatis,qui
1091 1824 1326 1884 Patrum
1369 1820 1518 1882 adeo
1546 1818 1856 1881 manifesta
1898 1800 2137 1880 decreta
2171 1836 2274 1878 co-

2359 1800 2462 1869 παν
2508 1809 2672 1878 οὐδεὶς
2731 1811 2793 1868 ἂν
2843 1800 3042 1878 αὐτοῖς’
3083 1813 3475 1894 ἐπιχειρήσειεν
3526 1815 3828 1871 ἀντειπεῖν.
3887 1800 4004 1889 Ἆρα

637 1909 876 1972 nabitur
905 1917 1174 1972 evertere
1205 1927 1371 1990 aeque
1399 1916 1574 1989 atque
1598 1906 1859 1990 fastidiat
1888 1907 2042 1968 dicta
2070 1923 2274 1967 eorum

2361 1901 2460 1981 γὰρ
2488 1901 2727 1980 γέγονεν,
2786 1903 2823 1971 ἢ
2874 1904 3153 1981 γενήσεταί
3217 1926 3297 1969 τις
3367 1903 3452 1959 ἐπὶ
3507 1914 3760 1963 τοσοῦτον
3806 1901 4002 1976 τόλμης

632 1999 824 2080 sequi,
861 2007 920 2061 et
943 1999 1121 2061 aliam
1153 1985 1885 2077 theologizeviam‘secare
1934 1995 2274 2070 contendat,

2359 2013 2446 2046 και
2503 1991 2722 2070 θράσους
2793 1991 2939 2060 ἥκων
3017 1992 3172 2071 ἀνὴρ,
3238 1991 3295 2056 ὅς
3354 1992 3662 2072 ἀνατρέπειν
3732 1994 4005 2072 πειρᾶσθαι

631 2078 800 2170 quasi
829 2106 964 2152 vero
996 2089 1094 2151 hic
1114 2088 1173 2150 in
1203 2087 1495 2163 profunda
1523 2085 1782 2166 Spiritus
1821 2086 2185 2166 prospicere,
2220 2093 2274 2146 et

2359 2079 2423 2170 τὶι
2481 2081 2636 2170 παρὰ,
2665 2087 2772 2136 τῶν
2828 2081 2990 2158 ἆγίων
3049 2083 3186 2136 οὓτω
3242 2078 3517 2160 προδήλως
3570 2081 3865 2160 λεγόμενα,
3923 2101 4005 2134 κα-

631 2168 796 2240 novis
824 2177 966 2239 inde
991 2175 1594 2258 contemplationibus
1642 2175 1863 2254 repleri
1917 2173 2274 2255 przesumat'!

2359 2168 2521 2247 θάπερ
2593 2168 2685 2224 οὒκ
2742 2171 3021 2248 ἀγαπητὸν
3091 2172 3385 2247 ἡγούμενος
3456 2183 3574 2234 τοῖς
3635 2169 3772 2249 πρός
3847 2170 4002 2226 α’δὼ

630 2265 703 2328 Ει
731 2265 865 2348 quis
884 2265 1033 2328 adeo
1057 2255 1351 2347 superbus
1369 2274 1428 2327 et
1449 2263 1932 2344 arrogantissime
1951 2264 2274 2343 sejactans,

2361 2255 2656 2334 εἰρημένοις
2715 2258 3017 2339 ἐφέπεσθαι,
3076 2258 3286 2335 τέμνειν
3328 2256 3560 2315 σπεύδων
3629 2257 3819 2336 ἑτέραν
3891 2260 4004 2313 θεοσ-

633 2342 767 2416 ἱιηό
805 2354 1054 2416 demens
1103 2342 1170 2416 ac
1217 2355 1450 2428 stultus,
1488 2342 1695 2432 qui‘de
1736 2370 1800 2413 se
1833 2342 2142 2430 magniﬁca
2168 2342 2274 2412 ista

2359 2342 2542 2422 λογίας
2615 2344 2756 2426 ὁδὸν,
2831 2346 2921 2402 ἅτε
2985 2347 3341 2426 παρακύπτειν
3408 2349 3563 2404 αὐτὸν
3617 2345 4003 2416 ὰπαυθαδιαζό-

631 2442 910 2519 somniet,
939 2453 997 2504 et
1025 2444 1087 2504 in
1119 2445 1272 2504 viros
1302 2440 1559 2522 Spiritus
1589 2440 1964 2521 impudenter
1984 2439 2274 2516 insurgat?

2361 2454 2518 2508 μενος
2563 2436 2635 2499 εἰς
2681 2436 2745 2491 τὰ
2777 2432 2910 2502 ϐάθη
2965 2443 3058 2492 τοῦ
3117 2436 3442 2512 Πνεύματος,
3501 2437 3587 2493 καὶ
3615 2440 3819 2493 καινῶν
3877 2439 4003 2492 θεω-

629 2550 880 2613 quorum
911 2550 1018 2594 vox
1049 2532 1111 2594 in
1143 2549 1380 2593 omncm
1413 2529 1590 2591 exivit
1619 2538 1864 2598 terram,
1919 2537 1977 2589 et
2029 2527 2089 2588 in
2126 2527 2274 2589 ﬁnes

2360 2528 2485 2598 ριῶν
2558 2523 2759 2580 ἐκεῖθεν
2817 2523 3226 2600 ἐμπίπλασθαις
3287 2527 3384 2583 Καὶ
3426 2525 3504 2588 τίς
3574 2523 3742 2588 οὕτως
3807 2524 4004 2594 ἀλαζὼν

631 2611 794 2680 orbis
816 2627 1106 2681 terrarum
1128 2619 1328 2695 verba,
1360 2627 1479 2681 uta
1508 2617 1630 2678 Deo
1665 2625 1822 2678 mota
1849 2615 1956 2676 Dei
1989 2615 2271 2696 parentis,

2360 2613 2446 2668 καὶ
2523 2613 2877 2693 καυχώμενος
2992 2615 3063 2678 εἰς
3153 2615 3218 2669 τὰ
3273 2611 3496 2694 ἄμετρα,
3557 2613 3765 2690 μᾶλλον
3797 2614 3896 2689 μὲν
3925 2614 4002 2669 οὗν

630 2715 688 2770 et
713 2708 1131 2788 praphetarum
1166 2707 1452 2788 principis
1490 2705 1728 2768 Davidis
1777 2706 1900 2785 lyra
1956 2705 2194 2766 cecinit.
2226 2704 2274 2764 A

2359 2698 2534 2779 δίφρων
2591 2703 2679 2757 καὶ
2737 2703 2959 2777 μάταιος
3003 2704 3075 2766 ὡς
3126 2705 3240 2782 περὶ
3271 2704 3457 2760 ἑαυτοῦ
3493 2705 3560 2760 τὰ
3589 2701 3804 2782 μεγάλα
3855 2704 4001 2756 ταῦτα

571 2818 574 2822 λ
629 2795 845 2875 quibus
899 2796 1067 2857 statis
1116 2795 1484 2875 temporibus
1513 2794 1798 2856 adversus
1829 2792 2104 2873 pietatem
2130 2811 2273 2853 exo-

2359 2791 2724 2868 φαντάζεσθαι,
2811 2793 2897 2847 καὶ
2962 2797 3069 2847 τῶν
3145 2789 3340 2868 ἀνδρῶν
3422 2791 3608 2859 ἀνέδην
3687 2792 4001 2864 κατεπαίρε·

628 2873 854 2946 rientes
883 2873 1429 2965 haeretici,eamque
1457 2885 1536 2945 de
1569 2882 1765 2945 medio
1812 2882 2020 2943 tollere
2047 2880 2274 2943 Satanae

2363 2881 2479 2933 σθαι
2530 2884 2634 2933 τῶν
2677 2887 2769 2936 τοῦ
2819 2880 3172 2954 Πνεύματος;
3229 2883 3303 2935 ὧν
3362 2882 3390 2936 ό
3446 2883 3673 2960 φθόγγος
3730 2873 3810 2944 εἷς
3841 2886 4000 2936 πᾶσαν

629 2973 780 3036 duro
813 2973 1029 3035 robore
1050 2974 1332 3036 audacter
1354 2973 1804 3046 contendentes,
1833 2970 2026 3032 valide
2069 2975 2274 3035 admo-

2362 2965 2544 3034 ἐξῆλθε
2606 2968 2702 3036 τὴν
2756 2972 2882 3046 γῆν,
2927 2970 3015 3025 καὶ
3069 2971 3142 3032 εἷς
3196 2970 3262 3025 τὰ
3303 2970 3501 3047 πέρατα
3536 2975 3635 3037 τῆς
3693 2969 4000 3046 οἰκουμένης

626 3061 768 3124 dum
801 3062 1078 3126 debellati
1131 3071 1286 3137 Sunt,
1323 3063 1534 3141 partim
1569 3061 1910 3140 dogmatum
1944 3063 2274 3139 majestate,

2361 3057 2428 3110 τὰ
2480 3056 2716 3134 ῥήματα,
2776 3058 2913 3112 κατὰ
2966 3057 3066 3124 τὴν
3127 3059 3608 3133 πνευματοκίνητον
3661 3058 3755 3114 τοῦ
3809 3057 3999 3114 θεοπό-

627 3151 800 3214 veluti
835 3152 1078 3214 tonitrui
1111 3153 1363 3233 strepitu
1398 3151 1697 3233 perterriti
1730 3149 2274 3230 concidentes,par—

2360 3165 2513 3222 τορος
2711 3146 3148 3225 προφητάνακτος
3191 3145 3348 3226 λύραν
3394 3145 3578 3206 Δαυίδ.
3640 3147 3742 3212 Οἷς
3792 3150 3842 3204 οἱ
3880 3147 4000 3202 κατὰ

626 3239 730 3300 tim
767 3258 900 3301 cum
933 3232 1250 3303 dedecore
1286 3232 1500 3320 pedem
1548 3240 1904 3320 referentes,
1939 3239 2274 3320 quicunque

2363 3234 2576 3311 καιροὺς
2633 3232 3021 3298 ἐπαναστάντες
3077 3241 3145 3311 τῇ
3200 3234 3432 3308 εὖσεϐείᾳ
3491 3237 3579 3292 καὶ
3633 3237 3839 3304 ταύτην
3899 3234 3998 3301 ἐξαο

624 3345 842 3408 nempe
861 3327 922 3388 in
946 3329 1199 3410 propriae
1216 3319 1514 3391 haereseos
1539 3327 1760 3389 malitia
1777 3327 1846 3389 ad
1864 3319 2040 3389 tinem
2068 3347 2274 3416 usque1

2362 3319 2562 3416 λείψειν
2615 3322 2674 3378 ἐκ
2729 3322 2892 3398 μέσου
2934 3329 3011 3396 τῷ
3052 3326 3144 3380 τοῦ
3184 3326 3358 3381 Σατὰν
3390 3323 3617 3404 χαλεπῷ
3663 3325 3835 3382 σθένει
3889 3329 4000 3402 θρα-

633 3429 877 3496 propter
904 3409 1133 3481 morum
1153 3419 1616 3498 improbitatem,
1653 3415 2128 3497 perstiterunt,et
2155 3409 2274 3496 grai

2364 3409 2500 3474 σέως
2557 3412 2947 3491 ἰσχυριζόμενοι
3004 3414 3140 3469 κατὰ
3181 3413 3371 3492 κράτος
3414 3416 3744 3492 ἡττήθησαν,
3811 3417 3857 3471 οἱ
3914 3413 4000 3489 μέν

625 3503 1006 3565 vissimorum
1059 3517 1546 3584 argumentorum
1597 3506 1758 3566 nulla
1813 3504 2032 3568 divinae
2073 3523 2276 3566 eorum

624 3591 953 3672 sapientiai,
989 3592 1180 3655 fructu
1214 3605 1520 3676 percepto,
1575 3613 1722 3674 quos
1775 3603 2089 3674 propterea
2144 3594 2280 3662 oculi

630 3681 870 3761 quidem
904 3691 1223 3761 potestates
1241 3684 1314 3744 ad
1345 3691 1649 3763 stuporem
1673 3701 1860 3763 usque
1883 3682 2281 3762 suspicientes

631 3768 904 3830 reverita:
931 3779 1093 3845 sunt,
1127 3770 1431 3834 daemones
1459 3788 1597 3833 vero
1629 3788 1862 3832 summo
1891 3770 2105 3831 timore
2137 3790 2278 3852 per-

622 3857 777 3919 culsi
843 3859 1296 3939 pertimuerunt,
1346 3879 1479 3921 cum
1539 3859 1848 3921 universas
1914 3877 2049 3920 suas
2094 3869 2272 3935 artes,

623 3946 874 4026 singulis
905 3949 1116 4011 diebus
1145 3950 1269 4011 suis
1316 3948 1682 4011 administris
1739 3969 1773 4010 a
1823 3967 1889 4010 se
1945 3958 2271 4027 suggestus,

622 4035 901 4100 facultate
932 4037 1114 4099 Verbi
1145 4047 1202 4100 et
1249 4037 1510 4119 Spiritus
1557 4039 1792 4118 penitus
1822 4036 1894 4098 ab
1929 4036 2140 4098 iisdem
2173 4038 2279 4100 de-

619 4123 818 4204 jectas
854 4126 1308 4206 prospicerent?
1335 4126 1455 4206 Ego
1483 4145 1621 4188 vero
1653 4127 1881 4188 nullum
1912 4145 1979 4188 ex
1999 4125 2273 4188 omnibus

623 4213 772 4275 adeo
807 4233 982 4294 pravo
1021 4215 1415 4298 improboque
1445 4216 1644 4278 animo
1680 4234 1812 4278 esse
1870 4233 2026 4290 reor,
2064 4224 2123 4277 et
2151 4233 2272 4277 sum

2365 3505 2433 3576 τῇ
2487 3499 2822 3580 μεγαλοφυΐᾳ
2891 3507 2996 3556 τῶν
3069 3500 3348 3581 δογμάτων
3417 3502 3586 3562 αὐτῶν
3641 3501 4000 3563 ὑποκλιθέντες

2363 3589 2436 3651 ὡς
2496 3587 2622 3668 ἤχῳ
2671 3589 2922 3667 βροντῆς,
2969 3591 3057 3647 καὶ
3109 3593 3312 3655 τούτοις
3366 3590 3689 3672 ὑπείξαντες,
3734 3595 3784 3647 οἱ
3825 3589 3879 3647 δὲ
3920 3593 3999 3647 καὶ

2364 3677 2482 3752 μετ’
2541 3679 2801 3757 αἰσχύνης
2861 3681 3332 3760 ὑποχωρήσαντες,
3391 3678 3504 3736 ὅσοι
3561 3679 3764 3749 δηλαδὴ
3903 3702 3999 3737 κα-

2362 3766 2450 3838 κίᾳ
2507 3775 2602 3839 τῆς
2635 3768 2833 3824 ἑαυτῶν
2873 3771 3118 3848 αἱρέσεως
3176 3767 3259 3824 διὰ
3312 3767 3495 3831 τέλους
3549 3769 3844 3846 ἐνέμειναν,
3890 3793 3996 3846 μη-

2359 3853 2445 3911 δὲν
2496 3855 2816 3933 ἀπονάμενοι
2873 3854 2958 3912 διὰ
3039 3856 3345 3936 φαυλότητα
3419 3858 3614 3937 τρόπου
3685 3865 3752 3934 τῇ
3810 3862 3997 3917 τούτων

2357 3943 2517 4019 ἐνθέῳ
2559 3946 2712 4025 σοφίᾳ
2767 3948 2854 4002 καὶ
2903 3959 3023 4011 τοῖς
3081 3962 3339 4024 γενναίοις
3414 3947 3859 4028 ἐπιχειρήμασιν,
3917 3948 3992 4011 0-3,-

2357 4035 2444 4096 καὶ
2501 4032 2585 4088 διὰ
2625 4041 2789 4090 ταῦτα
2831 4041 2936 4092 τῶν
2993 4035 3224 4114 οὗρανὼν
3279 4037 3378 4113 μὲν
3439 4040 3490 4093 αἱ
3534 4035 3778 4111 δυνάμεις
3838 4061 3992 4095 κατα-

2357 4121 2646 4199 πλαγέντες
2676 4121 2996 4206 ᾐδέσθησαν,
3047 4123 3288 4201 δαίμονες
3342 4123 3397 4182 δὲ
3439 4126 3596 4206 φρίκῃ
3627 4125 3772 4203 δεινῇ
3802 4149 3992 4207 συσχε-

2355 4210 2549 4287 θέντες,
2595 4211 2950 4289 κατέπτηξαν,
3008 4221 3111 4270 πᾶν
3166 4213 3312 4280 εἶδος
3371 4214 3639 4292 μεθοδείας
3701 4214 3833 4292 ὅπερ
3886 4231 3991 4279 τοῖς

623 4303 879 4383 propriae
907 4304 1114 4366 salutis
1144 4305 1452 4367 inimicum
1477 4322 1545 4369 ac
1567 4305 1820 4378 hostem,
1847 4304 1958 4365 hoc
1976 4303 2268 4383 siquidem

2359 4301 2562 4365 οἰκείοις
2627 4302 2912 4381 ὑπηρέταις
2991 4304 3319 4372 καθεκάστην
3398 4302 3657 4362 ὑπέϐαλον
3716 4303 3977 4372 καταϐλη-

623 4399 712 4452 est
759 4392 974 4454 divinis
1030 4393 1302 4455 Patribus
1332 4403 1537 4456 contra
1586 4395 1674 4454 ire
1725 4397 1914 4474 palam
1947 4393 2169 4464 conari,
2206 4393 2266 4454 in

2359 4389 2438 4444 θὲν
2482 4390 2624 4469 πρὸς
2689 4391 2858 4447 αὖτών
2920 4389 3079 4471 ἄρδην
3148 4391 3344 4458 ἰδόντες
3405 4391 3618 4470 δυνάμει
3691 4395 3864 4474 Λόγου
3913 4403 3983 4457 καὶ

621 4479 838 4559 quibus
867 4481 956 4542 illi
987 4500 1054 4544 se
1082 4501 1216 4544 cum
1250 4481 1473 4564 Spiritu
1500 4483 1727 4544 locutos
1767 4500 1900 4543 esse
1934 4482 2266 4562 edixerunt,

2359 4479 2680 4555 Πνεύματος.
2737 4477 2881 4559 Ἐγὼ
2935 4481 3031 4556 μὲν
3089 4480 3270 4539 οὐδένα
3350 4485 3454 4540 τῶν
3541 4481 3790 4540 ἆπέντων
3847 4484 3985 4560 οἶμαι

626 4587 759 4631 cum
792 4577 853 4632 et
881 4570 990 4632 hac
1022 4572 1254 4633 ratione
1299 4574 1556 4634 maxime
1601 4572 1662 4632 in
1713 4573 1902 4634 Deum
1952 4570 2266 4650 delinquit,

2359 4575 2586 4625 τοιοῦτον
2631 4568 2745 4648 ἅρτι
2799 4572 3120 4648 φανήσεσθαι
3178 4573 3435 4652 πονηρὸν,
3508 4574 3596 4628 καὶ
3664 4577 3764 4640 τῆς
3823 4575 3986 4630 ἑαυτοῦ

621 4657 1084 4736 siquidemDeus
1104 4680 1280 4723 verax
1310 4660 1925 4742 est,quemadmodum
1945 4669 2003 4722 et
2033 4660 2269 4723 verissi-

2359 4659 2616 4737 σωτήρίας
2668 4658 2859 4739 ἐχθρὸν
2915 4660 3004 4716 καὶ
3057 4658 3338 4736 πολέμιον,
3404 4669 3568 4722 Τοῦτο
3619 4663 3718 4742 γὰρ
3761 4661 3985 4742 ἄντικρυς

623 4764 720 4808 me
749 4755 839 4810 est
868 4746 1124 4829 Spiritus
1173 4759 1437 4832 sanctus,
1479 4769 1598 4832 quo
1628 4750 1714 4810 illi
1765 4749 2050 4813 continuo
2091 4750 2269 4811 afﬂati

2359 4748 2380 4802 δ
2425 4760 2543 4811 τοῖς
2597 4747 2754 4810 θείοις
2800 4748 3066 4828 Πατράσιν
3096 4749 3388 4829 ἀντιλέγειν
3425 4749 3759 4834 φιλονεικῶν,
3812 4751 3866 4808 ἐν
3915 4756 3984 4815 οἷς

621 4842 742 4896 tuto
773 4844 946 4917 atque
963 4857 1173 4901 securo
1193 4840 1466 4918 dogmata
1490 4837 1914 4902 decernebant.
1948 4838 2270 4920 Propterea

2359 4836 2548 4894 ἐκεῖνοι
2603 4835 2758 4915 φάναι
2807 4839 2944 4913 μετὰ
3020 4846 3111 4896 τοῦ
3181 4841 3482 4918 Πνεύματος
3563 4840 3762 4920 ’έιρασαν
3795 4858 3809 4872 ’
3893 4835 3986 4899 ἐπεὶ

621 4932 678 4985 et
700 4930 999 4988 communi
1033 4928 1142 4989 hac
1168 4936 1301 4990 utor
1329 4928 1742 4991 adhortatione
1775 4946 1788 4987 :

2359 4928 2437 4983 uti
2494 4926 2559 4982 τὰ
2601 4924 2813 5004 μεγάλα
2865 4929 3205 5008 προσκρούειν
3249 4927 3385 4986 οὕτω
3434 4929 3661 5010 πέφυκεν
3721 4933 3797 4998 εἰς
3849 4934 3987 5009 Θεὸν,

619 5014 772 5096 εἴπερ
846 5018 975 5082 Θεός
1018 5017 1156 5077 ἐστιν
1215 5017 1470 5095 ἀψευδὴς,
1543 5019 1720 5098 ὥσπερ
1780 5019 1868 5076 οὖν
1928 5021 2012 5075 καὶ
2071 5019 2180 5078 ἐστι
2237 5020 2556 5087 παναληθῶς
2585 5019 2648 5076 τὸ
2703 5023 2916 5094 Πνεῦμα
2969 5021 3031 5077 τὸ
3084 5019 3258 5099 ἅγιον,
3314 5024 3362 5097 ᾧ
3401 5019 3485 5078 διὰ
3526 5024 3724 5088 παντὸς
3768 5023 3990 5100 ἐμπνεό-

624 5125 776 5180 μενοι
835 5103 952 5161 λίαν
1007 5106 1256 5187 ἀσφαλῶς
1289 5106 1652 5188 ἐδογμάτιζον,
1721 5107 1878 5168 Ταῦτ’
1949 5106 2046 5186 ἄρα
2104 5112 2190 5168 καὶ
2218 5113 2402 5180 κοινὴν
2458 5115 2713 5184 ποιοῦμαι
2757 5111 2856 5177 τὴν
2911 5109 3260 5187 πρόσκλησιψ

699 5193 797 5284 42.
833 5191 938 5256 Eia
965 5195 1121 5275 agite
1151 5215 1381 5278 omnes,
1427 5215 1645 5260 sonora
1681 5215 1823 5259 voce
1852 5196 2140 5273 clamans,
2173 5200 2274 5280 qui

2440 5189 2555 5276 μβ’.
2592 5199 2752 5255 Δεῦτε
2790 5199 2858 5267 δη
2899 5201 3118 5274 πάντες,
3172 5202 3312 5279 βοῶ-ι
3369 5200 3693 5281 διαπρύσιον,
3751 5207 3800 5262 οἷ
3843 5205 3992 5284 μέχρι

622 5280 694 5372 ad
725 5281 850 5372 hzec
883 5301 1072 5372 usque
1098 5295 1366 5366 tempora
1386 5285 1696 5348 obstitistis
1721 5294 1779 5348 et
1799 5287 2172 5366 repugnastis
2192 5289 2274 5368 ip-

2359 5297 2450 5347 τοῦ
2494 5296 2579 5346 νῦν
2635 5288 2772 5364 ἡμῖν
2813 5288 3206 5365 ἆνθιστάμενοι,
3277 5291 3365 5348 καὶ
3405 5280 3511 5348 τῶν
3569 5295 3755 5372 μικρὸν
3812 5280 3997 5350 ἄνωθεν

619 5370 667 5460 si
700 5370 928 5460 unitati,
964 5391 1109 5453 quos
1141 5374 1316 5455 paulo
1361 5381 1496 5437 ante
1529 5375 1758 5456 pietatis
1811 5377 2122 5454 magistros
2166 5376 2272 5438 ad-

2359 5375 2741 5458 διαληφθέντων
2820 5379 2918 5444 τῆς
3012 5377 3274 5445 εὒσεϐείας
3343 5370 3678 5440 διδασκάλων
3739 5382 3997 5460 ἀκροασά-

620 5458 921 5533 iluximus,
955 5463 1552 5544 audientes,indeque
1575 5464 2268 5545 addiscentes,Spiritum

2359 5487 2530 5543 μενοι,
2591 5468 2678 5524 καὶ
2736 5467 2950 5546 γνόντες
2996 5466 3075 5524 ὅτι
3132 5470 3193 5526 τὸ
3249 5469 3459 5544 Πνεῦμα
3526 5472 3588 5525 τὸ
3624 5469 3774 5548 ἅγιον
3805 5458 3888 5529 διὰ
3915 5476 3998 5528 τοῦ

619 5557 886 5634 sanctum
919 5568 1072 5624 esse,
1121 5560 1177 5610 et
1203 5552 1478 5630 conjungi
1511 5573 1644 5614 cum
1693 5553 1812 5614 Deo
1861 5562 1918 5613 et
1955 5552 2126 5615 Patre
2157 5573 2263 5632 per

2359 5562 2679 5632 Μονογενοῦς
2739 5556 2848 5613 ἔστι
2887 5578 2944 5613 τε
2986 5561 3076 5614 καὶ
3122 5560 3439 5615 συνάπτεται
3496 5561 3573 5634 τῷ
3602 5566 3719 5634 Θεῷ
3747 5562 3833 5618 καὶ
3891 5567 3993 5617 Πα-

624 5633 705 5699 Un
733 5637 1020 5721 genitum,
1043 5654 1146 5716 per
1177 5640 1366 5720 ipsum
1395 5641 1569 5700 etiam
1606 5641 2012 5704 exsistentiam
2039 5640 2256 5703 habere

2359 5647 2444 5724 ῖρὶ,
2496 5643 2562 5701 δι’
2626 5648 2779 5706 1-1.τοῦ
2823 5649 2908 5704 καὶ
2981 5649 3077 5716 τὴν
3149 5649 3362 5729 ὕπαρξιν
3407 5651 3553 5732 ἔχειν
3601 5647 3904 5729 ἀναγκαίως
3939 5651 3999 5709 ,ἐκ

4115 5585 4117 5670 l
