4208 6290
281 339 451 401 H37

1223 345 1317 405 or:
1360 343 1865 426 PROCESSIONE
1909 342 1969 402 s.

2017 341 2370 404 SPIRITUS
2399 342 2612 404 'ORAT
2688 344 2736 404 Ι.
3515 345 3532 408 l
3552 343 3663 410 138

275 475 481 534 τούτου
539 478 881 549 πιστεύσατε,
978 481 1065 536 καὶ
1121 476 1285 554 μηδὲν
1342 477 1699 543 ἓνδοιάσαντες
1759 477 1932 548 στῆτε,

2030 490 2364 554 necessargo
2397 474 2647 551 credite,
2681 483 2741 538 et
2767 484 2997 539 remota
3017 477 3180 540 omni
3211 478 3603 553 dubitatione,
3637 497 3672 541 a

276 563 610 643 παρακαλῶ,
659 565 775 642 μεθ’
804 568 983 648 ἡμῶν,
1015 569 1104 625 καὶ
1161 569 1259 636 τήν
1301 565 1473 635 καλὴν
1501 568 1698 635 ταύτην
1741 565 1943 642 ὁμολο-

276 653 410 730 γίαν
468 653 696 732 ῥήμασιν
727 656 936 720 οἶκείοις
994 655 1387 733 ὁμολογήσατε,
1459 668 1581 720 ταῖς
1640 657 1800 720 θείαις
1859 655 1947 710 γαὶ

277 741 433 797 κατᾶ
473 751 628 800 τοῦτο
672 751 1071 824 συμφωνοῦντες
1114 751 1374 824 Γραφατς,
1425 744 1517 800 ’ίνα
1559 745 1647 801 καὶ
1675 745 1771 813 τὴν
1827 741 1946 800 διά-

278 849 442 885 νοιαν
473 833 607 906 ὁμοῦ
661 833 746 888 καὶ
800 833 900 900 τὴν
945 832 1212 911 γλῶσσαν,
1245 833 1344 901 τὴν
1397 834 1494 908 μὲν
1541 841 1619 908 τῷ
1675 840 1944 890 πιστεῦσαι

276 923 354 994 τῇ
403 917 646 991 ἀληθείᾳ,
693 921 793 988 τὴν
849 919 902 976 δέ
974 928 1052 996 τῷ
1111 922 1308 988 ταύτην
1367 921 1698 999 ὁμολογήσαι
1782 923 1945 976 καθα-

276 1007 546 1087 γιάσητε,
600 1011 691 1066 καὶ
724 1009 803 1085 μὰ
845 1008 1014 1065 τᾶλλα
1068 1011 1238 1066 πάντα
1290 1015 1388 1076 τῆς
1433 1011 1587 1089 ὀρθῆς
1619 1007 1772 1076 δόξης
1821 1030 1942 1086 τυγο

278 1098 574 1175 χάνοντες,
635 1099 697 1154 τὸ
753 1097 876 1176 γοῦν
921 1099 1138 1155 ὶνταῦθα
1169 1099 1328 1177 μέρος
1372 1101 1473 1179 οὐχ
1503 1099 1795 1177 ὒγιαίνητε,
1855 1099 1942 1153 καὶ

273 1191 380 1242 τοῦ
439 1187 636 1251 παντὸς
694 1185 830 1243 οὕτω
925 1185 1231 1244 δικαιότατα
1299 1189 1542 1267 κρίνησθε
1599 1189 1741 1266 παρά
1822 1199 1935 1249 τοῖς

277 1274 592 1352 εὐγνώμοσι
653 1280 761 1332 τῶν
815 1275 1103 1354 ἀνθρώπων
1160 1276 1526 1350 ἐκπίπτοντες,
1582 1277 1670 1339 Τίς
1741 1275 1840 1354 γὰρ
1909 1276 1936 1330 ὁ

275 1362 454 1441 λόγος
511 1365 572 1420 τὸ
629 1364 726 1440 μὲν
772 1365 917 1422 εἶναι
974 1367 1059 1421 καὶ
1118 1365 1465 1421 συνάπτεσθαι
1521 1367 1581 1419 τὸ
1625 1370 1836 1439 Πνεῦμα
1875 1364 1936 1418 τὸ

274 1451 444 1530 ἅγιον
501 1460 578 1526 τῷ
621 1459 736 1528 Θεῷ
792 1454 880 1510 καὶ
938 1455 1098 1532 Πατρὶ
1139 1451 1222 1509 διὰ
1263 1460 1357 1510 τοῦ
1388 1456 1508 1511 Υἱοῦ
1549 1453 1936 1533 παραδέχεσθαι

274 1542 344 1596 τὸ
393 1539 452 1596 δὲ
496 1543 584 1597 καὶ
632 1544 731 1612 τήν
787 1539 1000 1621 ὕπαρξιν
1046 1539 1194 1621 ἔχειν
1249 1539 1316 1596 δι’
1376 1542 1532 1601 αὐτοῦ
1585 1543 1663 1616 μὴ
1722 1541 1934 1619 προσίε-

275 1633 460 1705 σθαι;
519 1630 739 1696 Πάντως
793 1630 1000 1709 ἀνάγκη
1055 1632 1116 1688 τὸ
1159 1636 1370 1706 Πνεῦμα
1426 1633 1486 1688 τὸ
1540 1630 1713 1708 ἅγιον,
1760 1631 1804 1685 εἰ
1858 1630 1936 1703 μὴ

2027 560 2198 623 nobis
2229 569 2466 641 state,et
2497 563 2805 642 pulchram
2821 565 2977 628 hanc
3007 567 3444 628 confessionem
3474 566 3673 630 verbis

2027 651 2237 711 vestris
2262 651 2869 733 proﬁtemini,divinis
2898 654 2959 715 in
2991 655 3104 716 hoc
3131 656 3312 717 etiam
3347 654 3674 735 Scripturis

2029 738 2446 815 concordes,ut
2476 741 2891 819 cogitationem
2920 742 3096 804 simul
3130 751 3188 804 et
3213 743 3666 823 linguam,illam

2029 825 2328 888 credendo
2367 829 2781 903 veritati,banc
2825 849 2954 892 eam
2995 832 3333 894 confitendo
3363 832 3668 895 sacrifice-

2028 913 2123 988 tis,
2158 923 2217 975 et
2244 934 2378 976 cum
2409 916 2468 976 in
2500 918 2748 999 reliquis
2774 919 2908 981 aliis
2933 928 3099 982 recte
3137 920 3432 1001 sentiatis,
3466 920 3577 982 bac
3606 920 3668 982 in

2027 1010 2188 1082 parte
2211 1020 2548 1084 ne,precor,
2572 1022 2726 1084 aegre
2760 1007 3065 1082 laboretis,
3097 1016 3156 1070 et
3185 1008 3270 1070 sic
3298 1008 3360 1069 in
3390 1009 3670 1070 omnibus

2022 1090 2095 1151 ab
2116 1091 2456 1154 hominibus
2470 1095 2862 1174 prudentibus
2890 1096 3102 1158 merito
3117 1095 3417 1159 decidisse
3439 1105 3671 1176 repute-

2025 1178 2191 1241 mini.
2247 1179 2388 1251 Quae
2442 1182 2600 1242 enim
2629 1183 2781 1244 ratio
2811 1192 3064 1256 est,esse
3095 1193 3152 1245 et
3182 1186 3462 1264 conjungi
3485 1184 3667 1266 Spiri-

2021 1274 2142 1327 tum
2176 1279 2450 1330 sanctum
2473 1289 2606 1332 cum
2638 1270 2761 1333 Deo
2795 1280 2854 1333 et
2883 1271 3053 1333 Patre
3085 1291 3190 1352 per
3218 1274 3431 1335 Filium
3459 1273 3670 1335 admit-

2021 1361 2167 1442 tere,
2203 1374 2310 1436 per
2349 1375 2482 1418 eum
2516 1377 2652 1420 vero
2675 1360 3081 1422 exsistentiam
3105 1361 3328 1422 habere
3354 1362 3669 1442 respuere?

2018 1440 2272 1531 Omnino
2306 1464 2552 1508 necesse
2585 1456 2674 1508 est
2703 1446 2992 1529 Spiritum
3019 1456 3286 1510 sanctum
3319 1452 3370 1509 si
3397 1440 3527 1511 eam
3561 1469 3669 1531 per

2018 1530 2278 1593 Verbum
2313 1551 2431 1599 non
2463 1536 2950 1618 possidet,neque
2967 1555 3071 1618 per
3102 1537 3300 1618 ipsum
3333 1537 3513 1598 simul
3537 1530 3670 1600 es$e

2021 1629 2078 1681 et
2109 1622 2392 1701 conjungi
2423 1642 2556 1685 cum
2581 1626 2704 1686 Deo
2742 1633 2800 1686 et
2826 1627 3094 1699 Patre,et
3123 1625 3338 1688 similis
3371 1625 3670 1706 theologia

270 1716 366 1773 διά
428 1725 521 1775 τοῦ
565 1720 738 1798 Λόγου
793 1707 990 1786 ταύτην
1033 1717 1278 1798 πλουτεῖ,
1311 1720 1388 1794 μὴ
1435 1716 1506 1774 δι’
1559 1707 1716 1775 αὗτοῦ
1749 1730 1932 1777 συνετ-

2021 1709 2096 1798 de
2127 1707 2352 1788 Spiritu
2371 1723 2574 1774 sancto
2597 1732 3037 1794 supervacanea
3062 1732 3194 1775 esse
3212 1714 3664 1794 periclitabitur.

272 1829 365 1862 ναι
438 1809 526 1864 καὶ
598 1808 941 1864 συνάπτεσθαι
1003 1814 1079 1882 τῷ
1136 1815 1250 1882 Θεῷ
1291 1809 1378 1864 καὶ
1445 1808 1629 1886 Πατρὶ,
1689 1807 1776 1863 καὶ
1829 1827 1932 1861 κιν-

2020 1796 2092 1858 Ει
2119 1807 2310 1860 vestra
2367 1820 2599 1882 quoque
2652 1792 2946 1863 sententia
2983 1803 3104 1882 jam
3137 1792 3320 1863 multo
3353 1810 3529 1866 antea
3555 1803 3664 1866 de-

272 1894 486 1954 δδνεύει
543 1907 727 1956 τοῦτον
770 1898 863 1952 τὸν
931 1897 1128 1976 τρόπον
1185 1898 1436 1976 περιττήν
1487 1917 1602 1952 τινα
1658 1893 1932 1962 τηνάλλως

2018 1887 2250 1967 perdita
2278 1897 2418 1951 sunt
2449 1892 2934 1954 universasacraa
2963 1893 3288 1972 Scriptura
3320 1893 3500 1970 dicta,
3534 1913 3666 1975 quae

270 1985 465 2042 τελεῖν
521 1987 621 2052 τὴν
674 1985 921 2051 τοιαύτην
977 1983 1249 2063 θεολογίαν
1307 1985 1391 2041 ἐπὶ
1459 1993 1551 2043 τοῦ
1605 1984 1930 2058 Πνεύματος.

270 2073 644 2154 Προαπόλωλε
699 2073 754 2130 δὲ
797 2074 914 2131 καθ’
941 2075 1076 2150 ὑμᾶς
1107 2076 1194 2131 καὶ
1238 2080 1385 2130 πᾶσα
1441 2074 1592 2150 ῥῆσις
1647 2078 1747 2140 τῆς
1791 2075 1932 2137 θείας

269 2163 521 2243 Γραιοῆς,
583 2163 702 2230 ἥτις
769 2164 1026 2243 ὑπάρχειν
1083 2163 1143 2220 ἐκ
1213 2165 1416 2242 Πατρὸς
1474 2161 1556 2218 διὰ
1616 2169 1707 2219 τοῦ
1762 2162 1931 2240 Λόγου

274 2253 534 2332 κηρύττει
587 2253 647 2309 τό
700 2259 911 2328 Πνεῦμα
992 2251 1050 2308 τό
1120 2251 1294 2330 ἅγιον,
1368 2253 1541 2317 καθὼς
1593 2248 1930 2326 ἀπεδείξαμεν

271 2345 332 2398 ιν
392 2349 468 2416 τῷ
509 2340 751 2421 παρόντι,
807 2342 1007 2399 τούτων
1037 2341 1266 2406 ἑκάστην
1322 2340 1610 2416 εκθέμενοι,
1673 2341 1758 2396 καὶ
1812 2340 1926 2404 τοὺς

272 2438 450 2488 ταῦτα
504 2430 676 2487 πάντα
735 2429 996 2510 φαμένους
1054 2431 1230 2507 ἁγίους
1302 2428 1536 2485 λείπεται
1605 2425 1925 2502 διαϐάλλειν,

269 2521 350 2584 ὡς
419 2518 510 2576 οὒκ
567 2518 809 2584 εἰπόντας
854 2517 1053 2592 καλῶς,
1087 2517 1202 2575 οῦδὲ
1266 2517 1647 2597 πρεσϐεύοντας
1676 2518 1770 2584 τὴν
1799 2516 1930 2584 ἀλη-

269 2611 446 2669 θειαν,
509 2614 671 2666 Τοῦτο
728 2605 783 2662 δὲ
865 2609 1053 2686 φρενὸς
1126 2608 1225 2682 μὲν
1281 2611 1570 2674 σατανικῆς
1639 2604 1926 2685 διανόημα,

270 2701 530 2776 πονηρῶν
585 2697 671 2751 καὶ
702 2694 932 2775 χειλέων
974 2695 1270 2775 ἀπήχημα.
1334 2696 1497 2752 Πόθεν
1538 2696 1635 2773 γὰρ
1677 2695 1857 2770 mi!th
1887 2696 1930 2750 εἷ

274 2787 360 2860 μὴ
418 2784 560 2864 παρά
612 2785 810 2840 τούτων
853 2784 961 2841 ἐστὶ
1011 2787 1073 2840 τὸ
1130 2782 1443 2859 ὀρθοδοξεϊν,
1491 2787 1577 2847 οὒς
1635 2789 1733 2850 τῆς
1788 2785 1931 2839 εὗσε-

274 2871 426 2932 6είας
487 2873 584 2948 μὲν
652 2874 964 2954 προμάχους
1053 2873 1318 2953 στεῤῥοὺς,
1378 2878 1476 2940 τῆς
1539 2871 1803 2952 αἱρετικῆς
1873 2869 1928 2927 δὲ

275 2961 491 3029 πλάνης
549 2961 859 3040 καθαιρὲτας
918 2962 1275 3041 ἐγνώκαμεν;
1337 2960 1487 3018 Ἀλλ’
1519 2961 1696 3038 ὥσπερ
1727 2960 1924 3038 ἐκεῖνο,

275 3055 341 3110 τὸ
399 3065 634 3108 συνεῖναι
693 3049 896 3120 δηλαδὴ
949 3053 1046 3108 καὶ.
1121 3052 1470 3108 συνάπτεσθαι
1527 3058 1602 3125 τῷ
1673 3056 1787 3125 Θεῷ
1843 3051 1928 3106 καὶ

2018 1996 2086 2037 ex
2109 1977 2283 2041 Patre
2314 1998 2421 2060 per
2455 1980 2715 2042 Verbum
2747 1981 3035 2044 exsistere
3067 1981 3352 2062 Spiritum
3376 1981 3666 2063 depraadi-

2014 2076 2171 2147 cant,
2222 2077 2282 2128 ut
2333 2069 2610 2149 praesenti
2661 2071 2934 2133 oratione
2983 2071 3380 2146 ostendimus,
3417 2071 3666 2152 singulis

2014 2155 2320 2238 expositis,
2354 2167 2412 2218 et
2447 2159 2742 2239 reliquum
2773 2167 2863 2220 est
2890 2159 3259 2241 sanctos,qui
3280 2159 3501 2222 similia
3524 2178 3664 2240 pro-

2012 2247 2564 2327 nuntiarunt,quasi
2596 2267 2715 2308 non
2744 2247 2899 2310 bene
2932 2248 3442 2330 pronuntiassent,
3469 2267 3666 2330 neque

2012 2334 2238 2394 veritati
2272 2335 2490 2416 primas
2523 2345 2718 2415 partes
2748 2336 3054 2398 dedissent
3084 2338 3144 2396 in
3176 2337 3405 2398 crimen
3426 2356 3660 2402 vocare.

2012 2420 2137 2483 Hoc
2171 2440 2307 2485 vero
2339 2426 2626 2486 sataunize
2654 2425 2870 2488 mentis
2895 2427 3199 2488 inventum
3225 2433 3402 2501 est,et
3427 2427 3662 2506 impro-

2013 2509 2222 2572 borum
2282 2512 2570 2574 labiorum
2628 2531 2918 2576 resonans
2965 2515 3268 2596 strepitus.
3299 2515 3470 2578 Unde
3501 2515 3660 2577 enim

2015 2599 2187 2661 nobis
2217 2601 2332 2662 nisi
2356 2621 2423 2663 ex
2448 2603 2540 2664 his
2563 2603 2708 2684 ipsis
2734 2611 2901 2666 recta
2932 2603 3006 2664 de
3037 2603 3154 2665 fide
3186 2606 3663 2685 sententia,quos

2016 2689 2250 2767 pietatis
2283 2691 2507 2752 validos
2530 2691 2904 2767 defensores,
2939 2699 2998 2754 et
3021 2692 3287 2755 haeretici
3313 2692 3662 2772 depulsores

2014 2778 2235 2839 erroris
2268 2780 2692 2859 agnoscimus?
2722 2782 2840 2843 Sed
2895 2793 2961 2842 ut
3013 2781 3185 2855 illud,
3220 2782 3402 2843 simul
3446 2799 3664 2862 nempe

2013 2883 2145 2929 esse
2177 2881 2232 2928 et
2265 2870 2542 2948 conjungi
2568 2869 2688 2930 Deo
2717 2877 2777 2931 et
2807 2869 2966 2932 Patri
2997 2889 3104 2951 per
3130 2869 3345 2932 Filium
3379 2869 3660 2951 Spiritum

2011 2963 2302 3028 sanctum,
2340 2977 2458 3018 non
2492 2966 2580 3018 est
2612 2976 3051 3038 supervacanea
3097 2967 3158 3020 et
3192 2960 3412 3020 frustra
3451 2959 3664 3020 tradita

2012 3044 2335 3122 theologia,
2398 3047 2502 3107 sed
2545 3046 2796 3107 multum
2855 3048 3150 3127 planeque
3203 3046 3565 3120 necessaria,
3604 3054 3664 3108 et

276 3143 446 3220 Πατρὶ
495 3138 577 3197 διὰ
605 3147 697 3196 τοῦ
730 3143 850 3198 Υἱοῦ
898 3141 953 3197 τὸ
996 3141 1208 3215 Πνεῦμα
1238 3141 1300 3196 τὸ
1353 3140 1528 3218 ἅγιον,
1594 3141 1652 3196 οῦ
1709 3140 1925 3217 περιττή

2015 3132 2177 3193 valde
2209 3135 2629 3215 proficua,pari
2658 3134 2832 3196 modo
2855 3125 3356 3220 neque-Spiritum
3379 3135 3663 3197 exsistere

274 3253 360 3296 τις
403 3228 681 3297 τηνάλλως
733 3228 976 3307 θεολογία
1025 3227 1193 3308 τελεῖ,
1248 3227 1449 3304 μᾶλλον
1500 3227 1594 3304 μὲν
1626 3228 1714 3285 οὖν
1757 3228 1926 3305 ἀναγ-

273 3321 404 3376 καία
459 3325 535 3393 τῷ
564 3317 674 3374 ὅντι
718 3320 806 3374 καὶ
856 3319 991 3375 πολὺ
1042 3320 1103 3374 τὸ
1133 3319 1404 3397 χρήσιμον
1429 3316 1628 3398 ἔχουσα
1663 3333 1676 3348 ’
1711 3318 1800 3372 τὸν
1830 3318 1926 3371 αῦ-

275 3411 371 3464 τὸν
399 3406 464 3475 δὴ
505 3407 699 3486 τρόπον
745 3404 859 3463 οἶδὲ
915 3408 976 3462 τὸ
1023 3407 1281 3486 ὑπάρχειν
1332 3413 1482 3463 τοῦτο
1511 3405 1575 3462 δι’
1607 3407 1760 3462 αὐτοῦ
1789 3405 1930 3484 παρὰ

275 3505 370 3554 τοῦ
401 3497 605 3574 Πατρὸς
657 3497 684 3552 ὁ
740 3500 838 3562 τῆς
897 3493 1144 3562 ἀληθείας
1187 3493 1475 3574 λατρευτὴς
1543 3495 1925 3573 ἀπαρνήσεται,

276 3588 352 3643 Τὸ
411 3585 512 3664 γὰρ
566 3591 778 3659 Πνεῦμα
831 3585 892 3640 τὸ
949 3583 1120 3663 ἅγιον,
1183 3585 1255 3648 ὡς
1311 3585 1345 3651 ἡ
1390 3584 1499 3639 θεία
1528 3584 1614 3639 καὶ
1640 3583 1751 3660 ἱερά
1780 3579 1928 3638 διδά-

275 3695 395 3730 σκει
455 3695 520 3748 με
546 3679 688 3729 πᾶσα
741 3673 948 3752 Γραφή,
995 3675 1121 3737 Θεὸς
1167 3673 1277 3728 ἐστι
1320 3671 1522 3736 τέλειος
1568 3669 1807 3748 ἀψευδῶς
1867 3670 1926 3727 ἐκ

280 3761 483 3819 τελείου
528 3769 658 3820 Θεοῦ
698 3768 790 3817 τοῦ
836 3764 1039 3836 Πατρὸς
1083 3759 1167 3816 διὰ
1214 3759 1413 3817 τελείου
1443 3766 1573 3816 Θεοῦ
1627 3770 1718 3818 τοῦ
1759 3782 1923 3834 μονο-

278 3856 466 3929 γενοῦς
520 3850 655 3906 κατά
740 3851 834 3915 τὰς
920 3850 1316 3930 προεκτεθείσας
1398 3850 1678 3926 μαρτυρίας
1757 3850 1922 3906 ἔκπο-

279 3937 589 4017 ρευόμενος,
623 3936 801 4004 Οῦτως
846 3937 962 4020 ’έχω
1019 3941 1138 4017 περὶ
1172 3939 1378 4012 τούτου,
1411 3940 1497 3993 καὶ
1525 3938 1688 4002 οὕτως
1719 3935 1924 4017 ἑδραῖος

277 4027 334 4083 ἐν
389 4032 459 4104 τῇ
513 4026 755 4106 παρούσῃ
815 4028 1005 4106 γνώμη
1051 4029 1137 4084 καὶ
1194 4025 1488 4093 ἀκλόνητος
1548 4025 1771 4102 ἵσταμαι
1800 4039 1922 4092 ταῖς

279 4130 475 4197 σοφαῖς
535 4117 764 4196 χρήσεσι
833 4121 938 4173 τῶν
1013 4118 1200 4195 ἁγίων,
1260 4117 1440 4194 ὡσπερ
1498 4117 1584 4172 καὶ
1651 4129 1930 4195 κραταιοϊς

279 4205 494 4268 στύλοις
551 4203 944 4284 ἐπερειδόμενος
1041 4206 1317 4280 πάντοθεν,
1388 4205 1476 4260 καὶ
1557 4202 1726 4280 μηδὲν
1796 4206 1931 4262 ὑπο-

281 4295 538 4364 πτήσσων
604 4295 698 4357 τὰς
759 4301 864 4350 τῶν
948 4295 1140 4375 ἀγρίων
1202 4294 1512 4368 πνευμάτων
1581 4291 1929 4369 ἀντεμϐολάς,

281 4383 344 4446 ἃς
397 4385 431 4451 ἡ
488 4383 595 4440 τῶν
639 4382 1035 4451 ἀνθεστηκότων
1079 4383 1334 4461 ἐπεγείρει
1390 4383 1719 4449 καθεκάστην
1774 4381 1922 4450 πλη-
1945 4417 1990 4467 D

281 4472 369 4537 θῦς
420 4471 706 4528 ἀπαντῶσα
767 4495 856 4533 μοι
947 4473 1083 4528 κατὰ
1139 4473 1443 4549 πρόσωπον.
1519 4469 1686 4527 ’Λλλά
1762 4479 1924 4530 ταῦτα

283 4560 381 4634 μὲν
426 4561 542 4639 περὶ
587 4567 680 4617 τοῦ
722 4561 818 4628 τὴν
873 4560 1089 4638 ὕπαρξιν
1132 4559 1279 4639 ἔχειν
1323 4558 1382 4615 ἐκ
1424 4561 1628 4638 Πατρὸς
1673 4557 1742 4616 δι’
1810 4564 1924 4620 ι’ἱοῦ

279 4651 341 4704 τὸ
398 4653 612 4725 Πνεῦμα
654 4651 715 4705 τὸ
744 4650 920 4728 ἅγιον,
975 4649 1064 4712 οἷς
1105 4649 1308 4704 καὶτὸν
1339 4648 1546 4726 πρώτον
1595 4655 1777 4706 τοῦτον
1833 4649 1923 4706 λό-

283 4760 378 4814 γον
430 4735 533 4805 ἤδη
579 4740 1024 4817 συνεπεράναμεν,
1079 4735 1144 4793 δι’
1197 4737 1253 4793 ὃν
1323 4738 1410 4792 καὶ
1467 4736 1624 4817 χάρις
1683 4744 1797 4813 Θεῷ
1847 4745 1923 4812 τῷ

275 4825 487 4882 πάντων
542 4824 801 4904 τελειωτῇ
851 4834 956 4884 τῶν
998 4824 1198 4887 καλῶν.
1255 4825 1330 4882 TE:
1399 4823 1453 4880 δὲ
1497 4825 1740 4882 ἐπέκεινα
1797 4828 1924 4883 τού-

274 4935 380 4970 των
411 4913 588 4993 ἔτερος
645 4917 796 4978 οὗτος
855 4916 1022 4995 ἀγὼν,
1068 4912 1233 4990 μηδὲν
1291 4911 1542 4970 ἐλλείπων
1584 4913 1676 4971 τοῦ
1731 4917 1922 4995 παρόν.

273 5023 364 5066 τος
399 5001 525 5078 μηδ’
571 5005 832 5064 ὁπωσοῦν.
895 5006 996 5062 Τὸν
1053 5002 1107 5060 δὶ
1153 5003 1240 5058 καὶ
1270 5003 1400 5082 πρὸς
1456 5000 1692 5084 δεύτερον
1751 5027 1922 5062 κατα-

273 5086 458 5155 ϐάντες
517 5089 724 5150 στάδιον
779 5091 1140 5168 ἀεθλεύσωμεν
1224 5089 1278 5146 ἐν
1335 5098 1546 5172 Χριστῷ
1615 5089 1791 5160 Ἰησοῦ
1872 5102 1949 5174 τῷ

2014 3239 2121 3300 per
2159 3220 2371 3282 Filium
2425 3242 2458 3284 a
2509 3223 2679 3285 Patre
2737 3223 2974 3304 pietatis
3031 3223 3222 3284 cultor
3271 3221 3656 3289 inliciabitur.

2009 3310 2267 3388 Spiritus
2296 3312 2454 3374 enim
2487 3321 2750 3389 sanctus,
2777 3321 2846 3374 ut
2873 3312 3074 3374 divina
3107 3319 3166 3371 et
3195 3329 3363 3374 sacra
3383 3311 3662 3374 universa

2012 3397 2314 3480 Scriptura
2365 3420 2459 3463 me
2501 3402 2703 3480 docet,
2753 3399 2912 3462 Deus
2941 3409 3028 3462 est
3063 3401 3388 3482 perfectus,
3417 3419 3560 3464 vere
3590 3421 3660 3465 ex

2013 3489 2274 3569 perfecto
2309 3492 2606 3555 DeoPatre
2621 3507 2726 3570 per
2741 3489 3258 3571 perfectumDeum
3293 3491 3658 3569 unigenitum

2013 3580 2366 3658 procedens,
2401 3589 2462 3642 ut
2494 3599 2674 3661 supra
2704 3580 2936 3660 digesta
2969 3579 3309 3642 testimonia
3360 3581 3656 3643 intonant.

2009 3669 2148 3730 Haec
2177 3688 2310 3731 mea
2337 3670 2411 3731 de
2437 3671 2550 3732 hoc
2580 3669 2876 3732 sententia
2905 3677 3021 3750 est,
3056 3677 3111 3730 et
3161 3669 3246 3730 sic
3275 3669 3336 3730 in
3370 3679 3661 3749 praesente

2009 3759 2307 3820 sententia
2323 3759 2549 3821 stabilis
2562 3769 2620 3820 et
2636 3759 3029 3820 inconcussus
3063 3758 3403 3838 persisto,et
3429 3759 3662 3841 sapien-

2011 3846 2164 3908 tibus
2195 3857 2531 3910 sanctorum
2566 3848 2744 3911 dictis
2795 3847 2879 3909 uti
2928 3846 3140 3908 validis
3168 3847 3462 3909 columnis
3494 3849 3656 3911 omni

2009 3953 2079 3996 ex
2111 3947 2276 4016 parte
2303 3937 2543 4000 innixus
2574 3939 2952 4000 ell‘eratorum
2982 3936 3229 3997 flatuum
3258 3935 3516 4018 impetus
3541 3939 3656 4000 mi-

2013 4024 2174 4086 nime
2207 4027 2740 4107 pertimesco,quos
2767 4024 3245 4086 adversariorum
3277 4025 3449 4087 turba
3465 4028 3656 4108 quoti-

2015 4115 2112 4176 die
2143 4116 2370 4176 obviam
2410 4116 2554 4182 mihi
2583 4116 2737 4178 facta
2765 4115 3044 4177 concitat.
3077 4113 3146 4174 Et
3177 4115 3302 4176 haec
3325 4115 3402 4177 de
3433 4117 3656 4197 Spiritu

2015 4212 2242 4285 sancto,
2261 4202 2418 4284 quod
2448 4203 2550 4264 ille
2577 4202 2982 4265 exsistentiam
3014 4201 3227 4262 habeat
3257 4220 3325 4263 ex
3358 4207 3531 4266 Patre
3553 4223 3660 4284 per

2015 4291 2252 4373 Filium,
2284 4292 2342 4355 in
2375 4291 2592 4373 quibus
2623 4301 2682 4353 et
2714 4291 2921 4372 primae
2950 4299 3168 4352 nostra;
3190 4291 3442 4352 orationi
3475 4293 3654 4354 finem

2015 4380 2366 4461 fecimus,ob
2398 4398 2572 4460 quam
2600 4387 2656 4439 et
2685 4381 2808 4442 Deo
2835 4377 3053 4454 gratias
3093 4377 3323 4456 agimus
3361 4378 3652 4442 bonorum

2007 4469 2272 4530 omnium
2322 4468 2658 4550 perfectori.
2719 4466 2861 4540 Quae
2917 4485 3054 4529 vero
3113 4477 3442 4548 sequuntur
3484 4470 3655 4533 alteri

2007 4557 2338 4635 certamini,
2401 4559 2555 4638 quod
2615 4557 2740 4618 haec
2795 4563 3086 4636 praesente
3117 4556 3179 4630 in
3211 4557 3373 4618 nullo
3405 4558 3652 4622 inferius

2006 4647 2139 4727 erit,
2173 4645 2366 4708 locum
2395 4644 2935 4728 praestabunt,quod
2951 4644 3026 4706 ad
3052 4646 3384 4708 secundum
3411 4649 3656 4710 descen-

2006 4738 2216 4798 dentes
2256 4736 2507 4797 stadium
2549 4734 2993 4796 decertabimus
3030 4733 3091 4794 in
3131 4735 3522 4800 ChristoJesu
3539 4741 3652 4802 Do-

2011 4832 2170 4887 mino
2212 4835 2435 4902 nostro,
2473 4844 2580 4908 per
2608 4843 2784 4906 quem
2815 4842 2850 4885 a
2889 4827 3063 4886 Patre
3104 4822 3361 4905 Spiritus
3411 4837 3652 4892 sanctus

2009 4915 2396 4996 progrediens
2446 4915 2677 4977 inﬂabit
2725 4913 2902 4977 nobis
2959 4914 3206 4992 gratiam
3237 4914 3310 4978 ad
3342 4934 3649 4984 sermones

2007 5004 2262 5067 feliciter
2290 5005 2656 5085 dirigendos.

2008 5096 2180 5176 Κυρίῳ
2234 5097 2413 5177 ἡμῶν,
2474 5095 2539 5152 δι’
2599 5098 2658 5152 οὗ
2714 5096 2856 5174 παρά
2925 5099 3129 5175 Πατρὸς
3198 5098 3261 5154 τὸ
3319 5098 3532 5174 Πνεῦμα
3587 5101 3647 5156 τὸ

267 5177 427 5258 ἅγιον
495 5183 914 5261 προερχόμενον,
971 5181 1255 5258 ἐμπνεύσοι
1311 5182 1468 5262 χάριν
1512 5183 1648 5258 ἡμῖν
1705 5186 1778 5247 εἷς
1838 5186 1936 5254 τὴν
1992 5187 2099 5246 τῶν
2168 5185 2340 5266 λόγων
2399 5184 2671 5250 εύόδωσιν,
