4176 6290
575 312 595 365 1
614 304 727 367 139
1679 306 2202 370 CONSTANTIN!

2317 296 2817 365 lELlTENIOT/E
3796 295 3818 357 1
3839 292 3941 357 140

959 588 1304 718 ΤΟΥ
1399 584 1983 715 ΑΥΤΟΥ
2099 579 3502 712 ΚΩΝΣΤΑΝΤΙΝΟΥ

1908 838 2034 887 ΤΟΥ
2094 836 2139 884 Μ
2152 833 2551 885 ΕΛΙΤΗΝΙΩΤΟ
2566 836 2605 882 Υ

978 997 1126 1048 ΠΕΡΙ
1171 999 1303 1050 ΤΗΣ
1374 997 1865 1051 ΕΚΠΟΡΕΥΣΕΩΣ
1924 997 2058 1048 ΤΟΥ
2118 994 2319 1044 ΑΓΙΟΥ
2376 991 2791 1044 [ΙΝΕΥΜΑΤΟΣ
2868 994 2979 1043 ΚΑΙ
3052 993 3138 1043 ΕΚ
3195 992 3324 1041 ΤΟΥ
3370 989 3528 1039 ΥΙΟΥ

2079 1162 2293 1213 ΛΟΓΟΣ
2340 1142 2424 1215 BL

1214 1468 1986 1596 EJUSDEM
2146 1461 3318 1589 CONSTANTINI

1987 1692 2542 1761 MELITENIOTE

1366 1871 1470 1933 DE
1511 1869 2048 1935 PROCESSIONE
2093 1860 2453 1929 SPIRITUS
2497 1859 2786 1925 SANCTI
2828 1863 2933 1925 EX
2968 1861 3179 1926 FILIO

2102 2030 2309 2104 Oratio
2367 2034 2423 2094 ΙΙ

666 2387 721 2443 ι.
754 2380 1075 2459 Interroga
1098 2379 1347 2441 Pa'rem
1375 2387 1569 2458 tuum,
1594 2385 1653 2442 et
1680 2380 2075 2442 annuntiabit
2093 2377 2224 2451 tibi,

2396 2360 2470 2430 α’.
2535 2367 2906 2447 Ἐπερώτησον
2962 2373 3051 2427 τὸν
3136 2371 3345 2449 Πατέρα
3427 2395 3545 2446 σου,
3630 2362 3725 2429 καὶ
3799 2371 3966 2449 ἀνάγ-

579 2471 842 2533 sem'ores
883 2457 1036 2541 tuos,
1071 2475 1125 2531 et
1154 2468 1351 2531 dicent
1401 2469 1512 2530 tibi
1538 2457 1768 2549 ‘3,pars
1796 2470 1922 2531 haec
1955 2467 2227 2531 estbeati

2317 2458 2463 2538 γελετ
2534 2481 2641 2534 σοι,
2721 2460 2842 2523 τοὺς
2930 2457 3308 2539 πρεσϐυτέρους
3402 2483 3516 2532 σου,
3619 2463 3714 2517 καὶ
3804 2460 3969 2540 iper-isi

580 2558 799 2638 Moysis
826 2556 1065 2630 cantici,
1098 2575 1231 2637 quae
1285 2565 1343 2617 et
1398 2556 1548 2619 mihi
1598 2547 1871 2638 prooemii
1921 2559 2049 2620 loco
2084 2558 2224 2619 erit.

2317 2570 2416 2622 σοι,
2476 2547 2632 2627 μέρος
2675 2553 2773 2615 τῆς
2830 2558 2921 2606 τοῦ
2978 2549 3235 2627 μακαρίου
3320 2549 3583 2613 Μωϋσέως
3646 2549 3823 2623 ᾧδῆς,
3886 2550 3967 2603 καὶ

583 2636 728 2710 Cum
767 2646 941 2725 plane
971 2645 1074 2707 illa
1102 2636 1323 2725 divina,
1356 2653 1413 2706 et
1448 2636 1621 2726 longe
1652 2646 2089 2724 sapientissime
2120 2649 2227 2710 ad-

2317 2644 2463 2726 τοῦτο
2522 2659 2612 2726 μοι
2667 2637 2964 2726 προοίμιον,
3046 2636 3173 2715 ὅπερ
3227 2724 3242 2726 Μ
3258 2638 3344 2694 καὶ
3405 2636 3770 2717 παράγγελμα
3829 2641 3967 2726 θετον

587 2735 836 2797 monitio
865 2735 1030 2804 sit,et
1051 2753 1117 2796 ex
1141 2753 1212 2796 eo
1234 2736 1307 2796 ad
1336 2736 1460 2797 haec
1495 2751 1694 2796 nOSIra
1725 2744 1992 2816 tempora
2014 2736 2230 2798 animis

584 2823 975 2906 prudentibus
992 2824 1291 2886 inhaerens
1316 2825 1633 2903 plurimum
1650 2824 2012 2886 auctoritatis
2029 2826 2224 2899 habet,

583 2922 641 2976 et
669 2921 825 2975 sarta
856 2922 1123 2994 tectaque
1155 2923 1539 2975 conservatur
1595 2915 1690 2979 llli
1724 2914 1909 2975 nnsin
1931 2918 2230 2975 anteriore

580 3003 760 3083 hujus
789 3002 1153 3065 tractationis
1186 3011 1348 3083 parte
1377 3002 1612 3065 abunde
1663 3002 1964 3085 probeque
1994 3003 2229 3064 satisfe-

582 3093 798 3174 cimus,
833 3112 965 3155 cum
1014 3113 1083 3156 ex
1118 3097 1288 3156 Patre
1320 3111 1425 3175 per
1455 3092 1666 3154 Filium
1699 3092 2058 3154 sanctissimi
2091 3093 2231 3173 Spi-

584 3180 733 3243 ritus
779 3182 1183 3245 exsistentiam
1236 3182 1688 3256 examinantes,
1745 3182 1975 3242 divinos
2034 3184 2233 3243 Patres

586 3270 898 3351 magistros
929 3281 988 3333 et
1039 3281 1223 3337 testes
1253 3272 1549 3334 dictorum
1604 3262 1957 3332 nostrorum
1979 3270 2231 3331 adduxi-

2311 2722 2369 2779 ὅν
2412 2726 2499 2780 καὶ
2555 2723 2906 2805 διαφερόντως
2977 2725 3140 2806 σοφὸν
3192 2724 3247 2791 ἒξ
3303 2726 3501 2783 ἐκείνου
3544 2729 3633 2783 καὶ
3705 2727 3765 2791 ἐς
3824 2724 3967 2805 δεῦρο

2309 2831 2431 2879 ταῖς
2490 2816 2779 2881 εὖσυνέτοις
2834 2821 3041 2897 ψυχαῖς
3105 2818 3400 2893 τιμώμενον
3447 2819 3552 2874 ’καὶ
3611 2819 3964 2897 τηρούμενον.

2312 2903 2663 2984 Πεπλήρωται
2718 2906 2815 2980 μὲν
2845 2906 2943 2961 κᾶν
2972 2911 3040 2982 τῇ
3067 2907 3293 2986 προτέρᾳ
3338 2912 3434 2973 τῆς
3468 2908 3746 2986 παρούσης
3795 2928 3965 2983 πραγ-

2313 2996 2500 3070 ματείᾳ
2529 2992 2787 3050 κάλλιστα
2815 2992 3006 3071 κομιδῆ
3034 2997 3121 3051 καὶ
3181 2994 3332 3070 ἡμῖν,
3366 2996 3521 3063 ἡνίκα
3578 2996 3677 3063 τῆν
3735 2999 3804 3053 Ex
3857 3001 3968 3052 Πα-

2314 3084 2433 3160 τρὸς
2475 3079 2544 3137 δι’
2615 3084 2736 3140 Υἱοῦ
2792 3090 2883 3139 τοῦ
2935 3084 3192 3162 παναγίου
3275 3085 3580 3159 Πνεύματος
3638 3083 3967 3156 ἐξετάζοντες

2315 3168 2531 3250 ὕπαρξιν
2618 3172 2739 3234 τοὺς
2826 3172 3106 3252 θεοφόρους
3178 3172 3415 3251 Πατέρας
3466 3171 3819 3238 διδασκάλους
3887 3176 3968 3231 καὶ

2317 3261 2583 3339 μάρτυρας
2644 3267 2748 3316 τῶν
2815 3258 3116 3339 λεγομένων
3178 3263 3642 3340 προεστησάμεθα,
3711 3262 3843 3343 παρ’
3897 3264 3965 3320 ὧν

584 3348 738 3441 mus,
773 3379 845 3422 ex
867 3360 1081 3441 quibus
1111 3360 1388 3425 omnibus
1417 3361 1748 3432 veritatem,
1783 3359 1869 3421 uti
1901 3367 2012 3432 est,
2047 3361 2233 3422 semel

2317 3348 2383 3416 δὴ
2440 3350 2654 3406 πάντων
2711 3351 2800 3405 καὶ
2841 3350 2940 3416 τὴν
2969 3348 3218 3419 ἀλήθειαν
3261 3352 3332 3413 ὡς
3382 3349 3770 3430 ἕχεικαθςίπαξ
3798 3353 3964 3431 ὶγνώ-

586 3436 988 3528 οοειὶονίῐηύε,
1026 3459 1083 3512 et
1115 3469 1274 3511 nunc
1319 3449 1458 3511 iiem
1491 3450 1738 3512 satisﬁet
1772 3468 1888 3510 non
1923 3449 2136 3524 minus,
2174 3449 2231 3511 in

2317 3459 2510 3512 καμεν.
2574 3437 2987 3518 Πληρωθήσεται
3032 3436 3086 3494 δὲ
3127 3440 3215 3495 καὶ
3246 3440 3311 3495 τὰ
3340 3446 3427 3495 νῦν
3457 3437 3600 3496 οὒδὲν
3628 3440 3796 3509 ἧττον
3839 3442 3967 3499 κατὰ

586 3538 863 3619 praesenti
894 3548 1094 3600 nostra
1115 3557 1326 3601 rursus
1344 3539 1416 3600 de
1439 3539 1649 3600 viviﬁci
1682 3536 1938 3616 Spiritus
1968 3556 2035 3599 ex
2062 3540 2233 3600 Patre

2317 3529 2405 3583 τὸν
2459 3528 2802 3608 προκείμενον
2851 3528 2986 3603 ἡμῖν
3017 3528 3197 3606 ἀγῶνα
3239 3533 3337 3594 τῆς
3392 3528 3451 3584 ἐκ
3482 3531 3687 3606 Πατρὸς
3720 3533 3811 3587 καὶ
3856 3534 3967 3587 Υἱοῦ

584 3615 642 3688 et
671 3626 822 3690 Filio
854 3628 1199 3690 exsistentia
1231 3615 1851 3690 concertatione.Cum
1880 3627 1975 3689 hic
1997 3646 2233 3708 quoque

2317 3625 2408 3675 τοῦ
2449 3622 2756 3695 ζωαρχικοῦ
2828 3616 3133 3691 Πνεύματος
3199 3618 3341 3681 αὖθις
3398 3615 3686 3696 ὑπάρξεως.
3753 3617 3962 3684 Ἐπειδῆ

583 3714 839 3776 maxima
864 3714 1197 3777 divinarum
1227 3714 1632 3796 Scipturarum
1665 3734 1800 3795 ope,
1836 3724 1893 3777 et
1923 3715 2232 3797 frequente

582 3801 656 3863 ab
687 3801 914 3863 eisdem
948 3803 1129 3883 petito
1157 3804 1378 3866 auxilio
1409 3823 1556 3884 opus
1584 3804 1686 3884 sit;
1712 3822 1827 3864 non
1855 3805 2009 3885 quod
2037 3822 2142 3864 nos
2171 3803 2232 3863 in

582 3909 785 3952 rerum
817 3892 1157 3971 cognitione
1187 3894 1343 3955 inter
1366 3893 1581 3956 multos
1604 3912 2091 3975 annumeremur,
2122 3911 2234 3955 nec

584 3980 778 4059 logica
807 3981 1085 4043 facultate
1113 4001 1182 4045 ac
1212 3983 1271 4045 vi
1300 4001 1369 4045 ex
1399 3981 1654 4063 pr0priis
1707 3982 2134 4063 praecellamus,
2177 3990 2236 4043 et

586 4070 837 4151 qumstio
872 4069 1087 4131 similis
1119 4089 1330 4150 magna
1358 4071 1456 4143 sit,
1491 4082 1551 4134 et
1577 4072 1807 4151 magnis
1838 4070 2097 4151 indigeat
2127 4074 2235 4133 de-

588 4158 1149 4234 monstrationibus;
1183 4161 1284 4223 sed
1319 4159 1475 4242 quod
1505 4161 1700 4242 potior
1728 4160 2035 4222 hominum
2080 4179 2233 4239 pars,

586 4247 646 4308 in
680 4247 1064 4312 sermonibus
1104 4249 1180 4311 de
1240 4250 1480 4330 pietate,
1527 4268 1643 4310 non
1676 4249 1756 4309 ita
1790 4249 1962 4310 facile
2010 4249 2240 4311 veritati

590 4336 852 4417 praebent
888 4354 1228 4414 assensum,
1264 4357 1396 4400 cum
1439 4338 1654 4400 animis
1697 4339 1756 4400 in
1802 4338 2047 4399 adversa
2078 4346 2241 4417 parte

592 4435 1105 4507 pueoccupantur.
1135 4427 1249 4488 nisi
1281 4428 1437 4509 quod
1473 4427 1682 4489 suadet
1707 4445 1776 4488 ac
1816 4434 2034 4500 movet,
2079 4426 2239 4488 anti-

591 4514 836 4596 quitatis
866 4515 1215 4578 auctoritate
1245 4525 1302 4579 et
1332 4535 1563 4597 eorum,
1620 4516 1721 4598 qui
1751 4520 1868 4578 vita
1914 4533 2238 4595 praecesse-

587 4609 755 4678 runt,
773 4604 1032 4686 actione,
1068 4614 1125 4667 et
1173 4605 1581 4686 speculatione
1625 4604 2240 4686 praestantissimorum

2316 3703 2520 3773 πολλῆς
2578 3707 2660 3760 δεῖ
2730 3704 2991 3761 κάνταῦθα
3033 3711 3109 3779 τῷ
3163 3703 3310 3782 λόγῳ
3349 3710 3448 3772 τῆς
3494 3706 3598 3762 ἀπὸ
3656 3708 3769 3762 τῶν
3820 3709 3961 3764 θείων

2317 3799 2537 3874 Γρανρῶν
2579 3794 2848 3872 βοηθείας,
2895 3795 2981 3849 καὶ
3034 3797 3239 3874 συχνής
3298 3792 3378 3850 ὅτι
3410 3793 3639 3869 μάλιστα
3669 3798 3830 3876 χρεία
3870 3800 3961 3862 τῆς

2316 3883 2517 3939 ἐκεῖθεν
2562 3883 2878 3962 συνάρσεως,
2928 3886 2986 3941 οὐ
3042 3881 3126 3938 διὰ
3168 3885 3228 3938 τὸ
3279 3881 3600 3949 πουοστοὺς
3657 3885 3762 3959 μὲν
3832 3889 3961 3941 εἶναι

2318 3973 2407 4027 καὶ
2482 3972 2643 4047 μόνον
2713 3972 2812 4038 τὴν
2884 3974 3080 4049 γνῶσιν
3137 3973 3304 4047 ἡμᾶς,
3364 3974 3451 4029 καὶ
3526 3970 3695 4049 μηδὲν
3751 3973 3963 4053 λογικῆς

2319 4061 2509 4139 ἰσχύος
2565 4059 2775 4117 οἴκοθεν
2834 4060 3110 4140 φέροντας,
3195 4061 3293 4128 τὴν
3336 4058 3390 4115 δὲ
3452 4053 3675 4131 ζήτησιν
3729 4061 3961 4141 μεγάλην

2492 4150 2507 4170 ‘
2690 4151 2700 4168 ο
2996 4148 3015 4180 Δ
3206 4155 3228 4165 ..ν
3338 4149 3352 4163 ς
3442 4146 3465 4166 ἢ
3499 4149 3533 4168 ορ
3833 4148 3849 4169 9

2320 4169 2378 4204 τε
2420 4170 2510 4204 και
2567 4148 2818 4225 μεγαλων
2860 4147 3118 4224 δεομένην
3162 4171 3268 4205 των
3329 4165 3665 4230 αποοειςεων,
3725 4148 3830 4207 ἀλλ
3889 4148 3959 4206 ὅτι

2321 4239 2412 4294 καὶ
2468 4238 2573 4294 τῶν
2618 4237 2905 4316 ἀνθρώπων
2965 4240 3012 4293 oi
3070 4237 3282 4301 πλείους
3326 4237 3380 4294 ἐν
3422 4252 3537 4301 τοῖς
3611 4241 3729 4317 περὶ
3787 4243 3958 4297 θεοσε-

2322 4324 2468 4393 ϐείας
2527 4326 2708 4406 λόγοις
2753 4329 2813 4383 οὒ
2854 4324 3027 4404 ῥᾴδιοι
3082 4332 3151 4404 τῇ
3194 4325 3411 4399 ἀληθείᾳ
3459 4328 3807 4410 στντίθεσθαι,
3838 4349 3959 4408 προ-

2322 4416 2759 4492 κατειλημμένης
2817 4418 2890 4479 εἰς
2934 4416 3235 4473 τοῦναντίον
3281 4422 3379 4482 τῆς
3410 4417 3608 4474 τούτων
3658 4418 3867 4498 ψυχῆς,
3919 4417 3957 4471 εἶ

2324 4509 2400 4584 μὴ
2457 4508 2519 4565 τὸ
2561 4506 2859 4587 προωλοῦν
2902 4506 3134 4587 ἀρχαῖον
3180 4505 3295 4581 εἴη,
3348 4509 3435 4563 καὶ
3492 4512 3598 4562 τῶν
3653 4505 3959 4574 διαϐεϐηκό-

2323 4619 2429 4653 των
2491 4595 2544 4653 ἔν
2597 4618 2653 4652 τε
2684 4594 2865 4674 πράξει
2936 4600 3024 4652 καὶ
3063 4597 3250 4674 θεωρίᾳ
3279 4597 3408 4673 πρὸς
3440 4598 3498 4652 τὸ
3528 4596 3844 4673 ἀκρότατον,
3896 4597 3957 4655 ὡς

591 4709 659 4752 ac
689 4683 1064 4755 summorum
1090 4683 1536 4768 corroboretur,
1572 4683 1639 4756 ut
1662 4695 1749 4755 sic
1779 4693 1919 4754 inde
1948 4692 2062 4753 sibi
2089 4693 2233 4753 mul-

2328 4686 2559 4744 ἐντεῦθεν
2616 4685 2868 4744 πλουτεῖν
2939 4684 3278 4766 πολλαχόθεν
3337 4689 3398 4742 τὸ
3437 4683 3761 4766 ἀξιόπιστον,
3808 4691 3864 4744 εὗ
3906 4704 3957 4761 γε

596 4779 673 4840 tis
704 4779 1048 4843 nominibus
1081 4783 1261 4846 ﬁdem
1299 4782 1752 4865 locupletiorem
1778 4780 2078 4863 conciliet,
2116 4801 2233 4861 pru-

2327 4784 2483 4833 τοῦτο
2511 4783 2809 4855 ποιοῦντες,
2869 4777 2957 4831 καὶ
3015 4775 3130 4831 λίαν
3174 4774 3487 4838 ἐπαινετῶς.
3545 4778 3658 4833 Τίσι
3703 4778 3804 4856 γὰρ
3858 4775 3958 4832 tua

592 4867 809 4933 denter
836 4869 1156 4931 admodum
1188 4879 1247 4932 et
1296 4862 1462 4933 valde
1513 4862 2069 4934 laudabiliter.Nam
2100 4890 2233 4951 quos

2329 4887 2440 4946 ροις
2488 4867 2603 4944 περὶ
2648 4871 2778 4922 Θεοῦ
2827 4865 2915 4921 καὶ
2967 4870 3072 4921 τῶν
3127 4865 3279 4920 θείων
3334 4862 3543 4943 λέγουσι
3595 4867 3775 4946 χρεὼν
3805 4884 3957 4922 κατα-

590 4957 766 5032 alios,
798 4957 1099 5040 inquiunt,
1133 4960 1304 5041 sequi
1335 4960 1649 5043 debemus,
1681 4978 1857 5041 quam
1915 4977 2039 5040 eos,
2091 4979 2233 5040 quo-

2330 4953 2602 5012 κολουθεῖν
2658 4954 2694 5022 ἢ
2725 4967 2844 5016 τοῖς
2905 4951 3381 5030 προεξητασμένυις
3427 4955 3516 5011 τὸν
3568 4954 3704 5034 βίον,
3762 4953 3959 5010 καὶτὸν

592 5065 723 5109 rum
752 5047 868 5109 vita
899 5046 961 5109 in
991 5047 1162 5110 lance
1183 5040 1932 5130 arigidissimisjudicibus
1960 5067 2233 5130 expensa,

2328 5043 2487 5123 λόγον
2543 5045 2640 5120 μὲν
2669 5041 2927 5123 ὑψηλοῖς,
2957 5042 3305 5122 ὑψηλοτέροις
3347 5041 3403 5097 δὲ
3448 5042 3547 5109 τὴν
3605 5040 3859 5119 διάνοιαν,
3903 5042 3966 5098 ὧν

590 5133 803 5199 eorum
857 5155 1169 5200 sermones
1202 5137 1515 5213 sublimes,
1551 5147 1609 5200 et
1638 5136 2027 5216 cogitationes
2062 5136 2233 5196 multc

2329 5133 2528 5212 μελέτη
2571 5130 2827 5200 διηνεκὴς
2868 5130 2984 5188 κατ’
3037 5132 3340 5207 ἐπιστήμην
3387 5152 3493 5188 των
3525 5132 3689 5188 ὄντων
3734 5135 3762 5189 ὃ
3818 5132 3963 5190 θάνα-

591 5225 974 5288 sublimiores
1004 5227 1405 5309 comprobatae
1436 5236 1665 5303 sunt,et
1694 5244 1943 5308 quorum
1968 5225 2233 5287 continua

2329 5244 2441 5292 τος,
2477 5222 2528 5289 ἐξ
2560 5221 2622 5290 ἧς
2666 5223 2753 5279 καὶ
2781 5222 2845 5277 τὰ
2873 5221 3000 5300 ὑπὲρ
3049 5220 3327 5296 αἴσθησιν,
3392 5222 3465 5283 ὡς
3528 5221 3741 5300 ἐφικτὸν
3794 5223 3963 5282 αὺτοῖς

595 5314 925 5388 meditatio,
959 5323 1027 5377 ut
1057 5334 1259 5379 rerum
1301 5317 1553 5380 scientia
1584 5318 1792 5398 poscit,
1824 5332 1986 5376 mors
2008 5314 2139 5395 fuit,
2173 5333 2233 5376 ei

2329 5313 2464 5388 μετὰ
2507 5315 2699 5391 σαρκὸς
2756 5309 3158 5389 ἐφαντάσθησαν
3227 5322 3346 5374 τοῖς
3406 5317 3512 5367 τῶν
3562 5313 3744 5367 παθῶν
3781 5309 3964 5391 ἀχλύος

593 5422 709 5485 qua
739 5405 826 5466 uti
853 5404 1098 5468 facultas
1138 5406 1257 5469 illis
1286 5407 1503 5469 animae
1531 5406 1736 5470 oculos
1781 5413 1957 5487 atque
2003 5404 2233 5466 videndi

2327 5400 2740 5481 κεκαθαρμένοις
2794 5402 2857 5456 τὸ
2899 5404 2999 5467 τῆς
3030 5403 3217 5479 ψυχῆς
3249 5399 3470 5456 ὀπτικόν
3504 5421 3520 5476 ;
3565 5408 3694 5463 Τοῖς
3724 5402 3968 5461 τοιούτοις

593 5492 782 5555 aciem
797 5491 872 5555 ab
892 5494 1207 5557 aﬂectuum
1223 5494 1486 5559 tenebris
1498 5492 1837 5576 expurgatis
1848 5491 2233 5570 concedebat,

2326 5494 2371 5548 oi
2422 5493 2522 5569 πρὸ
2593 5489 2826 5570 βραχέος
2875 5487 3146 5567 ῥηθέντες,
3190 5488 3394 5565 μᾶλλον
3456 5487 3508 5544 δὲ
3548 5489 3636 5545 καί
3676 5490 3876 5548 τούτων
3926 5510 3971 5575 οὶ

674 5653 737 5706 ιδ
767 5656 939 5717 Deut.
972 5669 1163 5736 nm,
1188 5656 1250 5720 7.
