4176 6290
281 346 421 410 1141

271 481 532 560 κρείττους
626 484 714 539 καὶ
811 483 1206 564 νουνεχέστεροι
1311 484 1574 540 πείθεσθαι

271 571 530 646 ἀσμένους
572 575 626 629 ἒν
669 572 792 636 τοῖς
850 573 979 651 ὑπὲρ
1035 575 1203 648 ἡμᾶς,
1249 571 1334 638 ob;
1395 574 1485 630 καὶ
1535 571 1735 629 δικαίον
1776 571 1921 650 γνώ-

271 682 382 734 μης
440 661 874 740 ὑπερθαυμάζειν,
919 662 1006 717 καὶ
1060 659 1257 742 σφόδρα
1311 662 1523 726 τούτους
1585 661 1671 718 διὰ
1728 661 1921 724 παντὸς

272 746 658 828 ἀποδέχεσθαι.
718 750 856 828 Πρὸς
915 750 1014 829 γὰρ
1068 771 1150 806 τοι
1203 750 1323 813 τοὺς
1378 748 1591 824 ἄλλους,
1657 747 1769 806 ὅσοι
1823 749 1922 817 τὴν

272 839 388 916 περὶ
458 837 648 917 λόγους
717 837 957 896 παιδείαν
1028 839 1242 919 πάντων
1286 845 1474 919 μικροῦ
1521 837 1771 918 προέχειν
1825 835 1916 894 δο-

270 915 505 1000 κοῦντες,
539 915 682 1005 πρὸς
737 934 815 1001 τῷ
875 915 1101 1000 μηδενδς
1165 925 1301 989 ὅλως
1360 915 1688 1007 φροντίζειν,
1737 925 1789 981 εἴ
1844 927 1921 989 τίς

272 1037 373 1071 που
411 1017 498 1072 καὶ
540 1015 715 1094 λέγειν
755 1019 811 1072 ὶν
853 1030 971 1080 τοῖς
1029 1017 1144 1094 περὶ
1201 1015 1428 1080 πίστεως
1476 1014 1593 1094 ἔχει
1635 1037 1685 1070 τι
1727 1016 1921 1095 χρήσιο

273 1125 397 1178 μον,
443 1103 558 1164 οὐδὲ
585 1118 709 1171 ταῖς
734 1108 901 1185 ἱεραῖς
935 1105 1132 1170 ἀξιοῦσι
1187 1103 1475 1184 προσέχειν
1533 1109 1790 1184 Γραφαῖς,
1849 1107 1922 1167 ὼς

271 1191 362 1266 ἀφ’
420 1194 619 1252 ἑαυτῶν
659 1192 813 1262 δῆθεν
887 1193 1266 1274 κατειληφότες
1317 1195 1380 1250 τὸ
1433 1199 1524 1251 τοῦ
1587 1191 1923 1271 κηρύγματος

274 1278 513 1360 ἀκριϐὲς,
575 1282 794 1361 ἀρμόσει
882 1285 942 1340 τὸ
1025 1290 1118 1340 τοῦ
1174 1281 1502 1339 Ἀποστόλου
1567 1283 1770 1360 σαφῶς,
1841 1280 1922 1337 ὅτι

275 1367 722 1444 Ἐματαιώθησαν
833 1373 889 1428 ἂν
988 1385 1110 1434 ταῖς
1212 1369 1459 1434 διανοίαις
1545 1375 1739 1442 αὐτῶν,
1827 1370 1924 1450 φά-

268 1479 485 1524 σκοντες
576 1475 714 1518 εῖναι
811 1463 986 1540 σοφοὶ,
1062 1459 1466 1539 ἐμωράνθησαν,
1567 1459 1650 1540 ἐφ’
1720 1463 1765 1534 ᾧ
1835 1460 1921 1515 καὶ

269 1548 362 1602 τὸν
419 1550 536 1606 νοῦν
596 1549 696 1605 ὑπὸ
753 1547 1045 1614 κενοδοξίας
1091 1549 1154 1604 τὸ
1209 1549 1456 1614 παράπαν
1531 1546 1920 1627 τυφλώττοντες

269 1636 393 1699 τοὺς
452 1637 651 1694 ἑαυτῶν
693 1636 980 1717 λογισμοὺς
1039 1636 1135 1704 τῆς
1177 1638 1284 1692 τῶν
1352 1635 1620 1716 θεηγόρων
1679 1635 1922 1704 Πατέρων

268 1722 604 1792 διδασκαλίας
673 1729 1060 1807 προκρίνουσιν,
1125 1726 1325 1784 Ἐνίοτε
1382 1723 1436 1781 δὲ
1519 1727 1606 1782 καὶ
1676 1724 1920 1804 περιτρέ-

1202 351 1299 413 DE
1345 348 1850 415 PROCESSIONE
1899 351 1959 412 S.
2007 349 2360 413 SPIRITUS
2401 348 2624 414 URAT.
2666 353 2746 415 ΙΙ.

3499 350 3650 418 1142

1685 482 1916 561 φιλοῦσιν
1938 490 1980 537 Α
2001 495 2132 558 quae
2162 496 2402 540 sensum
2434 489 2814 562 exsuperant,
2851 499 2984 545 cum
3016 500 3196 544 carne
3226 482 3648 563 imaginatione

2004 566 2490 648 concepere.His,
2528 569 2698 648 paulo
2717 577 2853 632 ante
2873 572 3246 644 commorati,
3282 571 3402 632 imo
3440 589 3647 634 eorum

2007 655 2284 718 meliores
2310 657 2869 741 prudentioresque,
2888 661 2947 722 in
2977 660 3158 722 rebus
3186 679 3318 741 quaa
3338 679 3518 742 supra
3543 680 3650 724 nos

2003 752 2141 804 sunt
2181 746 2419 808 suaderi
2451 755 2670 822 amant,
2720 767 2870 830 quos
2902 756 2960 811 et
2981 749 3122 829 jure
3152 750 3362 812 merito
3393 749 3468 811 ob
3502 769 3647 813 sen-

2007 832 2248 894 tentiam
2282 835 2535 896 maxime
2559 835 2891 912 laudamus,
2911 846 2969 898 et
2991 847 3274 920 perpetuo
3297 839 3645 920 recipimus.

2004 920 2156 982 Aliis
2178 941 2338 999 vero,
2369 924 2469 1002 qui
2497 924 2731 987 dicendi
2764 933 2891 987 arte
2921 935 3095 1008 atque
3135 927 3468 989 eruditione
3499 928 3646 990 reli—

2004 1028 2152 1089 quos
2168 1011 2314 1072 alios
2343 1031 2626 1092 superare
2656 1013 2769 1075 sibi
2801 1015 3096 1097 videntur,
3125 1035 3258 1078 cum
3291 1016 3440 1076 alias
3472 1035 3648 1078 men-

2005 1106 2122 1159 tem
2155 1117 2395 1179 prorsus
2420 1121 2534 1162 non
2546 1101 3069 1185 applicent,siquis
3081 1105 3156 1166 de
3179 1105 3298 1166 tlde
3319 1105 3647 1185 proﬁcuum

2004 1187 2222 1267 aliquid
2256 1208 2589 1269 proponere
2621 1199 2829 1266 tentet,
2892 1211 3088 1273 neque
3135 1193 3278 1254 satis
3320 1192 3650 1272 ‘Scripturis

2004 1274 2265 1336 animum
2295 1278 2603 1339 advertere
2632 1279 3032 1358 volunt,quasi
3057 1298 3129 1342 ex
3145 1299 3276 1342 sese
3298 1280 3648 1362 exquisitam

2003 1364 2440 1444 pradicationis
2471 1367 2763 1428 rationem
2792 1369 3352 1449 praeoccupaveriut,
3398 1371 3648 1450 adapta-

2004 1453 2165 1514 bitur
2190 1473 2306 1515 non
2331 1457 2654 1534 incongrue
2699 1455 2846 1517 illud
2888 1457 3159 1536 Apostoli
3194 1479 3208 1519 :
3244 1457 3650 1522 Evanuerunt

2002 1541 2068 1602 in
2085 1545 2552 1621 cogitationibus
2567 1546 2860 1617 suis,cum
2875 1563 2940 1606 se
2950 1546 3258 1608 crederent
3276 1549 3648 1628 essesapien-

2003 1630 2286 1710 tes,stulti
2312 1633 2626 1710 factisunt
2654 1634 2736 1696 44.
2771 1632 2922 1696 Hinc
2953 1642 3011 1695 et
3040 1644 3304 1696 mentem
3336 1634 3412 1696 ob
3443 1654 3651 1698 vanam

2002 1719 2093 1778 sui
2123 1719 2616 1782 existimationem
2641 1722 2812 1802 plane
2826 1722 3110 1784 obczecati
3139 1724 3409 1805 proprias
3424 1725 3650 1804 cogita-

267 1835 390 1870 πειν
444 1803 728 1894 πειρῶνται
799 1803 930 1894 πρὸς
986 1816 1046 1872 τὸ
1098 1815 1279 1872 δοκοῦν
1323 1817 1501 1878 αὐτοῖς
1563 1815 1660 1882 τὴν
1729 1812 1919 1880 ἀκλινή

2005 1805 2195 1869 tiones
2247 1809 2741 1891 diviniloquorum
2791 1813 3032 1874 Patrum
3078 1803 3365 1874 doctrinis
3415 1803 3650 1894 praepo-

268 1903 378 1960 τῶν
433 1901 630 1982 ἀνδρῶν
672 1911 764 1962 τοῦ
834 1905 1136 1980 Πνεύματος
1172 1902 1392 1975 ἔννοιαν,
1443 1904 1749 1983 φιλονείκως
1804 1903 1921 1980 περὶ

266 1993 464 2060 ταύτης
511 1995 642 2072 πρὸς
687 1995 775 2059 οὒς
804 1992 866 2049 ἂν
892 1995 1047 2073 τύχοι
1090 1991 1476 2070 διαλεγόμενοι,
1509 1993 1594 2048 καὶ
1651 1991 1710 2048 οὗ
1767 1991 1918 2070 φρίτ-

270 2103 448 2139 τουσιν
507 2081 560 2140 ἑν
616 2085 678 2140 οὒ
717 2097 970 2148 παικτοῖς
1020 2085 1082 2138 τὸ
1133 2080 1198 2150 δὴ
1265 2079 1646 2160 θρυλλούμενον
1703 2081 1918 2150 παίζον-

271 2192 386 2250 τες,
431 2169 660 2246 μάλιστα
716 2169 769 2226 δὲ
826 2173 893 2228 τὰ
960 2175 1080 2229 θεῖα
1135 2168 1432 2226 διαϐάλλειν
1517 2165 1916 2239 σπουδάζοντες.

277 2261 380 2318 Καὶ
421 2261 652 2339 παρίημι
709 2259 883 2340 λέγειν
925 2262 1041 2340 περὶ
1081 2264 1188 2316 τῶν
1237 2257 1321 2314 διὰ
1363 2257 1550 2338 φθόνον
1605 2258 1693 2313 καὶ
1736 2270 1919 2332 μῖσος,

277 2348 370 2405 οὒκ
410 2348 589 2427 ὀλίγον
631 2351 732 2428 γὰρ
771 2363 890 2412 τοῖς
933 2351 1118 2406 πάθεσι
1182 2349 1388 2410 τούτοις
1437 2345 1731 2410 ἐαλωκότες
1786 2349 1921 2422 ἡμῖν

274 2438 615 2520 ἐπιφύονται,
684 2441 1150 2519 παρατρεχόντων,
1221 2439 1256 2506 ἢ
1325 2438 1413 2495 καὶ
1488 2437 1921 2515 παραποιούντων

276 2528 448 2585 ἔκοντὶ
501 2529 602 2596 τὴν
645 2527 914 2602 ἀλήθειαν,
978 2532 1064 2592 οἷς
1092 2527 1312 2606 ἀπόχρη
1347 2527 1434 2582 καὶ
1477 2525 1638 2600 μόνον
1667 2528 1740 2589 εἷς
1772 2524 1922 2591 ἐξου-

274 2616 491 2674 δένωσιν
549 2619 612 2674 τὸ
676 2629 863 2680 κακοῖς
934 2618 1022 2673 καὶ
1076 2620 1215 2673 εἶναι
1258 2617 1345 2671 καὶ
1388 2615 1729 2691 ὀνομάζεσθαι
1781 2617 1923 2695 παρὰ

273 2720 392 2769 τοῖς
450 2705 636 2786 ἄριστα
664 2704 965 2783 διακρίνειν,
995 2707 1084 2762 καὶ
1137 2703 1436 2761 τελεώτατα
1488 2705 1606 2782 περὶ
1659 2704 1920 2760 τοσούτων

274 2795 641 2874 γινώσκουσιν.
703 2791 852 2852 Ἀλλ’
910 2795 1104 2850 ἐκεῖνοι
1159 2793 1256 2868 μὲν
1299 2793 1512 2858 τούτους
1542 2793 1630 2848 καὶ
1670 2793 1731 2848 τὸ
1785 2794 1921 2849 κατὰ

275 2891 395 2941 νοῦν
454 2881 765 2962 ἀναπολεῖν,
839 2883 942 2946 ’ἑως
1017 2881 1078 2938 ἂν
1118 2883 1218 2938 ὑπὸ
1260 2881 1546 2957 βασκανίας
1592 2882 1722 2958 πρὸς
1777 2882 1919 2956 ἡμᾶς

280 2972 487 3052 ἒχθρῶς
545 2972 765 3052 ἔχοντες
848 2970 1152 3050 ἀδιόρθωτυι
1210 2969 1458 3044 μένωσιν,
1533 2967 1811 3033 ἐπιϐλαϐές
1863 2991 1919 3024 τε

2005 1905 2172 1959 nunt.
2207 1895 2374 1977 Saepe
2406 1900 2579 1961 etiam
2613 1919 2861 1962 numero
2893 1901 3196 1962 immotam
3229 1901 3485 1963 virorum
3511 1901 3650 1983 Spi-

2004 1984 2152 2047 ritus
2184 1988 2537 2050 sententiam
2573 1996 2912 2067 pervertere
2945 1990 3648 2062 conantur,utsibicom-

2006 2073 2590 2152 placet,cdntentiose
2613 2076 2687 2138 de
2711 2095 2780 2138 ea
2802 2095 2935 2138 cum
2956 2077 3145 2138 obviis
3169 2077 3508 2160 quibusque
3529 2096 3653 2142 ser-

2005 2179 2241 2222 monem
2269 2163 2666 2240 conferentes,
2703 2184 2812 2227 nec
2843 2166 3110 2240 horrent,
3139 2167 3199 2226 in
3228 2167 3346 2228 illis
3371 2187 3404 2228 a
3435 2167 3652 2249 quibus

2005 2249 2178 2329 longe
2216 2261 2306 2314 est
2331 2255 2522 2331 jocus,
2559 2253 2713 2334 quod
2761 2255 3074 2335 proverbio
3105 2255 3315 2331 fertur,
3350 2255 3647 2332 ludentes,

2005 2347 2064 2399 et
2091 2340 2246 2419 quod
2277 2342 2537 2403 atrocius
2568 2350 2680 2416 est,
2712 2360 2946 2404 summo
2975 2344 3170 2406 studio
3214 2345 3410 2406 divina
3437 2345 3646 2407 crimi-

2005 2435 2243 2490 nantur.
2278 2430 2352 2492 Et
2382 2438 2670 2510 praetereo
2700 2431 2776 2492 de
2808 2432 2880 2492 iis
2910 2430 3138 2507 dicere,
3175 2433 3275 2514 qui
3305 2434 3440 2496 odio
3469 2445 3651 2515 atque

2006 2515 2454 2593 invidentia,his
2474 2519 2632 2582 enim
2654 2519 2966 2582 affectibus
2996 2539 3114 2581 non
3141 2522 3452 2584 minimum
3487 2541 3650 2584 man-

2007 2604 2209 2686 cipati,
2238 2607 2298 2668 in
2335 2627 2440 2668 nos
2467 2617 2807 2690 assurgunt,
2839 2618 3330 2690 praetercurrunt,
3379 2619 3438 2674 et
3484 2613 3648 2674 veri-

2006 2699 2187 2755 tatem
2225 2705 2437 2776 sponte
2469 2706 2832 2778 pervertunt,
2868 2697 2926 2758 in
2959 2717 3213 2780 quorum
3244 2707 3648 2781 contemptum

2003 2785 2144 2844 satis
2172 2782 2532 2866 abundeque
2564 2793 2677 2867 est,
2721 2785 2862 2847 dum
2897 2786 3154 2867 improbi
3187 2797 3248 2850 et
3273 2796 3648 2869 reputantur,

2003 2879 2062 2933 et
2091 2883 2463 2954 nuncupatur
2491 2873 2564 2936 ab
2583 2874 2824 2955 optimis
2851 2894 3051 2937 rerum
3085 2883 3295 2938 harum
3317 2877 3648 2958 judicibus,

2003 2968 2061 3020 et
2096 2961 2542 3040 perfectissimis
2559 2962 2983 3039 cognitoribus.
3015 2962 3443 3027 Verumtamen
3472 2966 3652 3028 hosce

278 3048 364 3117 καὶ
389 3048 393 3049 7
418 3048 760 3135 ἐπικίνδυνον,
810 3061 889 3136 μὴ
952 3048 1081 3116 ποτε
1125 3061 1216 3117 τοῦ
1268 3064 1368 3125 τῆς
1409 3060 1596 3121 κακίας
1651 3059 1731 3114 ῐοῦ
1790 3060 1919 3136 πρὸς

2007 3048 2095 3108 vel
2130 3059 2327 3112 mente
2360 3051 3028 3133 concipere,quousque
3051 3052 3320 3115 invident
3348 3053 3644 3128 obstricti,

277 3149 465 3211 αὐταὺς
543 3150 864 3226 ὑγιαίνοντες
951 3147 1028 3204 ἔτι
1111 3150 1198 3205 καὶ
1280 3149 1424 3204 αύτοὶ
1509 3145 1919 3224 μεταλάϐωμεν.

277 3237 427 3296 Ούτω
490 3242 587 3304 τῆς
673 3239 1018 3296 θεοπνεύστου
1089 3235 1498 3316 κατολιγωροῦσι
1557 3241 1790 3315 Γραφῆς,
1849 3239 1922 3300 ὡς

275 3330 302 3384 ὁ
344 3327 504 3404 λόγος
563 3325 758 3385 ἄνωθεν
817 3328 1015 3407 φθάσας
1069 3326 1167 3382 κᾶν
1226 3324 1494 3404 ἀμυδρῶς,
1557 3325 1690 3389 τέως
1746 3323 1791 3381 δ’
1836 3325 1922 3382 οὖν

272 3415 640 3496 παρεδήλωσε.
711 3413 790 3472 Δι’
837 3416 904 3484 ἢν
959 3416 1126 3473 αἰτίαν
1170 3413 1289 3474 αὒδέ
1318 3412 1670 3492 προσϐλέπειν
1738 3419 1920 3479 αὐτοῖς

273 3505 523 3568 ὡσαύτως
593 3502 942 3580 διακειμένοις
999 3507 1061 3560 τὸ
1119 3504 1224 3560 ἀπὸ
1280 3502 1448 3563 τοῦδε.
1509 3504 1585 3578 μὴ
1615 3503 1695 3560 ὅτι
1739 3525 1798 3582 γε
1830 3526 1923 3578 με·

273 3590 534 3650 ταδιδόναι
563 3591 724 3672 λόγου
758 3591 944 3666 καλὸν,
987 3592 1077 3649 ἅτε
1107 3597 1184 3666 μὴ
1229 3591 1450 3648 κατόπιν
1497 3597 1594 3658 τῆς
1651 3596 1754 3648 τῶν
1797 3596 1919 3650 θεο-

274 3682 450 3761 σόφων
490 3681 738 3761 Πατέρων
796 3681 1169 3760 μυσταγωγίας
1227 3682 1289 3737 τὸ
1365 3679 1579 3738 σύνολον
1661 3681 1917 3758 βαίνουσι.

276 3783 398 3834 ταῖς
457 3770 671 3835 οἰκείαις
728 3768 782 3826 δὲ
841 3770 1078 3848 γνώμαις
1149 3776 1462 3849 στοιχοῦσιν
1525 3772 1800 3849 ὶριστικῶς
1870 3769 1922 3835 ἐξ

275 3858 523 3927 οἰήσεως.
582 3849 772 3934 Ἡμεῖς
833 3856 887 3913 δὲ
967 3856 1132 3932 μηδὲν
1196 3857 1331 3914 ἴδιον
1401 3871 1614 3936 φρονεῖν
1656 3859 1692 3926 ἣ
1749 3857 1923 3937 λέγειν

276 3945 577 4022 τολμῶντες
631 3949 750 4024 περὶ
824 3954 976 4019 Θεοῦ,
1047 3945 1278 4024 θρασέων
1345 3947 1445 4026 γὰρ
1499 3947 1792 4026 ἡγούμεθα,
1835 3948 1923 4003 καὶ

277 4036 338 4092 τὸ
393 4041 495 4090 πᾶν
544 4037 740 4109 εἰπεῖν,
784 4034 1074 4112 ἀλογίστων
1117 4033 1313 4112 ἀνδρῶν
1363 4037 1424 4091 τὸ
1467 4033 1783 4092 διανοεῖσθαι
1838 4032 1925 4091 καὶ

278 4121 463 4180 λαλεῖν
507 4123 599 4204 ἀφ’
642 4115 842 4181 ἑαυτῶν
895 4124 959 4179 τά
1021 4130 1114 4179 τοῦ
1178 4123 1478 4198 Πνεύματος
1534 4125 1700 4204 χωρὶς
1759 4123 1925 4178 Πνεύ-

274 4233 466 4292 ματος,
500 4213 592 4274 τὰς
623 4213 762 4292 ἱερὰς
820 4212 924 4268 τῶν
982 4212 1144 4290 ἁγίων
1201 4213 1401 4292 γραφὰς
1447 4210 1562 4286 μετ’
1623 4209 1924 4286 ἐπιμελείας

277 4301 364 4355 καὶ
435 4305 673 4379 συνεχῶς
744 4301 1167 4376 ἀναπτύσσομεν,
1253 4301 1340 4356 καὶ
1417 4299 1611 4363 ταύτας
1663 4301 1737 4363 ὡς
1795 4307 1924 4355 Θεοῦ

278 4388 452 4467 φωνὰς
509 4385 788 4467 διαῤῥήδην
859 4389 1163 4459 ἀκούοντες,
1208 4401 1330 4450 ταῖς
1372 4388 1468 4455 τῆς
1524 4385 1734 4466 καρδίας
1790 4386 1926 4444 πλα-

281 4475 354 4542 ξὶν
400 4475 821 4557 ἰγχαράττομεν,
867 4479 955 4534 καὶ
1004 4475 1089 4532 διὰ
1137 4476 1381 4554 γλώττης
1436 4479 1567 4555 πρὸς
1613 4478 1732 4540 τοὺς
1792 4476 1922 4542 ἔξω·

281 4568 368 4621 θεν
425 4567 496 4629 ὡς
557 4566 697 4639 ἐνὸν,
743 4568 786 4621 εἰ
880 4563 1081 4638 δεήσει,
1145 4586 1496 4644 προφερομεν,
1558 4565 1925 4644 ἐπερωτῶντες

282 4654 404 4711 οἷον
459 4653 706 4711 ἑκάστοτε
769 4652 855 4710 διὰ
915 4662 1018 4711 τῶν
1063 4655 1311 4711 τοιούτων
1353 4655 1565 4735 γραφῶν
1605 4655 1726 4718 τοὺς
1769 4656 1924 4718 αὐτὰς

279 4739 635 4808 συλλαϐόντας
689 4745 778 4800 καὶ
813 4745 1062 4809 τεκόντας
1122 4743 1176 4800 ἐν
1233 4745 1496 4820 Πνεύματι
1558 4745 1674 4823 περὶ
1717 4744 1925 4800 πάντων

275 4832 380 4887 τῶν
423 4833 497 4895 εἰς
567 4829 834 4888 εύσεϐειαν
911 4833 1239 4906 ἀνηκόντων,
1298 4834 1371 4895 ὡς
1435 4831 1667 4911 Πατέρας
1710 4838 1778 4909 τῇ
1831 4833 1922 4888 πί-

272 4941 382 4976 στει
439 4919 644 4983 κοινοὺς
709 4922 798 4977 καὶ
852 4920 1230 5000 πρεσϐυτέρους
1292 4927 1361 4997 τῇ
1404 4927 1508 4977 τῶν
1551 4923 1764 4999 ἡμερῶν
1816 4943 1925 4976 πα-

277 5005 520 5075 λαιότητι
563 5009 698 5064 κατά
729 5010 828 5075 τὴν
880 5016 974 5066 τοῦ
1019 5009 1277 5088 μακαρίου
1336 5008 1598 5070 Μωϋσέως
1654 5008 1929 5075 θειοτάτην

280 5097 371 5152 καὶ
437 5097 750 5176 σοφωτάτην
806 5099 1135 5178 παραίνεσιν,
1204 5099 1292 5154 καὶ
1334 5095 1496 5154 ταῦτα
1557 5097 1654 5172 μὲν
1723 5097 1930 5170 μανθα-

274 5206 451 5248 νοντες
488 5183 766 5264 ἀσφαλῶς,
816 5187 905 5242 καὶ
955 5199 1069 5250 τοῖς
1128 5184 1308 5250 ἄλλοις
1351 5186 1536 5264 χρείας
1588 5182 1924 5241 καταλαϐού-

277 5295 376 5342 σης
422 5275 496 5338 ὡς
571 5271 788 5350 δύναμις
846 5275 1308 5354 παραπέμποντες,
1366 5265 1561 5331 ’Ἔνθεν
1602 5295 1682 5331 τοι
1724 5274 1812 5330 καὶ
1863 5276 1924 5330 τὸ

273 5364 443 5443 παρὸν
485 5362 537 5428 ιε
585 5363 756 5421 αὐτῶν
813 5363 1026 5421 ἐκείνων
1083 5365 1285 5422 ἐσεῖται
1335 5365 1402 5422 τὰ
1457 5369 1556 5432 τῆς
1615 5360 1924 5427 ἀποδείξεως

271 5454 405 5529 ἡμῖν
459 5459 552 5510 τοῦ
632 5453 983 5531 προκειμένου
1052 5455 1384 5530 ζητήματος,
1471 5451 1552 5510 ὅτι
1629 5452 1715 5507 καὶ
1770 5458 1924 5508 τοῦτο

352 5637 415 5686 ιι
441 5635 615 5700 Rom.
653 5653 693 5716 ι,
726 5638 827 5702 21.

2009 3146 2067 3199 et
2096 3139 2406 3200 nobiscum
2435 3139 2775 3201 inimicitias
2804 3149 3077 3219 gerentes
3107 3141 3421 3206 incorrecti
3443 3160 3652 3223 perse-

2008 3235 2162 3302 rant,
2199 3246 2314 3289 non
2345 3229 2572 3308 absque
2603 3229 2870 3309 periculo
2930 3237 2989 3290 et
3047 3239 3313 3291 extremo
3344 3230 3654 3292 discrimi-

2008 3333 2082 3374 ne
2121 3325 2232 3394 est,
2285 3335 2360 3378 ne
2409 3334 2644 3380 Veneno
2702 3316 3096 3399 improbitatis
3146 3337 3255 3380 nos
3287 3337 3523 3401 quoque
3552 3319 3654 3399 qui

2008 3405 2136 3465 sani
2166 3425 2391 3480 sumus,
2428 3406 2781 3468 inﬁciemur.
2844 3407 2942 3470 Sic
2989 3407 3272 3469 divinitus
3303 3410 3649 3489 inspiratam

2006 3492 2365 3574 Scripturam
2396 3495 2704 3576 despectui
2735 3494 2977 3578 habent,
3000 3505 3062 3558 ut
3087 3516 3267 3577 supra
3296 3497 3474 3566 ratio.
3510 3497 3653 3560 licet

2007 3583 2290 3658 tenuiter,
2323 3583 2518 3664 aliquo
2552 3593 2750 3645 tamen
2783 3584 2961 3646 modo
2985 3585 3361 3664 signiﬁcavit?
3391 3589 3654 3667 Propte-

2005 3688 2225 3751 reaque
2247 3690 2350 3735 eos
2377 3671 2434 3732 in
2462 3681 2759 3753 posterum
2784 3675 2871 3735 sic
2893 3673 3217 3755 dispositos
3258 3693 3374 3736 non
3409 3675 3653 3756 intueri,

2008 3762 2190 3822 multo
2208 3761 2403 3822 minus
2418 3763 2715 3843 colloquio
2737 3761 3286 3844 dignari,0ptimum
3311 3763 3655 3840 fuerit,cum

2006 3849 2092 3909 illi
2125 3869 2159 3910 a
2188 3850 2388 3911 divino
2412 3852 2654 3912 numine
2678 3849 3026 3914 edoctorum
3047 3853 3330 3932 vestigiis,
3361 3870 3554 3933 neque
3571 3852 3662 3913 di-

2005 3938 2869 4014 viuzedoctrinaainsiatant,sed
2887 3940 3142 4022 propriis
3156 3941 3536 4022 Opinionibus
3549 3959 3654 4003 va-

2009 4045 2080 4087 na
2093 4027 2664 4090 suiexsistimatione
2679 4029 3050 4091 contentiose
3065 4028 3501 4092 incedunt.Nos
3514 4048 3653 4092 vero

2007 4116 2082 4177 de
2111 4116 2232 4178 Deo
2263 4116 2486 4197 aliquid
2513 4117 2816 4197 proprium
2849 4136 3044 4198 neque
3078 4128 3508 4199 tenere,neque
3525 4119 3652 4180 elo-

2007 4205 2111 4284 qui
2139 4205 2448 4286 audentes,
2484 4207 2863 4268 temerarium
2922 4206 3219 4287 siquidem
3267 4209 3326 4269 id
3384 4227 3454 4269 ac
3483 4209 3658 4289 plane

1944 4326 1992 4380 ι)
2010 4293 2254 4355 rationis
2271 4295 2513 4374 inopum
2535 4294 2844 4355 hominum
2872 4305 3130 4373 cogitare
3145 4304 3204 4359 et
3224 4296 3551 4358 decernere
3577 4315 3655 4358 ex

2010 4382 2266 4464 propriis
2296 4382 2370 4443 de
2395 4381 2617 4463 Spiritu
2649 4381 2874 4462 absque
2917 4381 3164 4463 Spiritu,
3197 4402 3365 4446 sacra
3408 4395 3652 4447 sancto-

2006 4490 2138 4532 rum
2169 4471 2464 4532 volumina
2493 4471 2809 4550 diligenter
2856 4472 3259 4553 continuoque
3305 4472 3652 4548 evolvimus,

2007 4577 2196 4640 eaque
2225 4560 2309 4620 uti
2342 4559 2446 4621 Dei
2475 4577 2650 4620 voces
2682 4559 2875 4640 palam
2894 4559 3228 4636 audientes,
3261 4561 3321 4621 in
3347 4561 3545 4622 cordis
3571 4569 3650 4622 ta-

2011 4648 2164 4709 bulis
2193 4647 2534 4720 incidimus,
2564 4657 2622 4708 et
2653 4647 2852 4726 lingua
2873 4648 2942 4709 ad
2967 4647 3229 4728 alios,uti
3257 4649 3390 4711 ﬁeri
3437 4657 3651 4730 potest,

2009 4737 2150 4797 dum
2172 4754 2317 4817 opus
2333 4735 2778 4812 est,oﬂ‘erimus,
2799 4736 3240 4818 quodammodo
3270 4738 3651 4816 interrogan-

2011 4834 2101 4886 tes
2131 4843 2238 4906 per
2265 4843 2336 4886 ea
2363 4823 2584 4904 scripta
2612 4824 2772 4897 illos,
2795 4827 2892 4906 qui
2925 4844 2995 4886 ea
3029 4837 3525 4907 conceperant,et
3547 4846 3654 4910 pe-

2009 4923 2292 4995 pererunt
2322 4913 2382 4975 in
2415 4913 2638 4994 Spiritu
2665 4913 2740 4975 de
2761 4913 3038 4976 omnibus
3059 4915 3133 4976 ad
3166 4915 3442 4997 pietatem
3474 4935 3654 4998 spec-

2013 5003 2292 5076 tantibus,
2315 5003 2398 5064 uti
2429 5002 2632 5065 Patres
2666 5003 2786 5066 fide
2815 5021 3186 5080 communes,
3217 5014 3276 5067 et
3302 5007 3654 5088 antiquitate

2011 5094 2244 5156 dierum
2273 5093 2564 5168 seniores,
2599 5093 2926 5164 secundum
2957 5093 3111 5157 beati
3145 5096 3356 5178 Moysis
3400 5096 3654 5159 divinis-

2009 5185 2221 5243 simam
2243 5200 2314 5244 ac
2343 5181 2843 5264 sapientissimam
2865 5183 3354 5255 admonitionem.
3387 5193 3449 5249 et
3475 5185 3564 5248 sic
3586 5204 3656 5249 ea

2007 5278 2129 5332 tuto
2151 5270 2425 5346 dicimus,
2462 5279 2518 5332 et
2544 5271 2704 5352 aliis,
2729 5290 2863 5334 cum
2897 5273 3218 5336 necessitas
3239 5282 3353 5357 est,
3387 5275 3472 5337 uti
3506 5292 3654 5357 pos-

2004 5377 2232 5440 sumus,
2263 5359 2876 5425 demandamus.Hinc
2905 5360 3081 5424 etiam
3109 5382 3268 5426 nunc
3298 5383 3372 5427 ex
3399 5364 3656 5442 eisdem,

2007 5448 2080 5510 ad
2112 5449 2420 5530 praesentis
2450 5449 2792 5529 quaestionis
2817 5451 3389 5517 demonstrationem
3421 5454 3654 5518 condu—
