  <div class='ocr_page' id='page_1' title='image "/cluster/home/n/w/nwhite01/storage/ocr_20150623/141/mdp.39015078384206/579.png"; bbox 0 0 4176 6290; ppageno 0'>
   <div class='ocr_carea' id='block_1_1' title="bbox 585 315 2218 388">
    <p class='ocr_par' dir='ltr' id='par_1_1' title="bbox 585 317 2218 388">
     <span class='ocr_line' id='line_1_1' title="bbox 585 317 2218 388; baseline 0.001 -8"><span class='ocrx_word' id='word_1_1' title='bbox 585 317 743 382; x_wconf 76' lang='grc'><strong>1143</strong></span> <span class='ocrx_word' id='word_1_2' title='bbox 1717 323 2205 388; x_wconf 83' lang='lat' dir='ltr'><strong>CONSTANTIN</strong></span> <span class='ocrx_word' id='word_1_3' title='bbox 2214 324 2218 382; x_wconf 71' lang='grc' dir='ltr'>ζ</span> 
     </span>
    </p>
   </div>
   <div class='ocr_carea' id='block_1_2' title="bbox 2301 315 3945 388">
    <p class='ocr_par' dir='ltr' id='par_1_2' title="bbox 2301 315 3945 383">
     <span class='ocr_line' id='line_1_2' title="bbox 2301 315 3945 383; baseline -0.002 -1"><span class='ocrx_word' id='word_1_4' title='bbox 2301 318 2826 383; x_wconf 63' lang='lat' dir='ltr'><strong>HELITENIOTAE</strong></span> <span class='ocrx_word' id='word_1_5' title='bbox 3796 322 3816 378; x_wconf 87' lang='lat' dir='ltr'><strong>l</strong></span> <span class='ocrx_word' id='word_1_6' title='bbox 3843 315 3945 381; x_wconf 74' lang='grc'><strong>144</strong></span> 
     </span>
    </p>
   </div>
   <div class='ocr_carea' id='block_1_3' title="bbox 581 450 2218 534">
    <p class='ocr_par' dir='ltr' id='par_1_3' title="bbox 581 450 2218 534">
     <span class='ocr_line' id='line_1_3' title="bbox 581 450 2218 534; baseline 0.001 -24"><span class='ocrx_word' id='word_1_7' title='bbox 581 450 779 513; x_wconf 90' lang='lat' dir='ltr'><strong>centia</strong></span> <span class='ocrx_word' id='word_1_8' title='bbox 810 460 1104 530; x_wconf 90' lang='lat' dir='ltr'><strong>petentur,</strong></span> <span class='ocrx_word' id='word_1_9' title='bbox 1138 453 1296 534; x_wconf 87' lang='lat' dir='ltr'><strong>quod</strong></span> <span class='ocrx_word' id='word_1_10' title='bbox 1337 455 1452 516; x_wconf 88' lang='lat' dir='ltr'><strong>hoc</strong></span> <span class='ocrx_word' id='word_1_11' title='bbox 1482 453 1782 532; x_wconf 75' lang='lat' dir='ltr'><strong>negotium</strong></span> <span class='ocrx_word' id='word_1_12' title='bbox 1814 452 1969 515; x_wconf 86' lang='lat' dir='ltr'><strong>vires</strong></span> <span class='ocrx_word' id='word_1_13' title='bbox 1998 460 2218 513; x_wconf 70' lang='lat' dir='ltr'><strong>nostra:</strong></span> 
     </span>
    </p>
   </div>
   <div class='ocr_carea' id='block_1_4' title="bbox 2301 450 3974 534">
    <p class='ocr_par' dir='ltr' id='par_1_4' title="bbox 2316 450 3974 531">
     <span class='ocr_line' id='line_1_4' title="bbox 2316 450 3974 531; baseline -0.002 -24"><span class='ocrx_word' id='word_1_14' title='bbox 2316 458 2500 527; x_wconf 79' lang='grc' dir='ltr'>μεῖζον</span> <span class='ocrx_word' id='word_1_15' title='bbox 2558 452 2593 520; x_wconf 74' lang='grc' dir='ltr'><strong>ἢ</strong></span> <span class='ocrx_word' id='word_1_16' title='bbox 2650 451 2767 509; x_wconf 81' lang='grc' dir='ltr'>καθ’</span> <span class='ocrx_word' id='word_1_17' title='bbox 2795 454 2940 528; x_wconf 74' lang='grc' dir='ltr'>ἡμᾶς</span> <span class='ocrx_word' id='word_1_18' title='bbox 2978 458 3331 531; x_wconf 83' lang='grc' dir='ltr'>κιατρανῶσαι</span> <span class='ocrx_word' id='word_1_19' title='bbox 3375 450 3588 527; x_wconf 86' lang='grc' dir='ltr'>δυνάμει</span> <span class='ocrx_word' id='word_1_20' title='bbox 3631 450 3816 531; x_wconf 84' lang='grc' dir='ltr'>λόγου,</span> <span class='ocrx_word' id='word_1_21' title='bbox 3868 451 3974 506; x_wconf 81' lang='grc' dir='ltr'><strong>καὶ</strong></span> 
     </span>
    </p>
   </div>
   <div class='ocr_carea' id='block_1_5' title="bbox 581 540 2218 625">
    <p class='ocr_par' dir='ltr' id='par_1_5' title="bbox 581 541 2218 625">
     <span class='ocr_line' id='line_1_5' title="bbox 581 541 2218 625; baseline -0.001 -22"><span class='ocrx_word' id='word_1_22' title='bbox 581 550 924 622; x_wconf 79' lang='lat' dir='ltr'><strong>exsuperat,</strong></span> <span class='ocrx_word' id='word_1_23' title='bbox 963 561 1075 605; x_wconf 88' lang='lat' dir='ltr'><strong>nec</strong></span> <span class='ocrx_word' id='word_1_24' title='bbox 1107 562 1423 625; x_wconf 85' lang='lat' dir='ltr'><strong>possumus</strong></span> <span class='ocrx_word' id='word_1_25' title='bbox 1455 552 1659 605; x_wconf 89' lang='lat' dir='ltr'><strong>nostra</strong></span> <span class='ocrx_word' id='word_1_26' title='bbox 1687 542 1927 604; x_wconf 84' lang='lat' dir='ltr'><strong>dicendi</strong></span> <span class='ocrx_word' id='word_1_27' title='bbox 1958 541 2218 603; x_wconf 69' lang='lat' dir='ltr'><strong>facultate</strong></span> 
     </span>
    </p>
   </div>
   <div class='ocr_carea' id='block_1_6' title="bbox 2301 540 3953 625">
    <p class='ocr_par' dir='ltr' id='par_1_6' title="bbox 2312 540 3953 620">
     <span class='ocr_line' id='line_1_6' title="bbox 2312 540 3953 620; baseline 0 -25"><span class='ocrx_word' id='word_1_28' title='bbox 2312 541 2747 617; x_wconf 70' lang='grc' dir='ltr'><strong>παραστήσασθαι</strong></span> <span class='ocrx_word' id='word_1_29' title='bbox 2803 541 2919 618; x_wconf 85' lang='grc' dir='ltr'>περὶ</span> <span class='ocrx_word' id='word_1_30' title='bbox 2975 547 3106 596; x_wconf 86' lang='grc' dir='ltr'>Θεοῦ</span> <span class='ocrx_word' id='word_1_31' title='bbox 3147 563 3206 596; x_wconf 89' lang='grc' dir='ltr'><strong>τε</strong></span> <span class='ocrx_word' id='word_1_32' title='bbox 3255 544 3345 598; x_wconf 85' lang='grc' dir='ltr'><strong>καὶ</strong></span> <span class='ocrx_word' id='word_1_33' title='bbox 3402 540 3499 609; x_wconf 72' lang='grc' dir='ltr'>τῆς</span> <span class='ocrx_word' id='word_1_34' title='bbox 3554 540 3821 620; x_wconf 73' lang='grc' dir='ltr'><strong>ἀκηράτου</strong></span> <span class='ocrx_word' id='word_1_35' title='bbox 3872 541 3953 595; x_wconf 82' lang='grc' dir='ltr'><strong>καὶ</strong></span> 
     </span>
    </p>
   </div>
   <div class='ocr_carea' id='block_1_7' title="bbox 582 626 2218 711">
    <p class='ocr_par' dir='ltr' id='par_1_7' title="bbox 582 630 2218 711">
     <span class='ocr_line' id='line_1_7' title="bbox 582 630 2218 711; baseline -0.001 -20"><span class='ocrx_word' id='word_1_36' title='bbox 582 646 881 709; x_wconf 80' lang='lat' dir='ltr'><strong>exponere</strong></span> <span class='ocrx_word' id='word_1_37' title='bbox 912 631 1252 711; x_wconf 84' lang='lat' dir='ltr'><strong>docereque</strong></span> <span class='ocrx_word' id='word_1_38' title='bbox 1282 633 1356 694; x_wconf 91' lang='lat' dir='ltr'><strong>de</strong></span> <span class='ocrx_word' id='word_1_39' title='bbox 1388 634 1536 702; x_wconf 91' lang='lat' dir='ltr'><strong>Deo,</strong></span> <span class='ocrx_word' id='word_1_40' title='bbox 1558 640 1617 693; x_wconf 91' lang='lat' dir='ltr'><strong>et</strong></span> <span class='ocrx_word' id='word_1_41' title='bbox 1639 630 1985 711; x_wconf 89' lang='lat' dir='ltr'><strong>incorrupta</strong></span> <span class='ocrx_word' id='word_1_42' title='bbox 2015 630 2218 709; x_wconf 86' lang='lat' dir='ltr'><strong>prima.</strong></span> 
     </span>
    </p>
   </div>
   <div class='ocr_carea' id='block_1_8' title="bbox 2301 626 3953 711">
    <p class='ocr_par' dir='ltr' id='par_1_8' title="bbox 2312 626 3953 709">
     <span class='ocr_line' id='line_1_8' title="bbox 2312 626 3953 709; baseline -0.001 -25"><span class='ocrx_word' id='word_1_43' title='bbox 2312 628 2528 706; x_wconf 84' lang='grc' dir='ltr'><strong>πρώτης</strong></span> <span class='ocrx_word' id='word_1_44' title='bbox 2559 630 2762 709; x_wconf 88' lang='grc' dir='ltr'>φύσεως</span> <span class='ocrx_word' id='word_1_45' title='bbox 2822 631 2904 700; x_wconf 88' lang='grc' dir='ltr'>ὃν,</span> <span class='ocrx_word' id='word_1_46' title='bbox 2951 630 3039 684; x_wconf 87' lang='grc' dir='ltr'><strong>καὶ</strong></span> <span class='ocrx_word' id='word_1_47' title='bbox 3080 627 3251 686; x_wconf 80' lang='grc' dir='ltr'>δεῖται</span> <span class='ocrx_word' id='word_1_48' title='bbox 3279 633 3384 685; x_wconf 84' lang='grc' dir='ltr'><strong>τῶν</strong></span> <span class='ocrx_word' id='word_1_49' title='bbox 3430 628 3528 697; x_wconf 73' lang='grc' dir='ltr'>τὴν</span> <span class='ocrx_word' id='word_1_50' title='bbox 3570 628 3826 686; x_wconf 76' lang='grc' dir='ltr'><strong>ἀνωτάτω</strong></span> <span class='ocrx_word' id='word_1_51' title='bbox 3874 626 3953 683; x_wconf 80' lang='grc' dir='ltr'>καὶ</span> 
     </span>
    </p>
   </div>
   <div class='ocr_carea' id='block_1_9' title="bbox 582 716 2218 800">
    <p class='ocr_par' dir='ltr' id='par_1_9' title="bbox 582 718 2218 800">
     <span class='ocr_line' id='line_1_9' title="bbox 582 718 2218 800; baseline 0 -19"><span class='ocrx_word' id='word_1_52' title='bbox 582 734 703 797; x_wconf 90' lang='lat' dir='ltr'><strong>que</strong></span> <span class='ocrx_word' id='word_1_53' title='bbox 731 726 1100 788; x_wconf 86' lang='lat' dir='ltr'><strong>natura,cum</strong></span> <span class='ocrx_word' id='word_1_54' title='bbox 1136 719 1281 781; x_wconf 90' lang='lat' dir='ltr'><strong>illud</strong></span> <span class='ocrx_word' id='word_1_55' title='bbox 1313 718 1982 800; x_wconf 82' lang='lat' dir='ltr'><strong>indigeatvirorum,qui</strong></span> <span class='ocrx_word' id='word_1_56' title='bbox 2013 738 2218 800; x_wconf 89' lang='lat' dir='ltr'><strong>supre-</strong></span> 
     </span>
    </p>
   </div>
   <div class='ocr_carea' id='block_1_10' title="bbox 2301 716 3955 800">
    <p class='ocr_par' dir='ltr' id='par_1_10' title="bbox 2311 716 3955 799">
     <span class='ocr_line' id='line_1_10' title="bbox 2311 716 3955 799; baseline 0 -27"><span class='ocrx_word' id='word_1_57' title='bbox 2311 720 2581 796; x_wconf 89' lang='grc' dir='ltr'>κρείττονα</span> <span class='ocrx_word' id='word_1_58' title='bbox 2651 718 2833 799; x_wconf 89' lang='grc' dir='ltr'>σοφίαν</span> <span class='ocrx_word' id='word_1_59' title='bbox 2886 719 3205 797; x_wconf 84' lang='grc' dir='ltr'>καθαρότητι</span> <span class='ocrx_word' id='word_1_60' title='bbox 3266 717 3431 774; x_wconf 86' lang='grc' dir='ltr'>πάλαι</span> <span class='ocrx_word' id='word_1_61' title='bbox 3496 719 3616 780; x_wconf 84' lang='grc' dir='ltr'>νοὸς</span> <span class='ocrx_word' id='word_1_62' title='bbox 3681 716 3955 789; x_wconf 80' lang='grc' dir='ltr'>κτησαμέ-</span> 
     </span>
    </p>
   </div>
   <div class='ocr_carea' id='block_1_11' title="bbox 581 808 2225 889">
    <p class='ocr_par' dir='ltr' id='par_1_11' title="bbox 581 808 2225 889">
     <span class='ocr_line' id='line_1_11' title="bbox 581 808 2225 889; baseline 0.002 -22"><span class='ocrx_word' id='word_1_63' title='bbox 581 825 737 867; x_wconf 88' lang='lat' dir='ltr'><strong>mam</strong></span> <span class='ocrx_word' id='word_1_64' title='bbox 772 816 829 869; x_wconf 89' lang='lat' dir='ltr'><strong>et</strong></span> <span class='ocrx_word' id='word_1_65' title='bbox 862 808 1150 887; x_wconf 82' lang='lat' dir='ltr'><strong>potiorem</strong></span> <span class='ocrx_word' id='word_1_66' title='bbox 1201 808 1554 888; x_wconf 86' lang='lat' dir='ltr'><strong>sapientiam</strong></span> <span class='ocrx_word' id='word_1_67' title='bbox 1606 808 1927 889; x_wconf 89' lang='lat' dir='ltr'><strong>antiquitus</strong></span> <span class='ocrx_word' id='word_1_68' title='bbox 1973 810 2225 889; x_wconf 85' lang='lat' dir='ltr'><strong>puritate</strong></span> 
     </span>
    </p>
   </div>
   <div class='ocr_carea' id='block_1_12' title="bbox 581 894 2219 978">
    <p class='ocr_par' dir='ltr' id='par_1_12' title="bbox 581 894 2219 978">
     <span class='ocr_line' id='line_1_12' title="bbox 581 894 2219 978; baseline 0.002 -23"><span class='ocrx_word' id='word_1_69' title='bbox 581 894 797 956; x_wconf 88' lang='lat' dir='ltr'><strong>mentis</strong></span> <span class='ocrx_word' id='word_1_70' title='bbox 827 896 1130 958; x_wconf 91' lang='lat' dir='ltr'><strong>consecuti</strong></span> <span class='ocrx_word' id='word_1_71' title='bbox 1166 898 1437 978; x_wconf 91' lang='lat' dir='ltr'><strong>sunt,qui</strong></span> <span class='ocrx_word' id='word_1_72' title='bbox 1464 906 1527 958; x_wconf 86' lang='lat' dir='ltr'><strong>et</strong></span> <span class='ocrx_word' id='word_1_73' title='bbox 1559 905 1869 975; x_wconf 84' lang='lat' dir='ltr'><strong>parentum</strong></span> <span class='ocrx_word' id='word_1_74' title='bbox 1895 897 2089 958; x_wconf 90' lang='lat' dir='ltr'><strong>locum</strong></span> <span class='ocrx_word' id='word_1_75' title='bbox 2117 896 2219 958; x_wconf 89' lang='lat' dir='ltr'><strong>ob-</strong></span> 
     </span>
    </p>
   </div>
   <div class='ocr_carea' id='block_1_13' title="bbox 577 982 2226 1065">
    <p class='ocr_par' dir='ltr' id='par_1_13' title="bbox 577 982 2226 1065">
     <span class='ocr_line' id='line_1_13' title="bbox 577 982 2226 1065; baseline 0.002 -22"><span class='ocrx_word' id='word_1_76' title='bbox 577 982 857 1059; x_wconf 89' lang='lat' dir='ltr'><strong>tinentes,</strong></span> <span class='ocrx_word' id='word_1_77' title='bbox 893 983 1063 1046; x_wconf 91' lang='lat' dir='ltr'><strong>nobis</strong></span> <span class='ocrx_word' id='word_1_78' title='bbox 1094 984 1396 1065; x_wconf 80' lang='lat' dir='ltr'><strong>ﬁdelibus,</strong></span> <span class='ocrx_word' id='word_1_79' title='bbox 1431 985 1614 1047; x_wconf 83' lang='lat' dir='ltr'><strong>veluti</strong></span> <span class='ocrx_word' id='word_1_80' title='bbox 1647 984 1927 1047; x_wconf 90' lang='lat' dir='ltr'><strong>continuo</strong></span> <span class='ocrx_word' id='word_1_81' title='bbox 1958 985 2226 1048; x_wconf 90' lang='lat' dir='ltr'><strong>doctrina</strong></span> 
     </span>
    </p>
   </div>
   <div class='ocr_carea' id='block_1_14' title="bbox 576 1074 2221 1151">
    <p class='ocr_par' dir='ltr' id='par_1_14' title="bbox 576 1074 2221 1151">
     <span class='ocr_line' id='line_1_14' title="bbox 576 1074 2221 1151; baseline 0.002 -17"><span class='ocrx_word' id='word_1_82' title='bbox 576 1090 682 1134; x_wconf 83' lang='lat' dir='ltr'><strong>sua</strong></span> <span class='ocrx_word' id='word_1_83' title='bbox 711 1081 1069 1151; x_wconf 83' lang='lat' dir='ltr'><strong>generantes</strong></span> <span class='ocrx_word' id='word_1_84' title='bbox 1099 1088 1310 1135; x_wconf 88' lang='lat' dir='ltr'><strong>omnes</strong></span> <span class='ocrx_word' id='word_1_85' title='bbox 1341 1075 1672 1136; x_wconf 90' lang='lat' dir='ltr'><strong>secundum</strong></span> <span class='ocrx_word' id='word_1_86' title='bbox 1703 1074 1917 1147; x_wconf 91' lang='lat' dir='ltr'><strong>Deum,</strong></span> <span class='ocrx_word' id='word_1_87' title='bbox 1963 1074 2221 1137; x_wconf 86' lang='lat' dir='ltr'><strong>interro-</strong></span> 
     </span>
    </p>
   </div>
   <div class='ocr_carea' id='block_1_15' title="bbox 575 1160 2223 1244">
    <p class='ocr_par' dir='ltr' id='par_1_15' title="bbox 575 1160 2223 1244">
     <span class='ocr_line' id='line_1_15' title="bbox 575 1160 2223 1244; baseline 0.001 -21"><span class='ocrx_word' id='word_1_88' title='bbox 575 1160 923 1240; x_wconf 76' lang='lat' dir='ltr'><strong>gantibusin</strong></span> <span class='ocrx_word' id='word_1_89' title='bbox 952 1162 1227 1241; x_wconf 70' lang='lat' dir='ltr'><strong>praesenti</strong></span> <span class='ocrx_word' id='word_1_90' title='bbox 1245 1162 1419 1225; x_wconf 85' lang='lat' dir='ltr'><strong>sicuti</strong></span> <span class='ocrx_word' id='word_1_91' title='bbox 1452 1164 1708 1226; x_wconf 87' lang='lat' dir='ltr'><strong>Mosaica</strong></span> <span class='ocrx_word' id='word_1_92' title='bbox 1726 1163 2049 1226; x_wconf 85' lang='lat' dir='ltr'><strong>admonitio</strong></span> <span class='ocrx_word' id='word_1_93' title='bbox 2070 1181 2223 1244; x_wconf 76' lang='lat' dir='ltr'><strong>prae-</strong></span> 
     </span>
    </p>
   </div>
   <div class='ocr_carea' id='block_1_16' title="bbox 576 1250 2224 1332">
    <p class='ocr_par' dir='ltr' id='par_1_16' title="bbox 576 1250 2224 1332">
     <span class='ocr_line' id='line_1_16' title="bbox 576 1250 2224 1332; baseline 0.002 -22"><span class='ocrx_word' id='word_1_94' title='bbox 576 1250 742 1330; x_wconf 84' lang='lat' dir='ltr'><strong>cipit,</strong></span> <span class='ocrx_word' id='word_1_95' title='bbox 772 1250 1029 1330; x_wconf 88' lang='lat' dir='ltr'><strong>propriis</strong></span> <span class='ocrx_word' id='word_1_96' title='bbox 1051 1252 1266 1312; x_wconf 83' lang='lat' dir='ltr'><strong>iterum</strong></span> <span class='ocrx_word' id='word_1_97' title='bbox 1284 1251 1522 1332; x_wconf 90' lang='lat' dir='ltr'><strong>scriptis</strong></span> <span class='ocrx_word' id='word_1_98' title='bbox 1544 1251 1999 1325; x_wconf 86' lang='lat' dir='ltr'><strong>annuntiabunt,</strong></span> <span class='ocrx_word' id='word_1_99' title='bbox 2035 1260 2093 1314; x_wconf 85' lang='lat' dir='ltr'><strong>et</strong></span> <span class='ocrx_word' id='word_1_100' title='bbox 2123 1272 2224 1314; x_wconf 91' lang='lat' dir='ltr'><strong>re-</strong></span> 
     </span>
    </p>
   </div>
   <div class='ocr_carea' id='block_1_17' title="bbox 578 1337 2225 1420">
    <p class='ocr_par' dir='ltr' id='par_1_17' title="bbox 578 1337 2225 1420">
     <span class='ocr_line' id='line_1_17' title="bbox 578 1337 2225 1420; baseline 0.001 -20"><span class='ocrx_word' id='word_1_101' title='bbox 578 1337 690 1400; x_wconf 87' lang='lat' dir='ltr'><strong>bus</strong></span> <span class='ocrx_word' id='word_1_102' title='bbox 721 1339 998 1400; x_wconf 91' lang='lat' dir='ltr'><strong>omnibus</strong></span> <span class='ocrx_word' id='word_1_103' title='bbox 1027 1358 1163 1400; x_wconf 90' lang='lat' dir='ltr'><strong>cum</strong></span> <span class='ocrx_word' id='word_1_104' title='bbox 1194 1339 1465 1402; x_wconf 88' lang='lat' dir='ltr'><strong>seniores</strong></span> <span class='ocrx_word' id='word_1_105' title='bbox 1486 1340 1675 1401; x_wconf 91' lang='lat' dir='ltr'><strong>nostri</strong></span> <span class='ocrx_word' id='word_1_106' title='bbox 1699 1340 1840 1416; x_wconf 88' lang='lat' dir='ltr'><strong>sint,</strong></span> <span class='ocrx_word' id='word_1_107' title='bbox 1874 1341 2075 1403; x_wconf 83' lang='lat' dir='ltr'><strong>dicent</strong></span> <span class='ocrx_word' id='word_1_108' title='bbox 2121 1360 2225 1420; x_wconf 84' lang='lat' dir='ltr'><strong>pe—</strong></span> 
     </span>
    </p>
   </div>
   <div class='ocr_carea' id='block_1_18' title="bbox 575 1427 2224 1509">
    <p class='ocr_par' dir='ltr' id='par_1_18' title="bbox 575 1427 2224 1509">
     <span class='ocr_line' id='line_1_18' title="bbox 575 1427 2224 1509; baseline 0.001 -20"><span class='ocrx_word' id='word_1_109' title='bbox 575 1427 991 1489; x_wconf 87' lang='lat' dir='ltr'><strong>raccommode</strong></span> <span class='ocrx_word' id='word_1_110' title='bbox 1004 1427 1374 1509; x_wconf 87' lang='lat' dir='ltr'><strong>edocentque</strong></span> <span class='ocrx_word' id='word_1_111' title='bbox 1391 1430 1469 1490; x_wconf 85' lang='lat' dir='ltr'><strong>de</strong></span> <span class='ocrx_word' id='word_1_112' title='bbox 1494 1428 1820 1505; x_wconf 61' lang='lat' dir='ltr'><strong>quaestione</strong></span> <span class='ocrx_word' id='word_1_113' title='bbox 1836 1448 1992 1491; x_wconf 90' lang='lat' dir='ltr'><strong>nunc</strong></span> <span class='ocrx_word' id='word_1_114' title='bbox 2006 1429 2066 1490; x_wconf 92' lang='lat' dir='ltr'><strong>in</strong></span> <span class='ocrx_word' id='word_1_115' title='bbox 2083 1448 2224 1490; x_wconf 84' lang='lat' dir='ltr'><strong>exa-</strong></span> 
     </span>
    </p>
   </div>
   <div class='ocr_carea' id='block_1_19' title="bbox 576 1517 2227 1597">
    <p class='ocr_par' dir='ltr' id='par_1_19' title="bbox 576 1517 2227 1597">
     <span class='ocr_line' id='line_1_19' title="bbox 576 1517 2227 1597; baseline 0 -18"><span class='ocrx_word' id='word_1_116' title='bbox 576 1534 713 1579; x_wconf 89' lang='lat' dir='ltr'><strong>men</strong></span> <span class='ocrx_word' id='word_1_117' title='bbox 748 1517 1069 1597; x_wconf 84' lang='lat' dir='ltr'><strong>proposita,</strong></span> <span class='ocrx_word' id='word_1_118' title='bbox 1105 1517 1604 1597; x_wconf 85' lang='lat' dir='ltr'><strong>quemadmodum</strong></span> <span class='ocrx_word' id='word_1_119' title='bbox 1640 1525 1699 1578; x_wconf 90' lang='lat' dir='ltr'><strong>et</strong></span> <span class='ocrx_word' id='word_1_120' title='bbox 1739 1518 1798 1577; x_wconf 92' lang='lat' dir='ltr'><strong>in</strong></span> <span class='ocrx_word' id='word_1_121' title='bbox 1832 1526 1967 1579; x_wconf 91' lang='lat' dir='ltr'><strong>ante</strong></span> <span class='ocrx_word' id='word_1_122' title='bbox 2001 1518 2227 1597; x_wconf 79' lang='lat' dir='ltr'><strong>digesta</strong></span> 
     </span>
    </p>
   </div>
   <div class='ocr_carea' id='block_1_20' title="bbox 575 1605 2224 1687">
    <p class='ocr_par' dir='ltr' id='par_1_20' title="bbox 575 1605 2224 1687">
     <span class='ocr_line' id='line_1_20' title="bbox 575 1605 2224 1687; baseline 0.001 -21"><span class='ocrx_word' id='word_1_123' title='bbox 575 1607 846 1667; x_wconf 82' lang='lat' dir='ltr'><strong>oratione</strong></span> <span class='ocrx_word' id='word_1_124' title='bbox 900 1613 1280 1687; x_wconf 82' lang='lat' dir='ltr'><strong>peregerunt,</strong></span> <span class='ocrx_word' id='word_1_125' title='bbox 1303 1607 1361 1667; x_wconf 90' lang='lat' dir='ltr'><strong>in</strong></span> <span class='ocrx_word' id='word_1_126' title='bbox 1391 1624 1506 1685; x_wconf 92' lang='lat' dir='ltr'><strong>qua</strong></span> <span class='ocrx_word' id='word_1_127' title='bbox 1535 1623 1645 1685; x_wconf 86' lang='lat' dir='ltr'><strong>per</strong></span> <span class='ocrx_word' id='word_1_128' title='bbox 1663 1605 1888 1669; x_wconf 77' lang='lat' dir='ltr'><strong>Filium</strong></span> <span class='ocrx_word' id='word_1_129' title='bbox 1934 1609 2224 1670; x_wconf 69' lang='lat' dir='ltr'><strong>exsisten-</strong></span> 
     </span>
    </p>
   </div>
   <div class='ocr_carea' id='block_1_21' title="bbox 2312 803 3953 886">
    <p class='ocr_par' dir='ltr' id='par_1_21' title="bbox 2312 803 3953 886">
     <span class='ocr_line' id='line_1_21' title="bbox 2312 803 3953 886; baseline 0 -28"><span class='ocrx_word' id='word_1_130' title='bbox 2312 826 2414 859; x_wconf 91' lang='grc' dir='ltr'><strong>νων</strong></span> <span class='ocrx_word' id='word_1_131' title='bbox 2473 803 2694 885; x_wconf 83' lang='grc' dir='ltr'>ἀνδρῶν,</span> <span class='ocrx_word' id='word_1_132' title='bbox 2739 809 2787 861; x_wconf 83' lang='grc' dir='ltr'>οἱ</span> <span class='ocrx_word' id='word_1_133' title='bbox 2842 806 2930 861; x_wconf 81' lang='grc' dir='ltr'><strong>καὶ</strong></span> <span class='ocrx_word' id='word_1_134' title='bbox 2972 805 3218 885; x_wconf 83' lang='grc' dir='ltr'>Πατέρων</span> <span class='ocrx_word' id='word_1_135' title='bbox 3267 804 3428 884; x_wconf 88' lang='grc' dir='ltr'>λόγον</span> <span class='ocrx_word' id='word_1_136' title='bbox 3486 803 3772 886; x_wconf 75' lang='grc' dir='ltr'><strong>ἐπέχοντες</strong></span> <span class='ocrx_word' id='word_1_137' title='bbox 3827 806 3953 878; x_wconf 76' lang='grc' dir='ltr'>ἡμῖν</span> 
     </span>
    </p>
   </div>
   <div class='ocr_carea' id='block_1_22' title="bbox 2306 891 3953 972">
    <p class='ocr_par' dir='ltr' id='par_1_22' title="bbox 2306 891 3953 972">
     <span class='ocr_line' id='line_1_22' title="bbox 2306 891 3953 972; baseline 0.001 -24"><span class='ocrx_word' id='word_1_138' title='bbox 2306 906 2421 958; x_wconf 78' lang='grc' dir='ltr'>τοῖς</span> <span class='ocrx_word' id='word_1_139' title='bbox 2480 907 2717 968; x_wconf 70' lang='grc' dir='ltr'>παστοῖς,</span> <span class='ocrx_word' id='word_1_140' title='bbox 2758 894 2849 951; x_wconf 82' lang='grc' dir='ltr'>ἅτε</span> <span class='ocrx_word' id='word_1_141' title='bbox 2899 901 3185 972; x_wconf 83' lang='grc' dir='ltr'>γεννῶντες</span> <span class='ocrx_word' id='word_1_142' title='bbox 3240 895 3322 951; x_wconf 82' lang='grc' dir='ltr'><strong>ἀεὶ</strong></span> <span class='ocrx_word' id='word_1_143' title='bbox 3363 894 3448 950; x_wconf 82' lang='grc' dir='ltr'>διὰ</span> <span class='ocrx_word' id='word_1_144' title='bbox 3501 900 3599 962; x_wconf 84' lang='grc' dir='ltr'>τῆς</span> <span class='ocrx_word' id='word_1_145' title='bbox 3629 891 3953 956; x_wconf 74' lang='grc' dir='ltr'><strong>διδασκαλίας</strong></span> 
     </span>
    </p>
   </div>
   <div class='ocr_carea' id='block_1_23' title="bbox 2306 980 3959 1063">
    <p class='ocr_par' dir='ltr' id='par_1_23' title="bbox 2306 980 3959 1063">
     <span class='ocr_line' id='line_1_23' title="bbox 2306 980 3959 1063; baseline -0.004 -23"><span class='ocrx_word' id='word_1_146' title='bbox 2306 983 2475 1040; x_wconf 73' lang='grc' dir='ltr'>αὐτῶν</span> <span class='ocrx_word' id='word_1_147' title='bbox 2524 984 2645 1045; x_wconf 87' lang='grc' dir='ltr'>τοὺς</span> <span class='ocrx_word' id='word_1_148' title='bbox 2689 983 2889 1046; x_wconf 82' lang='grc' dir='ltr'><strong>πάντας</strong></span> <span class='ocrx_word' id='word_1_149' title='bbox 2921 986 3058 1040; x_wconf 73' lang='grc' dir='ltr'>κατὰ</span> <span class='ocrx_word' id='word_1_150' title='bbox 3115 986 3268 1057; x_wconf 80' lang='grc' dir='ltr'>Θεὸν,</span> <span class='ocrx_word' id='word_1_151' title='bbox 3324 983 3721 1063; x_wconf 74' lang='grc' dir='ltr'>ἐπερωτήσασιν</span> <span class='ocrx_word' id='word_1_152' title='bbox 3776 980 3959 1040; x_wconf 79' lang='grc' dir='ltr'>ὡσανεὶ</span> 
     </span>
    </p>
   </div>
   <div class='ocr_carea' id='block_1_24' title="bbox 2305 1070 3957 1152">
    <p class='ocr_par' dir='ltr' id='par_1_24' title="bbox 2305 1070 3957 1152">
     <span class='ocr_line' id='line_1_24' title="bbox 2305 1070 3957 1152; baseline 0.001 -27"><span class='ocrx_word' id='word_1_153' title='bbox 2305 1070 2586 1145; x_wconf 81' lang='grc' dir='ltr'>κάνταῦθα,</span> <span class='ocrx_word' id='word_1_154' title='bbox 2665 1072 2898 1150; x_wconf 85' lang='grc' dir='ltr'>καθάπερ</span> <span class='ocrx_word' id='word_1_155' title='bbox 2980 1074 3015 1141; x_wconf 75' lang='grc' dir='ltr'><strong>ἡ</strong></span> <span class='ocrx_word' id='word_1_156' title='bbox 3074 1072 3340 1131; x_wconf 69' lang='grc' dir='ltr'>Μωσαϊκὴ</span> <span class='ocrx_word' id='word_1_157' title='bbox 3397 1071 3782 1152; x_wconf 83' lang='grc' dir='ltr'>παρακέλευσις</span> <span class='ocrx_word' id='word_1_158' title='bbox 3838 1072 3957 1126; x_wconf 79' lang='grc' dir='ltr'>ὑπο-</span> 
     </span>
    </p>
   </div>
   <div class='ocr_carea' id='block_1_25' title="bbox 2306 1158 3956 1240">
    <p class='ocr_par' dir='ltr' id='par_1_25' title="bbox 2306 1158 3956 1240">
     <span class='ocr_line' id='line_1_25' title="bbox 2306 1158 3956 1240; baseline 0.001 -25"><span class='ocrx_word' id='word_1_159' title='bbox 2306 1160 2500 1216; x_wconf 85' lang='grc' dir='ltr'>τίθεται</span> <span class='ocrx_word' id='word_1_160' title='bbox 2543 1158 2627 1215; x_wconf 77' lang='grc' dir='ltr'>διὰ</span> <span class='ocrx_word' id='word_1_161' title='bbox 2671 1167 2775 1217; x_wconf 83' lang='grc' dir='ltr'>τῶν</span> <span class='ocrx_word' id='word_1_162' title='bbox 2832 1161 3038 1218; x_wconf 80' lang='grc' dir='ltr'><strong>οἰκείων</strong></span> <span class='ocrx_word' id='word_1_163' title='bbox 3091 1163 3178 1217; x_wconf 87' lang='grc' dir='ltr'><strong>καὶ</strong></span> <span class='ocrx_word' id='word_1_164' title='bbox 3220 1158 3378 1217; x_wconf 74' lang='grc' dir='ltr'>πάλιν</span> <span class='ocrx_word' id='word_1_165' title='bbox 3422 1159 3773 1240; x_wconf 81' lang='grc' dir='ltr'>ἆναγγελοῦσι</span> <span class='ocrx_word' id='word_1_166' title='bbox 3829 1180 3956 1238; x_wconf 79' lang='grc' dir='ltr'>γρα-</span> 
     </span>
    </p>
   </div>
   <div class='ocr_carea' id='block_1_26' title="bbox 2308 1248 3952 1329">
    <p class='ocr_par' dir='ltr' id='par_1_26' title="bbox 2308 1248 3952 1329">
     <span class='ocr_line' id='line_1_26' title="bbox 2308 1248 3952 1329; baseline -0.001 -25"><span class='ocrx_word' id='word_1_167' title='bbox 2308 1255 2418 1327; x_wconf 80' lang='grc' dir='ltr'><strong>φῶν</strong></span> <span class='ocrx_word' id='word_1_168' title='bbox 2489 1250 2577 1305; x_wconf 87' lang='grc' dir='ltr'><strong>καὶ</strong></span> <span class='ocrx_word' id='word_1_169' title='bbox 2632 1262 2750 1314; x_wconf 82' lang='grc' dir='ltr'>τοῖς</span> <span class='ocrx_word' id='word_1_170' title='bbox 2811 1248 2955 1315; x_wconf 79' lang='grc' dir='ltr'>ὅλοις</span> <span class='ocrx_word' id='word_1_171' title='bbox 3025 1248 3366 1329; x_wconf 85' lang='grc' dir='ltr'>πρεσϐύτεροι</span> <span class='ocrx_word' id='word_1_172' title='bbox 3442 1248 3716 1312; x_wconf 84' lang='grc' dir='ltr'>τελοῦντες</span> <span class='ocrx_word' id='word_1_173' title='bbox 3788 1249 3952 1324; x_wconf 71' lang='grc' dir='ltr'>ἡμῶν,</span> 
     </span>
    </p>
   </div>
   <div class='ocr_carea' id='block_1_27' title="bbox 2308 1335 3956 1417">
    <p class='ocr_par' dir='ltr' id='par_1_27' title="bbox 2308 1335 3956 1417">
     <span class='ocr_line' id='line_1_27' title="bbox 2308 1335 3956 1417; baseline 0 -25"><span class='ocrx_word' id='word_1_174' title='bbox 2308 1339 2509 1416; x_wconf 85' lang='grc' dir='ltr'>ἐροῦσιν</span> <span class='ocrx_word' id='word_1_175' title='bbox 2570 1339 2786 1400; x_wconf 82' lang='grc' dir='ltr'>εἰκότως</span> <span class='ocrx_word' id='word_1_176' title='bbox 2845 1340 2934 1395; x_wconf 85' lang='grc' dir='ltr'><strong>καὶ</strong></span> <span class='ocrx_word' id='word_1_177' title='bbox 2990 1341 3106 1417; x_wconf 84' lang='grc' dir='ltr'>περὶ</span> <span class='ocrx_word' id='word_1_178' title='bbox 3156 1344 3251 1395; x_wconf 87' lang='grc' dir='ltr'><strong>τοῦ</strong></span> <span class='ocrx_word' id='word_1_179' title='bbox 3284 1347 3372 1396; x_wconf 91' lang='grc' dir='ltr'><strong>νῦν</strong></span> <span class='ocrx_word' id='word_1_180' title='bbox 3418 1339 3489 1402; x_wconf 84' lang='grc' dir='ltr'><strong>εἰς</strong></span> <span class='ocrx_word' id='word_1_181' title='bbox 3535 1335 3772 1402; x_wconf 83' lang='grc' dir='ltr'>ἐξέτασιν</span> <span class='ocrx_word' id='word_1_182' title='bbox 3828 1358 3956 1414; x_wconf 76' lang='grc' dir='ltr'>προσ</span> 
     </span>
    </p>
   </div>
   <div class='ocr_carea' id='block_1_28' title="bbox 2307 1424 3957 1507">
    <p class='ocr_par' dir='ltr' id='par_1_28' title="bbox 2307 1424 3957 1507">
     <span class='ocr_line' id='line_1_28' title="bbox 2307 1424 3957 1507; baseline -0.001 -26"><span class='ocrx_word' id='word_1_183' title='bbox 2307 1424 2636 1502; x_wconf 85' lang='grc' dir='ltr'>ϐεϐλημένου</span> <span class='ocrx_word' id='word_1_184' title='bbox 2693 1425 3001 1507; x_wconf 67' lang='grc' dir='ltr'>διδάξουσιν,</span> <span class='ocrx_word' id='word_1_185' title='bbox 3050 1430 3124 1492; x_wconf 85' lang='grc' dir='ltr'>ὡς</span> <span class='ocrx_word' id='word_1_186' title='bbox 3181 1427 3278 1483; x_wconf 80' lang='grc' dir='ltr'>κᾶν</span> <span class='ocrx_word' id='word_1_187' title='bbox 3335 1433 3412 1499; x_wconf 84' lang='grc' dir='ltr'>τῷ</span> <span class='ocrx_word' id='word_1_188' title='bbox 3454 1429 3557 1507; x_wconf 82' lang='grc' dir='ltr'>πρὸ</span> <span class='ocrx_word' id='word_1_189' title='bbox 3598 1427 3794 1484; x_wconf 84' lang='grc' dir='ltr'>τούτου</span> <span class='ocrx_word' id='word_1_190' title='bbox 3822 1424 3957 1503; x_wconf 82' lang='grc' dir='ltr'>λόγῳ</span> 
     </span>
    </p>
   </div>
   <div class='ocr_carea' id='block_1_29' title="bbox 2307 1513 3960 1594">
    <p class='ocr_par' dir='ltr' id='par_1_29' title="bbox 2307 1513 3960 1594">
     <span class='ocr_line' id='line_1_29' title="bbox 2307 1513 3960 1594; baseline -0.001 -23"><span class='ocrx_word' id='word_1_191' title='bbox 2307 1514 2585 1593; x_wconf 76' lang='grc' dir='ltr'>προφανῶς</span> <span class='ocrx_word' id='word_1_192' title='bbox 2642 1516 3017 1589; x_wconf 71' lang='grc' dir='ltr'>πεποιήκασιν,</span> <span class='ocrx_word' id='word_1_193' title='bbox 3080 1514 3198 1571; x_wconf 75' lang='grc' dir='ltr'>ἔνθα</span> <span class='ocrx_word' id='word_1_194' title='bbox 3254 1516 3339 1589; x_wconf 76' lang='grc' dir='ltr'>τὸ,</span> <span class='ocrx_word' id='word_1_195' title='bbox 3411 1513 3492 1571; x_wconf 89' lang='grc' dir='ltr'><strong>Δι’</strong></span> <span class='ocrx_word' id='word_1_196' title='bbox 3551 1518 3674 1571; x_wconf 80' lang='grc' dir='ltr'>Υἱοῦ</span> <span class='ocrx_word' id='word_1_197' title='bbox 3720 1516 3776 1570; x_wconf 71' lang='grc' dir='ltr'><strong>ἐν</strong></span> <span class='ocrx_word' id='word_1_198' title='bbox 3806 1513 3960 1594; x_wconf 73' lang='grc' dir='ltr'>ῦπαρ-</span> 
     </span>
    </p>
   </div>
   <div class='ocr_carea' id='block_1_30' title="bbox 2308 1592 3956 1683">
    <p class='ocr_par' dir='ltr' id='par_1_30' title="bbox 2308 1592 3956 1683">
     <span class='ocr_line' id='line_1_30' title="bbox 2308 1592 3956 1683; baseline 0.005 -26"><span class='ocrx_word' id='word_1_199' title='bbox 2308 1592 2383 1668; x_wconf 82' lang='grc' dir='ltr'><strong>ξιν</strong></span> <span class='ocrx_word' id='word_1_200' title='bbox 2438 1602 2555 1683; x_wconf 80' lang='grc' dir='ltr'>ἔχει</span> <span class='ocrx_word' id='word_1_201' title='bbox 2612 1603 2673 1660; x_wconf 87' lang='grc' dir='ltr'><strong>ἐκ</strong></span> <span class='ocrx_word' id='word_1_202' title='bbox 2714 1606 2919 1683; x_wconf 85' lang='grc' dir='ltr'>Πατρὸς</span> <span class='ocrx_word' id='word_1_203' title='bbox 2976 1606 3039 1661; x_wconf 80' lang='grc' dir='ltr'>τὸ</span> <span class='ocrx_word' id='word_1_204' title='bbox 3085 1592 3296 1680; x_wconf 78' lang='grc' dir='ltr'>Πνεῦμα</span> <span class='ocrx_word' id='word_1_205' title='bbox 3339 1606 3398 1659; x_wconf 81' lang='grc' dir='ltr'>τὸ</span> <span class='ocrx_word' id='word_1_206' title='bbox 3454 1604 3630 1682; x_wconf 77' lang='grc' dir='ltr'>ἅγιον,</span> <span class='ocrx_word' id='word_1_207' title='bbox 3671 1605 3821 1678; x_wconf 76' lang='grc' dir='ltr'>ἡμᾶς</span> <span class='ocrx_word' id='word_1_208' title='bbox 3876 1592 3956 1666; x_wconf 60' lang='grc' dir='ltr'><strong>ἒξ·</strong></span> 
     </span>
    </p>
   </div>
   <div class='ocr_carea' id='block_1_31' title="bbox 576 1690 2218 1785">
    <p class='ocr_par' dir='ltr' id='par_1_31' title="bbox 576 1694 2218 1772">
     <span class='ocr_line' id='line_1_31' title="bbox 576 1694 2218 1772; baseline 0.001 -16"><span class='ocrx_word' id='word_1_209' title='bbox 576 1695 728 1756; x_wconf 75' lang='lat' dir='ltr'><strong>tiam</strong></span> <span class='ocrx_word' id='word_1_210' title='bbox 747 1694 972 1756; x_wconf 82' lang='lat' dir='ltr'><strong>habere</strong></span> <span class='ocrx_word' id='word_1_211' title='bbox 998 1694 1295 1772; x_wconf 84' lang='lat' dir='ltr'><strong>Spiritum</strong></span> <span class='ocrx_word' id='word_1_212' title='bbox 1323 1701 1601 1756; x_wconf 80' lang='lat' dir='ltr'><strong>sanctum</strong></span> <span class='ocrx_word' id='word_1_213' title='bbox 1640 1714 1748 1756; x_wconf 90' lang='lat' dir='ltr'><strong>nos</strong></span> <span class='ocrx_word' id='word_1_214' title='bbox 1790 1695 2218 1758; x_wconf 86' lang='lat' dir='ltr'><strong>instruxerunt.</strong></span> 
     </span>
    </p>
   </div>
   <div class='ocr_carea' id='block_1_32' title="bbox 2301 1690 3958 1785">
    <p class='ocr_par' dir='ltr' id='par_1_32' title="bbox 2309 1690 3958 1776">
     <span class='ocr_line' id='line_1_32' title="bbox 2309 1690 3958 1776; baseline -0.002 -30"><span class='ocrx_word' id='word_1_215' title='bbox 2309 1691 2634 1776; x_wconf 84' lang='grc' dir='ltr'>επρίδευσαν,</span> <span class='ocrx_word' id='word_1_216' title='bbox 2695 1691 2842 1759; x_wconf 79' lang='grc' dir='ltr'>Πλὴν</span> <span class='ocrx_word' id='word_1_217' title='bbox 2898 1692 3073 1749; x_wconf 71' lang='grc' dir='ltr'>ἐιεϊσε</span> <span class='ocrx_word' id='word_1_218' title='bbox 3124 1693 3220 1768; x_wconf 82' lang='grc' dir='ltr'><strong>μὲν</strong></span> <span class='ocrx_word' id='word_1_219' title='bbox 3264 1693 3362 1760; x_wconf 76' lang='grc' dir='ltr'>τὴν</span> <span class='ocrx_word' id='word_1_220' title='bbox 3390 1690 3457 1748; x_wconf 84' lang='grc' dir='ltr'>δι’</span> <span class='ocrx_word' id='word_1_221' title='bbox 3500 1692 3623 1749; x_wconf 80' lang='grc' dir='ltr'>Υἱοῦ</span> <span class='ocrx_word' id='word_1_222' title='bbox 3669 1693 3760 1747; x_wconf 80' lang='grc' dir='ltr'><strong>καὶ</strong></span> <span class='ocrx_word' id='word_1_223' title='bbox 3805 1691 3958 1767; x_wconf 83' lang='grc' dir='ltr'>μόνον</span> 
     </span>
    </p>
   </div>
   <div class='ocr_carea' id='block_1_33' title="bbox 573 1778 2218 1865">
    <p class='ocr_par' dir='ltr' id='par_1_33' title="bbox 573 1781 2218 1865">
     <span class='ocr_line' id='line_1_33' title="bbox 573 1781 2218 1865; baseline 0 -21"><span class='ocrx_word' id='word_1_224' title='bbox 573 1781 680 1844; x_wconf 87' lang='lat' dir='ltr'><strong>sed</strong></span> <span class='ocrx_word' id='word_1_225' title='bbox 707 1782 768 1843; x_wconf 90' lang='lat' dir='ltr'><strong>in</strong></span> <span class='ocrx_word' id='word_1_226' title='bbox 791 1800 860 1843; x_wconf 89' lang='lat' dir='ltr'><strong>ea</strong></span> <span class='ocrx_word' id='word_1_227' title='bbox 881 1782 1120 1862; x_wconf 90' lang='lat' dir='ltr'><strong>quidem</strong></span> <span class='ocrx_word' id='word_1_228' title='bbox 1155 1782 1479 1864; x_wconf 87' lang='lat' dir='ltr'><strong>perFilium</strong></span> <span class='ocrx_word' id='word_1_229' title='bbox 1516 1791 1740 1844; x_wconf 89' lang='lat' dir='ltr'><strong>tantum</strong></span> <span class='ocrx_word' id='word_1_230' title='bbox 1774 1783 2017 1846; x_wconf 80' lang='lat' dir='ltr'><strong>exPatre</strong></span> <span class='ocrx_word' id='word_1_231' title='bbox 2032 1783 2218 1865; x_wconf 85' lang='lat' dir='ltr'><strong>Spiri-</strong></span> 
     </span>
    </p>
   </div>
   <div class='ocr_carea' id='block_1_34' title="bbox 2301 1778 3956 1865">
    <p class='ocr_par' dir='ltr' id='par_1_34' title="bbox 2311 1778 3956 1859">
     <span class='ocr_line' id='line_1_34' title="bbox 2311 1778 3956 1859; baseline -0.001 -24"><span class='ocrx_word' id='word_1_232' title='bbox 2311 1779 2369 1835; x_wconf 90' lang='grc' dir='ltr'><strong>ἐκ</strong></span> <span class='ocrx_word' id='word_1_233' title='bbox 2426 1782 2629 1858; x_wconf 83' lang='grc' dir='ltr'>Πατρὸς</span> <span class='ocrx_word' id='word_1_234' title='bbox 2682 1788 2773 1838; x_wconf 91' lang='grc' dir='ltr'><strong>τοῦ</strong></span> <span class='ocrx_word' id='word_1_235' title='bbox 2832 1782 3134 1857; x_wconf 83' lang='grc' dir='ltr'>Πνεύματος</span> <span class='ocrx_word' id='word_1_236' title='bbox 3210 1778 3449 1859; x_wconf 77' lang='grc' dir='ltr'>ὕπαρξιν,</span> <span class='ocrx_word' id='word_1_237' title='bbox 3514 1779 3595 1837; x_wconf 81' lang='grc' dir='ltr'>ὅτι</span> <span class='ocrx_word' id='word_1_238' title='bbox 3652 1783 3745 1837; x_wconf 85' lang='grc' dir='ltr'><strong>καὶ</strong></span> <span class='ocrx_word' id='word_1_239' title='bbox 3802 1780 3956 1859; x_wconf 76' lang='grc' dir='ltr'>μέχρι</span> 
     </span>
    </p>
   </div>
   <div class='ocr_carea' id='block_1_35' title="bbox 581 1870 2224 1955">
    <p class='ocr_par' dir='ltr' id='par_1_35' title="bbox 581 1870 2224 1955">
     <span class='ocr_line' id='line_1_35' title="bbox 581 1870 2224 1955; baseline 0.002 -23"><span class='ocrx_word' id='word_1_240' title='bbox 581 1879 675 1932; x_wconf 88' lang='lat' dir='ltr'><strong>tus</strong></span> <span class='ocrx_word' id='word_1_241' title='bbox 705 1870 1135 1946; x_wconf 81' lang='lat' dir='ltr'><strong>exsistentiam,</strong></span> <span class='ocrx_word' id='word_1_242' title='bbox 1193 1871 1349 1952; x_wconf 88' lang='lat' dir='ltr'><strong>quod</strong></span> <span class='ocrx_word' id='word_1_243' title='bbox 1383 1890 1501 1932; x_wconf 90' lang='lat' dir='ltr'><strong>non</strong></span> <span class='ocrx_word' id='word_1_244' title='bbox 1533 1873 1689 1934; x_wconf 77' lang='lat' dir='ltr'><strong>ultra</strong></span> <span class='ocrx_word' id='word_1_245' title='bbox 1723 1882 1924 1934; x_wconf 89' lang='lat' dir='ltr'><strong>nostra</strong></span> <span class='ocrx_word' id='word_1_246' title='bbox 1978 1875 2224 1955; x_wconf 66' lang='lat' dir='ltr'><strong>quaestio</strong></span> 
     </span>
    </p>
   </div>
   <div class='ocr_carea' id='block_1_36' title="bbox 576 1959 2226 2041">
    <p class='ocr_par' dir='ltr' id='par_1_36' title="bbox 576 1959 2226 2041">
     <span class='ocr_line' id='line_1_36' title="bbox 576 1959 2226 2041; baseline 0.002 -21"><span class='ocrx_word' id='word_1_247' title='bbox 576 1960 1132 2041; x_wconf 85' lang='lat' dir='ltr'><strong>progrederetur,in</strong></span> <span class='ocrx_word' id='word_1_248' title='bbox 1155 1960 1263 2022; x_wconf 89' lang='lat' dir='ltr'><strong>hac</strong></span> <span class='ocrx_word' id='word_1_249' title='bbox 1291 1979 1426 2021; x_wconf 89' lang='lat' dir='ltr'><strong>vero</strong></span> <span class='ocrx_word' id='word_1_250' title='bbox 1460 1959 1636 2022; x_wconf 90' lang='lat' dir='ltr'><strong>etiam</strong></span> <span class='ocrx_word' id='word_1_251' title='bbox 1666 1964 1910 2024; x_wconf 85' lang='lat' dir='ltr'><strong>exPatre</strong></span> <span class='ocrx_word' id='word_1_252' title='bbox 1930 1970 1987 2024; x_wconf 91' lang='lat' dir='ltr'><strong>et</strong></span> <span class='ocrx_word' id='word_1_253' title='bbox 2002 1964 2226 2026; x_wconf 83' lang='lat' dir='ltr'><strong>exFilio</strong></span> 
     </span>
    </p>
   </div>
   <div class='ocr_carea' id='block_1_37' title="bbox 575 2046 2224 2132">
    <p class='ocr_par' dir='ltr' id='par_1_37' title="bbox 575 2046 2224 2132">
     <span class='ocr_line' id='line_1_37' title="bbox 575 2046 2224 2132; baseline 0.001 -21"><span class='ocrx_word' id='word_1_254' title='bbox 575 2046 857 2129; x_wconf 88' lang='lat' dir='ltr'><strong>Spiritum</strong></span> <span class='ocrx_word' id='word_1_255' title='bbox 889 2058 1160 2111; x_wconf 85' lang='lat' dir='ltr'><strong>sanctum</strong></span> <span class='ocrx_word' id='word_1_256' title='bbox 1195 2049 1674 2129; x_wconf 88' lang='lat' dir='ltr'><strong>exsistere,quod</strong></span> <span class='ocrx_word' id='word_1_257' title='bbox 1701 2058 1966 2114; x_wconf 91' lang='lat' dir='ltr'><strong>nostrum</strong></span> <span class='ocrx_word' id='word_1_258' title='bbox 1997 2052 2056 2112; x_wconf 91' lang='lat' dir='ltr'><strong>in</strong></span> <span class='ocrx_word' id='word_1_259' title='bbox 2081 2071 2224 2132; x_wconf 63' lang='lat' dir='ltr'><strong>prae-</strong></span> 
     </span>
    </p>
   </div>
   <div class='ocr_carea' id='block_1_38' title="bbox 573 2138 2226 2223">
    <p class='ocr_par' dir='ltr' id='par_1_38' title="bbox 573 2138 2226 2223">
     <span class='ocr_line' id='line_1_38' title="bbox 573 2138 2226 2223; baseline 0.001 -22"><span class='ocrx_word' id='word_1_260' title='bbox 573 2138 763 2201; x_wconf 84' lang='lat' dir='ltr'><strong>sentia</strong></span> <span class='ocrx_word' id='word_1_261' title='bbox 793 2138 1160 2218; x_wconf 91' lang='lat' dir='ltr'><strong>propositum</strong></span> <span class='ocrx_word' id='word_1_262' title='bbox 1181 2146 1291 2219; x_wconf 90' lang='lat' dir='ltr'><strong>est,</strong></span> <span class='ocrx_word' id='word_1_263' title='bbox 1326 2138 1684 2220; x_wconf 90' lang='lat' dir='ltr'><strong>edocebunt,</strong></span> <span class='ocrx_word' id='word_1_264' title='bbox 1720 2139 2028 2222; x_wconf 89' lang='lat' dir='ltr'><strong>multoque</strong></span> <span class='ocrx_word' id='word_1_265' title='bbox 2057 2160 2226 2223; x_wconf 82' lang='lat' dir='ltr'><strong>aper-</strong></span> 
     </span>
    </p>
   </div>
   <div class='ocr_carea' id='block_1_39' title="bbox 575 2225 2226 2311">
    <p class='ocr_par' dir='ltr' id='par_1_39' title="bbox 575 2225 2226 2311">
     <span class='ocr_line' id='line_1_39' title="bbox 575 2225 2226 2311; baseline 0.002 -24"><span class='ocrx_word' id='word_1_266' title='bbox 575 2226 693 2289; x_wconf 90' lang='lat' dir='ltr'><strong>tius</strong></span> <span class='ocrx_word' id='word_1_267' title='bbox 723 2245 898 2307; x_wconf 89' lang='lat' dir='ltr'><strong>quam</strong></span> <span class='ocrx_word' id='word_1_268' title='bbox 931 2225 1044 2301; x_wconf 89' lang='lat' dir='ltr'><strong>illi,</strong></span> <span class='ocrx_word' id='word_1_269' title='bbox 1104 2226 1206 2307; x_wconf 91' lang='lat' dir='ltr'><strong>qui</strong></span> <span class='ocrx_word' id='word_1_270' title='bbox 1258 2226 1517 2307; x_wconf 87' lang='lat' dir='ltr'><strong>pueriles</strong></span> <span class='ocrx_word' id='word_1_271' title='bbox 1559 2227 2087 2305; x_wconf 70' lang='lat' dir='ltr'><strong>litterarumnotas</strong></span> <span class='ocrx_word' id='word_1_272' title='bbox 2121 2249 2226 2311; x_wconf 84' lang='lat' dir='ltr'><strong>per</strong></span> 
     </span>
    </p>
   </div>
   <div class='ocr_carea' id='block_1_40' title="bbox 574 2313 2224 2393">
    <p class='ocr_par' dir='ltr' id='par_1_40' title="bbox 574 2313 2224 2393">
     <span class='ocr_line' id='line_1_40' title="bbox 574 2313 2224 2393; baseline 0.002 -16"><span class='ocrx_word' id='word_1_273' title='bbox 574 2313 759 2377; x_wconf 86' lang='lat' dir='ltr'><strong>otium</strong></span> <span class='ocrx_word' id='word_1_274' title='bbox 796 2314 1429 2393; x_wconf 79' lang='lat' dir='ltr'><strong>interpretanturzcum</strong></span> <span class='ocrx_word' id='word_1_275' title='bbox 1460 2334 1575 2377; x_wconf 88' lang='lat' dir='ltr'><strong>non</strong></span> <span class='ocrx_word' id='word_1_276' title='bbox 1601 2317 1930 2393; x_wconf 90' lang='lat' dir='ltr'><strong>semel,nec</strong></span> <span class='ocrx_word' id='word_1_277' title='bbox 1952 2318 2040 2381; x_wconf 89' lang='lat' dir='ltr'><strong>bis</strong></span> <span class='ocrx_word' id='word_1_278' title='bbox 2060 2327 2224 2383; x_wconf 87' lang='lat' dir='ltr'><strong>terve</strong></span> 
     </span>
    </p>
   </div>
   <div class='ocr_carea' id='block_1_41' title="bbox 573 2403 2225 2487">
    <p class='ocr_par' dir='ltr' id='par_1_41' title="bbox 573 2403 2225 2487">
     <span class='ocr_line' id='line_1_41' title="bbox 573 2403 2225 2487; baseline 0.001 -21"><span class='ocrx_word' id='word_1_279' title='bbox 573 2414 915 2467; x_wconf 88' lang='lat' dir='ltr'><strong>sanctorum</strong></span> <span class='ocrx_word' id='word_1_280' title='bbox 942 2403 1346 2484; x_wconf 88' lang='lat' dir='ltr'><strong>unusquisque</strong></span> <span class='ocrx_word' id='word_1_281' title='bbox 1360 2412 1418 2466; x_wconf 91' lang='lat' dir='ltr'><strong>et</strong></span> <span class='ocrx_word' id='word_1_282' title='bbox 1440 2404 1614 2484; x_wconf 88' lang='lat' dir='ltr'><strong>plane</strong></span> <span class='ocrx_word' id='word_1_283' title='bbox 1635 2407 1928 2468; x_wconf 90' lang='lat' dir='ltr'><strong>omnesde</strong></span> <span class='ocrx_word' id='word_1_284' title='bbox 1952 2408 2064 2469; x_wconf 92' lang='lat' dir='ltr'><strong>hoc</strong></span> <span class='ocrx_word' id='word_1_285' title='bbox 2085 2408 2225 2487; x_wconf 78' lang='lat' dir='ltr'><strong>dog-</strong></span> 
     </span>
    </p>
   </div>
   <div class='ocr_carea' id='block_1_42' title="bbox 2308 1867 3956 1949">
    <p class='ocr_par' dir='ltr' id='par_1_42' title="bbox 2308 1867 3956 1949">
     <span class='ocr_line' id='line_1_42' title="bbox 2308 1867 3956 1949; baseline 0 -26"><span class='ocrx_word' id='word_1_286' title='bbox 2308 1870 2554 1926; x_wconf 87' lang='grc' dir='ltr'>τοσούτου</span> <span class='ocrx_word' id='word_1_287' title='bbox 2597 1869 2716 1926; x_wconf 88' lang='grc' dir='ltr'>τότε</span> <span class='ocrx_word' id='word_1_288' title='bbox 2758 1871 2823 1926; x_wconf 75' lang='grc' dir='ltr'>τὰ</span> <span class='ocrx_word' id='word_1_289' title='bbox 2891 1875 2989 1938; x_wconf 83' lang='grc' dir='ltr'>τῆς</span> <span class='ocrx_word' id='word_1_290' title='bbox 3062 1870 3322 1949; x_wconf 74' lang='grc' dir='ltr'>ἡμετέρας</span> <span class='ocrx_word' id='word_1_291' title='bbox 3367 1870 3640 1940; x_wconf 68' lang='grc' dir='ltr'>ζητήσεως</span> <span class='ocrx_word' id='word_1_292' title='bbox 3678 1887 3693 1900; x_wconf 90' lang='grc'><strong>·</strong></span> <span class='ocrx_word' id='word_1_293' title='bbox 3744 1867 3956 1924; x_wconf 73' lang='grc' dir='ltr'>ἐνταῦθα</span> 
     </span>
    </p>
   </div>
   <div class='ocr_carea' id='block_1_43' title="bbox 2308 1955 3956 2039">
    <p class='ocr_par' dir='ltr' id='par_1_43' title="bbox 2308 1955 3956 2039">
     <span class='ocr_line' id='line_1_43' title="bbox 2308 1955 3956 2039; baseline -0.001 -26"><span class='ocrx_word' id='word_1_294' title='bbox 2308 1955 2362 2013; x_wconf 74' lang='grc' dir='ltr'><strong>δὲ</strong></span> <span class='ocrx_word' id='word_1_295' title='bbox 2416 1959 2503 2014; x_wconf 84' lang='grc' dir='ltr'><strong>καὶ</strong></span> <span class='ocrx_word' id='word_1_296' title='bbox 2561 1959 2620 2014; x_wconf 83' lang='grc' dir='ltr'>τὸ</span> <span class='ocrx_word' id='word_1_297' title='bbox 2675 1960 2816 2038; x_wconf 77' lang='grc' dir='ltr'>παρὰ</span> <span class='ocrx_word' id='word_1_298' title='bbox 2892 1960 3093 2039; x_wconf 79' lang='grc' dir='ltr'>Πατρὸς</span> <span class='ocrx_word' id='word_1_299' title='bbox 3151 1960 3238 2015; x_wconf 85' lang='grc' dir='ltr'><strong>καὶ</strong></span> <span class='ocrx_word' id='word_1_300' title='bbox 3322 1961 3441 2014; x_wconf 80' lang='grc' dir='ltr'>Υἰοῦ</span> <span class='ocrx_word' id='word_1_301' title='bbox 3498 1961 3559 2014; x_wconf 81' lang='grc' dir='ltr'><strong>τὸ</strong></span> <span class='ocrx_word' id='word_1_302' title='bbox 3619 1957 3837 2034; x_wconf 80' lang='grc' dir='ltr'>Πνεῦμα</span> <span class='ocrx_word' id='word_1_303' title='bbox 3901 1958 3956 2011; x_wconf 76' lang='grc' dir='ltr'>τὸ</span> 
     </span>
    </p>
   </div>
   <div class='ocr_carea' id='block_1_44' title="bbox 2307 2044 3956 2128">
    <p class='ocr_par' dir='ltr' id='par_1_44' title="bbox 2307 2044 3956 2128">
     <span class='ocr_line' id='line_1_44' title="bbox 2307 2044 3956 2128; baseline 0 -27"><span class='ocrx_word' id='word_1_304' title='bbox 2307 2044 2456 2124; x_wconf 77' lang='grc' dir='ltr'>ἅγιον</span> <span class='ocrx_word' id='word_1_305' title='bbox 2526 2047 2812 2128; x_wconf 80' lang='grc' dir='ltr'>ὑπάρχειν,</span> <span class='ocrx_word' id='word_1_306' title='bbox 2870 2056 3021 2105; x_wconf 86' lang='grc' dir='ltr'>τοῦτο</span> <span class='ocrx_word' id='word_1_307' title='bbox 3052 2049 3150 2125; x_wconf 82' lang='grc' dir='ltr'><strong>γὰρ</strong></span> <span class='ocrx_word' id='word_1_308' title='bbox 3193 2050 3221 2103; x_wconf 85' lang='grc' dir='ltr'>ὁ</span> <span class='ocrx_word' id='word_1_309' title='bbox 3274 2048 3498 2127; x_wconf 78' lang='grc' dir='ltr'>σκοπὸς,</span> <span class='ocrx_word' id='word_1_310' title='bbox 3530 2046 3721 2124; x_wconf 76' lang='grc' dir='ltr'>ἀρτίως</span> <span class='ocrx_word' id='word_1_311' title='bbox 3768 2067 3956 2123; x_wconf 82' lang='grc' dir='ltr'>μυσταο</span> 
     </span>
    </p>
   </div>
   <div class='ocr_carea' id='block_1_45' title="bbox 2308 2134 3957 2216">
    <p class='ocr_par' dir='ltr' id='par_1_45' title="bbox 2308 2134 3957 2216">
     <span class='ocr_line' id='line_1_45' title="bbox 2308 2134 3957 2216; baseline -0.001 -25"><span class='ocrx_word' id='word_1_312' title='bbox 2308 2137 2635 2216; x_wconf 77' lang='grc' dir='ltr'>γωγήσουσι,</span> <span class='ocrx_word' id='word_1_313' title='bbox 2694 2137 2781 2192; x_wconf 68' lang='grc' dir='ltr'><strong>καὶ</strong></span> <span class='ocrx_word' id='word_1_314' title='bbox 2839 2135 3025 2211; x_wconf 87' lang='grc' dir='ltr'>πολλῴ</span> <span class='ocrx_word' id='word_1_315' title='bbox 3073 2136 3229 2192; x_wconf 81' lang='grc' dir='ltr'>πλέον</span> <span class='ocrx_word' id='word_1_316' title='bbox 3259 2134 3394 2214; x_wconf 73' lang='grc' dir='ltr'>ἤπερ</span> <span class='ocrx_word' id='word_1_317' title='bbox 3427 2137 3473 2190; x_wconf 85' lang='grc' dir='ltr'>οἱ</span> <span class='ocrx_word' id='word_1_318' title='bbox 3501 2149 3620 2199; x_wconf 76' lang='grc' dir='ltr'>τοῖς</span> <span class='ocrx_word' id='word_1_319' title='bbox 3650 2137 3763 2190; x_wconf 80' lang='grc' dir='ltr'><strong>τῶν</strong></span> <span class='ocrx_word' id='word_1_320' title='bbox 3796 2157 3957 2214; x_wconf 81' lang='grc' dir='ltr'>γραμ-</span> 
     </span>
    </p>
   </div>
   <div class='ocr_carea' id='block_1_46' title="bbox 2307 2218 3955 2304">
    <p class='ocr_par' dir='ltr' id='par_1_46' title="bbox 2307 2218 3955 2304">
     <span class='ocr_line' id='line_1_46' title="bbox 2307 2218 3955 2304; baseline -0.002 -24"><span class='ocrx_word' id='word_1_321' title='bbox 2307 2225 2488 2300; x_wconf 84' lang='grc' dir='ltr'>μάτων</span> <span class='ocrx_word' id='word_1_322' title='bbox 2557 2226 2750 2290; x_wconf 82' lang='grc' dir='ltr'>τύπους</span> <span class='ocrx_word' id='word_1_323' title='bbox 2834 2228 2969 2282; x_wconf 76' lang='grc' dir='ltr'>κατὰ</span> <span class='ocrx_word' id='word_1_324' title='bbox 3026 2218 3246 2304; x_wconf 78' lang='grc' dir='ltr'>σχολὴν</span> <span class='ocrx_word' id='word_1_325' title='bbox 3344 2224 3726 2301; x_wconf 74' lang='grc' dir='ltr'>ἑρμηνεύοντες</span> <span class='ocrx_word' id='word_1_326' title='bbox 3768 2244 3779 2256; x_wconf 93' lang='grc'><strong>·</strong></span> <span class='ocrx_word' id='word_1_327' title='bbox 3852 2223 3955 2280; x_wconf 78' lang='grc' dir='ltr'>ἐπεὶ</span> 
     </span>
    </p>
   </div>
   <div class='ocr_carea' id='block_1_47' title="bbox 2307 2311 3953 2394">
    <p class='ocr_par' dir='ltr' id='par_1_47' title="bbox 2307 2311 3953 2394">
     <span class='ocr_line' id='line_1_47' title="bbox 2307 2311 3953 2394; baseline -0.001 -25"><span class='ocrx_word' id='word_1_328' title='bbox 2307 2311 2432 2388; x_wconf 81' lang='grc' dir='ltr'>μηδ’</span> <span class='ocrx_word' id='word_1_329' title='bbox 2490 2312 2649 2390; x_wconf 75' lang='grc' dir='ltr'>ἅπαξ,</span> <span class='ocrx_word' id='word_1_330' title='bbox 2705 2311 2841 2389; x_wconf 80' lang='grc' dir='ltr'>μηδὲ</span> <span class='ocrx_word' id='word_1_331' title='bbox 2883 2313 2981 2394; x_wconf 82' lang='grc' dir='ltr'>δὶς,</span> <span class='ocrx_word' id='word_1_332' title='bbox 3038 2316 3073 2381; x_wconf 78' lang='grc' dir='ltr'>ἢ</span> <span class='ocrx_word' id='word_1_333' title='bbox 3102 2315 3189 2369; x_wconf 85' lang='grc' dir='ltr'><strong>καὶ</strong></span> <span class='ocrx_word' id='word_1_334' title='bbox 3217 2314 3324 2392; x_wconf 86' lang='grc' dir='ltr'>τρὶς</span> <span class='ocrx_word' id='word_1_335' title='bbox 3356 2311 3575 2377; x_wconf 77' lang='grc' dir='ltr'>ἕκαστος</span> <span class='ocrx_word' id='word_1_336' title='bbox 3604 2320 3715 2369; x_wconf 81' lang='grc' dir='ltr'>τῶν</span> <span class='ocrx_word' id='word_1_337' title='bbox 3773 2314 3953 2392; x_wconf 79' lang='grc' dir='ltr'>ἁγίων,</span> 
     </span>
    </p>
   </div>
   <div class='ocr_carea' id='block_1_48' title="bbox 2304 2400 3951 2481">
    <p class='ocr_par' dir='ltr' id='par_1_48' title="bbox 2304 2400 3951 2481">
     <span class='ocr_line' id='line_1_48' title="bbox 2304 2400 3951 2481; baseline 0 -22"><span class='ocrx_word' id='word_1_338' title='bbox 2304 2404 2393 2459; x_wconf 83' lang='grc' dir='ltr'><strong>καὶ</strong></span> <span class='ocrx_word' id='word_1_339' title='bbox 2448 2403 2641 2466; x_wconf 87' lang='grc' dir='ltr'>πάντες</span> <span class='ocrx_word' id='word_1_340' title='bbox 2685 2403 2868 2468; x_wconf 64' lang='lat' dir='ltr'><strong>an:th</strong></span> <span class='ocrx_word' id='word_1_341' title='bbox 2914 2403 3147 2467; x_wconf 75' lang='grc' dir='ltr'>εἰπόντες</span> <span class='ocrx_word' id='word_1_342' title='bbox 3204 2403 3323 2480; x_wconf 87' lang='grc' dir='ltr'><strong>περί</strong></span> <span class='ocrx_word' id='word_1_343' title='bbox 3383 2411 3476 2460; x_wconf 89' lang='grc' dir='ltr'><strong>τοῦ</strong></span> <span class='ocrx_word' id='word_1_344' title='bbox 3530 2408 3774 2459; x_wconf 87' lang='grc' dir='ltr'>τοιούτου</span> <span class='ocrx_word' id='word_1_345' title='bbox 3832 2400 3951 2481; x_wconf 82' lang='grc' dir='ltr'>δόγ-</span> 
     </span>
    </p>
   </div>
   <div class='ocr_carea' id='block_1_49' title="bbox 576 2488 2218 2575">
    <p class='ocr_par' dir='ltr' id='par_1_49' title="bbox 576 2492 2218 2575">
     <span class='ocr_line' id='line_1_49' title="bbox 576 2492 2218 2575; baseline 0.004 -23"><span class='ocrx_word' id='word_1_346' title='bbox 576 2496 734 2555; x_wconf 89' lang='lat' dir='ltr'><strong>mate</strong></span> <span class='ocrx_word' id='word_1_347' title='bbox 765 2492 1140 2572; x_wconf 87' lang='lat' dir='ltr'><strong>pronuntiata</strong></span> <span class='ocrx_word' id='word_1_348' title='bbox 1166 2492 1486 2563; x_wconf 88' lang='lat' dir='ltr'><strong>sententia,</strong></span> <span class='ocrx_word' id='word_1_349' title='bbox 1514 2494 1818 2556; x_wconf 90' lang='lat' dir='ltr'><strong>silentium</strong></span> <span class='ocrx_word' id='word_1_350' title='bbox 1842 2497 2218 2575; x_wconf 90' lang='lat' dir='ltr'><strong>postmodum</strong></span> 
     </span>
    </p>
   </div>
   <div class='ocr_carea' id='block_1_50' title="bbox 2301 2488 3954 2575">
    <p class='ocr_par' dir='ltr' id='par_1_50' title="bbox 2306 2488 3954 2570">
     <span class='ocr_line' id='line_1_50' title="bbox 2306 2488 3954 2570; baseline -0.002 -23"><span class='ocrx_word' id='word_1_351' title='bbox 2306 2513 2472 2566; x_wconf 90' lang='grc' dir='ltr'>ματος</span> <span class='ocrx_word' id='word_1_352' title='bbox 2521 2489 2935 2569; x_wconf 76' lang='grc' dir='ltr'>ἀπηλλάγησαν,</span> <span class='ocrx_word' id='word_1_353' title='bbox 2998 2500 3278 2570; x_wconf 78' lang='grc' dir='ltr'>πανταχοῦ</span> <span class='ocrx_word' id='word_1_354' title='bbox 3319 2488 3372 2546; x_wconf 79' lang='grc' dir='ltr'>δὲ</span> <span class='ocrx_word' id='word_1_355' title='bbox 3429 2496 3533 2545; x_wconf 82' lang='grc' dir='ltr'>τῶν</span> <span class='ocrx_word' id='word_1_356' title='bbox 3584 2488 3732 2547; x_wconf 67' lang='grc' dir='ltr'>ἰδίων</span> <span class='ocrx_word' id='word_1_357' title='bbox 3791 2490 3954 2568; x_wconf 85' lang='grc' dir='ltr'>λόγων</span> 
     </span>
    </p>
   </div>
   <div class='ocr_carea' id='block_1_51' title="bbox 575 2578 2218 2662">
    <p class='ocr_par' dir='ltr' id='par_1_51' title="bbox 575 2579 2218 2662">
     <span class='ocr_line' id='line_1_51' title="bbox 575 2579 2218 2662; baseline 0.003 -21"><span class='ocrx_word' id='word_1_358' title='bbox 575 2579 690 2641; x_wconf 92' lang='lat' dir='ltr'><strong>sibi</strong></span> <span class='ocrx_word' id='word_1_359' title='bbox 712 2580 1191 2657; x_wconf 84' lang='lat' dir='ltr'><strong>indixerunt,sed</strong></span> <span class='ocrx_word' id='word_1_360' title='bbox 1223 2580 1564 2662; x_wconf 88' lang='lat' dir='ltr'><strong>ubicunque</strong></span> <span class='ocrx_word' id='word_1_361' title='bbox 1595 2582 2218 2646; x_wconf 86' lang='lat' dir='ltr'><strong>feresermonumsuo-</strong></span> 
     </span>
    </p>
   </div>
   <div class='ocr_carea' id='block_1_52' title="bbox 2301 2578 3952 2662">
    <p class='ocr_par' dir='ltr' id='par_1_52' title="bbox 2306 2578 3952 2660">
     <span class='ocr_line' id='line_1_52' title="bbox 2306 2578 3952 2660; baseline -0.001 -25"><span class='ocrx_word' id='word_1_362' title='bbox 2306 2578 2519 2660; x_wconf 68' lang='grc' dir='ltr'>σχεδὸν,</span> <span class='ocrx_word' id='word_1_363' title='bbox 2578 2580 2688 2636; x_wconf 78' lang='grc' dir='ltr'>ἔστι</span> <span class='ocrx_word' id='word_1_364' title='bbox 2746 2579 2791 2635; x_wconf 87' lang='grc' dir='ltr'>δ’</span> <span class='ocrx_word' id='word_1_365' title='bbox 2836 2583 2896 2637; x_wconf 83' lang='grc' dir='ltr'><strong>οῦ</strong></span> <span class='ocrx_word' id='word_1_366' title='bbox 2936 2582 3021 2637; x_wconf 82' lang='grc' dir='ltr'><strong>καὶ</strong></span> <span class='ocrx_word' id='word_1_367' title='bbox 3073 2582 3215 2655; x_wconf 79' lang='grc' dir='ltr'>θαμὰ</span> <span class='ocrx_word' id='word_1_368' title='bbox 3256 2580 3392 2635; x_wconf 83' lang='grc' dir='ltr'>κατὰ</span> <span class='ocrx_word' id='word_1_369' title='bbox 3445 2584 3565 2641; x_wconf 76' lang='grc' dir='ltr'>τοὺς</span> <span class='ocrx_word' id='word_1_370' title='bbox 3608 2586 3718 2636; x_wconf 80' lang='grc' dir='ltr'>τῶν</span> <span class='ocrx_word' id='word_1_371' title='bbox 3750 2579 3952 2659; x_wconf 82' lang='grc' dir='ltr'>ζωγρά-</span> 
     </span>
    </p>
   </div>
   <div class='ocr_carea' id='block_1_53' title="bbox 572 2666 2218 2754">
    <p class='ocr_par' dir='ltr' id='par_1_53' title="bbox 572 2668 2218 2754">
     <span class='ocr_line' id='line_1_53' title="bbox 572 2668 2218 2754; baseline 0.002 -23"><span class='ocrx_word' id='word_1_372' title='bbox 572 2687 734 2745; x_wconf 89' lang='lat' dir='ltr'><strong>rum,</strong></span> <span class='ocrx_word' id='word_1_373' title='bbox 767 2668 1121 2750; x_wconf 90' lang='lat' dir='ltr'><strong>quibusdam</strong></span> <span class='ocrx_word' id='word_1_374' title='bbox 1171 2668 1348 2730; x_wconf 83' lang='lat' dir='ltr'><strong>etiam</strong></span> <span class='ocrx_word' id='word_1_375' title='bbox 1403 2671 1463 2731; x_wconf 90' lang='lat' dir='ltr'><strong>in</strong></span> <span class='ocrx_word' id='word_1_376' title='bbox 1502 2670 1646 2733; x_wconf 89' lang='lat' dir='ltr'><strong>locis</strong></span> <span class='ocrx_word' id='word_1_377' title='bbox 1676 2671 1914 2746; x_wconf 86' lang='lat' dir='ltr'><strong>crebro,</strong></span> <span class='ocrx_word' id='word_1_378' title='bbox 1949 2675 2218 2754; x_wconf 83' lang='lat' dir='ltr'><strong>exemplo</strong></span> 
     </span>
    </p>
   </div>
   <div class='ocr_carea' id='block_1_54' title="bbox 2301 2666 3955 2754">
    <p class='ocr_par' dir='ltr' id='par_1_54' title="bbox 2304 2666 3955 2747">
     <span class='ocr_line' id='line_1_54' title="bbox 2304 2666 3955 2747; baseline -0.001 -23"><span class='ocrx_word' id='word_1_379' title='bbox 2304 2690 2416 2747; x_wconf 85' lang='grc' dir='ltr'><strong>φων</strong></span> <span class='ocrx_word' id='word_1_380' title='bbox 2471 2666 2696 2742; x_wconf 83' lang='grc' dir='ltr'>δεινοὺς,</span> <span class='ocrx_word' id='word_1_381' title='bbox 2757 2668 2810 2723; x_wconf 72' lang='grc' dir='ltr'>ο⁹ί</span> <span class='ocrx_word' id='word_1_382' title='bbox 2886 2666 3143 2731; x_wconf 79' lang='grc' dir='ltr'>πολλάκις</span> <span class='ocrx_word' id='word_1_383' title='bbox 3221 2668 3308 2722; x_wconf 84' lang='grc' dir='ltr'><strong>καὶ</strong></span> <span class='ocrx_word' id='word_1_384' title='bbox 3354 2666 3470 2742; x_wconf 85' lang='grc' dir='ltr'>μεθ’</span> <span class='ocrx_word' id='word_1_385' title='bbox 3531 2666 3835 2747; x_wconf 73' lang='grc' dir='ltr'>ὑπερϐολῆς</span> <span class='ocrx_word' id='word_1_386' title='bbox 3897 2668 3955 2723; x_wconf 78' lang='grc' dir='ltr'>τὰ</span> 
     </span>
    </p>
   </div>
   <div class='ocr_carea' id='block_1_55' title="bbox 572 2753 2218 2840">
    <p class='ocr_par' dir='ltr' id='par_1_55' title="bbox 572 2753 2218 2840">
     <span class='ocr_line' id='line_1_55' title="bbox 572 2753 2218 2840; baseline 0.001 -18"><span class='ocrx_word' id='word_1_387' title='bbox 572 2757 972 2839; x_wconf 72' lang='lat' dir='ltr'><strong>praestantium</strong></span> <span class='ocrx_word' id='word_1_388' title='bbox 1006 2756 1433 2838; x_wconf 88' lang='lat' dir='ltr'><strong>pictorum,qui</strong></span> <span class='ocrx_word' id='word_1_389' title='bbox 1459 2761 1674 2840; x_wconf 63' lang='lat' dir='ltr'><strong>saepius</strong></span> <span class='ocrx_word' id='word_1_390' title='bbox 1701 2768 1759 2822; x_wconf 88' lang='lat' dir='ltr'><strong>et</strong></span> <span class='ocrx_word' id='word_1_391' title='bbox 1787 2760 2026 2824; x_wconf 88' lang='lat' dir='ltr'><strong>calcatis</strong></span> <span class='ocrx_word' id='word_1_392' title='bbox 2056 2753 2218 2824; x_wconf 88' lang='lat' dir='ltr'><strong>colo-</strong></span> 
     </span>
    </p>
   </div>
   <div class='ocr_carea' id='block_1_56' title="bbox 2301 2753 3954 2840">
    <p class='ocr_par' dir='ltr' id='par_1_56' title="bbox 2310 2753 3954 2837">
     <span class='ocr_line' id='line_1_56' title="bbox 2310 2753 3954 2837; baseline -0.001 -24"><span class='ocrx_word' id='word_1_393' title='bbox 2310 2757 2573 2837; x_wconf 81' lang='grc' dir='ltr'>χρώματα</span> <span class='ocrx_word' id='word_1_394' title='bbox 2631 2768 2750 2821; x_wconf 81' lang='grc' dir='ltr'><strong>τοίς</strong></span> <span class='ocrx_word' id='word_1_395' title='bbox 2795 2755 2996 2823; x_wconf 85' lang='grc' dir='ltr'>πίναξιν</span> <span class='ocrx_word' id='word_1_396' title='bbox 3054 2753 3449 2828; x_wconf 81' lang='grc' dir='ltr'>ἐπιϐάλλουσιν,</span> <span class='ocrx_word' id='word_1_397' title='bbox 3482 2753 3693 2813; x_wconf 79' lang='grc' dir='ltr'>ἐπειδὰν</span> <span class='ocrx_word' id='word_1_398' title='bbox 3745 2759 3807 2814; x_wconf 78' lang='grc' dir='ltr'>τὸ</span> <span class='ocrx_word' id='word_1_399' title='bbox 3862 2778 3954 2837; x_wconf 81' lang='grc' dir='ltr'><strong>χα-</strong></span> 
     </span>
    </p>
   </div>
   <div class='ocr_carea' id='block_1_57' title="bbox 567 2844 2218 2932">
    <p class='ocr_par' dir='ltr' id='par_1_57' title="bbox 567 2844 2218 2932">
     <span class='ocr_line' id='line_1_57' title="bbox 567 2844 2218 2932; baseline 0.002 -23"><span class='ocrx_word' id='word_1_400' title='bbox 567 2846 736 2909; x_wconf 90' lang='lat' dir='ltr'><strong>ribus</strong></span> <span class='ocrx_word' id='word_1_401' title='bbox 758 2844 987 2908; x_wconf 88' lang='lat' dir='ltr'><strong>tabulas</strong></span> <span class='ocrx_word' id='word_1_402' title='bbox 1007 2846 1444 2920; x_wconf 86' lang='lat' dir='ltr'><strong>inﬁciunt,cum</strong></span> <span class='ocrx_word' id='word_1_403' title='bbox 1478 2849 1636 2926; x_wconf 86' lang='lat' dir='ltr'><strong>quod</strong></span> <span class='ocrx_word' id='word_1_404' title='bbox 1667 2848 2218 2932; x_wconf 88' lang='lat' dir='ltr'><strong>imprimituraper-</strong></span> 
     </span>
    </p>
   </div>
   <div class='ocr_carea' id='block_1_58' title="bbox 2301 2844 3951 2932">
    <p class='ocr_par' dir='ltr' id='par_1_58' title="bbox 2310 2845 3951 2926">
     <span class='ocr_line' id='line_1_58' title="bbox 2310 2845 3951 2926; baseline -0.001 -23"><span class='ocrx_word' id='word_1_405' title='bbox 2310 2846 2753 2926; x_wconf 81' lang='grc' dir='ltr'>ρακτηοιζόμενον</span> <span class='ocrx_word' id='word_1_406' title='bbox 2841 2845 3028 2909; x_wconf 72' lang='grc' dir='ltr'>αὐτοῖς</span> <span class='ocrx_word' id='word_1_407' title='bbox 3104 2845 3474 2925; x_wconf 80' lang='grc' dir='ltr'>ἐναργέστερον</span> <span class='ocrx_word' id='word_1_408' title='bbox 3544 2847 3802 2904; x_wconf 85' lang='grc' dir='ltr'>εἰκονίσαι</span> <span class='ocrx_word' id='word_1_409' title='bbox 3868 2851 3951 2903; x_wconf 84' lang='grc' dir='ltr'>θε-</span> 
     </span>
    </p>
   </div>
   <div class='ocr_carea' id='block_1_59' title="bbox 568 2934 2218 3019">
    <p class='ocr_par' dir='ltr' id='par_1_59' title="bbox 568 2934 2218 3019">
     <span class='ocr_line' id='line_1_59' title="bbox 568 2934 2218 3019; baseline 0.004 -22"><span class='ocrx_word' id='word_1_410' title='bbox 568 2934 686 2997; x_wconf 86' lang='lat' dir='ltr'><strong>tius</strong></span> <span class='ocrx_word' id='word_1_411' title='bbox 713 2934 1173 3016; x_wconf 84' lang='lat' dir='ltr'><strong>expressiusque</strong></span> <span class='ocrx_word' id='word_1_412' title='bbox 1204 2936 1469 3014; x_wconf 80' lang='lat' dir='ltr'><strong>etﬁgiare</strong></span> <span class='ocrx_word' id='word_1_413' title='bbox 1497 2939 1893 3013; x_wconf 90' lang='lat' dir='ltr'><strong>contendunt,</strong></span> <span class='ocrx_word' id='word_1_414' title='bbox 1925 2939 2026 3019; x_wconf 90' lang='lat' dir='ltr'><strong>qui</strong></span> <span class='ocrx_word' id='word_1_415' title='bbox 2046 2940 2218 3003; x_wconf 87' lang='lat' dir='ltr'><strong>rebus</strong></span> 
     </span>
    </p>
   </div>
   <div class='ocr_carea' id='block_1_60' title="bbox 2301 2934 3952 3019">
    <p class='ocr_par' dir='ltr' id='par_1_60' title="bbox 2309 2934 3952 3014">
     <span class='ocr_line' id='line_1_60' title="bbox 2309 2934 3952 3014; baseline -0.003 -22"><span class='ocrx_word' id='word_1_416' title='bbox 2309 2935 2542 3004; x_wconf 82' lang='grc' dir='ltr'>λήσωσιν</span> <span class='ocrx_word' id='word_1_417' title='bbox 2574 2951 2586 2965; x_wconf 89' lang='grc'><strong>·</strong></span> <span class='ocrx_word' id='word_1_418' title='bbox 2635 2934 2800 2998; x_wconf 71' lang='grc' dir='ltr'>οὕτως</span> <span class='ocrx_word' id='word_1_419' title='bbox 2863 2937 2908 2991; x_wconf 80' lang='grc' dir='ltr'>οἱ</span> <span class='ocrx_word' id='word_1_420' title='bbox 2964 2935 3031 2991; x_wconf 84' lang='grc' dir='ltr'>τὰ</span> <span class='ocrx_word' id='word_1_421' title='bbox 3070 2937 3191 2990; x_wconf 75' lang='grc' dir='ltr'>θεῖα</span> <span class='ocrx_word' id='word_1_422' title='bbox 3237 2936 3388 3013; x_wconf 86' lang='grc' dir='ltr'>σοφοὶ</span> <span class='ocrx_word' id='word_1_423' title='bbox 3439 2936 3499 2991; x_wconf 80' lang='grc' dir='ltr'>τὸ</span> <span class='ocrx_word' id='word_1_424' title='bbox 3543 2935 3604 2991; x_wconf 81' lang='grc' dir='ltr'><strong>ἐκ</strong></span> <span class='ocrx_word' id='word_1_425' title='bbox 3633 2938 3846 3014; x_wconf 81' lang='grc' dir='ltr'>Πατρὸς</span> <span class='ocrx_word' id='word_1_426' title='bbox 3875 2934 3952 2990; x_wconf 78' lang='grc' dir='ltr'><strong>καὶ</strong></span> 
     </span>
    </p>
   </div>
   <div class='ocr_carea' id='block_1_61' title="bbox 567 3023 2218 3104">
    <p class='ocr_par' dir='ltr' id='par_1_61' title="bbox 567 3023 2218 3104">
     <span class='ocr_line' id='line_1_61' title="bbox 567 3023 2218 3104; baseline 0.004 -18"><span class='ocrx_word' id='word_1_427' title='bbox 567 3023 782 3086; x_wconf 80' lang='lat' dir='ltr'><strong>divinis</strong></span> <span class='ocrx_word' id='word_1_428' title='bbox 811 3024 1183 3104; x_wconf 80' lang='lat' dir='ltr'><strong>exponendis</strong></span> <span class='ocrx_word' id='word_1_429' title='bbox 1213 3026 1622 3104; x_wconf 74' lang='lat' dir='ltr'><strong>praestiterunt</strong></span> <span class='ocrx_word' id='word_1_430' title='bbox 1652 3026 1825 3101; x_wconf 89' lang='lat' dir='ltr'><strong>illud,</strong></span> <span class='ocrx_word' id='word_1_431' title='bbox 1861 3045 1929 3089; x_wconf 80' lang='lat' dir='ltr'><strong>ex</strong></span> <span class='ocrx_word' id='word_1_432' title='bbox 1964 3030 2139 3091; x_wconf 88' lang='lat' dir='ltr'><strong>Patre</strong></span> <span class='ocrx_word' id='word_1_433' title='bbox 2171 3040 2218 3093; x_wconf 91' lang='lat' dir='ltr'><strong>et</strong></span> 
     </span>
    </p>
   </div>
   <div class='ocr_carea' id='block_1_62' title="bbox 2301 3023 3950 3104">
    <p class='ocr_par' dir='ltr' id='par_1_62' title="bbox 2312 3023 3950 3103">
     <span class='ocr_line' id='line_1_62' title="bbox 2312 3023 3950 3103; baseline -0.001 -23"><span class='ocrx_word' id='word_1_434' title='bbox 2312 3026 2433 3082; x_wconf 78' lang='grc' dir='ltr'>Υἱοῦ</span> <span class='ocrx_word' id='word_1_435' title='bbox 2472 3026 2532 3081; x_wconf 86' lang='grc' dir='ltr'>τὸ</span> <span class='ocrx_word' id='word_1_436' title='bbox 2590 3031 2800 3099; x_wconf 81' lang='grc' dir='ltr'>Πνεῦμα</span> <span class='ocrx_word' id='word_1_437' title='bbox 2844 3025 2905 3079; x_wconf 80' lang='grc' dir='ltr'>τὸ</span> <span class='ocrx_word' id='word_1_438' title='bbox 2962 3023 3112 3102; x_wconf 77' lang='grc' dir='ltr'>ἅγιον</span> <span class='ocrx_word' id='word_1_439' title='bbox 3168 3023 3429 3103; x_wconf 83' lang='grc' dir='ltr'>ὑπάρχειν</span> <span class='ocrx_word' id='word_1_440' title='bbox 3458 3023 3706 3103; x_wconf 80' lang='grc' dir='ltr'>ἀτεχνῶς</span> <span class='ocrx_word' id='word_1_441' title='bbox 3766 3027 3821 3081; x_wconf 59' lang='grc' dir='ltr'><strong>ἐν</strong></span> <span class='ocrx_word' id='word_1_442' title='bbox 3851 3024 3950 3086; x_wconf 78' lang='grc' dir='ltr'>πά-</span> 
     </span>
    </p>
   </div>
   <div class='ocr_carea' id='block_1_63' title="bbox 566 3108 2218 3193">
    <p class='ocr_par' dir='ltr' id='par_1_63' title="bbox 566 3112 2218 3193">
     <span class='ocr_line' id='line_1_63' title="bbox 566 3112 2218 3193; baseline 0.002 -17"><span class='ocrx_word' id='word_1_443' title='bbox 566 3112 718 3176; x_wconf 87' lang='lat' dir='ltr'><strong>Filio</strong></span> <span class='ocrx_word' id='word_1_444' title='bbox 745 3112 1028 3193; x_wconf 89' lang='lat' dir='ltr'><strong>Spiritum</strong></span> <span class='ocrx_word' id='word_1_445' title='bbox 1061 3121 1329 3175; x_wconf 90' lang='lat' dir='ltr'><strong>sanctum</strong></span> <span class='ocrx_word' id='word_1_446' title='bbox 1355 3114 1661 3187; x_wconf 82' lang='lat' dir='ltr'><strong>exsistere,</strong></span> <span class='ocrx_word' id='word_1_447' title='bbox 1698 3115 1904 3177; x_wconf 85' lang='lat' dir='ltr'><strong>sedulo</strong></span> <span class='ocrx_word' id='word_1_448' title='bbox 1928 3116 1985 3177; x_wconf 92' lang='lat' dir='ltr'><strong>in</strong></span> <span class='ocrx_word' id='word_1_449' title='bbox 2021 3118 2218 3179; x_wconf 89' lang='lat' dir='ltr'><strong>omni-</strong></span> 
     </span>
    </p>
   </div>
   <div class='ocr_carea' id='block_1_64' title="bbox 2301 3108 3948 3193">
    <p class='ocr_par' dir='ltr' id='par_1_64' title="bbox 2307 3108 3948 3192">
     <span class='ocr_line' id='line_1_64' title="bbox 2307 3108 3948 3192; baseline 0.001 -24"><span class='ocrx_word' id='word_1_450' title='bbox 2307 3134 2425 3177; x_wconf 90' lang='grc' dir='ltr'>σαις</span> <span class='ocrx_word' id='word_1_451' title='bbox 2481 3126 2603 3175; x_wconf 79' lang='grc' dir='ltr'>ταῖς</span> <span class='ocrx_word' id='word_1_452' title='bbox 2661 3112 2859 3169; x_wconf 80' lang='grc' dir='ltr'>ἑαυτῶν</span> <span class='ocrx_word' id='word_1_453' title='bbox 2921 3108 3257 3175; x_wconf 83' lang='grc' dir='ltr'>διαλαϐόντες</span> <span class='ocrx_word' id='word_1_454' title='bbox 3315 3125 3569 3192; x_wconf 73' lang='grc' dir='ltr'>γραφαῖς,</span> <span class='ocrx_word' id='word_1_455' title='bbox 3615 3115 3760 3170; x_wconf 79' lang='grc' dir='ltr'>κατὰ</span> <span class='ocrx_word' id='word_1_456' title='bbox 3814 3133 3948 3173; x_wconf 78' lang='grc' dir='ltr'>τινας</span> 
     </span>
    </p>
   </div>
   <div class='ocr_carea' id='block_1_65' title="bbox 566 3198 2218 3284">
    <p class='ocr_par' dir='ltr' id='par_1_65' title="bbox 566 3200 2218 3284">
     <span class='ocr_line' id='line_1_65' title="bbox 566 3200 2218 3284; baseline 0.004 -20"><span class='ocrx_word' id='word_1_457' title='bbox 566 3200 678 3265; x_wconf 92' lang='lat' dir='ltr'><strong>bus</strong></span> <span class='ocrx_word' id='word_1_458' title='bbox 715 3204 838 3264; x_wconf 90' lang='lat' dir='ltr'><strong>suis</strong></span> <span class='ocrx_word' id='word_1_459' title='bbox 868 3202 1110 3282; x_wconf 87' lang='lat' dir='ltr'><strong>scriptis</strong></span> <span class='ocrx_word' id='word_1_460' title='bbox 1167 3204 1769 3284; x_wconf 89' lang='lat' dir='ltr'><strong>comprehendentes,</strong></span> <span class='ocrx_word' id='word_1_461' title='bbox 1808 3207 1866 3267; x_wconf 88' lang='lat' dir='ltr'><strong>in</strong></span> <span class='ocrx_word' id='word_1_462' title='bbox 1920 3208 2218 3270; x_wconf 88' lang='lat' dir='ltr'><strong>nonnullis</strong></span> 
     </span>
    </p>
   </div>
   <div class='ocr_carea' id='block_1_66' title="bbox 2301 3198 3947 3284">
    <p class='ocr_par' dir='ltr' id='par_1_66' title="bbox 2304 3198 3947 3277">
     <span class='ocr_line' id='line_1_66' title="bbox 2304 3198 3947 3277; baseline -0.001 -20"><span class='ocrx_word' id='word_1_463' title='bbox 2304 3204 2407 3259; x_wconf 81' lang='grc' dir='ltr'>τῶν</span> <span class='ocrx_word' id='word_1_464' title='bbox 2481 3202 2686 3258; x_wconf 88' lang='grc' dir='ltr'>οἰκείων</span> <span class='ocrx_word' id='word_1_465' title='bbox 2786 3198 3011 3277; x_wconf 77' lang='grc' dir='ltr'>ὁμιλιῶν</span> <span class='ocrx_word' id='word_1_466' title='bbox 3079 3199 3348 3275; x_wconf 83' lang='grc' dir='ltr'>ἐπιμόνως</span> <span class='ocrx_word' id='word_1_467' title='bbox 3412 3202 3500 3257; x_wconf 89' lang='grc' dir='ltr'><strong>καὶ</strong></span> <span class='ocrx_word' id='word_1_468' title='bbox 3557 3202 3648 3256; x_wconf 82' lang='grc' dir='ltr'><strong>σὺν</strong></span> <span class='ocrx_word' id='word_1_469' title='bbox 3712 3199 3947 3277; x_wconf 73' lang='grc' dir='ltr'>δαψιλείᾳ</span> 
     </span>
    </p>
   </div>
   <div class='ocr_carea' id='block_1_67' title="bbox 565 3284 2218 3376">
    <p class='ocr_par' dir='ltr' id='par_1_67' title="bbox 565 3292 2218 3376">
     <span class='ocr_line' id='line_1_67' title="bbox 565 3292 2218 3376; baseline 0.002 -20"><span class='ocrx_word' id='word_1_470' title='bbox 565 3292 690 3356; x_wconf 90' lang='lat' dir='ltr'><strong>suis</strong></span> <span class='ocrx_word' id='word_1_471' title='bbox 717 3292 1355 3373; x_wconf 84' lang='lat' dir='ltr'><strong>homiliis,constanter</strong></span> <span class='ocrx_word' id='word_1_472' title='bbox 1375 3300 1434 3353; x_wconf 87' lang='lat' dir='ltr'><strong>et</strong></span> <span class='ocrx_word' id='word_1_473' title='bbox 1461 3292 1841 3355; x_wconf 86' lang='lat' dir='ltr'><strong>abundanter</strong></span> <span class='ocrx_word' id='word_1_474' title='bbox 1872 3294 2007 3356; x_wconf 85' lang='lat' dir='ltr'><strong>data</strong></span> <span class='ocrx_word' id='word_1_475' title='bbox 2040 3314 2218 3376; x_wconf 88' lang='lat' dir='ltr'><strong>opera</strong></span> 
     </span>
    </p>
   </div>
   <div class='ocr_carea' id='block_1_68' title="bbox 2301 3284 3945 3376">
    <p class='ocr_par' dir='ltr' id='par_1_68' title="bbox 2303 3284 3945 3369">
     <span class='ocr_line' id='line_1_68' title="bbox 2303 3284 3945 3369; baseline -0.002 -24"><span class='ocrx_word' id='word_1_476' title='bbox 2303 3310 2407 3369; x_wconf 88' lang='grc' dir='ltr'><strong>πεφ</strong></span> <span class='ocrx_word' id='word_1_477' title='bbox 2421 3286 2794 3369; x_wconf 75' lang='grc' dir='ltr'>ιλοσοφήκασιν</span> <span class='ocrx_word' id='word_1_478' title='bbox 2854 3284 3175 3368; x_wconf 77' lang='grc' dir='ltr'>ἐξεπίτηδες,</span> <span class='ocrx_word' id='word_1_479' title='bbox 3240 3286 3378 3343; x_wconf 81' lang='grc' dir='ltr'>ὥστε</span> <span class='ocrx_word' id='word_1_480' title='bbox 3439 3289 3526 3344; x_wconf 87' lang='grc' dir='ltr'><strong>καὶ</strong></span> <span class='ocrx_word' id='word_1_481' title='bbox 3569 3290 3719 3365; x_wconf 77' lang='grc' dir='ltr'>ἡμᾶς</span> <span class='ocrx_word' id='word_1_482' title='bbox 3785 3286 3945 3347; x_wconf 82' lang='grc' dir='ltr'>ἐνθάδε</span> 
     </span>
    </p>
   </div>
   <div class='ocr_carea' id='block_1_69' title="bbox 564 3375 2218 3462">
    <p class='ocr_par' dir='ltr' id='par_1_69' title="bbox 564 3375 2218 3462">
     <span class='ocr_line' id='line_1_69' title="bbox 564 3375 2218 3462; baseline 0.004 -20"><span class='ocrx_word' id='word_1_483' title='bbox 564 3380 966 3462; x_wconf 85' lang='lat' dir='ltr'><strong>philosophati</strong></span> <span class='ocrx_word' id='word_1_484' title='bbox 1008 3390 1167 3456; x_wconf 89' lang='lat' dir='ltr'><strong>sunt,</strong></span> <span class='ocrx_word' id='word_1_485' title='bbox 1202 3389 1265 3442; x_wconf 92' lang='lat' dir='ltr'><strong>ut</strong></span> <span class='ocrx_word' id='word_1_486' title='bbox 1312 3399 1423 3443; x_wconf 89' lang='lat' dir='ltr'><strong>nos</strong></span> <span class='ocrx_word' id='word_1_487' title='bbox 1455 3382 1633 3443; x_wconf 91' lang='lat' dir='ltr'><strong>etiam</strong></span> <span class='ocrx_word' id='word_1_488' title='bbox 1667 3383 1765 3443; x_wconf 91' lang='lat' dir='ltr'><strong>hic</strong></span> <span class='ocrx_word' id='word_1_489' title='bbox 1802 3375 2131 3446; x_wconf 79' lang='lat' dir='ltr'><strong>liberaliter</strong></span> <span class='ocrx_word' id='word_1_490' title='bbox 2162 3395 2218 3448; x_wconf 89' lang='lat' dir='ltr'><strong>et</strong></span> 
     </span>
    </p>
   </div>
   <div class='ocr_carea' id='block_1_70' title="bbox 2301 3375 3945 3462">
    <p class='ocr_par' dir='ltr' id='par_1_70' title="bbox 2301 3375 3945 3459">
     <span class='ocr_line' id='line_1_70' title="bbox 2301 3375 3945 3459; baseline 0.001 -26"><span class='ocrx_word' id='word_1_491' title='bbox 2301 3377 2684 3458; x_wconf 78' lang='grc' dir='ltr'>φιλοτιμότατα</span> <span class='ocrx_word' id='word_1_492' title='bbox 2742 3378 2830 3434; x_wconf 87' lang='grc' dir='ltr'><strong>καὶ</strong></span> <span class='ocrx_word' id='word_1_493' title='bbox 2886 3375 3148 3440; x_wconf 86' lang='grc' dir='ltr'>πλουσίως</span> <span class='ocrx_word' id='word_1_494' title='bbox 3207 3375 3258 3442; x_wconf 85' lang='grc' dir='ltr'><strong>ἐξ</strong></span> <span class='ocrx_word' id='word_1_495' title='bbox 3303 3377 3475 3434; x_wconf 84' lang='grc' dir='ltr'>αὐτῶν</span> <span class='ocrx_word' id='word_1_496' title='bbox 3518 3379 3584 3434; x_wconf 81' lang='grc' dir='ltr'>τὰ</span> <span class='ocrx_word' id='word_1_497' title='bbox 3613 3381 3739 3459; x_wconf 82' lang='grc' dir='ltr'>περὶ</span> <span class='ocrx_word' id='word_1_498' title='bbox 3768 3379 3945 3435; x_wconf 81' lang='grc' dir='ltr'>τούτου</span> 
     </span>
    </p>
   </div>
   <div class='ocr_carea' id='block_1_71' title="bbox 564 3468 2218 3565">
    <p class='ocr_par' dir='ltr' id='par_1_71' title="bbox 564 3471 1905 3565">
     <span class='ocr_line' id='line_1_71' title="bbox 564 3471 1905 3565; baseline 0.001 -31"><span class='ocrx_word' id='word_1_499' title='bbox 564 3472 808 3565; x_wconf 72' lang='lat' dir='ltr'><strong>copiose</strong></span> <span class='ocrx_word' id='word_1_500' title='bbox 832 3471 907 3534; x_wconf 90' lang='lat' dir='ltr'><strong>de</strong></span> <span class='ocrx_word' id='word_1_501' title='bbox 938 3472 1051 3565; x_wconf 82' lang='lat' dir='ltr'><strong>hoc</strong></span> <span class='ocrx_word' id='word_1_502' title='bbox 1081 3473 1764 3565; x_wconf 69' lang='lat' dir='ltr'><strong>argumentoerudient.</strong></span> <span class='ocrx_word' id='word_1_503' title='bbox 1898 3564 1905 3565; x_wconf 14' lang='grc' dir='ltr'><strong>γ</strong></span> 
     </span>
    </p>
   </div>
   <div class='ocr_carea' id='block_1_72' title="bbox 2301 3468 2621 3565">
    <p class='ocr_par' dir='ltr' id='par_1_72' title="bbox 2301 3468 2621 3565">
     <span class='ocr_line' id='line_1_72' title="bbox 2301 3468 2621 3565; baseline 0.013 -42"><span class='ocrx_word' id='word_1_504' title='bbox 2301 3468 2621 3565; x_wconf 69' lang='grc' dir='ltr'>σοφίρνουσιν.</span> 
     </span>
    </p>
   </div>
   <div class='ocr_carea' id='block_1_73' title="bbox 642 3552 2218 3644">
    <p class='ocr_par' dir='ltr' id='par_1_73' title="bbox 642 3552 2218 3644">
     <span class='ocr_line' id='line_1_73' title="bbox 642 3552 2218 3644; baseline 0.004 -21"><span class='ocrx_word' id='word_1_505' title='bbox 642 3552 704 3624; x_wconf 69' lang='grc' dir='ltr'><strong>ξι.</strong></span> <span class='ocrx_word' id='word_1_506' title='bbox 736 3560 929 3633; x_wconf 86' lang='lat' dir='ltr'><strong>Quare</strong></span> <span class='ocrx_word' id='word_1_507' title='bbox 956 3561 1028 3622; x_wconf 91' lang='lat' dir='ltr'><strong>ad</strong></span> <span class='ocrx_word' id='word_1_508' title='bbox 1051 3561 1350 3623; x_wconf 88' lang='lat' dir='ltr'><strong>addecens</strong></span> <span class='ocrx_word' id='word_1_509' title='bbox 1371 3562 1733 3644; x_wconf 88' lang='lat' dir='ltr'><strong>principium</strong></span> <span class='ocrx_word' id='word_1_510' title='bbox 1763 3564 2089 3628; x_wconf 92' lang='lat' dir='ltr'><strong>orationem</strong></span> <span class='ocrx_word' id='word_1_511' title='bbox 2115 3567 2218 3629; x_wconf 86' lang='lat' dir='ltr'><strong>de-</strong></span> 
     </span>
    </p>
   </div>
   <div class='ocr_carea' id='block_1_74' title="bbox 2301 3552 3943 3644">
    <p class='ocr_par' dir='ltr' id='par_1_74' title="bbox 2378 3552 3943 3634">
     <span class='ocr_line' id='line_1_74' title="bbox 2378 3552 3943 3634; baseline -0.013 -16"><span class='ocrx_word' id='word_1_512' title='bbox 2378 3552 2455 3632; x_wconf 70' lang='grc' dir='ltr'><strong>β’.</strong></span> <span class='ocrx_word' id='word_1_513' title='bbox 2508 3557 2607 3614; x_wconf 83' lang='grc' dir='ltr'>Καὶ</span> <span class='ocrx_word' id='word_1_514' title='bbox 2664 3554 2729 3623; x_wconf 75' lang='grc' dir='ltr'>δὴ</span> <span class='ocrx_word' id='word_1_515' title='bbox 2768 3554 2955 3613; x_wconf 77' lang='grc' dir='ltr'>λοιπὸν</span> <span class='ocrx_word' id='word_1_516' title='bbox 3005 3557 3076 3619; x_wconf 88' lang='grc' dir='ltr'><strong>εἰς</strong></span> <span class='ocrx_word' id='word_1_517' title='bbox 3121 3552 3417 3634; x_wconf 86' lang='grc' dir='ltr'>πρέπουσαν</span> <span class='ocrx_word' id='word_1_518' title='bbox 3453 3553 3544 3610; x_wconf 79' lang='grc' dir='ltr'>τὸν</span> <span class='ocrx_word' id='word_1_519' title='bbox 3599 3552 3764 3634; x_wconf 81' lang='grc' dir='ltr'>λόγον</span> <span class='ocrx_word' id='word_1_520' title='bbox 3821 3557 3943 3613; x_wconf 67' lang='grc' dir='ltr'><strong>ἀνα-</strong></span> 
     </span>
    </p>
   </div>
   <div class='ocr_carea' id='block_1_75' title="bbox 563 3643 2218 3735">
    <p class='ocr_par' dir='ltr' id='par_1_75' title="bbox 563 3643 2218 3735">
     <span class='ocr_line' id='line_1_75' title="bbox 563 3643 2218 3735; baseline 0.004 -23"><span class='ocrx_word' id='word_1_521' title='bbox 563 3648 1026 3725; x_wconf 84' lang='lat' dir='ltr'><strong>ducentes,inde</strong></span> <span class='ocrx_word' id='word_1_522' title='bbox 1054 3649 1213 3730; x_wconf 90' lang='lat' dir='ltr'><strong>quod</strong></span> <span class='ocrx_word' id='word_1_523' title='bbox 1240 3649 1488 3711; x_wconf 89' lang='lat' dir='ltr'><strong>nobisin</strong></span> <span class='ocrx_word' id='word_1_524' title='bbox 1521 3643 1719 3714; x_wconf 88' lang='lat' dir='ltr'><strong>mente</strong></span> <span class='ocrx_word' id='word_1_525' title='bbox 1750 3652 1998 3715; x_wconf 83' lang='lat' dir='ltr'><strong>volvitur</strong></span> <span class='ocrx_word' id='word_1_526' title='bbox 2014 3674 2218 3735; x_wconf 80' lang='lat' dir='ltr'><strong>aggre-</strong></span> 
     </span>
    </p>
   </div>
   <div class='ocr_carea' id='block_1_76' title="bbox 2301 3643 3947 3735">
    <p class='ocr_par' dir='ltr' id='par_1_76' title="bbox 2301 3643 3947 3735">
     <span class='ocr_line' id='line_1_76' title="bbox 2301 3643 3947 3735; baseline -0.001 -34"><span class='ocrx_word' id='word_1_527' title='bbox 2301 3646 2556 3724; x_wconf 86' lang='grc' dir='ltr'>γαγόντες</span> <span class='ocrx_word' id='word_1_528' title='bbox 2616 3645 2819 3726; x_wconf 79' lang='grc' dir='ltr'>ἀρχὴν,</span> <span class='ocrx_word' id='word_1_529' title='bbox 2877 3643 3077 3735; x_wconf 78' lang='grc' dir='ltr'>ἐκεῖθεν</span> <span class='ocrx_word' id='word_1_530' title='bbox 3138 3643 3449 3735; x_wconf 16' lang='grc' dir='ltr'>ἐφαψλόμεθα</span> <span class='ocrx_word' id='word_1_531' title='bbox 3498 3650 3590 3700; x_wconf 89' lang='grc' dir='ltr'><strong>τοῦ</strong></span> <span class='ocrx_word' id='word_1_532' title='bbox 3644 3645 3788 3735; x_wconf 67' lang='grc' dir='ltr'>κατα</span> <span class='ocrx_word' id='word_1_533' title='bbox 3826 3667 3947 3735; x_wconf 78' lang='grc' dir='ltr'>σκο-</span> 
     </span>
    </p>
   </div>
   <div class='ocr_carea' id='block_1_77' title="bbox 561 3732 2218 3822">
    <p class='ocr_par' dir='ltr' id='par_1_77' title="bbox 561 3732 2208 3822">
     <span class='ocr_line' id='line_1_77' title="bbox 561 3732 2208 3822; baseline 0.004 -22"><span class='ocrx_word' id='word_1_534' title='bbox 561 3736 1087 3801; x_wconf 85' lang='lat' dir='ltr'><strong>diemur.0mnino</strong></span> <span class='ocrx_word' id='word_1_535' title='bbox 1116 3754 1255 3798; x_wconf 91' lang='lat' dir='ltr'><strong>vero</strong></span> <span class='ocrx_word' id='word_1_536' title='bbox 1290 3738 1591 3801; x_wconf 87' lang='lat' dir='ltr'><strong>addecens</strong></span> <span class='ocrx_word' id='word_1_537' title='bbox 1620 3741 1981 3822; x_wconf 86' lang='lat' dir='ltr'><strong>principium</strong></span> <span class='ocrx_word' id='word_1_538' title='bbox 2011 3732 2208 3819; x_wconf 83' lang='lat' dir='ltr'><strong>fuerit,</strong></span> 
     </span>
    </p>
   </div>
   <div class='ocr_carea' id='block_1_78' title="bbox 2301 3732 3945 3822">
    <p class='ocr_par' dir='ltr' id='par_1_78' title="bbox 2301 3732 3945 3814">
     <span class='ocr_line' id='line_1_78' title="bbox 2301 3732 3945 3814; baseline -0.001 -24"><span class='ocrx_word' id='word_1_539' title='bbox 2301 3734 2418 3795; x_wconf 70' lang='lat' dir='ltr'><strong>nov,</strong></span> <span class='ocrx_word' id='word_1_540' title='bbox 2465 3733 2739 3813; x_wconf 82' lang='grc' dir='ltr'>Πρέπουσα</span> <span class='ocrx_word' id='word_1_541' title='bbox 2783 3732 2838 3789; x_wconf 88' lang='grc' dir='ltr'><strong>δέ</strong></span> <span class='ocrx_word' id='word_1_542' title='bbox 2880 3755 2941 3813; x_wconf 89' lang='grc' dir='ltr'><strong>γε</strong></span> <span class='ocrx_word' id='word_1_543' title='bbox 2996 3734 3206 3795; x_wconf 66' lang='grc' dir='ltr'>πάντως</span> <span class='ocrx_word' id='word_1_544' title='bbox 3266 3732 3418 3813; x_wconf 77' lang='grc' dir='ltr'>ἀρχὴ</span> <span class='ocrx_word' id='word_1_545' title='bbox 3469 3736 3530 3789; x_wconf 83' lang='grc' dir='ltr'>τὸ</span> <span class='ocrx_word' id='word_1_546' title='bbox 3562 3740 3725 3790; x_wconf 82' lang='grc' dir='ltr'>Θεῖον</span> <span class='ocrx_word' id='word_1_547' title='bbox 3756 3733 3838 3814; x_wconf 85' lang='grc' dir='ltr'>ἐφ’</span> <span class='ocrx_word' id='word_1_548' title='bbox 3870 3736 3945 3795; x_wconf 84' lang='grc' dir='ltr'>οἷς</span> 
     </span>
    </p>
   </div>
   <div class='ocr_carea' id='block_1_79' title="bbox 560 3821 2218 3911">
    <p class='ocr_par' dir='ltr' id='par_1_79' title="bbox 560 3821 2210 3911">
     <span class='ocr_line' id='line_1_79' title="bbox 560 3821 2210 3911; baseline 0.004 -22"><span class='ocrx_word' id='word_1_549' title='bbox 560 3845 696 3890; x_wconf 90' lang='lat' dir='ltr'><strong>cum</strong></span> <span class='ocrx_word' id='word_1_550' title='bbox 716 3844 926 3888; x_wconf 91' lang='lat' dir='ltr'><strong>manus</strong></span> <span class='ocrx_word' id='word_1_551' title='bbox 949 3827 1037 3889; x_wconf 87' lang='lat' dir='ltr'><strong>rei</strong></span> <span class='ocrx_word' id='word_1_552' title='bbox 1057 3827 1685 3906; x_wconf 90' lang='lat' dir='ltr'><strong>imponimus,Numen</strong></span> <span class='ocrx_word' id='word_1_553' title='bbox 1716 3821 2033 3911; x_wconf 87' lang='lat' dir='ltr'><strong>propitium</strong></span> <span class='ocrx_word' id='word_1_554' title='bbox 2066 3833 2210 3896; x_wconf 87' lang='lat' dir='ltr'><strong>red-</strong></span> 
     </span>
    </p>
   </div>
   <div class='ocr_carea' id='block_1_80' title="bbox 2301 3821 3949 3911">
    <p class='ocr_par' dir='ltr' id='par_1_80' title="bbox 2301 3821 3949 3911">
     <span class='ocr_line' id='line_1_80' title="bbox 2301 3821 3949 3911; baseline 0 -32"><span class='ocrx_word' id='word_1_555' title='bbox 2301 3822 2644 3905; x_wconf 77' lang='grc' dir='ltr'>ἐγχειροῦμεν</span> <span class='ocrx_word' id='word_1_556' title='bbox 2702 3823 3141 3899; x_wconf 85' lang='grc' dir='ltr'>ἐξευμενίσασθαι.</span> <span class='ocrx_word' id='word_1_557' title='bbox 3216 3822 3364 3886; x_wconf 91' lang='grc' dir='ltr'>Τίνες</span> <span class='ocrx_word' id='word_1_558' title='bbox 3440 3824 3539 3911; x_wconf 79' lang='grc' dir='ltr'><strong>γὰρ</strong></span> <span class='ocrx_word' id='word_1_559' title='bbox 3596 3825 3765 3899; x_wconf 78' lang='grc' dir='ltr'>ἡμεῖς</span> <span class='ocrx_word' id='word_1_560' title='bbox 3824 3821 3949 3888; x_wconf 72' lang='grc' dir='ltr'>άλη-</span> 
     </span>
    </p>
   </div>
   <div class='ocr_carea' id='block_1_81' title="bbox 559 3909 2218 3998">
    <p class='ocr_par' dir='ltr' id='par_1_81' title="bbox 559 3909 2209 3998">
     <span class='ocr_line' id='line_1_81' title="bbox 559 3909 2209 3998; baseline 0.004 -21"><span class='ocrx_word' id='word_1_561' title='bbox 559 3914 847 3988; x_wconf 87' lang='lat' dir='ltr'><strong>dere.Qui</strong></span> <span class='ocrx_word' id='word_1_562' title='bbox 875 3915 1034 3977; x_wconf 91' lang='lat' dir='ltr'><strong>enim</strong></span> <span class='ocrx_word' id='word_1_563' title='bbox 1067 3933 1207 3977; x_wconf 89' lang='lat' dir='ltr'><strong>vere</strong></span> <span class='ocrx_word' id='word_1_564' title='bbox 1239 3933 1347 3977; x_wconf 92' lang='lat' dir='ltr'><strong>nos</strong></span> <span class='ocrx_word' id='word_1_565' title='bbox 1378 3917 1718 3998; x_wconf 88' lang='lat' dir='ltr'><strong>sumus,qui</strong></span> <span class='ocrx_word' id='word_1_566' title='bbox 1747 3909 1964 3981; x_wconf 83' lang='lat' dir='ltr'><strong>similia</strong></span> <span class='ocrx_word' id='word_1_567' title='bbox 2007 3922 2209 3983; x_wconf 88' lang='lat' dir='ltr'><strong>curio-</strong></span> 
     </span>
    </p>
   </div>
   <div class='ocr_carea' id='block_1_82' title="bbox 2301 3909 3938 3998">
    <p class='ocr_par' dir='ltr' id='par_1_82' title="bbox 2301 3909 3938 3992">
     <span class='ocr_line' id='line_1_82' title="bbox 2301 3909 3938 3992; baseline -0.001 -24"><span class='ocrx_word' id='word_1_568' title='bbox 2301 3915 2421 3986; x_wconf 78' lang='grc' dir='ltr'>θὼς,</span> <span class='ocrx_word' id='word_1_569' title='bbox 2511 3912 2591 3969; x_wconf 82' lang='grc' dir='ltr'>ὅτι</span> <span class='ocrx_word' id='word_1_570' title='bbox 2659 3919 2875 3969; x_wconf 87' lang='grc' dir='ltr'>τοιαῦτα</span> <span class='ocrx_word' id='word_1_571' title='bbox 2975 3911 3381 3989; x_wconf 75' lang='grc' dir='ltr'>προθυμούμεθα</span> <span class='ocrx_word' id='word_1_572' title='bbox 3454 3909 3938 3992; x_wconf 79' lang='grc' dir='ltr'>πολυπραγμονεῖν,</span> 
     </span>
    </p>
   </div>
   <div class='ocr_carea' id='block_1_83' title="bbox 559 3997 2218 4090">
    <p class='ocr_par' dir='ltr' id='par_1_83' title="bbox 559 3997 2209 4090">
     <span class='ocr_line' id='line_1_83' title="bbox 559 3997 2209 4090; baseline 0.003 -23"><span class='ocrx_word' id='word_1_573' title='bbox 559 4004 684 4068; x_wconf 88' lang='lat' dir='ltr'><strong>sius</strong></span> <span class='ocrx_word' id='word_1_574' title='bbox 713 4005 1069 4085; x_wconf 79' lang='lat' dir='ltr'><strong>investigare</strong></span> <span class='ocrx_word' id='word_1_575' title='bbox 1097 4004 1360 4067; x_wconf 89' lang='lat' dir='ltr'><strong>animum</strong></span> <span class='ocrx_word' id='word_1_576' title='bbox 1406 3997 1800 4088; x_wconf 83' lang='lat' dir='ltr'><strong>intendimus,</strong></span> <span class='ocrx_word' id='word_1_577' title='bbox 1832 4008 1906 4070; x_wconf 87' lang='lat' dir='ltr'><strong>ad</strong></span> <span class='ocrx_word' id='word_1_578' title='bbox 1936 4028 2066 4090; x_wconf 67' lang='lat' dir='ltr'><strong>qua:</strong></span> <span class='ocrx_word' id='word_1_579' title='bbox 2112 4011 2209 4071; x_wconf 86' lang='lat' dir='ltr'><strong>in-</strong></span> 
     </span>
    </p>
   </div>
   <div class='ocr_carea' id='block_1_84' title="bbox 2301 3997 3939 4090">
    <p class='ocr_par' dir='ltr' id='par_1_84' title="bbox 2301 3997 3939 4081">
     <span class='ocr_line' id='line_1_84' title="bbox 2301 3997 3939 4081; baseline -0.001 -25"><span class='ocrx_word' id='word_1_580' title='bbox 2301 4003 2366 4057; x_wconf 70' lang='lat' dir='ltr'><strong>Iw</strong></span> <span class='ocrx_word' id='word_1_581' title='bbox 2423 4000 2690 4081; x_wconf 79' lang='grc' dir='ltr'>ἐφικέσθαι</span> <span class='ocrx_word' id='word_1_582' title='bbox 2764 4002 2850 4057; x_wconf 88' lang='grc' dir='ltr'><strong>καὶ</strong></span> <span class='ocrx_word' id='word_1_583' title='bbox 2947 4002 3052 4055; x_wconf 78' lang='grc' dir='ltr'>τῶν</span> <span class='ocrx_word' id='word_1_584' title='bbox 3123 4006 3314 4077; x_wconf 85' lang='grc' dir='ltr'>νοερῶν</span> <span class='ocrx_word' id='word_1_585' title='bbox 3386 3997 3659 4075; x_wconf 80' lang='grc' dir='ltr'>δυνάμεων</span> <span class='ocrx_word' id='word_1_586' title='bbox 3732 4003 3939 4058; x_wconf 80' lang='grc' dir='ltr'>ἁπασῶν</span> 
     </span>
    </p>
   </div>
   <div class='ocr_carea' id='block_1_85' title="bbox 559 4087 2218 4179">
    <p class='ocr_par' dir='ltr' id='par_1_85' title="bbox 559 4087 2213 4179">
     <span class='ocr_line' id='line_1_85' title="bbox 559 4087 2213 4179; baseline 0.003 -22"><span class='ocrx_word' id='word_1_587' title='bbox 559 4093 983 4157; x_wconf 88' lang='lat' dir='ltr'><strong>tellectualium</strong></span> <span class='ocrx_word' id='word_1_588' title='bbox 1008 4093 1273 4155; x_wconf 88' lang='lat' dir='ltr'><strong>omnium</strong></span> <span class='ocrx_word' id='word_1_589' title='bbox 1307 4102 1665 4174; x_wconf 85' lang='lat' dir='ltr'><strong>potestatum</strong></span> <span class='ocrx_word' id='word_1_590' title='bbox 1693 4087 1838 4158; x_wconf 88' lang='lat' dir='ltr'><strong>ordo</strong></span> <span class='ocrx_word' id='word_1_591' title='bbox 1872 4087 1972 4160; x_wconf 26' lang='lat' dir='ltr'><strong>obi</strong></span> <span class='ocrx_word' id='word_1_592' title='bbox 2006 4100 2213 4179; x_wconf 73' lang='lat' dir='ltr'><strong>gloriae</strong></span> 
     </span>
    </p>
   </div>
   <div class='ocr_carea' id='block_1_86' title="bbox 2301 4087 3940 4179">
    <p class='ocr_par' dir='ltr' id='par_1_86' title="bbox 2301 4087 3940 4179">
     <span class='ocr_line' id='line_1_86' title="bbox 2301 4087 3940 4179; baseline -0.001 -33"><span class='ocrx_word' id='word_1_593' title='bbox 2301 4092 2327 4158; x_wconf 72' lang='grc' dir='ltr'>ἡ</span> <span class='ocrx_word' id='word_1_594' title='bbox 2379 4090 2524 4158; x_wconf 84' lang='grc' dir='ltr'>τάξις</span> <span class='ocrx_word' id='word_1_595' title='bbox 2585 4089 2832 4179; x_wconf 45' lang='grc' dir='ltr'>ἀδυνατεῖ</span> <span class='ocrx_word' id='word_1_596' title='bbox 2858 4088 2977 4179; x_wconf 0' lang='grc' dir='ltr'>,διας</span> <span class='ocrx_word' id='word_1_597' title='bbox 3009 4091 3069 4145; x_wconf 83' lang='grc' dir='ltr'>τὸ</span> <span class='ocrx_word' id='word_1_598' title='bbox 3098 4090 3199 4157; x_wconf 76' lang='grc' dir='ltr'>τῆς</span> <span class='ocrx_word' id='word_1_599' title='bbox 3229 4087 3385 4156; x_wconf 87' lang='grc' dir='ltr'>δόξης</span> <span class='ocrx_word' id='word_1_600' title='bbox 3428 4089 3716 4179; x_wconf 84' lang='grc' dir='ltr'>ἀπρόσιτον</span> <span class='ocrx_word' id='word_1_601' title='bbox 3751 4110 3770 4167; x_wconf 84' lang='grc'>;</span> <span class='ocrx_word' id='word_1_602' title='bbox 3804 4089 3940 4148; x_wconf 76' lang='grc' dir='ltr'>ἐκτὸς</span> 
     </span>
    </p>
   </div>
   <div class='ocr_carea' id='block_1_87' title="bbox 562 4176 2218 4269">
    <p class='ocr_par' dir='ltr' id='par_1_87' title="bbox 562 4176 2207 4269">
     <span class='ocr_line' id='line_1_87' title="bbox 562 4176 2207 4269; baseline 0.002 -22"><span class='ocrx_word' id='word_1_603' title='bbox 562 4184 939 4248; x_wconf 88' lang='lat' dir='ltr'><strong>inaccessum</strong></span> <span class='ocrx_word' id='word_1_604' title='bbox 988 4181 1193 4264; x_wconf 89' lang='lat' dir='ltr'><strong>nequit</strong></span> <span class='ocrx_word' id='word_1_605' title='bbox 1238 4183 1552 4262; x_wconf 82' lang='lat' dir='ltr'><strong>attingere,</strong></span> <span class='ocrx_word' id='word_1_606' title='bbox 1590 4186 1653 4248; x_wconf 91' lang='lat' dir='ltr'><strong>ni</strong></span> <span class='ocrx_word' id='word_1_607' title='bbox 1686 4186 1819 4267; x_wconf 92' lang='lat' dir='ltr'><strong>quis</strong></span> <span class='ocrx_word' id='word_1_608' title='bbox 1868 4206 1969 4249; x_wconf 93' lang='lat' dir='ltr'><strong>eos</strong></span> <span class='ocrx_word' id='word_1_609' title='bbox 2012 4176 2207 4269; x_wconf 75' lang='lat' dir='ltr'><strong>quiin</strong></span> 
     </span>
    </p>
   </div>
   <div class='ocr_carea' id='block_1_88' title="bbox 2301 4176 3937 4269">
    <p class='ocr_par' dir='ltr' id='par_1_88' title="bbox 2301 4176 3937 4257">
     <span class='ocr_line' id='line_1_88' title="bbox 2301 4176 3937 4257; baseline -0.002 -22"><span class='ocrx_word' id='word_1_610' title='bbox 2301 4182 2338 4236; x_wconf 77' lang='grc' dir='ltr'><strong>εἰ</strong></span> <span class='ocrx_word' id='word_1_611' title='bbox 2395 4181 2473 4257; x_wconf 78' lang='grc' dir='ltr'>μὴ</span> <span class='ocrx_word' id='word_1_612' title='bbox 2517 4181 2638 4245; x_wconf 79' lang='grc' dir='ltr'>τοὺς</span> <span class='ocrx_word' id='word_1_613' title='bbox 2725 4176 3109 4256; x_wconf 84' lang='grc' dir='ltr'>άμιλληθέντας</span> <span class='ocrx_word' id='word_1_614' title='bbox 3157 4190 3274 4241; x_wconf 78' lang='grc' dir='ltr'>τοῖς</span> <span class='ocrx_word' id='word_1_615' title='bbox 3332 4178 3637 4253; x_wconf 78' lang='grc' dir='ltr'>ἀσωμάτοις</span> <span class='ocrx_word' id='word_1_616' title='bbox 3682 4179 3829 4237; x_wconf 77' lang='grc' dir='ltr'>εἴποι</span> <span class='ocrx_word' id='word_1_617' title='bbox 3867 4199 3937 4240; x_wconf 84' lang='grc' dir='ltr'><strong>τις</strong></span> 
     </span>
    </p>
   </div>
   <div class='ocr_carea' id='block_1_89' title="bbox 563 4266 2218 4366">
    <p class='ocr_par' dir='ltr' id='par_1_89' title="bbox 563 4266 2203 4354">
     <span class='ocr_line' id='line_1_89' title="bbox 563 4266 2203 4354; baseline 0.003 -19"><span class='ocrx_word' id='word_1_618' title='bbox 563 4291 820 4354; x_wconf 89' lang='lat' dir='ltr'><strong>corpore</strong></span> <span class='ocrx_word' id='word_1_619' title='bbox 851 4292 986 4335; x_wconf 89' lang='lat' dir='ltr'><strong>cum</strong></span> <span class='ocrx_word' id='word_1_620' title='bbox 1038 4272 1408 4353; x_wconf 82' lang='lat' dir='ltr'><strong>incorporeis</strong></span> <span class='ocrx_word' id='word_1_621' title='bbox 1462 4266 1846 4338; x_wconf 76' lang='lat' dir='ltr'><strong>decertarunt</strong></span> <span class='ocrx_word' id='word_1_622' title='bbox 1886 4266 2203 4350; x_wconf 80' lang='lat' dir='ltr'><strong>advocarit,</strong></span> 
     </span>
    </p>
   </div>
   <div class='ocr_carea' id='block_1_90' title="bbox 2301 4266 3936 4366">
    <p class='ocr_par' dir='ltr' id='par_1_90' title="bbox 2301 4266 3936 4349">
     <span class='ocr_line' id='line_1_90' title="bbox 2301 4266 3936 4349; baseline -0.004 -23"><span class='ocrx_word' id='word_1_623' title='bbox 2301 4272 2431 4345; x_wconf 80' lang='grc' dir='ltr'>μετὰ</span> <span class='ocrx_word' id='word_1_624' title='bbox 2488 4271 2761 4349; x_wconf 86' lang='grc' dir='ltr'>σώματος,</span> <span class='ocrx_word' id='word_1_625' title='bbox 2835 4272 2916 4333; x_wconf 80' lang='grc' dir='ltr'>οἷς</span> <span class='ocrx_word' id='word_1_626' title='bbox 2997 4268 3086 4323; x_wconf 83' lang='grc' dir='ltr'><strong>καὶ</strong></span> <span class='ocrx_word' id='word_1_627' title='bbox 3128 4267 3318 4335; x_wconf 75' lang='grc' dir='ltr'>ἑαυτὴν</span> <span class='ocrx_word' id='word_1_628' title='bbox 3374 4268 3558 4324; x_wconf 82' lang='grc' dir='ltr'>τούτου</span> <span class='ocrx_word' id='word_1_629' title='bbox 3603 4269 3772 4347; x_wconf 81' lang='grc' dir='ltr'>χάριν</span> <span class='ocrx_word' id='word_1_630' title='bbox 3826 4266 3936 4323; x_wconf 79' lang='grc' dir='ltr'>ὅσον</span> 
     </span>
    </p>
   </div>
   <div class='ocr_carea' id='block_1_91' title="bbox 561 4353 2218 4445">
    <p class='ocr_par' dir='ltr' id='par_1_91' title="bbox 561 4353 2208 4445">
     <span class='ocr_line' id='line_1_91' title="bbox 561 4353 2208 4445; baseline 0.004 -22"><span class='ocrx_word' id='word_1_631' title='bbox 561 4353 779 4444; x_wconf 82' lang='lat' dir='ltr'><strong>quibus</strong></span> <span class='ocrx_word' id='word_1_632' title='bbox 835 4362 1089 4443; x_wconf 87' lang='lat' dir='ltr'><strong>hujusce</strong></span> <span class='ocrx_word' id='word_1_633' title='bbox 1141 4361 1335 4439; x_wconf 81' lang='lat' dir='ltr'><strong>gratia</strong></span> <span class='ocrx_word' id='word_1_634' title='bbox 1364 4362 1774 4444; x_wconf 91' lang='lat' dir='ltr'><strong>semetipsum,</strong></span> <span class='ocrx_word' id='word_1_635' title='bbox 1808 4373 2093 4445; x_wconf 90' lang='lat' dir='ltr'><strong>quantum</strong></span> <span class='ocrx_word' id='word_1_636' title='bbox 2123 4367 2208 4429; x_wconf 91' lang='lat' dir='ltr'><strong>illi</strong></span> 
     </span>
    </p>
   </div>
   <div class='ocr_carea' id='block_1_92' title="bbox 2301 4353 3936 4445">
    <p class='ocr_par' dir='ltr' id='par_1_92' title="bbox 2301 4353 3936 4439">
     <span class='ocr_line' id='line_1_92' title="bbox 2301 4353 3936 4439; baseline -0.003 -25"><span class='ocrx_word' id='word_1_637' title='bbox 2301 4360 2532 4439; x_wconf 68' lang='grc' dir='ltr'>ἐχώρουν</span> <span class='ocrx_word' id='word_1_638' title='bbox 2574 4361 2608 4426; x_wconf 76' lang='grc' dir='ltr'><strong>ἡ</strong></span> <span class='ocrx_word' id='word_1_639' title='bbox 2654 4360 2811 4438; x_wconf 82' lang='grc' dir='ltr'>Τριὰς</span> <span class='ocrx_word' id='word_1_640' title='bbox 2841 4355 3170 4432; x_wconf 82' lang='grc' dir='ltr'>ἁπεκάλυψε,</span> <span class='ocrx_word' id='word_1_641' title='bbox 3220 4360 3336 4414; x_wconf 84' lang='grc' dir='ltr'>Τῶν</span> <span class='ocrx_word' id='word_1_642' title='bbox 3375 4353 3429 4412; x_wconf 82' lang='grc' dir='ltr'>δὲ</span> <span class='ocrx_word' id='word_1_643' title='bbox 3485 4359 3763 4432; x_wconf 80' lang='grc' dir='ltr'>τοιαύτην,</span> <span class='ocrx_word' id='word_1_644' title='bbox 3819 4356 3936 4431; x_wconf 84' lang='grc' dir='ltr'>ἆμυ-</span> 
     </span>
    </p>
   </div>
   <div class='ocr_carea' id='block_1_93' title="bbox 557 4443 2218 4536">
    <p class='ocr_par' dir='ltr' id='par_1_93' title="bbox 557 4443 2208 4536">
     <span class='ocr_line' id='line_1_93' title="bbox 557 4443 2208 4536; baseline 0.002 -22"><span class='ocrx_word' id='word_1_645' title='bbox 557 4443 774 4532; x_wconf 78' lang='lat' dir='ltr'><strong>capere</strong></span> <span class='ocrx_word' id='word_1_646' title='bbox 801 4458 1094 4532; x_wconf 88' lang='lat' dir='ltr'><strong>poterant,</strong></span> <span class='ocrx_word' id='word_1_647' title='bbox 1117 4448 1285 4512; x_wconf 87' lang='lat' dir='ltr'><strong>Trias</strong></span> <span class='ocrx_word' id='word_1_648' title='bbox 1306 4443 1706 4515; x_wconf 83' lang='lat' dir='ltr'><strong>manifestavit</strong></span> <span class='ocrx_word' id='word_1_649' title='bbox 1727 4459 1755 4516; x_wconf 81' lang='lat'><strong><em>?</em></strong></span> <span class='ocrx_word' id='word_1_650' title='bbox 1778 4443 2006 4518; x_wconf 82' lang='lat' dir='ltr'><strong>Horum</strong></span> <span class='ocrx_word' id='word_1_651' title='bbox 2032 4474 2208 4536; x_wconf 91' lang='lat' dir='ltr'><strong>porro</strong></span> 
     </span>
    </p>
   </div>
   <div class='ocr_carea' id='block_1_94' title="bbox 2301 4443 3934 4536">
    <p class='ocr_par' dir='ltr' id='par_1_94' title="bbox 2301 4443 3934 4528">
     <span class='ocr_line' id='line_1_94' title="bbox 2301 4443 3934 4528; baseline -0.002 -23"><span class='ocrx_word' id='word_1_652' title='bbox 2301 4447 2414 4528; x_wconf 69' lang='grc' dir='ltr'>Βρὰν</span> <span class='ocrx_word' id='word_1_653' title='bbox 2471 4445 2675 4516; x_wconf 77' lang='grc' dir='ltr'>δηλαδὴ</span> <span class='ocrx_word' id='word_1_654' title='bbox 2712 4447 2799 4503; x_wconf 81' lang='grc' dir='ltr'><strong>καὶ</strong></span> <span class='ocrx_word' id='word_1_655' title='bbox 2844 4447 3078 4525; x_wconf 86' lang='grc' dir='ltr'>μετρίαν,</span> <span class='ocrx_word' id='word_1_656' title='bbox 3139 4446 3257 4525; x_wconf 85' lang='grc' dir='ltr'>περὶ</span> <span class='ocrx_word' id='word_1_657' title='bbox 3309 4452 3441 4501; x_wconf 83' lang='grc' dir='ltr'>Θεοῦ</span> <span class='ocrx_word' id='word_1_658' title='bbox 3483 4443 3811 4524; x_wconf 81' lang='grc' dir='ltr'>δεδεγμένων</span> <span class='ocrx_word' id='word_1_659' title='bbox 3848 4447 3934 4515; x_wconf 71' lang='grc' dir='ltr'>τήν</span> 
     </span>
    </p>
   </div>
   <div class='ocr_carea' id='block_1_95' title="bbox 559 4535 2218 4621">
    <p class='ocr_par' dir='ltr' id='par_1_95' title="bbox 559 4535 2207 4621">
     <span class='ocr_line' id='line_1_95' title="bbox 559 4535 2207 4621; baseline 0.005 -22"><span class='ocrx_word' id='word_1_660' title='bbox 559 4539 663 4620; x_wconf 87' lang='lat' dir='ltr'><strong>qui</strong></span> <span class='ocrx_word' id='word_1_661' title='bbox 690 4539 890 4612; x_wconf 89' lang='lat' dir='ltr'><strong>talem,</strong></span> <span class='ocrx_word' id='word_1_662' title='bbox 924 4548 1164 4601; x_wconf 91' lang='lat' dir='ltr'><strong>tenuem</strong></span> <span class='ocrx_word' id='word_1_663' title='bbox 1214 4557 1432 4621; x_wconf 88' lang='lat' dir='ltr'><strong>nempe</strong></span> <span class='ocrx_word' id='word_1_664' title='bbox 1471 4547 1531 4602; x_wconf 92' lang='lat' dir='ltr'><strong>et</strong></span> <span class='ocrx_word' id='word_1_665' title='bbox 1568 4541 1931 4605; x_wconf 89' lang='lat' dir='ltr'><strong>moderatam</strong></span> <span class='ocrx_word' id='word_1_666' title='bbox 1975 4535 2050 4606; x_wconf 88' lang='lat' dir='ltr'><strong>de</strong></span> <span class='ocrx_word' id='word_1_667' title='bbox 2084 4544 2207 4607; x_wconf 91' lang='lat' dir='ltr'><strong>Deo</strong></span> 
     </span>
    </p>
   </div>
   <div class='ocr_carea' id='block_1_96' title="bbox 2301 4535 3931 4621">
    <p class='ocr_par' dir='ltr' id='par_1_96' title="bbox 2301 4535 3931 4615">
     <span class='ocr_line' id='line_1_96' title="bbox 2301 4535 3931 4615; baseline -0.002 -22"><span class='ocrx_word' id='word_1_668' title='bbox 2301 4537 2579 4615; x_wconf 74' lang='grc' dir='ltr'>ἔλλαμψιν,</span> <span class='ocrx_word' id='word_1_669' title='bbox 2651 4540 2738 4593; x_wconf 85' lang='grc' dir='ltr'>καὶ</span> <span class='ocrx_word' id='word_1_670' title='bbox 2780 4536 2974 4603; x_wconf 82' lang='grc' dir='ltr'>ταύτην</span> <span class='ocrx_word' id='word_1_671' title='bbox 3029 4540 3133 4591; x_wconf 83' lang='grc' dir='ltr'><strong>τῶν</strong></span> <span class='ocrx_word' id='word_1_672' title='bbox 3205 4535 3454 4614; x_wconf 68' lang='grc' dir='ltr'>οὐρανίων</span> <span class='ocrx_word' id='word_1_673' title='bbox 3513 4535 3650 4592; x_wconf 89' lang='grc' dir='ltr'>νόων</span> <span class='ocrx_word' id='word_1_674' title='bbox 3704 4536 3931 4593; x_wconf 75' lang='grc' dir='ltr'>ἐπέκεινα</span> 
     </span>
    </p>
   </div>
   <div class='ocr_carea' id='block_1_97' title="bbox 555 4622 2218 4712">
    <p class='ocr_par' dir='ltr' id='par_1_97' title="bbox 555 4626 2209 4712">
     <span class='ocr_line' id='line_1_97' title="bbox 555 4626 2209 4712; baseline 0.004 -24"><span class='ocrx_word' id='word_1_675' title='bbox 555 4626 1049 4690; x_wconf 87' lang='lat' dir='ltr'><strong>illuminationem</strong></span> <span class='ocrx_word' id='word_1_676' title='bbox 1100 4637 1486 4710; x_wconf 90' lang='lat' dir='ltr'><strong>acceperunt,</strong></span> <span class='ocrx_word' id='word_1_677' title='bbox 1521 4647 1770 4712; x_wconf 89' lang='lat' dir='ltr'><strong>eamque</strong></span> <span class='ocrx_word' id='word_1_678' title='bbox 1801 4632 1954 4695; x_wconf 89' lang='lat' dir='ltr'><strong>ultra</strong></span> <span class='ocrx_word' id='word_1_679' title='bbox 1977 4646 2209 4697; x_wconf 87' lang='lat' dir='ltr'><strong>mentes</strong></span> 
     </span>
    </p>
   </div>
   <div class='ocr_carea' id='block_1_98' title="bbox 2301 4622 3933 4712">
    <p class='ocr_par' dir='ltr' id='par_1_98' title="bbox 2301 4622 3933 4705">
     <span class='ocr_line' id='line_1_98' title="bbox 2301 4622 3933 4705; baseline -0.001 -22"><span class='ocrx_word' id='word_1_680' title='bbox 2301 4625 2384 4684; x_wconf 63' lang='grc' dir='ltr'><strong>διὰ</strong></span> <span class='ocrx_word' id='word_1_681' title='bbox 2437 4628 2536 4696; x_wconf 78' lang='grc' dir='ltr'>τὴν</span> <span class='ocrx_word' id='word_1_682' title='bbox 2594 4625 2753 4684; x_wconf 74' lang='grc' dir='ltr'>ἅϋλον</span> <span class='ocrx_word' id='word_1_683' title='bbox 2784 4628 2837 4683; x_wconf 68' lang='grc' dir='ltr'><strong>ἐν</strong></span> <span class='ocrx_word' id='word_1_684' title='bbox 2870 4626 3022 4705; x_wconf 86' lang='grc' dir='ltr'>σαρκὶ</span> <span class='ocrx_word' id='word_1_685' title='bbox 3064 4622 3360 4699; x_wconf 76' lang='grc' dir='ltr'>πολιτείαν,</span> <span class='ocrx_word' id='word_1_686' title='bbox 3420 4626 3510 4682; x_wconf 86' lang='grc' dir='ltr'><strong>καὶ</strong></span> <span class='ocrx_word' id='word_1_687' title='bbox 3550 4625 3649 4692; x_wconf 74' lang='grc' dir='ltr'>τὴν</span> <span class='ocrx_word' id='word_1_688' title='bbox 3694 4636 3788 4686; x_wconf 84' lang='grc' dir='ltr'><strong>τοῦ</strong></span> <span class='ocrx_word' id='word_1_689' title='bbox 3828 4626 3933 4687; x_wconf 78' lang='grc' dir='ltr'>νοὸς</span> 
     </span>
    </p>
   </div>
   <div class='ocr_carea' id='block_1_99' title="bbox 557 4711 2218 4799">
    <p class='ocr_par' dir='ltr' id='par_1_99' title="bbox 557 4711 2210 4799">
     <span class='ocr_line' id='line_1_99' title="bbox 557 4711 2210 4799; baseline 0.004 -20"><span class='ocrx_word' id='word_1_690' title='bbox 557 4717 851 4793; x_wconf 69' lang='lat' dir='ltr'><strong>caelestes,</strong></span> <span class='ocrx_word' id='word_1_691' title='bbox 878 4717 1037 4799; x_wconf 91' lang='lat' dir='ltr'><strong>quod</strong></span> <span class='ocrx_word' id='word_1_692' title='bbox 1070 4717 1130 4779; x_wconf 88' lang='lat' dir='ltr'><strong>in</strong></span> <span class='ocrx_word' id='word_1_693' title='bbox 1153 4736 1335 4780; x_wconf 90' lang='lat' dir='ltr'><strong>carne</strong></span> <span class='ocrx_word' id='word_1_694' title='bbox 1363 4711 1775 4782; x_wconf 63' lang='lat' dir='ltr'><strong>immateriate</strong></span> <span class='ocrx_word' id='word_1_695' title='bbox 1816 4722 1948 4784; x_wconf 77' lang='lat' dir='ltr'><strong>vitae</strong></span> <span class='ocrx_word' id='word_1_696' title='bbox 1980 4723 2210 4785; x_wconf 87' lang='lat' dir='ltr'><strong>institu-</strong></span> 
     </span>
    </p>
   </div>
   <div class='ocr_carea' id='block_1_100' title="bbox 2301 4711 3933 4799">
    <p class='ocr_par' dir='ltr' id='par_1_100' title="bbox 2301 4711 3933 4793">
     <span class='ocr_line' id='line_1_100' title="bbox 2301 4711 3933 4793; baseline -0.002 -22"><span class='ocrx_word' id='word_1_697' title='bbox 2301 4712 2523 4772; x_wconf 71' lang='grc' dir='ltr'>ἐντεῦθεν</span> <span class='ocrx_word' id='word_1_698' title='bbox 2576 4711 2855 4787; x_wconf 71' lang='grc' dir='ltr'>ἀνάϐασιν,</span> <span class='ocrx_word' id='word_1_699' title='bbox 2900 4718 3015 4776; x_wconf 82' lang='grc' dir='ltr'>πῶς</span> <span class='ocrx_word' id='word_1_700' title='bbox 3087 4712 3144 4769; x_wconf 77' lang='grc' dir='ltr'><strong>οῦ</strong></span> <span class='ocrx_word' id='word_1_701' title='bbox 3199 4712 3441 4793; x_wconf 83' lang='grc' dir='ltr'>χαλεπὸν</span> <span class='ocrx_word' id='word_1_702' title='bbox 3484 4728 3600 4778; x_wconf 68' lang='grc' dir='ltr'>τοῖς</span> <span class='ocrx_word' id='word_1_703' title='bbox 3672 4716 3820 4772; x_wconf 76' lang='grc' dir='ltr'>κάτω</span> <span class='ocrx_word' id='word_1_704' title='bbox 3858 4714 3933 4769; x_wconf 80' lang='grc' dir='ltr'><strong>καὶ</strong></span> 
     </span>
    </p>
   </div>
   <div class='ocr_carea' id='block_1_101' title="bbox 553 4800 2218 4888">
    <p class='ocr_par' dir='ltr' id='par_1_101' title="bbox 553 4805 2206 4888">
     <span class='ocr_line' id='line_1_101' title="bbox 553 4805 2206 4888; baseline 0.003 -20"><span class='ocrx_word' id='word_1_705' title='bbox 553 4814 676 4868; x_wconf 89' lang='lat' dir='ltr'><strong>tum</strong></span> <span class='ocrx_word' id='word_1_706' title='bbox 701 4814 1046 4882; x_wconf 82' lang='lat' dir='ltr'><strong>tenuerunt,</strong></span> <span class='ocrx_word' id='word_1_707' title='bbox 1080 4805 1343 4888; x_wconf 89' lang='lat' dir='ltr'><strong>indeque</strong></span> <span class='ocrx_word' id='word_1_708' title='bbox 1376 4808 1595 4870; x_wconf 91' lang='lat' dir='ltr'><strong>mentis</strong></span> <span class='ocrx_word' id='word_1_709' title='bbox 1624 4811 2034 4875; x_wconf 89' lang='lat' dir='ltr'><strong>ascensionem</strong></span> <span class='ocrx_word' id='word_1_710' title='bbox 2067 4832 2206 4875; x_wconf 92' lang='lat' dir='ltr'><strong>con-</strong></span> 
     </span>
    </p>
   </div>
   <div class='ocr_carea' id='block_1_102' title="bbox 2301 4800 3932 4888">
    <p class='ocr_par' dir='ltr' id='par_1_102' title="bbox 2301 4800 3932 4885">
     <span class='ocr_line' id='line_1_102' title="bbox 2301 4800 3932 4885; baseline -0.001 -25"><span class='ocrx_word' id='word_1_711' title='bbox 2301 4806 2407 4885; x_wconf 74' lang='grc' dir='ltr'>περὶ</span> <span class='ocrx_word' id='word_1_712' title='bbox 2462 4804 2559 4873; x_wconf 76' lang='grc' dir='ltr'>τὴν</span> <span class='ocrx_word' id='word_1_713' title='bbox 2610 4808 2713 4881; x_wconf 77' lang='grc' dir='ltr'>γῆν</span> <span class='ocrx_word' id='word_1_714' title='bbox 2797 4800 3181 4878; x_wconf 83' lang='grc' dir='ltr'>ἷλυσπωμένοις</span> <span class='ocrx_word' id='word_1_715' title='bbox 3265 4804 3401 4879; x_wconf 78' lang='grc' dir='ltr'>ἡμῖν</span> <span class='ocrx_word' id='word_1_716' title='bbox 3458 4806 3520 4861; x_wconf 81' lang='grc' dir='ltr'>τὸ</span> <span class='ocrx_word' id='word_1_717' title='bbox 3576 4806 3695 4884; x_wconf 84' lang='grc' dir='ltr'>περὶ</span> <span class='ocrx_word' id='word_1_718' title='bbox 3764 4804 3932 4861; x_wconf 83' lang='grc' dir='ltr'>τούτου</span> 
     </span>
    </p>
   </div>
   <div class='ocr_carea' id='block_1_103' title="bbox 553 4889 2218 4977">
    <p class='ocr_par' dir='ltr' id='par_1_103' title="bbox 553 4894 2201 4977">
     <span class='ocr_line' id='line_1_103' title="bbox 553 4894 2201 4977; baseline 0.003 -19"><span class='ocrx_word' id='word_1_719' title='bbox 553 4899 740 4958; x_wconf 87' lang='lat' dir='ltr'><strong>sccuti</strong></span> <span class='ocrx_word' id='word_1_720' title='bbox 772 4902 935 4971; x_wconf 87' lang='lat' dir='ltr'><strong>sunt,</strong></span> <span class='ocrx_word' id='word_1_721' title='bbox 970 4894 1270 4977; x_wconf 90' lang='lat' dir='ltr'><strong>quomodo</strong></span> <span class='ocrx_word' id='word_1_722' title='bbox 1321 4895 1565 4959; x_wconf 81' lang='lat' dir='ltr'><strong>difﬁcile</strong></span> <span class='ocrx_word' id='word_1_723' title='bbox 1612 4917 1730 4959; x_wconf 87' lang='lat' dir='ltr'><strong>non</strong></span> <span class='ocrx_word' id='word_1_724' title='bbox 1785 4898 1961 4962; x_wconf 81' lang='lat' dir='ltr'><strong>fuerit</strong></span> <span class='ocrx_word' id='word_1_725' title='bbox 2008 4901 2201 4977; x_wconf 90' lang='lat' dir='ltr'><strong>nobis,</strong></span> 
     </span>
    </p>
   </div>
   <div class='ocr_carea' id='block_1_104' title="bbox 2301 4889 3933 4977">
    <p class='ocr_par' dir='ltr' id='par_1_104' title="bbox 2301 4889 3933 4973">
     <span class='ocr_line' id='line_1_104' title="bbox 2301 4889 3933 4973; baseline -0.001 -25"><span class='ocrx_word' id='word_1_726' title='bbox 2301 4891 2574 4972; x_wconf 73' lang='grc' dir='ltr'>Ξιερευνᾷν,</span> <span class='ocrx_word' id='word_1_727' title='bbox 2644 4890 2759 4949; x_wconf 87' lang='grc' dir='ltr'>δέον</span> <span class='ocrx_word' id='word_1_728' title='bbox 2858 4889 3250 4970; x_wconf 84' lang='grc' dir='ltr'>ἀσυλλογίστως</span> <span class='ocrx_word' id='word_1_729' title='bbox 3322 4894 3598 4973; x_wconf 77' lang='grc' dir='ltr'>ἀρκεῖσθαι</span> <span class='ocrx_word' id='word_1_730' title='bbox 3654 4907 3776 4959; x_wconf 77' lang='grc' dir='ltr'>τοῖς</span> <span class='ocrx_word' id='word_1_731' title='bbox 3844 4896 3933 4948; x_wconf 74' lang='grc' dir='ltr'><strong>ὑπὸ</strong></span> 
     </span>
    </p>
   </div>
   <div class='ocr_carea' id='block_1_105' title="bbox 553 4978 2218 5071">
    <p class='ocr_par' dir='ltr' id='par_1_105' title="bbox 553 4984 2203 5066">
     <span class='ocr_line' id='line_1_105' title="bbox 553 4984 2203 5066; baseline 0.004 -21"><span class='ocrx_word' id='word_1_732' title='bbox 553 4984 652 5066; x_wconf 88' lang='lat' dir='ltr'><strong>qui</strong></span> <span class='ocrx_word' id='word_1_733' title='bbox 678 4984 832 5048; x_wconf 85' lang='lat' dir='ltr'><strong>infra</strong></span> <span class='ocrx_word' id='word_1_734' title='bbox 861 4992 921 5047; x_wconf 83' lang='lat' dir='ltr'><strong>et</strong></span> <span class='ocrx_word' id='word_1_735' title='bbox 948 4985 1109 5047; x_wconf 91' lang='lat' dir='ltr'><strong>circa</strong></span> <span class='ocrx_word' id='word_1_736' title='bbox 1137 4991 1353 5046; x_wconf 89' lang='lat' dir='ltr'><strong>terram</strong></span> <span class='ocrx_word' id='word_1_737' title='bbox 1387 4985 1529 5047; x_wconf 90' lang='lat' dir='ltr'><strong>limo</strong></span> <span class='ocrx_word' id='word_1_738' title='bbox 1561 4987 1917 5050; x_wconf 90' lang='lat' dir='ltr'><strong>involvimur</strong></span> <span class='ocrx_word' id='word_1_739' title='bbox 1939 4989 2014 5051; x_wconf 92' lang='lat' dir='ltr'><strong>de</strong></span> <span class='ocrx_word' id='word_1_740' title='bbox 2030 4990 2203 5052; x_wconf 89' lang='lat' dir='ltr'><strong>simi-</strong></span> 
     </span>
    </p>
   </div>
   <div class='ocr_carea' id='block_1_106' title="bbox 2301 4978 3931 5071">
    <p class='ocr_par' dir='ltr' id='par_1_106' title="bbox 2301 4978 3931 5067">
     <span class='ocr_line' id='line_1_106' title="bbox 2301 4978 3931 5067; baseline 0.001 -30"><span class='ocrx_word' id='word_1_741' title='bbox 2301 4988 2392 5037; x_wconf 81' lang='grc' dir='ltr'>ιῶν</span> <span class='ocrx_word' id='word_1_742' title='bbox 2451 4982 2614 5060; x_wconf 85' lang='grc' dir='ltr'>ἁγίων</span> <span class='ocrx_word' id='word_1_743' title='bbox 2655 4978 2903 5058; x_wconf 87' lang='grc' dir='ltr'>Πατέρων</span> <span class='ocrx_word' id='word_1_744' title='bbox 2960 4979 3248 5038; x_wconf 73' lang='grc' dir='ltr'>ἐκτεθεῖσιν</span> <span class='ocrx_word' id='word_1_745' title='bbox 3306 4983 3377 5047; x_wconf 89' lang='grc' dir='ltr'><strong>εἰς</strong></span> <span class='ocrx_word' id='word_1_746' title='bbox 3428 4984 3614 5051; x_wconf 77' lang='grc' dir='ltr'>κοινὴν</span> <span class='ocrx_word' id='word_1_747' title='bbox 3687 4983 3931 5067; x_wconf 81' lang='grc' dir='ltr'>ὠφέλειαν</span> 
     </span>
    </p>
   </div>
   <div class='ocr_carea' id='block_1_107' title="bbox 551 5069 2218 5158">
    <p class='ocr_par' dir='ltr' id='par_1_107' title="bbox 551 5072 2174 5158">
     <span class='ocr_line' id='line_1_107' title="bbox 551 5072 2174 5158; baseline 0.003 -24"><span class='ocrx_word' id='word_1_748' title='bbox 551 5072 712 5137; x_wconf 85' lang='lat' dir='ltr'><strong>libus</strong></span> <span class='ocrx_word' id='word_1_749' title='bbox 741 5073 1256 5156; x_wconf 88' lang='lat' dir='ltr'><strong>perquirere,cum</strong></span> <span class='ocrx_word' id='word_1_750' title='bbox 1290 5074 1650 5137; x_wconf 86' lang='lat' dir='ltr'><strong>deberemus</strong></span> <span class='ocrx_word' id='word_1_751' title='bbox 1669 5075 1898 5158; x_wconf 89' lang='lat' dir='ltr'><strong>absque</strong></span> <span class='ocrx_word' id='word_1_752' title='bbox 1924 5085 2007 5139; x_wconf 95' lang='lat' dir='ltr'><strong>tot</strong></span> <span class='ocrx_word' id='word_1_753' title='bbox 2026 5078 2174 5140; x_wconf 84' lang='lat' dir='ltr'><strong>ratio</strong></span> 
     </span>
    </p>
   </div>
   <div class='ocr_carea' id='block_1_108' title="bbox 2301 5069 3930 5158">
    <p class='ocr_par' dir='ltr' id='par_1_108' title="bbox 2301 5069 3930 5158">
     <span class='ocr_line' id='line_1_108' title="bbox 2301 5069 3930 5158; baseline 0.001 -32"><span class='ocrx_word' id='word_1_754' title='bbox 2301 5071 2565 5149; x_wconf 70' lang='grc' dir='ltr'>Ξόγμασιν,</span> <span class='ocrx_word' id='word_1_755' title='bbox 2612 5073 2670 5129; x_wconf 80' lang='grc' dir='ltr'>οὗ</span> <span class='ocrx_word' id='word_1_756' title='bbox 2717 5069 2822 5145; x_wconf 80' lang='grc' dir='ltr'><strong>μὴν</strong></span> <span class='ocrx_word' id='word_1_757' title='bbox 2883 5073 3169 5158; x_wconf 57' lang='grc' dir='ltr'>μεμεϊξθαι</span> <span class='ocrx_word' id='word_1_758' title='bbox 3218 5070 3314 5138; x_wconf 79' lang='grc' dir='ltr'><strong>τὴν</strong></span> <span class='ocrx_word' id='word_1_759' title='bbox 3372 5071 3666 5151; x_wconf 80' lang='grc' dir='ltr'>παῤῥησίαν</span> <span class='ocrx_word' id='word_1_760' title='bbox 3722 5070 3797 5130; x_wconf 81' lang='grc' dir='ltr'>ὧν</span> <span class='ocrx_word' id='word_1_761' title='bbox 3852 5074 3930 5127; x_wconf 71' lang='grc' dir='ltr'><strong>τὸν</strong></span> 
     </span>
    </p>
   </div>
   <div class='ocr_carea' id='block_1_109' title="bbox 551 5161 2202 5230">
    <p class='ocr_par' dir='ltr' id='par_1_109' title="bbox 551 5161 2202 5230">
     <span class='ocr_line' id='line_1_109' title="bbox 551 5161 2202 5230; baseline 0.004 -6"><span class='ocrx_word' id='word_1_762' title='bbox 551 5161 952 5227; x_wconf 85' lang='lat' dir='ltr'><strong>cinationibus</strong></span> <span class='ocrx_word' id='word_1_763' title='bbox 975 5172 1272 5226; x_wconf 85' lang='lat' dir='ltr'><strong>sactorum</strong></span> <span class='ocrx_word' id='word_1_764' title='bbox 1303 5165 1540 5227; x_wconf 90' lang='lat' dir='ltr'><strong>Patrum</strong></span> <span class='ocrx_word' id='word_1_765' title='bbox 1567 5165 1829 5228; x_wconf 86' lang='lat' dir='ltr'><strong>decretis</strong></span> <span class='ocrx_word' id='word_1_766' title='bbox 1849 5166 1911 5229; x_wconf 91' lang='lat' dir='ltr'><strong>in</strong></span> <span class='ocrx_word' id='word_1_767' title='bbox 1938 5185 2202 5230; x_wconf 86' lang='lat' dir='ltr'><strong>commu-</strong></span> 
     </span>
    </p>
   </div>
   <div class='ocr_carea' id='block_1_110' title="bbox 548 5251 2197 5337">
    <p class='ocr_par' dir='ltr' id='par_1_110' title="bbox 548 5251 2197 5337">
     <span class='ocr_line' id='line_1_110' title="bbox 548 5251 2197 5337; baseline 0.003 -24"><span class='ocrx_word' id='word_1_768' title='bbox 548 5268 686 5315; x_wconf 89' lang='lat' dir='ltr'><strong>nem</strong></span> <span class='ocrx_word' id='word_1_769' title='bbox 720 5251 1033 5316; x_wconf 87' lang='lat' dir='ltr'><strong>utilitatem</strong></span> <span class='ocrx_word' id='word_1_770' title='bbox 1065 5251 1444 5333; x_wconf 75' lang='lat' dir='ltr'><strong>dogmatibus</strong></span> <span class='ocrx_word' id='word_1_771' title='bbox 1474 5255 1881 5337; x_wconf 88' lang='lat' dir='ltr'><strong>acquiescere,</strong></span> <span class='ocrx_word' id='word_1_772' title='bbox 1912 5275 2028 5317; x_wconf 91' lang='lat' dir='ltr'><strong>non</strong></span> <span class='ocrx_word' id='word_1_773' title='bbox 2054 5275 2197 5320; x_wconf 90' lang='lat' dir='ltr'><strong>vero</strong></span> 
     </span>
    </p>
   </div>
   <div class='ocr_carea' id='block_1_111' title="bbox 547 5342 2194 5426">
    <p class='ocr_par' dir='ltr' id='par_1_111' title="bbox 547 5342 2194 5426">
     <span class='ocr_line' id='line_1_111' title="bbox 547 5342 2194 5426; baseline 0.002 -23"><span class='ocrx_word' id='word_1_774' title='bbox 547 5342 1057 5405; x_wconf 77' lang='lat' dir='ltr'><strong>eorum’ﬁduciam</strong></span> <span class='ocrx_word' id='word_1_775' title='bbox 1092 5352 1150 5405; x_wconf 92' lang='lat' dir='ltr'><strong>et</strong></span> <span class='ocrx_word' id='word_1_776' title='bbox 1179 5342 1512 5405; x_wconf 89' lang='lat' dir='ltr'><strong>libertatem</strong></span> <span class='ocrx_word' id='word_1_777' title='bbox 1535 5342 2084 5426; x_wconf 65' lang='lat' dir='ltr'><strong>mmulari,quorum</strong></span> <span class='ocrx_word' id='word_1_778' title='bbox 2104 5345 2194 5407; x_wconf 86' lang='lat' dir='ltr'><strong>vi-</strong></span> 
     </span>
    </p>
   </div>
   <div class='ocr_carea' id='block_1_112' title="bbox 549 5429 2192 5505">
    <p class='ocr_par' dir='ltr' id='par_1_112' title="bbox 549 5429 2192 5505">
     <span class='ocr_line' id='line_1_112' title="bbox 549 5429 2192 5505; baseline 0.004 -15"><span class='ocrx_word' id='word_1_779' title='bbox 549 5435 666 5491; x_wconf 87' lang='lat' dir='ltr'><strong>tam</strong></span> <span class='ocrx_word' id='word_1_780' title='bbox 683 5449 801 5492; x_wconf 90' lang='lat' dir='ltr'><strong>non</strong></span> <span class='ocrx_word' id='word_1_781' title='bbox 819 5450 1025 5495; x_wconf 86' lang='lat' dir='ltr'><strong>sumus</strong></span> <span class='ocrx_word' id='word_1_782' title='bbox 1047 5430 1286 5493; x_wconf 85' lang='lat' dir='ltr'><strong>imitati?</strong></span> <span class='ocrx_word' id='word_1_783' title='bbox 1310 5429 1726 5505; x_wconf 87' lang='lat' dir='ltr'><strong>Nihilominus,</strong></span> <span class='ocrx_word' id='word_1_784' title='bbox 1746 5451 1880 5497; x_wconf 89' lang='lat' dir='ltr'><strong>cum</strong></span> <span class='ocrx_word' id='word_1_785' title='bbox 1896 5453 1964 5496; x_wconf 84' lang='lat' dir='ltr'><strong>ex</strong></span> <span class='ocrx_word' id='word_1_786' title='bbox 1981 5434 2192 5496; x_wconf 88' lang='lat' dir='ltr'><strong>iisdem</strong></span> 
     </span>
    </p>
   </div>
   <div class='ocr_carea' id='block_1_113' title="bbox 2279 5142 3930 5244">
    <p class='ocr_par' dir='ltr' id='par_1_113' title="bbox 2279 5142 3930 5244">
     <span class='ocr_line' id='line_1_113' title="bbox 2279 5142 3930 5244; baseline -0.003 -26"><span class='ocrx_word' id='word_1_787' title='bbox 2279 5142 2394 5238; x_wconf 78' lang='grc' dir='ltr'>βίον</span> <span class='ocrx_word' id='word_1_788' title='bbox 2451 5142 2559 5218; x_wconf 22' lang='grc' dir='ltr'>οῦκ*</span> <span class='ocrx_word' id='word_1_789' title='bbox 2586 5142 2931 5235; x_wconf 71' lang='grc' dir='ltr'>ἐζηλῶσαμεν</span> <span class='ocrx_word' id='word_1_790' title='bbox 2958 5142 2984 5234; x_wconf 40' lang='grc'>-;</span> <span class='ocrx_word' id='word_1_791' title='bbox 3045 5142 3226 5235; x_wconf 55' lang='grc' dir='ltr'>ηομως</span> <span class='ocrx_word' id='word_1_792' title='bbox 3269 5162 3386 5217; x_wconf 79' lang='grc' dir='ltr'>ἐπεὶ</span> <span class='ocrx_word' id='word_1_793' title='bbox 3452 5142 3521 5219; x_wconf 62' lang='grc' dir='ltr'><strong>τὰ</strong></span> <span class='ocrx_word' id='word_1_794' title='bbox 3587 5169 3686 5231; x_wconf 79' lang='grc' dir='ltr'>τῆς</span> <span class='ocrx_word' id='word_1_795' title='bbox 3750 5185 3930 5244; x_wconf 66' lang='grc' dir='ltr'>μαρτυ-</span> 
     </span>
    </p>
   </div>
   <div class='ocr_carea' id='block_1_114' title="bbox 2280 5248 3928 5335">
    <p class='ocr_par' dir='ltr' id='par_1_114' title="bbox 2280 5248 3928 5335">
     <span class='ocr_line' id='line_1_114' title="bbox 2280 5248 3928 5335; baseline 0.001 -30"><span class='ocrx_word' id='word_1_796' title='bbox 2280 5251 2389 5329; x_wconf 85' lang='grc' dir='ltr'>ρίας</span> <span class='ocrx_word' id='word_1_797' title='bbox 2444 5249 2497 5316; x_wconf 80' lang='grc' dir='ltr'><strong>ἐξ</strong></span> <span class='ocrx_word' id='word_1_798' title='bbox 2556 5250 2726 5305; x_wconf 79' lang='grc' dir='ltr'>αὐτῶν</span> <span class='ocrx_word' id='word_1_799' title='bbox 2784 5248 2983 5304; x_wconf 82' lang='grc' dir='ltr'>τούτων</span> <span class='ocrx_word' id='word_1_800' title='bbox 3026 5250 3161 5324; x_wconf 78' lang='grc' dir='ltr'>ἡμῖν</span> <span class='ocrx_word' id='word_1_801' title='bbox 3204 5252 3341 5306; x_wconf 85' lang='grc' dir='ltr'>κατὰ</span> <span class='ocrx_word' id='word_1_802' title='bbox 3383 5253 3480 5320; x_wconf 78' lang='grc' dir='ltr'>τὴν</span> <span class='ocrx_word' id='word_1_803' title='bbox 3524 5253 3826 5335; x_wconf 80' lang='grc' dir='ltr'>ὑπόσχεσιν</span> <span class='ocrx_word' id='word_1_804' title='bbox 3878 5257 3928 5309; x_wconf 65' lang='grc' dir='ltr'><strong>ἐν</strong></span> 
     </span>
    </p>
   </div>
   <div class='ocr_carea' id='block_1_115' title="bbox 2278 5334 3926 5423">
    <p class='ocr_par' dir='ltr' id='par_1_115' title="bbox 2278 5334 3926 5423">
     <span class='ocr_line' id='line_1_115' title="bbox 2278 5334 3926 5423; baseline -0.001 -26"><span class='ocrx_word' id='word_1_805' title='bbox 2278 5347 2356 5415; x_wconf 86' lang='grc' dir='ltr'>τῷ</span> <span class='ocrx_word' id='word_1_806' title='bbox 2420 5339 2640 5419; x_wconf 88' lang='grc' dir='ltr'>παρόντι</span> <span class='ocrx_word' id='word_1_807' title='bbox 2722 5334 3045 5416; x_wconf 80' lang='grc' dir='ltr'>προϐήσεται</span> <span class='ocrx_word' id='word_1_808' title='bbox 3116 5337 3201 5395; x_wconf 79' lang='grc' dir='ltr'>διὰ</span> <span class='ocrx_word' id='word_1_809' title='bbox 3294 5342 3595 5420; x_wconf 82' lang='grc' dir='ltr'>περιουσίαν</span> <span class='ocrx_word' id='word_1_810' title='bbox 3688 5346 3926 5423; x_wconf 76' lang='grc' dir='ltr'>χρήσεων</span> 
     </span>
    </p>
   </div>
   <div class='ocr_carea' id='block_1_116' title="bbox 2278 5427 3927 5512">
    <p class='ocr_par' dir='ltr' id='par_1_116' title="bbox 2278 5427 3927 5512">
     <span class='ocr_line' id='line_1_116' title="bbox 2278 5427 3927 5512; baseline 0 -26"><span class='ocrx_word' id='word_1_811' title='bbox 2278 5435 2570 5511; x_wconf 84' lang='grc' dir='ltr'>γραφικῶν,</span> <span class='ocrx_word' id='word_1_812' title='bbox 2603 5489 2614 5499; x_wconf 45' lang='grc'><strong><em>⁸</em></strong></span> <span class='ocrx_word' id='word_1_813' title='bbox 2644 5429 2720 5484; x_wconf 82' lang='grc' dir='ltr'>ὧν</span> <span class='ocrx_word' id='word_1_814' title='bbox 2809 5431 3129 5506; x_wconf 77' lang='grc' dir='ltr'>εὐποροῦμεν</span> <span class='ocrx_word' id='word_1_815' title='bbox 3186 5427 3402 5487; x_wconf 83' lang='grc' dir='ltr'>πολλῶν</span> <span class='ocrx_word' id='word_1_816' title='bbox 3460 5433 3591 5512; x_wconf 76' lang='grc' dir='ltr'>πρὸς</span> <span class='ocrx_word' id='word_1_817' title='bbox 3648 5431 3927 5509; x_wconf 76' lang='grc' dir='ltr'>ἀπόδειξιν,</span> 
     </span>
    </p>
   </div>
   <div class='ocr_carea' id='block_1_117' title="bbox 552 5516 2218 5604">
    <p class='ocr_par' dir='ltr' id='par_1_117' title="bbox 552 5518 2189 5604">
     <span class='ocr_line' id='line_1_117' title="bbox 552 5518 2189 5604; baseline 0.007 -29"><span class='ocrx_word' id='word_1_818' title='bbox 552 5518 913 5594; x_wconf 87' lang='lat' dir='ltr'><strong>testimonia,</strong></span> <span class='ocrx_word' id='word_1_819' title='bbox 939 5520 1022 5583; x_wconf 92' lang='lat' dir='ltr'><strong>uti</strong></span> <span class='ocrx_word' id='word_1_820' title='bbox 1063 5520 1313 5601; x_wconf 90' lang='lat' dir='ltr'><strong>polliciti</strong></span> <span class='ocrx_word' id='word_1_821' title='bbox 1341 5538 1571 5602; x_wconf 93' lang='lat' dir='ltr'><strong>sumus,</strong></span> <span class='ocrx_word' id='word_1_822' title='bbox 1612 5521 1670 5582; x_wconf 93' lang='lat' dir='ltr'><strong>in</strong></span> <span class='ocrx_word' id='word_1_823' title='bbox 1705 5522 2022 5603; x_wconf 62' lang='lat' dir='ltr'><strong>praesentia</strong></span> <span class='ocrx_word' id='word_1_824' title='bbox 2051 5543 2189 5604; x_wconf 87' lang='lat' dir='ltr'><strong>pro-</strong></span> 
     </span>
    </p>
   </div>
   <div class='ocr_carea' id='block_1_118' title="bbox 2301 5516 3925 5604">
    <p class='ocr_par' dir='ltr' id='par_1_118' title="bbox 2301 5516 3925 5599">
     <span class='ocr_line' id='line_1_118' title="bbox 2301 5516 3925 5599; baseline 0 -19"><span class='ocrx_word' id='word_1_825' title='bbox 2301 5525 2371 5580; x_wconf 71' lang='grc' dir='ltr'><strong>ιὺκ</strong></span> <span class='ocrx_word' id='word_1_826' title='bbox 2413 5519 2558 5577; x_wconf 76' lang='grc' dir='ltr'>ἔσται</span> <span class='ocrx_word' id='word_1_827' title='bbox 2624 5518 2919 5599; x_wconf 79' lang='grc' dir='ltr'>δυσχερὴς,</span> <span class='ocrx_word' id='word_1_828' title='bbox 2989 5516 3129 5578; x_wconf 86' lang='grc' dir='ltr'>δοκῶ</span> <span class='ocrx_word' id='word_1_829' title='bbox 3186 5541 3302 5597; x_wconf 87' lang='grc' dir='ltr'>μοι,</span> <span class='ocrx_word' id='word_1_830' title='bbox 3366 5521 3704 5578; x_wconf 85' lang='grc' dir='ltr'>παντάπασιν</span> <span class='ocrx_word' id='word_1_831' title='bbox 3746 5523 3782 5591; x_wconf 77' lang='grc' dir='ltr'><strong>ἡ</strong></span> <span class='ocrx_word' id='word_1_832' title='bbox 3837 5524 3925 5588; x_wconf 78' lang='grc' dir='ltr'>τῆς</span> 
     </span>
    </p>
   </div>
   <div class='ocr_carea' id='block_1_119' title="bbox 548 5604 2218 5691">
    <p class='ocr_par' dir='ltr' id='par_1_119' title="bbox 548 5604 2182 5691">
     <span class='ocr_line' id='line_1_119' title="bbox 548 5604 2182 5691; baseline 0.006 -26"><span class='ocrx_word' id='word_1_833' title='bbox 548 5604 781 5686; x_wconf 89' lang='lat' dir='ltr'><strong>cedent,</strong></span> <span class='ocrx_word' id='word_1_834' title='bbox 811 5608 886 5670; x_wconf 91' lang='lat' dir='ltr'><strong>ob</strong></span> <span class='ocrx_word' id='word_1_835' title='bbox 915 5609 1213 5672; x_wconf 87' lang='lat' dir='ltr'><strong>dictorum</strong></span> <span class='ocrx_word' id='word_1_836' title='bbox 1267 5608 1489 5691; x_wconf 87' lang='lat' dir='ltr'><strong>scripto</strong></span> <span class='ocrx_word' id='word_1_837' title='bbox 1539 5610 1888 5673; x_wconf 81' lang='lat' dir='ltr'><strong>traditarum</strong></span> <span class='ocrx_word' id='word_1_838' title='bbox 1938 5612 2182 5675; x_wconf 89' lang='lat' dir='ltr'><strong>uberem</strong></span> 
     </span>
    </p>
   </div>
   <div class='ocr_carea' id='block_1_120' title="bbox 2301 5604 3928 5691">
    <p class='ocr_par' dir='ltr' id='par_1_120' title="bbox 2301 5608 3928 5685">
     <span class='ocr_line' id='line_1_120' title="bbox 2301 5608 3928 5685; baseline -0.002 -15"><span class='ocrx_word' id='word_1_839' title='bbox 2301 5614 2489 5685; x_wconf 85' lang='grc' dir='ltr'>εωρίας</span> <span class='ocrx_word' id='word_1_840' title='bbox 2535 5609 2792 5677; x_wconf 82' lang='grc' dir='ltr'>ἐξέτασις.</span> <span class='ocrx_word' id='word_1_841' title='bbox 2864 5612 2920 5666; x_wconf 85' lang='grc' dir='ltr'>Εἰ</span> <span class='ocrx_word' id='word_1_842' title='bbox 2976 5608 3021 5666; x_wconf 86' lang='grc' dir='ltr'>δ’</span> <span class='ocrx_word' id='word_1_843' title='bbox 3067 5609 3240 5675; x_wconf 78' lang='grc' dir='ltr'>ἄλλως</span> <span class='ocrx_word' id='word_1_844' title='bbox 3308 5610 3501 5669; x_wconf 76' lang='grc' dir='ltr'>ἄτοπον</span> <span class='ocrx_word' id='word_1_845' title='bbox 3558 5612 3677 5678; x_wconf 74' lang='grc' dir='ltr'>τοῖς</span> <span class='ocrx_word' id='word_1_846' title='bbox 3737 5609 3928 5668; x_wconf 79' lang='grc' dir='ltr'>πεπλα-</span> 
     </span>
    </p>
   </div>
  </div>
