4208 6290
459 275 598 342 1151

1566 277 2089 345 CONST-ANTINI
2148 275 2694 346 MELITENIDTAB

3672 277 3831 345 H52

441 411 702 475 tissime.
734 411 806 474 Et
833 420 1112 477 sexcenta
1140 412 1257 475 alia
1284 412 1563 476 similiter
1579 411 1933 493 conspiciet,
1966 410 2095 494 qui-

2194 434 2258 475 :t;
2301 411 2387 489 ἂι,
2434 435 2531 478 τας
2589 421 2696 473 τῶν
2757 413 2921 494 ἁγίων
2978 412 3248 492 επιμελῶς
3290 413 3547 490 ἁνελίξας,
3747 414 3841 492 βίτ

448 518 685 581 cunque
716 499 1035 582 diligenter
1054 509 1399 564 sanctorum
1417 519 1622 564 sacros
1651 500 1836 563 libros
1859 500 2108 563 revolvit

2194 499 2342 567 ὅλους
2385 505 2474 560 καὶ
2529 503 2811 582 ἀναγνοὺς,
2857 501 3007 561 ἅτινα
3075 505 3249 561 πάντα
3302 506 3401 573 τὴν
3442 502 3707 567 οὗσιωδῶς
3754 501 3842 560 διὰ

451 596 511 651 et
534 590 848 670 percurrit,
882 610 1014 671 qua:
1040 591 1240 653 omnia
1272 590 1458 653 Deum
1489 588 1755 651 Verbum
1784 597 1845 651 et
1895 588 2105 651 Domi-

2194 595 2283 659 τῆς
2342 592 2688 671 ἂειπαρθένου
2758 592 2960 673 Μαρίας
3032 592 3087 650 έν
3143 593 3349 668 σώματι
3404 593 3659 674 τεχθέντα
3704 594 3841 649 Θεὸν

452 695 596 740 num
651 679 981 742 secundum
1037 681 1352 742 essentiam
1388 697 1495 760 per
1530 695 1771 757 semper
1798 676 2102 755 Virginem

456 764 701 829 Mariam
724 767 1608 845 genitum,homineminduisse
1619 786 1688 829 ex
1707 766 1916 830 eadem
1938 784 2109 848 aper-

461 864 520 916 te
536 855 1014 935 signiﬁcant.Per
1035 858 1226 938 ipsam
1259 875 1400 919 vere
1429 859 1537 921 Dei
1571 855 1832 918 Verbum
1862 863 2106 918 natura-

450 943 595 1020 liter
621 945 949 1007 secundum
994 965 1238 1008 carnem
1298 946 1561 1025 genitum
1612 963 1769 1013 esse,
1803 963 2014 1007 rursus
2046 944 2108 1006 hi

460 1032 640 1095 iidem
673 1034 815 1107 illis,
852 1036 1066 1117 quaein
1098 1036 1229 1098 aliis
1264 1035 1389 1097 suis
1436 1032 1881 1097 commentariis
1908 1033 2106 1113 scrip-

464 1130 691 1204 serunt,
713 1124 1154 1204 signiﬁcabunt.
1185 1124 1301 1187 Sed
1335 1131 1471 1186 ante
1506 1141 1715 1186 omnes
1754 1121 2108 1203 signiﬁcabit

465 1212 804 1293 expressius
820 1216 944 1277 haec
965 1215 1176 1276 eadem
1199 1213 1523 1295 explanans
1554 1230 1806 1291 magnus
1826 1212 2105 1275 Basilius.

464 1303 628 1364 Inter
660 1320 763 1364 eos
793 1302 1090 1383 siquidem
1122 1304 1365 1364 divinus
1385 1320 1455 1365 ac
1484 1301 2110 1381 venerandusCyrillus

465 1389 526 1449 in
559 1391 730 1470 paulo
752 1400 889 1454 ante
922 1391 1154 1455 laudata
1184 1391 1430 1472 epistola
1478 1392 1552 1451 ad
1610 1390 1956 1453 Nestorium
1988 1390 2115 1451 haec

462 1478 678 1542 habet:
705 1479 826 1542 Sed
847 1483 1003 1559 forte
1024 1481 1244 1556 illud,o
1276 1480 1763 1559 Nestorie,dices:
1799 1479 1994 1542 Dicito
2021 1496 2116 1541 er-

463 1583 542 1647 go
571 1567 741 1649 mihi,
773 1569 1124 1632 divinitatis
1145 1579 1347 1633 mater
1374 1571 1620 1648 factune
1651 1575 1739 1631 est
1774 1567 1987 1650 Virgo9
2016 1569 2115 1630 Ad

2187 681 2357 759 Λόγου
2411 682 2500 739 καὶ
2558 682 2768 760 Κύριον,
2813 691 2997 742 τοῦτον
3076 680 3449 740 ἐπενδύσασθαι
3508 679 3840 757 διατρανοῦσι

2187 770 2251 826 τὸ
2320 770 2647 850 ἀνθρώπινον
2687 769 2740 837 ἐξ
2798 773 2986 838 αὐτῆς.
3050 760 3181 829 υΟτι
3209 768 3265 827 δὲ
3311 769 3395 827 διὰ
3443 768 3638 838 ταύτης
3682 773 3711 827 6
3752 776 3845 827 τοῦ

2191 865 2322 917 Θεοῦ
2392 857 2560 937 Λόγος
2606 866 2838 939 φυσικῶς
2884 860 3020 917 κατὰ
3066 860 3235 939 σάρκα
3270 858 3605 938 γεγέννηται,
3656 858 3842 927 δηλώ-

2190 969 2337 1005 σουσι
2395 948 2493 1024 μὲν
2574 950 2665 1006 καὶ
2732 948 2894 1005 πάλιν
2976 946 3029 1014 ἐξ
3081 950 3156 1004 ὦν
3198 949 3488 1029 γράφοντες
3547 947 3603 1004 ἐν
3654 946 3840 1012 ἄλλοις

2191 1036 2547 1117 εθεολόγησαν
2588 1040 2636 1094 οἱ
2692 1038 2838 1097 air-col
2871 1053 2885 1069 '
2946 1036 3176 1106 δηλώσει
3248 1035 3304 1094 δὲ
3345 1050 3587 1116 κρεῖττον
3618 1036 3842 1113 ἐξηγού-

2190 1148 2347 1201 μενος
2388 1128 2456 1183 τὰ
2495 1128 2615 1207 περὶ
2683 1127 2869 1184 τούτου
2922 1125 3180 1206 λαμπρῶς
3226 1128 3254 1183 6
3316 1125 3483 1205 μέγας
3542 1126 3839 1188 Βασίλειοῖ.

2191 1212 2441 1271 Ἐκείνων
2498 1215 2599 1293 γὰρ
2655 1217 2684 1271 6
2742 1213 2840 1290 μὲν
2899 1213 3072 1278 ἔνθεος
3115 1215 3202 1270 καὶ
3246 1216 3438 1277 σεπτὸς
3471 1214 3728 1295 Κύριλλος
3787 1215 3843 1271 ὲν

2191 1325 2260 1378 τῃ
2315 1304 2503 1381 μικρὸν
2560 1301 2755 1360 ἄνωθεν
2811 1301 3160 1381 διαληφθείσῃ
3214 1305 3345 1380 πρὸς
3405 1304 3681 1382 Νεοτόριον
3722 1303 3845 1361 ἔπι-

2199 1390 2365 1467 στολῇ
2419 1388 2540 1472 τοξδε
2595 1412 2764 1472 φησιν
2800 1407 2814 1421 ⁸
2878 1388 3027 1447 Ἀλλ’
3069 1391 3206 1456 ’ἴσως
3236 1390 3415 1449 έκεῖνο
3444 1392 3612 1469 ἔροῐς,
3656 1393 3704 1450 ὦ
3733 1401 3839 1451 Νε-

2197 1480 2369 1560 στόριε
2404 1495 2417 1510 ⁸
2467 1467 2579 1557 Ἆρ’
2611 1467 2751 1555 ῠυῦν,
2811 1478 2925 1535 εἰπέ
2968 1502 3083 1555 μοι,
3117 1480 3381 1548 Θεότητος
3441 1467 3620 1559 μήτηρ
3675 1481 3839 1558 γέγο-

2197 1592 2281 1627 νεν
2337 1572 2373 1638 ἡ
2421 1568 2725 1648 Παρθένος;
2819 1569 2915 1626 Καὶ
2965 1570 3094 1646 πρὸς
3152 1591 3214 1647 γε
3295 1579 3448 1628 τοῦτο
3504 1591 3699 1650 φαμεν,
3759 1568 3842 1626 ὅτι

465 1654 576 1718 hoc
603 1657 962 1729 dieimus,in
991 1661 1259 1738 confesso
1286 1676 1415 1720 esse
1441 1658 1715 1740 geni/um
1745 1674 1965 1719 esseea:
1983 1657 2112 1735 ipsa

2198 1667 2510 1739 γεγέννηται
2597 1659 2695 1734 μὲν
2805 1655 3247 1736 ὁμολογουμένως
3357 1657 3411 1724 ἐξ
3494 1660 3658 1727 αὐτῆς
3739 1665 3839 1726 τῆς

466 1747 730 1808 essentia
758 1746 878 1810 Dei
908 1755 962 1811 et
996 1750 1223 1820 Patris,
1254 1750 1463 1810 vivens
1488 1745 1925 1825 subsistensque
1944 1744 2115 1808 illius

476 1830 762 1909 Verbum;
791 1840 1113 1914 postremis
1151 1853 1290 1900 vero
1332 1837 1537 1898 swculi
1584 1834 1950 1915 temporibus
1977 1852 2113 1897 cum

467 1938 608 1983 caro
634 1925 875 2001 factum
922 1926 1026 1999 sit,
1069 1927 1176 1989 hoc
1206 1933 1290 1988 est
1333 1924 1514 1987 carni
1549 1926 1819 1985 animam
1850 1924 2114 1987 rationis

468 2018 796 2090 compotem
824 2014 1074 2081 habenti
1097 2014 1491 2089 coniunctum
1511 2020 1836 2087 est,natum
1863 2029 1992 2075 esse
2009 2012 2114 2073 di-

472 2104 634 2161 citur
661 2119 741 2163 ea:
766 2119 954 2166 carne
976 2122 1090 2184 per
1116 2104 1533 2166 mulierem.Et
1564 2103 1767 2183 paucis
1802 2100 2048 2163 annexis
2094 2119 2108 2163 :

472 2186 732 2263 Quando
751 2210 992 2255 carnem
1016 2210 1351 2266 assumens,
1374 2192 1504 2271 fuit
1534 2198 1590 2255 et
1610 2191 1806 2255 Filius
1825 2190 2107 2261 hominis,

468 2281 839 2343 necessarius
866 2288 960 2345 est
983 2282 1286 2361 proﬁteri,
1320 2299 1455 2343 eum
1484 2286 1695 2343 natum
1733 2296 1857 2342 esse
1899 2296 2109 2340 secun-

469 2367 615 2429 dum
643 2387 889 2432 carnem
915 2388 1027 2450 per
1060 2370 1390 2432 mulierem.
1418 2368 1564 2431 Item
1601 2388 1614 2429 :
1647 2368 1740 2432 Ea
1786 2370 1905 2430 Deo
1926 2366 2114 2430 Patre

477 2454 732 2520 Verbum
753 2460 820 2520 in
846 2461 1045 2537 forma
1068 2459 1372 2521 Genitoris
1389 2459 1705 2531 exsistens,
1729 2455 2025 2519 habitavit
2044 2458 2113 2517 in

463 2543 705 2607 homine
729 2564 846 2627 per
867 2549 1187 2611 mulierem
1208 2549 1433 2628 genito.
1468 2551 1542 2611 Et
1578 2546 1780 2626 paucis
1808 2545 2059 2624 adjectis
2093 2565 2107 2605 :

467 2631 589 2695 Sed
606 2635 763 2712 forte
792 2639 1099 2718 quispiam
1128 2639 1359 2701 dixerit
1388 2658 1401 2700 :
1429 2635 1609 2713 Quod
1635 2637 1747 2699 erit
1777 2636 2113 2698 discrimen

471 2722 637 2784 inter
663 2723 998 2787 Christum
1026 2733 1082 2789 et
1107 2730 1370 2807 Moysen,
1393 2728 1447 2787 si
1476 2726 1652 2787 ambo
1676 2725 1954 2805 generali
1973 2728 2113 2785 sunt

464 2829 573 2891 per
601 2812 922 2876 mulieres?
957 2812 1078 2876 Nec
1104 2814 1276 2876 aliter
1303 2814 1364 2875 in
1396 2813 1664 2877 oratione
1691 2810 2114 2893 prosphoneti-

2197 1750 2371 1812 οὖσίας
2430 1754 2524 1805 τοῦ
2614 1754 2745 1804 Θεοῦ
2827 1747 2915 1803 καὶ
2988 1749 3193 1826 Πατρὸς
3246 1754 3348 1819 ζῶν
3404 1770 3462 1805 τε
3517 1750 3603 1804 καὶ
3647 1747 3843 1806 ἐνυπό-

2195 1860 2385 1901 στατνς
2442 1838 2599 1893 αὐτοῦ
2688 1840 2881 1911 Λόγος,
2968 1834 3022 1891 ἐν
3080 1836 3331 1916 ἐσχάτοις
3403 1835 3458 1893 δὲ
3501 1844 3593 1895 τοῦ
3652 1841 3842 1900 αἱὼνος

2195 1939 2425 2004 καιροῖς,
2509 1922 2692 1992 ἐπειδὴ
2778 1923 2966 2003 γέγονε
3072 1924 3220 2004 σὰρξ,
3323 1926 3591 1983 τουτέσαιν
3663 1927 3842 1994 ἡνώθη

2196 2018 2368 2093 σαρκὶ,
2426 2014 2608 2094 ψυχὴν
2675 2013 2883 2093 ὶιχούσῃ
2980 2014 3078 2080 τὴν
3162 2012 3407 2091 λογικὴν,
3496 2015 3839 2094 γεγεννῆσθαι

2194 2103 2414 2183 λέγεταϊ
2483 2104 2569 2159 καὶ
2661 2103 2925 2180 σαρκικὼς
3003 2099 3088 2161 διὰ
3191 2103 3461 2179 γυναικός.
3543 2106 3640 2162 Καὶ
3707 2104 3845 2179 μετὰ

2193 2193 2399 2273 βραχέα
2434 2207 2447 2222 ⁸
2512 2187 2733 2257 Ἐπειδὴ
2810 2190 2977 2268 σάρκα
3065 2188 3242 2247 λαϐὼν
3321 2193 3689 2272 κεχρημάτικε
3755 2186 3850 2249 καὶ

2196 2284 2316 2345 Υἱὸς
2373 2281 2663 2361 ἀνθρώπω,
2751 2278 3045 2357 ἆναγκα⁴ον
3127 2278 3416 2359 ὁμολογεῖν
3487 2280 3568 2338 ὅτι
3650 2280 3841 2359 γεγέν-

2194 2392 2351 2437 νηται
2433 2369 2567 2425 κατὰ
2648 2368 2819 2437 σάρκα
2910 2365 2993 2424 διὰ
3088 2370 3357 2446 γυναικός.
3418 2371 3516 2428 Καὶ
3569 2369 3750 2428 πάλιν⁸
3785 2361 3842 2429 ὀ

2195 2460 2256 2517 ἐκ
2307 2466 2438 2516 Θεοῦ
2524 2458 2727 2536 Πατρὸς
2802 2455 2971 2530 Λόγος
3055 2455 3110 2512 ἒν
3178 2463 3356 2538 μορφῇ
3422 2465 3515 2516 τοῦ
3586 2480 3841 2538 γεγεννη-

2193 2549 2346 2613 κότος
2429 2548 2713 2627 ὑπάρχων,
2800 2545 3111 2612 κατώκησεν
3198 2547 3253 2603 ἐν
3336 2546 3592 2626 ἀνθρώπῳ
3656 2568 3842 2627 γεννη.

2192 2638 2335 2697 θέντι
2397 2635 2483 2692 δια
2551 2634 2819 2713 γυναικός.
2914 2636 3013 2692 Καὶ
3067 2636 3203 2711 μετά
3270 2658 3387 2692 τινα
3419 2653 3434 2667 ⁸
3495 2634 3645 2694 Ἀλλ’
3707 2636 3842 2700 ’ἴσως

2194 2729 2323 2810 φαίη
2376 2748 2457 2790 τις
2509 2724 2593 2797 ἂν,
2655 2724 2742 2789 Τίς
2797 2724 2831 2791 ἡ
2899 2721 3121 2803 διαφορά
3175 2727 3400 2804 Χριστοῦ
3454 2727 3543 2782 καὶ
3578 2725 3841 2810 -Μωέως,

2197 2807 2351 2896 εἴπερ
2433 2812 2595 2891 ἄμφω
2692 2812 2940 2891 γεγόνασι
3010 2810 3095 2869 διὰ
3176 2815 3488 2891 γυναικῶνς
3577 2807 3842 2879 Ὠσαύτως

468 2918 538 2960 ca
565 2899 637 2961 ad
669 2900 1088 2981 imperatorem
1117 2902 1543 2975 Theodosium,
1578 2902 1748 2983 cujus
1778 2918 1960 2980 supra
1984 2918 2110 2961 me-

2200 2907 2256 2962 ἐν
2311 2912 2388 2980 τῷ
2441 2903 2570 2983 πρός
2642 2903 2733 2958 τὶν
2803 2898 3176 2958 εὐσεϐέστατον
3262 2902 3484 2979 βασιλέα
3569 2902 3845 2962 Θεοδόσιον

470 2987 754 3051 minimus
786 3009 801 3054 :
833 2991 934 3053 Ea:
972 2992 1093 3054 Deo
1143 2993 1325 3055 Patre
1369 2990 1621 3054 Verbum
1653 2989 2111 3069 manifestatum

2194 2993 2623 3077 προσφωνητικῷ
2663 2998 2741 3065 τῷ
2783 2990 2883 3069 πρό
2931 2990 3167 3070 βραχέας
3210 2992 3416 3070 ῥηθέντι
3446 3016 3537 3070 μοι
3583 3010 3600 3027 ⁸

468 3084 558 3140 est
585 3080 651 3140 in
679 3096 898 3152 carne;
925 3082 1198 3161 genitum
1239 3081 1407 3143 enim
1452 3087 1539 3142 est
1583 3097 1693 3159 per
1744 3084 2023 3140 sanctam
2050 3084 2111 3138 et

471 3165 808 3249 Deiparam
836 3169 1161 3251 Virginem,
1194 3169 1458 3249 formam
1494 3170 1654 3232 servi
1676 3169 2003 3248 accipiens.
2042 3167 2114 3225 Et

471 3268 603 3334 post
647 3258 933 3321 nonnulla
974 3278 988 3323 :
1033 3259 1295 3340 Opinari
1339 3276 1479 3322 vero
1520 3257 1846 3320 nonnullos
1881 3272 1960 3318 ea:
1993 3253 2112 3315 Deo

380 3419 386 3424 ﬁ
480 3344 731 3407 Verbum
749 3349 1019 3428 genitum
1043 3349 1653 3429 generationem,un
1674 3347 1796 3422 fuit
1840 3362 1950 3425 per
1975 3360 2116 3404 sau-

467 3440 625 3495 ctam
662 3436 966 3514 Virginem
1006 3455 1313 3519 respuere,
1364 3435 1755 3499 weeuomiam
1799 3434 2112 3511 infaman-

470 3524 620 3586 tium
651 3523 836 3586 est.Et
867 3526 1136 3606 pluribus
1167 3527 1439 3606 adjectis,
1475 3524 1630 3605 quod
1655 3542 1689 3584 a
1718 3541 1814 3584 me
1847 3527 1984 3584 ante
2015 3539 2115 3601 po-

469 3610 645 3671 sitnm
681 3624 773 3674 est
802 3613 1028 3676 dictum
1065 3614 1913 3696 prosecutus,nempe,Annon
1941 3610 2108 3671 (lici-

467 3719 603 3763 mus
630 3720 708 3765 ex
737 3704 992 3766 muliere
1017 3707 1292 3784 genitum
1322 3720 1453 3765 esse
1481 3698 1975 3764 Emmanuelem‘.’
2003 3705 2113 3760 aut

468 3795 761 3868 quomodo
788 3794 1081 3869 ascendit,
1114 3792 1220 3855 ubi
1247 3809 1370 3855 esse
1406 3793 1532 3871 ipse
1558 3791 1741 3853 dicit?
1765 3788 2060 3851 subinfert
2092 3805 2108 3850 ε

472 3881 642 3943 Licet
669 3883 872 3961 genito
897 3900 1009 3962 per
1026 3889 1304 3944 sanctam
1340 3879 1838 3961 Virginem,quod
1858 3886 1995 3940 erat
2017 3877 2114 3939 illi

469 3971 735 4050 unitum,
767 3988 1044 4051 corpore.
1065 3970 1135 4033 Et
1155 3968 1557 4031 Damascenus
1585 3968 1827 4046 sapiens
1846 3964 2113 4029 Joannes

472 4058 534 4119 in
565 4058 957 4122 immaculata:
985 4059 1247 4139 Virginis
1276 4057 1551 4120 laudibus
1596 4074 1803 4118 rursus
1843 4055 2060 4119 clamat
2092 4076 2108 4116 :

470 4149 595 4210 Per
622 4154 699 4229 te,
732 4149 927 4212 later
963 4149 1163 4227 Virgo,
1196 4148 1393 4211 lumen
1439 4154 1641 4209 ortum
1690 4154 1776 4209 est
1833 4146 2113 4207 universo

471 4238 605 4299 orbi
630 4238 1040 4316 splendidum.
1066 4237 1138 4299 Et
1166 4238 1289 4299 haec
1314 4237 1550 4318 quidem
1584 4234 1668 4309 hi,
1703 4242 1761 4296 et
1792 4234 1975 4295 multa
1998 4249 2113 4295 non

469 4325 781 4388 dissimilia
815 4327 1103 4409 preconis
1143 4345 1310 4388 more
1341 4326 1604 4406 edicunt,
1635 4341 1882 4405 quorum
1918 4323 2114 4402 potio-

470 4434 599 4478 rem
624 4427 850 4498 partem
868 4417 1053 4479 oratio
1074 4425 1315 4497 propter
1335 4415 1665 4477 satietatem
1691 4410 2119 4494 prmteriit.Ve-

469 4514 802 4569 rumlamen
831 4504 1235 4569 divinissimus
1265 4504 1516 4567 Basilius
1538 4503 1667 4565 haec
1726 4501 1935 4563 eadem
1985 4500 2116 4581 ple-

473 4594 720 4658 nissime
751 4596 1074 4676 explanans
1105 4591 1578 4675 tradit.Namque
1608 4591 1669 4653 in
1695 4591 1786 4652 his
1814 4590 1989 4651 allato
2011 4606 2118 4670 per

475 4701 572 4746 me
602 4702 782 4766 supra
809 4684 1005 4764 capite
1035 4682 1241 4764 quinto
1272 4682 1344 4744 ad
1374 4679 1864 4763 Amphilochium
1918 4677 2115 4742 dehis

474 4773 994 4855 praepositionibus
1010 4790 1346 4835 sermonem
1380 4770 1627 4843 habens,
1662 4786 1779 4849 qua
1799 4767 2029 4829 ratione
2052 4767 2115 4828 in

471 4862 796 4925 divinitatis
828 4862 1104 4943 principe
1133 4860 1351 4924 Triade
1406 4856 1791 4922 desumendaa
1843 4863 2004 4933 sunt,
2035 4856 2110 4918 ad

474 4959 598 5016 tuto
656 4953 933 5033 dogmata
988 4949 1365 5025 stabilienda,
1429 4967 1496 5011 ex
1553 4944 2002 5009 auctoritatibus
2052 4951 2115 5006 ut

477 5042 798 5123 plurimum
824 5041 1021 5121 magni
1050 5039 1211 5103 Pauli
1233 5037 1602 5111 corroborat,
1636 5043 1856 5098 etcum
1907 5052 2114 5097 exem-

471 5134 568 5213 plo
598 5151 747 5213 opus
778 5139 962 5207 esset,
1002 5147 1203 5192 vocem
1238 5128 1395 5190 illam
1428 5123 2115 5206 commemoravit,quam

474 5220 637 5283 orbis
694 5228 987 5284 terrarum
1046 5217 1327 5297 magister
1377 5215 1485 5278 Dei
1532 5213 2001 5277 incarnationem
2045 5230 2116 5274 ex

472 5307 715 5390 Virgine
738 5310 911 5392 plane
938 5317 997 5372 et
1026 5304 1597 5391 perspicue‘dicens,
1630 5304 1831 5367 Natus
1857 5319 1952 5392 ea;
1977 5319 2116 5392 mu-

437 5387 459 5406 “
479 5387 1061 5480 tiere,intonuit,hoc
1076 5387 1300 5460 dictum
1322 5393 1559 5456 divinus
1580 5393 1693 5455 iste
1722 5394 1898 5457 Pater
1920 5390 2121 5454 decla-

3672 2984 3731 3052 Ὀ
3787 2993 3849 3052 ἐκ

2195 3091 2326 3143 Θεοῦ
2370 3080 2571 3159 [ἰατρὸς
2651 3080 2821 3157 Λόγος
2892 3079 3193 3160 ἐφανερώθη
3283 3082 3338 3137 ὲν
3413 3084 3565 3162 σαρκί
3594 3100 3610 3116 ο
3666 3083 3848 3162 γεγέν.

2193 3195 2348 3241 νηται
2391 3173 2490 3250 γὰρ
2547 3167 2634 3225 διέ
2717 3173 2815 3234 τῆς
2899 3169 3051 3246 ἁγίας
3111 3170 3202 3226 καὶ
3253 3172 3500 3229 θεοτόκου
3560 3171 3843 3252 Παρθένου,

2194 3261 2398 3341 μορφὴν
2509 3256 2693 3316 δούλου
2776 3252 2976 3317 λαϐὼν.
3046 3259 3145 3315 Καὶ
3229 3260 3366 3334 μετά
3426 3282 3544 3318 τινα
3576 3280 3591 3295 ⁸
3655 3261 3727 3319 Τό
3794 3260 3850 3318 εὶ

2194 3348 2398 3407 οἴεσθαι
2456 3367 2598 3409 τινας
2656 3346 2751 3401 τὸν
2803 3344 2863 3401 ὲκ
2919 3352 3050 3404 Θεοῦ
3130 3347 3293 3427 φύντα
3377 3348 3548 3428 Λόγον
3615 3351 3713 3417 τὴν
3764 3347 3850 3407 διᾶ

2194 3444 2293 3506 τῆς
2375 3437 2526 3515 ἁγίας
2614 3433 2876 3513 Παρθένου
2960 3433 3246 3504 ἀνήνασθαι
3331 3437 3581 3516 γέννησιν
3647 3437 3845 3518 δυσφη-

2196 3528 2436 3604 μούντων
2520 3523 2630 3581 ἐστὶ
2712 3523 2812 3591 τὴν
2895 3524 3214 3599 οἰκονομίαν.
3306 3528 3405 3586 Καὶ
3487 3528 3624 3601 μετὰ
3676 3527 3849 3586 πολλὰ

2192 3617 2253 3673 τὸ
2322 3612 2634 3694 προεκτεθέν
2706 3634 2798 3687 μοι
2870 3612 3030 3689 ῥητὸν
3085 3615 3159 3679 ὡς
3216 3614 3332 3696 ἔχει
3400 3615 3690 3692 διαλαϐὼν,
3756 3620 3844 3692 τὸ,

2193 3705 2329 3784 Οὒχὶ
2384 3701 2633 3781 τετέχθαι
2720 3702 2895 3780 φαμὲν
2993 3701 3055 3757 ἐκ
3125 3706 3373 3780 γυναικὸς
3451 3707 3544 3764 τὸν
3628 3705 3845 3783 Ἐμμα-

2195 3791 2405 3867 νουὴλς
2452 3792 2488 3859 ἢ
2543 3796 2658 3853 πῶς
2717 3786 3069 3870 ἀναϐέϐηκεν,
3135 3790 3253 3850 ἔνθα
3321 3817 3421 3873 περ
3489 3797 3631 3853 εἶναι
3687 3818 3848 3876 φησιν

2196 3882 2401 3960 αὐτὸς,
2461 3878 2650 3956 ἐπάγει
2684 3893 2698 3908 ⁸
2791 3878 2973 3936 Καίτοι
3051 3881 3331 3960 τεχθέντος
3388 3882 3475 3941 διὰ
3526 3884 3624 3953 τῆς
3694 3886 3846 3963 ἁγίας

2195 3968 2454 4046 Παρθένου
2522 3973 2616 4023 τοῦ
2710 3965 2994 4030 ένωθέντος
3076 3971 3217 4045 αὗτῷ
3323 3973 3591 4048 σώματος,
3664 3965 3722 4032 ὀ
3791 3971 3849 4031 δὶ

2200 4058 2539 4134 Δαμασκόθεν
2611 4057 2772 4137 σοφὸς
2828 4055 3081 4123 Ἰωάννης
3163 4061 3335 4136 δμνῶν
3403 4062 3505 4131 τὴν
3560 4062 3848 4142 ὑπέραγνον

2198 4147 2341 4210 αὖθις
2408 4146 2505 4221 βοᾷ
2541 4164 2555 4180 ⁸
2619 4146 2718 4200 Διὰ
2778 4151 2895 4219 σοῦ,
2970 4145 3150 4225 Μῆτερ
3229 4150 3470 4230 Περθένε,
3542 4159 3653 4233 φῶς
3721 4152 3847 4209 ἀνί-

2136 4234 2337 4341 1)τιείλε
2404 4234 2585 4341 πόσην
2609 4239 2678 4310 τῇ
2738 4233 3019 4338 οἰκουμένῃ
3080 4235 3316 4341 φαιδρὸν.
3390 4242 3491 4298 Καὶ
3528 4248 3693 4298 ταῦτα
3747 4241 3846 4300 μὲν

2198 4325 2368 4387 οὖται,
2429 4323 2518 4380 καὶ
2561 4323 2711 4400 ἕτερα
2763 4325 2979 4378 τοιαῦτα
3031 4325 3397 4405 κηρύττουσιν,
3429 4330 3503 4386 ὧν
3558 4330 3624 4386 τὰ
3679 4328 3846 4388 πλείω

2199 4411 2483 4470 κατέλιπεν
2553 4413 2582 4467 6
2636 4409 2797 4488 λόγος
2826 4407 2911 4466 διὰ
2938 4412 3000 4467 τὸ
3038 4404 3351 4495 προσκορές,
3380 4404 3385 4405 ί
3418 4410 3474 4477 Ὀ
3502 4416 3557 4474 δὲ
3587 4418 3753 4483 πολὺς
3781 4421 3848 4476 τα

2199 4505 2320 4559 θεῖα
2378 4499 2650 4561 Βασίλειος
2706 4500 2773 4555 τὰ
2839 4501 2957 4578 περὶ
3010 4503 3210 4561 τούτων
3262 4506 3616 4585 ἐναργέστατα
3665 4505 3846 4567 διασα-

2201 4597 2312 4672 φῶν
2360 4587 2731 4670 παραδίδωσιν.
2792 4586 2883 4645 Ἐν
2951 4590 3051 4669 γὰρ
3107 4599 3184 4667 τῷ
3234 4591 3307 4660 3i;
3349 4598 3699 4677 προγραφέντι
3750 4621 3844 4673 μοι

2198 4680 2426 4757 πέμπτῳ
2480 4680 2580 4735 τῶν
2629 4677 2758 4755 πρὸς
2832 4679 3088 4758 μακάριον
3138 4678 3493 4765 Ἀμφιλόχιον
3547 4685 3845 4766 κεφαλαίων

2197 4770 2315 4850 περὶ
2355 4775 2461 4825 τῶν
2504 4766 2753 4823 τοιούτων
2806 4766 3098 4845 προθέσεων
3141 4772 3230 4826 τὸν
3280 4770 3442 4851 λόγον
3494 4776 3833 4851 ποιούμενος,

2193 4856 2340 4921 ὅπως
2412 4855 2571 4919 dixit;
2680 4852 3096 4943 ἐκλαμϐάνεσθαι
3178 4867 3256 4935 τῷ
3349 4865 3609 4943 θεαρχικῇ
3667 4863 3843 4943 Τριᾶδι

2194 4947 2373 5034 χρεὼν
2402 4944 2486 5001 ἐπὶ
2567 4944 2630 4999 τὸ
2700 4952 2827 5034 τοῦ.-
2870 4942 3133 5025 δογματος
3192 4948 3421 5030 assae;
3478 4942 3539 5009 ἐκ
3596 4942 3845 5034 χρήσεων

2199 5038 2260 5092 τὸ
2314 5033 2490 5122 πλέον,
2527 5039 2620 5122 τοῦ
2673 5031 2910 5122 μεγάλου
2965 5035 3175 5095 Παὺλου
3233 5041 3558 5122 συνίστησιν,
3592 5031 3666 5108 εἷς
3706 5043 3848 5101 ὑπό-

2200 5123 2393 5203 δειγμα
2454 5121 2509 5178 δὲ
2560 5120 2810 5210 κάκείνης
2863 5124 3228 5200 ἔμνημόνευσε
3287 5133 3388 5196 τῆς
3443 5120 3651 5210 φωνῆς,
3694 5132 3761 5201 ἢν
3817 5136 3847 5190 6

2199 5218 2298 5281 τῆς
2357 5208 2671 5287 οἰκουμένης
2713 5207 3025 5300 διδασκαλος
3093 5216 3193 5284 τὴν
3244 5216 3306 5273 ἐκ
3360 5207 3623 5297 Παρθένου
3675 5222 3851 5300 οάρνω

2202 5326 2285 5360 σιν
2311 5307 2407 5359 τοῦ
2460 5307 2595 5387 Θεοῦ
2651 5299 2822 5377 Λόγου
2876 5297 3076 5379 δηλῶν,
3146 5307 3473 5385 γεννώμενος
3551 5309 3612 5364 ἐκ
3660 5297 3850 5387 γυναι-

2201 5396 2320 5466 κὸς,
2379 5386 2654 5469 ἔξεϐόησε,
2720 5389 2823 5457 τὴν
2878 5393 3129 5461 τοιαύτην
3197 5396 3352 5473 ῥῆσιν
3408 5399 3438 5453 6
3494 5401 3642 5461 θεῖος
3678 5386 3852 5464 οὗτος

474 5506 614 5550 rans
637 5477 647 5480 ⁷
673 5506 780 5569 pro
828 5505 898 5550 eo
925 5477 1105 5569 ἐιυοὰ
1155 5494 1247 5549 est
1277 5502 1383 5567 per
1415 5483 1725 5547 mulierem
1754 5481 2032 5558 asseruit,
2064 5487 2112 5542 et

2204 5481 2388 5558 Πατὴρ
2429 5477 2823 5569 ἐφερμηνεύων,
2869 5478 2984 5538 ἀντὶ
3011 5491 3127 5561 τοῦ,
3186 5483 3269 5543 διὰ
3310 5488 3577 5568 γυναικὸς,
3607 5487 3796 5567 εἴρηκε
3833 5506 3847 5521 ⁸

475 5576 754 5646 eumdem
785 5576 1047 5639 divinum
1082 5592 1413 5660 pmconem
1438 5574 1686 5638 Paulum
1718 5591 1841 5637 suae
1873 5578 2120 5635 senten-

2197 5572 2291 5628 ικαὶ
2334 5570 2421 5626 τὸν
2446 5568 2606 5625 αυτὸν
2661 5567 2954 5648 θεοκήρυκα
2981 5570 3190 5634 Παῦλον
3257 5572 3524 5656 ὶξηγητὴν
3565 5567 3663 5645 τῆς
3706 5577 3852 5636 ita»-
