4208 6290
396 358 566 422 1153

388 495 500 548 τοῦ·
546 491 772 555 διανοίας
871 494 1051 549 αὖτίκα
1127 494 1454 555 παρήγαγεν,
1535 493 1789 548 ἐπειπών·

1095 582 1302 660 ἑτέρωθι
1398 580 1737 638 διεστείλατοθ

871 494 1051 549 αὖτίκα
1127 494 1303 568 παρις-ί
1315 515 1454 570 κγεν,

391 581 496 660 γὰρ
567 583 707 656 ἡμῖν
801 587 980 660 σαφῶς
1095 582 1302 660 ἑτέρωθι
1398 581 1737 638 διεστείλατοθ
1839 583 2044 660 γυναικὶ

392 669 490 744 μὲν
574 671 886 748 προσήκειν,
958 668 1154 746 λέγων,
1221 671 1284 725 τὸ
1340 669 1400 726 ἐκ
1455 677 1548 727 του
1617 668 1798 748 ἀνδρὸς
1853 690 2044 748 γεγεν-

426 763 452 774 -
684 758 697 776 ν
802 761 815 780 ε
892 757 934 778 ,ς
1171 758 1231 778 ..μ
1368 762 1390 772 .-
1686 761 1698 775 ι
1993 762 2019 780 γ

392 762 604 832 νησθαι,
678 756 820 838 ανδρι
887 779 942 814 οε
1019 760 1081 814 τὸ
1165 779 1246 814 οια
1327 781 1423 826 της
1496 781 1764 838 γυναικος,
1849 757 1904 814 έν
1962 781 2046 822 οις

397 869 557 926 φησιν
616 848 695 903 ὃτι
765 848 944 924 ὥσπερ
973 848 1104 925 γυνὴ
1169 846 1220 912 ἐξ
1276 846 1482 926 ἀνδρὸς,
1555 847 1692 904 οὕτω
1774 850 1861 903 καὶ
1919 847 2048 924 ἀνὴρ

393 934 478 992 διὰ
535 937 632 1005 τῆς
719 938 988 1015 γυναικὸς.
1053 935 1183 995 Ἰδοὺ
1225 941 1323 1003 τῆς
1394 934 1654 1002 εὖσεϐείας
1714 939 1748 1004 ἡ
1820 937 2049 1010 εὔσημος

393 1024 642 1102 σάλπιγξ,
676 1029 704 1081 ὃ
747 1024 910 1088 πολὺς
942 1027 1029 1082 καὶ
1061 1026 1226 1104 μέγας
1279 1025 1547 1089 Βασίλειος
1603 1023 1686 1082 80¢
1742 1031 1839 1091 τῆς
1897 1025 2048 1102 ἀγίας

394 1113 694 1192 παρέστησε
752 1113 1011 1192 Παρθένου
1095 1114 1209 1170 λίαν
1286 1113 1640 1194 ἀριδηλότατα
1736 1117 1826 1170 τὸν
1917 1115 2046 1169 Θεὸν

399 1204 566 1281 Λόγον
623 1210 885 1282 σαρκικῶς
929 1204 1210 1283 κυηθῆναι,
1275 1212 1367 1261 τοῦ
1421 1205 1840 1282 χριστοκήρυχος
1899 1202 2043 1258 Παύ-

397 1291 491 1348 λου
545 1295 643 1362 τήν
715 1293 998 1369 ἑρμηνείαν
1084 1292 1500 1373 ἀπολεξάμενος,
1582 1293 1711 1369 ὅπερ
1780 1292 1868 1347 καὶ
1928 1289 2045 1366 μετ⁹

395 1383 548 1438 αὺτὸν
626 1380 975 1458 έδογμάτισαν
1034 1380 1061 1436 ὅ
1137 1403 1194 1437 τε
1274 1383 1463 1446 σεπτὸς
1540 1380 1818 1459 Κύριλλος,
1880 1381 1966 1436 καὶ
2019 1381 2047 1435 ὁ

400 1469 742 1544 Δαμασκόθεν
813 1472 973 1549 σοφὸς
1036 1466 1310 1544 Ἰωάννης,
1381 1473 1428 1526 οἱ
1501 1469 1884 1549 προλεχθέντες
1955 1491 2045 1544 μοι

395 1563 494 1625 τῆς
541 1557 789 1624 ἀληθείας
853 1560 1145 1638 συνίστορες
1189 1557 1451 1637 ἀκριϐεῖς.
1505 1556 1672 1614 ’Λλλὰ
1710 1559 1796 1614 καὶ
1839 1557 1899 1613 ἐκ
1947 1563 2046 1623 τῆς

397 1647 550 1724 ἁγίας
621 1649 694 1710 ὡς
789 1645 982 1702 ἄνωθέν
1058 1669 1148 1718 μοι
1201 1645 1522 1718 διείληπται,
1619 1648 1876 1724 Παρθένου
1959 1646 2048 1701 τόν

398 1737 530 1791 Θεὸν
575 1736 744 1813 Λόγον
792 1739 840 1790 οἱ
885 1737 1027 1792 αὒτοὶ
1070 1734 1534 1815 τῆςίἚκιλησίας
1599 1733 1871 1813 διαφανεῖς
1928 1757 2046 1815 φω-

401 1829 590 1904 στῆρες
666 1811 1041 1902 ἱθεολόγησαν,
1103 1811 1300 1882 Λοίπὸν
1361 1824 1446 1881 80¢
1500 1811 1708 1882 τοὺτων-
1757 1811 2046 1902 εἰλικρινῶς

399 1911 762 1970 ἀποδέδεικται
859 1924 945 1972 νῦν
1012 1915 1073 1970 τὸ
1127 1911 1246 1970 κατ’
1305 1914 1480 1970 οὐσίαν
1541 1911 1626 1968 δια
1679 1935 1821 1976 τινος
1881 1913 2044 1986 εἶναι,

401 2004 537 2060 κατὰ
577 2006 774 2070 ταύτην
804 2005 892 2058 καὶ
942 2001 994 2068 ἐξ
1051 2003 1232 2066 αὐτοῦ,

483 2081 550 2153 ε’,
606 2099 771 2148 Τοῦτο
828 2090 882 2146 δὲ
950 2093 1038 2147 καὶ
1101 2105 1220 2155 τοῖς
1278 2098 1405 2148 πᾶσι
1482 2093 1780 2172 καταφανὲς
1836 2091 2051 2147 ἂλλοθεν

401 2179 518 2236 καθ’
604 2178 1038 2258 ὁμολογουμένην
1119 2177 1318 2237 ἔννοιαν
1376 2183 1461 2237 καὶ
1532 2183 1732 2251 κοινήν·
1810 2185 1924 2237 οἷον
1994 2180 2046 2235 ὲν

399 2265 769 2346 ὁποδείγμασι,
827 2265 910 2324 διὰ
975 2273 1074 2335 τῆς
1121 2269 1334 2333 ἀκτῖνος
1393 2269 1692 2349 ἀκραιφνιῦς
1763 2269 2045 2347 ἀστράπτει

394 2357 454 2412 τὸ
484 2363 616 2435 φῶς·
690 2355 902 2433 αὗγάζει
946 2357 1088 2412 τουτὶ
1143 2357 1245 2412 κάκ
1271 2361 1372 2423 τῆς
1415 2357 1633 2422 ἀκτῖνος
1677 2359 1772 2413 οὒκ
1799 2355 2046 2417 ἔλαττον.

1331 361 1428 424 DE
1473 358 1983 424 PROQESSIONE
2028 359 2086 420 S.
2135 357 2488 422 SPIRITUS
2530 359 2753 422 ΟΗΑΤ.
2805 360 2853 422 Ι.

3627 355 3777 420 1154

1879 498 2041 548 Τοῦτο
2065 500 2103 547 Α
2127 490 2220 551 tiae
2251 489 2641 570 interpretem
2672 491 2832 552 illico
2857 489 3431 570 subjunxit,addens
3453 512 3466 553 :
3489 489 3780 553 Hocem'm

2128 580 2304 641 nobis
2340 580 2668 657 manifesto
2690 580 2844 642 alibi
2865 579 3340 652 edixit,mulieri
3365 581 3604 658 quidem
3629 595 3778 641 con-

2129 669 2669 742 venire,dicens.e.r
2698 671 2941 731 homine
2964 677 3178 730 natam
3207 686 3350 740 esse,
3384 669 3777 730 homini-vero

2126 774 2238 836 per
2269 759 2604 831 mulierem,
2638 759 2701 819 in
2749 757 2875 819 illis
2925 776 3061 837 quae
3083 758 3287 818 dixit:
3330 757 3428 816 Uti
3456 757 3678 819 mulier
3705 773 3779 817 ea:

2132 847 2289 916 viro.
2321 849 2406 908 ita
2437 853 2492 907 et
2525 849 2622 908 vir
2647 864 2758 923 per
2781 845 3110 907 mulierem.
3145 849 3228 908 En
3261 843 3496 924 pietatis
3531 843 3781 923 insignis

2133 936 2297 1007 tuba,
2334 934 2552 995 multus
2611 952 2978 1014 magnusque
3037 932 3314 1006 Basilius,
3353 952 3459 1012 per
3516 942 3776 995 sanctam

2133 1021 2436 1101 Virginem
2471 1023 2645 1102 plane
2668 1021 3011 1101 liquidoque
3036 1022 3405 1083 conﬁrmavit
3432 1021 3618 1082 Deum
3639 1023 3780 1083 Ver-

2131 1110 2269 1172 bum
2299 1112 2357 1172 in
2391 1131 2568 1172 carne
2599 1111 2884 1189 genitum.
2919 1110 3136 1172 Christi
3170 1111 3460 1190 praeconis
3495 1111 3663 1174 Pauli
3733 1113 3777 1170 i-

2132 1199 2553 1280 terpretatione
2585 1219 2703 1278 prae
2723 1198 3001 1260 omnibus
3029 1199 3162 1259 aliis
3195 1217 3355 1272 usus,
3382 1199 3537 1279 quod
3567 1208 3624 1261 et
3647 1207 3780 1280 post

2129 1308 2262 1350 eum
2297 1289 2689 1350 decreverunt
2719 1287 3088 1350 venerandus
3117 1285 3367 1366 Cyrillus
3381 1297 3437 1348 et
3461 1291 3776 1350 Damasce-

2131 1397 2245 1439 nus
2301 1377 2538 1458 sapiens
2593 1381 2877 1439 Joannes.
2931 1376 3034 1457 qui
3084 1385 3255 1437 antea
3291 1395 3396 1455 per
3431 1395 3524 1438 me
3557 1377 3778 1439 laudati

2131 1477 2286 1540 sunt,
2322 1467 2582 1528 veritatis
2617 1485 2749 1527 cum
2801 1465 3011 1526 eodem
3055 1465 3418 1543 cognitores.
3452 1465 3566 1526 Sed
3599 1468 3772 1527 etiam

2131 1574 2198 1617 ex
2257 1566 2457 1618 sancta
2513 1554 2770 1634 Virgine,
2824 1561 2887 1613 ut
2935 1572 3114 1634 supra
3145 1552 3549 1628 ontendimus,
3589 1556 3775 1617 Deum

2135 1643 2392 1707 Verbum
2451 1645 2632 1706 iidem
2693 1642 2973 1704 Ecclesia
3049 1641 3500 1722 praeclarissima
3555 1644 3778 1706 lumina

2131 1734 2546 1796 decreverunt.
2605 1731 2797 1805 Quare
2853 1732 3019 1792 hisce
3080 1731 3394 1811 perspicue
3449 1751 3607 1794 nunc
3665 1734 3774 1794 de-

2136 1830 2522 1885 monstratum
2557 1830 2684 1902 est,
2736 1820 2894 1901 quod
2945 1819 3272 1880 secundum
3324 1822 3642 1882 essentiam
3674 1840 3780 1900 per

2133 1911 2370 1991 aliquod
2432 1918 2559 1991 est,
2605 1909 2932 1972 secundum
2999 1908 3268 1968 eamdem
3319 1907 3498 1970 etiam
3544 1929 3615 1971 ex
3675 1911 3775 1971 illo

2138 2018 2292 2062 esse.

2211 2092 2269 2151 ὃ.
2306 2089 2428 2151 Hoc
2459 2096 2519 2150 et
2549 2087 2826 2148 omnibus
2874 2087 3007 2148 aliis
3059 2085 3299 2147 aliunde
3347 2085 3524 2149 etiam
3585 2088 3775 2168 palam

2130 2186 2526 2258 opertumque
2549 2177 2726 2238 fuerit
2757 2188 3084 2237 secundum
3111 2193 3498 2236 communem
3528 2184 3774 2237 senten-

2131 2267 2294 2341 tiam,
2330 2277 2389 2328 et
2417 2283 2546 2346 quin
2585 2283 2617 2325 a
2667 2263 2908 2327 nemine
2959 2263 3018 2322 in
3052 2261 3296 2323 dubium
3348 2264 3612 2324 vertitur.
3647 2265 3778 2328 Sint

2131 2355 2426 2434 exempla.
2465 2353 2577 2414 Per
2609 2352 2841 2412 raiium
2894 2351 3054 2414 clare
3109 2350 3311 2410 lumen
3346 2351 3584 2429 eﬂ'ulget
3616 2369 3629 2413 :
3665 2353 3778 2414 hoc

401 2447 473 2504 Τὸ
546 2453 751 2520 πνεῦμα
809 2444 1013 2522 πρόεισι
1087 2443 1171 2500 διὰ
1240 2453 1329 2502 τοῦ
1400 2445 1560 2524 λόγου
1614 2451 1840 2523 τρανῶς·
1893 2444 2046 2500 10610

2138 2444 2289 2505 idem
2343 2460 2460 2503 non
2509 2441 2705 2501 minus
2735 2459 2802 2500 ex
2835 2440 3002 2500 radio
3050 2439 3274 2502 rutilat.
3311 2439 3514 2502 Flatus
3541 2449 3778 2502 emanat

402 2532 528 2611 παρ’
587 2531 733 2590 οὐδὲν
803 2532 907 2588 κάκ
974 2540 1068 2589 τοῦ
1157 2532 1316 2611 λόγου
1381 2534 1724 2614 προέρχεςαι,
1805 2536 1902 2591 Δια
1957 2543 2049 2592 τοῦ

2138 2533 2445 2614 perSpicue
2496 2549 2602 2610 per
2631 2547 2970 2591 sermonem
3007 2545 3020 2590 :
3053 2527 3147 2588 hic
3181 2527 3356 2589 etiam
3391 2545 3465 2590 ex
3501 2547 3779 2592 sermone

404 2621 582 2684 ἄνθους
657 2623 692 2688 ἡ
743 2621 886 2696 ὀσμὴ
953 2621 1160 2700 φέρεται
1229 2625 1492 2702 καθαρῶς·
1550 2625 1638 2680 καὶ
1693 2623 1752 2680 ἐκ
1812 2622 1903 2680 106
1947 2621 2045 2678 ἂν·

2138 2625 2400 2700 emigrut.
2429 2618 2539 2679 Per
2569 2619 2776 2678 ﬂorem
2811 2617 2958 2677 odor
2993 2635 3137 2694 pure
3168 2615 3358 2678 fertur
3393 2634 3406 2678 :
3441 2624 3500 2678 et
3531 2635 3600 2679 ex
3633 2618 3777 2679 ﬂore

405 2713 523 2773 θους
581 2710 715 2776 αὖτὴ
795 2707 913 2766 κατ’
986 2708 1102 2766 ἴσον
1173 2708 1535 2772 σκεδάννυται.
1623 2721 1750 2775 Τοῖς
1806 2711 2047 2784 διορῶσιν

2138 2710 2228 2771 hic
2258 2709 2415 2769 idem
2449 2726 2566 2766 non
2598 2705 2870 2766 dissimili
2920 2704 3154 2766 ratione
3210 2704 3594 2784 dispergitur.
3629 2706 3777 2782 Illis,

409 2801 639 2878 έναργῶς
695 2797 860 2862 ὄντως
900 2801 935 2866 ἡ
989 2801 1141 2878 πηγὴ
1183 2799 1462 2876 βλαστάνει
1505 2799 1589 2856 διὰ
1630 2808 1723 2857 τοῦ
1751 2799 2044 2880 ὀφθαλμοῦο

2138 2799 2232 2878 qui
2286 2798 2524 2877 penitus
2581 2791 3024 2872 introspiciunt,
3062 2811 3197 2854 vere
3246 2793 3376 2854 fons
3406 2813 3512 2872 per
3541 2796 3776 2856 oculum

405 2889 549 2964 βρύει
619 2889 706 2944 καὶ
749 2887 808 2944 ἐκ
863 2895 955 2944 τοῦ
983 2889 1250 2968 ὀφθαλμοῦ
1305 2889 1509 2952 τοὺτοις
1567 2894 1859 2967 παρόμοιον
1914 2887 2048 2954 αὕτη

2138 2885 2374 2947 scaturit
2408 2904 2420 2946 :
2456 2883 2648 2945 exsilit
2685 2890 2741 2942 et
2776 2901 2842 2942 ex
2877 2882 3050 2942 oculo
3083 2883 3178 2942 hic
3200 2881 3356 2944 idem
3383 2882 3509 2961 pari
3535 2903 3644 2944 nec
3666 2884 3782 2945 dis-

405 2979 492 3033 καὶ
541 2974 934 3054 παραπλήσιον.
985 2978 1082 3031 Διά
1109 2983 1200 3032 τοῦ
1251 2976 1540 3056 στελέχους
1586 2978 1614 3032 ὃ
1669 2978 1870 3055 καρπὸς
1915 2975 2048 3050 βλαο

2138 2975 2319 3036 simili
2351 2973 2527 3035 modo
2568 2992 2581 3030 :
2623 2989 2730 3050 per
2779 2979 3028 3030 tractum
3062 2981 3266 3048 aperte
3298 2970 3524 3032 fructus
3553 2973 3780 3050 germi-

409 3065 581 3120 στάνει
639 3071 959 3144 περιφανῶς·
1047 3066 1135 3121 καὶ
1203 3065 1262 3121 ἐκ
1317 3073 1408 3123 τοῦ
1469 3063 1755 3145 στελέχους
1810 3085 2052 3123 τοιουτο-

2139 3073 2326 3141 nat,et
2351 3080 2416 3122 ex
2452 3071 2657 3120 trunco
2687 3057 2964 3119 similiter
2988 3057 3147 3118 idem
3182 3057 3396 3136 prodit.
3430 3061 3649 3139 Aperte
3683 3061 3776 3121 fu-

409 3152 632 3232 τρόπωςρ
689 3133 842 3216 αΜός
886 3153 1090 3231 φύεται.
1143 3151 1428 3231 Προδήλως
1473 3156 1501 3210 ὁ
1555 3133 1752 3217 καπνὸς
1809 3151 2044 3226 ἀναπέμ-

2145 3133 2274 3213 mus
2321 3169 2427 3231 per
2456 3152 2753 3210 ﬂammam
2778 3146 3086 3208 emittitur:
3125 3133 3219 3207 hic
3254 3146 3429 3206 etiam
3455 3133 3523 3208 εἰ
3545 3149 3783 3210 ﬂamma

408 3262 562 3302 πεται
620 3239 706 3297 διὰ.
760 3247 859 3309 τῆς
916 3240 1136 3320 φλογόςο
1197 3244 1348 3305 οὗτος
1391 3241 1511 3299 κατ’
1565 3241 1710 3302 οὐδὲν
1765 3245 1926 3310 ἧττον
1955 3243 2053 3297 κάκ

2141 3260 2308 3321 {eque
2343 3239 2706 3318 producitur.
2736 3236 2871 3298 Haec
2901 3235 3100 3295 omnia
3131 3251 3236 3313 per
3265 3235 3420 3314 quod
3450 3240 3780 3298 secundum

408 3330 508 3397 τῆς
547 3328 744 3409 φλογὸς
801 3328 1114 3393 ἀναδίδοται.
1163 3338 1336 3389 Ταῦτα
1365 3329 1430 3399 δη
1459 3331 1630 3388 πάντα
1681 3329 1747 3387 δι’
1794 3334 1854 3386 0-5
1922 3331 2053 3386 γατὰ

2142 3339 2406 3392 naturam
2438 3327 2670 3406 singula
2710 3334 2870 3400 sunt,
2914 3325 3090 3384 etiam
3125 3323 3368 3384 omnino
3417 3342 3486 3385 ex
3519 3344 3614 3389 eo.
3648 3327 3779 3388 Non

411 3420 560 3496 φύσιν
628 3417 852 3476 ἕκαστον
892 3419 1145 3498 ὑπάρχει,
1205 3421 1292 3476 καὶ
1334 3419 1386 3485 ἐξ
1441 3421 1598 3476 αὖτοῦ
1654 3421 1863 3482 πάιτως
1921 3419 2051 3480 ἐστί.

411 3508 558 3566 Κατά
632 3509 879 3575 τοιαύτην
961 3507 1162 3564 ἔννοιαν
1239 3511 1326 3565 καὶ
1382 3509 1442 3565 ἐκ
1483 3519 1575 3568 106
1629 3511 1750 3567 Υἱοῦ
1790 3510 1852 3565 τὸ
1907 3508 2056 3586 ἇίγιον

413 3601 625 3670 Πνεῦμα
678 3593 1058 3673 δογματίζομει
1116 3597 1279 3666 εἶναι,
1343 3596 1508 3672 μηδὲν
1566 3596 1939 3668 έ·ι³οιάζοντες.
1995 3600 2055 3656 υἱ

410 3687 508 3751 τὴν
561 3691 828 3764 παροῦσαν
879 3693 1004 3762 γοῦν
1085 3684 1356 3763 θεολογίαν
1417 3687 1495 3762 μὴ
1553 3687 1910 3768 προσιέμενοι,
1972 3685 2056 3742 διὰ

409 3773 606 3838 ταὸτην
673 3770 728 3828 δὲ
784 3775 872 3828 καὶ
926 3781 1342 3852 κατηγοροῦντες
1399 3777 1576 3849 ἡμῶν,
1649 3774 1882 3832 ἴστωσαν
1940 3775 2056 3852 περὶ

408 3862 470 3918 τὸ
540 3857 696 3926 σέϐας
747 3859 874 3917 αὒτὸ
935 3860 1287 3940 λογιζόμενοι,
1367 3862 1637 3920 κάντεῦθεν
1706 3864 1846 3938 ἡμῖν
1899 3863 2054 3942 ἐγκα-

413 3949 626 4014 λοῦντες
683 3947 769 4004 διὰ
823 3954 1005 4017 κενῆς.
1071 3949 1538 4030 Ἀποδεδειγμένου
1603 3953 1704 4031 γὰρ
1761 3952 1909 4014 ὄντος
1966 3954 2058 4008 τοῦ

413 4041 474 4095 τὸ
547 4043 755 4113 Πνεῦμα
803 4040 863 4095 τὸ
909 4039 1060 4117 ἅγιον
1103 4040 1363 4119 ὑπάρχειν
1421 4039 1506 4096 διὰ
1559 4040 1652 4097 106
1704 4042 1872 4118 Λόγου
1916 4042 2057 4118 παρα

412 4125 504 4183 τοῦ
561 4132 692 4184 Θεοῦ
731 4127 818 4182 καὶ
871 4129 1094 4205 Πατρὸς,
1156 4127 1300 4184 αὐτοὶ
1355 4124 1603 4200 δοξάζειν,
1648 4129 1752 4184 κάκ
1793 4137 1885 4187 τοῦ
1941 4131 2058 4184 Υἱοῦ

413 4221 568 4272 τοῦτο
613 4215 917 4294 φεύγοντες,
965 4214 1148 4290 ἀμέλει
1204 4238 1286 4272 τοι
1344 4219 1433 4273 καὶ
1477 4216 1677 4292 μᾶλλον
1731 4218 1873 4292 ἡμᾶς
1907 4216 2060 4272 ἕνεκα

2140 3420 2256 3480 alio
2288 3437 2466 3480 sensu
2503 3427 2555 3477 et
2587 3435 2655 3476 ex
2689 3414 2836 3477 Filio
2871 3411 3153 3493 Spiritum
3187 3413 3504 3492 esse,nibil
3533 3412 3782 3474 addubi-

2138 3507 2330 3569 tintes
2359 3502 2959 3576 decernimus.Quare
3008 3502 3107 3581 qui
3142 3510 3494 3582 praesentem
3547 3502 3777 3563 theolo-

2138 3598 2290 3676 giam
2324 3615 2439 3656 non
2473 3593 2812 3665 admittunt,
2849 3591 3103 3670 ideoque
3134 3599 3402 3652 nostrum
3433 3609 3649 3652 nomen
3682 3591 3783 3652 de-

2139 3688 2353 3757 ferunt,
2383 3684 2572 3745 sciant
2601 3700 2664 3746 sc
2681 3683 2832 3743 male
2857 3681 3122 3742 divinum
3167 3681 3388 3742 cultum
3418 3680 3781 3758 intelligere,

2138 3774 2396 3854 indeque
2419 3772 2591 3834 nobis
2615 3781 2840 3832 temere
2855 3771 3082 3832 crimen
3105 3768 3605 3850 impingere.Cum
3622 3769 3780 3830 enim

2139 3862 2612 3925 demonstratum
2645 3859 3036 3940 sit,Spir,itum
3078 3870 3347 3922 sanctum
3397 3859 3683 3920 exsistere
3714 3877 3784 3920 ex

2138 3952 2262 4014 Deo
2293 3964 2350 4012 et
2384 3955 2551 4012 l’atre
2576 3949 2984 4028 Verbum,ipsi
3008 3948 3173 4008 illum
3194 3950 3370 4011 etiam
3397 3967 3464 4010 ex
3481 3948 3627 4010 Filio
3651 3966 3783 4010 res-

2141 4053 2390 4121 puentes
2414 4039 2612 4099 dicere
2637 4047 2693 4098 et
2713 4038 2888 4116 hujus
2910 4057 3090 4098 causa
3110 4037 3329 4117 ubique
3353 4038 3614 4098 locorum
3640 4055 3786 4098 nos-

2143 4138 2292 4190 tram
2316 4130 2526 4190 famam
2561 4126 2793 4206 probris
2825 4126 3585 4198 lacerantes,transitoriam
3618 4143 3784 4186 com-

2145 4215 2664 4295 monstrant,qnod
2687 4213 3118 4293 blasphemiam
3142 4232 3380 4273 omnem
3413 4213 3787 4274 abundanter

414 4303 598 4361 τούτου
669 4311 948 4383 πανταχοῦ
1023 4306 1409 4385 περισύροντες,
1484 4305 1776 4383 παροδικὴν
1862 4306 2053 4385 ἐμφαί-

2141 4307 2202 4368 in
2235 4324 2298 4366 se
2329 4303 2766 4383 complectitur,
2788 4301 3042 4382 Spiritus
3075 4319 3182 4381 per
3210 4299 3589 4378 Unigenitum
3623 4299 3788 4361 exsi-

415 4415 586 4450 νουσιν
645 4393 833 4467 οὕτως,
892 4392 920 4448 ὅ
984 4395 1071 4450 καὶ
1125 4392 1465 4474 βλασφημίας
1519 4393 1792 4452 ἀνάπλεων
1846 4395 2053 4461 ἀπάσης

2143 4393 2446 4468 stentiam,
2483 4411 2598 4453 non
2625 4409 2866 4472 prorsus
2897 4391 3278 4453 essentialem
3313 4389 3780 4469 naturalemque,

415 4481 547 4557 ἆστὶ,
606 4481 706 4548 τὴν
763 4491 855 4539 106
911 4485 1214 4556 Πνεύματος
1261 4481 1344 4538 διὰ
1371 4490 1462 4539 106
1518 4485 1844 4561 Μονογενοῦς
1885 4482 2053 4560 ὕπαρ-

2144 4485 2376 4565 qualem
2411 4457 2520 4543 nos
2550 4457 2925 4542 severissime
2954 4479 3256 4556 exigentes
3287 4497 3394 4560 per
3423 4477 3611 4558 ipsam
3644 4457 3790 4538 v'eri-

417 4570 492 4638 ξιν
558 4571 618 4628 06
673 4570 884 4633 πάντως
929 4567 1156 4638 οὖσιώδη
1216 4573 1303 4628 καὶ
1357 4571 1606 4650 φυσικὴν,
1658 4573 1843 4629 ὁποίαν
1898 4574 2053 4647 ἡμεῖς

2150 4579 2330 4634 latum
2391 4570 2792 4632 decernimus.
2820 4568 2890 4630 Et
2929 4569 3237 4648 praesentis
3288 4567 3407 4628 mei
3451 4566 3592 4629 dicti
3625 4565 3790 4628 testis

417 4660 793 4740 ἀπαραιτήτως
850 4661 1302 4740 εἰσπραττόμενοί,
1357 4661 1488 4739 πρὸς
1554 4661 1718 4728 αὗτῆς
1779 4664 1876 4728 τῆς
1921 4659 2062 4727 ἀλη-

417 4749 558 4815 θείας
629 4747 1050 4826 ἀπτφαινόμεθα.
1124 4749 1219 4806 Καὶ
1277 4749 1474 4827 μάρτυς
1529 4772 1618 4823 μοι
1678 4757 1768 4806 τοῦ
1806 4750 2064 4829 παρόντος

419 4836 580 4916 λόγου
637 4839 698 4914 τὸ
770 4843 874 4893 πᾶν
923 4836 1358 4916 ἀπαράγραπτος,
1416 4839 1497 4893 ὃτι
1539 4837 1828 4917 παροδικὴν
1882 4859 2060 4895 τοιου-

418 4925 690 5004 τοτρόπως
772 4923 968 4981 ἐοίκασι
1051 4926 1152 4989 τὴν
1234 4921 1310 4979 δι’
1397 4927 1517 4983 Υἱοῦ
1583 4932 1675 4982 τοῦ
1758 4925 2062 5001 Πνεῦματος

419 5013 611 5082 δηλοῦν
665 5013 904 5092 ὕπαρξιν,
966 5015 994 5069 ὁ
1050 5015 1116 5068 τα
1185 5017 1305 5071 θεῖα
1345 5011 1510 5077 πολύς
1563 5015 1651 5070 καὶ
1687 5013 1855 5091 μέγας
1901 5013 2050 5070 Βατί-

420 5101 586 5174 λειος,
645 5100 704 5159 ὅν
774 5104 829 5157 tv
885 5107 963 5176 τῷ
991 5100 1219 5176 πέμπτῳ
1246 5108 1352 5160 τῶν
1380 5105 1513 5182 πρὸς
1549 5105 1638 5160 τὸν
1680 5105 1817 5182 ἱερὸν
1874 5100 2062 5182 Ἀμτριο

419 5190 608 5270 λόχιον
705 5189 1028 5270 κεφαλαίων,
1114 5193 1232 5271 περὶ
1316 5194 1475 5272 οὗπερ
1548 5191 1742 5248 ἄνωθεν
1811 5190 2068 5257 πολλάκις

424 5277 687 5356 διέλαϐον,
746 5279 940 5358 τρόπον
1010 5278 1068 5334 ὅν
1113 5282 1419 5360 προείρηταί
1464 5303 1578 5357 μοι,
1623 5283 1746 5360 τὴν,
1792 5280 2067 5359 γεννώμε-

421 5391 505 5433 νος
582 5368 639 5426 ix
687 5369 958 5447 γυναικὸς,
1018 5368 1376 5438 ἀποστολικὴν
1432 5370 1584 5448 ῥησιν
1648 5369 2066 5448 ἐξηγησάμενος,

421 5455 843 5533 έπαναλαμϐάνει
886 5459 977 5513 τὸν
1019 5455 1199 5538 λόγον,
1261 5461 1350 5516 καὶ
1392 5459 1550 5516 πάλιν
1615 5459 1752 5517 οὕτω
1837 5457 2066 5524 ιέΞεισιν⁶

427 5547 578 5606 Ἀλλ’
635 5545 800 5622 ⁴ὅμως
869 5545 1087 5604 ἰνταῦθα
1145 5550 1280 5622 ὁμοῦ
1350 5549 1448 5623 μὲν
1505 5551 1566 5607 τὸ
1639 5547 1918 5628 ἀδιάφορον
1971 5553 2069 5616 τῆς

422 5637 674 5718 χρήσεως
749 5632 1158 5718 ἐνδεικνύμενος,
1248 5639 1380 5714 ὁμοῦ
1449 5633 1500 5692 δὲ
1703 5638 1767 5706 τ)
1859 5635 2070 5714 σφᾴλμα

2147 4661 2305 4723 adsit
2337 4661 2496 4720 omni
2531 4657 2877 4739 exceptione
2909 4658 3124 4738 major,
3157 4658 3270 4720 hoc
3307 4656 3482 4718 modo
3505 4656 3784 4717 transito-

2146 4751 2298 4812 riam
2331 4746 2586 4828 Spiritus
2619 4766 2725 4828 per
2752 4747 2967 4824 Filium
3001 4747 3402 4808 exsistentiam
3438 4744 3783 4824 signiﬁcari,

2148 4839 2209 4898 in
2251 4837 2432 4898 rebus
2457 4835 2673 4899 divinas
2703 4834 2958 4897 eximius
2989 4852 3351 4914 magnusque
3386 4834 3660 4908 Basilius,
3690 4833 3793 4913 qui

2148 4925 2354 5006 quinto
2378 4924 2450 4986 ad
2477 4923 2956 5004 Amphilochium
2981 4925 3194 5004 capite,
3225 4925 3394 5002 cujus
3419 4939 3600 5002 supra
3627 4939 3793 4981 men-

2149 5015 2230 5076 tio
2249 5033 2284 5076 a
2301 5032 2392 5076 me
2415 5013 2656 5075 inducta
2682 5013 2977 5085 est,modo
3000 5032 3117 5094 quo
3138 5011 3551 5087 indicavimus,
3567 5010 3790 5072 dictum

2150 5103 2556 5184 Apostolicum
2579 5111 2761 5164 natus
2782 5119 2861 5164 ea:
2877 5101 3130 5165 muliere
3154 5120 3288 5164 cum
3315 5101 3796 5174 declarasset,re-

2151 5211 2394 5254 sumens
2424 5191 2976 5273 sermonem,verba
2995 5191 3080 5252 sic
3095 5190 3678 5268 iterat:0uamquam
3697 5189 3795 5250 hic

2152 5283 2477 5361 Apostolus
2487 5283 2678 5343 simul
2698 5282 3019 5343 ostendens
3037 5281 3337 5342 diversum
3351 5280 3572 5342 harum
3590 5294 3793 5339 vocum

2154 5390 2350 5440 usum,
2375 5369 2561 5434 simul
2581 5371 2774 5433 obiter
2791 5372 3099 5446 corrigens
3115 5368 3516 5449 quorumdam
3531 5382 3796 5429 errorem

2153 5461 2639 5523 existimantium
2659 5460 2906 5522 Domini
2930 5476 3115 5539 corpu
3135 5475 3263 5520 esse
3277 5455 3690 5535 spirituale,ut
3707 5472 3796 5517 os-

2155 5549 2423 5610 tenderet
2443 5565 2685 5610 cunmm
2695 5549 2802 5610 Dei
2812 5555 3286 5626 gestatricem.ex
3304 5547 3576 5632 human'a
3597 5559 3799 5606 masm

2152 5643 2493 5710 concretam
2512 5637 2715 5716 fuisse,
2746 5637 2961 5702 maluit
2979 5639 3073 5700 uti
3094 5634 3266 5699 verba
3287 5633 3793 5714 signiﬁcantiore.
