  <div class='ocr_page' id='page_1' title='image "/cluster/home/n/w/nwhite01/storage/ocr_20150623/141/mdp.39015078384206/585.png"; bbox 0 0 4176 6290; ppageno 0'>
   <div class='ocr_carea' id='block_1_1' title="bbox 534 355 685 418">
    <p class='ocr_par' dir='ltr' id='par_1_1' title="bbox 534 355 685 418">
     <span class='ocr_line' id='line_1_1' title="bbox 534 355 685 418; baseline -0.026 0"><span class='ocrx_word' id='word_1_1' title='bbox 534 355 685 418; x_wconf 75' lang='grc'><strong>1155</strong></span> 
     </span>
    </p>
   </div>
   <div class='ocr_carea' id='block_1_2' title="bbox 525 570 2166 650">
    <p class='ocr_par' dir='ltr' id='par_1_2' title="bbox 525 570 2166 650">
     <span class='ocr_line' id='line_1_2' title="bbox 525 570 2166 650; baseline -0.006 -12"><span class='ocrx_word' id='word_1_2' title='bbox 525 578 869 639; x_wconf 67' lang='lat' dir='ltr'><strong>iterationis</strong></span> <span class='ocrx_word' id='word_1_3' title='bbox 900 573 1268 637; x_wconf 81' lang='lat' dir='ltr'><strong>intellectum</strong></span> <span class='ocrx_word' id='word_1_4' title='bbox 1301 578 1471 634; x_wconf 81' lang='lat' dir='ltr'><strong>erant</strong></span> <span class='ocrx_word' id='word_1_5' title='bbox 1495 571 2028 650; x_wconf 55' lang='lat' dir='ltr'><strong>signiﬁcaturwmt</strong></span> <span class='ocrx_word' id='word_1_6' title='bbox 2051 570 2166 640; x_wconf 70' lang='lat' dir='ltr'><strong>hae,</strong></span> 
     </span>
    </p>
   </div>
   <div class='ocr_carea' id='block_1_3' title="bbox 525 659 2171 744">
    <p class='ocr_par' dir='ltr' id='par_1_3' title="bbox 525 659 2171 744">
     <span class='ocr_line' id='line_1_3' title="bbox 525 659 2171 744; baseline -0.007 -17"><span class='ocrx_word' id='word_1_7' title='bbox 525 685 599 728; x_wconf 80' lang='lat' dir='ltr'><strong>ea:</strong></span> <span class='ocrx_word' id='word_1_8' title='bbox 627 665 903 744; x_wconf 77' lang='lat' dir='ltr'><strong>muliere,</strong></span> <span class='ocrx_word' id='word_1_9' title='bbox 934 664 1296 743; x_wconf 76' lang='lat' dir='ltr'><strong>sufficienter</strong></span> <span class='ocrx_word' id='word_1_10' title='bbox 1335 659 1649 722; x_wconf 72' lang='lat' dir='ltr'><strong>declarant</strong></span> <span class='ocrx_word' id='word_1_11' title='bbox 1698 659 2171 721; x_wconf 74' lang='lat' dir='ltr'><strong>communionem</strong></span> 
     </span>
    </p>
   </div>
   <div class='ocr_carea' id='block_1_4' title="bbox 525 747 2168 830">
    <p class='ocr_par' dir='ltr' id='par_1_4' title="bbox 525 747 2168 830">
     <span class='ocr_line' id='line_1_4' title="bbox 525 747 2168 830; baseline -0.006 -14"><span class='ocrx_word' id='word_1_12' title='bbox 525 765 762 816; x_wconf 65' lang='lat' dir='ltr'><strong>natura</strong></span> <span class='ocrx_word' id='word_1_13' title='bbox 780 755 992 830; x_wconf 79' lang='lat' dir='ltr'><strong>genitae</strong></span> <span class='ocrx_word' id='word_1_14' title='bbox 1014 769 1148 813; x_wconf 84' lang='lat' dir='ltr'><strong>cum</strong></span> <span class='ocrx_word' id='word_1_15' title='bbox 1179 769 1273 820; x_wconf 85' lang='lat' dir='ltr'><strong>ca,</strong></span> <span class='ocrx_word' id='word_1_16' title='bbox 1309 767 1443 829; x_wconf 74' lang='lat' dir='ltr'><strong>quw</strong></span> <span class='ocrx_word' id='word_1_17' title='bbox 1466 749 1673 826; x_wconf 76' lang='lat' dir='ltr'><strong>genuit</strong></span> <span class='ocrx_word' id='word_1_18' title='bbox 1698 770 1715 809; x_wconf 92' lang='lat'><em>:</em></span> <span class='ocrx_word' id='word_1_19' title='bbox 1745 767 1858 810; x_wconf 83' lang='lat' dir='ltr'><strong>non</strong></span> <span class='ocrx_word' id='word_1_20' title='bbox 1883 747 2042 828; x_wconf 81' lang='lat' dir='ltr'><strong>quod</strong></span> <span class='ocrx_word' id='word_1_21' title='bbox 2070 765 2168 807; x_wconf 83' lang='lat' dir='ltr'><strong>se-</strong></span> 
     </span>
    </p>
   </div>
   <div class='ocr_carea' id='block_1_5' title="bbox 525 835 2166 922">
    <p class='ocr_par' dir='ltr' id='par_1_5' title="bbox 525 835 2166 922">
     <span class='ocr_line' id='line_1_5' title="bbox 525 835 2166 922; baseline -0.004 -19"><span class='ocrx_word' id='word_1_22' title='bbox 525 862 656 904; x_wconf 84' lang='lat' dir='ltr'><strong>cum</strong></span> <span class='ocrx_word' id='word_1_23' title='bbox 689 841 1358 922; x_wconf 77' lang='lat' dir='ltr'><strong>pugnetAposto/us,scd</strong></span> <span class='ocrx_word' id='word_1_24' title='bbox 1381 838 1639 900; x_wconf 75' lang='lat' dir='ltr'><strong>ostendit</strong></span> <span class='ocrx_word' id='word_1_25' title='bbox 1669 838 1776 899; x_wconf 79' lang='lat' dir='ltr'><strong>has</strong></span> <span class='ocrx_word' id='word_1_26' title='bbox 1805 855 1966 899; x_wconf 78' lang='lat' dir='ltr'><strong>voces</strong></span> <span class='ocrx_word' id='word_1_27' title='bbox 1985 835 2166 915; x_wconf 72' lang='lat' dir='ltr'><strong>ﬂicile</strong></span> 
     </span>
    </p>
   </div>
   <div class='ocr_carea' id='block_1_6' title="bbox 523 924 2162 1006">
    <p class='ocr_par' dir='ltr' id='par_1_6' title="bbox 523 924 2162 1006">
     <span class='ocr_line' id='line_1_6' title="bbox 523 924 2162 1006; baseline -0.005 -15"><span class='ocrx_word' id='word_1_28' title='bbox 523 933 639 991; x_wconf 77' lang='lat' dir='ltr'><strong>sibi</strong></span> <span class='ocrx_word' id='word_1_29' title='bbox 664 931 920 992; x_wconf 72' lang='lat' dir='ltr'><strong>vicissim</strong></span> <span class='ocrx_word' id='word_1_30' title='bbox 951 926 1251 991; x_wconf 76' lang='lat' dir='ltr'><strong>cedere.Et</strong></span> <span class='ocrx_word' id='word_1_31' title='bbox 1282 928 1405 988; x_wconf 79' lang='lat' dir='ltr'><strong>haec</strong></span> <span class='ocrx_word' id='word_1_32' title='bbox 1437 926 1679 1006; x_wconf 85' lang='lat' dir='ltr'><strong>quidem</strong></span> <span class='ocrx_word' id='word_1_33' title='bbox 1718 945 1963 1004; x_wconf 78' lang='lat' dir='ltr'><strong>magnus</strong></span> <span class='ocrx_word' id='word_1_34' title='bbox 1994 924 2162 986; x_wconf 52' lang='lat' dir='ltr'><strong>Bisi-</strong></span> 
     </span>
    </p>
   </div>
   <div class='ocr_carea' id='block_1_7' title="bbox 529 1013 2162 1097">
    <p class='ocr_par' dir='ltr' id='par_1_7' title="bbox 529 1013 2162 1097">
     <span class='ocr_line' id='line_1_7' title="bbox 529 1013 2162 1097; baseline -0.004 -18"><span class='ocrx_word' id='word_1_35' title='bbox 529 1020 662 1090; x_wconf 90' lang='lat' dir='ltr'><strong>Iius,</strong></span> <span class='ocrx_word' id='word_1_36' title='bbox 709 1026 766 1080; x_wconf 91' lang='lat' dir='ltr'><strong>et</strong></span> <span class='ocrx_word' id='word_1_37' title='bbox 806 1036 939 1097; x_wconf 80' lang='lat' dir='ltr'><strong>per,</strong></span> <span class='ocrx_word' id='word_1_38' title='bbox 973 1036 1102 1095; x_wconf 66' lang='lat' dir='ltr'><strong>quae</strong></span> <span class='ocrx_word' id='word_1_39' title='bbox 1160 1016 1601 1078; x_wconf 73' lang='lat' dir='ltr'><strong>meditationem</strong></span> <span class='ocrx_word' id='word_1_40' title='bbox 1663 1013 1962 1092; x_wconf 85' lang='lat' dir='ltr'><strong>importat,</strong></span> <span class='ocrx_word' id='word_1_41' title='bbox 1999 1013 2162 1093; x_wconf 90' lang='lat' dir='ltr'><strong>quasi</strong></span> 
     </span>
    </p>
   </div>
   <div class='ocr_carea' id='block_1_8' title="bbox 531 1103 2166 1183">
    <p class='ocr_par' dir='ltr' id='par_1_8' title="bbox 531 1103 2166 1183">
     <span class='ocr_line' id='line_1_8' title="bbox 531 1103 2166 1183; baseline -0.005 -15"><span class='ocrx_word' id='word_1_42' title='bbox 531 1107 933 1170; x_wconf 86' lang='lat' dir='ltr'><strong>transitorium</strong></span> <span class='ocrx_word' id='word_1_43' title='bbox 969 1107 1211 1175; x_wconf 78' lang='lat' dir='ltr'><strong>indicet,</strong></span> <span class='ocrx_word' id='word_1_44' title='bbox 1245 1104 1535 1183; x_wconf 80' lang='lat' dir='ltr'><strong>agnoscit.</strong></span> <span class='ocrx_word' id='word_1_45' title='bbox 1568 1122 1701 1164; x_wconf 89' lang='lat' dir='ltr'><strong>cum</strong></span> <span class='ocrx_word' id='word_1_46' title='bbox 1742 1103 1915 1164; x_wconf 89' lang='lat' dir='ltr'><strong>etiam</strong></span> <span class='ocrx_word' id='word_1_47' title='bbox 1953 1103 2011 1162; x_wconf 91' lang='lat' dir='ltr'><strong>in</strong></span> <span class='ocrx_word' id='word_1_48' title='bbox 2047 1103 2166 1162; x_wconf 88' lang='lat' dir='ltr'><strong>illis</strong></span> 
     </span>
    </p>
   </div>
   <div class='ocr_carea' id='block_1_9' title="bbox 529 1191 2162 1278">
    <p class='ocr_par' dir='ltr' id='par_1_9' title="bbox 529 1191 2162 1278">
     <span class='ocr_line' id='line_1_9' title="bbox 529 1191 2162 1278; baseline -0.004 -20"><span class='ocrx_word' id='word_1_49' title='bbox 529 1199 585 1258; x_wconf 90' lang='lat' dir='ltr'><strong>in</strong></span> <span class='ocrx_word' id='word_1_50' title='bbox 617 1196 829 1278; x_wconf 88' lang='lat' dir='ltr'><strong>quibus</strong></span> <span class='ocrx_word' id='word_1_51' title='bbox 856 1215 959 1274; x_wconf 64' lang='grc' dir='ltr'><strong>Μ’,</strong></span> <span class='ocrx_word' id='word_1_52' title='bbox 996 1195 1116 1254; x_wconf 88' lang='lat' dir='ltr'><strong>ullo</strong></span> <span class='ocrx_word' id='word_1_53' title='bbox 1151 1193 1325 1253; x_wconf 88' lang='lat' dir='ltr'><strong>modo</strong></span> <span class='ocrx_word' id='word_1_54' title='bbox 1359 1192 1550 1253; x_wconf 91' lang='lat' dir='ltr'><strong>locum</strong></span> <span class='ocrx_word' id='word_1_55' title='bbox 1589 1191 1808 1252; x_wconf 82' lang='lat' dir='ltr'><strong>habere.</strong></span> <span class='ocrx_word' id='word_1_56' title='bbox 1863 1210 2037 1270; x_wconf 86' lang='lat' dir='ltr'><strong>posse</strong></span> <span class='ocrx_word' id='word_1_57' title='bbox 2061 1191 2162 1251; x_wconf 85' lang='lat' dir='ltr'><strong>de-</strong></span> 
     </span>
    </p>
   </div>
   <div class='ocr_carea' id='block_1_10' title="bbox 531 1279 2171 1360">
    <p class='ocr_par' dir='ltr' id='par_1_10' title="bbox 531 1279 2171 1360">
     <span class='ocr_line' id='line_1_10' title="bbox 531 1279 2171 1360; baseline -0.005 -12"><span class='ocrx_word' id='word_1_58' title='bbox 531 1286 816 1348; x_wconf 88' lang='lat' dir='ltr'><strong>cernitur.</strong></span> <span class='ocrx_word' id='word_1_59' title='bbox 854 1285 1000 1356; x_wconf 83' lang='lat' dir='ltr'><strong>Quis</strong></span> <span class='ocrx_word' id='word_1_60' title='bbox 1034 1301 1172 1343; x_wconf 81' lang='lat' dir='ltr'><strong>vero</strong></span> <span class='ocrx_word' id='word_1_61' title='bbox 1207 1301 1274 1342; x_wconf 73' lang='lat' dir='ltr'><strong>ex</strong></span> <span class='ocrx_word' id='word_1_62' title='bbox 1306 1280 1553 1360; x_wconf 89' lang='lat' dir='ltr'><strong>illis,qui</strong></span> <span class='ocrx_word' id='word_1_63' title='bbox 1585 1290 1804 1341; x_wconf 87' lang='lat' dir='ltr'><strong>rectam</strong></span> <span class='ocrx_word' id='word_1_64' title='bbox 1834 1281 1906 1340; x_wconf 89' lang='lat' dir='ltr'><strong>de</strong></span> <span class='ocrx_word' id='word_1_65' title='bbox 1937 1279 2171 1358; x_wconf 80' lang='lat' dir='ltr'><strong>dogma-</strong></span> 
     </span>
    </p>
   </div>
   <div class='ocr_carea' id='block_1_11' title="bbox 531 1369 2170 1448">
    <p class='ocr_par' dir='ltr' id='par_1_11' title="bbox 531 1369 2170 1448">
     <span class='ocr_line' id='line_1_11' title="bbox 531 1369 2170 1448; baseline -0.006 -12"><span class='ocrx_word' id='word_1_66' title='bbox 531 1386 584 1436; x_wconf 92' lang='lat' dir='ltr'><strong>te</strong></span> <span class='ocrx_word' id='word_1_67' title='bbox 598 1374 957 1436; x_wconf 87' lang='lat' dir='ltr'><strong>scntientem</strong></span> <span class='ocrx_word' id='word_1_68' title='bbox 983 1371 1156 1432; x_wconf 87' lang='lat' dir='ltr'><strong>vitam</strong></span> <span class='ocrx_word' id='word_1_69' title='bbox 1181 1370 1403 1430; x_wconf 77' lang='lat' dir='ltr'><strong>ducere</strong></span> <span class='ocrx_word' id='word_1_70' title='bbox 1424 1369 1534 1429; x_wconf 84' lang='lat' dir='ltr'><strong>sibi</strong></span> <span class='ocrx_word' id='word_1_71' title='bbox 1553 1379 2170 1448; x_wconf 86' lang='lat' dir='ltr'><strong>proposuerunt,tran-</strong></span> 
     </span>
    </p>
   </div>
   <div class='ocr_carea' id='block_1_12' title="bbox 529 1458 2170 1542">
    <p class='ocr_par' dir='ltr' id='par_1_12' title="bbox 529 1458 2170 1542">
     <span class='ocr_line' id='line_1_12' title="bbox 529 1458 2170 1542; baseline -0.005 -17"><span class='ocrx_word' id='word_1_72' title='bbox 529 1465 791 1525; x_wconf 88' lang='lat' dir='ltr'><strong>sitoriam</strong></span> <span class='ocrx_word' id='word_1_73' title='bbox 826 1479 1068 1542; x_wconf 82' lang='lat' dir='ltr'><strong>prorsus</strong></span> <span class='ocrx_word' id='word_1_74' title='bbox 1105 1458 1358 1538; x_wconf 77' lang='lat' dir='ltr'><strong>Spiritus</strong></span> <span class='ocrx_word' id='word_1_75' title='bbox 1390 1461 1571 1519; x_wconf 80' lang='lat' dir='ltr'><strong>sancti</strong></span> <span class='ocrx_word' id='word_1_76' title='bbox 1623 1458 2029 1519; x_wconf 86' lang='lat' dir='ltr'><strong>exsistentiam</strong></span> <span class='ocrx_word' id='word_1_77' title='bbox 2065 1475 2170 1535; x_wconf 89' lang='lat' dir='ltr'><strong>per</strong></span> 
     </span>
    </p>
   </div>
   <div class='ocr_carea' id='block_1_13' title="bbox 535 1545 2167 1630">
    <p class='ocr_par' dir='ltr' id='par_1_13' title="bbox 535 1545 2167 1630">
     <span class='ocr_line' id='line_1_13' title="bbox 535 1545 2167 1630; baseline -0.007 -15"><span class='ocrx_word' id='word_1_78' title='bbox 535 1551 910 1630; x_wconf 82' lang='lat' dir='ltr'><strong>Unigenitum</strong></span> <span class='ocrx_word' id='word_1_79' title='bbox 961 1555 1176 1620; x_wconf 76' lang='lat' dir='ltr'><strong>leni-at,</strong></span> <span class='ocrx_word' id='word_1_80' title='bbox 1232 1547 1379 1607; x_wconf 88' lang='lat' dir='ltr'><strong>adeo</strong></span> <span class='ocrx_word' id='word_1_81' title='bbox 1410 1555 1470 1606; x_wconf 91' lang='lat' dir='ltr'><strong>ut</strong></span> <span class='ocrx_word' id='word_1_82' title='bbox 1503 1547 1642 1606; x_wconf 90' lang='lat' dir='ltr'><strong>inde</strong></span> <span class='ocrx_word' id='word_1_83' title='bbox 1675 1546 1772 1606; x_wconf 87' lang='lat' dir='ltr'><strong>hic</strong></span> <span class='ocrx_word' id='word_1_84' title='bbox 1800 1545 2167 1623; x_wconf 77' lang='lat' dir='ltr'><strong>intelligatur</strong></span> 
     </span>
    </p>
   </div>
   <div class='ocr_carea' id='block_1_14' title="bbox 533 1635 2157 1716">
    <p class='ocr_par' dir='ltr' id='par_1_14' title="bbox 533 1635 2157 1716">
     <span class='ocr_line' id='line_1_14' title="bbox 533 1635 2157 1716; baseline -0.005 -15"><span class='ocrx_word' id='word_1_85' title='bbox 533 1641 684 1700; x_wconf 80' lang='lat' dir='ltr'><strong>male.</strong></span> <span class='ocrx_word' id='word_1_86' title='bbox 713 1639 957 1708; x_wconf 77' lang='lat' dir='ltr'><strong>deforis,</strong></span> <span class='ocrx_word' id='word_1_87' title='bbox 993 1645 1048 1697; x_wconf 92' lang='lat' dir='ltr'><strong>et</strong></span> <span class='ocrx_word' id='word_1_88' title='bbox 1093 1639 1148 1696; x_wconf 92' lang='lat' dir='ltr'><strong>in</strong></span> <span class='ocrx_word' id='word_1_89' title='bbox 1188 1635 1442 1716; x_wconf 77' lang='lat' dir='ltr'><strong>aliquem</strong></span> <span class='ocrx_word' id='word_1_90' title='bbox 1488 1635 1802 1696; x_wconf 86' lang='lat' dir='ltr'><strong>ministerii</strong></span> <span class='ocrx_word' id='word_1_91' title='bbox 1860 1653 2031 1696; x_wconf 91' lang='lat' dir='ltr'><strong>usum</strong></span> <span class='ocrx_word' id='word_1_92' title='bbox 2068 1635 2157 1694; x_wconf 64' lang='lat' dir='ltr'><strong>inn</strong></span> 
     </span>
    </p>
   </div>
   <div class='ocr_carea' id='block_1_15' title="bbox 531 1724 2161 1804">
    <p class='ocr_par' dir='ltr' id='par_1_15' title="bbox 531 1724 2161 1804">
     <span class='ocr_line' id='line_1_15' title="bbox 531 1724 2161 1804; baseline -0.004 -13"><span class='ocrx_word' id='word_1_93' title='bbox 531 1729 841 1791; x_wconf 71' lang='lat' dir='ltr'><strong>tromissus</strong></span> <span class='ocrx_word' id='word_1_94' title='bbox 873 1737 930 1787; x_wconf 88' lang='lat' dir='ltr'><strong>et</strong></span> <span class='ocrx_word' id='word_1_95' title='bbox 961 1746 1076 1786; x_wconf 89' lang='lat' dir='ltr'><strong>non</strong></span> <span class='ocrx_word' id='word_1_96' title='bbox 1102 1724 1449 1786; x_wconf 79' lang='lat' dir='ltr'><strong>naturaliter</strong></span> <span class='ocrx_word' id='word_1_97' title='bbox 1478 1743 1734 1804; x_wconf 80' lang='lat' dir='ltr'><strong>vereque</strong></span> <span class='ocrx_word' id='word_1_98' title='bbox 1766 1733 1822 1784; x_wconf 90' lang='lat' dir='ltr'><strong>et</strong></span> <span class='ocrx_word' id='word_1_99' title='bbox 1870 1725 2161 1785; x_wconf 88' lang='lat' dir='ltr'><strong>essentia-</strong></span> 
     </span>
    </p>
   </div>
   <div class='ocr_carea' id='block_1_16' title="bbox 1647 343 2764 414">
    <p class='ocr_par' dir='ltr' id='par_1_16' title="bbox 1647 343 2764 414">
     <span class='ocr_line' id='line_1_16' title="bbox 1647 343 2764 414; baseline -0.004 0"><span class='ocrx_word' id='word_1_100' title='bbox 1647 343 2166 414; x_wconf 79' lang='lat' dir='ltr'><strong>CONSTANTINI</strong></span> <span class='ocrx_word' id='word_1_101' title='bbox 2212 347 2764 411; x_wconf 49' lang='lat' dir='ltr'><strong>MELITENIOTJ</strong></span> 
     </span>
    </p>
   </div>
   <div class='ocr_carea' id='block_1_17' title="bbox 528 479 2156 564">
    <p class='ocr_par' dir='ltr' id='par_1_17' title="bbox 528 482 2156 564">
     <span class='ocr_line' id='line_1_17' title="bbox 528 482 2156 564; baseline -0.006 -14"><span class='ocrx_word' id='word_1_102' title='bbox 528 488 683 550; x_wconf 79' lang='lat' dir='ltr'><strong>Nam</strong></span> <span class='ocrx_word' id='word_1_103' title='bbox 709 488 802 550; x_wconf 68' lang='lat' dir='ltr'><strong>hae</strong></span> <span class='ocrx_word' id='word_1_104' title='bbox 826 487 1252 564; x_wconf 76' lang='lat' dir='ltr'><strong>dictiones,per</strong></span> <span class='ocrx_word' id='word_1_105' title='bbox 1271 482 2051 562; x_wconf 81' lang='lat' dir='ltr'><strong>mulierem,trausilorium</strong></span> <span class='ocrx_word' id='word_1_106' title='bbox 2066 498 2156 560; x_wconf 90' lang='lat' dir='ltr'><strong>ge-</strong></span> 
     </span>
    </p>
   </div>
   <div class='ocr_carea' id='block_1_18' title="bbox 2241 479 2946 564">
    <p class='ocr_par' dir='ltr' id='par_1_18' title="bbox 2258 479 2946 559">
     <span class='ocr_line' id='line_1_18' title="bbox 2258 479 2946 559; baseline 0.004 -25"><span class='ocrx_word' id='word_1_107' title='bbox 2258 485 2410 535; x_wconf 81' lang='grc' dir='ltr'>τινῶν</span> <span class='ocrx_word' id='word_1_108' title='bbox 2495 480 2550 536; x_wconf 75' lang='grc' dir='ltr'>ἐν</span> <span class='ocrx_word' id='word_1_109' title='bbox 2633 479 2946 559; x_wconf 84' lang='grc' dir='ltr'>παραδρομῇ</span> 
     </span>
    </p>
   </div>
   <div class='ocr_carea' id='block_1_19' title="bbox 3724 349 3869 411">
    <p class='ocr_par' dir='ltr' id='par_1_19' title="bbox 3724 349 3869 411">
     <span class='ocr_line' id='line_1_19' title="bbox 3724 349 3869 411; baseline 0.021 -3"><span class='ocrx_word' id='word_1_110' title='bbox 3724 349 3869 411; x_wconf 71' lang='grc'><strong>1156</strong></span> 
     </span>
    </p>
   </div>
   <div class='ocr_carea' id='block_1_20' title="bbox 3043 479 3890 559">
    <p class='ocr_par' dir='ltr' id='par_1_20' title="bbox 3043 479 3890 559">
     <span class='ocr_line' id='line_1_20' title="bbox 3043 479 3890 559; baseline -0.002 -23"><span class='ocrx_word' id='word_1_111' title='bbox 3043 479 3402 559; x_wconf 77' lang='grc' dir='ltr'>διορθοὺμενος</span> <span class='ocrx_word' id='word_1_112' title='bbox 3489 489 3588 538; x_wconf 80' lang='grc' dir='ltr'>τῶν</span> <span class='ocrx_word' id='word_1_113' title='bbox 3645 481 3890 555; x_wconf 73' lang='grc' dir='ltr'><strong>οἰομένων</strong></span> 
     </span>
    </p>
   </div>
   <div class='ocr_carea' id='block_1_21' title="bbox 2254 566 3892 648">
    <p class='ocr_par' dir='ltr' id='par_1_21' title="bbox 2254 566 3892 648">
     <span class='ocr_line' id='line_1_21' title="bbox 2254 566 3892 648; baseline 0 -25"><span class='ocrx_word' id='word_1_114' title='bbox 2254 571 2606 644; x_wconf 76' lang='grc' dir='ltr'>πνευματικὸν</span> <span class='ocrx_word' id='word_1_115' title='bbox 2663 573 2803 625; x_wconf 82' lang='grc' dir='ltr'>εἶναι</span> <span class='ocrx_word' id='word_1_116' title='bbox 2857 581 2950 628; x_wconf 81' lang='grc' dir='ltr'>τοῦ</span> <span class='ocrx_word' id='word_1_117' title='bbox 2997 572 3180 648; x_wconf 79' lang='grc' dir='ltr'>Κυρίου</span> <span class='ocrx_word' id='word_1_118' title='bbox 3235 572 3296 626; x_wconf 78' lang='grc' dir='ltr'><strong>τὸ</strong></span> <span class='ocrx_word' id='word_1_119' title='bbox 3369 575 3546 644; x_wconf 85' lang='grc' dir='ltr'>σῶμα,</span> <span class='ocrx_word' id='word_1_120' title='bbox 3607 569 3700 625; x_wconf 69' lang='grc' dir='ltr'>’ἕνα</span> <span class='ocrx_word' id='word_1_121' title='bbox 3760 566 3892 644; x_wconf 76' lang='grc' dir='ltr'>δείξῃ</span> 
     </span>
    </p>
   </div>
   <div class='ocr_carea' id='block_1_22' title="bbox 2253 654 3890 739">
    <p class='ocr_par' dir='ltr' id='par_1_22' title="bbox 2253 654 3890 739">
     <span class='ocr_line' id='line_1_22' title="bbox 2253 654 3890 739; baseline 0.001 -28"><span class='ocrx_word' id='word_1_122' title='bbox 2253 654 2330 712; x_wconf 81' lang='grc' dir='ltr'><strong>ὅτι</strong></span> <span class='ocrx_word' id='word_1_123' title='bbox 2390 657 2449 713; x_wconf 68' lang='grc' dir='ltr'>ἐκ</span> <span class='ocrx_word' id='word_1_124' title='bbox 2517 665 2608 715; x_wconf 81' lang='grc' dir='ltr'>τοῦ</span> <span class='ocrx_word' id='word_1_125' title='bbox 2693 659 3009 736; x_wconf 71' lang='grc' dir='ltr'><strong>ἀνθρωπείου</strong></span> <span class='ocrx_word' id='word_1_126' title='bbox 3118 657 3419 739; x_wconf 57' lang='grc' dir='ltr'>φυράματος</span> <span class='ocrx_word' id='word_1_127' title='bbox 3521 660 3556 725; x_wconf 78' lang='grc' dir='ltr'><strong>ἡ</strong></span> <span class='ocrx_word' id='word_1_128' title='bbox 3646 657 3890 736; x_wconf 61' lang='grc' dir='ltr'>θεοφόρος</span> 
     </span>
    </p>
   </div>
   <div class='ocr_carea' id='block_1_23' title="bbox 2254 744 3889 826">
    <p class='ocr_par' dir='ltr' id='par_1_23' title="bbox 2254 744 3889 826">
     <span class='ocr_line' id='line_1_23' title="bbox 2254 744 3889 826; baseline -0.002 -23"><span class='ocrx_word' id='word_1_129' title='bbox 2254 744 2376 824; x_wconf 76' lang='grc' dir='ltr'>σὰρξ</span> <span class='ocrx_word' id='word_1_130' title='bbox 2508 748 2802 826; x_wconf 78' lang='grc' dir='ltr'>συνεπάγη,</span> <span class='ocrx_word' id='word_1_131' title='bbox 2915 751 3014 816; x_wconf 74' lang='grc' dir='ltr'><strong>τὴν</strong></span> <span class='ocrx_word' id='word_1_132' title='bbox 3139 748 3235 826; x_wconf 74' lang='grc' dir='ltr'>ἐκφ</span> <span class='ocrx_word' id='word_1_133' title='bbox 3243 769 3351 804; x_wconf 90' lang='grc' dir='ltr'>αντι</span> <span class='ocrx_word' id='word_1_134' title='bbox 3359 747 3588 826; x_wconf 84' lang='grc' dir='ltr'>κωτέραν</span> <span class='ocrx_word' id='word_1_135' title='bbox 3715 746 3889 825; x_wconf 70' lang='grc' dir='ltr'>φωνὴν</span> 
     </span>
    </p>
   </div>
   <div class='ocr_carea' id='block_1_24' title="bbox 2253 832 3890 914">
    <p class='ocr_par' dir='ltr' id='par_1_24' title="bbox 2253 832 3890 914">
     <span class='ocr_line' id='line_1_24' title="bbox 2253 832 3890 914; baseline -0.002 -24"><span class='ocrx_word' id='word_1_136' title='bbox 2253 856 2624 911; x_wconf 83' lang='grc' dir='ltr'>προετιμησεν.</span> <span class='ocrx_word' id='word_1_137' title='bbox 2703 841 2772 894; x_wconf 78' lang='grc' dir='ltr'><strong>Τὸ</strong></span> <span class='ocrx_word' id='word_1_138' title='bbox 2846 837 2942 910; x_wconf 74' lang='grc' dir='ltr'>μὲν</span> <span class='ocrx_word' id='word_1_139' title='bbox 2999 838 3096 914; x_wconf 68' lang='grc' dir='ltr'>γάρ</span> <span class='ocrx_word' id='word_1_140' title='bbox 3153 835 3235 892; x_wconf 77' lang='grc' dir='ltr'><strong>διὰ</strong></span> <span class='ocrx_word' id='word_1_141' title='bbox 3287 838 3532 913; x_wconf 76' lang='grc' dir='ltr'>γυναικὸς</span> <span class='ocrx_word' id='word_1_142' title='bbox 3605 832 3890 911; x_wconf 76' lang='grc' dir='ltr'>παροδικήν</span> 
     </span>
    </p>
   </div>
   <div class='ocr_carea' id='block_1_25' title="bbox 2249 921 3892 1003">
    <p class='ocr_par' dir='ltr' id='par_1_25' title="bbox 2249 921 3892 1003">
     <span class='ocr_line' id='line_1_25' title="bbox 2249 921 3892 1003; baseline -0.001 -25"><span class='ocrx_word' id='word_1_143' title='bbox 2249 921 2437 997; x_wconf 68' lang='grc' dir='ltr'>ἔμελλε</span> <span class='ocrx_word' id='word_1_144' title='bbox 2495 926 2592 992; x_wconf 78' lang='grc' dir='ltr'>τὴν</span> <span class='ocrx_word' id='word_1_145' title='bbox 2664 925 2865 982; x_wconf 69' lang='grc' dir='ltr'>’ἔννοιαν</span> <span class='ocrx_word' id='word_1_146' title='bbox 2940 931 3037 993; x_wconf 78' lang='grc' dir='ltr'>τῆς</span> <span class='ocrx_word' id='word_1_147' title='bbox 3118 925 3374 1003; x_wconf 87' lang='grc' dir='ltr'>γενέσεως</span> <span class='ocrx_word' id='word_1_148' title='bbox 3430 924 3759 995; x_wconf 65' lang='grc' dir='ltr'>ὑποφαίνειν,</span> <span class='ocrx_word' id='word_1_149' title='bbox 3836 924 3892 976; x_wconf 80' lang='grc' dir='ltr'>τὸ</span> 
     </span>
    </p>
   </div>
   <div class='ocr_carea' id='block_1_26' title="bbox 2252 1009 2294 1030">
    <p class='ocr_par' dir='ltr' id='par_1_26' title="bbox 2252 1009 2294 1030">
     <span class='ocr_line' id='line_1_26' title="bbox 2252 1009 2294 1030; baseline 0 0"><span class='ocrx_word' id='word_1_150' title='bbox 2252 1009 2294 1030; x_wconf 50' lang='grc' dir='ltr'><strong>’δε</strong></span> 
     </span>
    </p>
   </div>
   <div class='ocr_carea' id='block_1_27' title="bbox 2247 1011 3889 1091">
    <p class='ocr_par' dir='ltr' id='par_1_27' title="bbox 2247 1011 3889 1091">
     <span class='ocr_line' id='line_1_27' title="bbox 2247 1011 3889 1091; baseline -0.001 -25"><span class='ocrx_word' id='word_1_151' title='bbox 2247 1011 2301 1066; x_wconf 61' lang='grc' dir='ltr'><strong>δέ</strong></span> <span class='ocrx_word' id='word_1_152' title='bbox 2371 1011 2431 1068; x_wconf 81' lang='grc' dir='ltr'>ἐκ</span> <span class='ocrx_word' id='word_1_153' title='bbox 2485 1018 2581 1079; x_wconf 78' lang='grc' dir='ltr'>τῆς</span> <span class='ocrx_word' id='word_1_154' title='bbox 2635 1016 2878 1090; x_wconf 75' lang='grc' dir='ltr'>γυναικὸς</span> <span class='ocrx_word' id='word_1_155' title='bbox 2947 1017 3139 1079; x_wconf 78' lang='grc' dir='ltr'>ἱκανῶς</span> <span class='ocrx_word' id='word_1_156' title='bbox 3193 1011 3526 1091; x_wconf 55' lang='grc' dir='ltr'>παραδηλολ</span> <span class='ocrx_word' id='word_1_157' title='bbox 3597 1013 3698 1079; x_wconf 76' lang='grc' dir='ltr'>τὴν</span> <span class='ocrx_word' id='word_1_158' title='bbox 3773 1033 3889 1066; x_wconf 85' lang='grc' dir='ltr'>κοι-</span> 
     </span>
    </p>
   </div>
   <div class='ocr_carea' id='block_1_28' title="bbox 2251 1101 3891 1181">
    <p class='ocr_par' dir='ltr' id='par_1_28' title="bbox 2251 1101 3891 1181">
     <span class='ocr_line' id='line_1_28' title="bbox 2251 1101 3891 1181; baseline 0.001 -28"><span class='ocrx_word' id='word_1_159' title='bbox 2251 1103 2436 1156; x_wconf 86' lang='grc' dir='ltr'>νωνίαν</span> <span class='ocrx_word' id='word_1_160' title='bbox 2531 1107 2629 1169; x_wconf 73' lang='grc' dir='ltr'>τῆς</span> <span class='ocrx_word' id='word_1_161' title='bbox 2724 1104 2927 1181; x_wconf 70' lang='grc' dir='ltr'>φύσεως</span> <span class='ocrx_word' id='word_1_162' title='bbox 2999 1113 3092 1162; x_wconf 82' lang='grc' dir='ltr'>τοῦ</span> <span class='ocrx_word' id='word_1_163' title='bbox 3179 1103 3488 1178; x_wconf 76' lang='grc' dir='ltr'>τικτομένου</span> <span class='ocrx_word' id='word_1_164' title='bbox 3587 1104 3721 1181; x_wconf 83' lang='grc' dir='ltr'>πρὸς</span> <span class='ocrx_word' id='word_1_165' title='bbox 3800 1101 3891 1166; x_wconf 77' lang='grc' dir='ltr'>τὴν</span> 
     </span>
    </p>
   </div>
   <div class='ocr_carea' id='block_1_29' title="bbox 2252 1187 3893 1271">
    <p class='ocr_par' dir='ltr' id='par_1_29' title="bbox 2252 1187 3893 1271">
     <span class='ocr_line' id='line_1_29' title="bbox 2252 1187 3893 1271; baseline -0.001 -27"><span class='ocrx_word' id='word_1_166' title='bbox 2252 1192 2599 1265; x_wconf 74' lang='grc' dir='ltr'>γεννήσασαν*</span> <span class='ocrx_word' id='word_1_167' title='bbox 2689 1192 2790 1271; x_wconf 72' lang='grc' dir='ltr'><strong>οὔχ</strong></span> <span class='ocrx_word' id='word_1_168' title='bbox 2858 1192 3027 1260; x_wconf 65' lang='grc' dir='ltr'>ἰαυτῷ</span> <span class='ocrx_word' id='word_1_169' title='bbox 3108 1215 3207 1248; x_wconf 90' lang='grc' dir='ltr'><strong>που</strong></span> <span class='ocrx_word' id='word_1_170' title='bbox 3294 1193 3658 1271; x_wconf 68' lang='grc' dir='ltr'>μαχόμενος,</span> <span class='ocrx_word' id='word_1_171' title='bbox 3765 1187 3893 1244; x_wconf 76' lang='grc' dir='ltr'><strong>ἀλλά</strong></span> 
     </span>
    </p>
   </div>
   <div class='ocr_carea' id='block_1_30' title="bbox 2252 1275 3894 1358">
    <p class='ocr_par' dir='ltr' id='par_1_30' title="bbox 2252 1275 3894 1358">
     <span class='ocr_line' id='line_1_30' title="bbox 2252 1275 3894 1358; baseline -0.001 -26"><span class='ocrx_word' id='word_1_172' title='bbox 2252 1275 2450 1341; x_wconf 84' lang='grc' dir='ltr'>δεικνύς</span> <span class='ocrx_word' id='word_1_173' title='bbox 2528 1279 2607 1335; x_wconf 85' lang='grc' dir='ltr'>ὃτι</span> <span class='ocrx_word' id='word_1_174' title='bbox 2719 1279 2905 1356; x_wconf 70' lang='grc' dir='ltr'>ῥαδίως</span> <span class='ocrx_word' id='word_1_175' title='bbox 3002 1279 3259 1350; x_wconf 73' lang='grc' dir='ltr'><strong>ἀλλήλαις</strong></span> <span class='ocrx_word' id='word_1_176' title='bbox 3360 1279 3894 1358; x_wconf 74' lang='grc' dir='ltr'>ἀντεπιχωριὰζουσιν</span> 
     </span>
    </p>
   </div>
   <div class='ocr_carea' id='block_1_31' title="bbox 2251 1366 3888 1447">
    <p class='ocr_par' dir='ltr' id='par_1_31' title="bbox 2251 1366 3888 1447">
     <span class='ocr_line' id='line_1_31' title="bbox 2251 1366 3888 1447; baseline 0 -27"><span class='ocrx_word' id='word_1_177' title='bbox 2251 1369 2301 1420; x_wconf 77' lang='grc' dir='ltr'>αἱ</span> <span class='ocrx_word' id='word_1_178' title='bbox 2358 1370 2546 1446; x_wconf 80' lang='grc' dir='ltr'>φωναί.</span> <span class='ocrx_word' id='word_1_179' title='bbox 2595 1375 2817 1426; x_wconf 83' lang='grc' dir='ltr'>Τοιαῦτα</span> <span class='ocrx_word' id='word_1_180' title='bbox 2861 1370 2958 1444; x_wconf 80' lang='grc' dir='ltr'><strong>μὲν</strong></span> <span class='ocrx_word' id='word_1_181' title='bbox 2991 1372 3016 1425; x_wconf 84' lang='grc' dir='ltr'><strong>ὁ</strong></span> <span class='ocrx_word' id='word_1_182' title='bbox 3049 1369 3212 1446; x_wconf 83' lang='grc' dir='ltr'>μέγας</span> <span class='ocrx_word' id='word_1_183' title='bbox 3260 1369 3554 1447; x_wconf 85' lang='grc' dir='ltr'>Βασίλειος,</span> <span class='ocrx_word' id='word_1_184' title='bbox 3599 1369 3692 1424; x_wconf 87' lang='grc' dir='ltr'>καὶ</span> <span class='ocrx_word' id='word_1_185' title='bbox 3731 1366 3888 1429; x_wconf 59' lang='grc' dir='ltr'>οῖτως</span> 
     </span>
    </p>
   </div>
   <div class='ocr_carea' id='block_1_32' title="bbox 2253 1453 3888 1536">
    <p class='ocr_par' dir='ltr' id='par_1_32' title="bbox 2253 1453 3888 1536">
     <span class='ocr_line' id='line_1_32' title="bbox 2253 1453 3888 1536; baseline 0.001 -26"><span class='ocrx_word' id='word_1_186' title='bbox 2253 1453 2557 1534; x_wconf 76' lang='grc' dir='ltr'>ἐκδέχεσθαι</span> <span class='ocrx_word' id='word_1_187' title='bbox 2613 1458 2709 1524; x_wconf 79' lang='grc' dir='ltr'><strong>τὴν</strong></span> <span class='ocrx_word' id='word_1_188' title='bbox 2763 1455 2846 1514; x_wconf 80' lang='grc' dir='ltr'><strong>διὰ</strong></span> <span class='ocrx_word' id='word_1_189' title='bbox 2875 1459 3012 1513; x_wconf 86' lang='grc' dir='ltr'><strong>κατά</strong></span> <span class='ocrx_word' id='word_1_190' title='bbox 3042 1459 3310 1532; x_wconf 84' lang='grc' dir='ltr'>μεσιτείαν</span> <span class='ocrx_word' id='word_1_191' title='bbox 3355 1456 3692 1536; x_wconf 72' lang='grc' dir='ltr'><strong>διαγινώσκει</strong></span> <span class='ocrx_word' id='word_1_192' title='bbox 3723 1477 3888 1533; x_wconf 83' lang='grc' dir='ltr'>παρο-</span> 
     </span>
    </p>
   </div>
   <div class='ocr_carea' id='block_1_33' title="bbox 2249 1540 3890 1625">
    <p class='ocr_par' dir='ltr' id='par_1_33' title="bbox 2249 1540 3890 1625">
     <span class='ocr_line' id='line_1_33' title="bbox 2249 1540 3890 1625; baseline 0.001 -27"><span class='ocrx_word' id='word_1_193' title='bbox 2249 1540 2428 1623; x_wconf 85' lang='grc' dir='ltr'>δικῶς,</span> <span class='ocrx_word' id='word_1_194' title='bbox 2477 1547 2630 1612; x_wconf 79' lang='grc' dir='ltr'>ἡνίκα</span> <span class='ocrx_word' id='word_1_195' title='bbox 2660 1547 2747 1602; x_wconf 83' lang='grc' dir='ltr'>καὶ</span> <span class='ocrx_word' id='word_1_196' title='bbox 2789 1546 2870 1625; x_wconf 71' lang='grc' dir='ltr'><strong>ἐφ’</strong></span> <span class='ocrx_word' id='word_1_197' title='bbox 2903 1548 2990 1611; x_wconf 77' lang='grc' dir='ltr'>οἷς</span> <span class='ocrx_word' id='word_1_198' title='bbox 3023 1545 3268 1612; x_wconf 65' lang='grc' dir='ltr'>δηλονότι</span> <span class='ocrx_word' id='word_1_199' title='bbox 3299 1545 3649 1620; x_wconf 76' lang='grc' dir='ltr'>μηδοπωσοῦν</span> <span class='ocrx_word' id='word_1_200' title='bbox 3684 1545 3830 1624; x_wconf 80' lang='grc' dir='ltr'>ἔχειν</span> <span class='ocrx_word' id='word_1_201' title='bbox 3858 1545 3890 1607; x_wconf 81' lang='grc' dir='ltr'><strong>ἦ</strong></span> 
     </span>
    </p>
   </div>
   <div class='ocr_carea' id='block_1_34' title="bbox 2248 1631 3886 1713">
    <p class='ocr_par' dir='ltr' id='par_1_34' title="bbox 2248 1631 3886 1713">
     <span class='ocr_line' id='line_1_34' title="bbox 2248 1631 3886 1713; baseline 0.001 -27"><span class='ocrx_word' id='word_1_202' title='bbox 2248 1631 2308 1687; x_wconf 71' lang='grc' dir='ltr'>ἐκ</span> <span class='ocrx_word' id='word_1_203' title='bbox 2338 1633 2521 1712; x_wconf 85' lang='grc' dir='ltr'>χώραν</span> <span class='ocrx_word' id='word_1_204' title='bbox 2565 1633 2842 1712; x_wconf 78' lang='grc' dir='ltr'>ἔγνωσται,</span> <span class='ocrx_word' id='word_1_205' title='bbox 2877 1635 2964 1697; x_wconf 85' lang='grc' dir='ltr'>Τίς</span> <span class='ocrx_word' id='word_1_206' title='bbox 3011 1633 3066 1690; x_wconf 74' lang='grc' dir='ltr'>δὲ</span> <span class='ocrx_word' id='word_1_207' title='bbox 3105 1635 3211 1690; x_wconf 76' lang='grc' dir='ltr'>τῶν</span> <span class='ocrx_word' id='word_1_208' title='bbox 3246 1633 3528 1713; x_wconf 79' lang='grc' dir='ltr'>ὀρθοδύξως</span> <span class='ocrx_word' id='word_1_209' title='bbox 3585 1640 3684 1710; x_wconf 80' lang='grc' dir='ltr'>ζῇν</span> <span class='ocrx_word' id='word_1_210' title='bbox 3713 1637 3886 1711; x_wconf 74' lang='grc' dir='ltr'>αἱρου-</span> 
     </span>
    </p>
   </div>
   <div class='ocr_carea' id='block_1_35' title="bbox 2249 1721 3889 1803">
    <p class='ocr_par' dir='ltr' id='par_1_35' title="bbox 2249 1721 3889 1803">
     <span class='ocr_line' id='line_1_35' title="bbox 2249 1721 3889 1803; baseline 0 -27"><span class='ocrx_word' id='word_1_211' title='bbox 2249 1721 2420 1796; x_wconf 82' lang='grc' dir='ltr'>μένων</span> <span class='ocrx_word' id='word_1_212' title='bbox 2477 1722 2766 1802; x_wconf 80' lang='grc' dir='ltr'>παροδικὴν</span> <span class='ocrx_word' id='word_1_213' title='bbox 2837 1723 2974 1787; x_wconf 78' lang='grc' dir='ltr'>ὅλως</span> <span class='ocrx_word' id='word_1_214' title='bbox 3046 1725 3328 1803; x_wconf 61' lang='grc' dir='ltr'>ὀφθήσεται</span> <span class='ocrx_word' id='word_1_215' title='bbox 3387 1735 3478 1783; x_wconf 72' lang='grc' dir='ltr'>τοῦ</span> <span class='ocrx_word' id='word_1_216' title='bbox 3519 1725 3670 1800; x_wconf 85' lang='grc' dir='ltr'>ἁγίου</span> <span class='ocrx_word' id='word_1_217' title='bbox 3723 1722 3889 1777; x_wconf 83' lang='grc' dir='ltr'>Πνεύ-</span> 
     </span>
    </p>
   </div>
   <div class='ocr_carea' id='block_1_36' title="bbox 529 1811 2156 1895">
    <p class='ocr_par' dir='ltr' id='par_1_36' title="bbox 529 1812 2156 1895">
     <span class='ocr_line' id='line_1_36' title="bbox 529 1812 2156 1895; baseline -0.004 -15"><span class='ocrx_word' id='word_1_218' title='bbox 529 1821 666 1880; x_wconf 90' lang='lat' dir='ltr'><strong>liter</strong></span> <span class='ocrx_word' id='word_1_219' title='bbox 695 1818 1002 1887; x_wconf 88' lang='lat' dir='ltr'><strong>medians;</strong></span> <span class='ocrx_word' id='word_1_220' title='bbox 1051 1815 1304 1895; x_wconf 88' lang='lat' dir='ltr'><strong>Spiritus</strong></span> <span class='ocrx_word' id='word_1_221' title='bbox 1357 1832 1494 1874; x_wconf 89' lang='lat' dir='ltr'><strong>vero</strong></span> <span class='ocrx_word' id='word_1_222' title='bbox 1537 1828 1780 1874; x_wconf 82' lang='lat' dir='ltr'><strong>sanctus</strong></span> <span class='ocrx_word' id='word_1_223' title='bbox 1833 1813 1918 1873; x_wconf 88' lang='lat' dir='ltr'><strong>illi</strong></span> <span class='ocrx_word' id='word_1_224' title='bbox 1977 1812 2156 1874; x_wconf 82' lang='lat' dir='ltr'><strong>Patri-</strong></span> 
     </span>
    </p>
   </div>
   <div class='ocr_carea' id='block_1_37' title="bbox 2241 1811 3887 1895">
    <p class='ocr_par' dir='ltr' id='par_1_37' title="bbox 2249 1811 3887 1891">
     <span class='ocr_line' id='line_1_37' title="bbox 2249 1811 3887 1891; baseline 0.001 -26"><span class='ocrx_word' id='word_1_225' title='bbox 2249 1833 2414 1883; x_wconf 78' lang='grc' dir='ltr'>ματος</span> <span class='ocrx_word' id='word_1_226' title='bbox 2473 1815 2768 1890; x_wconf 70' lang='grc' dir='ltr'>πρεσέὒων</span> <span class='ocrx_word' id='word_1_227' title='bbox 2825 1816 2924 1880; x_wconf 78' lang='grc' dir='ltr'>τὴν</span> <span class='ocrx_word' id='word_1_228' title='bbox 2977 1812 3190 1891; x_wconf 74' lang='grc' dir='ltr'>ὕπαρξιν</span> <span class='ocrx_word' id='word_1_229' title='bbox 3257 1811 3339 1868; x_wconf 75' lang='grc' dir='ltr'><strong>διὰ</strong></span> <span class='ocrx_word' id='word_1_230' title='bbox 3391 1820 3483 1868; x_wconf 84' lang='grc' dir='ltr'>τοῦ</span> <span class='ocrx_word' id='word_1_231' title='bbox 3535 1817 3887 1889; x_wconf 77' lang='grc' dir='ltr'>Μονογενοῦς,</span> 
     </span>
    </p>
   </div>
   <div class='ocr_carea' id='block_1_38' title="bbox 529 1901 2162 1990">
    <p class='ocr_par' dir='ltr' id='par_1_38' title="bbox 529 1901 2162 1990">
     <span class='ocr_line' id='line_1_38' title="bbox 529 1901 2162 1990; baseline -0.006 -20"><span class='ocrx_word' id='word_1_232' title='bbox 529 1929 646 1990; x_wconf 90' lang='lat' dir='ltr'><strong>que</strong></span> <span class='ocrx_word' id='word_1_233' title='bbox 697 1907 1045 1988; x_wconf 82' lang='lat' dir='ltr'><strong>peregrinus</strong></span> <span class='ocrx_word' id='word_1_234' title='bbox 1087 1914 1141 1966; x_wconf 87' lang='lat' dir='ltr'><strong>et</strong></span> <span class='ocrx_word' id='word_1_235' title='bbox 1198 1922 1438 1984; x_wconf 77' lang='lat' dir='ltr'><strong>prorsus</strong></span> <span class='ocrx_word' id='word_1_236' title='bbox 1497 1903 1769 1966; x_wconf 83' lang='lat' dir='ltr'><strong>alienus?</strong></span> <span class='ocrx_word' id='word_1_237' title='bbox 1821 1902 1956 1964; x_wconf 68' lang='lat' dir='ltr'><strong>Hinc</strong></span> <span class='ocrx_word' id='word_1_238' title='bbox 2004 1901 2162 1962; x_wconf 89' lang='lat' dir='ltr'><strong>enim</strong></span> 
     </span>
    </p>
   </div>
   <div class='ocr_carea' id='block_1_39' title="bbox 527 1993 2162 2079">
    <p class='ocr_par' dir='ltr' id='par_1_39' title="bbox 527 1993 2162 2079">
     <span class='ocr_line' id='line_1_39' title="bbox 527 1993 2162 2079; baseline -0.006 -18"><span class='ocrx_word' id='word_1_239' title='bbox 527 1999 698 2079; x_wconf 87' lang='lat' dir='ltr'><strong>sequi</strong></span> <span class='ocrx_word' id='word_1_240' title='bbox 747 1998 844 2059; x_wconf 91' lang='lat' dir='ltr'><strong>illo</strong></span> <span class='ocrx_word' id='word_1_241' title='bbox 899 1997 1072 2057; x_wconf 88' lang='lat' dir='ltr'><strong>modo</strong></span> <span class='ocrx_word' id='word_1_242' title='bbox 1129 2012 1369 2054; x_wconf 82' lang='lat' dir='ltr'><strong>necesse</strong></span> <span class='ocrx_word' id='word_1_243' title='bbox 1415 2004 1532 2068; x_wconf 87' lang='lat' dir='ltr'><strong>est;</strong></span> <span class='ocrx_word' id='word_1_244' title='bbox 1581 2012 1711 2055; x_wconf 61' lang='lat' dir='ltr'><strong>una:</strong></span> <span class='ocrx_word' id='word_1_245' title='bbox 1742 2002 2018 2054; x_wconf 66' lang='lat' dir='ltr'><strong>extrema)</strong></span> <span class='ocrx_word' id='word_1_246' title='bbox 2049 1993 2162 2052; x_wconf 91' lang='lat' dir='ltr'><strong>im-</strong></span> 
     </span>
    </p>
   </div>
   <div class='ocr_carea' id='block_1_40' title="bbox 531 2082 2160 2167">
    <p class='ocr_par' dir='ltr' id='par_1_40' title="bbox 531 2082 2160 2167">
     <span class='ocr_line' id='line_1_40' title="bbox 531 2082 2160 2167; baseline -0.002 -20"><span class='ocrx_word' id='word_1_247' title='bbox 531 2087 764 2167; x_wconf 78' lang='lat' dir='ltr'><strong>pietatis</strong></span> <span class='ocrx_word' id='word_1_248' title='bbox 792 2088 965 2167; x_wconf 88' lang='lat' dir='ltr'><strong>plena</strong></span> <span class='ocrx_word' id='word_1_249' title='bbox 1021 2083 1195 2148; x_wconf 88' lang='lat' dir='ltr'><strong>Arius</strong></span> <span class='ocrx_word' id='word_1_250' title='bbox 1243 2083 1385 2142; x_wconf 90' lang='lat' dir='ltr'><strong>olim</strong></span> <span class='ocrx_word' id='word_1_251' title='bbox 1439 2089 1500 2143; x_wconf 91' lang='lat' dir='ltr'><strong>et</strong></span> <span class='ocrx_word' id='word_1_252' title='bbox 1531 2082 1914 2144; x_wconf 82' lang='lat' dir='ltr'><strong>Macedonius</strong></span> <span class='ocrx_word' id='word_1_253' title='bbox 1945 2083 2160 2143; x_wconf 87' lang='lat' dir='ltr'><strong>verita-</strong></span> 
     </span>
    </p>
   </div>
   <div class='ocr_carea' id='block_1_41' title="bbox 529 2170 2160 2257">
    <p class='ocr_par' dir='ltr' id='par_1_41' title="bbox 529 2170 2160 2257">
     <span class='ocr_line' id='line_1_41' title="bbox 529 2170 2160 2257; baseline -0.007 -16"><span class='ocrx_word' id='word_1_254' title='bbox 529 2178 602 2241; x_wconf 91' lang='lat' dir='ltr'><strong>tis</strong></span> <span class='ocrx_word' id='word_1_255' title='bbox 646 2177 817 2257; x_wconf 81' lang='lat' dir='ltr'><strong>plane</strong></span> <span class='ocrx_word' id='word_1_256' title='bbox 875 2175 1096 2234; x_wconf 83' lang='lat' dir='ltr'><strong>hostes.</strong></span> <span class='ocrx_word' id='word_1_257' title='bbox 1154 2191 1261 2232; x_wconf 90' lang='lat' dir='ltr'><strong>suo</strong></span> <span class='ocrx_word' id='word_1_258' title='bbox 1319 2171 1568 2252; x_wconf 88' lang='lat' dir='ltr'><strong>quisque</strong></span> <span class='ocrx_word' id='word_1_259' title='bbox 1621 2185 1888 2251; x_wconf 74' lang='lat' dir='ltr'><strong>tempore</strong></span> <span class='ocrx_word' id='word_1_260' title='bbox 1937 2170 1995 2230; x_wconf 91' lang='lat' dir='ltr'><strong>in</strong></span> <span class='ocrx_word' id='word_1_261' title='bbox 2055 2191 2160 2231; x_wconf 82' lang='lat' dir='ltr'><strong>ex-</strong></span> 
     </span>
    </p>
   </div>
   <div class='ocr_carea' id='block_1_42' title="bbox 524 2259 2160 2340">
    <p class='ocr_par' dir='ltr' id='par_1_42' title="bbox 524 2259 2160 2340">
     <span class='ocr_line' id='line_1_42' title="bbox 524 2259 2160 2340; baseline -0.007 -9"><span class='ocrx_word' id='word_1_262' title='bbox 524 2265 794 2331; x_wconf 88' lang='lat' dir='ltr'><strong>secrandi</strong></span> <span class='ocrx_word' id='word_1_263' title='bbox 823 2263 1018 2323; x_wconf 86' lang='lat' dir='ltr'><strong>cordis</strong></span> <span class='ocrx_word' id='word_1_264' title='bbox 1041 2261 1328 2340; x_wconf 79' lang='lat' dir='ltr'><strong>profundo</strong></span> <span class='ocrx_word' id='word_1_265' title='bbox 1363 2261 1747 2338; x_wconf 79' lang='lat' dir='ltr'><strong>eonﬁgentes,</strong></span> <span class='ocrx_word' id='word_1_266' title='bbox 1769 2259 1960 2338; x_wconf 83' lang='lat' dir='ltr'><strong>palam</strong></span> <span class='ocrx_word' id='word_1_267' title='bbox 1985 2259 2160 2320; x_wconf 90' lang='lat' dir='ltr'><strong>etiam</strong></span> 
     </span>
    </p>
   </div>
   <div class='ocr_carea' id='block_1_43' title="bbox 521 2348 2162 2432">
    <p class='ocr_par' dir='ltr' id='par_1_43' title="bbox 521 2348 2162 2432">
     <span class='ocr_line' id='line_1_43' title="bbox 521 2348 2162 2432; baseline -0.005 -14"><span class='ocrx_word' id='word_1_268' title='bbox 521 2364 816 2432; x_wconf 90' lang='lat' dir='ltr'><strong>eructare,</strong></span> <span class='ocrx_word' id='word_1_269' title='bbox 871 2352 982 2411; x_wconf 88' lang='lat' dir='ltr'><strong>heu</strong></span> <span class='ocrx_word' id='word_1_270' title='bbox 1047 2348 1475 2408; x_wconf 87' lang='lat' dir='ltr'><strong>intolerandam</strong></span> <span class='ocrx_word' id='word_1_271' title='bbox 1531 2349 1995 2427; x_wconf 85' lang='lat' dir='ltr'><strong>impudentiam!</strong></span> <span class='ocrx_word' id='word_1_272' title='bbox 2032 2349 2162 2409; x_wconf 88' lang='lat' dir='ltr'><strong>ausi</strong></span> 
     </span>
    </p>
   </div>
   <div class='ocr_carea' id='block_1_44' title="bbox 521 2436 2156 2522">
    <p class='ocr_par' dir='ltr' id='par_1_44' title="bbox 521 2436 2156 2522">
     <span class='ocr_line' id='line_1_44' title="bbox 521 2436 2156 2522; baseline -0.007 -15"><span class='ocrx_word' id='word_1_273' title='bbox 521 2458 680 2522; x_wconf 78' lang='lat' dir='ltr'><strong>sunt,</strong></span> <span class='ocrx_word' id='word_1_274' title='bbox 719 2460 823 2522; x_wconf 89' lang='lat' dir='ltr'><strong>pro</strong></span> <span class='ocrx_word' id='word_1_275' title='bbox 855 2438 1068 2519; x_wconf 86' lang='lat' dir='ltr'><strong>quibus</strong></span> <span class='ocrx_word' id='word_1_276' title='bbox 1093 2436 1446 2516; x_wconf 86' lang='lat' dir='ltr'><strong>perditionis</strong></span> <span class='ocrx_word' id='word_1_277' title='bbox 1473 2436 1603 2516; x_wconf 91' lang='lat' dir='ltr'><strong>ﬁlii,</strong></span> <span class='ocrx_word' id='word_1_278' title='bbox 1638 2456 1670 2497; x_wconf 87' lang='lat' dir='ltr'><strong>a</strong></span> <span class='ocrx_word' id='word_1_279' title='bbox 1697 2437 1919 2496; x_wconf 86' lang='lat' dir='ltr'><strong>sanctis</strong></span> <span class='ocrx_word' id='word_1_280' title='bbox 1964 2437 2156 2498; x_wconf 88' lang='lat' dir='ltr'><strong>Patri-</strong></span> 
     </span>
    </p>
   </div>
   <div class='ocr_carea' id='block_1_45' title="bbox 521 2525 2157 2610">
    <p class='ocr_par' dir='ltr' id='par_1_45' title="bbox 521 2525 2157 2610">
     <span class='ocr_line' id='line_1_45' title="bbox 521 2525 2157 2610; baseline -0.005 -17"><span class='ocrx_word' id='word_1_281' title='bbox 521 2530 760 2610; x_wconf 86' lang='lat' dir='ltr'><strong>bus.qui</strong></span> <span class='ocrx_word' id='word_1_282' title='bbox 796 2529 959 2608; x_wconf 88' lang='lat' dir='ltr'><strong>prius</strong></span> <span class='ocrx_word' id='word_1_283' title='bbox 989 2526 1202 2587; x_wconf 66' lang='lat' dir='ltr'><strong>Nicaeae</strong></span> <span class='ocrx_word' id='word_1_284' title='bbox 1233 2525 1418 2586; x_wconf 84' lang='lat' dir='ltr'><strong>coacti</strong></span> <span class='ocrx_word' id='word_1_285' title='bbox 1451 2534 1675 2602; x_wconf 84' lang='lat' dir='ltr'><strong>sunt,et</strong></span> <span class='ocrx_word' id='word_1_286' title='bbox 1704 2525 1798 2604; x_wconf 91' lang='lat' dir='ltr'><strong>qui</strong></span> <span class='ocrx_word' id='word_1_287' title='bbox 1837 2532 1892 2584; x_wconf 88' lang='lat' dir='ltr'><strong>in</strong></span> <span class='ocrx_word' id='word_1_288' title='bbox 1921 2525 2027 2585; x_wconf 88' lang='lat' dir='ltr'><strong>hac</strong></span> <span class='ocrx_word' id='word_1_289' title='bbox 2056 2544 2157 2586; x_wconf 86' lang='lat' dir='ltr'><strong>re-</strong></span> 
     </span>
    </p>
   </div>
   <div class='ocr_carea' id='block_1_46' title="bbox 519 2613 2156 2700">
    <p class='ocr_par' dir='ltr' id='par_1_46' title="bbox 519 2613 2156 2700">
     <span class='ocr_line' id='line_1_46' title="bbox 519 2613 2156 2700; baseline -0.005 -19"><span class='ocrx_word' id='word_1_290' title='bbox 519 2623 610 2700; x_wconf 84' lang='lat' dir='ltr'><strong>gia</strong></span> <span class='ocrx_word' id='word_1_291' title='bbox 635 2619 779 2680; x_wconf 89' lang='lat' dir='ltr'><strong>urbe</strong></span> <span class='ocrx_word' id='word_1_292' title='bbox 810 2613 1131 2677; x_wconf 82' lang='lat' dir='ltr'><strong>secundum</strong></span> <span class='ocrx_word' id='word_1_293' title='bbox 1165 2613 1455 2693; x_wconf 83' lang='lat' dir='ltr'><strong>synodum</strong></span> <span class='ocrx_word' id='word_1_294' title='bbox 1481 2613 1873 2693; x_wconf 70' lang='lat' dir='ltr'><strong>celebrarunt,</strong></span> <span class='ocrx_word' id='word_1_295' title='bbox 1908 2614 2156 2674; x_wconf 88' lang='lat' dir='ltr'><strong>anathe-</strong></span> 
     </span>
    </p>
   </div>
   <div class='ocr_carea' id='block_1_47' title="bbox 521 2702 2156 2783">
    <p class='ocr_par' dir='ltr' id='par_1_47' title="bbox 521 2702 2156 2783">
     <span class='ocr_line' id='line_1_47' title="bbox 521 2702 2156 2783; baseline -0.005 -13"><span class='ocrx_word' id='word_1_296' title='bbox 521 2719 673 2769; x_wconf 88' lang='lat' dir='ltr'><strong>mate</strong></span> <span class='ocrx_word' id='word_1_297' title='bbox 705 2703 954 2777; x_wconf 86' lang='lat' dir='ltr'><strong>subacti,</strong></span> <span class='ocrx_word' id='word_1_298' title='bbox 990 2704 1242 2763; x_wconf 84' lang='lat' dir='ltr'><strong>ﬂammis</strong></span> <span class='ocrx_word' id='word_1_299' title='bbox 1267 2720 1567 2783; x_wconf 77' lang='lat' dir='ltr'><strong>nunquam</strong></span> <span class='ocrx_word' id='word_1_300' title='bbox 1600 2702 2014 2763; x_wconf 87' lang='lat' dir='ltr'><strong>deﬁcientibus</strong></span> <span class='ocrx_word' id='word_1_301' title='bbox 2035 2712 2156 2763; x_wconf 86' lang='lat' dir='ltr'><strong>tra-</strong></span> 
     </span>
    </p>
   </div>
   <div class='ocr_carea' id='block_1_48' title="bbox 519 2791 2156 2870">
    <p class='ocr_par' dir='ltr' id='par_1_48' title="bbox 519 2791 2156 2870">
     <span class='ocr_line' id='line_1_48' title="bbox 519 2791 2156 2870; baseline -0.004 -12"><span class='ocrx_word' id='word_1_302' title='bbox 519 2798 626 2858; x_wconf 89' lang='lat' dir='ltr'><strong>diti</strong></span> <span class='ocrx_word' id='word_1_303' title='bbox 657 2804 810 2858; x_wconf 89' lang='lat' dir='ltr'><strong>sunt.</strong></span> <span class='ocrx_word' id='word_1_304' title='bbox 847 2792 991 2864; x_wconf 88' lang='lat' dir='ltr'><strong>Quis</strong></span> <span class='ocrx_word' id='word_1_305' title='bbox 1046 2792 1241 2870; x_wconf 86' lang='lat' dir='ltr'><strong>itaque</strong></span> <span class='ocrx_word' id='word_1_306' title='bbox 1271 2791 1418 2850; x_wconf 87' lang='lat' dir='ltr'><strong>adeo</strong></span> <span class='ocrx_word' id='word_1_307' title='bbox 1477 2791 1662 2851; x_wconf 79' lang='lat' dir='ltr'><strong>audax</strong></span> <span class='ocrx_word' id='word_1_308' title='bbox 1705 2791 1898 2862; x_wconf 80' lang='lat' dir='ltr'><strong>fuerit,</strong></span> <span class='ocrx_word' id='word_1_309' title='bbox 1933 2805 1997 2851; x_wconf 83' lang='lat' dir='ltr'><strong>ut</strong></span> <span class='ocrx_word' id='word_1_310' title='bbox 2033 2795 2156 2852; x_wconf 75' lang='lat' dir='ltr'><strong>hau:</strong></span> 
     </span>
    </p>
   </div>
   <div class='ocr_carea' id='block_1_49' title="bbox 519 2879 2153 2963">
    <p class='ocr_par' dir='ltr' id='par_1_49' title="bbox 519 2879 2153 2963">
     <span class='ocr_line' id='line_1_49' title="bbox 519 2879 2153 2963; baseline -0.003 -15"><span class='ocrx_word' id='word_1_311' title='bbox 519 2886 592 2947; x_wconf 88' lang='lat' dir='ltr'><strong>ab</strong></span> <span class='ocrx_word' id='word_1_312' title='bbox 625 2905 694 2947; x_wconf 86' lang='lat' dir='ltr'><strong>eo</strong></span> <span class='ocrx_word' id='word_1_313' title='bbox 717 2895 983 2963; x_wconf 88' lang='lat' dir='ltr'><strong>tempore</strong></span> <span class='ocrx_word' id='word_1_314' title='bbox 1016 2884 1249 2960; x_wconf 79' lang='lat' dir='ltr'><strong>penitus</strong></span> <span class='ocrx_word' id='word_1_315' title='bbox 1279 2880 1538 2940; x_wconf 84' lang='lat' dir='ltr'><strong>vacantia</strong></span> <span class='ocrx_word' id='word_1_316' title='bbox 1563 2879 1741 2940; x_wconf 86' lang='lat' dir='ltr'><strong>simili</strong></span> <span class='ocrx_word' id='word_1_317' title='bbox 1776 2880 1952 2941; x_wconf 90' lang='lat' dir='ltr'><strong>modo</strong></span> <span class='ocrx_word' id='word_1_318' title='bbox 1985 2883 2153 2943; x_wconf 89' lang='lat' dir='ltr'><strong>inno-</strong></span> 
     </span>
    </p>
   </div>
   <div class='ocr_carea' id='block_1_50' title="bbox 517 2969 2150 3053">
    <p class='ocr_par' dir='ltr' id='par_1_50' title="bbox 517 2969 2150 3053">
     <span class='ocr_line' id='line_1_50' title="bbox 517 2969 2150 3053; baseline -0.004 -16"><span class='ocrx_word' id='word_1_319' title='bbox 517 2994 657 3036; x_wconf 88' lang='lat' dir='ltr'><strong>vare</strong></span> <span class='ocrx_word' id='word_1_320' title='bbox 691 2980 1026 3053; x_wconf 60' lang='lat' dir='ltr'><strong>praesumat,</strong></span> <span class='ocrx_word' id='word_1_321' title='bbox 1062 2969 1218 3028; x_wconf 89' lang='lat' dir='ltr'><strong>circa</strong></span> <span class='ocrx_word' id='word_1_322' title='bbox 1265 2970 1489 3030; x_wconf 90' lang='lat' dir='ltr'><strong>cultum</strong></span> <span class='ocrx_word' id='word_1_323' title='bbox 1546 2969 1852 3043; x_wconf 86' lang='lat' dir='ltr'><strong>aberrans,</strong></span> <span class='ocrx_word' id='word_1_324' title='bbox 1888 2970 1976 3030; x_wconf 84' lang='lat' dir='ltr'><strong>vel</strong></span> <span class='ocrx_word' id='word_1_325' title='bbox 2011 2989 2150 3050; x_wconf 86' lang='lat' dir='ltr'><strong>pro-</strong></span> 
     </span>
    </p>
   </div>
   <div class='ocr_carea' id='block_1_51' title="bbox 517 3057 2152 3144">
    <p class='ocr_par' dir='ltr' id='par_1_51' title="bbox 517 3057 2152 3144">
     <span class='ocr_line' id='line_1_51' title="bbox 517 3057 2152 3144; baseline -0.003 -20"><span class='ocrx_word' id='word_1_326' title='bbox 517 3063 646 3144; x_wconf 87' lang='lat' dir='ltr'><strong>pria</strong></span> <span class='ocrx_word' id='word_1_327' title='bbox 670 3062 985 3139; x_wconf 86' lang='lat' dir='ltr'><strong>sententia,</strong></span> <span class='ocrx_word' id='word_1_328' title='bbox 1025 3057 1108 3117; x_wconf 87' lang='lat' dir='ltr'><strong>vel</strong></span> <span class='ocrx_word' id='word_1_329' title='bbox 1145 3057 1380 3118; x_wconf 88' lang='lat' dir='ltr'><strong>illorum</strong></span> <span class='ocrx_word' id='word_1_330' title='bbox 1409 3057 1946 3119; x_wconf 70' lang='lat' dir='ltr'><strong>hmresiarcharum</strong></span> <span class='ocrx_word' id='word_1_331' title='bbox 1979 3059 2152 3138; x_wconf 85' lang='lat' dir='ltr'><strong>nugis</strong></span> 
     </span>
    </p>
   </div>
   <div class='ocr_carea' id='block_1_52' title="bbox 516 3146 2146 3232">
    <p class='ocr_par' dir='ltr' id='par_1_52' title="bbox 516 3146 2146 3232">
     <span class='ocr_line' id='line_1_52' title="bbox 516 3146 2146 3232; baseline -0.003 -18"><span class='ocrx_word' id='word_1_332' title='bbox 516 3153 824 3232; x_wconf 84' lang='lat' dir='ltr'><strong>abreptus?</strong></span> <span class='ocrx_word' id='word_1_333' title='bbox 843 3150 1020 3212; x_wconf 90' lang='lat' dir='ltr'><strong>Plane</strong></span> <span class='ocrx_word' id='word_1_334' title='bbox 1054 3146 1421 3228; x_wconf 89' lang='lat' dir='ltr'><strong>nullus,licet</strong></span> <span class='ocrx_word' id='word_1_335' title='bbox 1441 3147 1836 3228; x_wconf 88' lang='lat' dir='ltr'><strong>improbitatis</strong></span> <span class='ocrx_word' id='word_1_336' title='bbox 1853 3168 2146 3209; x_wconf 88' lang='lat' dir='ltr'><strong>summum</strong></span> 
     </span>
    </p>
   </div>
   <div class='ocr_carea' id='block_1_53' title="bbox 513 3236 2149 3318">
    <p class='ocr_par' dir='ltr' id='par_1_53' title="bbox 513 3236 2149 3318">
     <span class='ocr_line' id='line_1_53' title="bbox 513 3236 2149 3318; baseline -0.004 -15"><span class='ocrx_word' id='word_1_337' title='bbox 513 3240 1041 3318; x_wconf 87' lang='lat' dir='ltr'><strong>devenerit,neque</strong></span> <span class='ocrx_word' id='word_1_338' title='bbox 1073 3238 1182 3298; x_wconf 90' lang='lat' dir='ltr'><strong>hoc</strong></span> <span class='ocrx_word' id='word_1_339' title='bbox 1216 3245 1502 3316; x_wconf 89' lang='lat' dir='ltr'><strong>tempore.</strong></span> <span class='ocrx_word' id='word_1_340' title='bbox 1538 3255 1730 3317; x_wconf 88' lang='lat' dir='ltr'><strong>neque</strong></span> <span class='ocrx_word' id='word_1_341' title='bbox 1760 3236 1818 3297; x_wconf 91' lang='lat' dir='ltr'><strong>in</strong></span> <span class='ocrx_word' id='word_1_342' title='bbox 1852 3246 2149 3316; x_wconf 87' lang='lat' dir='ltr'><strong>posterum</strong></span> 
     </span>
    </p>
   </div>
   <div class='ocr_carea' id='block_1_54' title="bbox 516 3325 2154 3410">
    <p class='ocr_par' dir='ltr' id='par_1_54' title="bbox 516 3325 2154 3410">
     <span class='ocr_line' id='line_1_54' title="bbox 516 3325 2154 3410; baseline -0.004 -18"><span class='ocrx_word' id='word_1_343' title='bbox 516 3333 872 3410; x_wconf 83' lang='lat' dir='ltr'><strong>reperietur.</strong></span> <span class='ocrx_word' id='word_1_344' title='bbox 907 3331 1006 3408; x_wconf 88' lang='lat' dir='ltr'><strong>qui</strong></span> <span class='ocrx_word' id='word_1_345' title='bbox 1059 3346 1092 3387; x_wconf 89' lang='lat' dir='ltr'><strong>a</strong></span> <span class='ocrx_word' id='word_1_346' title='bbox 1141 3334 1224 3386; x_wconf 85' lang='lat' dir='ltr'><strong>tot</strong></span> <span class='ocrx_word' id='word_1_347' title='bbox 1275 3326 1566 3406; x_wconf 88' lang='lat' dir='ltr'><strong>tantisque</strong></span> <span class='ocrx_word' id='word_1_348' title='bbox 1625 3325 1986 3406; x_wconf 87' lang='lat' dir='ltr'><strong>spiritalibus</strong></span> <span class='ocrx_word' id='word_1_349' title='bbox 2034 3334 2154 3387; x_wconf 84' lang='lat' dir='ltr'><strong>eta</strong></span> 
     </span>
    </p>
   </div>
   <div class='ocr_carea' id='block_1_55' title="bbox 515 3415 2149 3494">
    <p class='ocr_par' dir='ltr' id='par_1_55' title="bbox 515 3415 2149 3494">
     <span class='ocr_line' id='line_1_55' title="bbox 515 3415 2149 3494; baseline -0.004 -14"><span class='ocrx_word' id='word_1_350' title='bbox 515 3419 636 3480; x_wconf 89' lang='lat' dir='ltr'><strong>Deo</strong></span> <span class='ocrx_word' id='word_1_351' title='bbox 666 3417 890 3482; x_wconf 87' lang='lat' dir='ltr'><strong>cdoctis</strong></span> <span class='ocrx_word' id='word_1_352' title='bbox 924 3415 1194 3476; x_wconf 73' lang='lat' dir='ltr'><strong>l‘alribus</strong></span> <span class='ocrx_word' id='word_1_353' title='bbox 1225 3415 1412 3494; x_wconf 86' lang='lat' dir='ltr'><strong>palam</strong></span> <span class='ocrx_word' id='word_1_354' title='bbox 1460 3415 1810 3494; x_wconf 80' lang='lat' dir='ltr'><strong>pubiiceque</strong></span> <span class='ocrx_word' id='word_1_355' title='bbox 1857 3415 2149 3477; x_wconf 84' lang='lat' dir='ltr'><strong>condcm-</strong></span> 
     </span>
    </p>
   </div>
   <div class='ocr_carea' id='block_1_56' title="bbox 518 3503 2152 3586">
    <p class='ocr_par' dir='ltr' id='par_1_56' title="bbox 518 3503 2152 3586">
     <span class='ocr_line' id='line_1_56' title="bbox 518 3503 2152 3586; baseline -0.002 -18"><span class='ocrx_word' id='word_1_356' title='bbox 518 3517 688 3569; x_wconf 89' lang='lat' dir='ltr'><strong>natur</strong></span> <span class='ocrx_word' id='word_1_357' title='bbox 712 3505 1095 3586; x_wconf 88' lang='lat' dir='ltr'><strong>impudenter</strong></span> <span class='ocrx_word' id='word_1_358' title='bbox 1129 3505 1496 3583; x_wconf 87' lang='lat' dir='ltr'><strong>proliteatur,</strong></span> <span class='ocrx_word' id='word_1_359' title='bbox 1528 3503 1650 3564; x_wconf 88' lang='lat' dir='ltr'><strong>sive</strong></span> <span class='ocrx_word' id='word_1_360' title='bbox 1679 3523 1749 3564; x_wconf 87' lang='lat' dir='ltr'><strong>ea</strong></span> <span class='ocrx_word' id='word_1_361' title='bbox 1791 3524 1858 3564; x_wconf 83' lang='lat' dir='ltr'><strong>ex</strong></span> <span class='ocrx_word' id='word_1_362' title='bbox 1896 3505 2152 3584; x_wconf 89' lang='lat' dir='ltr'><strong>propriis</strong></span> 
     </span>
    </p>
   </div>
   <div class='ocr_carea' id='block_1_57' title="bbox 521 3592 2144 3672">
    <p class='ocr_par' dir='ltr' id='par_1_57' title="bbox 521 3592 2144 3672">
     <span class='ocr_line' id='line_1_57' title="bbox 521 3592 2144 3672; baseline -0.002 -14"><span class='ocrx_word' id='word_1_363' title='bbox 521 3605 719 3658; x_wconf 87' lang='lat' dir='ltr'><strong>mente</strong></span> <span class='ocrx_word' id='word_1_364' title='bbox 749 3595 1037 3655; x_wconf 88' lang='lat' dir='ltr'><strong>aberrans</strong></span> <span class='ocrx_word' id='word_1_365' title='bbox 1069 3601 1126 3652; x_wconf 85' lang='lat' dir='ltr'><strong>et</strong></span> <span class='ocrx_word' id='word_1_366' title='bbox 1150 3592 1466 3652; x_wconf 88' lang='lat' dir='ltr'><strong>temeraria</strong></span> <span class='ocrx_word' id='word_1_367' title='bbox 1485 3593 1854 3672; x_wconf 89' lang='lat' dir='ltr'><strong>concipiens,</strong></span> <span class='ocrx_word' id='word_1_368' title='bbox 1896 3594 2015 3654; x_wconf 73' lang='lat' dir='ltr'><strong>sive</strong></span> <span class='ocrx_word' id='word_1_369' title='bbox 2045 3612 2144 3654; x_wconf 89' lang='lat' dir='ltr'><strong>eo-</strong></span> 
     </span>
    </p>
   </div>
   <div class='ocr_carea' id='block_1_58' title="bbox 513 3673 2153 3761">
    <p class='ocr_par' dir='ltr' id='par_1_58' title="bbox 513 3673 2153 3761">
     <span class='ocr_line' id='line_1_58' title="bbox 513 3673 2153 3761; baseline -0.002 -15"><span class='ocrx_word' id='word_1_370' title='bbox 513 3705 642 3747; x_wconf 88' lang='lat' dir='ltr'><strong>rum</strong></span> <span class='ocrx_word' id='word_1_371' title='bbox 679 3683 850 3744; x_wconf 89' lang='lat' dir='ltr'><strong>stulla</strong></span> <span class='ocrx_word' id='word_1_372' title='bbox 873 3673 1255 3760; x_wconf 84' lang='lat' dir='ltr'><strong>loquacitate,</strong></span> <span class='ocrx_word' id='word_1_373' title='bbox 1287 3700 1434 3760; x_wconf 91' lang='lat' dir='ltr'><strong>quos</strong></span> <span class='ocrx_word' id='word_1_374' title='bbox 1461 3699 1640 3761; x_wconf 87' lang='lat' dir='ltr'><strong>supra</strong></span> <span class='ocrx_word' id='word_1_375' title='bbox 1669 3683 2153 3742; x_wconf 85' lang='lat' dir='ltr'><strong>commemoravi-</strong></span> 
     </span>
    </p>
   </div>
   <div class='ocr_carea' id='block_1_59' title="bbox 518 3768 2150 3850">
    <p class='ocr_par' dir='ltr' id='par_1_59' title="bbox 518 3768 2150 3850">
     <span class='ocr_line' id='line_1_59' title="bbox 518 3768 2150 3850; baseline -0.003 -15"><span class='ocrx_word' id='word_1_376' title='bbox 518 3792 667 3845; x_wconf 89' lang='lat' dir='ltr'><strong>mus,</strong></span> <span class='ocrx_word' id='word_1_377' title='bbox 695 3772 1000 3850; x_wconf 86' lang='lat' dir='ltr'><strong>dcceptus.</strong></span> <span class='ocrx_word' id='word_1_378' title='bbox 1037 3768 1178 3831; x_wconf 85' lang='lat' dir='ltr'><strong>Cum</strong></span> <span class='ocrx_word' id='word_1_379' title='bbox 1225 3769 1488 3829; x_wconf 90' lang='lat' dir='ltr'><strong>omnium</strong></span> <span class='ocrx_word' id='word_1_380' title='bbox 1535 3769 2024 3830; x_wconf 86' lang='lat' dir='ltr'><strong>absurdissimum</strong></span> <span class='ocrx_word' id='word_1_381' title='bbox 2053 3771 2150 3842; x_wconf 88' lang='lat' dir='ltr'><strong>sit,</strong></span> 
     </span>
    </p>
   </div>
   <div class='ocr_carea' id='block_1_60' title="bbox 513 3856 2154 3943">
    <p class='ocr_par' dir='ltr' id='par_1_60' title="bbox 513 3856 2154 3943">
     <span class='ocr_line' id='line_1_60' title="bbox 513 3856 2154 3943; baseline -0.001 -21"><span class='ocrx_word' id='word_1_382' title='bbox 513 3863 573 3922; x_wconf 93' lang='lat' dir='ltr'><strong>in</strong></span> <span class='ocrx_word' id='word_1_383' title='bbox 593 3861 805 3943; x_wconf 89' lang='lat' dir='ltr'><strong>quibus</strong></span> <span class='ocrx_word' id='word_1_384' title='bbox 822 3856 1081 3919; x_wconf 87' lang='lat' dir='ltr'><strong>veritatis</strong></span> <span class='ocrx_word' id='word_1_385' title='bbox 1110 3875 1412 3936; x_wconf 56' lang='lat' dir='ltr'><strong>prierones</strong></span> <span class='ocrx_word' id='word_1_386' title='bbox 1438 3856 1862 3918; x_wconf 86' lang='lat' dir='ltr'><strong>certaminibus</strong></span> <span class='ocrx_word' id='word_1_387' title='bbox 1883 3859 2154 3939; x_wconf 79' lang='lat' dir='ltr'><strong>frequen-</strong></span> 
     </span>
    </p>
   </div>
   <div class='ocr_carea' id='block_1_61' title="bbox 517 3945 2154 4025">
    <p class='ocr_par' dir='ltr' id='par_1_61' title="bbox 517 3945 2154 4025">
     <span class='ocr_line' id='line_1_61' title="bbox 517 3945 2154 4025; baseline 0 -15"><span class='ocrx_word' id='word_1_388' title='bbox 517 3950 674 4011; x_wconf 85' lang='lat' dir='ltr'><strong>tibus</strong></span> <span class='ocrx_word' id='word_1_389' title='bbox 706 3965 968 4009; x_wconf 88' lang='lat' dir='ltr'><strong>errorem</strong></span> <span class='ocrx_word' id='word_1_390' title='bbox 1001 3945 1390 4025; x_wconf 83' lang='lat' dir='ltr'><strong>depellentes,</strong></span> <span class='ocrx_word' id='word_1_391' title='bbox 1437 3964 1649 4006; x_wconf 86' lang='lat' dir='ltr'><strong>sanum</strong></span> <span class='ocrx_word' id='word_1_392' title='bbox 1681 3945 1892 4025; x_wconf 83' lang='lat' dir='ltr'><strong>dogma</strong></span> <span class='ocrx_word' id='word_1_393' title='bbox 1939 3948 2154 4010; x_wconf 88' lang='lat' dir='ltr'><strong>decre-</strong></span> 
     </span>
    </p>
   </div>
   <div class='ocr_carea' id='block_1_62' title="bbox 513 4034 2150 4117">
    <p class='ocr_par' dir='ltr' id='par_1_62' title="bbox 513 4034 2150 4117">
     <span class='ocr_line' id='line_1_62' title="bbox 513 4034 2150 4117; baseline -0.001 -17"><span class='ocrx_word' id='word_1_394' title='bbox 513 4045 750 4116; x_wconf 87' lang='lat' dir='ltr'><strong>verunt,</strong></span> <span class='ocrx_word' id='word_1_395' title='bbox 788 4037 842 4097; x_wconf 92' lang='lat' dir='ltr'><strong>in</strong></span> <span class='ocrx_word' id='word_1_396' title='bbox 870 4035 963 4096; x_wconf 85' lang='lat' dir='ltr'><strong>his</strong></span> <span class='ocrx_word' id='word_1_397' title='bbox 990 4037 1149 4095; x_wconf 63' lang='lat' dir='ltr'><strong>inter</strong></span> <span class='ocrx_word' id='word_1_398' title='bbox 1177 4052 1386 4095; x_wconf 85' lang='lat' dir='ltr'><strong>omnes</strong></span> <span class='ocrx_word' id='word_1_399' title='bbox 1409 4053 1586 4094; x_wconf 91' lang='lat' dir='ltr'><strong>unum</strong></span> <span class='ocrx_word' id='word_1_400' title='bbox 1612 4034 1870 4114; x_wconf 84' lang='lat' dir='ltr'><strong>aliquem</strong></span> <span class='ocrx_word' id='word_1_401' title='bbox 1897 4054 2150 4117; x_wconf 89' lang='lat' dir='ltr'><strong>quomo-</strong></span> 
     </span>
    </p>
   </div>
   <div class='ocr_carea' id='block_1_63' title="bbox 516 4122 2154 4207">
    <p class='ocr_par' dir='ltr' id='par_1_63' title="bbox 516 4122 2154 4207">
     <span class='ocr_line' id='line_1_63' title="bbox 516 4122 2154 4207; baseline -0.002 -18"><span class='ocrx_word' id='word_1_402' title='bbox 516 4128 828 4207; x_wconf 88' lang='lat' dir='ltr'><strong>docunque</strong></span> <span class='ocrx_word' id='word_1_403' title='bbox 861 4133 1057 4185; x_wconf 89' lang='lat' dir='ltr'><strong>mente</strong></span> <span class='ocrx_word' id='word_1_404' title='bbox 1099 4122 1375 4185; x_wconf 88' lang='lat' dir='ltr'><strong>delirare.</strong></span> <span class='ocrx_word' id='word_1_405' title='bbox 1410 4122 1526 4185; x_wconf 90' lang='lat' dir='ltr'><strong>Sed</strong></span> <span class='ocrx_word' id='word_1_406' title='bbox 1559 4141 1699 4184; x_wconf 85' lang='lat' dir='ltr'><strong>sane</strong></span> <span class='ocrx_word' id='word_1_407' title='bbox 1732 4144 1849 4184; x_wconf 89' lang='lat' dir='ltr'><strong>non</strong></span> <span class='ocrx_word' id='word_1_408' title='bbox 1890 4136 2002 4202; x_wconf 87' lang='lat' dir='ltr'><strong>est,</strong></span> <span class='ocrx_word' id='word_1_409' title='bbox 2052 4127 2154 4207; x_wconf 90' lang='lat' dir='ltr'><strong>qui</strong></span> 
     </span>
    </p>
   </div>
   <div class='ocr_carea' id='block_1_64' title="bbox 514 4213 2149 4294">
    <p class='ocr_par' dir='ltr' id='par_1_64' title="bbox 514 4213 2149 4294">
     <span class='ocr_line' id='line_1_64' title="bbox 514 4213 2149 4294; baseline -0.001 -15"><span class='ocrx_word' id='word_1_410' title='bbox 514 4219 639 4279; x_wconf 66' lang='lat' dir='ltr'><strong>hinc</strong></span> <span class='ocrx_word' id='word_1_411' title='bbox 669 4218 757 4278; x_wconf 85' lang='lat' dir='ltr'><strong>vel</strong></span> <span class='ocrx_word' id='word_1_412' title='bbox 787 4223 985 4275; x_wconf 88' lang='lat' dir='ltr'><strong>mente</strong></span> <span class='ocrx_word' id='word_1_413' title='bbox 1015 4213 1614 4293; x_wconf 80' lang='lat' dir='ltr'><strong>conceperit,tantum</strong></span> <span class='ocrx_word' id='word_1_414' title='bbox 1647 4215 1905 4289; x_wconf 90' lang='lat' dir='ltr'><strong>abest,ut</strong></span> <span class='ocrx_word' id='word_1_415' title='bbox 1927 4217 2149 4294; x_wconf 89' lang='lat' dir='ltr'><strong>credat,</strong></span> 
     </span>
    </p>
   </div>
   <div class='ocr_carea' id='block_1_65' title="bbox 515 4301 2144 4385">
    <p class='ocr_par' dir='ltr' id='par_1_65' title="bbox 515 4301 2144 4385">
     <span class='ocr_line' id='line_1_65' title="bbox 515 4301 2144 4385; baseline -0.001 -19"><span class='ocrx_word' id='word_1_416' title='bbox 515 4323 709 4385; x_wconf 88' lang='lat' dir='ltr'><strong>neque</strong></span> <span class='ocrx_word' id='word_1_417' title='bbox 731 4303 958 4364; x_wconf 81' lang='lat' dir='ltr'><strong>futurus</strong></span> <span class='ocrx_word' id='word_1_418' title='bbox 990 4311 1077 4362; x_wconf 84' lang='lat' dir='ltr'><strong>est</strong></span> <span class='ocrx_word' id='word_1_419' title='bbox 1107 4320 1393 4382; x_wconf 89' lang='lat' dir='ltr'><strong>unquam,</strong></span> <span class='ocrx_word' id='word_1_420' title='bbox 1426 4301 1527 4382; x_wconf 90' lang='lat' dir='ltr'><strong>qui</strong></span> <span class='ocrx_word' id='word_1_421' title='bbox 1557 4302 1773 4362; x_wconf 88' lang='lat' dir='ltr'><strong>similia</strong></span> <span class='ocrx_word' id='word_1_422' title='bbox 1831 4303 2144 4384; x_wconf 88' lang='lat' dir='ltr'><strong>concipiet.</strong></span> 
     </span>
    </p>
   </div>
   <div class='ocr_carea' id='block_1_66' title="bbox 2247 1900 3890 1974">
    <p class='ocr_par' dir='ltr' id='par_1_66' title="bbox 2247 1900 3890 1974">
     <span class='ocr_line' id='line_1_66' title="bbox 2247 1900 3890 1974; baseline 0 -20"><span class='ocrx_word' id='word_1_423' title='bbox 2247 1901 2319 1961; x_wconf 81' lang='grc' dir='ltr'>ὡς</span> <span class='ocrx_word' id='word_1_424' title='bbox 2351 1900 2580 1957; x_wconf 80' lang='grc' dir='ltr'>ἐντεῦθεν</span> <span class='ocrx_word' id='word_1_425' title='bbox 2653 1924 2831 1958; x_wconf 88' lang='grc' dir='ltr'>νουτον</span> <span class='ocrx_word' id='word_1_426' title='bbox 2892 1903 2986 1974; x_wconf 84' lang='grc' dir='ltr'><strong>μέν</strong></span> <span class='ocrx_word' id='word_1_427' title='bbox 3045 1905 3274 1959; x_wconf 80' lang='grc' dir='ltr'>νοεῖσθαι</span> <span class='ocrx_word' id='word_1_428' title='bbox 3332 1908 3510 1965; x_wconf 84' lang='grc' dir='ltr'>κακῶς</span> <span class='ocrx_word' id='word_1_429' title='bbox 3568 1901 3759 1966; x_wconf 77' lang='grc' dir='ltr'>ἔξωθεν</span> <span class='ocrx_word' id='word_1_430' title='bbox 3806 1902 3890 1956; x_wconf 84' lang='grc' dir='ltr'>καὶ</span> 
     </span>
    </p>
   </div>
   <div class='ocr_carea' id='block_1_67' title="bbox 2245 1986 3890 2069">
    <p class='ocr_par' dir='ltr' id='par_1_67' title="bbox 2245 1986 3890 2069">
     <span class='ocr_line' id='line_1_67' title="bbox 2245 1986 3890 2069; baseline 0.001 -26"><span class='ocrx_word' id='word_1_431' title='bbox 2245 1986 2359 2044; x_wconf 84' lang='grc' dir='ltr'>καθ’</span> <span class='ocrx_word' id='word_1_432' title='bbox 2457 1991 2737 2068; x_wconf 77' lang='grc' dir='ltr'>ὑπουργίαν</span> <span class='ocrx_word' id='word_1_433' title='bbox 2806 1993 2922 2047; x_wconf 71' lang='grc' dir='ltr'>τι.νᾶ</span> <span class='ocrx_word' id='word_1_434' title='bbox 3015 1987 3579 2069; x_wconf 77' lang='grc' dir='ltr'>παραλαμϐανόμενον,</span> <span class='ocrx_word' id='word_1_435' title='bbox 3639 1989 3766 2044; x_wconf 69' lang='grc' dir='ltr'>ἀλλ’</span> <span class='ocrx_word' id='word_1_436' title='bbox 3834 1990 3890 2044; x_wconf 75' lang='grc' dir='ltr'>οὗ</span> 
     </span>
    </p>
   </div>
   <div class='ocr_carea' id='block_1_68' title="bbox 2245 2076 3886 2157">
    <p class='ocr_par' dir='ltr' id='par_1_68' title="bbox 2245 2076 3886 2157">
     <span class='ocr_line' id='line_1_68' title="bbox 2245 2076 3886 2157; baseline 0 -25"><span class='ocrx_word' id='word_1_437' title='bbox 2245 2084 2474 2157; x_wconf 79' lang='grc' dir='ltr'>φυσικῶς</span> <span class='ocrx_word' id='word_1_438' title='bbox 2535 2083 2611 2153; x_wconf 78' lang='grc' dir='ltr'>τῷ</span> <span class='ocrx_word' id='word_1_439' title='bbox 2666 2081 2777 2136; x_wconf 81' lang='grc' dir='ltr'>’ὂντι</span> <span class='ocrx_word' id='word_1_440' title='bbox 2844 2082 3183 2154; x_wconf 86' lang='grc' dir='ltr'>μεσιτεύοντα</span> <span class='ocrx_word' id='word_1_441' title='bbox 3243 2083 3328 2136; x_wconf 79' lang='grc' dir='ltr'>καὶ</span> <span class='ocrx_word' id='word_1_442' title='bbox 3383 2077 3672 2143; x_wconf 74' lang='grc' dir='ltr'>οὗσιωδῶςο</span> <span class='ocrx_word' id='word_1_443' title='bbox 3733 2076 3886 2133; x_wconf 78' lang='grc' dir='ltr'>τὸδὲ</span> 
     </span>
    </p>
   </div>
   <div class='ocr_carea' id='block_1_69' title="bbox 2245 2167 3888 2247">
    <p class='ocr_par' dir='ltr' id='par_1_69' title="bbox 2245 2167 3888 2247">
     <span class='ocr_line' id='line_1_69' title="bbox 2245 2167 3888 2247; baseline 0 -25"><span class='ocrx_word' id='word_1_444' title='bbox 2245 2167 2456 2243; x_wconf 70' lang='grc' dir='ltr'>Πνεῦμα</span> <span class='ocrx_word' id='word_1_445' title='bbox 2509 2171 2571 2224; x_wconf 75' lang='grc' dir='ltr'>τὸ</span> <span class='ocrx_word' id='word_1_446' title='bbox 2624 2169 2773 2245; x_wconf 77' lang='grc' dir='ltr'>ἅγιον</span> <span class='ocrx_word' id='word_1_447' title='bbox 2831 2169 2987 2226; x_wconf 66' lang='grc' dir='ltr'><strong>ώτοῦ</strong></span> <span class='ocrx_word' id='word_1_448' title='bbox 3015 2191 3068 2225; x_wconf 84' lang='grc' dir='ltr'><strong>τε</strong></span> <span class='ocrx_word' id='word_1_449' title='bbox 3100 2170 3186 2224; x_wconf 82' lang='grc' dir='ltr'><strong>καὶ</strong></span> <span class='ocrx_word' id='word_1_450' title='bbox 3217 2170 3310 2224; x_wconf 75' lang='grc' dir='ltr'>τοῦ</span> <span class='ocrx_word' id='word_1_451' title='bbox 3356 2169 3558 2247; x_wconf 77' lang='grc' dir='ltr'>Πατρὸς</span> <span class='ocrx_word' id='word_1_452' title='bbox 3615 2167 3888 2232; x_wconf 77' lang='grc' dir='ltr'>ἀπεξενω-</span> 
     </span>
    </p>
   </div>
   <div class='ocr_carea' id='block_1_70' title="bbox 2244 2255 3885 2336">
    <p class='ocr_par' dir='ltr' id='par_1_70' title="bbox 2244 2255 3885 2336">
     <span class='ocr_line' id='line_1_70' title="bbox 2244 2255 3885 2336; baseline -0.001 -24"><span class='ocrx_word' id='word_1_453' title='bbox 2244 2256 2397 2330; x_wconf 86' lang='grc' dir='ltr'>μένον</span> <span class='ocrx_word' id='word_1_454' title='bbox 2454 2257 2725 2320; x_wconf 72' lang='grc' dir='ltr'>παντελῶς</span> <span class='ocrx_word' id='word_1_455' title='bbox 2767 2259 2854 2313; x_wconf 85' lang='grc' dir='ltr'><strong>καὶ</strong></span> <span class='ocrx_word' id='word_1_456' title='bbox 2884 2257 3157 2336; x_wconf 82' lang='grc' dir='ltr'>ἀλλότριον</span> <span class='ocrx_word' id='word_1_457' title='bbox 3196 2277 3212 2333; x_wconf 84' lang='grc'><strong>;</strong></span> <span class='ocrx_word' id='word_1_458' title='bbox 3257 2259 3429 2314; x_wconf 73' lang='grc' dir='ltr'>Ταῦτα</span> <span class='ocrx_word' id='word_1_459' title='bbox 3460 2257 3559 2334; x_wconf 75' lang='grc' dir='ltr'>γὰρ</span> <span class='ocrx_word' id='word_1_460' title='bbox 3589 2255 3885 2332; x_wconf 69' lang='grc' dir='ltr'>ὶπεὶναγκες</span> 
     </span>
    </p>
   </div>
   <div class='ocr_carea' id='block_1_71' title="bbox 2243 2347 3884 2428">
    <p class='ocr_par' dir='ltr' id='par_1_71' title="bbox 2243 2347 3884 2428">
     <span class='ocr_line' id='line_1_71' title="bbox 2243 2347 3884 2428; baseline 0 -26"><span class='ocrx_word' id='word_1_461' title='bbox 2243 2349 2452 2413; x_wconf 66' lang='grc' dir='ltr'>ἐκείνως</span> <span class='ocrx_word' id='word_1_462' title='bbox 2507 2347 2840 2421; x_wconf 75' lang='grc' dir='ltr'><strong>ἀκολουθεῖν,</strong></span> <span class='ocrx_word' id='word_1_463' title='bbox 2897 2349 3030 2428; x_wconf 81' lang='grc' dir='ltr'>ἅπερ</span> <span class='ocrx_word' id='word_1_464' title='bbox 3087 2355 3185 2416; x_wconf 79' lang='grc' dir='ltr'>τῆς</span> <span class='ocrx_word' id='word_1_465' title='bbox 3237 2349 3474 2428; x_wconf 69' lang='grc' dir='ltr'>ὶσχάτης</span> <span class='ocrx_word' id='word_1_466' title='bbox 3550 2349 3884 2428; x_wconf 76' lang='grc' dir='ltr'>τυγχάνοντα</span> 
     </span>
    </p>
   </div>
   <div class='ocr_carea' id='block_1_72' title="bbox 2243 2428 3882 2516">
    <p class='ocr_par' dir='ltr' id='par_1_72' title="bbox 2243 2428 3882 2516">
     <span class='ocr_line' id='line_1_72' title="bbox 2243 2428 3882 2516; baseline 0.001 -25"><span class='ocrx_word' id='word_1_467' title='bbox 2243 2434 2538 2502; x_wconf 79' lang='grc' dir='ltr'>δυσσεϐείας</span> <span class='ocrx_word' id='word_1_468' title='bbox 2613 2428 2835 2516; x_wconf 61' lang='grc' dir='ltr'>’Ἄρειος</span> <span class='ocrx_word' id='word_1_469' title='bbox 2903 2437 3070 2494; x_wconf 69' lang='grc' dir='ltr'>παλαι</span> <span class='ocrx_word' id='word_1_470' title='bbox 3142 2440 3230 2493; x_wconf 85' lang='grc' dir='ltr'><strong>καὶ</strong></span> <span class='ocrx_word' id='word_1_471' title='bbox 3295 2435 3638 2510; x_wconf 56' lang='grc' dir='ltr'>Μακεδόνιξς,</span> <span class='ocrx_word' id='word_1_472' title='bbox 3703 2440 3750 2493; x_wconf 79' lang='grc' dir='ltr'>οἱ</span> <span class='ocrx_word' id='word_1_473' title='bbox 3791 2442 3882 2502; x_wconf 81' lang='grc' dir='ltr'>τῆς</span> 
     </span>
    </p>
   </div>
   <div class='ocr_carea' id='block_1_73' title="bbox 2242 2523 3888 2606">
    <p class='ocr_par' dir='ltr' id='par_1_73' title="bbox 2242 2523 3888 2606">
     <span class='ocr_line' id='line_1_73' title="bbox 2242 2523 3888 2606; baseline 0 -27"><span class='ocrx_word' id='word_1_474' title='bbox 2242 2523 2490 2592; x_wconf 81' lang='grc' dir='ltr'>ἀληθείας</span> <span class='ocrx_word' id='word_1_475' title='bbox 2534 2524 2699 2590; x_wconf 67' lang='grc' dir='ltr'>ὅντως</span> <span class='ocrx_word' id='word_1_476' title='bbox 2743 2526 2944 2606; x_wconf 72' lang='grc' dir='ltr'>ἐχθροὶ,</span> <span class='ocrx_word' id='word_1_477' title='bbox 2979 2528 3112 2582; x_wconf 89' lang='grc' dir='ltr'><strong>κατά</strong></span> <span class='ocrx_word' id='word_1_478' title='bbox 3142 2530 3232 2583; x_wconf 77' lang='grc' dir='ltr'>τὸν</span> <span class='ocrx_word' id='word_1_479' title='bbox 3275 2529 3473 2584; x_wconf 81' lang='grc' dir='ltr'>οἰκεῖον</span> <span class='ocrx_word' id='word_1_480' title='bbox 3516 2525 3742 2588; x_wconf 75' lang='grc' dir='ltr'>ἕκαστος</span> <span class='ocrx_word' id='word_1_481' title='bbox 3774 2547 3888 2581; x_wconf 81' lang='grc' dir='ltr'>και-</span> 
     </span>
    </p>
   </div>
   <div class='ocr_carea' id='block_1_74' title="bbox 2241 2613 3882 2693">
    <p class='ocr_par' dir='ltr' id='par_1_74' title="bbox 2241 2613 3882 2693">
     <span class='ocr_line' id='line_1_74' title="bbox 2241 2613 3882 2693; baseline 0 -24"><span class='ocrx_word' id='word_1_482' title='bbox 2241 2614 2328 2692; x_wconf 75' lang='grc' dir='ltr'>ρόν</span> <span class='ocrx_word' id='word_1_483' title='bbox 2386 2613 2438 2668; x_wconf 75' lang='grc' dir='ltr'>ἐν</span> <span class='ocrx_word' id='word_1_484' title='bbox 2493 2621 2569 2689; x_wconf 83' lang='grc' dir='ltr'><strong>τῷ</strong></span> <span class='ocrx_word' id='word_1_485' title='bbox 2624 2616 2768 2690; x_wconf 74' lang='grc' dir='ltr'>βάθει</span> <span class='ocrx_word' id='word_1_486' title='bbox 2811 2616 3140 2690; x_wconf 71' lang='grc' dir='ltr'>πλασάμενοι</span> <span class='ocrx_word' id='word_1_487' title='bbox 3211 2619 3308 2684; x_wconf 76' lang='grc' dir='ltr'>τῆς</span> <span class='ocrx_word' id='word_1_488' title='bbox 3378 2613 3626 2693; x_wconf 78' lang='grc' dir='ltr'>βδελυρᾶς</span> <span class='ocrx_word' id='word_1_489' title='bbox 3673 2613 3882 2685; x_wconf 76' lang='grc' dir='ltr'>καρδίας</span> 
     </span>
    </p>
   </div>
   <div class='ocr_carea' id='block_1_75' title="bbox 2240 2702 3884 2784">
    <p class='ocr_par' dir='ltr' id='par_1_75' title="bbox 2240 2702 3884 2784">
     <span class='ocr_line' id='line_1_75' title="bbox 2240 2702 3884 2784; baseline 0 -29"><span class='ocrx_word' id='word_1_490' title='bbox 2240 2706 2436 2772; x_wconf 72' lang='grc' dir='ltr'>αὐτῶν,</span> <span class='ocrx_word' id='word_1_491' title='bbox 2495 2704 2582 2759; x_wconf 88' lang='grc' dir='ltr'><strong>καὶ</strong></span> <span class='ocrx_word' id='word_1_492' title='bbox 2639 2706 2871 2782; x_wconf 73' lang='grc' dir='ltr'>φανερῶς</span> <span class='ocrx_word' id='word_1_493' title='bbox 2939 2702 3335 2782; x_wconf 77' lang='grc' dir='ltr'>ἀπερεύξασθαι,</span> <span class='ocrx_word' id='word_1_494' title='bbox 3409 2710 3501 2784; x_wconf 70' lang='grc' dir='ltr'>φεῦ</span> <span class='ocrx_word' id='word_1_495' title='bbox 3557 2708 3656 2768; x_wconf 75' lang='grc' dir='ltr'>τῆς</span> <span class='ocrx_word' id='word_1_496' title='bbox 3733 2702 3884 2757; x_wconf 85' lang='grc' dir='ltr'>ἀναι-</span> 
     </span>
    </p>
   </div>
   <div class='ocr_carea' id='block_1_76' title="bbox 2246 2791 3880 2872">
    <p class='ocr_par' dir='ltr' id='par_1_76' title="bbox 2246 2791 3880 2872">
     <span class='ocr_line' id='line_1_76' title="bbox 2246 2791 3880 2872; baseline 0.001 -27"><span class='ocrx_word' id='word_1_497' title='bbox 2246 2792 2490 2870; x_wconf 72' lang='grc' dir='ltr'>σχυντίας</span> <span class='ocrx_word' id='word_1_498' title='bbox 2544 2792 2636 2859; x_wconf 78' lang='grc' dir='ltr'><strong>νῆς</strong></span> <span class='ocrx_word' id='word_1_499' title='bbox 2667 2791 2870 2858; x_wconf 77' lang='grc' dir='ltr'>πολλῆς</span> <span class='ocrx_word' id='word_1_500' title='bbox 2904 2792 2918 2852; x_wconf 82' lang='lat' dir='ltr'><strong>l</strong></span> <span class='ocrx_word' id='word_1_501' title='bbox 2952 2792 3379 2872; x_wconf 83' lang='grc' dir='ltr'>κατετύλμησαν,</span> <span class='ocrx_word' id='word_1_502' title='bbox 3416 2791 3524 2849; x_wconf 82' lang='grc' dir='ltr'>ἀνθ’</span> <span class='ocrx_word' id='word_1_503' title='bbox 3568 2795 3642 2847; x_wconf 82' lang='grc' dir='ltr'>ῶν</span> <span class='ocrx_word' id='word_1_504' title='bbox 3697 2794 3744 2848; x_wconf 77' lang='grc' dir='ltr'>οἱ</span> <span class='ocrx_word' id='word_1_505' title='bbox 3788 2796 3880 2857; x_wconf 84' lang='grc' dir='ltr'><strong>τῆς</strong></span> 
     </span>
    </p>
   </div>
   <div class='ocr_carea' id='block_1_77' title="bbox 2237 2879 3877 2960">
    <p class='ocr_par' dir='ltr' id='par_1_77' title="bbox 2237 2879 3877 2960">
     <span class='ocr_line' id='line_1_77' title="bbox 2237 2879 3877 2960; baseline -0.001 -26"><span class='ocrx_word' id='word_1_506' title='bbox 2237 2879 2500 2944; x_wconf 82' lang='grc' dir='ltr'>ἀπωλείας</span> <span class='ocrx_word' id='word_1_507' title='bbox 2574 2882 2671 2937; x_wconf 79' lang='grc' dir='ltr'>υἱοὶ</span> <span class='ocrx_word' id='word_1_508' title='bbox 2739 2883 2826 2936; x_wconf 83' lang='grc' dir='ltr'><strong>καὶ</strong></span> <span class='ocrx_word' id='word_1_509' title='bbox 2861 2883 2986 2958; x_wconf 81' lang='grc' dir='ltr'>πρὸς</span> <span class='ocrx_word' id='word_1_510' title='bbox 3043 2889 3149 2936; x_wconf 84' lang='grc' dir='ltr'>τῶν</span> <span class='ocrx_word' id='word_1_511' title='bbox 3178 2883 3326 2937; x_wconf 88' lang='grc' dir='ltr'>θείων</span> <span class='ocrx_word' id='word_1_512' title='bbox 3373 2881 3617 2960; x_wconf 84' lang='grc' dir='ltr'>Πατέρων</span> <span class='ocrx_word' id='word_1_513' title='bbox 3677 2886 3786 2935; x_wconf 81' lang='grc' dir='ltr'><strong>τῶν</strong></span> <span class='ocrx_word' id='word_1_514' title='bbox 3828 2901 3877 2934; x_wconf 80' lang='grc' dir='ltr'><strong>τε</strong></span> 
     </span>
    </p>
   </div>
   <div class='ocr_carea' id='block_1_78' title="bbox 2235 2969 3880 3050">
    <p class='ocr_par' dir='ltr' id='par_1_78' title="bbox 2235 2969 3880 3050">
     <span class='ocr_line' id='line_1_78' title="bbox 2235 2969 3880 3050; baseline 0 -27"><span class='ocrx_word' id='word_1_515' title='bbox 2235 2971 2371 3024; x_wconf 85' lang='grc' dir='ltr'><strong>κατά</strong></span> <span class='ocrx_word' id='word_1_516' title='bbox 2444 2971 2658 3028; x_wconf 69' lang='grc' dir='ltr'>Νίκαιαν</span> <span class='ocrx_word' id='word_1_517' title='bbox 2718 2970 3183 3049; x_wconf 81' lang='grc' dir='ltr'>συναθροισθέντων</span> <span class='ocrx_word' id='word_1_518' title='bbox 3226 2974 3287 3027; x_wconf 81' lang='grc' dir='ltr'>τὸ</span> <span class='ocrx_word' id='word_1_519' title='bbox 3331 2973 3470 3050; x_wconf 85' lang='grc' dir='ltr'>πρὶν,</span> <span class='ocrx_word' id='word_1_520' title='bbox 3530 2972 3617 3025; x_wconf 83' lang='grc' dir='ltr'><strong>καὶ</strong></span> <span class='ocrx_word' id='word_1_521' title='bbox 3669 2977 3776 3026; x_wconf 78' lang='grc' dir='ltr'><strong>τῶν</strong></span> <span class='ocrx_word' id='word_1_522' title='bbox 3829 2969 3880 3025; x_wconf 73' lang='grc' dir='ltr'><strong>ἐν</strong></span> 
     </span>
    </p>
   </div>
   <div class='ocr_carea' id='block_1_79' title="bbox 2234 3058 3877 3138">
    <p class='ocr_par' dir='ltr' id='par_1_79' title="bbox 2234 3058 3877 3138">
     <span class='ocr_line' id='line_1_79' title="bbox 2234 3058 3877 3138; baseline 0.001 -22"><span class='ocrx_word' id='word_1_523' title='bbox 2234 3058 2358 3137; x_wconf 76' lang='grc' dir='ltr'>τῇδε</span> <span class='ocrx_word' id='word_1_524' title='bbox 2405 3067 2472 3137; x_wconf 84' lang='grc' dir='ltr'><strong>τῇ</strong></span> <span class='ocrx_word' id='word_1_525' title='bbox 2515 3060 2861 3138; x_wconf 81' lang='grc' dir='ltr'>βασιλευούσῃ</span> <span class='ocrx_word' id='word_1_526' title='bbox 2905 3067 3009 3118; x_wconf 85' lang='grc' dir='ltr'><strong>τῶν</strong></span> <span class='ocrx_word' id='word_1_527' title='bbox 3065 3062 3272 3119; x_wconf 78' lang='grc' dir='ltr'>πόλεων</span> <span class='ocrx_word' id='word_1_528' title='bbox 3328 3063 3427 3130; x_wconf 74' lang='grc' dir='ltr'><strong>τὴν</strong></span> <span class='ocrx_word' id='word_1_529' title='bbox 3471 3059 3717 3137; x_wconf 74' lang='grc' dir='ltr'>δευτέραν</span> <span class='ocrx_word' id='word_1_530' title='bbox 3749 3083 3877 3138; x_wconf 84' lang='grc' dir='ltr'>συγ-</span> 
     </span>
    </p>
   </div>
   <div class='ocr_carea' id='block_1_80' title="bbox 2233 3148 3878 3230">
    <p class='ocr_par' dir='ltr' id='par_1_80' title="bbox 2233 3148 3878 3230">
     <span class='ocr_line' id='line_1_80' title="bbox 2233 3148 3878 3230; baseline 0 -24"><span class='ocrx_word' id='word_1_531' title='bbox 2233 3153 2600 3228; x_wconf 86' lang='grc' dir='ltr'>κροτησάντων</span> <span class='ocrx_word' id='word_1_532' title='bbox 2701 3149 2911 3209; x_wconf 81' lang='grc' dir='ltr'>σύνοδον</span> <span class='ocrx_word' id='word_1_533' title='bbox 2983 3150 3271 3226; x_wconf 82' lang='grc' dir='ltr'>ἀναθέματί</span> <span class='ocrx_word' id='word_1_534' title='bbox 3378 3148 3878 3230; x_wconf 58' lang='grc' dir='ltr'>Μθυποὸὶηῖέντες,</span> 
     </span>
    </p>
   </div>
   <div class='ocr_carea' id='block_1_81' title="bbox 2235 3239 3877 3320">
    <p class='ocr_par' dir='ltr' id='par_1_81' title="bbox 2235 3239 3877 3320">
     <span class='ocr_line' id='line_1_81' title="bbox 2235 3239 3877 3320; baseline -0.002 -24"><span class='ocrx_word' id='word_1_535' title='bbox 2235 3243 2311 3312; x_wconf 81' lang='grc' dir='ltr'>τῷ</span> <span class='ocrx_word' id='word_1_536' title='bbox 2366 3241 2560 3313; x_wconf 79' lang='grc' dir='ltr'>αἰωνίῳ</span> <span class='ocrx_word' id='word_1_537' title='bbox 2613 3243 2730 3320; x_wconf 84' lang='grc' dir='ltr'>πυρί</span> <span class='ocrx_word' id='word_1_538' title='bbox 2801 3239 3187 3320; x_wconf 81' lang='grc' dir='ltr'>παρεδόθησαν.</span> <span class='ocrx_word' id='word_1_539' title='bbox 3267 3243 3352 3304; x_wconf 86' lang='grc' dir='ltr'>Τίς</span> <span class='ocrx_word' id='word_1_540' title='bbox 3452 3242 3621 3298; x_wconf 86' lang='grc' dir='ltr'>τοίνυν</span> <span class='ocrx_word' id='word_1_541' title='bbox 3705 3241 3877 3296; x_wconf 77' lang='grc' dir='ltr'>ἔκτοτε</span> 
     </span>
    </p>
   </div>
   <div class='ocr_carea' id='block_1_82' title="bbox 2233 3328 3876 3409">
    <p class='ocr_par' dir='ltr' id='par_1_82' title="bbox 2233 3328 3876 3409">
     <span class='ocr_line' id='line_1_82' title="bbox 2233 3328 3876 3409; baseline -0.002 -23"><span class='ocrx_word' id='word_1_542' title='bbox 2233 3328 2629 3408; x_wconf 77' lang='grc' dir='ltr'>καταργηθὲντα</span> <span class='ocrx_word' id='word_1_543' title='bbox 2696 3333 2756 3388; x_wconf 83' lang='grc' dir='ltr'><strong>τὸ</strong></span> <span class='ocrx_word' id='word_1_544' title='bbox 2824 3329 3004 3386; x_wconf 86' lang='grc' dir='ltr'>τέλεον</span> <span class='ocrx_word' id='word_1_545' title='bbox 3073 3331 3423 3409; x_wconf 85' lang='grc' dir='ltr'>τοιουτρόπως</span> <span class='ocrx_word' id='word_1_546' title='bbox 3491 3330 3876 3386; x_wconf 81' lang='grc' dir='ltr'>ἀνανεώσασθαι</span> 
     </span>
    </p>
   </div>
   <div class='ocr_carea' id='block_1_83' title="bbox 2235 3416 3878 3498">
    <p class='ocr_par' dir='ltr' id='par_1_83' title="bbox 2235 3416 3878 3498">
     <span class='ocr_line' id='line_1_83' title="bbox 2235 3416 3878 3498; baseline -0.002 -23"><span class='ocrx_word' id='word_1_547' title='bbox 2235 3427 2394 3476; x_wconf 75' lang='grc' dir='ltr'>ταῦτα</span> <span class='ocrx_word' id='word_1_548' title='bbox 2451 3421 2663 3498; x_wconf 85' lang='grc' dir='ltr'>θρασύς,</span> <span class='ocrx_word' id='word_1_549' title='bbox 2708 3419 2800 3475; x_wconf 79' lang='grc' dir='ltr'>ἅτε</span> <span class='ocrx_word' id='word_1_550' title='bbox 2869 3418 2934 3487; x_wconf 75' lang='grc' dir='ltr'>δὴ</span> <span class='ocrx_word' id='word_1_551' title='bbox 2964 3421 3080 3498; x_wconf 89' lang='grc' dir='ltr'>περὶ</span> <span class='ocrx_word' id='word_1_552' title='bbox 3132 3421 3194 3474; x_wconf 79' lang='grc' dir='ltr'>τὸ</span> <span class='ocrx_word' id='word_1_553' title='bbox 3235 3416 3390 3481; x_wconf 84' lang='grc' dir='ltr'>σέϐας</span> <span class='ocrx_word' id='word_1_554' title='bbox 3447 3419 3542 3476; x_wconf 69' lang='grc' dir='ltr'><strong>οὒκ</strong></span> <span class='ocrx_word' id='word_1_555' title='bbox 3597 3418 3747 3482; x_wconf 62' lang='grc' dir='ltr'>εὒῶς</span> <span class='ocrx_word' id='word_1_556' title='bbox 3791 3416 3878 3473; x_wconf 77' lang='grc' dir='ltr'><strong>οῗ-</strong></span> 
     </span>
    </p>
   </div>
   <div class='ocr_carea' id='block_1_84' title="bbox 2235 3507 3879 3589">
    <p class='ocr_par' dir='ltr' id='par_1_84' title="bbox 2235 3507 3879 3589">
     <span class='ocr_line' id='line_1_84' title="bbox 2235 3507 3879 3589; baseline -0.001 -25"><span class='ocrx_word' id='word_1_557' title='bbox 2235 3511 2384 3566; x_wconf 88' lang='grc' dir='ltr'>κοθεν</span> <span class='ocrx_word' id='word_1_558' title='bbox 2425 3511 2522 3578; x_wconf 83' lang='grc' dir='ltr'><strong>τήν</strong></span> <span class='ocrx_word' id='word_1_559' title='bbox 2580 3511 2800 3587; x_wconf 76' lang='grc' dir='ltr'>γνὼμην</span> <span class='ocrx_word' id='word_1_560' title='bbox 2849 3507 3202 3589; x_wconf 68' lang='grc' dir='ltr'>δεικνύμενος,</span> <span class='ocrx_word' id='word_1_561' title='bbox 3275 3509 3310 3576; x_wconf 78' lang='grc' dir='ltr'>ἢ</span> <span class='ocrx_word' id='word_1_562' title='bbox 3371 3510 3457 3564; x_wconf 91' lang='grc' dir='ltr'><strong>καὶ</strong></span> <span class='ocrx_word' id='word_1_563' title='bbox 3513 3521 3636 3570; x_wconf 74' lang='grc' dir='ltr'>ταῖς</span> <span class='ocrx_word' id='word_1_564' title='bbox 3695 3507 3879 3564; x_wconf 83' lang='grc' dir='ltr'>ἀδολε-</span> 
     </span>
    </p>
   </div>
   <div class='ocr_carea' id='block_1_85' title="bbox 2234 3597 3874 3678">
    <p class='ocr_par' dir='ltr' id='par_1_85' title="bbox 2234 3597 3874 3678">
     <span class='ocr_line' id='line_1_85' title="bbox 2234 3597 3874 3678; baseline -0.001 -26"><span class='ocrx_word' id='word_1_565' title='bbox 2234 3599 2414 3676; x_wconf 84' lang='grc' dir='ltr'>σχίαις</span> <span class='ocrx_word' id='word_1_566' title='bbox 2461 3603 2564 3653; x_wconf 83' lang='grc' dir='ltr'>τῶν</span> <span class='ocrx_word' id='word_1_567' title='bbox 2622 3601 2972 3678; x_wconf 77' lang='grc' dir='ltr'>αἱρεσιαρχῶν</span> <span class='ocrx_word' id='word_1_568' title='bbox 3023 3598 3234 3654; x_wconf 79' lang='grc' dir='ltr'>ἐκείνων</span> <span class='ocrx_word' id='word_1_569' title='bbox 3293 3598 3655 3676; x_wconf 67' lang='grc' dir='ltr'>παρασυρείςς</span> <span class='ocrx_word' id='word_1_570' title='bbox 3735 3597 3874 3653; x_wconf 71' lang='lat' dir='ltr'><strong>[liv-</strong></span> 
     </span>
    </p>
   </div>
   <div class='ocr_carea' id='block_1_86' title="bbox 2234 3685 3876 3768">
    <p class='ocr_par' dir='ltr' id='par_1_86' title="bbox 2234 3685 3876 3768">
     <span class='ocr_line' id='line_1_86' title="bbox 2234 3685 3876 3768; baseline -0.001 -26"><span class='ocrx_word' id='word_1_571' title='bbox 2234 3708 2339 3749; x_wconf 88' lang='grc' dir='ltr'><strong>τως</strong></span> <span class='ocrx_word' id='word_1_572' title='bbox 2400 3685 2563 3750; x_wconf 72' lang='grc' dir='ltr'>οὒδεὶς</span> <span class='ocrx_word' id='word_1_573' title='bbox 2595 3689 2724 3766; x_wconf 84' lang='grc' dir='ltr'>πρὸς</span> <span class='ocrx_word' id='word_1_574' title='bbox 2756 3689 2816 3742; x_wconf 78' lang='grc' dir='ltr'>τὸ</span> <span class='ocrx_word' id='word_1_575' title='bbox 2847 3692 2943 3753; x_wconf 82' lang='grc' dir='ltr'>τῆς</span> <span class='ocrx_word' id='word_1_576' title='bbox 2984 3689 3173 3750; x_wconf 88' lang='grc' dir='ltr'>κακίας</span> <span class='ocrx_word' id='word_1_577' title='bbox 3216 3688 3458 3768; x_wconf 78' lang='grc' dir='ltr'>ἀτεχνῶς</span> <span class='ocrx_word' id='word_1_578' title='bbox 3490 3686 3686 3750; x_wconf 68' lang='grc' dir='ltr'>ἐλάσας</span> <span class='ocrx_word' id='word_1_579' title='bbox 3717 3687 3876 3763; x_wconf 80' lang='grc' dir='ltr'>ἀκρό-</span> 
     </span>
    </p>
   </div>
   <div class='ocr_carea' id='block_1_87' title="bbox 2235 3776 3874 3856">
    <p class='ocr_par' dir='ltr' id='par_1_87' title="bbox 2235 3776 3874 3856">
     <span class='ocr_line' id='line_1_87' title="bbox 2235 3776 3874 3856; baseline -0.001 -25"><span class='ocrx_word' id='word_1_580' title='bbox 2235 3798 2392 3832; x_wconf 89' lang='grc' dir='ltr'>τατον</span> <span class='ocrx_word' id='word_1_581' title='bbox 2475 3777 2577 3856; x_wconf 69' lang='grc' dir='ltr'>οὔχ</span> <span class='ocrx_word' id='word_1_582' title='bbox 2663 3779 2843 3855; x_wconf 77' lang='grc' dir='ltr'>ὁρᾶται</span> <span class='ocrx_word' id='word_1_583' title='bbox 2901 3779 3031 3855; x_wconf 71' lang='grc' dir='ltr'>πρὸς</span> <span class='ocrx_word' id='word_1_584' title='bbox 3099 3778 3159 3832; x_wconf 75' lang='grc' dir='ltr'><strong>τὸ</strong></span> <span class='ocrx_word' id='word_1_585' title='bbox 3242 3781 3431 3856; x_wconf 77' lang='grc' dir='ltr'>παρὸν,</span> <span class='ocrx_word' id='word_1_586' title='bbox 3517 3776 3576 3833; x_wconf 76' lang='grc' dir='ltr'>οὖ</span> <span class='ocrx_word' id='word_1_587' title='bbox 3634 3790 3874 3856; x_wconf 77' lang='grc' dir='ltr'>φανεῖται</span> 
     </span>
    </p>
   </div>
   <div class='ocr_carea' id='block_1_88' title="bbox 2237 3865 3874 3944">
    <p class='ocr_par' dir='ltr' id='par_1_88' title="bbox 2237 3865 3874 3944">
     <span class='ocr_line' id='line_1_88' title="bbox 2237 3865 3874 3944; baseline 0.001 -25"><span class='ocrx_word' id='word_1_588' title='bbox 2237 3866 2570 3944; x_wconf 69' lang='grc' dir='ltr'>μεθύστερον,</span> <span class='ocrx_word' id='word_1_589' title='bbox 2631 3865 2687 3928; x_wconf 82' lang='grc' dir='ltr'><strong>ὅς</strong></span> <span class='ocrx_word' id='word_1_590' title='bbox 2740 3866 3069 3942; x_wconf 73' lang='grc' dir='ltr'>εὑρεθήσεται</span> <span class='ocrx_word' id='word_1_591' title='bbox 3118 3867 3184 3921; x_wconf 78' lang='grc' dir='ltr'><strong>τά</strong></span> <span class='ocrx_word' id='word_1_592' title='bbox 3245 3867 3386 3941; x_wconf 74' lang='grc' dir='ltr'>παρὰ</span> <span class='ocrx_word' id='word_1_593' title='bbox 3435 3867 3702 3922; x_wconf 80' lang='grc' dir='ltr'>τοσούτων</span> <span class='ocrx_word' id='word_1_594' title='bbox 3753 3869 3874 3940; x_wconf 76' lang='grc' dir='ltr'>ὁμο-5</span> 
     </span>
    </p>
   </div>
   <div class='ocr_carea' id='block_1_89' title="bbox 2235 3953 3874 4031">
    <p class='ocr_par' dir='ltr' id='par_1_89' title="bbox 2235 3953 3874 4031">
     <span class='ocr_line' id='line_1_89' title="bbox 2235 3953 3874 4031; baseline -0.001 -22"><span class='ocrx_word' id='word_1_595' title='bbox 2235 3954 2322 4010; x_wconf 82' lang='grc' dir='ltr'>καὶ</span> <span class='ocrx_word' id='word_1_596' title='bbox 2391 3954 2642 4010; x_wconf 81' lang='grc' dir='ltr'>τοιούτων</span> <span class='ocrx_word' id='word_1_597' title='bbox 2724 3960 3019 4031; x_wconf 76' lang='grc' dir='ltr'>περιφανῶς</span> <span class='ocrx_word' id='word_1_598' title='bbox 3110 3953 3439 4031; x_wconf 74' lang='grc' dir='ltr'>ἐληλεγμένα</span> <span class='ocrx_word' id='word_1_599' title='bbox 3509 3960 3874 4029; x_wconf 71' lang='grc' dir='ltr'>πνευματικῶν</span> 
     </span>
    </p>
   </div>
   <div class='ocr_carea' id='block_1_90' title="bbox 2236 4040 3874 4123">
    <p class='ocr_par' dir='ltr' id='par_1_90' title="bbox 2236 4040 3874 4123">
     <span class='ocr_line' id='line_1_90' title="bbox 2236 4040 3874 4123; baseline 0.001 -26"><span class='ocrx_word' id='word_1_600' title='bbox 2236 4043 2322 4098; x_wconf 85' lang='grc' dir='ltr'><strong>καὶ</strong></span> <span class='ocrx_word' id='word_1_601' title='bbox 2391 4042 2657 4122; x_wconf 69' lang='grc' dir='ltr'>θεοσὸφων</span> <span class='ocrx_word' id='word_1_602' title='bbox 2711 4041 2908 4120; x_wconf 75' lang='grc' dir='ltr'>ἀνδρῶν</span> <span class='ocrx_word' id='word_1_603' title='bbox 2998 4040 3184 4110; x_wconf 83' lang='grc' dir='ltr'>ἀνέδην</span> <span class='ocrx_word' id='word_1_604' title='bbox 3267 4046 3491 4123; x_wconf 70' lang='grc' dir='ltr'>φρονῶν,</span> <span class='ocrx_word' id='word_1_605' title='bbox 3581 4044 3694 4099; x_wconf 76' lang='grc' dir='ltr'>εἴτε</span> <span class='ocrx_word' id='word_1_606' title='bbox 3766 4045 3874 4121; x_wconf 85' lang='grc' dir='ltr'>περὶ</span> 
     </span>
    </p>
   </div>
   <div class='ocr_carea' id='block_1_91' title="bbox 2233 4129 3875 4214">
    <p class='ocr_par' dir='ltr' id='par_1_91' title="bbox 2233 4129 3875 4214">
     <span class='ocr_line' id='line_1_91' title="bbox 2233 4129 3875 4214; baseline 0.001 -28"><span class='ocrx_word' id='word_1_607' title='bbox 2233 4130 2431 4187; x_wconf 83' lang='grc' dir='ltr'>τούτῶν</span> <span class='ocrx_word' id='word_1_608' title='bbox 2500 4129 2592 4210; x_wconf 70' lang='grc' dir='ltr'>ἀφ’</span> <span class='ocrx_word' id='word_1_609' title='bbox 2636 4131 2822 4188; x_wconf 72' lang='grc' dir='ltr'>ἑαυτοῦ</span> <span class='ocrx_word' id='word_1_610' title='bbox 2873 4132 3011 4187; x_wconf 88' lang='grc' dir='ltr'><strong>κατά</strong></span> <span class='ocrx_word' id='word_1_611' title='bbox 3057 4133 3253 4209; x_wconf 76' lang='grc' dir='ltr'>γνῶσιν</span> <span class='ocrx_word' id='word_1_612' title='bbox 3323 4131 3586 4214; x_wconf 66' lang='grc' dir='ltr'>ἐπισφαλῆ</span> <span class='ocrx_word' id='word_1_613' title='bbox 3636 4136 3728 4190; x_wconf 90' lang='grc' dir='ltr'><strong>καὶ</strong></span> <span class='ocrx_word' id='word_1_614' title='bbox 3782 4155 3875 4209; x_wconf 88' lang='grc' dir='ltr'>μα-</span> 
     </span>
    </p>
   </div>
   <div class='ocr_carea' id='block_1_92' title="bbox 2233 4218 3871 4304">
    <p class='ocr_par' dir='ltr' id='par_1_92' title="bbox 2233 4218 3871 4304">
     <span class='ocr_line' id='line_1_92' title="bbox 2233 4218 3871 4304; baseline 0.001 -30"><span class='ocrx_word' id='word_1_615' title='bbox 2233 4220 2381 4274; x_wconf 86' lang='grc' dir='ltr'>ταίαν</span> <span class='ocrx_word' id='word_1_616' title='bbox 2453 4218 2694 4282; x_wconf 84' lang='grc' dir='ltr'>ἐπιείκῶς</span> <span class='ocrx_word' id='word_1_617' title='bbox 2721 4218 3094 4298; x_wconf 74' lang='grc' dir='ltr'>λογισάμενος,</span> <span class='ocrx_word' id='word_1_618' title='bbox 3129 4221 3239 4276; x_wconf 78' lang='grc' dir='ltr'>εἴτε</span> <span class='ocrx_word' id='word_1_619' title='bbox 3269 4223 3375 4298; x_wconf 75' lang='grc' dir='ltr'><strong>μὴν</strong></span> <span class='ocrx_word' id='word_1_620' title='bbox 3405 4224 3491 4278; x_wconf 89' lang='grc' dir='ltr'><strong>καὶ</strong></span> <span class='ocrx_word' id='word_1_621' title='bbox 3537 4223 3631 4288; x_wconf 72' lang='grc' dir='ltr'><strong>τας</strong></span> <span class='ocrx_word' id='word_1_622' title='bbox 3693 4223 3871 4304; x_wconf 72' lang='grc' dir='ltr'>φρένας</span> 
     </span>
    </p>
   </div>
   <div class='ocr_carea' id='block_1_93' title="bbox 2234 4306 3878 4390">
    <p class='ocr_par' dir='ltr' id='par_1_93' title="bbox 2234 4306 3878 4390">
     <span class='ocr_line' id='line_1_93' title="bbox 2234 4306 3878 4390; baseline 0.002 -27"><span class='ocrx_word' id='word_1_623' title='bbox 2234 4311 2306 4370; x_wconf 81' lang='grc' dir='ltr'>ὡς</span> <span class='ocrx_word' id='word_1_624' title='bbox 2365 4306 2572 4374; x_wconf 83' lang='grc' dir='ltr'>ἀληθῶς</span> <span class='ocrx_word' id='word_1_625' title='bbox 2630 4322 2751 4370; x_wconf 82' lang='grc' dir='ltr'>ταῖς</span> <span class='ocrx_word' id='word_1_626' title='bbox 2811 4311 3149 4389; x_wconf 71' lang='grc' dir='ltr'>κενοφωνίαις</span> <span class='ocrx_word' id='word_1_627' title='bbox 3194 4314 3298 4367; x_wconf 82' lang='grc' dir='ltr'>τῶν</span> <span class='ocrx_word' id='word_1_628' title='bbox 3327 4309 3715 4390; x_wconf 71' lang='grc' dir='ltr'>διαληφθέντων</span> <span class='ocrx_word' id='word_1_629' title='bbox 3745 4313 3878 4368; x_wconf 82' lang='grc' dir='ltr'>ἀπα--</span> 
     </span>
    </p>
   </div>
   <div class='ocr_carea' id='block_1_94' title="bbox 511 4389 3870 4481">
    <p class='ocr_par' dir='ltr' id='par_1_94' title="bbox 511 4389 3870 4481">
     <span class='ocr_line' id='line_1_94' title="bbox 511 4389 3870 4481; baseline -0.002 -29"><span class='ocrx_word' id='word_1_630' title='bbox 511 4398 719 4452; x_wconf 86' lang='grc' dir='ltr'>τεώνων</span> <span class='ocrx_word' id='word_1_631' title='bbox 776 4392 1017 4456; x_wconf 88' lang='grc' dir='ltr'>κλαπείς.</span> <span class='ocrx_word' id='word_1_632' title='bbox 1089 4389 1336 4470; x_wconf 82' lang='grc' dir='ltr'>Ἐπείπερ</span> <span class='ocrx_word' id='word_1_633' title='bbox 1407 4395 1494 4448; x_wconf 87' lang='grc' dir='ltr'><strong>καὶ</strong></span> <span class='ocrx_word' id='word_1_634' title='bbox 1561 4393 1665 4449; x_wconf 76' lang='grc' dir='ltr'><strong>τῶν</strong></span> <span class='ocrx_word' id='word_1_635' title='bbox 1736 4396 2074 4450; x_wconf 71' lang='grc' dir='ltr'>παντάπασιν</span> <span class='ocrx_word' id='word_1_636' title='bbox 2143 4398 2519 4470; x_wconf 78' lang='grc' dir='ltr'>ἀτοπωτάτων,</span> <span class='ocrx_word' id='word_1_637' title='bbox 2583 4397 2636 4453; x_wconf 72' lang='grc' dir='ltr'><strong>ἓν</strong></span> <span class='ocrx_word' id='word_1_638' title='bbox 2690 4403 2775 4462; x_wconf 82' lang='grc' dir='ltr'>οἷς</span> <span class='ocrx_word' id='word_1_639' title='bbox 2832 4402 2877 4456; x_wconf 78' lang='grc' dir='ltr'>οἱ</span> <span class='ocrx_word' id='word_1_640' title='bbox 2947 4400 3046 4467; x_wconf 74' lang='grc' dir='ltr'><strong>τῆς</strong></span> <span class='ocrx_word' id='word_1_641' title='bbox 3115 4399 3363 4466; x_wconf 80' lang='grc' dir='ltr'>ἀληθείας</span> <span class='ocrx_word' id='word_1_642' title='bbox 3443 4389 3672 4480; x_wconf 69' lang='grc' dir='ltr'>κήρυκες</span> <span class='ocrx_word' id='word_1_643' title='bbox 3713 4404 3870 4481; x_wconf 68' lang='grc' dir='ltr'><strong>ἀγῶσι</strong></span> 
     </span>
    </p>
   </div>
   <div class='ocr_carea' id='block_1_95' title="bbox 511 4480 3869 4568">
    <p class='ocr_par' dir='ltr' id='par_1_95' title="bbox 511 4480 3869 4568">
     <span class='ocr_line' id='line_1_95' title="bbox 511 4480 3869 4568; baseline 0.002 -29"><span class='ocrx_word' id='word_1_644' title='bbox 511 4483 950 4562; x_wconf 71' lang='grc' dir='ltr'>περιτρεψσίμενοι</span> <span class='ocrx_word' id='word_1_645' title='bbox 1028 4481 1126 4547; x_wconf 73' lang='grc' dir='ltr'>τὴν</span> <span class='ocrx_word' id='word_1_646' title='bbox 1196 4480 1400 4548; x_wconf 79' lang='grc' dir='ltr'>πλάνην</span> <span class='ocrx_word' id='word_1_647' title='bbox 1460 4495 1704 4562; x_wconf 74' lang='grc' dir='ltr'>συχνοῖς,</span> <span class='ocrx_word' id='word_1_648' title='bbox 1766 4484 1826 4538; x_wconf 85' lang='grc' dir='ltr'>τὸ</span> <span class='ocrx_word' id='word_1_649' title='bbox 1883 4491 1973 4539; x_wconf 74' lang='grc' dir='ltr'>τοῦ</span> <span class='ocrx_word' id='word_1_650' title='bbox 2043 4484 2305 4565; x_wconf 71' lang='grc' dir='ltr'>δόγματος</span> <span class='ocrx_word' id='word_1_651' title='bbox 2375 4489 2523 4566; x_wconf 79' lang='grc' dir='ltr'>ὀρθὸν</span> <span class='ocrx_word' id='word_1_652' title='bbox 2571 4487 2926 4568; x_wconf 78' lang='grc' dir='ltr'>ἐπεκύρωσαν,</span> <span class='ocrx_word' id='word_1_653' title='bbox 2988 4489 3042 4544; x_wconf 81' lang='grc' dir='ltr'>ἐν</span> <span class='ocrx_word' id='word_1_654' title='bbox 3097 4492 3300 4554; x_wconf 89' lang='grc' dir='ltr'>τούτοις</span> <span class='ocrx_word' id='word_1_655' title='bbox 3359 4491 3474 4546; x_wconf 87' lang='grc' dir='ltr'><strong>τινά</strong></span> <span class='ocrx_word' id='word_1_656' title='bbox 3529 4497 3635 4547; x_wconf 85' lang='grc' dir='ltr'><strong>τῶν</strong></span> <span class='ocrx_word' id='word_1_657' title='bbox 3719 4480 3869 4552; x_wconf 71' lang='grc' dir='ltr'>ἁπαν.</span> 
     </span>
    </p>
   </div>
   <div class='ocr_carea' id='block_1_96' title="bbox 510 4568 3874 4661">
    <p class='ocr_par' dir='ltr' id='par_1_96' title="bbox 510 4568 3874 4661">
     <span class='ocr_line' id='line_1_96' title="bbox 510 4568 3874 4661; baseline 0.002 -31"><span class='ocrx_word' id='word_1_658' title='bbox 510 4597 616 4630; x_wconf 83' lang='grc' dir='ltr'><strong>των</strong></span> <span class='ocrx_word' id='word_1_659' title='bbox 667 4570 1013 4641; x_wconf 79' lang='grc' dir='ltr'>ὁπωσδήποτε</span> <span class='ocrx_word' id='word_1_660' title='bbox 1065 4568 1376 4638; x_wconf 73' lang='grc' dir='ltr'>σαλευθῆναι</span> <span class='ocrx_word' id='word_1_661' title='bbox 1433 4573 1520 4627; x_wconf 81' lang='grc' dir='ltr'><strong>τὸν</strong></span> <span class='ocrx_word' id='word_1_662' title='bbox 1579 4579 1718 4630; x_wconf 75' lang='grc' dir='ltr'>νοῦν.</span> <span class='ocrx_word' id='word_1_663' title='bbox 1785 4572 1946 4628; x_wconf 79' lang='grc' dir='ltr'>’Λλλά</span> <span class='ocrx_word' id='word_1_664' title='bbox 1990 4583 2150 4632; x_wconf 80' lang='grc' dir='ltr'>ταῦτα</span> <span class='ocrx_word' id='word_1_665' title='bbox 2200 4579 2298 4653; x_wconf 82' lang='grc' dir='ltr'>μὲν</span> <span class='ocrx_word' id='word_1_666' title='bbox 2341 4583 2435 4637; x_wconf 69' lang='grc' dir='ltr'>οὒκ</span> <span class='ocrx_word' id='word_1_667' title='bbox 2500 4577 2638 4634; x_wconf 79' lang='grc' dir='ltr'>ἔστιν</span> <span class='ocrx_word' id='word_1_668' title='bbox 2704 4577 2812 4638; x_wconf 68' lang='grc' dir='ltr'>οὐδ’</span> <span class='ocrx_word' id='word_1_669' title='bbox 2870 4583 2897 4636; x_wconf 85' lang='grc' dir='ltr'>ὁ</span> <span class='ocrx_word' id='word_1_670' title='bbox 2953 4578 3385 4656; x_wconf 84' lang='grc' dir='ltr'>διανοησόμενος,</span> <span class='ocrx_word' id='word_1_671' title='bbox 3419 4581 3497 4656; x_wconf 79' lang='grc' dir='ltr'>μὴ</span> <span class='ocrx_word' id='word_1_672' title='bbox 3541 4584 3624 4638; x_wconf 90' lang='grc' dir='ltr'><strong>τοί</strong></span> <span class='ocrx_word' id='word_1_673' title='bbox 3666 4606 3727 4661; x_wconf 86' lang='grc' dir='ltr'>γε</span> <span class='ocrx_word' id='word_1_674' title='bbox 3775 4604 3874 4639; x_wconf 87' lang='grc' dir='ltr'>κα-</span> 
     </span>
    </p>
   </div>
   <div class='ocr_carea' id='block_1_97' title="bbox 509 4658 2378 4742">
    <p class='ocr_par' dir='ltr' id='par_1_97' title="bbox 509 4658 2378 4742">
     <span class='ocr_line' id='line_1_97' title="bbox 509 4658 2378 4742; baseline 0.003 -22"><span class='ocrx_word' id='word_1_675' title='bbox 509 4661 675 4728; x_wconf 51' lang='lat' dir='ltr'><strong>Binis</strong></span> <span class='ocrx_word' id='word_1_676' title='bbox 732 4668 958 4740; x_wconf 76' lang='grc' dir='ltr'>φρονῶν,</span> <span class='ocrx_word' id='word_1_677' title='bbox 1033 4658 1138 4717; x_wconf 61' lang='grc' dir='ltr'><strong>οὔδ’</strong></span> <span class='ocrx_word' id='word_1_678' title='bbox 1181 4663 1381 4716; x_wconf 76' lang='grc' dir='ltr'>ἒσεϊται</span> <span class='ocrx_word' id='word_1_679' title='bbox 1439 4663 1498 4716; x_wconf 73' lang='grc' dir='ltr'>τὸ</span> <span class='ocrx_word' id='word_1_680' title='bbox 1555 4663 1801 4741; x_wconf 73' lang='grc' dir='ltr'>παράπαν</span> <span class='ocrx_word' id='word_1_681' title='bbox 1859 4665 1887 4718; x_wconf 85' lang='grc' dir='ltr'>ὁ</span> <span class='ocrx_word' id='word_1_682' title='bbox 1944 4661 2378 4742; x_wconf 81' lang='grc' dir='ltr'>διανοησόμενος.</span> 
     </span>
    </p>
   </div>
   <div class='ocr_carea' id='block_1_98' title="bbox 587 4747 2156 4840">
    <p class='ocr_par' dir='ltr' id='par_1_98' title="bbox 587 4749 2149 4830">
     <span class='ocr_line' id='line_1_98' title="bbox 587 4749 2149 4830; baseline 0 -18"><span class='ocrx_word' id='word_1_683' title='bbox 587 4752 644 4812; x_wconf 85' lang='grc'><strong>6.</strong></span> <span class='ocrx_word' id='word_1_684' title='bbox 681 4749 829 4812; x_wconf 83' lang='lat' dir='ltr'><strong>Sunt</strong></span> <span class='ocrx_word' id='word_1_685' title='bbox 859 4767 1036 4829; x_wconf 87' lang='lat' dir='ltr'><strong>porro</strong></span> <span class='ocrx_word' id='word_1_686' title='bbox 1073 4749 1340 4809; x_wconf 87' lang='lat' dir='ltr'><strong>nonnulli</strong></span> <span class='ocrx_word' id='word_1_687' title='bbox 1366 4750 1424 4809; x_wconf 92' lang='lat' dir='ltr'><strong>in</strong></span> <span class='ocrx_word' id='word_1_688' title='bbox 1460 4749 1757 4828; x_wconf 64' lang='lat' dir='ltr'><strong>prmsenti,</strong></span> <span class='ocrx_word' id='word_1_689' title='bbox 1786 4751 1887 4830; x_wconf 86' lang='lat' dir='ltr'><strong>qui</strong></span> <span class='ocrx_word' id='word_1_690' title='bbox 1909 4752 2149 4830; x_wconf 87' lang='lat' dir='ltr'><strong>sapien-</strong></span> 
     </span>
    </p>
   </div>
   <div class='ocr_carea' id='block_1_99' title="bbox 2241 4747 3871 4840">
    <p class='ocr_par' dir='ltr' id='par_1_99' title="bbox 2314 4747 3871 4840">
     <span class='ocr_line' id='line_1_99' title="bbox 2314 4747 3871 4840; baseline 0.001 -26"><span class='ocrx_word' id='word_1_691' title='bbox 2314 4747 2416 4831; x_wconf 77' lang='grc' dir='ltr'>ς’,</span> <span class='ocrx_word' id='word_1_692' title='bbox 2477 4759 2584 4814; x_wconf 85' lang='grc' dir='ltr'>Εἰσὶ</span> <span class='ocrx_word' id='word_1_693' title='bbox 2639 4757 2685 4813; x_wconf 86' lang='grc' dir='ltr'>δ’</span> <span class='ocrx_word' id='word_1_694' title='bbox 2737 4758 2862 4816; x_wconf 70' lang='grc' dir='ltr'>ἔνιοι</span> <span class='ocrx_word' id='word_1_695' title='bbox 2917 4767 3021 4816; x_wconf 81' lang='grc' dir='ltr'><strong>τῶν</strong></span> <span class='ocrx_word' id='word_1_696' title='bbox 3078 4759 3161 4815; x_wconf 72' lang='grc' dir='ltr'><strong>ἐπὶ</strong></span> <span class='ocrx_word' id='word_1_697' title='bbox 3218 4761 3372 4840; x_wconf 74' lang='grc' dir='ltr'>σοφίᾳ</span> <span class='ocrx_word' id='word_1_698' title='bbox 3398 4761 3463 4816; x_wconf 74' lang='grc' dir='ltr'><strong>τὰ</strong></span> <span class='ocrx_word' id='word_1_699' title='bbox 3522 4760 3742 4838; x_wconf 85' lang='grc' dir='ltr'>μέγιστα</span> <span class='ocrx_word' id='word_1_700' title='bbox 3786 4783 3871 4816; x_wconf 84' lang='grc' dir='ltr'>σε-</span> 
     </span>
    </p>
   </div>
   <div class='ocr_carea' id='block_1_100' title="bbox 513 4839 2154 4918">
    <p class='ocr_par' dir='ltr' id='par_1_100' title="bbox 513 4839 2154 4918">
     <span class='ocr_line' id='line_1_100' title="bbox 513 4839 2154 4918; baseline 0.002 -17"><span class='ocrx_word' id='word_1_701' title='bbox 513 4843 590 4902; x_wconf 88' lang='lat' dir='ltr'><strong>tia</strong></span> <span class='ocrx_word' id='word_1_702' title='bbox 619 4839 1200 4918; x_wconf 79' lang='lat' dir='ltr'><strong>magniﬁcentissime</strong></span> <span class='ocrx_word' id='word_1_703' title='bbox 1230 4839 1580 4917; x_wconf 77' lang='lat' dir='ltr'><strong>gloriantur,</strong></span> <span class='ocrx_word' id='word_1_704' title='bbox 1613 4850 1670 4901; x_wconf 90' lang='lat' dir='ltr'><strong>et</strong></span> <span class='ocrx_word' id='word_1_705' title='bbox 1702 4851 1899 4901; x_wconf 87' lang='lat' dir='ltr'><strong>nostra</strong></span> <span class='ocrx_word' id='word_1_706' title='bbox 1942 4841 2154 4904; x_wconf 81' lang='lat' dir='ltr'><strong>delen-</strong></span> 
     </span>
    </p>
   </div>
   <div class='ocr_carea' id='block_1_101' title="bbox 510 4929 2153 5009">
    <p class='ocr_par' dir='ltr' id='par_1_101' title="bbox 510 4929 2153 5009">
     <span class='ocr_line' id='line_1_101' title="bbox 510 4929 2153 5009; baseline 0.001 -17"><span class='ocrx_word' id='word_1_707' title='bbox 510 4931 788 4993; x_wconf 77' lang='lat' dir='ltr'><strong>denzibus</strong></span> <span class='ocrx_word' id='word_1_708' title='bbox 819 4947 936 5009; x_wconf 78' lang='lat' dir='ltr'><strong>prae</strong></span> <span class='ocrx_word' id='word_1_709' title='bbox 959 4946 1022 4989; x_wconf 88' lang='lat' dir='ltr'><strong>se</strong></span> <span class='ocrx_word' id='word_1_710' title='bbox 1053 4929 1249 4989; x_wconf 84' lang='lat' dir='ltr'><strong>ferunt</strong></span> <span class='ocrx_word' id='word_1_711' title='bbox 1279 4930 1431 5008; x_wconf 89' lang='lat' dir='ltr'><strong>apud</strong></span> <span class='ocrx_word' id='word_1_712' title='bbox 1463 4948 1600 4991; x_wconf 88' lang='lat' dir='ltr'><strong>suos</strong></span> <span class='ocrx_word' id='word_1_713' title='bbox 1631 4929 1898 4991; x_wconf 85' lang='lat' dir='ltr'><strong>doctrina</strong></span> <span class='ocrx_word' id='word_1_714' title='bbox 1930 4940 1988 4990; x_wconf 85' lang='lat' dir='ltr'><strong>et</strong></span> <span class='ocrx_word' id='word_1_715' title='bbox 2016 4952 2153 4993; x_wconf 87' lang='lat' dir='ltr'><strong>eru-</strong></span> 
     </span>
    </p>
   </div>
   <div class='ocr_carea' id='block_1_102' title="bbox 510 5015 2152 5098">
    <p class='ocr_par' dir='ltr' id='par_1_102' title="bbox 510 5015 2152 5098">
     <span class='ocr_line' id='line_1_102' title="bbox 510 5015 2152 5098; baseline 0.001 -20"><span class='ocrx_word' id='word_1_716' title='bbox 510 5017 823 5091; x_wconf 83' lang='lat' dir='ltr'><strong>ditione,bi</strong></span> <span class='ocrx_word' id='word_1_717' title='bbox 846 5015 1125 5096; x_wconf 88' lang='lat' dir='ltr'><strong>Spiritum</strong></span> <span class='ocrx_word' id='word_1_718' title='bbox 1160 5024 1430 5077; x_wconf 90' lang='lat' dir='ltr'><strong>sanctum</strong></span> <span class='ocrx_word' id='word_1_719' title='bbox 1475 5017 1760 5078; x_wconf 72' lang='lat' dir='ltr'><strong>exsistere</strong></span> <span class='ocrx_word' id='word_1_720' title='bbox 1793 5037 1898 5098; x_wconf 91' lang='lat' dir='ltr'><strong>per</strong></span> <span class='ocrx_word' id='word_1_721' title='bbox 1928 5017 2152 5098; x_wconf 82' lang='lat' dir='ltr'><strong>Unige-</strong></span> 
     </span>
    </p>
   </div>
   <div class='ocr_carea' id='block_1_103' title="bbox 513 5105 2152 5187">
    <p class='ocr_par' dir='ltr' id='par_1_103' title="bbox 513 5105 2152 5187">
     <span class='ocr_line' id='line_1_103' title="bbox 513 5105 2152 5187; baseline 0.001 -20"><span class='ocrx_word' id='word_1_722' title='bbox 513 5106 698 5168; x_wconf 89' lang='lat' dir='ltr'><strong>nilum</strong></span> <span class='ocrx_word' id='word_1_723' title='bbox 721 5106 909 5184; x_wconf 88' lang='lat' dir='ltr'><strong>palam</strong></span> <span class='ocrx_word' id='word_1_724' title='bbox 937 5105 1317 5176; x_wconf 88' lang='lat' dir='ltr'><strong>conﬁtentes,</strong></span> <span class='ocrx_word' id='word_1_725' title='bbox 1343 5107 1468 5184; x_wconf 79' lang='lat' dir='ltr'><strong>jam</strong></span> <span class='ocrx_word' id='word_1_726' title='bbox 1525 5107 1777 5168; x_wconf 75' lang='lat' dir='ltr'><strong>recitata</strong></span> <span class='ocrx_word' id='word_1_727' title='bbox 1806 5125 1973 5187; x_wconf 63' lang='lat' dir='ltr'><strong>teque</strong></span> <span class='ocrx_word' id='word_1_728' title='bbox 2003 5127 2070 5168; x_wconf 87' lang='lat' dir='ltr'><strong>ac</strong></span> <span class='ocrx_word' id='word_1_729' title='bbox 2101 5109 2152 5169; x_wconf 91' lang='lat' dir='ltr'><strong>si</strong></span> 
     </span>
    </p>
   </div>
   <div class='ocr_carea' id='block_1_104' title="bbox 511 5194 2151 5275">
    <p class='ocr_par' dir='ltr' id='par_1_104' title="bbox 511 5194 2151 5275">
     <span class='ocr_line' id='line_1_104' title="bbox 511 5194 2151 5275; baseline 0.002 -19"><span class='ocrx_word' id='word_1_730' title='bbox 511 5194 910 5274; x_wconf 89' lang='lat' dir='ltr'><strong>blasphemias</strong></span> <span class='ocrx_word' id='word_1_731' title='bbox 965 5213 1174 5255; x_wconf 85' lang='lat' dir='ltr'><strong>omnes</strong></span> <span class='ocrx_word' id='word_1_732' title='bbox 1222 5204 1598 5275; x_wconf 84' lang='lat' dir='ltr'><strong>exsuperent,</strong></span> <span class='ocrx_word' id='word_1_733' title='bbox 1636 5195 1826 5257; x_wconf 82' lang='lat' dir='ltr'><strong>modis</strong></span> <span class='ocrx_word' id='word_1_734' title='bbox 1876 5197 2151 5259; x_wconf 89' lang='lat' dir='ltr'><strong>omnibus</strong></span> 
     </span>
    </p>
   </div>
   <div class='ocr_carea' id='block_1_105' title="bbox 510 5283 2146 5364">
    <p class='ocr_par' dir='ltr' id='par_1_105' title="bbox 510 5283 2146 5364">
     <span class='ocr_line' id='line_1_105' title="bbox 510 5283 2146 5364; baseline 0.002 -20"><span class='ocrx_word' id='word_1_735' title='bbox 510 5293 871 5364; x_wconf 81' lang='lat' dir='ltr'><strong>pernegant;</strong></span> <span class='ocrx_word' id='word_1_736' title='bbox 909 5303 1017 5344; x_wconf 90' lang='lat' dir='ltr'><strong>nec</strong></span> <span class='ocrx_word' id='word_1_737' title='bbox 1051 5284 1225 5344; x_wconf 87' lang='lat' dir='ltr'><strong>etiam</strong></span> <span class='ocrx_word' id='word_1_738' title='bbox 1259 5283 1597 5355; x_wconf 87' lang='lat' dir='ltr'><strong>admittunt,</strong></span> <span class='ocrx_word' id='word_1_739' title='bbox 1653 5285 1915 5345; x_wconf 86' lang='lat' dir='ltr'><strong>medium</strong></span> <span class='ocrx_word' id='word_1_740' title='bbox 1972 5296 2146 5347; x_wconf 89' lang='lat' dir='ltr'><strong>natu-</strong></span> 
     </span>
    </p>
   </div>
   <div class='ocr_carea' id='block_1_106' title="bbox 504 5373 2150 5454">
    <p class='ocr_par' dir='ltr' id='par_1_106' title="bbox 504 5373 2150 5454">
     <span class='ocr_line' id='line_1_106' title="bbox 504 5373 2150 5454; baseline 0.003 -22"><span class='ocrx_word' id='word_1_741' title='bbox 504 5374 709 5433; x_wconf 85' lang='lat' dir='ltr'><strong>raliter</strong></span> <span class='ocrx_word' id='word_1_742' title='bbox 739 5391 870 5433; x_wconf 91' lang='lat' dir='ltr'><strong>esse</strong></span> <span class='ocrx_word' id='word_1_743' title='bbox 901 5373 1054 5434; x_wconf 88' lang='lat' dir='ltr'><strong>inter</strong></span> <span class='ocrx_word' id='word_1_744' title='bbox 1085 5376 1318 5435; x_wconf 89' lang='lat' dir='ltr'><strong>Patrem</strong></span> <span class='ocrx_word' id='word_1_745' title='bbox 1354 5383 1410 5434; x_wconf 91' lang='lat' dir='ltr'><strong>et</strong></span> <span class='ocrx_word' id='word_1_746' title='bbox 1433 5374 1718 5452; x_wconf 89' lang='lat' dir='ltr'><strong>Spiritum</strong></span> <span class='ocrx_word' id='word_1_747' title='bbox 1748 5373 1983 5440; x_wconf 85' lang='lat' dir='ltr'><strong>Filium.</strong></span> <span class='ocrx_word' id='word_1_748' title='bbox 2017 5393 2150 5454; x_wconf 82' lang='lat' dir='ltr'><strong>pro-</strong></span> 
     </span>
    </p>
   </div>
   <div class='ocr_carea' id='block_1_107' title="bbox 511 5461 2148 5541">
    <p class='ocr_par' dir='ltr' id='par_1_107' title="bbox 511 5461 2148 5541">
     <span class='ocr_line' id='line_1_107' title="bbox 511 5461 2148 5541; baseline 0.003 -20"><span class='ocrx_word' id='word_1_749' title='bbox 511 5473 830 5541; x_wconf 72' lang='lat' dir='ltr'><strong>plereaque</strong></span> <span class='ocrx_word' id='word_1_750' title='bbox 861 5479 1056 5541; x_wconf 78' lang='lat' dir='ltr'><strong>neque</strong></span> <span class='ocrx_word' id='word_1_751' title='bbox 1087 5462 1361 5540; x_wconf 82' lang='lat' dir='ltr'><strong>accipere</strong></span> <span class='ocrx_word' id='word_1_752' title='bbox 1392 5482 1460 5523; x_wconf 85' lang='lat' dir='ltr'><strong>ex</strong></span> <span class='ocrx_word' id='word_1_753' title='bbox 1491 5461 1641 5522; x_wconf 89' lang='lat' dir='ltr'><strong>Filio</strong></span> <span class='ocrx_word' id='word_1_754' title='bbox 1689 5465 2016 5524; x_wconf 90' lang='lat' dir='ltr'><strong>secundum</strong></span> <span class='ocrx_word' id='word_1_755' title='bbox 2047 5485 2148 5526; x_wconf 89' lang='lat' dir='ltr'><strong>ra-</strong></span> 
     </span>
    </p>
   </div>
   <div class='ocr_carea' id='block_1_108' title="bbox 510 5547 2146 5630">
    <p class='ocr_par' dir='ltr' id='par_1_108' title="bbox 510 5547 2146 5630">
     <span class='ocr_line' id='line_1_108' title="bbox 510 5547 2146 5630; baseline 0.006 -24"><span class='ocrx_word' id='word_1_756' title='bbox 510 5547 727 5610; x_wconf 85' lang='lat' dir='ltr'><strong>tionem</strong></span> <span class='ocrx_word' id='word_1_757' title='bbox 757 5550 1043 5628; x_wconf 89' lang='lat' dir='ltr'><strong>Spiritum</strong></span> <span class='ocrx_word' id='word_1_758' title='bbox 1075 5560 1369 5623; x_wconf 87' lang='lat' dir='ltr'><strong>sanctum,</strong></span> <span class='ocrx_word' id='word_1_759' title='bbox 1398 5551 1589 5612; x_wconf 90' lang='lat' dir='ltr'><strong>etalia</strong></span> <span class='ocrx_word' id='word_1_760' title='bbox 1616 5550 1866 5630; x_wconf 88' lang='lat' dir='ltr'><strong>quadam</strong></span> <span class='ocrx_word' id='word_1_761' title='bbox 1895 5555 2146 5630; x_wconf 90' lang='lat' dir='ltr'><strong>ratione,</strong></span> 
     </span>
    </p>
   </div>
   <div class='ocr_carea' id='block_1_109' title="bbox 506 5637 2156 5718">
    <p class='ocr_par' dir='ltr' id='par_1_109' title="bbox 506 5637 2156 5718">
     <span class='ocr_line' id='line_1_109' title="bbox 506 5637 2156 5718; baseline 0.004 -19"><span class='ocrx_word' id='word_1_762' title='bbox 506 5654 681 5700; x_wconf 81' lang='lat' dir='ltr'><strong>aures</strong></span> <span class='ocrx_word' id='word_1_763' title='bbox 733 5637 996 5700; x_wconf 86' lang='lat' dir='ltr'><strong>omnium</strong></span> <span class='ocrx_word' id='word_1_764' title='bbox 1051 5648 1462 5718; x_wconf 84' lang='lat' dir='ltr'><strong>personantes,</strong></span> <span class='ocrx_word' id='word_1_765' title='bbox 1533 5638 1757 5700; x_wconf 86' lang='lat' dir='ltr'><strong>dictum</strong></span> <span class='ocrx_word' id='word_1_766' title='bbox 1817 5640 2156 5705; x_wconf 78' lang='lat' dir='ltr'><strong>existimant</strong></span> 
     </span>
    </p>
   </div>
   <div class='ocr_carea' id='block_1_110' title="bbox 2238 4847 3868 4927">
    <p class='ocr_par' dir='ltr' id='par_1_110' title="bbox 2238 4847 3868 4927">
     <span class='ocr_line' id='line_1_110' title="bbox 2238 4847 3868 4927; baseline 0.002 -27"><span class='ocrx_word' id='word_1_767' title='bbox 2238 4851 2572 4922; x_wconf 73' lang='grc' dir='ltr'>μνυνομένων</span> <span class='ocrx_word' id='word_1_768' title='bbox 2640 4849 2704 4902; x_wconf 82' lang='grc' dir='ltr'><strong>τὰ</strong></span> <span class='ocrx_word' id='word_1_769' title='bbox 2732 4858 2842 4924; x_wconf 81' lang='grc' dir='ltr'>νῦν,</span> <span class='ocrx_word' id='word_1_770' title='bbox 2904 4851 2950 4905; x_wconf 80' lang='grc' dir='ltr'><strong>οἱ</strong></span> <span class='ocrx_word' id='word_1_771' title='bbox 2980 4851 3065 4905; x_wconf 84' lang='grc' dir='ltr'>καὶ</span> <span class='ocrx_word' id='word_1_772' title='bbox 3095 4853 3200 4904; x_wconf 80' lang='grc' dir='ltr'>τῶν</span> <span class='ocrx_word' id='word_1_773' title='bbox 3242 4849 3370 4927; x_wconf 78' lang='grc' dir='ltr'>ὑπὲρ</span> <span class='ocrx_word' id='word_1_774' title='bbox 3412 4851 3553 4923; x_wconf 77' lang='grc' dir='ltr'>ἡμᾶς</span> <span class='ocrx_word' id='word_1_775' title='bbox 3605 4847 3868 4910; x_wconf 73' lang='grc' dir='ltr'>δοκοῦντες</span> 
     </span>
    </p>
   </div>
   <div class='ocr_carea' id='block_1_111' title="bbox 2237 4933 3870 5017">
    <p class='ocr_par' dir='ltr' id='par_1_111' title="bbox 2237 4933 3870 5017">
     <span class='ocr_line' id='line_1_111' title="bbox 2237 4933 3870 5017; baseline 0.002 -26"><span class='ocrx_word' id='word_1_776' title='bbox 2237 4933 2363 5014; x_wconf 79' lang='grc' dir='ltr'>παρ’</span> <span class='ocrx_word' id='word_1_777' title='bbox 2407 4937 2615 5000; x_wconf 77' lang='grc' dir='ltr'>ἑαυτοῖς</span> <span class='ocrx_word' id='word_1_778' title='bbox 2672 4937 3045 5012; x_wconf 71' lang='grc' dir='ltr'>ἐπιστήμονες,</span> <span class='ocrx_word' id='word_1_779' title='bbox 3107 4937 3159 4994; x_wconf 65' lang='grc' dir='ltr'>οἵ</span> <span class='ocrx_word' id='word_1_780' title='bbox 3232 4940 3292 4993; x_wconf 82' lang='grc' dir='ltr'>τὸ</span> <span class='ocrx_word' id='word_1_781' title='bbox 3349 4944 3558 5013; x_wconf 76' lang='grc' dir='ltr'>Πνεῦμα</span> <span class='ocrx_word' id='word_1_782' title='bbox 3615 4941 3676 4995; x_wconf 83' lang='grc' dir='ltr'>τὸ</span> <span class='ocrx_word' id='word_1_783' title='bbox 3735 4939 3870 5017; x_wconf 74' lang='grc' dir='ltr'>ἅγιον</span> 
     </span>
    </p>
   </div>
   <div class='ocr_carea' id='block_1_112' title="bbox 2234 5023 3870 5107">
    <p class='ocr_par' dir='ltr' id='par_1_112' title="bbox 2234 5023 3870 5107">
     <span class='ocr_line' id='line_1_112' title="bbox 2234 5023 3870 5107; baseline 0.002 -28"><span class='ocrx_word' id='word_1_784' title='bbox 2234 5023 2494 5103; x_wconf 60' lang='grc' dir='ltr'>ὒπὶρχειν</span> <span class='ocrx_word' id='word_1_785' title='bbox 2558 5024 2641 5080; x_wconf 79' lang='grc' dir='ltr'><strong>διὰ</strong></span> <span class='ocrx_word' id='word_1_786' title='bbox 2688 5033 2778 5083; x_wconf 82' lang='grc' dir='ltr'>τοῦ</span> <span class='ocrx_word' id='word_1_787' title='bbox 2839 5033 3164 5105; x_wconf 78' lang='grc' dir='ltr'>Μονογενοῦς</span> <span class='ocrx_word' id='word_1_788' title='bbox 3213 5025 3700 5105; x_wconf 81' lang='grc' dir='ltr'>καθομολογοῦντες</span> <span class='ocrx_word' id='word_1_789' title='bbox 3748 5050 3870 5107; x_wconf 84' lang='grc' dir='ltr'>τρα-</span> 
     </span>
    </p>
   </div>
   <div class='ocr_carea' id='block_1_113' title="bbox 2235 5114 3872 5194">
    <p class='ocr_par' dir='ltr' id='par_1_113' title="bbox 2235 5114 3872 5194">
     <span class='ocr_line' id='line_1_113' title="bbox 2235 5114 3872 5194; baseline 0.003 -27"><span class='ocrx_word' id='word_1_790' title='bbox 2235 5121 2360 5192; x_wconf 82' lang='grc' dir='ltr'>νῶς,</span> <span class='ocrx_word' id='word_1_791' title='bbox 2413 5117 2476 5170; x_wconf 81' lang='grc' dir='ltr'><strong>τά</strong></span> <span class='ocrx_word' id='word_1_792' title='bbox 2533 5114 2752 5191; x_wconf 82' lang='grc' dir='ltr'>ῥηθέντα</span> <span class='ocrx_word' id='word_1_793' title='bbox 2797 5116 2892 5186; x_wconf 78' lang='grc' dir='ltr'>μὲν</span> <span class='ocrx_word' id='word_1_794' title='bbox 2936 5117 3008 5180; x_wconf 83' lang='grc' dir='ltr'>ὡς</span> <span class='ocrx_word' id='word_1_795' title='bbox 3069 5114 3412 5194; x_wconf 76' lang='grc' dir='ltr'>Βλασφημίας</span> <span class='ocrx_word' id='word_1_796' title='bbox 3468 5116 3712 5173; x_wconf 70' lang='grc' dir='ltr'>ἒπέκεινα</span> <span class='ocrx_word' id='word_1_797' title='bbox 3769 5118 3872 5172; x_wconf 73' lang='grc' dir='ltr'><strong>πά-</strong></span> 
     </span>
    </p>
   </div>
   <div class='ocr_carea' id='block_1_114' title="bbox 2232 5201 3871 5284">
    <p class='ocr_par' dir='ltr' id='par_1_114' title="bbox 2232 5201 3871 5284">
     <span class='ocr_line' id='line_1_114' title="bbox 2232 5201 3871 5284; baseline 0.001 -28"><span class='ocrx_word' id='word_1_798' title='bbox 2232 5223 2332 5268; x_wconf 88' lang='grc' dir='ltr'><strong>σης</strong></span> <span class='ocrx_word' id='word_1_799' title='bbox 2376 5201 2562 5269; x_wconf 81' lang='grc' dir='ltr'>ἐπίσης</span> <span class='ocrx_word' id='word_1_800' title='bbox 2619 5206 2708 5260; x_wconf 85' lang='grc' dir='ltr'><strong>καὶ</strong></span> <span class='ocrx_word' id='word_1_801' title='bbox 2753 5206 2894 5260; x_wconf 73' lang='grc' dir='ltr'>αὒτοὶ</span> <span class='ocrx_word' id='word_1_802' title='bbox 2952 5217 3069 5267; x_wconf 65' lang='grc' dir='ltr'>τοῖς</span> <span class='ocrx_word' id='word_1_803' title='bbox 3135 5203 3280 5267; x_wconf 81' lang='grc' dir='ltr'>ὅλοις</span> <span class='ocrx_word' id='word_1_804' title='bbox 3344 5205 3676 5284; x_wconf 74' lang='grc' dir='ltr'>ἐκφεύγουτι’</span> <span class='ocrx_word' id='word_1_805' title='bbox 3738 5205 3871 5270; x_wconf 80' lang='grc' dir='ltr'>πλὴν</span> 
     </span>
    </p>
   </div>
   <div class='ocr_carea' id='block_1_115' title="bbox 2233 5287 3868 5372">
    <p class='ocr_par' dir='ltr' id='par_1_115' title="bbox 2233 5287 3868 5372">
     <span class='ocr_line' id='line_1_115' title="bbox 2233 5287 3868 5372; baseline 0 -26"><span class='ocrx_word' id='word_1_806' title='bbox 2233 5287 2349 5346; x_wconf 75' lang='grc' dir='ltr'>ούδὲ</span> <span class='ocrx_word' id='word_1_807' title='bbox 2404 5290 2465 5347; x_wconf 76' lang='grc' dir='ltr'><strong>τύ</strong></span> <span class='ocrx_word' id='word_1_808' title='bbox 2532 5298 2763 5369; x_wconf 81' lang='grc' dir='ltr'>φυσικῶς</span> <span class='ocrx_word' id='word_1_809' title='bbox 2851 5293 3141 5366; x_wconf 85' lang='grc' dir='ltr'>μεσιτεύειν</span> <span class='ocrx_word' id='word_1_810' title='bbox 3219 5290 3610 5372; x_wconf 70' lang='grc' dir='ltr'>παραδέχονται</span> <span class='ocrx_word' id='word_1_811' title='bbox 3665 5300 3757 5349; x_wconf 77' lang='grc' dir='ltr'>τοῦ</span> <span class='ocrx_word' id='word_1_812' title='bbox 3817 5312 3868 5347; x_wconf 83' lang='grc' dir='ltr'><strong>τε</strong></span> 
     </span>
    </p>
   </div>
   <div class='ocr_carea' id='block_1_116' title="bbox 2235 5379 3870 5459">
    <p class='ocr_par' dir='ltr' id='par_1_116' title="bbox 2235 5379 3870 5459">
     <span class='ocr_line' id='line_1_116' title="bbox 2235 5379 3870 5459; baseline 0.001 -25"><span class='ocrx_word' id='word_1_813' title='bbox 2235 5380 2436 5459; x_wconf 82' lang='grc' dir='ltr'>ΙἸατρὸς</span> <span class='ocrx_word' id='word_1_814' title='bbox 2493 5382 2579 5436; x_wconf 86' lang='grc' dir='ltr'><strong>καὶ</strong></span> <span class='ocrx_word' id='word_1_815' title='bbox 2619 5381 2713 5437; x_wconf 76' lang='grc' dir='ltr'>τοῦ</span> <span class='ocrx_word' id='word_1_816' title='bbox 2760 5382 3062 5457; x_wconf 85' lang='grc' dir='ltr'>Πνεύματος</span> <span class='ocrx_word' id='word_1_817' title='bbox 3125 5383 3214 5437; x_wconf 78' lang='grc' dir='ltr'><strong>τὸν</strong></span> <span class='ocrx_word' id='word_1_818' title='bbox 3287 5384 3428 5454; x_wconf 80' lang='grc' dir='ltr'>Υἱὸν,</span> <span class='ocrx_word' id='word_1_819' title='bbox 3489 5384 3562 5446; x_wconf 84' lang='grc' dir='ltr'>ὡς</span> <span class='ocrx_word' id='word_1_820' title='bbox 3605 5379 3690 5437; x_wconf 80' lang='grc' dir='ltr'>διὰ</span> <span class='ocrx_word' id='word_1_821' title='bbox 3725 5388 3870 5437; x_wconf 84' lang='grc' dir='ltr'>τοῦτο</span> 
     </span>
    </p>
   </div>
   <div class='ocr_carea' id='block_1_117' title="bbox 2232 5468 3870 5548">
    <p class='ocr_par' dir='ltr' id='par_1_117' title="bbox 2232 5468 3870 5548">
     <span class='ocr_line' id='line_1_117' title="bbox 2232 5468 3870 5548; baseline 0.001 -25"><span class='ocrx_word' id='word_1_822' title='bbox 2232 5468 2531 5546; x_wconf 79' lang='grc' dir='ltr'>προσίεσθαι</span> <span class='ocrx_word' id='word_1_823' title='bbox 2588 5471 2674 5525; x_wconf 78' lang='grc' dir='ltr'><strong>καὶ</strong></span> <span class='ocrx_word' id='word_1_824' title='bbox 2715 5471 2775 5525; x_wconf 83' lang='grc' dir='ltr'>τὸ</span> <span class='ocrx_word' id='word_1_825' title='bbox 2833 5469 2892 5526; x_wconf 74' lang='grc' dir='ltr'>ἐκ</span> <span class='ocrx_word' id='word_1_826' title='bbox 2939 5477 3030 5526; x_wconf 78' lang='grc' dir='ltr'><strong>τοῦ</strong></span> <span class='ocrx_word' id='word_1_827' title='bbox 3076 5473 3195 5529; x_wconf 83' lang='grc' dir='ltr'><strong>Υἱοῦ</strong></span> <span class='ocrx_word' id='word_1_828' title='bbox 3235 5472 3370 5526; x_wconf 81' lang='grc' dir='ltr'><strong>κατά</strong></span> <span class='ocrx_word' id='word_1_829' title='bbox 3426 5471 3583 5548; x_wconf 84' lang='grc' dir='ltr'>λόγον</span> <span class='ocrx_word' id='word_1_830' title='bbox 3633 5472 3775 5526; x_wconf 82' lang='grc' dir='ltr'>εἶναι</span> <span class='ocrx_word' id='word_1_831' title='bbox 3815 5471 3870 5524; x_wconf 83' lang='grc' dir='ltr'>τὸ</span> 
     </span>
    </p>
   </div>
   <div class='ocr_carea' id='block_1_118' title="bbox 2237 5557 3868 5638">
    <p class='ocr_par' dir='ltr' id='par_1_118' title="bbox 2237 5557 3868 5638">
     <span class='ocr_line' id='line_1_118' title="bbox 2237 5557 3868 5638; baseline 0 -26"><span class='ocrx_word' id='word_1_832' title='bbox 2237 5563 2446 5632; x_wconf 79' lang='grc' dir='ltr'>Πνεῦμα</span> <span class='ocrx_word' id='word_1_833' title='bbox 2534 5558 2587 5614; x_wconf 80' lang='grc' dir='ltr'>τὸ</span> <span class='ocrx_word' id='word_1_834' title='bbox 2673 5558 2848 5637; x_wconf 58' lang='grc' dir='ltr'>ἅγιον</span> <span class='ocrx_word' id='word_1_835' title='bbox 2923 5558 3103 5629; x_wconf 69' lang='grc' dir='ltr'>ἑτέραν</span> <span class='ocrx_word' id='word_1_836' title='bbox 3181 5557 3235 5615; x_wconf 73' lang='grc' dir='ltr'>δὲ</span> <span class='ocrx_word' id='word_1_837' title='bbox 3313 5581 3428 5615; x_wconf 87' lang='grc' dir='ltr'>τινα</span> <span class='ocrx_word' id='word_1_838' title='bbox 3485 5558 3868 5638; x_wconf 83' lang='grc' dir='ltr'>περιθρυλλοὺσι</span> 
     </span>
    </p>
   </div>
   <div class='ocr_carea' id='block_1_119' title="bbox 2235 5645 3869 5726">
    <p class='ocr_par' dir='ltr' id='par_1_119' title="bbox 2235 5645 3869 5726">
     <span class='ocr_line' id='line_1_119' title="bbox 2235 5645 3869 5726; baseline 0 -24"><span class='ocrx_word' id='word_1_839' title='bbox 2235 5648 2515 5725; x_wconf 70' lang='grc' dir='ltr'>προφανῶς</span> <span class='ocrx_word' id='word_1_840' title='bbox 2571 5645 2799 5725; x_wconf 68' lang='grc' dir='ltr'>ἵννοιαν,</span> <span class='ocrx_word' id='word_1_841' title='bbox 2863 5647 2982 5706; x_wconf 78' lang='grc' dir='ltr'>καθ’</span> <span class='ocrx_word' id='word_1_842' title='bbox 3067 5649 3133 5716; x_wconf 72' lang='grc' dir='ltr'>ἣν</span> <span class='ocrx_word' id='word_1_843' title='bbox 3221 5649 3451 5720; x_wconf 74' lang='grc' dir='ltr'>εἰρῆσθαι</span> <span class='ocrx_word' id='word_1_844' title='bbox 3510 5649 3773 5726; x_wconf 80' lang='grc' dir='ltr'>νομίζουσι</span> <span class='ocrx_word' id='word_1_845' title='bbox 3815 5648 3869 5704; x_wconf 81' lang='grc' dir='ltr'><strong>τδ</strong></span> 
     </span>
    </p>
   </div>
  </div>
