4176 6290
296 353 444 416 1157

1221 355 1317 416 DE
1363 350 1869 415 PHOCESSIONE
1913 350 1972 409 S.

2022 347 2374 411 SPIRITUS
2415 349 2642 412 ORAT.
2693 349 2771 410 II.
3517 347 3669 411 1158

288 481 370 538 διὰ
425 491 516 540 τοῦ
575 485 711 538 ΐῖοῦ
773 483 871 538 Διὰ
927 483 1108 538 τοῦτου
1179 483 1298 560 γαρ,
1335 483 1512 561 φασνὶ,
1577 481 1686 538 ἔστι
1746 505 1799 540 τε
1856 482 1943 540 καὶ

2056 479 2180 540 llud
2201 498 2307 559 per
2330 480 2584 542 Filium.
2632 479 2744 541 Per
2768 480 2923 541 hunc
2953 480 3135 553 enim,
3161 480 3459 561 inquiunt,
3493 489 3584 542 est
3614 489 3670 540 et

289 571 497 648 λέγεται
553 573 616 627 τὸ
674 576 885 645 Πνεῦμα
914 573 976 627 τὸ
1020 570 1192 648 ἅγιον,
1247 573 1320 634 ὡς
1364 573 1499 629 κατὰ
1551 575 1699 650 φύσιν
1728 574 1932 648 ᾧκειω·

291 659 447 733 μένον
505 662 650 732 αῦτῷ
678 659 764 715 καὶ
818 659 892 722 ὡς
923 659 1227 733 ὁμοούσι-έν.
1289 659 1388 716 Καὶ
1423 669 1584 718 ταῦτα
1643 661 1740 736 μὲν
1795 664 1937 719 οὗτοι

292 750 639 827 φθεγγόμενοι
711 753 818 803 τῶν
874 746 1086 803 πολλῶν
1145 743 1518 826 περιϐομϐουσι
1604 751 1692 816 τὰς
1749 751 1933 815 ἀκοάς.

296 835 438 914 Ἐγὼ
492 833 546 892 δὲ
605 833 834 914 ἀκριϐῶς
894 838 987 894 οὐκ
1039 835 1161 892 οῖδα
1219 836 1439 916 πότερον
1527 839 1700 903 ἀνοίας
1758 841 1938 903 αύτούς

295 924 356 981 ἂν
413 947 494 988 τις
566 925 602 993 ἢ
633 922 978 988 κακοϐουλίας
1021 926 1465 1005 κατηγορήσειεν,
1525 928 1690 983 αἰτίαν
1730 940 1823 988 τοῦ
1859 928 1941 984 διὰ

294 1021 387 1072 τοῦ
428 1016 550 1070 Υἰοῦ
579 1014 638 1068 τὸ
683 1019 893 1088 Πνεῦμα
947 1013 1008 1068 τὸ
1065 1013 1214 1090 ἅγιον
1263 1013 1404 1068 εἶναι
1459 1014 1560 1081 τὴν
1607 1017 1736 1094 πρός
1787 1018 1941 1074 αὗτόν

295 1103 552 1158 οἰκείωσιν
612 1102 796 1158 τούτου
853 1103 940 1158 καὶ
998 1101 1098 1168 τὴν
1184 1103 1571 1176 ὁμοουσιότητα
1644 1107 1940 1181 τιθεμένους

299 1193 500 1269 σαφῶς.
562 1181 692 1247 U01'.
750 1190 847 1264 μὲν
897 1192 996 1270 γαρ
1040 1191 1175 1246 κατὰ
1225 1193 1374 1272 φύσιν
1431 1193 1690 1266 ᾠκείωται
1734 1202 1810 1269 τῷ
1841 1201 1943 1272 Υἱῴ

295 1281 358 1334 τὸ
400 1285 608 1354 Πνεῦμα
667 1281 728 1335 τὸ
775 1280 950 1356 ἅγιον,
1011 1281 1098 1336 καὶ
1157 1281 1436 1354 ὁμοούσιον
1469 1290 1618 1339 τιῦτο
1646 1287 1776 1363 πρὸς
1804 1285 1942 1356 ἀλή-

294 1368 437 1426 θειάν
489 1368 628 1424 ἐστιν
676 1372 838 1442 αὐτῷ,
898 1369 1108 1442 σύμπας
1171 1368 1231 1424 ἄν
1289 1375 1393 1425 τῶν
1449 1371 1515 1427 1‘1
1583 1375 1702 1429 θεῖα
1767 1374 1944 1440 καλῶς

295 1454 724 1531 πεπαιδευμένων
753 1455 1158 1534 ὁμολογήσειεν
1233 1460 1292 1515 0-3
1348 1460 1452 1535 μὴν
1523 1459 1607 1516 διὰ
1660 1465 1821 1520 ταῦτα
1859 1467 1947 1522 καὶ

294 1545 356 1599 τὸ
385 1543 470 1600 διὰ
524 1556 617 1605 τοῦ
677 1550 796 1602 Υἱοῦ
850 1549 956 1602 τῶν
1025 1548 1273 1604 ἁπάντων
1342 1571 1422 1613 τις
1475 1551 1737 1632 ὑπάρχειν
1811 1555 1943 1633 ἐρεῖ.

297 1634 603 1690 Τούναντίον
660 1634 758 1710 μὲν
816 1635 927 1708 οῦν,
998 1636 1244 1712 γνώσεως
1297 1638 1554 1715 εὖμοιρῶν
1623 1641 1944 1724 μεγαλοφώ-

297 1744 398 1784 νως
450 1721 778 1803 κεκράξεται,
810 1726 872 1780 τὸ
927 1722 1010 1779 διὰ
1066 1727 1158 1782 106
1202 1727 1322 1781 Υἱοῦ
1359 1725 1528 1804 λέγων
1601 1729 1770 1788 αἴτιον
1801 1721 1942 1790 εἰναι

2021 567 2240 628 dicitur
2266 569 2525 647 Spiritus
2556 580 2822 648 sanctus,
2852 569 3003 649 quod
3040 578 3248 630 natura
3281 569 3361 629 illi
3391 571 3668 649 conjunc-

2022 663 2113 715 tus
2138 664 2195 716 et
2225 656 2744 719 consubstantialis
2771 670 2885 731 est,
2919 656 2989 717 Et
3020 658 3142 718 haec
3164 656 3278 736 ipsi
3309 657 3576 719 dicentes
3606 659 3666 718 in

2022 743 2265 804 auribus
2318 745 2637 807 multorum
2699 755 3103 825 perstrepunt.
3159 745 3276 824 Ego
3308 765 3445 806 vero
3493 746 3667 825 plane

2024 833 2247 904 nescio,
2293 835 2643 895 amentiaane
2691 835 2987 913 quispiam
3034 833 3200 912 ipsis,
3263 853 3337 895 an
3405 833 3670 911 perversi

2024 921 2260 982 consilii
2291 932 2487 983 nolam
2532 923 2753 997 inuret,
2802 925 2940 984 dum
2967 941 3198 982 causam
3221 923 3376 1002 quod
3410 923 3670 1003 Spiritus

2024 1022 2264 1071 sanctus
2287 1011 2362 1070 sit
2383 1029 2489 1090 per
2519 1009 2731 1072 Filium
2757 1030 2887 1072 esse
2909 1011 3390 1089 conjunctionem
3422 1011 3582 1072 illius
3613 1021 3671 1073 et

2025 1097 2690 1160 consubstantialitatem
2725 1117 2856 1160 cum
2885 1099 2985 1159 illo
3011 1099 3322 1179 perspicue
3351 1100 3664 1163 fateantur.

2029 1189 2458 1247 Verumtamen
2481 1197 2684 1248 natura
2708 1186 2991 1266 Spiritum
3008 1199 3273 1246 sanctum
3288 1189 3672 1266 conjunctum

2028 1291 2158 1334 esse
2180 1273 2569 1354 Filio,illique
2592 1294 2728 1336 vere
2749 1274 3311 1336 consubstantialem
3330 1295 3668 1350 esse,nemo

2027 1361 2128 1441 qui
2158 1368 2214 1420 in
2248 1363 2426 1424 rebus
2456 1365 2670 1424 divinis
2694 1363 2877 1443 probe
2901 1363 3220 1424 instructus
3236 1364 3670 1435 fuerit,inﬁcias

2030 1449 2224 1525 iverit;
2255 1459 2515 1513 attamen
2550 1463 2862 1533 propterea
2894 1470 2998 1532 per
3032 1450 3245 1512 Filium
3278 1452 3561 1514 exsistere
3591 1454 3666 1514 il-

2029 1537 2150 1599 lum
2185 1556 2360 1599 nemo
2392 1543 2660 1604 omnium
2684 1539 3139 1620 dicet,quinimo
3170 1541 3670 1622 contrarium,qui

2030 1627 2367 1704 cognitione
2388 1647 2587 1691 rerum
2619 1630 2815 1703 callet,
2851 1647 3066 1689 sonora
3115 1647 3257 1690 voce
3287 1629 3667 1712 declamabit,

2029 1716 2185 1795 quod
2202 1733 2308 1795 per
2335 1719 2547 1779 Filium
2575 1719 2830 1800 Spiritus
2854 1726 2964 1789 est,
2988 1735 3261 1779 asserens
3294 1736 3530 1780 causam
3575 1739 3670 1780 es-

293 1815 373 1882 τῷ
432 1813 696 1886 Πνεύματι
726 1815 824 1880 τῆς
881 1835 937 1868 τε
981 1815 1112 1891 πρὸς
1169 1815 1325 1870 αύτὸν
1368 1817 1694 1885 οἰκειότητος
1734 1823 1940 1897 τούτου,

2046 1822 2090 1865 se
2111 1803 2336 1885 absque
2359 1807 2539 1868 dubio
2567 1806 3006 1886 conjunctionis
3027 1806 3282 1885 Spiritus
3311 1809 3446 1868 cum
3470 1806 3666 1881 Fillio,

295 1900 386 1954 καὶ
441 1899 537 1968 τῆς
581 1901 994 1975 όμοουσιότητος
1051 1903 1318 1982 ἀτεχνῶς.
1395 1896 1523 1963 υΟτι
1577 1910 1673 1987 γὰρ
1722 1908 1803 1967 διὰ
1855 1894 1948 1976 τοῦ

2046 1911 2261 1987 iecnqn
2286 1904 2352 1987 ‘et
2383 1895 3032 1956 consubstantialitatis.
3063 1895 3208 1965 Quia
3240 1894 3400 1954 enim
3433 1914 3540 1975 per
3570 1897 3667 1955 Fi-

301 1988 422 2045 Υἱοῦ
475 1991 536 2044 τὸ
595 1996 805 2065 Πνεῦμα
834 1993 894 2046 τὸ
925 1990 1100 2069 ἅγιον,
1157 1991 1247 2048 διὰ
1277 1993 1429 2052 τοῦτο
1473 2006 1706 2076 φυσικῶς
1737 2003 1948 2076 ᾠκειω-

2053 1983 2172 2042 ium
2199 1979 2455 2061 Spiritus
2488 1995 2722 2046 sanctus
2743 1993 2853 2058 est,
2879 1984 3014 2045 ideo
3032 1985 3378 2044 naturaliter
3407 1984 3496 2044 illi
3518 2004 3667 2045 con-

301 2077 460 2151 μένον
533 2079 672 2152 αὒτῷ
722 2079 974 2158 τυγχάνει
1025 2081 1113 2135 καὶ
1160 2083 1462 2155 ὁμοούσιον.
1517 2089 1615 2142 Καὶ
1677 2094 1793 2167 περὶ
1852 2094 1949 2167 μὲν

2055 2083 2262 2134 unctus
2294 2080 2351 2132 et
2373 2074 2895 2136 consubstantialis
2927 2081 3036 2135 est.
3070 2072 3140 2132 Et
3161 2073 3241 2167 de
3271 2091 3342 2132 eo
3367 2073 3522 2152 quod
3543 2091 3674 2151 pro-

299 2166 486 2222 τούτου
528 2169 620 2222 τοῦ
679 2168 1097 2247 προσεχέστερον
1152 2170 1398 2247 ῥηθέντος
1428 2175 1588 2255 ἡμῖν,
1650 2147 1952 2238 ἴναὺδιέλω-

2046 2163 2198 2242 prius
2251 2171 2361 2235 est,
2421 2182 2552 2224 cum
2583 2182 2616 2224 a
2649 2163 2820 2224 nobis
2872 2163 3094 2222 dictum
3127 2161 3223 2241 sit,
3277 2170 3337 2221 ut
3367 2147 3670 2244 sermone,

299 2276 398 2329 μεν
444 2253 498 2309 ἰν
553 2254 734 2334 λόγοις
787 2257 852 2311 τὰ
881 2258 942 2312 τὸ
997 2262 1100 2313 πᾶν
1131 2255 1416 2339 ἀδιαίρετα,
1485 2250 1691 2332 πάντως
1746 2266 1790 2324 δ’
1848 2273 1942 2350 οὐχ

2046 2264 2166 2326 qua:
2194 2271 2433 2334 prorsus
2459 2252 2641 2314 dividi
2667 2271 2720 2312 n;
2745 2250 3516 2332 queunt,dividamus,quod
3541 2270 3674 2312 om-

299 2342 482 2422 ἕτερον
524 2344 665 2400 ἐστιν
703 2343 840 2422 ἢπερ
901 2347 962 2401 τὸ
1017 2347 1319 2421 ὁμοούσιον,
1368 2338 1428 2406 οῦ
1482 2353 1578 2408 κάν
1624 2363 1698 2429 τῷ
1760 2338 1952 2436 πρώτῷ

2046 2341 2176 2402 nino
2207 2361 2324 2405 non
2350 2342 2506 2402 aliud
2545 2342 2720 2402 fuerit
2744 2359 2921 2420 quam
2945 2338 3466 2413 consubSIantiale,
3497 2350 3554 2400 et
3578 2361 3676 2402 cu-

303 2433 632 2510 συντάγματι
691 2432 1009 2508 μνησθέντες
1080 2437 1152 2498 ὡς
1195 2435 1250 2491 ἓν
1295 2437 1496 2518 βραχεῖ
1538 2443 1635 2508 τὴν
1672 2419 1948 2503 ’τελέωτεξ

2046 2431 2131 2506 ius
2159 2432 2218 2492 in
2253 2432 2441 2511 primo
2474 2439 2675 2491 nostro
2709 2419 3136 2489 commentario
3176 2431 3475 2489 mentione
3525 2431 3678 2491 facta

301 2543 396 2600 ραν
457 2523 588 2598 πρὸς
643 2523 705 2576 τὸ
760 2523 926 2597 παρὸν
982 2524 1068 2579 καὶ
1122 2515 1595 2602 κρείττονα-λύσιν
1643 2533 1950 2615 ἐπενεγκεῖν

2046 2538 2210 2599 quam
2247 2520 2615 2596 brevissime,
2644 2517 3060 2579 absolutiorem
3092 2515 3153 2576 in
3183 2518 3458 2594 praesenti
3479 2525 3538 2578 et
3558 2535 3678 2580 me-

300 2609 672 2702 ὑπεσχόμεθα,
719 2610 1000 2702 προϊόντος
1072 2611 1256 2691 ἐφεξῆς
1308 2625 1400 2672 103
1462 2615 1622 2696 λόγου
1685 2605 1946 2702 διαληψό-

2046 2610 2244 2670 liorem
2277 2609 2636 2670 solutionem
2689 2607 2984 2668 adducere
3034 2605 3417 2686 promisimus
3465 2623 3676 2686 proce-

306 2702 444 2775 μεθα
506 2697 920 2771 πλατυκωτὲρως
990 2702 1124 2758 κατὰ
1178 2705 1384 2782 καιρὸν,
1442 2709 1528 2763 καὶ
1585 2696 1957 2788 συναιρομένου

2046 2697 2218 2759 dente
2261 2716 2366 2758 suo
2425 2699 2638 2758 ordine
2686 2696 2976 2768 oratione,
3018 2712 3124 2754 suo
3178 2702 3442 2773 tempore
3493 2696 3681 2756 fusius

303 2796 398 2845 106
473 2794 602 2844 Θεοῦ
670 2789 1082 2867 παραστήσομεν
1112 2791 1216 2846 ἀπό
1275 2813 1334 2847 τε
1391 2792 1662 2874 λογισμῶν
1719 2785 1956 2883 ἄναντιῤ-

2046 2788 2554 2867 perlractabimus.
2586 2799 2644 2849 et
2671 2786 2739 2847 ad
2741 2786 2985 2864 juvante
3009 2785 3130 2844 Deo
3150 2785 3678 2864 argumentis,qui-

304 2879 484 2956 ῥήτων
543 2878 715 2944 πάντη
775 2878 864 2933 γαὶ
894 2875 1156 2952 ἁψευδῶν,
1223 2880 1328 2937 ἀπό
1376 2905 1432 2939 τε
1472 2873 1748 2960 πατρικῶν
1779 2873 1957 2968 ἀναμ-

2046 2876 2154 2936 bus
2184 2875 2590 2936 contradicere
2623 2891 2903 2954 nequeas.
2938 2880 2994 2931 et
3023 2873 3177 2968 veris
3204 2888 3274 2930 ex
3300 2873 3539 2933 Patrum
3561 2873 3683 2934 dic-

306 2963 542 3041 φιϐόλων
599 2963 792 3040 κομιδῆ
851 2968 1124 3047 χρήσεων,
1185 2969 1260 3032 τίς
1319 2973 1347 3026 ὁ
1406 2971 1563 3053 λόγος
1620 2979 1775 3035 αὐτου
1819 2957 1960 3053 παρὰ

2046 2962 2118 3024 tis
2145 2971 2201 3023 et
2225 2965 2468 3023 minime
2497 2962 2699 3024 dubiis
2728 2957 3290 3039 demonstrabimus,
3318 2977 3588 3039 quaenam
3619 2962 3678 3022 in

306 3063 378 3134 τῇ
441 3056 554 3126 θείᾳ
623 3061 826 3136 Γραφῇ,
887 3057 974 3111 καὶ
1037 3039 1152 3120 πιῦς
1205 3080 1332 3116 ποτε
1390 3039 1543 3119 τοῦτο
1601 3081 1743 3123 νοεῖν
1817 3039 1958 3147 ἡμές

2046 3050 2240 3112 divina
2267 3050 2571 3130 Scriptura
2601 3049 2760 3110 illius
2777 3049 2925 3110 ratio
2956 3048 3052 3124 sit,
3088 3055 3146 3109 et
3175 3049 3472 3128 quomodo
3503 3069 3538 3110 a
3565 3070 3674 3111 no—

309 3145 455 3212 ἄξιον
467 3194 480 3207 .
1857 3138 1867 3147 ‘

2046 3138 2136 3200 bis
2163 3139 2633 3218 intelligendum.

389 3232 462 3306 ζ’.
511 3235 635 3312 Περὶ
662 3231 716 3288 δὲ
761 3232 928 3308 μόνης
971 3238 1069 3300 τῆς
1117 3236 1431 3301 οἰκειώσεως
1463 3237 1739 3308 διεξελθεῖν
1769 3245 1958 3326 ἀρτίως

2127 3230 2181 3292 'l.
2207 3227 2290 3290 De
2313 3229 2436 3290 sola
2491 3247 2624 3290 vero
2658 3227 3080 3308 conjunctione
3109 3235 3167 3288 et
3195 3229 3490 3289 consortio
3525 3248 3682 3291 nunc

307 3325 582 3403 ἡγούμεθα
624 3319 757 3400 δεῖν,
825 3319 976 3399 ὀλίγα
1029 3325 1149 3378 τινὰ
1205 3325 1404 3393 ταύτης
1448 3327 1621 3386 ἕνεκεν
1652 3319 1959 3404 ώσάν”προ-

309 3411 662 3493 διωρισμένης
718 3413 887 3466 εἰπεῖν
943 3410 1189 3489 ἔχοντες.
1226 3403 1303 3470 ’Ἀ
1334 3417 1434 3495 γὰρ
1493 3417 1547 3474 ἐν
1602 3428 1669 3498 τῇ
1712 3425 1812 3502 πρὸ
1863 3431 1960 3501 τῇς

308 3505 588 3580 παρούσης
682 3501 836 3575 ἡμῶν
924 3502 1258 3578 πραγματείᾳ
1327 3501 1600 3566 διαλαϐεῖν
1700 3510 1962 3590 ἐξεγένετο

311 3593 435 3668 μερὶ
489 3596 584 3646 τοῦ
640 3588 767 3647 ἰδίου
824 3588 1203 3663 σκοπουμένοις
1259 3593 1415 3668 ἡμῖν,
1495 3600 1658 3656 τχῦςι
1715 3588 1851 3657 καέά
1903 3607 1963 3660 τὸ

308 3678 574 3744 παντελές
636 3676 1061 3757 ἀπαράλλακτον,
1122 3679 1404 3758 ἐπειδήπερ
1488 3685 1676 3744 ταῦτὸν
1739 3690 1814 3762 τῷ
1880 3693 1963 3748 οἱ..

308 3770 443 3842 χείῳ
496 3769 558 3824 τὸ
613 3765 774 3846 ἴδιον,
829 3767 1090 3825 κάνταῦθα
1133 3770 1341 3834 παντως
1375 3771 1707 3850 ἀρμόζουσιν.
1767 3771 1962 3837 ’Ἐνθεν

310 3881 396 3917 τοι
429 3859 520 3914 καὶ
571 3857 850 3930 νομίζομεν
907 3856 1180 3938 ἀποχρῆν,
1234 3857 1330 3913 κάν
1374 3860 1409 3927 ᾗ
1434 3862 1643 3943 βραχέα
1673 3867 1738 3922 τὰ
1769 3868 1971 3949 λεχθη-

313 3949 544 4023 σόμενα,
603 3946 692 4000 καὶ
735 3943 936 4020 μᾶλλον
967 3945 1048 4024 ἐφ’
1107 3950 1153 4020 ᾧ
1190 3948 1288 4003 κᾶν
1330 3951 1535 4015 τούτοις
1578 3957 1650 4019 ὡς
1705 3959 1760 4011 ἒν
1804 3943 1969 4015 enim

311 4052 438 4101 τοῖς
512 4033 694 4126 ἄλλοις
722 4032 932 4126 *ἁπλῶς
996 4035 1056 4092 ἐκ
1110 4042 1380 4126 γραφικῶν
1425 4039 1628 4098 ἐσεῖται
1673 4048 1970 4126 μαρτυριῶν

313 4129 384 4185 τὰ
441 4129 545 4192 τῆς
610 4120 944 4188 ἀποδείξεως.
1008 4127 1105 4183 Καὶ
1177 4124 1242 4193 δὴ
1311 4130 1542 4208 καθάπερ
1601 4130 1652 4197 ἐξ
1721 4120 1970 4214 ὑπαρχῆς

313 4215 617 4292 ᾠκειῶσθαι
673 4232 845 4292 φαμεν
899 4216 959 4268 τὸ
1003 4219 1213 4290 Πνεῦμα
1270 4218 1330 4272 τὸ
1373 4204 1524 4298 ἅγιον
1568 4228 1642 4278 τῶ
1706 4204 1972 4299 ὶἼῷ,Ηκαί

315 4299 655 4391 Πνεῦμα
724 4303 878 4357 τοῦτο
949 4308 1037 4358 τοῦ
1114 4307 1234 4361 Υἶοῦ
1292 4308 1662 4386 χρηματίζειν,
1724 4313 1971 4391 ἑτέρωθεν

317 4394 491 4456 οὕτως
562 4390 963 4463 ἒξεπιστάμεθα,
1038 4391 1187 4460 Πλὴν
1269 4397 1312 4451 εἰ
1367 4396 1752 4474 βουληθείημεν
1807 4390 1971 4460 ταῦτα

315 4485 456 4561 πρὸς
518 4478 727 4546 ἄλληλα
797 4478 1053 4556 κατιδεῖν,
1129 4481 1404 4540 κάντεῦθεν
1487 4489 1804 4558 ποιήσασθαι
1883 4495 1976 4550 τοῦ

316 4569 678 4652 προκειμένου
730 4569 831 4635 τὴν
875 4570 1118 4642 ζήτησιν,
1165 4571 1425 4645 ᾠκείωται
1485 4575 1579 4648 μὲν
1652 4577 1768 4634 κατ’
1801 4582 1975 4640 οὐσίαν

313 4670 398 4738 τῷ
448 4661 558 4734 ι’ὶῷ
609 4660 670 4714 τὸ
726 4665 935 4734 Πνεῦμα
991 4661 1051 4715 τὸ
1107 4657 1279 4738 ἂγιον,
1331 4663 1404 4726 ὡς
1449 4669 1658 4732 Πνεῦμα
1712 4669 1978 4749 τυγχάνον

317 4750 514 4809 αῦτοῦ·
582 4752 793 4822 Πνεῦμα
864 4744 918 4801 δὲ
1001 4746 1162 4804 πάλιν
1229 4751 1348 4805 ὶὶοῦ
1421 4758 1576 4809 τοῦτο
1633 4744 1978 4830 καθέστηκεν,

319 4845 411 4905 οἷς
490 4835 674 4915 ὅτιπερ
732 4837 873 4909 αῦτῴ
949 4837 1084 4891 κατὰ
1168 4837 1319 4917 φύσιν
1383 4840 1667 4918 ᾠκείωται,
1728 4847 1902 4909 καθὼς
1959 4849 1986 4903 ὁ

320 4929 502 5007 μέγας
577 4923 852 4988 Βασιλειος
895 4925 1032 5001 ἡμῖν
1074 4926 1140 4981 τα
1193 4927 1311 5006 περὶ
1379 4930 1577 4985 τούτων
1647 4931 1983 5014 παραδιδοὺς,

318 5016 528 5098 τρόπον
580 5013 638 5071 ὅν
695 5012 944 5090 εἴπομεν,
1005 5014 1254 5095 ἑκατέρου
1321 5016 1523 5084 τίθησιν
1583 5021 1750 5076 αἰτίαν
1806 5012 1990 5079 ἐκάτεζ

321 5130 442 5188 ρον.
508 5104 672 5168 Οὗτος
716 5105 803 5160 καὶ
846 5105 948 5182 γὰρ
1001 5105 1058 5158 ἓν
1101 5105 1198 5179 μὲν
1260 5118 1378 5170 τοῖς
1434 5106 1554 5164 κατ’
1616 5109 1874 5186 Εῦνσμίου
1902 5114 1990 5169 καὶ

323 5196 546 5274 Ἀρείου
601 5192 780 5271 λόγοις
838 5193 954 5272 περὶ
995 5199 1088 5250 τοῦ
1133 5195 1433 5270 Πνεύματος
1488 5195 1608 5253 τάδε
1665 5201 1815 5279 φησί’
1879 5202 1988 5269 Τὴν

323 5285 430 5361 μὲν
505 5283 637 5349 πρὸς
713 5281 919 5358 Πατέρα
998 5283 1297 5350 οἰκειότητα
1380 5289 1508 5358 νοῶ,
1583 5285 1766 5354 ἐπειδή
1849 5291 1990 5365 παρᾶ

322 5381 422 5430 τοῦ
514 5372 720 5450 Πατρὸς
832 5369 1190 5449 ἐκπορεύεται,
1279 5371 1379 5439 τὴν
1475 5375 1605 5454 πρὸς
1713 5378 1831 5432 Υἰὸν
1907 5376 1986 5452 δὲ,

325 5458 526 5527 ἱπειδὴ
583 5461 783 5540 ἀκούω,
822 5483 849 5514 ι
884 5459 950 5516 Εἴ
1007 5482 1087 5524 τις
1151 5467 1358 5537 Πνεῦμα
1418 5469 1642 5542 Χριστοῦ
1711 5465 1803 5523 οὔκ
1845 5466 1982 5547 ἔχει,

325 5553 426 5610 οὒκ
491 5545 636 5603 ἔστιν
691 5549 872 5605 αὐτοῦ·
938 5570 962 5604 ι
1004 5548 1078 5603 ἐν
1143 5546 1196 5604 δὲ
1279 5557 1355 5607 τῶ
1408 5549 1841 5631 ὁκτωκαίδικάτρ
1878 5545 1989 5612 τῶν

415 5707 474 5760 ω
513 5704 688 5768 Rom.
723 5721 847 5783 VIII,
880 5710 940 5772 9.

2045 3317 2522 3398 pertractandum
2559 3337 2689 3378 esse
2732 3326 3024 3397 putamus,
3073 3318 3274 3397 paucis
3324 3317 3676 3398 quibusdam

2045 3407 2203 3466 illius
2233 3417 2498 3481 causa,ut
2529 3407 2880 3487 praefinitum
2910 3411 2983 3467 de
3016 3424 3084 3467 ea
3105 3406 3325 3488 aliquid
3356 3409 3448 3478 sit,
3476 3408 3537 3467 in
3560 3427 3682 3468 me-

2045 3496 2082 3555 d
2113 3514 2210 3556 um
2239 3495 2448 3556 allatis.
2483 3496 2620 3567 Quae
2664 3496 2822 3559 enim
2873 3495 2932 3555 in
2966 3495 3150 3575 priori
3199 3505 3400 3556 nostro
3431 3505 3678 3558 tractatu

2045 3583 2421 3664 digessimus,
2454 3604 2590 3646 cum
2621 3585 2695 3646 de
2729 3585 2964 3665 proprio
2987 3585 3557 3664 disputaremus,illa
3577 3605 3680 3647 ea-

2046 3674 2180 3734 dem
2205 3675 2427 3754 absque
2449 3675 2567 3735 ulla
2591 3673 2682 3734 sui
2704 3673 3273 3748 immulatione,cum
3291 3673 3448 3735 idem
3475 3694 3686 3734 unum-

2046 3780 2162 3841 que
2219 3764 2292 3824 sit
2342 3766 2722 3842 conjunctum
2781 3770 2844 3825 et
2893 3763 3218 3843 proprium,
3253 3764 3364 3824 hoc
3409 3764 3584 3825 etiam
3623 3765 3684 3826 in

2054 3852 2184 3914 loco
2214 3873 2387 3934 quam
2420 3855 2722 3934 aptissime
2754 3853 2947 3916 locum
2994 3854 3318 3914 habebunt.
3364 3853 3516 3916 Hinc
3543 3858 3687 3916 satis

2053 3962 2348 4023 superque
2397 3961 2528 4004 esse
2581 3943 3006 4017 existimamus,
3055 3944 3192 4003 licet
3235 3943 3488 4004 dicenda
3515 3963 3689 4024 quam

2053 4030 2400 4091 brevissima
2427 4031 2566 4104 sint,
2593 4041 2650 4092 et
2682 4033 3048 4110 potissimum
3075 4049 3208 4091 cum
3239 4030 3300 4090 in
3335 4033 3424 4091 his
3453 4050 3688 4110 quoque

2052 4128 2116 4180 ut
2144 4121 2204 4179 in
2235 4120 2367 4180 aliis
2396 4122 2673 4181 omnibus
2702 4121 3056 4200 simpliciter
3086 4139 3154 4180 ex
3186 4129 3405 4199 scripto
3463 4122 3691 4180 traditis

2056 4210 2410 4270 testimoniis
2461 4211 2884 4272 demonstratio
2945 4220 3202 4290 petetur.
3261 4213 3328 4269 lit
3378 4211 3497 4287 jam
3553 4227 3692 4269 ecce

2054 4298 2554 4377 quemadmodum
2587 4299 2659 4359 ab
2683 4299 2923 4361 exordio
2966 4298 3247 4378 conjungi
3272 4299 3525 4358 dicimus
3542 4297 3691 4358 Filio

2056 4387 2334 4467 Spiritum
2393 4398 2683 4468 sanctum,
2739 4398 2797 4449 et
2852 4387 3134 4468 Spiritum
3186 4389 3343 4448 hunc
3377 4384 3507 4448 Filii
3535 4403 3690 4462 esse,

2057 4477 2298 4536 aliunde
2347 4475 2521 4536 etiam
2572 4477 2658 4537 sic
2698 4478 2888 4538 edocti
2946 4495 3168 4538 sumus.
3218 4474 3614 4538 Nihilominus
3644 4477 3695 4534 si

2059 4565 2186 4626 haec
2217 4565 2475 4644 penitius
2499 4565 2886 4647 introspicere
2915 4565 3452 4645 velimus,indeque
3485 4581 3696 4645 propo-

2063 4654 2160 4714 siti
2193 4655 2575 4735 quzestionem
2609 4655 2940 4736 absolvere,
2965 4655 3316 4734 conjunctus
3334 4665 3423 4715 est
3446 4653 3702 4715 essentia

2063 4741 2211 4804 Filio
2262 4743 2515 4824 Spiritus
2570 4754 2830 4819 sanctus,
2884 4755 2946 4806 ut
2988 4747 3087 4825 qui
3118 4745 3372 4825 Spiritus
3402 4743 3562 4804 illius
3589 4752 3699 4822 est,

2061 4851 2385 4913 rursusque
2407 4834 2662 4914 Spiritus
2691 4835 2822 4896 Filii
2855 4835 2952 4894 hic
2981 4835 3232 4913 exsiStit,
3279 4833 3434 4913 quod
3465 4832 3552 4892 illi
3599 4851 3702 4892 es-

2062 4923 2251 4984 sentia
2283 4925 2633 5005 conjunctns
2692 4936 2802 5000 est,
2855 4924 3026 4986 sicuti
3078 4942 3324 5002 magnus
3352 4923 3604 4985 Basilius
3631 4922 3706 4981 de

2071 5013 2234 5074 hisce
2256 5013 2428 5075 nobis
2458 5016 2719 5095 tradens,
2771 5015 2948 5075 modo
3000 5033 3115 5094 quo
3159 5012 3414 5074 diximus
3465 5010 3707 5071 alterius

2071 5104 2318 5164 alterum
2353 5121 2587 5164 causam
2623 5103 3081 5184 ponit.Namque
3108 5104 3156 5163 si
3188 5103 3475 5163 adversus
3505 5098 3707 5160 Euno-

2076 5193 2259 5254 mium
2283 5192 2610 5274 Ariumque
2643 5192 3204 5274 disputans,promit
3226 5192 3352 5252 haec
3381 5191 3456 5251 de
3486 5190 3708 5268 Spiritu

2073 5281 2478 5343 sanctozlttius
2493 5300 2639 5362 erga
2651 5281 2892 5343 Putrem
2913 5284 3046 5358 coni
3053 5282 3394 5342 unctionem
3412 5278 3709 5358 intelligo,

2073 5373 2233 5451 quod
2253 5393 2288 5430 a
2311 5371 2504 5434 Patre
2522 5372 2815 5452 procedit;
2835 5389 2982 5452 ergo
3005 5369 3248 5432 Filium
3266 5385 3574 5441 rero,cum
3593 5387 3709 5428 au-

2071 5461 2310 5534 dio,-Si
2333 5463 2470 5539 quis
2495 5462 2792 5540 Spiritum
2822 5461 3050 5522 Christi
3078 5478 3196 5522 non
3215 5458 3414 5526 habet.
3461 5459 3562 5520 hic
3590 5475 3711 5518 non

2072 5559 2160 5612 est
2207 5568 2334 5629 ejus
2352 5549 2432 5612 δι.
2475 5575 2492 5604 ι
2532 5548 2600 5610 Ει
2646 5550 2705 5610 in
2765 5550 2997 5611 decimo
3055 5557 3255 5610 octavo
3299 5547 3372 5610 ad
3401 5546 3710 5626 Amphilo-
