4208 6290
585 282 603 340 1
627 276 735 340 159
1699 271 2188 336 CONSTANTIN
2199 273 2218 331 Ι
2265 269 2813 339 MELITENIOTR
3799 267 3820 328 1
3844 265 3959 329 160

575 408 774 470 chium
825 408 1054 488 capite:
1109 407 1232 468 Sed
1273 412 1328 467 et
1370 405 1640 483 Spiritus
1689 401 1914 465 Christi
1970 402 2190 463 dicitur

2272 404 2432 475 ιπρὸς
2475 403 2564 458 τὸν
2625 403 2760 481 ἱερὸν
2832 399 3190 480 Ἀμφιλόχισο
3257 398 3576 479 κεφαλαίων’
3642 397 3809 455 Ἀλλὰ
3866 399 3956 454 καὶ

577 498 730 577 quod
760 487 992 559 natura
1023 494 1498 573 itticonjuuctus
1554 499 1663 553 est.
1705 490 1804 553 Sic
1857 491 1970 552 ista
2017 498 2188 552 contr

2306 489 2516 566 Πνεῦμα
2586 497 2809 569 Χριστοῦ
2905 489 3138 567 λέγεται,
3240 491 3311 550 ὡς
3408 487 3742 564 ᾡκειωμὲνον
3811 487 3954 560 αὗτῷ

578 576 710 648 sese
755 585 926 659 verti,
957 586 1109 665 quod
1162 583 1320 644 idem
1379 599 1545 659 teque
1589 587 1814 653 notant,
1848 597 1984 640 cum
2048 579 2184 658 plan

2304 580 2439 636 κατά
2522 580 2693 658 φύσιν.
2774 578 2924 637 θῧτω
2993 578 3087 652 μὲν
3148 576 3555 659 ἀντιστρέφοντα
3611 576 3770 633 ταῦτα
3817 577 3950 654 πρὸς

578 693 682 734 nos
705 674 984 752 sciamus,
1024 671 1150 752 pari
1182 670 1358 732 modo
1381 669 1660 740 dicimus.
1696 686 1877 728 unum
1911 667 2038 728 loco
2071 667 2186 730 alte

2303 666 2510 735 ἄλληλα
2579 666 2664 724 διὰ
2730 669 2791 724 16
2820 665 3070 738 ἐξισάζειν
3128 666 3367 746 ἂντικρυς
3425 665 3712 746 ἐγνωκότες
3753 667 3947 741 ἡμεῖς,

575 763 699 823 rius
767 761 958 834 sumi,
1039 769 1098 820 ut
1179 777 1424 834 magnus
1483 766 1546 818 ut
1605 756 1997 818 decernendis
2067 758 2182 835 dog

2302 754 2528 834 λέγομεν
2595 757 2785 824 ἒπίσης
2849 753 3459 832 ἂντιμεταλαμϐάνεσθαι
3514 755 3648 812 κατὰ
3702 757 3792 811 τὸν
3846 776 3953 810 πο-

586 850 837 911 matibus
869 849 1119 910 Basilius
1148 848 1367 909 statuit.

2299 840 2392 898 λυν
2451 843 2504 898 ἐν
2548 841 2775 922 δόγμασι
2833 846 2920 900 καὶ
2965 844 3133 921 μέγαν
3187 842 3480 904 Βασίλειον.

653 940 711 1002 8.
744 939 817 998 At
842 957 1000 999 nunc
1033 956 1136 1017 per
1159 936 1373 998 Filium
1409 934 1690 1014 Spiritum
1725 942 1989 995 sanctum
2023 933 2190 995 exsis-

2375 931 2456 998 η’.
2501 934 2572 990 Τὸ
2628 931 2682 990 δὲ
2733 932 2798 989 δι’
2866 936 2984 992 Υἱοῦ
3012 935 3071 990 16
3107 939 3318 1008 Πνεῦμα
3349 935 3410 989 16
3461 931 3612 1011 ἅγιον
3682 932 3946 1010 ὑπάρχειν

2294 1021 2380 1076 καὶ
2412 1023 2472 1077 τὸ
2529 1021 2706 1101 τελεῖν
2763 1025 2956 1080 οἰκεῖον
3016 1024 3172 1079 αὐτοῦ
3227 1028 3341 1086 πῶς
3386 1021 3591 1101 ἔχουσι,
3644 1019 3948 1098 θεωρητέον

2291 1109 2358 1167 τὰ
2413 1112 2522 1170 νῦν.
2597 1100 2726 1189 Ἰ’Λρα
2783 1113 2882 1192 γὰρ
2933 1110 3251 1183 ἔξισάζονται
3306 1113 3396 1168 καὶ
3437 1100 3600 1166 ταῦτα
3653 1111 3787 1188 πρὸς
3844 1105 3949 1163 ἔλ-

2292 1195 2432 1263 ληλα
2503 1199 2622 1255 κατ’
2679 1201 2859 1257 ἐκεῖνα
2916 1203 2978 1261 τὰ
3062 1203 3179 1279 πρὶν
3264 1200 3510 1277 ἑκάτερον
3566 1196 3801 1274 ἑκατέρῳ
3858 1197 3947 1252 καὶ

2292 1286 2762 1369 ἀντιστρέφουσιν;
2852 1287 3127 1363 Οὒδαμῶς,
3209 1287 3379 1345 αἴτιον
3451 1285 3505 1342 δὲ
3574 1287 3762 1363 κυρίως
3840 1290 3943 1352 τῆς

2294 1375 2606 1440 οἶκειώσεως
2663 1380 2725 1434 τὸ
2783 1377 2848 1434 δι’
2884 1378 3004 1435 Υἱοῦ
3034 1375 3236 1453 μᾶλλόν
3278 1377 3414 1438 ἐστι.
3449 1377 3548 1434 Καὶ
3589 1382 3743 1431 τοῦτο
3795 1396 3945 1450 παρ-

2295 1468 2496 1530 ίστησιν
2573 1465 2833 1542 ἂριὸήλως
2882 1470 2909 1523 6
2963 1470 3116 1530 αὐτὸς
3194 1466 3360 1544 μέγας
3431 1463 3729 1542 Βασιλειος,
3796 1462 3944 1527 ὅστις

2291 1552 2344 1608 ἐν
2396 1561 2473 1628 τῷ
2530 1559 2670 1628 αὐτῷ
2711 1561 2816 1612 τῶν
2873 1558 3002 1634 πρὸς
3057 1557 3149 1611 τὸν
3219 1553 3513 1633 μακαρίτην
3574 1550 3941 1632 Ἀμφιλόχιον

578 1035 726 1101 tere,
763 1035 823 1088 et
850 1026 1230 1105 conjunctum
1278 1024 1363 1085 illi
1413 1042 1569 1097 esse,
1623 1023 1704 1085 uti
1757 1041 1888 1083 sese
1935 1021 2208 1095 habeant,

575 1116 1070 1177 considerandum
1105 1123 1213 1177 est.
1249 1119 1337 1173 An
1370 1112 1544 1174 etiam
1601 1113 1724 1174 haec
1773 1130 1905 1172 cum
1961 1111 2115 1172 inter
2146 1129 2212 1171 se

574 1213 978 1284 exaequantur,
1006 1203 1201 1283 priora
1233 1202 1352 1264 illa.
1389 1199 1647 1261 vicissim
1683 1202 1929 1261 alterum
1961 1199 2211 1261 alterius

575 1295 768 1355 locum
822 1291 1166 1372 occupabit?
1207 1289 1454 1352 Minime
1499 1289 1801 1367 gentium:
1867 1307 1998 1349 cum
2037 1306 2212 1350 causa

577 1382 813 1462 propria
841 1379 1278 1460 conjunctionis
1311 1379 1503 1457 potius
1536 1377 1680 1437 illud
1709 1394 1819 1454 per
1857 1377 2082 1436 Filium
2109 1376 2205 1436 sit.

575 1471 646 1532 Et
668 1473 779 1532 hoc
803 1470 972 1549 plane
1001 1468 1310 1530 conﬁrmat
1331 1466 1487 1526 idem
1519 1483 1769 1542 magnus
1799 1463 2072 1536 Basilius,
2109 1464 2210 1544 qui

574 1560 632 1620 in
667 1559 874 1620 eodem
897 1559 966 1619 ail
993 1558 1224 1619 beatum
1253 1555 1734 1634 Amphilochium
1764 1554 1954 1632 capite
1972 1554 2206 1615 huncin

577 1648 813 1708 modum
846 1645 1128 1726 loquitur,
1159 1663 1290 1705 cum
1343 1643 1503 1722 prius
1535 1641 1607 1702 de
1639 1640 1894 1720 Spiritus
1921 1660 1988 1703 ex
2039 1646 2190 1705 Patri

2289 1641 2587 1722 κεφαλαίων
2670 1645 2883 1724 εἴρηκεν
2936 1645 3096 1723 οὕτω,
3142 1645 3258 1722 περὶ
3312 1647 3409 1710 τῆς
3470 1647 3562 1698 τοῦ
3626 1641 3938 1715 Πνεύματος

573 1736 912 1798 exsistentia
941 1752 1274 1795 sermonem
1304 1731 1739 1793 habuissetzEa:
1759 1733 1880 1792 Deo
1900 1748 2026 1793 esse
2047 1734 2190 1793 dici-

2294 1731 2352 1786 ὲκ
2412 1735 2613 1812 Πατρὸς
2665 1732 2930 1812 ὑπάρξεως
2975 1730 3276 1813 προλαϐών,
3349 1731 3447 1788 Ἐκ
3500 1738 3594 1788 τοῦ
3647 1737 3780 1786 Θεοῦ
3842 1729 3937 1785 εἶ-

571 1833 825 1904 tu-r,non
849 1826 941 1885 uti
974 1825 1182 1884 omnia
1221 1839 1295 1883 ατ
1320 1821 1573 1894 Deo,se.'t
1595 1823 1685 1880 uti
1719 1837 1794 1881 ex
1813 1821 1938 1880 Deo
1955 1836 2190 1900 progre‘

2293 1844 2375 1877 ναι
2425 1821 2656 1902 λέγεται,
2719 1827 2821 1902 οὐχ
2891 1825 2963 1887 ὡς
3013 1823 3078 1879 τὰ
3120 1823 3290 1878 πάντα
3344 1822 3407 1876 ὲκ
3461 1829 3554 1878 τοῦ
3610 1821 3762 1892 Θεοῦ,
3813 1813 3938 1872 ἀλλ’

568 1913 759 1983 diens,
787 1930 904 1973 non
925 1919 1246 1992 genrratus
1267 1919 1330 1970 ut
1354 1908 1679 1980 Fitius,sed
1703 1907 2054 1987 utSpiritus
2085 1910 2190 1973 ori:

2291 1911 2364 1972 ὡς
2422 1909 2482 1966 ἐκ
2567 1918 2698 1968 Θεοῦ
2750 1909 3021 1988 προελθὸν,
3103 1913 3162 1968 οὗ
3225 1907 3492 1988 γεννητῶς
3570 1909 3644 1970 ὡς
3697 1909 3724 1962 6
3793 1907 3936 1976 Υἱὸς,

568 1999 931 2064 ἰίιίηδ.υηάθ
977 2002 1063 2062 sic
1119 1999 1465 2061 declaratur
1515 1999 1690 2059 illius
1729 1998 2118 2071 consortium,
2151 2015 2190 2060 ει

2290 1995 2406 2053 ἀλλ’
2487 2001 2558 2064 ὡς
2617 2005 2826 2073 Πνεῦμα
2896 1999 3156 2074 στόματος
3209 1999 3383 2053 αὐτοῦ’
3443 1994 3536 2062 τῆς
3606 1993 3703 2068 μὲν
3761 1993 3938 2048 οἰκει-

568 2090 900 2170 ineﬂ'abitis
927 2095 1198 2151 essentia:
1225 2089 1434 2150 modus
1453 2094 1752 2150 servatur.
1787 2085 2039 2166 Spiritus
2069 2106 2203 2149 cum

565 2181 688 2238 Deo
737 2178 1214 2257 conjunctionem
1263 2176 1514 2237 indicari
1572 2175 1652 2236 ait
1695 2193 1936 2252 magnus
1966 2175 2062 2235 hic
2091 2176 2198 2252 vir,

562 2266 716 2348 quod
739 2265 1147 2345 progrediatur
1165 2284 1230 2325 ex
1255 2284 1324 2325 eo
1346 2273 1405 2324 ut
1429 2265 1548 2324 oris
1574 2263 1836 2342 spiritus.
1861 2262 1983 2323 Hoc
2003 2263 2198 2343 ipsum

563 2357 666 2426 hic,
687 2373 920 2435 quoque
953 2356 1028 2415 de
1057 2353 1476 2432 conjunctione
1500 2353 1766 2432 ejusdem
1791 2349 2044 2430 Spiritus
2065 2371 2198 2413 cum

561 2443 708 2514 Filio
741 2461 915 2522 quam
965 2443 1337 2520 aptissimum
1382 2459 1513 2502 esse
1562 2448 1795 2519 reputo;
1847 2440 2202 2518 conjunctus

561 2533 720 2594 enim
752 2541 840 2594 est
864 2531 1118 2610 Spiritus
1154 2538 1392 2590 sanctus
1432 2548 1562 2589 cum
1598 2528 1930 2606 Filio,quod
1972 2548 2080 2608 per
2098 2528 2198 2590 Fi-

559 2620 706 2681 lium
763 2619 858 2681 hic
900 2638 1133 2700 quoque
1166 2619 1261 2688 sit,
1316 2635 1431 2678 non
1472 2617 1584 2677 alia
1637 2616 1909 2696 quapiam
1938 2616 2192 2698 ratione,

559 2727 735 2788 quam
767 2709 922 2787 quod
956 2708 1032 2768 sit
1059 2707 1303 2787 spiritus
1334 2706 1455 2766 oris
1487 2706 1723 2784 ejus,uti
1757 2703 1971 2766 Christi
2004 2724 2194 2784 pI‘IBCO

556 2799 772 2860 Paulus
810 2797 1343 2876 tradidit.Namque
1392 2794 1487 2856 hic
1537 2795 1865 2856 secundum
1897 2795 1968 2855 ad
2003 2796 2192 2858 Thes-

555 2887 958 2954 salonicenses
1010 2885 1303 2958 scribens,
1368 2892 1675 2965 postquam
1733 2883 2191 2946 destructionem

2289 2086 2478 2153 ότητος
2593 2086 2921 2164 δηλουμένης
3043 2087 3301 2159 ἐντεῦθεν,
3393 2091 3484 2140 τοῦ
3582 2079 3636 2137 δέ
3731 2081 3938 2157 τρόπου

2285 2181 2383 2242 τῆς
2493 2175 2758 2257 ὑπάρξεως
2833 2176 3057 2256 ἀρρήτου
3162 2172 3580 2256 φυλασσομένου.
3673 2171 3752 2236 Tit
3842 2168 3940 2226 τοῦ

2285 2265 2586 2340 Πνεὺματος
2671 2268 2800 2342 πρὸς
2889 2269 2979 2323 τὸν
3062 2267 3190 2322 Θεὸν
3237 2262 3574 2327 -οὶκειότητα
3643 2257 3939 2326 δηλοῦσθαί

2285 2375 2443 2432 φησιν
2487 2357 2514 2410 6
2570 2355 2759 2433 μέγας,
2795 2355 2854 2412 ἐκ
2896 2362 2987 2411 τοῦ
3016 2352 3292 2434 προελθεῖν
3335 2353 3408 2414 ὡς
3458 2356 3672 2424 Πνεῦμα
3713 2348 3930 2423 στόμα-

2283 2463 2372 2504 τος
2416 2441 2467 2508 ἐξ
2509 2447 2686 2504 αὐτοῦ.
2747 2451 2908 2501 Τοῦτο
2967 2443 3022 2498 δὲ
3078 2443 3339 2499 κάνταῦθα
3369 2453 3511 2496 νοεῖν
3541 2437 3625 2494 ἐπὶ
3651 2442 3751 2504 τῆς
3795 2437 3932 2515 πρὸς

2283 2533 2374 2587 τὸν
2453 2535 2571 2588 Υἱὸν
2640 2533 2963 2599 οἰκειότητος
3045 2531 3210 2610 λέγω,
3269 2537 3359 2586 τοῦ
3415 2528 3573 2584 αὐτοῦ
3616 2525 3930 2600 Πνεόματὸς

2285 2621 2424 2677 ἐστιν
2479 2619 2888 2700 ἁρμοδιώτατον.
2935 2621 3148 2679 Οἱκεῖον
3201 2621 3300 2697 γὰρ
3369 2618 3430 2673 16
3499 2616 3650 2692 ἅγιον
3705 2620 3926 2688 Πνεῦμα

2277 2712 2365 2766 καὶ
2393 2717 2469 2784 τῷ
2548 2713 2674 2784 ι’ἱῷ,
2719 2711 2898 2768 καθότι
2956 2713 3042 2766 καὶ
3082 2707 3166 2764 διὰ
3205 2711 3298 2766 τοῦ
3353 2711 3474 2765 Υἱοῦ
3526 2715 3680 2763 τοῦτο
3744 2703 3926 2783 πέφυ-

2276 2821 2388 2874 κεν,
2449 2800 2551 2878 οὐχ
2620 2798 2808 2877 ἑτέρως
2863 2820 2922 2876 γε
2955 2800 3086 2874 μὴν,
3159 2800 3231 2860 ὼς
3274 2795 3328 2852 δὲ
3387 2801 3597 2868 Πνεῦμα
3653 2792 3923 2867 στόματος

2279 2891 2454 2961 αὐτοῦ,
2522 2889 2658 2946 κατὰ
2712 2889 2773 2943 τὸ
2819 2885 3102 2967 animos»
3160 2885 3353 2959 Παύλῳ
3404 2891 3481 2959 τῷ
3510 2883 3924 2963 χριστοκήρυκι,

555 2975 717 3056 mali,
750 2976 850 3056 qui
884 2975 1223 3038 universum
1257 2983 1544 3034 terrarum
1603 2971 1808 3034 orbem
1849 2972 2190 3034 conterebat

2281 2978 2378 3033 Καὶ
2433 2977 2532 3054 γὰρ
2586 2975 2736 3040 οὗτος
2784 2977 2844 3032 16
2874 2973 3108 3054 δεύτερον
3181 2971 3506 3031 ἐπισαὲλλων
3575 2973 3707 3049 πρὸς
3780 2976 3921 3026 Θεσ-

551 3064 938 3139 annuntiavit,
974 3072 1101 3125 erat
1131 3081 1308 3144 porro
1329 3061 1667 3142 impiusille
1689 3061 1865 3138 Nero,
1902 3062 1976 3123 de
1997 3062 2190 3124 futuro

549 3153 904 3214 vaticinans:
941 3155 1049 3212 «Et
1068 3159 1196 3214 tum
1217 3151 1585 3231 iniquusitle
1607 3152 2045 3230 puteﬁct,quem
2071 3154 2190 3213 Do-

494 3266 498 3270 ’
552 3244 755 3304 minus
770 3243 1046 3323 conﬁciet
1066 3241 1309 3322 Spiritu
1329 3243 1455 3302 oris
1475 3243 1630 3302 sui!“
1646 3239 2048 3318 ,ingentivocc
2065 3243 2190 3308 cla.-

554 3330 750 3406 mavit,
778 3329 1062 3410 Spiritum
1096 3329 1216 3391 oris
1243 3328 1541 3408 Unigeniti
1585 3327 1866 3408 Spiritum
1919 3338 2185 3392 sanctum

552 3437 923 3498 nuncupans.
961 3417 1107 3478 Illud
1168 3436 1339 3496 porro
1364 3435 1478 3497 per
1499 3416 1554 3478 F
1557 3417 1731 3478 ilium
1763 3435 2003 3495 prorsus
2029 3417 2184 3478 idem

551 3506 910 3586 fuerit,quod
933 3507 1003 3567 ad
1034 3506 1407 3567 existentiam
1435 3504 1668 3577 attinet,
1709 3513 1885 3584 atque
1936 3506 2078 3567 illud
2111 3526 2189 3570 ea:

549 3595 740 3657 Filio.
777 3603 838 3654 ut
861 3595 988 3674 ipso
1014 3593 1179 3655 initio
1209 3596 1396 3656 oratio
1428 3595 1872 3666 demonstravit,
1909 3604 1966 3655 et
1994 3597 2186 3659 adhuc

548 3682 702 3743 ultra
737 3683 1064 3762 procedens
1114 3682 1566 3744 demonstrabit.
1614 3683 1712 3744 Sic
1755 3701 1886 3743 cum
1933 3683 2188 3764 Spiritus

546 3779 784 3833 sanctus
830 3789 936 3851 per
982 3769 1196 3832 Filium
1256 3780 1363 3844 est,
1401 3781 1716 3850 propterea
1742 3780 1799 3832 et
1835 3774 2188 3852 conjunctus

549 3861 633 3921 illi
667 3869 792 3932 est;
827 3879 940 3920 non
969 3861 1106 3939 quia
1137 3860 1492 3939 conjunctus
1521 3869 1609 3920 est
1641 3860 1892 3940 Spiritus
1950 3872 2187 3925 sanctus

546 3949 1040 4029 Filio,pr0pterea
1069 3957 1126 4008 et
1158 3967 1262 4027 per
1309 3949 1501 4029 ipsum
1557 3957 1666 4013 est.
1713 3958 1774 4010 ut
1826 3950 2063 4029 quidam
2113 3972 2183 4014 ex

546 4037 900 4100 adversariis
945 4037 1330 4100 contendunt.
1365 4036 1481 4110 Sed
1536 4038 1780 4118 quaestio
1815 4040 1937 4101 haec
1971 4042 2184 4104 melius

544 4125 987 4206 absolutiusque
1017 4127 1167 4190 infra
1193 4125 1806 4205 pertractabitur,cum
1843 4132 1900 4189 in
1932 4147 2183 4192 examen

2276 3063 2573 3128 σαλονικεϊς
2633 3065 2766 3139 μετὰ
2821 3066 2882 3120 16
2937 3065 3094 3144 φάναι
3149 3064 3246 3130 τὴν
3300 3060 3584 3118 κατάλυσιν
3639 3066 3732 3115 τοῦ
3759 3081 3920 3126 τηνι-

2272 3159 2439 3209 καῦτα
2490 3153 2812 3232 κατέχοντος
2853 3155 2952 3220 τὴν
3010 3153 3318 3228 οἰκουμένην
3371 3156 3560 3221 κακοῦ,
3623 3148 3800 3228 Νέρων
3861 3146 3916 3202 δὲ

2272 3241 2336 3308 ἦν
2392 3241 2596 3306 ἐκεῖνος
2674 3243 2702 3297 6
2760 3240 3035 3316 δυσσεϐής,
3089 3244 3206 3321 περὶ
3242 3248 3332 3297 τοῦ
3375 3238 3660 3316 μέλλοντος
3718 3241 3916 3315 προθε-

2269 3332 2479 3395 σπίσας·
2571 3351 2601 3392 (
2665 3333 2761 3390 Καὶ
2842 3333 2960 3388 τότε
3043 3335 3070 3388 6
3150 3333 3347 3406 ἄνομος
3404 3327 3914 3408 ἐπικαλυφθήσεται,

2269 3421 2327 3476 ὃν
2395 3423 2422 3477 6
2480 3421 2667 3499 Κύριος
2737 3423 2940 3488 Ἰησοῦς
3029 3421 3208 3478 ἀνελεῖ
3316 3427 3392 3495 τῷ
3486 3419 3747 3493 Πιεύματι
3818 3417 3911 3472 10:3

2269 3509 2531 3585 στόματος
2613 3511 2790 3585 αὐτοῦ,
2832 3535 2855 3568 ι
2951 3509 3343 3591 μεγαλοφώνως
3411 3506 3623 3580 ἐϐόησε,
3699 3511 3912 3580 Πνεῦμα

2272 3601 2535 3674 στόματος
2618 3607 2712 3655 τοῦ
2795 3601 3118 3677 Μονογενοῦς
3186 3602 3248 3656 16
3302 3599 3514 3670 Πνεῦμα
3567 3594 3794 3659 καλέσας
3850 3594 3912 3648 16

2270 3685 2444 3764 ἂγιον,
2505 3687 2576 3744 Τό
2631 3686 2684 3743 δε
2726 3685 2792 3744 δι’
2841 3690 2961 3746 Υἱοῦ
3030 3691 3238 3752 πάντως
3334 3689 3520 3747 ταυτὸν
3603 3683 3727 3741 ὅσον
3779 3684 3912 3762 πρὸς

2267 3773 2482 3855 ὕπαρξιν
2547 3778 2800 3858 τυγχάνει
2856 3779 2933 3852 τῷ
2979 3778 3030 3844 ἐξ
3071 3780 3210 3852 Υὶοῦ,
3257 3778 3428 3840 καθὼς
3461 3779 3488 3832 6
3519 3775 3678 3852 λόγος
3722 3770 3911 3837 ἔδειξεν

2267 3865 2541 3944 ἆπαρχῆς,
2615 3869 2702 3922 καὶ
2744 3866 2819 3924 ἔτι
2863 3869 3064 3936 προϊὼν
3120 3866 3456 3932 ἀποδείξειεν.
3545 3863 3722 3927 Οὕτως
3795 3861 3909 3917 ἐπεὶ

2264 3956 2325 4009 τὸ
2396 3961 2606 4032 Πνεῦμα
2663 3959 2723 4012 1‘)
2775 3957 2928 4036 ἅγιον
2969 3957 3052 4014 διὰ
3106 3965 3200 4015 τοῦ
3265 3959 3405 4026 ficii,
3467 3955 3646 4011 τούτου
3678 3950 3908 4027 μάλιστα

2242 4043 2421 4124 ,χάριν
2470 4046 2558 4102 καὶ
2615 4048 2811 4103 οἰκεῖον
2868 4051 3010 4122 αὖτῴ
3078 4047 3328 4127 πέφυκεν·
3392 4046 3450 4101 06
3510 4044 3619 4119 μὴν
3673 4041 3754 4098 ὅτι
3807 4061 3904 4118 περ

2265 4136 2464 4190 οἰκεῖον
2534 4136 2593 4190 16
2663 4134 2813 4214 ἅγιον
2871 4142 3082 4211 Πνεῦμα
3140 4136 3434 4203 καθέστηκε
3507 4140 3583 4208 τῷ
3664 4135 3790 4206 Υἱῷ,
3824 4128 3907 4186 διὰ

544 4215 1067 4278 consubssantialis
1107 4216 1277 4291 ratio,
1327 4225 1388 4277 ut
1415 4217 1537 4295 jam
1567 4216 1968 4296 promisimus,
2004 4237 2181 4281 voca-

2272 4231 2417 4280 10610
2474 4224 2562 4280 καὶ
2603 4222 2670 4279 δι’
2711 4228 2888 4297 αὐτοῦ,
2934 4230 3164 4300 καθάπερ
3207 4225 3533 4300 ἐνιστάμενοί
3602 4243 3740 4285 τινες
3812 4219 3903 4286 λέ-

543 4301 831 4374 Ι)ἱῑιιι“.,Αι
885 4305 945 4365 in
979 4306 1252 4384 praisenti
1287 4305 1456 4384 paulo
1489 4315 1624 4366 ante
1653 4304 1810 4366 dicta
1843 4307 2054 4368 iterum
2086 4316 2178 4370 at-

542 4391 821 4470 tingenda
848 4402 1007 4472 sunt,
1039 4411 1114 4454 ne
1143 4412 1176 4454 a
1199 4395 1499 4474 proposito
1531 4393 1703 4456 nobis
1733 4412 1911 4476 scopo
1937 4396 2179 4476 propius

541 4482 863 4544 accedente
894 4480 1262 4546 decidamus.

2263 4334 2463 4390 γουσιν.
2511 4311 2676 4370 Ἀλλὰ
2731 4316 2796 4370 τὰ
2852 4315 2948 4390 μὲν
3017 4319 3131 4396 περὶ
3189 4321 3288 4382 τῆς
3332 4314 3578 4379 τοιαύτης
3625 4311 3900 4383 ζητήσεως

2261 4415 2501 4480 κρεῖττον
2551 4403 2638 4458 καὶ
2703 4403 3020 4482 τελεώτερον
3075 4404 3137 4461 ἂν
3193 4406 3401 4482 ῥηθεϊεν
3445 4404 3498 4459 ἐν
3567 4416 3683 4466 τοῖς
3754 4402 3898 4477 ἑξῆς,

2260 4489 2377 4546 ἔνθα
2419 4492 2550 4568 πρὸς
2595 4487 2826 4556 ἐξέτασιν
2881 4497 2908 4550 6
2969 4501 3061 4552 106
3099 4495 3378 4553 ὁμοουσίου
3426 4496 3563 4550 κατὰ
3616 4496 3714 4561 τὴν
3762 4495 3898 4551 ὑπό-

541 4591 727 4648 σχεσιν
797 4570 956 4650 λόγος
1009 4573 1145 4646 ἡμῖν
1195 4574 1518 4647 ταμιεὺεται·
1590 4575 1650 4629 16
1720 4571 1772 4629 δὲ
1833 4582 1917 4630 νῦν
1961 4573 2090 4654 ἕχον
2119 4581 2223 4634 τῶν
2297 4581 2483 4658 μικρὸν
2536 4578 2730 4637 ἂνωθεν
2785 4583 3076 4663 εἰρημένων
3103 4585 3334 4661 ἅψασθαι
3380 4585 3467 4642 καὶ
3509 4583 3668 4642 πάλιν
3697 4584 3895 4665 χρεών,

539 4658 628 4715 ἴνα
671 4667 760 4717 τοῦ
802 4668 1002 4716 σκοποῦ
1055 4663 1190 4720 κατὰ
1245 4663 1415 4742 τάχος
1465 4662 1642 4742 ἔγγιον
1689 4665 1968 4742 γεγονότος
2006 4665 2166 4722 αὖτοῦ
2225 4669 2300 4744 μὴ
2349 4667 2680 4745 ἐκπέσωμεν.

618 4746 678 4811 9.
711 4749 1087 4811 Manifestum
1118 4748 1316 4830 itaque
1347 4759 1454 4826 est,
1490 4751 1574 4811 uti
1606 4771 1722 4812 non
1783 4753 1965 4813 multo
2019 4753 2175 4814 dixi-

539 4855 671 4897 mus
699 4837 1154 4910 ante,malorum
1179 4837 1442 4899 omnium
1467 4857 1758 4901 summam
1786 4859 1914 4900 esse
1944 4841 2177 4922 Opinari

537 4924 932 4992 transitoriam
965 4943 1096 4987 esse
1119 4944 1226 5006 per
1258 4926 1426 4988 Filim
1479 4927 1734 5008 Spiritus
1790 4930 1981 4991 sancti
2014 4931 2174 4991 exsi-

535 5015 833 5079 stentiam.
868 5013 1064 5087 Quare
1094 5034 1340 5077 necesse
1387 5024 1500 5096 est,
1552 5035 1686 5078 cum
1728 5017 1840 5079 hoc
1898 5028 2172 5099 tanquam

537 5103 698 5165 omni
731 5103 1100 5183 blasphemia
1133 5104 1370 5184 plenum
1407 5105 1810 5188 prohibeatur,
1845 5107 1984 5168 dum
2013 5107 2174 5168 nulla

533 5193 647 5254 alia
676 5193 826 5254 ratio
850 5193 968 5254 ulla
1004 5213 1072 5255 ex
1125 5203 1288 5273 parte
1320 5203 1604 5274 emergat,
1639 5214 1896 5277 namque
1925 5197 1999 5258 de
2030 5194 2168 5276 Spi-

532 5282 678 5343 ritus
726 5302 858 5345 cum
904 5282 1051 5345 Filio
1083 5283 1526 5366 conjunctione,
1574 5293 1632 5346 et
1687 5285 2172 5347 consubstantiali

534 5379 776 5451 pr0pter
801 5372 1230 5434 sententiarum
1283 5372 1861 5456 inconsequentiam,
1891 5391 2062 5454 quam
2088 5373 2166 5435 li-

609 5552 702 5604 5"
733 5552 780 5616 ll
810 5554 1019 5622 Thess.
1047 5575 1110 5636 ιι,
1146 5561 1204 5622 8.

2338 4747 2408 4817 θ’.
2459 4761 2554 4817 Καὶ
2602 4759 2667 4828 δὴ
2725 4759 2907 4839 δῆλον,
2992 4767 3064 4828 ὡς
3159 4765 3446 4845 φθάσαντες
3500 4768 3602 4845 πρὸ
3670 4767 3898 4845 βραχέος

2259 4849 2487 4927 ἔσχατον
2545 4872 2757 4908 παντων
2826 4855 3232 4932 παρεστήσαμεν
3304 4861 3410 4912 τῶν
3451 4861 3652 4931 κακῶν,
3712 4859 3774 4913 16
3805 4855 3898 4915 δο-

2259 4934 2425 5006 ξάζειν
2495 4938 2791 5017 παροδικῶς
2849 4942 2992 4998 εἶναι
3035 4941 3118 5002 διὰ
3171 4951 3264 5001 τοῦ
3343 4947 3465 5002 Υἱοῦ
3508 4947 3570 5001 τὸ
3601 4953 3812 5021 Πνεῦμα
3839 4947 3900 5002 16

2256 5022 2432 5102 ἅγιον.
2493 5024 2726 5105 Ἀνάγκη
2814 5041 3110 5108 τοιγαροῦν,
3198 5034 3412 5114 ἐπείπερ
3495 5035 3773 5113 ἀπείρηται
3839 5037 3899 5092 16

2252 5120 2499 5205 τοιοῦτον,
2567 5117 2638 5182 ὡς
2705 5115 3000 5198 δυσφημίας
3075 5119 3134 5178 ὀ¹ν
3192 5122 3403 5190 ἁπάσης
3453 5126 3670 5204 μεστὸν,
3723 5125 3899 5205 ἑτέρου

2252 5203 2392 5265 τινὸς
2439 5201 2600 5282 λόγου
2685 5206 2948 5284 μηδαμῶς
3013 5210 3422 5285 ἀνακύπτοντος,
3497 5215 3616 5291 περὶ
3655 5201 3755 5293 γὰρ
3799 5201 3900 5281 τῆς

2250 5299 2343 5349 τοῦ
2383 5293 2686 5367 Πνεύματος
2727 5297 2857 5376 πρὸς
2899 5299 2988 5354 τὸν
3067 5301 3186 5356 Υἱὸν
3273 5302 3610 5383 οἰκειώσεως,
3662 5306 3751 5360 καὶ
3809 5307 3900 5360 τοῦ

2251 5381 2527 5455 ὁμοουσίου
2569 5381 2651 5440 διὰ
2702 5384 2763 5442 τὸ
2806 5392 2912 5443 τῶν
2956 5387 3168 5447 ἐννοιῶν
3218 5381 3604 5472 ἀνακόλουθον,
3652 5391 3781 5472 ὅπερ
3809 5394 3898 5450 καὶ
