4208 6290
529 369 681 436 116⁸1

1651 374 2143 441 CONSTANTIN
2145 373 2170 436 1
2212 376 2764 440 MELITENIOTA!

3753 368 3905 436 1168

520 521 652 585 quae
678 503 842 564 nullo
902 504 1078 566 modo
1118 502 1309 567 refe'li
1353 514 1598 587 possunt
1637 515 1694 568 et
1726 505 2161 570 dubitationem

2247 508 2585 565 παντάπασιν
2639 507 2836 577 οῦσαις,
2885 509 2971 563 καὶ
3014 509 3142 585 πρὸς
3187 506 3354 582 μηδὲν
3408 507 3636 586 ὁρώσαις
3695 510 3901 587 ἀμφισ-

522 610 758 655 omnem
787 594 1071 656 eximunt.
1108 594 1252 667 Quis
1283 613 1353 655 ex
1399 595 1752 657 adversariis
1784 595 1960 674 igitur
1989 597 2166 659 etiam

524 678 650 743 haec
679 680 740 742 in
771 700 937 744 suam
992 683 1346 744 sententiam
1398 683 1717 759 invertere,
1754 694 1810 745 et
1840 686 1987 760 suis,
2023 705 2168 766 quas

521 768 732 849 ipsein
761 789 826 831 se
866 771 1072 849 nutrit,
1116 771 1571 849 cogitationibus
1620 773 1898 851 adaptare
1929 775 2167 835 conabi-

519 864 617 918 tur
635 857 666 917 ?
694 856 960 938 Namque
991 859 1082 920 his
1101 878 1233 921 sese
1258 879 1563 941 opponere
1599 872 1987 943 praeterquam
2007 863 2162 943 quod

517 944 731 1007 frustra
761 965 1001 1026 operam
1035 948 1363 1021 insumere,
1396 951 1651 1012 maxime
1699 950 1757 1010 id
1801 950 1975 1012 etiam
2011 958 2168 1014 esset

520 1034 801 1114 projecue
830 1035 1605 1118 audaciae,quand’oquidem
1638 1038 1726 1102 illi
1758 1048 1896 1101 sunt
1925 1048 2164 1117 aposto-

517 1122 647 1185 licae
671 1123 948 1187 Ecclesiae
972 1128 1210 1188 nemine
1243 1147 1487 1207 prorsus
1509 1128 1882 1208 discrepante
1908 1129 2166 1191 illustres

517 1213 806 1294 magistri,
839 1224 1233 1297 protereaque
1268 1216 1404 1291 illis,
1440 1226 1712 1297 tanquam
1746 1218 1844 1298 qui
1883 1218 2162 1280 continuo

517 1319 652 1364 cum
700 1303 921 1382 Spiritu
980 1303 1360 1384 eloquuntur,
1414 1324 1655 1385 prorsus
1712 1307 2160 1368 assentiendum

518 1401 628 1455 est.
667 1390 783 1454 Sed
809 1391 867 1452 hi
898 1392 1140 1471 quidem
1173 1393 1282 1455 hac
1311 1397 1546 1457 ratione
1574 1394 1803 1473 digesta
1823 1403 1997 1457 antea
2026 1396 2160 1457 dic-

516 1488 573 1540 ta
601 1480 810 1553 robur,
841 1479 1109 1562 illudque
1134 1485 1280 1543 citra
1302 1502 1540 1543 omnem
1570 1485 2037 1547 controversiam
2063 1486 2163 1546 ha-

514 1567 660 1631 bere
684 1589 791 1630 suo
830 1568 1166 1632 testimonio
1198 1573 1649 1633 confirmarunt.

602 1660 690 1722 ll.
729 1659 805 1723 Ut
860 1678 1024 1733 vero,
1079 1660 1235 1741 quod
1299 1680 1457 1722 nunc
1503 1661 1794 1733 quieritur
1846 1680 1881 1722 a
1938 1663 2159 1738 multis,

2249 593 2572 670 ϐητήσιμον,
2620 597 2708 660 Τίς
2752 599 2854 652 τῶν
2906 597 3302 663 ἀνθεστηκότων
3361 594 3546 653 λοιπὸν
3591 595 3900 674 διαστρέψαι

2252 687 2581 762 πειράσεται,
2641 688 2730 743 καὶ
2799 686 2990 751 ταύτας
3060 688 3190 765 πρὸς
3230 687 3291 741 τὸ
3347 683 3531 741 δοκοῦν
3588 686 3779 761 ἐαυτῷ,
3811 685 3902 740 καὶ

2248 787 2387 851 ’τοῖς²
2446 777 2563 838 οἷος
2621 773 2776 838 αὖτὸς
2822 774 2964 854 ἔχων
3018 782 3135 830 νοῦν
3178 772 3316 837 ὅλως
3365 774 3453 828 καὶ
3481 771 3732 849 λογισμῷ
3758 771 3897 828 διοι-

2247 863 2548 936 κούμενοςς
2614 865 2684 921 Τὸ
2722 864 2827 942 ,γὰρ
2869 863 3137 919 ἀντειπεῖν
3194 875 3310 925 τοῖς
3376 860 3611 938 εἶρηκόσι
3661 862 3788 938 πρὸς
3821 867 3900 935 τῷ

2249 952 2423 1019 πάντη
2468 952 2753 1032 τυγχάνειν
2823 953 3074 1022 ἀνήνυτον
3156 953 3242 1009 καὶ
3274 950 3387 1006 λίαν
3420 948 3557 1007 ἔοικε
3607 948 3894 1025 τολμηρὸν·

2249 1039 2462 1119 ἐπείπερ
2570 1049 2665 1113 τῆς
2750 1040 3107 1108 ἔιποστολικῆς
3188 1038 3506 1106 Ἐκκλησίάς
3588 1051 3899 1118 περιρανεῒς

2249 1128 2688 1207 ὁμολογουμένως
2743 1127 3066 1187 διδασκάλου
3128 1129 3208 1186 διὸ
3273 1129 3400 1184 κὰπὶ
3457 1133 3585 1183 πᾶσι
3634 1129 3898 1183 πείθεσθαι

2247 1218 2451 1279 τούτοις
2509 1219 2629 1282 τοὺς
2686 1218 2887 1283 πάντας
2946 1220 3145 1298 χρεὼν,
3201 1220 3294 1274 οἷα
3350 1214 3607 1282 διηνεκῶς
3663 1218 3897 1293 φθεγγοο

2245 1305 2432 1381 μένοις
2488 1327 2622 1380 μετα
2686 1314 2777 1364 τοῦ
2835 1308 3160 1382 Πνεῦματος.
3195 1304 3346 1363 Ἀλλ’
3426 1302 3563 1361 οὕτω
3604 1304 3702 1380 μὲν
3753 1307 3896 1360 οὗτοι.

2243 1396 2337 1457 τὰς
2381 1398 2778 1473 προεκτεθείσας
2839 1399 3096 1474 πατρικὰς
3135 1400 3360 1477 χρήσεις
3431 1396 3492 1450 τὸ
3538 1395 3753 1475 ὶσχυρὸν
3804 1416 3893 1450 και

2245 1484 2633 1563 ἀναμφίλεκτον
2688 1484 2837 1565 ἔχειν
2920 1483 3240 1544 ἐϐεϐαίωσαν
3309 1482 3393 1541 διὰ
3456 1487 3562 1539 τῶν
3639 1483 3889 1539 τοιούτων

2249 1581 2544 1652 μαρτυριῶν
2555 1623 2570 1636 ,

2328 1651 2424 1723 ια’.
2473 1652 2601 1721 Ἵνα
2657 1659 2711 1718 δὲ
2769 1663 2856 1720 καὶ
2906 1665 2969 1719 τὸ
2998 1665 3319 1737 ζητούμενον
3364 1664 3505 1741 παρὰ
3546 1669 3652 1720 τῶν
3681 1661 3893 1719 πολλῶν

514 1744 844 1843 absolutius
877 1766 1083 1810 rursus
1118 1767 1223 1828 per
1251 1750 1499 1843 ‘scripto
1557 1750 1771 1811 tradita
1826 1751 2161 1814 testimonia

2246 1749 2562 1828 τελεώτερον
2622 1750 2707 1809 διὰ
2773 1759 3044 1832 γραφικῶν
3116 1751 3258 1816 αὖθις
3330 1754 3580 1832 χρήσεων
3610 1753 3893 1831 παραστή-

513 1837 1012 1913 demonstremus,
1070 1836 1618 1918 perSpicacissimus
1678 1838 2044 1920 Epiphanius
2101 1842 2160 1905 in

513 1926 754 2007 propria
791 1927 1081 2000 oratione,
1110 1927 1207 1988 cui
1240 1947 1455 1989 nomen
1490 1940 1578 1990 est
1610 1928 1929 2009 Ancyroto,
1965 1930 2161 2010 Spiri-

515 2023 611 2077 tus
632 2026 902 2097 sanctus,
955 2017 1058 2093 ait,
1090 2034 1215 2079 non
1264 2016 1481 2094 fratris
1517 2018 1739 2096 frater,
1788 2037 1915 2080 nan
1955 2021 2161 2083 Patris

511 2104 840 2184 frater,sed
859 2124 934 2167 ea:
963 2108 1099 2184 ipsa
1133 2109 1400 2170 essentia
1430 2108 1637 2168 Patris
1667 2115 1728 2168 et
1761 2106 1954 2183 Filii;
1998 2118 2056 2169 et
2097 2110 2158 2170 in

512 2197 692 2257 rebus
736 2194 953 2257 diviuis
999 2197 1346 2276 praecellens
1376 2194 1627 2276 Cyrillus
1669 2195 1726 2254 in
1763 2214 1876 2256 uno
1907 2198 2160 2259 secundi

509 2282 947 2346 Thesaurorum
973 2284 1164 2364 capite
1192 2286 1293 2346 ait'
1328 2284 1700 2347 Decernente
1723 2287 1924 2364 itaque
1945 2286 2159 2347 Chris-

512 2376 662 2447 to,in
691 2375 818 2453 ipso
841 2381 897 2435 et
915 2392 996 2434 ex
1015 2374 1144 2452 ipso
1164 2372 1528 2436 naturaliter
1551 2378 1843 2436 exsistere
1861 2374 2155 2452 Spiritum

507 2480 684 2525 situm
712 2468 1011 2542 peeernit.
1058 2464 1276 2523 lterum
1313 2461 1371 2522 in
1401 2462 1517 2522 alio
1543 2462 1614 2522 de
1641 2460 1862 2539 Spiritu
1901 2473 2104 2524 sancto
2140 2484 2154 2523 :

514 2550 614 2613 Uti
643 2569 720 2612 e1:
749 2554 1005 2614 essentia
1036 2556 1292 2614 exsistet:
1317 2551 1731 2613 distribuentis
1765 2552 1921 2614 illud
1956 2551 2156 2614 Sanc-

514 2640 617 2713 tis,
653 2639 884 2702 Christi
926 2641 1255 2715 sciliCet,Et
1297 2642 1356 2700 iu
1405 2640 1543 2701 alio:
1588 2639 1835 2702 Necesse
1861 2648 1946 2703 est
1974 2643 2162 2721 igitur

505 2727 698 2808 fateri
726 2729 899 2791 illum
930 2749 1057 2792 esse
1087 2749 1164 2793 ex
1184 2732 1442 2792 essentia
1474 2729 1627 2791 Filii
1659 2739 1713 2791 et
1748 2731 1878 2802 Dei,
1925 2748 2159 2791 omnem

506 2816 679 2879 illius
698 2817 1042 2897 facultatem
1067 2829 1120 2880 et
1151 2821 1560 2898 operationem
1585 2819 2157 2899 possidentemJtem

507 2904 567 2965 in
602 2904 1010 2969 aliozNullum
1036 2908 1245 2987 itaque
1285 2908 1513 2968 Paulus
1556 2914 1799 2968 natura:
1828 2908 2158 2968 discrimen

506 2992 665 3056 Fili:
695 3002 752 3057 et
781 2996 1045 3074 Spiritus
1063 2996 1260 3058 sancti
1283 3002 1569 3075 agnoscit.
1601 2997 1705 3057 sed
1727 2996 1908 3058 veluti
1938 2998 2154 3076 exipso

505 3092 564 3145 et
590 3085 657 3146 in
702 3088 831 3165 ipso
874 3087 1253 3149 natural-iter
1300 3087 1690 3147 exsistentem
1719 3084 2153 3148 dominationis

506 3176 751 3236 nomine
771 3176 1021 3255 insignit
1050 3173 1169 3237 Nec
1187 3175 1303 3235 don
1328 3175 1387 3235 in
1413 3174 1552 3235 alto:
1576 3175 1783 3255 Igitur
1809 3191 1887 3235 ea:
1900 3180 2155 3235 essentia

507 3261 663 3325 Filii
680 3262 1142 3344 Spirituslttem
1169 3267 1223 3326 in
1245 3262 1612 3343 expositione
1627 3262 1920 3340 Evangelii
1941 3280 2154 3323 secun-

506 3351 645 3413 dum
669 3349 985 3433 Joannem,
1020 3355 1077 3414 in
1115 3352 1467 3429 il|u«l,aNon
1499 3351 1779 3432 loquetur
1808 3369 1844 3412 a
1865 3354 2151 3431 semetip—

503 3460 589 3503 so.
606 3467 631 3497 ιι
655 3443 994 3521 Promerea
1016 3443 1125 3505 hac
1143 3444 1457 3514 uduexuit,
1474 3440 1738 3503 Ventura
1760 3441 2155 3501 unnuntiabit

502 3530 697 3592 vobis:
722 3530 1006 3604 Prorsus,
1043 3532 1358 3610 inquimus
1412 3547 1544 3591 mea
1590 3531 1851 3591 essentia
1887 3530 2155 3606 Spiritus

505 3626 674 3686 est,et
699 3621 872 3697 quasi
889 3637 1056 3680 mens
1071 3636 1203 3680 mea
1218 3626 1334 3690 est,
1364 3621 1517 3680 itata
1539 3626 1604 3679 ut
1624 3620 1947 3679 annuntiet
1966 3634 2155 3697 aequae

508 3716 687 3785 atque
717 3725 828 3784 ego
857 3708 1076 3785 futura
1129 3707 1211 3768 Ex
1245 3707 1337 3767 his
1375 3705 1549 3766 dictis
1580 3706 1766 3766 dix:ni
1799 3705 1996 3785 Cyrilli
2029 3705 2155 3765 nul-

507 3795 629 3856 lum
655 3804 768 3876 est,
796 3796 955 3876 quod
988 3796 1359 3874 expositione
1392 3794 1667 3872 indigeat.
1701 3794 1803 3855 llis
1831 3797 1991 3854 enim
2026 3812 2153 3854 nm-

505 3883 681 3946 nibus
710 3904 744 3945 a
776 3896 918 3946 uerte
948 3883 1395 3955 demonstravit,
1429 3883 1712 3961 Spiritum
1747 3902 2016 3955 sanctum
2050 3901 2149 3943 es-

509 3993 572 4037 se
607 3973 784 4035 etiim
816 3994 883 4036 ex
915 3972 1259 4053 Unigenito,
1292 3972 1687 4053 Epiplianium
1714 3974 1933 4053 pietate
1964 3972 2155 4051 incly-

512 4072 632 4125 tum
662 4065 988 4144 prudenter
1016 4081 1295 4143 sequens,
1330 4063 1498 4141 cujus
1528 4062 1746 4124 dictum
1781 4061 1864 4122 uti
1888 4080 1952 4122 se
1979 4061 2160 4123 habet

514 4154 771 4234 prapriis
799 4152 995 4214 verbis
1025 4170 1202 4231 supra
1233 4150 1630 4214 recitavimus.

2173 3063 2213 3114 C

2245 1859 2469 1917 σωμεν,·
2498 1841 2526 1894 ὁ
2557 1839 2653 1913 μὲν
2683 1837 3119 1918 διορατικωτατος
3168 1839 3473 1920 Ἐπιφᾶνιος
3502 1843 3559 1895 ἐν
3603 1844 3679 1913 τῷ
3720 1841 3898 1912 οἰκείῳ

2243 1926 2391 2006 λόγῳ
2430 1934 2508 2002 τῷ
2546 1927 2683 1984 οὕτω
2735 1934 2851 1992 πως
2908 1928 3219 2003 καλουμένῳ
3272 1929 3617 2008 Ἀγκυρωεῷ,
3678 1928 3896 1985 Πνεῦμα

2241 2016 2414 2093 ἅγιον,
2500 2018 2677 2097 φησὶν,
2781 2018 2839 2073 οὗ
2922 2017 3261 2097 συνὶδελφνν,
3372 2020 3432 2075 οὒ
3505 2016 3890 2096 πατράδελφον,

2242 2105 2361 2162 ἀλλ’
2420 2106 2480 2162 ἐκ
2508 2112 2607 2173 τῆς
2665 2105 2828 2174 αὒτῆς
2886 2107 3061 2171 οὗσίας
3119 2108 3322 2184 Πατρὸς
3395 2109 3481 2163 καὶ
3545 2108 3687 2163 ὶ“ἱοῦ’
3748 2109 3776 2162 ὁ
3832 2104 3891 2162 δὲ

2240 2196 2306 2250 τὰ
2374 2198 2494 2251 θε·ἀ
2564 2195 2723 2273 σοφὸς
2797 2194 3045 2275 Κὺριλλος
3099 2195 3153 2251 ἐν
3201 2197 3276 2251 ἑνὶ
3323 2201 3429 2252 τῶν
3474 2193 3768 2275 κεφαλαίων
3797 2201 3893 2250 τοῦ

2241 2282 2480 2362 δευτέρου
2536 2282 2679 2362 λέγει
2751 2290 2855 2340 τῶν
2952 2286 3259 2361 Θησαυρῶψ
3325 2287 3739 2360 Νομοθετοῦντος
3805 2305 3891 2341 τοο.

3091 2372 3145 2428 ἐν
3233 2373 3375 2447 α’)τῷ
3429 2374 3517 2430 καὶ
3616 2373 3667 2439 ἐξ
3731 2375 3889 2430 13:06

3350 2465 3508 2519 αὖτοῦ
3586 2466 3860 2535 νομοθετεῖ
3875 2509 3887 2520 .

2240 2381 2431 2450 γαροῦν
2488 2383 2580 2431 τοῦ
2642 2380 2884 2452 Χριστοῦ,
2931 2374 3005 2437 ὡς

2242 2462 2472 2541 φυσικῶς
2552 2462 2794 2542 ὑπάρχον
2888 2464 2950 2518 τὸ
3035 2465 3245 2536 Πνεῦμα

2248 2552 2343 2608 Καὶ
2401 2549 2562 2607 πάλιν
2616 2551 2670 2607 ἐν
2715 2550 2862 2626 ἄλλῳ
2932 2554 3046 2630 περὶ
3097 2561 3189 2609 τοῦ
3244 2553 3572 2627 Πνεῦματος·
3634 2543 3723 2616 Ὠς
3788 2553 3887 2631 γὰρ

2242 2640 2340 2705 τῆς
2399 2638 2575 2702 οὖσίας
2643 2641 2886 2720 ὕπαρχον
2954 2645 3052 2706 τῆς
3145 2649 3238 2697 τοῦ
3331 2648 3692 2719 χορηγοῦντος
3767 2652 3886 2702 τοῖς

2245 2728 2434 2806 ἀγιοις,
2496 2735 2722 2807 Χριστοῦ
2819 2726 3045 2797 δηλαδή.
3106 2730 3206 2786 Καὶ
3271 2729 3324 2785 ἐν
3400 2729 3584 2807 ἑτέρῳ·
3647 2726 3882 2805 Ἀνάγκη

2240 2813 2427 2873 λοιπὸν
2486 2817 2547 2874 ἐκ
2629 2818 2725 2885 τῆς
2807 2818 2986 2880 οὖσίας
3079 2817 3337 2897 ὑπάρχειν
3398 2816 3683 2895 ὁμολογεῖν
3752 2816 3879 2872 αὒτδ

2239 2909 2336 2971 τῆς
2407 2911 2499 2963 τοῦ
2588 2908 2709 2962 Υἱοῦ
2786 2906 2875 2963 καὶ
2958 2912 3110 2978 Θεοῦ,
3183 2912 3356 2962 πᾶσαν
3413 2907 3571 2962 αὒτοῦ
3648 2906 3744 2975 τήν
3822 2925 3883 2961 τε

2238 2991 2453 3068 δὺναμιν
2524 2995 2612 3051 καὶ
2674 2994 2773 3061 τὴν
2844 2993 3105 3072 ἐνέργειαν
3158 2992 3312 3074 ἔχον,
3378 2994 3477 3052 Καὶ
3532 2992 3596 3050 αῦ
3639 2992 3691 3048 ἐν
3739 2991 3885 3065 ἂλλξρ

2237 3083 2416 3161 φησίν⁶
2504 3081 2757 3155 Οὖδεμίαν
2869 3081 2968 3160 ἂρα
3065 3082 3267 3163 φύσεως
3350 3080 3496 3139 οἶδεν
3578 3084 3606 3138 ὃ
3677 3080 3883 3146 Παῦλος

2237 3168 2487 3250 διαφορὰν
2590 3175 2688 3237 τῆς
2767 3177 2859 3228 τοῦ
2969 3174 3089 3230 Υἱοῦ
3170 3172 3257 3227 καὶ
3324 3171 3474 3249 ἁγίου
3553 3172 3877 3246 Πνεῦματος,

2237 3257 2354 3314 ἀλλ’
2414 3261 2487 3324 ὡς
2557 3257 2609 3324 ἐξ
2679 3262 2835 3318 αὒτοῦ
2889 3260 2977 3316 καὶ
3069 3260 3122 3316 ἐν
3201 3260 3343 3334 αὒτῷ
3417 3266 3649 3340 φυσικῶς
3722 3257 3885 3336 ὑπέρ-

2237 3370 2340 3427 χον
2409 3355 2487 3421 τῷ
2544 3352 2639 3415 τῆς
2704 3350 3013 3426 κυριότητος
3066 3349 3285 3423 ὀνόματι
3341 3348 3527 3411 καλεῖ.
3578 3350 3675 3407 Καὶ
3729 3347 3885 3403 πάλιν

2237 3437 2290 3492 ἐν
2360 3437 2544 3511 ἑτέρῳ·
2609 3437 2804 3494 Οὖκοῦν
2877 3436 2937 3493 ἐκ
3017 3439 3115 3506 τῆς
3199 3438 3377 3502 οὐσίας
3460 3445 3552 3496 τοῦ
3646 3439 3766 3493 Υἱοῦ
3823 3456 3885 3492 το

2239 3525 2474 3602 Πνεῦμα.
2535 3517 2593 3584 Ὀ
2626 3528 2778 3592 αἰετὸς
2822 3524 2875 3583 ἐν
2944 3532 3012 3603 τῇ
3070 3526 3319 3605 ἑρμηνείᾳ
3375 3533 3464 3583 τοῦ
3532 3527 3668 3583 κατᾶ
3699 3524 3884 3582 Ἰωάν-

2237 3638 2335 3682 νην
2379 3613 2697 3694 Εὖαγγελίου
2769 3617 2841 3680 εἰς
2885 3617 2969 3689 τὸ,
3023 3638 3045 3670 ι
3110 3615 3181 3673 Οὔ
3208 3617 3307 3695 γὰρ
3378 3615 3600 3686 λαλήσει
3629 3612 3711 3694 ἐφ’
3756 3614 3883 3672 ἑαυο·

2239 3711 2348 3760 τοῦ·
2394 3726 2417 3757 ι
2470 3705 2567 3759 Διὰ
2649 3705 2750 3783 γὰρ
2829 3727 2911 3762 τοι
2992 3711 3148 3761 τοῦτο
3232 3704 3596 3783 προστέθεικεν
3666 3702 3746 3760 ὅτι
3804 3702 3880 3759 Τὰ

2233 3792 2501 3872 ἐρχόμενα
2558 3792 2847 3871 ἀναγγελεῖ
2910 3795 3070 3867 ἡμῖν,
3132 3791 3212 3849 ὅτι
3269 3791 3334 3861 δὴ
3403 3793 3614 3853 πάντως
3673 3792 3733 3848 ἐκ
3786 3790 3882 3857 τῆς

2240 3881 2376 3956 ἐμῆς
2433 3882 2608 3945 οὖσίας
2679 3883 2740 3938 τὸ
2816 3883 3029 3958 Πνεῦμά
3102 3882 3233 3954 ἐστι,
3291 3884 3377 3939 καὶ
3422 3895 3538 3939 οῖον
3594 3880 3723 3956 ἐμός
3775 3880 3885 3937 ἐστι

2239 3972 2382 4042 νοῦς,
2439 3977 2516 4044 τῷ
2586 3970 2726 4050 ἐρεῖν
2798 3973 2952 4029 αὖτόν
3020 3972 3087 4026 :‘1
3140 3971 3389 4046 ἐσόμενα,
3451 3971 3684 4048 καθάπερ
3754 3967 3882 4046 ἐγώ.

2242 4060 2452 4117 Τούτων
2510 4057 2654 4115 οῦδὲν
2713 4057 2941 4121 οὗδόλως
2985 4057 3230 4134 δεόμενον
3302 4060 3588 4138 σαφηνείας
3658 4058 3801 4120 τινὸς
3855 4059 3882 4113 ὃ

2238 4146 2513 4211 θεσπέσιος
2588 4147 2713 4204 εἶπε
2774 4146 3053 4224 Κύριλλος,
3105 4148 3203 4203 Διὰ
3259 4149 3358 4226 γὰρ
3401 4148 3611 4205 πάντων
3667 4147 3882 4227 ἀπεφή-

509 4265 635 4301 νατο
692 4246 931 4320 καθαρῶς
1003 4243 1144 4300 εἶναι
1201 4244 1264 4299 τὸ
1309 4238 1482 4320 Δὀίγιον
1533 4247 1743 4299 Πνεῦμα
1800 4242 1903 4296 κὰκ
1957 4239 2048 4297 τοῦ
2137 4243 2486 4317 Μονογενοῦς,
2560 4236 2921 4306 ἀκολουθήσας
2974 4235 3150 4301 καλῶς
3207 4236 3499 4318 Ἐπιφανίῳ
3565 4245 3641 4311 τῷ
3697 4236 3888 4312 κλεινῷ

508 4331 627 4390 κατ’
698 4328 985 4410 εὖειέἰὸειαν⁷
1045 4333 1105 4387 οῦ
1158 4332 1254 4400 τὴν
1309 4334 1464 4412 ῥῆσιν
1506 4332 1578 4392 ὡς
1621 4328 1704 4386 ἐπ’
1763 4330 1922 4397 αὐτῆς
1966 4334 2065 4396 τῆς
2122 4326 2316 4393 λέξεως
2392 4324 2510 4412 ἔχει
2570 4327 2657 4382 καὶ
2704 4328 3134 4402 προτεθείκαμεν.

596 4423 688 4483 12.
707 4423 855 4482 Sunt
882 4420 983 4481 nih
1013 4419 1271 4481 lominus
1302 4439 1370 4482 ex
1405 4418 1761 4481 adversariis
1783 4421 1997 4479 nostris
2020 4419 2147 4497 plu-
2171 4425 2212 4474 D

512 4509 1159 4590 rimi,quicontentiose
1192 4509 1370 4571 nimis
1389 4519 1564 4590 atque
1586 4507 1989 4569 inverecunde
2007 4507 2158 4567 adeo

517 4608 815 4681 patentem
837 4597 1140 4659 veritatem
1160 4609 1522 4678 oppugnant,
1546 4596 1866 4676 dicuntque
1896 4595 2161 4656 divinum

513 4690 673 4751 hunc
700 4691 957 4766 Patrem,
992 4687 1319 4765 sapientem
1355 4706 1569 4766 nempe
1597 4686 1901 4764 Cyrillum.
1939 4686 1996 4755 in
2031 4684 2162 4763 ple-

507 4777 710 4858 risque
739 4775 832 4837 his
851 4776 976 4837 suis
996 4775 1260 4838 dictisea:
1289 4778 1543 4838 essentia
1574 4774 1821 4847 Filii,ad
1850 4771 2170 4849 Epipltnnii

519 4875 780 4929 mentem
839 4865 1027 4946 palam
1079 4865 1480 4945 pronuntiare,
1543 4863 1826 4926 exsistere
1877 4860 2161 4940 Spiritum

523 4965 817 5028 sanctum,
853 4953 957 5014 sed
989 4952 1047 5013 in
1079 4953 1295 5033 quibus
1323 4952 1617 5034 reperitur
1646 4953 1719 5012 de
1755 4950 1900 5012 Filio
1928 4967 2163 5010 sermo-

522 5065 659 5107 nem
693 5042 913 5105 habere
933 5060 1140 5103 rursus
1157 5043 1536 5106 naturaliter
1564 5041 1785 5102 addere
1813 5057 1825 5100 :
1854 5056 2048 5119 neque
2067 5037 2164 5097 in-

525 5133 716 5198 veniri
743 5129 1029 5211 Spiritum
1053 5133 1318 5192 s’anctum
1348 5131 1700 5212 simpliciter
1722 5128 1965 5189 nonnisi
1989 5125 2162 5188 addi-

528 5231 586 5285 to
607 5220 980 5285 naturaliter
998 5220 1324 5284 decernere
1343 5240 1411 5283 ex
1433 5219 1676 5288 Filio.et
1705 5237 1771 5279 ex
1815 5217 2072 5279 essentia
2091 5214 2163 5276 il-

528 5311 664 5387 lius,
699 5313 780 5372 uti
814 5307 1035 5369 dictum
1062 5319 1171 5382 est,
1205 5309 1265 5370 in
1291 5309 1498 5390 majori
1534 5314 1697 5389 parte
1728 5306 1940 5367 horum
1974 5305 2167 5365 dicto-

529 5419 661 5463 rum
685 5397 1215 5460 enuntiat.Scimus
1241 5418 1413 5479 porro
1435 5416 1643 5461 omnes
1671 5394 1935 5475 ejusdem
1967 5410 2176 5455 essen-

533 5489 633 5550 tios
665 5496 844 5568 atque
875 5495 1097 5548 natura;
1125 5488 1270 5549 citra
1300 5489 1481 5549 ullum
1524 5487 1847 5548 discrimen
1873 5501 2007 5544 cum
2035 5482 2115 5543 Fil
2143 5500 2177 5542 ο

532 5594 663 5638 esse
692 5575 976 5656 Spiritum
1005 5587 1368 5659 sanctum,et
1401 5578 1511 5639 hoc
1532 5594 1665 5638 esse
1693 5574 1907 5651 dogma
1932 5570 2178 5633 catholi-

533 5681 669 5729 cum
694 5664 769 5728 ab
797 5660 1039 5742 antiquo
1071 5674 1340 5747 tempore
1367 5665 1648 5729 Ecclesia
1680 5659 2178 5740 traditumJgitur

2313 4415 2406 4492 ιβ’·
2467 4404 2666 4489 ’Ὅμως
2724 4413 2768 4471 δ’
2845 4419 2932 4473 οῦν
2990 4418 3088 4471 κὰν
3157 4415 3362 4481 τοὺτοις
3419 4418 3547 4473 εἰσὶν
3602 4415 3732 4473 ἔνιοι
3778 4421 3884 4471 τῶν

2241 4503 2499 4562 πλεῖστον
2571 4502 2734 4570 ἀδεῶς
2818 4504 3191 4580 ἀντικειμένων
3253 4508 3408 4579 ἡμῖν,
3476 4505 3531 4562 οἵ
3576 4504 3886 4586 φιλονείκως

2245 4595 2375 4672 πρὸς
2433 4593 2657 4674 φανερὰν
2714 4593 2878 4668 οὕτως
2948 4593 3197 4663 ἀλήθειαν
3263 4595 3666 4675 ἀναισχυντοῦσι
3712 4595 3891 4674 μαχό-

2250 4704 2425 4757 μενοι,
2485 4682 2573 4738 καὶ
2628 4704 2783 4760 φασιν
2833 4684 2907 4745 ὡς
2938 4684 2966 4738 ὁ
3022 4686 3166 4748 θεῖος
3224 4684 3404 4761 Πατὴρ
3434 4685 3605 4747 οὗτος,
3651 4684 3680 4740 ὁ
3735 4685 3895 4761 σοφὸς

2251 4769 2496 4837 δηλονότι
2567 4769 2844 4849 Κὺριλλος,
2902 4771 2957 4826 ἐν
2988 4771 3084 4845 μέν
3116 4794 3195 4829 τοι
3229 4786 3346 4837 τοῖς
3399 4771 3603 4830 πλείοσι
3634 4777 3739 4828 τῶν
3767 4773 3893 4828 ἑαυ-

2242 4866 2334 4917 τοῦ
2374 4859 2573 4915 τούτων
2626 4859 2799 4937 ῥητῶν
2866 4859 2926 4915 ἐκ
2975 4862 3074 4927 τῆς
3150 4861 3328 4925 οὖσίας
3415 4864 3509 4919 τοῦ
3585 4865 3706 4920 Υἱοῦ
3759 4863 3896 4917 κατὰ

2244 4951 2336 5005 τόν
2445 4948 2739 5025 μακαρίτην
2837 4947 3144 5028 Ἐπιφάνιον
3249 4949 3601 5029 καταγγέλλει
3688 4957 3887 5028 τρανῶς

2243 5037 2504 5116 ὑπάρχειν
2561 5038 2621 5092 τὸ
2651 5038 2861 5111 Πνεῦμα
2916 5039 2976 5094 τὸ
3034 5038 3207 5117 ἅγιον⁶
3243 5039 3298 5095 ἐν
3327 5038 3472 5103 ὅσοις
3516 5038 3557 5095 δ’
3596 5040 3886 5117 εὑρίσκεται

2246 5124 2417 5204 λέγων
2488 5125 2549 5181 ἐκ
2577 5131 2667 5182 του
2723 5129 2842 5181 'l‘io’i
2884 5125 3044 5183 πάλιν
3073 5129 3134 5183 τὸ
3164 5137 3396 5208 φυσικῶς
3440 5128 3617 5186 ἐκεῖσε
3666 5128 3888 5207 προστί-

2246 5218 2422 5282 θησιν·
2483 5213 2599 5271 οὔτε
2668 5212 2723 5270 δὲ
2766 5216 2997 5295 φαίνεται
3053 5218 3115 5273 τὸ
3175 5220 3382 5295 Πνεῦμα
3423 5220 3484 5275 τὸ
3512 5217 3660 5295 ἅγιον
3705 5216 3888 5278 ἁπλῶς

2249 5302 2577 5383 δογματίζων
2637 5303 2697 5359 ἐκ
2787 5312 2879 5361 τοῦ
2960 5307 3082 5362 Υἱοῦ
3139 5304 3265 5388 δίχα
3334 5315 3423 5365 τοῦ
3478 5310 3726 5386 φυσικῶς,
3787 5305 3893 5362 κάκ

2259 5399 2357 5461 τῆς
2415 5393 2590 5456 οὒσίας
2647 5392 2826 5468 αὖτοῦ,
2888 5396 3118 5474 καθάπερ
3175 5397 3408 5476 ενρηται,
3456 5407 3609 5456 τοῦτο
3649 5394 3897 5472 θεολογεϊ

2258 5495 2376 5545 τοῖς
2419 5484 2523 5539 τῶν
2580 5482 2830 5539 τοιούτων
2901 5484 3073 5562 ῥητῶν
3104 5483 3361 5550 πλείοσιν,
3396 5476 3590 5561 ’Ἱσμεν
3618 5484 3672 5543 δὲ
3703 5486 3898 5547 πάντες

2291 5571 2355 5639 ἧς
2426 5573 2585 5638 αὒτῆς
2643 5573 2818 5636 οὐσίας
2891 5575 2978 5630 καὶ
3021 5597 3225 5654 φυσεως
3274 5575 3693 5655 ἀπαραλλάκτως
3749 5572 3808 5631 ὅν
3838 5575 3900 5630 τὸ

2258 5593 2355 5639 της
2426 5593 2585 5638 αυτης
2643 5593 2818 5636 ουσιας
2891 5593 2978 5630 και
3021 5597 3225 5654 φυσεως
3274 5593 3693 5655 ἀπαραλλάκτως
3749 5594 3808 5631 ον
3838 5593 3900 5630 το

2259 5666 2470 5736 Πνεῦμα
2514 5662 2575 5716 τὸ
2644 5658 2793 5737 ἂγιον
2884 5668 2960 5738 τῷ
3024 5664 3151 5738 riui,
3255 5668 3339 5722 καὶ
3392 5675 3546 5725 τοῦτο
3618 5662 3904 5722 καθολικδν
