4176 6290
630 338 778 403 118⁵7

1764 336 2289 400 CONSTANTINI
2329 334 2884 400 MELITENIOTA‘I

3860 337 4013 403 1188

629 479 949 554 ptereaqne
985 490 1086 532 eos
1110 489 1369 550 superna
1414 470 1703 551 sapientia
1752 471 1915 531 solus
1937 480 2151 532 natura
2183 487 2256 529 su;

2339 471 2507 527 ,κατὰ
2546 475 2646 538 τῆς
2717 473 2968 553 πίστεως,
3030 472 3127 540 τὴν
3210 471 3499 551 ὁρθοδοξίαν
3559 474 3871 552 ἐκράτυναν,
3921 473 4001 530 τοῦ

626 581 729 642 sap
758 582 863 623 ens
896 561 1285 639 replevit,qna
1308 560 1498 620 dolosi
1521 569 1577 620 et
1604 560 2030 621 maleficiorum
2060 560 2275 640 princi-

629 651 728 730 pis
756 660 815 711 et
863 649 1171 710 architecti
1236 647 1513 708 dtaconis
1547 650 1789 708 astutias
1850 661 1907 709 et
1942 649 2271 721 machinas,

630 739 824 800 omnis
847 737 1080 816 generis
1108 737 1216 797 han
1238 736 1877 815 eses.inqnam,eontra
1900 737 2077 797 fidem
2095 756 2273 797 exco-

625 825 1307 906 gitatas,amoliti,reel:e
1331 825 1462 885 fidet
1489 827 1764 902 dogmata
1789 826 2271 897 corroborarnnt,

625 920 747 979 Deo
769 915 1175 994 omnipotente
1198 925 1316 973 tum
1347 922 1687 987 serpentem
1727 933 1993 993 pravum,
2023 924 2085 974 ut
2108 914 2271 975 \isle-

630 1006 1132 1085 tut-,disponente,
1164 1011 1225 1062 ut
1248 1001 1511 1062 omnium
1547 1004 1833 1063 ltmresum
1872 1022 2097 1063 venena
2131 1022 2273 1064 evo-

630 1110 983 1168 meret,cnm
1014 1102 1400 1170 cognosceret
1429 1092 1663 1169 adessn,
1718 1092 1818 1170 qui
1847 1091 1921 1152 de
1951 1112 2022 1152 eo
2060 1095 2273 1153 trium-

625 1185 804 1265 phum
852 1191 1113 1262 agerent,
1149 1189 1206 1242 et
1257 1201 1290 1242 a
1340 1198 1491 1241 noxa
1533 1180 1655 1241 suis
1706 1180 2080 1241 sermonibus
2111 1200 2276 1261 aeque

624 1283 801 1354 atque
831 1271 1115 1333 remediis
1146 1270 1203 1330 in
1238 1269 1631 1349 prtecautione
1665 1269 2022 1349 usurpandis
2043 1270 2263 1331 libera-

627 1373 781 1424 rent.
820 1360 1008 1423 Aliter
1067 1359 1242 1420 etiam
1305 1367 1424 1418 tum
1462 1360 1747 1435 temporis
1777 1360 2051 1419 universa
2085 1359 2270 1419 hostis

630 1470 865 1528 vesania
898 1450 1194 1509 dedecore
1225 1446 1562 1507 infamanda
1597 1457 1746 1528 erat,
1783 1459 1844 1508 ut
1871 1447 1944 1509 ab
1972 1447 2140 1508 initio
2171 1468 2267 1508 ra-

631 1541 710 1602 tio
742 1540 1015 1619 pietatem
1050 1555 1389 1616 proponens
1422 1534 1797 1597 stabilitatem
1830 1556 1895 1597 ac
1928 1537 2267 1597 firnnta'em

2356 558 2761 635 παντοδυνάμου
2847 569 2980 620 Θεοῦ
3062 564 3352 628 τηνικαῦτα
3450 564 3541 619 τὸν
3624 561 3865 633 σκολιὸν,
3936 564 3998 624 ὡς

2357 646 2549 721 ἔοικεν,
2612 649 2729 729 ὅφιν
2790 651 3241 726 οἷκονομήσαντος
3297 653 3389 707 τὸν
3449 653 3528 708 ἱὸν
3596 658 3703 708 τῶν
3774 651 4004 725 αἱρέσεων

2359 736 2598 811 ἐξεμέσαι
2684 740 2892 812 πασῶν,
2949 740 3107 807 ἡνίκα
3162 740 3282 805 τοὺς
3348 737 3799 819 θριαμϐεύσαντας
3843 738 4005 795 τοῦτον

2358 824 2636 903 ἒγίνωτκεν
2704 830 2870 904 εἶναι,
2954 830 3041 885 καὶ
3096 833 3195 895 τῆς
3251 828 3307 897 LE
3383 831 3540 886 αὐτοῦ
3597 826 3806 904 βλάϐης
3878 829 4002 898 ἡμᾶς

2356 914 2760 981 ἀπαλλάξαντας
2855 919 2949 975 οἶα
3028 917 3481 997 προωυλακτικοζς
3537 918 3838 998 φαρμάκοις
3911 930 4002 979 τοῖς

2356 1004 2575 1081 ῥήμασι.
2632 1008 2728 1064 Καὶ
2772 1006 2947 1063 ἄλλως
2992 1004 3046 1062 δὲ
3120 1012 3236 1063 κατ’
3289 1006 3467 1064 ἐκεῖνο
3507 1014 3692 1079 καιροῦ
3750 1005 4003 1071 στηλιτεῦ-

2355 1096 2509 1159 θῆναι
2555 1102 2648 1151 τοῦ
2702 1096 2896 1175 ἐχθροῦ
2952 1097 3051 1163 τὴν
3094 1095 3303 1152 ἅπασαν
3363 1097 3551 1171 μανίαν
3613 1096 3815 1177 ἐχρῆν,
3874 1094 3999 1156 ὅπως

2358 1179 2420 1236 ἂν
2463 1181 2701 1262 ἀρχῆθεν
2756 1187 2783 1241 ὁ
2827 1186 2924 1252 τὴν
2985 1183 3249 1241 εὒσὲϐειαν
3306 1191 3558 1241 συνιστῶν
3612 1183 3781 1261 λόγος
3836 1185 3896 1242 τὸ
3932 1183 4001 1258 βέ-

2352 1265 2500 1338 ϐμον
2559 1270 2664 1350 ἔχῃ
2735 1274 2821 1328 καὶ
2878 1274 3097 1347 παγιον,
3161 1274 3258 1328 Διά
3314 1281 3477 1330 ταῦτα
3529 1271 3595 1340 δη
3631 1274 3812 1328 πάντα
3853 1294 3995 1327 auu-

2354 1361 2585 1434 σπισμὸς
2627 1368 2705 1434 τῷ
2747 1363 2867 1417 τότε
2920 1362 3220 1438 γενόμενοι,
3278 1361 3376 1418 κᾶν
3439 1362 3535 1419 οὒκ
3589 1360 3855 1439 ἀῤῥαγὴς,
3910 1358 3994 1424 ὅλη

2352 1452 2458 1503 τῶν
2518 1451 2789 1526 αἳρετιιιῶν
2843 1451 2877 1517 ἡ
2940 1448 3143 1531 φάλαγξ
3186 1453 3323 1507 κατά
3350 1456 3456 1506 τῶν
3486 1452 3650 1529 ὀρθῶς
3683 1448 3991 1527 πρεσόευόν-

2353 1557 2459 1591 των
2513 1536 2810 1617 ἐξώρμησε.
2869 1542 3004 1617 Πρὸς
3060 1539 3146 1602 οῦς
3205 1542 3252 1595 οἷ
3296 1545 3396 1605 τῆς
3440 1538 3691 1606 ἀληθείας
3751 1539 3993 1617 εὒσθενεῖς

628 1616 1119 1709 consequeretur.
1132 1628 1381 1705 Propter
1397 1626 1519 1685 hazc
1536 1625 1733 1685 omnia
1754 1636 1952 1685 mutua
1965 1626 2256 1686 defensio-

2355 1627 2574 1681 ὁπλῖται
2620 1616 2983 1708 διαφερόμενοι
3042 1628 3483 1707 βλασφημοῦντας
3558 1630 3629 1691 εἷς
3677 1630 3773 1683 τὸν
3834 1616 3992 1700 "Ny"

629 1713 2482 1797 neconstipati,licetminimeinfracta,nniveisahazreti-Dccov
2525 1714 2714 1792 ἀδεῶς,
2775 1719 2841 1773 τὰ
2897 1716 3125 1777 πλεῖστα
3195 1724 3301 1773 τῶν
3358 1720 3514 1793 ἡμῶν
3567 1715 3876 1795 δογμάτων,
3929 1718 3991 1779 ὡς

631 1828 832 1870 corum
859 1807 1071 1868 cohors
1096 1805 1153 1864 in
1202 1813 1363 1864 recte
1384 1803 1458 1863 de
1484 1801 1699 1882 pietate
1721 1804 2046 1865 sentientes
2076 1803 2271 1884 impe-

633 1910 753 1961 tum
784 1895 943 1968 f'ecit,
977 1886 1260 1955 atltfersus
1290 1910 1440 1972 quos
1479 1892 1736 1952 veritatis
1765 1892 1937 1953 validi
1970 1892 2271 1954 commili-

2356 1806 2683 1884 προείρηται,
2745 1812 2843 1870 τῆς
2901 1805 3196 1883 ἀμωμήτου
3250 1806 3477 1872 πίστεως
3544 1808 3704 1881 ἡμῶν
3766 1802 3990 1861 τεθεολο-

2354 1896 2603 1972 γήκασιν,

631 1997 801 2050 tones
830 1984 1094 2046 adversis
1123 1983 1459 2061 conatibus,
1493 1981 1974 2061 blasphemantes
2005 1982 2255 2044 licenter
2309 1993 2514 2045 contra
2547 1986 2756 2058 Deum,
2790 1983 3023 2065 potiora
3064 2000 3346 2045 sanorum
3398 1981 3774 2063 dogmatum,
3805 1990 3868 2043 ut
3893 1999 3989 2043 an-

632 2086 726 2140 tea
775 2075 1000 2138 dictntn
1061 2086 1175 2152 eSI,
1224 2071 1535 2151 inculpata:
1585 2081 1801 2131 nostrae
1856 2071 1995 2132 fidei
2047 2075 2458 2134 decreverunt.

720 2166 815 2241 19,
853 2165 923 2228 Et
952 2162 1210 2245 primum
1241 2161 1481 2242 quidem
1515 2160 1661 2221 satis
1691 2170 1815 2221 erat
1846 2180 2136 2230 asserere,
2172 2161 2270 2222 Fi-

623 2256 767 2318 lium
796 2252 1238 2334 generationem
1273 2270 1340 2311 ix
1373 2252 1542 2311 Patre
1584 2249 1825 2321 habere,
1859 2251 1929 2311 ad
1958 2249 2269 2311 amborum

623 2364 803 2408 unam
828 2341 1218 2421 eamdemque
1236 2338 1614 2418 similemque
1634 2349 1897 2400 naturam
1920 2339 2264 2420 notandam;

621 2433 724 2497 sed
758 2430 1027 2505 dum,cui
1079 2451 1113 2490 a
1170 2427 1370 2489 furore
1405 2446 1620 2488 nomen
1650 2427 1780 2506 fuit,
1813 2427 2043 2501 Arium,
2079 2436 2136 2489 et
2167 2428 2266 2509 qni

618 2521 693 2583 ab
726 2521 934 2583 eodem
967 2517 1080 2578 sibi
1114 2535 1328 2577 nomen
1377 2515 1637 2577 infelicit.
1663 2535 1691 2577 r
1720 2516 2111 2586 vindicarunt,
2150 2536 2263 2577 non

618 2608 936 2692 persuadet
966 2606 1037 2667 ad
1070 2605 1323 2667 similem
1356 2604 1711 2667 sententiam
1746 2606 2255 2685 amplectendam;

618 2716 812 2779 neque
833 2696 1026 2758 Patris
1049 2713 1289 2763 nomen,
1319 2712 1510 2774 neque
1535 2693 1686 2763 Filii,
1712 2713 1901 2774 neque
1926 2694 2050 2773 ipsa
2073 2714 2261 2773 gene-

613 2787 788 2859 ratio,
817 2794 1012 2846 mente
1035 2782 1212 2863 capti,
1268 2792 1599 2844 creaturam
1637 2782 1852 2844 Filium
1889 2784 2070 2845 Patris
2091 2803 2256 2847 asse-

613 2895 749 2939 rere
783 2881 1307 2953 praisumpserunt,
1341 2879 1398 2934 et
1447 2872 1519 2933 ab
1552 2881 1773 2933 (eterna
1802 2875 2259 2955 venerandaque

611 2965 772 3026 illius
799 2965 1102 3027 divitntate
1135 2979 1374 3041 prorsus
1398 2961 1679 3028 alienum.
1704 2963 1889 3042 probe
1918 2964 2258 3026 refellentes

610 3050 1300 3135 blasphemiamerroris
1330 3050 1696 3132 expulsores,
1714 3050 1927 3113 Filium
1952 3071 2018 3113 ex
2045 3072 2257 3115 essen-

2434 2153 2522 2226 ιθ’,
2573 2164 2766 2221 Αὐτίκα
2805 2165 2904 2244 γὰρ
2960 2162 3108 2243 ἤρκει
3149 2165 3211 2219 τὸ
3265 2164 3358 2219 τὸν
3395 2163 3515 2218 Υῐὸν
3542 2160 3724 2240 λέγειν
3752 2164 3852 2228 τὴν
3880 2158 3987 2238 γένο

2354 2274 2505 2318 νησιν
2563 2253 2713 2333 ’ἐχειν
2755 2254 2816 2310 ἐκ
2857 2261 2948 2310 τοῦ
3007 2255 3231 2331 Πατρὸς,
3305 2255 3377 2315 εἱς
3438 2255 3499 2308 τὸ
3552 2249 3753 2318 δηλοῦν
3811 2253 3870 2307 τὸ
3908 2249 3983 2315 τῆς

2350 2342 2555 2419 φύσεως
2611 2344 2801 2399 ταυτὸν
2879 2364 2985 2415 τῶν
3056 2340 3371 2422 ἀμφοτέρων
3428 2341 3517 2396 καὶ
3567 2337 3979 2422 ἀπαράλλακτον.

2350 2418 2499 2486 Ἀλλ’
2545 2431 2662 2488 ἐπεὶ
2717 2446 2806 2488 τον
2850 2418 3277 2506 ἐπώνυμον-τῆς
3344 2430 3531 2506 μανίας
3592 2418 3848 2507 "Apum,
3909 2428 3980 2481 καὶ

2347 2520 2467 2584 τοὺς
2521 2519 2618 2577 ἀπ’
2659 2520 2857 2578 ἐκείνου
2924 2518 3359 2599 δυστυχήσαντας
3415 2516 3696 2574 καλεῖσθαι
3747 2515 3834 2572 διὰ
3859 2537 3981 2571 παν-

2343 2608 2454 2671 τὸς.
2503 2610 2702 2665 τούτων
2746 2607 2893 2667 οὐδὲν
2949 2607 3312 2681 ἐδυσώπησεν,
3371 2608 3430 2663 οὗ
3485 2609 3546 2663 τὸ
3603 2608 3794 2684 Πατὴρ
3835 2604 3978 2677 ὄνομα

2342 2697 2473 2773 πρὸς
2515 2698 2613 2765 τὴν
2656 2700 2906 2765 τοιαύτην
2959 2697 3187 2774 ἔννοιαν,
3230 2697 3291 2753 οὗ
3343 2697 3404 2752 τὸ
3448 2697 3594 2773 Υἱὸς,
3639 2699 3748 2774 οὺχ
3804 2695 3839 2761 ἡ
3878 2692 3978 2768 γὲνο

2341 2807 2493 2851 νησις
2528 2808 2539 2821 ·
2573 2785 2690 2844 ὅθεν
2746 2790 2793 2843 οἱ
2833 2787 3217 2866 ματαιόφρονες
3268 2785 3441 2841 εἰπεῖν
3484 2784 3681 2859 κτίσμα
3734 2784 3827 2838 τὸν
3877 2782 3975 2835 ι’ίὸν

2340 2872 2719 2950 ἀπετόλμησαν
2761 2883 2856 2933 τοῦ
2913 2880 3140 2953 Πατρὸς,
3172 2877 3259 2931 καὶ
3300 2880 3401 2941 τῆς
3433 2872 3602 2932 α’ίδίου
3645 2873 3738 2929 καὶ
3795 2869 3972 2935 σεπτῆς

2337 2964 2588 3031 θεότητος
2634 2968 2791 3025 αὐτοῦ
2842 2967 2903 3022 τὸ
2950 2967 3198 3045 παράπαν
3226 2963 3501 3043 ἀλλότριον
3536 2981 3549 2994 ⁸
3594 2960 3779 3024 καλῶς
3812 2959 3975 3036 ἐκτρε-

2339 3052 2560 3128 πόμενοι
2593 3056 2656 3111 τὸ
2711 3054 2765 3110 ἐν
2813 3055 3019 3118 τούτοις
3073 3051 3347 3135 δύσφημον
3391 3055 3437 3108 οἱ
3480 3055 3576 3120 τῆς
3619 3049 3834 3117 πλάνης
3886 3070 3972 3128 φυ-

614 3148 694 3205 tia
724 3142 913 3207 Patris
945 3140 1232 3203 exsistere
1289 3140 1383 3221 pie
1436 3141 1804 3221 evulgarunt.
1862 3139 1991 3202 Pari
2023 3162 2256 3224 quoque

2340 3141 2604 3219 γαδεῦταὶ,
2652 3146 2742 3200 τὸν
2774 3146 2894 3200 Υίὸν
2922 3143 2983 3201 ἐκ
3038 3148 3136 3210 τῆς
3186 3144 3360 3206 οῦσίας
3406 3148 3498 3198 τοῦ
3568 3142 3775 3219 Πατρὸς
3830 3137 3972 3215 ὑπάρο

611 3232 841 3296 ratione
890 3231 949 3292 in
987 3229 1285 3311 proposita
1347 3248 1505 3291 nunc
1535 3230 1594 3291 in
1628 3248 1870 3291 examen
1904 3233 2253 3315 qumstione,

610 3325 752 3385 satis
782 3330 906 3383 erat
933 3321 1251 3392 affirmare,
1285 3319 1570 3400 Spiritum
1594 3330 1891 3400 sanctum,
1925 3340 2037 3399 qna
2064 3322 2259 3399 Spiri-

614 3418 707 3472 tus
740 3418 916 3483 estet
940 3406 1236 3487 Unigeniti
1266 3426 1425 3482 esse,
1459 3417 1517 3469 et
1543 3428 1610 3469 ex
1636 3409 1876 3489 ipso,ad
1908 3409 2255 3488 significan-

610 3500 745 3562 dam
776 3518 950 3561 unam
982 3496 1296 3559 amborum
1327 3499 1890 3573 formant,unionem
1915 3508 1971 3559 et
1993 3517 2258 3561 commu-

609 3593 850 3653 nionem
872 3598 1092 3651 natura).
1117 3609 1134 3664 ;
1162 3589 1550 3650 nihilominus
1567 3590 1671 3664 qui
1697 3590 1755 3650 in
1777 3588 2034 3651 divinam
2066 3588 2256 3651 sancti

609 3678 864 3760 Spiritus
885 3678 1130 3757 gloriam
1172 3677 1356 3738 instar
1392 3697 1602 3739 canum
1627 3678 1788 3739 rabie
1810 3677 1922 3739 acti
1947 3688 2105 3753 sunt,
2132 3678 2249 3739 im-

608 3769 904 3850 pudenter
932 3766 1097 3827 illum
1130 3774 1458 3827 creaturam
1476 3766 1632 3841 Filii,
1668 3766 1821 3828 etab
1850 3767 2003 3828 illius
2029 3766 2248 3829 divini-

611 3867 727 3918 tate
754 3857 997 3918 omnino
1012 3856 1270 3917 alienum
1297 3855 1686 3921 oblatrarunt.
1711 3876 1825 3917 non
1852 3857 2251 3937 percipientes

609 3945 895 4026 Spiritum
920 3943 1052 4006 Filii
1078 3945 1386 4006 verissime
1418 3944 1825 4025 dici,esseque
1855 3966 1904 4020 a1
1934 3948 2008 4006 ud
2042 3966 2251 4008 omnes

608 4033 893 4112 Spiritum
928 4043 1218 4095 sanctum.
1255 4031 1478 4095 Similis
1504 4034 1824 4115 impietatis
1853 4045 2058 4098 auctor
2080 4036 2247 4116 prin-

603 4142 862 4205 cepsque
893 4123 1002 4185 fuit.
1033 4141 1150 4185 non
1183 4122 1336 4184 alius
1366 4142 1541 4204 quam
1600 4126 1997 4186 eXsecrandus
2042 4125 2242 4202 Arius,

605 4214 704 4295 qui
744 4214 969 4293 primus
1008 4212 1133 4275 fet‘e
1169 4212 1516 4293 injustitiam
1552 4213 1782 4276 locutus
1812 4224 1900 4277 est
1928 4215 1987 4275 in
2038 4216 2246 4284 altum,

603 4320 837 4384 ponens
866 4302 924 4363 in
960 4304 1172 4363 coelum
1209 4322 1273 4363 os
1296 4313 1503 4365 contra
1531 4301 1932 4382 Unigenitum,
1969 4313 2027 4365 et
2053 4304 2251 4383 lingua

601 4390 760 4453 illius
789 4400 990 4471 vagata
1014 4402 1103 4453 est
1124 4409 1304 4472 super
1325 4400 1567 4466 terram,
1603 4393 1882 4455 deferens
1905 4393 1974 4455 ad
2008 4406 2247 4455 creatu-

599 4497 697 4541 ras
731 4480 893 4541 illius
945 4489 1238 4554 naturam,
1273 4500 1402 4562 quae
1433 4500 1612 4562 supra
1642 4500 1880 4543 omnem
1912 4492 2244 4545 creaturam

601 4578 713 4633 est.
745 4568 868 4632 Hoc
899 4570 1094 4650 itaque
1128 4569 1407 4647 magisnro
1442 4571 1553 4638 usi,
1600 4572 1724 4651 jam
1772 4571 1914 4634 dicti
1947 4573 2099 4633 matr
2117 4591 2246 4633 ma-

600 4658 790 4737 gistri,
828 4659 963 4720 mali
987 4655 1285 4739 discipuli,
1334 4659 1623 4740 quispiam
1674 4659 1923 4743 diceret,
1954 4661 2013 4722 in
2047 4660 2241 4742 Spiri-

600 4756 722 4808 tum
756 4746 934 4809 etiatr.
964 4758 1233 4810 sanctum
1266 4747 1694 4831 blasphemiam
1750 4750 1935 4829 magis
1974 4749 2248 4813 infaustis

597 4837 1008 4917 progressibus
1036 4838 1397 4914 detulerunt,
1455 4848 1681 4901 naturaa
1708 4838 2052 4922 inaequales,
2098 4861 2240 4923 pro-

597 4926 718 4988 fani
747 4925 828 4996 hi,
852 4925 910 4986 in
935 4926 1537 5009 divinitatisprineipe
1560 4927 1775 4991 Triade
1818 4930 2033 5007 gradus
2062 4950 2241 5008 gene-

596 5015 768 5075 ratim
801 5016 1231 5095 confingentes,
1259 5029 1321 5080 et
1358 5036 1533 5097 quem
1569 5018 2004 5081 inconsiderate
2037 5021 2239 5100 perdi-

600 5103 777 5165 tionis
806 5104 959 5165 filius
981 5105 1158 5167 Arius
1187 5105 1483 5168 defectum
1516 5106 1829 5188 Unigenito
1862 5108 2239 5191 appingehat,

597 5211 732 5255 eum
764 5193 1016 5255 licenter
1043 5194 1391 5275 perditionis
1424 5196 1690 5259 haeredes
1734 5196 1975 5277 Spiritui
2002 5199 2245 5261 dedide-

592 5291 748 5357 rant,
799 5291 857 5344 et
914 5295 1245 5345 eieatnram
1306 5284 1478 5347 illum
1533 5285 1687 5361 Filii,
1737 5287 1819 5348 uti
1879 5289 2052 5368 paulo
2108 5299 2245 5351 ante

595 5372 971 5449 praenarravi,
1003 5373 1421 5445 decernentes,
1457 5393 1588 5455 qua;
1625 5384 1762 5437 ante
1794 5387 2024 5456 tempus
2056 5387 2144 5438 est
2186 5387 2246 5439 et

590 5460 928 5521 veneranda
956 5460 1263 5524 divinitate
1292 5465 1566 5526 absolute
1596 5466 1949 5545 Spoliarunt.
1975 5470 2239 5539 Quorum

591 5545 957 5637 impietatem
974 5550 1391 5613 submoventes
1407 5553 1629 5615 fraudis
1651 5557 2247 5637 oppugnatores,Spi-

591 5633 771 5699 ritum
794 5644 1063 5699 sanctum
1088 5657 1161 5700 ex
1188 5641 1449 5705 essentia
1480 5642 1614 5708 Filii
1665 5633 1799 5707 esse
1820 5633 1990 5707 recte
2017 5633 2240 5707 defini-

2341 3252 2461 3310 χειν
2519 3231 2745 3298 εὗσεὸῶς
2803 3231 3145 3311 ἀνεκήρυξαν,
3199 3221 3464 3293 Ὠσαύτως
3527 3240 3653 3308 γοῦν
3711 3229 3841 3285 κάπὶ
3891 3230 3970 3281 τοῦ

2340 3321 2687 3396 προκειμένου
2745 3332 2829 3381 νῦν
2912 3324 2983 3385 είς
3054 3321 3284 3388 ἐξέτασιν
3382 3320 3597 3378 ἐνταῦθα
3682 3318 3970 3391 ζητήματος

2340 3409 2598 3491 ἀποχρῶν
2654 3412 2913 3491 ἐτύγχανε
2957 3413 3045 3468 καὶ
3086 3411 3146 3467 τὸ
3188 3412 3407 3491 φασκειν
3465 3411 3525 3465 τὸ
3580 3408 3736 3487 ἅγιον
3778 3407 3967 3478 Πνεῦμα

2338 3501 2468 3555 καθὸ
2527 3506 2737 3576 Πνεῦμα
2768 3502 2855 3557 καὶ
2896 3507 2987 3557 τοῦ
3029 3506 3353 3578 Μονογενοῦς
3393 3500 3533 3554 εἶναι
3576 3498 3665 3553 καὶ
3735 3495 3787 3561 ἐξ
3829 3493 3967 3549 αύτοῦ

2336 3590 2467 3668 πρὸς
2537 3591 2597 3646 τὸ
2679 3590 2956 3666 σημαίνειν
3024 3591 3123 3657 τὴν
3196 3587 3485 3664 μοναδικὴν
3541 3588 3651 3643 τῶν
3724 3581 3965 3662 ἑκατέρων

2335 3678 2571 3758 μορφὴν,
2616 3680 2713 3747 τὴν
2743 3678 2968 3746 ἑνότητα
3010 3700 3067 3735 τε
3111 3680 3199 3735 καὶ
3239 3680 3339 3746 τὴν
3393 3678 3674 3733 κοινωνίαν
3729 3679 3825 3741 τῆς
3878 3670 3964 3750 φύε

2334 3788 2492 3831 σεως.
2579 3757 2774 3845 ιὈμως
2853 3771 2900 3825 οἱ
2969 3770 3104 3824 κατά
3158 3773 3257 3833 τῆς
3316 3770 3637 3843 θεοπρεποῦς
3699 3766 3792 3821 τοῦ
3833 3761 3961 3839 ἁγίου

2334 3858 2638 3933 Πνεύματος
2697 3857 2851 3926 δόξης
2942 3865 3113 3916 κυνῶν
3191 3857 3337 3925 δικην
3410 3854 3766 3926 λυττήσαντες
3825 3852 3960 3908 ἀναι-

2330 3944 2433 4013 δῶς
2505 3950 2697 4024 κτίσμα
2743 3958 2834 4007 τοῦ
2889 3950 3014 4006 Υἱοῦ
3079 3955 3258 4024 τοῦτο,
3320 3948 3409 4003 καὶ
3465 3951 3565 4012 τῆς
3641 3947 3801 4002 αῦτοῦ
3852 3939 3956 3996 θεό-

2330 4058 2489 4103 τητος
2524 4036 2577 4101 ἐς
2630 4039 2691 4093 τὸ
2736 4036 2992 4102 παντελὲς
3051 4036 3447 4112 ἀπεξενωμένον
3502 4034 3827 4104 ῦλάκτησαν,
3892 4026 3956 4102 μὴ

2329 4124 2647 4203 βαλλόμενοι
2698 4126 2833 4183 κατά
2877 4134 3020 4200 νοῦν,
3072 4125 3254 4205 ὅτιπερ
3299 4127 3418 4182 Υίοῦ
3462 4131 3675 4200 Πνεῦμα
3729 4116 3955 4183 παναλη-

2330 4218 2433 4279 θῶς
2475 4217 2585 4272 ἔστι
2643 4237 2701 4272 τε
2742 4217 2831 4272 καὶ
2888 4213 3103 4293 λέγεται
3165 4216 3306 4294 παρά
3346 4221 3476 4270 πᾶσι
3519 4216 3581 4269 τὸ
3636 4219 3846 4287 Πνεῦμα
3904 4206 3953 4259 τὸ

2330 4304 2504 4383 ἅγιον.
2592 4310 2701 4372 Τῆς
2781 4305 3025 4371 τοιαύτης
3103 4302 3159 4359 δὲ
3240 4300 3535 4366 δυσσεϐείας
3617 4300 3951 4381 ἐχρημάτισεν

2330 4395 2575 4475 ἀρχηγὸς
2634 4398 2728 4453 οῦκ
2786 4392 2946 4458 ἄλλος
2978 4415 3057 4457 τις
3099 4393 3206 4450 τῶν
3248 4392 3518 4469 ἀπάντων,
3552 4393 3580 4447 ὁ
3609 4389 3666 4446 δὲ
3693 4386 3947 4475 θεοστυγὴς

2334 4474 2578 4563 ”Αρειος,
2632 4484 2689 4548 ὃς
2736 4488 2945 4562 πρῶτος
2999 4480 3191 4563 σχεδὸν
3232 4479 3431 4537 ἀδικίαν
3484 4479 3747 4547 ὲλάλησεν
3801 4479 3865 4540 εἰς
3900 4474 3948 4528 τὸ

2327 4574 2483 4649 ὕψος,
2538 4572 2755 4647 θέμενος
2810 4574 2883 4638 εἷς
2926 4573 3142 4651 οὐρανὸν
3198 4573 3260 4628 τὸ
3317 4571 3491 4645 στόμα
3518 4573 3655 4627 κατὰ
3680 4577 3775 4627 τοῦ
3801 4574 3943 4623 Μονο-

2328 4669 2538 4742 γενοῦς.
2588 4663 2686 4721 Καὶ
2725 4662 2760 4729 ἡ
2807 4660 3024 4741 γλῶσσα
3066 4658 3121 4717 δε
3170 4658 3376 4728 διῆλθεν
3421 4661 3506 4717 ἐπὶ
3543 4659 3638 4727 τῆς
3669 4664 3773 4739 γῆς
3801 4675 3939 4713 κατα-

2330 4759 2565 4830 γαγοῦσα
2640 4752 2777 4826 μετά
2846 4755 2943 4817 τῆς
3013 4751 3233 4816 κτίσεως
3291 4750 3389 4817 τὴν
3460 4751 3616 4806 αὑτοῦ
3672 4770 3827 4829 φησιν
3863 4742 3939 4809 τὴν

2323 4843 2700 4918 ὓπερκόσμιον.
2774 4848 2936 4898 Τοῦτο
3004 4847 3129 4920 γοῦν
3188 4841 3607 4914 μαθητεύσαντες
3666 4841 3714 4896 οἱ
3784 4833 3940 4915 ῥηθέν·

2323 4953 2407 4992 τες
2478 4931 2644 4987 κακού
2716 4927 3028 4986 διδασκάλου
3083 4931 3239 4987 κακοὶ
3300 4931 3515 5005 μύσται,
3574 4930 3704 5009 φαίη
3765 4948 3835 4989 τις
3871 4923 3938 5000 ἂν,

2323 5019 2452 5077 κάπὶ
2505 5025 2598 5077 τοῦ
2666 5020 2968 5094 Πνεύματος
3037 5019 3135 5087 τὴν
3203 5017 3566 5100 βλασφημίαν,
3610 5020 3684 5080 ὡς
3730 5017 3792 5074 ἂν
3828 5035 3940 5089 προ·

2323 5110 2533 5185 κόψωσι
2564 5115 2743 5175 κακῶς
2777 5109 2832 5164 ὲν
2887 5109 3052 5185 ταύτῃ
3100 5111 3455 5187 μετήνεγκαν,
3503 5109 3706 5188 φύσεως
3764 5105 3938 5163 ἀνίσους

2325 5201 2371 5256 οἱ
2413 5198 2676 5278 ἀλιτήριοι
2732 5197 2957 5255 καθόλου
3013 5200 3244 5275 βαθμοὺς
3298 5200 3435 5256 κατά
3477 5218 3537 5276 γε
3591 5197 3691 5265 τῆς
3746 5201 3938 5272 θεαρχι·

2325 5289 2424 5368 κῆς
2482 5286 2700 5368 Τριάδος
2785 5288 3186 5363 ἐπινοήσαντες,
3258 5289 3347 5344 καὶ
3422 5287 3488 5355 ἣν
3566 5284 3937 5365 ἀπερισκέπτως

2330 5366 2549 5457 ’Ἄρειος
2598 5378 2627 5433 ὁ
2682 5375 2778 5444 τῆς
2835 5374 3102 5442 ἀπωλείας
3153 5378 3261 5444 υίὸς
3317 5375 3588 5454 προσῆπτε
3616 5382 3695 5450 τῷ
3737 5382 3939 5448 Μονογε-

2327 5479 2433 5534 vet,
2495 5463 2691 5533 ταύτην
2747 5462 2911 5528 ἀδεῶς
2962 5466 3468 5546 προσεμαρτύρησαν
3524 5466 3573 5521 οἱ
3635 5461 3755 5538 μετ’
3808 5461 3936 5520 αὑτὸν

2326 5554 2651 5634 κληρονόμοι
2733 5556 2829 5621 τῆς
2930 5554 3197 5620 ἀπωλείας
3263 5562 3341 5630 τῷ
3397 5553 3686 5634 Πνεύματι,
3744 5552 3929 5620 κτίσμα,

2329 5648 2500 5707 καθὼς
2585 5641 2877 5725 ἅοήγγειλα
2961 5642 3265 5724 προλαϐὼν,
3333 5643 3732 5722 ἀποφηνάμενοι
3810 5637 3934 5697 τοῦτο
