4176 6290
274 338 428 418 1193

1178 346 1276 410 DE
1319 343 1834 417 PBOCESSIONE
1878 343 1946 412 ὃ.
1987 339 2334 407 SPIRITUS
2375 343 2604 406 ORAT.
2649 343 2726 406 II.

3496 349 3646 413 1194

260 477 459 568 «imre;
523 474 579 530 εἴ
640 497 690 532 τι
738 476 900 556 ῥητὸν
954 478 1060 544 τῶν
1103 477 1245 560 παρὰ
1285 477 1505 558 γνώμην
1549 481 1762 560 αὐτοῖς,
1801 489 1908 535 ταῖς

2007 471 2208 568 derate
2236 481 2294 534 et
2324 474 2709 568 licenter,s_ed
2741 475 2857 538 alia
2887 496 3123 562 quoque
3155 479 3406 568 plurima
3434 480 3646 543 turbu-

263 557 317 616 δὲ
375 555 613 624 τοιοῦτον
685 555 861 646 ἕτερον
919 566 1049 646 πρὸς
1108 555 1192 621 τδ
1227 555 1407 624 δοκοῦν
1478 567 1681 632 τούτοις
1752 557 1921 646 μετα-

263 653 612 736 ποιήσαντεξ,
645 653 719 710 ὧν
778 653 1050 734 ἁπάντων,
1102 656 1174 718 ὡς
1234 653 1468 734 ἐφικτὸν,
1529 657 1668 734 κατὰ
1735 657 1921 736 χώραν

262 733 670 823 μνησθήσομαι,

343 998 453 1086 κβ’.
491 1012 587 1069 Καὶ
629 1012 678 1068 τί
718 1010 862 1092 λέγω
919 1013 1039 1090 περὶ
1078 1015 1152 1068 ὧν
1223 1011 1560 1092 μετέγραψαν
1617 1009 1812 1092 βίϐλων
1863 1010 1918 1069 ἂν

265 1112 386 1176 τοῖς
446 1101 645 1157 ἑαυτῶν
674 1100 885 1178 ἔκαστοι
927 1107 1034 1158 τῶν
1093 1099 1480 1182 διαληφθέντων
1523 1115 1752 1188 καιροῖς,
1787 1100 1920 1158 ὅπου

260 1208 322 1267 γε
379 1188 576 1245 τούτων
606 1191 776 1246 αὒτῶν
817 1190 946 1247 ’ένιοι
975 1192 1063 1247 καὶ
1113 1197 1217 1247 τῶν
1273 1190 1331 1246 ἐκ
1389 1189 1616 1248 παλαιοῦ
1675 1212 1916 1270 γεγραμ-

262 1275 437 1351 μένων
494 1276 799 1360 ὁλοσχερῶς
867 1283 962 1338 οὖκ
1019 1278 1340 1360 ἐφείσαντοί
1406 1282 1522 1337 Τῶν
1579 1281 1830 1337 τοιούτων
1872 1277 1917 1335 δ’

264 1363 448 1432 ὰπλῶς
520 1366 658 1423 ἔστιν
728 1366 790 1430 ἂς
832 1367 1033 1436 ἔξεσαν,
1093 1369 1210 1428 τινὰ
1269 1366 1658 1446 μεταϐαλόντες
1716 1374 1820 1424 τῶν
1862 1367 1917 1424 ἔν

259 1456 471 1527 αὐταῖς,
541 1455 676 1512 ἄλλα
744 1455 790 1512 δ’
851 1456 915 1512 αὗ
973 1454 1288 1522 ἐκϐαλόντες
1343 1455 1614 1519 τοτέλεον,
1684 1460 1783 1516 Καὶ
1825 1480 1916 1534 μοι

257 1547 455 1624 παντὸς
515 1553 607 1603 τοῦ
649 1544 810 1625 λόγου
853 1547 1134 1626 μαρτύριον
1197 1545 1441 1627 ἀψευδὲς,
1504 1545 1633 1626 ὅπερ
1688 1549 1918 1625 γενόμε-

259 1653 420 1704 μενον
475 1633 556 1716 ἐφ’
612 1634 767 1711 ἡμῶν
838 1636 1220 1713 ἀναπέφανται.
1302 1629 1430 1694 Tth
1476 1636 1754 1715 ἀρχόντων
1819 1637 1919 1715 γὰρ

259 1721 393 1801 ἆνήρ
448 1743 530 1785 τις
586 1729 691 1780 τῶν
759 1722 1213 1790 ἐκκλησιαστικῶν

1223 1772 1240 1805 ,
1298 1723 1661 1805 ἀντεχόμενος
1715 1723 1915 1802 κομιδῆ

2005 561 2147 621 lenti
2179 561 2453 624 homines
2505 561 2938 642 adulterarum,
2967 585 3035 628 ex
3083 561 3176 630 his
3206 567 3448 650 quidem
3472 571 3644 631 aufe—

2003 651 2281 730 rentes,si
2313 652 2452 732 quid
2479 653 2765 733 scriptum
2790 667 2947 716 esset
2979 655 3137 736 quod
3169 657 3313 737 ipsis
3342 675 3463 720 non
3491 657 3646 720 arri-

2005 738 2192 814 deret,
2227 738 2287 799 in
2319 739 2451 802 aliis
2479 740 2638 802 aliud
2670 742 3096 818 simile,utillis
3129 745 3438 807 videbatur
3463 763 3642 827 appo-

2005 835 2237 907 nentes,
2260 846 2393 906 quae
2410 830 2630 911 omnia,
2645 831 2730 891 uti
2762 831 2916 892 vires
2937 835 3364 912 concesserint,
3375 842 3647 916 tempore

2001 921 2333 994 opportuno
2357 918 2862 980 commemorabo.

2081 1007 2179 1064 22.
2208 1005 2278 1063 Et
2300 1005 2439 1084 quid
2458 1005 2554 1066 hic
2573 1005 2808 1086 inquam
2835 1007 2909 1069 de
2933 1009 3301 1090 transcriptis
3319 1008 3393 1072 ab
3417 1009 3643 1073 eisdem

2001 1091 2114 1152 alio
2139 1099 2314 1171 atque
2360 1093 2474 1154 alio
2508 1104 2775 1174 tempore
2804 1097 3227 1173 voluminibus,
3262 1099 3406 1160 dum
3437 1117 3645 1161 eorum

2003 1180 2270 1240 nonnulli
2305 1198 2416 1242 nec
2445 1181 2518 1242 ab
2550 1182 2830 1263 illis,quaa
2853 1185 2926 1246 ab
2948 1187 3188 1270 antiquo
3222 1195 3488 1267 tempore
3507 1207 3646 1250 exa-

2001 1275 2125 1328 rata
2153 1277 2344 1346 erant,
2381 1287 2588 1332 manus
2615 1270 3072 1342 abstinuerunt?
3101 1273 3185 1335 =in
3217 1274 3432 1354 quibus
3464 1276 3648 1339 multa

2002 1365 2333 1432 eraserunt,
2355 1357 2484 1419 aliis
2511 1359 2639 1420 loco
2673 1378 2877 1421 eorum
2914 1362 3256 1443 suppositis,
3291 1363 3645 1442 quibusdam

2002 1445 2177 1506 etiam
2225 1464 2467 1527 prorsus
2524 1445 2781 1509 abolitis.
2815 1448 2884 1510 Et
2913 1450 3139 1512 dictum
3171 1468 3370 1512 meum
3409 1451 3647 1513 abunde

2000 1534 2332 1616 conﬁrmat,
2366 1535 2522 1615 quod
2571 1545 2778 1600 nostra
2824 1539 2937 1599 hoc
2990 1545 3165 1599 aetate
3209 1538 3428 1601 factum
3463 1541 3648 1603 fuisse

1999 1634 2366 1702 compertum
2399 1631 2508 1686 est.
2542 1624 2630 1686 Ex
2667 1625 3036 1706 principibus
3067 1626 3225 1689 enim
3259 1627 3399 1689 viris
3443 1630 3645 1692 eccle-

1999 1709 2249 1773 siasticis
2271 1714 2708 1793 unus,primum
2735 1715 2975 1795 quidem
2995 1716 3298 1778 schismati
3327 1734 3502 1797 quam
3533 1719 3646 1780 ad-

259 1812 328 1867 τὰ
371 1819 556 1892 πρῶτα
599 1820 692 1870 τοῦ
734 1815 1056 1894 σχίσματος,
1098 1815 1190 1870 τὸν
1233 1813 1330 1890 μὲν
1372 1805 1658 1884 ἒνίτούτοις
1686 1815 1908 1892 βαθμὸν,

1999 1799 2382 1894 dictissimus,
2411 1803 2516 1863 sed
2545 1803 2732 1881 gradu
2771 1813 2829 1864 et
2846 1804 3056 1867 ordine
3086 1806 3241 1866 inter
3260 1809 3362 1867 eos
3397 1825 3548 1868 unus
3570 1807 3646 1868 de

257 1901 347 1956 καὶ
389 1901 484 1968 τὴν
513 1898 662 1967 τάξιν
719 1902 778 1958 οὗ
805 1900 1124 1974 πολλοστὸς,
1155 1899 1254 1958 κᾶν
1305 1914 1423 1964 τοῖς
1478 1900 1655 1980 λόγοις
1711 1899 1767 1962 δὲ
1809 1907 1915 1956 τῶν

260 1986 552 2046 δοκούντων
608 1991 693 2056 εἷς
768 1990 1174 2072 γνωριζόμενος,
1247 1990 1474 2071 ἀρχαίαν
1543 2011 1601 2056 τε
1657 1991 1744 2049 καὶ
1800 1989 1914 2056 ἄξι-

261 2077 477 2135 έπαινον
545 2077 722 2137 δέλτον
800 2083 872 2143 ὡς
922 2079 1132 2146 ἀληθῶς
1195 2087 1287 2136 τοῦ
1346 2077 1626 2137 Νυσσαέων
1683 2076 1915 2156 ἔχουσαν

260 2169 548 2248 Γρηγορίου
616 2169 1023 2249 συγγράμματα,
1084 2166 1293 2248 διχόθεν
1336 2169 1397 2223 τὸ
1440 2166 1716 2231 παντελῶς
1759 2165 1908 2224 ἆδιᾶ-

257 2254 458 2323 κλητον
527 2259 886 2334 κεκτημένην,
936 2259 1024 2314 καὶ
1081 2258 1145 2318 τὸ
1201 2257 1416 2330 πιστὸν,
1489 2254 1543 2311 ἔν
1600 2277 1658 2312 τε
1705 2253 1909 2324 δηλαδὴ

261 2351 357 2400 τοῦ
407 2345 693 2406 ἆπτιίστου
747 2348 834 2402 καὶ
875 2346 974 2414 τῆς
1038 2350 1144 2402 τῶν
1200 2345 1415 2423 ἡμερῶν
1498 2342 1856 2411 παλαιότητος
1891 2362 1903 2376 ’

254 2433 457 2508 ταύτην
512 2434 636 2514 γοῦν
691 2438 719 2492 ὁ
775 2435 1011 2500 τοιοῦτος
1067 2433 1186 2491 κατ’
1241 2434 1412 2512 ἀρχὰς
1476 2438 1577 2501 τῆς
1645 2431 1910 2498 διενέξεως

256 2523 488 2603 μετιὼν,
534 2526 608 2587 ὡς
657 2525 730 2590 είς
773 2525 872 2591 τὴν
925 2522 1117 2580 ἄνωθεν
1172 2522 1476 2580 ἒκτεθεϊσαν
1547 2528 1640 2578 τοῦ
1708 2521 1910 2600 Πατρὸς

254 2611 412 2691 ῥῆσιν
456 2614 779 2686 κατήντησε,
839 2611 1002 2684 ζῆλόν
1044 2634 1162 2668 τινα
1224 2613 1312 2670 καὶ
1366 2612 1522 2674 αὐτὸς
1579 2612 1624 2667 εἰ
1679 2611 1766 2667 καὶ
1835 2611 1912 2686 μὴ

254 2698 378 2764 κατ’
453 2699 734 2790 ἆπίγνωσιν
789 2703 942 2784 σχὼν
997 2699 1137 2766 ἔξεσε
1194 2700 1292 2768 τὴν
1334 2701 1422 2756 ἰπὶ
1468 2706 1559 2756 τοῦ
1616 2702 1736 2756 Υἱοῦ
1793 2720 1910 2754 κει-

254 2789 426 2865 μένην
473 2783 861 2872 ὶκπρόθεσιν,’ν
892 2789 960 2859 ἢν
998 2789 1309 2870 ἐντυχόντες
1340 2787 1526 2846 πολλοὶ
1574 2795 1642 2864 τῇ
1692 2789 1911 2864 τοιαύτῃ

255 2877 557 2962 δογματικῇ
611 2869 776 2956 βίϐλῳ
832 2883 892 2936 τὸ
951 2881 1091 2959 πρὶν,
1124 2869 1378 2942 Ποὶκιίοις
1461 2875 1756 2957 ὀφθαλμοῖς
1813 2876 1912 2956 ἔγ-

255 2967 639 3049 γεγραμμένην
713 2974 914 3047 τρανῶς
1012 2969 1177 3044 ταύτῃ
1258 2963 1588 3040 κατείδομεν,
1673 2965 1760 3021 καὶ
1815 2971 1914 3031 τῆς

2001 1887 2217 1961 multis,
2256 1890 2367 1950 etsi
2396 1891 2457 1950 in
2483 1892 2720 1952 dicendi
2748 1901 2874 1953 arte
2901 1912 3020 1954 non
3050 1894 3364 1973 imperitus
3391 1895 3638 1956 habere-

1998 1977 2395 2058 t.ur,volumen
2419 1979 2560 2040 satis
2580 1989 2877 2041 vetustum
2895 1990 2952 2042 et
2971 2000 3104 2043 vere
3130 1983 3635 2058 commendabile,

1996 2054 2265 2134 Gregorii
2296 2058 2547 2137 Nysseni
2579 2061 3034 2122 commentarios
3055 2066 3386 2134 continens,
3412 2054 3641 2142 duplici

1997 2163 2065 2206 ex
2097 2145 2286 2225 capite
2317 2146 2466 2207 nulli
2497 2148 2807 2210 calumniae
2837 2149 3176 2227 obnoxium,
3206 2159 3266 2211 et
3314 2151 3492 2212 [idem
3524 2151 3641 2212 sibi

1993 2233 2405 2296 inconcussam
2433 2236 2882 2317 retinens,quod
2911 2239 3090 2299 nullis
3109 2240 3340 2300 mendis
3371 2247 3531 2301 esset
3551 2240 3641 2302 iu-

1993 2341 2285 2402 spersum,
2315 2331 2375 2386 et
2403 2331 2690 2385 vetustate
2721 2328 3008 2406 temporis
3039 2336 3194 2389 esset
3223 2322 3637 2407 conspicuum.

1993 2415 2120 2473 Aoc
2151 2410 2327 2489 igitur
2369 2412 2466 2473 ille
2495 2412 2558 2474 in
2593 2413 2884 2495 principio
2915 2415 3148 2477 dissidii
3179 2432 3555 2496 percurrens,
3577 2425 3641 2476 ut

1993 2501 2066 2561 ad
2111 2517 2288 2580 supra
2337 2500 2635 2564 laudatum
2668 2502 2859 2565 Patris
2889 2504 3112 2566 dictum
3173 2505 3466 2585 pervenit,
3505 2505 3637 2567 zelo

1997 2589 2250 2668 quodam
2299 2588 2670 2670 abreptus,et
2702 2593 2752 2652 si
2788 2610 2908 2653 non
2936 2593 3266 2655 secundum
3298 2593 3634 2669 scientiam,

1997 2676 2179 2738 erasit
2208 2683 2580 2760 praepositam
2617 2681 2766 2743 Filio
2808 2682 3285 2762 praapositiouem
3316 2699 3419 2764 em,
3455 2701 3633 2762 quam

1994 2774 2170 2826 antea
2199 2767 2470 2848 plerique
2501 2776 2768 2830 nostrum
2791 2771 2852 2831 in
2878 2771 2979 2832 illo
3009 2771 3348 2850 dogm-atico
3385 2779 3637 2832 tractatu

1996 2873 2131 2915 cum
2161 2855 2435 2918 volumen
2467 2857 2901 2920 involveremus
2947 2860 3181 2940 propris
3202 2859 3392 2922 oculis
3424 2877 3634 2920 exara-

1997 2949 2111 3003 tam
2137 2944 2450 3024 perspicue
2480 2964 3000 3028 conspexeramus,
3026 2956 3084 3009 et
3111 2947 3184 3008 ab
3215 2949 3446 3026 integro
3476 2948 3635 3009 dicto

260 3033 398 3125 δλης
428 3033 644 3135 ¹ῥῖήσεωις
702 3033 962 3124 ἀποξέσας
1019 3057 1118 3123 τὴν
1153 3033 1235 3112 ἐκ
1276 3055 1478 3136 ἀφῆκεν
1528 3054 1690 3117 αὖτὴν
1746 3052 1908 3118 οὕτως

1994 3047 2071 3093 ea:
2102 3033 2381 3113 eradens,
2413 3034 2765 3094 sententiam
2789 3035 2871 3097 ita
2902 3037 3016 3114 legi
3051 3035 3331 3116 reliquit:
3358 3035 3636 3115 Spiritus

255 3145 716 3224 ἀναγινώσκεσθαι
754 3161 769 3177 ⁶

255 3231 467 3315 Πατρὸς
524 3234 760 3318 λέγεται,
843 3237 931 3292 καὶ
981 3241 1072 3292 τοῦ
1156 3235 1276 3290 Υἱοῦ
1357 3245 1495 3300 εἶναι
1566 3253 1904 3312 προσμαρτυ-

252 3339 456 3406 ρεῖται.
523 3327 618 3404 Καὶ
658 3325 780 3382 τότε
831 3325 927 3402 μὲν
975 3323 1346 3406 διαφερόμενος
1395 3324 1542 3386 οὗτος
1598 3324 1734 3397 ἡμῖν
1775 3319 1903 3400 ἒχό-

251 3435 394 3489 μενα
449 3413 547 3480 τῆς
606 3413 793 3472 ἑαυτοῦ
844 3412 1064 3492 γνώμης
1124 3412 1400 3492 εἰργάσατο
1433 3431 1448 3446 ⁸
1505 3418 1596 3468 τοῦ
1623 3410 1820 3490 χρόνου
1848 3406 1902 3464 δὲ

249 3501 568 3581 προϊόντος,
624 3499 809 3568 ἐπειδὴ
868 3501 1177 3579 μεθύστερον
1239 3499 1335 3568 τῆς
1395 3501 1606 3582 εἰρήνης
1688 3495 1901 3574 ὶγὲνετο

246 3593 339 3649 καὶ
391 3590 570 3670 αὐτὸς,
615 3590 710 3646 οἷα
765 3588 1130 3666 πληττόμενος
1172 3589 1272 3645 ὑπὸ
1321 3597 1411 3646 τοῦ
1452 3585 1766 3660 συνειδότος,
1824 3587 1898 3648 ὡς

250 3682 426 3755 ἔοικε,
489 3681 551 3735 τὸ
610 3678 849 3736 τελεσθὲν
919 3677 1281 3760 ἀπεκάλυψεν,
1361 3675 1578 3753 Ἀμέλει
1634 3681 1909 3754 τοιγαροῦν

248 3773 342 3828 καὶ
413 3768 737 3848 ζητήσαντες
793 3768 1059 3846 ἔπιμελῶς
1102 3769 1199 3836 τὴν
1257 3764 1434 3845 βίϐλον
1477 3767 1663 3841 ἡμεῖς,
1721 3761 1908 3839 ὄμμα-

252 3882 339 3920 σιν
417 3861 600 3923 αὐτοῖς
658 3858 1008 3938 ιωράκειμεν,
1091 3855 1221 3936 ὅπερ
1292 3856 1430 3932 ἀκοῇ
1515 3851 1905 3934 παρελάϐομεν.

251 3949 358 4008 Καὶ
413 3954 501 4004 νῦν
557 3949 591 4015 ἡ
637 3948 734 4024 μὲν
775 3945 979 4019 δέλτος,
1038 3947 1114 4010 ὡς
1174 3946 1335 4018 εἰκὸς,
1394 3943 1539 4019 μένει
1592 3944 1680 4000 καὶ
1737 3939 1902 3998 καθέ-

248 4056 424 4105 στηκε
475 4032 602 4114 παρ’
645 4025 792 4111 ἡμῖν
833 4036 923 4090 τὸν
961 4034 1125 4101 τόπον
1180 4038 1279 4101 τῆς
1321 4032 1381 4089 ἐκ
1434 4031 1728 4112 προθέσεως
1783 4028 1901 4094 ἒξε-

249 4124 450 4201 σμένον
478 4125 564 4180 καὶ
590 4126 742 4180 κενὸν
799 4122 1022 4205 φέρουσα
1056 4138 1070 4152 ·
1131 4123 1198 4178 τὰ
1253 4119 1307 4177 δὲ
1350 4142 1410 4200 γε
1468 4125 1567 4188 τῆς
1600 4118 1902 4202 ὑποθέσεως

246 4210 623 4290 σημειωθέντα
687 4219 864 4294 γραφῇ
929 4210 1202 4283 παρηδόθη
1272 4212 1409 4268 κατὰ
1483 4208 1763 4288 διάγνωσιν
1815 4209 1903 4265 καὶ

246 4304 424 4384 κρίσιν
482 4299 780 4382 συνοδικήν,
839 4302 983 4367 ὅπως
1035 4300 1098 4357 ἂν
1149 4299 1328 4381 ’ἔχοιεν
1385 4296 1569 4356 εἰδέναι
1612 4295 1680 4354 δι’
1737 4296 1902 4376 ἀσφά-

246 4393 404 4454 λειαν
460 4390 673 4454 πάντως
731 4392 818 4446 καὶ
889 4391 937 4446 οὶ
993 4389 1423 4470 μειαγενέστεροι
1492 4392 1678 4461 ταῦτα,
1726 4385 1902 4447 καθὼς

835 3148 906 3206 Τὸ
960 3144 1015 3201 δὲ
1072 3144 1224 3223 ἅγιον
1282 3122 1492 3218 Πνεῦμα
1537 3144 1624 3200 καὶ
1680 3142 1741 3198 ἐκ
1812 3148 1904 3198 τοῦ

1995 3136 2134 3182 vero
2163 3129 2405 3183 sanctus
2432 3129 2489 3184 et
2517 3140 2594 3184 ea:
2625 3122 2816 3186 Patre
2844 3124 3155 3204 dicitur,et
3182 3125 3328 3185 Filii
3371 3141 3499 3184 esse
3526 3142 3632 3186 as-

1991 3209 2313 3272 truilur.Et
2346 3219 2467 3272 tum
2497 3229 2530 3270 a
2553 3211 2854 3286 nobisille
2883 3212 3178 3274 dissidens
3219 3229 3339 3273 suae
3364 3212 3633 3292 opinioni

1991 3300 2480 3378 peraccommoda
2510 3301 3008 3379 pertentavit.Sed
3061 3301 3333 3362 elabento
3365 3309 3632 3382 tempore

1988 3389 2269 3450 unionem
2318 3389 2712 3467 amplexus,et
2741 3389 3220 3471 conscientia,uti
3245 3407 3352 3470 par
3375 3398 3485 3464 est,
3522 3407 3626 3452 ve-

1987 3487 2176 3553 xatus,
2210 3477 2422 3538 factum
2453 3476 2951 3550 revelavil.Quare
2980 3497 3087 3540 nos
3116 3477 3438 3556 diligenter
3468 3479 3630 3539 volu-

1991 3567 2153 3628 mine
2207 3566 2559 3646 conquisita,
2616 3566 2764 3647 ipsis
2805 3567 2992 3629 oculis
3038 3567 3430 3648 inspeximus,
3467 3567 3625 3648 quod

1989 3657 2191 3719 auditu
2213 3660 2806 3736 usurpaveramus.Et
2835 3675 2992 3718 nunc
3021 3657 3316 3730 volumen,
3343 3655 3427 3717 nti
3451 3658 3633 3719 adde-

1989 3756 2104 3819 cet,
2138 3745 2419 3828 pessistit,
2453 3754 2512 3806 et
2536 3755 2923 3808 conservatur
2964 3746 3117 3828 apud
3164 3765 3293 3820 nos,
3329 3746 3526 3808 locum
3555 3763 3631 3809 ea:

1990 3835 2426 3917 praepositionis
2483 3854 2714 3897 erasum
2771 3855 3141 3917 vacuumque
3183 3836 3463 3899 deferens
3495 3853 3510 3899 :
3542 3835 3633 3897 rei

1987 3937 2180 3988 autem
2210 3934 2626 4005 argumentum
2659 3926 3058 4007 obsignatum,
3093 3926 3365 3986 examine
3390 3935 3449 3988 et
3461 3926 3631 4004 judi-

1986 4019 2076 4078 cio
2102 4017 2381 4095 synodico
2405 4014 2647 4094 scriptis
2679 4017 2958 4077 traditum
2989 4024 3170 4090 est,ut
3201 4016 3423 4096 posteri
3441 4016 3516 4076 ob
3539 4014 3635 4076 sui

1985 4106 2360 4167 securitatem
2392 4104 2518 4164 hac
2548 4103 2699 4184 ipsa,
2736 4104 2821 4165 uti
2854 4116 3092 4185 peracta
3120 4113 3280 4185 sunt,
3311 4121 3634 4184 recognos-

1985 4211 2124 4255 cere
2155 4192 2484 4274 possint.Et
2525 4193 2636 4254 hoc
2678 4212 2834 4254 nunc
2886 4202 3082 4255 actum
3115 4202 3225 4268 est,
3254 4213 3388 4254 cum
3421 4211 3630 4254 omnes

1985 4284 2108 4344 fere
2137 4279 2267 4362 paci
2291 4289 2347 4342 et
2375 4281 2582 4342 unioni
2613 4281 3106 4357 adhaesimus,sed
3141 4282 3488 4343 universalis
3511 4282 3630 4342 dis-

1986 4372 2123 4433 sidii
2152 4371 2582 4450 discordieeque
2611 4380 2875 4449 tempore
2909 4381 3079 4433 erant
3101 4371 3274 4451 plane
3296 4371 3369 4431 ob
3385 4378 3628 4432 conten-

247 4483 340 4545 καὶ
399 4477 726 4562 προέϐησαν,
783 4477 949 4540 Ἀλλὰ
995 4458 1156 4535 τοῦτό
1216 4477 1313 4552 μὲν
1344 4458 1544 4556 ’ἀρτίως
1599 4458 1808 4531 ἐπειδὰν
1855 4475 1901 4530 οἱ

1993 4461 2205 4523 tionem
2238 4477 2543 4522 sacrorum
2565 4459 2928 4520 voluminum
2961 4468 3337 4541 corruptores
3359 4458 3627 4540 quidam,

249 4571 454 4632 πάντες
511 4573 696 4647 μικροῦ
736 4567 833 4636 τῆς
889 4567 1128 4631 ὶνώσεως
1183 4568 1272 4624 καὶ
1312 4567 1411 4634 τῆς
1441 4565 1687 4641 ὁμονοίας
1717 4563 1901 4640 ἐσμὲν,

248 4657 376 4717 κατ’
435 4659 643 4722 ξκετνον
675 4653 730 4713 δὲ
759 4659 850 4714 τὸν
892 4661 992 4724 τῆς
1034 4655 1301 4736 διχονοίας
1349 4660 1449 4723 τῆς
1482 4652 1768 4736 καθολικῆς
1799 4651 1903 4720 δη-

248 4747 435 4807 λονότι
488 4748 669 4826 καιρὸν
697 4747 785 4804 καὶ
825 4751 925 4814 τῆς
969 4735 1288 4809 διαστᾶσεως
1331 4743 1463 4811 ἦσαν
1520 4743 1615 4820 μὲν
1668 4735 1740 4798 δι’
1799 4741 1904 4822 ἔριν

245 4843 361 4896 τῶν
413 4837 565 4914 ἱερῶν
615 4831 810 4912 βίϐλων
865 4833 1129 4912 λυμεῶνές
1184 4855 1350 4908 τινες,
1426 4835 1454 4889 δ
1526 4830 1580 4887 δὲ
1651 4828 1900 4914 ἐξετάζων

249 4925 423 4990 οὐδεὶς
465 4911 532 4981 τὰ
599 4911 718 5006 περὶ
775 4911 975 4983 τούτων
1047 4925 1134 4980 καὶ
1201 4922 1609 5000 σημειούμεθος.
1672 4911 1688 4933 ⁸
1711 4932 1803 4977 Οτι
1847 4918 1903 4976 δὲ

250 5023 550 5083 τηνικαῦτα
606 5015 1012 5095 παρεφθᾶρησαν
1069 5013 1238 5070 αὐτῶν
1283 5014 1377 5072 οὐκ
1430 5009 1600 5090 ὀλίγαι
1628 5009 1726 5066 κᾶν
1781 5023 1905 5073 ταῖς

253 5116 650 5210 μεταγραφαῖς,
722 5102 955 5161 ἐντεῦθεν
1011 5101 1244 5180 μάλιστα
1328 5099 1571 5182 φανερόν.
1647 5098 1906 5210 ἱΕνΝργὰρ

248 5185 335 5268 τῷ
393 5185 486 5258 τᾶς
528 5185 736 5271 βίϐλους
793 5193 936 5269 ἡμᾶς
995 5193 1169 5256 πάσας
1239 5191 1538 5270 ἀνερευνᾷν,
1587 5189 1674 5244 καὶ
1728 5185 1908 5266 βίϐλων

250 5288 354 5341 τοῦ
397 5283 554 5342 αὐτοῦ
606 5283 893 5364 Γρηγορίου
948 5283 1234 5360 πονήματα
1311 5284 1432 5356 μίαν
1495 5277 1731 5359 εὕρομεν,
1791 5275 1908 5348 ἥτις

255 5373 316 5428 ἰν
363 5371 497 5428 κατὰ
541 5373 634 5428 τὸν
688 5373 820 5450 πρὸς
868 5367 1151 5429 Ἀϐλάὸιον
1181 5369 1341 5450 λόγον
1369 5369 1516 5447 ῥητῷ
1543 5374 1620 5442 τῷ
1661 5367 1778 5447 περὶ
1817 5373 1911 5424 τοῦ

253 5459 428 5518 αἰτίου
485 5463 574 5518 καὶ
615 5468 708 5518 τοῦ
763 5462 1002 5534 αἱτιατοῦ
1057 5460 1302 5541 φάκοντι,
1374 5459 1436 5513 τὸ
1487 5453 1542 5512 δέ
1599 5456 1761 5537 ἔστιν,
1826 5455 1908 5511 ὅτι

257 5551 336 5609 Τὸ
410 5549 812 5632 ἀπαράλλακτον
871 5550 969 5619 τῆς
1042 5550 1243 5630 φάσεως
1334 5545 1740 5627 ὁμολογοῦντες,
1809 5546 1906 5614 τὴν

249 5636 398 5696 κατὰ
450 5627 548 5696 τόἭ
571 5627 745 5696 αἴτιον
823 5639 914 5696 καὶ
1007 5627 1241 5696 αἰτιατὸν
1311 5631 1558 5715 διαφορὰν
1617 5637 1711 5693 οὐκ
1805 5632 1906 5714 ἆρ-

620 5799 882 5863 Ριτιιοι.
929 5800 1048 5863 In.
1089 5798 1292 5862 EXEI.

1985 4551 2087 4632 qui
2107 4567 2244 4611 vero
2256 4569 2325 4613 ea
2340 4549 3230 4631 examinarent,obsignaretque
3253 4551 3472 4622 nullus;
3507 4556 3628 4610 tum

1985 4658 2124 4703 vero
2155 4639 2336 4701 multa
2356 4657 2561 4701 eorum
2606 4639 2805 4702 vitiata
2847 4659 2978 4702 esse
3009 4660 3081 4703 ex
3105 4659 3312 4702 eorum
3365 4640 3628 4720 exscripo

1989 4731 2149 4793 tione
2180 4731 2370 4811 palam
2409 4728 2474 4789 ﬁt
2505 4729 2903 4793 manifestum.
2939 4729 3203 4810 Namque
3254 4748 3392 4790 cum
3424 4730 3628 4790 omnia

1988 4820 2284 4882 volumina
2307 4819 3092 4899 conquireremus,ejusdem
3125 4817 3391 4897 Gregorii
3410 4827 3629 4882 tracta-

1985 4919 2079 4971 tus
2103 4908 2417 4972 continens
2442 4929 2623 4972 unum
2656 4909 3176 4990 invenimus,quod
3209 4910 3271 4970 in
3311 4910 3467 4970 dicto
3499 4926 3629 4970 ora-

1986 4999 2163 5062 tionis
2209 4999 2282 5060 ad
2311 4999 2627 5062 Ablabium
2659 4999 2734 5062 de
2763 5017 2941 5062 causa
2985 5009 3042 5060 et
3085 5000 3301 5061 elfectu
3344 4999 3623 5060 dicente:

1989 5088 2437 5152 lmmutabilem
2459 5095 2516 5151 et
2535 5091 2740 5149 omnia
2758 5087 3017 5151 similem
3032 5096 3322 5150 naturam
3341 5089 3628 5165 conﬁten-

1990 5179 2426 5252 tes,discrimen
2447 5193 2634 5239 causa
2651 5185 2704 5239 et
2725 5177 3092 5258 eﬂ'eclusnon
3111 5178 3631 5258 inﬁciamur,pau-

1990 5270 2046 5332 lo
2064 5268 2218 5330 infra
2237 5284 2371 5328 cum
2394 5266 2667 5328 effectum
2691 5266 3265 5346 subdividit,partem
3291 5264 3451 5326 illius
3473 5265 3628 5326 alte-

1989 5377 2132 5434 ram,
2162 5373 2395 5435 nempe.
2414 5355 2523 5417 hoc
2544 5355 2788 5434 quidem
2807 5355 3198 5418 immediatea
3210 5356 3432 5434 primo,
3462 5353 3545 5414 uti
3574 5361 3634 5415 et

1991 5445 2344 5526 aliareliqua
2363 5443 2664 5505 volumina
2683 5444 2743 5506 in
2770 5463 2834 5506 se
2866 5443 3232 5518 continebat,
3266 5443 3472 5517 altera,
3501 5460 3632 5523 quae

1990 5534 2326 5602 necessario
2356 5533 2905 5614 consequitur,cum
2936 5532 2997 5595 in
3027 5534 3160 5596 aliis
3177 5532 3634 5610 omnibuslega-

1991 5644 2108 5706 tur,
2135 5626 2249 5688 hoc
2263 5623 2487 5700 est,hoc
2506 5639 2646 5686 vero
2660 5641 2774 5706 per
2795 5627 3144 5706 contiguum
3167 5640 3205 5685 α
3215 5622 3510 5704 primo,in
3523 5621 3638 5682 hoc

3077 5789 3153 5855 38
