4208 6290
599 385 622 453 1
642 388 752 453 195
1720 374 2206 444 CONSTANTIN
2215 375 2237 438 l

2320 373 2622 441 [ELITEN
2632 373 2828 442 IOTIE
3823 374 3985 442 1196

599 541 717 582 non
750 520 974 600 absque
995 535 1198 580 errore
1221 511 1383 577 nulla
1413 521 1566 592 erat,
1602 529 1712 574 nec
1741 510 1902 572 aliud
1935 509 2237 600 quidpiam

2323 511 2572 586 νούμεθα,
2634 511 2821 589 μικρὸν
2861 509 3096 567 κάτωθεν
3152 511 3226 575 εἰς
3271 508 3370 578 τὴν
3411 518 3502 568 τοῦ
3543 512 3780 570 αἰτιατοῦ
3834 510 3978 566 διαί-

597 596 893 691 prersus,
951 608 1084 669 licet
1151 604 1335 666 oratio
1405 600 1736 683 penderet,
1788 599 2237 691 requiret-etque

2325 620 2486 677 ρεσιν,
2553 596 2695 676 λέγω
2737 599 2798 654 τὸ
2849 598 2947 673 μὲν
3006 597 3058 656 ἕν
3103 598 3291 663 σκέλος
3348 604 3533 674 αὐτῆς,
3581 598 3722 675 ἤτοι,
3766 601 3834 656 τὸ
3876 599 3979 674 μὲν

602 686 826 780 aliquid
883 696 1039 758 aliud
1094 701 1405 776 praeterea,
1439 699 1499 752 ut
1527 708 1737 752 sensus
1794 689 2024 766 integer
2053 686 2237 748 habe-

2323 687 2422 765 γὰρ
2491 693 2772 767 προσεχῶς
2830 687 2892 744 ἐκ
2961 693 3056 745 τού
3122 687 3356 769 πρώτου,
3425 691 3563 746 κατὰ
3614 690 3709 754 τὰς
3777 687 3977 752 λοιπὰς

595 775 779 850 πιθών,
1096 775 1110 776 7
2321 777 2496 836 πάσας
2553 775 2701 856 ἔφερε
2756 777 2844 833 καὶ
2885 777 3020 845 αὕτη
3051 775 3230 842 καλῶς
3263 795 3279 814 ⁶
3313 779 3375 834 τὸ
3416 777 3471 833 δὲ
3517 776 3780 858 δεύτερον,
3843 775 3977 856 ὅπερ

594 878 905 938 ἄκολοδθοῠν
962 875 1012 940 ἐξ
1070 873 1310 951 ἀνάγκης
1362 867 1575 944 οὒδεμιᾷ
1638 869 1743 924 τῶν
1803 866 1976 924 ἄλλων
2076 865 2214 936 πλήν
2295 866 2492 933 ταύτης
2577 864 2737 940 ἐνδεῖ,
2809 866 3070 943 τουτέστι,
3143 869 3205 923 τὸ
3259 864 3313 922 δὲ
3396 865 3482 923 διὰ
3541 875 3633 924 τοῦ
3681 872 3972 946 προσεχώς

592 977 653 1029 ὲκ
708 973 796 1022 τοῦ
859 964 1090 1043 πρώτου,
1166 959 1438 1040 σφαλερῶς
1497 957 1592 1014 οὒκ
1662 959 1789 1036 εἶχε
1847 955 2248 1035 προσκείμενον·
2304 951 2420 1012 οὐδὲ
2490 953 2596 1029 μὴν
2653 953 2829 1033 ἕτερον
2885 956 2948 1011 τὸ
2990 955 3238 1034 παράπαν
3294 952 3464 1036 οὐδὲν,
3526 957 3612 1012 καὶ
3679 953 3829 1012 ταῦτ’
3869 953 3970 1010 ἐκ·

595 1063 819 1134 κρεμοῦς
865 1042 956 1110 τοῦ
987 1054 1146 1128 λόγου
1175 1049 1553 1126 τυγχάνοντος.
1631 1047 2113 1124 προσαπαιτοῦντὸς
2142 1065 2198 1099 τε
2230 1043 2318 1099 καὶ
2358 1063 2409 1097 τι
2445 1045 2631 1099 λοιπὸν
2663 1044 2736 1106 εἰς
2762 1044 2860 1111 τὴν
2892 1045 2992 1111 τῆς
3034 1043 3235 1108 ἐννοίας
3265 1042 3644 1123 συμπλήρωσιν

679 1122 778 1205 Q3.
813 1122 1078 1205 Similem
1112 1122 1548 1216 corruptionem
1582 1122 2109 1213 calamitatemque,
2133 1131 2236 1212 qui

2397 1122 2509 1210 κγ’.
2571 1133 2844 1199 Τοσαύτην
2900 1134 3234 1213 παραφθορὰν
3290 1135 3377 1189 καὶ
3420 1122 3591 1208 λύμην
3647 1149 3770 1196 ταῖς
3799 1136 3969 1213 ἱεραῖς

593 1232 712 1294 otio
745 1251 852 1292 suo
885 1229 1038 1291 male
1053 1233 1381 1304 utuntur,et
1403 1223 1804 1286 ecclesiastico
1832 1222 2078 1283 dissidio
2105 1230 2234 1282 tnr-

2320 1219 2629 1286 ἐνεποίησαν
2690 1218 2890 1296 βίϐλοις
2933 1222 3068 1277 κατὰ
3113 1221 3322 1300 καιροὺς
3380 1223 3428 1276 οἱ
3487 1220 3842 1300 κακοσχόλως
3892 1228 3973 1294 τῷ

599 1321 809 1402 bisque
832 1338 948 1380 non
981 1317 1418 1378 indelectantur
1448 1313 1579 1375 aliis
1595 1321 1768 1392 atque
1799 1311 1928 1373 aliis
1958 1311 2236 1402 tempori-

2320 1307 2741 1383 ικκλησιαστικῷ
2792 1307 3066 1402 αανᾷάλῳ
3123 1311 3213 1367 καὶ
3250 1315 3320 1386 τῇ
3365 1315 3582 1389 ταραχῇ
3626 1311 3793 1386 ταύτῃ
3835 1311 3971 1388 χαί-

593 1396 914 1471 bus-sacris
937 1404 1340 1468 voluminibus
1372 1404 1724 1464 intulerunt.
1757 1403 1900 1464 Cum
1949 1399 2082 1459 aliis
2115 1400 2232 1459 ita-

2320 1419 2518 1476 ροντες,
2578 1399 2724 1454 Μετὰ
2762 1404 2869 1455 τῶν
2917 1396 3094 1456 ἄλλων
3138 1401 3322 1456 ούκοῦν
3364 1401 3454 1455 καὶ
3495 1422 3639 1462 τινας
3683 1399 3757 1456 ὦν
3816 1400 3971 1455 ἕνεκα

595 1517 710 1580 que
737 1505 796 1559 et
822 1494 1130 1567 nonnulla,
1161 1491 1237 1552 de
1269 1490 1484 1570 quibus
1515 1508 1673 1550 nunc
1715 1487 1906 1580 verba
1955 1488 2230 1580 facimus.

2320 1488 2344 1542 ὁ
2386 1485 2546 1566 λόγος
2599 1488 2666 1542 τὰ
2721 1495 2808 1545 νῦν
2867 1487 3285 1566 τοιουτοτρόπως
3357 1487 3710 1564 ἐλυμήναντο,
3751 1490 3843 1544 καὶ
3892 1490 3970 1550 ὡς

594 1574 754 1648 lianc
777 1587 837 1646 in
872 1583 1110 1644 modum
1145 1587 1558 1659 corruperunt,
1594 1591 1654 1640 et
1685 1577 1770 1638 uti
1823 1576 1944 1638 illis
1973 1576 2148 1638 libuit
2177 1584 2236 1638 et

2320 1576 2438 1632 οἷόν
2493 1597 2551 1631 τε
2594 1574 2969 1655 παρέφθειραν.
3030 1578 3102 1634 Τὸ
3162 1575 3216 1632 δὲ
3274 1577 3487 1641 πάντως
3528 1576 3622 1633 οὐκ
3647 1575 3702 1641 RE
3729 1577 3805 1633 ὧν
3835 1575 3972 1640 ἴσως

595 1676 881 1754 integram
939 1672 1067 1746 fuit,
1127 1669 1556 1730 adulterarum.
1610 1665 1674 1727 Id
1721 1684 1860 1726 vero
1891 1683 2136 1745 prorsus
2167 1684 2235 1726 ex

2320 1664 2520 1744 ἔφημεν
2579 1664 2778 1739 ὑποψία
2820 1687 2902 1728 τις
2967 1663 3144 1728 ἄλλως
3206 1667 3294 1722 καὶ
3349 1667 3680 1745 στοχασμὸς,
3742 1665 3973 1740 εἰδημο-

587 1766 711 1845 jam
726 1751 916 1824 ﬁdictis
949 1779 1065 1821 non
1106 1757 1446 1838 suspicione
1477 1763 1535 1817 et
1560 1756 1915 1845 conjectura
1944 1754 2233 1834 capimus,

2320 1756 2447 1822 σύνη
2507 1752 2560 1810 δὲ
2605 1753 2808 1830 μᾶλλον
2867 1753 2920 1820 ἐξ
2978 1755 3053 1811 ὧν
3129 1756 3540 1834 παραστήσομεν
3585 1751 3834 1834 ἀκριϐὴς,
3881 1756 3975 1811 καὶ

593 1841 699 1915 sed
731 1851 977 1913 scientia
1011 1847 1211 1929 potius
1243 1865 1310 1907 ex
1341 1843 1628 1907 afferendi
1660 1842 2038 1924 exquisita,et
2068 1861 2236 1904 com-

2321 1842 2651 1919 κατάληψις.
2712 1841 2862 1900 Ἀλλ’
2904 1842 3058 1923 εἴπερ
3116 1841 3265 1900 δοκεῖ
3291 1845 3352 1900 τὸ
3383 1845 3490 1900 ἀπὸ
3518 1841 3664 1902 τοῦδε
3690 1841 3855 1899 καλὸν
3883 1847 3976 1900 καὶ

594 1942 996 2022 prehensione
1030 1934 1534 2014 conﬁrmabimus,
1568 1932 1684 1996 Sed
1708 1933 1756 1993 si
1780 1932 1972 2022 placet
2015 1931 2234 2022 bonum

2320 1941 2410 1990 τοῦ
2459 1931 2665 1997 δέοντος
2711 1932 2788 2006 μὴ
2829 1933 3035 2011 μακρὰν
3093 1933 3160 1988 τὰ
3213 1938 3320 1989 τῶν
3378 1931 3732 2012 προτεθέντων
3797 1932 3976 2009 ῥητῶν

592 2019 752 2111 quod
783 2030 921 2091 inde
969 2027 1179 2100 oritur,
1227 2041 1421 2103 neque
1470 2023 1528 2083 id
1586 2022 1759 2100 longe
1800 2021 2009 2102 aberit,
2053 2021 2236 2083 verba

2320 2019 2759 2097 ἐπαναλαϐόντες,
2860 2019 3287 2098 διασκεψώμεθα.
3377 2022 3486 2111 Τίς,
3548 2021 3646 2099 γὰρ
3734 2021 3974 2098 ἀνάγκη,

592 2119 962 2182 laudatorum
1013 2115 1303 2176 dictorum
1359 2119 1739 2192 repetentes,
1802 2111 2230 2171 examinemus.

593 2209 734 2284 Qua:
761 2211 916 2270 enim
935 2201 1378 2282 necessitas,ait
1403 2217 1647 2279 magnus
1675 2199 2002 2269 Basilius,si
2021 2199 2230 2278 digni-

590 2306 715 2360 tate
743 2305 801 2359 et
829 2296 1038 2358 ordine
1061 2297 1278 2355 tertius
1297 2299 1384 2351 est
1401 2288 1700 2368 Spiritus,
1735 2288 1979 2350 tertium
1999 2304 2234 2366 quoque

589 2404 713 2448 esse
729 2385 1004 2447 eumdem
1016 2379 1593 2456 natura?Dignitate
1603 2378 1766 2438 enim
1777 2375 2098 2438 secundum
2110 2393 2234 2438 esse

592 2493 628 2536 a
658 2472 920 2546 Fitio,ab
951 2473 1078 2551 ipso
1106 2486 1228 2530 (sse
1254 2467 1740 2546 possidentem,ct
1769 2465 1844 2526 ab
1890 2469 2020 2543 ipso
2069 2466 2229 2528 acci-

589 2565 848 2642 pientem
871 2567 928 2622 et
957 2558 1130 2620 nobis
1158 2555 1785 2620 annuntiantem.etin
1810 2570 2045 2614 summa
2075 2554 2230 2614 abea

589 2669 774 2712 causa
805 2643 1445 2729 dependentem,traa’it
1470 2644 1713 2722 pietatis
1734 2643 2232 2704 ratio.Sednatu-

590 2757 667 2801 ra
690 2740 867 2800 tertia
882 2739 1200 2816 uti,neque
1214 2753 1250 2792 a
1272 2733 1502 2794 sanctis
1521 2733 1766 2796 Litteris
1795 2731 2231 2811 edocemur,ne-

590 2834 704 2906 ’que
719 2845 792 2889 ex
804 2828 1040 2906 iis,quoe
1063 2825 1224 2885 dicta
1239 2828 1574 2894 suut,reeta
1586 2820 1765 2882 ducta
1780 2816 2013 2897 sequela
2031 2836 2234 2898 possu-

591 2934 723 2979 mus
737 2910 1312 2978 demonstrarellaec
1332 2929 1440 2971 nos
1453 2927 1486 2970 e
1499 2908 1892 2970 voluminibus
1909 2925 1943 2968 a
1956 2915 2118 2969 recto
2131 2927 2230 2970 ne-

591 3023 708 3086 que
736 2999 1450 3080 intercidentibus,neque
1466 2997 1841 3078 dilapsis,qui
1862 3016 1999 3060 vero
2022 2997 2229 3059 adver-

590 3112 722 3156 sum
743 3093 1046 3156 stimulum
1064 3090 1368 3151 calcitrant
1381 3086 1707 3150 adulterata
1721 3086 2234 3167 proponunt.Qua-

2317 2115 2475 2195 ιρησὶν
2532 2114 2560 2170 ό
2619 2113 2786 2192 μέγας
2847 2111 3140 2188 Βασίλειος,
3203 2113 3257 2168 ἐν
3311 2117 3389 2185 τῷ
3443 2110 3699 2180 ἀξιώματι
3759 2113 3852 2168 καὶ
3907 2118 3978 2189 τῇ

2315 2203 2456 2269 τάξει
2532 2203 2706 2280 τρίτον
2785 2202 3014 2282 ὑπάρχει
3103 2205 3164 2258 τὸ
3255 2208 3488 2281 Πνεῦμα,
3572 2202 3744 2279 τρίτον
3828 2202 3974 2258 εἶναι

2315 2294 2442 2349 αὐτὸ
2499 2293 2586 2348 καὶ
2654 2296 2722 2367 τῇ
2798 2291 2998 2370 φύσεις
3087 2289 3374 2366 Ἀξιώματι
3450 2290 3546 2366 μὲν
3615 2290 3716 2368 γὰρ
3787 2288 3974 2347 δευτε-

2315 2381 2478 2458 ρεύειν
2535 2382 2630 2436 τού
2686 2382 2826 2454 Υἱοῡ,
2895 2378 3019 2458 παρ’
3090 2381 3248 2437 αύτοῦ
3321 2381 3383 2435 τὸ
3454 2393 3591 2436 εἶναι
3659 2378 3820 2460 ἕχον,
3877 2381 3970 2436 καὶ

2313 2469 2436 2549 παρ’
2548 2472 2705 2530 αὐτοῦ
2813 2468 3080 2546 λαμϐάνον
3189 2471 3278 2527 καὶ
3381 2468 3710 2550 ἆναγγέλλον
3800 2469 3966 2546 ἡμῖν,

2312 2561 2400 2616 καὶ
2470 2557 2608 2623 ὅλως
2679 2559 2884 2627 ἐκείνης
2966 2565 3064 2626 τῆς
3147 2560 3314 2623 αἰτίας
3369 2557 3663 2635 ἐξημμένον
3733 2557 3968 2637 παραδί-

2313 2646 2469 2706 δωσιν
2523 2650 2552 2704 ὁ
2620 2652 2720 2715 τῆς
2820 2645 3078 2711 εὐσεϐείας
3167 2647 3328 2726 λόγος
3361 2663 3376 2678 ⁸
3447 2649 3594 2728 φύσει
3665 2646 3721 2703 δέ
3817 2649 3970 2724 τρίτῃ

2314 2739 2548 2816 χρῆσθαι
2606 2735 2722 2792 οὕτε
2777 2737 2920 2816 παρὰ
3001 2743 3108 2793 τῶν
3198 2737 3360 2815 ἁγίων
3424 2735 3764 2816 δεδιδάγμεθα
3827 2743 3969 2816 Γρα-

2315 2831 2450 2903 ιρῶν,
2526 2822 2643 2881 οὕτε
2702 2823 2763 2880 ἐκ
2835 2829 2941 2880 τῶν
3012 2823 3303 2903 εἰρημένων
3374 2826 3510 2881 κατὰ
3560 2827 3622 2882 τὸ
3680 2824 3968 2882 ἀκόλουθον

2315 2913 2529 2971 δυνατὸν
2595 2910 3010 2992 συλλογίζεσθαι,
3073 2920 3246 2972 Ταῦτα
3322 2915 3418 2986 μὲν
3478 2914 3584 2971 ἀπὸ
3667 2922 3774 2972 τῶν
3847 2913 3969 2970 ἀδι-

2316 3003 2573 3059 απτώτων
2626 3009 2720 3058 τοῦ
2790 3004 2938 3082 ὀρθοῦ
2993 2999 3186 3078 βίϐλων
3241 3005 3432 3075 ἡμεῖς.
3507 3006 3566 3062 Οἱ
3621 3001 3667 3059 δ’
3717 3004 3970 3067 ἐναντίως

2315 3090 2536 3171 ἔχοντες
2598 3091 2696 3155 τὰς
2772 3091 3143 3168 νενοθευμένας
3207 3089 3618 3169 προϐάλλονται.
3686 3095 3970 3172 Τοιγάρτοι

586 3199 653 3243 re
675 3182 882 3257 illa,ub
906 3181 1037 3260 ipso
1055 3196 1174 3240 esse
1186 3176 1679 3258 possidentem,et
1699 3175 1774 3237 ab
1797 3178 1924 3254 ipso
1941 3177 2232 3256 accipien-

2320 3182 2524 3262 καὶτὸ,
2582 3180 2706 3260 παρ’
2753 3182 2910 3239 αὐτοῦ
2965 3182 3028 3237 τὸ
3087 3181 3228 3238 εἶναι
3290 3180 3442 3262 ἔχον,
3501 3182 3589 3238 καὶ
3639 3181 3764 3260 παρ’
3810 3184 3972 3240 αὐτοῦ

593 3278 704 3334 tem
725 3280 780 3332 et
799 3274 1267 3332 annuntiantem
1285 3267 1535 3339 nobis,et
1553 3272 1617 3326 in
1634 3282 1872 3326 summa
1895 3265 1971 3326 ab
1990 3283 2059 3326 ea
2080 3283 2230 3327 cau-

586 3377 654 3420 sa
669 3355 1476 3438 dependentemjgnorantcr
1503 3352 2230 3432 abrogantes,praecedeu-

587 3448 670 3508 tia
687 3447 887 3507 omnia
916 3464 982 3506 ac
1003 3442 1426 3522 subsequentia
1449 3442 1509 3506 in
1533 3441 1797 3504 editione
1819 3441 1998 3503 rebus
2017 3442 2232 3503 divinis

589 3537 833 3597 exerciti
855 3533 1080 3604 Basilii,
1111 3550 1340 3592 annexo
1386 3541 1580 3591 tamen
1620 3534 1779 3607 [orte
1807 3531 1962 3610 quod
1994 3530 2230 3592 dubita-

590 3625 813 3686 tionem
838 3623 1028 3701 aﬁ'ert,
1053 3621 1405 3680 conﬁtemur
1435 3618 1753 3689 contineri,
1785 3628 1962 3698 atque
1991 3637 2230 3681 exoscu-

585 3713 927 3789 lantur,nec
948 3711 1067 3770 ullo
1099 3709 1274 3768 modo
1307 3715 1629 3788 potuerunt
1660 3707 1858 3768 vesani
1884 3707 1980 3768 isti
2006 3709 2233 3790 prospi-

589 3820 749 3876 cere,
787 3818 918 3881 quaa
948 3797 1060 3876 ipsi
1089 3796 1416 3857 retinentes
1445 3807 1610 3856 recte
1645 3795 1980 3870 admittunt,
2017 3797 2140 3878 illa,
2172 3807 2235 3859 ut

587 3890 884 3952 sententia
915 3888 1011 3968 pia
1039 3884 1479 3964 sit,requirere,
1513 3891 1572 3946 et
1591 3886 1748 3962 forte
1786 3884 1959 3956 illud,
1984 3886 2140 3965 quod
2171 3886 2232 3947 in

592 3978 774 4040 dubio
806 3995 930 4038 rem
961 3975 1400 4056 ponit,prorsus
1425 3972 1719 4052 ablegare.
1745 3972 2232 4055 Quandoquidem

591 4067 893 4148 quomodo
915 4082 1172 4145 unquam
1197 4062 1480 4141 dignitate
1503 4062 1832 4123 secundum
1863 4082 1993 4125 esse
2009 4083 2042 4125 a
2061 4063 2233 4140 Filio,

593 4157 721 4218 haec
752 4155 911 4218 enim
939 4153 1034 4214 hic
1067 4152 1490 4232 concedunt,ct
1515 4170 1628 4232 qua
1658 4152 1886 4214 ratione
1906 4173 2044 4215 vera
2067 4153 2235 4216 intel-

593 4245 826 4324 ligetur,
864 4262 981 4304 non
1003 4241 1074 4302 ab
1097 4241 1226 4321 ipso
1257 4258 1388 4302 esse
1420 4239 1671 4318 habens,
1711 4249 1772 4304 et
1814 4241 1886 4302 ab
1915 4242 2043 4322 ipso
2075 4243 2236 4304 acci-

593 4335 764 4415 piens
805 4341 864 4394 et
907 4329 1263 4393 annuntians
1319 4327 1513 4404 nobis,
1577 4338 1636 4391 et
1692 4331 1753 4391 in
1806 4349 2037 4392 summa
2068 4331 2140 4392 ab
2171 4351 2240 4393 ea

593 4441 774 4484 causa
805 4420 1072 4502 pendens
1102 4417 1357 4498 Spiritus
1391 4417 1671 4479 sanctus?
1702 4417 2009 4490 Quomodo
2041 4428 2239 4481 autem

2313 3266 2581 3344 λαμϐάνον
2658 3270 2747 3326 καὶ
2829 3267 3152 3348 ἀναγγέλλον
3221 3271 3380 3349 ἡμῖν,
3443 3271 3530 3326 καὶ
3597 3267 3735 3334 ὅλως
3821 3270 3968 3326 ἐκεί-

2314 3379 2409 3424 νης
2481 3360 2580 3424 τῆς
2635 3358 2803 3421 αἰτίας
2887 3355 3208 3438 ἐξημμένον,
3289 3350 3666 3436 διαγράφοντές
3720 3359 3965 3434 ἀμαθῶς,

2312 3448 2379 3506 τὰ
2421 3448 2522 3524 πρὸ
2559 3448 2757 3504 τούτων
2810 3445 3016 3503 ἅπαντα
3057 3448 3145 3504 καὶ
3200 3447 3335 3522 μετὰ
3391 3453 3555 3503 ταῦτα
3583 3451 3682 3514 τῆς
3712 3445 3971 3514 ἐκδόσεως

2313 3545 2406 3594 τοῦ
2433 3538 2498 3593 τὰ
2525 3539 2646 3594 θεῖα
2672 3535 2835 3615 σοφοῦ
2890 3533 3162 3592 Βασιλείου
3219 3533 3361 3604 πλὴν
3420 3536 3514 3592 σὺν
3555 3542 3633 3611 τῷ
3688 3533 3824 3600 ἴσως
3880 3533 3971 3590 δι-

2314 3625 2585 3682 στακτικῶ
2651 3621 3070 3702 καθομολογοῦσι
3165 3623 3367 3702 τελεῖν,
3453 3626 3544 3682 καὶ
3640 3625 3964 3703 προσίενται,

2315 3715 2668 3791 μηδοπωσοῦν
2725 3711 3026 3781 δυνηθέντες
3082 3715 3128 3770 οἱ
3209 3735 3540 3794 παραφρονες
3583 3711 3833 3789 συνιδεῖν,
3893 3715 3968 3779 ὣς

2315 3803 2448 3883 ἅπερ
2519 3804 2664 3860 αὐτοὶ
2721 3799 3149 3882 παραδεχόμενοι
3195 3801 3373 3868 καλῶς
3420 3802 3747 3883 στέργουσιν,
3793 3802 3969 3860 ἐκεινα

2315 3894 2414 3967 μὲν
2466 3893 2742 3949 ἀπαιτοῦσι
2812 3891 2931 3948 κατ’
2975 3891 3177 3949 ἔννοιαν
3221 3889 3435 3972 εὖσεϐἦ,
3479 3895 3542 3950 τὸ
3582 3890 3629 3947 δ’
3669 3891 3804 3956 ἴσως
3861 3892 3971 3968 μά-

2318 3980 2472 4037 λιστα
2523 3980 2895 4038 διαστακτικὸν
2971 3981 3395 4057 ἀποπέμπουσιν,
3455 3979 3604 4039 Ἐπεὶ
3681 3984 3796 4044 πῶς
3841 4003 3969 4038 ποτε

2319 4068 2631 4148 δευτερεύειν
2689 4068 2948 4144 ἀξιώματι
2991 4077 3084 4126 τοῦ
3142 4071 3284 4147 Υἱοῦ,
3341 4076 3497 4126 τοῦτο
3537 4071 3638 4148 γὰρ
3677 4068 3778 4126 ὧδε
3837 4093 3970 4147 συγ-

2318 4160 2708 4233 κατατίθενται,
2780 4160 2868 4216 καὶ
2940 4158 3078 4217 κατὰ
3147 4159 3262 4214 τίνα
3333 4160 3646 4228 νοηθήσεται
3694 4158 3855 4238 λόγον
3896 4161 3970 4223 ὡς

2321 4247 2533 4315 ἀληθῶς
2597 4248 2675 4323 μὴ
2735 4245 2857 4326 παρ’
2903 4249 3062 4304 αὖτοῦ
3111 4249 3173 4303 τὸ
3221 4247 3362 4304 εἶναι
3421 4246 3573 4327 ἔχον,
3605 4249 3694 4304 καὶ
3726 4245 3852 4326 παρ’
3882 4249 3972 4304 αὖ·

2319 4344 2409 4394 τοῦ
2451 4333 2719 4412 λαμϐάνον
2763 4336 2851 4392 καὶ
2910 4335 3235 4416 ἀναγγέλλον
3291 4337 3450 4415 ἡμῖν,
3495 4338 3583 4392 καὶ
3630 4335 3768 4402 ὅλως
3825 4336 3967 4392 ἐκει-

2319 4449 2416 4494 νης
2464 4431 2563 4492 τῆς
2617 4426 2782 4490 αἰτίας
2831 4423 3128 4502 ἐξημμένον
3157 4427 3218 4482 τὸ
3250 4431 3462 4501 Πνεῦμα
3502 4426 3563 4482 τὸ
3605 4425 3781 4506 ἅγιον,
3826 4425 3967 4490 ὅπως

593 4511 965 4590 subsequens
993 4509 1149 4586 forte
1175 4505 1602 4567 dubitationem
1635 4508 1911 4580 atferens,
1945 4507 2030 4568 illi
2052 4508 2236 4589 adap-

2323 4513 2376 4570 δὲ
2421 4514 2556 4590 μετὰ
2583 4516 2746 4571 ταῦτα
2773 4514 2994 4581 καθεξῆς
3025 4516 3112 4571 καὶ
3152 4517 3214 4572 τὸ
3258 4514 3391 4579 ἴσως
3420 4505 3806 4589 διαστακτικὸν,
3866 4520 3960 4588 τῷ,

596 4600 839 4673 tabitur,
881 4597 1134 4678 pietatis
1167 4595 1362 4684 iradio
1406 4595 1632 4657 tradit?
1660 4594 1775 4659 Ubi
1820 4597 1900 4677 pii
1948 4597 2237 4659 sermonis

2326 4600 2674 4684 παραδίδωσιν
2741 4605 2769 4660 ὁ
2824 4608 2920 4679 τῇς
3014 4602 3274 4668 εὐσεϐείας
3359 4602 3541 4684 λόγος,
3641 4604 3965 4682 ἀρμόσειενς

597 4689 836 4751 traditio
860 4694 967 4761 est,
1004 4685 1066 4746 in
1084 4683 1264 4745 dubio
1295 4701 1421 4744 rem
1448 4687 1880 4764 ponens,/orte,
1907 4685 2101 4746 locum
2135 4687 2237 4747 ha-

2333 4680 2504 4749 ”Ενθα
2560 4691 2758 4771 πέφυκε
2829 4690 2988 4770 λόγου
3057 4691 3340 4770 παράδοσις
3385 4680 3624 4758 εὐσεϐοῦς
3669 4680 3855 4773 χώραν
3909 4695 3966 4749 τὸ

600 4777 792 4840 bebit?
838 4775 908 4836 Et
941 4775 1074 4855 quis
1105 4780 1305 4864 mente
1335 4781 1564 4864 captus,
1611 4773 1762 4835 adeo
1793 4772 2167 4864 intemperiis
2192 4783 2237 4836 et

2329 4778 2661 4836 διστακτικὸν
2717 4780 2852 4844 ἴσως
2891 4781 3008 4840 int
3045 4783 3296 4850 κέκτηται
3329 4803 3346 4864 ς
3394 4783 3500 4842 Καί
3529 4804 3609 4846 τις
3653 4772 3790 4840 οὕτω
3840 4804 3967 4863 φρε-

599 4866 854 4928 insaniis
883 4866 1094 4942 agitur,
1129 4869 1193 4924 ut
1221 4861 1473 4922 similem
1510 4880 1749 4942 prorsus
1773 4863 2128 4925 sententiam
2157 4881 2251 4924 re-

603 4954 826 5036 cipiat?
854 4953 1061 5014 Nullus
1093 4950 1361 5011 omnino.
1395 4948 1516 5012 Nec
1549 4950 2086 5032 levissimiquidem
2111 4970 2250 5013 sus-

604 5041 1047 5127 picabantur,ni
1062 5038 1375 5102 cerebrum
1397 5039 1458 5100 in
1481 5040 1770 5102 calcaneis
1800 5042 2113 5118 liabent,ut
2129 5060 2254 5122 pro.

604 5133 808 5195 verbio
835 5128 1286 5194 fertur.Etenim
1308 5127 1382 5202 si,
1408 5129 1563 5208 quod
1595 5129 1882 5192 concedet
1911 5129 2124 5210 aliquis
2154 5137 2255 5191 aut

608 5223 761 5285 forte
790 5220 978 5295 dabit,
1018 5235 1272 5298 magnus
1331 5219 1506 5279 Pater
1544 5215 1791 5298 diceret,
1827 5227 1953 5280 tum
2003 5237 2119 5281 non
2151 5219 2250 5280 in-

618 5329 952 5391 congruens
983 5307 1371 5381 viileretur,et
1397 5306 1551 5386 quod
1575 5306 1820 5369 dubium
1851 5308 2041 5380 atl‘ert,
2065 5307 2245 5389 forte,

611 5401 673 5461 in
732 5401 994 5463 medium
1051 5396 1242 5458 libere
1300 5395 1566 5475 produci.
1629 5398 1708 5460 At
1748 5396 2253 5478 nuncipsissimis

615 5490 833 5562 verbis,
867 5490 947 5550 uti
982 5504 1086 5566 par
1113 5492 1226 5559 est,
1255 5502 1502 5562 magnus
1518 5485 2072 5566 dicens,utpietatis
2092 5488 2253 5550 ratio

619 5577 957 5655 tradit,non
974 5572 1326 5654 simpliciter
1345 5573 1713 5648 dat,omnem
1741 5573 2124 5636 dubitationis
2142 5592 2253 5636 an-

617 5684 741 5728 sam
773 5683 878 5748 per
899 5667 1024 5726 haec
1044 5661 1225 5723 verba
1245 5659 1418 5742 plane
1437 5677 1689 5742 vereque
1709 5661 1882 5742 longe
1898 5663 2253 5729 amandavit.

2332 4867 2598 4935 νόληπτος
2653 4870 2742 4925 καὶ
2789 4868 3169 4950 φρενοϐλαϐὴς,
3221 4873 3294 4937 ὡς
3323 4873 3574 4938 τοιαύτην
3601 4869 3804 4928 ’έννοιαν
3835 4872 3968 4935 ὅλως

2333 4957 2752 5029 προσήκασθαις
2831 4957 3050 5022 Ποίντως
3135 4957 3317 5025 οὒδείς.
3427 4957 3546 5018 Ούδ’
3631 4961 3971 5017 ὑποπτεύσειε

2334 5051 2458 5123 γοῦν
2505 5044 2665 5119 μόνον
2721 5043 3072 5125 λογισάμενος
3109 5049 3198 5104 καὶ
3252 5047 3447 5124 ψιλῶς,
3481 5050 3525 5105 εἰ
3567 5048 3647 5125 μὴ
3699 5051 3836 5105 κατᾶ
3877 5050 3974 5116 τὴν

2334 5131 2559 5211 πτέρναν
2589 5135 2775 5212 αὐτὴν,
2809 5137 2868 5192 τὸ
2911 5141 3010 5204 τῆς
3055 5139 3363 5216 παροιμίας,
3423 5143 3596 5219 φορῶν
3650 5140 3758 5194 τῶν
3812 5138 3974 5217 ἰγκέ-

2333 5221 2520 5302 ιραλον,
2573 5223 2632 5279 Εἰ
2690 5224 2785 5298 μὲν
2829 5225 2949 5305 γὰρ,
3010 5227 3038 5282 ὁ
3076 5247 3128 5282 τι
3169 5228 3512 5306 συγχωρήσει
3542 5248 3624 5290 τις
3653 5225 3740 5308 ἂν,
3773 5229 3802 5284 ὃ
3830 5231 3972 5292 θεῖος

2335 5311 2516 5390 Πατὴρ
2573 5310 2820 5391 ἔφασκεν,
2881 5313 2911 5382 ἢ
2949 5315 3036 5371 καὶ
3079 5312 3234 5372 δώσει
3277 5316 3463 5395 τυχὸν,
3509 5315 3763 5397 ἁρμόζον,
3817 5317 3976 5395 ἐτύγ-

2332 5421 2469 5480 χανε
2509 5402 2804 5466 τηνικαῦτα
2849 5404 2936 5458 καὶ
2989 5405 3050 5460 τὸ
3106 5402 3472 5461 διαστακτικὸν
3527 5403 3663 5470 ’ίσως
3715 5404 3976 5484 παῤῥησιο

2336 5488 2544 5576 άζεσθαι
2579 5506 2593 5522 ·
2653 5495 2739 5547 νῦν
2808 5488 2852 5546 δ’
2911 5489 3072 5558 οὕτως
3127 5493 3314 5558 αὒτατς
3373 5491 3566 5569 λέξεσι,
3613 5494 3748 5550 καθὰ
3801 5494 3976 5576 θέμις,

2337 5574 2609 5635 διαλαϐεῖν
2666 5580 2694 5634 δ
2753 5579 2919 5658 μέγας
2967 5581 3152 5657 εἰπὼν,
3207 5584 3279 5648 ὡς
3330 5584 3359 5639 ὁ
3415 5587 3514 5650 τῆς
3570 5580 3832 5648 εύσεϐείας
3890 5574 3980 5641 λόέ

2338 5689 2431 5746 γος
2491 5667 2576 5722 καὶ
2634 5667 3003 5751 παραδίδωσιν,
3085 5673 3186 5752 ούχ
3270 5670 3453 5734 ἇπλῶς
3515 5669 3714 5748 δίδωσι,
3804 5680 3979 5741 πᾶσαν
