4176 6290
249 457 403 522 1197

1161 461 1261 524 DE
1302 461 1811 526 PROCESSIONE
1853 460 1916 526 S.

1962 459 2315 526 SPIRITUS
2356 461 2581 527 ORAT.
2629 465 2713 527 II.
3485 464 3642 528 1198

243 589 589 660 διστακτικὴν
644 591 876 650 διάνοιαν
935 591 1009 650 δι’
1069 593 1240 652 αὒτῶν
1288 591 1466 670 πὸῤῥω
1516 615 1618 650 που
1647 592 1758 650 ὅντι
1797 616 1892 650 σα-

1978 589 2045 652 Et
2071 592 2347 654 omnibus
2381 592 2755 655 manifestum
2794 601 2904 670 est,
2937 594 3116 658 verba
3145 595 3271 658 hinc
3300 596 3634 658 venerandi

245 686 360 760 φῶς
403 680 786 760 ἀπεκρούσατο.
851 683 949 739 Καὶ
1001 681 1267 760 προφανὲς
1301 685 1417 746 τοῖς
1471 679 1614 746 ὅλοις
1647 681 1786 739 ἐστὶν
1819 681 1899 738 ὅτι

245 769 459 846 ῥήματα
499 778 662 828 ταῦτα
719 777 810 828 τοῦ
867 774 1062 828 σεπτοῦ
1126 769 1400 827 Βασιλείου
1457 771 1545 826 καὶ
1602 772 1899 852 θεοφάντο-

249 880 365 935 ρος,
425 858 520 915 οὒκ
563 858 726 915 ἄλλου
775 862 944 939 τινὸς,
994 859 1055 916 ’ἑκ
1110 879 1168 914 τε
1210 861 1304 914 τοῦ
1333 860 1498 938 χωρίς
1551 858 1901 938 ἀντιῤῥήσεως

247 948 446 1011 πάσαις
495 947 804 1027 ἐμφέρεσθαι
864 947 1091 1028 δέλτοις,
1152 949 1240 1004 καὶ
1291 945 1477 1021 πολλῷ
1518 947 1702 1025 πλέον,
1749 949 1800 1016 ἐξ
1829 953 1903 1006 ὧν

247 1033 470 1102 δηλοῦσι
507 1037 574 1092 σὰ
637 1037 968 1116 ἑπαγόμενα.
1034 1037 1188 1115 Λέγει
1245 1037 1344 1114 γὰρ
1399 1039 1451 1093 ἓν
1493 1037 1696 1102 τούτοις
1748 1040 1902 1103 αὐτὸς

248 1124 418 1188 οὕτως
463 1123 717 1206 ἆδιεχῶς,
751 1129 823 1190 ὡς
856 1125 1043 1202 μηδενί
1091 1148 1194 1182 τινι
1239 1124 1387 1200 μέσῳ
1435 1123 1848 1202 διακοπτόμενος
1885 1145 1900 1159 ·

246 1213 412 1269 Φύσει
455 1211 509 1270 δὲ
563 1217 713 1294 τρίτῃ
770 1217 1002 1296 χρῆσθαι
1061 1214 1181 1272 οὕτε
1243 1216 1384 1291 παρὰ
1451 1217 1557 1272 τῶν
1614 1217 1775 1294 ἁγίων
1824 1214 1906 1272 δε-

246 1299 536 1380 διδάγμεθα
595 1308 840 1386 Γραφεῦν,
929 1303 1048 1362 οὕτε
1109 1304 1167 1361 ἰκ
1239 1304 1346 1360 τῶν
1408 1303 1699 1383 εἰρημένων
1747 1307 1906 1376 ,κατὰ

245 1390 534 1450 ἀκόλουθον
643 1392 860 1452 δυνατὸν
964 1394 1388 1472 συλλογίζεσθαι.
1485 1396 1681 1451 Λοιπὸν
1767 1395 1902 1452 ἀσύ-

243 1502 440 1537 στατον
499 1481 636 1547 ὅλως
665 1486 755 1540 καὶ
812 1483 1213 1547 ἀναπόδεικτον,
1276 1482 1486 1540 Ἐκεῖνο
1541 1481 1617 1556 δὲ,
1667 1484 1899 1540 τουτέστι

242 1575 322 1643 τῷ
393 1569 649 1646 ἀξιώματι
721 1570 1034 1652 δευτερεύειν
1105 1575 1168 1629 τὸ
1225 1573 1438 1646 Πνεῦμα
1491 1573 1553 1628 τὸ
1617 1573 1769 1651 ἅγιον
1813 1574 1902 1630 τοῦ

248 1662 395 1741 Υἱοῦ,
451 1668 550 1730 τῆς
610 1661 872 1728 εὖσεϐείας
929 1662 1280 1743 παραδίδωσιν
1339 1666 1367 1720 ὁ
1421 1662 1603 1741 λόγος.
1664 1667 1756 1721 Διὸ
1815 1668 1902 1721 καὶ

246 1747 464 1826 βέϐαιον
513 1755 688 1818 πάντη
718 1755 805 1809 καὶ
848 1751 1260 1832 ἀναμφίλεκτον,
1309 1752 1554 1810 Τοιοῦτον
1585 1753 1650 1809 τὰ
1691 1753 1903 1830 ῥήματα

245 1849 414 1898 ταῦτα
470 1840 693 1920 φέροντα
753 1849 870 1898 νοῦν
900 1840 1114 1922 ἔχονται
1145 1849 1250 1898 τῶν
1281 1841 1426 1921 ἒξῆς,
1457 1843 1592 1898 ὥστε
1623 1845 1709 1898 καὶ
1734 1843 1786 1908 ἐξ
1813 1849 1902 1903 αῦ-

246 1933 360 1984 τῶν
412 1933 511 1995 τῆς
569 1928 824 1994 ἐκδόσεως
896 1938 990 1987 τοῦ
1043 1931 1281 2010 μεγάλου
1336 1931 1694 1994 πιστεύεσθαι,
1765 1933 1900 1990 Τού-

1984 688 2042 741 et
2061 681 2396 744 divinorum
2424 682 2773 744 revelatoris
2796 682 3149 758 Basilii,non
3162 684 3406 748 alterius
3431 685 3630 765 cujus-

1985 769 2138 849 piam
2173 789 2325 850 esse,
2375 771 2536 849 quod
2589 771 2738 832 citra
2790 771 2971 832 ullam
3003 772 3533 838 contradictionem
3565 775 3628 836 in

1984 857 2260 920 omnibus
2281 859 2676 920 voluminibus
2693 860 3278 937 circumferuntur,et
3301 865 3481 925 multo
3507 882 3630 925 ma-

1983 945 2072 1025 gis
2104 967 2170 1008 ex
2195 947 2426 1028 iis,quaa
2457 948 2880 1028 subsequentia
2910 949 3534 1033 important.Namque
3564 953 3625 1014 in

1987 1036 2078 1095 his
2110 1037 2270 1098 nullo
2321 1037 2435 1099 alio
2485 1037 2824 1117 interjecto,
2860 1057 2933 1100 ne
2969 1039 3167 1100 medio
3199 1040 3396 1122 aliquo
3436 1043 3628 1103 oratio

1985 1123 2747 1204 interrumperetur,subdit
2766 1145 2779 1184 :
2800 1125 2925 1187 Sed
2944 1133 3172 1189 natura
3193 1131 3377 1190 tertia
3400 1133 3627 1211 uti,ne-

1985 1228 2100 1291 que
2127 1215 2406 1275 asanctis
2425 1212 2672 1274 Litteris
2700 1213 3236 1294 edocemur,neque
3259 1234 3336 1278 ea:
3359 1219 3455 1295 iis,
3490 1237 3627 1299 qua
3723 1220 3730 1228 ’

1984 1300 2147 1361 dicta
2175 1307 2506 1377 sunt,reeta
2537 1300 2721 1362 ducta
2743 1300 2982 1380 sequela
2997 1320 3312 1382 possumus
3342 1305 3626 1368 demons-

1985 1393 2174 1460 trare,
2199 1405 2412 1468 nempe
2443 1389 2555 1449 hoc
2593 1387 2673 1448 ait
2697 1406 2711 1450 :
2734 1388 2973 1452 Natura
3005 1391 3182 1452 tertia
3205 1397 3294 1454 uti
3319 1393 3628 1472 Spiritum

1985 1485 2485 1556 sanctum,neque
2505 1494 2541 1537 a
2565 1476 2790 1538 divinis
2808 1477 3054 1539 Litteris
3071 1479 3414 1554 didicimus,
3435 1500 3630 1562 neque

1984 1583 2063 1625 ea:
2091 1565 2268 1627 dictis
2296 1565 2509 1643 colligi
2551 1574 2979 1646 consequenter
3004 1570 3478 1646 potesLProrsus
3509 1572 3625 1650 igi-

1985 1660 2082 1714 tur
2111 1654 2221 1714 hoc
2242 1652 2355 1714 sibi
2373 1671 2491 1714 non
2507 1661 2756 1730 constat,
2779 1672 2888 1715 nec
2907 1674 3162 1734 unquam
3183 1656 3625 1721 demonstrabi-

1988 1747 2100 1802 tur.
2135 1742 2285 1803 Illud
2326 1760 2484 1817 vero,
2522 1743 2834 1820 Dignitatc
2886 1745 3218 1806 secundum
3250 1763 3372 1808 esse
3400 1764 3438 1809 a
3469 1749 3626 1812 Filio

1985 1832 2284 1909 Spiritum
2311 1838 2608 1906 sanctum,
2657 1832 2903 1911 pietatis
2933 1837 3095 1894 ratio
3132 1835 3342 1896 tradit.
3375 1834 3624 1917 Propte-

1987 1938 2207 2001 reaque
2237 1922 2469 1982 ﬁrmum
2500 1919 2742 1980 omnino
2775 1928 2863 1981 est
2891 1929 2949 1981 et
2977 1921 3124 1982 citra
3154 1923 3333 1984 ullam
3382 1926 3624 1987 haesita-

248 2039 362 2072 των
413 2014 468 2073 δὲ
510 2017 784 2075 κάντεῦθεν
841 2019 1071 2096 μάλιστα
1125 2027 1219 2078 τοῦ
1276 2027 1438 2100 σοφοῦ
1505 2018 1646 2079 τοῦδε
1701 2024 1893 2100 Πατρὸς

1991 2009 2232 2071 tionem.
2287 2009 2428 2070 Cum
2480 2007 2660 2069 verba
2734 2008 2859 2070 haec
2935 2009 3191 2072 similem
3267 2015 3621 2076 sententiam

248 2105 620 2186 ἀναφανέντων
689 2109 848 2188 ἡμῖν,
922 2109 1128 2188 ἆνάγκη
1218 2109 1278 2166 15
1360 2107 1691 2166 διστακτικὸν
1767 2109 1903 2174 ἴσως

246 2191 529 2273 ἀλλότριον
587 2196 845 2276 ὑπάρχειν
932 2198 1212 2276 προστεθὲν
1281 2195 1497 2276 ὕστερον
1533 2217 1547 2230 ⁶
1619 2195 1902 2276 ἐπειδήπερ

248 2281 624 2352 ἂκατάλληλόν
681 2284 837 2342 ἰσῶιν
909 2291 1118 2360 αὐτοῖς,
1191 2290 1279 2344 καὶ
1354 2285 1514 2366 ἄμφω
1583 2293 1672 2343 τοῦ
1744 2289 1900 2344 αὐτοῦ

243 2373 533 2452 τυγχάνειν
564 2372 836 2436 ἔιδύνατον.
873 2375 1025 2433 Οὸτω
1075 2375 1370 2456 πολλαχῶς
1426 2377 1488 2432 τὸ
1529 2375 1666 2440 ’ίσως
1710 2373 1895 2432 διστα-

245 2463 429 2517 κτικὸν
485 2465 792 2541 προσθήκην
874 2463 1049 2522 τελεῖν
1134 2467 1162 2521 ὁ
1233 2463 1392 2543 λόγος
1469 2463 1727 2544 ἀπέδειξε,
1812 2463 1900 2521 καὶ

244 2551 554 2628 προσθήκην
641 2551 806 2628 μηδὲν
892 2553 1122 2633 ἔχουσαν
1202 2554 1370 2631 ὑγιὲς,
1442 2551 1530 2609 ἅεε
1599 2552 1728 2628 μηδ’
1811 2557 1896 2616 οἷς

244 2639 536 2718 προσετέθη
581 2639 922 2712 συνᾴδουσαν,
1000 2640 1166 2699 Ἀλλὰ
1230 2648 1386 2698 τοῦτο
1455 2643 1552 2716 μὶν
1626 2639 1753 2718 μηδ’
1822 2643 1894 2704 εἰς

244 2727 532 2804 ἐνθύμησιν
582 2731 643 2785 1‘:
702 2731 950 2809 παράπαν
1023 2729 1176 2788 ἐλθὸν
1246 2737 1324 2805 τῷ
1374 2729 1652 2802 θεολήπτῳ
1710 2731 1893 2807 Πατρὶ,

241 2815 573 2892 πλασάμενοι
642 2823 748 2874 τῶν
818 2820 1076 2899 μαχίμων
1132 2817 1332 2899 ἀνδρῶν
1402 2818 1553 2888 ἔνιοι,
1622 2823 1799 2880 κακῶς
1844 2817 1895 2872 ἕν

240 2928 347 2962 τισι
436 2904 634 2982 βίϐλοις
718 2907 1056 2985 προσέθεντο,
1144 2905 1228 2963 διὰ
1319 2907 1415 2974 τῆς
1485 2904 1895 2984 ὀλιγοσολλέϐου

236 2997 470 3061 ταυτησὶ
525 2996 612 3050 καὶ
695 2996 950 3075 βραχείας
1028 3001 1208 3076 φωνῆς
1294 2993 1535 3060 δόξαντες
1609 2993 1741 3060 ἅπαξ
1795 3000 1892 3061 τῆς

238 3082 444 3142 ἑαυτῶν
489 3083 870 3163 κεκρατηκέναι
914 3085 1230 3164 προθέσεως.
1293 3087 1365 3142 Τὸ
1435 3082 1514 3158 δὲ,
1569 3081 1692 3162 παρ’
1738 3083 1894 3140 αὐτοῦ

235 3173 300 3228 τὸ
381 3172 528 3228 εἶναι
614 3171 768 3252 ἕχον,
858 3175 946 3229 καὶ
1023 3171 1148 3252 παρ’
1229 3174 1387 3230 αὐτοῦ
1456 3171 1724 3247 λαμῗάνον
1803 3174 1892 3228 καὶ

1985 2097 2265 2171 referant,
2294 2116 2427 2158 cum
2459 2096 2846 2178 sequentibus
2867 2098 3189 2175 cohaerent,
3221 2120 3402 2180 quare
3437 2121 3507 2164 ex
3534 2103 3624 2164 his

1983 2204 2216 2266 quoque
2273 2185 2512 2266 propria
2573 2186 2771 2247 Basilii
2822 2205 2953 2248 esse
3021 2188 3425 2253 conﬁrmatur.
3485 2191 3625 2254 Haec

1982 2276 2157 2336 etiam
2207 2293 2338 2336 cum
2397 2273 2708 2336 manifesto
2739 2285 3060 2355 appareant
3115 2276 3400 2357 sapientis
3443 2280 3624 2360 hujus

1985 2364 2172 2426 Patris
2192 2362 2428 2444 propria
2449 2381 2601 2442 esse,
2632 2380 2878 2424 necesse
2900 2371 2988 2424 est
3009 2363 3153 2425 illud
3175 2366 3620 2448 fortasse,quod

1983 2471 2110 2513 rem
2137 2451 2374 2512 dubiam
2397 2451 2869 2529 reddit,minime
2898 2452 3222 2529 genuinum
3275 2473 3429 2536 esse,
3456 2467 3621 2536 post-

1984 2540 2224 2601 modum
2255 2540 2542 2615 additum,
2578 2539 2718 2602 dum
2747 2559 2887 2616 cum
2914 2541 3033 2602 illis
3089 2560 3208 2604 non
3238 2546 3534 2626 congruit,
3567 2555 3626 2608 et

1980 2629 2521 2710 utraqueiejusdem
2563 2629 2857 2709 uniusque
2904 2648 3035 2690 esse
3078 2630 3210 2692 ﬁeri
3260 2634 3486 2713 nequit.
3521 2635 3622 2698 Sic

1981 2717 2181 2779 multis
2215 2717 2507 2797 variisque
2539 2717 2728 2778 modis
2745 2717 2916 2794 forte
2943 2717 3088 2779 illud
3125 2720 3441 2784 dubietatis
3477 2740 3621 2786 cau-

1979 2825 2108 2868 sam
2139 2806 2503 2868 additionem
2537 2825 2668 2868 esse
2696 2807 2883 2868 oratio
2913 2807 3623 2887 demonstravit,additio.

1978 2914 2234 2975 nemque
2267 2895 2411 2956 nihil
2436 2913 2644 2956 sanum
2679 2896 2741 2958 in
2775 2915 2838 2956 se
2869 2897 3300 2976 continentem,
3337 2913 3618 2982 tanquam

1977 3004 2108 3065 quae
2140 3003 2337 3062 neque
2387 3003 2519 3044 cum
2551 2984 2646 3064 iis,
2679 2983 2898 3064 quibus
2925 2986 3122 3047 addita
3157 2996 3267 3064 est,
3304 3004 3618 3052 consonet.

1977 3074 2092 3137 Sed
2122 3075 2231 3136 hoc
2261 3091 2395 3133 cum
2429 3090 2536 3132 nec
2560 3072 2618 3132 in
2652 3081 2910 3134 mentem
2944 3093 3186 3154 prorsus
3213 3077 3471 3140 venisset
3501 3079 3618 3142 Nu-

1975 3163 2136 3224 mine
2164 3161 2357 3222 alﬂato
2392 3160 2927 3239 Patri,contentiosi
2957 3163 3231 3225 homines
3260 3165 3613 3245 impruden-

236 3259 569 3340 ἂναγγέλλον
638 3248 798 3338 ημῖν,
885 3263 974 3319 καὶ
1050 3248 1187 3325 ὅλως
1274 3261 1479 3328 ἐκείνης
1563 3261 1660 3328 τῆς
1725 3261 1890 3324 αἰτίας

1978 3259 2068 3312 ter
2097 3250 2522 3328 contingentes,
2554 3248 2615 3309 in
2661 3250 2967 3313 nonnullis
3006 3251 3400 3316 voluminibus
3423 3275 3613 3338 appo-

236 3348 568 3429 ἰξημμὲνον,
633 3350 728 3419 τῆς
773 3357 866 3408 τοῦ
909 3358 1069 3419 σοφοῦ
1131 3349 1358 3413 διανοίας
1415 3351 1474 3405 ὃν
1516 3347 1653 3406 ἅπαν
1707 3346 1773 3417 δὴ
1834 3351 1898 3406 τὸ

235 3445 451 3495 τοιοῦτο
522 3437 706 3514 ῥητὸν,
767 3441 855 3496 καὶ
928 3440 1170 3516 κείμενον
1245 3438 1298 3495 ἐν
1369 3434 1569 3502 δέλτοις
1637 3435 1893 3511 πολλοῖς,

235 3525 383 3602 ὅμως
449 3524 563 3582 ἀνθ’
607 3530 682 3583 ὧν
725 3527 979 3604 πολέμιον
1025 3530 1322 3608 περιφανῶς
1365 3533 1518 3583 τοῦτο
1572 3538 1693 3589 ταῖς
1725 3530 1896 3585 αὐτῶν

232 3616 485 3694 γνώμαις
575 3615 889 3689 καθέστηκε,
969 3621 1066 3684 τῆς
1137 3620 1435 3695 περικοπῆς
1491 3613 1622 3681 ὕλης
1695 3622 1894 3681 σκαιῶς

225 3704 585 3786 ἀφελόμενοι,
652 3717 772 3770 ταῖς
843 3706 1027 3784 μικρὸν
1081 3702 1276 3761 ἄνωθεν
1345 3704 1604 3782 ῥηθείσαις
1663 3703 1759 3760 οὒκ
1798 3704 1890 3760 ἆν-

227 3793 482 3874 έγραψαν
511 3791 711 3870 βίϐλοις
769 3795 1044 3874 καταρχὰς
1090 3795 1189 3862 τῆς
1237 3798 1342 3850 τῶν
1396 3793 1647 3850 τοιούτων
1689 3792 1888 3850 συστά-

219 3905 354 3948 σεως
410 3885 482 3941 τὸ
541 3888 646 3938 πᾶν
687 3889 778 3940 τοῦ
833 3882 1174 3958 βουλήματος
1230 3881 1334 3949 ἤδη
1405 3881 1712 3957 νομίσαντες
1767 3882 1886 3940 κατ’

221 3972 382 4051 ἰσχὺν
416 3970 680 4051 ἅῤῥηκτον
723 3969 870 4050 ἔχειν
902 3971 1111 4046 αὖτοὺς,
1147 3969 1338 4052 ἐφόσον
1380 3972 1440 4026 τὸ
1495 3969 1727 4037 δηλωθὲν
1782 3975 1880 4038 τῆς

225 4061 483 4139 χρήσεως
531 4058 592 4115 εκ
633 4066 724 4116 τοῦ
782 4059 943 4134 μέσου
985 4057 1212 4139 δολερῶς
1256 4060 1634 4132 πεποιήκασιν,
1688 4062 1746 4116 οὗ
1776 4059 1882 4134 μὴν

227 4148 615 4221 ἐπιστήσαντες
672 4143 900 4226 ἀκριϐῶς
957 4147 1080 4209 τοῖς
1140 4149 1458 4228 ἑκατέρωθεν
1500 4145 1879 4228 ἐγνωσμένοις,

225 4236 258 4292 ἃ
304 4237 702 4317 προσηκάμενοι
765 4234 988 4300 δεόντως
1059 4235 1358 4316 ἰνέγραψαν
1418 4236 1506 4292 καὶ
1561 4239 1773 4310 αὒτατς,
1836 4238 1880 4292 εί

225 4329 314 4382 καὶ
367 4328 514 4408 σφίσι
557 4323 867 4402 προσέθεντο
921 4327 983 4382 τὸ
1037 4325 1172 4392 ’ίσως
1226 4323 1580 4400 διστακτικὸν,
1640 4321 1724 4382 διὰ
1751 4325 1879 4380 τού-

225 4435 320 4472 του
377 4413 532 4484 δῆθεν
591 4415 664 4477 ὡς
719 4412 918 4493 ἔχοντα
971 4413 1304 4491 πλημμελῶς
1346 4415 1411 4470 τὰ
1467 4415 1680 4472 τοιαῦτα
1723 4412 1882 4474 κολά-

1977 3349 2244 3414 suerunt,
2269 3345 2612 3418 reputantes
2632 3355 2737 3416 per
2769 3337 3009 3399 brevem
3041 3341 3192 3402 hanc
3220 3350 3280 3404 et
3308 3361 3425 3404 non
3457 3337 3616 3408 mul-

1977 3430 2052 3490 tis
2096 3428 2337 3510 syllabis
2387 3435 2754 3489 constantem
2808 3427 3132 3492 dictionem
3193 3435 3378 3495 semel
3438 3454 3612 3498 suum

1977 3518 2347 3600 propositum
2372 3515 2850 3579 conﬁrmassem
2866 3516 3038 3600 iliud,
3059 3521 3133 3582 ab
3149 3527 3275 3600 ipso
3292 3525 3611 3603 possiden-

1975 3615 2175 3681 tem,et
2207 3607 2280 3668 ab
2303 3608 2434 3687 ipso
2456 3606 2842 3685 accipientem
2859 3614 3396 3674 etannuntiantem
3415 3615 3610 3696 nobis,

1975 3704 2107 3762 etin
2127 3713 2361 3759 summa
2377 3696 2448 3757 ob
2468 3713 2538 3757 ea
2554 3711 2738 3757 causa
2757 3697 3210 3782 dependentem,
3247 3701 3472 3764 dictum
3500 3705 3613 3766 hoc

1974 3793 2163 3848 totum
2195 3803 2265 3846 ex
2296 3791 2498 3845 mente
2535 3782 2824 3864 sapientis
2855 3785 3145 3864 originem
3195 3808 3360 3852 suam
3391 3811 3611 3870 agnos-

1971 3882 2203 3953 cens,et
2229 3872 2429 3934 multis
2458 3873 2952 3952 comprehensum
2978 3877 3376 3942 voluminibus
3404 3883 3618 3942 nihilo.

1971 3963 2166 4024 minus
2179 3964 2333 4043 quod
2355 3961 2544 4042 palam
2570 3980 2774 4023 eorum
2800 3963 3180 4044 opinionibus
3209 3969 3618 4045 adversatur,a

1962 4052 2191 4130 reliqua
2213 4052 2493 4131 pericope
2515 4051 2750 4130 stupide
2780 4063 3172 4131 removentes,
3191 4055 3252 4118 in
3286 4059 3607 4122 volumini-

1963 4139 2074 4202 bus
2096 4142 2222 4219 jam
2255 4157 2433 4218 supra
2461 4138 2732 4200 indicatis
2750 4159 2868 4200 non
2888 4144 3320 4224 ascripserunt,
3346 4167 3479 4209 cum
3509 4151 3610 4210 illa

1962 4231 2218 4311 primum
2253 4228 2686 4308 describerent,
2713 4229 3006 4291 intentum
3029 4251 3202 4293 suum
3224 4236 3366 4296 satis
3397 4239 3604 4299 ﬁrme-

1961 4337 2076 4399 que
2101 4317 2180 4378 ita
2211 4325 2272 4377 ut
2299 4317 2360 4377 in
2394 4326 2690 4396 posterum
2720 4316 2964 4396 infringi
2990 4320 3231 4384 minime
3252 4331 3608 4402 posset,cor-

1961 4409 2274 4469 roborasse
2302 4404 2874 4486 existimantes,dum
2903 4409 3046 4470 dicti
3068 4420 3291 4489 partem
3321 4413 3608 4492 signatam

229 4510 431 4579 ζοντες,
523 4500 652 4595 ὅπερ
736 4492 824 4558 καὶ
903 4502 1186 4583 προλαϐὼν
1242 4506 1270 4560 ὁ
1340 4501 1496 4580 λόγος
1553 4501 1880 4595 παρέστησεν

1975 4495 2170 4556 dolose
2199 4495 2274 4554 de
2306 4492 2500 4553 medio
2531 4493 2959 4566 tulissent,non
3009 4509 3284 4562 accurate
3339 4511 3604 4564 mentem

230 4595 452 4667 ἱκανῶς,
499 4589 777 4670 ἀλλότριον
819 4591 1014 4668 αὐτῶν,
1075 4593 1172 4650 οἶα
1227 4597 1500 4655 παντελῶς
1585 4591 1879 4671 ἀσυνάρτη-

1975 4583 2233 4662 figentes,
2262 4599 2391 4671 quae
2443 4590 2687 4661 utraque
2707 4599 2777 4642 ex
2824 4593 2989 4663 parte
3019 4585 3474 4665 dignoscuntur,
3509 4591 3611 4652 illa

227 4705 342 4744 10v.
403 4686 476 4742 Οὔ
560 4683 732 4739 τοίνυν
816 4681 1196 4754 ὶπιστήσαντες
1293 4681 1548 4763 ἀκριϐῶς,
1651 4684 1883 4762 καθάπερ

228 4770 454 4850 ἔφημεν,
499 4784 617 4835 τοϊς
671 4772 955 4849 τοιούτοις,
1015 4771 1132 4832 οῦδὲ
1202 4770 1584 4848 ὶμϐαθύναντες
1642 4774 1689 4827 οἱ
1744 4793 1882 4850 προ-

228 4858 442 4915 κόπτειν
527 4857 908 4932 σπουδάζοντες
978 4864 1041 4919 τὸ
1100 4863 1307 4942 σχίσμα
1375 4858 1460 4916 διὰ
1528 4859 1749 4939 παντὸς,
1809 4861 1881 4924 ὡς

229 4953 397 5003 ταῦτα
438 4949 526 5005 καὶ
595 4947 828 5024 μάλιστα
882 4948 1002 5008 κατ’
1061 4948 1252 5019 εῦσεϐἧ
1306 4947 1545 5005 διάνοιαν
1599 4949 1688 5004 καὶ
1729 4945 1883 5025 λογι-

233 5036 368 5109 σμὸν
424 5035 714 5112 ὀρθοδοξίας
760 5038 1046 5118 ἐχόμενον,
1104 5042 1166 5096 τὸ
1221 5041 1460 5096 τοιοῦτον
1503 5036 1663 5115 ῥητὸν
1717 5036 1888 5115 ἀναγ-

231 5123 396 5185 καίως
453 5125 853 5204 εἰσπράττονται
887 5145 902 5164 ⁸
962 5131 1025 5185 τὸ
1084 5131 1181 5204 μὲν
1239 5127 1320 5183 ὅτι
1365 5124 1490 5204 μηδ’
1547 5125 1609 5181 ἂν
1653 5123 1886 5182 εἰσελεύ-

233 5211 413 5264 σεσθαι
497 5213 690 5293 σοφίαν
764 5219 940 5281 ποσῶς
1008 5217 1080 5280 εἰς
1147 5216 1478 5296 κακότεχνον
1535 5213 1719 5292 ψυχὴν
1787 5216 1886 5279 τῆς

227 5297 367 5360 θείας
423 5302 644 5380 Γραφῆς
700 5301 1032 5380 ἀκηκόαμεν,
1089 5307 1178 5362 καὶ
1247 5304 1423 5368 ἄλλως
1467 5301 1522 5359 δὲ
1575 5302 1888 5382 κυριώτερον

224 5390 318 5439 τοῦ
361 5391 493 5444 Θεοῦ
561 5387 707 5469 τάχα
773 5389 1072 5472 ψήλαντος
1144 5393 1199 5450 ἰν
1271 5397 1479 5456 τοῦτοις
1536 5392 1743 5471 αὐτούς,
1801 5390 1890 5446 καὶ

219 5471 397 5547 μένειν
448 5475 539 5541 εἰς
626 5477 854 5559 ὅλεγχον
932 5487 1030 5550 τῆς
1103 5484 1417 5563 κακουργίας
1489 5479 1661 5538 αὒτῶν
1726 5485 1888 5536 ταῦτα

215 5566 758 5641 παρασηυᾶσαντος.
805 5565 952 5626 Ἐπεί
1006 5572 1088 5628 τοί
1139 5593 1202 5651 γε
1252 5574 1340 5628 καὶ
1397 5570 1579 5635 αὖτοὺς
1633 5566 1888 5640 δήπουθεν

220 5654 466 5739 παρῆκαν
529 5653 590 5712 ἂν
665 5655 721 5713 ἰν
792 5672 915 5725 ταῖς
986 5661 1203 5727 οἰκείαις
1267 5669 1664 5739 μεταγραφαῖς,
1731 5657 1889 5736 εἶπερ

237 5737 653 5816 ἄμϐατεῦσαντες
722 5760 843 5814 τοῖς
897 5750 1176 5828 τοιούτοις,
1237 5737 1288 5806 τί
1343 5737 1453 5805 και
1488 5737 1761 5822 βούλονται
1813 5749 1892 5820 τῷ

1965 4691 2102 4734 cum
2127 4669 2594 4750 accepissentuli
2629 4687 2734 4760 par
2765 4681 3003 4746 est,una
3033 4694 3166 4736 cum
3200 4676 3317 4739 illis
3347 4679 3610 4760 scripse-

1963 4759 2270 4833 runt,licet
2289 4757 2409 4818 illis
2425 4759 2809 4838 apposueriut
2826 4763 2981 4840 forte
3007 4762 3252 4828 dubium
3267 4757 3613 4840 movens,ea

1964 4850 2265 4912 additione
2283 4849 2452 4929 quasi
2473 4849 2692 4939 similia
2707 4850 2848 4912 vitio
2873 4853 3236 4932 laborarent,
3264 4867 3610 4939 temperan-

1966 4947 2077 5011 tes,
2102 4939 2464 5030 quodantea
2479 4938 2666 4999 oratio
2683 4939 2920 5004 abunde
2942 4938 3402 5030 demonstravit,
3421 4967 3612 5029 eaque

1967 5046 2184 5108 nempe
2203 5027 2399 5088 aliena
2427 5030 2745 5108 esse,quod
2770 5030 2944 5110 plane
2968 5052 3100 5094 cum
3123 5036 3258 5098 aliis
3281 5027 3399 5098 non
3419 5027 3610 5099 cohae-

1970 5115 2294 5180 reant.Non
2325 5128 2600 5178 accurate
2619 5118 2818 5198 itaque
2849 5121 3016 5186 hisce
3043 5135 3301 5188 mentem
3333 5126 3606 5206 ﬁgentcs,

1969 5225 2161 5287 neque
2193 5214 2572 5287 penetrantes
2593 5208 2690 5286 qui
2723 5209 2984 5272 schisma
3010 5213 3215 5276 sedula
3247 5235 3392 5278 cura
3420 5217 3614 5278 conti-

1970 5314 2207 5376 nuoque
2230 5297 2825 5376 promovent,dictum
2851 5303 2966 5362 hoc
2988 5305 3069 5365 uti
3093 5313 3272 5368 rectas
3301 5306 3444 5368 ﬁdei
3473 5325 3614 5368 con-
3685 5307 3688 5311 ’

1970 5403 2190 5447 sonans
2210 5383 2538 5475 secundum
2561 5385 2716 5466 piam
2735 5390 3093 5453 sententiam
3119 5402 3177 5456 et
3196 5395 3612 5475 cogitationem

1972 5474 2304 5538 necessario
2333 5473 2725 5556 exigunt,tum
2755 5480 2913 5558 quod
2938 5473 3339 5547 intelleximus
3368 5483 3619 5547 adivina

1971 5563 2242 5654 Sriptura
2271 5563 2330 5624 in
2361 5565 2619 5626 animam
2667 5585 2904 5647 pravam
2959 5590 3076 5633 non
3123 5573 3483 5654 igressuram
3515 5592 3617 5636 sa-

1972 5651 2364 5744 pientiam,_et
2402 5654 2578 5744 etiam
2610 5657 2768 5736 quod
2813 5659 3002 5738 magis
3058 5651 3364 5744 proprium
3412 5663 3617 5743 fuerit,

1973 5741 2133 5804 Deus
2175 5739 2238 5800 in
2287 5739 2562 5824 hisipsos
2587 5745 2897 5824 fallens,ea
2929 5749 3003 5812 ad
3029 5739 3155 5814 haec
3171 5739 3454 5834 tempora
3473 5739 3619 5837 per;
