4208 6290
589 379 615 441 1
633 379 744 444 199
1713 380 2234 450 CONSTANTINI

2319 378 2841 468 tELITnmow
3813 377 3992 444 4200

587 513 803 576 durare
817 512 891 575 ad
915 531 1120 576 eorum
1145 511 1501 575 maleﬁcium
1547 512 1987 592 coarguendam
2021 511 2226 591 dispo-

2319 533 2422 571 οντι
2481 513 2798 594 κατέμαθον,
2847 515 2920 580 ὡς
2975 511 3059 573 διὰ
3128 512 3314 578 τέλους
3387 511 3761 596 ἀνεξέλεγκτον
3819 524 3990 573 τοῦτο

588 602 1224 684 suit.Quandoquidem
1246 601 1306 662 in
1321 601 1578 683 propriis
1593 621 1659 663 ea
1676 600 2234 682 transcriptionibus

2319 603 2381 660 rb
2424 603 2582 683 μέρος
2613 602 2790 660 τελεῖν
2834 604 2933 672 τὴν
2976 606 3292 684 κακουργίαν
3348 609 3520 665 αὐτῶν
3553 625 3574 644 ο
3632 611 3722 664 νῦν
3763 602 3812 662 δ’
3842 603 3990 672 αὕτη

587 692 989 773 reliquissent,
1024 691 1074 753 si
1120 690 1412 771 penitiore
1465 691 1916 771 investigatione
1946 689 2234 769 indagan-

2320 687 2654 772 διελέγχεται
2697 691 2978 771 προδήλως
3027 691 3081 760 ἒξ
3122 694 3197 751 ὧν
3245 691 3514 759 πολλάκὶς
3558 693 3804 752 ἐνταυθοῖ
3860 691 3986 750 διε-

589 783 847 863 tes,quid
884 782 998 844 sibi
1017 781 1204 844 velint
1257 799 1396 843 vere
1450 782 1921 858 agnovissent,ut
1951 779 2023 841 ad
2055 779 2235 840 linem
2321 777 2576 857 λάϐομιν.

588 889 775 952 usque
806 871 917 932 hac
972 889 1040 932 ex
1075 879 1239 952 parte
1298 869 1658 932 maleﬁcium
1687 888 1892 933 eorum
1937 865 2422 952 deprehensibile
2469 877 2887 950 permaneret:
2931 889 3091 936 nunc
3121 889 3260 937 vero
3289 871 3436 937 illud
3492 871 3985 954 deprehenditur

591 959 899 1022 manifesto
951 978 1019 1022 ex
1052 959 1170 1035 his,
1204 978 1336 1040 qua:
1365 960 1582 1041 sapius
1614 960 1709 1020 hic
1739 958 2187 1020 inculcavimus.

668 1048 767 1111 24.
798 1037 1310 1110 Verumtamen—ut
1331 1049 1391 1110 in
1416 1037 1690 1130 phesenti
1742 1046 2234 1129 peraccommodo

2395 1046 2460 1105 κδ
2470 1037 2502 1108 ’.
2567 1037 2693 1106 υΙνα
2723 1050 2822 1131 γὰρ
2863 1051 3062 1130 ἀπάρτι
3090 1051 3190 1119 τὴν
3231 1053 3603 1131 προσήκουσαν
3641 1052 3732 1109 καὶ
3761 1052 3828 1110 τὰ
3855 1051 3982 1130 περὶ

590 1139 716 1199 haec
739 1137 1009 1200 examine
1031 1137 1696 1219 subligantur,indeque
1715 1155 1853 1199 vere
1873 1155 2075 1199 sanam
2106 1153 2234 1217 spe-

2319 1137 2512 1194 τούτων
2542 1137 2772 1205 ἰξέτασιν
2819 1147 2959 1222 σχῇ,
2991 1142 3268 1200 κάντεῦθεν
3296 1143 3395 1211 τῆς
3429 1141 3604 1220 ὒγιοῦς
3636 1141 3803 1205 ὅντως
3845 1139 3979 1196 ἑπι-

589 1227 945 1288 culationem
975 1235 1149 1307 atque
1179 1227 1578 1305 cognitionem
1613 1236 2072 1308 consequantur,
2097 1244 2232 1288 ora-

2319 1223 2559 1294 τεύξηται
2601 1229 2819 1308 θεωρίας
2874 1231 2962 1287 καὶ
3005 1230 3278 1311 γνώσεως,
3331 1237 3424 1288 τοῦ
3453 1229 3613 1309 λόγου
3641 1231 3740 1298 τὴν
3767 1251 3978 1308 καταρ-

589 1316 768 1378 tionis
797 1323 1013 1377 nostra:
1051 1316 1218 1377 initio
1258 1317 1412 1380 facto
1447 1317 1604 1398 quod
1644 1317 1953 1397 quaestioni
1977 1316 2052 1377 de
2080 1318 2234 1394 forte

2319 1315 2429 1396 χὴν
2471 1316 2676 1385 ἐκείνην
2709 1317 2948 1399 ἄντικρυς
2980 1319 3356 1396 ποιησαμένων
3401 1321 3579 1396 ἡμῶν,
3631 1319 3698 1388 ἢν
3754 1317 3980 1394 ἐθέμεθα

588 1404 933 1466 dubitanter
954 1423 1080 1466 rem
1106 1404 1483 1484 exprimente
1516 1407 2234 1487 praeposuimus,quomo-

2319 1406 2420 1484 πρὸ
2460 1413 2553 1464 τοῦ
2608 1407 2744 1463 κατὰ
2797 1409 2858 1464 rb
2899 1405 3233 1465 διστακτικὸν
3281 1407 3418 1472 ’ίσως
3461 1409 3798 1484 ζητήματος,
3853 1408 3978 1470 πῶς

592 1495 692 1566 do,
711 1512 823 1555 nec
843 1493 1123 1573 illud,qui
1143 1513 1212 1555 ex
1234 1495 1556 1558 schismate
1588 1504 1744 1567 sunt,
1766 1493 2234 1569 inﬁciantur,sed

2319 1492 2449 1574 ὅπερ
2503 1496 2590 1552 καὶ
2633 1497 2679 1552 οἱ
2708 1498 2801 1553 τοῦ
2842 1498 3140 1575 σχίσματος
3170 1495 3493 1575 ὁμολογοῦσι
3523 1497 3612 1553 καὶ
3639 1493 3982 1576 παραδέχον-

593 1582 768 1664 plane
813 1582 1166 1663 approbant,
1199 1582 1494 1662 dignitate
1523 1584 1819 1646 secundus
1864 1601 2014 1656 esse,
2048 1591 2106 1644 et
2126 1600 2234 1663 qua

2319 1603 2428 1658 ται,
2491 1581 2809 1662 δευτερεύειν
2866 1584 3149 1661 ἀξιώματι,
3195 1587 3285 1643 καὶ
3333 1586 3470 1642 κατὰ
3499 1607 3616 1642 τινα
3643 1583 3804 1663 λόγον
3833 1607 3978 1652 νοη-

590 1671 819 1733 ratione
850 1671 1278 1751 intelligetur,a
1295 1673 1540 1749 Filio,si
1570 1673 1646 1735 ab
1667 1679 1796 1754 ipso
1816 1691 1942 1736 esse
1970 1690 2088 1734 non
2119 1673 2234 1734 ha-

2319 1673 2536 1742 θήσεται
2591 1680 2686 1730 τοῦ
2743 1677 2867 1733 Υίοῦ
2923 1674 2992 1742 λὴ
3049 1672 3173 1754 παρ’
3217 1674 3375 1732 αὖτοῦ
3403 1677 3464 1731 1b
3495 1674 3637 1732 εἶναι
3696 1673 3852 1755 ἔχον,
3885 1676 3980 1731 καὶ

594 1759 818 1836 bet,nec
833 1762 907 1823 ab
919 1767 1048 1841 ipso
1069 1762 1375 1841 accipit,et
1387 1765 1718 1824 annuntiat
1733 1762 1989 1838 nobis,et
2002 1767 2066 1824 in
2078 1778 2234 1824 sum-

2319 1758 2441 1838 παρ’
2499 1761 2656 1819 αὐτοῦ
2739 1760 3008 1836 λαμϐάνον
3086 1763 3174 1820 καὶ
3255 1761 3581 1841 ἀναγγέλλον
3653 1764 3813 1839 ἡμῖν,
3885 1765 3977 1820 καὶ

593 1867 693 1911 ma
709 1849 785 1910 ab
807 1849 917 1910 illa
939 1867 1122 1912 causa
1155 1868 1276 1912 non
1308 1850 1600 1932 dependet
1637 1850 1914 1932 Spiritus
1942 1857 2186 1914 sanctus
2205 1851 2238 1910 9

592 1938 732 2011 Quae
760 1941 886 2001 haec
915 1939 1095 2002 fuerit
1125 1941 1528 2023 dignitas,qua
1561 1943 1858 2004 secundus
1891 1960 2020 2004 esse
2039 1938 2236 2002 aFilio

593 2026 847 2107 Spiritus
876 2037 1111 2091 sanctus
1168 2030 1266 2110 pie
1321 2040 1602 2112 recteque
1658 2030 1910 2092 dicitur?
1961 2031 2133 2092 Anne
2164 2047 2237 2090 ea

597 2137 728 2198 quae
757 2118 945 2180 oritur
974 2137 1045 2180 ex
1075 2126 1364 2198 tempore,
1397 2120 1487 2182 vel
1518 2120 1671 2196 loco,
1702 2119 1794 2181 vel
1818 2119 2096 2181 facultate
2127 2135 2236 2180 na-

596 2207 800 2270 turali?
842 2208 991 2270 Nam
1041 2207 1368 2270 secundum
1429 2208 1648 2270 molem
1709 2207 2103 2288 principatus,
2138 2216 2240 2266 aut

591 2303 1073 2375 potestatem,aut
1093 2295 1696 2371 dominationem,aut
1720 2296 2024 2376 quidpiam
2054 2294 2235 2368 aliud,

593 2402 710 2463 quo
741 2384 1092 2464 simpliciter
1121 2402 1302 2446 unum
1335 2384 1409 2446 ab
1459 2385 1575 2446 alio
1623 2384 1893 2465 superari
1925 2382 2238 2463 cognosci-

594 2491 750 2549 mus,
783 2473 1009 2534 nemini
1040 2491 1158 2534 non
1191 2481 1394 2534 notum
1419 2481 1532 2550 est,
1569 2473 2238 2536 Pneumatomachorum

593 2561 842 2622 latratus
861 2562 1124 2641 esse,qui
1144 2573 1354 2624 contra
1366 2563 1627 2624 divinum
1657 2562 2014 2644 praeconium
2041 2579 2236 2642 prave,

592 2651 713 2710 imo
727 2656 932 2712 contra
945 2651 1300 2729 semetipsos
1319 2651 1723 2731 perniciosius
1737 2649 2061 2714 bacchanal
2077 2668 2239 2712 exer-

594 2747 866 2820 cuerunt,
902 2747 958 2801 et
979 2739 1141 2820 quod
1171 2740 1504 2802 tereibilem
1536 2741 1598 2803 in
1623 2740 1956 2818 Evangeliis
1983 2738 2239 2801 commi-

593 2828 962 2906 nationem,a
982 2828 1235 2890 Domino
1261 2838 1466 2892 contra
1487 2830 1939 2911 blasphemosin
1952 2828 2237 2909 Spiritum

593 2925 861 2979 sanctum
913 2918 1122 2979 factam
1177 2917 1636 3000 vilipendentes,
1691 2919 1833 2980 dum
1861 2918 1936 2980 de
1975 2917 2237 2979 universi

593 3005 808 3086 Opiﬁce
854 3006 1077 3086 Spiritu
1127 3006 1342 3068 similia
1393 3007 1714 3088 oblatrant,
1770 3009 2060 3086 integrum
2093 3024 2232 3086 pro-

594 3095 739 3174 priis
802 3094 1112 3157 animabus
1167 3095 1478 3158 interitum
1529 3096 1944 3159 conciliarunt.
1969 3094 2238 3176 Namque

592 3183 732 3246 hinc
755 3184 974 3246 nullius
1003 3184 1238 3248 consilii
1301 3186 1600 3266 homines,
1634 3186 2009 3267 pr0priaeque
2035 3184 2240 3247 salutis

590 3275 794 3336 hostes
822 3273 1137 3355 immanes,
1164 3275 1298 3336 vita:
1327 3276 1614 3356 principis
1645 3273 1900 3356 Spiritus
1951 3274 2234 3354 majesta-

593 3370 712 3423 tem
734 3362 1177 3437 imminuentes,
1215 3365 1532 3427 essentiam
1565 3364 1844 3426 deitatem
1869 3363 2028 3424 illius
2047 3363 2241 3424 minus

592 3451 815 3512 habere
845 3451 1125 3513 audacter
1153 3453 1619 3534 contendebant,
1650 3455 1735 3515 uti
1766 3452 1838 3513 ab
1871 3452 2076 3533 iniquo
2109 3453 2240 3532 spi-

591 3539 710 3600 ritu
738 3539 922 3600 intlati
953 3540 1366 3621 inspiratique,
1401 3559 1536 3602 cum
1589 3541 1807 3621 quibus
1865 3560 2110 3620 magnus
2141 3541 2238 3603 hic

591 3627 840 3690 Basilius
873 3629 1244 3710 depugnans,
1296 3629 1554 3691 similem
1579 3637 1869 3710 perpetuo
1895 3629 2238 3692 absurdita-

592 3725 711 3779 tem
737 3718 1608 3799 coarguebat,conﬁdenterque
1638 3737 1706 3780 ac
1739 3717 1928 3781 libere
1956 3719 2237 3784 condem-

593 3806 790 3867 nabat.
825 3805 990 3868 Haud
1023 3825 1126 3888 par
1147 3807 1347 3883 fuerit,
1379 3808 1595 3889 quibus
1624 3808 1712 3870 illi
1743 3827 1910 3870 suam
1959 3809 2233 3872 haeresim

592 3893 990 3971 stabiliebant,
1027 3903 1084 3956 et
1136 3914 1388 3977 quorum
1419 3897 1688 3960 furentes
1728 3897 1964 3959 auxiliis
1995 3897 2236 3960 munie-

592 3983 908 4059 bantur,ad
934 3985 1396 4047 conﬁrmandam
1423 3986 1862 4068 improbitatem
1885 3985 1987 4048 illa
2023 3987 2232 4049 eadem

592 4072 887 4134 interdum
919 4073 1151 4154 opinari
1190 4093 1297 4136 nos
1328 4075 1595 4151 omnino,
1633 4095 1910 4155 magnum
1943 4075 2109 4136 illum
2139 4075 2232 4136 vi-

589 4180 721 4224 rum
750 4163 1094 4244 accepisse,
1141 4164 1502 4246 dignitatem
1526 4215 1541 4245 ,
1581 4165 1822 4245 inquam
1866 4183 1981 4244 qua
2011 4163 2234 4226 dictum

2318 1848 2458 1912 ὅλως
2515 1849 2720 1918 ἐκείνης
2787 1851 2884 1919 τῆς
2941 1851 3109 1916 αἰτίας
3165 1850 3459 1928 εξημμὲνον
3516 1853 3578 1908 rb
3628 1857 3841 1926 Πνεῦμα
3914 1854 3977 1908 1‘0

2317 1938 2519 2018 ἅγιον,
2577 1945 2744 1996 Ποῖον
2830 1938 3036 2015 ἀξίωμα
3114 1947 3267 1997 τοῦτο
3323 1941 3452 1997 καθὸ
3507 1939 3821 2020 δευτερεύειν
3880 1950 3979 1999 τοῦ

2320 2029 2442 2108 ξὶοῦ
2499 2028 2559 2083 rb
2616 2033 2832 2104 Πνεῦμα
2859 2029 2922 2084 τὸ
2963 2028 3115 2106 ἅγιον
3143 2025 3368 2091 εὐσεϐῶς
3397 2029 3625 2108 ὑπάρχει
3653 2026 3973 2107 λεγόμενονι

2321 2103 2452 2194 Ἀρα
2507 2118 2584 2192 μὴ
2609 2117 2671 2174 rb
2714 2103 2851 2174 κατὰ
2880 2103 3097 2197 χρόνον,
3131 2117 3168 2184 ἣ
3195 2118 3358 2174 τόπον
3389 2115 3425 2184 ἣ
3454 2103 3669 2193 δύναμιν
3698 2103 3936 2198 φυσικὴν
3962 2136 3979 2193 ;

2322 2206 2394 2262 Τὸ
2447 2203 2504 2261 δὲ
2559 2203 2678 2262 κατ’
2720 2204 2880 2284 ὄγκον
2949 2205 3150 2286 ἀρχῆς,
3183 2207 3270 2263 καὶ
3299 2204 3553 2281 ἐξουσίας,
3585 2207 3674 2262 καὶ
3714 2206 3979 2286 κυριότη-

2320 2313 2434 2368 τος,
2495 2293 2532 2360 ἢ
2591 2294 2709 2350 καθ’
2781 2292 2956 2374 ἕτερον
3013 2316 3063 2351 τι
3119 2294 3227 2349 τῶν
3283 2295 3428 2359 ὃσοις
3458 2292 3783 2360 ἁπαξαπλῶς
3837 2294 3978 2354 ἄλλο

2321 2385 2728 2462 καθυπερτερετν
2773 2381 2937 2440 ἄλλου
2979 2383 3333 2462 γινώσκομεν,
3407 2381 3546 2440 ἀλλὰ
3614 2385 3838 2462 φανερὸν
3899 2387 3975 2448 ὡς

2323 2469 2532 2528 ἅπαντα
2587 2479 2754 2530 ταῦτα
2822 2472 3101 2549 βαύσματα
3161 2478 3266 2529 τῶν
3319 2473 3794 2553 Πνευματομάχων
3848 2475 3970 2550 εἰσὶ,

2322 2560 2460 2616 κατὰ
2517 2560 2612 2618 τοῦ
2694 2562 2832 2618 θείου
2904 2562 3242 2640 κηρύγματος
3316 2562 3496 2625 κακῶς
3572 2559 3970 2637 λυττησάντων,

2323 2649 2412 2706 καὶ
2466 2646 2582 2706 καθ’
2639 2649 2840 2710 ἑαυτῶν
2906 2651 3116 2725 κάκιον,
3182 2649 3244 2730 ἐφ
3283 2651 3329 2726 ᾦ
3377 2649 3476 2716 τῆς
3517 2649 3572 2706 ἒν
3629 2649 3974 2729 Εύαγγελίοις

2323 2734 2548 2817 φοϐερᾶς
2606 2737 2772 2802 οὕτως
2849 2736 3210 2817 ἀλογήσαντες
3276 2736 3526 2814 ἆπειλῆς,
3571 2737 3637 2807 ἢν
3697 2739 3725 2796 ὃ
3785 2740 3971 2820 Κύριος

2320 2839 2438 2890 τοϊς
2481 2827 2554 2891 εἷς
2597 2827 2659 2884 1b
2715 2831 2931 2902 Πνεῦμα
2986 2828 3049 2882 τὸ
3087 2826 3241 2905 ἅγιον
3295 2825 3509 2885 ἀπειλεῖ
3566 2825 3969 2908 βλασφημήσα-

2320 2935 2426 2994 σιν,
2487 2914 2540 2972 ἑν
2569 2915 2647 2990 τῷ
2695 2921 2785 2972 οοῦ
2813 2925 3141 2994 παντουργοῦ
3187 2915 3372 2974 τούτου
3409 2915 3713 2992 Πνεύματος
3756 2922 3970 2974 τοιαῦτα

2319 3001 2694 3086 καθυλακτετν,
2737 3002 3008 3086 ἀπώλειαν
3062 3003 3296 3072 παντελῆ
3351 3017 3473 3068 ταῖς
3504 3006 3718 3068 οἰκείαις
3761 3009 3971 3086 ψυχαῖς

2320 3081 2700 3172 προεξὲνῃσανξ
2757 3083 2955 3151 ’Ἔνθεν
2997 3093 3086 3149 καὶ
3141 3094 3242 3172 γὰρ
3297 3095 3345 3150 οἱ
3389 3094 3628 3168 μάταιοι,
3708 3096 3796 3152 καὶ
3836 3081 3971 3162 ητῆς

2323 3181 2524 3239 ἑαυτῶν
2569 3181 2835 3262 σωτηρίας
2891 3181 3070 3262 ἐχθροί
3156 3183 3673 3263 κατασμικρύναντες
3742 3185 3805 3241 1b
3863 3205 3968 3260 με-

2322 3270 2542 3349 γαλεῖον
2599 3270 2691 3327 τοῦ
2732 3272 3038 3350 ζωαρχικοῦ
3097 3271 3400 3347 Πνεύματος
3453 3271 3554 3340 τὴν
3612 3273 3813 3352 οὐσίαν,
3885 3273 3973 3329 καὶ

2321 3360 2421 3428 τὴν
2463 3361 2691 3428 θεότητα
2759 3361 2944 3418 τούτου
3017 3361 3079 3418 1b
3151 3359 3370 3418 ἔλαττον
3437 3361 3610 3440 φέρειν
3665 3359 3974 3419 διετείνοντο

2319 3445 2631 3530 τολμηρῶς,
2703 3449 2938 3528 καθάπερ
3020 3451 3122 3507 ὑπὸ
3203 3456 3296 3507 τοῦ
3359 3457 3593 3530 πονηροῦ
3675 3451 3973 3528 πνεύματος

2318 3539 2409 3595 τὸν
2454 3547 2576 3596 νοῦν
2619 3537 2990 3617 ἐμφυσώμενοί
3037 3559 3096 3594 τε
3153 3539 3241 3596 καὶ
3289 3537 3666 3616 ὶμπνεόμενοι,
3699 3541 3828 3620 πρὸς
3885 3538 3973 3604 οὓς

2319 3627 2409 3684 τὸν
2464 3627 2698 3703 πόλεμον
2753 3629 2781 3684 ὁ
2844 3625 3011 3692 πολὺς
3084 3629 3234 3692 οὗτος
3292 3626 3567 3693 Βασίλειος
3634 3627 3970 3704 κεκτημένος

2321 3713 2601 3794 διηνεκῶς,
2661 3716 2760 3784 τὴν
2808 3716 3061 3784 τοιαύτην
3108 3714 3347 3797 ἤλεγχεν
3393 3716 3639 3794 ἀτοπίαν,
3699 3718 3789 3775 καὶ
3829 3715 3970 3796 παῤ-

2321 3810 2680 3883 ρησιαστικῶς
2738 3803 3061 3876 κατεδίκαζε.
3125 3811 3234 3865 Ποῦ
3288 3809 3460 3865 τοίνυν
3509 3804 3730 3883 δίκαιον,
3787 3804 3855 3863 δι’
3896 3809 3968 3864 ὧν

2319 3895 2518 3951 ὲκετνοι
2560 3896 2660 3966 τήν
2718 3891 2927 3974 αἵρεσιν
2997 3893 3250 3954 συνίστων
3303 3894 3403 3962 τὴν
3473 3895 3696 3970 ἑαυτῶν,
3754 3896 3844 3952 καὶ
3882 3895 3969 3960 οἷς

2320 3982 2560 4063 ἐχρῶντο
2631 3983 2952 4060 μαινόμενοι
3010 3995 3283 4062 συνεργοῖς
3353 3985 3428 4050 εἰς
3479 3984 3576 4053 τὴν
3629 3983 3727 4052 τῆς
3787 3984 3968 4047 κακίας

2317 4072 2696 4153 συγκρότησιν,
2746 4073 2882 4130 κατὰ
2929 4078 3094 4130 ταῦτα
3136 4075 3196 4129 τὸ
3225 4071 3432 4150 ἀξίωμα
3473 4095 3604 4130 ποτε
3660 4073 3965 4153 λογίσασθαι

2314 4161 2376 4217 rb
2435 4162 2683 4240 παράπαν
2740 4161 2884 4238 ἡμᾶς
2914 4163 3007 4218 rbv
3060 4161 3228 4242 μέγαν
3277 4165 3474 4238 εἰπεῖν,
3528 4162 3755 4240 ἀξίωμα,
3810 4165 3964 4244 φημὶ,

591 4259 680 4313 est
709 4269 747 4314 α
777 4251 930 4314 Filio
958 4251 1261 4332 Spiritum
1285 4261 1563 4316 sanctum
1591 4253 1919 4316 secundum
1944 4269 2088 4315 esse.
2111 4253 2234 4316 Hos

2319 4248 2432 4307 καθ’
2501 4248 2632 4328 ὅπερ
2688 4250 2899 4330 εἴρηται
2983 4248 3301 4328 δευτερεύειν
3371 4261 3464 4312 τοῦ
3524 4255 3644 4310 Υἱοῦ
3684 4253 3746 4309 1b
3803 4257 3966 4309 Πνεῦο

590 4359 700 4402 nos
756 4360 866 4403 nec
925 4342 1124 4404 animo
1184 4360 1295 4404 nec
1346 4341 1702 4423 cogitatione
1752 4341 2230 4422 complectimur,

2319 4361 2392 4414 μα
2433 4340 2495 4395 rb
2536 4339 2737 4420 ἅγιον,
2797 4342 2960 4399 Τοῦτο
3003 4338 3122 4399 κατ’
3203 4339 3349 4398 οὐδὲν
3431 4340 3627 4410 ἥκιστα
3686 4349 3965 4423 φρονοῦμεν

589 4429 874 4509 sapientis
903 4431 1107 4494 Basilii
1139 4431 1474 4512 disciplinae
1505 4433 1788 4507 cultores,
1823 4431 1926 4512 qui
1970 4450 2041 4492 ex
2070 4431 2237 4494 salu-

590 4517 816 4579 taribus
845 4519 1048 4595 gratiae
1075 4520 1313 4583 ﬂuentis
1337 4539 1406 4581 ac
1431 4519 1692 4581 fontibus
1721 4536 1890 4599 aque
1919 4525 2094 4599 atque
2143 4520 2235 4580 Is-

587 4607 710 4667 rael
751 4625 902 4687 aqua
949 4609 1301 4687 cognitionis
1346 4607 1674 4670 infallibilis
1717 4607 2236 4686 hausta,Spiritum

589 4704 862 4759 sanctum
896 4697 1169 4776 ejusdem
1193 4698 1466 4759 essentia;
1491 4716 1561 4759 ac
1592 4695 1915 4758 divinitatis
1945 4714 2078 4758 esse
2101 4714 2235 4759 cum

588 4787 762 4848 Patre
787 4794 846 4848 et
876 4785 1026 4848 Filio
1058 4785 1346 4848 deﬁnivit.
1395 4785 1475 4848 Ex
1509 4785 1726 4867 quibus
1750 4785 2016 4866 sequitur
2036 4784 2236 4848 omni-

589 4874 758 4948 nino,
788 4894 925 4936 eum
961 4874 1138 4936 simul
1165 4895 1298 4936 cum
1343 4874 1519 4937 Patre
1549 4883 1606 4936 et
1633 4873 1802 4948 Filio,
1837 4893 2018 4955 supra
2061 4891 2238 4936 omne

588 4972 822 5046 tempus
849 4983 1004 5046 esse,
1031 4964 1132 5045 qui
1165 4972 1500 5046 temporum
1543 4970 1748 5026 auctor
1793 4969 1904 5038 est,
1954 4962 2233 5024 omnibus

590 5064 967 5134 praesentem,
996 5063 1056 5116 et
1086 5055 1286 5115 omnia
1315 5053 1738 5133 complentem,
1768 5060 2040 5130 tanquam
2067 5051 2231 5114 inde-

585 5143 815 5205 finitum
848 5150 1022 5222 atque
1045 5143 1646 5222 incircumscriptum,
1675 5149 1884 5202 natura
1913 5159 2022 5202 sua
2052 5159 2234 5221 quam

589 5233 841 5296 maxime
873 5233 1110 5309 fortem,
1145 5233 1294 5294 nihil
1322 5251 1440 5293 non
1467 5239 1793 5312 potentem,
1829 5229 1915 5291 uti
1943 5231 2236 5293 universa

589 5331 876 5384 creaturae
905 5323 1215 5404 factorem,
1252 5329 1570 5403 potestate,
1605 5320 1944 5402 imperio,et
1971 5319 2238 5382 domina-

590 5411 956 5480 tionererum
1015 5411 1282 5473 omnium
1354 5411 1678 5489 gloriosum
1736 5411 1846 5490 uti,
1889 5408 1990 5489 qui
2036 5409 2236 5472 omnia

590 5499 812 5578 pugillo
843 5499 1202 5576 continet,et
1224 5500 1424 5562 omnia
1446 5500 1570 5562 sola
1599 5499 1894 5560 voluntate
1921 5497 2229 5581 gubernat;

589 5588 664 5648 ad
697 5589 821 5650 haec
857 5587 1124 5666 ejusdem
1152 5587 1440 5650 sessionis
1470 5607 1604 5650 cum
1640 5587 1812 5650 Patre
1841 5595 1899 5648 et
1928 5586 2098 5662 Filio,
2135 5587 2234 5650 in-

592 5671 786 5753 deque
817 5673 996 5737 etiam
1030 5692 1163 5736 cum
1198 5675 1346 5754 ipsis
1379 5676 1620 5755 aequalis
1649 5675 1850 5754 gloriae
1872 5681 1929 5735 et
1959 5673 2224 5751 honoris,

2317 4431 2512 4503 αὐτῶν,
2575 4451 2769 4505 μυσται
2825 4433 2919 4486 ⁶ἰοῦ
2963 4440 3126 4510 σοφοῦ
3174 4430 3450 4492 Βασιλείου
3479 4432 3858 4513 τυγχάνοντες,
3913 4434 3963 4497 ὃς

2317 4517 2377 4574 ἐκ
2419 4522 2526 4574 τῶν
2596 4519 2874 4597 σωτηρίων
2923 4523 3022 4586 τῆς
3093 4520 3319 4600 χάριτος
3380 4521 3649 4596 νομάτων,
3708 4521 3814 4579 κάκ
3864 4527 3962 4578 τῶν

2317 4611 2509 4686 πηγῶν
2567 4610 2672 4688 οὐχ
2740 4609 2900 4674 ἦττον
2983 4619 3076 4669 τοῦ
3144 4607 3360 4690 Ἰσραὴλ
3429 4610 3757 4689 ἀρυσάμενος

2319 4698 2566 4775 γνώσεως
2611 4695 2888 4773 ἀψευδοῦς,
2962 4699 3022 4758 1b
3081 4701 3293 4774 Πνεῦμα
3355 4700 3415 4756 1b
3456 4699 3614 4778 ἅγιον
3655 4705 3758 4767 τῆς
3813 4703 3958 4768 αὐτῆς

2320 4784 2498 4849 οὐσίας
2556 4787 2645 4842 καὶ
2685 4787 2934 4854 θεότητος
2989 4793 3067 4862 τῷ
3113 4789 3272 4867 Πατρὶ
3328 4785 3574 4855 δηλονότι
3616 4789 3705 4845 καὶ
3745 4795 3824 4863 τῷ
3865 4790 3958 4862 Υίῷ

2319 4871 2436 4932 λίαν
2505 4875 2667 4954 ὀρθῶς
2724 4874 3074 4954 ἐδογμάτισεν
3109 4894 3125 4911 ⁸
3208 4875 3262 4944 EE
3344 4879 3417 4935 ὧν
3502 4875 3686 4935 ἕπεται
3761 4877 3959 4941 πάντως

2319 4961 2457 5038 μετὰ
2494 4970 2586 5021 τοῦ
2647 4966 2851 5044 [ἰατρὸς
2908 4972 3067 5038 τοῦτο
3107 4965 3196 5022 καὶ
3237 4965 3332 5024 τοῦ
3375 4967 3498 5023 Υἱοῦ
3549 4965 3749 5046 χρόνου
3777 4968 3959 5031 παντὸς

2314 5050 2584 5133 ὒπαίρχον,
2644 5055 2716 5119 ὡς
2770 5055 2979 5124 ποητὴν
3055 5059 3162 5112 τῶν
3233 5054 3443 5134 χρόνων
3506 5053 3773 5130 ἰπέκεινα,
3830 5078 3962 5112 παν-

2314 5141 2508 5221 ταχόθι
2553 5143 2746 5221 παρὸν,
2808 5141 2902 5199 καί
2961 5143 3028 5199 τὰ
3073 5143 3248 5200 πάντα
3289 5142 3550 5225 πληροῦν,
3606 5145 3682 5209 ὡς
3734 5144 3960 5222 ἀόριστόν

2315 5250 2374 5286 τε
2431 5232 2519 5287 καὶ
2593 5231 3006 5313 ἆπερίγραπτον,
3051 5231 3321 5297 παναλκὲς
3363 5239 3432 5310 τῇ
3489 5233 3638 5313 φύσει
3688 5235 3776 5294 καὶ
3829 5256 3958 5291 παν-

2317 5320 2520 5400 σθενὲς,
2553 5321 2627 5384 ὡς
2685 5319 2862 5388 πάσης
2915 5319 3234 5402 δημιουργὸν
3292 5322 3539 5398 κτίσεως,
3588 5323 3684 5391 τὴν
3715 5321 3954 5398 ἰξουσίαν,

2316 5409 2405 5465 καί
2447 5408 2547 5476 τὴν
2603 5408 2781 5489 ἀρχὴν
2837 5410 2926 5474 καὶ
2984 5411 3083 5480 τὴν
3114 5411 3398 5491 κυριότητα
3429 5417 3534 5470 τῶν
3565 5409 3705 5469 ὅλων
3747 5412 3954 5492 αῦχοῦν,

2317 5501 2393 5563 ὡς
2462 5496 2936 5579 περιδεδραγμένον
3006 5501 3200 5565 αὐτῶν,
3292 5501 3383 5557 καὶ
3459 5506 3626 5564 ταῦτα
3713 5499 3958 5581 κυϐερνῶν

2317 5588 2481 5665 μόνον
2550 5593 2628 5663 τῷ
2693 5585 2997 5672 βούλεσθαι,
3080 5591 3211 5670 πρὸς
3264 5589 3475 5654 τούτοις
3537 5588 3822 5670 ὀμόθρονον
3889 5593 3960 5665 τῷ

2317 5679 2479 5751 Πατρί
2561 5698 2616 5742 τε
2689 5678 2774 5734 καὶ
2840 5684 2917 5752 τῷ
3006 5680 3134 5754 Υίῷ,
3209 5678 3481 5752 κάντεῦθεν
3545 5675 3796 5753 ἆμόδρξεεν
3851 5693 3954 5750 τοῖς
