4176 6290
287 290 442 378 1201

1203 309 1300 372 os
1347 285 1851 372 PROCESSIONE
1895 306 1956 367 s.
2003 304 2355 366 SPIBITUS
2396 305 2621 367 ORAT.
2669 301 2746 366 II.

3505 298 3662 364 i202

282 445 472 511 αὐτοῖς
531 446 621 504 καὶ
678 444 961 522 ὁμότιμον,
1036 442 1220 507 ἀπλῶς
1289 441 1460 500 πάντα
1509 441 1788 518 πλουτοῦν,
1837 441 1958 498 ὅσα⁴

2041 445 2077 500 ει
2106 440 2165 501 in
2196 455 2429 502 summa
2457 439 2702 502 ditatum
2733 438 3036 515 omnibus,
3065 459 3099 502 a
3142 438 3426 519 dignitate
3458 436 3664 499 divina

281 538 482 598 θεϊκῶς
541 535 628 592 καὶ
671 531 787 591 κατ’
821 535 1000 590 οὖσίαν
1058 533 1086 589 ὁ
1129 532 1313 605 Πατὴρ
1369 533 1577 609 σύναμα
1606 532 1693 589 καὶ
1723 534 1750 588 ὁ
1794 533 1938 606 Υἱὸς,

282 622 432 692 πλὴν
473 630 581 681 τῶν
625 624 723 681 κάθ
790 621 1010 680 ἕκαστον
1071 623 1241 678 αὐτῶν
1296 619 1600 694 ἰδιοτήτων,
1646 623 1732 678 καί
1789 619 1842 677 εἴ
1896 622 1945 676 τί

283 735 393 770 που
434 714 638 770 τούτοιν
695 711 898 791 ἀμφοῖν
956 709 1067 766 ἐστι
1105 711 1428 791 πρόσφορον.
1492 708 1639 767 Οὕτω
1680 711 1799 788 περὶ
1853 711 1946 766 τοῦ

281 802 386 870 τῆς
443 804 735 883 θεαρχικῆς
819 797 1035 880 Τριάδος
1105 800 1244 873 ἑνὸς,
1304 806 1396 856 τοῦ
1445 799 1702 878 παναγίου
1743 797 1948 866 δηλαδῆ

286 891 626 970 Πνεὺματος,
682 888 1037 966 θεολογοῦμεν
1094 889 1286 963 ἡμεῖς.
1344 893 1590 945 Τοιοῦτον
1655 887 1780 944 αὐτὸ
1821 899 1944 951 ταῖς

283 987 385 1036 τοῦ
457 978 718 1058 μεγάλου,
746 978 952 1056 Πατρὸς
1021 974 1295 1032 Βασιλείου
1357 976 1552 1056 σοφαῖς
1609 977 1948 1055 εἰσηγήσεσιν

287 1067 755 1134 ἐξακολουθοῦντες
825 1062 1206 1145 πρεσϐεύομεν.
1298 1064 1392 1120 Διὸ
1455 1065 1543 1120 καὶ
1602 1069 1662 1122 τὸ
1721 1063 1946 1145 ἀξίωμα,

290 1153 415 1212 καθ’
444 1166 474 1212 ὓ
502 1153 814 1236 δευτερεύειν
844 1151 1054 1231 λέγεται
1098 1154 1158 1209 τὸ
1189 1158 1402 1228 Πνεῦμα
1430 1153 1490 1207 τὸ
1532 1150 1682 1230 ἅγιον
1708 1160 1801 1209 τού
1829 1154 1950 1209 Υἰοῦ

291 1248 404 1301 τῶν
458 1241 942 1323 ἀναγεγραμμένων
986 1239 1439 1316 ἑκλαμϐανόμενοι
1497 1237 1616 1297 κατ’
1645 1238 1812 1316 οῦδὲν,
1860 1237 1951 1297 ἅτε

295 1331 439 1390 πολῦ
493 1335 780 1413 φερόντων,
816 1331 877 1388 τό
921 1328 1217 1410 δύσφημον,
1266 1331 1348 1405 τὸ,
1403 1352 1508 1407 παρ
1533 1331 1689 1386 αὐτοῦ
1715 1331 1776 1386 τὸ
1808 1333 1946 1386 εἶναι

291 1422 452 1502 ἕχον,
521 1423 610 1479 καὶ
698 1420 821 1498 παρ’
896 1421 1054 1477 αὐτοῦ
1139 1415 1408 1494 λαμϐάνον
1478 1419 1566 1475 καί
1621 1417 1948 1497 ἀναγγέλλον

287 1515 455 1586 ἡμῖν,
544 1512 632 1568 καὶ
711 1509 851 1574 ὅλως
923 1507 1128 1575 ἐκείνης
1211 1511 1308 1576 τῆς
1370 1508 1538 1571 αἰτίας
1598 1505 1892 1584 ἐξημμένον
1930 1527 1944 1542 ·

293 1606 401 1667 τῆς
455 1597 716 1663 ἐκδόσεως
775 1602 931 1658 αὐτοῦ
987 1604 1079 1655 τοῦ
1120 1599 1376 1676 θεηγόρου
1418 1598 1622 1676 Πατρὸς
1675 1595 1948 1654 Βασιλείου

2025 528 2272 591 minime
2321 529 2601 606 alienum,
2637 527 2852 610 quibus
2899 527 3296 591 essentialiter
3343 527 3518 588 simul
3549 544 3667 587 una

2026 619 2203 680 Pater
2241 625 2300 679 et
2326 618 2510 680 Filius
2539 618 2930 692 adornantur,
2983 617 3249 698 exceptis
3293 615 3664 696 singulorum

2030 705 2574 788 proprietatibus,et
2611 707 2661 769 si
2704 706 2846 788 quid
2885 714 2974 769 est
3002 707 3160 768 aliud
3192 705 3348 787 quod
3373 701 3664 766 ambobus

2028 796 2160 858 istis
2182 796 2643 859 conveniat.Hoc
2668 795 2842 857 modo
2869 795 2944 857 de
2960 815 3076 857 uno
3101 795 3346 857 Deitatis
3378 792 3667 875 principis

2026 884 2282 958 Triadis,
2317 885 2689 948 sanctissimo
2737 903 2952 964 nempe
2999 885 3244 965 Spiritu,
3281 882 3664 945 decernimus

2029 993 2158 1036 nos.
2192 974 2392 1036 Talem
2427 974 2592 1035 illum
2639 973 3186 1054 providentissimas
3229 971 3428 1052 magni
3473 971 3667 1034 Patris

2030 1063 2230 1126 Basilii
2259 1063 2677 1124 instructiones
2706 1071 3025 1142 sequentes
3061 1070 3356 1125 tenemus.
3381 1059 3664 1140 Propter-

2032 1171 2222 1233 eaque
2269 1161 2325 1213 et
2382 1151 2747 1231 dignitatem,
2784 1169 2899 1232 qua
2951 1151 3248 1212 secundus
3280 1168 3412 1212 esse
3452 1168 3487 1210 a
3513 1148 3664 1210 Filio

2030 1241 2249 1304 dicitur
2280 1239 2534 1322 Spiritus
2577 1248 2837 1315 sanetus,
2897 1257 2966 1300 ex
3011 1241 3139 1318 jam
3191 1257 3372 1319 supra
3429 1238 3669 1319 scriptis

2033 1330 2278 1391 minime
2294 1329 2720 1410 eripientes,ne
2736 1327 2796 1388 in
2810 1327 3101 1388 immanes
3119 1325 3522 1407 blasphemias
3540 1344 3670 1406 pro-

2029 1417 2317 1491 labamur,
2343 1417 2512 1492 illud,
2537 1435 2614 1479 ea:
2631 1419 2764 1496 ipso
2781 1433 2905 1478 esse
2927 1415 3408 1494 possidentem,et
3437 1413 3512 1475 ab
3537 1415 3668 1494 ipso

2031 1507 2425 1584 accipientem
2443 1512 2497 1566 et
2522 1504 2982 1566 denuntiantem
2999 1501 3244 1567 nobis,et
3266 1502 3332 1562 in
3345 1516 3580 1561 summa
3595 1499 3671 1561 ab

2034 1594 2142 1658 illa
2164 1612 2349 1656 causa
2379 1593 2908 1673 dependentem,ex
2936 1591 3160 1652 calamo
3193 1605 3490 1670 manuque
3521 1586 3674 1648 divi-

292 1690 613 1765 πιστεύομεν
684 1686 1077 1767 ἀναντιῤῥήτως
1154 1685 1355 1767 τελεῖν,
1441 1689 1514 1752 ὡς
1573 1686 1942 1765 ἐξηγουμένου,

2041 1683 2259 1764 niloqui
2277 1683 2592 1762 magnique
2615 1680 2821 1742 Basilii
2850 1679 3212 1761 processisse
3261 1678 3407 1739 citra
3433 1684 3674 1738 contra-

293 1780 418 1842 πῶς
475 1777 662 1858 εἴρηκε
713 1774 1023 1856 δευτερεύειν
1067 1775 1322 1851 ἀξιώματι
1365 1782 1456 1832 τοῦ
1505 1779 1625 1832 Tim}
1677 1777 1739 1832 τὸ
1781 1782 1950 1832 Πνευ-

2041 1755 2354 1834 dictionem
2378 1755 2910 1850 credimus,aliquo
2942 1769 3117 1830 modo
3150 1766 3676 1858 exponentis,_qua

295 1890 378 1942 μα
419 1869 480 1925 τὸ
514 1866 707 1946 -ἅγιον,
771 1866 853 1923 ὅτι
935 1866 1091 1946 φησὶν
1170 1867 1245 1928 ὡς
1303 1863 1426 1944 παρ’
1487 1867 1643 1922 αὒτοῦ
1696 1866 1759 1921 τὸ
1813 1879 1950 1920 εἶναι

294 1958 456 2036 ἕχον,
531 1957 618 2012 καὶ
676 1955 799 2034 παρ’
874 1957 1030 2012 αὐτοῦ
1099 1951 1392 2030 λαμϐάνον,
1477 1955 1564 2010 καὶ
1629 1953 1954 2033 ἀναγγέλλον

295 2048 460 2124 ἡμῖν,
522 2046 609 2101 καὶ
690 2042 829 2106 ὅλως
909 2044 1116 2110 ἐκείνης
1199 2044 1298 2109 τῆς
1389 2043 1555 2108 αἰτίας
1633 2041 1950 2120 ἐξημμένον,

302 2126 392 2191 ιἨ
425 2131 661 2190 δότωσαν
705 2136 751 2190 οἱ
806 2132 938 2212 πρός
1003 2139 1158 2188 τοῦτο
1211 2130 1521 2211 προθέμενοι
1577 2133 1674 2199 τὴν
1719 2132 1952 2188 ἐναντίαν

299 2224 610 2281 παντάπασι
655 2219 879 2298 βαδίζειν
936 2221 1074 2296 ἡμῖν
1118 2219 1299 2299 ἑτέραν
1357 2218 1556 2277 ἔννοιαν
1613 2233 1734 2284 ταῖς
1778 2221 1851 2283 εἰς
1894 2220 1954 2276 τὸ

301 2321 462 2370 Θεϊον
523 2313 702 2390 ὀρθαῖς
746 2308 1048 2386 ὑπολήψεσι
1091 2315 1197 2365 τῶν
1248 2307 1493 2387 Πατέρων
1542 2307 1950 2388 συντρέχουσαν,

299 2401 420 2458 καθ’
479 2401 545 2469 ἣν
601 2399 915 2479 δευτερεύειν
973 2397 1230 2474 ἀξιώματι
1285 2404 1378 2454 τοῦ
1437 2400 1558 2455 Υἱοῦ
1611 2399 1672 2454 τὸ
1742 2405 1955 2473 Πνεῦμα

299 2493 364 2548 τὸ
449 2490 602 2568 ἅγιον
673 2488 904 2568 εἰρῆσθαι
990 2488 1308 2563 νομίζουσιν.
1393 2477 1484 2551 Ὠς
1566 2486 1706 2543 ἔστιν
1756 2485 1954 2544 ἄτοπον

298 2581 554 2641 ἐπιεικῶς
603 2579 800 2644 ταύτην
857 2577 955 2652 μὲν
1012 2573 1422 2651 ἀποδοκιμάζειν
1504 2575 1712 2648 αὐτοὺς,
1783 2574 1955 2644 ὓλην

303 2669 360 2725 δὲ
448 2667 710 2744 μηδεμίαν
794 2671 937 2744 τῶν,
985 2661 1210 2722 εὐσεϐῶν
1308 2665 1537 2742 εἰσάγειν
1605 2663 1956 2740 μηδοπωσοῦν

305 2756 579 2819 δύνασθαι.
642 2755 802 2812 Πόθεν
837 2771 854 2831 ;
903 2743 1087 2812 υΟπου
1113 2775 1175 2831 γε
1217 2757 1317 2820 τῆς
1360 2752 1608 2820 ἀληθείας
1647 2753 1731 2811 ἐπὶ
1759 2755 1956 2817 παντὸς

309 2846 476 2924 λόγου
528 2845 616 2902 καὶ
684 2845 998 2924 πράγματος
1057 2842 1217 2908 οῦσης
1271 2848 1419 2918 μιᾶς,
1463 2842 1670 2921 ἀνάγκη
1702 2841 1756 2900 δὲ
1785 2849 1958 2900 πᾶσαν

303 2934 487 2992 τελεῖν
540 2935 662 3003 μὶαν
704 2935 821 2989 τινὰ
862 2933 950 2989 καὶ
993 2931 1210 2988 ἐνταῦθα
1264 2931 1363 2999 τὴν
1421 2931 1672 3001 ἀληθινὴν
1728 2931 1956 2994 ἔννοιαν,

308 3024 457 3090 Αὕτη
488 3021 544 3078 δὲ
595 3021 804 3085 πάντως
863 3021 1213 3092 καθέστηκεν,
1248 3022 1291 3077 εἰ
1335 3018 1420 3077 δεῖ
1461 3021 1729 3098 συντόμως
1764 3024 1956 3096 εἰπεῖν,

2034 1861 2264 1923 ratione
2283 1860 2812 1939 dixerit,dignitate
2841 1859 3172 1920 secundum
3203 1852 3676 1935 esseaFilioSpi-

2033 1951 2214 2012 ritum
2246 1958 2765 2028 sanctum,nempe
2794 1947 2952 2027 quod
2975 1946 3050 2008 ab
3079 1948 3208 2025 ipso
3237 1962 3364 2008 esse
3393 1943 3594 2017 habet,
3619 1947 3676 2004 et

2035 2041 2112 2101 ab
2142 2043 2273 2120 ipso
2303 2039 2516 2119 accipit
2539 2045 2595 2100 et
2622 2037 2947 2100 annuntiat
2995 2035 3191 2109 nobis,
3238 2041 3296 2094 et
3326 2034 3396 2095 in
3440 2049 3677 2094 summa

2037 2129 2113 2192 ab
2143 2129 2254 2192 illa
2281 2145 2464 2190 causa
2491 2125 2923 2206 depeudetzaut
2952 2123 3052 2205 qui
3073 2122 3186 2184 sibi
3213 2127 3673 2204 proposuerunt,

2035 2218 2210 2280 aliam
2241 2216 2530 2297 nobisque
2562 2218 2915 2277 contrariam
2954 2213 3183 2274 calcare
3213 2211 3390 2286 viam,
3426 2217 3675 2272 senten-

2038 2309 2180 2371 tiam
2204 2307 2404 2382 aliam,
2429 2306 2587 2367 sanis
2634 2307 2873 2368 Patrum
2919 2302 2995 2364 de
3034 2301 3288 2363 Numine
3345 2299 3677 2380 apprehen-

2036 2396 2305 2459 sionibus
2333 2394 2689 2458 concordem
2720 2391 3049 2472 insinuent,
3080 2389 3152 2452 ob
3183 2407 3358 2471 quam
3389 2387 3673 2469 Spiritum

2039 2496 2307 2548 sanctum
2334 2503 2367 2547 a
2389 2485 2536 2546 Filio
2567 2483 2894 2546 secundum
2926 2481 3149 2542 dictum
3174 2497 3304 2542 esse
3329 2477 3675 2559 opinantur.

2039 2575 2235 2649 Quare
2281 2573 2600 2636 absurdum
2648 2579 2738 2634 est
2783 2571 2956 2652 plane
3003 2570 3158 2630 hanc
3206 2568 3366 2648 ipsos
3396 2565 3676 2647 rejicere,

2040 2665 2215 2729 aliam
2246 2663 2660 2738 veronullam,
2714 2679 2844 2742 quae
2893 2667 3057 2724 recta
3108 2659 3205 2738 sit,
3257 2657 3470 2718 aﬂ‘erre
3515 2653 3680 2716 nullo

2042 2754 2222 2817 modo
2246 2769 2441 2834 posse.
2476 2751 2784 2814 Undenam
2803 2749 2833 2810 ?
2857 2749 3002 2812 Cum
3034 2765 3153 2809 una
3177 2747 3239 2808 in
3267 2764 3334 2807 re
3365 2761 3678 2807 sermone-

2043 2863 2158 2925 que
2189 2842 2384 2905 omnis
2414 2841 2632 2903 veritas
2676 2840 2772 2912 sit,
2807 2838 2905 2900 hic
2936 2836 3114 2899 etiam
3144 2852 3323 2898 unam
3355 2849 3679 2914 veramque

2043 2921 2400 2996 sententiam
2445 2949 2596 2993 esse.
2630 2928 2767 2990 Haec
2796 2945 2934 2988 vero
2966 2925 3165 2997 fuerit,
3226 2923 3276 2984 si
3328 2921 3680 3002 compendio

2044 3041 2142 3085 res
2171 3020 2540 3102 expedienda
2568 3026 2680 3099 est,
2714 3035 2889 3098 quam
2944 3033 2978 3076 a
3019 3032 3231 3092 magno
3263 3013 3375 3074 hoc
3406 3007 3686 3072 instructi

305 3113 374 3182 ἣν
420 3114 551 3191 πρὸς
622 3118 714 3169 τοῦ
793 3110 1028 3188 μεγάλου
1111 3107 1450 3190 διδαχθέντες
1527 3108 1957 3186 ἀποδεδώκαμεν,

2045 3099 2416 3173 tradidimus.
2442 3105 2955 3184 Quemadmodum
2977 3104 3160 3178 enim,
3183 3109 3250 3191 ut
3276 3116 3411 3164 cum
3442 3099 3684 3191 divinis-

309 3192 348 3215 υ
606 3201 618 3216 ς
716 3199 741 3220 σ
963 3198 978 3221 ν
1077 3199 1090 3220 ν
1137 3199 1152 3218 \
1274 3199 1288 3216 κ
1600 3201 1613 3218 ε
1856 3202 1877 3220 r

351 3212 534 3278 Ωσπερ
564 3222 684 3280 γαρ,
725 3221 809 3256 ινα
858 3221 956 3255 κατ
1038 3219 1193 3254 αυτον
1235 3220 1301 3254 τα
1341 3202 1460 3254 θεῖα
1492 3198 1658 3256 πολυν
1699 3201 1788 3256 καὶ
1819 3203 1960 3262 αυθις

306 3290 438 3372 ἐρῶ,
495 3287 637 3354 τάξει
694 3289 781 3346 καὶ
837 3285 1094 3364 ἀξιώματι
1149 3296 1245 3345 τοῦ
1301 3289 1504 3367 Πατρὸς
1565 3288 1706 3345 ἐστιν
1761 3291 1789 3344 ὸ
1843 3289 1962 3352 Υἱὸς

309 3380 575 3458 δεύτερος,
636 3375 716 3433 ὅτι
770 3375 898 3456 παρ’
953 3380 1112 3436 αὑτοῦ
1177 3374 1430 3442 κέκτηται
1489 3375 1603 3452 μεθ’
1661 3378 1736 3434 ὧν
1790 3375 1963 3437 ἄλλων

309 3469 566 3548 πλουτεῖ,
635 3467 723 3524 καὶ
777 3465 875 3532 τὴν
933 3466 1100 3521 αἰτίαν
1171 3466 1259 3520 καὶ
1318 3465 1417 3532 τὴν
1474 3464 1652 3546 ἀρχὴν
1705 3471 1805 3533 τῆς
1859 3467 1965 3522 ὺπ-

308 3557 536 3638 άρξεως,
599 3557 658 3612 ού
727 3551 844 3611 κατ’
905 3551 1107 3611 ἔννοιαν
1151 3552 1330 3632 ἑτέραν
1387 3554 1504 3610 τινὰ
1551 3554 1642 3611 τοῦ
1669 3552 1965 3630 ἀξιώματος

311 3670 372 3704 τε
417 3647 512 3704 καὶ
552 3649 650 3722 τῇς
704 3642 900 3709 τάξεως
974 3641 1240 3718 οὐδαμῶς,
1323 3639 1607 3723 ἐπειδήπερ
1681 3645 1730 3700 αἱ
1788 3642 1967 3709 λοιπαὶ

312 3743 488 3794 πᾶσαι
545 3733 714 3814 χωρὶς
758 3731 950 3798 ταύτης
982 3731 1332 3811 ἀποφέρονται
1384 3730 1520 3787 πολὺ
1548 3755 1599 3788 τι
1629 3733 1690 3789 τὸ
1718 3731 1966 3812 βλάσφη-

311 3848 415 3904 μον
454 3839 474 3860 ⁶
524 3822 662 3879 οὸτω
692 3819 928 3897 δεύτερον
989 3820 1153 3894 τάξει,
1210 3820 1298 3876 καὶ
1338 3817 1481 3878 τοῦτ’
1518 3823 1644 3880 αὐτὸ
1704 3828 1796 3879 τοῦ
1835 3825 1967 3888 θεη-

2045 3202 2194 3262 slmo
2218 3198 2329 3260 isto
2359 3215 2565 3260 rursus
2588 3193 3077 3276 eloquar,ordine
3089 3198 3142 3254 et
3158 3190 3453 3270 dignitate
3475 3187 3686 3250 Filius

2047 3297 2134 3354 est
2163 3289 2462 3351 secundus
2512 3303 2551 3348 a
2588 3286 2790 3360 Patre,
2845 3281 3002 3363 quod
3053 3279 3127 3342 ab
3183 3281 3312 3357 ipeo
3351 3276 3683 3357 possideat,

2047 3398 2181 3442 cum
2213 3376 2384 3439 bonis
2411 3373 2659 3455 reliquis
2690 3371 2909 3454 quibus
2929 3369 3406 3450 locupletatur,et
3434 3380 3688 3428 causam

2048 3476 2105 3532 et
2130 3468 2508 3549 principium
2536 3481 2658 3526 suae
2690 3460 3081 3549 exsistantiw,
3119 3476 3238 3549 non
3271 3455 3420 3549 alio__
3441 3471 3690 3535 prorsus

2046 3543 2379 3636 signiﬁcatu
2419 3551 2695 3634 digntatis
2760 3557 2818 3612 et
2845 3547 3098 3624 ordinis,
3131 3546 3270 3636 dum
3310 3543 3542 3636 reliqua
3569 3559 3695 3636 om-

2049 3631 2170 3722 nia,
2203 3663 2386 3707 unum
2417 3631 2530 3706 hoc
2579 3643 2631 3704 si
2673 3639 2954 3720 excipias,
3010 3634 3262 3698 immani
3315 3631 3690 3713 blasphemia

2051 3737 2373 3798 horreant:
2406 3733 2492 3794 sic
2525 3739 2582 3793 et
2609 3728 2862 3811 Spiritus
2908 3733 3146 3788 sanctus
3177 3722 3473 3811 secundus
3520 3727 3612 3782 est
3659 3739 3694 3782 a

2049 3824 2199 3887 Filio
2232 3831 2289 3885 et
2312 3822 2595 3900 dignitatc
2620 3810 2679 3882 et
2709 3817 2942 3892 ordine,
2975 3831 3094 3879 non
3121 3821 3183 3874 ut
3206 3811 3322 3892 ipsi
3348 3810 3692 3900 opinantur,

309 3897 480 3995 γόρου
538 3911 768 3991 Πατρὸς,
824 3909 913 3964 καὶ
982 3907 1240 3984 ἄξιώματι
1297 3910 1357 3965 τὸ
1413 3915 1625 3984 Πνεῦμα
1685 3912 1747 3967 τὸ
1818 3910 1958 3989 ἅγιοι

2052 3913 2154 3974 sed
2181 3920 2245 3974 ut
2273 3897 2502 3974 exsistit
2529 3909 2600 3971 ab
2631 3906 2962 3995 unigenito,
3021 3910 3246 3964 tantum
3287 3902 3425 3995 quia
3454 3897 3527 3995 ab
3555 3897 3691 3995 ipso

323 3985 1090 4055 ..,,8.'-,~”
1459 3997 1472 4019 ,
1683 3999 1693 4018 '
1869 3985 1958 4016 -.

306 4026 411 4062 κατ
504 4024 564 4059 ου
595 4021 746 4075 εμιαν
822 4019 990 4054 αυτων
1067 4019 1292 4069 εννοιαν,
1356 3996 1454 4054 ἀλλ
1530 3997 1567 4066 ἣ
1630 4021 1827 4078 πεφυκε
1881 4022 1958 4057 τοι

2056 4021 2188 4065 esse
2217 4001 2481 4076 habet,et
2509 3997 2579 4060 ab
2611 3985 3074 4078 ipsovaccipit,et
3102 3990 3413 4078 annuntiat
3431 3985 3697 4063 nobis,et

306 4095 675 4170 Μονογενοῦς,
728 4085 870 4154 πλὴν
916 4085 995 4142 ὅτι
1039 4109 1122 4143 τοι
1166 4085 1293 4165 παρ’
1335 4088 1494 4146 αὐτοῦ
1535 4090 1596 4144 τὸ
1631 4077 1774 4146 εἶναι
1828 4088 1958 4169 ἔχει,

2055 4092 2114 4154 in
2145 4108 2374 4152 summa
2417 4087 2490 4149 ab
2540 4077 2649 4149 illa,
2676 4102 2856 4147 causa
2899 4081 3138 4162 pendet,
3172 4079 3256 4170 uti
3288 4077 3525 4158 sapiens
3558 4093 3691 4170 ma-

307 4184 398 4239 καὶ
464 4175 590 4257 παρ’
647 4164 806 4235 αὺτοῦ
862 4172 1122 4253 λαμϐάνει
1170 4175 1258 4232 καὶ
1313 4174 1626 4255 ἀναγγέλλει
1669 4177 1828 4253 ἡμῖν,
1858 4164 1958 4234 -καῖ

2054 4197 2320 4260 gnusque
2371 4175 2623 4241 Basilius
2652 4171 2943 4236 decernit.
2987 4170 3091 4231 His
3122 4167 3494 4260 potissimum
3523 4164 3695 4226 volu-

313 4270 459 4334 ὅλως
519 4256 726 4332 ἐκείνης
789 4267 888 4333 τῆς
960 4266 1126 4329 αἰτίας
1170 4263 1415 4345 ἐξῆπται,
1473 4267 1610 4322 κατὰ
1663 4268 1754 4322 τὸν
1812 4267 1958 4346 σοφὺι

2057 4256 2242 4330 mina
2265 4267 2487 4342 omnia,
2519 4265 2581 4325 in
2625 4261 2838 4344 quibus
2885 4259 3109 4322 dictum
3157 4256 3350 4319 simile
3394 4260 3693 4332 exaratur,

315 4361 404 4416 καὶ
468 4361 636 4435 μεγαν
694 4353 988 4414 Βασίλειον.
1055 4351 1152 4411 Ἐκ
1191 4344 1404 4412 τούτων
1448 4355 1535 4411 καὶ
1581 4355 1810 4431 μάλιστα
1878 4344 1958 4415 τὰς

2056 4356 2376 4439 genuinam
2391 4351 2890 4436 pulchritudinem
2907 4347 3099 4410 Patris
3120 4344 3380 4408 retinere
3397 4359 3698 4439 assevera-

321 4445 562 4525 βίϐλους,
623 4443 716 4508 αῖς
763 4443 996 4522 ἔγκειται
1039 4443 1099 4498 τὸ
1141 4448 1374 4500 τοιοῦτον
1436 4429 1621 4521 ῥητὸν,
1680 4443 1958 4516 arcadii-zu

2057 4429 2209 4522 inus,
2242 4429 2470 4525 reliqua
2494 4443 2714 4515 omnia,
2748 4441 2810 4501 in
2835 4437 3052 4525 quibus
3075 4453 3194 4496 non
3225 4433 3460 4514 legitur,
3494 4429 3698 4512 spuria

318 4523 380 4592 τὸ
424 4523 646 4614 γνήσιον
707 4530 904 4594 κάλλος
965 4531 1058 4586 τοῦ
1111 4532 1315 4607 Πατρὸς
1364 4529 1797 4609 διαϐεϐαιούμεθα
1831 4550 1846 4565 ·
1879 4535 1958 4591 τὰς

2057 4548 2236 4620 atque
2263 4523 2588 4596 adulterata
2617 4547 2750 4596 esse
2779 4523 3180 4589 decernimus.

317 4622 374 4680 δὲ
417 4622 611 4687 λοιπὰς
643 4621 792 4685 ὅσαις
823 4626 1002 4685 ποσῶς
1056 4617 1288 4698 ἔγκειται
1331 4617 1537 4690 δηλαδὴ
1565 4623 1628 4678 τὸ
1683 4621 1832 4680 νόθον
1887 4624 1977 4680 καὶ

317 4713 726 4794 παρέγγραπτον
756 4709 903 4791 ἔχειν
946 4708 1340 4790 ἀποφαινόμεθα
1351 4755 1366 4772 .
3619 4759 3634 4770 ,

400 4779 678 4875 κεληΠρὸς
731 4779 907 4855 ἄηκαὶ
964 4779 1369 4874 μὴ’σθένοντες
1432 4797 1732 4878 ἀντιλέγειν.
1779 4801 1826 4856 οἰ
1881 4797 1958 4856 διᾶ

2140 4795 2241 4878 25,
2273 4792 2460 4857 Dictis
2480 4808 2612 4853 cum
2639 4784 3064 4878 contradicere
3080 4779 3698 4878 nequeant,quirebus

320 4893 520 4957 παντὸς
576 4869 696 4947 κατ’
750 4885 916 4967 ὄρεξιν
961 4869 1026 4954 δὴ
1082 4886 1251 4962 μόνην
1282 4888 1370 4944 καί
1413 4869 1743 4964 θέλημααῆς
1776 4889 1958 4951 οἰκείας

2052 4887 2114 4949 in
2142 4869 2417 4948 omnibus
2439 4878 2595 4963 quod
2616 4875 2898 4967 voluntati
2920 4882 2977 4967 et
3004 4869 3240 4967 libidini
3255 4890 3376 4934 sua;
3402 4870 3703 4967 obsecun-

322 4980 505 5058 ψυχῆς
562 4978 874 5058 ἡγούμενοι,
938 4983 1088 5033 τοῦτο
1143 4977 1364 5058 τρυφὴν,
1425 4978 1648 5058 φήσαιεν
1701 4976 1763 5034 ἂν
1810 4977 1969 5059 ἴσως,

319 5069 411 5123 ἰπὶ
442 5069 504 5124 τὸ
558 5068 721 5146 ῥητὸν
777 5075 869 5125 τοῦ
912 5065 1192 5124 Νυσσαέων
1249 5065 1628 5146 ἀρχιποίμενος
1659 5069 1971 5147 Γρηγορίου,

326 5163 420 5211 τοῦ
489 5171 608 5220 τοῖς
680 5153 907 5230 δόγμασι
984 5149 1264 5224 διαϐοήτου
1321 5153 1789 5230 μεταπηδήσαντες
1841 5158 1977 5215 κατὰ

325 5245 446 5307 τοὺς
510 5245 752 5324 ἀγεννεῖς
826 5249 932 5299 τῶν
1006 5240 1433 5300 καταϐαινόντων
1512 5245 1582 5309 εἰς
1637 5245 1698 5300 τὸ
1769 5243 1977 5304 στάδιον

328 5330 599 5408 ἂθλητων,
660 5331 859 5395 οἵτινες
917 5330 1059 5387 ἔστιν
1119 5333 1180 5387 οὗ
1232 5331 1485 5409 γέμοντες
1537 5331 1800 5396 ἀναιδείας
1844 5337 1976 5410 ὁμοῦ

331 5422 419 5477 καὶ
478 5424 838 5502 φρονήματος,
912 5417 1120 5476 ἐπειδὰν
1175 5421 1442 5488 ἡττηθῶσι
1499 5421 1616 5478 καθ’
1669 5422 1722 5478 ἔν
1777 5423 1978 5502 ἀγώνι-

329 5531 465 5584 σμα,
531 5513 668 5592 φημὶ
723 5511 822 5578 τὴν
865 5507 1042 5576 πάλην
1093 5511 1281 5588 τυχὸν,
1343 5509 1528 5589 ἀθρόον
1582 5513 1668 5568 καὶ
1723 5514 1977 5591 παρευθὺς

326 5598 559 5679 θρασέως
615 5622 727 5667 πως
835 5594 1211 5676 μεταπηδῶσ·ν
1268 5597 1349 5678 ἐφ’
1408 5597 1609 5680 ἕτερον,
1661 5601 1800 5677 μήτε
1857 5593 1978 5669 τοὺς

2055 4974 2363 5057 dat,idque
2413 4959 2670 5054 propriae
2697 4965 2911 5057 animae
2942 4961 3190 5057 delicias
3219 4969 3394 5057 atque
3425 4959 3697 5057 oblecta—

2056 5049 2787 5143 menta-reputantdicent
2815 5054 3090 5143 fortasse,
3125 5049 3189 5112 in
3219 5049 3445 5143 dictum
3479 5050 3702 5143 Grego-

2058 5155 2132 5217 rii
2164 5137 2559 5234 Nyssenorum
2591 5139 3350 5234 antistitis,in‘dogmatibus
3371 5137 3702 5234 statuendis

2059 5226 2464 5312 celeberrimi,
2499 5235 2858 5312 resilientes,
2890 5230 2975 5292 uti
3006 5230 3202 5308 ignavi
3237 5229 3555 5290 luctatores
3587 5226 3700 5288 de-

2061 5329 2414 5395 scendentes
2435 5327 2495 5388 in
2518 5317 3289 5400 stadium,quiimpudentia
3302 5316 3713 5399 jactantiaque’

2061 5420 2388 5504 pleni,cum
2421 5415 2482 5476 in
2521 5431 2636 5475 uno
2677 5408 3036 5504 certamine,
3056 5407 3216 5504 lucta
3265 5425 3485 5488 nempe
3523 5423 3706 5487 supe-

2059 5495 2195 5590 rati,
2229 5495 2425 5568 Statim
2481 5521 2550 5566 ac
2601 5505 2847 5583 repente
2895 5497 2957 5559 in
2986 5495 3150 5559 aliud
3182 5495 3544 5572 transiliunt,
3593 5513 3706 5558 nec

2063 5585 2372 5662 minimum
2405 5590 2646 5675 quidem
2677 5594 3043 5672 spectatores
3071 5585 3336 5666 reveriti,
3358 5585 3422 5649 in
3450 5603 3703 5669 quorum
