4176 6290
549 241 575 301 1
590 239 706 304 203

1673 248 2018 310 GONSTAN
2031 245 2199 307 TINI
2243 244 2795 312 MELITENIOTE

3783 243 3804 306 1
3817 242 3924 308 204

548 371 866 463 praesentia
914 392 981 435 os
1032 392 1153 455 prie
1211 378 1439 456 pudore
1489 375 1766 440 obvelare
1796 377 2106 452 deberent,
2141 375 2191 437 in

2284 380 2472 444 θεατὰς
2528 383 2904 463 αἰσχυνόμενοι
2959 384 3020 439 τὸ
3084 383 3356 455 παράπαν,
3436 379 3514 460 ἐφ’
3559 384 3646 442 οἷς
3703 376 3931 456 ἱγκαλύ-

547 461 893 549 eorumdem
925 471 1167 544 aspectu
1192 464 1572 545 impudenter
1600 473 1663 529 ut
1681 468 2004 548 plurimum
2027 477 2202 549 atque

551 547 996 613 inconsiderate
1030 571 1192 613 more
1213 553 1500 632 juvenum
1533 547 2044 635 sesegerunt.0b
2075 547 2202 620 haec

547 638 747 720 itaque
793 640 942 702 forte
973 641 1196 716 dicent,
1232 643 1330 722 qui
1365 644 1550 705 semel
1583 653 1809 707 temere
1865 646 2202 726 frustraque

546 728 838 790 adversus
870 748 974 790 nos
1008 729 1411 808 objectionem
1452 732 1818 813 concipiunt.
1852 733 2002 806 Quid
2025 753 2200 815 porro

545 815 624 878 de
654 817 811 879 dicto
845 816 1113 896 Gregorii
1135 817 1533 899 Nyssenorum
1550 821 1691 882 olim
1721 824 1989 900 praesulis
2013 823 2198 905 dices,

546 906 704 986 quod
739 907 1218 986 praepositionem
1269 926 1350 970 ea:
1381 910 1441 970 in
1469 911 1772 972 nonnullis
1805 912 2201 974 voluminibus

549 995 624 1054 de
653 994 803 1056 Filio
833 995 1142 1072 retinet,in
1174 997 1476 1078 plerisque
1503 1019 1642 1062 vero
1675 1001 1898 1081 aliis,ut
1926 1009 2049 1063 tute
2071 1003 2201 1083 ipse

547 1101 664 1144 non
700 1083 1085 1163 indiligenter
1106 1088 1491 1165 conspexisti,
1529 1089 1687 1150 nullo
1715 1090 1926 1151 modo?
1946 1090 2071 1163 Qua
2101 1111 2177 1172 pa

548 1173 692 1233 tenti
727 1174 970 1254 sequela
995 1193 1122 1235 eam
1159 1195 1290 1236 cum
1307 1175 1456 1237 Filio
1481 1179 1844 1258 compones?
1891 1181 2048 1241 unde
2071 1199 2198 1241 eam

543 1261 795 1322 orationi
825 1263 1097 1343 adaptari
1129 1263 1260 1344 ipsa
1292 1265 1570 1327 dictionis
1603 1268 1759 1328 serie
1791 1268 2200 1330 confirmabis?

541 1347 809 1430 Namque
841 1370 950 1412 nos
981 1351 1153 1426 illud,
1183 1359 1241 1415 et
1269 1353 1418 1415 Filii
1447 1372 1571 1416 esse
1602 1358 1928 1430 astruitur,
1963 1358 2196 1438 ample-

540 1446 767 1502 ctentes
797 1441 870 1501 de
903 1440 1127 1519 Spiritu
1163 1450 1456 1517 sancto,et
1484 1443 1845 1506 voluminum
1871 1446 1954 1506 sic
1986 1446 2196 1525 legen-

539 1526 684 1587 tium
721 1527 987 1605 vestigiis
1016 1528 1364 1592 insistentes
1384 1530 1443 1592 id
1467 1540 1670 1612 aperte
1693 1552 1764 1595 ex
1793 1552 2023 1598 annexo
2047 1554 2194 1616 apo-

537 1615 747 1675 stolico
779 1616 1121 1677 testimonio
1156 1616 1308 1679 bene
1340 1637 1404 1680 se
1435 1619 1748 1698 habere,et
1771 1630 1994 1683 certum
2020 1615 2194 1704 atque

536 1701 937 1765 indubitatum
960 1706 1212 1768 retineri
1242 1708 1690 1771 conﬁrmamus.
1727 1709 1871 1771 Cum
1905 1711 2031 1790 ipse
2062 1701 2190 1774 ma-

543 1795 738 1856 ximus
768 1795 1087 1875 Gregorius
1118 1817 1333 1879 nempe
1365 1801 1744 1864 continenter
1775 1802 2188 1882 subjunxerit:

543 1885 800 1947 Etenim
825 1910 851 1941 α
881 1892 937 1946 si
963 1888 1100 1965 quis
1131 1888 1431 1967 Spiritum
1456 1889 1697 1953 Christi
1725 1910 1848 1954 non
1879 1893 2078 1973 habet,
2099 1893 2196 1955 hic

543 1992 666 2036 non
679 1981 765 2036 est
794 1977 1136 2054 ejus57'58.»
1172 1976 1320 2038 Illud
1348 1997 1486 2040 vero
1511 2001 1524 2043 :
1550 1981 1630 2043 Et
1653 1999 1731 2043 ea:
1747 1981 1937 2044 Filiio
1960 1999 2088 2044 esse
2103 2000 2196 2045 as-

542 2065 1049 2138 truitur,aliorum
1078 2067 1442 2128 voluminum
1461 2067 1719 2131 lectione
1743 2077 1802 2131 tu
1833 2073 2191 2151 approbans,

541 2152 654 2213 hoc
678 2153 839 2214 nulla
861 2154 1091 2216 ratione
1111 2154 1524 2218 demonstrare
1548 2158 1768 2238 poteris
1790 2177 1927 2220 cum
1943 2177 2194 2240 sequen-

541 2240 696 2302 tibus
725 2244 1021 2323 componi,
1047 2245 1191 2324 quin
1220 2253 1276 2305 et
1309 2247 1704 2325 potissimum,
1740 2249 1838 2328 qui
1871 2249 1934 2309 in
1967 2249 2192 2310 exami-

540 2330 755 2391 nandis
785 2331 999 2393 adsunt
1031 2333 1277 2395 meliore
1309 2345 1610 2411 mente,ex
1637 2337 1893 2416 hisipsis
1909 2337 2192 2417 reproba-

543 2427 666 2480 tum
718 2421 1213 2502 repudiatumque
1267 2442 1509 2485 manere
1559 2425 1839 2488 dixerint.
1897 2425 1998 2487 Ha;
2054 2437 2192 2492 sunt

541 2507 1014 2570 adversariorum
1073 2509 1464 2589 objectiones,
1527 2521 1589 2573 ut
1637 2532 1707 2575 ex
1769 2514 1860 2575 his
1890 2534 2020 2596 quae
2047 2516 2190 2579 alias

542 2615 702 2675 saepe
733 2597 1191 2677 conjecimus,et
1222 2619 1380 2661 nunc
1408 2601 1915 2682 conjicimus.Ego
1949 2623 2085 2666 vero
2108 2605 2191 2667 in-

543 2704 717 2765 quam
761 2685 1007 2748 dictum:
1037 2687 1136 2749 Ea:
1165 2688 1320 2751 Filio
1337 2707 1463 2752 esse
1492 2693 1896 2764 astruitur,ex
1927 2711 2190 2772 sequen-

543 2773 702 2834 tibus
733 2782 957 2836 tantum
989 2777 1200 2840 abesse
1231 2787 1293 2839 ut
1347 2780 1671 2842 revellatur
1723 2790 1782 2842 et
1827 2781 2187 2858 destruatur,

544 2870 605 2922 ut
659 2863 1025 2926 etiammulto
1058 2866 1270 2945 magis,
1305 2866 1530 2930 diceret
1582 2869 1681 2951 qui
1715 2869 1776 2930 in
1806 2869 2017 2931 intima
2048 2890 2191 2932 sen-

2285 472 2504 526 πτεσθαι
2558 471 2774 535 τούτους
2833 471 3026 552 ἐχρῆν,
3088 473 3178 528 καὶ
3234 467 3435 546 μᾶλλον
3491 469 3717 525 ἐνώπιον
3769 466 3932 522 αὐτῶν

2283 557 2694 638 ἆνερυθριάστως
2763 562 2837 624 ὡς
2921 562 2988 616 τα
3066 558 3241 617 πολλὰ
3323 560 3748 631 νεανιευόμεναι.
3841 556 3930 610 Διὰ

2281 652 2446 704 ταῦτα
2502 655 2627 725 γοῦν
2670 649 2894 728 φήσαιεν
2927 647 2990 704 ἂν
3020 648 3154 713 ἴσως
3200 650 3250 704 οὶ
3295 649 3394 715 τὴν
3451 646 3709 703 ἀντίθεσιν
3768 644 3930 700 καθά-

2283 734 2386 799 παξ
2443 737 2559 804 είκῆ
2616 739 2704 793 καὶ
2760 737 2936 812 μάτην
2993 735 3267 800 ὠδίνοντες
3337 736 3470 814 πρὸς
3533 737 3705 810 ἡμᾶς.
3773 735 3833 790 Τί
3881 731 3929 787 δὲ

2285 826 2403 892 περὶ
2443 824 2538 892 τῆς
2596 826 2801 902 ῥήσεως
2858 826 3036 892 εἴποις
3101 825 3164 882 ἂν
3207 825 3494 905 Γρηγορίου
3534 826 3624 880 τοῦ
3677 843 3816 879 ποτε
3843 821 3931 889 τῆς

2286 913 2497 980 Νύσσης
2554 915 2944 995 ἀρχιερατικῶς
3001 913 3466 994 προεδρεύσαντος,
3530 910 3650 982 ᾔτις
3723 909 3931 988 εὕρηται

2282 1002 2382 1069 τὴν
2424 1002 2484 1059 ἐκ
2527 1005 2771 1084 πρόθεσιν
2833 1004 2887 1059 ἐν
2946 1003 3042 1078 μέν
3100 1000 3300 1080 βίϐλοις
3369 1002 3504 1057 τισὶν
3547 1000 3758 1078 ἔχουσα
3814 998 3932 1052 animi

2286 1101 2376 1146 του
2421 1094 2566 1163 Υἱοῦ,
2624 1106 2747 1156 ταῖς
2793 1090 2848 1147 δὲ
2888 1090 3123 1148 πλείοσιν
3163 1091 3248 1147 ἐπὶ
3295 1091 3500 1163 τούτου,
3561 1089 3742 1150 καθὼς
3791 1084 3930 1148 οἶδας

2287 1181 2359 1242 εἱς
2389 1178 2655 1259 ἀκρίϐειαν
2708 1182 2796 1237 καὶ
2839 1182 3019 1255 αὑτὸς,
3071 1179 3324 1255 οῧμενουν
3353 1198 3367 1240 :
3399 1176 3496 1236 Ἐκ
3524 1177 3681 1239 ποίας
3728 1197 3928 1254 προεξα-

2285 1274 2404 1331 νοῦς
2435 1268 2741 1332 ἀκολουθίας
2795 1276 2871 1340 τῷ
2929 1273 3035 1342 Γἱῷ
3090 1269 3484 1348 προσαρμόσοις
3541 1266 3764 1339 abripi;
3825 1264 3930 1320 ὅθεν

2278 1377 2337 1412 τε
2394 1360 2755 1437 παραστήσεις
2834 1359 3206 1438 προσήκουσαν
3280 1361 3358 1430 τῷ
3412 1355 3560 1434 λόγῳ
3629 1355 3776 1410 κατὰ
3841 1352 3930 1418 τὴν

2281 1445 2623 1527 σύμφρασιν;
2685 1449 2756 1505 Τὸ
2818 1448 2914 1522 μὲν
2957 1448 3173 1526 γὰρκαὶ
3225 1454 3318 1503 τοῦ
3379 1447 3498 1504 Υἱοῦ
3562 1444 3709 1501 εἶναι
3770 1463 3928 1516 προσ-

2709 1533 2991 1615 δεχόμενοι
3078 1537 3196 1613 περὶ
3279 1535 3372 1590 τοῦ
3429 1535 3578 1611 ἁγίου
3633 1533 3926 1606 Πνεύματος

2281 1548 2650 1614 μαρτυρεῖται,

2218 1624 2415 1710 Βκατὰ
2443 1625 2537 1687 τὰς
2581 1623 2808 1703 ἐχούσας
2867 1625 3056 1680 οὑτωσὶ
3113 1620 3323 1700 βίϐλους
3382 1624 3571 1698 ἡμεῖς,
3631 1627 3792 1677 τοῦτο
3845 1641 3928 1710 σαι

2276 1716 2387 1791 φῶς
2459 1713 2520 1768 ὲκ
2599 1713 2698 1780 τῆς
2783 1711 3121 1792 ἐπαγομένης
3206 1710 3564 1778 ἀποστολικῆς
3651 1708 3927 1789 μαρτυρίας

2276 1802 2597 1877 πιστούμεθα
2641 1805 2847 1858 κεῖσθαι
2906 1800 3108 1876 καλῶς,
3156 1801 3327 1882 φέρειν
3369 1823 3426 1856 τε
3475 1801 3536 1856 τὸ
3569 1799 3812 1879 ἀσφαλὲς
3853 1799 3930 1853 καὶ

2275 1890 2338 1944 τὸ
2396 1887 2632 1965 βέϐαιον,
2678 1889 2930 1970 Ἐπείπερ
2992 1891 3146 1954 αὒτὸς
3227 1889 3487 1966 ἐπήνεγκε
3541 1895 3856 1968 προσεχῶς,
3905 1888 3928 1940 ὁ

2278 1977 2524 2056 μέγιστος
2584 1977 2827 2046 δηλονότι
2899 1980 3186 2060 Γρηγόριος
3220 1995 3235 2010 ·
3300 1980 3358 2036 El.
3414 1980 3512 2057 γὰρ
3572 2000 3657 2042 τις
3729 1984 3928 2050 Πνευμα

2278 2074 2503 2145 Χριστοῦ
2561 2070 2654 2124 οὐκ
2708 2067 2850 2147 ἔχει,
2924 2071 3106 2150 φησὶν,
3165 2070 3314 2130 οὗτος
3375 2071 3467 2125 οὐκ
3537 2065 3682 2122 ἔστιν
3758 2066 3924 2123 αὐτοῦ.

2277 2157 2350 2212 Τὸ
2407 2154 2486 2236 δὲ,
2544 2158 2633 2213 καὶ
2703 2156 2764 2213 ἐκ
2822 2159 2915 2213 τοῦ
2987 2160 3107 2217 Υἱοῦ
3185 2157 3327 2213 εἶναι
3414 2168 3925 2235 προσμαρτυρεϊται,

2275 2245 2412 2300 κατὰ
2451 2247 2544 2311 τὰς
2587 2244 2776 2311 λοιπὰς
2823 2243 3030 2324 βίϐλους
3089 2244 3432 2320 προσιέμενος
3488 2245 3573 2317 σὺ,
3632 2247 3700 2300 τὸ
3757 2245 3925 2300 τοιοῦ-

2275 2354 2368 2388 τον
2414 2331 2578 2390 οὐδενὶ
2646 2335 2792 2414 λόγῳ
2847 2341 3024 2398 ποσῶς
3083 2333 3283 2410 δυνήσῃ
3335 2346 3452 2396 τοῖς
3497 2331 3615 2400 ἐξῆς
3661 2329 3925 2394 ἀποδεῖξαι

2277 2420 2752 2499 συμϐιϐαζόμενον,
2813 2426 2858 2480 εἰ
2926 2425 3003 2500 μὴ
3057 2425 3146 2480 καὶ
3216 2429 3320 2486 πᾶς
3375 2421 3604 2497 μάλιστα
3674 2421 3922 2500 νουνεχὴς

2275 2510 2330 2566 ἐγ
2385 2513 2581 2568 τούτων
2629 2513 2798 2569 αὒτῶν
2841 2512 3262 2592 ἀνατρεπόμενον
3321 2509 3383 2566 ἂν
3439 2509 3584 2566 εἴποι
3643 2509 3735 2565 καί
3780 2509 3922 2564 ἄναι-

2273 2600 2549 2677 ρούμενον.
2611 2609 2837 2659 Τοιαῦτα
2881 2602 2976 2677 μὲν
3020 2602 3086 2657 τὰ
3151 2601 3292 2676 παρὰ
3349 2606 3454 2656 τῶν
3509 2597 3920 2672 ἀντιδιατιθεμέ-

2273 2709 2374 2744 νων
2431 2691 2591 2766 ἡμῖν,
2639 2690 2764 2746 ὅσον
2819 2688 2872 2756 ἐξ
2921 2692 2995 2744 ῶν
3046 2687 3303 2752 πολλάκις
3357 2688 3668 2766 εἰκάσαμεν,
3731 2687 3920 2742 εἰκάσαι

2304 2783 2326 2792 ..
2416 2776 2440 2798 ν
2681 2779 2696 2802 ,
2721 2788 2740 2801 ,
2795 2780 2809 2800 ς
2913 2779 2928 2798 κ
3251 2783 3275 2792 η.
3463 2776 3479 2794 κ
3559 2779 3572 2797 ε
3598 2798 3620 2814 Ρ
3684 2779 3703 2814 ,ν
3791 2773 3816 2790 η
3906 2795 3919 2805 ,

2273 2799 2360 2833 νυν
2417 2799 2638 2842 επεισιν,
2705 2789 2828 2858 byw
2882 2777 2938 2834 δε
2988 2801 3127 2858 φημι
3169 2799 3376 2858 πρῶτον
3419 2798 3516 2852 μεν
3545 2799 3618 2838 ως
3651 2799 3759 2854 οδχ
3789 2795 3917 2834 οπωκ

2274 2865 2358 2937 τὸ,
2419 2867 2507 2922 καὶ
2565 2866 2624 2924 ἐκ
2682 2875 2774 2924 τοῦ
2831 2869 2947 2924 Υἱοῦ
3004 2871 3143 2922 εἶναι
3216 2877 3727 2944 προσμαρτυρετται,
3772 2863 3920 2940 ῥητὸν

543 2950 858 3012 tentiarum
921 2953 1074 3033 potis
1123 2963 1213 3016 est
1244 2965 1578 3035 penetrare,
1601 2949 1671 3018 id
1726 2959 2114 3021 conﬁrmetur
2135 2969 2191 3022 et

2275 2953 2370 3007 οὒκ
2414 2954 2834 3034 ἁνατρεπόμενον
2906 2954 2966 3011 ἐκ
3034 2955 3139 3012 τῶν
3185 2953 3329 3027 ἐξῆς1
3391 2951 3499 3008 οὔδ’
3552 2953 3919 3026 ἀναιρούμενον

539 3041 1156 3116 demonstretur.Quia
1188 3045 1346 3106 enim
1371 3045 1688 3127 Apostolus
1726 3046 2012 3128 Spiritum
2049 3068 2191 3110 san-

541 3135 700 3191 ctum
733 3148 948 3192 sonora
979 3150 1120 3194 voce
1150 3133 1405 3196 intonuit
1447 3136 1734 3216 Spiritum
1770 3137 2010 3210 Christi,
2047 3156 2190 3218 pro-

543 3225 747 3297 pterea
768 3217 1088 3298 Gregorius
1111 3222 1172 3282 in
1195 3222 1570 3302 dogmatibus
1583 3227 1925 3288 asserendis
1950 3217 2192 3306 praecla-

537 3306 920 3380 rissimus,ea:
936 3308 1101 3370 Filio
1124 3309 1288 3371 illum
1317 3313 1504 3392 palam
1532 3313 1992 3386 edixit'Quando
2011 3315 2195 3377 alicu.

527 3395 628 3476 jus
641 3396 884 3489 spiritus
915 3398 1106 3459 modis
1127 3400 1405 3462 omnibus
1429 3421 1500 3464 eo
1525 3412 1615 3464 est
1633 3405 1803 3484 cujus
1818 3404 2059 3484 spiritus
2081 3415 2191 3489 est,

536 3485 835 3566 hujusque
852 3484 1064 3548 doctor
1081 3499 1394 3551 accuratus
1417 3491 1646 3554 accedit
1665 3511 1910 3571 magnus
1925 3493 1984 3553 in
2015 3484 2192 3559 rebus

531 3572 747 3662 divinis
779 3575 1208 3652 pertractandis
1241 3577 1520 3656 Basilius,
1551 3580 1651 3660 qui
1673 3583 1728 3642 in
1746 3599 1862 3641 uno
1883 3583 2191 3662 ex-capiti-

529 3659 642 3752 bus
657 3660 731 3722 ad
744 3670 1013 3724 sanctum
1032 3665 1140 3725 Am
1149 3659 1684 3752 philochium,cum
1700 3669 1952 3731 dixisset
1973 3659 2193 3752 de'Spi-

537 3747 654 3809 ritu
675 3757 1046 3821 sancto,eum
1066 3770 1133 3813 ex
1158 3751 1279 3815 Deo
1301 3756 1873 3836 esse,etApostolum
1909 3747 2193 3822 Ecclesiae

539 3838 912 3930 oratoremin
939 3846 1148 3901 testem
1169 3842 1532 3919 adduxisset,
1575 3871 1597 3901 α
1619 3845 1946 3926 Spiritum,
1982 3849 2191 3930 dicen-

544 3934 769 4015 tem,ea:
788 3927 909 3990 Deo
927 3936 1265 4008 accepimus
1281 3932 1404 4009 59,»
1429 3934 1502 3995 ad
1524 3936 1649 3996 haec
1675 3927 2188 4015 comprobandum

540 4013 930 4103 utitur,itlum
951 4035 1066 4097 per
1083 4019 1311 4083 Filium
1341 4039 1466 4085 esse
1493 4013 2027 4103 sapientissime,at
2050 4045 2189 4088 ver-

540 4101 633 4164 bis
662 4102 829 4196 hisce
851 4105 1140 4196 expeditis
1167 4101 1703 4193 enuntiatisque,et
1716 4131 1829 4194 per
1841 4116 2069 4176 Filium
2086 4133 2189 4196 ap-

526 4209 756 4273 parere
781 4193 1446 4278 declaravit,Spiritum
1471 4201 1630 4264 Filii
1653 4193 1850 4283 ipsum
1881 4193 2188 4283 appellauit

533 4283 1038 4372 quemadmodum
1091 4285 1228 4350 Dei.
1280 4288 1461 4351 Plane
1519 4309 1694 4352 nemo
1745 4291 1888 4353 dicti
1936 4292 2186 4372 hujusce

541 4370 910 4461 expositione
933 4372 1182 4453 indiget;
1219 4377 1529 4440 manifesta
1552 4379 1845 4460 siquidem
1881 4370 2187 4461 est,aper-

537 4465 715 4539 taque
735 4458 896 4550 illius
941 4461 1330 4546 mens.Hanc,
1354 4475 1415 4528 ut
1435 4475 1600 4548 puto,
1624 4458 1700 4530 et
1743 4468 2014 4550 Cyrillus,
2049 4458 2185 4532 rec-

539 4554 734 4609 torum
763 4548 1102 4628 dogmatum
1135 4555 1617 4619 accuratissimus
1647 4548 1843 4620 custos
1875 4565 1933 4618 et
1967 4560 2186 4637 magis—

533 4641 655 4726 ter,
681 4648 946 4714 secutus,
997 4638 1184 4701 veluti
1213 4640 1566 4726 diviniloqui
1597 4646 1788 4709 Patris
1815 4645 2017 4707 Basilii
2049 4664 2186 4708 ves-

535 4723 691 4803 tigiis
727 4743 834 4806 per
880 4728 1082 4790 omnia
1127 4729 1432 4814 insistens,
1481 4723 1550 4794 in
1609 4733 1982 4814 expositione
2042 4735 2188 4798 dicti

534 4814 864 4894 evangelici
893 4815 1195 4899 divinique
1225 4822 1553 4883 secundum
1601 4825 1914 4900 Joannem,
1968 4823 2188 4887 Christi

533 4902 790 4991 amicum
826 4921 1055 4981 verum,
1091 4915 1148 4968 et
1176 4908 1278 4987 qui
1307 4908 1369 4969 in
1400 4917 1642 4991 pectore
1671 4912 1832 4974 illius
1886 4911 2181 4987 recubuit,

532 4989 806 5055 dicentis:
819 4994 971 5055 Cum
988 5002 1220 5059 venerit
1245 4989 1923 5077 Paracletu360,huncin
1941 5000 2182 5064 modum

531 5079 829 5162 eloquitur
867 5103 880 5142 :
915 5081 1073 5145 Ecce
1092 5086 1419 5160 enim,ecce
1453 5090 1731 5170 Spiritus
1751 5090 2040 5164 veritatis,
2072 5089 2184 5152 hoc

529 5177 642 5259 est,
697 5172 1109 5252 suimetipsius
1166 5175 1559 5240 Paracletum
1627 5197 1762 5242 cum
1808 5179 2082 5259 dixisset,
2144 5195 2183 5241 α

532 5256 719 5322 Patre
728 5261 1052 5349 procedere
1061 5261 1205 5325 dicit
1215 5313 1227 5325 .
1239 5263 1752 5339 Quemadmodum
1767 5270 1928 5330 enim
1943 5274 2026 5330 est
2033 5256 2182 5349 pro-

2276 3040 2421 3098 ἔστιν
2478 3045 2672 3118 εἰπεῖν,
2723 3043 2842 3101 ἀλλ’
2895 3044 2955 3101 ἐκ
3008 3045 3205 3101 τούτων
3235 3045 3321 3100 καὶ
3364 3041 3548 3114 πολλῳ
3576 3040 3766 3120 πλέον,
3799 3041 3918 3120 φαίη

2274 3152 2354 3194 τις
2436 3130 2498 3188 ἂν
2598 3141 2703 3191 τῶν
2796 3135 3060 3211 βαθύτητα
3135 3129 3557 3208 καταλαμϐάνειν
3654 3133 3918 3207 νοήματος

2273 3219 2661 3297 ἐπισταμένων,
2719 3224 3241 3298 κατασκευαζόμενον
3297 3223 3419 3278 αὐτὸ
3461 3221 3550 3277 καὶ
3605 3219 3915 3277 ἀποδεικνύ-

2278 3331 2460 3384 μενον.
2523 3301 2654 3368 υΟτι
2713 3313 2812 3391 γὰρ
2857 3314 2884 3368 ὁ
2941 3309 3270 3374 Ἀπόστολος
3324 3313 3386 3366 τὸ
3415 3316 3626 3385 Πνεῦμα
3671 3311 3734 3365 τὸ
3775 3309 3915 3385 ἅγιον

2276 3397 2668 3480 μεγαλοφώνως
2759 3399 2972 3479 ἐκήρυξε
3047 3407 3258 3475 Πνεῦμα
3315 3405 3560 3478 Χριστοῦ,
3628 3397 3715 3454 διὰ
3773 3398 3914 3454 τοῦτο

2275 3492 2312 3541 Γ
2317 3487 2565 3566 ρηγόριος
2648 3491 2676 3545 ὁ
2760 3488 3064 3565 διαλάμψας
3141 3488 3195 3544 ἐν
3254 3487 3510 3566 δόγμασιν
3565 3490 3626 3543 ἐκ
3669 3487 3764 3544 τοῦ
3806 3487 3916 3542 ι’ἱοῦ

2273 3583 2428 3633 τοῦτο
2484 3579 2688 3654 τρανῶς
2760 3578 2999 3658 εἴρηκεν.
3074 3575 3291 3644 Ἐπειδὴ
3360 3576 3421 3633 τὰ
3506 3578 3712 3651 πνεῦμα
3783 3595 3913 3635 τ.νος

2275 3665 2487 3728 πάντως
2546 3665 2598 3732 ἐξ
2641 3667 2798 3726 αὒτοῦ
2853 3668 3052 3748 πέφυκε
3085 3682 3099 3697 ⁶
3149 3669 3235 3723 καὶ
3284 3667 3468 3722 τούτου
3524 3664 3724 3740 κομιδῆ
3776 3662 3912 3720 διδέ-

2273 3752 2468 3818 σκαλος
2511 3753 2730 3835 ἀκριϐὴς
2791 3758 2818 3812 ί.
2877 3756 3043 3834 μέγας
3101 3757 3188 3811 καὶ
3256 3753 3420 3819 πολὺς
3476 3755 3542 3810 τὰ
3590 3757 3716 3810 θεῖα
3769 3753 3914 3809 Βασί-

2271 3839 2437 3916 λειος,
2487 3844 2544 3907 ὃς
2620 3843 2674 3900 ἔν
2748 3867 2850 3902 τινι
2919 3848 3024 3901 τῶν
3094 3845 3224 3925 πρὸς
3293 3845 3382 3899 τὸν
3449 3844 3586 3921 ἱερὸν
3660 3840 3912 3922 ’Λμφιλιίο

2272 3952 2394 4010 χιον
2450 3932 2749 4012 κεφαλαίων
2793 3935 2953 3990 εἰπὼν
3001 3935 3119 4012 περὶ
3174 3940 3265 3991 τοῦ
3297 3934 3446 4010 ἁγίου
3500 3931 3808 4008 Πνεύματος
3847 3931 3911 3991 ὡς

2273 4018 2412 4074 ἔστιν
2468 4022 2530 4076 ἐκ
2585 4029 2677 4078 τοῦ
2736 4029 2889 4097 Θεοῦ,
2946 4024 3033 4078 καὶ
3061 4023 3153 4078 τὸν
3185 4019 3512 4078 Ἀπόστολον
3540 4022 3629 4076 τὸν
3663 4021 3762 4088 τῆς
3795 4019 3912 4076 Ἐκ-

2270 4106 2494 4175 κλησίας
2550 4111 2746 4188 ῥήτορα
2809 4113 3133 4190 παραγαγὼν
3189 4111 3444 4190 μάρτυρα,
3511 4133 3533 4165 ε
3571 4111 3642 4167 Τὸ
3689 4110 3908 4184 Πνεῦμα,

2271 4193 2518 4274 λέγοντα,
2562 4201 2623 4255 τὸ
2677 4199 2737 4256 ἐκ
2789 4207 2881 4256 τοῦ
2939 4206 3070 4257 Θεοῦ
3140 4197 3418 4274 ἐλάϐομεν,
3483 4221 3510 4254 ι
3567 4199 3739 4272 τούτῳ
3793 4200 3908 4273 πρὸς

2270 4285 2518 4343 σύστασιν
2577 4293 2775 4368 χρῆται
2834 4291 2920 4345 καὶ
2970 4296 3065 4346 τοῦ
3120 4287 3186 4345 δι’
3251 4292 3372 4345 Υἱοῦ
3429 4288 3718 4368 τυγχάνειν
3771 4286 3903 4356 αὐτὸ,

2269 4374 2550 4454 σοφώτατα
2610 4378 2746 4433 κατὰ
2787 4377 2930 4456 ῥῆμα
2985 4375 3245 4436 διαλαϐὼν
3302 4388 3464 4436 ταῦτα
3519 4379 3607 4433 καὶ
3665 4378 3900 4456 φάμενος,

2268 4465 2356 4520 καὶ
2437 4466 2499 4521 τὸ
2582 4463 2650 4520 δι’
2743 4469 2863 4523 1⁸ἱοῦ
2972 4467 3262 4549 πεφηνέναι
3360 4467 3522 4547 σαφὲς
3605 4467 3901 4535 πεποίηκεν,

2315 4555 2326 4574 ,
2371 4560 2391 4570 ,,
2609 4562 2631 4572 _
2834 4557 2846 4576 ,
2971 4558 2982 4575 ,
3232 4561 3246 4580 ,
3293 4559 3306 4576 ,
3535 4556 3546 4574 ,
3863 4560 3877 4568 .

2271 4561 2396 4610 Υιου
2503 4560 2713 4630 Πνευμα
2822 4578 3082 4633 ονομασας
3193 4579 3318 4616 αυτο
3419 4560 3652 4634 καθαπερ
3765 4563 3899 4610 Θειυ.

2269 4643 2489 4707 Πάντως
2593 4642 2756 4710 οὐδεὶς
2842 4645 3146 4724 ἐξηγήσεως
3233 4647 3422 4725 χρῄζει
3499 4647 3638 4711 τινὸς
3710 4645 3761 4701 ἐν
3838 4645 3903 4708 τῷ

2269 4733 2487 4808 παρόντι
2541 4732 2687 4811 ῥητῷ
2719 4750 2732 4766 ⁸
2769 4731 2908 4805 δήλη
2952 4737 3051 4816 γὰρ
3095 4741 3221 4792 πᾶσι
3268 4737 3357 4792 καὶ
3404 4735 3598 4814 φανερὰ
3654 4734 3899 4798 καθέστη-

2270 4841 2360 4874 κεν
2404 4821 2439 4888 ἡ
2484 4821 2667 4877 τούτου
2709 4819 2932 4883 διάνοια.
2980 4825 3179 4902 Ταύτῃ,
3228 4822 3385 4896 δοκῶ,
3451 4825 3538 4878 καὶ
3598 4821 3899 4902 Κύριλλοςὸ

2266 4908 2374 4964 τῶν
2431 4909 2593 4988 ὀρθῶν
2653 4908 2931 4989 δογμάτων
3000 4910 3371 4992 ἀκριϐέστατος
3443 4911 3606 4991 φύλαξ
3664 4915 3750 4969 καὶ
3803 4933 3896 4985 μυ-

2268 5000 2546 5076 σταγωγὸς
2605 4997 3045 5076 ἐξακολουθήσας,
3104 5003 3246 5058 ὡσὰν
3295 5005 3386 5058 τοῦ
3423 5004 3678 5082 θεηγόρου
3713 5001 3896 5074 Πατρὸς

2267 5086 2540 5144 Βασιλείου
2592 5086 2712 5144 κατ’
2769 5089 2932 5171 ἴχνια
2989 5093 3184 5169 βαίνων
3231 5091 3570 5169 παναληθῶς,
3601 5091 3656 5148 ἐν
3697 5099 3764 5169 τῇ
3815 5093 3893 5166 ἑρ-

2264 5179 2458 5252 μηνείᾳ
2514 5182 2609 5234 τοῦ
2649 5179 2786 5234 κατὰ
2839 5181 2931 5236 τὸν
2973 5180 3275 5252 ἐπιστήθιον
3320 5181 3593 5256 Ἰωάννην,
3635 5185 3724 5239 καί
3779 5189 3890 5258 Χρι-

2264 5269 2389 5323 στοῦ
2429 5265 2580 5348 φίλον
2623 5270 2841 5350 γνήσιον
2877 5269 3221 5350 εὐαγγελικοῦ
3273 5273 3360 5328 καὶ
3415 5274 3550 5329 θείου
3606 5274 3764 5350 ῥητοῦ
3810 5277 3891 5327 τοῦ

513 5352 688 5426 prius
713 5347 867 5410 Filii
894 5349 1573 5429 Spiritus,naturaliter
1596 5358 1662 5420 in
1691 5364 1821 5439 ipso
1852 5347 2176 5432 exsistens,

2273 5347 2509 5437 λέγοντος
2543 5376 2558 5391 ⁸
2625 5347 2800 5416 υΟτιαν
2884 5347 2992 5415 οὖν’
3019 5347 3153 5436 ἔλθῃ
3211 5363 3239 5418 ὁ
3309 5347 3680 5444 Παράκλητος,
3740 5359 3889 5418 οὕτως

596 5514 750 5566 37'53
779 5515 960 5582 Rom.
995 5534 1122 5596 vni,
1151 5523 1214 5582 9.
1297 5522 1362 5574 δυ
1389 5521 1413 5586 Ι
1443 5521 1578 5589 Gor.
1611 5543 1677 5604 ιι,
1713 5527 1808 5590 12.
1899 5525 1963 5578 ϐο
1991 5525 2169 5593 Joan.
2197 5540 2299 5601 XV,
2325 5521 2428 5587 26-
