  <div class='ocr_page' id='page_1' title='image "/cluster/home/n/w/nwhite01/storage/ocr_20150623/141/mdp.39015078384206/610.png"; bbox 0 0 4176 6290; ppageno 0'>
   <div class='ocr_carea' id='block_1_1' title="bbox 262 303 420 368">
    <p class='ocr_par' dir='ltr' id='par_1_1' title="bbox 262 303 420 368">
     <span class='ocr_line' id='line_1_1' title="bbox 262 303 420 368; baseline 0.006 -3"><span class='ocrx_word' id='word_1_1' title='bbox 262 305 286 365; x_wconf 80' lang='grc'>1</span> <span class='ocrx_word' id='word_1_2' title='bbox 302 303 420 368; x_wconf 77' lang='lat'><em>205</em></span> 
     </span>
    </p>
   </div>
   <div class='ocr_carea' id='block_1_2' title="bbox 261 435 506 517">
    <p class='ocr_par' dir='ltr' id='par_1_2' title="bbox 261 435 506 517">
     <span class='ocr_line' id='line_1_2' title="bbox 261 435 506 517; baseline -0.004 -25"><span class='ocrx_word' id='word_1_3' title='bbox 261 435 456 517; x_wconf 78' lang='grc' dir='ltr'>ἔφησεν</span> <span class='ocrx_word' id='word_1_4' title='bbox 491 455 506 472; x_wconf 78' lang='grc'><strong><em>⁸</em></strong></span> 
     </span>
    </p>
   </div>
   <div class='ocr_carea' id='block_1_3' title="bbox 256 525 1896 606">
    <p class='ocr_par' dir='ltr' id='par_1_3' title="bbox 256 525 1896 606">
     <span class='ocr_line' id='line_1_3' title="bbox 256 525 1896 606; baseline -0.001 -24"><span class='ocrx_word' id='word_1_5' title='bbox 256 525 524 582; x_wconf 81' lang='grc' dir='ltr'><em>τουτέστιν</em></span> <span class='ocrx_word' id='word_1_6' title='bbox 614 526 800 584; x_wconf 75' lang='grc' dir='ltr'>ἑαυτοῦ</span> <span class='ocrx_word' id='word_1_7' title='bbox 891 527 985 583; x_wconf 83' lang='lat' dir='ltr'><strong>16v</strong></span> <span class='ocrx_word' id='word_1_8' title='bbox 1070 525 1416 606; x_wconf 78' lang='grc' dir='ltr'>Παράκλητον</span> <span class='ocrx_word' id='word_1_9' title='bbox 1476 526 1681 606; x_wconf 70' lang='grc' dir='ltr'>εἰπὼν,</span> <span class='ocrx_word' id='word_1_10' title='bbox 1755 525 1896 604; x_wconf 81' lang='grc' dir='ltr'>παρὰ</span> 
     </span>
    </p>
   </div>
   <div class='ocr_carea' id='block_1_4' title="bbox 255 605 1894 696">
    <p class='ocr_par' dir='ltr' id='par_1_4' title="bbox 255 605 1894 696">
     <span class='ocr_line' id='line_1_4' title="bbox 255 605 1894 696; baseline -0.001 -25"><span class='ocrx_word' id='word_1_11' title='bbox 255 623 349 672; x_wconf 91' lang='grc' dir='ltr'><em>τοῦ</em></span> <span class='ocrx_word' id='word_1_12' title='bbox 426 617 628 694; x_wconf 76' lang='grc' dir='ltr'>Πατρὸς</span> <span class='ocrx_word' id='word_1_13' title='bbox 728 616 1091 695; x_wconf 69' lang='grc' dir='ltr'>ἕκπορεύεσθαί</span> <span class='ocrx_word' id='word_1_14' title='bbox 1157 605 1368 696; x_wconf 74' lang='grc' dir='ltr'>φησιν.</span> <span class='ocrx_word' id='word_1_15' title='bbox 1471 605 1687 693; x_wconf 70' lang='grc' dir='ltr'>’Ὠσπερ</span> <span class='ocrx_word' id='word_1_16' title='bbox 1796 615 1894 692; x_wconf 75' lang='grc' dir='ltr'>γὰρ</span> 
     </span>
    </p>
   </div>
   <div class='ocr_carea' id='block_1_5' title="bbox 251 702 1897 784">
    <p class='ocr_par' dir='ltr' id='par_1_5' title="bbox 251 702 1897 784">
     <span class='ocr_line' id='line_1_5' title="bbox 251 702 1897 784; baseline -0.001 -24"><span class='ocrx_word' id='word_1_17' title='bbox 251 706 395 761; x_wconf 65' lang='grc' dir='ltr'>ἔστιν</span> <span class='ocrx_word' id='word_1_18' title='bbox 465 702 601 762; x_wconf 70' lang='grc' dir='ltr'>ἴδιον</span> <span class='ocrx_word' id='word_1_19' title='bbox 683 707 896 777; x_wconf 77' lang='grc' dir='ltr'><em>Πνεῦμα</em></span> <span class='ocrx_word' id='word_1_20' title='bbox 969 711 1063 761; x_wconf 89' lang='grc' dir='ltr'>τοῦ</span> <span class='ocrx_word' id='word_1_21' title='bbox 1147 708 1267 762; x_wconf 77' lang='grc' dir='ltr'>Υἰοῦ</span> <span class='ocrx_word' id='word_1_22' title='bbox 1351 705 1583 784; x_wconf 79' lang='grc' dir='ltr'><em>φυσικῶς</em></span> <span class='ocrx_word' id='word_1_23' title='bbox 1640 702 1694 758; x_wconf 76' lang='grc' dir='ltr'><em>ἐν</em></span> <span class='ocrx_word' id='word_1_24' title='bbox 1753 705 1897 777; x_wconf 74' lang='grc' dir='ltr'>αὐτῷ</span> 
     </span>
    </p>
   </div>
   <div class='ocr_carea' id='block_1_6' title="bbox 252 791 1899 874">
    <p class='ocr_par' dir='ltr' id='par_1_6' title="bbox 252 791 1899 874">
     <span class='ocr_line' id='line_1_6' title="bbox 252 791 1899 874; baseline 0.001 -26"><span class='ocrx_word' id='word_1_25' title='bbox 252 815 312 849; x_wconf 79' lang='grc' dir='ltr'>τε</span> <span class='ocrx_word' id='word_1_26' title='bbox 366 794 630 874; x_wconf 79' lang='grc' dir='ltr'>ὑπάρχον,</span> <span class='ocrx_word' id='word_1_27' title='bbox 683 795 770 851; x_wconf 85' lang='grc' dir='ltr'>καὶ</span> <span class='ocrx_word' id='word_1_28' title='bbox 826 791 892 850; x_wconf 87' lang='grc' dir='ltr'><em>δι’</em></span> <span class='ocrx_word' id='word_1_29' title='bbox 946 793 1105 853; x_wconf 72' lang='grc' dir='ltr'>αὐτοῦ</span> <span class='ocrx_word' id='word_1_30' title='bbox 1155 795 1368 873; x_wconf 79' lang='grc' dir='ltr'>προϊὸν,</span> <span class='ocrx_word' id='word_1_31' title='bbox 1452 792 1590 849; x_wconf 66' lang='grc' dir='ltr'>οὕτω</span> <span class='ocrx_word' id='word_1_32' title='bbox 1645 793 1733 848; x_wconf 83' lang='grc' dir='ltr'><em>καὶ</em></span> <span class='ocrx_word' id='word_1_33' title='bbox 1808 801 1899 850; x_wconf 92' lang='grc' dir='ltr'>τοῦ</span> 
     </span>
    </p>
   </div>
   <div class='ocr_carea' id='block_1_7' title="bbox 255 874 1899 962">
    <p class='ocr_par' dir='ltr' id='par_1_7' title="bbox 255 874 1899 962">
     <span class='ocr_line' id='line_1_7' title="bbox 255 874 1899 962; baseline -0.002 -24"><span class='ocrx_word' id='word_1_34' title='bbox 255 884 484 960; x_wconf 78' lang='grc' dir='ltr'>Πατρὸς.</span> <span class='ocrx_word' id='word_1_35' title='bbox 549 874 678 942; x_wconf 58' lang='grc' dir='ltr'><em>ιὈτι</em></span> <span class='ocrx_word' id='word_1_36' title='bbox 721 884 822 961; x_wconf 81' lang='grc' dir='ltr'><em>γὰρ</em></span> <span class='ocrx_word' id='word_1_37' title='bbox 866 883 1020 940; x_wconf 75' lang='grc' dir='ltr'>εἶπεν</span> <span class='ocrx_word' id='word_1_38' title='bbox 1065 886 1093 939; x_wconf 95' lang='lat'>6</span> <span class='ocrx_word' id='word_1_39' title='bbox 1138 885 1362 962; x_wconf 79' lang='grc' dir='ltr'>Χριστὸς</span> <span class='ocrx_word' id='word_1_40' title='bbox 1408 883 1498 939; x_wconf 83' lang='grc' dir='ltr'>τὸν</span> <span class='ocrx_word' id='word_1_41' title='bbox 1554 879 1899 960; x_wconf 83' lang='grc' dir='ltr'>Παράκλητον</span> 
     </span>
    </p>
   </div>
   <div class='ocr_carea' id='block_1_8' title="bbox 254 971 1896 1052">
    <p class='ocr_par' dir='ltr' id='par_1_8' title="bbox 254 971 1896 1052">
     <span class='ocr_line' id='line_1_8' title="bbox 254 971 1896 1052; baseline 0.002 -25"><span class='ocrx_word' id='word_1_42' title='bbox 254 978 468 1047; x_wconf 77' lang='grc' dir='ltr'><em>Πνεῦμα</em></span> <span class='ocrx_word' id='word_1_43' title='bbox 525 978 624 1040; x_wconf 77' lang='grc' dir='ltr'>τῆς</span> <span class='ocrx_word' id='word_1_44' title='bbox 683 972 930 1040; x_wconf 73' lang='grc' dir='ltr'><em>ἀληθείας</em></span> <span class='ocrx_word' id='word_1_45' title='bbox 987 973 1214 1052; x_wconf 81' lang='grc' dir='ltr'>εἰρηκὼς</span> <span class='ocrx_word' id='word_1_46' title='bbox 1271 973 1421 1036; x_wconf 77' lang='grc' dir='ltr'>οὗτος</span> <span class='ocrx_word' id='word_1_47' title='bbox 1490 973 1578 1028; x_wconf 85' lang='grc' dir='ltr'>καὶ</span> <span class='ocrx_word' id='word_1_48' title='bbox 1632 971 1896 1050; x_wconf 74' lang='grc' dir='ltr'>προσθεὶς,</span> 
     </span>
    </p>
   </div>
   <div class='ocr_carea' id='block_1_9' title="bbox 252 1061 1896 1138">
    <p class='ocr_par' dir='ltr' id='par_1_9' title="bbox 252 1061 1896 1138">
     <span class='ocr_line' id='line_1_9' title="bbox 252 1061 1896 1138; baseline 0 -20"><span class='ocrx_word' id='word_1_49' title='bbox 252 1061 518 1119; x_wconf 80' lang='grc' dir='ltr'><strong>τουτέστιν</strong></span> <span class='ocrx_word' id='word_1_50' title='bbox 584 1063 790 1136; x_wconf 76' lang='grc' dir='ltr'>ἑαυτοῦ,</span> <span class='ocrx_word' id='word_1_51' title='bbox 874 1061 993 1119; x_wconf 86' lang='grc' dir='ltr'>κατ’</span> <span class='ocrx_word' id='word_1_52' title='bbox 1067 1063 1293 1138; x_wconf 76' lang='grc' dir='ltr'>ἐκεῖνον,</span> <span class='ocrx_word' id='word_1_53' title='bbox 1345 1061 1480 1119; x_wconf 73' lang='grc' dir='ltr'>ἴδιον</span> <span class='ocrx_word' id='word_1_54' title='bbox 1537 1068 1746 1136; x_wconf 87' lang='grc' dir='ltr'>Πνεῦμα</span> <span class='ocrx_word' id='word_1_55' title='bbox 1804 1069 1896 1118; x_wconf 92' lang='grc' dir='ltr'>τοῦ</span> 
     </span>
    </p>
   </div>
   <div class='ocr_carea' id='block_1_10' title="bbox 255 1150 1895 1232">
    <p class='ocr_par' dir='ltr' id='par_1_10' title="bbox 255 1150 1895 1232">
     <span class='ocr_line' id='line_1_10' title="bbox 255 1150 1895 1232; baseline -0.001 -25"><span class='ocrx_word' id='word_1_56' title='bbox 255 1153 379 1207; x_wconf 79' lang='grc' dir='ltr'>Υἰοῦ</span> <span class='ocrx_word' id='word_1_57' title='bbox 434 1158 665 1232; x_wconf 75' lang='grc' dir='ltr'><em>φυσικῶς</em></span> <span class='ocrx_word' id='word_1_58' title='bbox 721 1151 774 1208; x_wconf 79' lang='grc' dir='ltr'><strong>ἐν</strong></span> <span class='ocrx_word' id='word_1_59' title='bbox 817 1155 959 1226; x_wconf 76' lang='grc' dir='ltr'>αὒτῷ</span> <span class='ocrx_word' id='word_1_60' title='bbox 1027 1174 1084 1209; x_wconf 90' lang='grc' dir='ltr'><em>τε</em></span> <span class='ocrx_word' id='word_1_61' title='bbox 1136 1152 1400 1230; x_wconf 79' lang='grc' dir='ltr'>ὑπάρχον,</span> <span class='ocrx_word' id='word_1_62' title='bbox 1459 1152 1546 1207; x_wconf 85' lang='grc' dir='ltr'><em>καὶ</em></span> <span class='ocrx_word' id='word_1_63' title='bbox 1600 1150 1667 1205; x_wconf 86' lang='grc' dir='ltr'>δι’</span> <span class='ocrx_word' id='word_1_64' title='bbox 1741 1151 1895 1208; x_wconf 80' lang='grc' dir='ltr'>αὑτοῦ</span> 
     </span>
    </p>
   </div>
   <div class='ocr_carea' id='block_1_11' title="bbox 253 1240 1894 1321">
    <p class='ocr_par' dir='ltr' id='par_1_11' title="bbox 253 1240 1894 1321">
     <span class='ocr_line' id='line_1_11' title="bbox 253 1240 1894 1321; baseline -0.001 -25"><span class='ocrx_word' id='word_1_65' title='bbox 253 1242 446 1318; x_wconf 80' lang='grc' dir='ltr'><em>προϊὸν</em></span> <span class='ocrx_word' id='word_1_66' title='bbox 507 1240 896 1321; x_wconf 72' lang='grc' dir='ltr'>ἐφηρμήνευσε,</span> <span class='ocrx_word' id='word_1_67' title='bbox 980 1243 1071 1298; x_wconf 78' lang='grc' dir='ltr'><em>τὸν</em></span> <span class='ocrx_word' id='word_1_68' title='bbox 1128 1247 1221 1296; x_wconf 89' lang='grc' dir='ltr'><em>τοῦ</em></span> <span class='ocrx_word' id='word_1_69' title='bbox 1281 1241 1416 1296; x_wconf 87' lang='grc' dir='ltr'>θείου</span> <span class='ocrx_word' id='word_1_70' title='bbox 1469 1240 1670 1318; x_wconf 84' lang='grc' dir='ltr'>Πατρὸς</span> <span class='ocrx_word' id='word_1_71' title='bbox 1730 1246 1894 1294; x_wconf 87' lang='grc' dir='ltr'>Βασι-</span> 
     </span>
    </p>
   </div>
   <div class='ocr_carea' id='block_1_12' title="bbox 252 1325 1897 1411">
    <p class='ocr_par' dir='ltr' id='par_1_12' title="bbox 252 1325 1897 1411">
     <span class='ocr_line' id='line_1_12' title="bbox 252 1325 1897 1411; baseline -0.001 -27"><span class='ocrx_word' id='word_1_72' title='bbox 252 1328 397 1386; x_wconf 90' lang='grc' dir='ltr'>λείου</span> <span class='ocrx_word' id='word_1_73' title='bbox 471 1332 652 1411; x_wconf 73' lang='grc' dir='ltr'>σαφῶς</span> <span class='ocrx_word' id='word_1_74' title='bbox 705 1328 950 1396; x_wconf 89' lang='grc' dir='ltr'>δηλωσας</span> <span class='ocrx_word' id='word_1_75' title='bbox 1006 1330 1206 1386; x_wconf 78' lang='grc' dir='ltr'>σκοπὸν</span> <span class='ocrx_word' id='word_1_76' title='bbox 1283 1325 1350 1383; x_wconf 86' lang='grc' dir='ltr'><em>δι’</em></span> <span class='ocrx_word' id='word_1_77' title='bbox 1430 1328 1610 1406; x_wconf 77' lang='grc' dir='ltr'>ἑτέρας</span> <span class='ocrx_word' id='word_1_78' title='bbox 1653 1329 1714 1384; x_wconf 84' lang='grc' dir='ltr'>τὸ</span> <span class='ocrx_word' id='word_1_79' title='bbox 1771 1326 1897 1382; x_wconf 75' lang='grc' dir='ltr'>αὐτὸ</span> 
     </span>
    </p>
   </div>
   <div class='ocr_carea' id='block_1_13' title="bbox 252 1414 1898 1498">
    <p class='ocr_par' dir='ltr' id='par_1_13' title="bbox 252 1414 1898 1498">
     <span class='ocr_line' id='line_1_13' title="bbox 252 1414 1898 1498; baseline -0.002 -24"><span class='ocrx_word' id='word_1_80' title='bbox 252 1418 617 1492; x_wconf 77' lang='grc' dir='ltr'><em>σημαινούσης</em></span> <span class='ocrx_word' id='word_1_81' title='bbox 671 1421 812 1498; x_wconf 75' lang='grc' dir='ltr'>ἱερᾶς</span> <span class='ocrx_word' id='word_1_82' title='bbox 869 1420 1142 1498; x_wconf 80' lang='grc' dir='ltr'>χρήσεως,</span> <span class='ocrx_word' id='word_1_83' title='bbox 1202 1423 1395 1475; x_wconf 91' lang='grc' dir='ltr'>Τοῦτον</span> <span class='ocrx_word' id='word_1_84' title='bbox 1439 1414 1494 1472; x_wconf 76' lang='grc' dir='ltr'>δὲ</span> <span class='ocrx_word' id='word_1_85' title='bbox 1557 1417 1648 1472; x_wconf 78' lang='grc' dir='ltr'>τὸν</span> <span class='ocrx_word' id='word_1_86' title='bbox 1705 1416 1898 1494; x_wconf 84' lang='grc' dir='ltr'><strong>τρόπον</strong></span> 
     </span>
    </p>
   </div>
   <div class='ocr_carea' id='block_1_14' title="bbox 253 1506 1901 1586">
    <p class='ocr_par' dir='ltr' id='par_1_14' title="bbox 253 1506 1901 1586">
     <span class='ocr_line' id='line_1_14' title="bbox 253 1506 1901 1586; baseline -0.001 -23"><span class='ocrx_word' id='word_1_87' title='bbox 253 1509 344 1563; x_wconf 86' lang='grc' dir='ltr'><em>καὶ</em></span> <span class='ocrx_word' id='word_1_88' title='bbox 427 1507 719 1586; x_wconf 84' lang='grc' dir='ltr'>Γρηγύριος</span> <span class='ocrx_word' id='word_1_89' title='bbox 790 1510 818 1563; x_wconf 98' lang='lat'>6</span> <span class='ocrx_word' id='word_1_90' title='bbox 901 1506 1036 1564; x_wconf 72' lang='grc' dir='ltr'>πάνυ</span> <span class='ocrx_word' id='word_1_91' title='bbox 1116 1507 1234 1585; x_wconf 79' lang='grc' dir='ltr'>περὶ</span> <span class='ocrx_word' id='word_1_92' title='bbox 1287 1515 1382 1565; x_wconf 81' lang='grc' dir='ltr'><em>τοῦ</em></span> <span class='ocrx_word' id='word_1_93' title='bbox 1435 1506 1740 1580; x_wconf 88' lang='grc' dir='ltr'>Πνεύματος</span> <span class='ocrx_word' id='word_1_94' title='bbox 1810 1513 1901 1561; x_wconf 92' lang='grc' dir='ltr'>τοῦ</span> 
     </span>
    </p>
   </div>
   <div class='ocr_carea' id='block_1_15' title="bbox 1162 300 2714 370">
    <p class='ocr_par' dir='ltr' id='par_1_15' title="bbox 1162 300 2714 370">
     <span class='ocr_line' id='line_1_15' title="bbox 1162 300 2714 370; baseline -0.006 -2"><span class='ocrx_word' id='word_1_95' title='bbox 1162 305 1259 368; x_wconf 87' lang='lat' dir='ltr'><em>DE</em></span> <span class='ocrx_word' id='word_1_96' title='bbox 1305 302 1811 370; x_wconf 85' lang='lat' dir='ltr'><em>PROCESSIONE</em></span> <span class='ocrx_word' id='word_1_97' title='bbox 1854 301 1914 364; x_wconf 92' lang='lat' dir='ltr'><em>S.</em></span> <span class='ocrx_word' id='word_1_98' title='bbox 1965 301 2318 364; x_wconf 82' lang='lat' dir='ltr'><em>SPIRITUS</em></span> <span class='ocrx_word' id='word_1_99' title='bbox 2359 301 2584 364; x_wconf 82' lang='lat' dir='ltr'><em>ORAT.</em></span> <span class='ocrx_word' id='word_1_100' title='bbox 2635 300 2714 362; x_wconf 93' lang='lat' dir='ltr'><em>II.</em></span> 
     </span>
    </p>
   </div>
   <div class='ocr_carea' id='block_1_16' title="bbox 3504 291 3662 363">
    <p class='ocr_par' dir='ltr' id='par_1_16' title="bbox 3504 291 3662 363">
     <span class='ocr_line' id='line_1_16' title="bbox 3504 291 3662 363; baseline 0.013 -2"><span class='ocrx_word' id='word_1_101' title='bbox 3504 298 3522 361; x_wconf 88' lang='grc'><strong>1</strong></span> <span class='ocrx_word' id='word_1_102' title='bbox 3539 291 3662 363; x_wconf 74' lang='grc'>206</span> 
     </span>
    </p>
   </div>
   <div class='ocr_carea' id='block_1_17' title="bbox 599 432 1899 518">
    <p class='ocr_par' dir='ltr' id='par_1_17' title="bbox 599 434 1898 518">
     <span class='ocr_line' id='line_1_17' title="bbox 599 434 1898 518; baseline -0.002 -23"><span class='ocrx_word' id='word_1_103' title='bbox 599 434 730 496; x_wconf 81' lang='grc' dir='ltr'>Ἰδοὺ</span> <span class='ocrx_word' id='word_1_104' title='bbox 799 438 922 518; x_wconf 80' lang='grc' dir='ltr'>γὰρ,</span> <span class='ocrx_word' id='word_1_105' title='bbox 995 437 1104 495; x_wconf 81' lang='grc' dir='ltr'>ἰδοῦ</span> <span class='ocrx_word' id='word_1_106' title='bbox 1187 445 1399 514; x_wconf 83' lang='grc' dir='ltr'>Πνεῦμα</span> <span class='ocrx_word' id='word_1_107' title='bbox 1481 443 1578 504; x_wconf 81' lang='grc' dir='ltr'>τῆς</span> <span class='ocrx_word' id='word_1_108' title='bbox 1627 435 1898 509; x_wconf 80' lang='grc' dir='ltr'><em>ἀληθείας,</em></span> 
     </span>
    </p>
   </div>
   <div class='ocr_carea' id='block_1_18' title="bbox 1984 432 3629 518">
    <p class='ocr_par' dir='ltr' id='par_1_18' title="bbox 1985 432 3629 514">
     <span class='ocr_line' id='line_1_18' title="bbox 1985 432 3629 514; baseline -0.002 -18"><span class='ocrx_word' id='word_1_109' title='bbox 1985 441 2043 496; x_wconf 87' lang='lat' dir='ltr'><em>et</em></span> <span class='ocrx_word' id='word_1_110' title='bbox 2070 451 2180 514; x_wconf 89' lang='lat' dir='ltr'><em>per</em></span> <span class='ocrx_word' id='word_1_111' title='bbox 2197 434 2397 514; x_wconf 85' lang='lat' dir='ltr'><em>ipsum</em></span> <span class='ocrx_word' id='word_1_112' title='bbox 2422 433 2839 514; x_wconf 80' lang='lat' dir='ltr'><em>progrediens,</em></span> <span class='ocrx_word' id='word_1_113' title='bbox 2858 435 2946 496; x_wconf 91' lang='lat' dir='ltr'><em>ita</em></span> <span class='ocrx_word' id='word_1_114' title='bbox 2968 439 3024 496; x_wconf 86' lang='lat' dir='ltr'><em>et</em></span> <span class='ocrx_word' id='word_1_115' title='bbox 3053 432 3445 507; x_wconf 80' lang='lat' dir='ltr'><em>Patris.Quia</em></span> <span class='ocrx_word' id='word_1_116' title='bbox 3469 432 3629 495; x_wconf 90' lang='lat' dir='ltr'><em>enim</em></span> 
     </span>
    </p>
   </div>
   <div class='ocr_carea' id='block_1_19' title="bbox 1979 520 3629 605">
    <p class='ocr_par' dir='ltr' id='par_1_19' title="bbox 1979 520 3629 605">
     <span class='ocr_line' id='line_1_19' title="bbox 1979 520 3629 605; baseline -0.001 -21"><span class='ocrx_word' id='word_1_117' title='bbox 1979 524 2248 586; x_wconf 86' lang='lat' dir='ltr'><em>Christus</em></span> <span class='ocrx_word' id='word_1_118' title='bbox 2278 522 2544 597; x_wconf 77' lang='lat' dir='ltr'><em>dixerat,</em></span> <span class='ocrx_word' id='word_1_119' title='bbox 2600 521 2966 583; x_wconf 89' lang='lat' dir='ltr'><em>Paracletum</em></span> <span class='ocrx_word' id='word_1_120' title='bbox 3023 520 3308 605; x_wconf 82' lang='lat' dir='ltr'><em>Spiritum</em></span> <span class='ocrx_word' id='word_1_121' title='bbox 3365 522 3629 584; x_wconf 81' lang='lat' dir='ltr'><em>veritatis</em></span> 
     </span>
    </p>
   </div>
   <div class='ocr_carea' id='block_1_20' title="bbox 1983 610 3627 692">
    <p class='ocr_par' dir='ltr' id='par_1_20' title="bbox 1983 610 3627 692">
     <span class='ocr_line' id='line_1_20' title="bbox 1983 610 3627 692; baseline -0.002 -19"><span class='ocrx_word' id='word_1_122' title='bbox 1983 613 2416 691; x_wconf 90' lang='lat' dir='ltr'><em>nuncupans,is</em></span> <span class='ocrx_word' id='word_1_123' title='bbox 2456 612 2822 686; x_wconf 90' lang='lat' dir='ltr'><em>addens,hoc</em></span> <span class='ocrx_word' id='word_1_124' title='bbox 2849 612 3384 692; x_wconf 86' lang='lat' dir='ltr'><em>estsuimetipsius,</em></span> <span class='ocrx_word' id='word_1_125' title='bbox 3410 618 3476 672; x_wconf 92' lang='lat' dir='ltr'><em>ut</em></span> <span class='ocrx_word' id='word_1_126' title='bbox 3504 610 3627 690; x_wconf 90' lang='lat' dir='ltr'><em>ille,</em></span> 
     </span>
    </p>
   </div>
   <div class='ocr_carea' id='block_1_21' title="bbox 1976 699 3634 782">
    <p class='ocr_par' dir='ltr' id='par_1_21' title="bbox 1976 699 3634 782">
     <span class='ocr_line' id='line_1_21' title="bbox 1976 699 3634 782; baseline -0.002 -20"><span class='ocrx_word' id='word_1_127' title='bbox 1976 703 2308 782; x_wconf 88' lang='lat' dir='ltr'><em>pr0prium</em></span> <span class='ocrx_word' id='word_1_128' title='bbox 2331 701 2477 764; x_wconf 80' lang='lat' dir='ltr'><em>Filii</em></span> <span class='ocrx_word' id='word_1_129' title='bbox 2499 699 2808 782; x_wconf 85' lang='lat' dir='ltr'><em>Spiritum</em></span> <span class='ocrx_word' id='word_1_130' title='bbox 2836 699 3204 762; x_wconf 77' lang='lat' dir='ltr'><em>naturaliter</em></span> <span class='ocrx_word' id='word_1_131' title='bbox 3227 701 3294 762; x_wconf 84' lang='lat' dir='ltr'><em>in.</em></span> <span class='ocrx_word' id='word_1_132' title='bbox 3312 702 3442 780; x_wconf 88' lang='lat' dir='ltr'><em>ipso</em></span> <span class='ocrx_word' id='word_1_133' title='bbox 3472 705 3634 762; x_wconf 61' lang='lat' dir='ltr'><em>exsi.</em></span> 
     </span>
    </p>
   </div>
   <div class='ocr_carea' id='block_1_22' title="bbox 1981 788 3624 870">
    <p class='ocr_par' dir='ltr' id='par_1_22' title="bbox 1981 788 3624 870">
     <span class='ocr_line' id='line_1_22' title="bbox 1981 788 3624 870; baseline -0.001 -19"><span class='ocrx_word' id='word_1_134' title='bbox 1981 796 2254 862; x_wconf 81' lang='lat' dir='ltr'><em>stentem,</em></span> <span class='ocrx_word' id='word_1_135' title='bbox 2270 799 2331 853; x_wconf 89' lang='lat' dir='ltr'><em>et</em></span> <span class='ocrx_word' id='word_1_136' title='bbox 2353 807 2464 870; x_wconf 87' lang='lat' dir='ltr'><em>per</em></span> <span class='ocrx_word' id='word_1_137' title='bbox 2477 791 2660 852; x_wconf 82' lang='lat' dir='ltr'><em>illum</em></span> <span class='ocrx_word' id='word_1_138' title='bbox 2674 789 3172 870; x_wconf 79' lang='lat' dir='ltr'><em>progredientem</em></span> <span class='ocrx_word' id='word_1_139' title='bbox 3200 788 3624 868; x_wconf 77' lang='lat' dir='ltr'><em>interpretatus</em></span> 
     </span>
    </p>
   </div>
   <div class='ocr_carea' id='block_1_23' title="bbox 1983 877 3626 958">
    <p class='ocr_par' dir='ltr' id='par_1_23' title="bbox 1983 877 3626 958">
     <span class='ocr_line' id='line_1_23' title="bbox 1983 877 3626 958; baseline -0.001 -18"><span class='ocrx_word' id='word_1_140' title='bbox 1983 887 2092 955; x_wconf 90' lang='lat' dir='ltr'><em>est,</em></span> <span class='ocrx_word' id='word_1_141' title='bbox 2124 879 2306 941; x_wconf 86' lang='lat' dir='ltr'>divini</span> <span class='ocrx_word' id='word_1_142' title='bbox 2351 878 2540 940; x_wconf 83' lang='lat' dir='ltr'><em>Patris</em></span> <span class='ocrx_word' id='word_1_143' title='bbox 2581 878 2780 940; x_wconf 89' lang='lat' dir='ltr'>Basilii</span> <span class='ocrx_word' id='word_1_144' title='bbox 2821 885 3022 958; x_wconf 84' lang='lat' dir='ltr'><em>aperte</em></span> <span class='ocrx_word' id='word_1_145' title='bbox 3052 897 3295 957; x_wconf 91' lang='lat' dir='ltr'><em>scopum</em></span> <span class='ocrx_word' id='word_1_146' title='bbox 3328 877 3626 957; x_wconf 66' lang='lat' dir='ltr'><em>iudicans,</em></span> 
     </span>
    </p>
   </div>
   <div class='ocr_carea' id='block_1_24' title="bbox 1979 966 3623 1049">
    <p class='ocr_par' dir='ltr' id='par_1_24' title="bbox 1979 966 3623 1049">
     <span class='ocr_line' id='line_1_24' title="bbox 1979 966 3623 1049; baseline 0.001 -22"><span class='ocrx_word' id='word_1_147' title='bbox 1979 967 2093 1028; x_wconf 91' lang='lat' dir='ltr'><em>alio</em></span> <span class='ocrx_word' id='word_1_148' title='bbox 2121 967 2182 1027; x_wconf 89' lang='lat' dir='ltr'><em>id</em></span> <span class='ocrx_word' id='word_1_149' title='bbox 2214 967 2406 1049; x_wconf 91' lang='lat' dir='ltr'><em>ipsum</em></span> <span class='ocrx_word' id='word_1_150' title='bbox 2437 967 2792 1028; x_wconf 87' lang='lat' dir='ltr'><em>insinuantis</em></span> <span class='ocrx_word' id='word_1_151' title='bbox 2815 984 2988 1028; x_wconf 90' lang='lat' dir='ltr'><em>sacro</em></span> <span class='ocrx_word' id='word_1_152' title='bbox 3009 966 3188 1028; x_wconf 91' lang='lat' dir='ltr'><em>dicto.</em></span> <span class='ocrx_word' id='word_1_153' title='bbox 3233 966 3364 1029; x_wconf 91' lang='lat' dir='ltr'><em>Pari</em></span> <span class='ocrx_word' id='word_1_154' title='bbox 3393 966 3623 1028; x_wconf 84' lang='lat' dir='ltr'><em>ratione</em></span> 
     </span>
    </p>
   </div>
   <div class='ocr_carea' id='block_1_25' title="bbox 1979 1054 3629 1136">
    <p class='ocr_par' dir='ltr' id='par_1_25' title="bbox 1979 1054 3629 1136">
     <span class='ocr_line' id='line_1_25' title="bbox 1979 1054 3629 1136; baseline -0.001 -19"><span class='ocrx_word' id='word_1_155' title='bbox 1979 1065 2036 1117; x_wconf 92' lang='lat' dir='ltr'><em>et</em></span> <span class='ocrx_word' id='word_1_156' title='bbox 2067 1075 2311 1136; x_wconf 89' lang='lat' dir='ltr'><em>magnus</em></span> <span class='ocrx_word' id='word_1_157' title='bbox 2329 1057 2652 1134; x_wconf 84' lang='lat' dir='ltr'><em>Gregorius</em></span> <span class='ocrx_word' id='word_1_158' title='bbox 2681 1055 2755 1118; x_wconf 90' lang='lat' dir='ltr'><em>dc</em></span> <span class='ocrx_word' id='word_1_159' title='bbox 2785 1055 3158 1117; x_wconf 84' lang='lat' dir='ltr'><em>sanctissimo</em></span> <span class='ocrx_word' id='word_1_160' title='bbox 3191 1054 3436 1135; x_wconf 88' lang='lat' dir='ltr'><em>Spiritu,</em></span> <span class='ocrx_word' id='word_1_161' title='bbox 3464 1061 3521 1116; x_wconf 88' lang='lat' dir='ltr'><em>et</em></span> <span class='ocrx_word' id='word_1_162' title='bbox 3550 1072 3629 1116; x_wconf 81' lang='lat' dir='ltr'><em>ea:</em></span> 
     </span>
    </p>
   </div>
   <div class='ocr_carea' id='block_1_26' title="bbox 1975 1143 3638 1225">
    <p class='ocr_par' dir='ltr' id='par_1_26' title="bbox 1975 1143 3638 1225">
     <span class='ocr_line' id='line_1_26' title="bbox 1975 1143 3638 1225; baseline -0.001 -18"><span class='ocrx_word' id='word_1_163' title='bbox 1975 1145 2133 1208; x_wconf 89' lang='lat' dir='ltr'><em>Filio</em></span> <span class='ocrx_word' id='word_1_164' title='bbox 2145 1162 2272 1208; x_wconf 88' lang='lat' dir='ltr'><em>esse</em></span> <span class='ocrx_word' id='word_1_165' title='bbox 2284 1147 2756 1225; x_wconf 81' lang='lat' dir='ltr'><em>astruitur,cum</em></span> <span class='ocrx_word' id='word_1_166' title='bbox 2781 1143 3470 1206; x_wconf 81' lang='lat' dir='ltr'><em>conﬁdenteradmodum</em></span> <span class='ocrx_word' id='word_1_167' title='bbox 3491 1161 3638 1223; x_wconf 88' lang='lat' dir='ltr'><em>pro-</em></span> 
     </span>
    </p>
   </div>
   <div class='ocr_carea' id='block_1_27' title="bbox 1978 1233 3628 1313">
    <p class='ocr_par' dir='ltr' id='par_1_27' title="bbox 1978 1233 3628 1313">
     <span class='ocr_line' id='line_1_27' title="bbox 1978 1233 3628 1313; baseline 0.001 -20"><span class='ocrx_word' id='word_1_168' title='bbox 1978 1234 2327 1308; x_wconf 86' lang='lat' dir='ltr'><em>nuntiasset,</em></span> <span class='ocrx_word' id='word_1_169' title='bbox 2361 1235 2554 1294; x_wconf 87' lang='lat' dir='ltr'><em>statim</em></span> <span class='ocrx_word' id='word_1_170' title='bbox 2587 1233 2925 1304; x_wconf 83' lang='lat' dir='ltr'><em>subnexuit,</em></span> <span class='ocrx_word' id='word_1_171' title='bbox 2953 1234 3049 1296; x_wconf 71' lang='lat' dir='ltr'><em>«Si</em></span> <span class='ocrx_word' id='word_1_172' title='bbox 3072 1235 3210 1313; x_wconf 82' lang='lat' dir='ltr'><em>quis</em></span> <span class='ocrx_word' id='word_1_173' title='bbox 3239 1235 3400 1294; x_wconf 87' lang='lat' dir='ltr'><em>enim</em></span> <span class='ocrx_word' id='word_1_174' title='bbox 3420 1233 3628 1312; x_wconf 88' lang='lat' dir='ltr'><em>Spiri-</em></span> 
     </span>
    </p>
   </div>
   <div class='ocr_carea' id='block_1_28' title="bbox 1980 1321 3625 1400">
    <p class='ocr_par' dir='ltr' id='par_1_28' title="bbox 1980 1321 3625 1400">
     <span class='ocr_line' id='line_1_28' title="bbox 1980 1321 3625 1400; baseline -0.002 -15"><span class='ocrx_word' id='word_1_175' title='bbox 1980 1331 2107 1385; x_wconf 86' lang='lat' dir='ltr'><em>tum</em></span> <span class='ocrx_word' id='word_1_176' title='bbox 2139 1322 2368 1384; x_wconf 89' lang='lat' dir='ltr'><em>Christi</em></span> <span class='ocrx_word' id='word_1_177' title='bbox 2396 1342 2515 1385; x_wconf 81' lang='lat' dir='ltr'><em>non</em></span> <span class='ocrx_word' id='word_1_178' title='bbox 2544 1322 2967 1398; x_wconf 84' lang='lat' dir='ltr'><em>hobet,ait,hic</em></span> <span class='ocrx_word' id='word_1_179' title='bbox 2987 1340 3106 1384; x_wconf 84' lang='lat' dir='ltr'><em>non</em></span> <span class='ocrx_word' id='word_1_180' title='bbox 3127 1328 3212 1384; x_wconf 89' lang='lat' dir='ltr'><em>est</em></span> <span class='ocrx_word' id='word_1_181' title='bbox 3233 1323 3418 1400; x_wconf 77' lang='lat' dir='ltr'><em>ejus,»</em></span> <span class='ocrx_word' id='word_1_182' title='bbox 3451 1321 3625 1382; x_wconf 89' lang='lat' dir='ltr'><em>testi-</em></span> 
     </span>
    </p>
   </div>
   <div class='ocr_carea' id='block_1_29' title="bbox 1983 1409 3623 1493">
    <p class='ocr_par' dir='ltr' id='par_1_29' title="bbox 1983 1409 3623 1493">
     <span class='ocr_line' id='line_1_29' title="bbox 1983 1409 3623 1493; baseline 0 -21"><span class='ocrx_word' id='word_1_183' title='bbox 1983 1412 2251 1474; x_wconf 88' lang='lat' dir='ltr'><em>monium</em></span> <span class='ocrx_word' id='word_1_184' title='bbox 2283 1411 2498 1474; x_wconf 88' lang='lat' dir='ltr'><em>Christi</em></span> <span class='ocrx_word' id='word_1_185' title='bbox 2524 1412 2812 1493; x_wconf 65' lang='lat' dir='ltr'><em>praeconis</em></span> <span class='ocrx_word' id='word_1_186' title='bbox 2837 1412 3003 1475; x_wconf 88' lang='lat' dir='ltr'><em>Pauli</em></span> <span class='ocrx_word' id='word_1_187' title='bbox 3033 1430 3103 1472; x_wconf 89' lang='lat' dir='ltr'><em>ex</em></span> <span class='ocrx_word' id='word_1_188' title='bbox 3135 1429 3346 1488; x_wconf 87' lang='lat' dir='ltr'><em>magno</em></span> <span class='ocrx_word' id='word_1_189' title='bbox 3379 1409 3623 1485; x_wconf 87' lang='lat' dir='ltr'><em>Basilio,</em></span> 
     </span>
    </p>
   </div>
   <div class='ocr_carea' id='block_1_30' title="bbox 1985 1499 3625 1582">
    <p class='ocr_par' dir='ltr' id='par_1_30' title="bbox 1985 1499 3625 1582">
     <span class='ocr_line' id='line_1_30' title="bbox 1985 1499 3625 1582; baseline -0.001 -20"><span class='ocrx_word' id='word_1_190' title='bbox 1985 1509 2043 1562; x_wconf 93' lang='lat' dir='ltr'><em>et</em></span> <span class='ocrx_word' id='word_1_191' title='bbox 2073 1501 2233 1562; x_wconf 89' lang='lat' dir='ltr'><em>aliud</em></span> <span class='ocrx_word' id='word_1_192' title='bbox 2259 1501 2435 1562; x_wconf 90' lang='lat' dir='ltr'><em>etiam</em></span> <span class='ocrx_word' id='word_1_193' title='bbox 2469 1501 2709 1562; x_wconf 87' lang='lat' dir='ltr'><em>aliunde</em></span> <span class='ocrx_word' id='word_1_194' title='bbox 2739 1501 2984 1582; x_wconf 91' lang='lat' dir='ltr'><em>petitum</em></span> <span class='ocrx_word' id='word_1_195' title='bbox 3028 1518 3340 1580; x_wconf 88' lang='lat' dir='ltr'><em>usurpans.</em></span> <span class='ocrx_word' id='word_1_196' title='bbox 3367 1499 3477 1560; x_wconf 91' lang='lat' dir='ltr'><em>Hic</em></span> <span class='ocrx_word' id='word_1_197' title='bbox 3500 1500 3625 1578; x_wconf 89' lang='lat' dir='ltr'><em>jam</em></span> 
     </span>
    </p>
   </div>
   <div class='ocr_carea' id='block_1_31' title="bbox 253 1587 1899 1676">
    <p class='ocr_par' dir='ltr' id='par_1_31' title="bbox 253 1595 1899 1676">
     <span class='ocr_line' id='line_1_31' title="bbox 253 1595 1899 1676; baseline -0.002 -23"><span class='ocrx_word' id='word_1_198' title='bbox 253 1597 536 1676; x_wconf 89' lang='grc' dir='ltr'>παναγίου,</span> <span class='ocrx_word' id='word_1_199' title='bbox 604 1598 693 1653; x_wconf 83' lang='grc' dir='ltr'><em>καὶ</em></span> <span class='ocrx_word' id='word_1_200' title='bbox 763 1596 824 1652; x_wconf 82' lang='grc' dir='ltr'>ἐκ</span> <span class='ocrx_word' id='word_1_201' title='bbox 877 1602 972 1653; x_wconf 92' lang='grc' dir='ltr'><em>τοῦ</em></span> <span class='ocrx_word' id='word_1_202' title='bbox 1031 1595 1154 1652; x_wconf 74' lang='grc' dir='ltr'>ι’ἰοῦ</span> <span class='ocrx_word' id='word_1_203' title='bbox 1211 1595 1354 1651; x_wconf 76' lang='grc' dir='ltr'>εἶναι</span> <span class='ocrx_word' id='word_1_204' title='bbox 1425 1595 1899 1674; x_wconf 77' lang='grc' dir='ltr'>προσμαρτυρεϊταὶ</span> 
     </span>
    </p>
   </div>
   <div class='ocr_carea' id='block_1_32' title="bbox 1984 1587 3630 1676">
    <p class='ocr_par' dir='ltr' id='par_1_32' title="bbox 1986 1587 3630 1670">
     <span class='ocr_line' id='line_1_32' title="bbox 1986 1587 3630 1670; baseline 0 -20"><span class='ocrx_word' id='word_1_205' title='bbox 1986 1589 2363 1651; x_wconf 82' lang='lat' dir='ltr'><em>manifestum</em></span> <span class='ocrx_word' id='word_1_206' title='bbox 2425 1599 2535 1662; x_wconf 87' lang='lat' dir='ltr'><em>est,</em></span> <span class='ocrx_word' id='word_1_207' title='bbox 2599 1608 2668 1651; x_wconf 90' lang='lat' dir='ltr'><em>ex</em></span> <span class='ocrx_word' id='word_1_208' title='bbox 2719 1599 2881 1670; x_wconf 87' lang='lat' dir='ltr'><em>parte</em></span> <span class='ocrx_word' id='word_1_209' title='bbox 2926 1589 3397 1650; x_wconf 90' lang='lat' dir='ltr'><em>demonstratum</em></span> <span class='ocrx_word' id='word_1_210' title='bbox 3447 1587 3630 1650; x_wconf 86' lang='lat' dir='ltr'><em>fuisse</em></span> 
     </span>
    </p>
   </div>
   <div class='ocr_carea' id='block_1_33' title="bbox 256 1683 1900 1764">
    <p class='ocr_par' dir='ltr' id='par_1_33' title="bbox 256 1683 1900 1764">
     <span class='ocr_line' id='line_1_33' title="bbox 256 1683 1900 1764; baseline -0.001 -23"><span class='ocrx_word' id='word_1_211' title='bbox 256 1687 391 1761; x_wconf 77' lang='grc' dir='ltr'>μετὰ</span> <span class='ocrx_word' id='word_1_212' title='bbox 459 1684 667 1752; x_wconf 78' lang='grc' dir='ltr'>πολλῆς</span> <span class='ocrx_word' id='word_1_213' title='bbox 733 1683 1025 1764; x_wconf 69' lang='grc' dir='ltr'>παρρησίας</span> <span class='ocrx_word' id='word_1_214' title='bbox 1083 1684 1268 1756; x_wconf 85' lang='grc' dir='ltr'>εἰπὼν,</span> <span class='ocrx_word' id='word_1_215' title='bbox 1329 1683 1568 1761; x_wconf 79' lang='grc' dir='ltr'>ἐπήγαγε</span> <span class='ocrx_word' id='word_1_216' title='bbox 1623 1683 1900 1760; x_wconf 82' lang='grc' dir='ltr'>παρευθὺς,</span> 
     </span>
    </p>
   </div>
   <div class='ocr_carea' id='block_1_34' title="bbox 1987 1677 3636 1759">
    <p class='ocr_par' dir='ltr' id='par_1_34' title="bbox 1987 1677 3636 1759">
     <span class='ocr_line' id='line_1_34' title="bbox 1987 1677 3636 1759; baseline 0 -20"><span class='ocrx_word' id='word_1_217' title='bbox 1987 1679 2146 1739; x_wconf 90' lang='lat' dir='ltr'><em>inter</em></span> <span class='ocrx_word' id='word_1_218' title='bbox 2176 1678 2630 1759; x_wconf 66' lang='lat' dir='ltr'><em>praepositiones</em></span> <span class='ocrx_word' id='word_1_219' title='bbox 2659 1697 2736 1741; x_wconf 72' lang='lat' dir='ltr'><em>ea:</em></span> <span class='ocrx_word' id='word_1_220' title='bbox 2761 1688 2818 1741; x_wconf 91' lang='lat' dir='ltr'><em>et</em></span> <span class='ocrx_word' id='word_1_221' title='bbox 2842 1697 2976 1759; x_wconf 89' lang='lat' dir='ltr'><em>per,</em></span> <span class='ocrx_word' id='word_1_222' title='bbox 3012 1697 3144 1740; x_wconf 87' lang='lat' dir='ltr'><em>cum</em></span> <span class='ocrx_word' id='word_1_223' title='bbox 3169 1695 3266 1739; x_wconf 91' lang='lat' dir='ltr'><em>res</em></span> <span class='ocrx_word' id='word_1_224' title='bbox 3289 1677 3636 1756; x_wconf 61' lang='lat' dir='ltr'><em>theologica</em></span> 
     </span>
    </p>
   </div>
   <div class='ocr_carea' id='block_1_35' title="bbox 264 1766 1899 1852">
    <p class='ocr_par' dir='ltr' id='par_1_35' title="bbox 264 1771 1899 1852">
     <span class='ocr_line' id='line_1_35' title="bbox 264 1771 1899 1852; baseline -0.001 -24"><span class='ocrx_word' id='word_1_225' title='bbox 264 1799 290 1828; x_wconf 78' lang='grc' dir='ltr'><em>σ</em></span> <span class='ocrx_word' id='word_1_226' title='bbox 340 1777 398 1834; x_wconf 83' lang='grc' dir='ltr'>Εἰ</span> <span class='ocrx_word' id='word_1_227' title='bbox 453 1776 552 1852; x_wconf 78' lang='grc' dir='ltr'>γὰρ</span> <span class='ocrx_word' id='word_1_228' title='bbox 594 1795 674 1837; x_wconf 92' lang='grc' dir='ltr'><em>τις</em></span> <span class='ocrx_word' id='word_1_229' title='bbox 737 1780 950 1850; x_wconf 87' lang='grc' dir='ltr'>Πνεῦμα</span> <span class='ocrx_word' id='word_1_230' title='bbox 991 1779 1222 1852; x_wconf 80' lang='grc' dir='ltr'>Χριστοῦ</span> <span class='ocrx_word' id='word_1_231' title='bbox 1281 1772 1374 1828; x_wconf 76' lang='grc' dir='ltr'>οὒκ</span> <span class='ocrx_word' id='word_1_232' title='bbox 1425 1771 1566 1851; x_wconf 77' lang='grc' dir='ltr'>ἔχει,</span> <span class='ocrx_word' id='word_1_233' title='bbox 1609 1773 1792 1851; x_wconf 84' lang='grc' dir='ltr'>φησὶν,</span> <span class='ocrx_word' id='word_1_234' title='bbox 1824 1774 1899 1827; x_wconf 84' lang='grc' dir='ltr'>οῦ-</span> 
     </span>
    </p>
   </div>
   <div class='ocr_carea' id='block_1_36' title="bbox 1984 1766 3639 1852">
    <p class='ocr_par' dir='ltr' id='par_1_36' title="bbox 1992 1767 3639 1849">
     <span class='ocr_line' id='line_1_36' title="bbox 1992 1767 3639 1849; baseline -0.001 -21"><span class='ocrx_word' id='word_1_235' title='bbox 1992 1767 2602 1849; x_wconf 80' lang='lat' dir='ltr'><em>pertractantur,apud</em></span> <span class='ocrx_word' id='word_1_236' title='bbox 2637 1786 2760 1842; x_wconf 91' lang='lat' dir='ltr'><em>eos,</em></span> <span class='ocrx_word' id='word_1_237' title='bbox 2795 1769 2895 1848; x_wconf 88' lang='lat' dir='ltr'><em>qui</em></span> <span class='ocrx_word' id='word_1_238' title='bbox 2916 1786 3126 1829; x_wconf 89' lang='lat' dir='ltr'><em>secure</em></span> <span class='ocrx_word' id='word_1_239' title='bbox 3156 1776 3439 1848; x_wconf 87' lang='lat' dir='ltr'><em>recteque</em></span> <span class='ocrx_word' id='word_1_240' title='bbox 3467 1785 3639 1828; x_wconf 87' lang='lat' dir='ltr'><em>sacra</em></span> 
     </span>
    </p>
   </div>
   <div class='ocr_carea' id='block_1_37' title="bbox 259 1856 1899 1940">
    <p class='ocr_par' dir='ltr' id='par_1_37' title="bbox 259 1863 1899 1940">
     <span class='ocr_line' id='line_1_37' title="bbox 259 1863 1899 1940; baseline -0.004 -19"><span class='ocrx_word' id='word_1_241' title='bbox 259 1887 349 1927; x_wconf 89' lang='grc' dir='ltr'>τος</span> <span class='ocrx_word' id='word_1_242' title='bbox 385 1863 476 1920; x_wconf 72' lang='grc' dir='ltr'><em>οῦκ</em></span> <span class='ocrx_word' id='word_1_243' title='bbox 522 1863 660 1920; x_wconf 75' lang='grc' dir='ltr'>ἔστιν</span> <span class='ocrx_word' id='word_1_244' title='bbox 719 1865 898 1937; x_wconf 74' lang='grc' dir='ltr'>αὐτοῦ,</span> <span class='ocrx_word' id='word_1_245' title='bbox 947 1884 971 1918; x_wconf 71' lang='grc' dir='ltr'><strong>ι</strong></span> <span class='ocrx_word' id='word_1_246' title='bbox 1034 1863 1133 1929; x_wconf 77' lang='grc' dir='ltr'><em>τὴν</em></span> <span class='ocrx_word' id='word_1_247' title='bbox 1194 1863 1474 1940; x_wconf 74' lang='grc' dir='ltr'>μαρτυρίαν</span> <span class='ocrx_word' id='word_1_248' title='bbox 1529 1864 1620 1918; x_wconf 88' lang='grc' dir='ltr'>τοῦ</span> <span class='ocrx_word' id='word_1_249' title='bbox 1678 1868 1899 1940; x_wconf 81' lang='grc' dir='ltr'>Χριστο-</span> 
     </span>
    </p>
   </div>
   <div class='ocr_carea' id='block_1_38' title="bbox 1984 1856 3625 1940">
    <p class='ocr_par' dir='ltr' id='par_1_38' title="bbox 1991 1856 3625 1935">
     <span class='ocr_line' id='line_1_38' title="bbox 1991 1856 3625 1935; baseline -0.001 -17"><span class='ocrx_word' id='word_1_250' title='bbox 1991 1857 2263 1935; x_wconf 85' lang='lat' dir='ltr'><em>dogmata</em></span> <span class='ocrx_word' id='word_1_251' title='bbox 2289 1857 2602 1920; x_wconf 82' lang='lat' dir='ltr'><em>deﬁniunt.</em></span> <span class='ocrx_word' id='word_1_252' title='bbox 2656 1857 2881 1918; x_wconf 85' lang='lat' dir='ltr'><em>nullum</em></span> <span class='ocrx_word' id='word_1_253' title='bbox 2915 1875 3046 1918; x_wconf 92' lang='lat' dir='ltr'><em>esse</em></span> <span class='ocrx_word' id='word_1_254' title='bbox 3089 1856 3412 1918; x_wconf 86' lang='lat' dir='ltr'><em>discrimen</em></span> <span class='ocrx_word' id='word_1_255' title='bbox 3449 1873 3625 1918; x_wconf 90' lang='lat' dir='ltr'><em>:cum</em></span> 
     </span>
    </p>
   </div>
   <div class='ocr_carea' id='block_1_39' title="bbox 258 1942 1899 2030">
    <p class='ocr_par' dir='ltr' id='par_1_39' title="bbox 258 1949 1899 2030">
     <span class='ocr_line' id='line_1_39' title="bbox 258 1949 1899 2030; baseline -0.004 -20"><span class='ocrx_word' id='word_1_256' title='bbox 258 1954 488 2030; x_wconf 75' lang='grc' dir='ltr'>κήρυκος</span> <span class='ocrx_word' id='word_1_257' title='bbox 549 1951 754 2012; x_wconf 80' lang='grc' dir='ltr'>Παύλου</span> <span class='ocrx_word' id='word_1_258' title='bbox 808 1952 942 2008; x_wconf 79' lang='grc' dir='ltr'>κατὰ</span> <span class='ocrx_word' id='word_1_259' title='bbox 997 1952 1088 2008; x_wconf 82' lang='grc' dir='ltr'><em>τὸν</em></span> <span class='ocrx_word' id='word_1_260' title='bbox 1155 1949 1318 2007; x_wconf 78' lang='grc' dir='ltr'>πολὺν</span> <span class='ocrx_word' id='word_1_261' title='bbox 1376 1951 1463 2007; x_wconf 77' lang='grc' dir='ltr'>καὶ</span> <span class='ocrx_word' id='word_1_262' title='bbox 1521 1949 1688 2028; x_wconf 88' lang='grc' dir='ltr'>μέγαν</span> <span class='ocrx_word' id='word_1_263' title='bbox 1742 1950 1899 2005; x_wconf 85' lang='grc' dir='ltr'>Βασί-</span> 
     </span>
    </p>
   </div>
   <div class='ocr_carea' id='block_1_40' title="bbox 1984 1942 3628 2030">
    <p class='ocr_par' dir='ltr' id='par_1_40' title="bbox 1989 1942 3628 2026">
     <span class='ocr_line' id='line_1_40' title="bbox 1989 1942 3628 2026; baseline -0.001 -20"><span class='ocrx_word' id='word_1_264' title='bbox 1989 1945 2052 2006; x_wconf 90' lang='lat' dir='ltr'><em>in</em></span> <span class='ocrx_word' id='word_1_265' title='bbox 2084 1945 2296 2026; x_wconf 91' lang='lat' dir='ltr'><em>quibus</em></span> <span class='ocrx_word' id='word_1_266' title='bbox 2327 1947 2412 2007; x_wconf 94' lang='lat' dir='ltr'><em>illi</em></span> <span class='ocrx_word' id='word_1_267' title='bbox 2439 1945 2622 2026; x_wconf 88' lang='lat' dir='ltr'><em>probe</em></span> <span class='ocrx_word' id='word_1_268' title='bbox 2638 1964 2750 2025; x_wconf 85' lang='lat' dir='ltr'><em>per</em></span> <span class='ocrx_word' id='word_1_269' title='bbox 2772 1946 3318 2026; x_wconf 89' lang='lat' dir='ltr'><em>adaptarunt,divus</em></span> <span class='ocrx_word' id='word_1_270' title='bbox 3349 1945 3444 2006; x_wconf 89' lang='lat' dir='ltr'><em>hic</em></span> <span class='ocrx_word' id='word_1_271' title='bbox 3473 1942 3628 2006; x_wconf 88' lang='lat' dir='ltr'><em>Gre-</em></span> 
     </span>
    </p>
   </div>
   <div class='ocr_carea' id='block_1_41' title="bbox 260 2033 1899 2120">
    <p class='ocr_par' dir='ltr' id='par_1_41' title="bbox 260 2038 1899 2120">
     <span class='ocr_line' id='line_1_41' title="bbox 260 2038 1899 2120; baseline -0.003 -24"><span class='ocrx_word' id='word_1_272' title='bbox 260 2040 424 2116; x_wconf 80' lang='grc' dir='ltr'>λειον,</span> <span class='ocrx_word' id='word_1_273' title='bbox 485 2042 572 2098; x_wconf 84' lang='grc' dir='ltr'><em>καὶ</em></span> <span class='ocrx_word' id='word_1_274' title='bbox 621 2040 801 2120; x_wconf 78' lang='grc' dir='ltr'>ἑτέραν</span> <span class='ocrx_word' id='word_1_275' title='bbox 880 2039 1294 2116; x_wconf 65' lang='grc' dir='ltr'>ἀπολεξάμενος,</span> <span class='ocrx_word' id='word_1_276' title='bbox 1375 2038 1628 2097; x_wconf 88' lang='grc' dir='ltr'>Ἐνταῦθα</span> <span class='ocrx_word' id='word_1_277' title='bbox 1686 2039 1899 2117; x_wconf 69' lang='grc' dir='ltr'>φανερὸν</span> 
     </span>
    </p>
   </div>
   <div class='ocr_carea' id='block_1_42' title="bbox 1984 2033 3629 2120">
    <p class='ocr_par' dir='ltr' id='par_1_42' title="bbox 1989 2033 3629 2117">
     <span class='ocr_line' id='line_1_42' title="bbox 1989 2033 3629 2117; baseline 0 -23"><span class='ocrx_word' id='word_1_278' title='bbox 1989 2034 2188 2113; x_wconf 84' lang='lat' dir='ltr'><em>gorius</em></span> <span class='ocrx_word' id='word_1_279' title='bbox 2217 2053 2296 2097; x_wconf 69' lang='lat' dir='ltr'><em>ex</em></span> <span class='ocrx_word' id='word_1_280' title='bbox 2313 2035 2694 2117; x_wconf 88' lang='lat' dir='ltr'><em>apposuit.Et</em></span> <span class='ocrx_word' id='word_1_281' title='bbox 2724 2036 2847 2096; x_wconf 72' lang='lat' dir='ltr'><em>bmc</em></span> <span class='ocrx_word' id='word_1_282' title='bbox 2864 2035 3106 2116; x_wconf 89' lang='lat' dir='ltr'><em>quidem</em></span> <span class='ocrx_word' id='word_1_283' title='bbox 3139 2033 3418 2114; x_wconf 91' lang='lat' dir='ltr'><em>primum,</em></span> <span class='ocrx_word' id='word_1_284' title='bbox 3451 2033 3537 2094; x_wconf 87' lang='lat' dir='ltr'><em>uti</em></span> <span class='ocrx_word' id='word_1_285' title='bbox 3569 2034 3629 2094; x_wconf 88' lang='lat' dir='ltr'><em>in</em></span> 
     </span>
    </p>
   </div>
   <div class='ocr_carea' id='block_1_43' title="bbox 260 2123 1899 2209">
    <p class='ocr_par' dir='ltr' id='par_1_43' title="bbox 260 2126 1899 2209">
     <span class='ocr_line' id='line_1_43' title="bbox 260 2126 1899 2209; baseline -0.002 -23"><span class='ocrx_word' id='word_1_286' title='bbox 260 2129 340 2186; x_wconf 81' lang='grc' dir='ltr'><em>ὅτι</em></span> <span class='ocrx_word' id='word_1_287' title='bbox 413 2137 641 2209; x_wconf 80' lang='grc' dir='ltr'>μερικῶς</span> <span class='ocrx_word' id='word_1_288' title='bbox 701 2127 1154 2186; x_wconf 81' lang='grc' dir='ltr'>συναποδέδεικται</span> <span class='ocrx_word' id='word_1_289' title='bbox 1228 2129 1432 2192; x_wconf 78' lang='grc' dir='ltr'>τούτοις</span> <span class='ocrx_word' id='word_1_290' title='bbox 1491 2127 1626 2202; x_wconf 76' lang='grc' dir='ltr'>μηδὲ</span> <span class='ocrx_word' id='word_1_291' title='bbox 1697 2127 1796 2194; x_wconf 80' lang='grc' dir='ltr'><em>τὴν</em></span> <span class='ocrx_word' id='word_1_292' title='bbox 1847 2126 1899 2182; x_wconf 75' lang='grc' dir='ltr'>ἐκ</span> 
     </span>
    </p>
   </div>
   <div class='ocr_carea' id='block_1_44' title="bbox 1984 2123 3630 2209">
    <p class='ocr_par' dir='ltr' id='par_1_44' title="bbox 1993 2123 3630 2203">
     <span class='ocr_line' id='line_1_44' title="bbox 1993 2123 3630 2203; baseline 0 -19"><span class='ocrx_word' id='word_1_293' title='bbox 1993 2125 2297 2203; x_wconf 67' lang='lat' dir='ltr'><em>praesentis</em></span> <span class='ocrx_word' id='word_1_294' title='bbox 2362 2123 2848 2186; x_wconf 83' lang='lat' dir='ltr'><em>contradictionis</em></span> <span class='ocrx_word' id='word_1_295' title='bbox 2889 2124 3056 2185; x_wconf 92' lang='lat' dir='ltr'><em>initio</em></span> <span class='ocrx_word' id='word_1_296' title='bbox 3085 2124 3230 2192; x_wconf 83' lang='lat' dir='ltr'><em>dixi.</em></span> <span class='ocrx_word' id='word_1_297' title='bbox 3262 2124 3630 2186; x_wconf 88' lang='lat' dir='ltr'><em>adversario-</em></span> 
     </span>
    </p>
   </div>
   <div class='ocr_carea' id='block_1_45' title="bbox 260 2216 1904 2299">
    <p class='ocr_par' dir='ltr' id='par_1_45' title="bbox 260 2216 1904 2299">
     <span class='ocr_line' id='line_1_45' title="bbox 260 2216 1904 2299; baseline -0.001 -25"><span class='ocrx_word' id='word_1_298' title='bbox 260 2217 544 2299; x_wconf 73' lang='grc' dir='ltr'>διαφέρειν,</span> <span class='ocrx_word' id='word_1_299' title='bbox 603 2220 690 2275; x_wconf 87' lang='grc' dir='ltr'><em>καὶ</em></span> <span class='ocrx_word' id='word_1_300' title='bbox 745 2219 844 2286; x_wconf 77' lang='grc' dir='ltr'>τὴν</span> <span class='ocrx_word' id='word_1_301' title='bbox 900 2216 984 2274; x_wconf 81' lang='grc' dir='ltr'><em>διὰ</em></span> <span class='ocrx_word' id='word_1_302' title='bbox 1039 2231 1154 2281; x_wconf 78' lang='grc' dir='ltr'>τοῖς</span> <span class='ocrx_word' id='word_1_303' title='bbox 1197 2217 1282 2274; x_wconf 82' lang='grc' dir='ltr'>ἐπὶ</span> <span class='ocrx_word' id='word_1_304' title='bbox 1310 2223 1406 2284; x_wconf 81' lang='grc' dir='ltr'>τῆς</span> <span class='ocrx_word' id='word_1_305' title='bbox 1437 2216 1709 2296; x_wconf 84' lang='grc' dir='ltr'>θεολογίας</span> <span class='ocrx_word' id='word_1_306' title='bbox 1741 2219 1904 2285; x_wconf 67' lang='grc' dir='ltr'>ὀρθῶς</span> 
     </span>
    </p>
   </div>
   <div class='ocr_carea' id='block_1_46' title="bbox 258 2305 1904 2388">
    <p class='ocr_par' dir='ltr' id='par_1_46' title="bbox 258 2305 1904 2388">
     <span class='ocr_line' id='line_1_46' title="bbox 258 2305 1904 2388; baseline -0.002 -24"><span class='ocrx_word' id='word_1_307' title='bbox 258 2310 346 2364; x_wconf 87' lang='grc' dir='ltr'><em>καὶ</em></span> <span class='ocrx_word' id='word_1_308' title='bbox 401 2310 529 2388; x_wconf 82' lang='grc' dir='ltr'>πρὸς</span> <span class='ocrx_word' id='word_1_309' title='bbox 582 2307 870 2386; x_wconf 80' lang='grc' dir='ltr'>ἀσφάλειαν</span> <span class='ocrx_word' id='word_1_310' title='bbox 925 2314 1032 2363; x_wconf 90' lang='grc' dir='ltr'>τῶν</span> <span class='ocrx_word' id='word_1_311' title='bbox 1087 2308 1240 2386; x_wconf 75' lang='grc' dir='ltr'>ἱερῶν</span> <span class='ocrx_word' id='word_1_312' title='bbox 1291 2305 1570 2385; x_wconf 61' lang='grc' dir='ltr'>δογμάτων</span> <span class='ocrx_word' id='word_1_313' title='bbox 1619 2306 1778 2371; x_wconf 75' lang='grc' dir='ltr'>αὐτὰς</span> <span class='ocrx_word' id='word_1_314' title='bbox 1809 2305 1904 2361; x_wconf 76' lang='grc' dir='ltr'><em>ἐκ·</em></span> 
     </span>
    </p>
   </div>
   <div class='ocr_carea' id='block_1_47' title="bbox 1987 2211 3621 2294">
    <p class='ocr_par' dir='ltr' id='par_1_47' title="bbox 1987 2211 3621 2294">
     <span class='ocr_line' id='line_1_47' title="bbox 1987 2211 3621 2294; baseline -0.001 -21"><span class='ocrx_word' id='word_1_315' title='bbox 1987 2231 2118 2274; x_wconf 93' lang='lat' dir='ltr'><em>rum</em></span> <span class='ocrx_word' id='word_1_316' title='bbox 2143 2215 2257 2274; x_wconf 87' lang='lat' dir='ltr'><em>tela</em></span> <span class='ocrx_word' id='word_1_317' title='bbox 2287 2223 2444 2294; x_wconf 83' lang='lat' dir='ltr'><em>sunt,</em></span> <span class='ocrx_word' id='word_1_318' title='bbox 2478 2214 2692 2294; x_wconf 89' lang='lat' dir='ltr'><em>quibus</em></span> <span class='ocrx_word' id='word_1_319' title='bbox 2743 2213 2828 2275; x_wconf 90' lang='lat' dir='ltr'><em>illi</em></span> <span class='ocrx_word' id='word_1_320' title='bbox 2864 2212 3253 2275; x_wconf 87' lang='lat' dir='ltr'><em>auxiliaribus</em></span> <span class='ocrx_word' id='word_1_321' title='bbox 3281 2211 3621 2289; x_wconf 80' lang='lat' dir='ltr'><em>utebantur,</em></span> 
     </span>
    </p>
   </div>
   <div class='ocr_carea' id='block_1_48' title="bbox 1988 2302 3084 2365">
    <p class='ocr_par' dir='ltr' id='par_1_48' title="bbox 1988 2302 3084 2365">
     <span class='ocr_line' id='line_1_48' title="bbox 1988 2302 3084 2365; baseline 0.001 -1"><span class='ocrx_word' id='word_1_322' title='bbox 1988 2303 2049 2364; x_wconf 91' lang='lat' dir='ltr'><em>in</em></span> <span class='ocrx_word' id='word_1_323' title='bbox 2076 2303 2318 2364; x_wconf 86' lang='lat' dir='ltr'><em>eosdem</em></span> <span class='ocrx_word' id='word_1_324' title='bbox 2351 2302 2584 2364; x_wconf 84' lang='lat' dir='ltr'><em>fortiter</em></span> <span class='ocrx_word' id='word_1_325' title='bbox 2610 2321 2644 2363; x_wconf 92' lang='lat' dir='ltr'><em>a</em></span> <span class='ocrx_word' id='word_1_326' title='bbox 2669 2321 2764 2365; x_wconf 91' lang='lat' dir='ltr'><em>me</em></span> <span class='ocrx_word' id='word_1_327' title='bbox 2795 2309 3084 2365; x_wconf 88' lang='lat' dir='ltr'><em>contorta.</em></span> 
     </span>
    </p>
   </div>
   <div class='ocr_carea' id='block_1_49' title="bbox 257 2389 3631 2475">
    <p class='ocr_par' dir='ltr' id='par_1_49' title="bbox 257 2389 3631 2475">
     <span class='ocr_line' id='line_1_49' title="bbox 257 2389 3631 2475; baseline -0.002 -21"><span class='ocrx_word' id='word_1_328' title='bbox 257 2396 633 2474; x_wconf 78' lang='grc' dir='ltr'>λαμϐάνουσιν.</span> <span class='ocrx_word' id='word_1_329' title='bbox 671 2389 916 2474; x_wconf 84' lang='grc' dir='ltr'>Ἐπείπερ</span> <span class='ocrx_word' id='word_1_330' title='bbox 979 2395 1033 2452; x_wconf 77' lang='grc' dir='ltr'>ἐν</span> <span class='ocrx_word' id='word_1_331' title='bbox 1086 2401 1173 2462; x_wconf 83' lang='grc' dir='ltr'>οἷς</span> <span class='ocrx_word' id='word_1_332' title='bbox 1231 2396 1426 2453; x_wconf 75' lang='grc' dir='ltr'>ἐκεῖνοι</span> <span class='ocrx_word' id='word_1_333' title='bbox 1484 2395 1662 2460; x_wconf 84' lang='grc' dir='ltr'>καλῶς</span> <span class='ocrx_word' id='word_1_334' title='bbox 1719 2392 2014 2475; x_wconf 79' lang='grc' dir='ltr'>παρέλαϐον</span> <span class='ocrx_word' id='word_1_335' title='bbox 2069 2395 2164 2462; x_wconf 77' lang='grc' dir='ltr'><em>τὴν</em></span> <span class='ocrx_word' id='word_1_336' title='bbox 2196 2391 2300 2466; x_wconf 77' lang='grc' dir='ltr'>διὰ,</span> <span class='ocrx_word' id='word_1_337' title='bbox 2334 2393 2558 2449; x_wconf 80' lang='grc' dir='ltr'>τέθεικεν</span> <span class='ocrx_word' id='word_1_338' title='bbox 2618 2396 2645 2449; x_wconf 93' lang='lat'>6</span> <span class='ocrx_word' id='word_1_339' title='bbox 2695 2397 2838 2456; x_wconf 78' lang='grc' dir='ltr'>θεῖος</span> <span class='ocrx_word' id='word_1_340' title='bbox 2885 2393 3169 2470; x_wconf 85' lang='grc' dir='ltr'>Γρηγόριος</span> <span class='ocrx_word' id='word_1_341' title='bbox 3227 2395 3375 2456; x_wconf 76' lang='grc' dir='ltr'>οὗτος</span> <span class='ocrx_word' id='word_1_342' title='bbox 3425 2395 3523 2460; x_wconf 74' lang='grc' dir='ltr'>τὴν</span> <span class='ocrx_word' id='word_1_343' title='bbox 3569 2393 3631 2448; x_wconf 81' lang='grc' dir='ltr'>ἐκ</span> 
     </span>
    </p>
   </div>
   <div class='ocr_carea' id='block_1_50' title="bbox 257 2488 522 2566">
    <p class='ocr_par' dir='ltr' id='par_1_50' title="bbox 257 2488 522 2566">
     <span class='ocr_line' id='line_1_50' title="bbox 257 2488 522 2566; baseline 0.011 -22"><span class='ocrx_word' id='word_1_344' title='bbox 257 2488 413 2566; x_wconf 83' lang='grc' dir='ltr'>πρύοε</span> <span class='ocrx_word' id='word_1_345' title='bbox 420 2512 522 2547; x_wconf 88' lang='grc' dir='ltr'>σιν.</span> 
     </span>
    </p>
   </div>
   <div class='ocr_carea' id='block_1_51' title="bbox 617 2479 3628 2564">
    <p class='ocr_par' dir='ltr' id='par_1_51' title="bbox 617 2479 3628 2564">
     <span class='ocr_line' id='line_1_51' title="bbox 617 2479 3628 2564; baseline -0.003 -19"><span class='ocrx_word' id='word_1_346' title='bbox 617 2489 715 2546; x_wconf 85' lang='grc' dir='ltr'><em>Καὶ</em></span> <span class='ocrx_word' id='word_1_347' title='bbox 769 2486 933 2543; x_wconf 90' lang='grc' dir='ltr'>ταῦτα</span> <span class='ocrx_word' id='word_1_348' title='bbox 995 2487 1090 2563; x_wconf 79' lang='grc' dir='ltr'>μὲν</span> <span class='ocrx_word' id='word_1_349' title='bbox 1167 2485 1221 2542; x_wconf 80' lang='grc' dir='ltr'>ἐν</span> <span class='ocrx_word' id='word_1_350' title='bbox 1303 2485 1531 2562; x_wconf 86' lang='grc' dir='ltr'>πρώτοις</span> <span class='ocrx_word' id='word_1_351' title='bbox 1597 2487 1770 2549; x_wconf 88' lang='grc' dir='ltr'>καθὼς</span> <span class='ocrx_word' id='word_1_352' title='bbox 1829 2484 2114 2564; x_wconf 77' lang='grc' dir='ltr'>ἀρξάμενος</span> <span class='ocrx_word' id='word_1_353' title='bbox 2193 2482 2289 2550; x_wconf 76' lang='grc' dir='ltr'>τῆς</span> <span class='ocrx_word' id='word_1_354' title='bbox 2348 2483 2617 2560; x_wconf 85' lang='grc' dir='ltr'>παρούσης</span> <span class='ocrx_word' id='word_1_355' title='bbox 2694 2482 3000 2546; x_wconf 70' lang='grc' dir='ltr'>ἀντιθέσεως</span> <span class='ocrx_word' id='word_1_356' title='bbox 3088 2479 3359 2538; x_wconf 76' lang='grc' dir='ltr'>διαλαϐεῖν</span> <span class='ocrx_word' id='word_1_357' title='bbox 3445 2481 3628 2562; x_wconf 72' lang='grc' dir='ltr'>ἔφθην,</span> 
     </span>
    </p>
   </div>
   <div class='ocr_carea' id='block_1_52' title="bbox 259 2569 3228 2656">
    <p class='ocr_par' dir='ltr' id='par_1_52' title="bbox 259 2569 3228 2656">
     <span class='ocr_line' id='line_1_52' title="bbox 259 2569 3228 2656; baseline -0.001 -24"><span class='ocrx_word' id='word_1_358' title='bbox 259 2579 398 2653; x_wconf 86' lang='grc' dir='ltr'>σημὶ</span> <span class='ocrx_word' id='word_1_359' title='bbox 454 2576 779 2656; x_wconf 82' lang='grc' dir='ltr'>περιτρέπων</span> <span class='ocrx_word' id='word_1_360' title='bbox 851 2575 1083 2655; x_wconf 79' lang='grc' dir='ltr'>ἰσχυρῶς</span> <span class='ocrx_word' id='word_1_361' title='bbox 1121 2576 1239 2638; x_wconf 83' lang='grc' dir='ltr'>τούς</span> <span class='ocrx_word' id='word_1_362' title='bbox 1282 2571 1639 2641; x_wconf 9' lang='grc' dir='ltr'>ἐναντίουςέὲξ</span> <span class='ocrx_word' id='word_1_363' title='bbox 1688 2578 1763 2631; x_wconf 80' lang='grc' dir='ltr'><em>ὧν</em></span> <span class='ocrx_word' id='word_1_364' title='bbox 1806 2577 1878 2638; x_wconf 80' lang='grc' dir='ltr'><em>είς</em></span> <span class='ocrx_word' id='word_1_365' title='bbox 1938 2574 2132 2630; x_wconf 75' lang='grc' dir='ltr'>οἰκείαν</span> <span class='ocrx_word' id='word_1_366' title='bbox 2164 2573 2307 2628; x_wconf 78' lang='grc' dir='ltr'>αῦτοὶ</span> <span class='ocrx_word' id='word_1_367' title='bbox 2364 2569 2720 2649; x_wconf 69' lang='grc' dir='ltr'>προῦϐαλοντο</span> <span class='ocrx_word' id='word_1_368' title='bbox 2749 2570 2902 2638; x_wconf 74' lang='grc' dir='ltr'>δῆθεν</span> <span class='ocrx_word' id='word_1_369' title='bbox 2956 2573 3228 2642; x_wconf 75' lang='grc' dir='ltr'>Βοήῧειαν.</span> 
     </span>
    </p>
   </div>
   <div class='ocr_carea' id='block_1_53' title="bbox 341 2657 1902 2741">
    <p class='ocr_par' dir='ltr' id='par_1_53' title="bbox 341 2657 1902 2741">
     <span class='ocr_line' id='line_1_53' title="bbox 341 2657 1902 2741; baseline -0.004 -17"><span class='ocrx_word' id='word_1_370' title='bbox 341 2657 442 2741; x_wconf 81' lang='grc' dir='ltr'><em>ς’.</em></span> <span class='ocrx_word' id='word_1_371' title='bbox 481 2669 537 2724; x_wconf 83' lang='grc' dir='ltr'>Εἰ</span> <span class='ocrx_word' id='word_1_372' title='bbox 566 2664 619 2722; x_wconf 76' lang='grc' dir='ltr'>δὲ</span> <span class='ocrx_word' id='word_1_373' title='bbox 676 2663 760 2721; x_wconf 75' lang='grc' dir='ltr'><em>δεῖ</em></span> <span class='ocrx_word' id='word_1_374' title='bbox 806 2686 872 2740; x_wconf 89' lang='grc' dir='ltr'><em>με</em></span> <span class='ocrx_word' id='word_1_375' title='bbox 927 2671 1026 2740; x_wconf 81' lang='grc' dir='ltr'><em>τῇς</em></span> <span class='ocrx_word' id='word_1_376' title='bbox 1085 2669 1377 2741; x_wconf 77' lang='grc' dir='ltr'>περικοπῆς</span> <span class='ocrx_word' id='word_1_377' title='bbox 1437 2664 1734 2738; x_wconf 85' lang='grc' dir='ltr'>μνησθέντα</span> <span class='ocrx_word' id='word_1_378' title='bbox 1806 2687 1902 2738; x_wconf 81' lang='grc' dir='ltr'>μιο</span> 
     </span>
    </p>
   </div>
   <div class='ocr_carea' id='block_1_54' title="bbox 255 2750 1904 2836">
    <p class='ocr_par' dir='ltr' id='par_1_54' title="bbox 255 2750 1904 2836">
     <span class='ocr_line' id='line_1_54' title="bbox 255 2750 1904 2836; baseline -0.002 -24"><span class='ocrx_word' id='word_1_379' title='bbox 255 2757 382 2836; x_wconf 78' lang='grc' dir='ltr'>κρὺν</span> <span class='ocrx_word' id='word_1_380' title='bbox 438 2754 632 2812; x_wconf 71' lang='grc' dir='ltr'>ἄνωθεν</span> <span class='ocrx_word' id='word_1_381' title='bbox 690 2751 919 2832; x_wconf 77' lang='grc' dir='ltr'>ἀκριϐῶς</span> <span class='ocrx_word' id='word_1_382' title='bbox 971 2751 1208 2818; x_wconf 79' lang='grc' dir='ltr'>ἐξετάσαι</span> <span class='ocrx_word' id='word_1_383' title='bbox 1271 2754 1336 2809; x_wconf 72' lang='grc' dir='ltr'><em>τα</em></span> <span class='ocrx_word' id='word_1_384' title='bbox 1380 2753 1496 2810; x_wconf 86' lang='grc' dir='ltr'>κατ’</span> <span class='ocrx_word' id='word_1_385' title='bbox 1543 2754 1730 2828; x_wconf 73' lang='grc' dir='ltr'>αὒτὴν,</span> <span class='ocrx_word' id='word_1_386' title='bbox 1775 2750 1904 2832; x_wconf 75' lang='grc' dir='ltr'>τάχ’</span> 
     </span>
    </p>
   </div>
   <div class='ocr_carea' id='block_1_55' title="bbox 259 2841 1904 2922">
    <p class='ocr_par' dir='ltr' id='par_1_55' title="bbox 259 2841 1904 2922">
     <span class='ocr_line' id='line_1_55' title="bbox 259 2841 1904 2922; baseline -0.001 -24"><span class='ocrx_word' id='word_1_387' title='bbox 259 2843 321 2899; x_wconf 76' lang='grc' dir='ltr'>ἂν</span> <span class='ocrx_word' id='word_1_388' title='bbox 363 2845 468 2902; x_wconf 74' lang='grc' dir='ltr'>κᾶκ</span> <span class='ocrx_word' id='word_1_389' title='bbox 521 2851 626 2901; x_wconf 91' lang='grc' dir='ltr'><em>τῶν</em></span> <span class='ocrx_word' id='word_1_390' title='bbox 668 2843 917 2922; x_wconf 79' lang='grc' dir='ltr'>πρότερον</span> <span class='ocrx_word' id='word_1_391' title='bbox 960 2856 1204 2921; x_wconf 76' lang='grc' dir='ltr'>φανεῖται</span> <span class='ocrx_word' id='word_1_392' title='bbox 1260 2843 1358 2911; x_wconf 78' lang='grc' dir='ltr'><em>τὴν</em></span> <span class='ocrx_word' id='word_1_393' title='bbox 1405 2842 1465 2900; x_wconf 82' lang='grc' dir='ltr'>ἐκ</span> <span class='ocrx_word' id='word_1_394' title='bbox 1509 2845 1536 2899; x_wconf 93' lang='lat'>6</span> <span class='ocrx_word' id='word_1_395' title='bbox 1580 2843 1746 2921; x_wconf 85' lang='grc' dir='ltr'>μέγας</span> <span class='ocrx_word' id='word_1_396' title='bbox 1775 2841 1904 2898; x_wconf 74' lang='grc' dir='ltr'><em>κάπὶ</em></span> 
     </span>
    </p>
   </div>
   <div class='ocr_carea' id='block_1_56' title="bbox 258 2931 1901 3012">
    <p class='ocr_par' dir='ltr' id='par_1_56' title="bbox 258 2931 1901 3012">
     <span class='ocr_line' id='line_1_56' title="bbox 258 2931 1901 3012; baseline -0.002 -23"><span class='ocrx_word' id='word_1_397' title='bbox 258 2940 352 2989; x_wconf 87' lang='grc' dir='ltr'>τοῦ</span> <span class='ocrx_word' id='word_1_398' title='bbox 412 2935 532 2989; x_wconf 76' lang='grc' dir='ltr'>Υἱοῦ</span> <span class='ocrx_word' id='word_1_399' title='bbox 577 2931 748 3012; x_wconf 85' lang='grc' dir='ltr'>λέγων</span> <span class='ocrx_word' id='word_1_400' title='bbox 790 2953 848 2988; x_wconf 92' lang='grc' dir='ltr'><em>τε</em></span> <span class='ocrx_word' id='word_1_401' title='bbox 891 2932 978 2986; x_wconf 85' lang='grc' dir='ltr'><em>καὶ</em></span> <span class='ocrx_word' id='word_1_402' title='bbox 1018 2935 1310 3006; x_wconf 82' lang='grc' dir='ltr'>τιθέμενος,</span> <span class='ocrx_word' id='word_1_403' title='bbox 1363 2931 1513 2990; x_wconf 87' lang='grc' dir='ltr'>Ἐπεὶ</span> <span class='ocrx_word' id='word_1_404' title='bbox 1546 2931 1664 3010; x_wconf 89' lang='grc' dir='ltr'>περί</span> <span class='ocrx_word' id='word_1_405' title='bbox 1695 2953 1749 2986; x_wconf 89' lang='grc' dir='ltr'><em>τε</em></span> <span class='ocrx_word' id='word_1_406' title='bbox 1781 2953 1901 2988; x_wconf 81' lang='grc' dir='ltr'>κοι-</span> 
     </span>
    </p>
   </div>
   <div class='ocr_carea' id='block_1_57' title="bbox 260 3017 1903 3100">
    <p class='ocr_par' dir='ltr' id='par_1_57' title="bbox 260 3017 1903 3100">
     <span class='ocr_line' id='line_1_57' title="bbox 260 3017 1903 3100; baseline -0.001 -24"><span class='ocrx_word' id='word_1_407' title='bbox 260 3044 350 3078; x_wconf 89' lang='grc' dir='ltr'><em>νον</em></span> <span class='ocrx_word' id='word_1_408' title='bbox 403 3023 490 3078; x_wconf 83' lang='grc' dir='ltr'><em>καὶ</em></span> <span class='ocrx_word' id='word_1_409' title='bbox 543 3019 706 3100; x_wconf 87' lang='grc' dir='ltr'>ἰδίων,</span> <span class='ocrx_word' id='word_1_410' title='bbox 779 3022 851 3084; x_wconf 85' lang='grc' dir='ltr'>ὡς</span> <span class='ocrx_word' id='word_1_411' title='bbox 903 3017 1182 3097; x_wconf 81' lang='grc' dir='ltr'>προλαϐὼν</span> <span class='ocrx_word' id='word_1_412' title='bbox 1252 3021 1479 3099; x_wconf 74' lang='grc' dir='ltr'>εἰρήκειν</span> <span class='ocrx_word' id='word_1_413' title='bbox 1560 3027 1666 3079; x_wconf 83' lang='grc' dir='ltr'>τῶν</span> <span class='ocrx_word' id='word_1_414' title='bbox 1733 3021 1788 3076; x_wconf 75' lang='grc' dir='ltr'>ἒν</span> <span class='ocrx_word' id='word_1_415' title='bbox 1835 3025 1903 3096; x_wconf 81' lang='grc' dir='ltr'><em>τῇ</em></span> 
     </span>
    </p>
   </div>
   <div class='ocr_carea' id='block_1_58' title="bbox 262 3107 1079 3192">
    <p class='ocr_par' dir='ltr' id='par_1_58' title="bbox 262 3107 1079 3192">
     <span class='ocr_line' id='line_1_58' title="bbox 262 3107 1079 3192; baseline -0.006 -24"><span class='ocrx_word' id='word_1_416' title='bbox 262 3114 523 3192; x_wconf 74' lang='grc' dir='ltr'>θεαρχικῆ</span> <span class='ocrx_word' id='word_1_417' title='bbox 606 3107 784 3190; x_wconf 84' lang='grc' dir='ltr'>Τριάδι</span> <span class='ocrx_word' id='word_1_418' title='bbox 854 3107 1079 3183; x_wconf 77' lang='grc' dir='ltr'>διεξιὼν,</span> 
     </span>
    </p>
   </div>
   <div class='ocr_carea' id='block_1_59' title="bbox 259 3197 1900 3279">
    <p class='ocr_par' dir='ltr' id='par_1_59' title="bbox 259 3197 1900 3279">
     <span class='ocr_line' id='line_1_59' title="bbox 259 3197 1900 3279; baseline -0.002 -23"><span class='ocrx_word' id='word_1_419' title='bbox 259 3203 406 3279; x_wconf 79' lang='grc' dir='ltr'>ῥῆμα</span> <span class='ocrx_word' id='word_1_420' title='bbox 468 3199 730 3278; x_wconf 85' lang='grc' dir='ltr'>θεολογῶν</span> <span class='ocrx_word' id='word_1_421' title='bbox 784 3199 1009 3273; x_wconf 79' lang='grc' dir='ltr'>τούτοις,</span> <span class='ocrx_word' id='word_1_422' title='bbox 1075 3200 1162 3255; x_wconf 87' lang='grc' dir='ltr'>καὶ</span> <span class='ocrx_word' id='word_1_423' title='bbox 1215 3202 1291 3273; x_wconf 76' lang='grc' dir='ltr'><em>τῷ</em></span> <span class='ocrx_word' id='word_1_424' title='bbox 1339 3197 1562 3276; x_wconf 81' lang='grc' dir='ltr'>δόγματι</span> <span class='ocrx_word' id='word_1_425' title='bbox 1593 3198 1900 3276; x_wconf 82' lang='grc' dir='ltr'>προσηκόν-</span> 
     </span>
    </p>
   </div>
   <div class='ocr_carea' id='block_1_60' title="bbox 259 3280 1900 3367">
    <p class='ocr_par' dir='ltr' id='par_1_60' title="bbox 259 3280 1900 3367">
     <span class='ocr_line' id='line_1_60' title="bbox 259 3280 1900 3367; baseline -0.002 -21"><span class='ocrx_word' id='word_1_426' title='bbox 259 3313 365 3354; x_wconf 88' lang='grc' dir='ltr'><em>τως</em></span> <span class='ocrx_word' id='word_1_427' title='bbox 424 3289 884 3364; x_wconf 74' lang='grc' dir='ltr'>ὲμπλατυνόμενος</span> <span class='ocrx_word' id='word_1_428' title='bbox 921 3306 938 3326; x_wconf 85' lang='grc'><strong>⁸</strong></span> <span class='ocrx_word' id='word_1_429' title='bbox 985 3280 1063 3346; x_wconf 76' lang='grc' dir='ltr'><em>υΟ</em></span> <span class='ocrx_word' id='word_1_430' title='bbox 1119 3309 1175 3344; x_wconf 89' lang='grc' dir='ltr'>τε</span> <span class='ocrx_word' id='word_1_431' title='bbox 1234 3289 1333 3367; x_wconf 73' lang='grc' dir='ltr'>γὰρ</span> <span class='ocrx_word' id='word_1_432' title='bbox 1391 3289 1508 3352; x_wconf 80' lang='grc' dir='ltr'><em>Υἱὸς</em></span> <span class='ocrx_word' id='word_1_433' title='bbox 1553 3287 1613 3343; x_wconf 81' lang='grc' dir='ltr'>ἐκ</span> <span class='ocrx_word' id='word_1_434' title='bbox 1653 3288 1744 3343; x_wconf 82' lang='grc' dir='ltr'>τοῦ</span> <span class='ocrx_word' id='word_1_435' title='bbox 1784 3294 1900 3342; x_wconf 87' lang='grc' dir='ltr'>Πα-</span> 
     </span>
    </p>
   </div>
   <div class='ocr_carea' id='block_1_61' title="bbox 258 3377 1902 3459">
    <p class='ocr_par' dir='ltr' id='par_1_61' title="bbox 258 3377 1902 3459">
     <span class='ocr_line' id='line_1_61' title="bbox 258 3377 1902 3459; baseline -0.002 -25"><span class='ocrx_word' id='word_1_436' title='bbox 258 3381 379 3457; x_wconf 81' lang='grc' dir='ltr'>τρὸς</span> <span class='ocrx_word' id='word_1_437' title='bbox 467 3377 676 3459; x_wconf 74' lang='grc' dir='ltr'>ἐξῆλθε,</span> <span class='ocrx_word' id='word_1_438' title='bbox 771 3379 941 3444; x_wconf 86' lang='grc' dir='ltr'>καθώς</span> <span class='ocrx_word' id='word_1_439' title='bbox 1024 3401 1185 3459; x_wconf 85' lang='grc' dir='ltr'>φησιν</span> <span class='ocrx_word' id='word_1_440' title='bbox 1279 3379 1313 3444; x_wconf 83' lang='grc' dir='ltr'><strong>ἡ</strong></span> <span class='ocrx_word' id='word_1_441' title='bbox 1387 3377 1586 3456; x_wconf 78' lang='grc' dir='ltr'>Γραφὴ,</span> <span class='ocrx_word' id='word_1_442' title='bbox 1686 3378 1774 3433; x_wconf 82' lang='grc' dir='ltr'><em>καὶ</em></span> <span class='ocrx_word' id='word_1_443' title='bbox 1841 3378 1902 3432; x_wconf 86' lang='lat'><em>16</em></span> 
     </span>
    </p>
   </div>
   <div class='ocr_carea' id='block_1_62' title="bbox 263 3463 1900 3544">
    <p class='ocr_par' dir='ltr' id='par_1_62' title="bbox 263 3463 1900 3544">
     <span class='ocr_line' id='line_1_62' title="bbox 263 3463 1900 3544; baseline -0.002 -20"><span class='ocrx_word' id='word_1_444' title='bbox 263 3475 476 3544; x_wconf 77' lang='grc' dir='ltr'>Πνεῦμα</span> <span class='ocrx_word' id='word_1_445' title='bbox 529 3471 589 3524; x_wconf 72' lang='grc' dir='ltr'>ὲκ</span> <span class='ocrx_word' id='word_1_446' title='bbox 657 3475 750 3524; x_wconf 86' lang='grc' dir='ltr'><em>τοῦ</em></span> <span class='ocrx_word' id='word_1_447' title='bbox 817 3475 949 3526; x_wconf 83' lang='grc' dir='ltr'>Θεοῦ</span> <span class='ocrx_word' id='word_1_448' title='bbox 1030 3470 1117 3524; x_wconf 88' lang='grc' dir='ltr'><em>καὶ</em></span> <span class='ocrx_word' id='word_1_449' title='bbox 1198 3466 1340 3543; x_wconf 80' lang='grc' dir='ltr'>παρὰ</span> <span class='ocrx_word' id='word_1_450' title='bbox 1381 3474 1471 3524; x_wconf 88' lang='grc' dir='ltr'><em>τοῦ</em></span> <span class='ocrx_word' id='word_1_451' title='bbox 1533 3468 1736 3544; x_wconf 84' lang='grc' dir='ltr'>Πατρὸς</span> <span class='ocrx_word' id='word_1_452' title='bbox 1806 3463 1900 3520; x_wconf 79' lang='grc' dir='ltr'><em>ἐκ-</em></span> 
     </span>
    </p>
   </div>
   <div class='ocr_carea' id='block_1_63' title="bbox 260 3553 1901 3636">
    <p class='ocr_par' dir='ltr' id='par_1_63' title="bbox 260 3553 1901 3636">
     <span class='ocr_line' id='line_1_63' title="bbox 260 3553 1901 3636; baseline -0.001 -24"><span class='ocrx_word' id='word_1_453' title='bbox 260 3558 561 3624; x_wconf 82' lang='grc' dir='ltr'>πορεύεται.</span> <span class='ocrx_word' id='word_1_454' title='bbox 623 3554 770 3614; x_wconf 80' lang='grc' dir='ltr'>Ἀλλ’</span> <span class='ocrx_word' id='word_1_455' title='bbox 835 3556 1012 3636; x_wconf 82' lang='grc' dir='ltr'>ὥσπερ</span> <span class='ocrx_word' id='word_1_456' title='bbox 1073 3557 1134 3612; x_wconf 84' lang='grc' dir='ltr'>τὸ</span> <span class='ocrx_word' id='word_1_457' title='bbox 1184 3553 1304 3610; x_wconf 75' lang='grc' dir='ltr'>ἄνευ</span> <span class='ocrx_word' id='word_1_458' title='bbox 1362 3553 1530 3619; x_wconf 85' lang='grc' dir='ltr'>αἰτίας</span> <span class='ocrx_word' id='word_1_459' title='bbox 1600 3555 1742 3610; x_wconf 74' lang='grc' dir='ltr'>εἶναι</span> <span class='ocrx_word' id='word_1_460' title='bbox 1795 3555 1901 3628; x_wconf 87' lang='grc' dir='ltr'><em>μό-</em></span> 
     </span>
    </p>
   </div>
   <div class='ocr_carea' id='block_1_64' title="bbox 260 3643 1899 3724">
    <p class='ocr_par' dir='ltr' id='par_1_64' title="bbox 260 3643 1899 3724">
     <span class='ocr_line' id='line_1_64' title="bbox 260 3643 1899 3724; baseline -0.001 -24"><span class='ocrx_word' id='word_1_461' title='bbox 260 3668 348 3702; x_wconf 92' lang='grc' dir='ltr'><em>νου</em></span> <span class='ocrx_word' id='word_1_462' title='bbox 419 3652 513 3703; x_wconf 89' lang='grc' dir='ltr'>τοῦ</span> <span class='ocrx_word' id='word_1_463' title='bbox 607 3647 810 3724; x_wconf 82' lang='grc' dir='ltr'>Πατρὸς</span> <span class='ocrx_word' id='word_1_464' title='bbox 879 3646 959 3724; x_wconf 83' lang='grc' dir='ltr'>ὃν,</span> <span class='ocrx_word' id='word_1_465' title='bbox 1039 3651 1116 3718; x_wconf 80' lang='grc' dir='ltr'><em>τῷ</em></span> <span class='ocrx_word' id='word_1_466' title='bbox 1184 3646 1289 3716; x_wconf 80' lang='grc' dir='ltr'><em>Υἱῷ</em></span> <span class='ocrx_word' id='word_1_467' title='bbox 1364 3644 1452 3698; x_wconf 84' lang='grc' dir='ltr'><em>καὶ</em></span> <span class='ocrx_word' id='word_1_468' title='bbox 1505 3648 1582 3716; x_wconf 85' lang='grc' dir='ltr'><em>τῷ</em></span> <span class='ocrx_word' id='word_1_469' title='bbox 1638 3643 1899 3718; x_wconf 71' lang='grc' dir='ltr'>Πνεύματι</span> 
     </span>
    </p>
   </div>
   <div class='ocr_carea' id='block_1_65' title="bbox 257 3731 1900 3814">
    <p class='ocr_par' dir='ltr' id='par_1_65' title="bbox 257 3731 1900 3814">
     <span class='ocr_line' id='line_1_65' title="bbox 257 3731 1900 3814; baseline -0.001 -24"><span class='ocrx_word' id='word_1_470' title='bbox 257 3735 642 3814; x_wconf 74' lang='grc' dir='ltr'>ἐφαρμοσθῆναι</span> <span class='ocrx_word' id='word_1_471' title='bbox 721 3737 778 3792; x_wconf 78' lang='lat'><em>06</em></span> <span class='ocrx_word' id='word_1_472' title='bbox 861 3732 1068 3790; x_wconf 87' lang='grc' dir='ltr'>δύναται</span> <span class='ocrx_word' id='word_1_473' title='bbox 1105 3750 1118 3765; x_wconf 79' lang='grc'><strong><em>⁸</em></strong></span> <span class='ocrx_word' id='word_1_474' title='bbox 1206 3732 1344 3788; x_wconf 75' lang='grc' dir='ltr'>οὕτω</span> <span class='ocrx_word' id='word_1_475' title='bbox 1424 3733 1486 3787; x_wconf 87' lang='lat'><em>16</em></span> <span class='ocrx_word' id='word_1_476' title='bbox 1555 3731 1782 3807; x_wconf 77' lang='grc' dir='ltr'>ἔμπαλιν</span> <span class='ocrx_word' id='word_1_477' title='bbox 1840 3734 1900 3788; x_wconf 85' lang='grc' dir='ltr'><em>τὸ</em></span> 
     </span>
    </p>
   </div>
   <div class='ocr_carea' id='block_1_66' title="bbox 259 3821 1904 3902">
    <p class='ocr_par' dir='ltr' id='par_1_66' title="bbox 259 3821 1904 3902">
     <span class='ocr_line' id='line_1_66' title="bbox 259 3821 1904 3902; baseline 0 -23"><span class='ocrx_word' id='word_1_478' title='bbox 259 3823 311 3889; x_wconf 77' lang='grc' dir='ltr'>ἐξ</span> <span class='ocrx_word' id='word_1_479' title='bbox 382 3825 548 3888; x_wconf 81' lang='grc' dir='ltr'>αἰτίας</span> <span class='ocrx_word' id='word_1_480' title='bbox 596 3828 758 3896; x_wconf 83' lang='grc' dir='ltr'>εἶναι,</span> <span class='ocrx_word' id='word_1_481' title='bbox 823 3824 950 3902; x_wconf 82' lang='grc' dir='ltr'>ὅπερ</span> <span class='ocrx_word' id='word_1_482' title='bbox 1021 3821 1155 3879; x_wconf 76' lang='grc' dir='ltr'>ἴδιον</span> <span class='ocrx_word' id='word_1_483' title='bbox 1207 3821 1316 3878; x_wconf 80' lang='grc' dir='ltr'>ἐστι</span> <span class='ocrx_word' id='word_1_484' title='bbox 1373 3828 1464 3878; x_wconf 84' lang='grc' dir='ltr'>τοῦ</span> <span class='ocrx_word' id='word_1_485' title='bbox 1516 3821 1637 3878; x_wconf 85' lang='grc' dir='ltr'>Υἰοῦ</span> <span class='ocrx_word' id='word_1_486' title='bbox 1677 3823 1766 3877; x_wconf 75' lang='grc' dir='ltr'><em>καὶ</em></span> <span class='ocrx_word' id='word_1_487' title='bbox 1811 3829 1904 3880; x_wconf 88' lang='grc' dir='ltr'>τοῦ</span> 
     </span>
    </p>
   </div>
   <div class='ocr_carea' id='block_1_67' title="bbox 259 3909 1901 3994">
    <p class='ocr_par' dir='ltr' id='par_1_67' title="bbox 259 3909 1901 3994">
     <span class='ocr_line' id='line_1_67' title="bbox 259 3909 1901 3994; baseline -0.002 -26"><span class='ocrx_word' id='word_1_488' title='bbox 259 3913 584 3990; x_wconf 85' lang='grc' dir='ltr'>Πνεύματος,</span> <span class='ocrx_word' id='word_1_489' title='bbox 674 3919 752 3986; x_wconf 83' lang='grc' dir='ltr'>τῷ</span> <span class='ocrx_word' id='word_1_490' title='bbox 780 3985 790 3994; x_wconf 79' lang='lat'>_</span> <span class='ocrx_word' id='word_1_491' title='bbox 821 3914 982 3992; x_wconf 85' lang='grc' dir='ltr'>Πατρὶ</span> <span class='ocrx_word' id='word_1_492' title='bbox 1072 3909 1483 3988; x_wconf 81' lang='grc' dir='ltr'>έπιθεωρηθῆναι</span> <span class='ocrx_word' id='word_1_493' title='bbox 1568 3911 1718 3990; x_wconf 82' lang='grc' dir='ltr'>φύσιν</span> <span class='ocrx_word' id='word_1_494' title='bbox 1806 3909 1901 3966; x_wconf 74' lang='grc' dir='ltr'><em>οὒκ</em></span> 
     </span>
    </p>
   </div>
   <div class='ocr_carea' id='block_1_68' title="bbox 257 3999 1898 4082">
    <p class='ocr_par' dir='ltr' id='par_1_68' title="bbox 257 3999 1898 4082">
     <span class='ocr_line' id='line_1_68' title="bbox 257 3999 1898 4082; baseline -0.002 -25"><span class='ocrx_word' id='word_1_495' title='bbox 257 4001 400 4082; x_wconf 77' lang='grc' dir='ltr'>ἔχει,</span> <span class='ocrx_word' id='word_1_496' title='bbox 465 4010 653 4060; x_wconf 82' lang='grc' dir='ltr'>Κοινοῦ</span> <span class='ocrx_word' id='word_1_497' title='bbox 710 4000 764 4057; x_wconf 73' lang='grc' dir='ltr'>δὲ</span> <span class='ocrx_word' id='word_1_498' title='bbox 823 4001 972 4065; x_wconf 80' lang='grc' dir='ltr'>ὅντος</span> <span class='ocrx_word' id='word_1_499' title='bbox 1025 4007 1102 4075; x_wconf 82' lang='grc' dir='ltr'>τῷ</span> <span class='ocrx_word' id='word_1_500' title='bbox 1164 4002 1270 4054; x_wconf 79' lang='grc' dir='ltr'><em>Υἰῶ</em></span> <span class='ocrx_word' id='word_1_501' title='bbox 1346 4002 1433 4054; x_wconf 83' lang='grc' dir='ltr'>καὶ</span> <span class='ocrx_word' id='word_1_502' title='bbox 1487 4006 1565 4073; x_wconf 81' lang='grc' dir='ltr'><em>τῷ</em></span> <span class='ocrx_word' id='word_1_503' title='bbox 1637 3999 1898 4073; x_wconf 89' lang='grc' dir='ltr'>Πνεύματι</span> 
     </span>
    </p>
   </div>
   <div class='ocr_carea' id='block_1_69' title="bbox 253 4085 1897 4170">
    <p class='ocr_par' dir='ltr' id='par_1_69' title="bbox 253 4085 1897 4170">
     <span class='ocr_line' id='line_1_69' title="bbox 253 4085 1897 4170; baseline -0.002 -23"><span class='ocrx_word' id='word_1_504' title='bbox 253 4098 347 4147; x_wconf 90' lang='grc' dir='ltr'>τοῦ</span> <span class='ocrx_word' id='word_1_505' title='bbox 399 4093 475 4166; x_wconf 75' lang='grc' dir='ltr'>μὴ</span> <span class='ocrx_word' id='word_1_506' title='bbox 544 4092 848 4170; x_wconf 74' lang='grc' dir='ltr'>ἀγεννήτως</span> <span class='ocrx_word' id='word_1_507' title='bbox 897 4095 1060 4165; x_wconf 81' lang='grc' dir='ltr'>εἶναι,</span> <span class='ocrx_word' id='word_1_508' title='bbox 1135 4090 1206 4154; x_wconf 86' lang='grc' dir='ltr'>ὼς</span> <span class='ocrx_word' id='word_1_509' title='bbox 1263 4085 1324 4144; x_wconf 75' lang='grc' dir='ltr'>ἂν</span> <span class='ocrx_word' id='word_1_510' title='bbox 1388 4088 1464 4162; x_wconf 83' lang='grc' dir='ltr'><em>μή</em></span> <span class='ocrx_word' id='word_1_511' title='bbox 1522 4110 1600 4151; x_wconf 87' lang='grc' dir='ltr'><em>τις</em></span> <span class='ocrx_word' id='word_1_512' title='bbox 1643 4089 1897 4168; x_wconf 86' lang='grc' dir='ltr'>σύγχυσις</span> 
     </span>
    </p>
   </div>
   <div class='ocr_carea' id='block_1_70' title="bbox 253 4175 1896 4260">
    <p class='ocr_par' dir='ltr' id='par_1_70' title="bbox 253 4175 1896 4260">
     <span class='ocr_line' id='line_1_70' title="bbox 253 4175 1896 4260; baseline -0.002 -23"><span class='ocrx_word' id='word_1_513' title='bbox 253 4184 372 4260; x_wconf 83' lang='grc' dir='ltr'>περὶ</span> <span class='ocrx_word' id='word_1_514' title='bbox 456 4184 518 4237; x_wconf 91' lang='lat'><em>16</em></span> <span class='ocrx_word' id='word_1_515' title='bbox 606 4182 948 4257; x_wconf 84' lang='grc' dir='ltr'>ὑποκείμενον</span> <span class='ocrx_word' id='word_1_516' title='bbox 1058 4177 1372 4253; x_wconf 83' lang='grc' dir='ltr'>θεωρηθείη,</span> <span class='ocrx_word' id='word_1_517' title='bbox 1487 4175 1646 4232; x_wconf 77' lang='grc' dir='ltr'>πάλιν</span> <span class='ocrx_word' id='word_1_518' title='bbox 1758 4176 1896 4234; x_wconf 76' lang='grc' dir='ltr'>ἔστιν</span> 
     </span>
    </p>
   </div>
   <div class='ocr_carea' id='block_1_71' title="bbox 254 4263 1899 4345">
    <p class='ocr_par' dir='ltr' id='par_1_71' title="bbox 254 4263 1899 4345">
     <span class='ocr_line' id='line_1_71' title="bbox 254 4263 1899 4345; baseline -0.004 -19"><span class='ocrx_word' id='word_1_519' title='bbox 254 4269 478 4344; x_wconf 75' lang='grc' dir='ltr'>ἄμικτον</span> <span class='ocrx_word' id='word_1_520' title='bbox 528 4270 628 4338; x_wconf 75' lang='grc' dir='ltr'>τὴν</span> <span class='ocrx_word' id='word_1_521' title='bbox 725 4272 783 4326; x_wconf 69' lang='grc' dir='ltr'>ἒν</span> <span class='ocrx_word' id='word_1_522' title='bbox 873 4281 991 4333; x_wconf 77' lang='grc' dir='ltr'>τοῖς</span> <span class='ocrx_word' id='word_1_523' title='bbox 1059 4265 1334 4341; x_wconf 86' lang='grc' dir='ltr'>ἰδιώμασιν</span> <span class='ocrx_word' id='word_1_524' title='bbox 1401 4267 1570 4321; x_wconf 72' lang='grc' dir='ltr'>αὐτῶν</span> <span class='ocrx_word' id='word_1_525' title='bbox 1652 4263 1899 4345; x_wconf 78' lang='grc' dir='ltr'>διαφορὰν</span> 
     </span>
    </p>
   </div>
   <div class='ocr_carea' id='block_1_72' title="bbox 255 4353 1898 4436">
    <p class='ocr_par' dir='ltr' id='par_1_72' title="bbox 255 4353 1898 4436">
     <span class='ocr_line' id='line_1_72' title="bbox 255 4353 1898 4436; baseline -0.003 -21"><span class='ocrx_word' id='word_1_526' title='bbox 255 4357 510 4436; x_wconf 66' lang='grc' dir='ltr'>ἐξευρεῖν,</span> <span class='ocrx_word' id='word_1_527' title='bbox 580 4361 651 4426; x_wconf 83' lang='grc' dir='ltr'>ὡς</span> <span class='ocrx_word' id='word_1_528' title='bbox 693 4358 756 4414; x_wconf 82' lang='grc' dir='ltr'>ἃν</span> <span class='ocrx_word' id='word_1_529' title='bbox 798 4359 886 4415; x_wconf 86' lang='grc' dir='ltr'><em>καὶ</em></span> <span class='ocrx_word' id='word_1_530' title='bbox 954 4359 1016 4414; x_wconf 88' lang='lat'><em>16</em></span> <span class='ocrx_word' id='word_1_531' title='bbox 1072 4357 1247 4412; x_wconf 83' lang='grc' dir='ltr'>κοινὸν</span> <span class='ocrx_word' id='word_1_532' title='bbox 1318 4353 1633 4434; x_wconf 78' lang='grc' dir='ltr'>φυλαχθείη,</span> <span class='ocrx_word' id='word_1_533' title='bbox 1697 4357 1783 4411; x_wconf 83' lang='grc' dir='ltr'>καὶ</span> <span class='ocrx_word' id='word_1_534' title='bbox 1837 4357 1898 4410; x_wconf 82' lang='grc' dir='ltr'><em>τὸ</em></span> 
     </span>
    </p>
   </div>
   <div class='ocr_carea' id='block_1_73' title="bbox 2067 2658 3636 2741">
    <p class='ocr_par' dir='ltr' id='par_1_73' title="bbox 2067 2658 3636 2741">
     <span class='ocr_line' id='line_1_73' title="bbox 2067 2658 3636 2741; baseline -0.001 -19"><span class='ocrx_word' id='word_1_535' title='bbox 2067 2661 2166 2724; x_wconf 61' lang='grc' dir='ltr'><em>ἓὸ.</em></span> <span class='ocrx_word' id='word_1_536' title='bbox 2195 2658 2360 2732; x_wconf 89' lang='lat' dir='ltr'><em>Quod</em></span> <span class='ocrx_word' id='word_1_537' title='bbox 2401 2660 2472 2734; x_wconf 88' lang='lat' dir='ltr'><em>si,</em></span> <span class='ocrx_word' id='word_1_538' title='bbox 2523 2660 2775 2740; x_wconf 90' lang='lat' dir='ltr'><em>repetita</em></span> <span class='ocrx_word' id='word_1_539' title='bbox 2817 2659 3119 2741; x_wconf 88' lang='lat' dir='ltr'><em>pericope,</em></span> <span class='ocrx_word' id='word_1_540' title='bbox 3152 2660 3325 2741; x_wconf 91' lang='lat' dir='ltr'><em>qaulo</em></span> <span class='ocrx_word' id='word_1_541' title='bbox 3357 2659 3535 2722; x_wconf 90' lang='lat' dir='ltr'><em>altius</em></span> <span class='ocrx_word' id='word_1_542' title='bbox 3574 2660 3636 2721; x_wconf 90' lang='lat' dir='ltr'><em>in</em></span> 
     </span>
    </p>
   </div>
   <div class='ocr_carea' id='block_1_74' title="bbox 1987 2749 3629 2828">
    <p class='ocr_par' dir='ltr' id='par_1_74' title="bbox 1987 2749 3629 2828">
     <span class='ocr_line' id='line_1_74' title="bbox 1987 2749 3629 2828; baseline 0 -17"><span class='ocrx_word' id='word_1_543' title='bbox 1987 2767 2056 2811; x_wconf 90' lang='lat' dir='ltr'><em>ea</em></span> <span class='ocrx_word' id='word_1_544' title='bbox 2076 2749 2512 2828; x_wconf 90' lang='lat' dir='ltr'><em>comprehensa</em></span> <span class='ocrx_word' id='word_1_545' title='bbox 2560 2749 2954 2811; x_wconf 83' lang='lat' dir='ltr'><em>examinanda</em></span> <span class='ocrx_word' id='word_1_546' title='bbox 2984 2758 3140 2825; x_wconf 90' lang='lat' dir='ltr'><em>sunt,</em></span> <span class='ocrx_word' id='word_1_547' title='bbox 3178 2751 3327 2811; x_wconf 84' lang='lat' dir='ltr'><em>forte</em></span> <span class='ocrx_word' id='word_1_548' title='bbox 3360 2768 3428 2810; x_wconf 89' lang='lat' dir='ltr'><em>ex</em></span> <span class='ocrx_word' id='word_1_549' title='bbox 3459 2759 3629 2812; x_wconf 86' lang='lat' dir='ltr'><em>ante-</em></span> 
     </span>
    </p>
   </div>
   <div class='ocr_carea' id='block_1_75' title="bbox 1985 2837 3634 2919">
    <p class='ocr_par' dir='ltr' id='par_1_75' title="bbox 1985 2837 3634 2919">
     <span class='ocr_line' id='line_1_75' title="bbox 1985 2837 3634 2919; baseline 0.001 -20"><span class='ocrx_word' id='word_1_550' title='bbox 1985 2837 2854 2919; x_wconf 55' lang='lat' dir='ltr'><em>cedentibusfprzepositionem</em></span> <span class='ocrx_word' id='word_1_551' title='bbox 2912 2857 2990 2900; x_wconf 78' lang='lat' dir='ltr'><em>ea:</em></span> <span class='ocrx_word' id='word_1_552' title='bbox 3033 2858 3286 2915; x_wconf 81' lang='lat' dir='ltr'><em>magnus</em></span> <span class='ocrx_word' id='word_1_553' title='bbox 3314 2839 3412 2900; x_wconf 87' lang='lat' dir='ltr'><em>hic</em></span> <span class='ocrx_word' id='word_1_554' title='bbox 3441 2839 3530 2900; x_wconf 89' lang='lat' dir='ltr'><em>vir</em></span> <span class='ocrx_word' id='word_1_555' title='bbox 3558 2839 3634 2901; x_wconf 90' lang='lat' dir='ltr'><em>de</em></span> 
     </span>
    </p>
   </div>
   <div class='ocr_carea' id='block_1_76' title="bbox 1983 2926 3629 3009">
    <p class='ocr_par' dir='ltr' id='par_1_76' title="bbox 1983 2926 3629 3009">
     <span class='ocr_line' id='line_1_76' title="bbox 1983 2926 3629 3009; baseline 0.001 -21"><span class='ocrx_word' id='word_1_556' title='bbox 1983 2926 2132 2988; x_wconf 92' lang='lat' dir='ltr'><em>Filio</em></span> <span class='ocrx_word' id='word_1_557' title='bbox 2159 2926 2380 2988; x_wconf 86' lang='lat' dir='ltr'><em>dixisse</em></span> <span class='ocrx_word' id='word_1_558' title='bbox 2411 2931 2876 3008; x_wconf 89' lang='lat' dir='ltr'><em>apposuisseque</em></span> <span class='ocrx_word' id='word_1_559' title='bbox 2910 2928 3332 3009; x_wconf 90' lang='lat' dir='ltr'><em>comperietur.</em></span> <span class='ocrx_word' id='word_1_560' title='bbox 3385 2927 3629 3000; x_wconf 88' lang='lat' dir='ltr'><em>Quando</em></span> 
     </span>
    </p>
   </div>
   <div class='ocr_carea' id='block_1_77' title="bbox 1987 3014 3628 3096">
    <p class='ocr_par' dir='ltr' id='par_1_77' title="bbox 1987 3014 3628 3096">
     <span class='ocr_line' id='line_1_77' title="bbox 1987 3014 3628 3096; baseline 0.002 -22"><span class='ocrx_word' id='word_1_561' title='bbox 1987 3014 2060 3077; x_wconf 93' lang='lat' dir='ltr'><em>de</em></span> <span class='ocrx_word' id='word_1_562' title='bbox 2090 3015 2346 3096; x_wconf 85' lang='lat' dir='ltr'><em>propriis</em></span> <span class='ocrx_word' id='word_1_563' title='bbox 2377 3023 2432 3076; x_wconf 91' lang='lat' dir='ltr'><em>et</em></span> <span class='ocrx_word' id='word_1_564' title='bbox 2464 3017 2907 3094; x_wconf 90' lang='lat' dir='ltr'><em>communibus,</em></span> <span class='ocrx_word' id='word_1_565' title='bbox 2955 3027 3016 3078; x_wconf 90' lang='lat' dir='ltr'><em>ut</em></span> <span class='ocrx_word' id='word_1_566' title='bbox 3069 3019 3238 3096; x_wconf 92' lang='lat' dir='ltr'><em>paulo</em></span> <span class='ocrx_word' id='word_1_567' title='bbox 3273 3024 3412 3078; x_wconf 89' lang='lat' dir='ltr'><em>ante</em></span> <span class='ocrx_word' id='word_1_568' title='bbox 3437 3017 3628 3093; x_wconf 88' lang='lat' dir='ltr'><em>innui,</em></span> 
     </span>
    </p>
   </div>
   <div class='ocr_carea' id='block_1_78' title="bbox 1182 3100 1899 3188">
    <p class='ocr_par' dir='ltr' id='par_1_78' title="bbox 1182 3108 1899 3188">
     <span class='ocr_line' id='line_1_78' title="bbox 1182 3108 1899 3188; baseline -0.003 -22"><span class='ocrx_word' id='word_1_569' title='bbox 1182 3111 1319 3166; x_wconf 72' lang='grc' dir='ltr'>οὓτω</span> <span class='ocrx_word' id='word_1_570' title='bbox 1401 3108 1696 3188; x_wconf 80' lang='grc' dir='ltr'>διαλέγεται</span> <span class='ocrx_word' id='word_1_571' title='bbox 1768 3109 1899 3165; x_wconf 77' lang='grc' dir='ltr'>κατὰ</span> 
     </span>
    </p>
   </div>
   <div class='ocr_carea' id='block_1_79' title="bbox 1984 3100 3624 3188">
    <p class='ocr_par' dir='ltr' id='par_1_79' title="bbox 1984 3103 3624 3186">
     <span class='ocr_line' id='line_1_79' title="bbox 1984 3103 3624 3186; baseline 0.002 -23"><span class='ocrx_word' id='word_1_572' title='bbox 1984 3122 2113 3184; x_wconf 61' lang='lat' dir='ltr'><em>quae</em></span> <span class='ocrx_word' id='word_1_573' title='bbox 2141 3104 2200 3163; x_wconf 88' lang='lat' dir='ltr'><em>in</em></span> <span class='ocrx_word' id='word_1_574' title='bbox 2231 3103 2474 3164; x_wconf 88' lang='lat' dir='ltr'><em>Deitatis</em></span> <span class='ocrx_word' id='word_1_575' title='bbox 2510 3105 2782 3186; x_wconf 87' lang='lat' dir='ltr'><em>principe</em></span> <span class='ocrx_word' id='word_1_576' title='bbox 2811 3105 3027 3168; x_wconf 90' lang='lat' dir='ltr'><em>Triade</em></span> <span class='ocrx_word' id='word_1_577' title='bbox 3053 3113 3208 3179; x_wconf 90' lang='lat' dir='ltr'><em>sunt,</em></span> <span class='ocrx_word' id='word_1_578' title='bbox 3235 3113 3624 3185; x_wconf 89' lang='lat' dir='ltr'><em>pertractans,</em></span> 
     </span>
    </p>
   </div>
   <div class='ocr_carea' id='block_1_80' title="bbox 1983 3192 3631 3271">
    <p class='ocr_par' dir='ltr' id='par_1_80' title="bbox 1983 3192 3631 3271">
     <span class='ocr_line' id='line_1_80' title="bbox 1983 3192 3631 3271; baseline 0.002 -19"><span class='ocrx_word' id='word_1_579' title='bbox 1983 3192 2180 3253; x_wconf 85' lang='lat' dir='ltr'><em>verbis</em></span> <span class='ocrx_word' id='word_1_580' title='bbox 2211 3211 2329 3254; x_wconf 90' lang='lat' dir='ltr'><em>non</em></span> <span class='ocrx_word' id='word_1_581' title='bbox 2359 3193 2491 3254; x_wconf 90' lang='lat' dir='ltr'><em>aliis</em></span> <span class='ocrx_word' id='word_1_582' title='bbox 2542 3195 2726 3256; x_wconf 87' lang='lat' dir='ltr'><em>utitur</em></span> <span class='ocrx_word' id='word_1_583' title='bbox 2757 3195 2832 3257; x_wconf 90' lang='lat' dir='ltr'><em>de</em></span> <span class='ocrx_word' id='word_1_584' title='bbox 2886 3195 3001 3256; x_wconf 90' lang='lat' dir='ltr'><em>illis</em></span> <span class='ocrx_word' id='word_1_585' title='bbox 3053 3194 3424 3271; x_wconf 85' lang='lat' dir='ltr'><em>discernens,</em></span> <span class='ocrx_word' id='word_1_586' title='bbox 3459 3204 3516 3256; x_wconf 89' lang='lat' dir='ltr'><em>et</em></span> <span class='ocrx_word' id='word_1_587' title='bbox 3545 3197 3631 3256; x_wconf 89' lang='lat' dir='ltr'><em>uti</em></span> 
     </span>
    </p>
   </div>
   <div class='ocr_carea' id='block_1_81' title="bbox 1985 3281 3627 3362">
    <p class='ocr_par' dir='ltr' id='par_1_81' title="bbox 1985 3281 3627 3362">
     <span class='ocr_line' id='line_1_81' title="bbox 1985 3281 3627 3362; baseline 0.003 -21"><span class='ocrx_word' id='word_1_588' title='bbox 1985 3299 2088 3360; x_wconf 89' lang='lat' dir='ltr'><em>par</em></span> <span class='ocrx_word' id='word_1_589' title='bbox 2118 3291 2207 3342; x_wconf 85' lang='lat' dir='ltr'><em>est</em></span> <span class='ocrx_word' id='word_1_590' title='bbox 2253 3281 2472 3344; x_wconf 84' lang='lat' dir='ltr'><em>fusiore</em></span> <span class='ocrx_word' id='word_1_591' title='bbox 2526 3283 2794 3344; x_wconf 89' lang='lat' dir='ltr'><em>oratione</em></span> <span class='ocrx_word' id='word_1_592' title='bbox 2838 3284 3051 3362; x_wconf 85' lang='lat' dir='ltr'><em>dogma</em></span> <span class='ocrx_word' id='word_1_593' title='bbox 3090 3284 3443 3362; x_wconf 85' lang='lat' dir='ltr'><em>explanans:</em></span> <span class='ocrx_word' id='word_1_594' title='bbox 3475 3283 3627 3346; x_wconf 87' lang='lat' dir='ltr'><em>Cum</em></span> 
     </span>
    </p>
   </div>
   <div class='ocr_carea' id='block_1_82' title="bbox 1982 3369 3624 3452">
    <p class='ocr_par' dir='ltr' id='par_1_82' title="bbox 1982 3369 3624 3452">
     <span class='ocr_line' id='line_1_82' title="bbox 1982 3369 3624 3452; baseline 0.001 -19"><span class='ocrx_word' id='word_1_595' title='bbox 1982 3369 2176 3433; x_wconf 82' lang='lat' dir='ltr'><em>Filius</em></span> <span class='ocrx_word' id='word_1_596' title='bbox 2205 3388 2286 3432; x_wconf 70' lang='lat' dir='ltr'><em>ea:</em></span> <span class='ocrx_word' id='word_1_597' title='bbox 2319 3372 2496 3434; x_wconf 85' lang='lat' dir='ltr'><em>Patre</em></span> <span class='ocrx_word' id='word_1_598' title='bbox 2516 3373 2732 3451; x_wconf 63' lang='lat' dir='ltr'><em>exivit,</em></span> <span class='ocrx_word' id='word_1_599' title='bbox 2764 3379 2831 3435; x_wconf 91' lang='lat' dir='ltr'><em>ut</em></span> <span class='ocrx_word' id='word_1_600' title='bbox 2859 3372 3162 3452; x_wconf 87' lang='lat' dir='ltr'><em>Sriptura</em></span> <span class='ocrx_word' id='word_1_601' title='bbox 3191 3375 3298 3444; x_wconf 89' lang='lat' dir='ltr'><em>ait,</em></span> <span class='ocrx_word' id='word_1_602' title='bbox 3327 3377 3383 3432; x_wconf 91' lang='lat' dir='ltr'><em>et</em></span> <span class='ocrx_word' id='word_1_603' title='bbox 3415 3371 3624 3450; x_wconf 87' lang='lat' dir='ltr'><em>Spiri-</em></span> 
     </span>
    </p>
   </div>
   <div class='ocr_carea' id='block_1_83' title="bbox 1985 3461 3626 3543">
    <p class='ocr_par' dir='ltr' id='par_1_83' title="bbox 1985 3461 3626 3543">
     <span class='ocr_line' id='line_1_83' title="bbox 1985 3461 3626 3543; baseline 0.001 -20"><span class='ocrx_word' id='word_1_604' title='bbox 1985 3467 2080 3523; x_wconf 87' lang='lat' dir='ltr'><em>tus</em></span> <span class='ocrx_word' id='word_1_605' title='bbox 2109 3478 2184 3522; x_wconf 71' lang='lat' dir='ltr'><em>ea:</em></span> <span class='ocrx_word' id='word_1_606' title='bbox 2203 3461 2323 3522; x_wconf 91' lang='lat' dir='ltr'><em>Deo</em></span> <span class='ocrx_word' id='word_1_607' title='bbox 2349 3466 2407 3522; x_wconf 88' lang='lat' dir='ltr'><em>et</em></span> <span class='ocrx_word' id='word_1_608' title='bbox 2431 3479 2508 3522; x_wconf 77' lang='lat' dir='ltr'><em>ea:</em></span> <span class='ocrx_word' id='word_1_609' title='bbox 2528 3463 2716 3522; x_wconf 85' lang='lat' dir='ltr'><em>Patre</em></span> <span class='ocrx_word' id='word_1_610' title='bbox 2741 3463 3026 3542; x_wconf 79' lang='lat' dir='ltr'><em>procedit.</em></span> <span class='ocrx_word' id='word_1_611' title='bbox 3058 3461 3182 3524; x_wconf 89' lang='lat' dir='ltr'><em>Sed</em></span> <span class='ocrx_word' id='word_1_612' title='bbox 3233 3464 3626 3543; x_wconf 85' lang='lat' dir='ltr'><em>quemadmo-</em></span> 
     </span>
    </p>
   </div>
   <div class='ocr_carea' id='block_1_84' title="bbox 1984 3549 3629 3630">
    <p class='ocr_par' dir='ltr' id='par_1_84' title="bbox 1984 3549 3629 3630">
     <span class='ocr_line' id='line_1_84' title="bbox 1984 3549 3629 3630; baseline 0.002 -19"><span class='ocrx_word' id='word_1_613' title='bbox 1984 3549 2128 3611; x_wconf 90' lang='lat' dir='ltr'><em>dum</em></span> <span class='ocrx_word' id='word_1_614' title='bbox 2150 3549 2369 3626; x_wconf 82' lang='lat' dir='ltr'><em>absque</em></span> <span class='ocrx_word' id='word_1_615' title='bbox 2397 3567 2577 3612; x_wconf 86' lang='lat' dir='ltr'><em>causa</em></span> <span class='ocrx_word' id='word_1_616' title='bbox 2610 3550 2943 3630; x_wconf 85' lang='lat' dir='ltr'><em>esse,solius</em></span> <span class='ocrx_word' id='word_1_617' title='bbox 2977 3551 3185 3613; x_wconf 80' lang='lat' dir='ltr'><em>Patris</em></span> <span class='ocrx_word' id='word_1_618' title='bbox 3205 3568 3338 3612; x_wconf 90' lang='lat' dir='ltr'><em>cum</em></span> <span class='ocrx_word' id='word_1_619' title='bbox 3359 3553 3439 3614; x_wconf 92' lang='lat' dir='ltr'><em>sit</em></span> <span class='ocrx_word' id='word_1_620' title='bbox 3461 3552 3629 3614; x_wconf 86' lang='lat' dir='ltr'><em>Filio</em></span> 
     </span>
    </p>
   </div>
   <div class='ocr_carea' id='block_1_85' title="bbox 1985 3639 3632 3720">
    <p class='ocr_par' dir='ltr' id='par_1_85' title="bbox 1985 3639 3632 3720">
     <span class='ocr_line' id='line_1_85' title="bbox 1985 3639 3632 3720; baseline 0.002 -21"><span class='ocrx_word' id='word_1_621' title='bbox 1985 3646 2046 3700; x_wconf 86' lang='lat' dir='ltr'><em>et</em></span> <span class='ocrx_word' id='word_1_622' title='bbox 2073 3639 2336 3717; x_wconf 78' lang='lat' dir='ltr'><em>Spiritui</em></span> <span class='ocrx_word' id='word_1_623' title='bbox 2357 3639 2639 3719; x_wconf 87' lang='lat' dir='ltr'><em>adoptari</em></span> <span class='ocrx_word' id='word_1_624' title='bbox 2661 3640 2983 3720; x_wconf 87' lang='lat' dir='ltr'><em>nequit,sic</em></span> <span class='ocrx_word' id='word_1_625' title='bbox 2994 3646 3202 3702; x_wconf 87' lang='lat' dir='ltr'><em>contra</em></span> <span class='ocrx_word' id='word_1_626' title='bbox 3218 3657 3487 3703; x_wconf 73' lang='lat' dir='ltr'><em>excausa</em></span> <span class='ocrx_word' id='word_1_627' title='bbox 3505 3659 3632 3704; x_wconf 84' lang='lat' dir='ltr'><em>esse</em></span> 
     </span>
    </p>
   </div>
   <div class='ocr_carea' id='block_1_86' title="bbox 1985 3728 3627 3809">
    <p class='ocr_par' dir='ltr' id='par_1_86' title="bbox 1985 3728 3627 3809">
     <span class='ocr_line' id='line_1_86' title="bbox 1985 3728 3627 3809; baseline 0.005 -27"><span class='ocrx_word' id='word_1_628' title='bbox 1985 3729 2141 3806; x_wconf 81' lang='lat' dir='ltr'><em>quod</em></span> <span class='ocrx_word' id='word_1_629' title='bbox 2157 3736 2244 3792; x_wconf 87' lang='lat' dir='ltr'><em>est</em></span> <span class='ocrx_word' id='word_1_630' title='bbox 2259 3730 2572 3809; x_wconf 85' lang='lat' dir='ltr'><em>proprium</em></span> <span class='ocrx_word' id='word_1_631' title='bbox 2594 3728 2740 3791; x_wconf 80' lang='lat' dir='ltr'><em>Filii</em></span> <span class='ocrx_word' id='word_1_632' title='bbox 2760 3738 2812 3791; x_wconf 87' lang='lat' dir='ltr'><em>et</em></span> <span class='ocrx_word' id='word_1_633' title='bbox 2832 3729 3101 3807; x_wconf 81' lang='lat' dir='ltr'><em>Spiritus</em></span> <span class='ocrx_word' id='word_1_634' title='bbox 3130 3729 3430 3804; x_wconf 87' lang='lat' dir='ltr'><em>sancti,de</em></span> <span class='ocrx_word' id='word_1_635' title='bbox 3444 3729 3627 3792; x_wconf 83' lang='lat' dir='ltr'><em>Patre</em></span> 
     </span>
    </p>
   </div>
   <div class='ocr_carea' id='block_1_87' title="bbox 1984 3817 3630 3882">
    <p class='ocr_par' dir='ltr' id='par_1_87' title="bbox 1984 3817 3630 3882">
     <span class='ocr_line' id='line_1_87' title="bbox 1984 3817 3630 3882; baseline 0.002 -5"><span class='ocrx_word' id='word_1_636' title='bbox 1984 3818 2368 3879; x_wconf 83' lang='lat' dir='ltr'><em>considerari</em></span> <span class='ocrx_word' id='word_1_637' title='bbox 2393 3817 2662 3880; x_wconf 83' lang='lat' dir='ltr'><em>alienum</em></span> <span class='ocrx_word' id='word_1_638' title='bbox 2692 3825 2780 3880; x_wconf 88' lang='lat' dir='ltr'><em>est</em></span> <span class='ocrx_word' id='word_1_639' title='bbox 2801 3836 2839 3880; x_wconf 92' lang='lat' dir='ltr'><em>a</em></span> <span class='ocrx_word' id='word_1_640' title='bbox 2872 3819 3286 3882; x_wconf 82' lang='lat' dir='ltr'><em>natura.Cum</em></span> <span class='ocrx_word' id='word_1_641' title='bbox 3316 3836 3458 3881; x_wconf 88' lang='lat' dir='ltr'><em>vero</em></span> <span class='ocrx_word' id='word_1_642' title='bbox 3477 3837 3630 3881; x_wconf 91' lang='lat' dir='ltr'><em>com-</em></span> 
     </span>
    </p>
   </div>
   <div class='ocr_carea' id='block_1_88' title="bbox 1983 3907 3630 3989">
    <p class='ocr_par' dir='ltr' id='par_1_88' title="bbox 1983 3907 3630 3989">
     <span class='ocr_line' id='line_1_88' title="bbox 1983 3907 3630 3989; baseline 0.002 -22"><span class='ocrx_word' id='word_1_643' title='bbox 1983 3923 2166 3968; x_wconf 87' lang='lat' dir='ltr'><em>mune</em></span> <span class='ocrx_word' id='word_1_644' title='bbox 2194 3909 2275 3969; x_wconf 86' lang='lat' dir='ltr'><em>sit</em></span> <span class='ocrx_word' id='word_1_645' title='bbox 2310 3907 2465 3970; x_wconf 80' lang='lat' dir='ltr'><em>Filio</em></span> <span class='ocrx_word' id='word_1_646' title='bbox 2495 3915 2549 3970; x_wconf 90' lang='lat' dir='ltr'><em>et</em></span> <span class='ocrx_word' id='word_1_647' title='bbox 2583 3908 2853 3988; x_wconf 86' lang='lat' dir='ltr'><em>Spiritui</em></span> <span class='ocrx_word' id='word_1_648' title='bbox 2897 3908 3207 3988; x_wconf 78' lang='lat' dir='ltr'><em>ingenitus</em></span> <span class='ocrx_word' id='word_1_649' title='bbox 3229 3925 3351 3969; x_wconf 86' lang='lat' dir='ltr'><em>non</em></span> <span class='ocrx_word' id='word_1_650' title='bbox 3375 3924 3518 3989; x_wconf 87' lang='lat' dir='ltr'><em>esse,</em></span> <span class='ocrx_word' id='word_1_651' title='bbox 3552 3926 3630 3972; x_wconf 82' lang='lat' dir='ltr'><em>ne</em></span> 
     </span>
    </p>
   </div>
   <div class='ocr_carea' id='block_1_89' title="bbox 1983 3997 3630 4075">
    <p class='ocr_par' dir='ltr' id='par_1_89' title="bbox 1983 3997 3630 4075">
     <span class='ocr_line' id='line_1_89' title="bbox 1983 3997 3630 4075; baseline 0.004 -20"><span class='ocrx_word' id='word_1_652' title='bbox 1983 3998 2260 4074; x_wconf 80' lang='lat' dir='ltr'><em>confusio</em></span> <span class='ocrx_word' id='word_1_653' title='bbox 2289 3998 2445 4060; x_wconf 81' lang='lat' dir='ltr'><em>circa</em></span> <span class='ocrx_word' id='word_1_654' title='bbox 2473 3997 2805 4075; x_wconf 82' lang='lat' dir='ltr'><em>subjectum</em></span> <span class='ocrx_word' id='word_1_655' title='bbox 2837 3997 3269 4072; x_wconf 68' lang='lat' dir='ltr'><em>consideretur,</em></span> <span class='ocrx_word' id='word_1_656' title='bbox 3309 4015 3522 4060; x_wconf 87' lang='lat' dir='ltr'><em>rursus</em></span> <span class='ocrx_word' id='word_1_657' title='bbox 3543 4006 3630 4061; x_wconf 92' lang='lat' dir='ltr'><em>est</em></span> 
     </span>
    </p>
   </div>
   <div class='ocr_carea' id='block_1_90' title="bbox 1979 4084 3631 4166">
    <p class='ocr_par' dir='ltr' id='par_1_90' title="bbox 1979 4084 3631 4166">
     <span class='ocr_line' id='line_1_90' title="bbox 1979 4084 3631 4166; baseline 0.001 -20"><span class='ocrx_word' id='word_1_658' title='bbox 1979 4084 2164 4162; x_wconf 84' lang='lat' dir='ltr'><em>facile</em></span> <span class='ocrx_word' id='word_1_659' title='bbox 2195 4102 2402 4147; x_wconf 90' lang='lat' dir='ltr'><em>eorum</em></span> <span class='ocrx_word' id='word_1_660' title='bbox 2433 4087 2501 4148; x_wconf 84' lang='lat' dir='ltr'><em>in</em></span> <span class='ocrx_word' id='word_1_661' title='bbox 2523 4087 3000 4166; x_wconf 84' lang='lat' dir='ltr'><em>proprietatibus</em></span> <span class='ocrx_word' id='word_1_662' title='bbox 3021 4087 3351 4147; x_wconf 84' lang='lat' dir='ltr'><em>discrimen</em></span> <span class='ocrx_word' id='word_1_663' title='bbox 3370 4087 3631 4149; x_wconf 75' lang='lat' dir='ltr'><em>adiuve-</em></span> 
     </span>
    </p>
   </div>
   <div class='ocr_carea' id='block_1_91' title="bbox 1979 4176 3628 4255">
    <p class='ocr_par' dir='ltr' id='par_1_91' title="bbox 1979 4176 3628 4255">
     <span class='ocr_line' id='line_1_91' title="bbox 1979 4176 3628 4255; baseline 0.002 -20"><span class='ocrx_word' id='word_1_664' title='bbox 1979 4176 2214 4254; x_wconf 82' lang='lat' dir='ltr'><em>nire,ut</em></span> <span class='ocrx_word' id='word_1_665' title='bbox 2242 4182 2302 4237; x_wconf 89' lang='lat' dir='ltr'><em>et</em></span> <span class='ocrx_word' id='word_1_666' title='bbox 2331 4192 2643 4236; x_wconf 85' lang='lat' dir='ltr'><em>commune</em></span> <span class='ocrx_word' id='word_1_667' title='bbox 2665 4180 3139 4255; x_wconf 83' lang='lat' dir='ltr'><em>eonservetur,et</em></span> <span class='ocrx_word' id='word_1_668' title='bbox 3168 4177 3486 4254; x_wconf 87' lang='lat' dir='ltr'><em>proprium</em></span> <span class='ocrx_word' id='word_1_669' title='bbox 3505 4194 3628 4238; x_wconf 78' lang='lat' dir='ltr'><em>non</em></span> 
     </span>
    </p>
   </div>
   <div class='ocr_carea' id='block_1_92' title="bbox 1981 4261 3627 4341">
    <p class='ocr_par' dir='ltr' id='par_1_92' title="bbox 1981 4261 3627 4341">
     <span class='ocr_line' id='line_1_92' title="bbox 1981 4261 3627 4341; baseline 0.001 -18"><span class='ocrx_word' id='word_1_670' title='bbox 1981 4261 2552 4340; x_wconf 65' lang='lat' dir='ltr'><em>confundaturﬂazc</em></span> <span class='ocrx_word' id='word_1_671' title='bbox 2584 4261 2903 4339; x_wconf 83' lang='lat' dir='ltr'><em>Gregorius</em></span> <span class='ocrx_word' id='word_1_672' title='bbox 2943 4262 3041 4323; x_wconf 90' lang='lat' dir='ltr'><em>hic</em></span> <span class='ocrx_word' id='word_1_673' title='bbox 3072 4261 3133 4322; x_wconf 92' lang='lat' dir='ltr'><em>in</em></span> <span class='ocrx_word' id='word_1_674' title='bbox 3181 4262 3532 4341; x_wconf 79' lang='lat' dir='ltr'><em>theologicis</em></span> <span class='ocrx_word' id='word_1_675' title='bbox 3558 4281 3627 4324; x_wconf 89' lang='lat' dir='ltr'><em>ac</em></span> 
     </span>
    </p>
   </div>
   <div class='ocr_carea' id='block_1_93' title="bbox 1982 4349 3630 4431">
    <p class='ocr_par' dir='ltr' id='par_1_93' title="bbox 1982 4349 3630 4431">
     <span class='ocr_line' id='line_1_93' title="bbox 1982 4349 3630 4431; baseline 0.002 -21"><span class='ocrx_word' id='word_1_676' title='bbox 1982 4351 2254 4429; x_wconf 85' lang='lat' dir='ltr'><em>dogmate</em></span> <span class='ocrx_word' id='word_1_677' title='bbox 2267 4353 3002 4430; x_wconf 88' lang='lat' dir='ltr'><em>conspicuus,tractans,et</em></span> <span class='ocrx_word' id='word_1_678' title='bbox 3023 4368 3384 4429; x_wconf 91' lang='lat' dir='ltr'><em>componens</em></span> <span class='ocrx_word' id='word_1_679' title='bbox 3406 4349 3630 4431; x_wconf 90' lang='lat' dir='ltr'><em>absque</em></span> 
     </span>
    </p>
   </div>
   <div class='ocr_carea' id='block_1_94' title="bbox 255 4437 1899 4528">
    <p class='ocr_par' dir='ltr' id='par_1_94' title="bbox 255 4443 1899 4528">
     <span class='ocr_line' id='line_1_94' title="bbox 255 4443 1899 4528; baseline -0.002 -25"><span class='ocrx_word' id='word_1_680' title='bbox 255 4447 395 4505; x_wconf 72' lang='grc' dir='ltr'>ἴδιον</span> <span class='ocrx_word' id='word_1_681' title='bbox 485 4449 564 4524; x_wconf 77' lang='grc' dir='ltr'>μὴ</span> <span class='ocrx_word' id='word_1_682' title='bbox 650 4447 963 4528; x_wconf 79' lang='grc' dir='ltr'>συγχυθείη.</span> <span class='ocrx_word' id='word_1_683' title='bbox 1046 4445 1220 4504; x_wconf 88' lang='grc' dir='ltr'>Ταῦτα</span> <span class='ocrx_word' id='word_1_684' title='bbox 1295 4449 1580 4521; x_wconf 86' lang='grc' dir='ltr'>Γρηγοριος</span> <span class='ocrx_word' id='word_1_685' title='bbox 1643 4443 1795 4506; x_wconf 75' lang='grc' dir='ltr'>οὗτος</span> <span class='ocrx_word' id='word_1_686' title='bbox 1876 4445 1899 4500; x_wconf 84' lang='lat'><strong>6</strong></span> 
     </span>
    </p>
   </div>
   <div class='ocr_carea' id='block_1_95' title="bbox 1984 4437 3628 4528">
    <p class='ocr_par' dir='ltr' id='par_1_95' title="bbox 1987 4437 3628 4520">
     <span class='ocr_line' id='line_1_95' title="bbox 1987 4437 3628 4520; baseline 0.002 -20"><span class='ocrx_word' id='word_1_687' title='bbox 1987 4458 2164 4501; x_wconf 90' lang='lat' dir='ltr'><em>causa</em></span> <span class='ocrx_word' id='word_1_688' title='bbox 2194 4448 2415 4512; x_wconf 89' lang='lat' dir='ltr'><em>esse,et</em></span> <span class='ocrx_word' id='word_1_689' title='bbox 2440 4459 2508 4500; x_wconf 88' lang='lat' dir='ltr'><em>ex</em></span> <span class='ocrx_word' id='word_1_690' title='bbox 2540 4457 2715 4501; x_wconf 90' lang='lat' dir='ltr'><em>causa</em></span> <span class='ocrx_word' id='word_1_691' title='bbox 2752 4457 2882 4501; x_wconf 90' lang='lat' dir='ltr'><em>esse</em></span> <span class='ocrx_word' id='word_1_692' title='bbox 2913 4439 2973 4500; x_wconf 92' lang='lat' dir='ltr'><em>in</em></span> <span class='ocrx_word' id='word_1_693' title='bbox 3005 4437 3328 4502; x_wconf 90' lang='lat' dir='ltr'><em>divinitatis</em></span> <span class='ocrx_word' id='word_1_694' title='bbox 3359 4439 3628 4520; x_wconf 90' lang='lat' dir='ltr'><em>principe</em></span> 
     </span>
    </p>
   </div>
   <div class='ocr_carea' id='block_1_96' title="bbox 253 4529 1906 4616">
    <p class='ocr_par' dir='ltr' id='par_1_96' title="bbox 253 4529 1906 4616">
     <span class='ocr_line' id='line_1_96' title="bbox 253 4529 1906 4616; baseline -0.004 -22"><span class='ocrx_word' id='word_1_695' title='bbox 253 4537 416 4602; x_wconf 86' lang='grc' dir='ltr'>πολὺς</span> <span class='ocrx_word' id='word_1_696' title='bbox 502 4538 556 4594; x_wconf 74' lang='grc' dir='ltr'>ἰν</span> <span class='ocrx_word' id='word_1_697' title='bbox 629 4536 874 4616; x_wconf 80' lang='grc' dir='ltr'>θεολογίᾳ</span> <span class='ocrx_word' id='word_1_698' title='bbox 949 4536 1038 4592; x_wconf 87' lang='grc' dir='ltr'>καὶ</span> <span class='ocrx_word' id='word_1_699' title='bbox 1106 4531 1332 4611; x_wconf 69' lang='grc' dir='ltr'>δόγμασι</span> <span class='ocrx_word' id='word_1_700' title='bbox 1390 4529 1762 4607; x_wconf 76' lang='grc' dir='ltr'>διαλαμϐάνων</span> <span class='ocrx_word' id='word_1_701' title='bbox 1818 4534 1906 4588; x_wconf 89' lang='grc' dir='ltr'><em>καὶ</em></span> 
     </span>
    </p>
   </div>
   <div class='ocr_carea' id='block_1_97' title="bbox 255 4620 1905 4700">
    <p class='ocr_par' dir='ltr' id='par_1_97' title="bbox 255 4620 1905 4700">
     <span class='ocr_line' id='line_1_97' title="bbox 255 4620 1905 4700; baseline -0.004 -17"><span class='ocrx_word' id='word_1_702' title='bbox 255 4629 530 4700; x_wconf 76' lang='grc' dir='ltr'>συντιθεὶς,</span> <span class='ocrx_word' id='word_1_703' title='bbox 582 4629 642 4683; x_wconf 92' lang='lat'><em>16</em></span> <span class='ocrx_word' id='word_1_704' title='bbox 704 4627 932 4682; x_wconf 81' lang='grc' dir='ltr'>ἆναιτίον</span> <span class='ocrx_word' id='word_1_705' title='bbox 982 4645 1039 4680; x_wconf 83' lang='grc' dir='ltr'>τε</span> <span class='ocrx_word' id='word_1_706' title='bbox 1094 4623 1182 4680; x_wconf 84' lang='grc' dir='ltr'><em>καὶ</em></span> <span class='ocrx_word' id='word_1_707' title='bbox 1244 4623 1311 4678; x_wconf 87' lang='lat'><em>16</em></span> <span class='ocrx_word' id='word_1_708' title='bbox 1367 4620 1418 4686; x_wconf 78' lang='grc' dir='ltr'><em>ἐξ</em></span> <span class='ocrx_word' id='word_1_709' title='bbox 1494 4622 1660 4686; x_wconf 87' lang='grc' dir='ltr'>αἰτίας</span> <span class='ocrx_word' id='word_1_710' title='bbox 1718 4622 1772 4678; x_wconf 79' lang='grc' dir='ltr'><em>ἐν</em></span> <span class='ocrx_word' id='word_1_711' title='bbox 1836 4628 1905 4698; x_wconf 79' lang='grc' dir='ltr'><em>τῇ</em></span> 
     </span>
    </p>
   </div>
   <div class='ocr_carea' id='block_1_98' title="bbox 260 4709 1900 4798">
    <p class='ocr_par' dir='ltr' id='par_1_98' title="bbox 260 4709 1900 4798">
     <span class='ocr_line' id='line_1_98' title="bbox 260 4709 1900 4798; baseline -0.004 -25"><span class='ocrx_word' id='word_1_712' title='bbox 260 4720 526 4798; x_wconf 79' lang='grc' dir='ltr'>θεαρχικῇ</span> <span class='ocrx_word' id='word_1_713' title='bbox 568 4715 747 4795; x_wconf 83' lang='grc' dir='ltr'>Τριάδι</span> <span class='ocrx_word' id='word_1_714' title='bbox 802 4713 1049 4795; x_wconf 73' lang='grc' dir='ltr'>διαφορὰν</span> <span class='ocrx_word' id='word_1_715' title='bbox 1093 4712 1264 4788; x_wconf 85' lang='grc' dir='ltr'>μόνην</span> <span class='ocrx_word' id='word_1_716' title='bbox 1306 4709 1504 4798; x_wconf 87' lang='grc' dir='ltr'>δίδωσι,</span> <span class='ocrx_word' id='word_1_717' title='bbox 1548 4712 1610 4798; x_wconf 87' lang='lat'><em>16</em></span> <span class='ocrx_word' id='word_1_718' title='bbox 1661 4711 1758 4786; x_wconf 79' lang='grc' dir='ltr'><em>μὲν</em></span> <span class='ocrx_word' id='word_1_719' title='bbox 1816 4713 1900 4767; x_wconf 89' lang='grc' dir='ltr'>αἰ-</span> 
     </span>
    </p>
   </div>
   <div class='ocr_carea' id='block_1_99' title="bbox 253 4797 1902 4886">
    <p class='ocr_par' dir='ltr' id='par_1_99' title="bbox 253 4797 1902 4886">
     <span class='ocr_line' id='line_1_99' title="bbox 253 4797 1902 4886; baseline -0.002 -26"><span class='ocrx_word' id='word_1_720' title='bbox 253 4806 366 4868; x_wconf 85' lang='grc' dir='ltr'>τίας</span> <span class='ocrx_word' id='word_1_721' title='bbox 422 4797 590 4886; x_wconf 73' lang='grc' dir='ltr'>χωρὶς</span> <span class='ocrx_word' id='word_1_722' title='bbox 651 4804 961 4883; x_wconf 86' lang='grc' dir='ltr'>προσνέμων</span> <span class='ocrx_word' id='word_1_723' title='bbox 1004 4806 1082 4875; x_wconf 83' lang='grc' dir='ltr'><em>τῷ</em></span> <span class='ocrx_word' id='word_1_724' title='bbox 1123 4800 1307 4873; x_wconf 83' lang='grc' dir='ltr'>Πατρὶ,</span> <span class='ocrx_word' id='word_1_725' title='bbox 1353 4804 1430 4872; x_wconf 85' lang='grc' dir='ltr'><em>τῷ</em></span> <span class='ocrx_word' id='word_1_726' title='bbox 1478 4797 1524 4854; x_wconf 86' lang='grc' dir='ltr'>δ’</span> <span class='ocrx_word' id='word_1_727' title='bbox 1555 4797 1606 4865; x_wconf 80' lang='grc' dir='ltr'><em>ἐξ</em></span> <span class='ocrx_word' id='word_1_728' title='bbox 1635 4801 1798 4866; x_wconf 87' lang='grc' dir='ltr'>αἰτίας</span> <span class='ocrx_word' id='word_1_729' title='bbox 1826 4808 1902 4874; x_wconf 86' lang='grc' dir='ltr'><em>τῷ</em></span> 
     </span>
    </p>
   </div>
   <div class='ocr_carea' id='block_1_100' title="bbox 257 4887 1901 4970">
    <p class='ocr_par' dir='ltr' id='par_1_100' title="bbox 257 4887 1901 4970">
     <span class='ocr_line' id='line_1_100' title="bbox 257 4887 1901 4970; baseline -0.004 -20"><span class='ocrx_word' id='word_1_730' title='bbox 257 4897 362 4970; x_wconf 76' lang='grc' dir='ltr'><em>1⁸ἰῷ</em></span> <span class='ocrx_word' id='word_1_731' title='bbox 408 4898 493 4952; x_wconf 85' lang='grc' dir='ltr'><em>καὶ</em></span> <span class='ocrx_word' id='word_1_732' title='bbox 548 4900 626 4968; x_wconf 82' lang='grc' dir='ltr'>τῷ</span> <span class='ocrx_word' id='word_1_733' title='bbox 668 4895 956 4969; x_wconf 87' lang='grc' dir='ltr'>Πνεύματι,</span> <span class='ocrx_word' id='word_1_734' title='bbox 1007 4889 1170 4947; x_wconf 66' lang='grc' dir='ltr'>Πάλιν</span> <span class='ocrx_word' id='word_1_735' title='bbox 1229 4887 1284 4944; x_wconf 82' lang='grc' dir='ltr'>δὲ</span> <span class='ocrx_word' id='word_1_736' title='bbox 1338 4889 1426 4944; x_wconf 81' lang='grc' dir='ltr'><em>καὶ</em></span> <span class='ocrx_word' id='word_1_737' title='bbox 1467 4889 1672 4951; x_wconf 89' lang='grc' dir='ltr'>τούτοις</span> <span class='ocrx_word' id='word_1_738' title='bbox 1710 4891 1784 4952; x_wconf 84' lang='grc' dir='ltr'>ὡς</span> <span class='ocrx_word' id='word_1_739' title='bbox 1841 4888 1901 4945; x_wconf 80' lang='grc' dir='ltr'><em>ἂν</em></span> 
     </span>
    </p>
   </div>
   <div class='ocr_carea' id='block_1_101' title="bbox 254 4976 1900 5064">
    <p class='ocr_par' dir='ltr' id='par_1_101' title="bbox 254 4976 1900 5064">
     <span class='ocr_line' id='line_1_101' title="bbox 254 4976 1900 5064; baseline -0.005 -22"><span class='ocrx_word' id='word_1_740' title='bbox 254 4983 478 5059; x_wconf 71' lang='grc' dir='ltr'>ἄμικτον</span> <span class='ocrx_word' id='word_1_741' title='bbox 547 4983 758 5064; x_wconf 81' lang='grc' dir='ltr'>παρέξει</span> <span class='ocrx_word' id='word_1_742' title='bbox 828 4981 1098 5062; x_wconf 80' lang='grc' dir='ltr'>διαφορὰν,</span> <span class='ocrx_word' id='word_1_743' title='bbox 1165 4978 1439 5036; x_wconf 81' lang='grc' dir='ltr'>κάντεῦθεν</span> <span class='ocrx_word' id='word_1_744' title='bbox 1512 4979 1572 5033; x_wconf 89' lang='lat'><em>16</em></span> <span class='ocrx_word' id='word_1_745' title='bbox 1629 4976 1900 5055; x_wconf 72' lang='lat' dir='ltr'><em>Tpu&#39;citx6v</em></span> 
     </span>
    </p>
   </div>
   <div class='ocr_carea' id='block_1_102' title="bbox 254 5063 1902 5154">
    <p class='ocr_par' dir='ltr' id='par_1_102' title="bbox 254 5063 1902 5154">
     <span class='ocr_line' id='line_1_102' title="bbox 254 5063 1902 5154; baseline -0.004 -25"><span class='ocrx_word' id='word_1_746' title='bbox 254 5072 552 5154; x_wconf 71' lang='grc' dir='ltr'>φυλαχθείη</span> <span class='ocrx_word' id='word_1_747' title='bbox 611 5080 716 5130; x_wconf 89' lang='grc' dir='ltr'><em>τῶν</em></span> <span class='ocrx_word' id='word_1_748' title='bbox 770 5071 1112 5128; x_wconf 82' lang='grc' dir='ltr'>ὺποστάσεων</span> <span class='ocrx_word' id='word_1_749' title='bbox 1169 5070 1240 5133; x_wconf 82' lang='grc' dir='ltr'><em>είς</em></span> <span class='ocrx_word' id='word_1_750' title='bbox 1295 5063 1382 5123; x_wconf 77' lang='grc' dir='ltr'><em>δύο</em></span> <span class='ocrx_word' id='word_1_751' title='bbox 1439 5063 1673 5154; x_wconf 33' lang='grc' dir='ltr'>διαιρῶν-</span> <span class='ocrx_word' id='word_1_752' title='bbox 1720 5068 1781 5122; x_wconf 89' lang='lat'><em>16</em></span> <span class='ocrx_word' id='word_1_753' title='bbox 1850 5064 1902 5132; x_wconf 77' lang='grc' dir='ltr'>ἐξ</span> 
     </span>
    </p>
   </div>
   <div class='ocr_carea' id='block_1_103' title="bbox 254 5151 1902 5238">
    <p class='ocr_par' dir='ltr' id='par_1_103' title="bbox 254 5151 1902 5238">
     <span class='ocr_line' id='line_1_103' title="bbox 254 5151 1902 5238; baseline -0.004 -22"><span class='ocrx_word' id='word_1_754' title='bbox 254 5151 437 5225; x_wconf 26' lang='grc' dir='ltr'>αἰτίας*</span> <span class='ocrx_word' id='word_1_755' title='bbox 493 5165 820 5238; x_wconf 84' lang='grc' dir='ltr'>θεοπρεπῶς,</span> <span class='ocrx_word' id='word_1_756' title='bbox 922 5159 1059 5214; x_wconf 71' lang='grc' dir='ltr'>οὓτω</span> <span class='ocrx_word' id='word_1_757' title='bbox 1141 5155 1428 5236; x_wconf 78' lang='grc' dir='ltr'>φθέγγεται</span> <span class='ocrx_word' id='word_1_758' title='bbox 1500 5160 1596 5220; x_wconf 80' lang='grc' dir='ltr'>τῆν</span> <span class='ocrx_word' id='word_1_759' title='bbox 1654 5151 1902 5233; x_wconf 79' lang='grc' dir='ltr'>διαφορὰν</span> 
     </span>
    </p>
   </div>
   <div class='ocr_carea' id='block_1_104' title="bbox 254 5239 1901 5328">
    <p class='ocr_par' dir='ltr' id='par_1_104' title="bbox 254 5239 1901 5328">
     <span class='ocr_line' id='line_1_104' title="bbox 254 5239 1901 5328; baseline -0.002 -24"><span class='ocrx_word' id='word_1_760' title='bbox 254 5247 606 5328; x_wconf 77' lang='grc' dir='ltr'>ἐξηγούμενος</span> <span class='ocrx_word' id='word_1_761' title='bbox 643 5267 658 5283; x_wconf 79' lang='grc'><strong>⁸</strong></span> <span class='ocrx_word' id='word_1_762' title='bbox 737 5239 794 5306; x_wconf 74' lang='grc' dir='ltr'>Ὀ</span> <span class='ocrx_word' id='word_1_763' title='bbox 865 5248 964 5326; x_wconf 78' lang='grc' dir='ltr'><em>γὰρ</em></span> <span class='ocrx_word' id='word_1_764' title='bbox 1008 5245 1295 5324; x_wconf 77' lang='grc' dir='ltr'>μονογενὴς</span> <span class='ocrx_word' id='word_1_765' title='bbox 1353 5245 1469 5308; x_wconf 76' lang='grc' dir='ltr'><em>Υἱὸς</em></span> <span class='ocrx_word' id='word_1_766' title='bbox 1525 5243 1585 5299; x_wconf 66' lang='grc' dir='ltr'><em>ἐκ.</em></span> <span class='ocrx_word' id='word_1_767' title='bbox 1637 5250 1729 5299; x_wconf 90' lang='grc' dir='ltr'>τοῦ</span> <span class='ocrx_word' id='word_1_768' title='bbox 1785 5250 1901 5300; x_wconf 87' lang='grc' dir='ltr'>Πα-</span> 
     </span>
    </p>
   </div>
   <div class='ocr_carea' id='block_1_105' title="bbox 252 5331 1903 5418">
    <p class='ocr_par' dir='ltr' id='par_1_105' title="bbox 252 5331 1903 5418">
     <span class='ocr_line' id='line_1_105' title="bbox 252 5331 1903 5418; baseline -0.005 -23"><span class='ocrx_word' id='word_1_769' title='bbox 252 5342 374 5418; x_wconf 85' lang='grc' dir='ltr'>τρὸς</span> <span class='ocrx_word' id='word_1_770' title='bbox 447 5339 591 5417; x_wconf 81' lang='grc' dir='ltr'>παρὰ</span> <span class='ocrx_word' id='word_1_771' title='bbox 673 5343 772 5406; x_wconf 79' lang='grc' dir='ltr'>τῆς</span> <span class='ocrx_word' id='word_1_772' title='bbox 859 5336 1007 5414; x_wconf 84' lang='grc' dir='ltr'>ἁγίας</span> <span class='ocrx_word' id='word_1_773' title='bbox 1094 5333 1304 5414; x_wconf 80' lang='grc' dir='ltr'>Γραφῆς</span> <span class='ocrx_word' id='word_1_774' title='bbox 1402 5331 1735 5408; x_wconf 63' lang='grc' dir='ltr'>ὀνομάζεται,</span> <span class='ocrx_word' id='word_1_775' title='bbox 1815 5333 1903 5389; x_wconf 86' lang='grc' dir='ltr'><em>καὶ</em></span> 
     </span>
    </p>
   </div>
   <div class='ocr_carea' id='block_1_106' title="bbox 257 5420 1895 5508">
    <p class='ocr_par' dir='ltr' id='par_1_106' title="bbox 257 5420 1895 5508">
     <span class='ocr_line' id='line_1_106' title="bbox 257 5420 1895 5508; baseline -0.005 -24"><span class='ocrx_word' id='word_1_776' title='bbox 257 5427 421 5508; x_wconf 80' lang='grc' dir='ltr'>μέχρι</span> <span class='ocrx_word' id='word_1_777' title='bbox 478 5429 664 5485; x_wconf 86' lang='grc' dir='ltr'>τούτου</span> <span class='ocrx_word' id='word_1_778' title='bbox 756 5431 783 5484; x_wconf 93' lang='lat'>6</span> <span class='ocrx_word' id='word_1_779' title='bbox 849 5427 1008 5504; x_wconf 76' lang='grc' dir='ltr'>Λόγος</span> <span class='ocrx_word' id='word_1_780' title='bbox 1071 5425 1286 5490; x_wconf 74' lang='grc' dir='ltr'>ἵστησιν</span> <span class='ocrx_word' id='word_1_781' title='bbox 1350 5422 1491 5496; x_wconf 80' lang='grc' dir='ltr'><em>αὖτῷ</em></span> <span class='ocrx_word' id='word_1_782' title='bbox 1558 5423 1619 5477; x_wconf 90' lang='lat'><em>16</em></span> <span class='ocrx_word' id='word_1_783' title='bbox 1687 5420 1895 5498; x_wconf 74' lang='grc' dir='ltr'>ἰδίωμα.</span> 
     </span>
    </p>
   </div>
   <div class='ocr_carea' id='block_1_107' title="bbox 256 5508 1894 5595">
    <p class='ocr_par' dir='ltr' id='par_1_107' title="bbox 256 5508 1894 5595">
     <span class='ocr_line' id='line_1_107' title="bbox 256 5508 1894 5595; baseline -0.006 -21"><span class='ocrx_word' id='word_1_784' title='bbox 256 5518 326 5574; x_wconf 79' lang='lat' dir='ltr'><em>T6</em></span> <span class='ocrx_word' id='word_1_785' title='bbox 377 5516 432 5573; x_wconf 77' lang='grc' dir='ltr'>δὲ</span> <span class='ocrx_word' id='word_1_786' title='bbox 499 5517 650 5595; x_wconf 69' lang='grc' dir='ltr'>ἅγιον</span> <span class='ocrx_word' id='word_1_787' title='bbox 706 5523 918 5592; x_wconf 88' lang='grc' dir='ltr'>Πνεῦμα</span> <span class='ocrx_word' id='word_1_788' title='bbox 986 5515 1074 5570; x_wconf 86' lang='grc' dir='ltr'><em>καὶ</em></span> <span class='ocrx_word' id='word_1_789' title='bbox 1124 5513 1182 5570; x_wconf 78' lang='grc' dir='ltr'>ἐκ</span> <span class='ocrx_word' id='word_1_790' title='bbox 1235 5517 1326 5568; x_wconf 89' lang='grc' dir='ltr'><em>τοῦ</em></span> <span class='ocrx_word' id='word_1_791' title='bbox 1381 5511 1584 5587; x_wconf 79' lang='grc' dir='ltr'>Πὰτρὸς</span> <span class='ocrx_word' id='word_1_792' title='bbox 1656 5508 1894 5591; x_wconf 84' lang='grc' dir='ltr'>λέγεται,</span> 
     </span>
    </p>
   </div>
   <div class='ocr_carea' id='block_1_108' title="bbox 256 5600 1893 5684">
    <p class='ocr_par' dir='ltr' id='par_1_108' title="bbox 256 5600 1893 5684">
     <span class='ocr_line' id='line_1_108' title="bbox 256 5600 1893 5684; baseline -0.002 -24"><span class='ocrx_word' id='word_1_793' title='bbox 256 5607 343 5663; x_wconf 84' lang='grc' dir='ltr'><em>καὶ</em></span> <span class='ocrx_word' id='word_1_794' title='bbox 395 5608 458 5664; x_wconf 72' lang='grc' dir='ltr'>ὶκ</span> <span class='ocrx_word' id='word_1_795' title='bbox 506 5617 598 5668; x_wconf 81' lang='grc' dir='ltr'><em>τοῦ</em></span> <span class='ocrx_word' id='word_1_796' title='bbox 670 5609 788 5664; x_wconf 78' lang='grc' dir='ltr'>Υἰοῦ</span> <span class='ocrx_word' id='word_1_797' title='bbox 856 5605 997 5661; x_wconf 76' lang='grc' dir='ltr'>εἶναι</span> <span class='ocrx_word' id='word_1_798' title='bbox 1067 5613 1566 5684; x_wconf 83' lang='grc' dir='ltr'>προσμαρτυρεϊται.</span> <span class='ocrx_word' id='word_1_799' title='bbox 1638 5601 1697 5657; x_wconf 86' lang='grc' dir='ltr'>Τί</span> <span class='ocrx_word' id='word_1_800' title='bbox 1768 5600 1893 5656; x_wconf 86' lang='grc' dir='ltr'>τού-</span> 
     </span>
    </p>
   </div>
   <div class='ocr_carea' id='block_1_109' title="bbox 1988 4527 3626 4608">
    <p class='ocr_par' dir='ltr' id='par_1_109' title="bbox 1988 4527 3626 4608">
     <span class='ocr_line' id='line_1_109' title="bbox 1988 4527 3626 4608; baseline 0.001 -20"><span class='ocrx_word' id='word_1_801' title='bbox 1988 4528 2207 4591; x_wconf 88' lang='lat' dir='ltr'><em>Triade</em></span> <span class='ocrx_word' id='word_1_802' title='bbox 2253 4528 2650 4590; x_wconf 81' lang='lat' dir='ltr'><em>ditl‘erentiam</em></span> <span class='ocrx_word' id='word_1_803' title='bbox 2703 4529 2889 4590; x_wconf 91' lang='lat' dir='ltr'><em>solam</em></span> <span class='ocrx_word' id='word_1_804' title='bbox 2940 4528 3225 4608; x_wconf 86' lang='lat' dir='ltr'><em>agnoscit,</em></span> <span class='ocrx_word' id='word_1_805' title='bbox 3288 4527 3435 4588; x_wconf 92' lang='lat' dir='ltr'><em>illud</em></span> <span class='ocrx_word' id='word_1_806' title='bbox 3467 4529 3626 4608; x_wconf 90' lang='lat' dir='ltr'><em>quod</em></span> 
     </span>
    </p>
   </div>
   <div class='ocr_carea' id='block_1_110' title="bbox 1985 4617 3631 4698">
    <p class='ocr_par' dir='ltr' id='par_1_110' title="bbox 1985 4617 3631 4698">
     <span class='ocr_line' id='line_1_110' title="bbox 1985 4617 3631 4698; baseline 0.001 -20"><span class='ocrx_word' id='word_1_807' title='bbox 1985 4617 2210 4698; x_wconf 91' lang='lat' dir='ltr'><em>absque</em></span> <span class='ocrx_word' id='word_1_808' title='bbox 2239 4636 2418 4680; x_wconf 86' lang='lat' dir='ltr'><em>causa</em></span> <span class='ocrx_word' id='word_1_809' title='bbox 2447 4627 2536 4679; x_wconf 90' lang='lat' dir='ltr'><em>est</em></span> <span class='ocrx_word' id='word_1_810' title='bbox 2562 4618 2719 4681; x_wconf 89' lang='lat' dir='ltr'><em>Patri</em></span> <span class='ocrx_word' id='word_1_811' title='bbox 2751 4618 3103 4694; x_wconf 88' lang='lat' dir='ltr'><em>attribuens,</em></span> <span class='ocrx_word' id='word_1_812' title='bbox 3158 4617 3315 4698; x_wconf 90' lang='lat' dir='ltr'><em>quod</em></span> <span class='ocrx_word' id='word_1_813' title='bbox 3355 4635 3425 4679; x_wconf 82' lang='lat' dir='ltr'><em>ex</em></span> <span class='ocrx_word' id='word_1_814' title='bbox 3453 4635 3631 4680; x_wconf 90' lang='lat' dir='ltr'><em>causa</em></span> 
     </span>
    </p>
   </div>
   <div class='ocr_carea' id='block_1_111' title="bbox 1987 4706 3631 4789">
    <p class='ocr_par' dir='ltr' id='par_1_111' title="bbox 1987 4706 3631 4789">
     <span class='ocr_line' id='line_1_111' title="bbox 1987 4706 3631 4789; baseline 0 -21"><span class='ocrx_word' id='word_1_815' title='bbox 1987 4715 2100 4789; x_wconf 86' lang='lat' dir='ltr'><em>est,</em></span> <span class='ocrx_word' id='word_1_816' title='bbox 2132 4707 2280 4770; x_wconf 89' lang='lat' dir='ltr'><em>Filio</em></span> <span class='ocrx_word' id='word_1_817' title='bbox 2314 4716 2373 4770; x_wconf 92' lang='lat' dir='ltr'><em>et</em></span> <span class='ocrx_word' id='word_1_818' title='bbox 2400 4707 2670 4789; x_wconf 89' lang='lat' dir='ltr'><em>Spiritui.</em></span> <span class='ocrx_word' id='word_1_819' title='bbox 2706 4711 3050 4788; x_wconf 85' lang='lat' dir='ltr'><em>Rursusque</em></span> <span class='ocrx_word' id='word_1_820' title='bbox 3079 4708 3172 4768; x_wconf 89' lang='lat' dir='ltr'><em>his</em></span> <span class='ocrx_word' id='word_1_821' title='bbox 3194 4706 3529 4788; x_wconf 89' lang='lat' dir='ltr'><em>postremis,</em></span> <span class='ocrx_word' id='word_1_822' title='bbox 3564 4715 3631 4770; x_wconf 90' lang='lat' dir='ltr'><em>ut</em></span> 
     </span>
    </p>
   </div>
   <div class='ocr_carea' id='block_1_112' title="bbox 1985 4793 3625 4870">
    <p class='ocr_par' dir='ltr' id='par_1_112' title="bbox 1985 4793 3625 4870">
     <span class='ocr_line' id='line_1_112' title="bbox 1985 4793 3625 4870; baseline 0.002 -14"><span class='ocrx_word' id='word_1_823' title='bbox 1985 4796 2353 4858; x_wconf 80' lang='lat' dir='ltr'><em>inconfusam</em></span> <span class='ocrx_word' id='word_1_824' title='bbox 2378 4797 2773 4859; x_wconf 72' lang='lat' dir='ltr'><em>differentiam</em></span> <span class='ocrx_word' id='word_1_825' title='bbox 2799 4796 3094 4870; x_wconf 86' lang='lat' dir='ltr'><em>exhibeat,</em></span> <span class='ocrx_word' id='word_1_826' title='bbox 3122 4804 3180 4857; x_wconf 90' lang='lat' dir='ltr'><em>et</em></span> <span class='ocrx_word' id='word_1_827' title='bbox 3203 4793 3343 4855; x_wconf 91' lang='lat' dir='ltr'><em>inde</em></span> <span class='ocrx_word' id='word_1_828' title='bbox 3369 4793 3625 4859; x_wconf 87' lang='lat' dir='ltr'><em>Trinitas</em></span> 
     </span>
    </p>
   </div>
   <div class='ocr_carea' id='block_1_113' title="bbox 1985 4884 3624 4968">
    <p class='ocr_par' dir='ltr' id='par_1_113' title="bbox 1985 4884 3624 4968">
     <span class='ocr_line' id='line_1_113' title="bbox 1985 4884 3624 4968; baseline 0.002 -23"><span class='ocrx_word' id='word_1_829' title='bbox 1985 4884 2374 4965; x_wconf 80' lang='lat' dir='ltr'><em>hypostaseon</em></span> <span class='ocrx_word' id='word_1_830' title='bbox 2408 4894 2810 4967; x_wconf 84' lang='lat' dir='ltr'><em>conservetur,</em></span> <span class='ocrx_word' id='word_1_831' title='bbox 2845 4884 2992 4948; x_wconf 92' lang='lat' dir='ltr'><em>illud</em></span> <span class='ocrx_word' id='word_1_832' title='bbox 3013 4885 3170 4965; x_wconf 90' lang='lat' dir='ltr'><em>quod</em></span> <span class='ocrx_word' id='word_1_833' title='bbox 3203 4904 3272 4947; x_wconf 85' lang='lat' dir='ltr'><em>ex</em></span> <span class='ocrx_word' id='word_1_834' title='bbox 3305 4904 3481 4948; x_wconf 89' lang='lat' dir='ltr'><em>causa</em></span> <span class='ocrx_word' id='word_1_835' title='bbox 3511 4893 3624 4968; x_wconf 89' lang='lat' dir='ltr'><em>est,</em></span> 
     </span>
    </p>
   </div>
   <div class='ocr_carea' id='block_1_114' title="bbox 1986 4974 3626 5051">
    <p class='ocr_par' dir='ltr' id='par_1_114' title="bbox 1986 4974 3626 5051">
     <span class='ocr_line' id='line_1_114' title="bbox 1986 4974 3626 5051; baseline 0.001 -16"><span class='ocrx_word' id='word_1_836' title='bbox 1986 4983 2048 5035; x_wconf 92' lang='lat' dir='ltr'><em>ut</em></span> <span class='ocrx_word' id='word_1_837' title='bbox 2076 4983 2270 5036; x_wconf 89' lang='lat' dir='ltr'><em>tamen</em></span> <span class='ocrx_word' id='word_1_838' title='bbox 2302 4975 2418 5036; x_wconf 90' lang='lat' dir='ltr'><em>Deo</em></span> <span class='ocrx_word' id='word_1_839' title='bbox 2450 4975 2746 5048; x_wconf 85' lang='lat' dir='ltr'><em>convenit,</em></span> <span class='ocrx_word' id='word_1_840' title='bbox 2782 4974 3192 5051; x_wconf 88' lang='lat' dir='ltr'><em>subdividens,</em></span> <span class='ocrx_word' id='word_1_841' title='bbox 3232 4983 3291 5036; x_wconf 90' lang='lat' dir='ltr'><em>et</em></span> <span class='ocrx_word' id='word_1_842' title='bbox 3339 4975 3626 5038; x_wconf 79' lang='lat' dir='ltr'><em>diﬂ&#39;eren-</em></span> 
     </span>
    </p>
   </div>
   <div class='ocr_carea' id='block_1_115' title="bbox 1986 5063 3628 5146">
    <p class='ocr_par' dir='ltr' id='par_1_115' title="bbox 1986 5063 3628 5146">
     <span class='ocr_line' id='line_1_115' title="bbox 1986 5063 3628 5146; baseline 0.003 -23"><span class='ocrx_word' id='word_1_843' title='bbox 1986 5063 2124 5124; x_wconf 89' lang='lat' dir='ltr'><em>tiam</em></span> <span class='ocrx_word' id='word_1_844' title='bbox 2161 5083 2490 5145; x_wconf 88' lang='lat' dir='ltr'><em>exponens,</em></span> <span class='ocrx_word' id='word_1_845' title='bbox 2522 5066 2604 5127; x_wconf 90' lang='lat' dir='ltr'><em>ita</em></span> <span class='ocrx_word' id='word_1_846' title='bbox 2634 5065 3002 5146; x_wconf 88' lang='lat' dir='ltr'><em>pronuntiat:</em></span> <span class='ocrx_word' id='word_1_847' title='bbox 3049 5063 3410 5144; x_wconf 80' lang='lat' dir='ltr'><em>U-nigenitus</em></span> <span class='ocrx_word' id='word_1_848' title='bbox 3465 5067 3628 5128; x_wconf 87' lang='lat' dir='ltr'><em>enim</em></span> 
     </span>
    </p>
   </div>
   <div class='ocr_carea' id='block_1_116' title="bbox 1982 5152 3628 5234">
    <p class='ocr_par' dir='ltr' id='par_1_116' title="bbox 1982 5152 3628 5234">
     <span class='ocr_line' id='line_1_116' title="bbox 1982 5152 3628 5234; baseline 0.002 -20"><span class='ocrx_word' id='word_1_849' title='bbox 1982 5152 2178 5216; x_wconf 82' lang='lat' dir='ltr'><em>Filius</em></span> <span class='ocrx_word' id='word_1_850' title='bbox 2205 5171 2280 5217; x_wconf 78' lang='lat' dir='ltr'><em>ea:</em></span> <span class='ocrx_word' id='word_1_851' title='bbox 2308 5153 2494 5216; x_wconf 85' lang='lat' dir='ltr'><em>Patre</em></span> <span class='ocrx_word' id='word_1_852' title='bbox 2514 5173 2551 5217; x_wconf 95' lang='lat' dir='ltr'><em>a</em></span> <span class='ocrx_word' id='word_1_853' title='bbox 2568 5155 2784 5217; x_wconf 83' lang='lat' dir='ltr'><em>divina</em></span> <span class='ocrx_word' id='word_1_854' title='bbox 2805 5155 3133 5234; x_wconf 83' lang='lat' dir='ltr'><em>Scriptura</em></span> <span class='ocrx_word' id='word_1_855' title='bbox 3151 5154 3382 5216; x_wconf 83' lang='lat' dir='ltr'><em>dicitur</em></span> <span class='ocrx_word' id='word_1_856' title='bbox 3401 5159 3460 5217; x_wconf 91' lang='lat' dir='ltr'><em>et</em></span> <span class='ocrx_word' id='word_1_857' title='bbox 3471 5155 3628 5218; x_wconf 83' lang='lat' dir='ltr'><em>hanc</em></span> 
     </span>
    </p>
   </div>
   <div class='ocr_carea' id='block_1_117' title="bbox 1983 5243 3705 5324">
    <p class='ocr_par' dir='ltr' id='par_1_117' title="bbox 1983 5243 3705 5324">
     <span class='ocr_line' id='line_1_117' title="bbox 1983 5243 3705 5324; baseline 0.003 -22"><span class='ocrx_word' id='word_1_858' title='bbox 1983 5243 2420 5322; x_wconf 81' lang='lat' dir='ltr'><em>prOprtetatem</em></span> <span class='ocrx_word' id='word_1_859' title='bbox 2474 5247 2672 5306; x_wconf 88' lang='lat' dir='ltr'><em>oratio</em></span> <span class='ocrx_word' id='word_1_860' title='bbox 2714 5262 2839 5307; x_wconf 86' lang='lat' dir='ltr'><em>non</em></span> <span class='ocrx_word' id='word_1_861' title='bbox 2883 5243 3138 5317; x_wconf 77' lang='lat' dir='ltr'><em>excedit,</em></span> <span class='ocrx_word' id='word_1_862' title='bbox 3190 5243 3457 5323; x_wconf 83' lang='lat' dir='ltr'><em>Spiritus</em></span> <span class='ocrx_word' id='word_1_863' title='bbox 3486 5261 3627 5307; x_wconf 87' lang='lat' dir='ltr'><em>vero</em></span> <span class='ocrx_word' id='word_1_864' title='bbox 3702 5322 3705 5324; x_wconf 93' lang='lat'>_</span> 
     </span>
    </p>
   </div>
   <div class='ocr_carea' id='block_1_118' title="bbox 1983 5330 3624 5405">
    <p class='ocr_par' dir='ltr' id='par_1_118' title="bbox 1983 5330 3624 5405">
     <span class='ocr_line' id='line_1_118' title="bbox 1983 5330 3624 5405; baseline 0.001 -12"><span class='ocrx_word' id='word_1_865' title='bbox 1983 5338 2232 5394; x_wconf 79' lang='lat' dir='ltr'><em>sanctus</em></span> <span class='ocrx_word' id='word_1_866' title='bbox 2246 5341 2299 5395; x_wconf 91' lang='lat' dir='ltr'><em>et</em></span> <span class='ocrx_word' id='word_1_867' title='bbox 2315 5350 2391 5395; x_wconf 77' lang='lat' dir='ltr'><em>ex</em></span> <span class='ocrx_word' id='word_1_868' title='bbox 2414 5333 2602 5394; x_wconf 89' lang='lat' dir='ltr'><em>Patre</em></span> <span class='ocrx_word' id='word_1_869' title='bbox 2620 5333 2864 5405; x_wconf 84' lang='lat' dir='ltr'><em>dicitur,</em></span> <span class='ocrx_word' id='word_1_870' title='bbox 2895 5340 2949 5394; x_wconf 92' lang='lat' dir='ltr'><em>et</em></span> <span class='ocrx_word' id='word_1_871' title='bbox 2967 5349 3040 5394; x_wconf 78' lang='lat' dir='ltr'><em>ea:</em></span> <span class='ocrx_word' id='word_1_872' title='bbox 3054 5330 3214 5394; x_wconf 86' lang='lat' dir='ltr'><em>Filio</em></span> <span class='ocrx_word' id='word_1_873' title='bbox 3239 5349 3366 5394; x_wconf 85' lang='lat' dir='ltr'><em>esse</em></span> <span class='ocrx_word' id='word_1_874' title='bbox 3386 5336 3624 5395; x_wconf 86' lang='lat' dir='ltr'><em>astrui-</em></span> 
     </span>
    </p>
   </div>
   <div class='ocr_carea' id='block_1_119' title="bbox 1987 5419 3630 5502">
    <p class='ocr_par' dir='ltr' id='par_1_119' title="bbox 1987 5419 3630 5502">
     <span class='ocr_line' id='line_1_119' title="bbox 1987 5419 3630 5502; baseline 0.001 -20"><span class='ocrx_word' id='word_1_875' title='bbox 1987 5419 2272 5494; x_wconf 81' lang='lat' dir='ltr'><em>tur.Quid</em></span> <span class='ocrx_word' id='word_1_876' title='bbox 2292 5422 2511 5484; x_wconf 86' lang='lat' dir='ltr'><em>clarius</em></span> <span class='ocrx_word' id='word_1_877' title='bbox 2525 5420 2644 5483; x_wconf 92' lang='lat' dir='ltr'><em>dici</em></span> <span class='ocrx_word' id='word_1_878' title='bbox 2667 5423 2855 5502; x_wconf 90' lang='lat' dir='ltr'><em>potuit</em></span> <span class='ocrx_word' id='word_1_879' title='bbox 2877 5420 2950 5482; x_wconf 91' lang='lat' dir='ltr'><em>iis</em></span> <span class='ocrx_word' id='word_1_880' title='bbox 2973 5422 3072 5502; x_wconf 90' lang='lat' dir='ltr'><em>qui</em></span> <span class='ocrx_word' id='word_1_881' title='bbox 3100 5431 3296 5484; x_wconf 89' lang='lat' dir='ltr'><em>mente</em></span> <span class='ocrx_word' id='word_1_882' title='bbox 3313 5440 3432 5483; x_wconf 91' lang='lat' dir='ltr'><em>non</em></span> <span class='ocrx_word' id='word_1_883' title='bbox 3446 5421 3630 5485; x_wconf 84' lang='lat' dir='ltr'><em>vacil-</em></span> 
     </span>
    </p>
   </div>
   <div class='ocr_carea' id='block_1_120' title="bbox 1981 5508 3625 5592">
    <p class='ocr_par' dir='ltr' id='par_1_120' title="bbox 1981 5508 3625 5592">
     <span class='ocr_line' id='line_1_120' title="bbox 1981 5508 3625 5592; baseline 0.001 -21"><span class='ocrx_word' id='word_1_884' title='bbox 1981 5508 2136 5571; x_wconf 85' lang='lat' dir='ltr'><em>lant?</em></span> <span class='ocrx_word' id='word_1_885' title='bbox 2163 5509 2316 5582; x_wconf 85' lang='lat' dir='ltr'><em>Quid</em></span> <span class='ocrx_word' id='word_1_886' title='bbox 2358 5528 2558 5592; x_wconf 76' lang='lat' dir='ltr'><em>aequos</em></span> <span class='ocrx_word' id='word_1_887' title='bbox 2600 5528 2734 5572; x_wconf 88' lang='lat' dir='ltr'><em>sese</em></span> <span class='ocrx_word' id='word_1_888' title='bbox 2758 5509 3040 5573; x_wconf 87' lang='lat' dir='ltr'><em>exhibere</em></span> <span class='ocrx_word' id='word_1_889' title='bbox 3070 5529 3188 5572; x_wconf 91' lang='lat' dir='ltr'><em>non</em></span> <span class='ocrx_word' id='word_1_890' title='bbox 3234 5510 3625 5574; x_wconf 89' lang='lat' dir='ltr'><em>renuentibus</em></span> 
     </span>
    </p>
   </div>
   <div class='ocr_carea' id='block_1_121' title="bbox 1978 5597 3630 5683">
    <p class='ocr_par' dir='ltr' id='par_1_121' title="bbox 1978 5597 3630 5683">
     <span class='ocr_line' id='line_1_121' title="bbox 1978 5597 3630 5683; baseline 0.003 -23"><span class='ocrx_word' id='word_1_891' title='bbox 1978 5597 2268 5681; x_wconf 83' lang='lat' dir='ltr'><em>apertius?</em></span> <span class='ocrx_word' id='word_1_892' title='bbox 2288 5598 2770 5683; x_wconf 77' lang='lat' dir='ltr'><em>Unigenitus,ait,</em></span> <span class='ocrx_word' id='word_1_893' title='bbox 2784 5600 2974 5680; x_wconf 77' lang='lat' dir='ltr'><em>Filius</em></span> <span class='ocrx_word' id='word_1_894' title='bbox 2999 5617 3072 5663; x_wconf 83' lang='lat' dir='ltr'><em>ex</em></span> <span class='ocrx_word' id='word_1_895' title='bbox 3094 5601 3222 5663; x_wconf 77' lang='lat' dir='ltr'><em>solo</em></span> <span class='ocrx_word' id='word_1_896' title='bbox 3245 5602 3416 5664; x_wconf 88' lang='lat' dir='ltr'><em>Patre</em></span> <span class='ocrx_word' id='word_1_897' title='bbox 3433 5600 3630 5665; x_wconf 87' lang='lat' dir='ltr'><em>dictur</em></span> 
     </span>
    </p>
   </div>
  </div>
