4208 6290
533 289 688 380 ίὲῡγ

1656 297 2177 382 CONSTANTINI
2230 299 2782 384 MELITENIOM‘

3765 308 3912 384 1208

531 469 567 513 a
597 431 905 537 Scriptura
933 442 1278 536 divina,hoc
1311 451 1471 512 enim
1505 449 1697 532 palam
1731 449 1926 513 innuit
1974 441 2120 512 illud
2154 469 2168 510 :

2277 473 2362 537 ςων
2418 451 2738 537 σαφέστερον
2780 467 2897 520 τοῖς
2943 455 3090 534 ὀρθὸν
3143 453 3353 537 φέρουσι
3395 457 3487 514 τὸν
3533 455 3743 537 σκοπόν
3788 471 3807 526 ;
3862 439 3922 508 τί

533 537 616 603 Et
642 537 798 602 hanc
821 535 1256 622 proprietatem
1287 541 1488 622 Oratio
1511 557 1632 602 non
1655 539 2182 621 excedit,Spiritus

529 645 674 690 vero
697 617 946 691 sanctus
974 637 1029 692 et
1057 647 1132 692 ex
1162 627 1352 692 Patre
1382 617 1635 709 dicitur,
1666 635 1720 692 et
1749 646 1824 692 ea:
1865 617 2030 692 Filio
2058 645 2183 691 esse

529 717 1003 800 astruitur,_boc
1025 718 1350 780 discrimen
1389 717 1546 778 inter
1570 736 1633 778 se
1657 724 1712 778 et
1744 715 1961 778 Filium
1986 718 2180 798 possi-

529 805 701 882 dens,
736 808 892 887 quod
924 825 997 869 ex
1029 807 1179 869 Filio
1230 825 1469 888 quoque
1520 805 1769 867 exsistit.
1812 805 1886 868 Et
1934 806 2062 867 haec
2093 813 2183 865 est

529 897 822 978 sententia
849 897 1102 978 hujusce
1135 905 1335 958 mente
1362 895 1558 958 divina
1587 894 1818 974 praediti
1873 896 2079 957 Patris.
2113 893 2182 956 Et

529 991 604 1068 ut
625 984 843 1046 clarius
887 985 1296 1065 indigentibus
1347 985 1666 1066 explicem,
1701 983 1751 1045 si
1783 985 1870 1046 uti
1896 984 2080 1046 Filius
2110 1002 2181 1046 ex

530 1071 859 1154 soquatre
888 1074 970 1136 ita
1001 1084 1058 1136 et
1089 1073 1347 1154 Spiritus
1377 1083 1616 1136 sanctus
1647 1081 1824 1149 esset,
1860 1073 1958 1136 hic
2002 1071 2179 1134 etiam

531 1143 689 1224 essei
738 1163 970 1243 genitus
1019 1143 1372 1237 uti'Filius,
1431 1182 1550 1223 non
1610 1143 1860 1240 Spiritus
1912 1170 2175 1224 sanctus.

529 1249 701 1314 Nunc
731 1270 868 1313 vero
900 1271 1018 1313 non
1051 1251 1211 1314 aliud
1244 1252 1398 1312 inter
1433 1253 1541 1312 hos
1570 1250 1778 1312 ambos
1827 1249 2176 1330 discrimen,

530 1340 637 1402 sed
667 1341 781 1403 hoc
810 1340 1183 1402 solummodo
1210 1340 1600 1418 dignoscitur,
1634 1359 1748 1418 quo
1773 1338 1965 1400 modis
1993 1338 2184 1399 omni-

532 1428 646 1491 bus
676 1429 772 1491 bic
803 1429 1138 1510 appellatur
1182 1439 1241 1492 et
1291 1437 1380 1490 est
1408 1427 1617 1504 Filius,
1648 1427 1748 1488 ille
1779 1445 1915 1489 vero
1945 1426 2186 1507 proprie

533 1517 790 1597 Spiritus
820 1525 1060 1580 Sanctus
1094 1525 1334 1578 vocatur
1355 1525 1413 1579 et
1439 1524 1567 1591 est;
1598 1516 1757 1597 quod
1777 1514 2184 1577 exsistentiam

533 1603 718 1668 Filius
753 1605 996 1687 quidem
1029 1605 1302 1686 possidet
1333 1625 1400 1667 ex
1433 1605 1558 1666 solo
1590 1606 1787 1680 Patre,
1824 1612 1882 1666 et
1913 1623 1982 1665 ex
2012 1606 2184 1668 Patre

535 1711 675 1756 vero
707 1692 883 1756 simul
917 1703 975 1757 et
1015 1689 1164 1757 Filio
1189 1691 1446 1776 Spiritus
1469 1703 1732 1755 sanctus.

2264 535 2319 594 δὲ
2362 539 2480 604 τοῖς
2528 535 2793 598 ἓθέλουσιν
2825 533 3180 620 εὐγνωμονεῖν
3227 537 3615 622 ἐκδηλότερον;
3659 533 3722 600 Ὀ
3755 561 3923 616 μονο-

2263 627 2446 708 γενῆς,
2476 629 2656 708 φησὶν,
2705 630 2825 694 Υἱὸς
2867 623 2928 687 ἐκ
2977 631 3140 706 μόνου
3195 638 3288 688 τοῦ
3343 635 3546 710 Πατρὸς
3601 625 3928 706 ὀνομάζεται

2263 716 2405 795 παρὰ
2466 719 2564 784 τῆς
2616 717 2768 796 ἁγίας
2839 723 2876 775 Γ
2881 723 3076 798 ραφῆς.
3149 727 3312 778 Τοῦτο
3367 722 3455 777 καὶ
3505 721 3605 800 γὰρ
3664 714 3928 791 σημαίνει

2262 810 2464 880 τρανῶς
2520 806 2581 860 τό
2615 823 2629 838 ·
2713 806 2812 865 Καὶ
2891 807 3054 887 μέχρι
3131 807 3315 864 τούτου
3376 811 3404 866 6
3471 807 3630 887 λόγος
3704 806 3928 870 ἵστησιν

2263 891 2405 966 αὒτῷ
2447 891 2508 948 16
2566 887 2778 968 ἰδίωμα.
2832 896 2904 952 Τὸ
2960 893 3016 951 δὲ
3073 896 3223 975 ἅγιον
3280 895 3492 974 Πνεῦμα
3561 897 3647 954 καὶ
3710 897 3782 951 ὶκ
3835 889 3928 949 τοῦ

2264 983 2468 1059 Πατρὸς
2537 981 2771 1063 λέγεται,
2829 985 2917 1040 καὶ
2981 983 3038 1041 ἐκ
3113 991 3206 1042 τοῦ
3263 989 3384 1044 Υἱοῦ
3438 990 3577 1043 εἴναι
3629 1004 3928 1062 προσμαρ-

2263 1084 2519 1149 τυρεῐται,
2564 1072 2760 1138 ταύτην
2811 1069 3060 1154 διαφορὰν
3116 1073 3247 1154 ἔχον
3318 1077 3448 1154 πρὸς
3506 1071 3596 1131 τὸν
3629 1075 3790 1152 ι’ἰὸν,
3851 1069 3930 1126 ὅτι

2259 1159 2362 1215 xix
2413 1167 2506 1216 τοῦ
2565 1160 2679 1217 λ’ἱοῦ
2735 1168 2887 1218 τοῦτο
2940 1161 3282 1231 καθέστηκεν,
3345 1164 3509 1228 Οὗτος
3566 1164 3595 1220 ὀ
3654 1165 3762 1221 τοῦ
3818 1160 3935 1217 θεό-

2263 1269 2454 1328 φρονος
2499 1249 2681 1306 τούτου
2738 1247 2966 1330 πέφυκεν
2996 1249 3096 1308 ὦδε
3129 1259 3273 1318 νοῦς.
3309 1242 3435 1311 ιἰνα
3478 1252 3533 1308 δὲ
3588 1249 3748 1308 τόνδε
3813 1247 3932 1305 Βέλ-

2264 1360 2373 1395 τιον
2444 1339 2771 1417 παραστήσω
2832 1352 2951 1404 τοῖς
3025 1342 3337 1420 χρῄζουσιν,
3420 1341 3575 1421 εἴπερ
3631 1341 3781 1397 κατὰ
3841 1339 3932 1394 τὸν

2269 1426 2388 1482 Υἱὸν
2428 1425 2488 1483 ἐκ
2529 1426 2692 1502 μόνου
2719 1435 2809 1486 τοῦ
2840 1430 3043 1508 Πατρὸς
3086 1431 3175 1486 καὶ
3202 1432 3264 1486 16
3308 1436 3520 1506 Πνεῦμα
3547 1432 3609 1486 τὸ
3641 1429 3809 1506 ἅγιον
3842 1431 3932 1506 ἦν,

2269 1515 2332 1582 ἦν
2373 1513 2434 1571 ἂν
2465 1518 2552 1571 καὶ
2579 1521 2733 1573 τοῦτο
2775 1518 3027 1595 γεννητὸς
3085 1517 3204 1575 κατ’
3234 1517 3439 1576 ἐκεῖνον
3485 1519 3628 1598 Υἱὸς,
3663 1518 3728 1574 οὗ
3759 1523 3935 1574 Πνεῦ-

2268 1625 2343 1680 μα
2395 1626 2456 1683 γε
2515 1604 2621 1680 μὴν
2665 1603 2835 1682 ἅγιον,
2900 1612 3004 1664 Νῦν
3061 1604 3106 1663 δ’
3163 1611 3258 1667 οὐκ
3299 1606 3436 1675 ἄλλη
3484 1629 3564 1670 τις
3624 1602 3936 1680 ἆναμεταξῦ

2266 1694 2470 1750 τούτοιν
2523 1692 2743 1773 ἀμφοῖν,
2807 1693 2938 1762 αὕτη
2995 1693 3049 1751 δὲ
3106 1693 3326 1776 διαφορὰ
3353 1697 3440 1753 καὶ
3466 1698 3609 1772 μόνη
3653 1696 3932 1774 γινώσκε-

534 1807 646 1859 ται,
721 1783 837 1842 καθ’
896 1783 963 1852 ἤν
1019 1785 1232 1849 πλντως
1292 1787 1320 1842 ὁ
1377 1785 1474 1860 μὲν
1517 1783 1959 1862 προσαγορεόεναι
2017 1783 2104 1838 καὶ
2179 1781 2320 1838 ἔστιν
2382 1784 2524 1864 Υἱὸς,
2583 1785 2644 1839 τὸ
2699 1781 2755 1839 δὲ
2805 1785 2994 1863 κυρίως
3047 1785 3200 1864 ἅγιον
3253 1791 3463 1862 Πνεῦμα
3518 1784 3806 1864 καλεῖται,
3842 1785 3930 1840 καὶ

540 1871 799 1953 πέφηνεν,
857 1877 942 1938 οἷς
998 1873 1096 1940 τὴν
1152 1871 1366 1947 ὕπαρξιν
1432 1873 1460 1929 ὁ
1529 1874 1626 1948 μὲν
1690 1873 1808 1936 Υἱὸς
1865 1875 1926 1928 'ex
1994 1871 2157 1947 μόνου
2227 1871 2479 1939 κέκτηται
2547 1875 2640 1928 τοῦ
2697 1873 2923 1950 Πατρὸς,
2987 1872 3046 1930 ἐκ
3101 1870 3157 1930 δὲ
3225 1885 3316 1934 τοῦ
3389 1877 3593 1954 Πατρὸς
3641 1873 3763 1950 ἅμα
3827 1873 3933 1929 κάκ

536 1969 631 2018 τοῦ
678 1957 800 2020 Υἱοῦ
840 1964 902 2018 16
933 1966 1145 2038 Πνεῦμα
1201 1963 1262 2018 τὸ
1306 1962 1482 2041 ἅγιον,

617 2049 717 2114 2'7.
741 2049 860 2114 Sed
893 2069 1012 2112 non
1036 2039 1390 2133 praeﬁgitur,
1415 2049 1695 2132 inquiunt
1733 2050 1833 2131 qui
1858 2049 2184 2130 oppositam

2423 2039 2434 2058 '
2491 2048 2507 2074 ν
2625 2049 2642 2070 ³
2742 2051 2756 2071 ς
3196 2054 3210 2071 ε
3436 2053 3465 2064 ει-
3561 2052 3574 2073 ν
3823 2051 3836 2066 ο

2349 2057 2411 2122 κζ
2511 2049 2620 2107 Αλλ
2707 2072 2766 2107 ου
2829 2065 3028 2125 κεῖται,
3090 2075 3244 2133 φασιν
3303 2055 3349 2110 οἱ
3403 2076 3500 2121 της
3552 2071 3936 2127 αντικειμεντ,ς

542 2146 770 2220 partem
825 2147 1180 2221 sequuntur,
1213 2139 1275 2200 in
1306 2140 1610 2201 nonnullis
1662 2139 2062 2201 voluminibus
2108 2155 2190 2199 ex

539 2228 878 2309 praepositio
911 2227 1082 2304 Filio,
1137 2237 1569 2309 proptereaque
1618 2226 2016 2290 differentiam
2056 2223 2192 2288 Filii

539 2327 601 2377 et
627 2316 886 2396 Spiritus
940 2317 1128 2378 sancti
1188 2335 1318 2378 eam
1350 2317 1572 2378 dixisse
1624 2316 1876 2377 fatemur
1909 2314 2190 2376 divinilo-

543 2403 726 2485 qaum
758 2404 1131 2484 Gregorium,
1155 2404 1313 2486 quod
1345 2405 1697 2483 Unigenitus
1723 2424 1793 2466 ex
1825 2408 1997 2465 Patre
2027 2404 2189 2464 exsi-

542 2500 714 2554 stens
768 2512 888 2554 non
936 2500 1028 2554 est
1057 2502 1160 2556 aut
1189 2492 1312 2554 ullo
1344 2493 1521 2554 modo
1565 2492 1784 2554 dicitur
1817 2492 2094 2574 Spiritus,
2131 2499 2194 2552 ut

543 2581 641 2643 hic
664 2582 792 2661 ipse
813 2581 1050 2661 sapiens
1082 2582 1362 2661 magister
1394 2582 1756 2662 procedente
1785 2581 2054 2644 oratione
2086 2599 2191 2642 so—

543 2685 690 2731 nora
718 2673 863 2731 Voce
890 2667 1125 2731 instruit
1150 2677 1205 2731 et
1241 2670 1528 2731 enuntiat.
1565 2667 1821 2751 Spiritus
1849 2688 1988 2732 vero
2018 2688 2190 2730 sanc-

543 2757 638 2820 tus
669 2763 726 2820 et
751 2760 884 2839 ipse
930 2759 1220 2821 exsistens
1270 2763 1338 2820 ex
1398 2755 1575 2822 Patre
1627 2760 1911 2820 astruitur
1958 2776 2193 2840 quoque

543 2842 681 2911 Filii
712 2857 843 2910 esse
903 2848 1231 2910 secundum
1294 2850 1659 2910 consortium
1693 2858 1751 2910 et
1783 2847 2188 2909 testimonium

543 2935 704 3016 quod
736 2935 926 3012 affert,
963 2944 1021 2998 et
1048 2938 1425 2999 continenter
1475 2936 1612 3000 huic
1643 2937 1800 3000 dicto
1852 2937 2189 3018 apponitur,

542 3026 852 3088 sententiae
908 3025 1275 3105 adaptamns,
1324 3027 1560 3108 quando
1616 3026 1743 3107 ipse
1808 3027 1916 3087 hac
1963 3026 2194 3087 ratione

542 3114 856 3176 subintulit
880 3133 894 3178 :
918 3111 989 3178 Si
1005 3117 1144 3196 quis
1165 3117 1328 3178 enim
1344 3114 1646 3195 Spiritum
1678 3115 1910 3178 Christi
1929 3131 2053 3176 non
2079 3113 2196 3176 ha-

548 3202 892 3285 bet,inquit,
925 3204 1022 3267 hic
1051 3221 1175 3266 non
1205 3212 1294 3267 est
1332 3207 1487 3283 ejus.
1523 3223 1550 3265 ›
1588 3205 1819 3267 Pariter
1849 3204 2197 3264 insistentes

544 3291 668 3354 suis
709 3291 1128 3374 voluminibus,
1163 3292 1265 3374 qui
1316 3291 1763 3355 contradicendi
1816 3291 2013 3354 studio
2071 3307 2200 3371 ges-

2270 2139 2406 2214 ἠμϊν
2463 2137 2694 2219 μερίδος,
2753 2139 2806 2196 ἕν
2848 2163 2954 2197 τισι
3010 2138 3233 2218 βίϐλοις,
3285 2143 3319 2211 ἡ
3352 2140 3412 2198 ix
3440 2142 3686 2219 πρόθεσις
3716 2142 3815 2197 επὶ
3845 2145 3935 2195 τοῦ

2279 2230 2416 2307 Γὶοῦ,
2478 2227 2563 2284 διὰ
2642 2229 2798 2286 τοῦτο
2854 2231 2939 2286 καὶ
3018 2229 3266 2312 διαφορὰν
3349 2239 3442 2288 τοῦ
3500 2224 3622 2287 ι’ίοῦ
3676 2231 3771 2286 καὶ
3846 2234 3935 2284 τοῦ

2274 2317 2578 2399 Πνεύματος
2632 2319 2830 2385 ταύτην
2879 2317 3106 2398 λέγομεν
3137 2322 3309 2377 εἰπεῖν
3355 2321 3446 2377 τὸν
3477 2323 3735 2399 θεηγὸρον
3784 2325 3933 2396 Γρη-

2274 2407 2474 2485 γόριον,
2551 2397 2644 2472 Ὠς
2688 2410 2715 2464 ὁ
2793 2397 2971 2484 μέντοι
3039 2409 3342 2488 Μονογενῆς
3400 2397 3655 2489 δπάρχων
3717 2406 3780 2464 ἐκ
3841 2417 3935 2466 τοῦ

2278 2497 2482 2575 Πατρὸς
2532 2497 2625 2553 οὒκ
2709 2496 2873 2566 ἔστιν,
2949 2495 3065 2554 οῦδὲ
3136 2497 3346 2576 λέγεται
3428 2499 3607 2561 ποσῶς
3677 2498 3769 2554 καὶ
3839 2503 3934 2552 ’τοῦ

2275 2586 2601 2664 Πνεῦματος,
2641 2587 2812 2652 καθὼς
2870 2579 3018 2648 οὗτος
3079 2588 3107 2643 6
3165 2589 3324 2666 σοφὸς
3379 2583 3694 2650 διδάσκαλος
3747 2609 3931 2665 παρα-

2274 2675 2471 2732 κατιὼν
2541 2670 2799 2754 διατράνῳ
2876 2675 3099 2750 στόματι
3156 2689 3499 2755 μυσταγωγεῖ
3549 2674 3632 2732 διὰ
3689 2673 3928 2741 διέξεισι.

2276 2763 2348 2820 Τὸ
2377 2759 2430 2818 δὲ
2464 2761 2614 2842 ἅγιον
2672 2769 2886 2840 Πνεῦμα
2920 2765 3006 2820 καὶ
3038 2764 3161 2820 αὐτὸ
3201 2766 3466 2845 τυγχάνον
3499 2762 3559 2821 ἐκ
3586 2772 3677 2822 τοῦ
3725 2765 3932 2842 Πατρὸς

2275 2866 2754 2930 προσμαρτυρεϊται
2840 2855 2965 2931 γοῦν
3049 2855 3192 2911 εἶναι
3279 2857 3365 2911 καὶ
3450 2864 3542 2913 τοῦ
3627 2853 3754 2911 Υίοῦ
3812 2850 3929 2909 κατ’

2274 2941 2533 2997 οἱκείωσιν
2569 2959 2581 2974 ·
2643 2942 2730 2997 καὶ
2790 2941 2888 3009 τὴν
2947 2942 3229 3022 μαρτυρίαν
3299 2945 3364 3010 ἢν
3439 2943 3701 3024 ἱεπιφέρων
3755 2945 3933 3008 τίθησι

2273 3034 2513 3109 συνεχῶς
2595 3031 2766 3104 τούτῳ
2834 3037 2910 3104 τῷ
2963 3031 3110 3108 ῥητῷ
3165 3031 3299 3088 κατὰ
3351 3031 3443 3088 τὸν
3498 3033 3730 3088 τοιοῦτον
3810 3039 3928 3089 νοῦν

2279 3117 2737 3196 προσαρμόζομεν,
2785 3116 3110 3199 Ἐπειδήπερ
3159 3121 3314 3183 αὐτὸς
3360 3120 3524 3183 οὕτως
3581 3117 3882 3197 ἐπήνεγκεν
3910 3133 3923 3148 ·

2282 3207 2338 3263 Εἰ
2423 3207 2522 3286 γὰρ
2589 3229 2670 3272 τις
2741 3207 2952 3284 Πνεῦμα
3032 3209 3255 3287 Χριστοῦ
3329 3213 3424 3268 οὐκ
3505 3207 3645 3289 ἔχει,
3737 3208 3926 3289 φησὶν,

2279 3294 2428 3359 οὗτος
2509 3295 2603 3350 οῦκ
2724 3293 2863 3352 ἔστιν
2980 3298 3160 3356 αὐτοῦ.
3274 3296 3443 3353 Πάλιν
3541 3295 3933 3374 ἐπερειδόμεναι

548 3380 724 3455 tiunt,
757 3388 931 3462 atque
951 3382 1233 3442 continuo
1265 3381 1610 3456 incitantur,
1647 3381 1720 3442 ad
1755 3379 2076 3442 testimonii
2103 3399 2194 3441 ex-

2280 3394 2402 3444 τατς
2457 3382 2657 3440 ἑαυτῶν
2710 3381 2910 3460 βίϐλοις
2971 3387 3018 3440 οἱ
3074 3385 3191 3463 περὶ
3233 3386 3329 3453 τὴν
3385 3384 3677 3464 ἁντίῤῥησιν
3737 3384 3938 3451 ἐπτοη-

549 3452 1024 3549 ροείιίοιιὲηι,ιιιί
1055 3469 1128 3530 ad
1155 3468 1405 3530 validam
1438 3452 1832 3549 magnamque
1863 3470 1954 3530 sui
1984 3484 2194 3549 propo-

2283 3470 2428 3542 μένοι
2492 3452 2748 3538 διηνεκῶς
2805 3473 2890 3529 ἐπὶ
2932 3472 3032 3541 τὴν
3090 3452 3290 3530 ἔκθεσιν
3345 3479 3444 3542 τῆς
3500 3452 3784 3554 μαρτυρίας
3861 3477 3934 3538 ὡς

541 3555 650 3619 εἱιί
681 3557 1096 3618 defensionem
1131 3557 1497 3636 confugiunt,
1519 3567 1576 3619 et
1604 3566 1808 3638 aperte
1833 3557 2034 3638 magni
2081 3557 2198 3618 Ba-

542 3643 662 3708 silii
693 3646 1046 3726 expositioni
1099 3662 1272 3707 aures
1319 3647 1622 3722 sapienter
1674 3646 1921 3707 minime
1971 3646 2198 3726 patefa-

551 3729 721 3795 ciunt
773 3752 948 3814 quam
1002 3732 1238 3796 divinus
1287 3735 1562 3815 Cyrillus,
1599 3742 1663 3796 ut
1693 3753 1809 3795 non
1843 3735 2024 3796 multo
2057 3748 2197 3797 anIe

553 3821 1112 3899 demonstravimus,
1163 3823 1235 3885 ab
1285 3839 1356 3885 ea
1401 3842 1520 3885 non
1568 3823 1928 3885 dissentiens
1957 3833 2196 3886 secutus

547 3909 936 3992 est,quinimo
965 3911 1038 3974 ad
1067 3929 1232 3974 suam
1281 3912 1624 3993 Opinionem
1657 3911 2081 3975 stabiliendum
2124 3932 2198 3978 ex

553 3999 812 4080 proprtis
841 3999 1164 4062 discrimen
1191 3999 1706 4078 excogitarunt.Ut
1729 4019 1867 4062 vero
1899 4019 2058 4063 nunc
2078 4020 2200 4064 res-

555 4088 926 4169 pondeamus
956 4089 1028 4151 ad
1063 4089 1258 4171 ipsum
1316 4086 1666 4165 discrimen,
1728 4089 1802 4151 de
1861 4089 2200 4155 testimonio

547 4177 846 4260 siquidem
873 4179 1114 4242 abunde
1142 4179 1285 4240 satis
1309 4177 1449 4252 illis,
1480 4181 1580 4261 qui
1608 4197 1740 4242 sese
1769 4187 2026 4241 attentos
2045 4199 2202 4261 prae-

551 4267 696 4330 bent
744 4283 925 4349 supra
977 4266 1434 4348 respondimus,
1488 4287 1662 4350 quam
1737 4267 1811 4329 ob
1856 4286 2094 4330 causam
2151 4269 2202 4332 si

556 4356 728 4419 beato
759 4357 991 4420 doctori
1021 4357 1097 4419 de
1125 4357 1370 4419 relativo
1421 4355 1770 4419 discrimine
1826 4374 2023 4418 sermo
2049 4366 2195 4433 erat,

549 4444 711 4508 nullo
745 4446 919 4508 modo
947 4445 1128 4508 ullam
1157 4445 1560 4508 exsistentiam
1589 4453 1970 4528 eonnotante,
2004 4455 2068 4509 ut
2093 4448 2200 4510 ad-

549 4534 796 4597 versarii
840 4533 1336 4618 interpretantur,
1393 4552 1510 4595 non
1545 4535 1602 4596 e't
1641 4553 1671 4594 a
1705 4536 1883 4597 Patre
1914 4534 2200 4616 Spiritum

551 4630 822 4686 sanctum
851 4623 1138 4685 exsistere
1166 4631 1340 4686 antea
1361 4621 1529 4700 dixit,
1567 4623 1710 4684 dum
1741 4641 1877 4684 cum
1907 4622 2077 4686 Patre
2098 4621 2203 4686 Fi-

2282 3562 2358 3623 είς
2401 3559 2682 3636 ἀντίληψιν
2751 3561 2974 3642 ἰσχυρὰν
3039 3563 3125 3618 καὶ
3195 3560 3437 3642 μεγάλην
3491 3564 3608 3619 τινὰ
3664 3564 3933 3644 καταφεύ-

2279 3671 2453 3728 γουσι,
2507 3650 2644 3725 μήτε
2712 3656 2780 3727 τῇ
2843 3665 3103 3732 προφανεϊ
3157 3653 3354 3719 ταύτης
3409 3653 3545 3710 κατὰ
3585 3654 3681 3710 τὸν
3737 3653 3934 3710 σεπτὸν

2278 3737 2548 3795 Βασίλειον
2630 3737 2880 3817 ἑρμηνείᾳ
2949 3747 3124 3819 σοφῶς
3205 3741 3532 3821 ὑποσχόντες
3586 3741 3681 3804 τὰς
3737 3742 3932 3814 ἀκοὰς,

2278 3831 2420 3904 ᾗτινι
2477 3829 2564 3883 καὶ
2620 3829 2648 3884 ὁ
2689 3832 2832 3894 θεῖος
2877 3827 3156 3904 Κύριλλος,
3206 3831 3378 3894 καθὼς
3432 3830 3644 3909 ἐγγύθεν
3714 3828 3933 3887 ἀπεδεί-

2281 3914 2468 3991 ξαμεν,
2531 3914 2710 3982 καλῶς
2775 3919 3072 3996 στοιχήσας
3143 3917 3565 3991 ἐπηκολούθησε,
3607 3921 3694 3975 καὶ
3752 3919 3935 3994 μέντοι

2279 4006 2410 4084 πρὸς
2470 4004 2724 4086 σύστασιν,
2773 4007 2873 4073 τῆς
2931 4004 3086 4073 δόξης
3175 4010 3347 4065 αὒτῶν
3416 4006 3624 4064 οἴκοθεν
3681 4004 3932 4086 διαφορὰν

2284 4092 2647 4163 ἐννοήσαντες.
2713 4085 2806 4158 Ὠς
2877 4093 2940 4150 ἄν
3018 4093 3072 4151 δὲ
3128 4095 3228 4163 τὴν
3298 4097 3589 4163 ἀπάντησιν
3644 4097 3716 4161 εἷς
3774 4085 3937 4162 αὐτὴν

2285 4181 2475 4258 ἀρτίως
2545 4183 2893 4258 ποιησώμεθα
2975 4183 3074 4251 τὴν
3158 4183 3431 4265 διαφορὰν,
3507 4185 3624 4264 περὶ
3680 4185 3779 4264 γὰρ
3837 4190 3934 4252 τῆς

2285 4271 2567 4350 μαρτυρίας
2628 4273 2822 4334 ἱκανῶς
2865 4285 2983 4336 τοῖς
3040 4272 3363 4353 προσέχουσι
3429 4275 3548 4352 πρὶν
3591 4272 3932 4353 ἀπολελογή-

2284 4363 2440 4441 μεθα,
2502 4362 2639 4425 τίνος
2691 4360 2891 4436 ἕνεκεν,
2937 4362 2982 4418 εί
3021 4363 3109 4418 καὶ
3151 4363 3268 4440 περὶ
3317 4367 3578 4442 σχετικῆς
3610 4365 3637 4419 6
3667 4361 3822 4440 λόγος
3869 4386 3932 4428 ην

2283 4453 2360 4522 τῷ
2416 4449 2657 4528 μακαρίῳ
2700 4447 2979 4531 διαφορᾶς,
3049 4454 3232 4509 οὐκοῦν
3291 4449 3620 4508 οῦδοπωσοῦν
3672 4448 3934 4517 δηλούσης

2284 4536 2500 4618 ὕπαρξιν
2567 4539 2713 4618 ,κατᾶ
2791 4538 2888 4606 τὴν
2942 4537 3049 4595 τῶν
3104 4539 3423 4596 ὑπεναντίων
3478 4540 3772 4618 ὑφήγησιν,
3858 4539 3935 4613 μὴ

2287 4627 2376 4683 καὶ
2428 4635 2520 4682 τοῦ
2563 4627 2766 4704 Πατρὸς
2825 4628 2887 4683 16
2945 4630 3159 4703 Πνεῦμα
3215 4629 3276 4684 16
3331 4627 3481 4706 ἅγιον
3536 4627 3794 4707 ὑπάρχειν
3850 4627 3936 4682 εἴ·

552 4712 699 4774 lium
736 4718 796 4773 et
821 4711 1108 4792 Spiritum
1165 4719 1436 4774 sanctum
1495 4711 1940 4786 considerabat,
1975 4712 2080 4774 sed
2133 4731 2194 4775 ex

2291 4737 2420 4795 ρηκε
2477 4713 2780 4794 προλαϐών,
2827 4713 2914 4772 ὅτε
2975 4717 3110 4791 μετᾶ
3166 4722 3260 4774 τοῦ
3310 4719 3517 4795 Πατρὸς
3577 4715 3790 4772 ἐσκόπει
3847 4718 3941 4772 τὸν

553 4801 729 4864 Patre
761 4795 931 4862 illum
983 4818 1116 4862 esse
1163 4800 1330 4877 dixit,
1381 4797 1538 4882 quod
1581 4818 1827 4880 prorsus
1881 4800 2210 4864 discrimen

551 4884 955 4952 exsistentiam
977 4889 1278 4969 importat.
1314 4887 1522 4968 Neque
1553 4888 1710 4950 enim
1743 4887 2210 4969 quispiam,licet

553 4976 801 5040 audacia
830 4985 1019 5058 eaq'u'e
1050 4977 1316 5057 projecta
1363 4978 1645 5039 emineat.
1691 4976 1932 5050 dixerit,
1986 4993 2119 5038 cum
2152 4985 2211 5040 et

552 5069 736 5132 Pater
765 5065 844 5127 sit
873 5063 1226 5146 dicaturque
1269 5064 1549 5146 Spiritus,
1582 5063 1728 5127 satis
1775 5063 1962 5126 fuisse
1998 5081 2209 5143 magna

553 5155 1070 5236 comprehendere
1100 5149 1204 5216 ubi
1234 5154 1427 5216 solum
1452 5152 1817 5216 exsistentiae
1854 5151 2206 5230 discrimen,

557 5244 715 5325 quod
735 5245 985 5307 fortasse
1016 5243 1136 5306 non
1169 5242 1354 5324 probe
1383 5241 1783 5324 dicerent,qui
1837 5241 1900 5303 in
1930 5242 2209 5306 omnibus

557 5331 733 5395 nobis
765 5332 1178 5396 contradicere
1202 5332 1462 5414 denique
1491 5331 1724 5394 animos
1755 5330 2208 5395 intendunt.Hic

553 5429 695 5482 vero
727 5418 884 5502 quod
913 5421 1142 5484 nullum
1166 5419 1413 5484 haberet
1441 5417 1773 5483 secundum
1803 5418 2208 5483 exsi'stentiam

553 5506 910 5586 discrimen,
972 5509 1131 5592 quod
1200 5509 1532 5573 secundum
1561 5508 1910 5594 relationem
1946 5516 2055 5584 est,
2106 5525 2207 5571 as-

562 5597 835 5678 sumpsit.
871 5597 980 5663 νει
1011 5599 1126 5661 hoc
1161 5599 1340 5660 (veluti
1389 5597 1584 5681 potius
1629 5603 1689 5660 et
1734 5594 1920 5676 magis
1948 5596 2209 5662 honora-

2293 4805 2413 4860 ι’ίὸν
2447 4805 2535 4860 καὶ
2588 4805 2650 4860 16
2697 4810 2908 4880 Πνεῦμα
2955 4806 3017 4861 16
3070 4805 3245 4886 ἅγιον,
3308 4803 3428 4861 ἀλλ’
3482 4804 3542 4860 ἐκ
3587 4812 3678 4861 τοῦ
3737 4807 3940 4884 [ἰατρὸς

2291 4891 2454 4972 ’ἔφησε
2512 4899 2664 4949 τοῦτο
2721 4892 2920 4968 τελεῖν,
2955 4895 2982 4950 ὃ
3025 4891 3236 4959 πάντως
3280 4896 3366 4950 καὶ
3409 4891 3630 4973 διαφορὰ
3684 4895 3941 4973 τυγχάνει

2288 4979 2406 5038 καθ’
2463 4981 2728 5062 ὕπαρξινς
2784 4983 2855 5040 Οὒ
2897 4983 2998 5062 γὰρ
3053 4981 3118 5051 δὴ
3160 4988 3264 5039 τῶν
3319 4981 3454 5062 ἄγαν
3515 4981 3798 5060 τολμηρῶν
3854 4983 3942 5038 καὶ

2289 5069 2521 5150 θρασέων
2581 5071 2709 5150 φαίη
2761 5093 2844 5136 τις
2888 5070 2974 5144 ἂν,
3021 5069 3128 5146 ὅτι,
3189 5070 3303 5128 ἐπεὶ
3359 5071 3447 5128 καὶ
3478 5073 3507 5127 6
3538 5072 3719 5150 Πατὴρ
3745 5069 3856 5126 ἔστι
3888 5092 3944 5126 τε

2288 5161 2376 5216 καὶ
2445 5157 2690 5215 καλεῖται
2759 5165 2853 5217 τοῦ
2923 5159 3250 5236 Πνεύματος,
3304 5159 3454 5240 ἤρκει
3525 5157 3796 5216 διαλαϐεῖν
3852 5161 3946 5215 τόν

2290 5247 2457 5324 μέγαν
2508 5247 2626 5304 ἐκεῖ
2679 5248 2776 5316 τὴν
2829 5248 2946 5304 καθ’
2988 5246 3206 5329 ὕπαρξιν
3256 5249 3425 5324 μόνην
3457 5244 3727 5329 διαφορὰν,
3781 5248 3809 5303 ὂ
3865 5249 3945 5323 μὴ

2290 5336 2501 5400 πάντως
2560 5335 2762 5392 εἴποιεν
2820 5335 2881 5392 ἂν
2937 5337 3074 5401 θίσως
3143 5341 3189 5394 οἱ
3242 5339 3302 5394 16
3333 5344 3437 5394 πᾶν
3474 5335 3766 5415 ἀντιλέγειν
3812 5339 3945 5416 πρὸς

2290 5427 2434 5500 ἡμᾶς
2502 5423 2740 5490 καθάπαξ
2821 5425 3198 5498 σπουδάζοντες
3281 5423 3483 5489 καλῶς.
3563 5424 3817 5483 Ἐνταῦθα
3893 5424 3948 5482 δὲ

2292 5510 2378 5569 διὰ
2434 5513 2495 5569 16
2551 5512 2627 5587 μὴ
2686 5509 2803 5569 καθ’
2862 5512 3078 5592 ὕπαρξιν
3121 5513 3384 5590 μηδαμῶς
3445 5511 3618 5593 ἔχειν,
3679 5509 3947 5584 παρέλαϐε

2292 5603 2390 5670 τὴν
2425 5601 2560 5658 κατὰ
2617 5601 2804 5680 σχέσιν
2861 5599 3135 5684 διαφορὰν,
3198 5603 3236 5672 ἢ
3288 5602 3483 5670 ταύτην
3541 5604 3616 5666 ὡς
3670 5603 3947 5681 κρείττονα
