4176 6290
479 270 620 334 1211
1585 269 2114 336 CONSTANTIN!

2196 273 2235 331 Μ
2253 271 2735 334 ELITENIOTE
3712 278 3868 343 1212

469 405 742 482 addecet,
769 405 867 468 hic
897 405 1208 472 recitabim
1221 425 1324 471 ns:
1349 413 1414 469 ut
1441 407 1612 488 copia
1644 407 1862 486 scripto
1888 401 2114 466 tradita-

2219 403 2473 478 θήσομεν,
2525 405 2599 468 ὡς
2645 404 2707 460 ἆν
2751 404 2811 463 ἐκ
2865 411 3157 478 περιουσίαις
3213 415 3320 467 τῶν
3390 417 3660 492 γραφικῶν
3730 415 3870 472 τού-

469 515 602 558 rum
629 495 1050 559 auctoritatum
1083 495 1558 558 adversariorum
1589 514 1692 557 ora
1723 511 1968 575 prorsus
2020 511 2114 572 op-

2216 513 2323 546 των
2369 494 2662 572 μαρτυριῶν
2715 493 3023 575 ὁλοκλήρως
3079 499 3146 553 τὰ
3207 499 3446 575 στόματα
3507 508 3615 557 τῶν
3666 502 3873 559 ἀντιδι-

472 585 1067 667 primamus.Primus
1099 587 1300 666 itaque
1324 585 1822 648 Ecclesiailumen
1844 580 2106 644 Joannes

2212 580 2445 636 κούντων
2517 582 2886 662 ἐμφράξωμεν,
2950 587 3146 642 Αὐτίκα
3208 591 3333 665 γοῦν
3390 592 3418 645 6
3473 595 3571 657 τῆς
3627 591 3872 660 Ἐκκλη-

468 673 705 736 eminus
729 674 1055 755 splendens
1083 692 1151 734 ac
1183 673 1361 749 ignea
1390 691 1583 746 mens,
1623 672 1825 752 lingua
1854 670 2031 760 simul
2071 689 2114 733 el

2211 670 2326 732 σίας
2382 671 2600 760 φωστὴρ
2645 669 2922 754 Ἰωάννης,
2980 677 3073 731 τὸν
3119 675 3364 756 τηλαυγῆ
3411 677 3556 758 λέγω
3587 682 3673 736 καὶ
3703 683 3866 760 πύρι-

469 762 645 824 labiis
674 781 913 834 aureus,
951 770 1071 822 tum
1105 762 1377 824 oratione
1410 761 1486 824 de
1541 760 1956 823 Incarnatione
2002 759 2124 822 Do-

472 851 638 923 mini,
678 859 736 913 et
779 852 836 912 in
869 851 1013 912 illud
1041 872 1055 910 :
1081 851 1158 913 In
1200 853 1469 932 singulis
1517 849 1867 931 regionibus
1917 849 2128 930 angeli

467 941 770 1009 astabant,
824 940 910 1000 sic
965 939 1177 1002 scribit
1209 961 1222 1000 :
1258 941 1522 1004 Accessit
1573 939 1848 1003 Christus
1879 939 1958 1000 ad
1986 956 2115 1000 nos.

475 1030 652 1092 Dedit
675 1030 976 1110 nobisqui
1005 1049 1087 1091 eae
1113 1035 1241 1110 ipso
1272 1039 1384 1110 est,
1419 1029 1754 1110 Spiritum,
1789 1037 1845 1090 et
1880 1045 2120 1090 assum-

463 1121 586 1199 psit
615 1127 896 1181 nastrum
926 1137 1185 1198 corpus;
1219 1127 1342 1180 tum
1374 1117 1434 1179 in
1478 1117 1596 1179 alio
1654 1135 1932 1180 sermone
1966 1132 2122 1196 prai-

468 1207 755 1288 ceptorio,
785 1207 885 1288 qui
916 1215 974 1270 et
1020 1208 1212 1288 prima
1266 1206 1705 1288 prophylactica
1760 1207 1946 1267 oratio
1992 1205 2120 1266 ins-

466 1296 753 1357 cribitur:
789 1296 870 1358 Et
897 1296 982 1358 sic
1024 1314 1146 1358 non
1193 1302 1422 1375 servat,
1463 1295 1565 1369 ait,
1620 1294 1913 1372 Spiritus,
1948 1295 2122 1375 quia

467 1384 708 1447 Christo
736 1387 919 1466 est,in
939 1385 1036 1446 die
1063 1383 1290 1463 futurae
1318 1383 1888 1462 redemptionis.lllo
1906 1383 2118 1444 eodem

467 1481 734 1554 tempore
756 1472 1302 1554 perspicacissimus
1323 1471 1688 1554 Epiphanius
1702 1471 1969 1534 oratione
1991 1472 2117 1532 An-

467 1571 664 1643 cyroto
687 1563 866 1639 dicta,
901 1565 1093 1643 palam
1126 1570 1446 1643 aperteque
1478 1562 1671 1644 inquit
1706 1583 1721 1622 :
1753 1562 1863 1625 Ait
1912 1564 1998 1624 ita
2015 1579 2120 1642 '(ue

467 1652 675 1714 beatus
708 1651 931 1714 Petrus
963 1653 1174 1732 iis,qui
1202 1657 1365 1713 circa
1391 1653 1698 1713 Ananiam
1727 1659 1929 1713 erant:
1953 1652 2122 1714 «Cur

2209 779 2297 814 νον
2352 758 2490 834 νοῦν,
2525 761 2614 815 τόν
2648 761 2742 826 τὴν
2801 760 3042 838 γλῶτταν
3087 767 3222 839 ὁμοῦ
3275 769 3367 823 καὶ
3408 770 3473 823 τὰ
3535 770 3693 848 χείλη
3725 758 3868 850 χρυ-

2207 854 2352 926 σοῦν,
2383 850 2444 903 ἓν
2474 849 2571 923 μὲν
2601 871 2678 922 τιρ
2734 849 2902 929 λόγῳ,
2951 859 3027 926 τῷ
3056 855 3129 915 εἷς
3163 854 3260 921 τὴν
3305 839 3868 936 Ἐνανθρώῖπηαινηζτοῦ

2207 937 2414 1028 Κυρίου,
2473 939 2561 993 καὶ
2618 941 2690 1028 είς
2749 941 2832 1016 τὸ,
2895 940 3118 1017 Κλίματι
3166 944 3372 1028 ἐκέστῳ
3425 943 3640 1024 ἄγγελοι
3714 949 3864 1028 ἐφει-

2204 1027 2492 1107 στήκεσαν,
2596 1027 2761 1091 οὕτως
2846 1029 3065 1110 εἴρηκεν
3096 1051 3114 1069 ·
3217 1021 3406 1090 Ἠλθεν
3633 1021 3862 1116 Χριστὸς

2204 1129 2334 1190 προς
2407 1117 2574 1190 ἡμᾶς,
2650 1115 2840 1173 ἔδωκεν
2923 1121 3059 1192 ἡμῖν
3131 1121 3192 1176 τὸ
3250 1120 3302 1186 ἐξ
3372 1126 3530 1182 αὐτοῦ
3617 1115 3858 1206 Πνεῦμα,

2203 1204 2290 1259 καὶ
2379 1203 2662 1262 ἀνελάϐετο
2744 1209 2807 1263 τὸ
2907 1208 3163 1288 ἡμέτερον
3259 1213 3436 1286 σῶμα.
3537 1211 3664 1271 Καθ’
3732 1203 3860 1270 its;

2205 1313 2294 1369 ρον
2349 1290 2404 1348 δέ
2437 1315 2497 1370 γε
2527 1299 2632 1349 τῶν
2678 1295 2836 1352 αὐτοῦ
2879 1295 3054 1374 λόγων
3097 1299 3202 1353 τῶν
3243 1296 3649 1381 διδασκαλικῶν,
3681 1303 3736 1366 ὃς
3768 1305 3860 1360 καὶ

2203 1380 2340 1438 οὕτω
2423 1404 2535 1446 πως
2605 1391 2812 1461 πρῶτος
2896 1384 3319 1464 προφυλακτικὸς
3419 1380 3806 1468 ἐπιγέγραπται
3841 1407 3856 1420 ⁸

2205 1471 2300 1528 Καὶ
2369 1470 2537 1534 ο’3τως
2621 1474 2764 1547 ἡμᾶς
2856 1473 3102 1555 φυλάξω,
3185 1479 3336 1556 φησὶ,
3397 1478 3457 1532 τὸ
3520 1479 3661 1554 παρὰ
3731 1485 3864 1557 Χρι-

2201 1561 2326 1615 στοῦ
2394 1563 2605 1635 Πνεῦμα
2689 1564 2760 1625 εἰς
2867 1565 2966 1622 τὴν
3063 1564 3268 1644 ἡμέραν
3361 1571 3459 1633 τῆς
3555 1565 3862 1641 μελλούσης

2201 1646 2648 1726 ἀπολυτρώσεως,
2723 1650 2826 1708 Τοῦ
2894 1652 3052 1708 αὐτοῦ
3129 1655 3326 1732 χρόνου
3382 1655 3470 1711 καὶ
3535 1657 3562 1711 6
3621 1653 3862 1734 διορατι-

465 1742 719 1803 tentavit
748 1757 847 1802 vos
867 1743 1150 1814 Satanas,
1175 1743 1428 1802 mentiri
1457 1740 1731 1820 Spiritui
1757 1740 2058 1803 sancto“?
2088 1764 2110 1796 ι

2201 1737 2293 1796 κὸς
2338 1733 2648 1815 Ἐπιφᾶνιος
2687 1739 2764 1794 ὢν
2819 1739 2873 1795 ἐν
2917 1748 2992 1812 τῷ
3021 1740 3166 1820 λόγῳ
3208 1749 3284 1798 τῶ
3326 1741 3646 1821 Ἀγκυρωτῷ
3700 1743 3856 1822 διαρ-

462 1831 665 1908 aitque
687 1849 706 1889 :
739 1855 760 1884 ι·
788 1829 927 1892 Νοη
943 1849 1002 1891 es
1022 1831 1307 1892 mentitus
1328 1831 1806 1904 hominibus,sed
1846 1830 1967 1894 Deo
1986 1830 2068 1891 62.
2082 1855 2110 1886 ι

461 1919 629 2001 Ergo
655 1921 817 1982 Deus
844 1939 919 1983 ea:
943 1919 1123 1982 Patre
1149 1928 1207 1982 et
1230 1919 1398 1982 Filio
1423 1919 1717 1998 Spiritus,
1745 1923 1844 1983 eui
1872 1923 2118 1984 mentiti

457 2010 740 2088 sunt,qui
759 2015 1153 2088 seposuerant
1181 2007 1296 2070 sibi
1325 2008 1397 2070 de
1419 2011 1643 2088 pretio.
1669 2007 2115 2089 ltem,Spiritus

456 2105 706 2158 sanctus
726 2115 804 2159 ea;
829 2097 1016 2160 Patre
1044 2105 1105 2159 et
1130 2096 1286 2159 Filio
1319 2099 1532 2160 tertius
1577 2098 2010 2176 appellatione.
2043 2096 2114 2158 Et

457 2185 656 2247 multis
692 2185 1065 2265 interjectis:
1100 2185 1385 2264 Utereque
1415 2186 1724 2249 inhabitat
1767 2189 1834 2247 in
1872 2187 2114 2249 homine

442 2275 636 2354 justo,
672 2275 950 2338 Christus
978 2281 1032 2338 et
1063 2274 1330 2354 Spiritus
1361 2277 1576 2353 ipsius.
1605 2275 1674 2336 Si
1706 2292 1845 2337 vero
1893 2276 2111 2339 Chris-

453 2370 550 2426 tus
579 2381 658 2426 επ
677 2363 860 2426 Patre
883 2364 1153 2426 creditur
1188 2363 1345 2425 Deus
1371 2381 1449 2426 ex
1482 2366 1630 2435 Deo,
1657 2373 1712 2425 et
1741 2363 2016 2444 Spiritus
2037 2382 2111 2426 ex

458 2452 722 2527 Christo,
759 2460 866 2515 aut
913 2470 989 2514 ea:
1019 2459 1291 2530 utroque,
1337 2460 1403 2514 ut
1452 2451 1729 2514 Christus
1775 2455 2104 2518 insinuat:

459 2563 484 2599 ε
518 2539 643 2617 Qui
667 2558 746 2602 ex
793 2541 980 2603 Patre
1003 2542 1295 2621 procedit,
1325 2541 1394 2590 63
1421 2564 1442 2597 ι
1480 2548 1537 2604 et
1571 2557 1589 2602 :
1631 2566 1656 2595 α
1690 2541 1807 2604 Hie
1849 2543 1929 2604 de
1971 2561 2104 2606 meo

451 2629 830 2709 accipiet“.-
867 2627 990 2691 Hoc
1022 2648 1256 2710 quoque
1287 2630 1507 2692 dictum
1532 2629 1592 2690 in
1623 2629 1976 2710 quibusdam
1995 2651 2103 2694 vo-

450 2718 781 2782 luminibus
813 2717 1222 2780 fraudulenter
1251 2719 1329 2780 ita
1360 2727 1665 2781 exaratum
1701 2728 1792 2780 est
1823 2740 1836 2782 :
1870 2720 1942 2784 Si
1960 2741 2103 2786 vero

451 2808 733 2872 Christus
754 2828 836 2872 ea:
857 2809 1101 2890 Spiritu
1130 2810 1406 2872 creditur
1434 2809 1595 2871 Deus
1619 2827 1695 2872 ea:
1727 2809 1933 2879 Deo.et
1955 2814 2099 2892 Spi-

2196 1822 2360 1902 ῥήδην
2417 1827 2503 1882 καὶ
2583 1830 2785 1904 τρανῶς
2863 1829 3140 1908 φθέγγεται
3176 1846 3190 1860 ’
3255 1833 3424 1898 Φησὶν
3495 1834 3582 1888 οὖν
3641 1835 3669 1889 ὁ
3737 1856 3856 1907 μα-

2196 1913 2376 1990 κάριος
2448 1913 2643 1992 Πέτρος
2699 1929 2816 1978 τοῖς
2895 1919 3013 1992 περὶ
3071 1919 3161 1974 τὸν
3251 1915 3514 1999 Ἀνανίαν,
3583 1943 3610 1974 ι
3655 1923 3716 1979 Τί
3770 1921 3857 1978 ὅτι

2195 2000 2466 2080 ἐπείρασεν
2535 2004 2671 2077 ὑμᾶς
2728 2007 2756 2060 6
2815 2012 3055 2070 Σατανᾶς
3121 2008 3410 2082 ψεύσασθαι
3488 2011 3549 2066 τὸ
3635 2016 3857 2085 Πνεῦμα

2195 2092 2256 2146 1:6
2312 2091 2513 2168 ἅγιονς
2563 2115 2590 2146 ι
2659 2094 2754 2176 Κ-αὶ
2812 2116 2996 2175 φησιν,
3055 2116 3084 2155 (
3152 2098 3258 2154 Οῦκ
3299 2097 3553 2176 ἀνθρώπῳ
3614 2097 3853 2174 ἐψεύσω,

2199 2177 2335 2235 ἀλλὰ
2395 2187 2533 2252 Θεῳ.
2601 2203 2628 2236 ι
2695 2172 2842 2262 υΑρα
2901 2185 3030 2248 Θεὸς
3098 2183 3158 2240 ἐκ
3229 2172 3430 2261 Πατρός
3486 2188 3576 2242 καὶ
3630 2172 3753 2246 rio-5
3793 2172 3857 2244 τῦ

2194 2274 2431 2344 Πνεῦμα,
2519 2273 2565 2344 ᾧ
2665 2270 2952 2347 ἐψεύσαντο
3039 2275 3086 2330 οἱ
3183 2274 3289 2330 ἀπὸ
3371 2281 3465 2330 ¹ιοῦ
3548 2278 3858 2350 τιμήματος

2192 2359 2594 2438 νοσφισάμενοι.
2670 2362 2766 2418 Καὶ
2851 2361 2997 2426 αὖθις
3031 2377 3046 2392 ⁸
3135 2364 3208 2421 T6
3272 2370 3484 2439 Πνεῦμα
3555 2366 3616 2420 τὸ
3697 2365 3856 2443 ἅγιον

2189 2449 2251 2504 kx
2305 2453 2398 2502 τοῦ
2455 2450 2659 2527 Πατρός
2728 2453 2819 2506 καὶ
2877 2459 2970 2509 τοῦ
3021 2453 3144 2510 Υίοῦ
3220 2452 3392 2531 τρίτον
3443 2457 3510 2528 τῇ
3562 2453 3848 2528 ὀνομασίᾳ,

2187 2537 2286 2593 Καὶ
2329 2537 2464 2612 μετὰ
2522 2535 2697 2594 πολλὰ
2754 2537 2913 2595 πάλιν
2940 2556 2954 2570 ⁶
3018 2537 3318 2621 Ἀμφοτέρα
3374 2554 3616 2598 κατοικεῖ
3667 2541 3722 2596 ἐν
3765 2550 3849 2617 τῷ

2186 2625 2445 2704 ἀνθρώπῳ
2512 2633 2591 2700 τῷ
2675 2624 2881 2707 δικαίῳ,
2942 2631 2970 2684 6
3030 2632 3252 2708 Χριστὸς
3323 2632 3412 2686 καὶ
3493 2631 3554 2686 τὸ
3625 2636 3845 2707 Πνεῦμα

2227 2715 2240 2735 ν
2314 2722 2338 2732 ν
2495 2716 2509 2735 9
2573 2714 2616 2736 ἢκ
2862 2719 2876 2736 \
3201 2721 3223 2731 ε’
3465 2741 3484 2753 ρ
3707 2721 3719 2740 Ι

2185 2735 2362 2772 αυτου.
2453 2723 2512 2772 Ει
2567 2733 2622 2771 οε
2695 2723 2917 2795 Χριστος
3000 2717 3061 2774 ἐκ
3135 2741 3226 2775 του
3281 2721 3483 2798 Πατρὸ,
3539 2741 3843 2777 πιστεύεται

2187 2806 2316 2869 Θεὸς
2388 2803 2449 2860 ἐκ
2520 2811 2674 2877 Θεοῦ,
2737 2808 2824 2862 καὶ
2880 2808 2943 2863 τὸ
3008 2813 3222 2884 Πνεῦμα
3296 2807 3356 2864 ἐκ
3424 2815 3518 2865 τοῦ
3587 2809 3841 2908 Χριστοῦ,

2184 2892 2220 2960 ἢ
2277 2892 2402 2973 παρ’
2461 2894 2795 2974 ἀμ’ροτέρων,
2881 2897 2955 2960 ὣς
3043 2918 3200 2976 φησιν
3260 2899 3289 2953 6
3347 2900 3592 2976 Χριστὸς,
3675 2917 3704 2956 (
3761 2890 3842 2956 U0

449 2898 612 2958 ritus
628 2915 704 2958 e1:
722 2897 1106 2972 Christo,aut
1129 2915 1204 2959 ea:
1218 2897 1571 2978 utroque.Et
1599 2897 1758 2960 fraus
1791 2900 2104 2963 manifesta

2184 2983 2326 3062 παρὰ
2379 2993 2474 3041 τοῦ
2558 2985 2758 3063 Πατρός
2823 2987 3188 3064 ὶκπορεύεται,
3275 3008 3304 3040 ι
3363 2987 3473 3056 καὶ,
3563 3013 3586 3044 σ
3673 2985 3842 3052 Οὗτος

447 2985 1386 3067 est,etcuicunquedeprebensu
1419 2987 1663 3049 minime
1692 2987 2101 3072 diiticilis,non
2184 2985 2326 3072 τιαρά
2379 2993 2474 3041 τοῦ
2558 2985 2758 3063 Πατρός
2823 2987 3188 3066 ὶκπορεύεται,

449 3084 674 3138 tantum
701 3075 858 3157 quod
887 3075 1131 3137 omnino
1151 3075 1518 3157 inopinabile
1542 3089 1629 3138 est
1648 3075 1942 3140 Christum
1966 3097 2099 3142 esse

2196 3071 2245 3126 ἐκ
2295 3078 2386 3127 τοῦ
2443 3075 2573 3147 ἐμοῦ
2627 3072 2882 3149 λήψεται.
2933 3098 2960 3130 ι
3001 3077 3097 3133 Καὶ
3145 3078 3206 3131 τὸ
3252 3077 3338 3130 νῦν
3365 3082 3520 3132 τοῦτο
3575 3075 3736 3154 ῥητὸν
3785 3076 3844 3132 ἐν

447 3183 518 3226 ex
547 3164 933 3244 Spiritu,cum
995 3183 1172 3226 nemo
1231 3167 1495 3227 omnium
1556 3185 1692 3228 vere
1733 3166 1792 3228 ii
1823 3168 2096 3247 opinatus

2196 3158 2378 3225 Ξίϐλοις
2435 3163 2566 3218 τισὶν
2625 3161 2838 3242 εἴρηται
2895 3165 3200 3243 κακούργως
3279 3166 3470 3221 ούτωσὶ
3538 3167 3784 3240 κείμενον
3821 3181 3838 3195 ⁶

443 3253 641 3328 fuerit,
678 3254 783 3316 sed
817 3254 974 3335 quod
1005 3255 1258 3316 alterum
1289 3255 1362 3317 ab
1396 3255 1582 3318 altero
1617 3273 1752 3318 esse
1783 3255 2093 3318 absurdis-

2196 3251 2236 3306 Εἰ
2318 3247 2372 3304 δὲ
2457 3252 2682 3329 Χριστὸς
2794 3252 2856 3309 ἐκ
2966 3255 3059 3310 τοῦ
3143 3254 3446 3329 Πνεύματος
3528 3255 3837 3311 πιστεύεται

443 3341 657 3403 simum
690 3343 955 3404 omnium
989 3352 1318 3424 reputatur.
1355 3343 1622 3418 Quonam
1691 3363 1832 3406 vero
1865 3345 1922 3408 in
1959 3345 2089 3408 loco

2196 3341 2304 3403 986::
2372 3342 2435 3396 ὲκ
2509 3348 2661 3415 Θεοῦ,
2721 3343 2808 3424 καὶ
2863 3344 2924 3399 τὸ
2984 3345 3194 3419 Πνεῦμα
3251 3343 3313 3399 ἐκ
3365 3346 3458 3400 τοῦ
3500 3350 3746 3424 Χριστοῦ,
3795 3344 3834 3412 ἢ

444 3431 740 3513 quispiam
772 3431 1035 3512 posuerit
1056 3433 1211 3512 quod
1243 3433 1383 3496 inde
1413 3437 1606 3496 oritur
1655 3434 1918 3496 malum?
1948 3433 2087 3498 Haec

2196 3425 2294 3507 παρ’
2354 3429 2686 3510 ἀμφοτέρων,
2758 3423 2819 3487 Ἠ
2884 3429 2940 3487 δὲ
2983 3433 3269 3512 κακουργία
3320 3433 3515 3513 σαφὴς,
3560 3433 3648 3489 καὶ
3705 3423 3832 3497 τοῖς

442 3519 738 3601 siquidem
788 3521 1016 3582 ratione
1067 3529 1128 3582 et
1183 3521 1441 3601 Spiritus
1487 3542 1557 3584 ex
1605 3525 1926 3601 semetipso
1957 3543 2088 3586 esse

2196 3523 2327 3574 πᾶσιν
2388 3519 2712 3601 εὗφώρατος,
2771 3525 2873 3601 ούχ
2915 3520 2997 3578 ὅτι
3055 3524 3144 3579 καὶ
3199 3524 3361 3598 μόνον
3420 3521 3596 3589 ἄδοξον
3627 3521 3830 3586 ὁλικῶς

442 3608 946 3688 deprehendetur.
983 3608 1290 3680 Quomodo
1311 3615 1338 3670 ?
1379 3610 1522 3672 Cum
1555 3610 1760 3672 beatus
1790 3611 2035 3674 dixisset
2069 3631 2082 3675 :

2196 3609 2230 3662 :6
2285 3609 2573 3687 τυγχάνειν
2619 3612 2709 3666 τὸν
2770 3613 2990 3690 Χριστὸν
3061 3611 3121 3667 ἐκ
3161 3619 3254 3668 τοῦ
3297 3613 3624 3687 Πνεύματος,
3671 3613 3826 3668 ἐπεί-

441 3705 495 3758 et
545 3699 816 3776 Spiritus
847 3715 924 3759 ea:
957 3696 1601 3778 Christo,postmodum
1633 3698 1908 3760 ocissime
1939 3700 2086 3762 sub-

2196 3717 2270 3774 ιερ
2327 3695 2491 3760 0636i:
2535 3704 2640 3753 τῶν
2684 3699 2895 3755 πάντῶν
2937 3702 3011 3763 ὡς
3063 3699 3301 3774 ἀληθῶς,
3347 3699 3492 3764 ὅστις
3532 3702 3674 3756 τουτὶ
3725 3722 3830 3757 το-

441 3784 792 3847 intulitzaut
822 3803 898 3849 ea:
947 3786 1299 3865 utroque.Si
1331 3787 1528 3867 itaque
1559 3787 1644 3848 sic
1687 3785 1771 3847 ibi
1813 3787 2089 3865 habetur,

2196 3786 2421 3864 ιαράπαν
2485 3785 2752 3861 ἐδόξασεν,
2811 3785 2930 3844 ἀλλ’
2978 3787 3058 3845 ὅτι
3113 3791 3199 3846 καὶ
3241 3792 3303 3846 τὸ
3333 3787 3508 3845 τελεῖν
3537 3789 3588 3854 ἐξ
3645 3787 3829 3859 ἀλλή-

440 3873 718 3936 Christus
737 3873 1325 3954 exSpiritu,non,ex
1352 3875 1724 3955 Patre,quod
1740 3875 1881 3938 inde
1896 3877 2095 3957 sequi-

2196 3894 2280 3927 ιων
2351 3871 2484 3928 αὐτὰ
2567 3879 2670 3930 τῶν
2755 3874 3218 3955 παραλογωτάτων
3273 3877 3447 3944 πάντη
3504 3875 3828 3944 καθέστηκε,

443 3971 538 4024 tur
574 3963 830 4042 colligat,
894 3962 1236 4045 quicunque
1293 3984 1451 4026 nunc
1522 3965 1648 4026 haec
1699 3965 1886 4027 audit.
1949 3965 2092 4039 Quis

2196 3966 2282 4016 Ιοῦ
2338 3958 2392 4016 δὲ
2435 3982 2516 4026 τις
2567 3968 2655 4019 καὶ
2707 3965 2856 4034 θήσει
2917 3965 2979 4020 τὸ
3035 3965 3397 4045 ἀναφυόμενον
3441 3965 3674 4024 ἐντεῦθεν
3716 3988 3830 4021 κα-

440 4061 757 4132 propterea
783 4071 924 4114 usus
951 4053 1130 4115 fuerit
1151 4053 1504 4132 evangelicae
1525 4053 1857 4136 divinaeque
1877 4055 2091 4118 dictio-

2196 4050 2317 4125 ιόν;
2375 4053 2448 4110 T6
2507 4051 2718 4128 Πνεῦμα
2782 4054 2881 4132 γὰρ
2939 4053 3073 4110 οὕτω
3115 4057 3201 4111 καὶ
3243 4054 3297 4120 ἒξ
3355 4054 3513 4112 αὖτοῦ
3555 4057 3829 4134 τυγχάνον

437 4141 736 4222 nis,quam
771 4142 965 4204 statim
993 4141 1054 4203 in
1089 4142 1496 4204 testimonium
1531 4143 1834 4206 adducens
1891 4144 2084 4224 appli-

2196 4141 2483 4209 ›ανήσεται.
2543 4147 2712 4218 Πῶς;
2777 4135 2835 4200 ιΟ
2893 4146 3149 4224 μακάριος
3225 4143 3389 4211 οὕτως
3446 4146 3631 4222 εἰπὼν,
3726 4149 3832 4204 Καὶ

437 4229 803 4306 cat,dicens:
831 4229 904 4293 Ut
927 4233 1015 4293 ait
1035 4230 1310 4294 Christus
1342 4249 1361 4292 :
1393 4257 1419 4287 α
1447 4231 1628 4308 Quia
1661 4235 1846 4295 Patre
1871 4251 2085 4313 proce-

2196 4230 2230 4284 ὸ
2303 4236 2514 4314 Πνεῦμα
2569 4230 2630 4286 ἐκ
2683 4241 2774 4290 τοῦ
2833 4241 3073 4312 Υριστοῦ,
3137 4235 3450 4313 μεθύστερον
3506 4235 3580 4296 ὡς
3621 4235 3822 4314 τάχος,

435 4319 526 4381 dit
566 4322 632 4380 9»
691 4318 1138 4401 Supervacanea
1199 4337 1440 4398 prorsus
1497 4328 1586 4382 est
1630 4328 1688 4382 et
1730 4308 2114 4402 incongrua,

2196 4323 2203 4386 ;
2269 4308 2395 4398 παρ’
2436 4320 2770 4400 ἀμφοτέρων,
2829 4308 3147 4402 ἐπήγαγενξ
3196 4324 3255 4380 Εἰ
3309 4308 3431 4402 γοῦν
3487 4323 3651 4387 ιῦτως
3692 4308 3828 4381 inst

437 4405 574 4470 Huic
599 4383 858 4470 absur'da
885 4407 1088 4469 omnia
1117 4383 1276 4472 dicto
1308 4409 1633 4488 contigere,
1669 4409 1822 4489 quod
1858 4383 2082 4472 inimu;
2108 4383 2114 4432 ¹

2196 4383 2356 4463 Latrat.
2403 4383 2730 4488 Xp‘t0.tt‘)€.lx
2757 4383 2880 4468 ’τοῦ
2938 4383 3261 4487 Πνέύματος,
3309 4383 3403 4469 όύκ
3446 4413 3507 4468 ἐκ
3553 4411 3645 4469 τοῦ
3700 4418 3823 4469 Πα-

436 4505 557 4558 tum
590 4497 668 4559 sit
697 4499 842 4560 illud
873 4516 978 4561 :ea
1007 4497 1210 4569 Patre,
1240 4499 1298 4560 in
1330 4499 1475 4559 illud
1512 4520 1525 4562 :
1563 4517 1640 4560 ea:
1666 4500 1929 4580 Spiritu.
1955 4499 2084 4563 Un-

2199 4497 2312 4574 ρὸς,
2344 4498 2611 4575 ωναγὲτω
2667 4502 2728 4556 τὸ
2785 4500 2905 4566 ἑξῆς
2963 4503 3056 4557 τοῦ
3110 4499 3272 4579 λόγου
3317 4508 3421 4565 πᾶς
3453 4503 3481 4557 6
3510 4507 3674 4558 ταῦτα
3731 4508 3820 4558 νῦν

435 4585 647 4649 denam
680 4602 846 4658 vero,
885 4595 941 4648 et
971 4605 1004 4648 a
1036 4586 1254 4667 quibus
1311 4587 1371 4648 id
1425 4588 1641 4649 factum
1686 4589 1818 4649 est?
1847 4607 1965 4650 non
1998 4597 2087 4650 est

2196 4586 2528 4664 κροώμενος.
2589 4590 2719 4646 Ποία
2790 4588 2842 4645 δὲ
2895 4593 3093 4670 χρῆσις
3142 4589 3238 4645 καὶ
3295 4595 3392 4657 τῆς
3461 4588 3822 4668 εῦαγγελικῆς

434 4693 469 4737 a
521 4674 694 4738 nobis
757 4675 1246 4737 discernendum.
1307 4676 1678 4738 Manifestum
1743 4677 1904 4738 enim
1967 4687 2077 4752 est,

2196 4676 2253 4731 ,αἱ
2336 4677 2474 4740 θείας
2561 4683 2768 4756 φωνῆς,
2845 4677 3011 4754 ἤνπερ
3092 4680 3344 4759 παρευθὺς
3403 4680 3475 4741 εἰς
3535 4679 3823 4757 μαρτυρίαν

431 4763 506 4826 ab
536 4763 891 4826 adversariis
923 4765 1171 4844 hujusce
1205 4784 1363 4828 nunc
1392 4766 1781 4827 demonstrati
1829 4766 2080 4847 dogma-

2196 4763 2442 4848 ερολαὸὼν
2524 4769 2716 4838 τίθησι,
2807 4767 3001 4847 λέγων,
3087 4761 3180 4832 Ὠς
3238 4791 3400 4848 φησιν
3465 4771 3494 4824 ὁ
3565 4771 3820 4847 Χριστὸς,

433 4851 507 4914 tis
551 4853 768 4916 factum
816 4853 1024 4922 fuisse,
1059 4857 1214 4934 quod
1270 4856 1506 4934 quidcm
1540 4845 2076 4930 facillimumvfuit,

2237 4845 2293 4914 Ὀ
2375 4857 2516 4924 παρὰ
2597 4859 2693 4913 τοῦ
2775 4845 2979 4937 Πατρὸς
3030 4845 3424 4936 ἒκπορεύνεταις
3483 4887 3505 4918 s
3583 4845 3822 4936 Περισσὴ

432 4940 612 5004 unius
641 4941 1118 5004 soliuslitterulaa
1175 4942 1586 5006 immutatione
1637 4951 1695 5004 et
1733 4943 2077 5004 variatione.

2196 4941 2374 5008 :aiv'tooc
2456 4943 2618 5018 ἐστὶν,
2686 4943 2915 5008 οῦδόλως
2996 4944 3266 5025 ἁρμόδιος.
3327 4943 3495 5003 Ἀλλὰ
3536 4943 3700 5000 ταῦτα
3750 4946 3822 5002 τὰ

431 5031 808 5111 Propositum
869 5049 1031 5112 vero,
1081 5032 1237 5112 quod
1290 5051 1425 5093 cum
1487 5033 1657 5094 nobis
1713 5032 2079 5093 credendum

2198 5053 2339 5088 τοπα
2397 5032 2568 5089 πάντα
2633 5031 2932 5108 συμϐέϐηκε
3001 5037 3078 5110 τῷ
3132 5037 3353 5110 τοιούτῳ
3398 5035 3565 5113 ῥητῷ,
3611 5031 3696 5088 διὰ
3753 5037 3819 5093 τ’)

432 5136 551 5180 non
583 5128 760 5194 esset,
790 5120 870 5181 ita
892 5137 994 5180 eos
1023 5138 1058 5181 a
1087 5129 1250 5182 recto
1282 5121 1555 5201 dogmate
1585 5120 1971 5194 cxcidisse,ut
1983 5120 2081 5201 pie

2196 5119 2556 5190 ,εταϐληθῆναι
2607 5125 2668 5178 τὸ
2726 5123 2786 5179 ἐκ
2843 5125 3046 5203 Πατρὸς
3109 5125 3183 5187 εἰς
3253 5127 3313 5181 τὸ
3385 5127 3448 5181 ὲκ
3500 5130 3594 5181 τοῦ
3643 5125 3818 5181 una-

431 5213 726 5285 tenerent,
787 5210 1082 5272 Christum
1141 5229 1209 5271 ex
1263 5209 1486 5291 Spiritu
1518 5228 1672 5286 esse,
1723 5209 1972 5272 fortasse
2001 5209 2077 5271 ob

2196 5229 2351 5272 ατος.
2426 5212 2590 5267 Πόθεν
2646 5210 2700 5266 δὲ
2780 5219 2933 5270 τοῦτο
3001 5213 3189 5292 γέγαθε
3247 5215 3334 5271 καὶ
3390 5216 3532 5292 παρὰ
3599 5214 3812 5290 rivus»;

430 5295 584 5357 hanc
637 5297 908 5358 eamdem
957 5297 1246 5360 rationem
1299 5314 1359 5360 et
1403 5298 1562 5379 quod
1612 5297 1909 5380 reliquum
1942 5306 2072 5370 est,

2196 5319 2349 5354 κιστα
2400 5313 2623 5356 σκοπεῖν
2679 5302 2952 5376 προσῆκον
3028 5304 3196 5379 ἡμᾶς.
3275 5301 3506 5372 Εὔδηλον
3564 5305 3665 5384 γὰρ
3736 5306 3815 5370 ὡς

430 5395 728 5464 nempe,et
750 5387 1020 5465 Spiritus
1039 5404 1117 5450 ea:
1141 5386 1495 5470 Christn,uti
1523 5406 1642 5449 non
1674 5385 1826 5448 bene
1847 5386 2073 5449 dictum

2196 5388 2288 5462 ’ρὸς
2329 5391 2435 5445 τῶν
2490 5387 2758 5464 πολεμίων
2801 5397 2896 5447 τοῦ
2953 5392 3079 5461 παρ’
3121 5394 3277 5470 ἡμῶν
3331 5392 3666 5470 δεικνυμένου
3724 5402 3814 5454 νῦν

503 5543 560 5595 ϐί
592 5543 724 5610 Act.
754 5563 814 5619 v,
847 5545 906 5608 3.
990 5546 1052 5596 ϐ’
1079 5543 1228 5611 ibid.
1275 5549 1335 5614 4.
1419 5547 1485 5599 6³
1510 5547 1685 5613 Joan.
1716 5563 1820 5624 xv,
1852 5547 1952 5610 26.
2038 5546 2104 5599 64

2196 5565 2311 5611 ιδῃ.
2344 5564 2461 5626 xvr,
2502 5549 2596 5612 14.
