4176 6290
555 305 708 371 1215

1681 295 2201 368 ΟΟΝΒΤΑΝΤΙΝΙ
2245 295 2796 369 ΜΕΕΙΤΕΝΙΟΤΞ

3768 306 3912 374 1216

539 446 716 521 verc‘q
725 435 966 502 ueDcus
979 446 1069 502 est
1082 457 1223 511 ,non
1239 435 1598 505 alienum.et
1620 435 1988 516 disjunctum
2007 449 2188 501 essen-

2281 433 2445 500 οὕτως
2503 435 2720 517 εἴρηκεν
2755 453 2770 469 ⁶
2819 437 3016 496 Οὐκοῦν
3072 439 3144 502 ὼς
3201 438 3335 504 εἶδὸς
3392 441 3457 497 τὰ
3498 439 3553 497 ἐν
3623 447 3690 519 τῇ
3723 441 3921 518 βουλη-

541 527 775 590 tialiter
798 529 876 591 ab
907 526 1024 590 illo
1047 527 1358 609 Spiritum
1381 525 1818 607 accipiens,sed
1838 545 1973 588 cum
2002 528 2111 607 qui
2125 544 2200 588 ea:

543 619 672 697 ipso
701 623 757 680 et
780 619 844 679 in
866 618 993 698 ipso
1024 625 1134 698 est,
1161 625 1221 679 et
1252 615 1566 696 proprium
1596 615 1872 696 ipsius,et
1902 614 2198 696 aqualem

541 723 678 769 cum
718 707 823 768 illo
864 708 1334 768 dominationem
1365 703 1793 784 possidentem.
1830 702 1951 766 Hac
1983 704 2192 766 eadem

543 794 811 856 oratione
839 794 1139 857 Hermiam
1171 794 1510 875 alloquens,
1544 792 1690 854 dicit
1723 815 1735 856 :
1770 793 1984 874 Itaque
2002 795 2195 856 sinon

546 891 901 952 estsanctus
931 890 1157 945 natura
1180 881 1590 963 Spiritns,qui
1611 883 1672 944 in
1689 883 1860 944 nobis
1875 879 2197 962 e8t,dicant

543 971 841 1053 illi.quam
854 971 955 1033 ille
967 973 1164 1052 igitur
1175 981 1461 1034 naturam
1481 973 1731 1035 sortitus
1747 978 1908 1041 est.et
1917 973 1972 1034 si
1982 971 2197 1034 nolunt

542 1057 636 1120 illi
653 1067 924 1122 sanctam
944 1060 1453 1135 tribuere,annon
1472 1059 1604 1122 illis
1622 1060 1816 1122 sermo
1838 1062 1904 1121 in
1925 1058 2196 1140 blasphe-

544 1149 759 1230 miam,
792 1167 924 1228 quae
981 1150 1171 1212 vitari
1232 1166 1356 1212 non
1410 1149 1645 1229 poterit,
1679 1147 2000 1211 concidet?
2029 1147 2099 1210 Et
2122 1167 2192 1210 eo

544 1238 994 1317 respondente:
1043 1237 1301 1300 Videtur.
1352 1238 1514 1300 Illud
1569 1236 1968 1300 nihilominus
2020 1239 2195 1301 aiunt

549 1327 860 1388 Christum
889 1328 962 1390 dc
991 1344 1058 1389 eo
1087 1326 1338 1389 dixisse:
1373 1327 1493 1388 «De
1524 1345 1654 1389 meo
1687 1328 1972 1407 accipiet,
1997 1333 2052 1390 et
2076 1346 2193 1390 an-

544 1415 860 1477 nuntiabit
890 1415 1056 1478 vobis
1073 1414 1189 1475 67.:
1204 1416 1547 1497 Participat
1570 1417 2196 1497 itaque,ait,Spiritus

547 1502 787 1564 Filium
809 1506 840 1564 ?
869 1502 1077 1567 Statim
1111 1513 1348 1566 sanctus
1397 1504 1691 1566 subinfert
1722 1523 1736 1568 :
1767 1503 2190 1587 Nequaquam,

550 1593 802 1654 minime
821 1593 1246 1673 gentium.Qui
1270 1593 1431 1655 enim
1459 1611 1534 1656 cx
1562 1599 1692 1673 ipso
1721 1602 1828 1667 est,
1852 1602 1914 1657 et
1954 1595 2017 1656 in
2039 1601 2188 1675 ipso,

545 1687 604 1740 et
618 1682 902 1760 proprius
919 1682 1436 1762 ipsius,quomodo
1455 1699 1726 1762 unquam
1746 1681 1914 1744 illum
1934 1687 2188 1764 partici-

541 1770 741 1848 pabit?
751 1779 805 1830 et
817 1788 986 1850 aeque
998 1789 1069 1833 ac
1079 1777 1404 1834 extraneas
1418 1771 1671 1834 relative
1681 1771 2186 1854 sanctiﬁcabitur,

2280 543 2368 608 cei
2438 532 2532 581 τοῦ
2612 531 2938 604 Μονογενοῦς
3022 527 3195 583 πάντα
3262 529 3398 602 ἡμῖν
3471 528 3784 608 ἀναγγέλλει
3863 531 3920 586 τὸ

2282 606 2514 690 Πνεῦμα,
2601 619 2696 674 οὒκ
2777 615 2837 672 ἐκ
2906 617 3185 692 μαθήσεως
3284 615 3416 698 ἕχον
3513 606 3633 687 τὴν.
3693 617 3916 693 εἴδησιν,

2278 703 2368 756 ’ἱνα
2451 703 2528 778 μὴ
2638 705 2887 782 φαίνηται
2974 701 3216 761 διακόνου
3315 703 3460 772 τάξιν
3560 706 3914 785 ἀποπληροῦν,

2278 787 2399 846 ἀλλ’
2489 793 2562 855 ὡς
2660 800 2873 868 Πνεῦμα
2958 794 3136 867 αὐτοῦ,
3232 797 3318 850 καὶ
3406 792 3539 860 εἶδὸς
3638 795 3916 857 ἀδιδάκτως

2277 879 2448 936 πάντα
2503 882 2568 938 τὰ
2624 881 2674 947 ἐξ
2746 882 2827 962 οῦ,
2874 882 2962 938 καὶ
3005 883 3059 938 ἓν
3117 883 3260 962 ᾧπέρ
3304 883 3464 940 ἐστιν.
3515 886 3675 947 Οὗτος
3731 885 3819 940 καὶ
3870 884 3918 940 ἐν

2275 974 2352 1042 τῷ
2408 971 2537 1048 πρὸς
2615 961 2857 1051 Ἑρμείαν
2925 969 3134 1046 ἑϐδόμῳ
3199 961 3345 1051 λόγῳ
3414 983 3577 1033 ταῦτα
3640 971 3914 1046 διαλαϐὼν,

2278 1057 2374 1113 Καὶ
2429 1066 2554 1135 γοῦν
2642 1062 2670 1116 δ
2727 1059 2936 1141 ¹Κύριος
2997 1061 3152 1135 ἡμῶν
3228 1061 3432 1128 Ἰησοῦς
3507 1063 3728 1141 Χριστὸς
3814 1065 3919 1140 περὶ

2274 1148 2493 1223 παντὸς,
2585 1139 2766 1228 οἶμαι,
2825 1155 3014 1206 πιστοῦ
3095 1170 3154 1206 τε
3223 1154 3309 1207 καὶ
3385 1139 3604 1229 ἀγαθοῦ.
3667 1174 3696 1206 α
3741 1139 3917 1210 Ἐλεο-

2275 1235 2494 1311 σόμεθα,
2574 1239 2754 1317 φησὶν,
2837 1237 2945 1316 ἐγὼ
3038 1240 3126 1296 καὶ
3211 1241 3239 1296 ὁ
3309 1240 3517 1318 Πατὴρ,
3588 1241 3675 1296 καὶ
3761 1240 3918 1315 μονὴν

2274 1325 2400 1402 παρ’
2450 1327 2592 1400 αὖτῴ
2671 1326 3027 1402 ποιησόμεθα.
3063 1350 3091 1382 ι
3185 1329 3282 1386 Καὶ
3358 1327 3414 1384 ’έν
3471 1349 3533 1406 γε
3603 1328 3772 1403 τούτῳ
3837 1351 3918 1405 γι-

2276 1413 2551 1489 νώσκομεν
2633 1415 2714 1472 ὅτι
2799 1413 2853 1470 ἐν
2935 1417 3072 1491 ἡμῖν
3130 1415 3272 1473 ἐστιν
3329 1417 3390 1474 ἐκ
3445 1424 3536 1474 τοῦ
3599 1417 3915 1493 Πνεύματος,

2275 1504 2336 1558 οῦ
2406 1501 2597 1560 ἔδωκεν
2655 1505 2814 1580 ἡμῖν.
2879 1493 3132 1562 ’Ἐνοικον
3205 1507 3305 1585 γὰρ
3375 1508 3462 1562 καὶ
3545 1505 3917 1580 ἐνηυλισμένον

2273 1591 2662 1660 καταπλουτείη
2750 1614 2830 1659 τις
2927 1592 2989 1648 ἂν
3065 1600 3133 1671 τῇ
3223 1595 3373 1676 φύσει
3447 1615 3503 1650 τε
3560 1597 3647 1650 καὶ
3718 1593 3916 1660 ἀληθῶς

2273 1680 2398 1738 ὅντα
2468 1684 2621 1763 Θεὸν,
2706 1683 2802 1739 οὒκ
2899 1681 3177 1762 ἀλλότριόν
3253 1704 3300 1740 τι
3374 1684 3462 1740 καὶ
3546 1681 3917 1759 διεσπασμένον

2274 1768 2538 1835 οὖσιωδῶς
2621 1770 2778 1828 αῦτοῖῖ
2846 1773 2907 1827 τὸ
2993 1777 3204 1848 Πνεῦμα
3284 1769 3486 1851 λαϐὼν,
3543 1770 3679 1828 ἄλλα
3737 1774 3798 1828 τὸ
3870 1774 3918 1842 ἐξ

545 1862 604 1918 et
633 1856 864 1920 alienus
885 1868 1116 1921 natura
1140 1862 1266 1922 erit
1293 1860 1368 1922 ab
1400 1859 1524 1940 illo,
1555 1862 1726 1937 cuius
1751 1865 2046 1942 proprius
2066 1881 2188 1926 esse

2276 1863 2432 1918 αὒτοῦ
2499 1881 2557 1915 τε
2611 1861 2699 1916 καὶ
2768 1859 2822 1916 ἐν
2887 1859 3029 1936 αῦτῷ
3106 1862 3193 1917 καὶ
3251 1856 3385 1918 ἴδιον
3442 1863 3619 1936 αὑτοῦ,
3695 1861 3786 1918 καὶ
3831 1861 3918 1928 τὴν

544 1945 795 2010 dicitur?
810 1948 912 2010 His
933 1948 1152 2012 similia
1173 1967 1348 2030 quam
1381 1947 1633 2029 plurima
1653 1947 1984 2012 decernens
2004 1969 2190 2014 \ene-

547 2034 752 2098 rabilis
783 2037 1032 2119 Cyrillus
1061 2038 1120 2100 in
1138 2039 1259 2100 suis
1284 2037 1742 2122 Commentariis
1771 2041 2195 2122 enuntiat,qua3

545 2123 819 2187 omniain
851 2144 1032 2189 unum
1059 2145 1380 2208 congerere
1409 2125 1816 2188 difﬁcillimum
1861 2128 2035 2210 plane
2060 2128 2186 2190 fue-

547 2212 645 2276 rit.
685 2213 1052 2296 Quapropter
1083 2215 1158 2278 de
1181 2217 1307 2297 jam
1361 2215 1653 2297 oppositis
1708 2217 1849 2278 solis
1880 2225 2196 2280 contentus

543 2301 603 2363 in
637 2305 937 2386 prasenti,
969 2305 1045 2365 ad
1071 2304 1515 2368 sanctissimum
1547 2307 1924 2366 Anastasium
1946 2307 2191 2376 accedo,

545 2391 645 2471 qui
668 2391 743 2454 de
766 2400 1063 2454 rectorum
1095 2393 1432 2472 dogmatum
1466 2391 1708 2454 veritate
1734 2395 2060 2456 secundum
2086 2414 2195 2457 nos

542 2479 872 2560 disputans,
910 2481 1363 2544 manifestisime
1391 2489 1449 2544 et
1479 2480 1669 2562 palam
1701 2482 1828 2562 ipse
1852 2502 2087 2565 quoque
2117 2483 2193 2546 de

543 2565 764 2648 Spiritu
797 2571 1140 2649 pronuntiat
1173 2590 1186 2631 :
1223 2569 1639 2634 Nihilominus
1689 2570 1990 2633 Dominus
2018 2590 2096 2635 ex
2122 2591 2186 2635 se

540 2656 674 2734 ipso
696 2660 1013 2721 ostendens
1044 2659 1218 2722 illum
1246 2659 1722 2737 esse,insuf[lans
1749 2659 2070 2740 discipulis
2084 2660 2186 2722 di-

541 2744 754 2808 cebat:
794 2773 817 2804 ι
848 2747 1121 2828 Accipite
1167 2749 1475 2826 Spiritum
1529 2755 1801 2809 sanctum
1821 2746 1906 2812 68.
1945 2773 1969 2806 υ
2005 2749 2055 2811 Α
2102 2757 2188 2811 tot

544 2833 837 2915 tantisque
867 2854 901 2896 a
931 2837 1052 2898 Deo
1086 2836 1308 2899 edoctis
1328 2835 1624 2905 Pati-ibus.
1651 2845 1737 2897 tot
1765 2835 1985 2899 inlocis
2015 2845 2074 2898 et
2106 2837 2186 2900 ita

541 2930 810 3003 patenter
838 2923 1121 3006 Spiritum
1144 2932 1410 2988 sanctum
1439 2926 1612 2988 etiam
1634 2943 1702 2987 ex
1717 2924 1866 2987 Filio
1889 2927 2188 3008 propriam

541 3011 946 3076 exsistentiam
977 3015 1196 3078 habere
1229 3016 1504 3078 traditum
1536 3024 1644 3078 est.

2275 1947 2404 2015 ἴσην
2461 1950 2534 2013 ὡς
2607 1950 2737 2028 πρὸς
2808 1950 2933 2006 αὐτὸ
2988 1951 3271 2031 κυριότητα
3340 1959 3547 2031 φοροῦν.
3614 1949 3708 2008 Ἔν
3765 1951 3921 2025 τούτῳ

2276 2038 2413 2094 κατᾶ
2468 2036 2691 2103 διάλεξιν
2736 2040 2800 2095 αὖ
2841 2040 2973 2118 πρὸς
3020 2029 3110 2095 τὸν
3156 2029 3682 2118 Ἐρμείανδιέξεισιν
3718 2055 3734 2068 ⁸
3790 2044 3917 2098 Οὔκ·

2277 2130 2365 2185 οῦν
2431 2127 2476 2183 εἷ
2548 2128 2624 2202 μή
2684 2127 2822 2184 ἐστιν
2892 2127 3044 2207 ἅγιον
3130 2129 3277 2208 φύσει
3335 2130 3396 2185 τὸ
3457 2134 3669 2203 Πνεῦμα
3739 2129 3801 2184 τὸ
3872 2126 3919 2183 ἐν

2279 2218 2438 2296 ἡμῖν,
2529 2217 2829 2296 φραζόντων
2921 2213 3138 2292 ἐκεῖνοι,
3223 2217 3337 2273 τίνα
3420 2213 3485 2286 δὴ
3564 2214 3665 2296 ἂρα
3747 2216 3920 2274 λοιπὸν

2278 2303 2699 2382 ἆπεκληρώσατο
2782 2304 2957 2384 φύσιν,
3059 2308 3147 2361 καὶ
3243 2307 3287 2360 εἰ
3358 2306 3434 2381 μὴ
3501 2305 3780 2382 βούλοιντο
3832 2308 3918 2373 τὴν

2276 2393 2429 2471 ἁγίαν
2498 2392 2786 2468 ἀπονέμειν
2855 2396 3017 2467 αὐτῷ,
3105 2393 3190 2474 ἆρ’
3275 2393 3396 2474 οὗχὶ
3463 2395 3636 2462 πάντη
3704 2416 3764 2451 τε
3842 2395 3918 2449 καὶ

2273 2482 2485 2545 πάντως
2570 2479 3050 2538 ἆποκινδυνεόσειεν
3159 2481 3223 2538 ἂν
3331 2483 3518 2548 αὐτοῖς
3601 2485 3676 2548 εἷς
3776 2482 3916 2540 ἀδιά-

2271 2593 2466 2649 φυκτον
2524 2569 2820 2653 δυσφημίαν
2904 2571 2932 2627 δ
3014 2569 3222 2650 λόγοςς
3282 2578 3385 2629 Τοῦ
3441 2570 3495 2627 δὲ
3565 2571 3917 2653 ἀποκριναμέ-

2270 2681 2362 2717 νου
2403 2661 2487 2734 τὸ,
2551 2650 2770 2719 ”Εοικε.
2829 2657 2977 2727 Πλὴν
3021 2658 3196 2716 ἐκεῖνό
3253 2681 3434 2740 φησιν,
3489 2659 3569 2716 ὅτι
3615 2661 3642 2717 ὁ
3704 2650 3916 2741 Χριστὸς

2270 2747 2370 2828 ἔφη
2451 2749 2568 2827 περὶ
2647 2747 2825 2828 αῦτοῦ,
2909 2767 2938 2802 α
2985 2746 3082 2806 Ἐκ
3163 2758 3257 2808 τοῦ
3330 2747 3460 2824 ἐμοῦ
3515 2748 3774 2825 λήψεται,
3839 2760 3916 2814 καὶ

2269 2837 2558 2918 ἀναγγελεῖ
2647 2838 2799 2912 ὑμῖν.
2898 2859 2922 2894 ι
3025 2837 3272 2917 Μέτοχον
3354 2838 3440 2896 οῦν
3499 2837 3598 2918 ἄρα
3685 2844 3812 2920 φασὶ
3863 2842 3915 2897 τὸ

2272 2933 2486 3009 Πνεῦμα
2543 2932 2635 2983 τοῦ
2706 2925 2873 3005 Υίοῦς
2940 2927 3076 2982 κατὰ
3154 2927 3321 3006 τάχος
3380 2929 3408 2983 ὁ
3464 2926 3614 3007 ἅγιος
3687 2928 3912 3009 ἐπάγων,

2276 3006 2518 3075 ’Ἡκιστα
2571 3037 2656 3092 γε,
2724 3016 2872 3095 φησὶ,
2934 3014 3131 3072 πολλοῦ
3171 3037 3256 3095 γε,
3301 3016 3485 3096 οἶμαι,
3517 3006 3629 3073 καὶ
3682 3006 3817 3082 δεῖ.-
3851 3028 3914 3082 Τὸ

539 3106 638 3184 γὰρ
696 3103 748 3172 ἐξ
818 3106 977 3166 αὐτοῦ
1032 3129 1090 3163 τε
1133 3109 1219 3164 καὶ
1287 3107 1340 3163 ἐν
1396 3107 1559 3181 αὒτῷ,
1617 3107 1703 3162 καὶ
1763 3104 1900 3163 ἴδιον
1956 3105 2136 3180 αὐτοῦ,
2196 3110 2311 3171 πῶς
2397 3104 2458 3161 ἂν
2531 3107 2687 3164 αὐτοῦ
2742 3103 3039 3184 μεταλάχοι
3102 3105 3341 3179 πώποτε,
3403 3108 3490 3162 καὶ
3531 3106 3588 3162 ἐν
3641 3105 3752 3180 ἴσῳ
3806 3123 3915 3175 τοῖς

539 3195 751 3272 θύραθεν
809 3204 1074 3277 σχετικῶς
1131 3199 1428 3276 ἁγιάζοιτο,
1520 3198 1606 3253 καὶ
1663 3195 1937 3276 ἀλλότριον
2018 3196 2164 3253 ἔσται
2243 3196 2379 3254 κατὰ
2449 3195 2623 3276 φύσιν,
2739 3197 2796 3250 οὗ
2865 3196 2950 3251 καὶ
3007 3192 3142 3250 ἴδιον
3199 3195 3340 3250 εἶναι
3399 3193 3662 3274 λέγεταις
3740 3196 3910 3254 Πολλὰ

537 3294 755 3344 τοιαῦτα
823 3285 1084 3366 θεολογῶν
1151 3287 1402 3368 Κύριλλος
1459 3290 1486 3344 ὃ
1555 3288 1746 3350 σεπτὸς
1819 3285 1873 3341 ἐν
1944 3287 2348 3364 συγγράμμασιν
2421 3285 2576 3341 αὐτοῦ
2633 3280 2895 3362 διαφόροις
2963 3286 3224 3351 ἓκτιθησι.
3279 3285 3350 3342 Τὸ
3406 3292 3568 3342 ταῦτα
3624 3284 3680 3342 δὲ
3753 3288 3913 3344 πάντα

539 3388 857 3453 συναγαγεῖν
912 3383 1130 3456 πρᾶγμα
1189 3377 1382 3452 κομιδῆ
1465 3375 1900 3458 δυσχερέστατον.
1966 3377 2057 3432 Διὸ
2127 3377 2215 3432 καὶ
2286 3387 2402 3438 τοῖς
2464 3375 2702 3444 ῥηθεῖσιν
2773 3373 3093 3451 ἀρκούμενος
3178 3373 3360 3448 μόνοις
3419 3377 3550 3453 πρὸς
3607 3377 3671 3431 τὸ
3730 3379 3911 3455 παρὸν,

537 3462 622 3520 ἐπὶ
671 3467 761 3522 τὸν
808 3466 863 3522 ἐν
914 3455 1080 3544 ἁγίοις
1125 3467 1334 3543 μέτειμι
1393 3455 1596 3523 πολὸνγ⁷
1632 3455 1998 3534 Ἀναστάσιον,
2060 3463 2205 3530 ὅστις
2263 3465 2383 3543 περὶ
2440 3470 2546 3520 τῶν
2578 3462 2688 3519 καθ’
2734 3463 2878 3537 ἡμᾶς
2947 3467 3046 3529 τῆς
3104 3461 3349 3530 ἀληθείας
3407 3463 3571 3542 όρθῶν
3640 3462 3914 3544 δογμάτων

535 3551 820 3633 θεολογῶν,
881 3554 1018 3612 οὕτω
1086 3555 1385 3637 σαφέστατα
1457 3557 1542 3611 καὶ
1587 3553 1868 3632 διαῤῥήδην
1937 3555 2024 3610 καὶ
2098 3553 2252 3628 αὐτὸς
2323 3556 2435 3609 εἱπε
2496 3553 2614 3631 περὶ
2669 3559 2761 3609 τοῦ
2833 3552 3157 3626 Πνεύματος⁸
3207 3553 3305 3609 Καὶ
3373 3552 3484 3627 μὴν
3539 3554 3568 3609 δ
3628 3554 3814 3634 Κύριος
3868 3551 3915 3618 ἐξ

533 3643 719 3698 ἑαυτοῦ
773 3641 972 3707 δεικνὺς
1036 3646 1160 3704 αὐτὸ
1239 3645 1521 3724 ὑπάρχειν,
1606 3645 1853 3723 ἐμφυσῶν
1923 3656 2041 3706 τοῖς
2127 3646 2400 3717 μαθηταῖς
2511 3639 2685 3720 ἔλεγε,
2771 3661 2796 3696 ι
2872 3638 3070 3697 Λάϐετε
3133 3641 3344 3716 Πνεῦμα
3409 3640 3582 3719 ἅγιον,
3646 3666 3677 3697 ι
3775 3643 3912 3718 Παρᾶ

532 3731 794 3787 τοσούτων
863 3731 1060 3801 ἂνδρῶν
1113 3733 1380 3812 θεοσόφων
1432 3732 1516 3788 ἐπὶ
1570 3733 1839 3794 τοσούτοις
1901 3752 1956 3786 τε
2023 3729 2227 3811 λὸγοις,
2272 3733 2360 3788 καὶ
2405 3730 2572 3793 οὕτως
2638 3727 2930 3810 ἀναφανδὸν
2983 3731 3043 3785 τὸ
3100 3735 3312 3805 Πνεῦμα
3366 3733 3427 3787 τὸ
3472 3731 3625 3810 ἂγιον
3683 3731 3788 3789 κᾶκ
3827 3738 3912 3788 τοῦ

545 3822 661 3875 Υἱοῦ
715 3821 814 3888 τὴν
858 3822 1050 3878 οἰκείαν
1105 3819 1320 3898 ὕπαρξιν
1377 3821 1525 3901 ἔχειν
1581 3820 1986 3900 τεθεολόγηται.

613 3905 713 3968 29.
740 3907 1016 3970 Attamen
1047 3928 1182 3970 cum
1213 3908 1372 3971 dicta
1387 3899 1625 3984 similia,
1653 3899 2183 3983 utiaddecet,aﬂ‘e-

2346 3899 2448 3968 κδ’.
2512 3907 2660 3976 Πλὴν
2714 3909 2803 3966 καὶ
2851 3909 2954 3965 τῶν
3010 3909 3215 3986 ῥήσεων
3263 3909 3484 3982 τούτων,
3538 3911 3610 3977 ὡς
3661 3913 3725 3969 τὸ
3755 3912 3908 3985 εἰκὸς,

531 4005 735 4058 rantur
765 3997 841 4059 ad
871 3997 1065 4060 simile
1107 3997 1321 4075 dogma
1369 3991 1876 4060 corroborandum
1909 4005 1968 4059 et
2010 3997 2184 4079 plane

2271 3997 2565 4078 λεγομένων
2626 3999 2762 4073 ἡμῖν
2806 3998 2879 4061 εἰς
2927 3995 3208 4073 βεϐαίωσιν
3271 3999 3364 4054 τοῦ
3417 4000 3658 4057 τοιούτου
3714 3997 3912 4078 δόγμα·-

534 4086 1033 4163 contirmandum,
1094 4106 1228 4149 cum
1280 4095 1603 4168 oporteret,
1655 4088 1793 4149 licet
1827 4107 1942 4150 non
1973 4095 2178 4168 antea,

533 4175 743 4238 saltem
773 4175 834 4237 in
877 4176 1198 4257 przesenlia
1248 4175 1577 4256 morigeros
1621 4177 1844 4240 habere
1895 4191 2024 4251 nos,
2079 4179 2180 4256 qui

529 4264 604 4326 ad
637 4265 763 4328 haec
794 4283 980 4346 usque
1034 4273 1299 4345 tempora
1353 4266 1725 4328 contentiose
1773 4265 1920 4328 illud
1965 4265 2178 4328 adver-

532 4358 640 4416 sati
675 4362 831 4436 sunt,
865 4373 1000 4417 cum
1050 4355 1193 4416 nihil
1227 4353 1484 4418 habeant
1513 4363 1789 4418 accurata
1821 4355 2176 4435 cogitatione

531 4451 589 4506 et
609 4444 982 4506 considerato
1014 4443 1262 4506 consilio
1295 4443 1734 4526 dignum,quod
1769 4453 1942 4506 tantae
1971 4445 2178 4506 verita-

533 4534 573 4594 ti
604 4533 1324 4615 opponant,niliilominus
1345 4534 1650 4597 molestius
1680 4533 1965 4596 exhibere
1987 4552 2175 4613 nego-

530 4621 697 4697 tium,
733 4621 912 4703 inque
943 4641 1051 4684 nos
1094 4621 1411 4685 violentius
1459 4630 1742 4706 appetere
1773 4622 2069 4685 videntur.
2105 4623 2178 4686 Et

2263 4109 2352 4151 τος
2403 4089 2491 4144 καὶ
2534 4084 2781 4166 λαμπρὰν
2837 4085 3116 4160 πίστωσιν,
3162 4083 3302 4166 δέον,
3349 4087 3392 4142 εί
3441 4089 3529 4143 καὶ
3586 4089 3668 4165 μὴ
3723 4089 3912 4168 πρότε-

2261 4198 2376 4255 ρον,
2434 4176 2579 4251 ὅμως
2638 4177 2972 4237 καταπείθεῖς
3031 4176 3102 4238 εἷς
3173 4173 3320 4255 δεῦρο
3376 4174 3561 4234 λαϐεῖν
3619 4179 3745 4240 τοὺς
3790 4177 3908 4256 πρὸς

2261 4265 2386 4322 αὐτὸ
2457 4264 2622 4345 μέχρι
2671 4270 2766 4321 τοῦ
2844 4263 3101 4343 παρόντος
3159 4263 3430 4342 ἐριστικῶς
3500 4263 3905 4339 ἀντιϐαίνοντας,

2259 4353 2350 4411 ἅτε
2408 4353 2573 4430 μηδὲν
2628 4352 2767 4418 ὅλως
2813 4366 3060 4432 γενναῖον
3111 4351 3336 4434 ἔχοντας
3379 4356 3509 4434 πρὸς
3565 4355 3766 4424 ταύτην
3819 4355 3908 4421 τὴν

2260 4443 2509 4514 ἀλήθειαν
2587 4442 2882 4523 ἀντειπεῖν,
2952 4440 3338 4520 λελογισμὲνης
3415 4465 3473 4498 τε
3527 4440 3764 4510 διανοίας
3829 4443 3906 4498 καὶ

2259 4534 2444 4614 φρενὸς
2518 4529 2981 4610 ωντετηρημένης
3041 4529 3276 4596 ἐπάξιον.
3321 4534 3382 4590 Οἱ
3433 4531 3488 4588 δὲ
3540 4534 3629 4589 καὶ
3685 4532 3905 4609 μάλιστα

2259 4621 2498 4681 δοκοῦσιν
2563 4619 2907 4700 ἰσχυρότερον
2979 4618 3251 4700 ἐνοχλεῖν,
3331 4622 3419 4677 καὶ
3503 4643 3565 4702 γε
3622 4623 3904 4699 βιαιότερον

2257 4712 2388 4790 πρὸς
2431 4713 2573 4785 ἡμᾶς
2629 4711 2863 4766 ἐντεῦθεν
2894 4707 3188 4766 ἐνίστασθαι
3223 4727 3238 4742 ⁸
3293 4711 3381 4768 καὶ
3435 4711 3513 4776 τίς
3555 4717 3663 4767 τῶν
3723 4708 3902 4775 διαλη-

2257 4802 2506 4880 φθέντων,
2570 4799 2883 4879 φάσκοντες,
2949 4798 3220 4879 Πατὲρων,
3277 4801 3353 4856 ὧν
3403 4803 3454 4856 αἱ
3512 4799 3728 4864 πλείους
3796 4793 3902 4857 κατ’

527 4888 856 4969 procedere
880 4893 1058 4954 etiam
1085 4911 1155 4954 ex
1171 4893 1320 4955 Filio
1343 4892 1626 4973 SpiritUm
1658 4889 2172 4967 sanctum,8altem

2271 4889 2511 4967 ἐξαίρετον
2594 4888 2821 4966 χρήσεις
2917 4889 3065 4961 εἰσὶν,
3155 4887 3522 4968 ἐκπορεύεσθαι
3641 4890 3748 4948 κᾶκ
3822 4892 3903 4944 τοῦ

531 4979 592 5040 in
623 4997 741 5041 uno
774 4998 846 5042 ex
896 4979 1112 5044 iisdem
1163 4982 1446 5055 decrevit,
1482 4983 1638 5064 quod
1672 5000 1850 5062 quam
1885 4978 2175 5062 prapriis-

2271 4979 2379 5034 Γίοῦ
2447 4979 2508 5034 τὸ
2551 4981 2764 5050 Πνεῦμα
2815 4978 2875 5032 τὸ
2931 4975 3084 5056 ἅγιον
3141 4975 3193 5033 ἐν
3247 4983 3344 5054 μιᾶ
3375 4978 3570 5036 τούτων
3599 4985 3726 5058 γοῦν
3770 4977 3904 5054 ἐδογ-

524 5067 676 5129 sime
732 5067 1133 5132 exsistentiam
1191 5069 1444 5151 Spiritus
1500 5062 1856 5152 signiﬁcat?
1910 5068 2000 5132 Ad
2064 5067 2177 5130 hoc

2271 5067 2500 5146 ιάτισεν,
2559 5064 2687 5144 ὅπερ
2737 5062 2802 5132 δὴ
2850 5067 2938 5121 καὶ
2982 5067 3172 5142 κυρίως
3217 5068 3543 5143 σημαντικόν
3584 5068 3685 5137 τῆς
3739 5067 3901 5145 ὑπάρ-

530 5158 964 5238 respondemus
1008 5159 1262 5241 primum
1294 5160 1556 5242 quidem,
1585 5161 1738 5243 quod
1760 5159 1819 5221 in
1852 5155 2036 5240 priori
2065 5173 2175 5218 no—

2271 5155 2387 5221 Ξεως
2449 5154 2559 5211 ἐστι
2618 5160 2709 5211 τοῦ
2765 5153 3116 5229 Πνεῦματοςς
3165 5158 3301 5236 Πρὸς
3341 5163 3497 5213 τοῦτο
3525 5178 3699 5238 φαμεν
3730 5160 3901 5234 πρῶτα

526 5229 650 5308 ειτό
696 5229 1124 5312 commentario
1164 5267 1198 5311 a
1247 5229 1420 5313 ndbis
1470 5229 1802 5331 expositum
1852 5229 1952 5310 ἐει
1985 5263 1998 5308 :
2035 5245 2178 5307 Esse

2271 5246 2356 5301 αὲν
2400 5246 2574 5302 ἐκεῖνο
2630 5245 2692 5302 τὸ
2750 5242 2939 5324 λεχθὲν
2995 5245 3094 5302 κᾶν
3125 5253 3202 5321 τῷ
3231 5249 3333 5326 πρὸ
3375 5229 3557 5304 τούτου
3587 5247 3900 5326 συντάγματι

525 5333 775 5398 verbum
836 5339 1032 5420 potius
1091 5339 1493 5402 exsistentiam
1554 5338 1736 5401 divini
1772 5333 2176 5415 adorandique

2271 5335 2384 5415 παρ’
2441 5334 2621 5414 ἡμῶν,
2696 5331 2777 5390 ὅτι
2827 5334 2888 5389 τὸ
2949 5332 3061 5392 ἐστὶ
3130 5336 3276 5414 ῥῆμα
3334 5334 3496 5404 δηλοῖ
3549 5334 3758 5412 μᾶλλον
3814 5334 3902 5400 τήν

524 5421 779 5504 Spiritus
857 5427 1188 5504 denotare,
1263 5429 1745 5512 quandoquidem
1830 5426 1976 5488 illud
2035 5442 2173 5486 ver-

2271 5422 2474 5503 ἷπαρξιν
2529 5429 2620 5481 τοῦ
2677 5421 2813 5481 θείου
2863 5423 2950 5479 καὶ
3006 5430 3370 5501 προσκυνητοῦ
3401 5427 3706 5501 Πνεύματος
3731 5441 3748 5458 ⁶
3804 5423 3898 5479 ἐπε

3883 5552 3900 5604 ὶ

529 4710 684 4792 quis,
715 4710 1014 4792 inquiunt,
1046 4731 1114 4774 ex
1145 4713 1262 4792 iam
1297 4713 1560 4793 allegatis
1590 4711 1888 4786 Patribus,
1923 4731 2175 4794 quorum

532 4799 903 4880 potissimum
950 4802 1160 4882 majori
1198 4822 1268 4865 ex
1313 4813 1476 4884 parte
1524 4803 1680 4865 dicta
1726 4802 1959 4881 digesta
2013 4809 2172 4882 sunt,

602 5580 666 5633 07
693 5584 862 5647 Joan.
896 5603 1014 5664 xw,
1049 5589 1150 5651 14.
1233 5589 1299 5641 68
1336 5591 1509 5652 Joan.
1541 5608 1642 5666 xx,
1698 5590 1800 5653 29.
