4208 6290
507 379 663 446 1219
1641 371 2162 441 CONSTAN'HNI
2203 374 2751 442 MELITENIOTE
3735 371 3895 438 1290

505 515 781 596 accipiet.
821 538 844 572 ιι
874 515 948 577 Et
977 515 1102 575 hazc
1123 511 1362 594 quidem
1392 508 1747 571 venerabilis
1764 507 2153 590 Epiphanius.

2240 522 2331 566 κεῖ
2385 509 2443 567 ἐν
2496 518 2574 585 τῷ
2642 511 2900 592 ἀνθρώπῳ
2953 517 3031 587 τῷ
3071 509 3276 588 δικαίῳ,
3337 514 3366 569 ὁ
3434 511 3659 591 Χριστὸς
3706 509 3889 566 καὶτὸ

505 604 586 666 At
617 623 752 666 vero
812 622 950 665 vere
977 600 1346 664 admin-bilis
1399 599 1668 680 Cyrillus,
1704 599 1762 658 in
1823 607 2066 659 tractatu
2096 598 2158 659 in

2242 599 2454 676 Πνεῦμα
2524 601 2714 666 αὐτοῦ.
2782 602 2839 659 Εἰ
2915 599 2970 657 δὲ
3054 603 3276 681 Χριστὸς
3359 604 3421 659 ἐκ
3507 607 3600 658 τεῦ
3681 599 3887 673 Πατρδς

505 693 791 755 Joannem
825 691 1272 771 evangelistam,
1307 707 1483 770 quem
1526 687 1626 749 ille
1667 685 1853 768 probe
1882 688 2155 749 elabora-

2239 690 2535 747 πιστεύεται
2607 692 2737 756 Θεὸς
2797 689 2861 750 ἐκ
2913 697 3066 771 Θεοῦ,
3127 691 3215 748 καὶ
3272 691 3332 747 τὸ
3391 696 3606 765 Πνεῦμα
3659 690 3723 744 ἐκ
3787 693 3887 742 τοῦ

503 781 586 842 vit
614 781 673 842 in
704 780 1076 842 credentium
1109 778 1517 853 commodum,
1541 776 1603 837 in
1633 774 1777 837 illud
1806 793 1819 839 :
1862 797 1885 831 ε
1920 775 2032 838 Ille
2060 794 2156 838 me

2238 785 2483 861 Χριστοῦ,
2515 779 2550 848 ἢ
2593 780 2720 859 παρ’
2777 779 3118 861 ἀμφοτέρων,
3187 782 3261 842 ὡς
3318 781 3475 861 φησὶν
3534 781 3562 836 δ
3632 777 3880 856 Χριστὸς,

501 869 1047 951 gloriﬁcabit,quod
1059 868 1129 930 de
1145 885 1274 929 meo
1295 866 1572 943 accipiet,
1589 891 1610 918 ι»
1635 865 1898 925 divinum
1925 864 2147 926 dictum

2243 886 2271 925 (
2361 857 2438 926 ΗΟ
2535 857 2681 947 παρὰ.
2767 857 2880 925 τοῦ*
2926 857 3128 948 Πατρός
3213 857 3572 948 ἐκπορεύεται,
3653 889 3680 920 ε
3765 865 3873 938 καὶ,

503 967 633 1038 post
686 957 972 1019 nonnulla
1006 957 1132 1018 haec
1163 955 1238 1017 de
1269 953 1490 1035 Spiritu
1534 953 1790 1034 profert:
1831 955 1982 1014 Cum
2011 971 2151 1014 vero

2239 979 2266 1010 α
2317 958 2477 1021 Οὗτος
2548 957 2609 1014 ἐκ
2661 963 2754 1015 τοῦ
2811 957 2941 1033 ἐμοῦ
2994 957 3250 1038 λήψεται.
3311 981 3346 1015 ι
3389 958 3488 1017 Καὶ
3557 962 3721 1012 ταῦτα
3776 953 3877 1028 μὲν

499 1037 1039 1109 consubstantiatis
1051 1046 1107 1107 si
1111 1054 1130 1106 t
1145 1045 1316 1106 Filio
1329 1052 1381 1106 et
1400 1043 1946 1123 progrediatur,uti
1963 1043 2150 1104 Deum

2233 1043 2538 1125 Ἐπιφάνιος
2609 1049 2638 1102 ὁ
2708 1048 2925 1111 σεπτός,
3005 1037 3062 1104 Ὀ
3121 1045 3175 1102 δὲ
3245 1067 3306 1126 γε
3357 1049 3647 1122 θαυμασιος
3705 1040 3872 1105 ὄντως

500 1135 744 1199 addecet
759 1153 874 1215 per
897 1138 1118 1215 ipsum,
1145 1151 1379 1196 omnem
1403 1130 1568 1192 illius
1590 1131 1770 1192 rebus
1785 1136 1849 1192 in.
1870 1129 2150 1193 omnibus

2234 1133 2486 1208 Κύριλλος
2541 1134 2595 1190 ἐν
2648 1141 2718 1212 τῇ
2797 1136 2930 1192 κατὰ
3006 1134 3256 1202 Ἰωάννην
3307 1136 3399 1191 τὸν
3476 1131 3873 1212 Εῦαγτελιστῆν

489 1227 983 1305 perfectissimam
1014 1225 1237 1285 habens
1267 1223 1676 1302 operationem
1717 1226 1775 1282 et
1829 1225 2142 1296 virtutem,

2227 1223 2558 1302 πραγματείᾳ
2626 1230 2696 1300 τῇ
2765 1221 2888 1303 παρ’
2974 1223 3129 1280 αὐτοῦ
3198 1222 3485 1299 πονηθείσῃ
3552 1220 3736 1283 καλῶς
3784 1220 3875 1276 καὶ

490 1322 816 1394 propterea
840 1320 970 1375 ait:
995 1313 1115 1375 «De
1138 1328 1276 1372 meo
1303 1311 1574 1389 accipiet.
1591 1309 1962 1372 aSubsistere
1983 1311 2145 1369 enim

2227 1313 2356 1390 πρὸς
2415 1311 2674 1392 ὠφέλειαν
2715 1313 2821 1369 τῶν
2889 1319 3091 1369 πιστῶν
3122 1313 3194 1375 εἰς
3244 1313 3329 1392 τὸ,
3385 1334 3414 1366 α
3477 1307 3718 1372 Ἐκεῖνος
3774 1306 3872 1382 ἐμὲ

493 1405 693 1483 ipsum
706 1403 1035 1464 secundum
1049 1401 1312 1480 seipsum
1334 1397 1642 1477 Spiritum
1669 1397 2144 1477 credimus,esse-

2227 1399 2451 1475 δοξάσει,
2497 1400 2578 1458 ὅτι
2631 1400 2692 1458 ἐκ
2744 1400 2836 1458 τοῦ
2878 1403 3008 1477 ἐμοῦ
3070 1400 3325 1476 λήψεται,
3375 1424 3402 1456 ι
3476 1402 3623 1456 θετον
3681 1398 3867 1474 ῥητὸν,

495 1482 860 1573 quei'evera,
876 1489 1034 1570 quod
1045 1498 1128 1550 est
1142 1495 1197 1550 et
1218 1487 1464 1549 dicitur.
1485 1485 1852 1549 Inexsistens
1874 1487 2034 1548 enim
2054 1488 2144 1546 in-

2224 1488 2358 1563 μετά
2385 1489 2501 1547 τινά
2529 1513 2689 1568 φησιν
2745 1487 2881 1546 οῦτω
2944 1491 3062 1569 περὶ
3117 1497 3209 1546 τοῦ
3255 1490 3584 1563 Πνεὺματοςο
3647 1482 3869 1553 Ἐπειδή

491 1580 866 1642 essentiaDei
875 1579 1166 1660 prodit,et
1175 1577 1570 1658 progreditur
1585 1593 1661 1638 ex
1682 1575 1994 1656 ipsa.Cum
2028 1594 2136 1635 an-

2222 1577 2275 1633 δὲ
2346 1579 2624 1653 ὃμοούσιόν
2677 1577 2735 1634 τέ
2799 1576 2908 1633 ἐστι
2989 1584 3066 1653 τῷ
3130 1579 3258 1652 Υἱῷ,
3337 1578 3425 1633 καὶ
3480 1576 3686 1654 πρόεισι
3742 1577 3867 1629 θεο-

494 1678 587 1731 tea
610 1668 705 1729 dix
718 1669 858 1730 isset
871 1669 944 1730 de
961 1665 1182 1747 Spiritu
1206 1687 1219 1729 :
1249 1663 2142 1744 Quandoquidemprogreditur

2220 1668 2434 1746 πρεπῶς
2492 1664 2559 1723 δι’
2616 1669 2773 1726 αὖτοῦ
2840 1672 3015 1723 πᾶσαν
3099 1668 3256 1725 αὺτοῦ
3334 1666 3435 1733 τὴν
3526 1663 3611 1745 ἐφ’
3702 1662 3867 1720 ἅπασι

486 1777 604 1839 per
639 1757 888 1831 Fiti-m,
919 1765 1235 1836 propterea
1255 1755 1400 1817 dicit
1417 1753 1713 1816 Dominus
1730 1759 1953 1826 noster,
1986 1777 2012 1807 α
2049 1751 2140 1814 De

2221 1755 2551 1822 τελεωτάτην
2609 1754 2740 1836 ἕχον
2827 1754 3090 1834 ἐνέργειαν
3165 1777 3224 1812 τε
3302 1755 3391 1811 καὶ
3486 1751 3728 1828 δύναμιν,
3786 1750 3870 1807 διὰ

491 1864 622 1908 meo
656 1844 1134 1926 accipiet,»illius
1159 1842 1432 1924 progredi
1467 1861 1573 1922 per
1589 1841 1802 1904 Filium
1815 1842 1970 1904 hanc
1985 1852 2140 1920 post-

2221 1846 2374 1903 τοῦτό
2443 1868 2606 1926 φησιν
2701 1842 2780 1900 ὅτι
2873 1865 2898 1900 ε
2990 1845 3087 1902 Ἐκ
3158 1849 3250 1901 τοῦ
3331 1846 3464 1918 ἐμοῦ
3518 1840 3777 1918 λήψεται.
3835 1864 3863 1896 ε

493 1936 734 1996 modum
748 1934 1152 2015 probationem
1168 1932 1466 1994 subnectit
1494 1949 1508 1994 :
1547 1929 1648 1994 Uti
1659 1933 2016 1993 inexsistens
2044 1948 2137 1992 es-

2222 1934 2534 2016 'l’cpeat!¢vat
2630 1933 2730 2012 γὰρ
2825 1935 2952 1991 αὐτὸ
3047 1930 3166 1989 καθ’
3257 1933 3412 1988 ἑαυτὸ
3504 1931 3567 1987 τὸ
3661 1936 3870 2003 Πνεῦμα

489 2026 789 2087 entiazDei
796 2020 1246 2104 prorsusexilla
1254 2022 1466 2102 prodit
1478 2017 2132 2101 etprogreditur,illud,

2219 2025 2557 2098 πιστεύομενο
2639 2023 2781 2078 εἶναί
2849 2043 2902 2078 τε
3011 2019 3130 2079 κατ’
3212 2019 3465 2090 ἀλήθειαν
3537 2021 3675 2076 τοῦθ·
3742 2019 3869 2095 ὅπερ

484 2130 596 2192 per
627 2113 870 2187 Filium,
897 2123 957 2174 et
989 2111 1155 2189 illud,
1179 2128 1256 2172 ex
1283 2111 1541 2172 essentia
1567 2108 1698 2182 Dei,
1725 2127 1958 2170 necnon
1983 2117 2039 2169 et
2059 2107 2131 2168 il-

2218 2106 2329 2168 ἔστι
2411 2133 2470 2167 τε
2551 2112 2640 2170 καὶ
2723 2109 2958 2189 λέγεται.
3049 2107 3382 2190 Ἐνυπάρχον
3467 2129 3528 2187 γε
3611 2109 3722 2184 μὴν
3802 2112 3869 2182 τῇ

489 2201 612 2276 Iud,
653 2226 678 2257 ι
704 2202 787 2264 De
809 2219 936 2262 meo
969 2201 1244 2278 accipiet,
1276 2221 1299 2255 ιι
1340 2201 1398 2258 in
1428 2197 1639 2262 eodem
1668 2197 1998 2276 signiﬁcatu
2030 2215 2128 2257 as-

2214 2199 2360 2273 οόσίᾳ
2426 2199 2518 2256 τοῦ
2590 2206 2722 2256 Θεοῦ
2813 2199 3100 2276 προκύπτει
3178 2219 3238 2255 τε
3321 2199 3410 2254 καὶ
3482 2195 3718 2274 πρόεισιν
3816 2194 3869 2259 ἐξ

484 2307 754 2365 sumens,
787 2289 846 2350 in
878 2289 996 2350 ﬁne
1025 2287 1274 2366 hujusce
1300 2285 1683 2366 expositionis
1713 2285 1930 2347 habet:
1958 2283 2132 2348 Nihil

2218 2288 2404 2355 αῦτῆς.
2464 2287 2654 2366 Πρώην
2723 2287 2883 2343 εἰπὼν
2942 2289 3099 2366 τπερὶ
3187 2291 3282 2343 τοῦ
3387 2285 3722 2363 Πνεύματος,
3787 2284 3857 2344 ὡς

477 2378 671 2456 igitur
686 2379 1025 2441 detrahitur
1041 2377 1534 2456 Spiritui,neque
1558 2376 1821 2436 conuitio
1841 2372 1974 2451 subj
1979 2380 2130 2448 acet,

2216 2378 2367 2435 Ἐπεὶ
2440 2376 2645 2455 πρόεισι
2714 2373 2799 2432 διὰ
2889 2378 2981 2432 τοῦ
3066 2378 3208 2450 Υἱοῦ,
3269 2372 3350 2430 διὰ
3422 2371 3577 2432 τοῦτό
3633 2394 3792 2453 φησιν
3836 2374 3864 2426 ὃ

479 2484 611 2529 cum
645 2469 920 2547 accipere
939 2466 1167 2528 dicitur
1192 2463 1268 2525 ab
1302 2461 1619 2542 Unigenito
1642 2464 1906 2542 Spiritus
1927 2462 2136 2536 illius;

2225 2467 2405 2545 Κύριος
2473 2464 2631 2541 ἡμῶν
2689 2464 2768 2521 ὅτι
2818 2487 2846 2521 e
2893 2463 2991 2522 Ἐκ
3042 2471 3135 2520 τοῦ
3207 2462 3336 2539 ἐμοῦ
3394 2461 3649 2538 λήψεται,
3688 2485 3714 2515 ι
3774 2466 3865 2516 τοῦ

477 2572 736 2634 namque
746 2573 883 2617 cum
897 2553 1702 2634 progrediaturnaturaliter
1715 2569 1829 2630 per
1844 2557 2139 2630 ipsum.ut

2222 2553 2464 2631 προϊέναι
2544 2551 2636 2609 διὰ
2680 2561 2780 2634 τοῦ
2836 2555 2956 2609 Υἱοῦ
3014 2559 3190 2628 τοῦτο,
3265 2552 3576 2629 μεθὺστερον
3633 2547 3863 2628 ἐπιφέρει

473 2633 763 2724 proprius
790 2646 844 2721 ej
851 2633 1086 2717 us,cum
1102 2640 1378 2703 omnibus
1398 2659 1532 2719 quce
1554 2640 1818 2702 absolute
1835 2639 2135 2717 habet,ac-

2221 2643 2574 2722 κατασκεύὴν,
2677 2633 2769 2705 Ὠς
2880 2641 3122 2720 ὑπάρχον
3199 2645 3270 2717 τῇ
3355 2639 3501 2713 οῦσίᾳ
3577 2645 3670 2695 τοῦ
3734 2643 3864 2695 Θεοῦ

478 2733 680 2812 cipere
707 2732 939 2794 dicitur
970 2748 1105 2811 quae
1131 2747 1245 2792 sua
1265 2736 1429 2791 sunt.
1471 2729 1566 2791 Ad
1598 2730 1723 2790 haec
1752 2727 1813 2790 in
1870 2729 2091 2790 dictum
2122 2760 2137 2802 ε

2223 2731 2432 2795 πάντως
2515 2730 2566 2797 ἐξ
2650 2733 2813 2798 αὐτῆς
2887 2731 3172 2810 προκύπτει
3268 2730 3357 2786 καὶ
3414 2728 3673 2806 πρόεισιν,
3744 2725 3861 2782 ἴσον

485 2845 505 2876 ι
545 2819 676 2882 Non
710 2821 866 2882 enim
912 2819 1189 2896 loquetur
1218 2819 1502 2898 aseipso,
1545 2844 1566 2873 ε
1606 2818 1731 2879 haec
1786 2817 1858 2878 ad
1892 2818 2138 2881 verbum

2222 2824 2283 2880 τὸ
2340 2820 2424 2882 διὰ
2490 2828 2584 2878 τοῦ
2654 2823 2770 2877 Υἱοῦ
2827 2819 3176 2896 κεκτημένος·
3249 2819 3341 2876 καὶ
3389 2819 3473 2891 τὸ,
3553 2838 3576 2873 ε
3653 2816 3716 2873 ἐκ
3769 2820 3863 2882 τῆς

477 2909 664 2986 magis
696 2908 1009 2970 manifeste
1031 2905 1336 2968 edisserit:
1368 2905 1702 2986 Propterea
1724 2905 1786 2968 id
1807 2905 2134 2976 adnexutt:

2224 2913 2398 2978 οἶισίας
2452 2932 2514 2990 γε
2568 2917 2660 2967 τοῦ
2717 2917 2868 2989 Θεοῦ,
2975 2931 3003 2963 ι
3092 2909 3365 2967 κάντεῦθεν
3429 2905 3721 2986 δεχόμενος
3791 2905 3860 2968 είς

481 3022 504 3057 σ
536 2999 776 3061 Futura
797 2995 1195 3058 annuntiabit
1217 2997 1404 3069 vobis,
1419 3015 1445 3054 ε
1473 2995 1633 3075 quod
1652 2997 1898 3058 omnino
1917 3013 1994 3058 ex
2010 3013 2142 3059 mea

2222 3002 2320 3069 τὴν
2363 2999 2525 3068 αῦτὴν
2581 2999 2808 3080 ἔννοιαν,
2851 2999 2939 3056 καὶ
2988 2998 3072 3072 τὸ,
3124 3020 3153 3053 ι
3219 2996 3313 3054 Ἐκ
3352 3003 3448 3054 τοῦ
3489 2994 3616 3072 ἐμοῦ
3684 2993 3861 3070 λήψε-

473 3089 735 3150 essentia
770 3085 1064 3165 Spiritus,
1088 3091 1143 3147 et
1165 3085 1338 3164 quasi
1354 3101 1524 3146 mens
1542 3101 1676 3145 mea
1697 3090 1806 3166 est,
1840 3085 1994 3164 quod
2015 3087 2135 3148 elo-

2221 3114 2331 3163 ται,
2397 3113 2421 3148 ε
2488 3088 2642 3169 Λέγει
2685 3087 2741 3145 δὲ
2793 3090 2925 3168 πρὸς
2970 3090 3032 3145 τὸ
3073 3086 3225 3152 τέλος
3255 3089 3320 3146 αὖ
3358 3087 3556 3154 ταὺτης
3605 3090 3707 3153 τῆς
3734 3082 3861 3150 ἐξηιο

474 3185 695 3258 quetur
724 3175 832 3239 ille
849 3173 1278 3254 futura,sicuti
1298 3179 1350 3236 et
1371 3190 1503 3252 ego.
1533 3172 1812 3254 Namque
1834 3182 2018 3237 antea
2040 3176 2136 3238 di-

2221 3182 2453 3260 γήσεωςο
2517 3178 2948 3257 Ἀκατηγόρητον
3043 3177 3131 3234 οὖν
3214 3175 3315 3256 ἂρα
3391 3173 3689 3254 παντελῶς,
3775 3174 3861 3229 καὶ

467 3268 579 3329 xi:
626 3288 648 3322 ε
685 3267 821 3328 Etsi
877 3281 999 3326 non
1038 3264 1289 3342 potestis
1316 3261 1445 3324 haec
1475 3269 1679 3326 omnia
1736 3263 2061 3328 addiscere.
2101 3284 2128 3325 ι

2213 3267 2475 3350 λοιδορίας
2546 3267 2758 3335 ἁπάσης
2811 3265 2909 3332 ἔξω
2991 3265 3244 3340 κείσεται,
3317 3266 3380 3322 τὸ
3457 3262 3644 3321 λαϐεῖν
3701 3260 3856 3340 λέγε-

471 3355 570 3419 Sic
604 3375 674 3418 ex
729 3371 872 3416 vooe
915 3353 1017 3413 illa
1069 3351 1328 3432 Domini,
1389 3350 1482 3415 De
1536 3369 1665 3415 meo
1720 3353 1998 3433 accipiet,
2036 3353 2132 3416 hic

2214 3359 2330 3416 σθαί
2408 3379 2460 3414 τι
2534 3357 2674 3436 παρὰ
2729 3378 2824 3414 του
2894 3361 3222 3434 Μονογενοῦς
3279 3356 3342 3411 τὸ
3412 3353 3624 3429 Πνεῦμα
3679 3353 3853 3409 αύτοῦ·

470 3462 708 3526 quoque
763 3447 1114 3521 argumenta
1143 3458 1407 3513 sumens,
1463 3442 1794 3517 conﬁrmat,
1829 3442 2005 3504 etiam
2059 3462 2129 3506 ex

2215 3448 2404 3524 προϊὸν
2460 3447 2559 3525 γὰρ
2629 3442 2700 3500 δι’
2770 3447 2928 3502 αὐτοῦ
2985 3447 3240 3524 φυσικῶς,
3313 3445 3388 3508 ὡς
3470 3440 3609 3499 ἴδιον
3702 3441 3857 3498 αὐτοῦ

467 3531 616 3595 Filio
641 3530 922 3613 Spiritum
950 3537 1217 3590 sanctum
1240 3528 1638 3591 exsistentiam
1662 3530 1883 3592 habere
1914 3552 1927 3594 :
1952 3532 2126 3594 aliam

2211 3538 2347 3614 μετὰ
2399 3536 2613 3594 πάντων
2680 3536 2756 3590 ὧν
2824 3532 2942 3614 ’ἔχει
3005 3533 3246 3610 τελείως,
3328 3530 3615 3609 λαμϐάνειν
3698 3528 3851 3607 λέγε-

466 3639 608 3683 vero
639 3638 718 3683 ex
745 3620 925 3682 Patre
941 3618 1287 3698 procedere,
1314 3617 1397 3678 uti
1427 3618 1830 3697 evangelicum
1857 3621 2127 3683 testimo-

2209 3649 2293 3683 ται
2335 3626 2401 3682 τὰ
2467 3627 2649 3684 αὒτοῦ.
2681 3624 2819 3699 Πρὸς
2876 3621 3078 3688 τούτοις
3121 3624 3197 3687 εἰς
3243 3623 3304 3679 τὸ
3363 3622 3525 3699 ῥητὸν
3579 3620 3664 3698 τὸ,
3715 3642 3744 3674 ι
3779 3616 3848 3676 Οῦ

468 3710 633 3771 nium
667 3707 853 3790 ponit,
885 3706 958 3768 ad
989 3705 1527 3794 ostendendume
1575 3725 1645 3769 eo
1675 3707 1962 3770 adorandi
1993 3709 2130 3791 Spi-

2207 3717 2307 3794 γαρ
2349 3711 2573 3784 λαλήσει
2629 3711 2720 3791 ἀφ’
2779 3712 2984 3786 ἑαυτοῦ,
3042 3735 3071 3766 ε
3133 3710 3297 3768 ταῦτα
3353 3730 3414 3789 γε
3485 3709 3594 3786 μὴν
3645 3705 3847 3773 διέξεισι

466 3797 618 3860 ritus
648 3797 903 3858 divinam
949 3793 1376 3858 exsistentiam.
1408 3792 1479 3856 Et
1535 3795 1674 3857 huic
1700 3795 2011 3859 Dominico
2036 3800 2127 3862 di-

2206 3792 2339 3879 πρὸς
2402 3801 2530 3865 ἔπος
2568 3798 2960 3881 ἀριδηλότερον
3010 3801 3108 3857 Διὰ
3161 3800 3261 3879 γὰρ
3331 3821 3410 3855 τοι
3481 3807 3634 3857 τοῦτο
3675 3819 3846 3876 προσ-

467 3895 560 3949 cto
595 3884 962 3948 adamussim
992 3882 1462 3964 correspondere
1489 3885 1831 3962 praecedens
1861 3885 2128 3949 Salvato-

2203 3893 2455 3967 τέθεικεν,
2543 3887 2624 3948 ὅτι
2724 3910 2754 3945 ε
2825 3890 2924 3947 Καὶ
3009 3890 3076 3945 τὰ
3183 3888 3451 3968 ἐρχόμενα
3562 3884 3848 3965 ἀναγγελεῖ

463 3976 547 4038 ris
576 3974 1103 4055 dictum,Spiritus
1122 3988 1339 4053 nempe
1363 3975 1727 4050 veritatis,et
1747 3974 1802 4034 id
1829 3973 1987 4036 idem
2012 3996 2121 4040 nec

2202 3983 2353 4057 ὑμῖν,
2427 3998 2460 4041 )
2537 3977 2618 4036 ὅτι
2676 3975 2742 4046 δὴ
2813 3978 3024 4044 πάντως
3083 3976 3143 4034 ἐκ
3197 3982 3296 4044 τῆς
3350 3977 3487 4053 ἐμῆς
3557 3977 3731 4038 οὖσίας
3788 3976 3848 4031 τὸ

465 4065 624 4128 aliud
657 4065 933 4139 innuere,
968 4060 1405 4142 sapientissime
1451 4061 1681 4142 probat,
1716 4068 2121 4128 tantummodo

2205 4069 2415 4146 Πνεῦμά
2480 4071 2619 4144 ἐστι,
2677 4068 2766 4124 καὶ
2848 4070 2965 4122 οἷον
3022 4067 3150 4142 ἐμός
3225 4069 3338 4122 ἐστι
3393 4066 3534 4146 νοῦς,
3596 4067 3659 4121 τὸ
3706 4064 3848 4144 ἐρεῖν

468 4152 828 4217 sententiam
860 4170 895 4214 a
919 4150 1090 4212 Patre
1118 4149 1179 4211 in
1212 4167 1524 4231 personam
1554 4149 1852 4230 Unlgeniti
1877 4155 2124 4218 transfe-

2204 4159 2358 4216 αὑτὸν
2413 4158 2482 4215 τὰ
2548 4156 2795 4236 ἐσόμενα,
2881 4156 3113 4233 καθάπερ
3165 4155 3296 4234 ἐγώ.
3375 4155 3672 4234 Προείρηκα
3725 4154 3843 4234 γὰρ,

447 4259 623 4328 rens.
656 4240 767 4303 Hic
797 4240 959 4301 enim
990 4237 1346 4328 veritasest.
1387 4239 1578 4311 Quare
1629 4239 1789 4305 illius
1818 4243 1993 4305 verba
2021 4243 2109 4306 in-

2209 4273 2238 4305 ε
2298 4249 2356 4306 Εἰ
2409 4247 2497 4305 καὶ
2552 4246 2631 4322 μὴ
2686 4241 2958 4312 δεδύνησθε
3011 4245 3184 4300 πάντα
3240 4247 3454 4320 μαθεῖν.
3488 4263 3518 4303 ι
3555 4245 3706 4302 Οῦτω
3732 4243 3848 4322 περὶ

467 4331 728 4394 medium
762 4330 1081 4408 adducam,
1115 4328 1177 4389 in
1208 4327 1394 4390 illud:
1443 4329 1594 4391 Cum
1642 4331 1843 4416 igitur
1891 4336 2123 4405 venerit

2203 4343 2323 4416 της,
2393 4337 2488 4397 Ἐκ
2582 4343 2674 4394 τοῦ
2743 4334 2873 4412 ἐμοῦ
2967 4335 3221 4412 λήψεται,
3280 4343 3372 4394 τοῦ
3429 4336 3617 4412 Κυρίου
3670 4342 3846 4412 φωνῆς

461 4419 840 4484 Paracletus.
871 4443 898 4474 ι
921 4418 1080 4481 Ecce
1100 4419 1286 4492 enim,
1317 4434 1447 4506 ecce
1466 4416 1764 4506 Spiritum
1793 4421 1947 4482 dicit
1966 4426 2123 4485 veri-

2203 4431 2290 4487 καὶ
2353 4430 2508 4492 οὗτος
2552 4421 2841 4506 διαλαϐὼν,
2900 4423 3043 4482 ἕ-.θεν
3112 4427 3428 4505 παρίστησιν
3475 4422 3557 4480 ὅτι
3598 4423 3703 4480 κάκ
3756 4429 3848 4479 τοῦ

461 4511 793 4579 iatis,suim
801 4513 1051 4588 etipsius
1064 4523 1293 4586 nempe,
1307 4504 1688 4568 Paracletum
1701 4525 1837 4570 cum
1847 4511 2118 4591 dixisset,

2215 4520 2336 4577 ι’ἱοῦ
2388 4517 2450 4573 τὸ
2506 4519 2718 4591 Πνεῦμα
2785 4504 2848 4570 τί)
2882 4512 3036 4593 ἅγιον
3063 4504 3308 4594 ἐχειγτὴν
3345 4510 3587 4584 ὕπαρξιν.
3649 4512 3759 4579 Τὴν
3793 4509 3847 4566 δέ

459 4615 502 4658 a
521 4599 704 4660 Patre
718 4615 856 4660 eum
870 4595 1193 4677 procedere
1210 4594 1422 4684 tradit.
1435 4596 1951 4670 Quemadmodum
1961 4603 2121 4664 enim

2185 4605 2266 4665 χέκ
2347 4606 2549 4684 Πατρὸς
2629 4603 3003 4683 ἐκπορεύεσθαι
3099 4603 3280 4680 ῥῆσιν,
3357 4603 3432 4666 ὡς
3503 4597 3847 4679 εὖαγγελικὴν

457 4693 546 4776 est
572 4686 844 4766 Spiritus
869 4685 1156 4765 proprius
1178 4682 1723 4776 lv‘ilii,nat_uraliter
1750 4691 1818 4749 in
1846 4689 1975 4768 ipso
2004 4708 2113 4776 ex-

2202 4682 2485 4776 μαρτυρίαν
2539 4694 2695 4759 τιθεὶς
2747 4682 2822 4756 είς
2877 4689 3141 4758 ἀπόδειξιν
3193 4690 3290 4759 τῆς
3365 4688 3418 4756 ἐξ
3486 4691 3642 4748 αὐτοῦ
3709 4689 3847 4752 θείας

457 4775 698 4853 sistens,
731 4782 788 4838 et
809 4791 927 4854 per
947 4779 1146 4854 ipsum
1172 4772 1691 4862 progrediens,ita
1710 4783 1766 4838 et
1791 4774 2029 4841 Patris.
2052 4783 2119 4843 Et

2202 4772 2470 4857 ῦπάρξεως
2524 4787 2616 4838 τοῦ
2669 4788 3033 4862 προσκυνητοῦ
3091 4781 3421 4857 Πνεύματος,
3485 4781 3547 4836 τὸ
3601 4778 3729 4835 αὐτὸ
3782 4782 3851 4853 τῇ

457 4872 590 4944 post
621 4881 802 4944 pauca
834 4861 1102 4942 ejusdem
1121 4860 1454 4950 pericopes,
1479 4881 1688 4926 rursus
1717 4866 2119 4946 superioribus

2204 4874 2420 4950 το.αύτῃ
2469 4860 2769 4948 Δεσποτικῇ
2824 4869 2999 4948 ῥήσει,
3059 4871 3235 4927 καὶτὸ
3275 4871 3527 4950 πρότερον
3575 4868 3719 4947 παρά
3759 4873 3849 4923 τοῦ

455 4951 1205 5031 similiascribitzltaquein
1217 4950 1422 5012 eodem
1436 4949 1562 5014 loco
1573 4959 1920 5018 etessentiae
1930 4961 2117 5022 unita

2210 4949 2461 5043 Σωτῆρος
2531 4958 2745 5039 λεχθὲν,
2789 4961 2849 5015 τὸ
2908 4959 3119 5036 Πνεῦμα
3174 4949 3378 5029 δηλαδή
3447 4963 3547 5026 τῆς
3601 4956 3847 5024 ἀληθείας

459 5047 574 5104 tem
587 5039 1346 5129 ostendens,suimetipsius
1361 5044 1635 5120 inquam,
1660 5045 1833 5106 etDei
1861 5053 1918 5109 et
1928 5046 2121 5128 Spiri-

2206 5039 2445 5109 δύνασθαι
2498 5049 2587 5106 καὶ
2644 5046 2835 5115 δηλοῦν
2878 5049 3253 5120 κατασκευάζει
3318 5048 3622 5129 σοφώτατα,
3679 5046 3848 5122 μόνην

455 5137 582 5192 tum
595 5127 1271 5194 veritatisParaeletum
1284 5144 1413 5190 esse
1425 5144 1724 5208 asserens,
1734 5132 1963 5197 aPatre
1976 5127 2117 5199 eum

2204 5141 2304 5209 τὴν
2361 5137 2592 5196 διάνοιαν
2663 5135 2971 5216 μεταφέρων
3030 5136 3269 5218 ἄντικρυς
3331 5127 3437 5194 ἀπὸ
3502 5142 3596 5193 τοῦ
3649 5137 3848 5212 Πατρὸς

453 5219 604 5282 dicit
638 5219 980 5299 procedere.
1011 5219 1088 5282 Et
1119 5217 1495 5298 praecedente
1541 5220 1811 5284 oratione
1830 5226 2115 5290 resumit:

2205 5229 2290 5286 ἐπὶ
2353 5229 2416 5286 τὸ
2443 5226 2728 5306 πρόσωπον
2783 5233 2875 5283 τοῦ
2904 5217 3257 5306 Μονογενοῦς.
3302 5228 3465 5290 οὗτος
3509 5225 3609 5305 γὰρ
3637 5225 3672 5292 ἡ
3714 5223 3848 5293 ἀλή-

455 5306 606 5369 Cum
640 5309 912 5389 Spiritus
941 5308 1244 5382 veritatis,
1275 5323 1444 5368 meus
1465 5323 1699 5389 nempe,
1745 5313 1853 5392 qui
1878 5332 1917 5376 a
1939 5316 2117 5378 Patre

2202 5322 2341 5380 θεια.
2389 5317 2486 5373 Καὶ
2541 5321 2666 5393 γοῦν
2723 5314 2816 5371 ’ίνα
2863 5321 2971 5371 τῶν
3002 5316 3160 5376 αὒτοῦ
3208 5315 3497 5393 μνησθείην
3528 5314 3726 5392 ῥητῶν,
3773 5313 3849 5376 εἰς

447 5397 851 5486 procedit,ille
872 5397 1283 5486 testimonium
1298 5393 1636 5486 perhibebit
1649 5399 1724 5460 de
1744 5416 1836 5463 me
1871 5402 2109 5467 pPerhi.

2198 5407 2285 5486 τὸ,
2335 5423 2366 5464 ι
2425 5393 2654 5461 (Οπόταν
2710 5402 2798 5459 οῦν
2861 5402 2988 5482 ἔλθῃ
3072 5408 3102 5461 ὁ
3193 5402 3568 5483 Παράκλητος.
3617 5424 3642 5461 ε
3719 5399 3850 5458 Ἰδού

458 5484 616 5574 bebit
626 5503 765 5574 pero
782 5484 1252 5566 quomodo?Cum
1267 5485 1430 5574 enim
1440 5487 1504 5547 in
1520 5485 1691 5549 vobis
1712 5495 1768 5552 et
1775 5509 1882 5571 per
1893 5509 2000 5555 vos
2016 5493 2120 5556 ad-

2201 5484 2325 5574 γὰρ,
2383 5489 2492 5549 ἰδοὺ
2545 5488 2687 5568 λέγει
2762 5497 2976 5568 Πνεῦμα
3051 5493 3149 5562 τῆς
3229 5494 3499 5574 ἀληθείας,
3581 5489 3849 5550 τουτέστιν

451 5572 767 5663 mirabilia
779 5572 1324 5655 operabitur,testis
1335 5576 1455 5663 erit
1452 5575 2113 5661 justusverusquemea

2203 5572 2414 5658 ἑαυτοῦ,
2495 5580 2588 5636 τὸν
2664 5579 3011 5660 Παράκλητον
3081 5584 3264 5661 εἰπὼν,
3336 5572 3494 5663 παρὰί
3550 5587 3645 5638 τοῦ
3730 5585 3850 5660 Πα-

452 5659 677 5724 divina:
715 5666 1126 5740 auctoritatis,
1176 5665 1232 5726 et
1281 5665 1347 5722 in
1370 5662 1596 5726 virtute
1641 5657 2114 5750 magnitudinis-

2202 5675 2326 5754 τρδς
2400 5657 2598 5728 ναύτδν
2709 5657 3076 5750 ἐκπορεύεσθαι
3189 5657 3372 5755 φησιν.
3415 5657 3676 5751 ’Ἵππῳ
3747 5657 3849 5750 γᾶρ
