4208 6290
323 332 483 423 i225

1225 338 1325 400 DE
1368 335 1875 423 PROCESSIONE
1917 333 1978 396 S.
2026 331 2378 396 SPIRITUS
2418 333 2644 398 ORAT.
2693 336 2774 398 II.

3543 339 3697 405 1226

315 465 416 535 τῆς
477 467 787 546 προσθήκης
859 469 1204 548 γεννήτορας,
1289 471 1445 526 οἱονεὶ
1512 470 1602 527 τὸν
1656 491 1714 525 τε
1781 469 1972 525 σεπτὸν

2058 471 2325 526 auctores
2358 465 3096 547 proferunt,venerandum
3118 471 3465 550 Gregorium
3489 472 3698 554 Nysse-

313 555 624 635 Γρηγόριον
696 557 787 613 τὸν
856 557 1069 626 Νύσσης
1141 559 1229 615 καὶ
1281 559 1372 614 τὸν
1425 557 1631 614 κλεινὸν
1688 556 1968 637 Κύριλλον,

321 649 515 701 τοῦτον
558 645 654 719 μὲν
699 643 850 712 δῆθεν
919 644 972 700 ἕν
1030 669 1132 703 τινι
1190 645 1336 724 λόγῳ
1386 646 1587 722 τρανῶς
1631 646 1843 702 εἰπόντα
1884 645 1972 701 καὶ

317 735 594 811 καθαρῶς,
668 735 741 797 ὡς
796 734 857 790 τὸ
915 741 1127 812 Πνεῦμα
1193 736 1254 791 τὸ
1321 734 1474 813 ἅγιον
1530 735 1592 790 ἐκ
1649 733 1812 809 μόνου
1881 732 1974 789 τοῦ

317 822 532 898 Πατρὸς
589 822 947 901 ἐκπορεύεται,
993 824 1082 880 καὶ
1122 823 1214 880 τὸν
1281 818 1441 899 λόγον
1493 825 1588 880 οὒκ
1640 820 1972 900 ἐμφανίζουσι

318 909 423 983 μὲν
495 908 757 974 πολλάκις
814 911 1134 986 ζητούμενον
1195 908 1320 988 παρ’
1364 912 1541 986 ἡμῶν,
1599 909 1973 989 ἐπιγράφεσθαι

315 994 373 1051 δὲ
420 1000 540 1077 περὶ
598 997 815 1076 Τριάδος
880 1008 1158 1079 πανταχοῦ
1242 997 1684 1069 διακωδωνίζουσι
1715 1015 1728 1030 ’
1786 1000 1877 1054 τὸν
1920 995 1975 1052 δὲ

317 1085 535 1153 Νύσσης
623 1086 913 1166 Γρηγόριον
974 1087 1028 1143 ἐν
1111 1085 1275 1164 βίϐλῳ
1350 1088 1449 1142 τινὶ
1529 1091 1599 1163 τῇ
1678 1086 1975 1166 Θεογνωσίᾳ

317 1175 480 1252 φημί,
529 1165 794 1255 γνώριμος
867 1173 922 1230 δὲ
990 1182 1118 1232 πᾶσι
1176 1174 1495 1242 καθέστηκεν
1536 1175 1571 1242 ἡ
1627 1172 1828 1253 βίϐλος,
1888 1165 1975 1230 καὶ

320 1263 485 1321 αὐτὸν
561 1261 697 1320 οὕτω
780 1263 1011 1344 φθίμενον
1044 1279 1060 1294 ⁶
1148 1265 1361 1338 Πνεῦμα
1416 1263 1478 1318 τὸ
1545 1261 1643 1330 τῆς
1711 1266 1974 1340 πατρικῆς

319 1351 668 1416 ὑποστάσεως
792 1352 1230 1432 ἐκπορευόμενον,
1353 1347 1492 1407 τοῦδ’
1612 1347 1766 1406 ἕνεκα
1877 1350 1975 1428 γὰρ

320 1439 387 1495 τὸ
451 1445 663 1516 Πνεῦμα
733 1441 1020 1516 στόματος,
1112 1437 1228 1495 ἀλλ’
1307 1439 1430 1518 οὒχὶ
1486 1437 1656 1516 Λόγον
1712 1437 1974 1513 στόματος

314 1525 564 1607 εἴρηκεν,
613 1529 702 1586 ἵνα
771 1530 871 1596 τὴν
951 1528 1324 1608 ἐκπιρευτικὴν
1380 1526 1616 1594 ἰδιότητα
1669 1528 1746 1602 τῷ
1816 1533 1976 1604 Πατρὶ

313 1616 467 1691 μόνῳ
568 1625 868 1689 προσοῦσαν
978 1617 1336 1683 πιστώσηται.
1443 1617 1652 1673 Τούτων
1731 1617 1792 1671 τὸ
1879 1615 1974 1689 μὲν

315 1704 680 1782 πλασάμενοι,
754 1709 816 1762 τὸ
913 1704 967 1761 δὲ
1050 1705 1490 1785 παραφθείραντες
1573 1703 1680 1760 τῶν
1775 1703 1970 1780 ῥητῶν,

2056 573 2218 645 num,
2254 561 2314 615 et
2342 555 2626 637 inclytum
2651 556 2951 638 Cyrillum,
2985 560 3144 624 hunc
3185 562 3420 642 quidem
3451 563 3513 624 in
3545 583 3695 645 qua-

2055 643 2189 704 dam
2221 644 2489 707 oratione
2519 646 2692 726 plane
2722 658 3044 729 aperteque
3071 659 3459 726 asserentem,
3485 643 3696 733 Spiri-

2057 736 2179 792 tum
2201 739 2474 796 sanctum
2491 752 2572 796 ea:
2584 735 2705 796 solo
2720 735 2907 798 Patre
2921 738 3348 815 procedere.Et
3366 741 3694 804 orationem

2057 818 2295 898 quidem
2329 841 2449 883 non
2483 826 3131 896 commonstrant,licet
3163 827 3346 890 multa
3377 828 3698 909 cupiditate

2057 909 2310 999 expetita
2341 911 2437 986 sit,
2473 929 2605 972 eam
2647 930 2791 974 vero
2827 913 2903 975 de
2939 911 3154 978 Triade
3189 915 3437 978 inscribi
3469 917 3696 999 ubique

2056 995 2322 1084 locorum
2353 1007 2756 1080 perstrepunt.
2817 1000 3142 1082 Nyssenum
3173 1023 3313 1066 vero
3345 995 3696 1084 Gregorium

2057 1082 2132 1144 de
2162 1083 2267 1147 Dei
2298 1087 2637 1164 cognitione
2666 1091 2892 1151 nemini
2923 1110 3043 1153 non
3072 1100 3212 1154 noto
3243 1092 3396 1156 libro
3422 1082 3503 1156 ita
3540 1095 3698 1156 scri-

2057 1171 2604 1256 bentem:Sptritus
2630 1196 2707 1238 ea:
2731 1184 2983 1257 paterna
3015 1182 3328 1260 hypostasi
3339 1185 3700 1262 procedens;

2051 1268 2495 1342 proptereaque
2517 1264 2822 1344 Spiritum
2851 1267 2998 1341 oris,
3031 1285 3154 1329 non
3202 1276 3401 1330 autem
3443 1270 3702 1332 Verbum

2057 1350 2414 1413 orisDavid
2443 1352 2623 1433 dixit,
2647 1360 2716 1416 ut
2741 1355 3097 1434 procedendi
3121 1357 3562 1436 proprietatem
3582 1357 3702 1420 Pa-

2060 1439 2141 1499 tri
2195 1439 2312 1501 soli
2366 1440 2756 1504 inhaerentem
2811 1444 3225 1522 conﬁrmaret.
3286 1444 3438 1507 Dum
3489 1464 3562 1507 ex
3609 1447 3702 1509 bis

2057 1546 2236 1588 unum
2268 1531 2677 1604 conﬁnxerint,
2711 1533 2870 1594 aliud
2903 1534 3302 1614 corruperint,
3353 1544 3560 1597 rentur
3584 1536 3699 1597 ali-

2056 1616 2195 1695 quid
2218 1618 2472 1679 validum
2504 1620 2936 1702 robustumque
2965 1622 3039 1683 ad
3071 1641 3136 1684 se
3189 1623 3498 1685 tutandum
3540 1624 3700 1686 obti-

2056 1704 2348 1794 nere.Sed
2379 1708 2696 1769 conﬁctum
2728 1728 2762 1771 a
2789 1728 2854 1770 se
2883 1710 3324 1790 sapientissimo
3353 1713 3570 1792 Cyrillo
3602 1733 3700 1794 ap-

316 1792 472 1874 ἔχειν
553 1818 603 1852 τι
671 1794 868 1854 δικοῦσι
929 1799 1035 1851 τῶν
1091 1793 1346 1874 ἰσχυρῶν,
1406 1794 1493 1849 καὶ
1535 1805 1783 1871 γενναῖον
1841 1793 1973 1870 πρὸς

2061 1790 2399 1870 pinxerunt,
2432 1796 2588 1875 quod
2638 1815 2770 1857 cum
2832 1798 3006 1876 plane
3050 1790 3423 1860 mendacium
3458 1800 3554 1875 sit,
3587 1790 3701 1864 nec

316 1882 547 1958 ἄμυναν.
624 1883 773 1941 Ἀλλ’
845 1884 1021 1941 ἐκεῖνο
1090 1883 1186 1959 μὲν
1242 1881 1372 1962 ὅπερ
1413 1881 1742 1957 πλασάμενοι
1799 1903 1969 1960 προσ-

315 1976 471 2048 ῆψαν
525 1979 604 2047 τῷ
661 1973 954 2053 σοφῶτάτῳ
1007 1971 1246 2051 Κυρίλλῳ
1302 1974 1505 2050 κακῶς,
1567 1969 1650 2026 διὰ
1704 1971 1764 2026 τὸ
1834 1974 1970 2045 ψεῦ-

320 2058 411 2126 δος
468 2060 670 2137 τελεῖν,
716 2063 790 2124 ὡς
871 2061 1228 2118 ἀνυπόστατον
1307 2059 1601 2134 παντελῶς,
1663 2060 1812 2137 αὖραι
1868 2080 1968 2138 φε-

321 2149 586 2228 ρέτωσάν,
707 2149 929 2214 Δέλτους
1002 2151 1092 2206 καὶ
1173 2149 1272 2228 γὰρ
1367 2146 1513 2204 τοῦδε
1604 2156 1697 2206 τοῦ
1766 2149 1968 2224 Πατρὸς

321 2237 422 2294 οὐκ
465 2237 647 2317 ὀλίγας
731 2237 1053 2303 ἆνελίξαντες
1134 2240 1223 2294 καὶ
1309 2239 1474 2312 ἡμεῖς
1544 2235 1634 2292 τόν
1718 2231 1970 2310 ᾀδόμενον

321 2327 496 2405 Λόγον
567 2327 620 2384 ἐν
697 2325 910 2403 οὐδεμιᾷ
992 2327 1192 2384 τούτων
1262 2328 1433 2404 εὑρεῖν
1511 2322 1871 2398 ἠδυνήθημεν,
1932 2325 1974 2380 εἷ

318 2415 400 2491 μὴ
457 2417 518 2472 τὸ
587 2417 746 2494 ῥητὸν
815 2416 901 2471 καὶ
963 2415 1126 2491 μόνον
1184 2415 1382 2494 γυμνὸν
1425 2413 1561 2488 μετὰ
1601 2417 1716 2494 τῆςΔ
1758 2409 1974 2490 λεχθεί-

322 2525 426 2571 σης
484 2491 781 2584 ἐπιγραφῆς
877 2507 932 2560 ἐν
1011 2491 1248 2584 χαρτίοις
1324 2505 1429 2560 τισί
1489 2502 1626 2559 κατὰ
1703 2491 1974 2576 Ῥωμαίων

325 2596 581 2671 γραφεῖσι
637 2590 1070 2672 περιφερόμενον.
1147 2593 1247 2650 Καὶ
1311 2593 1455 2648 οὗτοι
1514 2588 1570 2646 δὲ
1626 2591 1714 2646 τὸν
1796 2596 1976 2645 τοιοῦ-

321 2703 418 2737 τον
488 2682 865 2756 ἀπαιτούμενοι
932 2678 1055 2760 παρ’
1096 2682 1252 2755 ἡμῶν
1309 2681 1404 2736 οὐκ
1465 2677 1647 2760 ἔχουσι
1703 2681 1810 2757 νῦν,
1870 2675 1976 2734 οὐδ’

324 2769 388 2826 οὒ
434 2771 643 2845 μήποτε
699 2781 1004 2848 παρασχεῖν
1059 2766 1278 2834 ἕξουσιν.
1326 2769 1535 2846 Πόθενς
1597 2768 1655 2822 ὃν
1685 2768 1778 2823 οὒκ
1823 2764 1976 2821 ἐκδο-

327 2857 485 2914 θέντα
527 2858 668 2936 παρὰ
709 2877 849 2920 τινος
893 2854 1100 2912 οἴκοθεν
1170 2856 1316 2912 αὐτοὶ
1369 2857 1652 2934 τυγχάνειν
1708 2852 1974 2910 ἐπλάσαν-

323 2968 415 3005 το.
463 2947 534 3002 Τὸ
587 2943 642 3001 δὲ
707 2951 798 3001 τοῦ
864 2943 1120 3022 θεηγόρου
1176 2945 1264 3000 καὶ
1337 2943 1614 3022 θεόφρονος
1688 2943 1977 3020 Γρηγορίου

325 3034 489 3111 ῥητὸν
544 3034 602 3090 οὒ
645 3033 801 3113 χρεία
857 3055 938 3096 τις
999 3031 1173 3110 λόγων
1227 3031 1345 3100 ἐμοὶ
1398 3032 1607 3094 τούτους
1654 3032 1741 3085 νῦν
1773 3027 1976 3107 ἐλέγξαι

328 3123 701 3194 νοθεύσαντας,
761 3121 848 3185 οὓς
903 3118 1162 3177 κάλλιστα
1218 3119 1416 3200 φθάσας
1467 3117 1687 3196 ἤλεγξεν
1738 3118 1869 3195 ἀνὴρ
1896 3139 1975 3179 τις

2059 1897 2300 1958 prorsus
2330 1882 2636 1958 subsistat,
2662 1885 2857 1946 ventis
2881 1885 3322 1948 dissolvendum
3356 1887 3697 1952 committa-

2055 1968 2324 2030 tur.Cum
2341 1971 2497 2032 enim
2517 1972 2766 2052 hujusce
2788 1973 2978 2036 Patris
2992 1975 3290 2036 volumina
3309 1994 3498 2057 eaque
3523 1977 3703 2057 pluri-

2053 2074 2148 2117 ma
2177 2058 2568 2122 evolverimus
2589 2061 2850 2142 nosipsi,
2876 2070 3291 2140 praecautatam
3328 2066 3696 2128 tantumdem

2053 2146 2382 2209 orationem
2405 2150 2466 2209 in
2497 2149 2657 2211 nullo
2705 2150 3061 2227 invenimus,
3097 2152 3212 2213 nisi
3243 2153 3467 2215 dictum
3506 2155 3700 2216 solum

2053 2234 2274 2324 nudum
2308 2255 2443 2298 cum
2472 2238 2632 2300 dicta
2663 2240 3110 2320 praascriptione
3157 2244 3215 2301 in
3256 2242 3538 2303 chartulis
3569 2242 3700 2324 qui-

2059 2323 2309 2384 busdam
2339 2326 2623 2388 adversus
2646 2329 2945 2390 Romanos
2967 2328 3338 2390 concinnatis
3367 2323 3702 2392 circumvo-

2057 2411 2347 2475 lutum.Et
2375 2415 2529 2476 hanc
2558 2416 2851 2492 eamdem,
2879 2418 2930 2477 si
2959 2436 3119 2478 nunc
3146 2419 3411 2498 exigatur
3439 2438 3473 2480 a
3503 2419 3697 2497 nobis,

2059 2517 2252 2589 neque
2283 2502 2345 2563 in
2374 2505 2710 2583 praesentia,
2773 2523 2968 2586 neque
3016 2505 3079 2568 in
3127 2507 3386 2568 futurum
3439 2527 3698 2589 unquam

2059 2588 2344 2652 exhibere
2373 2599 2668 2672 poterunt.
2705 2593 2891 2665 Quam
2921 2593 2996 2655 ob
3028 2613 3262 2656 causam
3283 2595 3314 2656 ?
3371 2588 3699 2667 Quod’eam

2060 2677 2365 2739 conﬁctam
2399 2698 2469 2741 ex
2502 2682 2761 2762 pr0priis
2779 2683 3141 2746 assumentis
3163 2685 3225 2745 in
3252 2683 3551 2765 publicum
3569 2685 3700 2745 edi-

2059 2765 2374 2828 derunt.At
2423 2770 2793 2851 diviniloqui,
2831 2779 2890 2832 et
2942 2772 3140 2833 divina
3199 2782 3396 2834 mente
3465 2773 3701 2854 praediti

2059 2856 2328 2932 Gregorii
2349 2857 2570 2919 dictum
2605 2860 2850 2920 eosdem
2880 2860 3266 2940 adulterasse,
3301 2881 3418 2922 non
3444 2871 3532 2922 est
3552 2880 3700 2942 opus

2059 2942 2204 3003 mihi
2235 2945 2504 3024 pluribus
2522 2947 2954 3022 demonstrare,
2987 2968 3122 3010 cum
3156 2968 3258 3010 eos
3276 2968 3451 3029 quam
3477 2950 3700 3030 optime

2058 3031 2146 3091 vir
2169 3032 2406 3111 quidam
2444 3037 2680 3115 sapiens
2705 3045 2840 3097 ante
2862 3055 2971 3097 nos
2992 3037 3474 3117 deprehendit,et
3494 3039 3704 3118 hujus-

2061 3137 2130 3181 ce
2151 3121 2292 3181 dicti
2313 3123 2753 3204 corruptionem
2781 3125 2972 3204 palam
2997 3125 3105 3186 sub
3137 3127 3326 3186 oculis
3357 3125 3698 3206 posuit.Ni-

321 3215 428 3288 πρὸ
469 3215 622 3288 ἡμῶν
665 3211 731 3266 τὰ
771 3209 895 3266 θεῖα
937 3210 1123 3288 σοφὸς,
1165 3211 1252 3266 καὶ
1298 3209 1397 3276 τὴν
1425 3209 1519 3265 τοῦ
1552 3208 1791 3294 τοιούτου
1820 3207 1976 3284 ῥητοῦ

2064 3210 2387 3294 hilominus
2416 3211 2612 3293 itaque
2642 3232 2778 3274 cum
2827 3231 2944 3274 non
2985 3204 3378 3294 inverisimile
3409 3215 3508 3294 sit,
3541 3213 3701 3275 illius

323 3287 526 3358 νοθείαν
581 3305 784 3380 τρανῶς
834 3297 919 3378 ὑφ’
971 3287 1094 3374 ὅφιν
1135 3297 1487 3377 παρέστησεν,
1552 3287 1747 3371 υΟμως
1805 3291 1849 3350 δ’
1893 3297 1981 3350 οὖν

322 3391 543 3468 ἐπείπερ
597 3389 736 3451 εἰκὸς
781 3389 859 3463 μὴ
917 3400 1035 3450 τοῖς
1100 3386 1298 3443 ἐκείνου
1353 3385 1759 3465 συγγράμμασιν
1827 3383 1979 3440 ἐντυ-

322 3491 451 3559 χεῖν
519 3475 752 3538 ἅπαντάς
829 3476 950 3539 τοὺς
1019 3473 1416 3550 ἐντευξομένους
1507 3480 1584 3547 τῷ
1651 3469 1770 3528 καθ’
1837 3473 1980 3548 ἡμᾶς

321 3568 550 3647 παρόντι
607 3565 953 3643 συντάγματι,
1027 3567 1133 3620 τῶν
1201 3564 1456 3621 τοιούτων
1497 3561 1697 3641 ἕνεκεν,
1753 3560 1846 3617 ’ίνα
1902 3561 1980 3636 μὴ

328 3653 564 3730 δόξωμεν
608 3657 792 3716 αὐτοῖς
841 3651 1018 3731 πόῤῥω
1059 3675 1162 3709 που
1191 3657 1290 3720 τῆς
1339 3651 1588 3718 ἀληθείας
1627 3649 1828 3724 τελεῖν,
1886 3649 1978 3705 καί

323 3742 410 3801 διὰ
465 3753 620 3801 τοῦτο
647 3743 715 3798 τὰ
743 3747 836 3798 τοῦ
893 3741 1224 3821 πράγματος,
1291 3742 1365 3804 ὡς
1420 3741 1560 3812 ἐνὸν,
1605 3735 1982 3796 ἂναδάλλεσθαί

327 3854 388 3890 τε
445 3833 536 3888 καὶ
599 3832 984 3910 ὑπερτίθεσθαι,
1067 3832 1186 3908 περὶ
1242 3831 1412 3906 μόνης
1481 3833 1581 3895 τῆς
1648 3831 1980 3908 παραφθορᾶς

323 3928 420 3980 τοῦ
477 3918 761 3998 λεχθέντος
821 3919 1004 3998 ῥητοῦ,
1048 3917 1285 3986 δηλῶσαι
1313 3918 1403 3975 καί
1433 3919 1590 3979 αὐτὸς
1623 3914 1707 3974 διὰ
1734 3916 1981 3996 βραχέων

324 4009 673 4089 πειράσομαι.
731 4008 940 4070 Σκοπὸς
1000 4014 1078 4081 τῷ
1149 4005 1369 4085 μεγάλῳ
1422 4006 1558 4062 κατὰ
1598 4006 1659 4061 τὸ
1701 4003 1980 4083 διαληφθὲν

321 4106 482 4156 τοῦτο
570 4098 729 4175 ῥητὸν
782 4101 875 4152 τοῦ
948 4097 1205 4175 παναγίου
1275 4096 1579 4170 Πνεύματος
1649 4093 1979 4171 παραστῆσαι

319 4189 423 4257 τὴν
482 4191 596 4250 πῶς
638 4183 876 4264 ὕπαρξιν.
936 4185 1089 4264 Λέγει
1146 4185 1270 4264 γοῦν
1302 4203 1316 4217 ·
1383 4190 1593 4260 Πνεῦμα
1648 4183 1708 4237 τὸ
1734 4187 1835 4248 τῆς
1867 4187 1978 4237 Πα-

319 4279 513 4354 τρικῆς
618 4273 958 4338 ὑποστάσεως
1071 4271 1506 4348 ἐκπορευόμενον,
1616 4269 1705 4326 καὶ
1814 4267 1979 4324 θέλων

322 4366 621 4442 ἐπαγαγεῖν
702 4370 796 4421 τοῦ
869 4359 1235 4438 ἐκπορεύεσθαι
1333 4359 1516 4416 τούτου
1617 4357 1972 4431 κατασκευὴν,

321 4457 416 4514 τὸν
447 4429 458 4442 ’
476 4429 888 4532 προφητάνακτα
933 4429 1099 4508 Δοὶυιδ
1152 4447 1464 4506 διδάσκαλον
1531 4459 1767 4504 ποιεῖται
1809 4429 1974 4525 φθεγέ
1998 4429 2040 4479 D

323 4542 550 4620 ξάμενος
585 4560 600 4576 ·
645 4537 795 4598 Τοῦδ’
852 4537 1004 4596 ἕνεκα
1074 4539 1174 4618 γὰρ
1235 4560 1263 4594 α
1319 4537 1407 4594 καὶ
1485 4536 1698 4610 Πνεῦμα
1765 4534 1974 4610 στόμα-

328 4653 452 4706 τος,
487 4652 516 4685 )
563 4626 685 4685 ἀλλ’
741 4627 864 4707 οὐχὶ
935 4649 961 4681 α
1014 4627 1184 4705 Λόγον
1240 4625 1502 4702 στόματος
1537 4645 1566 4680 ι
1613 4620 1822 4702 ι’ίρηκε,
1893 4631 1980 4686 καὶ

324 4720 428 4788 τὴν
482 4715 764 4796 ἑρμηνείαν
834 4721 1073 4796 συνεχῶς
1128 4714 1314 4796 ἄριστα
1381 4713 1584 4778 τούτοις
1633 4711 1921 4791 ἐπήνεγκεν
1958 4727 1973 4741 ⁸

326 4798 458 4866 ΗΙνα
547 4805 645 4872 τὴν
737 4804 1121 4883 ἐκπορευτικὴν
1222 4803 1462 4871 ἰδιότητα
1589 4798 1793 4869 δηλαδὴ
1900 4806 1978 4874 τῷ

324 4895 595 4970 Πνεύματι
707 4892 854 4968 μόνῳ
963 4898 1257 4972 προσοῦσαν
1366 4891 1730 4957 πιστώσηται.
1814 4895 1978 4947 Τοῦτο

326 4986 430 5061 μὲν
477 4980 616 5039 οὕτω
670 4982 960 5060 Γρηγόριος
1004 4985 1179 5057 εἶπεν,
1225 4983 1254 5037 ὁ
1303 4979 1548 5058 λαμπρὸς
1601 4978 1701 5045 τῆς
1753 4974 1979 5046 Ἐκκλη-

321 5077 442 5136 σίας
510 5069 748 5152 φωστὴρ,
820 5071 1196 5150 προσαρμόσας
1248 5071 1348 5138 τὴν
1403 5065 1784 5146 ἐκπορευτικῆν
1843 5065 1977 5123 ἰδιό-

318 5182 464 5231 τητα
525 5159 673 5235 μόνῳ
739 5164 818 5234 τῷ
874 5160 1172 5240 Πνεύματι,
1239 5161 1318 5236 μὴ
1375 5159 1554 5236 μέντοι
1598 5161 1674 5214 τῶ
1731 5155 1838 5230 Υἱῷ
1888 5171 1976 5227 καὶ

323 5251 485 5328 Λόγῳ
537 5245 656 5306 κατ’
701 5247 858 5305 αὐτὸν
914 5249 1006 5304 τον
1067 5248 1340 5306 θεσπέσιον
1405 5245 1725 5328 ἱεροψάλτην
1782 5241 1968 5327 Δαυίδ,

322 5338 472 5401 ὅστις
541 5357 603 5416 γε
662 5358 691 5392 α
736 5337 948 5413 Πνεῦμα
1005 5337 1294 5415 στόματος,
1348 5357 1374 5394 ι
1423 5333 1541 5392 ἀλλ’
1597 5333 1720 5414 οὐχὶ
1766 5355 1794 5388 σ
1856 5331 1969 5388 Λό-

323 5450 422 5508 γον
471 5425 761 5503 στόματος,
805 5447 834 5481 ι
898 5427 928 5482 ὁ
969 5425 1137 5505 μέγας
1191 5425 1372 5505 φησὶν,
1435 5423 1674 5502 εἴρηκεν,
1718 5422 1968 5500 Ἐπείπερ

407 5587 471 5639 70
497 5583 653 5647 Psal.
687 5600 867 5661 xxx",
899 5583 959 5646 6.

696 5753 957 5817 PATBOL.
1006 5753 1118 5820 GR.
1165 5755 1365 5818 CXLI.

2064 3289 2286 3369 scripta
2313 3291 2386 3352 ad
2422 3289 2630 3353 manus
2659 3311 2862 3355 eorum
2897 3293 3205 3373 pervenire
3237 3313 3353 3354 non
3381 3289 3700 3374 posse,qui

2065 3397 2324 3458 praesens
2345 3380 2458 3442 hoc
2473 3389 2739 3442 nostrum
2756 3382 3242 3443 commentarium
3263 3382 3697 3463 legunt,eorum

2064 3484 2260 3538 causa,
2295 3487 2370 3529 ne
2397 3469 2705 3531 videamur
2724 3471 2872 3550 ipsis
2892 3471 3064 3550 longe
3085 3490 3118 3532 a
3139 3471 3382 3532 veritate
3398 3471 3696 3548 aberrare,

2064 3564 2494 3638 proptereaque
2522 3576 2649 3620 rem
2674 3557 2934 3635 ditierre,
2975 3560 3114 3620 etin
3144 3559 3303 3621 aliud
3333 3568 3564 3641 tempus
3593 3577 3696 3621 re—

2063 3645 2405 3724 mittere,de
2424 3647 2548 3708 sola
2561 3648 2940 3728 corruptione
2961 3649 3105 3711 dicti
3127 3649 3340 3710 similis
3370 3647 3592 3729 aliquid
3613 3649 3701 3709 in.

2062 3733 2322 3809 sinuare,
2349 3735 2512 3796 brevi
2541 3743 2738 3797 tamen
2769 3736 2853 3799 uti
2885 3745 3090 3818 potero
3121 3738 3385 3799 oratione
3415 3737 3696 3800 conabor.

2061 3824 2271 3902 Magno
2299 3824 2436 3886 huic
2463 3826 2587 3886 viro
2612 3825 2974 3906 propositum
3008 3835 3096 3888 est
3120 3826 3182 3888 in
3213 3827 3327 3891 hoc
3367 3827 3526 3888 dicto
3555 3843 3702 3889 san-

2064 3911 2309 3974 ctissimi
2326 3913 2578 3992 Spiritus
2601 3915 3001 3994 processionis
3026 3915 3263 3977 modum
3298 3916 3700 3977 manifestare.

2063 3999 2256 4072 Quare
2285 4001 2429 4062 dicit
2452 4023 2466 4063 :
2488 4002 2757 4082 Spiritus
2789 4021 2866 4066 ea:
2885 4010 3146 4084 paterna
3165 4003 3473 4084 hypostasi
3487 4022 3704 4084 proce-

2061 4089 2353 4164 cedens,et
2373 4091 2618 4170 hujusce
2643 4091 3042 4171 processionis
3057 4091 3466 4172 probationem
3487 4111 3703 4173 super-

2060 4178 2284 4240 addere
2311 4180 2652 4255 intendens,
2705 4189 2837 4241 vate
2866 4181 3008 4242 item
3041 4188 3098 4241 et
3130 4199 3269 4260 rege
3312 4181 3534 4243 Davide
3567 4200 3702 4242 ma-

2059 4267 2245 4347 gistro
2272 4269 2458 4328 utitur
2476 4268 2704 4331 dicens:
2731 4269 2805 4330 Id
2827 4271 2985 4330 enim
3011 4277 3260 4349 propter
3280 4276 3371 4331 «et
3398 4269 3704 4349 Spiritum

2060 4358 2206 4436 oris,
2243 4381 2270 4411 ι
2296 4357 2398 4418 sed
2424 4375 2550 4419 non
2585 4380 2612 4412 «
2653 4356 2906 4420 Verbum
2933 4360 3058 4420 oris
3073 4359 3135 4408 70
3155 4382 3179 4413 »
3212 4358 3404 4429 dixit;
3436 4359 3702 4420 etinter-

2058 4444 2455 4523 pretatiOnem
2485 4444 2767 4507 continuo
2798 4447 3018 4526 optime
3049 4447 3144 4509 his
3157 4445 3441 4508 adnexuit
3460 4448 3535 4508 Ut
3551 4465 3701 4526 pro-

2057 4532 2314 4595 dedendi
2335 4535 2789 4614 proprietatem,
2814 4553 3021 4616 nempe
3040 4535 3316 4617 Spiritui
3337 4535 3463 4598 solo
3492 4535 3702 4599 adhae-

2058 4628 2290 4684 rentem
2305 4622 2850 4703 conﬁrmaretﬂoc
2870 4625 3109 4706 quidem
3126 4625 3234 4687 hac
3257 4624 3486 4687 ratione
3507 4631 3706 4706 protu-

2058 4709 2125 4771 lit
2154 4708 2493 4788 Gregorius,
2530 4713 2879 4792 praaclarum
2911 4713 3195 4776 Ecclesia;
3226 4715 3449 4796 lumen,
3485 4733 3701 4795 proce-

2059 4798 2239 4860 dendi
2269 4801 2690 4881 proprietatem
2715 4803 2829 4865 soli
2859 4801 3105 4883 Spiritui
3131 4803 3570 4884 adaptans,non
3592 4822 3701 4866 ve-

2059 4906 2126 4949 ro
2154 4887 2302 4950 Filio
2336 4898 2394 4950 et
2417 4887 2635 4972 Verbo,
2671 4891 2756 4953 uti
2786 4892 3018 4953 divinus
3049 4911 3332 4974 sacerque
3360 4899 3567 4954 cantor
3594 4892 3704 4955 Da-

2059 4977 2156 5037 vid
2181 4985 2403 5056 egerat,
2423 4981 2528 5058 qui
2547 4980 2852 5060 Spiritum
2869 4983 3057 5052 oris,»
3085 4999 3206 5043 non
3236 4999 3374 5043 vero
3397 5004 3427 5040 ‹
3452 4981 3705 5045 Verbum

2063 5067 2248 5140 oris,»
2280 5084 2524 5144 magnus
2543 5068 2645 5139 ait,
2665 5070 2849 5132 dixit.
2871 5069 3390 5149 Quandoquidem,
3413 5079 3476 5132 ut
3517 5089 3551 5132 a
3569 5069 3703 5143 Deo

2057 5153 2256 5241 edocti
2276 5155 2467 5216 Patris
2490 5159 2842 5219 sententiam
2881 5159 3068 5237 magis
3097 5177 3166 5220 ac
3196 5159 3382 5237 magis
3412 5159 3701 5241 aperiam,

2055 5241 2195 5303 licet
2217 5240 2412 5306 Verbo
2434 5245 2555 5306 oris
2574 5246 2808 5308 Domini
2829 5246 2959 5323 Dei,
2972 5265 3188 5328 parens
3205 5246 3392 5309 David
3410 5240 3706 5310 assereret

2052 5329 2366 5421 ﬁrmatosj
2366 5334 2521 5421 uisse
2542 5332 2997 5416 cmlos,prorsus
3018 5337 3313 5399 eratunde
3326 5337 3710 5421 conﬁrmaret

2053 5420 2200 5483 Filio
2231 5429 2291 5481 et
2311 5418 2508 5484 Verbo
2529 5422 2680 5485 hanc
2703 5426 3065 5504 procedendi
3097 5418 3704 5507 proprietatem,quo-

3153 5760 3228 5825 39
