  <div class='ocr_page' id='page_1' title='image "/cluster/home/n/w/nwhite01/storage/ocr_20150623/141/mdp.39015078384206/621.png"; bbox 0 0 4184 6300; ppageno 0'>
   <div class='ocr_carea' id='block_1_1' title="bbox 568 290 721 355">
    <p class='ocr_par' dir='ltr' id='par_1_1' title="bbox 568 290 721 355">
     <span class='ocr_line' id='line_1_1' title="bbox 568 290 721 355; baseline 0 -3"><span class='ocrx_word' id='word_1_1' title='bbox 568 290 721 355; x_wconf 74' lang='lat'>1227</span> 
     </span>
    </p>
   </div>
   <div class='ocr_carea' id='block_1_2' title="bbox 1660 272 2794 346">
    <p class='ocr_par' dir='ltr' id='par_1_2' title="bbox 1660 272 2794 346">
     <span class='ocr_line' id='line_1_2' title="bbox 1660 272 2794 346; baseline -0.007 -1"><span class='ocrx_word' id='word_1_2' title='bbox 1660 275 2182 346; x_wconf 76' lang='lat' dir='ltr'>CONSTANTINI</span> <span class='ocrx_word' id='word_1_3' title='bbox 2241 272 2794 339; x_wconf 66' lang='lat' dir='ltr'>MELITENIOTE</span> 
     </span>
    </p>
   </div>
   <div class='ocr_carea' id='block_1_3' title="bbox 3795 275 3957 340">
    <p class='ocr_par' dir='ltr' id='par_1_3' title="bbox 3795 275 3957 340">
     <span class='ocr_line' id='line_1_3' title="bbox 3795 275 3957 340; baseline 0.012 -2"><span class='ocrx_word' id='word_1_4' title='bbox 3795 275 3957 340; x_wconf 81' lang='grc'>1228</span> 
     </span>
    </p>
   </div>
   <div class='ocr_carea' id='block_1_4' title="bbox 567 405 2217 504">
    <p class='ocr_par' dir='ltr' id='par_1_4' title="bbox 567 410 2212 504">
     <span class='ocr_line' id='line_1_4' title="bbox 567 410 2212 504; baseline -0.009 -20"><span class='ocrx_word' id='word_1_5' title='bbox 567 423 731 485; x_wconf 86' lang='lat' dir='ltr'>niam</span> <span class='ocrx_word' id='word_1_6' title='bbox 757 439 889 504; x_wconf 63' lang='lat' dir='ltr'>qua;</span> <span class='ocrx_word' id='word_1_7' title='bbox 905 421 1026 484; x_wconf 90' lang='lat' dir='ltr'>oris</span> <span class='ocrx_word' id='word_1_8' title='bbox 1043 425 1202 495; x_wconf 88' lang='lat' dir='ltr'>sunt,</span> <span class='ocrx_word' id='word_1_9' title='bbox 1239 416 1419 479; x_wconf 91' lang='lat' dir='ltr'>dubio</span> <span class='ocrx_word' id='word_1_10' title='bbox 1450 413 1658 495; x_wconf 86' lang='lat' dir='ltr'>procul</span> <span class='ocrx_word' id='word_1_11' title='bbox 1689 410 2072 504; x_wconf 77' lang='lat' dir='ltr'>procedentia</span> <span class='ocrx_word' id='word_1_12' title='bbox 2101 427 2212 504; x_wconf 63' lang='lat' dir='ltr'>yo—</span> 
     </span>
    </p>
   </div>
   <div class='ocr_carea' id='block_1_5' title="bbox 2299 405 3964 504">
    <p class='ocr_par' dir='ltr' id='par_1_5' title="bbox 2299 405 3964 504">
     <span class='ocr_line' id='line_1_5' title="bbox 2299 405 3964 504; baseline 0 -40"><span class='ocrx_word' id='word_1_13' title='bbox 2299 408 2371 504; x_wconf 66' lang='grc' dir='ltr'>ῶς</span> <span class='ocrx_word' id='word_1_14' title='bbox 2426 405 2488 504; x_wconf 50' lang='grc' dir='ltr'>ἓν</span> <span class='ocrx_word' id='word_1_15' title='bbox 2543 414 2637 464; x_wconf 90' lang='grc' dir='ltr'>τοῦ</span> <span class='ocrx_word' id='word_1_16' title='bbox 2690 407 2944 487; x_wconf 69' lang='grc' dir='ltr'>θεοσόφου</span> <span class='ocrx_word' id='word_1_17' title='bbox 3015 408 3220 504; x_wconf 73' lang='grc' dir='ltr'>[ἰατρὸς</span> <span class='ocrx_word' id='word_1_18' title='bbox 3291 407 3600 488; x_wconf 81' lang='grc' dir='ltr'>λευκότερον</span> <span class='ocrx_word' id='word_1_19' title='bbox 3643 408 3964 488; x_wconf 74' lang='grc' dir='ltr'>ἆπαγγιίσω</span> 
     </span>
    </p>
   </div>
   <div class='ocr_carea' id='block_1_6' title="bbox 565 497 2216 584">
    <p class='ocr_par' dir='ltr' id='par_1_6' title="bbox 565 497 2216 584">
     <span class='ocr_line' id='line_1_6' title="bbox 565 497 2216 584; baseline -0.009 -9"><span class='ocrx_word' id='word_1_20' title='bbox 565 531 704 575; x_wconf 89' lang='lat' dir='ltr'>care</span> <span class='ocrx_word' id='word_1_21' title='bbox 724 497 1057 574; x_wconf 81' lang='lat' dir='ltr'>suescimus</span> <span class='ocrx_word' id='word_1_22' title='bbox 1085 530 1100 574; x_wconf 90' lang='lat'><strong>:</strong></span> <span class='ocrx_word' id='word_1_23' title='bbox 1133 507 1288 584; x_wconf 75' lang='lat' dir='ltr'>Quae</span> <span class='ocrx_word' id='word_1_24' title='bbox 1314 506 1474 567; x_wconf 86' lang='lat' dir='ltr'>enim</span> <span class='ocrx_word' id='word_1_25' title='bbox 1528 502 1861 584; x_wconf 84' lang='lat' dir='ltr'>procedunt</span> <span class='ocrx_word' id='word_1_26' title='bbox 1911 518 1989 563; x_wconf 69' lang='lat' dir='ltr'>em</span> <span class='ocrx_word' id='word_1_27' title='bbox 2036 497 2216 561; x_wconf 77' lang='lat' dir='ltr'>labiis</span> 
     </span>
    </p>
   </div>
   <div class='ocr_carea' id='block_1_7' title="bbox 567 587 2213 674">
    <p class='ocr_par' dir='ltr' id='par_1_7' title="bbox 567 587 2213 674">
     <span class='ocr_line' id='line_1_7' title="bbox 567 587 2213 674; baseline -0.01 -9"><span class='ocrx_word' id='word_1_28' title='bbox 567 603 721 664; x_wconf 85' lang='lat' dir='ltr'>meis</span> <span class='ocrx_word' id='word_1_29' title='bbox 746 619 870 664; x_wconf 91' lang='lat' dir='ltr'>non</span> <span class='ocrx_word' id='word_1_30' title='bbox 899 601 1090 662; x_wconf 80' lang='lat' dir='ltr'>irrita</span> <span class='ocrx_word' id='word_1_31' title='bbox 1135 597 1360 674; x_wconf 84' lang='lat' dir='ltr'>faciam</span> <span class='ocrx_word' id='word_1_32' title='bbox 1377 594 1458 669; x_wconf 73' lang='grc' dir='ltr'>τί,</span> <span class='ocrx_word' id='word_1_33' title='bbox 1490 591 1814 655; x_wconf 86' lang='lat' dir='ltr'>concinens</span> <span class='ocrx_word' id='word_1_34' title='bbox 1841 589 1956 651; x_wconf 88' lang='lat' dir='ltr'>alio</span> <span class='ocrx_word' id='word_1_35' title='bbox 1991 589 2053 649; x_wconf 93' lang='lat' dir='ltr'>in</span> <span class='ocrx_word' id='word_1_36' title='bbox 2084 587 2213 649; x_wconf 91' lang='lat' dir='ltr'>loco</span> 
     </span>
    </p>
   </div>
   <div class='ocr_carea' id='block_1_8' title="bbox 565 679 2211 770">
    <p class='ocr_par' dir='ltr' id='par_1_8' title="bbox 565 679 2211 770">
     <span class='ocr_line' id='line_1_8' title="bbox 565 679 2211 770; baseline -0.01 -17"><span class='ocrx_word' id='word_1_37' title='bbox 565 691 749 754; x_wconf 82' lang='lat' dir='ltr'><strong>David</strong></span> <span class='ocrx_word' id='word_1_38' title='bbox 780 689 1141 770; x_wconf 77' lang='lat' dir='ltr'>pronuntiat.</span> <span class='ocrx_word' id='word_1_39' title='bbox 1184 686 1347 748; x_wconf 90' lang='lat' dir='ltr'>Func</span> <span class='ocrx_word' id='word_1_40' title='bbox 1374 701 1514 745; x_wconf 90' lang='lat' dir='ltr'>vero</span> <span class='ocrx_word' id='word_1_41' title='bbox 1540 683 1638 745; x_wconf 88' lang='lat' dir='ltr'>hic</span> <span class='ocrx_word' id='word_1_42' title='bbox 1670 700 1703 743; x_wconf 90' lang='lat' dir='ltr'>a</span> <span class='ocrx_word' id='word_1_43' title='bbox 1734 679 1960 770; x_wconf 86' lang='lat' dir='ltr'>Spiritu</span> <span class='ocrx_word' id='word_1_44' title='bbox 1994 685 2211 770; x_wconf 82' lang='lat' dir='ltr'>motus,</span> 
     </span>
    </p>
   </div>
   <div class='ocr_carea' id='block_1_9' title="bbox 568 765 2215 861">
    <p class='ocr_par' dir='ltr' id='par_1_9' title="bbox 568 765 2215 861">
     <span class='ocr_line' id='line_1_9' title="bbox 568 765 2215 861; baseline -0.01 -18"><span class='ocrx_word' id='word_1_45' title='bbox 568 765 812 861; x_wconf 76' lang='lat' dir='ltr'>Spiritu</span> <span class='ocrx_word' id='word_1_46' title='bbox 838 783 984 854; x_wconf 82' lang='lat' dir='ltr'>oris,</span> <span class='ocrx_word' id='word_1_47' title='bbox 1019 793 1138 837; x_wconf 88' lang='lat' dir='ltr'>non</span> <span class='ocrx_word' id='word_1_48' title='bbox 1167 792 1304 835; x_wconf 87' lang='lat' dir='ltr'>vero</span> <span class='ocrx_word' id='word_1_49' title='bbox 1341 772 1528 835; x_wconf 83' lang='lat' dir='ltr'>Verbo</span> <span class='ocrx_word' id='word_1_50' title='bbox 1573 773 1694 834; x_wconf 86' lang='lat' dir='ltr'>oris</span> <span class='ocrx_word' id='word_1_51' title='bbox 1738 768 2078 861; x_wconf 70' lang='lat' dir='ltr'>enuntians,</span> <span class='ocrx_word' id='word_1_52' title='bbox 2104 765 2215 861; x_wconf 73' lang='lat' dir='ltr'>_c_i-</span> 
     </span>
    </p>
   </div>
   <div class='ocr_carea' id='block_1_10' title="bbox 569 854 2213 937">
    <p class='ocr_par' dir='ltr' id='par_1_10' title="bbox 569 854 2213 937">
     <span class='ocr_line' id='line_1_10' title="bbox 569 854 2213 937; baseline -0.01 -7"><span class='ocrx_word' id='word_1_53' title='bbox 569 854 660 932; x_wconf 57' lang='lat' dir='ltr'>tua</span> <span class='ocrx_word' id='word_1_54' title='bbox 688 886 927 931; x_wconf 88' lang='lat' dir='ltr'>omnem</span> <span class='ocrx_word' id='word_1_55' title='bbox 961 861 1423 928; x_wconf 84' lang='lat' dir='ltr'>controversiam</span> <span class='ocrx_word' id='word_1_56' title='bbox 1455 859 1820 922; x_wconf 79' lang='lat' dir='ltr'>conﬁrmavit</span> <span class='ocrx_word' id='word_1_57' title='bbox 1875 857 1986 920; x_wconf 90' lang='lat' dir='ltr'>soli</span> <span class='ocrx_word' id='word_1_58' title='bbox 2016 854 2213 937; x_wconf 85' lang='lat' dir='ltr'>Spiri—</span> 
     </span>
    </p>
   </div>
   <div class='ocr_carea' id='block_1_11' title="bbox 566 945 2214 1033">
    <p class='ocr_par' dir='ltr' id='par_1_11' title="bbox 566 945 2214 1033">
     <span class='ocr_line' id='line_1_11' title="bbox 566 945 2214 1033; baseline -0.009 -13"><span class='ocrx_word' id='word_1_59' title='bbox 566 958 650 1020; x_wconf 92' lang='lat' dir='ltr'>tui</span> <span class='ocrx_word' id='word_1_60' title='bbox 695 957 1000 1019; x_wconf 77' lang='lat' dir='ltr'>adhaerere</span> <span class='ocrx_word' id='word_1_61' title='bbox 1058 951 1422 1033; x_wconf 84' lang='lat' dir='ltr'>procedendi</span> <span class='ocrx_word' id='word_1_62' title='bbox 1476 949 1920 1030; x_wconf 78' lang='lat' dir='ltr'>proprietatem.</span> <span class='ocrx_word' id='word_1_63' title='bbox 1973 945 2046 1008; x_wconf 93' lang='lat' dir='ltr'>Et</span> <span class='ocrx_word' id='word_1_64' title='bbox 2101 945 2214 1006; x_wconf 90' lang='lat' dir='ltr'>hoc</span> 
     </span>
    </p>
   </div>
   <div class='ocr_carea' id='block_1_12' title="bbox 565 1033 2215 1128">
    <p class='ocr_par' dir='ltr' id='par_1_12' title="bbox 565 1033 2215 1128">
     <span class='ocr_line' id='line_1_12' title="bbox 565 1033 2215 1128; baseline -0.01 -19"><span class='ocrx_word' id='word_1_65' title='bbox 565 1047 807 1128; x_wconf 86' lang='lat' dir='ltr'>quidem</span> <span class='ocrx_word' id='word_1_66' title='bbox 839 1046 948 1106; x_wconf 88' lang='lat' dir='ltr'>hac</span> <span class='ocrx_word' id='word_1_67' title='bbox 975 1043 1228 1116; x_wconf 84' lang='lat' dir='ltr'>ratione,</span> <span class='ocrx_word' id='word_1_68' title='bbox 1264 1047 1329 1103; x_wconf 92' lang='lat' dir='ltr'>ut</span> <span class='ocrx_word' id='word_1_69' title='bbox 1376 1057 1555 1118; x_wconf 84' lang='lat' dir='ltr'>supra</span> <span class='ocrx_word' id='word_1_70' title='bbox 1589 1037 1860 1128; x_wconf 79' lang='lat' dir='ltr'>exposui,</span> <span class='ocrx_word' id='word_1_71' title='bbox 1895 1033 2215 1128; x_wconf 81' lang='lat' dir='ltr'>Gregorius</span> 
     </span>
    </p>
   </div>
   <div class='ocr_carea' id='block_1_13' title="bbox 568 1121 2216 1215">
    <p class='ocr_par' dir='ltr' id='par_1_13' title="bbox 568 1121 2216 1215">
     <span class='ocr_line' id='line_1_13' title="bbox 568 1121 2216 1215; baseline -0.01 -16"><span class='ocrx_word' id='word_1_72' title='bbox 568 1121 632 1198; x_wconf 73' lang='lat' dir='ltr'>in</span> <span class='ocrx_word' id='word_1_73' title='bbox 665 1133 1034 1215; x_wconf 78' lang='lat' dir='ltr'>dogmatibus</span> <span class='ocrx_word' id='word_1_74' title='bbox 1086 1129 1339 1192; x_wconf 88' lang='lat' dir='ltr'>eximius</span> <span class='ocrx_word' id='word_1_75' title='bbox 1389 1128 1558 1190; x_wconf 82' lang='lat' dir='ltr'>dixit.</span> <span class='ocrx_word' id='word_1_76' title='bbox 1607 1127 1719 1200; x_wconf 87' lang='lat' dir='ltr'>Qui</span> <span class='ocrx_word' id='word_1_77' title='bbox 1750 1142 1891 1215; x_wconf 86' lang='lat' dir='ltr'>vero</span> <span class='ocrx_word' id='word_1_78' title='bbox 1921 1121 2216 1215; x_wconf 79' lang='lat' dir='ltr'>contraria</span> 
     </span>
    </p>
   </div>
   <div class='ocr_carea' id='block_1_14' title="bbox 572 1210 2216 1298">
    <p class='ocr_par' dir='ltr' id='par_1_14' title="bbox 572 1210 2216 1298">
     <span class='ocr_line' id='line_1_14' title="bbox 572 1210 2216 1298; baseline -0.01 -11"><span class='ocrx_word' id='word_1_79' title='bbox 572 1210 800 1298; x_wconf 68' lang='lat' dir='ltr'>tenent,</span> <span class='ocrx_word' id='word_1_80' title='bbox 826 1222 1047 1282; x_wconf 90' lang='lat' dir='ltr'>dictum</span> <span class='ocrx_word' id='word_1_81' title='bbox 1080 1218 1278 1281; x_wconf 89' lang='lat' dir='ltr'>simile</span> <span class='ocrx_word' id='word_1_82' title='bbox 1308 1217 1380 1279; x_wconf 86' lang='lat' dir='ltr'>ad</span> <span class='ocrx_word' id='word_1_83' title='bbox 1407 1215 1522 1277; x_wconf 90' lang='lat' dir='ltr'>sibi</span> <span class='ocrx_word' id='word_1_84' title='bbox 1543 1214 1914 1296; x_wconf 84' lang='lat' dir='ltr'>complacita,</span> <span class='ocrx_word' id='word_1_85' title='bbox 1943 1231 2062 1273; x_wconf 89' lang='lat' dir='ltr'>non</span> <span class='ocrx_word' id='word_1_86' title='bbox 2087 1210 2216 1272; x_wconf 89' lang='lat' dir='ltr'>abs-</span> 
     </span>
    </p>
   </div>
   <div class='ocr_carea' id='block_1_15' title="bbox 570 1300 2214 1392">
    <p class='ocr_par' dir='ltr' id='par_1_15' title="bbox 570 1300 2214 1392">
     <span class='ocr_line' id='line_1_15' title="bbox 570 1300 2214 1392; baseline -0.007 -19"><span class='ocrx_word' id='word_1_87' title='bbox 570 1331 683 1392; x_wconf 89' lang='lat' dir='ltr'>que</span> <span class='ocrx_word' id='word_1_88' title='bbox 712 1310 918 1372; x_wconf 82' lang='lat' dir='ltr'>fraude</span> <span class='ocrx_word' id='word_1_89' title='bbox 950 1303 1698 1379; x_wconf 88' lang='lat' dir='ltr'>immutarunt,dictionem</span> <span class='ocrx_word' id='word_1_90' title='bbox 1725 1303 1996 1383; x_wconf 76' lang='lat' dir='ltr'>Spiritui</span> <span class='ocrx_word' id='word_1_91' title='bbox 2018 1300 2078 1360; x_wconf 92' lang='lat' dir='ltr'>in</span> <span class='ocrx_word' id='word_1_92' title='bbox 2105 1318 2214 1362; x_wconf 89' lang='lat' dir='ltr'>vo-</span> 
     </span>
    </p>
   </div>
   <div class='ocr_carea' id='block_1_16' title="bbox 568 1389 2213 1469">
    <p class='ocr_par' dir='ltr' id='par_1_16' title="bbox 568 1389 2213 1469">
     <span class='ocr_line' id='line_1_16' title="bbox 568 1389 2213 1469; baseline -0.008 -8"><span class='ocrx_word' id='word_1_93' title='bbox 568 1389 697 1462; x_wconf 72' lang='lat' dir='ltr'>cem</span> <span class='ocrx_word' id='word_1_94' title='bbox 731 1400 910 1461; x_wconf 76' lang='lat' dir='ltr'>Patri</span> <span class='ocrx_word' id='word_1_95' title='bbox 933 1397 1315 1469; x_wconf 88' lang='lat' dir='ltr'>invertentes,</span> <span class='ocrx_word' id='word_1_96' title='bbox 1352 1393 1714 1454; x_wconf 88' lang='lat' dir='ltr'>contrarium</span> <span class='ocrx_word' id='word_1_97' title='bbox 1745 1392 2116 1452; x_wconf 87' lang='lat' dir='ltr'>intentarunt</span> <span class='ocrx_word' id='word_1_98' title='bbox 2133 1389 2213 1469; x_wconf 40' lang='lat' dir='ltr'>al:</span> 
     </span>
    </p>
   </div>
   <div class='ocr_carea' id='block_1_17' title="bbox 568 1468 2218 1564">
    <p class='ocr_par' dir='ltr' id='par_1_17' title="bbox 568 1468 2218 1564">
     <span class='ocr_line' id='line_1_17' title="bbox 568 1468 2218 1564; baseline -0.007 -14"><span class='ocrx_word' id='word_1_99' title='bbox 568 1489 680 1550; x_wconf 90' lang='lat' dir='ltr'>teri</span> <span class='ocrx_word' id='word_1_100' title='bbox 724 1485 1180 1564; x_wconf 88' lang='lat' dir='ltr'>dicto.Namque</span> <span class='ocrx_word' id='word_1_101' title='bbox 1215 1483 1277 1544; x_wconf 90' lang='lat' dir='ltr'>in</span> <span class='ocrx_word' id='word_1_102' title='bbox 1304 1468 1436 1544; x_wconf 87' lang='lat' dir='ltr'>uno</span> <span class='ocrx_word' id='word_1_103' title='bbox 1475 1501 1543 1544; x_wconf 80' lang='lat' dir='ltr'>ex</span> <span class='ocrx_word' id='word_1_104' title='bbox 1581 1499 1758 1561; x_wconf 88' lang='lat' dir='ltr'>supra</span> <span class='ocrx_word' id='word_1_105' title='bbox 1801 1478 2042 1558; x_wconf 82' lang='lat' dir='ltr'>digestis</span> <span class='ocrx_word' id='word_1_106' title='bbox 2063 1468 2218 1540; x_wconf 78' lang='lat' dir='ltr'>beati</span> 
     </span>
    </p>
   </div>
   <div class='ocr_carea' id='block_1_18' title="bbox 567 1569 2216 1658">
    <p class='ocr_par' dir='ltr' id='par_1_18' title="bbox 567 1569 2216 1658">
     <span class='ocr_line' id='line_1_18' title="bbox 567 1569 2216 1658; baseline -0.005 -20"><span class='ocrx_word' id='word_1_107' title='bbox 567 1576 886 1658; x_wconf 89' lang='lat' dir='ltr'>Epiphanii</span> <span class='ocrx_word' id='word_1_108' title='bbox 913 1573 1087 1637; x_wconf 91' lang='lat' dir='ltr'>dictis</span> <span class='ocrx_word' id='word_1_109' title='bbox 1102 1573 1314 1634; x_wconf 77' lang='lat' dir='ltr'>Patris</span> <span class='ocrx_word' id='word_1_110' title='bbox 1327 1570 1388 1632; x_wconf 90' lang='lat' dir='ltr'>in</span> <span class='ocrx_word' id='word_1_111' title='bbox 1407 1571 1647 1658; x_wconf 75' lang='lat' dir='ltr'>Spiritu</span> <span class='ocrx_word' id='word_1_112' title='bbox 1668 1569 1989 1631; x_wconf 89' lang='lat' dir='ltr'>dictionem</span> <span class='ocrx_word' id='word_1_113' title='bbox 2010 1569 2216 1658; x_wconf 82' lang='lat' dir='ltr'>detor-</span> 
     </span>
    </p>
   </div>
   <div class='ocr_carea' id='block_1_19' title="bbox 567 1655 2216 1740">
    <p class='ocr_par' dir='ltr' id='par_1_19' title="bbox 567 1655 2216 1740">
     <span class='ocr_line' id='line_1_19' title="bbox 567 1655 2216 1740; baseline -0.007 -12"><span class='ocrx_word' id='word_1_114' title='bbox 567 1655 803 1740; x_wconf 71' lang='lat' dir='ltr'>serant,</span> <span class='ocrx_word' id='word_1_115' title='bbox 848 1674 916 1724; x_wconf 86' lang='lat' dir='ltr'>ut</span> <span class='ocrx_word' id='word_1_116' title='bbox 953 1662 1037 1723; x_wconf 91' lang='lat' dir='ltr'>ibi</span> <span class='ocrx_word' id='word_1_117' title='bbox 1066 1659 1458 1722; x_wconf 89' lang='lat' dir='ltr'>ostendimus.</span> <span class='ocrx_word' id='word_1_118' title='bbox 1499 1657 1612 1720; x_wconf 90' lang='lat' dir='ltr'>Sed</span> <span class='ocrx_word' id='word_1_119' title='bbox 1650 1665 1713 1718; x_wconf 93' lang='lat' dir='ltr'>ut</span> <span class='ocrx_word' id='word_1_120' title='bbox 1735 1658 1892 1718; x_wconf 88' lang='lat' dir='ltr'>inter</span> <span class='ocrx_word' id='word_1_121' title='bbox 1921 1655 2077 1718; x_wconf 90' lang='lat' dir='ltr'>seria</span> <span class='ocrx_word' id='word_1_122' title='bbox 2103 1655 2216 1717; x_wconf 91' lang='lat' dir='ltr'>ali-</span> 
     </span>
    </p>
   </div>
   <div class='ocr_carea' id='block_1_20' title="bbox 571 1745 2218 1836">
    <p class='ocr_par' dir='ltr' id='par_1_20' title="bbox 571 1745 2218 1836">
     <span class='ocr_line' id='line_1_20' title="bbox 571 1745 2218 1836; baseline -0.007 -20"><span class='ocrx_word' id='word_1_123' title='bbox 571 1755 715 1836; x_wconf 91' lang='lat' dir='ltr'>quid</span> <span class='ocrx_word' id='word_1_124' title='bbox 740 1754 912 1832; x_wconf 91' lang='lat' dir='ltr'>jocer</span> <span class='ocrx_word' id='word_1_125' title='bbox 960 1768 1167 1811; x_wconf 90' lang='lat' dir='ltr'>eorum</span> <span class='ocrx_word' id='word_1_126' title='bbox 1191 1748 1396 1828; x_wconf 79' lang='lat' dir='ltr'>gratia,</span> <span class='ocrx_word' id='word_1_127' title='bbox 1431 1746 1531 1828; x_wconf 88' lang='lat' dir='ltr'>qui</span> <span class='ocrx_word' id='word_1_128' title='bbox 1562 1745 1980 1836; x_wconf 7' lang='lat' dir='ltr'>dictopintegra</span> <span class='ocrx_word' id='word_1_129' title='bbox 2024 1746 2218 1836; x_wconf 75' lang='lat' dir='ltr'>conti-</span> 
     </span>
    </p>
   </div>
   <div class='ocr_carea' id='block_1_21' title="bbox 2296 495 3967 576">
    <p class='ocr_par' dir='ltr' id='par_1_21' title="bbox 2296 495 3967 576">
     <span class='ocr_line' id='line_1_21' title="bbox 2296 495 3967 576; baseline 0.003 -25"><span class='ocrx_word' id='word_1_130' title='bbox 2296 497 2392 564; x_wconf 80' lang='grc' dir='ltr'>τὴν</span> <span class='ocrx_word' id='word_1_131' title='bbox 2435 495 2660 573; x_wconf 64' lang='grc' dir='ltr'>ἔννοιαν,</span> <span class='ocrx_word' id='word_1_132' title='bbox 2721 497 2890 553; x_wconf 77' lang='grc' dir='ltr'>εἶκαὶ</span> <span class='ocrx_word' id='word_1_133' title='bbox 2931 503 3008 572; x_wconf 81' lang='grc' dir='ltr'>τῷ</span> <span class='ocrx_word' id='word_1_134' title='bbox 3064 495 3222 575; x_wconf 84' lang='grc' dir='ltr'>Λόγῳ</span> <span class='ocrx_word' id='word_1_135' title='bbox 3272 497 3364 555; x_wconf 83' lang='grc' dir='ltr'>τοῦ</span> <span class='ocrx_word' id='word_1_136' title='bbox 3437 499 3703 574; x_wconf 81' lang='grc' dir='ltr'>στόματος</span> <span class='ocrx_word' id='word_1_137' title='bbox 3768 501 3967 576; x_wconf 81' lang='grc' dir='ltr'>Κυρίου</span> 
     </span>
    </p>
   </div>
   <div class='ocr_carea' id='block_1_22' title="bbox 2295 582 3970 667">
    <p class='ocr_par' dir='ltr' id='par_1_22' title="bbox 2295 582 3970 667">
     <span class='ocr_line' id='line_1_22' title="bbox 2295 582 3970 667; baseline 0.003 -28"><span class='ocrx_word' id='word_1_138' title='bbox 2295 582 2624 665; x_wconf 73' lang='grc' dir='ltr'>διηγόρευεν,</span> <span class='ocrx_word' id='word_1_139' title='bbox 2703 587 2731 642; x_wconf 88' lang='lat'>0</span> <span class='ocrx_word' id='word_1_140' title='bbox 2817 584 3092 665; x_wconf 79' lang='grc' dir='ltr'>θεοπάτωρ</span> <span class='ocrx_word' id='word_1_141' title='bbox 3169 584 3334 642; x_wconf 74' lang='grc' dir='ltr'>Δαυΐδ</span> <span class='ocrx_word' id='word_1_142' title='bbox 3408 587 3758 667; x_wconf 70' lang='grc' dir='ltr'>περεωθῆναι</span> <span class='ocrx_word' id='word_1_143' title='bbox 3837 588 3970 650; x_wconf 74' lang='grc' dir='ltr'>τοὺς</span> 
     </span>
    </p>
   </div>
   <div class='ocr_carea' id='block_1_23' title="bbox 2297 673 3969 757">
    <p class='ocr_par' dir='ltr' id='par_1_23' title="bbox 2297 673 3969 757">
     <span class='ocr_line' id='line_1_23' title="bbox 2297 673 3969 757; baseline 0.001 -27"><span class='ocrx_word' id='word_1_144' title='bbox 2297 675 2567 753; x_wconf 69' lang='grc' dir='ltr'>οὐρανοὺς,</span> <span class='ocrx_word' id='word_1_145' title='bbox 2611 674 2824 736; x_wconf 83' lang='grc' dir='ltr'>πάντως</span> <span class='ocrx_word' id='word_1_146' title='bbox 2899 673 2962 730; x_wconf 77' lang='grc' dir='ltr'>ἂν</span> <span class='ocrx_word' id='word_1_147' title='bbox 3019 676 3232 755; x_wconf 78' lang='grc' dir='ltr'>ὑπῆρχε</span> <span class='ocrx_word' id='word_1_148' title='bbox 3306 681 3718 757; x_wconf 75' lang='grc' dir='ltr'>προσμαρτυρῶν</span> <span class='ocrx_word' id='word_1_149' title='bbox 3772 676 3969 733; x_wconf 72' lang='grc' dir='ltr'>ἰντιῦ-</span> 
     </span>
    </p>
   </div>
   <div class='ocr_carea' id='block_1_24' title="bbox 2293 763 3967 845">
    <p class='ocr_par' dir='ltr' id='par_1_24' title="bbox 2293 763 3967 845">
     <span class='ocr_line' id='line_1_24' title="bbox 2293 763 3967 845; baseline 0.002 -29"><span class='ocrx_word' id='word_1_150' title='bbox 2293 765 2379 817; x_wconf 90' lang='grc' dir='ltr'>θεν</span> <span class='ocrx_word' id='word_1_151' title='bbox 2417 763 2610 838; x_wconf 88' lang='grc' dir='ltr'>καὶτῷ</span> <span class='ocrx_word' id='word_1_152' title='bbox 2667 765 2772 837; x_wconf 83' lang='grc' dir='ltr'>Υἱῷ</span> <span class='ocrx_word' id='word_1_153' title='bbox 2830 763 2920 818; x_wconf 80' lang='grc' dir='ltr'>καὶ</span> <span class='ocrx_word' id='word_1_154' title='bbox 2977 764 3134 843; x_wconf 85' lang='grc' dir='ltr'>Λόγῳ</span> <span class='ocrx_word' id='word_1_155' title='bbox 3187 765 3381 832; x_wconf 75' lang='grc' dir='ltr'>ταύτην</span> <span class='ocrx_word' id='word_1_156' title='bbox 3424 765 3522 832; x_wconf 77' lang='grc' dir='ltr'>τὴν</span> <span class='ocrx_word' id='word_1_157' title='bbox 3573 765 3967 845; x_wconf 67' lang='grc' dir='ltr'>ὶκπορευτικῆν</span> 
     </span>
    </p>
   </div>
   <div class='ocr_carea' id='block_1_25' title="bbox 2295 849 3965 934">
    <p class='ocr_par' dir='ltr' id='par_1_25' title="bbox 2295 849 3965 934">
     <span class='ocr_line' id='line_1_25' title="bbox 2295 849 3965 934; baseline 0.002 -28"><span class='ocrx_word' id='word_1_158' title='bbox 2295 849 2533 919; x_wconf 81' lang='grc' dir='ltr'>ἰδιότητα</span> <span class='ocrx_word' id='word_1_159' title='bbox 2568 869 2583 883; x_wconf 86' lang='grc'>⁶</span> <span class='ocrx_word' id='word_1_160' title='bbox 2649 849 2780 909; x_wconf 89' lang='grc' dir='ltr'>διότι</span> <span class='ocrx_word' id='word_1_161' title='bbox 2827 854 2894 910; x_wconf 78' lang='grc' dir='ltr'>τὰ</span> <span class='ocrx_word' id='word_1_162' title='bbox 2951 859 3045 909; x_wconf 88' lang='grc' dir='ltr'>τοῦ</span> <span class='ocrx_word' id='word_1_163' title='bbox 3101 853 3363 929; x_wconf 85' lang='grc' dir='ltr'>στόματος</span> <span class='ocrx_word' id='word_1_164' title='bbox 3418 854 3660 934; x_wconf 74' lang='grc' dir='ltr'>ἄτεχνῶς</span> <span class='ocrx_word' id='word_1_165' title='bbox 3707 855 3965 934; x_wconf 72' lang='grc' dir='ltr'>ἇκπορευ-</span> 
     </span>
    </p>
   </div>
   <div class='ocr_carea' id='block_1_26' title="bbox 2296 939 3962 1021">
    <p class='ocr_par' dir='ltr' id='par_1_26' title="bbox 2296 939 3962 1021">
     <span class='ocr_line' id='line_1_26' title="bbox 2296 939 3962 1021; baseline 0.002 -26"><span class='ocrx_word' id='word_1_166' title='bbox 2296 939 2461 1014; x_wconf 84' lang='grc' dir='ltr'>όμενα</span> <span class='ocrx_word' id='word_1_167' title='bbox 2515 939 2702 998; x_wconf 90' lang='grc' dir='ltr'>καλεῖν</span> <span class='ocrx_word' id='word_1_168' title='bbox 2747 940 2994 1018; x_wconf 62' lang='grc' dir='ltr'>οἴδαμεν.</span> <span class='ocrx_word' id='word_1_169' title='bbox 3043 961 3074 1003; x_wconf 82' lang='grc'><strong>(</strong></span> <span class='ocrx_word' id='word_1_170' title='bbox 3125 943 3201 1000; x_wconf 78' lang='grc' dir='ltr'>Τὰ</span> <span class='ocrx_word' id='word_1_171' title='bbox 3257 944 3355 1021; x_wconf 79' lang='grc' dir='ltr'>γὰρ</span> <span class='ocrx_word' id='word_1_172' title='bbox 3411 942 3801 1019; x_wconf 73' lang='grc' dir='ltr'>ἐκπορευόμενα</span> <span class='ocrx_word' id='word_1_173' title='bbox 3874 942 3962 998; x_wconf 70' lang='grc' dir='ltr'>διὰ</span> 
     </span>
    </p>
   </div>
   <div class='ocr_carea' id='block_1_27' title="bbox 2295 1027 3955 1108">
    <p class='ocr_par' dir='ltr' id='par_1_27' title="bbox 2295 1027 3955 1108">
     <span class='ocr_line' id='line_1_27' title="bbox 2295 1027 3955 1108; baseline 0.004 -24"><span class='ocrx_word' id='word_1_174' title='bbox 2295 1034 2401 1084; x_wconf 88' lang='grc' dir='ltr'>τῶν</span> <span class='ocrx_word' id='word_1_175' title='bbox 2451 1027 2681 1108; x_wconf 75' lang='grc' dir='ltr'>χειλέων</span> <span class='ocrx_word' id='word_1_176' title='bbox 2740 1052 2840 1106; x_wconf 89' lang='grc' dir='ltr'>μου</span> <span class='ocrx_word' id='word_1_177' title='bbox 2895 1030 2953 1086; x_wconf 76' lang='grc' dir='ltr'>οὗ</span> <span class='ocrx_word' id='word_1_178' title='bbox 3011 1031 3088 1106; x_wconf 80' lang='grc' dir='ltr'>μὴ</span> <span class='ocrx_word' id='word_1_179' title='bbox 3143 1031 3406 1106; x_wconf 74' lang='grc' dir='ltr'>ἀθετήσω,</span> <span class='ocrx_word' id='word_1_180' title='bbox 3441 1052 3472 1089; x_wconf 71' lang='grc' dir='ltr'>ι</span> <span class='ocrx_word' id='word_1_181' title='bbox 3511 1031 3674 1088; x_wconf 76' lang='grc' dir='ltr'>Δαυῗδ</span> <span class='ocrx_word' id='word_1_182' title='bbox 3711 1035 3740 1088; x_wconf 91' lang='lat'>0</span> <span class='ocrx_word' id='word_1_183' title='bbox 3801 1030 3955 1107; x_wconf 67' lang='grc' dir='ltr'>ψάλ-</span> 
     </span>
    </p>
   </div>
   <div class='ocr_carea' id='block_1_28' title="bbox 2297 1115 3955 1199">
    <p class='ocr_par' dir='ltr' id='par_1_28' title="bbox 2297 1115 3955 1199">
     <span class='ocr_line' id='line_1_28' title="bbox 2297 1115 3955 1199; baseline 0.005 -27"><span class='ocrx_word' id='word_1_184' title='bbox 2297 1115 2403 1172; x_wconf 92' lang='grc' dir='ltr'>λων</span> <span class='ocrx_word' id='word_1_185' title='bbox 2454 1117 2697 1199; x_wconf 76' lang='grc' dir='ltr'>ἀλλαχοῦ</span> <span class='ocrx_word' id='word_1_186' title='bbox 2754 1121 2843 1175; x_wconf 87' lang='grc' dir='ltr'>καὶ</span> <span class='ocrx_word' id='word_1_187' title='bbox 2897 1126 3050 1176; x_wconf 90' lang='grc' dir='ltr'>τοῦτο</span> <span class='ocrx_word' id='word_1_188' title='bbox 3089 1142 3268 1198; x_wconf 72' lang='grc' dir='ltr'>φησιν.</span> <span class='ocrx_word' id='word_1_189' title='bbox 3332 1123 3433 1177; x_wconf 82' lang='grc' dir='ltr'>Νῦν</span> <span class='ocrx_word' id='word_1_190' title='bbox 3489 1119 3534 1176; x_wconf 87' lang='grc' dir='ltr'>δ’</span> <span class='ocrx_word' id='word_1_191' title='bbox 3587 1123 3615 1176; x_wconf 81' lang='lat'>0</span> <span class='ocrx_word' id='word_1_192' title='bbox 3645 1143 3955 1196; x_wconf 75' lang='grc' dir='ltr'>πνευματο-</span> 
     </span>
    </p>
   </div>
   <div class='ocr_carea' id='block_1_29' title="bbox 2297 1206 3962 1284">
    <p class='ocr_par' dir='ltr' id='par_1_29' title="bbox 2297 1206 3962 1284">
     <span class='ocr_line' id='line_1_29' title="bbox 2297 1206 3962 1284; baseline 0.001 -23"><span class='ocrx_word' id='word_1_193' title='bbox 2297 1206 2509 1272; x_wconf 87' lang='grc' dir='ltr'>κίνητος</span> <span class='ocrx_word' id='word_1_194' title='bbox 2566 1207 2719 1272; x_wconf 79' lang='grc' dir='ltr'>οὗτος</span> <span class='ocrx_word' id='word_1_195' title='bbox 2759 1215 2837 1281; x_wconf 84' lang='grc' dir='ltr'>τῷ</span> <span class='ocrx_word' id='word_1_196' title='bbox 2898 1231 2926 1262; x_wconf 75' lang='grc' dir='ltr'>ι</span> <span class='ocrx_word' id='word_1_197' title='bbox 2973 1209 3236 1282; x_wconf 85' lang='grc' dir='ltr'>Πνεύματι</span> <span class='ocrx_word' id='word_1_198' title='bbox 3301 1217 3395 1266; x_wconf 86' lang='grc' dir='ltr'>τοῦ</span> <span class='ocrx_word' id='word_1_199' title='bbox 3457 1210 3753 1284; x_wconf 82' lang='grc' dir='ltr'>στόματος,</span> <span class='ocrx_word' id='word_1_200' title='bbox 3782 1231 3813 1269; x_wconf 67' lang='grc' dir='ltr'><strong><em>ι</em></strong></span> <span class='ocrx_word' id='word_1_201' title='bbox 3901 1213 3962 1266; x_wconf 65' lang='lat' dir='ltr'>ob</span> 
     </span>
    </p>
   </div>
   <div class='ocr_carea' id='block_1_30' title="bbox 2299 1295 3962 1376">
    <p class='ocr_par' dir='ltr' id='par_1_30' title="bbox 2299 1295 3962 1376">
     <span class='ocr_line' id='line_1_30' title="bbox 2299 1295 3962 1376; baseline 0.001 -26"><span class='ocrx_word' id='word_1_202' title='bbox 2299 1295 2406 1370; x_wconf 75' lang='grc' dir='ltr'>μὴν</span> <span class='ocrx_word' id='word_1_203' title='bbox 2449 1297 2538 1351; x_wconf 86' lang='grc' dir='ltr'>καὶ</span> <span class='ocrx_word' id='word_1_204' title='bbox 2578 1301 2655 1368; x_wconf 84' lang='grc' dir='ltr'>τῷ</span> <span class='ocrx_word' id='word_1_205' title='bbox 2687 1296 2844 1373; x_wconf 88' lang='grc' dir='ltr'>Λόγῳ</span> <span class='ocrx_word' id='word_1_206' title='bbox 2899 1303 2990 1352; x_wconf 91' lang='grc' dir='ltr'>τοῦ</span> <span class='ocrx_word' id='word_1_207' title='bbox 3022 1298 3286 1372; x_wconf 88' lang='grc' dir='ltr'>στόματος</span> <span class='ocrx_word' id='word_1_208' title='bbox 3343 1299 3592 1376; x_wconf 79' lang='grc' dir='ltr'>εἰρηκὼς,</span> <span class='ocrx_word' id='word_1_209' title='bbox 3653 1297 3962 1375; x_wconf 79' lang='grc' dir='ltr'>ὁμολογου-</span> 
     </span>
    </p>
   </div>
   <div class='ocr_carea' id='block_1_31' title="bbox 2300 1381 3959 1464">
    <p class='ocr_par' dir='ltr' id='par_1_31' title="bbox 2300 1381 3959 1464">
     <span class='ocr_line' id='line_1_31' title="bbox 2300 1381 3959 1464; baseline 0.001 -27"><span class='ocrx_word' id='word_1_210' title='bbox 2300 1381 2474 1458; x_wconf 81' lang='grc' dir='ltr'>μένως</span> <span class='ocrx_word' id='word_1_211' title='bbox 2545 1383 2901 1459; x_wconf 68' lang='grc' dir='ltr'>ἒπιστώσατο,</span> <span class='ocrx_word' id='word_1_212' title='bbox 2980 1383 3127 1459; x_wconf 78' lang='grc' dir='ltr'>μόνῳ</span> <span class='ocrx_word' id='word_1_213' title='bbox 3193 1389 3271 1460; x_wconf 81' lang='grc' dir='ltr'>τῷ</span> <span class='ocrx_word' id='word_1_214' title='bbox 3333 1389 3597 1460; x_wconf 84' lang='grc' dir='ltr'>Πνεύματι</span> <span class='ocrx_word' id='word_1_215' title='bbox 3672 1400 3959 1464; x_wconf 85' lang='grc' dir='ltr'>προσεῖναι</span> 
     </span>
    </p>
   </div>
   <div class='ocr_carea' id='block_1_32' title="bbox 2299 1471 3960 1552">
    <p class='ocr_par' dir='ltr' id='par_1_32' title="bbox 2299 1471 3960 1552">
     <span class='ocr_line' id='line_1_32' title="bbox 2299 1471 3960 1552; baseline 0.003 -25"><span class='ocrx_word' id='word_1_216' title='bbox 2299 1472 2399 1538; x_wconf 78' lang='grc' dir='ltr'>τὴν</span> <span class='ocrx_word' id='word_1_217' title='bbox 2444 1471 2822 1552; x_wconf 72' lang='grc' dir='ltr'>ἔκπορευτικὴν</span> <span class='ocrx_word' id='word_1_218' title='bbox 2895 1471 3155 1540; x_wconf 81' lang='grc' dir='ltr'>ἰδιότητα.</span> <span class='ocrx_word' id='word_1_219' title='bbox 3203 1480 3366 1532; x_wconf 88' lang='grc' dir='ltr'>Τοῦτο</span> <span class='ocrx_word' id='word_1_220' title='bbox 3419 1476 3516 1551; x_wconf 84' lang='grc' dir='ltr'>μὲν</span> <span class='ocrx_word' id='word_1_221' title='bbox 3573 1474 3736 1550; x_wconf 69' lang='grc' dir='ltr'>οὕτω,</span> <span class='ocrx_word' id='word_1_222' title='bbox 3779 1478 3960 1538; x_wconf 82' lang='grc' dir='ltr'>καθὼς</span> 
     </span>
    </p>
   </div>
   <div class='ocr_carea' id='block_1_33' title="bbox 2302 1558 3961 1644">
    <p class='ocr_par' dir='ltr' id='par_1_33' title="bbox 2302 1558 3961 1644">
     <span class='ocr_line' id='line_1_33' title="bbox 2302 1558 3961 1644; baseline 0.004 -30"><span class='ocrx_word' id='word_1_223' title='bbox 2302 1558 2498 1616; x_wconf 81' lang='grc' dir='ltr'>ἄνωθεν</span> <span class='ocrx_word' id='word_1_224' title='bbox 2527 1560 2689 1639; x_wconf 77' lang='grc' dir='ltr'>ἔφθην</span> <span class='ocrx_word' id='word_1_225' title='bbox 2733 1559 3022 1641; x_wconf 73' lang='grc' dir='ltr'>κιαλαόὼν,</span> <span class='ocrx_word' id='word_1_226' title='bbox 3072 1563 3363 1642; x_wconf 86' lang='grc' dir='ltr'>Γρηγόριος</span> <span class='ocrx_word' id='word_1_227' title='bbox 3394 1577 3568 1640; x_wconf 75' lang='grc' dir='ltr'>εϊπεν,</span> <span class='ocrx_word' id='word_1_228' title='bbox 3601 1567 3631 1620; x_wconf 98' lang='lat'>0</span> <span class='ocrx_word' id='word_1_229' title='bbox 3659 1562 3961 1644; x_wconf 82' lang='grc' dir='ltr'>διαπρεπὴς</span> 
     </span>
    </p>
   </div>
   <div class='ocr_carea' id='block_1_34' title="bbox 2300 1648 3958 1733">
    <p class='ocr_par' dir='ltr' id='par_1_34' title="bbox 2300 1648 3958 1733">
     <span class='ocr_line' id='line_1_34' title="bbox 2300 1648 3958 1733; baseline 0.005 -31"><span class='ocrx_word' id='word_1_230' title='bbox 2300 1648 2353 1703; x_wconf 77' lang='grc' dir='ltr'>ἐν</span> <span class='ocrx_word' id='word_1_231' title='bbox 2396 1662 2513 1714; x_wconf 92' lang='grc' dir='ltr'>τοῖς</span> <span class='ocrx_word' id='word_1_232' title='bbox 2568 1649 2852 1730; x_wconf 89' lang='grc' dir='ltr'>δόγμασιν.</span> <span class='ocrx_word' id='word_1_233' title='bbox 2886 1653 2945 1708; x_wconf 77' lang='grc' dir='ltr'>Οἱ</span> <span class='ocrx_word' id='word_1_234' title='bbox 2986 1648 3031 1706; x_wconf 85' lang='grc' dir='ltr'>δ’</span> <span class='ocrx_word' id='word_1_235' title='bbox 3091 1652 3339 1716; x_wconf 71' lang='grc' dir='ltr'>ἰναντίως</span> <span class='ocrx_word' id='word_1_236' title='bbox 3369 1652 3587 1733; x_wconf 78' lang='grc' dir='ltr'>ἔχοντες</span> <span class='ocrx_word' id='word_1_237' title='bbox 3625 1655 3688 1709; x_wconf 77' lang='grc' dir='ltr'>τὸ</span> <span class='ocrx_word' id='word_1_238' title='bbox 3716 1662 3958 1711; x_wconf 82' lang='grc' dir='ltr'>τοιοῦτον</span> 
     </span>
    </p>
   </div>
   <div class='ocr_carea' id='block_1_35' title="bbox 2300 1736 3956 1820">
    <p class='ocr_par' dir='ltr' id='par_1_35' title="bbox 2300 1736 3956 1820">
     <span class='ocr_line' id='line_1_35' title="bbox 2300 1736 3956 1820; baseline 0.001 -25"><span class='ocrx_word' id='word_1_239' title='bbox 2300 1738 2460 1816; x_wconf 81' lang='grc' dir='ltr'>ῥητὸν</span> <span class='ocrx_word' id='word_1_240' title='bbox 2491 1741 2622 1818; x_wconf 85' lang='grc' dir='ltr'>πρὸς</span> <span class='ocrx_word' id='word_1_241' title='bbox 2651 1741 2713 1796; x_wconf 79' lang='grc' dir='ltr'>τὸ</span> <span class='ocrx_word' id='word_1_242' title='bbox 2764 1739 2970 1803; x_wconf 76' lang='grc' dir='ltr'>τούτοις</span> <span class='ocrx_word' id='word_1_243' title='bbox 3015 1736 3200 1796; x_wconf 80' lang='grc' dir='ltr'>δοκοῦν</span> <span class='ocrx_word' id='word_1_244' title='bbox 3229 1741 3585 1820; x_wconf 76' lang='grc' dir='ltr'>κακοσχόλως</span> <span class='ocrx_word' id='word_1_245' title='bbox 3627 1741 3956 1815; x_wconf 75' lang='grc' dir='ltr'>ἠλλοίωσαν,</span> 
     </span>
    </p>
   </div>
   <div class='ocr_carea' id='block_1_36' title="bbox 574 1824 2217 1916">
    <p class='ocr_par' dir='ltr' id='par_1_36' title="bbox 574 1824 2217 1916">
     <span class='ocr_line' id='line_1_36' title="bbox 574 1824 2217 1916; baseline -0.007 -12"><span class='ocrx_word' id='word_1_246' title='bbox 574 1824 692 1904; x_wconf 70' lang='lat' dir='ltr'>nuo</span> <span class='ocrx_word' id='word_1_247' title='bbox 723 1824 1041 1902; x_wconf 64' lang='lat' dir='ltr'>immutare</span> <span class='ocrx_word' id='word_1_248' title='bbox 1073 1824 1414 1912; x_wconf 75' lang='lat' dir='ltr'>intendunt,</span> <span class='ocrx_word' id='word_1_249' title='bbox 1447 1824 1704 1916; x_wconf 43' lang='lat' dir='ltr'>&#39;prorsus</span> <span class='ocrx_word' id='word_1_250' title='bbox 1732 1834 1897 1895; x_wconf 91' lang='lat' dir='ltr'>lusus</span> <span class='ocrx_word' id='word_1_251' title='bbox 1922 1841 2012 1895; x_wconf 91' lang='lat' dir='ltr'>est</span> <span class='ocrx_word' id='word_1_252' title='bbox 2042 1831 2217 1894; x_wconf 91' lang='lat' dir='ltr'>unius</span> 
     </span>
    </p>
   </div>
   <div class='ocr_carea' id='block_1_37' title="bbox 2299 1824 3959 1916">
    <p class='ocr_par' dir='ltr' id='par_1_37' title="bbox 2299 1824 3959 1916">
     <span class='ocr_line' id='line_1_37' title="bbox 2299 1824 3959 1916; baseline 0.003 -34"><span class='ocrx_word' id='word_1_253' title='bbox 2299 1824 2692 1916; x_wconf 80' lang='grc' dir='ltr'>μεταϐαλόντες</span> <span class='ocrx_word' id='word_1_254' title='bbox 2747 1829 2846 1896; x_wconf 77' lang='grc' dir='ltr'>τὴν</span> <span class='ocrx_word' id='word_1_255' title='bbox 2928 1829 3194 1916; x_wconf 72' lang='grc' dir='ltr'>ῌνεύματι</span> <span class='ocrx_word' id='word_1_256' title='bbox 3278 1827 3416 1895; x_wconf 79' lang='grc' dir='ltr'>λέξιν</span> <span class='ocrx_word' id='word_1_257' title='bbox 3501 1833 3571 1896; x_wconf 72' lang='grc' dir='ltr'>εἷς</span> <span class='ocrx_word' id='word_1_258' title='bbox 3633 1833 3733 1894; x_wconf 74' lang='grc' dir='ltr'>τὴν</span> <span class='ocrx_word' id='word_1_259' title='bbox 3792 1832 3959 1909; x_wconf 81' lang='grc' dir='ltr'>Πατρὶ</span> 
     </span>
    </p>
   </div>
   <div class='ocr_carea' id='block_1_38' title="bbox 568 1923 2215 2002">
    <p class='ocr_par' dir='ltr' id='par_1_38' title="bbox 568 1923 2215 2002">
     <span class='ocr_line' id='line_1_38' title="bbox 568 1923 2215 2002; baseline -0.007 -8"><span class='ocrx_word' id='word_1_260' title='bbox 568 1929 956 1994; x_wconf 89' lang='lat' dir='ltr'>immutabilis</span> <span class='ocrx_word' id='word_1_261' title='bbox 1013 1925 1340 1989; x_wconf 91' lang='lat' dir='ltr'>immutatio</span> <span class='ocrx_word' id='word_1_262' title='bbox 1403 1924 1464 1985; x_wconf 91' lang='lat' dir='ltr'>in</span> <span class='ocrx_word' id='word_1_263' title='bbox 1516 1923 1692 1986; x_wconf 88' lang='lat' dir='ltr'>aliam</span> <span class='ocrx_word' id='word_1_264' title='bbox 1719 1931 1776 1985; x_wconf 93' lang='lat' dir='ltr'>et</span> <span class='ocrx_word' id='word_1_265' title='bbox 1797 1923 1986 2002; x_wconf 89' lang='lat' dir='ltr'>ipsam</span> <span class='ocrx_word' id='word_1_266' title='bbox 2034 1939 2215 1983; x_wconf 87' lang='lat' dir='ltr'>unam</span> 
     </span>
    </p>
   </div>
   <div class='ocr_carea' id='block_1_39' title="bbox 573 2010 2216 2082">
    <p class='ocr_par' dir='ltr' id='par_1_39' title="bbox 573 2010 2216 2082">
     <span class='ocr_line' id='line_1_39' title="bbox 573 2010 2216 2082; baseline -0.006 0"><span class='ocrx_word' id='word_1_267' title='bbox 573 2017 1002 2082; x_wconf 89' lang='lat' dir='ltr'>immutabilem</span> <span class='ocrx_word' id='word_1_268' title='bbox 1035 2015 1313 2076; x_wconf 90' lang='lat' dir='ltr'>litteram.</span> <span class='ocrx_word' id='word_1_269' title='bbox 1367 2013 1464 2076; x_wconf 89' lang='lat' dir='ltr'>Sic</span> <span class='ocrx_word' id='word_1_270' title='bbox 1494 2012 1652 2075; x_wconf 89' lang='lat' dir='ltr'>circa</span> <span class='ocrx_word' id='word_1_271' title='bbox 1683 2011 1905 2073; x_wconf 92' lang='lat' dir='ltr'>cultum</span> <span class='ocrx_word' id='word_1_272' title='bbox 1953 2010 2216 2073; x_wconf 87' lang='lat' dir='ltr'>divinum</span> 
     </span>
    </p>
   </div>
   <div class='ocr_carea' id='block_1_40' title="bbox 569 2099 2219 2190">
    <p class='ocr_par' dir='ltr' id='par_1_40' title="bbox 569 2099 2219 2190">
     <span class='ocr_line' id='line_1_40' title="bbox 569 2099 2219 2190; baseline -0.006 -20"><span class='ocrx_word' id='word_1_273' title='bbox 569 2108 654 2190; x_wconf 87' lang='lat' dir='ltr'>pii</span> <span class='ocrx_word' id='word_1_274' title='bbox 683 2107 910 2170; x_wconf 87' lang='lat' dir='ltr'>similes</span> <span class='ocrx_word' id='word_1_275' title='bbox 939 2111 1097 2180; x_wconf 90' lang='lat' dir='ltr'>sunt,</span> <span class='ocrx_word' id='word_1_276' title='bbox 1131 2110 1199 2164; x_wconf 92' lang='lat' dir='ltr'>ut</span> <span class='ocrx_word' id='word_1_277' title='bbox 1225 2101 1566 2164; x_wconf 85' lang='lat' dir='ltr'>veneranda</span> <span class='ocrx_word' id='word_1_278' title='bbox 1598 2118 1884 2181; x_wconf 86' lang='lat' dir='ltr'>sacraque</span> <span class='ocrx_word' id='word_1_279' title='bbox 1939 2099 2219 2180; x_wconf 83' lang='lat' dir='ltr'>dogmata</span> 
     </span>
    </p>
   </div>
   <div class='ocr_carea' id='block_1_41' title="bbox 573 2190 2221 2276">
    <p class='ocr_par' dir='ltr' id='par_1_41' title="bbox 573 2190 2221 2276">
     <span class='ocr_line' id='line_1_41' title="bbox 573 2190 2221 2276; baseline -0.007 -16"><span class='ocrx_word' id='word_1_280' title='bbox 573 2197 744 2260; x_wconf 87' lang='lat' dir='ltr'>cubis</span> <span class='ocrx_word' id='word_1_281' title='bbox 775 2195 938 2276; x_wconf 88' lang='lat' dir='ltr'>paria</span> <span class='ocrx_word' id='word_1_282' title='bbox 965 2193 1202 2265; x_wconf 83' lang='lat' dir='ltr'>faciant,</span> <span class='ocrx_word' id='word_1_283' title='bbox 1235 2209 1560 2272; x_wconf 89' lang='lat' dir='ltr'>eorumque</span> <span class='ocrx_word' id='word_1_284' title='bbox 1580 2209 1757 2252; x_wconf 84' lang='lat' dir='ltr'>voces</span> <span class='ocrx_word' id='word_1_285' title='bbox 1796 2190 2136 2270; x_wconf 81' lang='lat' dir='ltr'>immutare,</span> <span class='ocrx_word' id='word_1_286' title='bbox 2161 2197 2221 2250; x_wconf 91' lang='lat' dir='ltr'>et</span> 
     </span>
    </p>
   </div>
   <div class='ocr_carea' id='block_1_42' title="bbox 572 2278 2216 2367">
    <p class='ocr_par' dir='ltr' id='par_1_42' title="bbox 572 2278 2216 2367">
     <span class='ocr_line' id='line_1_42' title="bbox 572 2278 2216 2367; baseline -0.006 -19"><span class='ocrx_word' id='word_1_287' title='bbox 572 2287 777 2367; x_wconf 88' lang='lat' dir='ltr'>jacere</span> <span class='ocrx_word' id='word_1_288' title='bbox 809 2299 1050 2364; x_wconf 90' lang='lat' dir='ltr'>prorsus</span> <span class='ocrx_word' id='word_1_289' title='bbox 1091 2279 1261 2341; x_wconf 82' lang='lat' dir='ltr'>facile</span> <span class='ocrx_word' id='word_1_290' title='bbox 1289 2287 1348 2341; x_wconf 91' lang='lat' dir='ltr'>et</span> <span class='ocrx_word' id='word_1_291' title='bbox 1377 2298 1552 2360; x_wconf 91' lang='lat' dir='ltr'>quam</span> <span class='ocrx_word' id='word_1_292' title='bbox 1575 2278 2083 2367; x_wconf 79' lang='lat' dir='ltr'>expeditissimum</span> <span class='ocrx_word' id='word_1_293' title='bbox 2115 2296 2216 2339; x_wconf 90' lang='lat' dir='ltr'>re-</span> 
     </span>
    </p>
   </div>
   <div class='ocr_carea' id='block_1_43' title="bbox 575 2366 2220 2456">
    <p class='ocr_par' dir='ltr' id='par_1_43' title="bbox 575 2366 2220 2456">
     <span class='ocr_line' id='line_1_43' title="bbox 575 2366 2220 2456; baseline -0.005 -20"><span class='ocrx_word' id='word_1_294' title='bbox 575 2366 805 2456; x_wconf 87' lang='lat' dir='ltr'>putent,</span> <span class='ocrx_word' id='word_1_295' title='bbox 859 2367 1179 2456; x_wconf 90' lang='lat' dir='ltr'>dummodo</span> <span class='ocrx_word' id='word_1_296' title='bbox 1230 2367 1387 2447; x_wconf 93' lang='lat' dir='ltr'>quod</span> <span class='ocrx_word' id='word_1_297' title='bbox 1434 2367 1550 2456; x_wconf 86' lang='lat' dir='ltr'>sibi</span> <span class='ocrx_word' id='word_1_298' title='bbox 1606 2366 2220 2456; x_wconf 30' lang='lat' dir='ltr'>allubescitpsibique</span> 
     </span>
    </p>
   </div>
   <div class='ocr_carea' id='block_1_44' title="bbox 577 2455 2222 2545">
    <p class='ocr_par' dir='ltr' id='par_1_44' title="bbox 577 2455 2222 2545">
     <span class='ocr_line' id='line_1_44' title="bbox 577 2455 2222 2545; baseline -0.005 -21"><span class='ocrx_word' id='word_1_299' title='bbox 577 2455 935 2545; x_wconf 85' lang='lat' dir='ltr'>proponunt,</span> <span class='ocrx_word' id='word_1_300' title='bbox 971 2455 1504 2519; x_wconf 87' lang='lat' dir='ltr'>corroborent.Sed</span> <span class='ocrx_word' id='word_1_301' title='bbox 1539 2455 1684 2545; x_wconf 72' lang='lat' dir='ltr'>suis</span> <span class='ocrx_word' id='word_1_302' title='bbox 1726 2455 2091 2545; x_wconf 81' lang='lat' dir='ltr'>ipsitechuis</span> <span class='ocrx_word' id='word_1_303' title='bbox 2126 2456 2222 2545; x_wconf 87' lang='lat' dir='ltr'>hic</span> 
     </span>
    </p>
   </div>
   <div class='ocr_carea' id='block_1_45' title="bbox 584 2543 2223 2627">
    <p class='ocr_par' dir='ltr' id='par_1_45' title="bbox 584 2543 2223 2627">
     <span class='ocr_line' id='line_1_45' title="bbox 584 2543 2223 2627; baseline -0.005 -14"><span class='ocrx_word' id='word_1_304' title='bbox 584 2543 759 2614; x_wconf 80' lang='lat' dir='ltr'>etiam</span> <span class='ocrx_word' id='word_1_305' title='bbox 791 2546 1031 2627; x_wconf 90' lang='lat' dir='ltr'>decepti</span> <span class='ocrx_word' id='word_1_306' title='bbox 1052 2553 1210 2619; x_wconf 90' lang='lat' dir='ltr'>sunt,</span> <span class='ocrx_word' id='word_1_307' title='bbox 1244 2554 1367 2606; x_wconf 91' lang='lat' dir='ltr'>tum</span> <span class='ocrx_word' id='word_1_308' title='bbox 1398 2543 1558 2624; x_wconf 90' lang='lat' dir='ltr'>quod</span> <span class='ocrx_word' id='word_1_309' title='bbox 1593 2543 1950 2605; x_wconf 88' lang='lat' dir='ltr'>sententiam</span> <span class='ocrx_word' id='word_1_310' title='bbox 2005 2543 2223 2624; x_wconf 83' lang='lat' dir='ltr'>integri</span> 
     </span>
    </p>
   </div>
   <div class='ocr_carea' id='block_1_46' title="bbox 582 2631 2221 2715">
    <p class='ocr_par' dir='ltr' id='par_1_46' title="bbox 582 2631 2221 2715">
     <span class='ocr_line' id='line_1_46' title="bbox 582 2631 2221 2715; baseline -0.005 -14"><span class='ocrx_word' id='word_1_311' title='bbox 582 2638 725 2701; x_wconf 91' lang='lat' dir='ltr'>dicti</span> <span class='ocrx_word' id='word_1_312' title='bbox 746 2655 866 2698; x_wconf 91' lang='lat' dir='ltr'>non</span> <span class='ocrx_word' id='word_1_313' title='bbox 899 2643 1316 2715; x_wconf 81' lang='lat' dir='ltr'>perceperunt,</span> <span class='ocrx_word' id='word_1_314' title='bbox 1351 2638 1474 2693; x_wconf 92' lang='lat' dir='ltr'>tum</span> <span class='ocrx_word' id='word_1_315' title='bbox 1506 2631 1663 2712; x_wconf 90' lang='lat' dir='ltr'>quod</span> <span class='ocrx_word' id='word_1_316' title='bbox 1716 2632 1906 2713; x_wconf 89' lang='lat' dir='ltr'>majus</span> <span class='ocrx_word' id='word_1_317' title='bbox 1935 2640 2048 2713; x_wconf 83' lang='lat' dir='ltr'>est,</span> <span class='ocrx_word' id='word_1_318' title='bbox 2077 2631 2221 2713; x_wconf 88' lang='lat' dir='ltr'>quin</span> 
     </span>
    </p>
   </div>
   <div class='ocr_carea' id='block_1_47' title="bbox 584 2720 2221 2802">
    <p class='ocr_par' dir='ltr' id='par_1_47' title="bbox 584 2720 2221 2802">
     <span class='ocr_line' id='line_1_47' title="bbox 584 2720 2221 2802; baseline -0.004 -13"><span class='ocrx_word' id='word_1_319' title='bbox 584 2729 702 2788; x_wconf 90' lang='lat' dir='ltr'>imo</span> <span class='ocrx_word' id='word_1_320' title='bbox 737 2725 1079 2802; x_wconf 79' lang='lat' dir='ltr'>maximum,</span> <span class='ocrx_word' id='word_1_321' title='bbox 1111 2721 1281 2802; x_wconf 89' lang='lat' dir='ltr'>quasi</span> <span class='ocrx_word' id='word_1_322' title='bbox 1308 2720 1470 2782; x_wconf 88' lang='lat' dir='ltr'>aliud</span> <span class='ocrx_word' id='word_1_323' title='bbox 1515 2728 1780 2799; x_wconf 79' lang='lat' dir='ltr'>agentes,</span> <span class='ocrx_word' id='word_1_324' title='bbox 1828 2740 1958 2801; x_wconf 70' lang='lat' dir='ltr'>quae</span> <span class='ocrx_word' id='word_1_325' title='bbox 2007 2721 2221 2783; x_wconf 88' lang='lat' dir='ltr'>subse-</span> 
     </span>
    </p>
   </div>
   <div class='ocr_carea' id='block_1_48' title="bbox 583 2810 2219 2898">
    <p class='ocr_par' dir='ltr' id='par_1_48' title="bbox 583 2810 2219 2898">
     <span class='ocr_line' id='line_1_48' title="bbox 583 2810 2219 2898; baseline -0.004 -20"><span class='ocrx_word' id='word_1_326' title='bbox 583 2817 806 2898; x_wconf 87' lang='lat' dir='ltr'>quitur,</span> <span class='ocrx_word' id='word_1_327' title='bbox 840 2816 1190 2882; x_wconf 88' lang='lat' dir='ltr'>orationem,</span> <span class='ocrx_word' id='word_1_328' title='bbox 1223 2818 1289 2871; x_wconf 86' lang='lat' dir='ltr'>nt</span> <span class='ocrx_word' id='word_1_329' title='bbox 1315 2810 1566 2885; x_wconf 82' lang='lat' dir='ltr'>videtur,</span> <span class='ocrx_word' id='word_1_330' title='bbox 1603 2818 1975 2891; x_wconf 79' lang='lat' dir='ltr'>percurrent,</span> <span class='ocrx_word' id='word_1_331' title='bbox 2026 2829 2219 2892; x_wconf 91' lang='lat' dir='ltr'>quan-</span> 
     </span>
    </p>
   </div>
   <div class='ocr_carea' id='block_1_49' title="bbox 582 2899 2223 2986">
    <p class='ocr_par' dir='ltr' id='par_1_49' title="bbox 582 2899 2223 2986">
     <span class='ocr_line' id='line_1_49' title="bbox 582 2899 2223 2986; baseline -0.005 -15"><span class='ocrx_word' id='word_1_332' title='bbox 582 2905 905 2986; x_wconf 91' lang='lat' dir='ltr'>doquidem</span> <span class='ocrx_word' id='word_1_333' title='bbox 937 2902 987 2964; x_wconf 91' lang='lat' dir='ltr'>si</span> <span class='ocrx_word' id='word_1_334' title='bbox 1015 2899 1334 2964; x_wconf 86' lang='lat' dir='ltr'>addecenti</span> <span class='ocrx_word' id='word_1_335' title='bbox 1363 2899 1836 2962; x_wconf 89' lang='lat' dir='ltr'>consideratione</span> <span class='ocrx_word' id='word_1_336' title='bbox 1859 2909 2113 2963; x_wconf 88' lang='lat' dir='ltr'>mentem</span> <span class='ocrx_word' id='word_1_337' title='bbox 2133 2901 2223 2964; x_wconf 92' lang='lat' dir='ltr'>illi</span> 
     </span>
    </p>
   </div>
   <div class='ocr_carea' id='block_1_50' title="bbox 585 2987 2222 3074">
    <p class='ocr_par' dir='ltr' id='par_1_50' title="bbox 585 2987 2222 3074">
     <span class='ocr_line' id='line_1_50' title="bbox 585 2987 2222 3074; baseline -0.004 -18"><span class='ocrx_word' id='word_1_338' title='bbox 585 2995 1004 3074; x_wconf 86' lang='lat' dir='ltr'>applicassent,</span> <span class='ocrx_word' id='word_1_339' title='bbox 1038 2988 1287 3067; x_wconf 87' lang='lat' dir='ltr'>hujusce</span> <span class='ocrx_word' id='word_1_340' title='bbox 1327 2987 1470 3049; x_wconf 90' lang='lat' dir='ltr'>dicti</span> <span class='ocrx_word' id='word_1_341' title='bbox 1501 2989 1942 3068; x_wconf 88' lang='lat' dir='ltr'>corruptionem</span> <span class='ocrx_word' id='word_1_342' title='bbox 1974 3007 2092 3052; x_wconf 88' lang='lat' dir='ltr'>non</span> <span class='ocrx_word' id='word_1_343' title='bbox 2123 2990 2222 3050; x_wconf 80' lang='lat' dir='ltr'>in-</span> 
     </span>
    </p>
   </div>
   <div class='ocr_carea' id='block_1_51' title="bbox 2296 1915 3959 1998">
    <p class='ocr_par' dir='ltr' id='par_1_51' title="bbox 2296 1915 3959 1998">
     <span class='ocr_line' id='line_1_51' title="bbox 2296 1915 3959 1998; baseline 0.002 -28"><span class='ocrx_word' id='word_1_344' title='bbox 2296 1915 2616 1996; x_wconf 65' lang='grc' dir='ltr'>τᾶνάπαλιν,</span> <span class='ocrx_word' id='word_1_345' title='bbox 2667 1916 2727 1972; x_wconf 82' lang='grc' dir='ltr'>οὗ</span> <span class='ocrx_word' id='word_1_346' title='bbox 2777 1917 2899 1974; x_wconf 80' lang='grc' dir='ltr'>κατ⁹</span> <span class='ocrx_word' id='word_1_347' title='bbox 2930 1915 3061 1973; x_wconf 75' lang='grc' dir='ltr'>ἄλλο</span> <span class='ocrx_word' id='word_1_348' title='bbox 3103 1917 3262 1995; x_wconf 77' lang='grc' dir='ltr'>ῥητὸν</span> <span class='ocrx_word' id='word_1_349' title='bbox 3292 1920 3670 1990; x_wconf 78' lang='grc' dir='ltr'>πεποιήκασιν,</span> <span class='ocrx_word' id='word_1_350' title='bbox 3722 1919 3812 1977; x_wconf 84' lang='grc' dir='ltr'>Ἐν</span> <span class='ocrx_word' id='word_1_351' title='bbox 3858 1922 3959 1998; x_wconf 68' lang='grc' dir='ltr'>γὰρ</span> 
     </span>
    </p>
   </div>
   <div class='ocr_carea' id='block_1_52' title="bbox 2299 2003 3958 2088">
    <p class='ocr_par' dir='ltr' id='par_1_52' title="bbox 2299 2003 3958 2088">
     <span class='ocr_line' id='line_1_52' title="bbox 2299 2003 3958 2088; baseline 0.002 -29"><span class='ocrx_word' id='word_1_352' title='bbox 2299 2003 2372 2060; x_wconf 71' lang='grc' dir='ltr'>ἑνὶ</span> <span class='ocrx_word' id='word_1_353' title='bbox 2414 2011 2520 2063; x_wconf 88' lang='grc' dir='ltr'>τῶν</span> <span class='ocrx_word' id='word_1_354' title='bbox 2553 2004 2748 2062; x_wconf 73' lang='grc' dir='ltr'>ἄνωθεν</span> <span class='ocrx_word' id='word_1_355' title='bbox 2793 2004 3149 2085; x_wconf 81' lang='grc' dir='ltr'>προτεθέντων</span> <span class='ocrx_word' id='word_1_356' title='bbox 3205 2015 3298 2064; x_wconf 87' lang='grc' dir='ltr'>τοῦ</span> <span class='ocrx_word' id='word_1_357' title='bbox 3355 2008 3594 2087; x_wconf 81' lang='grc' dir='ltr'>μάκαρος</span> <span class='ocrx_word' id='word_1_358' title='bbox 3645 2005 3958 2088; x_wconf 76' lang='grc' dir='ltr'>Ἐπιφανίου</span> 
     </span>
    </p>
   </div>
   <div class='ocr_carea' id='block_1_53' title="bbox 2299 2090 3957 2171">
    <p class='ocr_par' dir='ltr' id='par_1_53' title="bbox 2299 2090 3957 2171">
     <span class='ocr_line' id='line_1_53' title="bbox 2299 2090 3957 2171; baseline 0.002 -23"><span class='ocrx_word' id='word_1_359' title='bbox 2299 2093 2498 2170; x_wconf 81' lang='grc' dir='ltr'>ῥητῶν,</span> <span class='ocrx_word' id='word_1_360' title='bbox 2548 2090 2838 2168; x_wconf 78' lang='grc' dir='ltr'>μετέϐαλον</span> <span class='ocrx_word' id='word_1_361' title='bbox 2903 2093 3002 2160; x_wconf 73' lang='grc' dir='ltr'>τὴν</span> <span class='ocrx_word' id='word_1_362' title='bbox 3059 2095 3262 2171; x_wconf 82' lang='grc' dir='ltr'>Πατρὸς</span> <span class='ocrx_word' id='word_1_363' title='bbox 3316 2095 3388 2158; x_wconf 80' lang='grc' dir='ltr'>εἷς</span> <span class='ocrx_word' id='word_1_364' title='bbox 3469 2096 3566 2162; x_wconf 73' lang='grc' dir='ltr'>τὴν</span> <span class='ocrx_word' id='word_1_365' title='bbox 3624 2097 3957 2170; x_wconf 73' lang='grc' dir='ltr'>Πνεῦματος,</span> 
     </span>
    </p>
   </div>
   <div class='ocr_carea' id='block_1_54' title="bbox 2301 2179 3959 2262">
    <p class='ocr_par' dir='ltr' id='par_1_54' title="bbox 2301 2179 3959 2262">
     <span class='ocr_line' id='line_1_54' title="bbox 2301 2179 3959 2262; baseline 0 -24"><span class='ocrx_word' id='word_1_366' title='bbox 2301 2182 2474 2246; x_wconf 86' lang='grc' dir='ltr'>καθὼς</span> <span class='ocrx_word' id='word_1_367' title='bbox 2530 2181 2708 2238; x_wconf 73' lang='grc' dir='ltr'>ἐκεῖσε</span> <span class='ocrx_word' id='word_1_368' title='bbox 2780 2179 3230 2262; x_wconf 87' lang='grc' dir='ltr'>παρεδηλώκαμεν</span> <span class='ocrx_word' id='word_1_369' title='bbox 3267 2203 3280 2216; x_wconf 80' lang='grc'><strong>⁸</strong></span> <span class='ocrx_word' id='word_1_370' title='bbox 3346 2182 3438 2240; x_wconf 76' lang='grc' dir='ltr'>ἴνα</span> <span class='ocrx_word' id='word_1_371' title='bbox 3520 2182 3576 2239; x_wconf 78' lang='grc' dir='ltr'>δὲ</span> <span class='ocrx_word' id='word_1_372' title='bbox 3650 2184 3959 2255; x_wconf 78' lang='grc' dir='ltr'>σπουδάζων</span> 
     </span>
    </p>
   </div>
   <div class='ocr_carea' id='block_1_55' title="bbox 2301 2269 3956 2351">
    <p class='ocr_par' dir='ltr' id='par_1_55' title="bbox 2301 2269 3956 2351">
     <span class='ocr_line' id='line_1_55' title="bbox 2301 2269 3956 2351; baseline 0.002 -25"><span class='ocrx_word' id='word_1_373' title='bbox 2301 2271 2389 2327; x_wconf 84' lang='grc' dir='ltr'>καὶ</span> <span class='ocrx_word' id='word_1_374' title='bbox 2443 2269 2747 2350; x_wconf 72' lang='grc' dir='ltr'>προσφαίξω</span> <span class='ocrx_word' id='word_1_375' title='bbox 2801 2292 2859 2327; x_wconf 82' lang='grc' dir='ltr'>τι</span> <span class='ocrx_word' id='word_1_376' title='bbox 2901 2269 3093 2347; x_wconf 79' lang='grc' dir='ltr'>μεταξὺ</span> <span class='ocrx_word' id='word_1_377' title='bbox 3135 2284 3251 2335; x_wconf 80' lang='grc' dir='ltr'>τοῖς</span> <span class='ocrx_word' id='word_1_378' title='bbox 3295 2271 3394 2328; x_wconf 78' lang='grc' dir='ltr'>ὅλα</span> <span class='ocrx_word' id='word_1_379' title='bbox 3439 2273 3575 2351; x_wconf 77' lang='grc' dir='ltr'>ῥητὰ</span> <span class='ocrx_word' id='word_1_380' title='bbox 3604 2271 3956 2349; x_wconf 70' lang='grc' dir='ltr'>μεταόςίλλειν</span> 
     </span>
    </p>
   </div>
   <div class='ocr_carea' id='block_1_56' title="bbox 2301 2357 3958 2440">
    <p class='ocr_par' dir='ltr' id='par_1_56' title="bbox 2301 2357 3958 2440">
     <span class='ocr_line' id='line_1_56' title="bbox 2301 2357 3958 2440; baseline 0.003 -27"><span class='ocrx_word' id='word_1_381' title='bbox 2301 2359 2380 2414; x_wconf 80' lang='grc' dir='ltr'>ἀεὶ</span> <span class='ocrx_word' id='word_1_382' title='bbox 2463 2357 2764 2440; x_wconf 64' lang='grc' dir='ltr'>σπεύδουσι²</span> <span class='ocrx_word' id='word_1_383' title='bbox 2846 2361 3058 2424; x_wconf 86' lang='grc' dir='ltr'>πάντως</span> <span class='ocrx_word' id='word_1_384' title='bbox 3126 2361 3369 2438; x_wconf 84' lang='grc' dir='ltr'>παίγνιον</span> <span class='ocrx_word' id='word_1_385' title='bbox 3455 2362 3570 2425; x_wconf 78' lang='grc' dir='ltr'>ἑνὸς</span> <span class='ocrx_word' id='word_1_386' title='bbox 3629 2359 3958 2437; x_wconf 73' lang='grc' dir='ltr'>ἆμεταϐόλω</span> 
     </span>
    </p>
   </div>
   <div class='ocr_carea' id='block_1_57' title="bbox 2302 2444 3956 2530">
    <p class='ocr_par' dir='ltr' id='par_1_57' title="bbox 2302 2444 3956 2530">
     <span class='ocr_line' id='line_1_57' title="bbox 2302 2444 3956 2530; baseline 0.002 -28"><span class='ocrx_word' id='word_1_387' title='bbox 2302 2444 2598 2524; x_wconf 70' lang='grc' dir='ltr'>μεταϐολὴ,</span> <span class='ocrx_word' id='word_1_388' title='bbox 2651 2450 2783 2526; x_wconf 83' lang='grc' dir='ltr'>πρὸς</span> <span class='ocrx_word' id='word_1_389' title='bbox 2840 2447 3016 2526; x_wconf 73' lang='grc' dir='ltr'>ἕτερον</span> <span class='ocrx_word' id='word_1_390' title='bbox 3074 2449 3162 2504; x_wconf 83' lang='grc' dir='ltr'>καὶ</span> <span class='ocrx_word' id='word_1_391' title='bbox 3192 2449 3315 2506; x_wconf 75' lang='grc' dir='ltr'>αὐτὸ</span> <span class='ocrx_word' id='word_1_392' title='bbox 3345 2462 3622 2530; x_wconf 80' lang='grc' dir='ltr'>στοιχεῖον</span> <span class='ocrx_word' id='word_1_393' title='bbox 3663 2449 3720 2507; x_wconf 75' lang='grc' dir='ltr'>ἓν</span> <span class='ocrx_word' id='word_1_394' title='bbox 3751 2451 3956 2525; x_wconf 79' lang='grc' dir='ltr'>ἆμετέ-</span> 
     </span>
    </p>
   </div>
   <div class='ocr_carea' id='block_1_58' title="bbox 2301 2533 3949 2618">
    <p class='ocr_par' dir='ltr' id='par_1_58' title="bbox 2301 2533 3949 2618">
     <span class='ocr_line' id='line_1_58' title="bbox 2301 2533 3949 2618; baseline 0.002 -27"><span class='ocrx_word' id='word_1_395' title='bbox 2301 2533 2480 2598; x_wconf 75' lang='grc' dir='ltr'>εολον.</span> <span class='ocrx_word' id='word_1_396' title='bbox 2543 2534 2692 2594; x_wconf 76' lang='grc' dir='ltr'>Οὕτω</span> <span class='ocrx_word' id='word_1_397' title='bbox 2733 2535 2930 2612; x_wconf 81' lang='grc' dir='ltr'>κομιεῆ</span> <span class='ocrx_word' id='word_1_398' title='bbox 2975 2538 3092 2616; x_wconf 82' lang='grc' dir='ltr'>περὶ</span> <span class='ocrx_word' id='word_1_399' title='bbox 3135 2539 3200 2594; x_wconf 82' lang='grc' dir='ltr'>τὰ</span> <span class='ocrx_word' id='word_1_400' title='bbox 3249 2540 3366 2595; x_wconf 83' lang='grc' dir='ltr'>θεῖα</span> <span class='ocrx_word' id='word_1_401' title='bbox 3411 2538 3763 2618; x_wconf 76' lang='grc' dir='ltr'>τυγχάνουσιν</span> <span class='ocrx_word' id='word_1_402' title='bbox 3790 2538 3949 2594; x_wconf 76' lang='grc' dir='ltr'>εὗλα-</span> 
     </span>
    </p>
   </div>
   <div class='ocr_carea' id='block_1_59' title="bbox 2302 2622 3949 2708">
    <p class='ocr_par' dir='ltr' id='par_1_59' title="bbox 2302 2622 3949 2708">
     <span class='ocr_line' id='line_1_59' title="bbox 2302 2622 3949 2708; baseline 0.002 -27"><span class='ocrx_word' id='word_1_403' title='bbox 2302 2622 2442 2701; x_wconf 78' lang='grc' dir='ltr'>ϐεῖς,</span> <span class='ocrx_word' id='word_1_404' title='bbox 2528 2627 2600 2690; x_wconf 84' lang='grc' dir='ltr'>ὡς</span> <span class='ocrx_word' id='word_1_405' title='bbox 2684 2623 2862 2691; x_wconf 78' lang='grc' dir='ltr'>κύϐοις</span> <span class='ocrx_word' id='word_1_406' title='bbox 2945 2628 3010 2684; x_wconf 76' lang='grc' dir='ltr'>τὰ</span> <span class='ocrx_word' id='word_1_407' title='bbox 3079 2628 3241 2706; x_wconf 79' lang='grc' dir='ltr'>σεγτὰ</span> <span class='ocrx_word' id='word_1_408' title='bbox 3310 2630 3644 2708; x_wconf 80' lang='grc' dir='ltr'>παρεικάζειν</span> <span class='ocrx_word' id='word_1_409' title='bbox 3698 2630 3787 2685; x_wconf 84' lang='grc' dir='ltr'>καὶ</span> <span class='ocrx_word' id='word_1_410' title='bbox 3840 2630 3949 2707; x_wconf 76' lang='grc' dir='ltr'>ἱερὰ</span> 
     </span>
    </p>
   </div>
   <div class='ocr_carea' id='block_1_60' title="bbox 2303 2712 3946 2796">
    <p class='ocr_par' dir='ltr' id='par_1_60' title="bbox 2303 2712 3946 2796">
     <span class='ocr_line' id='line_1_60' title="bbox 2303 2712 3946 2796; baseline 0.001 -27"><span class='ocrx_word' id='word_1_411' title='bbox 2303 2712 2562 2792; x_wconf 76' lang='grc' dir='ltr'>δόγματα,</span> <span class='ocrx_word' id='word_1_412' title='bbox 2637 2717 2725 2770; x_wconf 81' lang='grc' dir='ltr'>καὶ</span> <span class='ocrx_word' id='word_1_413' title='bbox 2804 2716 2866 2771; x_wconf 78' lang='grc' dir='ltr'>τὸ</span> <span class='ocrx_word' id='word_1_414' title='bbox 2952 2716 3354 2791; x_wconf 78' lang='grc' dir='ltr'>μεταπεττεύιιν</span> <span class='ocrx_word' id='word_1_415' title='bbox 3416 2719 3504 2773; x_wconf 81' lang='grc' dir='ltr'>καὶ</span> <span class='ocrx_word' id='word_1_416' title='bbox 3575 2716 3946 2796; x_wconf 74' lang='grc' dir='ltr'>μεταῤῥιπτεῖν</span> 
     </span>
    </p>
   </div>
   <div class='ocr_carea' id='block_1_61' title="bbox 2303 2803 3944 2886">
    <p class='ocr_par' dir='ltr' id='par_1_61' title="bbox 2303 2803 3944 2886">
     <span class='ocr_line' id='line_1_61' title="bbox 2303 2803 3944 2886; baseline 0.002 -28"><span class='ocrx_word' id='word_1_417' title='bbox 2303 2804 2396 2866; x_wconf 83' lang='grc' dir='ltr'>τὰς</span> <span class='ocrx_word' id='word_1_418' title='bbox 2427 2803 2624 2860; x_wconf 83' lang='grc' dir='ltr'>τούτων</span> <span class='ocrx_word' id='word_1_419' title='bbox 2665 2805 2840 2884; x_wconf 76' lang='grc' dir='ltr'>φωνὰς</span> <span class='ocrx_word' id='word_1_420' title='bbox 2899 2803 3072 2881; x_wconf 77' lang='grc' dir='ltr'>ῥᾳδιον</span> <span class='ocrx_word' id='word_1_421' title='bbox 3124 2805 3395 2870; x_wconf 83' lang='grc' dir='ltr'>παντελῶς</span> <span class='ocrx_word' id='word_1_422' title='bbox 3451 2809 3541 2863; x_wconf 83' lang='grc' dir='ltr'>καὶ</span> <span class='ocrx_word' id='word_1_423' title='bbox 3587 2813 3694 2863; x_wconf 90' lang='grc' dir='ltr'>τῶν</span> <span class='ocrx_word' id='word_1_424' title='bbox 3728 2812 3944 2886; x_wconf 73' lang='grc' dir='ltr'>εὐχερε-</span> 
     </span>
    </p>
   </div>
   <div class='ocr_carea' id='block_1_62' title="bbox 2305 2890 3945 2974">
    <p class='ocr_par' dir='ltr' id='par_1_62' title="bbox 2305 2890 3945 2974">
     <span class='ocr_line' id='line_1_62' title="bbox 2305 2890 3945 2974; baseline 0.001 -27"><span class='ocrx_word' id='word_1_425' title='bbox 2305 2893 2510 2948; x_wconf 84' lang='grc' dir='ltr'>στάτων</span> <span class='ocrx_word' id='word_1_426' title='bbox 2577 2890 2896 2972; x_wconf 75' lang='grc' dir='ltr'>λογίζεσθαι³</span> <span class='ocrx_word' id='word_1_427' title='bbox 2969 2893 3128 2969; x_wconf 88' lang='grc' dir='ltr'>μόνον</span> <span class='ocrx_word' id='word_1_428' title='bbox 3200 2897 3272 2959; x_wconf 83' lang='grc' dir='ltr'>ὡς</span> <span class='ocrx_word' id='word_1_429' title='bbox 3344 2893 3405 2953; x_wconf 69' lang='grc' dir='ltr'>ἂν</span> <span class='ocrx_word' id='word_1_430' title='bbox 3447 2897 3510 2951; x_wconf 84' lang='grc' dir='ltr'>τὸ</span> <span class='ocrx_word' id='word_1_431' title='bbox 3551 2897 3688 2953; x_wconf 74' lang='grc' dir='ltr'>κατὰ</span> <span class='ocrx_word' id='word_1_432' title='bbox 3732 2896 3945 2974; x_wconf 81' lang='grc' dir='ltr'>γνώμην</span> 
     </span>
    </p>
   </div>
   <div class='ocr_carea' id='block_1_63' title="bbox 2307 2979 3947 3063">
    <p class='ocr_par' dir='ltr' id='par_1_63' title="bbox 2307 2979 3947 3063">
     <span class='ocr_line' id='line_1_63' title="bbox 2307 2979 3947 3063; baseline 0.002 -27"><span class='ocrx_word' id='word_1_433' title='bbox 2307 2985 2492 3045; x_wconf 79' lang='grc' dir='ltr'>αὐτοῖς</span> <span class='ocrx_word' id='word_1_434' title='bbox 2556 2983 2642 3038; x_wconf 85' lang='grc' dir='ltr'>καὶ</span> <span class='ocrx_word' id='word_1_435' title='bbox 2711 2981 2840 3061; x_wconf 83' lang='grc' dir='ltr'>ὅπερ</span> <span class='ocrx_word' id='word_1_436' title='bbox 2915 2979 2977 3037; x_wconf 77' lang='grc' dir='ltr'>ἂν</span> <span class='ocrx_word' id='word_1_437' title='bbox 3062 2985 3294 3063; x_wconf 77' lang='grc' dir='ltr'>αἱροῖντο</span> <span class='ocrx_word' id='word_1_438' title='bbox 3374 2987 3731 3056; x_wconf 78' lang='grc' dir='ltr'>συστήσωσιν.</span> <span class='ocrx_word' id='word_1_439' title='bbox 3807 2985 3947 3051; x_wconf 74' lang='grc' dir='ltr'>Πλὴν</span> 
     </span>
    </p>
   </div>
   <div class='ocr_carea' id='block_1_64' title="bbox 584 3070 2217 3157">
    <p class='ocr_par' dir='ltr' id='par_1_64' title="bbox 584 3070 2217 3157">
     <span class='ocr_line' id='line_1_64' title="bbox 584 3070 2217 3157; baseline -0.002 -14"><span class='ocrx_word' id='word_1_440' title='bbox 584 3070 933 3145; x_wconf 76' lang='lat' dir='ltr'>tentassent.</span> <span class='ocrx_word' id='word_1_441' title='bbox 981 3077 1246 3157; x_wconf 88' lang='lat' dir='ltr'>Namque</span> <span class='ocrx_word' id='word_1_442' title='bbox 1294 3095 1540 3156; x_wconf 83' lang='lat' dir='ltr'>magnus</span> <span class='ocrx_word' id='word_1_443' title='bbox 1588 3076 1686 3138; x_wconf 90' lang='lat' dir='ltr'>hic</span> <span class='ocrx_word' id='word_1_444' title='bbox 1743 3077 1831 3138; x_wconf 86' lang='lat' dir='ltr'>vir</span> <span class='ocrx_word' id='word_1_445' title='bbox 1861 3077 2217 3157; x_wconf 85' lang='lat' dir='ltr'>procedendi</span> 
     </span>
    </p>
   </div>
   <div class='ocr_carea' id='block_1_65' title="bbox 2299 3070 3953 3157">
    <p class='ocr_par' dir='ltr' id='par_1_65' title="bbox 2305 3070 3953 3150">
     <span class='ocr_line' id='line_1_65' title="bbox 2305 3070 3953 3150; baseline 0.002 -24"><span class='ocrx_word' id='word_1_446' title='bbox 2305 3071 2605 3137; x_wconf 80' lang='grc' dir='ltr'>ἡπάτηνται</span> <span class='ocrx_word' id='word_1_447' title='bbox 2631 3070 2916 3142; x_wconf 77' lang='grc' dir='ltr'>κάνταῦθα,</span> <span class='ocrx_word' id='word_1_448' title='bbox 2961 3073 3022 3128; x_wconf 80' lang='grc' dir='ltr'>τὸ</span> <span class='ocrx_word' id='word_1_449' title='bbox 3066 3073 3163 3149; x_wconf 80' lang='grc' dir='ltr'>μέν</span> <span class='ocrx_word' id='word_1_450' title='bbox 3212 3073 3308 3130; x_wconf 72' lang='grc' dir='ltr'>οἷα</span> <span class='ocrx_word' id='word_1_451' title='bbox 3356 3072 3619 3150; x_wconf 80' lang='grc' dir='ltr'>μηδαμῶς</span> <span class='ocrx_word' id='word_1_452' title='bbox 3661 3073 3953 3138; x_wconf 76' lang='grc' dir='ltr'>συνιδόντες</span> 
     </span>
    </p>
   </div>
   <div class='ocr_carea' id='block_1_66' title="bbox 584 3157 2217 3254">
    <p class='ocr_par' dir='ltr' id='par_1_66' title="bbox 584 3164 2217 3254">
     <span class='ocr_line' id='line_1_66' title="bbox 584 3164 2217 3254; baseline -0.002 -22"><span class='ocrx_word' id='word_1_453' title='bbox 584 3171 1005 3254; x_wconf 85' lang='lat' dir='ltr'>proprietatem</span> <span class='ocrx_word' id='word_1_454' title='bbox 1066 3165 1426 3254; x_wconf 87' lang='lat' dir='ltr'>procedente</span> <span class='ocrx_word' id='word_1_455' title='bbox 1487 3165 1752 3228; x_wconf 89' lang='lat' dir='ltr'>oratione</span> <span class='ocrx_word' id='word_1_456' title='bbox 1809 3164 2062 3247; x_wconf 88' lang='lat' dir='ltr'>Spiritus</span> <span class='ocrx_word' id='word_1_457' title='bbox 2092 3185 2217 3230; x_wconf 85' lang='lat' dir='ltr'>esse</span> 
     </span>
    </p>
   </div>
   <div class='ocr_carea' id='block_1_67' title="bbox 2299 3157 3954 3254">
    <p class='ocr_par' dir='ltr' id='par_1_67' title="bbox 2305 3157 3954 3254">
     <span class='ocr_line' id='line_1_67' title="bbox 2305 3157 3954 3254; baseline 0.002 -39"><span class='ocrx_word' id='word_1_458' title='bbox 2305 3160 2405 3254; x_wconf 61' lang='grc' dir='ltr'>την</span> <span class='ocrx_word' id='word_1_459' title='bbox 2459 3157 2698 3254; x_wconf 62' lang='grc' dir='ltr'>διάνοιαν</span> <span class='ocrx_word' id='word_1_460' title='bbox 2736 3167 2827 3217; x_wconf 77' lang='grc' dir='ltr'>τοῦ</span> <span class='ocrx_word' id='word_1_461' title='bbox 2868 3159 2994 3254; x_wconf 77' lang='grc' dir='ltr'>ὅλου</span> <span class='ocrx_word' id='word_1_462' title='bbox 3037 3161 3222 3254; x_wconf 62' lang='grc' dir='ltr'>ῥητοῦ,</span> <span class='ocrx_word' id='word_1_463' title='bbox 3266 3164 3326 3218; x_wconf 81' lang='grc' dir='ltr'>τὸ</span> <span class='ocrx_word' id='word_1_464' title='bbox 3364 3161 3420 3219; x_wconf 78' lang='grc' dir='ltr'>δὲ</span> <span class='ocrx_word' id='word_1_465' title='bbox 3451 3170 3659 3240; x_wconf 78' lang='grc' dir='ltr'>μεῖζον,</span> <span class='ocrx_word' id='word_1_466' title='bbox 3690 3164 3728 3232; x_wconf 77' lang='grc' dir='ltr'><strong>ἢ</strong></span> <span class='ocrx_word' id='word_1_467' title='bbox 3752 3163 3954 3240; x_wconf 78' lang='grc' dir='ltr'>μᾶλλον</span> 
     </span>
    </p>
   </div>
   <div class='ocr_carea' id='block_1_68' title="bbox 584 3246 2217 3340">
    <p class='ocr_par' dir='ltr' id='par_1_68' title="bbox 584 3246 2217 3340">
     <span class='ocr_line' id='line_1_68' title="bbox 584 3246 2217 3340; baseline -0.001 -18"><span class='ocrx_word' id='word_1_468' title='bbox 584 3246 783 3322; x_wconf 70' lang='lat' dir='ltr'>notam</span> <span class='ocrx_word' id='word_1_469' title='bbox 815 3246 1114 3340; x_wconf 84' lang='lat' dir='ltr'>propriam</span> <span class='ocrx_word' id='word_1_470' title='bbox 1145 3253 1284 3316; x_wconf 80' lang='lat' dir='ltr'>facit</span> <span class='ocrx_word' id='word_1_471' title='bbox 1311 3254 1408 3316; x_wconf 90' lang='lat' dir='ltr'>his</span> <span class='ocrx_word' id='word_1_472' title='bbox 1430 3254 1745 3335; x_wconf 89' lang='lat' dir='ltr'>ipsissimis</span> <span class='ocrx_word' id='word_1_473' title='bbox 1774 3246 2080 3319; x_wconf 80' lang='lat' dir='ltr'>verbiszUt</span> <span class='ocrx_word' id='word_1_474' title='bbox 2109 3275 2217 3335; x_wconf 68' lang='lat' dir='ltr'>per</span> 
     </span>
    </p>
   </div>
   <div class='ocr_carea' id='block_1_69' title="bbox 2299 3246 3951 3340">
    <p class='ocr_par' dir='ltr' id='par_1_69' title="bbox 2309 3246 3951 3340">
     <span class='ocr_line' id='line_1_69' title="bbox 2309 3246 3951 3340; baseline 0.003 -37"><span class='ocrx_word' id='word_1_475' title='bbox 2309 3248 2581 3340; x_wconf 55' lang='grc' dir='ltr'>μέγιστον³</span> <span class='ocrx_word' id='word_1_476' title='bbox 2639 3246 2734 3340; x_wconf 71' lang='grc' dir='ltr'>οἷα</span> <span class='ocrx_word' id='word_1_477' title='bbox 2789 3246 3050 3340; x_wconf 86' lang='grc' dir='ltr'>προδικῶς</span> <span class='ocrx_word' id='word_1_478' title='bbox 3125 3248 3413 3340; x_wconf 67' lang='grc' dir='ltr'>διελθόντες</span> <span class='ocrx_word' id='word_1_479' title='bbox 3456 3253 3547 3308; x_wconf 79' lang='grc' dir='ltr'>τὸν</span> <span class='ocrx_word' id='word_1_480' title='bbox 3603 3251 3726 3320; x_wconf 78' lang='grc' dir='ltr'>ὲξῆς</span> <span class='ocrx_word' id='word_1_481' title='bbox 3768 3251 3951 3331; x_wconf 72' lang='grc' dir='ltr'>λόγον,</span> 
     </span>
    </p>
   </div>
   <div class='ocr_carea' id='block_1_70' title="bbox 595 3335 2217 3426">
    <p class='ocr_par' dir='ltr' id='par_1_70' title="bbox 595 3335 2217 3426">
     <span class='ocr_line' id='line_1_70' title="bbox 595 3335 2217 3426; baseline -0.005 -15"><span class='ocrx_word' id='word_1_482' title='bbox 595 3335 849 3410; x_wconf 77' lang='lat' dir='ltr'>Verbum</span> <span class='ocrx_word' id='word_1_483' title='bbox 876 3335 956 3409; x_wconf 55' lang='lat' dir='ltr'>ea;~</span> <span class='ocrx_word' id='word_1_484' title='bbox 976 3351 1176 3407; x_wconf 85' lang='lat' dir='ltr'>mente</span> <span class='ocrx_word' id='word_1_485' title='bbox 1195 3344 1413 3406; x_wconf 84' lang='lat' dir='ltr'>divina</span> <span class='ocrx_word' id='word_1_486' title='bbox 1421 3361 1504 3423; x_wconf 85' lang='lat' dir='ltr'>pa</span> <span class='ocrx_word' id='word_1_487' title='bbox 1513 3350 1804 3424; x_wconf 82' lang='lat' dir='ltr'>ternaque</span> <span class='ocrx_word' id='word_1_488' title='bbox 1821 3345 1983 3407; x_wconf 83' lang='lat' dir='ltr'>nulli</span> <span class='ocrx_word' id='word_1_489' title='bbox 2000 3351 2217 3426; x_wconf 75' lang='lat' dir='ltr'>passio.</span> 
     </span>
    </p>
   </div>
   <div class='ocr_carea' id='block_1_71' title="bbox 2299 3335 3952 3426">
    <p class='ocr_par' dir='ltr' id='par_1_71' title="bbox 2305 3335 3952 3420">
     <span class='ocr_line' id='line_1_71' title="bbox 2305 3335 3952 3420; baseline 0.004 -27"><span class='ocrx_word' id='word_1_490' title='bbox 2305 3338 2379 3400; x_wconf 83' lang='grc' dir='ltr'>ὡς</span> <span class='ocrx_word' id='word_1_491' title='bbox 2437 3335 2631 3410; x_wconf 69' lang='grc' dir='ltr'>ἔοικεν,</span> <span class='ocrx_word' id='word_1_492' title='bbox 2692 3335 2929 3420; x_wconf 71' lang='grc' dir='ltr'>ίξπείπιερ⁹</span> <span class='ocrx_word' id='word_1_493' title='bbox 2980 3341 3024 3396; x_wconf 74' lang='grc' dir='ltr'>οἱ</span> <span class='ocrx_word' id='word_1_494' title='bbox 3079 3341 3214 3416; x_wconf 75' lang='grc' dir='ltr'>μετὰ</span> <span class='ocrx_word' id='word_1_495' title='bbox 3264 3338 3589 3418; x_wconf 78' lang='grc' dir='ltr'>διασκέψεως</span> <span class='ocrx_word' id='word_1_496' title='bbox 3646 3342 3952 3420; x_wconf 79' lang='grc' dir='ltr'>πρεπούσης</span> 
     </span>
    </p>
   </div>
   <div class='ocr_carea' id='block_1_72' title="bbox 584 3427 2217 3514">
    <p class='ocr_par' dir='ltr' id='par_1_72' title="bbox 584 3431 2217 3514">
     <span class='ocr_line' id='line_1_72' title="bbox 584 3431 2217 3514; baseline -0.001 -14"><span class='ocrx_word' id='word_1_497' title='bbox 584 3436 992 3499; x_wconf 76' lang='lat' dir='ltr'>niobnoxium</span> <span class='ocrx_word' id='word_1_498' title='bbox 1037 3440 1091 3495; x_wconf 88' lang='lat' dir='ltr'>et</span> <span class='ocrx_word' id='word_1_499' title='bbox 1149 3431 1516 3510; x_wconf 76' lang='lat' dir='ltr'>ineffabilem</span> <span class='ocrx_word' id='word_1_500' title='bbox 1571 3431 1726 3495; x_wconf 86' lang='lat' dir='ltr'>Filii</span> <span class='ocrx_word' id='word_1_501' title='bbox 1777 3436 2217 3514; x_wconf 83' lang='lat' dir='ltr'>generationem</span> 
     </span>
    </p>
   </div>
   <div class='ocr_carea' id='block_1_73' title="bbox 2299 3427 3953 3514">
    <p class='ocr_par' dir='ltr' id='par_1_73' title="bbox 2305 3427 3953 3509">
     <span class='ocr_line' id='line_1_73' title="bbox 2305 3427 3953 3509; baseline 0.004 -28"><span class='ocrx_word' id='word_1_502' title='bbox 2305 3427 2366 3482; x_wconf 78' lang='grc' dir='ltr'>τὸ</span> <span class='ocrx_word' id='word_1_503' title='bbox 2423 3431 2539 3482; x_wconf 91' lang='grc' dir='ltr'>νοῦν</span> <span class='ocrx_word' id='word_1_504' title='bbox 2609 3439 2905 3506; x_wconf 78' lang='grc' dir='ltr'>προσεῖχον</span> <span class='ocrx_word' id='word_1_505' title='bbox 2961 3431 3124 3505; x_wconf 76' lang='grc' dir='ltr'>αὐτῷ,</span> <span class='ocrx_word' id='word_1_506' title='bbox 3189 3437 3284 3488; x_wconf 86' lang='grc' dir='ltr'>τοῦ</span> <span class='ocrx_word' id='word_1_507' title='bbox 3345 3431 3578 3488; x_wconf 83' lang='grc' dir='ltr'>τοιούτου</span> <span class='ocrx_word' id='word_1_508' title='bbox 3633 3431 3796 3509; x_wconf 79' lang='grc' dir='ltr'>ῥητοῦ</span> <span class='ocrx_word' id='word_1_509' title='bbox 3853 3432 3953 3499; x_wconf 72' lang='grc' dir='ltr'>τὴν</span> 
     </span>
    </p>
   </div>
   <div class='ocr_carea' id='block_1_74' title="bbox 584 3513 2217 3606">
    <p class='ocr_par' dir='ltr' id='par_1_74' title="bbox 584 3513 2217 3606">
     <span class='ocr_line' id='line_1_74' title="bbox 584 3513 2217 3606; baseline -0.001 -19"><span class='ocrx_word' id='word_1_510' title='bbox 584 3520 1186 3606; x_wconf 72' lang='grc' dir='ltr'>εαοὶρενετηυε,‹ιαοά</span> <span class='ocrx_word' id='word_1_511' title='bbox 1204 3537 1344 3583; x_wconf 81' lang='lat' dir='ltr'>vero</span> <span class='ocrx_word' id='word_1_512' title='bbox 1355 3521 1501 3583; x_wconf 86' lang='lat' dir='ltr'>dicit</span> <span class='ocrx_word' id='word_1_513' title='bbox 1520 3513 1793 3601; x_wconf 74' lang='lat' dir='ltr'>Spiritus</span> <span class='ocrx_word' id='word_1_514' title='bbox 1807 3525 2217 3605; x_wconf 59' lang='lat' dir='ltr'>oris,sanctiﬁ.</span> 
     </span>
    </p>
   </div>
   <div class='ocr_carea' id='block_1_75' title="bbox 2299 3513 3954 3606">
    <p class='ocr_par' dir='ltr' id='par_1_75' title="bbox 2309 3513 3954 3606">
     <span class='ocr_line' id='line_1_75' title="bbox 2309 3513 3954 3606; baseline 0.005 -36"><span class='ocrx_word' id='word_1_515' title='bbox 2309 3513 2505 3606; x_wconf 75' lang='grc' dir='ltr'>νοθείαν</span> <span class='ocrx_word' id='word_1_516' title='bbox 2692 3515 2754 3572; x_wconf 79' lang='grc' dir='ltr'>ἂν</span> <span class='ocrx_word' id='word_1_517' title='bbox 2795 3514 2901 3606; x_wconf 70' lang='grc' dir='ltr'>οῦδ⁹</span> <span class='ocrx_word' id='word_1_518' title='bbox 2944 3516 3250 3599; x_wconf 70' lang='grc' dir='ltr'>ὶπεχείρουν</span> <span class='ocrx_word' id='word_1_519' title='bbox 3306 3519 3650 3599; x_wconf 65' lang='grc' dir='ltr'>δργᾶσασθαι.</span> <span class='ocrx_word' id='word_1_520' title='bbox 3711 3521 3810 3578; x_wconf 73' lang='grc' dir='ltr'>Καὶ</span> <span class='ocrx_word' id='word_1_521' title='bbox 3852 3521 3954 3600; x_wconf 70' lang='grc' dir='ltr'>γὰρ</span> 
     </span>
    </p>
   </div>
   <div class='ocr_carea' id='block_1_76' title="bbox 583 3603 2217 3690">
    <p class='ocr_par' dir='ltr' id='par_1_76' title="bbox 583 3603 2217 3690">
     <span class='ocr_line' id='line_1_76' title="bbox 583 3603 2217 3690; baseline -0.001 -13"><span class='ocrx_word' id='word_1_522' title='bbox 583 3603 825 3677; x_wconf 76' lang='lat' dir='ltr'>cantem</span> <span class='ocrx_word' id='word_1_523' title='bbox 840 3620 897 3675; x_wconf 81' lang='lat' dir='ltr'>et</span> <span class='ocrx_word' id='word_1_524' title='bbox 917 3608 1293 3674; x_wconf 77' lang='lat' dir='ltr'>essentialem</span> <span class='ocrx_word' id='word_1_525' title='bbox 1313 3611 1618 3690; x_wconf 79' lang='lat' dir='ltr'>virtutem,</span> <span class='ocrx_word' id='word_1_526' title='bbox 1665 3618 1721 3673; x_wconf 88' lang='lat' dir='ltr'>et</span> <span class='ocrx_word' id='word_1_527' title='bbox 1740 3612 1882 3674; x_wconf 81' lang='lat' dir='ltr'>vitae</span> <span class='ocrx_word' id='word_1_528' title='bbox 1901 3603 2217 3677; x_wconf 72' lang='lat' dir='ltr'>auctiicem</span> 
     </span>
    </p>
   </div>
   <div class='ocr_carea' id='block_1_77' title="bbox 2299 3603 3948 3690">
    <p class='ocr_par' dir='ltr' id='par_1_77' title="bbox 2310 3603 3948 3687">
     <span class='ocr_line' id='line_1_77' title="bbox 2310 3603 3948 3687; baseline 0.003 -26"><span class='ocrx_word' id='word_1_529' title='bbox 2310 3603 2459 3668; x_wconf 76' lang='grc' dir='ltr'>οὗτος</span> <span class='ocrx_word' id='word_1_530' title='bbox 2513 3604 2666 3668; x_wconf 75' lang='grc' dir='ltr'>αὐτὸς</span> <span class='ocrx_word' id='word_1_531' title='bbox 2709 3607 2738 3661; x_wconf 90' lang='lat'>0</span> <span class='ocrx_word' id='word_1_532' title='bbox 2781 3603 2949 3685; x_wconf 73' lang='grc' dir='ltr'>μέγας</span> <span class='ocrx_word' id='word_1_533' title='bbox 2988 3610 3088 3676; x_wconf 76' lang='grc' dir='ltr'>τὴν</span> <span class='ocrx_word' id='word_1_534' title='bbox 3131 3608 3506 3687; x_wconf 70' lang='grc' dir='ltr'>ἔκπορευτικήν</span> <span class='ocrx_word' id='word_1_535' title='bbox 3546 3607 3785 3677; x_wconf 77' lang='grc' dir='ltr'>ἰδιότητα</span> <span class='ocrx_word' id='word_1_536' title='bbox 3841 3633 3948 3666; x_wconf 85' lang='grc' dir='ltr'>πα-</span> 
     </span>
    </p>
   </div>
   <div class='ocr_carea' id='block_1_78' title="bbox 583 3691 2217 3784">
    <p class='ocr_par' dir='ltr' id='par_1_78' title="bbox 583 3698 2217 3784">
     <span class='ocr_line' id='line_1_78' title="bbox 583 3698 2217 3784; baseline -0.001 -18"><span class='ocrx_word' id='word_1_537' title='bbox 583 3701 864 3784; x_wconf 78' lang='lat' dir='ltr'>Spiritus</span> <span class='ocrx_word' id='word_1_538' title='bbox 902 3700 1273 3782; x_wconf 76' lang='lat' dir='ltr'>hypostasim</span> <span class='ocrx_word' id='word_1_539' title='bbox 1309 3698 1808 3779; x_wconf 83' lang='lat' dir='ltr'>intelligeremus,</span> <span class='ocrx_word' id='word_1_540' title='bbox 1854 3703 2217 3783; x_wconf 71' lang='lat' dir='ltr'>procedendi</span> 
     </span>
    </p>
   </div>
   <div class='ocr_carea' id='block_1_79' title="bbox 2299 3691 3952 3784">
    <p class='ocr_par' dir='ltr' id='par_1_79' title="bbox 2309 3691 3952 3784">
     <span class='ocr_line' id='line_1_79' title="bbox 2309 3691 3952 3784; baseline 0.005 -36"><span class='ocrx_word' id='word_1_541' title='bbox 2309 3693 2570 3784; x_wconf 78' lang='grc' dir='ltr'>ρακατιὼν</span> <span class='ocrx_word' id='word_1_542' title='bbox 2613 3691 2876 3784; x_wconf 34' lang='grc' dir='ltr'>ᾆριδή-λως</span> <span class='ocrx_word' id='word_1_543' title='bbox 2932 3705 3023 3756; x_wconf 88' lang='grc' dir='ltr'>τοῦ</span> <span class='ocrx_word' id='word_1_544' title='bbox 3079 3696 3586 3784; x_wconf 46' lang='grc' dir='ltr'>Πνεῦματοςῌλέγεί</span> <span class='ocrx_word' id='word_1_545' title='bbox 3619 3720 3952 3779; x_wconf 82' lang='grc' dir='ltr'>καρακτηρι-</span> 
     </span>
    </p>
   </div>
   <div class='ocr_carea' id='block_1_80' title="bbox 579 3777 2217 3875">
    <p class='ocr_par' dir='ltr' id='par_1_80' title="bbox 579 3777 2217 3875">
     <span class='ocr_line' id='line_1_80' title="bbox 579 3777 2217 3875; baseline 0 -20"><span class='ocrx_word' id='word_1_546' title='bbox 579 3777 970 3875; x_wconf 63' lang='grc' dir='ltr'>ρῖπορνὶθιιιιίὲ</span> <span class='ocrx_word' id='word_1_547' title='bbox 987 3777 1235 3852; x_wconf 76' lang='lat' dir='ltr'>nomine</span> <span class='ocrx_word' id='word_1_548' title='bbox 1257 3777 1661 3867; x_wconf 77' lang='lat' dir='ltr'>designatum.</span> <span class='ocrx_word' id='word_1_549' title='bbox 1695 3788 1765 3851; x_wconf 91' lang='lat' dir='ltr'>Et</span> <span class='ocrx_word' id='word_1_550' title='bbox 1793 3777 2028 3854; x_wconf 71' lang='lat' dir='ltr'>sanctus</span> <span class='ocrx_word' id='word_1_551' title='bbox 2061 3792 2217 3855; x_wconf 76' lang='lat' dir='ltr'>Pater</span> 
     </span>
    </p>
   </div>
   <div class='ocr_carea' id='block_1_81' title="bbox 2299 3777 3956 3875">
    <p class='ocr_par' dir='ltr' id='par_1_81' title="bbox 2313 3777 3956 3863">
     <span class='ocr_line' id='line_1_81' title="bbox 2313 3777 3956 3863; baseline 0.005 -26"><span class='ocrx_word' id='word_1_552' title='bbox 2313 3781 2523 3856; x_wconf 78' lang='grc' dir='ltr'>στικὴν,</span> <span class='ocrx_word' id='word_1_553' title='bbox 2556 3783 2720 3839; x_wconf 89' lang='grc' dir='ltr'>ταῦτα</span> <span class='ocrx_word' id='word_1_554' title='bbox 2750 3781 2922 3862; x_wconf 77' lang='grc' dir='ltr'>ῥητῶς</span> <span class='ocrx_word' id='word_1_555' title='bbox 2951 3784 3278 3862; x_wconf 69' lang='grc' dir='ltr'>ἰκτιθὲμενος</span> <span class='ocrx_word' id='word_1_556' title='bbox 3315 3803 3330 3818; x_wconf 83' lang='grc'><strong>’</strong></span> <span class='ocrx_word' id='word_1_557' title='bbox 3399 3777 3523 3846; x_wconf 74' lang='grc' dir='ltr'>υΙνα</span> <span class='ocrx_word' id='word_1_558' title='bbox 3577 3786 3662 3846; x_wconf 73' lang='grc' dir='ltr'>διὰ</span> <span class='ocrx_word' id='word_1_559' title='bbox 3693 3777 3818 3863; x_wconf 77' lang='grc' dir='ltr'>μὲν</span> <span class='ocrx_word' id='word_1_560' title='bbox 3862 3777 3956 3845; x_wconf 78' lang='grc' dir='ltr'>τοῦ</span> 
     </span>
    </p>
   </div>
   <div class='ocr_carea' id='block_1_82' title="bbox 589 3871 2217 3961">
    <p class='ocr_par' dir='ltr' id='par_1_82' title="bbox 589 3871 2217 3961">
     <span class='ocr_line' id='line_1_82' title="bbox 589 3871 2217 3961; baseline 0 -17"><span class='ocrx_word' id='word_1_561' title='bbox 589 3871 935 3944; x_wconf 54' lang='lat' dir='ltr'>Anastasius</span> <span class='ocrx_word' id='word_1_562' title='bbox 959 3877 1382 3959; x_wconf 88' lang='lat' dir='ltr'>proprietatem</span> <span class='ocrx_word' id='word_1_563' title='bbox 1402 3877 1586 3938; x_wconf 86' lang='lat' dir='ltr'>divini</span> <span class='ocrx_word' id='word_1_564' title='bbox 1599 3877 1852 3958; x_wconf 87' lang='lat' dir='ltr'>Spiritus</span> <span class='ocrx_word' id='word_1_565' title='bbox 1863 3882 2086 3961; x_wconf 91' lang='lat' dir='ltr'>optime</span> <span class='ocrx_word' id='word_1_566' title='bbox 2103 3882 2217 3944; x_wconf 86' lang='lat' dir='ltr'>cal-</span> 
     </span>
    </p>
   </div>
   <div class='ocr_carea' id='block_1_83' title="bbox 2299 3871 3960 3961">
    <p class='ocr_par' dir='ltr' id='par_1_83' title="bbox 2313 3871 3960 3961">
     <span class='ocr_line' id='line_1_83' title="bbox 2313 3871 3960 3961; baseline 0.005 -36"><span class='ocrx_word' id='word_1_567' title='bbox 2313 3872 2483 3961; x_wconf 62' lang='grc' dir='ltr'>ᾼὸγον</span> <span class='ocrx_word' id='word_1_568' title='bbox 2552 3871 2720 3961; x_wconf 69' lang='grc' dir='ltr'>εἰπεῖν</span> <span class='ocrx_word' id='word_1_569' title='bbox 2775 3873 2874 3940; x_wconf 80' lang='grc' dir='ltr'>τὴν</span> <span class='ocrx_word' id='word_1_570' title='bbox 2916 3875 2989 3938; x_wconf 82' lang='grc' dir='ltr'>ὡς</span> <span class='ocrx_word' id='word_1_571' title='bbox 3047 3874 3108 3932; x_wconf 68' lang='grc' dir='ltr'>ἐκ</span> <span class='ocrx_word' id='word_1_572' title='bbox 3148 3875 3236 3933; x_wconf 83' lang='grc' dir='ltr'>νοῦ</span> <span class='ocrx_word' id='word_1_573' title='bbox 3276 3875 3368 3933; x_wconf 81' lang='grc' dir='ltr'>τοῦ</span> <span class='ocrx_word' id='word_1_574' title='bbox 3430 3883 3560 3934; x_wconf 87' lang='grc' dir='ltr'>Θεοῦ</span> <span class='ocrx_word' id='word_1_575' title='bbox 3613 3878 3702 3935; x_wconf 86' lang='grc' dir='ltr'>καὶ</span> <span class='ocrx_word' id='word_1_576' title='bbox 3751 3880 3960 3957; x_wconf 76' lang='grc' dir='ltr'>Πατρὸς</span> 
     </span>
    </p>
   </div>
   <div class='ocr_carea' id='block_1_84' title="bbox 589 3959 2217 4052">
    <p class='ocr_par' dir='ltr' id='par_1_84' title="bbox 589 3959 2217 4052">
     <span class='ocr_line' id='line_1_84' title="bbox 589 3959 2217 4052; baseline 0.002 -22"><span class='ocrx_word' id='word_1_577' title='bbox 589 3971 720 4032; x_wconf 91' lang='lat' dir='ltr'>lens</span> <span class='ocrx_word' id='word_1_578' title='bbox 739 3986 869 4030; x_wconf 89' lang='lat' dir='ltr'>esse</span> <span class='ocrx_word' id='word_1_579' title='bbox 882 3966 1294 4047; x_wconf 81' lang='lat' dir='ltr'>procedere,in</span> <span class='ocrx_word' id='word_1_580' title='bbox 1313 3973 1474 4026; x_wconf 86' lang='lat' dir='ltr'>sexto</span> <span class='ocrx_word' id='word_1_581' title='bbox 1495 3965 1727 4028; x_wconf 91' lang='lat' dir='ltr'>decimo</span> <span class='ocrx_word' id='word_1_582' title='bbox 1749 3959 2108 4052; x_wconf 80' lang='lat' dir='ltr'>capitelibri,</span> <span class='ocrx_word' id='word_1_583' title='bbox 2135 3973 2217 4033; x_wconf 74' lang='lat' dir='ltr'>cui</span> 
     </span>
    </p>
   </div>
   <div class='ocr_carea' id='block_1_85' title="bbox 2299 3959 3959 4052">
    <p class='ocr_par' dir='ltr' id='par_1_85' title="bbox 2311 3959 3959 4052">
     <span class='ocr_line' id='line_1_85' title="bbox 2311 3959 3959 4052; baseline 0.005 -36"><span class='ocrx_word' id='word_1_584' title='bbox 2311 3959 2677 4052; x_wconf 70' lang='grc' dir='ltr'>ἅπαθεστάτην</span> <span class='ocrx_word' id='word_1_585' title='bbox 2767 3962 2855 4017; x_wconf 82' lang='grc' dir='ltr'>καὶ</span> <span class='ocrx_word' id='word_1_586' title='bbox 2939 3961 3162 4042; x_wconf 78' lang='grc' dir='ltr'>ἄῤῥητον</span> <span class='ocrx_word' id='word_1_587' title='bbox 3257 3972 3350 4022; x_wconf 86' lang='grc' dir='ltr'>τοῦ</span> <span class='ocrx_word' id='word_1_588' title='bbox 3444 3969 3566 4023; x_wconf 74' lang='grc' dir='ltr'>Υἱοῦ</span> <span class='ocrx_word' id='word_1_589' title='bbox 3645 3965 3959 4046; x_wconf 73' lang='grc' dir='ltr'>παραδεξώ-</span> 
     </span>
    </p>
   </div>
   <div class='ocr_carea' id='block_1_86' title="bbox 591 4047 2217 4137">
    <p class='ocr_par' dir='ltr' id='par_1_86' title="bbox 591 4047 2217 4137">
     <span class='ocr_line' id='line_1_86' title="bbox 591 4047 2217 4137; baseline 0.001 -16"><span class='ocrx_word' id='word_1_590' title='bbox 591 4077 808 4121; x_wconf 87' lang='lat' dir='ltr'>nomen</span> <span class='ocrx_word' id='word_1_591' title='bbox 830 4057 1023 4137; x_wconf 87' lang='lat' dir='ltr'>Odego</span> <span class='ocrx_word' id='word_1_592' title='bbox 1042 4061 1367 4134; x_wconf 87' lang='lat' dir='ltr'>est,aperte</span> <span class='ocrx_word' id='word_1_593' title='bbox 1387 4054 1663 4136; x_wconf 87' lang='lat' dir='ltr'>clareque</span> <span class='ocrx_word' id='word_1_594' title='bbox 1686 4057 2025 4136; x_wconf 89' lang='lat' dir='ltr'>pronuntiat</span> <span class='ocrx_word' id='word_1_595' title='bbox 2057 4077 2070 4122; x_wconf 93' lang='lat'>:</span> <span class='ocrx_word' id='word_1_596' title='bbox 2095 4047 2217 4123; x_wconf 67' lang='grc' dir='ltr'>’Νε-</span> 
     </span>
    </p>
   </div>
   <div class='ocr_carea' id='block_1_87' title="bbox 2299 4047 3962 4137">
    <p class='ocr_par' dir='ltr' id='par_1_87' title="bbox 2316 4047 3962 4137">
     <span class='ocr_line' id='line_1_87' title="bbox 2316 4047 3962 4137; baseline 0.006 -34"><span class='ocrx_word' id='word_1_597' title='bbox 2316 4051 2447 4137; x_wconf 82' lang='grc' dir='ltr'>μεθα</span> <span class='ocrx_word' id='word_1_598' title='bbox 2528 4047 2795 4128; x_wconf 75' lang='grc' dir='ltr'>γέννησιν,</span> <span class='ocrx_word' id='word_1_599' title='bbox 2885 4049 2971 4107; x_wconf 79' lang='grc' dir='ltr'>διὰ</span> <span class='ocrx_word' id='word_1_600' title='bbox 3073 4050 3128 4108; x_wconf 80' lang='grc' dir='ltr'>δὲ</span> <span class='ocrx_word' id='word_1_601' title='bbox 3223 4061 3314 4110; x_wconf 89' lang='grc' dir='ltr'>τοῦ</span> <span class='ocrx_word' id='word_1_602' title='bbox 3409 4054 3670 4134; x_wconf 77' lang='grc' dir='ltr'>εἰρηκέναι</span> <span class='ocrx_word' id='word_1_603' title='bbox 3747 4062 3962 4133; x_wconf 79' lang='grc' dir='ltr'>Πνεῦμα</span> 
     </span>
    </p>
   </div>
   <div class='ocr_carea' id='block_1_88' title="bbox 593 4136 2217 4230">
    <p class='ocr_par' dir='ltr' id='par_1_88' title="bbox 593 4136 2217 4230">
     <span class='ocr_line' id='line_1_88' title="bbox 593 4136 2217 4230; baseline -0.001 -19"><span class='ocrx_word' id='word_1_604' title='bbox 593 4165 709 4230; x_wconf 90' lang='lat' dir='ltr'>que</span> <span class='ocrx_word' id='word_1_605' title='bbox 720 4151 892 4209; x_wconf 81' lang='lat' dir='ltr'>enim</span> <span class='ocrx_word' id='word_1_606' title='bbox 914 4136 1193 4224; x_wconf 83' lang='lat' dir='ltr'>ingenita</span> <span class='ocrx_word' id='word_1_607' title='bbox 1210 4143 1419 4205; x_wconf 86' lang='lat' dir='ltr'>Patris</span> <span class='ocrx_word' id='word_1_608' title='bbox 1439 4160 1702 4223; x_wconf 82' lang='lat' dir='ltr'>persona</span> <span class='ocrx_word' id='word_1_609' title='bbox 1731 4161 1972 4207; x_wconf 84' lang='lat' dir='ltr'>carnem</span> <span class='ocrx_word' id='word_1_610' title='bbox 1992 4165 2217 4210; x_wconf 85' lang='lat' dir='ltr'>assum-</span> 
     </span>
    </p>
   </div>
   <div class='ocr_carea' id='block_1_89' title="bbox 2299 4136 3958 4230">
    <p class='ocr_par' dir='ltr' id='par_1_89' title="bbox 2317 4136 3958 4220">
     <span class='ocr_line' id='line_1_89' title="bbox 2317 4136 3958 4220; baseline 0.006 -29"><span class='ocrx_word' id='word_1_611' title='bbox 2317 4136 2578 4213; x_wconf 87' lang='grc' dir='ltr'>στόματος</span> <span class='ocrx_word' id='word_1_612' title='bbox 2661 4139 2760 4202; x_wconf 77' lang='grc' dir='ltr'>τὴν</span> <span class='ocrx_word' id='word_1_613' title='bbox 2853 4141 3166 4219; x_wconf 74' lang='grc' dir='ltr'>ἂγιαστικὴν</span> <span class='ocrx_word' id='word_1_614' title='bbox 3248 4143 3336 4199; x_wconf 82' lang='grc' dir='ltr'>καὶ</span> <span class='ocrx_word' id='word_1_615' title='bbox 3428 4141 3657 4212; x_wconf 79' lang='grc' dir='ltr'>οὖσιώδη</span> <span class='ocrx_word' id='word_1_616' title='bbox 3741 4142 3958 4220; x_wconf 82' lang='grc' dir='ltr'>δύναμιν</span> 
     </span>
    </p>
   </div>
   <div class='ocr_carea' id='block_1_90' title="bbox 587 4225 2217 4324">
    <p class='ocr_par' dir='ltr' id='par_1_90' title="bbox 587 4225 2210 4324">
     <span class='ocr_line' id='line_1_90' title="bbox 587 4225 2210 4324; baseline -0.001 -24"><span class='ocrx_word' id='word_1_617' title='bbox 587 4225 941 4324; x_wconf 71' lang='lat' dir='ltr'>psil,neque_</span> <span class='ocrx_word' id='word_1_618' title='bbox 967 4232 1304 4324; x_wconf 68' lang='lat' dir='ltr'>procedens</span> <span class='ocrx_word' id='word_1_619' title='bbox 1324 4233 1526 4324; x_wconf 74' lang='lat' dir='ltr'>sancti</span> <span class='ocrx_word' id='word_1_620' title='bbox 1565 4231 1835 4324; x_wconf 69' lang='lat' dir='ltr'>Spiritus</span> <span class='ocrx_word' id='word_1_621' title='bbox 1868 4234 2210 4324; x_wconf 75' lang='lat' dir='ltr'>hypostasis</span> 
     </span>
    </p>
   </div>
   <div class='ocr_carea' id='block_1_91' title="bbox 2299 4225 3957 4324">
    <p class='ocr_par' dir='ltr' id='par_1_91' title="bbox 2316 4225 3957 4324">
     <span class='ocr_line' id='line_1_91' title="bbox 2316 4225 3957 4324; baseline 0.008 -45"><span class='ocrx_word' id='word_1_622' title='bbox 2316 4225 2404 4324; x_wconf 56' lang='grc' dir='ltr'>καὶ</span> <span class='ocrx_word' id='word_1_623' title='bbox 2484 4227 2792 4306; x_wconf 81' lang='grc' dir='ltr'>ζωαρχικὴν</span> <span class='ocrx_word' id='word_1_624' title='bbox 2861 4235 2952 4286; x_wconf 86' lang='grc' dir='ltr'>τοῦ</span> <span class='ocrx_word' id='word_1_625' title='bbox 3022 4232 3324 4306; x_wconf 79' lang='grc' dir='ltr'>Πνεύματος</span> <span class='ocrx_word' id='word_1_626' title='bbox 3405 4233 3684 4290; x_wconf 65' lang='grc' dir='ltr'>ὅποστασιν</span> <span class='ocrx_word' id='word_1_627' title='bbox 3751 4233 3957 4292; x_wconf 76' lang='grc' dir='ltr'>ὑπολά-</span> 
     </span>
    </p>
   </div>
   <div class='ocr_carea' id='block_1_92' title="bbox 593 4312 2217 4406">
    <p class='ocr_par' dir='ltr' id='par_1_92' title="bbox 593 4312 2217 4406">
     <span class='ocr_line' id='line_1_92' title="bbox 593 4312 2217 4406; baseline -0.002 -16"><span class='ocrx_word' id='word_1_628' title='bbox 593 4312 670 4391; x_wconf 78' lang='grc' dir='ltr'>Ει</span> <span class='ocrx_word' id='word_1_629' title='bbox 697 4312 808 4387; x_wconf 70' lang='lat' dir='ltr'>hac</span> <span class='ocrx_word' id='word_1_630' title='bbox 828 4312 1065 4386; x_wconf 75' lang='lat' dir='ltr'>ratione</span> <span class='ocrx_word' id='word_1_631' title='bbox 1092 4319 1453 4403; x_wconf 88' lang='lat' dir='ltr'>procedendi</span> <span class='ocrx_word' id='word_1_632' title='bbox 1503 4312 1929 4402; x_wconf 75' lang='lat' dir='ltr'>proprietatem</span> <span class='ocrx_word' id='word_1_633' title='bbox 1946 4312 1965 4317; x_wconf 61' lang='grc'><em>”</em></span> <span class='ocrx_word' id='word_1_634' title='bbox 1985 4322 2217 4406; x_wconf 80' lang='lat' dir='ltr'>Spiritu:</span> 
     </span>
    </p>
   </div>
   <div class='ocr_carea' id='block_1_93' title="bbox 2299 4312 3960 4406">
    <p class='ocr_par' dir='ltr' id='par_1_93' title="bbox 2317 4312 3960 4406">
     <span class='ocr_line' id='line_1_93' title="bbox 2317 4312 3960 4406; baseline 0.005 -37"><span class='ocrx_word' id='word_1_635' title='bbox 2317 4312 2520 4406; x_wconf 50' lang='grc' dir='ltr'>δῶμεν)</span> <span class='ocrx_word' id='word_1_636' title='bbox 2589 4337 2667 4391; x_wconf 90' lang='grc' dir='ltr'>τῳ</span> <span class='ocrx_word' id='word_1_637' title='bbox 2753 4318 2851 4385; x_wconf 79' lang='grc' dir='ltr'>τῆς</span> <span class='ocrx_word' id='word_1_638' title='bbox 2927 4321 3311 4399; x_wconf 65' lang='grc' dir='ltr'>ξκπορευτικῆς</span> <span class='ocrx_word' id='word_1_639' title='bbox 3407 4320 3666 4390; x_wconf 73' lang='grc' dir='ltr'>ἰδιότητος</span> <span class='ocrx_word' id='word_1_640' title='bbox 3737 4323 3960 4399; x_wconf 81' lang='grc' dir='ltr'>ὀνόματι</span> 
     </span>
    </p>
   </div>
   <div class='ocr_carea' id='block_1_94' title="bbox 597 4401 2217 4495">
    <p class='ocr_par' dir='ltr' id='par_1_94' title="bbox 597 4401 2217 4495">
     <span class='ocr_line' id='line_1_94' title="bbox 597 4401 2217 4495; baseline -0.004 -16"><span class='ocrx_word' id='word_1_641' title='bbox 597 4433 729 4479; x_wconf 91' lang='lat' dir='ltr'>esse</span> <span class='ocrx_word' id='word_1_642' title='bbox 751 4401 1109 4492; x_wconf 70' lang='lat' dir='ltr'>ostendens,</span> <span class='ocrx_word' id='word_1_643' title='bbox 1132 4408 1336 4471; x_wconf 90' lang='lat' dir='ltr'>multis</span> <span class='ocrx_word' id='word_1_644' title='bbox 1368 4401 1548 4491; x_wconf 80' lang='lat' dir='ltr'>supra</span> <span class='ocrx_word' id='word_1_645' title='bbox 1569 4401 1787 4473; x_wconf 88' lang='lat' dir='ltr'>laudati</span> <span class='ocrx_word' id='word_1_646' title='bbox 1809 4411 1952 4476; x_wconf 88' lang='lat' dir='ltr'>dicti</span> <span class='ocrx_word' id='word_1_647' title='bbox 1981 4401 2217 4495; x_wconf 83' lang='lat' dir='ltr'>corrup-</span> 
     </span>
    </p>
   </div>
   <div class='ocr_carea' id='block_1_95' title="bbox 2299 4401 3958 4495">
    <p class='ocr_par' dir='ltr' id='par_1_95' title="bbox 2318 4401 3958 4495">
     <span class='ocr_line' id='line_1_95' title="bbox 2318 4401 3958 4495; baseline 0.007 -36"><span class='ocrx_word' id='word_1_648' title='bbox 2318 4401 2566 4495; x_wconf 73' lang='grc' dir='ltr'>δηλονότι</span> <span class='ocrx_word' id='word_1_649' title='bbox 2650 4409 3191 4488; x_wconf 79' lang='grc' dir='ltr'>καρακτηριζομένην.</span> <span class='ocrx_word' id='word_1_650' title='bbox 3280 4412 3377 4470; x_wconf 83' lang='grc' dir='ltr'>Καὶ</span> <span class='ocrx_word' id='word_1_651' title='bbox 3458 4415 3486 4468; x_wconf 93' lang='lat'>0</span> <span class='ocrx_word' id='word_1_652' title='bbox 3544 4412 3599 4469; x_wconf 69' lang='grc' dir='ltr'>ἐν</span> <span class='ocrx_word' id='word_1_653' title='bbox 3665 4413 3841 4493; x_wconf 71' lang='grc' dir='ltr'>ἁγίοις</span> <span class='ocrx_word' id='word_1_654' title='bbox 3905 4412 3958 4469; x_wconf 67' lang='grc' dir='ltr'>δᾶ</span> 
     </span>
    </p>
   </div>
   <div class='ocr_carea' id='block_1_96' title="bbox 596 4491 2217 4578">
    <p class='ocr_par' dir='ltr' id='par_1_96' title="bbox 596 4491 2217 4578">
     <span class='ocr_line' id='line_1_96' title="bbox 596 4491 2217 4578; baseline -0.004 -10"><span class='ocrx_word' id='word_1_655' title='bbox 596 4505 821 4569; x_wconf 90' lang='lat' dir='ltr'>tionem</span> <span class='ocrx_word' id='word_1_656' title='bbox 852 4491 1337 4565; x_wconf 75' lang='lat' dir='ltr'>manifeStissime</span> <span class='ocrx_word' id='word_1_657' title='bbox 1383 4500 1694 4578; x_wconf 85' lang='lat' dir='ltr'>palamque</span> <span class='ocrx_word' id='word_1_658' title='bbox 1727 4500 1966 4567; x_wconf 84' lang='lat' dir='ltr'>refellit.</span> <span class='ocrx_word' id='word_1_659' title='bbox 2012 4491 2217 4575; x_wconf 76' lang='lat' dir='ltr'>Quibu:</span> 
     </span>
    </p>
   </div>
   <div class='ocr_carea' id='block_1_97' title="bbox 2299 4491 3958 4578">
    <p class='ocr_par' dir='ltr' id='par_1_97' title="bbox 2317 4491 3958 4576">
     <span class='ocr_line' id='line_1_97' title="bbox 2317 4491 3958 4576; baseline 0.008 -28"><span class='ocrx_word' id='word_1_660' title='bbox 2317 4493 2502 4573; x_wconf 81' lang='grc' dir='ltr'>Πατὴρ</span> <span class='ocrx_word' id='word_1_661' title='bbox 2542 4491 2918 4571; x_wconf 78' lang='grc' dir='ltr'>Ἀναστάσιος,</span> <span class='ocrx_word' id='word_1_662' title='bbox 2978 4496 3126 4562; x_wconf 82' lang='grc' dir='ltr'>εἰδὼς</span> <span class='ocrx_word' id='word_1_663' title='bbox 3183 4496 3371 4576; x_wconf 76' lang='grc' dir='ltr'>ἰδίωμα</span> <span class='ocrx_word' id='word_1_664' title='bbox 3445 4509 3537 4560; x_wconf 89' lang='grc' dir='ltr'>τοῦ</span> <span class='ocrx_word' id='word_1_665' title='bbox 3596 4491 3734 4560; x_wconf 83' lang='grc' dir='ltr'>θείου</span> <span class='ocrx_word' id='word_1_666' title='bbox 3790 4504 3958 4560; x_wconf 62' lang='lat' dir='ltr'>Ilvati-</span> 
     </span>
    </p>
   </div>
   <div class='ocr_carea' id='block_1_98' title="bbox 598 4582 2217 4674">
    <p class='ocr_par' dir='ltr' id='par_1_98' title="bbox 598 4586 2217 4672">
     <span class='ocr_line' id='line_1_98' title="bbox 598 4586 2217 4672; baseline -0.002 -15"><span class='ocrx_word' id='word_1_667' title='bbox 598 4593 917 4657; x_wconf 89' lang='lat' dir='ltr'>admodum</span> <span class='ocrx_word' id='word_1_668' title='bbox 951 4587 1266 4672; x_wconf 87' lang='lat' dir='ltr'>perspicue</span> <span class='ocrx_word' id='word_1_669' title='bbox 1311 4586 1671 4666; x_wconf 85' lang='lat' dir='ltr'>inclarescit,</span> <span class='ocrx_word' id='word_1_670' title='bbox 1723 4588 1920 4670; x_wconf 89' lang='lat' dir='ltr'>ipsum</span> <span class='ocrx_word' id='word_1_671' title='bbox 1973 4591 2217 4654; x_wconf 84' lang='lat' dir='ltr'>divinun</span> 
     </span>
    </p>
   </div>
   <div class='ocr_carea' id='block_1_99' title="bbox 2299 4582 3959 4674">
    <p class='ocr_par' dir='ltr' id='par_1_99' title="bbox 2320 4582 3959 4674">
     <span class='ocr_line' id='line_1_99' title="bbox 2320 4582 3959 4674; baseline 0.008 -38"><span class='ocrx_word' id='word_1_672' title='bbox 2320 4603 2486 4674; x_wconf 79' lang='grc' dir='ltr'>ματος</span> <span class='ocrx_word' id='word_1_673' title='bbox 2529 4582 2672 4640; x_wconf 77' lang='grc' dir='ltr'>εἶναι</span> <span class='ocrx_word' id='word_1_674' title='bbox 2712 4584 2773 4640; x_wconf 84' lang='grc' dir='ltr'>τδ</span> <span class='ocrx_word' id='word_1_675' title='bbox 2815 4584 3180 4665; x_wconf 79' lang='grc' dir='ltr'>ὲκπορευτικὸν</span> <span class='ocrx_word' id='word_1_676' title='bbox 3237 4591 3290 4646; x_wconf 68' lang='grc' dir='ltr'>ιν</span> <span class='ocrx_word' id='word_1_677' title='bbox 3345 4670 3358 4674; x_wconf 76' lang='lat'><em>_</em></span> <span class='ocrx_word' id='word_1_678' title='bbox 3377 4588 3727 4666; x_wconf 64' lang='grc' dir='ltr'>δξκαιδεκάτῳ</span> <span class='ocrx_word' id='word_1_679' title='bbox 3792 4613 3959 4674; x_wconf 68' lang='grc' dir='ltr'>κεφα-</span> 
     </span>
    </p>
   </div>
   <div class='ocr_carea' id='block_1_100' title="bbox 600 4670 2217 4762">
    <p class='ocr_par' dir='ltr' id='par_1_100' title="bbox 600 4670 2217 4762">
     <span class='ocr_line' id='line_1_100' title="bbox 600 4670 2217 4762; baseline -0.004 -14"><span class='ocrx_word' id='word_1_680' title='bbox 600 4670 968 4762; x_wconf 76' lang='lat' dir='ltr'>Gregorium</span> <span class='ocrx_word' id='word_1_681' title='bbox 998 4676 1282 4758; x_wconf 73' lang='lat' dir='ltr'>Spiritum</span> <span class='ocrx_word' id='word_1_682' title='bbox 1339 4684 1612 4738; x_wconf 81' lang='lat' dir='ltr'>sanctum</span> <span class='ocrx_word' id='word_1_683' title='bbox 1643 4696 1763 4739; x_wconf 88' lang='lat' dir='ltr'>non</span> <span class='ocrx_word' id='word_1_684' title='bbox 1814 4697 1885 4741; x_wconf 82' lang='lat' dir='ltr'>ex</span> <span class='ocrx_word' id='word_1_685' title='bbox 1913 4679 2037 4742; x_wconf 91' lang='lat' dir='ltr'>solo</span> <span class='ocrx_word' id='word_1_686' title='bbox 2069 4683 2217 4741; x_wconf 66' lang='lat' dir='ltr'>Patr:</span> 
     </span>
    </p>
   </div>
   <div class='ocr_carea' id='block_1_101' title="bbox 2299 4670 3960 4762">
    <p class='ocr_par' dir='ltr' id='par_1_101' title="bbox 2321 4670 3960 4758">
     <span class='ocr_line' id='line_1_101' title="bbox 2321 4670 3960 4758; baseline 0.01 -30"><span class='ocrx_word' id='word_1_687' title='bbox 2321 4671 2456 4746; x_wconf 81' lang='grc' dir='ltr'>λαίῳ</span> <span class='ocrx_word' id='word_1_688' title='bbox 2509 4677 2608 4740; x_wconf 82' lang='grc' dir='ltr'>τῆς</span> <span class='ocrx_word' id='word_1_689' title='bbox 2681 4675 2836 4732; x_wconf 78' lang='grc' dir='ltr'>αὐτοῦ</span> <span class='ocrx_word' id='word_1_690' title='bbox 2916 4674 3096 4754; x_wconf 78' lang='grc' dir='ltr'>βίϐλου</span> <span class='ocrx_word' id='word_1_691' title='bbox 3167 4683 3269 4746; x_wconf 81' lang='grc' dir='ltr'>τῆς</span> <span class='ocrx_word' id='word_1_692' title='bbox 3343 4670 3569 4758; x_wconf 79' lang='grc' dir='ltr'>Ὀδηγοῦ</span> <span class='ocrx_word' id='word_1_693' title='bbox 3625 4670 3960 4758; x_wconf 72' lang='grc' dir='ltr'>κεκλῃμένης</span> 
     </span>
    </p>
   </div>
   <div class='ocr_carea' id='block_1_102' title="bbox 601 4762 2217 4856">
    <p class='ocr_par' dir='ltr' id='par_1_102' title="bbox 601 4765 2217 4856">
     <span class='ocr_line' id='line_1_102' title="bbox 601 4765 2217 4856; baseline -0.002 -20"><span class='ocrx_word' id='word_1_694' title='bbox 601 4773 928 4856; x_wconf 86' lang='lat' dir='ltr'>procedere</span> <span class='ocrx_word' id='word_1_695' title='bbox 958 4787 1154 4848; x_wconf 89' lang='lat' dir='ltr'>neque</span> <span class='ocrx_word' id='word_1_696' title='bbox 1184 4765 1436 4856; x_wconf 84' lang='lat' dir='ltr'>indicto</span> <span class='ocrx_word' id='word_1_697' title='bbox 1468 4765 1590 4847; x_wconf 89' lang='lat' dir='ltr'>jam</span> <span class='ocrx_word' id='word_1_698' title='bbox 1623 4769 1898 4850; x_wconf 89' lang='lat' dir='ltr'>apposito</span> <span class='ocrx_word' id='word_1_699' title='bbox 1933 4770 2217 4833; x_wconf 73' lang='lat' dir='ltr'>decrevis-</span> 
     </span>
    </p>
   </div>
   <div class='ocr_carea' id='block_1_103' title="bbox 2299 4762 3960 4856">
    <p class='ocr_par' dir='ltr' id='par_1_103' title="bbox 2319 4762 3960 4856">
     <span class='ocr_line' id='line_1_103' title="bbox 2319 4762 3960 4856; baseline 0.006 -40"><span class='ocrx_word' id='word_1_700' title='bbox 2319 4762 2630 4856; x_wconf 69' lang='grc' dir='ltr'>παρίστησι,</span> <span class='ocrx_word' id='word_1_701' title='bbox 2707 4771 2910 4844; x_wconf 83' lang='grc' dir='ltr'>τρανῶς</span> <span class='ocrx_word' id='word_1_702' title='bbox 3000 4765 3131 4845; x_wconf 71' lang='grc' dir='ltr'>ἄγαν</span> <span class='ocrx_word' id='word_1_703' title='bbox 3223 4768 3456 4844; x_wconf 68' lang='grc' dir='ltr'>φάμενος</span> <span class='ocrx_word' id='word_1_704' title='bbox 3488 4785 3502 4801; x_wconf 81' lang='grc'><strong><em>⁸</em></strong></span> <span class='ocrx_word' id='word_1_705' title='bbox 3590 4770 3663 4829; x_wconf 71' lang='grc' dir='ltr'>Οὐ</span> <span class='ocrx_word' id='word_1_706' title='bbox 3735 4771 3840 4851; x_wconf 79' lang='grc' dir='ltr'>γάρ</span> <span class='ocrx_word' id='word_1_707' title='bbox 3904 4772 3960 4826; x_wconf 77' lang='grc' dir='ltr'>τὺ</span> 
     </span>
    </p>
   </div>
   <div class='ocr_carea' id='block_1_104' title="bbox 600 4851 2217 4942">
    <p class='ocr_par' dir='ltr' id='par_1_104' title="bbox 600 4851 2217 4942">
     <span class='ocr_line' id='line_1_104' title="bbox 600 4851 2217 4942; baseline -0.002 -17"><span class='ocrx_word' id='word_1_708' title='bbox 600 4851 686 4936; x_wconf 79' lang='lat' dir='ltr'>se,</span> <span class='ocrx_word' id='word_1_709' title='bbox 722 4879 916 4942; x_wconf 90' lang='lat' dir='ltr'>neque</span> <span class='ocrx_word' id='word_1_710' title='bbox 945 4859 1008 4919; x_wconf 90' lang='lat' dir='ltr'>in</span> <span class='ocrx_word' id='word_1_711' title='bbox 1037 4856 1170 4919; x_wconf 89' lang='lat' dir='ltr'>aliis</span> <span class='ocrx_word' id='word_1_712' title='bbox 1191 4855 1314 4918; x_wconf 91' lang='lat' dir='ltr'>suis</span> <span class='ocrx_word' id='word_1_713' title='bbox 1337 4855 1534 4930; x_wconf 85' lang='lat' dir='ltr'>dictis,</span> <span class='ocrx_word' id='word_1_714' title='bbox 1577 4857 1639 4918; x_wconf 89' lang='lat' dir='ltr'>in</span> <span class='ocrx_word' id='word_1_715' title='bbox 1665 4857 1883 4938; x_wconf 91' lang='lat' dir='ltr'>quibus</span> <span class='ocrx_word' id='word_1_716' title='bbox 1911 4859 1987 4922; x_wconf 88' lang='lat' dir='ltr'>de</span> <span class='ocrx_word' id='word_1_717' title='bbox 2015 4859 2217 4941; x_wconf 70' lang='lat' dir='ltr'>Spiritu</span> 
     </span>
    </p>
   </div>
   <div class='ocr_carea' id='block_1_105' title="bbox 2299 4851 3961 4942">
    <p class='ocr_par' dir='ltr' id='par_1_105' title="bbox 2322 4851 3961 4942">
     <span class='ocr_line' id='line_1_105' title="bbox 2322 4851 3961 4942; baseline 0.01 -38"><span class='ocrx_word' id='word_1_718' title='bbox 2322 4851 2608 4942; x_wconf 79' lang='grc' dir='ltr'>ἀγέννητον</span> <span class='ocrx_word' id='word_1_719' title='bbox 2727 4863 2820 4914; x_wconf 85' lang='grc' dir='ltr'>τοῦ</span> <span class='ocrx_word' id='word_1_720' title='bbox 2928 4859 3127 4937; x_wconf 78' lang='grc' dir='ltr'>Πατρὸς</span> <span class='ocrx_word' id='word_1_721' title='bbox 3248 4859 3528 4939; x_wconf 87' lang='grc' dir='ltr'>πρόσωπον</span> <span class='ocrx_word' id='word_1_722' title='bbox 3665 4861 3961 4941; x_wconf 69' lang='grc' dir='ltr'>ἂσαρκώθη,</span> 
     </span>
    </p>
   </div>
   <div class='ocr_carea' id='block_1_106' title="bbox 602 4941 2217 5034">
    <p class='ocr_par' dir='ltr' id='par_1_106' title="bbox 602 4941 2217 5034">
     <span class='ocr_line' id='line_1_106' title="bbox 602 4941 2217 5034; baseline -0.004 -19"><span class='ocrx_word' id='word_1_723' title='bbox 602 4941 1201 5034; x_wconf 83' lang='lat' dir='ltr'>pertractavit.Quare</span> <span class='ocrx_word' id='word_1_724' title='bbox 1223 4944 1754 5008; x_wconf 88' lang='lat' dir='ltr'>contradicentium</span> <span class='ocrx_word' id='word_1_725' title='bbox 1774 4947 1944 5010; x_wconf 92' lang='lat' dir='ltr'>nobis</span> <span class='ocrx_word' id='word_1_726' title='bbox 1967 4949 2217 5011; x_wconf 74' lang='lat' dir='ltr'>instanti:</span> 
     </span>
    </p>
   </div>
   <div class='ocr_carea' id='block_1_107' title="bbox 2299 4941 3964 5034">
    <p class='ocr_par' dir='ltr' id='par_1_107' title="bbox 2323 4941 3964 5034">
     <span class='ocr_line' id='line_1_107' title="bbox 2323 4941 3964 5034; baseline 0.005 -35"><span class='ocrx_word' id='word_1_727' title='bbox 2323 4941 2444 4999; x_wconf 67' lang='grc' dir='ltr'>οὔτε</span> <span class='ocrx_word' id='word_1_728' title='bbox 2529 4942 2636 5018; x_wconf 78' lang='grc' dir='ltr'>μὴν</span> <span class='ocrx_word' id='word_1_729' title='bbox 2718 4944 2753 5013; x_wconf 79' lang='grc' dir='ltr'><strong>ἡ</strong></span> <span class='ocrx_word' id='word_1_730' title='bbox 2774 5033 2789 5034; x_wconf 16' lang='grc' dir='ltr'>η</span> <span class='ocrx_word' id='word_1_731' title='bbox 2835 4944 3177 5026; x_wconf 67' lang='grc' dir='ltr'>ἦκπορευτικὴ</span> <span class='ocrx_word' id='word_1_732' title='bbox 3256 4959 3351 5009; x_wconf 85' lang='grc' dir='ltr'>τοῦ</span> <span class='ocrx_word' id='word_1_733' title='bbox 3430 4951 3579 5030; x_wconf 80' lang='grc' dir='ltr'>ἁγίου</span> <span class='ocrx_word' id='word_1_734' title='bbox 3663 4951 3964 5027; x_wconf 78' lang='grc' dir='ltr'>Πνεόματος</span> 
     </span>
    </p>
   </div>
   <div class='ocr_carea' id='block_1_108' title="bbox 600 5033 2217 5123">
    <p class='ocr_par' dir='ltr' id='par_1_108' title="bbox 600 5033 1640 5123">
     <span class='ocr_line' id='line_1_108' title="bbox 600 5033 1640 5123; baseline -0.004 -19"><span class='ocrx_word' id='word_1_735' title='bbox 600 5033 844 5123; x_wconf 81' lang='lat' dir='ltr'>prorsus</span> <span class='ocrx_word' id='word_1_736' title='bbox 871 5055 1074 5101; x_wconf 88' lang='lat' dir='ltr'>eversa</span> <span class='ocrx_word' id='word_1_737' title='bbox 1091 5041 1502 5117; x_wconf 89' lang='lat' dir='ltr'>prostrataque</span> <span class='ocrx_word' id='word_1_738' title='bbox 1531 5043 1640 5100; x_wconf 88' lang='lat' dir='ltr'>est.</span> 
     </span>
    </p>
   </div>
   <div class='ocr_carea' id='block_1_109' title="bbox 2299 5033 3967 5123">
    <p class='ocr_par' dir='ltr' id='par_1_109' title="bbox 2325 5033 3967 5120">
     <span class='ocr_line' id='line_1_109' title="bbox 2325 5033 3967 5120; baseline 0.004 -30"><span class='ocrx_word' id='word_1_739' title='bbox 2325 5034 2638 5099; x_wconf 79' lang='grc' dir='ltr'>ὑπόστασις.</span> <span class='ocrx_word' id='word_1_740' title='bbox 2722 5033 2872 5093; x_wconf 73' lang='grc' dir='ltr'>Οὕτω</span> <span class='ocrx_word' id='word_1_741' title='bbox 2956 5037 3051 5113; x_wconf 79' lang='grc' dir='ltr'>μὲν</span> <span class='ocrx_word' id='word_1_742' title='bbox 3127 5041 3154 5094; x_wconf 89' lang='lat'>0</span> <span class='ocrx_word' id='word_1_743' title='bbox 3210 5037 3368 5117; x_wconf 87' lang='grc' dir='ltr'>λόγος</span> <span class='ocrx_word' id='word_1_744' title='bbox 3437 5040 3536 5108; x_wconf 79' lang='grc' dir='ltr'>τὴν</span> <span class='ocrx_word' id='word_1_745' title='bbox 3593 5039 3967 5120; x_wconf 69' lang='grc' dir='ltr'>ἆκπορευτικὴν</span> 
     </span>
    </p>
   </div>
   <div class='ocr_carea' id='block_1_110' title="bbox 600 5125 3968 5212">
    <p class='ocr_par' dir='ltr' id='par_1_110' title="bbox 600 5125 3968 5212">
     <span class='ocr_line' id='line_1_110' title="bbox 600 5125 3968 5212; baseline 0 -24"><span class='ocrx_word' id='word_1_746' title='bbox 600 5130 838 5199; x_wconf 81' lang='grc' dir='ltr'>ἰδιότητα</span> <span class='ocrx_word' id='word_1_747' title='bbox 909 5127 1075 5194; x_wconf 75' lang='grc' dir='ltr'>δείξας</span> <span class='ocrx_word' id='word_1_748' title='bbox 1157 5129 1334 5182; x_wconf 84' lang='grc' dir='ltr'>τελεῖν</span> <span class='ocrx_word' id='word_1_749' title='bbox 1413 5132 1506 5212; x_wconf 89' lang='grc' dir='ltr'>τοῦ</span> <span class='ocrx_word' id='word_1_750' title='bbox 1551 5127 1852 5203; x_wconf 82' lang='grc' dir='ltr'>Πνεὺματος</span> <span class='ocrx_word' id='word_1_751' title='bbox 1948 5128 2240 5212; x_wconf 84' lang='grc' dir='ltr'>πολλαχῶς</span> <span class='ocrx_word' id='word_1_752' title='bbox 2339 5128 2566 5185; x_wconf 73' lang='grc' dir='ltr'>ἐντεῦθεν</span> <span class='ocrx_word' id='word_1_753' title='bbox 2638 5125 2734 5194; x_wconf 78' lang='grc' dir='ltr'>τὴν</span> <span class='ocrx_word' id='word_1_754' title='bbox 2789 5129 3122 5208; x_wconf 79' lang='grc' dir='ltr'>παραφθορὰν</span> <span class='ocrx_word' id='word_1_755' title='bbox 3202 5135 3297 5186; x_wconf 88' lang='grc' dir='ltr'>τοῦ</span> <span class='ocrx_word' id='word_1_756' title='bbox 3364 5127 3738 5211; x_wconf 73' lang='grc' dir='ltr'>διαληφθέντος</span> <span class='ocrx_word' id='word_1_757' title='bbox 3808 5131 3968 5209; x_wconf 83' lang='grc' dir='ltr'>ῥητοῦ</span> 
     </span>
    </p>
   </div>
   <div class='ocr_carea' id='block_1_111' title="bbox 603 5211 3967 5301">
    <p class='ocr_par' dir='ltr' id='par_1_111' title="bbox 603 5211 3967 5301">
     <span class='ocr_line' id='line_1_111' title="bbox 603 5211 3967 5301; baseline -0 -24"><span class='ocrx_word' id='word_1_758' title='bbox 603 5221 905 5300; x_wconf 80' lang='grc' dir='ltr'>σαφέστατα</span> <span class='ocrx_word' id='word_1_759' title='bbox 956 5217 1044 5274; x_wconf 80' lang='grc' dir='ltr'>καὶ</span> <span class='ocrx_word' id='word_1_760' title='bbox 1099 5211 1378 5295; x_wconf 75' lang='grc' dir='ltr'>προδήλως</span> <span class='ocrx_word' id='word_1_761' title='bbox 1448 5211 1738 5295; x_wconf 77' lang='grc' dir='ltr'>διήλεγξεν.</span> <span class='ocrx_word' id='word_1_762' title='bbox 1813 5216 1899 5284; x_wconf 79' lang='grc' dir='ltr'>Ἐξ</span> <span class='ocrx_word' id='word_1_763' title='bbox 1941 5216 2040 5276; x_wconf 84' lang='grc' dir='ltr'>δῶν</span> <span class='ocrx_word' id='word_1_764' title='bbox 2133 5211 2246 5278; x_wconf 86' lang='grc' dir='ltr'>λίαν</span> <span class='ocrx_word' id='word_1_765' title='bbox 2318 5216 2677 5296; x_wconf 66' lang='grc' dir='ltr'>ἀναπέφανται</span> <span class='ocrx_word' id='word_1_766' title='bbox 2733 5220 2972 5294; x_wconf 81' lang='grc' dir='ltr'>καθαρῶς</span> <span class='ocrx_word' id='word_1_767' title='bbox 3041 5217 3122 5275; x_wconf 78' lang='grc' dir='ltr'>ὅτι</span> <span class='ocrx_word' id='word_1_768' title='bbox 3179 5217 3308 5295; x_wconf 81' lang='grc' dir='ltr'>μηδ’</span> <span class='ocrx_word' id='word_1_769' title='bbox 3365 5221 3522 5284; x_wconf 70' lang='grc' dir='ltr'>αὐτὸς</span> <span class='ocrx_word' id='word_1_770' title='bbox 3550 5222 3579 5276; x_wconf 89' lang='lat'>0</span> <span class='ocrx_word' id='word_1_771' title='bbox 3646 5223 3794 5286; x_wconf 80' lang='grc' dir='ltr'>θεῖος</span> <span class='ocrx_word' id='word_1_772' title='bbox 3823 5225 3967 5301; x_wconf 81' lang='grc' dir='ltr'>Γρη-</span> 
     </span>
    </p>
   </div>
   <div class='ocr_carea' id='block_1_112' title="bbox 604 5303 3969 5390">
    <p class='ocr_par' dir='ltr' id='par_1_112' title="bbox 604 5303 3969 5390">
     <span class='ocr_line' id='line_1_112' title="bbox 604 5303 3969 5390; baseline -0.001 -23"><span class='ocrx_word' id='word_1_773' title='bbox 604 5311 780 5389; x_wconf 84' lang='grc' dir='ltr'>γόριος</span> <span class='ocrx_word' id='word_1_774' title='bbox 837 5311 899 5365; x_wconf 76' lang='grc' dir='ltr'>τὸ</span> <span class='ocrx_word' id='word_1_775' title='bbox 956 5312 1168 5381; x_wconf 82' lang='grc' dir='ltr'>Πνεῦμα</span> <span class='ocrx_word' id='word_1_776' title='bbox 1221 5305 1281 5359; x_wconf 83' lang='grc' dir='ltr'>τὸ</span> <span class='ocrx_word' id='word_1_777' title='bbox 1345 5303 1498 5382; x_wconf 74' lang='grc' dir='ltr'>ἅγιον</span> <span class='ocrx_word' id='word_1_778' title='bbox 1554 5305 1614 5362; x_wconf 83' lang='grc' dir='ltr'>ὲκ</span> <span class='ocrx_word' id='word_1_779' title='bbox 1679 5307 1841 5381; x_wconf 88' lang='grc' dir='ltr'>μόνου</span> <span class='ocrx_word' id='word_1_780' title='bbox 1905 5315 1997 5365; x_wconf 88' lang='grc' dir='ltr'>τοῦ</span> <span class='ocrx_word' id='word_1_781' title='bbox 2051 5312 2256 5390; x_wconf 78' lang='grc' dir='ltr'>Πατρὸς</span> <span class='ocrx_word' id='word_1_782' title='bbox 2319 5305 2688 5386; x_wconf 66' lang='grc' dir='ltr'>ὶκπορεύεσθαι</span> <span class='ocrx_word' id='word_1_783' title='bbox 2747 5305 2868 5364; x_wconf 85' lang='grc' dir='ltr'>κατ’</span> <span class='ocrx_word' id='word_1_784' title='bbox 2897 5308 3023 5366; x_wconf 72' lang='grc' dir='ltr'>αὐτὸ</span> <span class='ocrx_word' id='word_1_785' title='bbox 3064 5305 3460 5389; x_wconf 80' lang='grc' dir='ltr'>δεδογμάτικεν,</span> <span class='ocrx_word' id='word_1_786' title='bbox 3517 5309 3694 5390; x_wconf 81' lang='grc' dir='ltr'>ὥσπερ</span> <span class='ocrx_word' id='word_1_787' title='bbox 3767 5307 3873 5369; x_wconf 68' lang='grc' dir='ltr'>οὐδ’</span> <span class='ocrx_word' id='word_1_788' title='bbox 3916 5309 3969 5365; x_wconf 67' lang='grc' dir='ltr'>ἂν</span> 
     </span>
    </p>
   </div>
   <div class='ocr_carea' id='block_1_113' title="bbox 605 5393 3969 5478">
    <p class='ocr_par' dir='ltr' id='par_1_113' title="bbox 605 5393 3969 5478">
     <span class='ocr_line' id='line_1_113' title="bbox 605 5393 3969 5478; baseline -0.001 -22"><span class='ocrx_word' id='word_1_789' title='bbox 605 5413 724 5464; x_wconf 80' lang='grc' dir='ltr'>τοῖς</span> <span class='ocrx_word' id='word_1_790' title='bbox 781 5398 997 5463; x_wconf 78' lang='grc' dir='ltr'>λοιποῖς</span> <span class='ocrx_word' id='word_1_791' title='bbox 1054 5394 1260 5457; x_wconf 72' lang='grc' dir='ltr'>οἷκείοις</span> <span class='ocrx_word' id='word_1_792' title='bbox 1317 5394 1529 5472; x_wconf 79' lang='grc' dir='ltr'>ῥητοῖς⁹</span> <span class='ocrx_word' id='word_1_793' title='bbox 1579 5393 1724 5460; x_wconf 78' lang='grc' dir='ltr'>ὅσοις</span> <span class='ocrx_word' id='word_1_794' title='bbox 1775 5398 1945 5456; x_wconf 78' lang='grc' dir='ltr'>εἰπεῖν</span> <span class='ocrx_word' id='word_1_795' title='bbox 2015 5397 2144 5478; x_wconf 75' lang='grc' dir='ltr'>ἔφθη</span> <span class='ocrx_word' id='word_1_796' title='bbox 2203 5398 2318 5478; x_wconf 80' lang='grc' dir='ltr'>περὶ</span> <span class='ocrx_word' id='word_1_797' title='bbox 2387 5403 2481 5454; x_wconf 87' lang='grc' dir='ltr'>τοῦ</span> <span class='ocrx_word' id='word_1_798' title='bbox 2547 5396 2875 5470; x_wconf 73' lang='grc' dir='ltr'>Πνεῦματος.</span> <span class='ocrx_word' id='word_1_799' title='bbox 2925 5399 3022 5458; x_wconf 76' lang='grc' dir='ltr'>Καὶ</span> <span class='ocrx_word' id='word_1_800' title='bbox 3076 5397 3262 5457; x_wconf 78' lang='grc' dir='ltr'>λοιπὸν</span> <span class='ocrx_word' id='word_1_801' title='bbox 3311 5399 3378 5456; x_wconf 77' lang='grc' dir='ltr'>τὰ</span> <span class='ocrx_word' id='word_1_802' title='bbox 3404 5399 3504 5466; x_wconf 81' lang='grc' dir='ltr'>τῆς</span> <span class='ocrx_word' id='word_1_803' title='bbox 3547 5397 3842 5464; x_wconf 68' lang='grc' dir='ltr'>ἂνστάσεως</span> <span class='ocrx_word' id='word_1_804' title='bbox 3870 5404 3969 5456; x_wconf 81' lang='grc' dir='ltr'>τῶν</span> 
     </span>
    </p>
   </div>
   <div class='ocr_carea' id='block_1_114' title="bbox 611 5482 2721 5566">
    <p class='ocr_par' dir='ltr' id='par_1_114' title="bbox 611 5482 2721 5566">
     <span class='ocr_line' id='line_1_114' title="bbox 611 5482 2721 5566; baseline -0.001 -21"><span class='ocrx_word' id='word_1_805' title='bbox 611 5486 996 5566; x_wconf 81' lang='grc' dir='ltr'>ἀντιλεγόντων</span> <span class='ocrx_word' id='word_1_806' title='bbox 1054 5483 1323 5562; x_wconf 78' lang='grc' dir='ltr'>ἀνετράπη</span> <span class='ocrx_word' id='word_1_807' title='bbox 1375 5485 1511 5560; x_wconf 81' lang='grc' dir='ltr'>ἡμῖν</span> <span class='ocrx_word' id='word_1_808' title='bbox 1581 5485 1934 5564; x_wconf 77' lang='grc' dir='ltr'>παντάπασιν,</span> <span class='ocrx_word' id='word_1_809' title='bbox 1991 5487 2252 5546; x_wconf 74' lang='grc' dir='ltr'>κάνταῦθα</span> <span class='ocrx_word' id='word_1_810' title='bbox 2305 5482 2721 5554; x_wconf 76' lang='grc' dir='ltr'>καταϐέϐληται.</span> 
     </span>
    </p>
   </div>
   <div class='ocr_carea' id='block_1_115' title="bbox 690 5641 1406 5724">
    <p class='ocr_par' dir='ltr' id='par_1_115' title="bbox 690 5641 1406 5724">
     <span class='ocr_line' id='line_1_115' title="bbox 690 5641 1406 5724; baseline -0.008 -13"><span class='ocrx_word' id='word_1_811' title='bbox 690 5647 744 5699; x_wconf 77' lang='grc' dir='ltr'>τί</span> <span class='ocrx_word' id='word_1_812' title='bbox 774 5644 929 5724; x_wconf 76' lang='lat' dir='ltr'>Psal,</span> <span class='ocrx_word' id='word_1_813' title='bbox 988 5656 1275 5720; x_wconf 76' lang='lat' dir='ltr'>Lnxvru,</span> <span class='ocrx_word' id='word_1_814' title='bbox 1305 5641 1406 5705; x_wconf 80' lang='lat'>35.</span> 
     </span>
    </p>
   </div>
  </div>
